4040 6596
453 341 557 409 247

1624 345 1952 408 ΑΝΒΙὶΕίἘ
1991 349 2513 414 (ΞίΕὸΑΒΙΕΝΞΙΒ

3607 343 3713 407 248

453 468 502 513 et
526 474 621 528 ego
649 457 865 512 servabo
896 464 945 512 te
970 454 1050 512 'ab
1099 457 1230 512 hora
1286 457 1615 524 tentationis,
1649 474 1768 530 quae
1812 470 2018 515 uenturi

2139 463 2300 535 κάγώ
2321 481 2396 519 σε
2421 463 2666 533 τηρήσω
2700 461 2767 516 ἐκ
2797 460 2906 529 τῆς
2925 458 3080 530 ὥρας
3112 460 3219 516 τοῦ
3243 458 3580 529 πειρασμοῦ
3601 457 3711 526 τῆς

450 559 529 604 est
563 552 617 604 in
646 554 820 606 orbem
858 551 1174 615 universum,
1199 559 1401 606 tentare
1435 551 1734 606 habitantes
1785 553 1838 606 in
1863 561 2025 607 terra.

453 641 590 696 Ecce
625 643 768 696 venio
802 642 905 696 cito
931 657 950 697 :
1007 650 1118 698 tene
1144 643 1284 713 quod
1309 643 1490 710 habes,
1533 653 1590 698 ut
1621 660 1770 698 nemo
1797 647 2026 715 accipiat

452 748 702 789 coronam
726 744 895 788 tuam.

526 906 856 967 Tentationis
885 913 1072 968 harant
1113 923 1208 970 aut
1252 929 1450 971 saevam
1510 916 1804 986 impiorum
1844 928 2030 990 tyran-

449 1015 672 1067 norum,
704 1006 795 1073 qui
835 1005 986 1061 urbis
1031 1007 1290 1063 Romana:
1339 1007 1552 1063 clavum
1607 1019 1721 1064 tum
1770 1012 2028 1082 temporis

451 1094 728 1163 tenebant,
761 1099 1022 1154 adversus
1056 1098 1399 1155 Christianos
1441 1101 1879 1170 persecutionem
1928 1119 2028 1174 ap-

2128 557 2489 626 μελλούσης
2520 555 2801 624 ἔρχεσθαι
2839 554 2937 608 ἐπὶ
2984 553 3102 623 τὴν
3126 552 3492 622 οἰκουμένην
3537 551 3712 618 ὅλην,

2135 646 2412 718 πειρᾶσαι
2454 647 2599 714 τοὺς
2648 645 3081 712 κατοικοῦντας
3112 645 3213 699 ἐπὶ
3246 645 3357 713 τῆς
3397 643 3530 715 γῆς.
3574 646 3714 711 Ἕρ-

2134 756 2310 809 χομαι
2333 741 2488 810 ταχύ
2505 757 2518 772 ·
2547 738 2748 809 κράτει
2769 740 2801 794 ὃ
2832 739 3016 810 ἔχεις.
3043 738 3144 792 ἵνα
3175 737 3388 808 μηδείς
3415 736 3571 805 λάϐῃ
3604 737 3714 788 τὸν

2133 832 2447 902 στέφανόν
2474 846 2610 886 σου.
3732 896 3738 905 ε

2208 927 2328 995 Τὴν
2369 924 2532 996 ὥραν
2562 925 2632 979 δὲ
2668 925 2777 980 τοῦ
2823 925 3187 995 πειρασμοῦ,
3243 924 3355 977 είτε
3399 921 3475 988 ὡς
3514 920 3712 976 αὐτίκα

2135 1018 2333 1093 [μάλα]
2367 1020 2771 1092 παρεσομένην,
2795 1018 2896 1090 τὴν
2927 1018 3049 1076 ,τῶν
3085 1016 3299 1082 ἀσεϐῶς
3345 1015 3448 1086 τῆς
3486 1015 3712 1087 Ῥώμης

2133 1113 2499 1182 τοτηνικαῢτα
2523 1111 2965 1183 βασιλευσάντων
2983 1111 3124 1165 κατὰ
3150 1109 3494 1181 Χριστιανῶν
3525 1108 3709 1173 δίωξιν

451 1184 614 1252 pellat
647 1204 661 1241 :
692 1203 753 1240 ea
788 1189 936 1243 enim
970 1190 1082 1259 jam
1118 1198 1229 1244 tum
1261 1205 1372 1261 prae
1431 1191 1642 1246 foribus
1702 1193 1966 1262 urgebat;
1996 1209 2018 1248 a

2129 1205 2394 1277 εἴρηκεν·
2450 1201 2519 1277 ἦς
2571 1204 2901 1276 λυτροῦσθαι
2951 1203 3122 1273 αὐτὴν
3176 1202 3573 1273 ἐπαγγέλλεται
3601 1220 3616 1234 ο
3673 1201 3707 1273 ἢ

449 1292 555 1346 qua
585 1293 644 1332 se
671 1279 816 1334 illam
845 1281 1200 1337 liberaturum
1244 1283 1470 1353 spondet
1509 1303 1522 1338 :
1559 1293 1655 1338 aut
1705 1299 1825 1340 eam
1882 1292 2018 1340 certe

2134 1297 2232 1370 τὴν
2259 1300 2354 1351 ἐπὶ
2386 1298 2666 1370 συντελείᾳ
2685 1299 2779 1352 τοῦ
2808 1297 3004 1361 αἰῶνος
3035 1296 3383 1365 παγκὸσμιον
3427 1295 3572 1349 κατὰ
3601 1294 3710 1347 τῶν

450 1381 854 1442 tempestatem,
883 1391 1048 1444 quam
1085 1375 1456 1432 Antichristus
1489 1377 1591 1432 sub
1635 1377 1796 1432 ﬁnem
1842 1379 2018 1434 sareuli

2133 1391 2342 1445 πιστῶν
2407 1393 2502 1444 τοῦ
2560 1391 2937 1464 ςΛντιχρίστου
2993 1390 3207 1459 κίνησιν
3255 1390 3428 1458 λέγει,
3478 1387 3584 1461 [ἐξ]
3642 1383 3711 1460 ἦς

447 1475 636 1519 ι-οιιιιιι
666 1467 872 1522 Christi
899 1467 1081 1524 ﬁdeles
1108 1485 1203 1538 per
1238 1471 1555 1527 universum
1585 1473 1846 1527 mundum
1874 1472 2018 1528 exci-

2131 1486 2453 1557 ὲλευθεροῦν
2495 1487 2622 1549 τοὺς
2658 1485 2905 1554 ζηλωτὰς
2945 1485 3114 1552 αὐτῆς
3182 1484 3544 1554 ὑπισχνεῖται,
3577 1497 3712 1562 προ-

447 1559 581 1612 tabit
609 1576 621 1612 :
651 1575 716 1613 ex
739 1576 844 1629 qua
903 1561 1155 1617 Christus
1196 1561 1461 1618 Dominus
1526 1571 1823 1618 sectatores
1874 1579 2018 1631 suosI

2130 1576 2612 1646 αναρπαζομένους
2640 1577 2729 1631 διὰ
2757 1577 2856 1648 τῆς
2878 1575 3131 1629 ἐντεῦθεν
3161 1575 3498 1638 ἀναλύσεως,
3524 1575 3609 1627 ἵνα
3635 1572 3710 1643 μὴ

446 1665 513 1703 ne
543 1663 706 1721 Supra
739 1655 880 1708 vires
906 1661 1206 1718 tenteutur,
1238 1670 1360 1710 sese
1389 1665 1707 1725 erepturum
1733 1657 2018 1726 promittit,

2130 1667 2501 1738 πειρασθῶσιν
2572 1668 2710 1741 ὑπὲρ
2760 1668 2789 1722 ὃ
2834 1668 3108 1723 δύνανται.
3165 1667 3364 1730 Καλῶς
3410 1667 3467 1720 δέ
3519 1683 3708 1736 φησιν·

444 1741 558 1795 sive
590 1759 684 1812 per
707 1744 958 1814 corporis
988 1745 1412 1801 dissolutionem
1448 1759 1572 1803 ante
1631 1749 1763 1803 illud
1811 1758 2018 1820 tempus

2133 1759 2423 1829 Ἔρχομαι
2449 1761 2601 1829 ταχύ
2624 1778 2638 1792 ⁸
2677 1761 2816 1831 μετὰ
2840 1759 2950 1834 γὰρ
2982 1761 3083 1830 τὴν
3111 1761 3291 1830 θλίψιν
3324 1760 3436 1813 τῶν
3479 1758 3708 1834 ῄμερῶν

441 1849 472 1887 e
501 1833 680 1889 medio
710 1836 830 1892 illos
864 1839 1035 1902 tollat,
1063 1839 1181 1896 sive
1213 1841 1318 1894 alia
1351 1840 1437 1895 via
1462 1849 1515 1894 et
1561 1841 1774 1897 ratione
1805 1842 1874 1896 ab
1909 1841 2018 1896 im-

2133 1825 2359 1906 ὲκείνων
2389 1825 2611 1920 εὐθέως,
2650 1825 2771 1927 [ῶς]
2824 1825 3069 1925 enormi}
3114 1825 3318 1925 Κύριος
3374 1825 3656 1904 ὲλεῦσεται
3689 1865 3706 1882 ⁸

443 1927 700 1997 pendenti
741 1932 982 2000 periculo
1016 1934 1235 1988 eosdem
1291 1935 1508 2004 eripiat.
1550 1936 1808 2004 Apposite
1837 1945 2018 1992 autem

2131 1944 2212 2000 διὸ
2243 1948 2533 2017 παρεγγυᾷ
2573 1948 2846 2018 κρατῆσαι
2891 1947 2984 2000 τὸν
3013 1946 3289 2018 θησαυρὸν
3319 1947 3422 2017 τῆς
3467 1943 3705 2003 πίστεως

442 2019 594 2084 dicit,
632 2019 764 2076 Ecce
814 2026 960 2078 venio
993 2027 1098 2080 cito
1128 2042 1146 2080 :
1187 2026 1455 2096 siquidem
1487 2037 1607 2097 post
1640 2028 1850 2082 dierum
1902 2031 2018 2085 illo-

2126 2036 2344 2102 ἄσυλον,
2370 2037 2457 2091 ἵνα
2494 2039 2568 2109 μή
2599 2055 2680 2102 τις
2717 2038 2960 2109 ἀπολέσῃ
2985 2038 3079 2092 τὸν
3116 2038 3219 2106 τῆς
3251 2035 3533 2109 ὑπομονῆς
3575 2033 3702 2088 στέ-

439 2128 561 2168 rum
589 2115 956 2186 alllictionem,
991 2127 1051 2173 ut
1080 2119 1133 2173 in
1186 2118 1497 2190 Evangeliis
1547 2120 1804 2192 legimus,
1838 2120 2013 2177 Judox

439 2315 663 2372 tamque
688 2305 818 2360 deut
849 2306 1092 2361 sedulam
1137 2324 1203 2361 ne
1231 2309 1501 2377 patientia:
1529 2325 1790 2365 coronam
1822 2313 2096 2371 amittant.

512 2391 598 2460 Ill,
632 2395 720 2450 12.
773 2396 878 2462 Qui
917 2397 1124 2462 vicerit,
1171 2399 1369 2468 faciam
1423 2400 1576 2454 illum
1630 2401 1932 2456 columnam
1972 2405 2027 2458 in

441 2489 632 2558 templo
675 2487 770 2543 Dei
790 2490 909 2555 mei,
944 2498 994 2543 et
1021 2491 1166 2559 foras
1187 2508 1290 2546 non
1304 2493 1603 2562 egredietur
1629 2496 1881 2564 amplius.

511 2581 677 2636 Recte
718 2581 872 2636 illud.
904 2581 1040 2637 Nam
1077 2585 1169 2654 qui
1201 2585 1548 2640 adversar-ias
1607 2594 1904 2656 potestates
1929 2588 2022 2643 de-

2208 2409 2272 2464 '0
2325 2411 2532 2476 νικῶν,
2564 2412 2798 2482 ποιήσω
2837 2414 3026 2467 αὐτὸν
3058 2413 3293 2467 στύλον
3332 2411 3406 2466 ἐν
3447 2410 3528 2476 τῷ
3577 2407 3702 2478 ναῷ

2125 2501 2233 2556 τοῦ
2270 2503 2422 2558 Θεοῦ
2437 2521 2582 2573 μου,
2616 2505 2714 2558 καὶ
2737 2504 2854 2568 ἔξω
2883 2507 2956 2559 οὐ
2975 2505 3063 2573 μὴ
3091 2503 3308 2573 ἐξέλθῃ
3337 2503 3448 2558 ἔτι.

2210 2595 2454 2660 Εἰκότως
2485 2595 2564 2667 [δὲ
2610 2591 2732 2649 εἷπε
2765 2597 2994 2668 ποιῆσαι
3017 2598 3115 2650 τὸν
3146 2596 3386 2651 νικῶντα
3424 2595 3622 2649 στύλον
3645 2594 3704 2649 ὲν

440 2673 747 2739 bcllaverit,
774 2675 1028 2730 columna
1048 2687 1099 2732 et
1119 2679 1522 2733 lirmamentum
1543 2676 1799 2734 Ecclesia:
1813 2681 2018 2735 consti-

2121 2687 2199 2758 τῷ
2221 2687 2334 2760 ναῷ
2355 2687 2449 2742 τοῦ
2470 2689 2655 2760 Θεοῦ].
2689 2689 2747 2743 '0
2763 2688 2874 2762 γὰρ
2896 2690 3123 2760 νικητὴς
3145 2689 3256 2742 τῶν
3276 2688 3535 2742 ἐναντίων
3549 2687 3704 2740 δυνά-

441 2765 633 2828 tuitur,
671 2773 860 2836 utpote
889 2767 1374 2838 immotum,juxta
1408 2770 1654 2840 Apostoli
1681 2770 2018 2840 doctrinam,

439 2856 856 2914 fundamentum
889 2859 943 2914 in
977 2861 1066 2915 illa
1103 2860 1330 2917 habens.

507 3043 596 3110 Ill,
635 3044 724 3100 12.
756 3044 820 3098 Et
857 3047 1086 3100 scribam
1108 3062 1264 3112 super
1293 3062 1410 3101 eum
1456 3065 1644 3103 nomen
1697 3049 1794 3105 Dei
1822 3051 1945 3116 mei,
1968 3062 2020 3107 et

2125 2801 2293 2854 μεων,
2339 2782 2532 2846 στύλος
2566 2784 2660 2836 καὶ
2701 2783 2985 2854 ἑδραίωμα
3040 2783 3139 2854 τῆς
3184 2781 3515 2852 Ἐκκλησίας
3572 2781 3702 2833 καθ-

2123 2876 2358 2942 ίσταται,
2379 2875 2634 2946 ἀκίνητον
2663 2878 2720 2930 ὲν
2748 2876 2884 2947 αὐτῇ
2918 2875 3018 2946 τὴν
3042 2875 3198 2946 βάσιν
3227 2874 3388 2944 ἔχων,
3430 2872 3574 2927 κατὰ
3608 2873 3700 2925 τὸν

2121 2965 2311 3040 [θεῖον]
2366 2969 2424 3022 Ἀ
2432 2969 2709 3023 πόστολον.

2190 3060 2303 3114 Καὶ
2335 3059 2541 3130 γράψω
2569 3059 2665 3114 ἐπ’
2682 3059 2871 3114 αὑτὸν
2898 3059 2964 3113 τὸ
2996 3058 3190 3127 ὄνομα
3233 3057 3340 3112 τοῦ
3373 3056 3522 3110 Θεοῦ
3555 3071 3698 3124 μου,

433 3153 617 3191 nomen
651 3138 880 3192 civitatis
915 3138 1008 3192 Dei
1035 3139 1133 3194 mei
1156 3155 1298 3194 nocte
1316 3138 1641 3207 Jerusalem,
1661 3159 1778 3212 qua:
1803 3143 2016 3199 descen-

2123 3150 2221 3205 καὶ
2249 3150 2314 3206 τὸ
2345 3151 2533 3220 ὄνομα
2560 3150 2668 3218 τῆς
2698 3152 2932 3216 πόλεως
2967 3148 3075 3204 τοῦ
3105 3148 3254 3203 Θεοῦ
3279 3165 3397 3216 μου
3425 3145 3538 3214 τῆς
3568 3161 3699 3199 και-

431 3233 510 3285 dit
544 3233 607 3286 de
636 3233 766 3286 ca’lo
795 3250 825 3284 a
861 3228 966 3286 Deo
991 3248 1136 3296 meo;
1175 3244 1220 3288 et
1252 3248 1436 3289 nomen
1469 3252 1641 3288 meum
1673 3252 1882 3292 norunt.

505 3407 612 3480 16
642 3408 696 3462 lu
730 3409 915 3475 corde,
958 3409 1156 3480 inquit,
1203 3411 1473 3480 ejusmodi
1531 3413 1802 3468 columna:
1847 3416 2014 3470 divini

431 3502 1044 3574 no:ninissnpermeque
1065 3502 1368 3560 Jerusalem
1391 3506 1638 3560 notitiam
1667 3506 1964 3563 inscribam
1995 3525 2012 3574 ;

431 3609 543 3666 quo
573 3595 1060 3666 pulchritudinem,
1094 3612 1216 3667 quae
1244 3597 1307 3651 in.
1328 3597 1443 3668 ipsa
1469 3597 1708 3665 exsistit,
1754 3599 2015 3669 spiritali-

429 3688 535 3744 bus
601 3689 775 3744 oculis
827 3689 1159 3744 consideret.
1224 3689 1290 3744 Et
1366 3705 1551 3744 nomen
1595 3690 1780 3745 itidem
1842 3709 2013 3747 meum

427 3792 641 3845 novum,
672 3777 818 3850 quod
851 3781 904 3834 in
939 3779 1122 3834 futuro
1154 3781 1356 3835 saeculo
1399 3779 1542 3835 inter
1568 3791 1790 3837 sanctos
1821 3798 2010 3852 perce-

427 3869 577 3926 lebre
609 3873 734 3926 crit.
767 3868 1006 3927 Verbum
1035 3882 1216 3928 autem
1279 3880 1634 3942 posteaquam
1671 3872 1808 3928 citra
1843 3874 2010 3928 ullam

429 3966 515 4020 sui
541 3966 897 4019 mutationem
927 3979 1058 4020 caro
1091 3963 1261 4019 semel
1289 3972 1480 4019 nostra
1541 3980 1704 4020 causa
1750 3966 2002 4022 effectum

427 4065 533 4121 cst,
568 4067 833 4126 suscepta:
862 4056 1192 4110 humanitati
1223 4070 1531 4112 sermonem
1561 4057 1886 4123 admetiens,
1909 4059 2008 4112 hu-

427 4163 700 4219 manoque
723 4162 874 4202 more
895 4147 1147 4217 loquens,
1167 4147 1443 4203 caelestem
1466 4147 1681 4203 Patrem
1713 4149 1877 4203 Deum
1908 4165 2005 4219 ap-

427 4244 592 4313 pellat
612 4260 790 4298 suum.
835 4241 1132 4297 Jerusalem
1164 4253 1344 4298 autem
1371 4261 1397 4298 e
1425 4246 1663 4312 supernis
1695 4245 2008 4298 descendere

424 4338 645 4400 dicitur,
676 4336 945 4405 siquidem
975 4336 1157 4390 divina
1191 4337 1430 4408 cognitio
1445 4337 1515 4391 ab
1546 4339 1756 4408 angelis
1783 4353 2003 4402 exorsa,

423 4436 574 4480 certo
605 4428 841 4497 quodam
883 4427 1097 4493 ordine,
1137 4428 1202 4481 ad
1233 4428 1483 4483 homines
1511 4443 1683 4495 usque
1723 4427 2001 4496 pertingit.

421 4516 526 4574 Per
550 4519 829 4574 Christum
864 4535 1100 4590 namque
1123 4530 1287 4591 caput
1312 4528 1560 4575 nostrum
1611 4518 1662 4572 hi
1701 4529 1752 4572 et
1787 4519 1859 4572 illi
1915 4521 1999 4572 iu-
2038 4509 2081 4564 Ι)

421 4623 503 4666 ter
526 4627 585 4666 se
617 4611 849 4667 invicem
883 4613 993 4684 apti
1031 4622 1177 4668 sunt.

495 4704 689 4771 Ill,15.
730 4707 838 4770 Qui
866 4706 1021 4760 habet
1049 4722 1229 4771 aures,
1261 4705 1449 4759 audiat
1481 4701 1611 4774 quid
1641 4700 1880 4772 Spiritus
1911 4703 1997 4756 di-

418 4806 503 4853 cat
562 4797 832 4855 Ecclesiis.

487 4891 803 4946 Istiusmodi
826 4905 1012 4946 aurem
1047 4899 1103 4946 ut
1128 4900 1182 4945 et
1209 4905 1308 4944 nos
1339 4904 1777 4958 consequamur,
1813 4893 1993 4961 preci-

416 4987 521 5044 bus
551 4987 620 5043 ad
654 4987 824 5043 Deum
855 4988 995 5045 fusis
1025 4986 1296 5043 indelesse
1334 4985 1754 5042 contendamus.

1030 5121 1259 5179 CAPUT
1286 5121 1378 5178 IX.

415 5241 613 5308 Qualia
636 5217 1045 5295 Laodicensium
1066 5237 1318 5360 Eccle‘siae
1351 5235 1538 5306 angelo
1561 5235 1860 5305 signiﬁcata
1873 5237 1991 5307 fue-

1123 5323 1207 5360 rin
1236 5345 1251 5360 .

1123 5323 1251 5362 νιιιι.

485 5450 570 5515 lll,
602 5451 689 5505 Η.
745 5449 810 5502 Ει
841 5447 1025 5519 angelo
1058 5445 1303 5501 Laodich
1333 5445 1582 5500 Ecclesia:
1621 5447 1786 5499 scribe
1807 5462 1826 5501 :
1861 5446 1988 5502 Ilazc

411 5543 540 5599 dicit
566 5547 754 5605 Anim,
785 5540 928 5595 testis
957 5539 1130 5608 ﬁdelis
1165 5551 1214 5594 et
1248 5557 1420 5607 verus,
1450 5540 1540 5610 qui
1564 5551 1640 5596 est
1668 5540 1986 5609 principium

410 5646 672 5692 creatura,
711 5634 827 5687 Dei.

482 5725 791 5783 Fidelitatis
820 5737 955 5778 voce
980 5722 1185 5778 Christi
1212 5725 1414 5781 veritas
1465 5725 1568 5782 hoc
1597 5725 1714 5781 loco
1746 5726 1984 5782 insinua-

411 5828 502 5878 tur
532 5838 545 5876 :
577 5825 671 5874 aut
733 5816 935 5882 verius,
970 5816 1120 5872 illum
1151 5833 1272 5875 esse
1335 5819 1629 5891 ipsummet
1659 5822 1843 5887 Amen,
1900 5820 1984 5877 v'el
2077 5887 2092 5897 _

2121 3243 2238 3312 γῆς
2281 3242 2698 3311 Ἰερουσαλὴμ,
2728 3241 2766 3310 ἢ
2798 3241 3143 3296 καταϐαίνει
3185 3240 3252 3292 ἐκ
3283 3237 3390 3292 τοῦ
3433 3236 3698 3307 cupa-ro?)

2120 3336 2239 3391 ἀπὸ
2266 3336 2371 3390 τοῦ
2407 3335 2555 3390 Θεοῦ
2578 3353 2698 3405 μου
2732 3353 2744 3367 ·
2783 3339 2884 3389 καί
2905 3335 2968 3388 τὸ
3003 3332 3191 3404 ὄνομά
3205 3350 3326 3402 μου
3357 3331 3424 3384 τὸ
3457 3332 3690 3386 καινόν.

2204 3422 2336 3500 [Καὶ
2359 3425 2566 3496 γράψω
2603 3426 2696 3479 ἐπ’
2720 3427 2907 3480 αὑτὸν
2938 3425 3004 3481 τὸ
3032 3426 3218 3494 ὄνομα
3255 3424 3362 3479 τοῦ
3383 3425 3532 3478 Θεοῦ
3549 3441 3690 3494 μου.

2117 3550 2186 3561 —-
2205 3517 2336 3592 Καὶ]
2358 3521 2451 3574 ἐπὶ
2476 3520 2574 3591 τὴν
2598 3519 2848 3591 καρδίαν,
2871 3519 3057 3589 φησὶν,
3081 3518 3176 3572 τοῦ
3207 3517 3451 3571 τοιούτου
3497 3516 3693 3570 στόλου

2119 3613 2340 3685 χαράξω
2366 3611 2464 3683 τὴν
2492 3613 2695 3681 γνῶσιν
2721 3611 2810 3665 τοῦ
2843 3612 2986 3665 θείου
3009 3612 3292 3681 ὀνόματος,
3330 3612 3426 3663 καὶ
3459 3609 3557 3680 τῆς
3585 3609 3698 3662 ἅνω

2129 3705 2196 3758 Ἰε
2205 3722 2299 3774 ρου
2309 3703 2440 3774 σαλὴ
2449 3721 2489 3774 μ
2512 3719 2524 3733 ·
2556 3701 2643 3757 ἵνα
2671 3703 2752 3774 ἴδῃ
2770 3704 2834 3756 τὰ
2855 3704 2912 3754 ὲν
2935 3703 3073 3774 αὐτῇ
3089 3702 3260 3771 κάλλη
3279 3703 3392 3764 τοῖς
3417 3700 3510 3754 τοῦ
3530 3700 3696 3753 πνεύ-

2119 3813 2290 3867 ματος
2311 3796 2521 3866 ὄμμασι
2544 3812 2558 3826 ο
2589 3795 2685 3848 καὶ
2716 3794 2782 3848 τὸ
2833 3793 3046 3846 καινόν
3079 3810 3201 3861 μου
3241 3791 3450 3861 ὄνομα,
3485 3792 3545 3843 τὸ

2116 3889 2228 3948 τοῖς
2269 3885 2444 3956 ἁγίοις
2478 3889 2534 3940 ὲν
2567 3885 2646 3958 τῷ
2703 3885 2952 3956 μέλλοντι
2995 3883 3199 3956 [αἰῶνι]
3263 3883 3691 3953 γνωριζόμενον.

2115 3980 2186 4033 Τὸ
2213 3979 2293 4044 δὲ,
2319 3980 2466 4033 Θεοῦ
2495 3997 2634 4048 μου,
2679 3978 3036 4047 ἀνθρωπίνως
3071 3979 3201 4047 περὶ
3239 3975 3334 4028 τοῦ
3363 3975 3577 4046 Πατρὸς
3613 3977 3690 4026 εἰ-

2115 4089 2306 4143 ρηκεν,
2331 4072 2406 4136 ὡς
2439 4072 2575 4141 σὰρξ
2595 4071 2662 4124 δι’
2684 4072 2831 4141 ἡμᾶς
2859 4069 3150 4143 ἀτρέπτως
3169 4069 3480 4139 γενόμενος.
3509 4069 3693 4121 Ἀνω-

2113 4168 2218 4219 θεν
2246 4165 2303 4216 δὲ
2343 4165 2382 4233 ἡ
2421 4163 2822 4232 Ἰερουσαλὴμ
2869 4161 3211 4215 καταϐαίνει
3236 4177 3250 4192 ⁸
3283 4161 3348 4213 ὲκ
3380 4160 3480 4230 μὲν
3523 4160 3691 4228 ἀγγέ-

2110 4256 2217 4308 λων
2257 4255 2572 4327 ἀρξαμένης
2601 4255 2701 4323 τῆς
2722 4254 2873 4315 θείας
2898 4251 3176 4322 γνώσεως,
3206 4252 3401 4322 μέχρις
3431 4251 3593 4321 ἡμῶν
3625 4251 3682 4304 δὲ

2109 4346 2552 4416 καταντησάσης,
2580 4343 2964 4412 συναφθέντων
3001 4341 3267 4413 ,ἀλλήλοις
3309 4341 3398 4394 διὰ
3445 4339 3685 4412 Χριστοῦ

2109 4441 2208 4506 τῆς
2240 4437 2481 4508 κεφαλῆς
2507 4437 2686 4507 ἡμῶν.

2196 4703 2248 4756 Ὁ
2305 4703 2463 4771 ἔχων
2503 4697 2633 4768 οὖς,
2669 4699 2988 4756 ἀκουσάτω
3038 4700 3095 4753 τί
3133 4700 3200 4754 τὸ
3234 4697 3479 4769 Πνεῦμα
3521 4700 3686 4770 ⁸ῖὲγει

2107 4795 2238 4862 ταῖς
2273 4795 2676 4863 Ἐκκλησίαις.

2198 4885 2296 4960 ['0
2325 4885 2484 4955 ἔχων
2513 4881 2642 4951 οὖς,
2671 4885 3038 4956 ἀκουσάτω.]
3071 4916 3141 4925 —
3167 4883 3370 4938 Τούτου
3401 4884 3495 4937 τοῦ
3515 4884 3684 4940 ὠτίου

2106 4982 2200 5035 καὶ
2231 4982 2392 5051 ἡμεῖς
2417 4982 2600 5050 τυχεῖν
2629 4977 2937 5048 εὐξώμεθα.

2704 5119 2957 5172 ΚΕΦΑΛ.
2990 5115 3064 5172 9'.

2106 5238 2181 5292 Τὰ
2212 5233 2559 5304 δηλωθέντα
2597 5231 2746 5300 πρὸς
2770 5230 2869 5304 τὸν
2904 5229 3016 5297 τῆς
3047 5230 3384 5284 Λαοδικέων
3435 5231 3680 5300 Ἐκκλη-

2665 5304 2806 5368 σίας
2827 5301 3106 5370 ἄγγελον.

2168 5445 2275 5500 Καὶ
2307 5442 2388 5509 τῷ
2434 5439 2666 5510 ἀγγέλῳ
2716 5437 2826 5507 τῆς
2855 5437 2924 5490 ἐν
2954 5435 3268 5502 Λαοδικε’ςι
3312 5436 3679 5504 Ἐκκιιησίάς

2098 5538 2334 5608 invader
2369 5553 2382 5566 ·
2419 5533 2569 5588 Τάδε
2595 5532 2757 5600 λέγει
2784 5531 2817 5583 ό
2854 5528 3052 5597 Ἀμὴν,
3084 5531 3116 5582 ὀ
3139 5527 3432 5595 μάρτυςό
3459 5528 3680 5593 πιστὸς

2096 5631 2195 5685 καὶ
2250 5624 2560 5695 ἀληθινὸς,
2591 5624 2629 5690 ἠ
2683 5619 2841 5689 ἀρχὴ
2904 5619 3012 5687 τῆς
3050 5620 3299 5684 κτίσεως
3341 5617 3448 5670 τοῦ
3499 5617 3672 5672 Θεοῦ.

2170 5721 2280 5774 Καὶ
2305 5720 2395 5772 διὰ
2425 5715 2520 5770 τοῦ
2565 5713 2759 5767 πιστοῦ
2793 5714 2824 5781 ἡ
2862 5713 3086 5783 ἀλήθεια
3133 5709 3224 5763 τοῦ
3273 5709 3511 5780 Χριστοῦ
3562 5709 3674 5761 δεί-

2097 5831 2310 5872 κνυται¹
2346 5810 2550 5883 μᾶλλον
2580 5807 2637 5862 δὲ
2657 5808 2738 5861 ὅτι
2766 5805 2926 5871 αὐτὸς
2954 5803 3395 5874 οὑσιὼδηςῒστὶν
3418 5801 3672 5870 ἀλήθεια.
