4040 6592
343 383 440 448 Ξω

1284 391 1894 455 COMMENTARIUS
1929 389 2011 453 IN
2052 390 2577 454 APOCALYPSIN.

3479 395 3592 462 950

355 497 514 566 Ἅρχὴ
543 493 620 568 [δὲ
654 496 768 566 τῆς
795 499 1052 564 κτίσεως
1145 497 1268 552 ἀντὶ
1315 501 1435 566 τοῦ,
1470 502 1728 572 βασιλεία
1754 521 1769 534 ο
1810 503 1896 557 καλ

2012 501 2342 570 ipsissimam
2401 502 2683 556 veritatem
2735 516 2831 572 per
2871 503 3192 567 essentiam.
3243 505 3346 560 hac
3403 510 3588 577 phrasi

341 590 473 662 ἀρχή
501 589 739 654 πάντων,
767 590 843 654 ὡς
872 589 981 644 τῶν
1005 591 1325 661 κτισμάτων
1344 594 1701 659 δεσπόζουσα.
1747 596 1801 648 Ἀ
1813 597 1914 668 ρχὴ

2021 592 2318 650 indicatur.
2345 591 2582 647 Vocatur
2613 602 2794 648 autem
2814 606 3072 650 creatum
3091 597 3436 666 principium,
3461 601 3589 668 quia

341 681 443 750 γὰρ
492 679 631 752 [τῆς]
683 682 918 747 κτξσεως
988 683 1022 753 ὴ
1076 685 1536 756 προκαταρκτικὴ
1611 685 1762 738 αἰτία
1819 686 1896 738 καί

2015 692 2099 738 est
2125 685 2490 754 primordialis
2520 694 2573 739 et
2604 685 2845 742 increata
2875 687 3120 756 eiusdem
3151 705 3368 744 causa-:
3406 692 3490 744 vel
3519 694 3590 745 ob

343 775 608 836 ἄκτιστος.

411 950 546 1006 Οἷδὰ
590 968 707 1008 σου
745 956 817 1008 τὰ
863 957 1034 1025 épra'
1075 955 1166 1010 ὅτι
1215 957 1354 1010 οὔτε
1388 957 1624 1026 ψυχρὸς
1663 953 1736 1023 εἷ,
1774 959 1912 1012 οὐτε

346 1045 536 1108 ζεστὸς
592 1044 704 1118 [ὅτι
755 1049 1003 1114 χλιαρὸς
1030 1044 1129 1120 ei].
1171 1048 1442 1117 Ὄφελον
1485 1049 1724 1117 ψυχρὸς
1753 1045 1828 1118 ἧς
1871 1050 1909 1118 ἣ

345 1133 560 1202 ζεστόςῖ
585 1135 783 1202 Οὕτως
822 1139 914 1192 ὅτι
949 1139 1203 1208 χλιαρὸς
1239 1135 1313 1204 εἷ,
1343 1141 1442 1193 καὶ
1483 1141 1621 1194 οὔτε
1679 1139 1907 1208 ζεστὸς,

343 1224 472 1282 οὔτε
498 1231 753 1296 ψυχρός.

407 1321 510 1374 Καὶ
555 1323 583 1374 ὁ
615 1321 876 1390 Θεολόγος
919 1323 1053 1392 φησὶ
1090 1320 1421 1396 Γρηγόριος’
1454 1323 1602 1378 Δέον
1652 1325 1910 1393 ἀκριϐῶς

343 1407 469 1478 ζεῖν,
489 1412 526 1481 ἢ
543 1413 796 1484 ἀκριϐῶς
811 1416 1176 1484 ἀπεψύχθαι.
1201 1414 1440 1480 Εἰκότως
1467 1432 1480 1446 ’
1499 1419 1526 1470 ὁ
1552 1417 1650 1488 μὲν
1675 1418 1782 1488 γὰρ
1803 1417 1908 1488 ψυ-

342 1505 484 1576 χρὸς,
510 1507 603 1558 καὶ
628 1507 726 1578 τῆς
745 1505 971 1578 ζεούσης
1019 1507 1257 1571 πίστεως
1289 1508 1579 1577 ἄγευστος,
1638 1511 1697 1560 ἐν
1731 1510 1906 1563 ἐλπίδι

341 1595 589 1659 πολλάκις
632 1595 782 1650 ἔσται
829 1598 924 1652 τοῦ
986 1601 1173 1668 τυχεῖν
1203 1599 1375 1670 αὐτῆς
1408 1616 1420 1629 ·
1448 1600 1476 1651 ὁ
1511 1600 1567 1652 δὲ
1613 1599 1779 1665 ζέσας
1817 1600 1906 1654 διὰ

337 1684 423 1736 τοῦ
463 1685 842 1756 βαπτίσματος
870 1688 946 1759 τῷ
975 1689 1273 1759 Πνεύματι,
1313 1689 1406 1743 καὶ
1444 1690 1780 1761 ἀποψυχθεὶς
1818 1691 1905 1746 διὰ

339 1777 602 1849 ῥαθυμίαν
643 1781 896 1853 ὕστερον,
927 1783 1105 1854 ἑαυτῷ
1153 1783 1250 1846 τὰς
1297 1783 1523 1845 ἐλπίδας
1576 1784 1674 1853 τῆς
1727 1801 1904 1854 σωτηο

2016 776 2067 829 id
2098 785 2364 831 creatura:
2417 776 2561 848 ἀρχὴ
2611 787 2858 843 vocatur,
2891 782 3019 848 quia
3053 781 3365 836 absolutum
3412 783 3467 836 in
3503 799 3591 838 res

2015 880 2204 920 omnes
2227 865 2517 935 productas
2551 866 2914 937 principatqu
2943 879 3110 924 tenet.

2085 956 2170 1021 Ill,
2207 959 2294 1025 15,
2327 959 2413 1012 16.
2450 957 2572 1012 Scio
2604 976 2762 1028 opera
2795 970 2906 1025 tua,
2946 963 3085 1030 quod
3145 980 3305 1034 neque
3353 966 3585 1037 frigidus

2011 1066 2086 1112 es,
2117 1065 2276 1117 neque
2299 1049 2506 1103 calidus
2537 1063 2560 1104 :
2588 1052 2794 1104 utinam
2850 1052 3073 1121 frigibus
3116 1071 3271 1120 esses,
3313 1067 3407 1111 aut
3455 1057 3590 1111 cali~

2010 1142 2147 1194 dus!
2176 1141 2280 1197 Sed
2319 1144 2443 1214 quia
2488 1144 2691 1211 tepidus
2713 1160 2789 1207 es,
2818 1154 2868 1198 et
2896 1162 2986 1199 nec
3028 1146 3259 1216 frigidus
3310 1165 3401 1203 nec
3454 1151 3588 1203 cali-

2009 1233 2133 1299 dus,
2183 1235 2435 1303 incipiam
2486 1246 2534 1289 te
2559 1236 2788 1290 evomere
2820 1252 2885 1289 ea:
2901 1253 2990 1290 ore
3021 1254 3152 1292 meo.

2081 1327 2218 1379 Cum
2249 1325 2525 1381 hominem
2561 1336 2812 1382 accurate
2837 1329 3038 1396 vivere,
3075 1330 3177 1385 hoc
3201 1339 3304 1395 est,
3335 1331 3415 1385 vel
3441 1332 3575 1386 insi-

2009 1418 2179 1489 gniter
2226 1417 2444 1487 fervere,
2482 1420 2561 1473 vel
2613 1420 2892 1487 insigniter
2920 1421 3110 1490 frigere
3149 1432 3424 1491 Oporteat,
3469 1439 3582 1478 rne-

2009 1509 2114 1563 rito
2142 1507 2650 1579 (inquitGregorius
2683 1509 3010 1582 Theologus)
3031 1512 3194 1566 dicit:
3231 1513 3447 1567 Utinam
3483 1515 3583 1583 fri-

2007 1599 2160 1670 gidus
2183 1609 2274 1654 aut
2303 1601 2534 1669 fervidus
2561 1604 2736 1656 esses!
2766 1601 3044 1672 Siquidem
3094 1605 3187 1674 qui
3240 1607 3463 1661 omnino
3487 1606 3585 1660 ad-

2009 1694 2115 1747 huc
2150 1692 2332 1762 friget,
2360 1695 2462 1746 hoc
2483 1703 2586 1760 est,
2618 1694 2876 1749 ferventis
2903 1695 3024 1749 ﬁdei
3056 1711 3248 1751 exsors
3278 1705 3383 1758 est,
3423 1711 3582 1765 pror-

2006 1797 2101 1838 sus
2132 1799 2282 1854 spem
2317 1783 2444 1838 facit
2474 1784 2586 1838 fore
2617 1795 2676 1839 ut
2704 1801 2824 1839 eam
2857 1787 3148 1856 aliquando
3189 1797 3580 1856 consequatur,

341 1869 452 1938 pia;
495 1871 746 1942 ἐξέκοψε,
771 1874 1075 1940 καταγνοὺς
1133 1875 1230 1944 τῆς
1282 1874 1596 1944 αἱρεθείσης
1643 1876 1896 1937 πίστεως.

2007 1875 2250 1944 adeoque
2279 1889 2343 1928 ex
2392 1873 2586 1943 frigido
2635 1875 2876 1930 fervidus
2904 1878 3140 1930 evadat:
3196 1885 3251 1931 at
3311 1893 3442 1930 vero
3490 1879 3581 1945 qui

343 1957 554 2030 Ἔργοις
595 1962 696 2031 μὲν
723 1962 831 2033 γὰρ
861 1963 962 2016 οὐκ
993 1964 1358 2032 ἁπογνωστέα
1401 1965 1434 2034 ὴ
1484 1965 1715 2034 μεσότης
1746 1980 1761 1996 ·
1791 1964 1900 2016 ῶσ-

339 2066 433 2120 περ
462 2051 489 2104 ό
516 2053 740 2124 ἔννομος
768 2057 961 2125 γάμος,
1001 2055 1166 2127 μέσος
1195 2055 1271 2109 ὢν
1298 2056 1596 2125 παρθενίας
1622 2057 1720 2109 καὶ
1756 2075 1895 2126 ⁴πορ-

337 2142 491 2207 νείας,
519 2146 616 2198 οὐκ
647 2148 971 2218 ἀπόϐλητοςο
1003 2150 1058 2201 ἐν
1087 2148 1142 2201 δὲ
1170 2151 1237 2219 τῇ
1269 2149 1470 2214 πίστει,
1498 2147 1558 2201 τὸ
1603 2149 1770 2219 μέσον
1801 2150 1898 2202 καὶ

336 2235 544 2307 χλιαρὸν
566 2240 846 2309 ἀδόκιμον.

2001 1983 2098 2037 per
2123 1968 2457 2036 baptismum
2509 1969 2701 2036 Spiritu
2760 1968 2999 2024 fervidus
3028 1971 3194 2024 semel
3251 1969 3488 2036 exstitit,
3530 1981 3584 2022 et

2001 2067 2187 2126 postea
2220 2073 2314 2126 per
2345 2059 2612 2127 ignaviam
2646 2058 2898 2127 intepuit,
2938 2059 3028 2112 ille
3053 2059 3248 2112 salutis
3274 2075 3427 2127 spem
3479 2057 3580 2110 sibi

1999 2152 2097 2220 ipsi
2134 2151 2536 2220 quodammodo
2575 2153 2894 2221 amputavit;
2948 2153 3049 2205 lidc
3087 2153 3368 2214 nimirum,
3418 2166 3580 2220 quam

1999 2252 2124 2298 ante
2157 2243 2472 2312 complexus
2498 2243 2804 2308 videbatur,
2845 2245 3145 2313 repudiata.
3182 2245 3325 2298 Sane
3360 2245 3412 2296 iu
3450 2257 3582 2310 ope-

336 2326 475 2383 ribus
505 2333 764 2395 externis,
797 2333 940 2402 quod
994 2332 1235 2387 medium
1295 2340 1497 2397 servat,
1524 2347 1632 2386 non
1689 2342 1775 2388 est
1824 2349 2044 2404 semper
2085 2334 2477 2402 respuendum,
2538 2336 2694 2403 quasi
2732 2351 2856 2389 cum
2931 2336 3064 2388 vitio
3095 2336 3166 2389 sit
3227 2335 3578 2403 eonjunctum

336 2425 522 2492 (neque
559 2425 706 2481 enim
743 2425 1042 2495 legitimum
1083 2427 1427 2496 coniugium,
1473 2429 1618 2496 quod
1656 2428 1890 2483 medium
1917 2435 2062 2481 tenet
2097 2427 2237 2481 inter
2296 2426 2624 2496 virginitatis
2685 2427 2994 2481 custodiam
3060 2437 3112 2480 et
3169 2443 3356 2495 vagam
3396 2426 3579 2480 libidi-

333 2534 471 2586 nem,
491 2527 574 2574 est
600 2519 1119 2591 condemnandum).
1143 2521 1213 2574 At
1242 2536 1369 2574 vero
1399 2519 1660 2584 medium,
1701 2522 1806 2577 hoc
1834 2529 1918 2575 est
1945 2519 2184 2590 tepidum
2219 2519 2270 2573 in
2300 2519 2423 2585 fide,
2452 2519 2574 2588 jure
2603 2520 2671 2572 ab
2707 2520 2959 2574 omnibus
3003 2518 3362 2587 improlmtur.

394 2607 605 2666 Μέλλω
652 2627 727 2665 σε
756 2611 963 2680 ἐμέσαι
1007 2613 1077 2666 ἐκ
1111 2612 1217 2666 τοῦ
1257 2613 1555 2682 στόματός
1605 2631 1724 2683 μου
1750 2631 1764 2645 ·
1800 2614 1892 2668 ὅτι

331 2700 538 2771 λέγεις,
564 2703 866 2770 Πλούσιός
895 2705 1032 2772 ειμι,
1059 2703 1156 2756 καὶ
1195 2705 1609 2770 πεπλούτηκα,
1643 2705 1740 2759 καὶ
1791 2707 1894 2760 οὺ-

333 2789 498 2858 δενὸς
551 2795 760 2862 χρείαν
809 2795 947 2863 ἔχω.
1010 2797 1118 2850 Καὶ
1181 2797 1294 2848 οὐκ
1350 2791 1522 2862 οἶδας
1575 2795 1666 2849 ὅτι
1721 2795 1804 2850 σὺ
1843 2798 1898 2850 εὶ

333 2884 363 2935 ὁ
405 2884 794 2950 ταλαίπωρος,
829 2883 949 2954 [καὶ
995 2883 1305 2955 ἐλεεινὸς,]
1351 2885 1449 2938 καὶ
1491 2883 1746 2954 πτωχός,
1799 2884 1898 2938 καὶ

333 2975 578 3043 τυφλὸς,
607 2975 704 3027 καὶ
744 2976 991 3045 γυμνός.

391 3065 599 3139 Ὠσπερ
645 3069 773 3138 γὰρ,
805 3069 958 3139 φησὶ,
1002 3069 1063 3122 τὸ
1096 3070 1318 3141 χλιαρὸν
1361 3071 1558 3140 ἔμετον
1609 3069 1751 3121 κινεῖ
1784 3069 1898 3131 τοῖς

2065 2611 2150 2674 111,
2185 2612 2270 2674 16,
2307 2612 2394 2665 17.
2420 2610 2679 2679 Incipiam
2717 2621 2767 2665 te
2803 2627 3037 2663 evomere
3065 2625 3128 2663 ea:
3156 2626 3246 2662 ore
3282 2627 3416 2675 meo,
3454 2609 3580 2679 quia

1993 2704 2126 2757 dicis
2164 2719 2182 2758 :
2213 2703 2366 2756 Dives
2398 2719 2536 2768 sum,
2567 2712 2613 2755 et
2639 2703 3011 2770 locupletatus,
3041 2711 3089 2754 et
3121 2700 3315 2753 nullius
3353 2717 3506 2770 egeo;
3531 2709 3581 2754 et

1995 2796 2158 2847 nescis
2182 2795 2306 2863 quia
2332 2804 2387 2846 tu
2426 2809 2479 2848 es
2514 2794 2692 2858 miser,
2726 2802 2775 2846 et
2822 2791 3161 2855 miserabilis,
3204 2801 3253 2846 et
3279 2806 3499 2860 pauper,
3531 2801 3582 2847 et

1994 2898 2186 2949 creetis,
2216 2892 2266 2937 et
2287 2883 2483 2937 nudus.

2077 3058 2568 3124 Quemadmodum,
2608 3059 2805 3128 inquit,
2829 3058 3069 3128 tepidum
3120 3058 3187 3112 iis
3217 3057 3361 3113 ciere
3398 3056 3576 3112 vomi-

335 3158 850 3229 μεταλαμϐάνουσιν,
882 3159 1023 3213 οὕτω
1042 3159 1198 3230 κὰγώ
1216 3178 1272 3213 σε
1295 3161 1368 3224 ὡς
1388 3159 1675 3230 βδελυκτὸν
1701 3159 1896 3229 βρῶμα

2007 3160 2114 3206 tum
2152 3152 2290 3206 solet
2331 3152 2424 3221 qui
2465 3151 2592 3205 illud
2623 3160 2949 3216 assumunt,
2985 3151 3057 3204 ita
3093 3166 3192 3219 ego
3238 3166 3456 3220 quoque
3486 3164 3580 3220 per

331 3247 506 3318 ὲμέσω
533 3250 622 3303 διὰ
653 3250 811 3318 λόγου
838 3250 1102 3321 στόματός
1134 3269 1235 3322 μου
1265 3253 1347 3315 εἰς
1381 3249 1598 3304 αἰώνιον
1628 3251 1848 3303 κόλασιν
1879 3267 1893 3281 ο

333 3341 409 3394 ὅτι
435 3343 550 3404 ταῖς
583 3341 843 3406 ἀκάνθαις
868 3341 962 3395 τοῦ
996 3343 1228 3396 πλούτου
1260 3343 1351 3397 τδν
1376 3344 1576 3414 σπόρον
1603 3343 1696 3396 τοῦ
1751 3343 1894 3396 Θεῐου

331 3433 483 3502 λόγου
533 3434 934 3504 συμπνίγουσα,
967 3437 1067 3508 τὴν
1109 3436 1311 3506 ἑαυτῆς
1335 3437 1393 3489 ἐν
1434 3438 1546 3499 τοῖς
1590 3452 1894 3507 πνευματι-

334 3528 441 3590 κοῖς
494 3527 709 3594 ἀγνοεῖς
743 3527 1036 3596 πτωχείαν,
1101 3527 1198 3582 καὶ
1249 3527 1348 3598 τὴν
1379 3526 1489 3580 τῶν
1514 3527 1724 3598 νοητῶν
1752 3525 1894 3598 [σου]

333 3617 617 3689 ὀφθαλμῶν
665 3618 963 3690 τύφλωσιν,
993 3621 1086 3673 καὶ
1130 3622 1229 3691 τὴν
1258 3620 1316 3686 ἐξ
1366 3619 1590 3689 ἀγαθῶν
1642 3619 1895 3690 πράξεων

335 3726 396 3778 γυ
405 3727 629 3782 μνωσιν.

395 3891 786 3962 Συμϐουλεὺω
828 3910 924 3948 σοι
962 3891 1253 3961 ἀγοράσαι
1287 3890 1424 3958 παρ’
1456 3889 1604 3959 ἐμοῦ
1635 3890 1894 3959 χρυσίον

330 3985 750 4054 πεπυρωμένον
795 3985 864 4038 ἐκ
915 3987 1126 4054 πηρός,
1184 3985 1285 4037 ἵνα
1339 3981 1725 4047 πλουτήσῃς·
1795 3981 1895 4034 καὶ

330 4075 520 4145 ἱμάτια
545 4076 757 4141 λευκὰ,
783 4076 882 4130 ἵνα
912 4075 1225 4145 περιϐάλῃ,
1261 4073 1361 4127 καὶ
1395 4074 1479 4142 μὴ
1511 4072 1822 4141 φανερωθῇ
1856 4073 1894 4140 ἠ

328 4169 584 4237 αἰσχύνη
633 4167 743 4237 τῆς
789 4169 1157 4237 γυμνότητός
1209 4182 1356 4220 σου’
1413 4163 1511 4218 καὶ
1568 4164 1894 4233 κολλύριον

329 4260 607 4330 amaror
635 4260 776 4327 τοὺς
813 4260 1156 4328 ὀφθαλμούς
1185 4272 1323 4320 σου,
1355 4257 1455 4310 ἵνα
1483 4254 1748 4323 βλέπῃς.

395 4349 456 4405 Ei
498 4350 554 4404 δὲ
603 4351 898 4422 πλουτῆσαι
944 4349 1129 4422 βούλῃ,
1167 4350 1321 4419 φησὶ,
1380 4345 1734 4418 συμὸουλεύω
1785 4362 1891 4411 σοι,

328 4446 452 4514 παρ’
500 4444 634 4515 ἐμοῦ
683 4443 776 4498 τοῦ
834 4441 1209 4506 πλουτίζοντος
1265 4439 1567 4511 κτήσασθαι
1632 4436 1890 4510 προθέσει

2001 3245 2227 3300 verbum
2261 3247 2377 3299 oris
2425 3244 2528 3298 mei
2588 3253 2639 3297 te
2673 3243 2838 3297 veluti
2868 3244 3256 3297 exsecrabilem
3281 3259 3463 3298 eseam
3522 3244 3578 3298 in

1998 3338 2395 3408 sempiternum
2427 3336 2750 3405 supplicium
2779 3350 3062 3404 exspuam.
3092 3333 3229 3388 Nam
3262 3335 3576 3389 divitiarum

1997 3427 2171 3497 Spinis
2203 3428 2437 3489 obsitus,
2462 3426 2630 3479 divini
2674 3426 2824 3480 verbi
2861 3441 3045 3480 semen
3080 3425 3133 3479 in
3191 3435 3243 3479 te
3283 3425 3573 3495 praefocas,

1997 3531 2255 3592 tuamque
2285 3521 2336 3574 in
2356 3521 2517 3574 rebus
2533 3517 2877 3588 spiritalibus
2912 3515 3150 3586 inopiam
3187 3516 3450 3585 ignoras;
3479 3528 3578 3569 ue-

1996 3629 2102 3684 que
2129 3613 2454 3667 interiorum
2487 3611 2773 3664 oculorum
2804 3621 3022 3662 tuorum
3053 3607 3353 3661 ezecitatem
3389 3620 3572 3669 curas,

1997 3722 2175 3777 neque
2207 3714 2352 3760 tuam
2379 3717 2599 3775 quoque
2625 3717 2653 3756 a
2673 3701 2836 3756 bonis
2863 3700 3126 3771 operibus
3151 3699 3452 3754 nuditatem
3485 3712 3578 3752 sa-

1998 3801 2068 3854 tis
2103 3806 2358 3853 accurate
2382 3796 2722 3852 consideras.

2070 3892 2171 3961 17
2195 3888 2281 3953 111,
2307 3889 2394 3944 18.
2429 3887 2639 3942 Suadeo
2670 3886 2767 3941 tibi
2787 3902 2955 3940 emere
2982 3901 3014 3938 a
3037 3899 3118 3938 me
3139 3899 3328 3937 aurum
3356 3882 3580 3952 ignitum

1995 3983 2308 4052 probatum,
2342 3989 2400 4034 ut
2450 3979 2680 4048 locuples
2715 3979 2817 4047 ﬁas
2848 3991 2866 4030 :
2892 3986 2940 4030 et
2969 3975 3292 4029 vestimentis
3323 3972 3457 4026 albis
3493 3973 3578 4025 in-

1995 4073 2214 4138 duaris,
2251 4082 2307 4126 ut
2348 4080 2742 4140 nonappareat
2773 4069 3014 4135 confusio
3055 4067 3312 4119 nuditatis
3347 4076 3451 4118 tua:
3482 4081 3500 4118 .'
3531 4072 3582 4116 et

1994 4165 2214 4234 collyrio
2251 4165 2444 4233 inunge
2474 4163 2652 4215 oculos
2692 4171 2828 4224 tuos,
2866 4169 2921 4212 ut
2951 4159 3148 4211 videas.

2066 4341 2124 4396 Si
2153 4340 2420 4395 ditescere
2461 4338 2646 4403 lubet,
2687 4351 2717 4391 a
2761 4351 2864 4399 me,
2904 4333 3099 4404 inquit,
3135 4333 3229 4402 qui
3264 4346 3420 4385 veras
3470 4343 3582 4386 sta-

1998 4434 2240 4503 bilcsque
2261 4447 2394 4503 opes
2435 4431 2660 4501 largior,
2698 4427 2930 4482 ferventi
2959 4425 3231 4480 desiderio
3273 4424 3582 4490 volentique

328 4535 521 4608 ζεούσῃ
556 4537 652 4590 καὶ
685 4535 882 4607 καρδίᾳ
914 4534 1163 4606 θελούσῃ,
1211 4533 1432 4603 χρυσίον
1462 4530 1887 4600 πεπυρωμένον,

2007 4526 2182 4580 animo
2211 4524 2440 4594 ignitum
2465 4537 2660 4576 aurum
2680 4521 2881 4584 emito;
2904 4532 3097 4586 nempe
3124 4531 3296 4570 sacra:
3321 4515 3582 4569 doctrina:

329 4621 556 4696 [ἤγουν]
597 4624 690 4678 τὸν
737 4623 1112 4677 διδασκαλικὸν
1157 4622 1335 4688 λόγον,
1377 4621 1468 4673 τὸν
1497 4621 1574 4691 τῷ
1608 4622 1743 4688 πυρὶ
1779 4619 1890 4672 τῶν

328 4715 650 4789 πειρασμῶν
685 4714 1166 4786 λαμπρυνόμενονο
1199 4713 1266 4766 δι’
1294 4707 1356 4766 οὗ
1389 4713 1528 4779 ἕξεις
1562 4714 1620 4765 ὲν
1652 4715 1716 4782 τῇ
1753 4728 1890 4781 καρ-

326 4805 410 4874 δίᾳ
451 4805 542 4858 τὸν
573 4805 846 4876 θησαυρὸν
877 4803 1091 4867 ἄσυλον,
1129 4803 1224 4856 καὶ
1257 4801 1523 4872 περιϐαλῇ
1562 4801 1660 4868 τὴν
1694 4801 1888 4870 στολὴν

327 4897 428 4949 τῶν
459 4895 671 4966 ἀρετῶν
702 4896 798 4967 τὴν
841 4896 1263 4969 ὑπέρλαμπρον⁵
1300 4893 1366 4946 δι’
1396 4889 1464 4964 ἦς
1503 4895 1537 4962 ἡ
1597 4909 1890 4962 προσγενο-

331 4987 464 5057 μένη
515 5004 597 5040 σοι
651 4989 710 5053 ὲξ
761 4987 1030 5056 ἁμαρτίας
1086 4985 1534 5055 ἀμφιασθήσεται
1586 4985 1890 5054 γύμνωσις.

332 5078 659 5144 Κολλύριον
681 5077 758 5142 δὲ,
783 5079 816 5145 ἡ
839 5076 1212 5146 ἁκτημοσύνη.
1242 5077 1303 5128 El
1328 5075 1435 5145 γὰρ
1460 5075 1609 5146 δῶρα
1633 5075 1892 5144 ἐκτυφλοί

329 5167 637 5240 ὀφθαλμοὺς
673 5169 1000 5238 βλεπόντων,
1039 5170 1259 5232 τούτους
1298 5169 1517 5230 πάντως
1580 5167 1786 5235 ἀνοίγει
1828 5167 1890 5220 τὸ

330 5256 751 5328 ἀδωροδόκητον.

409 5430 554 5505 Ἐγὼ
585 5433 765 5501 ὅσους
815 5436 924 5490 ἐὰν
973 5434 1144 5506 φιλῶ,
1193 5435 1420 5505 ἐλέγχω
1466 5435 1564 5490 καὶ
1605 5437 1885 5492 παιδεύω.

336 5523 620 5590 Ζήλωσον
648 5520 761 5580 οὖν
784 5527 882 5580 καὶ
903 5530 1308 5596 μετανόησον.

400 5614 420 5687 [
445 5616 592 5684 Ἐγὼ
619 5616 802 5682 ὅσους
835 5618 939 5671 ἐὰν
971 5617 1145 5687 φιλῶ,
1174 5619 1418 5687 ἐλέγχω.
1446 5617 1558 5690 -]
1594 5619 1767 5673 Βαϐαὶ
1789 5620 1890 5689 τῆς

341 5709 768 5781 φιλανθρωπίαςῑ
796 5712 933 5783 πόσῃ
953 5713 1246 5782 ἀγαθότητι
1279 5713 1306 5764 ό
1339 5711 1556 5780 ἔλεγχος
1592 5713 1886 5781 κέκραταιὲ

415 5800 568 5857 ἰδοὺ
603 5801 836 5870 ⁴ἕστηκα
874 5805 966 5858 ἐπὶ
1006 5805 1117 5873 τὴν
1153 5805 1359 5872 θύραν,
1393 5803 1486 5856 καὶ
1527 5805 1748 5872 κρούω*
1783 5805 1889 5858 ἐὰν

1995 4617 2218 4672 verbum
2266 4615 2390 4684 igne
2424 4613 2787 4669 tentationum
2820 4610 3165 4680 exploratum
3203 4605 3580 4676 splendidum-

1993 4724 2100 4778 que
2144 4708 2437 4761 redditum.
2489 4704 2592 4759 Per
2634 4705 2741 4759 hoc
2785 4703 2929 4757 enim
2979 4699 3130 4755 cordi
3180 4708 3272 4752 tuo
3312 4696 3580 4766 ejusmodi

1995 4799 2286 4854 thesaurus
2325 4797 2593 4865 obtinget,
2623 4796 2713 4864 qui
2743 4809 2842 4847 nec
2872 4791 3062 4845 violari
3111 4804 3210 4844 nec
3235 4788 3396 4856 diripi
3425 4787 3582 4842 facile

1993 4891 2211 4958 poterit.
2244 4887 2622 4956 Vestierisque
2655 4885 2938 4955 splendida
2986 4885 3253 4937 virtutum
3279 4881 3440 4944 stola,
3473 4895 3582 4948 qua

1993 4980 2231 5041 nuditas.
2269 4993 2434 5048 quam
2467 4992 2534 5031 ex
2565 4984 2789 5047 peccato
2818 4981 3195 5035 contraxeras,
3233 4978 3579 5038 contegetnr.

1993 5069 2096 5124 Per
2140 5070 2419 5139 collyrium
2457 5076 2638 5123 autem
2688 5050 3180 5120 iunuere'videlur
3227 5071 3578 5115 externarqu

1994 5175 2172 5214 rerum
2201 5160 2506 5230 penuriam,
2540 5171 2940 5224 munerumque
2969 5146 3407 5222 despicientiam.
3441 5148 3575 5201 Nam

1991 5250 2037 5306 si
2071 5251 2214 5306 dona
2281 5251 2580 5305 videntium
2617 5248 2807 5302 oculos
2848 5254 3161 5310 exczecaut,
3193 5243 3420 5298 oriiniuo
3454 5257 3575 5293 uin-

1993 5357 2182 5396 uerum
2215 5341 2554 5410 contemptio
2581 5339 2683 5394 hos
2712 5340 2940 5409 aperiet.

2061 5433 2150 5498 111,
2182 5432 2267 5490 19.
2303 5433 2414 5503 Ego
2439 5449 2566 5503 quos
2593 5448 2732 5494 amo,
2753 5447 2918 5500 arguo
2947 5438 2995 5485 et
3035 5426 3256 5496 castigo.
3292 5422 3576 5477 AEmulare

1989 5541 2111 5596 ergo
2129 5567 2142 5590 ,
2171 5537 2219 5580 et
2240 5525 2601 5594 paenitentiam
2633 5540 2749 5594 age.

2061 5616 2252 5686 Papa}!
2302 5626 2506 5686 quanta
2552 5615 2646 5670 Dei
2689 5612 3015 5670 clementia!
3057 5621 3259 5681 quanta
3305 5610 3576 5666 suavitate

1991 5721 2044 5767 et
2073 5709 2405 5778 benignitate
2439 5707 2922 5778 reprehensionem
2956 5705 3250 5775 temperati

2065 5801 2155 5870 111,
2181 5803 2270 5857 20.
2315 5806 2426 5872 Ego
2465 5813 2547 5857 sto
2583 5801 2652 5856 ad
2684 5800 2874 5856 ostium
2919 5807 2968 5853 et
3001 5797 3173 5867 pulso.
3227 5796 3283 5852 Si
3316 5795 3431 5866 quis
3473 5808 3570 5845 au-
