4034 6570
385 370 491 439 251

1463 385 1468 389 ·
1561 359 1891 422 ΑΝΟΒΕΛΞ
1929 354 2450 418 ΟΕΞΑΗΙΕΝἯΞ

3530 343 3640 408 252

391 490 546 544 dierit
593 498 764 542 vocent
798 497 999 546 meam,
1032 490 1080 533 et
1113 477 1373 547 aperuerit
1412 474 1540 529 mihi
1569 473 1828 542 jauuam,
1876 469 1962 523 in-
1993 481 2008 528 Α

2109 461 2248 536 οὖν]
2305 481 2393 531 τις
2439 463 2675 531 ἀκούσῃ
2734 460 2840 529 τῆς
2879 459 3085 530 φωνῆς
3126 476 3246 529 μου
3291 457 3385 512 καὶ
3427 459 3642 526 ἀνοίξῃ

395 582 545 636 trabe
573 581 641 635 ad
682 579 857 642 illam,
890 589 939 630 et
970 573 1183 630 cwnabo
1211 588 1328 626 cum
1361 571 1456 625 illo
1476 611 1491 636 ,
1517 578 1566 623 et
1603 569 1713 637 ipse
1743 579 1964 619 mecum.

467 760 604 823 Mea,
641 757 834 828 inquit,
870 754 1160 826 prteseutia
1201 751 1333 807 nulli
1374 750 1480 804 vim
1541 748 1718 802 atii-rt.
1777 745 1972 800 Cordis

400 852 599 907 ostium
631 848 824 924 pulso;
859 853 1107 917 prompte
1153 842 1419 911 aperienti
1467 855 1634 908 super
1670 838 1844 891 salute
1875 852 1973 890 sua

402 941 676 1012 gratulor;
709 939 968 1006 illamque
1021 935 1260 1004 opipare:
1289 946 1462 987 omna:
1504 930 1625 983 loco
1668 928 1808 982 duco
1849 946 1860 980 :
1897 927 1975 981 si.

401 1028 620 1098 quidem
657 1028 725 1082 iis
748 1026 910 1082 rebus
934 1026 1204 1095 przeeipue
1235 1022 1420 1092 capior
1445 1030 1498 1074 et
1529 1034 1742 1087 pascor,
1773 1018 1977 1088 quibus

404 1119 503 1188 ipsi
559 1118 811 1187 spiritum
858 1118 1034 1179 alunt,
1086 1116 1395 1184 famemque
1447 1112 1702 1166 audiendi
1753 1112 1975 1165 verbum

405 1210 496 1266 Dei
524 1214 733 1278 sedant,
763 1228 826 1268 ac
851 1211 1054 1269 erroris
1083 1209 1333 1265 tenebras
1355 1205 1695 1277 propulsant.

477 1391 563 1452 Ill,
591 1393 651 1446 2|
675 1430 691 1455 ,
717 1391 808 1447 29..
841 1391 946 1456 Qui
968 1388 1146 1444 vicerit
1171 1430 1183 1452 ,
1220 1386 1355 1440 dabo
1387 1385 1434 1440 ei
1469 1384 1644 1438 sedere
1689 1399 1886 1437 mecum
1931 1383 1982 1434 in

411 1482 592 1536 throno
625 1498 734 1535 meo
755 1521 770 1545 ,
804 1483 934 1535 sicut
966 1491 1016 1534 et
1043 1496 1133 1550 ego
1164 1479 1263 1534 vici
1287 1519 1301 1539 ,
1344 1486 1392 1532 et
1422 1476 1632 1530 consedi
1666 1491 1781 1528 cum
1824 1473 1987 1526 Patre

411 1588 522 1625 meo
565 1574 616 1625 in
653 1574 842 1625 tlu'ouo
872 1573 1009 1640 ejus.
1045 1569 1150 1636 Qui
1180 1570 1331 1624 liabet
1383 1586 1563 1623 aurem
1587 1607 1600 1631 ,
1643 1566 1825 1620 audiat
1861 1564 1986 1634 quid

412 1660 641 1728 Spiritus
668 1663 815 1716 dicat
843 1662 1115 1716 Ecclesiis.

2070 557 2185 624 τὴν
2231 557 2440 623 θύραν,
2495 553 2916 620 είσελεύσομαι
2951 550 3100 618 πρὸς
3148 550 3354 612 αὐτὸν,
3388 549 3484 604 καὶ
3528 548 3644 602 δει-

2072 648 2286 718 πνήσω
2306 648 2432 717 μετ’
2465 647 2672 710 αὑτοῦ,
2705 644 2798 697 καί
2829 643 3011 707 αὐτὸς
3036 641 3161 710 μετ’
3195 641 3363 710 ἐμοῦ.

2147 739 2362 812 [’1δοὺ,
2418 733 2536 809 ἧκα
2563 736 2681 790 ’ἐπὶ
2726 736 2839 803 τὴν
2886 735 3093 802 θύραν,
3148 733 3245 786 καὶ
3297 733 3509 801 κρούω.
3540 729 3649 803 -]

2085 830 2391 895 Ἀϐίαστος,
2429 829 2613 899 φησιν,
2640 829 2672 896 ή
2702 826 2809 896 ὲμή
2845 824 3136 895 παρουσία.
3173 825 3284 892 Τὴν
3328 823 3498 894 Θύραν
3549 822 3652 892 τῆς

2077 918 2304 989 καρδίας
2355 915 2568 988 κρούω·
2617 917 2712 968 καὶ
2752 916 2866 977 τοῖς
2913 912 3222 979 ἀνοίγουσιν
3255 910 3349 963 ἐπὶ
3376 912 3440 980 τῇ
3470 907 3651 962 αὐτῶν

2080 1011 2323 1082 σωτηρία
2374 1007 2858 1078 συνευφραίνομαι.
2895 1004 3116 1075 Τροφὴν
3158 1003 3266 1072 γὰρ
3302 1002 3399 1056 καὶ
3439 1001 3653 1054 δεῖπνον

2079 1099 2280 1170 ταύτην
2308 1099 2416 1170 ἦγη
2427 1116 2543 1168 μαι,
2576 1097 2906 1167 τρεφόμενος
2935 1095 3017 1162 ἐφ’
3051 1087 3134 1156 οἷς
3156 1093 3309 1146 αὐτοὶ⁸
3330 1091 3652 1160 τρέφονται,

2080 1193 2176 1246 καὶ
2230 1191 2320 1244 τὸν
2363 1191 2519 1260 λιμὸν
2576 1187 2670 1241 τοῦ
2724 1187 2955 1241 ἀκοῦσαι
2987 1186 3147 1253 λόγον
3201 1185 3408 1255 Κυρίου
3461 1183 3555 1235 καὶ
3595 1183 3656 1234 τὸ

2085 1285 2274 1346 σκότος
2305 1283 2406 1352 τῆς
2437 1281 2647 1350 πλάνης
2675 1279 3071 1349 ἀποφεύγουσι.

2172 1377 2233 1428 '0
2261 1374 2464 1439 νικῶν,
2492 1373 2663 1426 δώσω
2687 1371 2846 1437 αὐτῷ
2875 1373 3118 1425 καθίσαι
3153 1370 3278 1439 μετ’
3307 1367 3452 1438 ἐμοῦ
3481 1367 3551 1421 ἐν
3580 1365 3658 1431 τῷ

2087 1457 2277 1539 θρόνῳ
2308 1486 2427 1537 μου
2451 1483 2463 1497 ·
2503 1467 2584 1533 ὡς
2621 1465 2781 1535 κάγὼ
2810 1465 3068 1530 ἐνίκησα
3104 1462 3200 1516 καὶ
3239 1459 3488 1514 ἐκάθισα
3511 1457 3663 1526 μετὰ

2089 1561 2192 1616 τοῦ
2213 1560 2441 1628 Πατρός
2461 1576 2580 1628 μου
2602 1557 2671 1609 ἐν
2698 1557 2775 1621 τῷ
2801 1557 2990 1625 θρόνῳ
3020 1552 3228 1607 αὑτοῦ.
3264 1553 3326 1605 '0
3346 1551 3502 1620 ἔχων
3529 1545 3660 1616 οὖς,

2089 1648 2407 1706 ἀκουσάτω
2471 1648 2528 1701 τί
2584 1646 2649 1700 τὸ
2707 1645 2947 1715 Πνεῦμα
2999 1643 3163 1712 λέγει
3218 1641 3349 1708 ταῖς
3411 1641 3663 1707 Ἑκκληο

2091 1745 2273 1808 σιάις.

488 1839 591 1894 Per
645 1841 835 1895 saliunt
879 1857 1104 1912 regnum
1139 1839 1418 1910 futurique
1447 1839 1629 1895 smenli
1663 1841 1877 1908 requies
1894 1839 1987 1894 de-

2163 1837 2260 1890 Διὰ
2303 1835 2359 1890 δὲ
2390 1835 2492 1889 τοῦ
2530 1835 2746 1902 θρόνου
2788 1832 2820 1902 ή
2856 1827 3104 1900 βασιλεία
3159 1827 3254 1880 καὶ
3286 1826 3319 1897 ή
3355 1825 3662 1912 ἀνάπαυσις

418 1940 658 1986 notatur.
690 1932 778 1986 Ait
806 1948 934 2001 ergo
967 1950 981 1987 :
1016 1931 1274 2000 Quisquis
1307 1933 1539 1989 hostem,
1576 1931 1670 1999 qui
1698 1931 1802 1985 sub
1831 1946 1990 1998 aspe-

418 2032 565 2080 ctum
601 2039 704 2078 non
747 2025 932 2088 venit,
975 2024 1264 2086 devicerit,
1309 2024 1398 2078 ille
1445 2039 1657 2077 meeum
1711 2024 1990 2092 regnabit,

420 2130 664 2183 meaeque
693 2114 876 2185 gloriae
926 2115 1196 2184 particeps
1237 2115 1364 2170 erit.
1403 2117 1537 2168 (lmn
1583 2124 1763 2170 autem
1805 2116 1991 2180 addit,

422 2202 571 2260 Sicut
610 2213 659 2257 et
689 2221 780 2273 ego
811 2206 931 2268 vici,
977 2205 1046 2258 ob
1077 2216 1410 2274 assumptam
1458 2220 1700 2270 carnem,
1739 2214 1797 2259 ut
1831 2208 1996 2259 homo

423 2295 697 2366 loquitur;
733 2312 911 2366 neque
948 2297 1093 2352 enim
1144 2297 1286 2352 Deus
1335 2297 1606 2359 Verbum,
1643 2298 1863 2353 cmleste
1907 2313 1996 2352 re-

424 2404 590 2456 gnum
639 2397 896 2458 tanquam
927 2390 1143 2444 virtutis
1180 2391 1460 2460 praemium
1505 2390 1799 2460 aliquando
1841 2391 1996 2455 tulit;

427 2476 627 2546 quippe
671 2479 763 2547 qui
805 2481 1124 2534 naturaliter
1153 2490 1207 2534 et
1255 2481 1322 2534 ab
1353 2482 1499 2534 omni
1534 2482 1836 2536 .eteruitate
1869 2481 1998 2535 illud

429 2570 752 2638 possederit.
802 2570 917 2626 Nisi
968 2573 1112 2626 enim
1155 2583 1346 2627 natura
1395 2588 1495 2626 sua
1541 2572 1611 2626 ita
1657 2581 2002 2641 comparatus

429 2670 596 2728 esset,
625 2663 746 2719 aliis
775 2663 903 2718 illud
937 2664 1202 2734 impertiri
1229 2681 1334 2719 non
1372 2675 1554 2735 posset
1587 2682 1600 2718 :
1637 2681 1759 2720 cum
1798 2673 2002 2729 tamen,

432 2754 733 2809 secundum
765 2755 986 2810 tonitrui
1022 2755 1188 2810 ﬁlium
1222 2753 1578 2826 Theologum,
1601 2772 1696 2826 pro
1721 2755 2006 2828 potestatis

435 2861 549 2901 suae
579 2846 916 2916 plenitudine
945 2848 1153 2903 sanctis
1183 2849 1313 2904 illud
1345 2849 1608 2920 impertiri
1640 2849 2004 2904 consueverit.

437 2937 514 2993 Ad
542 2942 786 2994 eamdem
821 2956 1036 3011 quoque
1067 2951 1386 3010 potestatem
1416 2951 1644 3012 spectat,
1673 2943 1884 3011 iudices
1913 2943 2008 2997 de-

437 3030 658 3100 signare
685 3040 741 3087 et
773 3032 1094 3102 instituere;
1123 3035 1282 3090 sicuti
1309 3045 1530 3089 sanctos
1558 3035 1835 3105 apostolos
1868 3034 2008 3089 duo-

2092 1930 2184 1985 τοῦ
2217 1929 2498 1999 μέλλοντος
2519 1927 2712 1988 αἰῶνος
2741 1925 3034 1977 δείκνυται.
3066 1921 3203 1991 Φησὶ
3236 1920 3437 1980 τοίνυν,
3470 1918 3553 1970 δτι
3599 1910 3664 1968 Οί

2092 2024 2181 2077 τὸν
2231 2021 2424 2092 ἐχθρὸν
2469 2019 2814 2089 νικήσαντες,
2862 2010 3380 2082 συνδοξασθήσονταί
3436 2026 3526 2080 μοι
3572 2006 3668 2059 καὶ

2098 2110 2610 2184 συμϐασιλεύσουσι.
2639 2109 2712 2161 Τὸ
2735 2108 2811 2171 δὲ,
2852 2107 2948 2171 Ὧς
2969 2101 3128 2173 κάγὼ
3153 2103 3428 2167 ἐνίκησα,
3460 2096 3669 2166 ἀνθρω-

2098 2207 2268 2269 πίνως
2301 2205 2538 2274 εἴρηται,
2584 2201 2673 2254 διὰ
2729 2200 2828 2269 τὴν
2875 2195 3199 2270 πρόσληψιν.
3233 2193 3308 2247 Οὐ
3363 2189 3472 2262 γὰρ
3507 2185 3669 2243 ἆθλον

2097 2299 2297 2369 ἀρετῆς
2321 2295 2417 2367 τὴν
2446 2294 2724 2367 βασιλείαν
2769 2293 2796 2344 ό
2825 2291 2956 2354 Θεὸς
2987 2289 3154 2356 Λόγος
3197 2285 3473 2355 ἐκτήσατο
3515 2279 3670 2352 (tad-

2098 2410 2197 2463 την
2228 2389 2336 2462 γὰρ
2368 2389 2481 2459 ἔχει
2511 2384 2781 2447 οὐσιωδῶς
2804 2380 2925 2456 [ὡς]
2955 2381 3144 2434 ἀΐδιον.
3170 2379 3230 2431 Ei
3265 2375 3374 2446 γὰρ
3405 2373 3480 2445 μή
3494 2371 3672 2437 τοῦτο,

2099 2488 2199 2540 οὐκ
2248 2485 2313 2540 ἂν
2343 2484 2548 2552 ἑτέροις
2596 2476 2932 2549 μεταδιδόναι
2976 2473 3180 2540 ταύτης
3227 2468 3485 2540 ἠδύνατο,
3539 2465 3676 2518 ἀλλὰ

2103 2574 2246 2628 κατὰ
2298 2571 2390 2625 τὸν
2436 2569 2695 2637 Θεολόγον
2747 2567 2840 2619 καὶ
2885 2564 2986 2633 τῆς
3041 2563 3268 2634 βροντῆς
3303 2559 3437 2622 υἱὸν,
3488 2559 3550 2609 ἐκ
3582 2553 3675 2608 τοῦ

2104 2664 2471 2737 πληρώματος
2516 2659 2681 2715 αὐτοῦ
2711 2660 2824 2721 τοῖς
2874 2655 3049 2724 ἁγίοις
3081 2650 3288 2726 [πᾶσι
3342 2649 3674 2722 μετέδωκεν·

2104 2757 2227 2812 ὅθεν
2257 2755 2484 2817 καὶτοῖς
2519 2753 2686 2823 ἱεροῖς
2710 2748 3027 2808 ἀποστόλοις
3062 2743 3398 2813 ἐπήγγελται
3433 2739 3680 2793 καθίσειε)

2106 2853 2198 2906 ἐπὶ
2227 2847 2433 2904 δώδεκα
2473 2846 2694 2920 θρόνους
2735 2842 2939 2912 κρίνειν
2973 2839 3068 2902 τὰς
3096 2834 3346 2910 [δώδεκα]
3382 2831 3552 2902 φυλὰς
3581 2827 3676 2882 τοῦ

2121 2942 2334 3012 Ἰσραὴλ
2373 2940 2687 3012 μέλλοντας.
2732 2931 2951 3002 Ἐπειδὴ
2981 2930 3090 3000 γὰρ
3125 2927 3227 3000 [δι’
3254 2922 3436 2996 ἡμᾶς]
3469 2920 3682 3012 ἄνθρω-

2113 3052 2210 3098 πος
2241 3034 2455 3102 γέγονε,
2481 3029 2613 3093 Θεὸς
2645 3027 2903 3098 ὑπάρχων
2936 3021 3030 3076 καὶ
3056 3019 3306 3092 βασιλεὺς
3334 3011 3681 3086 προαιώνιος,

434 3119 611 3175 decim
639 3123 876 3178 tribuum
901 3124 1062 3179 Israel
1081 3125 1293 3194 judiees
1314 3126 1424 3194 jam
1447 3126 1751 3197 designavit
1771 3126 2008 3196 olimque

2114 3128 2208 3180 καὶ
2238 3125 2454 3179 πάντων
2481 3122 2588 3176 τῶν
2620 3118 2902 3190 ἡμετέρων
2929 3111 3203 3186 ἁμαρτίας
3231 3108 3399 3180 χωρὶς
3423 3105 3687 3216 patiam—

2323 3215 2329 3216 ί
2550 3210 2570 3216 ⁴
2653 3211 2665 3216 ⁵
2817 3206 2838 3216 ⁵
2939 3206 2959 3216 ·
3219 3201 3241 3215 Ο
3310 3215 3326 3216 7
3343 3215 3353 3216 κ
3369 3195 3393 3216 9’,
3442 3195 3481 3216 Ω-
3496 3213 3518 3216 ..
3567 3193 3612 3216 ιἿ
3627 3207 3685 3216 -.ι

439 3211 654 3270 futuros
699 3217 971 3284 promisit.
1021 3217 1232 3272 Etenim
1277 3227 1666 3288 posteaquam,
1707 3233 1830 3272 eum
1871 3218 2010 3272 Deus

439 3305 643 3374 alioqui
684 3316 738 3361 et
767 3309 1135 3378 sempiternus
1167 3308 1279 3363 Rex
1310 3318 1474 3366 esset.
1517 3317 1700 3363 nostra
1730 3324 1893 3364 causa
1929 3323 2012 3362 se-

442 3396 546 3450 mel
573 3396 750 3452 l'actus
779 3407 864 3453 est
900 3400 1083 3465 homo,
1110 3409 1404 3470 nostraque
1426 3400 1632 3466 omnia,
1658 3399 1775 3455 solo
1796 3409 2015 3469 peccato

442 3495 688 3556 excepto,
729 3490 1102 3560 partieipavit,
1151 3507 1216 3546 ea
1251 3492 1431 3546 omnia
1461 3507 1583 3560 quae
1611 3491 1909 3546 divinitatis
1949 3491 2014 3545 il-

444 3577 552 3634 lius
599 3581 810 3650 propria
850 3592 1041 3646 erant,
1076 3598 1252 3653 neque
1303 3584 1554 3638 humante
1593 3591 1772 3638 tamen
1812 3594 2016 3638 naturae

445 3672 839 3741 repugnabant,
872 3673 938 3727 iis
961 3675 1052 3742 qui
1083 3673 1360 3728 diabolum
1381 3682 1750 3743 superassent,
1776 3673 2014 3728 vicissim

445 3763 710 3833 impertiri
757 3765 1060 3820 constituit.
1116 3764 1412 3835 Eapropter
1465 3773 1522 3818 ut
1593 3764 1682 3818 ille
1733 3763 1785 3816 in
1819 3779 1916 3818 sua
1952 3766 2018 3818 ad

445 3858 615 3913 caelos
646 3860 1019 3927 assumptione
1052 3859 1198 3913 nube
1229 3867 1484 3926 tauquam
1532 3857 1782 3912 vehiculo
1819 3859 1893 3911 uti
1928 3873 2020 3911 vo-

448 3949 582 4014 luit;
610 3948 679 4002 ita
710 3959 934 4004 sanctos
962 3965 1199 4019 quoque,
1235 3960 1295 4004 ut
1321 3950 1612 4018 Apostolus
1645 3959 1892 4016 testatur,
1929 3966 2022 4020 per

448 4040 648 4093 nubem
711 4040 764 4092 in
825 4053 1119 4094 occursum
1193 4055 1353 4093 suum
1423 4040 1697 4108 quondam
1767 4040 2018 4109 abripiet.

454 4135 560 4205 18
591 4137 822 4189 Rursum
855 4145 911 4188 ut
953 4135 1086 4203 ipse,
1124 4143 1380 4204 tauquam
1426 4146 1688 4190 creatur-zu
1733 4134 2020 4200 Dominus,

450 4243 742 4296 rerumque
773 4228 1042 4293 conditor,
1076 4228 1239 4296 judux
1277 4235 1537 4281 venturus
1569 4237 1682 4293 est;
1717 4228 1785 4279 ita
1822 4227 2024 4279 sanctis

449 4338 669 4392 quoque
720 4322 1132 4390 illustribusque
1162 4321 1296 4376 viris
1335 4336 1432 4377 eos
1471 4320 1751 4390 judicandi
1797 4328 1851 4374 et
1891 4335 2026 4372 con-

449 4415 739 4471 demnandi
776 4423 1095 4485 potestatem
1128 4413 1406 4485 largietur,
1439 4413 1533 4484 qui
1563 4413 1760 4467 divinae
1793 4425 2027 4478 vereque

2113 3233 2229 3281 κεν,
2263 3215 2481 3268 πάντων
2505 3210 2612 3264 τῶν
2649 3206 2842 3262 ἑαυτοῦ
2877 3206 2988 3267 τοῖς
3021 3201 3269 3271 νικηταῖς
3303 3195 3397 3249 τοῦ
3437 3192 3686 3248 διαϐόλου

2116 3307 2412 3378 μετέδωκε,
2435 3302 2616 3366 καθὼς
2632 3297 2698 3371 ἦν
2719 3297 2941 3353 δυνατὸν
2968 3293 3275 3365 ἀνθρώποις
3300 3283 3686 3351 ὑποδέξασθαι.

2115 3376 2280 3454 Ὅθεν
2314 3397 2543 3466 νεφέλην
2576 3393 2763 3463 ὄχημα
2806 3389 2905 3458 τῆς
2946 3387 3024 3449 εἰς
3075 3380 3338 3454 οὐρανοὺς
3371 3376 3690 3437 ἀναῦἀσεως

2117 3492 2175 3544 ὲν
2203 3491 2269 3560 τῇ
2302 3486 2570 3558 ἀναλήψει
2603 3483 2766 3539 αὐτοῦ
2799 3481 3188 3551 ποιησάμενος,
3226 3478 3318 3530 καὶ
3351 3475 3476 3537 τοὺς
3502 3471 3692 3540 ἁγίους

2117 3582 2210 3634 ἐπὶ
2249 3579 2488 3648 νεφελῶν
2549 3579 2636 3630 διὰ
2684 3575 2778 3628 τοῦ
2840 3571 3165 3628 ’Λποστόλου
3218 3569 3382 3640 φησιν
3433 3564 3692 3632 ἁρπαγή-

2122 3674 2310 3727 σεσοαι
2351 3671 2483 3739 πρὸς
2511 3670 2606 3739 τὴν
2650 3667 2816 3722 αὐτοῦ
2850 3666 3181 3735 ὑπάντησιν’
3234 3660 3328 3715 καὶ
3368 3658 3580 3732 κριτὴς,
3618 3656 3695 3717 ῶς

2121 3764 2461 3836 Δημιουργὺς
2495 3763 2587 3815 καὶ
2611 3760 2887 3828 Δεσπότης
2914 3758 3010 3827 τῆς
3039 3756 3288 3817 κτίσεως,
3316 3751 3693 3821 ἐλευσόμενος,

2122 3859 2329 3930 κρίνειν
2378 3858 2488 3916 τοῖς
2535 3854 2714 3921 ἁγίοις
2767 3849 2991 3921 παρέξει
3037 3848 3162 3911 τοὺς
3203 3847 3299 3916 τῆς
3351 3844 3499 3906 Οείας
3528 3842 3696 3903 ὅντως

2124 3952 2217 4006 καὶ
2266 3948 2542 4020 μακαρίας
2593 3944 2837 4007 δουλείας
2885 3942 3314 4012 ἀφηνιάσαντας,
3367 3937 3439 3999 ῶς
3480 3952 3644 4004 φησιν
3673 3937 3701 3986 ὁ

2136 4041 2475 4103 Ἀπόστολος·
2507 4041 2627 4092 Οὐκ
2658 4036 2857 4091 οἴδατε
2891 4034 2979 4088 ὅτι
3014 4032 3308 4102 ἀγγέλους
3343 4028 3700 4096 κρινοῦμεν;

2125 4137 2328 4205 δηλαδὴ
2375 4135 2499 4196 τοὺς
2555 4130 2646 4184 τοῦ
2697 4129 2921 4190 σκότους
2980 4127 3270 4196 ἄρχοντας.
3316 4122 3470 4174 Ἐπεὶ
3518 4119 3702 4173 τοίνυν

2125 4229 2266 4282 οὕτω
2319 4226 2703 4294 φιλάνθρωπον
2777 4220 2867 4272 τὸν
2914 4217 3104 4288 κριτὴν
3169 4214 3384 4284 ἔχομεν,
3441 4208 3702 4280 εὐμενοῦς

2126 4318 2290 4374 αὑτοῦ
2335 4319 2518 4386 τυχεῖν
2576 4313 2998 4381 σπουδὰσωμεν·
3052 4305 3314 4378 διηνεκῶς
3369 4300 3704 4372 πληροῦντες

2127 4414 2186 4466 τδ
2219 4408 2614 4478 Σολομώντειον
2642 4404 2820 4471 λόγιον
2837 4420 2849 4432 ο
2889 4403 2992 4456 Ἐν
3016 4399 3192 4453 παντί
3219 4396 3400 4465 καιρῷ
3424 4395 3706 4448 ἔστωσαν

452 4507 626 4562 beatae
661 4508 942 4563 servitutis
972 4508 1163 4577 jugum
1204 4508 1438 4578 superbe
1477 4512 1859 4562 excusserunt.
1909 4501 2008 4555 Ne-

2129 4502 2197 4556 τὰ
2228 4499 2424 4568 ἱμάτιά
2457 4512 2574 4550 σου
2617 4494 2828 4557 λευκὰ,
2878 4490 3042 4564 [ταῖς]
3087 4491 3348 4558 πονηραῖς
3391 4486 3464 4556 μὴ
3506 4486 3706 4556 ρυπαι-

449 4602 630 4660 scitis,
661 4601 736 4656 ait
784 4602 1106 4671 Apostolus,
1152 4602 1280 4670 quia
1333 4599 1542 4670 angelos
1585 4594 2029 4665 judicabimus"?

453 4707 650 4761 nempe
697 4693 1040 4746 tenebrarum
1099 4691 1390 4760 principes.
1433 4690 1566 4744 Cum
1613 4701 1743 4756 ergo
1788 4685 2026 4754 judicem

456 4784 600 4838 nacti
631 4783 804 4838 simus
835 4797 1010 4852 usque
1033 4783 1169 4836 adeo
1198 4782 1492 4850 benignum
1522 4788 1574 4833 et
1600 4777 1944 4839 clementem,
1972 4784 2032 4828 ut

456 4877 609 4933 illum
634 4877 956 4933 benevolum
981 4877 1413 4943 clementemque
1425 4871 1793 4941 experiamur,
1809 4882 2028 4936 operam

454 4971 646 5025 demus
697 4970 976 5036 sedulam,
1033 4969 1274 5038 illudque
1327 4962 1673 5027 Salomonis;
1717 4958 2032 5014 Vestimenta

459 5071 549 5114 tua
578 5061 719 5115 omni
745 5071 970 5128 tempore
999 5060 1102 5113 sint
1127 5056 1412 5120 candida“,
1444 5055 1545 5109 hoc
1573 5062 1676 5116 est,
1713 5051 1875 5105 nullis
1908 5065 2034 5118 pra-

457 5155 540 5210 Vis
587 5137 846 5226 operibus
900 5151 1312 5213 contaminata,
1367 5147 1514 5200 omni
1578 5145 1762 5199 studio
1816 5142 2036 5211 explere

459 5247 876 5303 contendamus.
915 5247 993 5300 Ad
1029 5260 1151 5300 eum
1178 5242 1322 5297 enim
1361 5238 1580 5293 modum
1626 5236 1854 5305 nuptiali
1886 5243 2035 5289 veste

463 5341 675 5394 animas
708 5351 921 5396 nostras
945 5337 1345 5394 convestientes
1365 5373 1379 5398 ,
1410 5331 1703 5386 immortali
1738 5328 1952 5400 Sponso
1981 5334 2036 5380 et

2129 4595 2331 4664 νόμενα
2385 4591 2671 4661 πράξεσιν.
2717 4585 2874 4639 Οὕτω
2924 4583 3033 4654 γὰρ
3067 4579 3352 4654 νυμφικῶς
3403 4579 3499 4639 τὰς
3531 4575 3709 4646 ψυχὰς

2129 4685 2286 4756 ἡμῶν
2321 4683 2720 4752 κοσμήσαντες,
2768 4677 3102 4747 ἐπεράστους
3139 4673 3366 4734 tauro-3g
3400 4669 3478 4739 τῷ
3535 4667 3709 4738 [dea-

2129 4779 2272 4845 νάτῳ
2304 4773 2540 4844 Νυμφίῳ
2569 4769 2694 4841 καὶ]
2728 4768 2944 4822 Βασιλεῖ
2981 4765 3149 4839 [πρὸς
3173 4763 3469 4829 συνάφειαν
3489 4757 3508 4829 ]
3527 4774 3709 4827 παραο

2133 4870 2424 4939 στήσομεν,
2475 4865 2568 4917 καὶ
2621 4862 2728 4914 τῶν
2777 4859 3012 4913 αἰωνίων
3061 4855 3280 4924 ἀγαθῶν
3331 4851 3436 4924 [δι’
3497 4847 3710 4918 ἀρετῶν

2131 4956 2280 5025 αὐτῷ
2314 4950 2720 5024 συναφθέντες]
2752 4948 3075 5018 τευξόμεθα,
3111 4948 3168 4998 ἐν
3202 4944 3350 5014 αὑτῴ
3383 4939 3604 5011 Χριστῷ
3635 4937 3713 5006 τῷ

2131 5049 2251 5119 Θεῴ
2285 5047 2461 5118 ήμῶν,
2513 5044 2590 5115 τῷ
2623 5044 2830 5095 τούτων
2861 5039 3084 5112 χορηγῷ
3105 5055 3119 5067 ⁶
3159 5035 3276 5106 μεθ’
3330 5027 3391 5088 οὗ
3425 5033 3504 5102 τῷ
3540 5033 3711 5099 Πατρί

2132 5139 2289 5205 δόξα,
2342 5135 2475 5206 τιμὴ
2540 5135 2634 5187 καὶ
2692 5130 3089 5202 προσκύνησις,
3152 5128 3266 5195 ἅμα
3321 5126 3399 5192 τῷ
3455 5119 3713 5188 παναγίῳ

2133 5227 2432 5294 Πνεύματι,
2464 5225 2595 5297 [νῦν
2627 5226 2721 5278 καὶ
2773 5223 2882 5287 ἀεὶ,
2921 5219 3054 5291 καὶ]
3091 5220 3168 5282 εἰς
3212 5219 3337 5280 τοὺς
3371 5213 3576 5274 αἰῶνας
3605 5211 3714 5263 τῶν

2133 5321 2367 5374 αἰώνων.
2417 5319 2611 5389 Ἀμήν.

465 5431 596 5504 Regi
643 5449 742 5489 nos
793 5428 1332 5489 commendabimus,
1385 5423 1598 5493 Ipsique
1649 5436 1744 5492 per
1787 5419 2040 5474 virtutem
2065 5411 2362 5481 conjuncti,
2425 5407 2776 5477 sempiternis
2804 5407 2911 5462 illis
2960 5405 3116 5461 bonis
3171 5403 3438 5474 potiemur
3473 5417 3485 5451 :
3521 5396 3575 5450 in
3604 5395 3719 5463 ipso

465 5502 682 5580 Christo
719 5524 827 5577 Deo
857 5531 910 5575 et
958 5518 1189 5571 Domino
1228 5525 1434 5580 nostro,
1463 5511 1894 5578 eorumdemque
1937 5509 2202 5560 honorum
2251 5502 2491 5572 largitori
2528 5518 2541 5554 :

2597 5515 2722 5552 cum
2786 5513 2895 5566 quo
2946 5497 3126 5562 Patri,
3179 5510 3304 5551 cum
3339 5489 3551 5546 vivilico
3586 5500 3718 5540 san-

471 5620 824 5684 ctissimoque
848 5611 1093 5680 Spiritu,
1133 5609 1206 5664 sit
1237 5610 1412 5664 honor
1436 5651 1449 5676 ,
1478 5607 1688 5680 gloria,
1719 5615 1772 5660 et
1799 5604 2043 5660 atloratio
2074 5602 2127 5657 in
2165 5599 2358 5657 saecula
2389 5596 2739 5654 smeulorum.
2768 5593 2962 5647 Amen.

601 5793 616 5845 1
657 5792 779 5844 Cur.
817 5806 889 5857 \‘I,
927 5792 979 5844 5.
1058 5795 1077 5822 ν
1107 5789 1284 5846 Eccle.
1322 5805 1394 5857 lx.
1425 5792 1477 5843 8.
