4040 6592
527 373 639 437 255
1705 364 2036 428 ΑΝΒΗΕᾸΞ
2073 364 2130 426 (Ξ.

2234 365 2594 427 ARIENSIS
3682 363 3790 428 256

527 488 816 553 triarchae,
839 485 1128 542 duodecim
1156 483 1397 540 trihuum
1439 481 1716 553 principes
1753 492 1808 538 et
1837 483 1994 553 quasi
2030 497 2116 538 ca-

2234 482 2316 535 mi.
2359 480 2699 553 εὐφροσύνης
2749 482 2995 554 σύμϐολά
3027 479 3248 554 [είσιν
3282 482 3330 536 οί
3371 481 3427 534 δὲ
3465 482 3793 550 στέφανοι,

526 585 662 654 pita.
709 581 766 635 In
827 580 983 634 Novo
1029 588 1250 641 autem,
1294 575 1587 632 duodecim
1653 575 1920 646 apostoli;
1967 590 2105 643 quos

2234 573 2311 641 τῆς
2340 573 2496 642 νίκης
2545 575 2610 645 ἢν
2642 574 2779 644 πρὸς
2815 575 2942 639 τοὺς
2974 574 3250 646 πονηροὺς
3283 575 3544 648 δαίμονας
3580 574 3797 647 κατώρ-

527 681 745 742 propter
775 671 1128 726 excellentem
1173 669 1426 722 virtutem
1470 675 1522 719 et
1554 665 1902 735 sapientiam,
1946 663 2107 718 Chri-

2234 666 2397 717 lwsav
2428 666 2835 736 ἀνδρισάμενοι.

529 773 648 818 stus
707 761 970 816 Dominus
1027 758 1313 815 duodecim
1379 757 1615 811 tribuum
1677 753 1839 808 Israel
1889 753 2101 823 judices
2158 754 2286 808 olim
2321 754 2532 808 futuros
2573 756 2782 810 docuit.
2836 754 3096 812 Candida:
3164 767 3342 812 autem
3375 756 3800 826 stolw,symb0'

529 853 641 908 lum
671 864 800 908 sunt
848 853 1072 923 integra:
1101 866 1357 921 purzrquc
1397 850 1556 903 vita);
1604 857 1716 902 tum
1768 856 2043 916 perpetua:
2094 862 2313 916 quoque
2366 848 2674 903 festivitatis
2733 848 3030 918 solidaeque
3090 849 3322 916 hetitiaa,
3356 854 3484 920 'qua
3533 851 3672 903 beati
3708 865 3802 919 po.

529 948 756 1001 tieutur.
796 944 1018 1001 Corona:
1055 945 1269 998 tandem
1313 957 1518 1004 aureaz,
1573 938 1812 993 victoria:
1854 938 2119 992 adversus
2148 938 2415 1007 malignos
2447 938 2744 1002 daemones,
2799 952 2908 993 non
2938 937 3148 1007 absque
3206 953 3402 1009 magna
3431 937 3600 992 animi
3634 937 3792 992 forti-

533 1041 721 1096 tudine
751 1040 1010 1103 obteutm,
1043 1048 1172 1093 sunt
1204 1048 1365 1093 notae.

603 1131 695 1199 IV,
728 1133 779 1187 5.
817 1131 884 1185 Ει
913 1132 976 1185 de
998 1132 1183 1184 throno
1212 1129 1557 1200 procedebant
1587 1127 1803 1198 fulgura
1823 1166 1839 1192 ,
1869 1136 1918 1181 et
1949 1144 2116 1194 voces,

531 1232 580 1276 et
606 1223 865 1277 tonitrua.

604 1312 672 1366 Et
703 1313 832 1366 hinc
863 1327 1084 1382 quoque
1123 1310 1343 1380 planum
1389 1311 1467 1376 ﬁt,
1503 1327 1669 1380 quam
1719 1311 2016 1366 terribilem
2055 1326 2119 1364 ac

535 1402 936 1457 firmidabilem
983 1403 1125 1456 Deus
1183 1403 1251 1458 iis
1290 1402 1553 1455 exhibere
1599 1416 1718 1455 sese
1765 1401 1972 1466 soleat,
2025 1399 2117 1468 qui

535 1494 681 1548 illius
722 1494 983 1563 patientia
1028 1503 1083 1548 et
1135 1493 1555 1548 mansuetudine
1607 1492 1928 1548 abutuntur.
1981 1489 2115 1544 Nam

537 1587 852 1641 hominibus
885 1587 1061 1641 salute
1091 1586 1270 1655 dignis
1322 1585 1558 1638 tonitrua
1594 1585 1780 1638 isthwc
1821 1596 1872 1638 ct
1903 1583 2117 1652 fulgura

535 1679 708 1734 lucem
742 1680 922 1734 verius
944 1689 998 1734 et
1018 1680 1350 1745 voluptatem
1377 1694 1538 1746 quam
1581 1688 1838 1731 terrorem
1865 1675 2114 1730 afferent.

2293 1126 2400 1180 Kal
2431 1127 2500 1180 ἐκ
2531 1126 2636 1180 τοῦ
2659 1129 2880 1193 θρόνου
2909 1127 3338 1196 ἐκπορεύονται
3370 1124 3671 1191 ἀστραπαὶ
3703 1123 3800 1176 καί

2222 1219 2410 1288 φωναί
2445 1221 2541 1271 καὶ
2575 1221 2852 1286 βρονταί.

2294 1311 2598 1364 Κάντεῦθεν
2628 1311 2687 1364 τὸ
2715 1311 2944 1382 φοϐερὸν
2970 1313 3063 1364 καὶ
3081 1309 3526 1381 καταπληκτικὸν
3548 1307 3642 1362 τοῦ
3665 1309 3802 1362 Θεοῦ

2219 1404 2361 1458 κατᾶ
2398 1404 2508 1457 τῶν
2557 1404 2790 1469 ἀναξίων
2820 1406 2919 1474 τῆς
2964 1405 3127 1458 αὐτοῦ
3164 1404 3546 1472 μακροθυμίας
3585 1404 3803 1456 δείκνυη

2217 1514 2325 1550 ται.
2368 1497 2488 1560 Τοῖς
2531 1499 2714 1568 μέντοι
2762 1499 3043 1568 σωτηρίας
3093 1498 3265 1562 ἀξίοις
3299 1497 3506 1550 τούτων
3560 1497 3801 1564 ἑκάτερα

2225 1589 2506 1658 φωτισμὸν
2544 1590 2850 1660 ἐντίθησιν·
2895 1592 2929 1660 ἡ
2968 1589 3067 1660 μὲν
3115 1592 3227 1653 τοῖς
3273 1591 3370 1656 τῆς
3427 1589 3667 1652 διανοίας
3699 1588 3798 1658 δμ-

2230 1695 2423 1748 μασιν,
2466 1681 2498 1748 ἡ
2525 1680 2583 1733 δὲ
2604 1683 2713 1742 τοῖς
2750 1684 3141 1751 πνευματικοῖς
3172 1681 3306 1732 ὠσὶν
3332 1681 3706 1749 ἐμπίπτουσα.

535 1775 780 1829 Alterura
817 1790 1052 1844 namque
1087 1791 1151 1827 ex
1188 1773 1294 1838 his,
1335 1771 1530 1826 mentis
1565 1772 1782 1825 illorum
1839 1771 2027 1828 oculos
2055 1770 2258 1827 lumine
2312 1773 2628 1842 perfundet;
2679 1775 2910 1829 alterum
2949 1791 3100 1839 vero,
3152 1775 3427 1844 spiritales
3478 1773 3801 1830 eorutndetn

537 1880 704 1918 aures
745 1864 1006 1932 perﬁciet,
1039 1871 1092 1917 et
1127 1863 1361 1932 quadam
1399 1862 1668 1915 suavitate
1695 1859 1917 1914 afﬁciet.

607 1959 698 2025 IV,
727 1960 780 2021 5,
814 1959 866 2011 ti.
902 1957 969 2010 Et
999 1967 1190 2026 septem
1229 1957 1496 2022 lampades
1535 1956 1777 2008 ardentes
1809 1968 1929 2009 ante
1973 1956 2121 2008 tlrro-

2299 1957 2406 2010 Kal
2452 1957 2602 2010 ἑπτὰ
2642 1957 2955 2026 λαμπάδες
2985 1960 3178 2027 πυρὸς
3211 1960 3517 2029 καιόμεναι
3547 1960 3807 2014 ἐνώπιον

539 2072 698 2120 num;
727 2071 842 2124 qua!
878 2062 1001 2107 sunt
1026 2063 1220 2122 septem
1247 2053 1466 2122 spiritus
1498 2051 1592 2105 Dei
1617 2066 1636 2104 :
1663 2061 1712 2104 et
1755 2051 1811 2104 in
1839 2059 2120 2118 conspectu

538 2149 674 2203 sedis
710 2156 962 2217 tanquam
991 2162 1136 2200 mare
1162 2145 1388 2200 vitreum
1428 2144 1600 2200 simile
1633 2143 1905 2215 crystallo.

614 2322 720 2380 Per
763 2331 958 2393 septem
986 2322 1084 2378 hos
1115 2323 1354 2392 spiritus,
1393 2330 1490 2376 aut
1526 2330 1731 2392 septem
1760 2321 1985 2391 angelos
2015 2336 2121 2377 ca!-

541 2415 679 2472 teris
711 2414 1120 2486 praestantiores
1162 2430 1286 2469 cum
1336 2413 1537 2468 Irenaeo
1573 2413 1818 2483 accipere
1852 2421 2070 2482 oportet
2107 2430 2120 2467 :

541 2517 638 2562 aut
665 2517 874 2576 septem
921 2505 1120 2560 viviﬁci
1151 2505 1300 2560 illius
1327 2505 1565 2575 Spiritus
1594 2505 1947 2560 charismata.
1976 2506 2125 2570 Quo-

548 2615 670 2653 rum
708 2599 1039 2653 mentionem
1086 2597 1213 2652 facit
1242 2597 1410 2652 Isaias
1439 2597 1720 2667 propheta.
1760 2597 2002 2666 Utraque
2029 2612 2124 2652 cx-

547 2690 748 2761 positio
783 2691 994 2746 ratione
1031 2699 1085 2745 et
1119 2690 1446 2745 auctoritate
1486 2689 1695 2744 nititur.
1721 2689 1990 2744 Caeterum
2029 2704 2124 2758 per

547 2796 692 2834 mare
719 2782 938 2834 vitreum
961 2779 1227 2834 immensa
1246 2780 1334 2834 illa
1354 2769 1664 2834 sanctarum
1685 2778 1956 2833 Virtutum
1983 2780 2125 2832 mul-

546 2870 742 2935 titudo,
772 2887 1066 2941 rerumque
1100 2873 1400 2926 caelestium
1429 2873 1497 2926 ab
1524 2872 1674 2926 omni
1723 2872 1842 2925 labe
1872 2871 2128 2924 immuni-

547 2973 672 3026 tas;
708 2978 920 3019 necnon
955 2978 1057 3033 pax
1089 2965 1180 3018 illa
1212 2979 1540 3034 summaque
1575 2964 1773 3018 futura:
1807 2967 1930 3018 vitze
1975 2975 2128 3019 trau-

545 3053 787 3121 quillitas
815 3054 1155 3124 designatur.
1192 3053 1334 3108 Sunt
1380 3062 1560 3108 tamen
1607 3055 1698 3123 qui
1736 3069 1828 3122 per
1870 3071 2016 3108 mare
2054 3057 2129 3108 vi-

546 3156 718 3199 treum
757 3161 931 3215 aquas
959 3145 1080 3200 illas
1109 3162 1230 3216 qua:
1255 3146 1558 3201 secundum
1588 3146 1934 3200 l’salmistam
1967 3162 2130 3216 super

547 3240 716 3296 ccelos
733 3240 982 3305 ﬁrmatae,
1004 3239 1211 3294 homini
1225 3255 1451 3310 prorsus
1469 3241 1757 3310 incognitae
1769 3249 1820 3294 et
1839 3239 2131 3295 inaccessa:

2224 2049 2331 2104 τοῦ
2359 2051 2573 2117 θρόνου
2593 2069 2605 2082 ·
2635 2052 2696 2104 αἵ
2724 2053 2844 2105 εἱσι
2872 2052 2943 2106 τὰ
2967 2051 3117 2106 ἑπτὰ
3145 2053 3453 2121 πνεύματα
3485 2051 3590 2106 τοῦ
3628 2053 3800 2107 Θεοῦ.

2225 2145 2335 2198 Kal
2366 2143 2625 2199 ἐνώπιον
2647 2144 2752 2199 τοῦ
2775 2147 3016 2212 θρόνου,
3051 2144 3336 2199 θάλασσα
3357 2145 3602 2212 ὑαλίνη,
3629 2145 3806 2214 ὁμοία

2225 2237 2610 2306 κρυστάλλῳ.

2296 2328 2377 2383 Τά
2409 2330 2465 2382 δὲ
2493 2329 2645 2382 ἑπτὰ
2669 2331 2985 2398 πνεύματα
3018 2329 3112 2383 τοῦ
3157 2329 3316 2393 Θεοῦ,
3356 2331 3485 2395 εἴτε,
3535 2331 3612 2394 ὥς
3635 2347 3802 2401 φησιν

2229 2420 2546 2490 Εἰρηναῖος,
2585 2419 2725 2472 ἑπτά
2761 2418 3027 2487 ἀγγέλους
3050 2418 3158 2470 τῶν
3191 2417 3396 2470 λοιπῶν
3434 2416 3803 2487 ὑπερέχοντας

2227 2512 2309 2565 δεῖ
2357 2513 2526 2577 νοεῖν,
2576 2507 2686 2563 είτέ
2714 2511 2814 2574 τὰς
2860 2511 3142 2579 ἐνεργείας
3186 2508 3279 2562 τοῦ
3322 2509 3588 2574 ζωοποιοῦ
3629 2509 3799 2563 Πνεύ·

2233 2620 2419 2673 ματος,
2459 2595 2533 2655 ὧν
2591 2602 2819 2665 Ἡσαΐας
2870 2603 3166 2671 μέμνηται.
3232 2601 3352 2653 Οὐδ’
3403 2600 3592 2670 ἕτερον
3649 2594 3805 2670 οἶμαι

2230 2693 2492 2748 ἀπίθανον
2520 2709 2535 2724 ο
2591 2693 2625 2761 ἡ
2670 2691 2738 2745 δὲ
2762 2692 2981 2763 ὑαλίνη
3017 2689 3298 2745 θάλασσα
3351 2691 3412 2744 τὸ
3448 2691 3650 2760 πλῆθος
3691 2690 3802 2744 τῶν

2231 2787 2400 2855 ἁγίων
2444 2787 2738 2854 Δυνάμεων
2774 2785 2868 2839 καὶ
2916 2783 2976 2837 τὸ
3030 2783 3270 2854 καθαρὸν
3304 2783 3396 2835 καὶ
3446 2782 3802 2850 άκηλίδωτον,

2231 2882 2324 2933 καὶ
2349 2879 2410 2933 τὸ
2439 2880 2538 2946 τῆς
2571 2879 2868 2949 μελλούσης
2891 2877 3035 2946 ζωῆς
3082 2875 3475 2947 χαρακτηρίζει
3506 2875 3804 2946 ἀτάραχον.

2231 2971 2386 3041 Τάχα
2438 2971 2494 3024 δὲ
2548 2971 2637 3024 διὰ
2683 2969 2885 3039 ταύτης
2933 2969 3184 3038 δηλοῦται
3233 2969 3302 3023 τά
3350 2969 3578 3041 οὐράνια
3635 2970 3804 3032 νῶτα,

2232 3061 2542 3129 ἀνεφίκτοις
2574 3063 2703 3131 ἡμῖν
2764 3059 2941 3126 ὕδασι,
2969 3059 3110 3112 κατὰ
3138 3062 3227 3111 τὸν
3258 3058 3580 3129 Ψαλμῳδὸν,
3610 3075 3805 3126 στεγιι⁹

2233 3153 2462 3223 ζόμενα.
2515 3152 2575 3206 Εἰ
2617 3153 2673 3206 δέ
2714 3171 2827 3206 τισι
2879 3152 3331 3222 κρυσταλλοειδὴς
3365 3153 3398 3222 ἡ
3431 3150 3525 3204 τοῦ
3573 3149 3807 3222 ούρανοῦ

2235 3247 2396 3317 φύσις
2438 3250 2772 3317 νενόμισται,
2821 3249 3045 3300 σκοπεῖν
3091 3247 3194 3318 χρὴ
3247 3247 3295 3299 εί
3333 3247 3426 3317 -μὴ
3457 3247 3488 3315 ἡ
3520 3247 3679 3300 οὐσία
3713 3244 3809 3300 τοῦ

549 3340 700 3397 sunt,
733 3333 1024 3388 denotatas
1059 3341 1252 3401 putant
1293 3349 1307 3386 :
1339 3340 1436 3386 aut
1467 3331 1836 3401 crystallinam
1871 3331 1994 3386 cadi
2028 3347 2130 3384 na-

2236 3341 2548 3403 θεοστιεοῦς
2587 3341 2798 3394 ἐκείνου
2828 3341 3058 3409 ἐδάφους
3096 3341 3186 3393 διὰ
3213 3339 3418 3394 τούτων
3453 3340 3809 3410 σημαίνεται,

548 3434 749 3486 turam,
783 3432 878 3478 aut
907 3424 1244 3493 singularem
1275 3431 1424 3478 certe
1452 3423 1619 3476 divini
1652 3422 1799 3478 illius
1832 3423 2126 3492 pavimenti

551 3514 816 3584 fulgorem
843 3524 898 3569 et
923 3516 1387 3592 perspicuitatem.
1413 3513 1614 3569 Verum
1640 3529 1820 3570 rerum
1842 3531 1963 3584 qua:
1986 3531 2134 3569 men-

549 3603 620 3658 tis
645 3613 847 3659 nostrse
864 3613 1081 3675 captum
1102 3603 1390 3668 excedunt,
1416 3595 1818 3673 investigationi
1841 3603 2130 3674 prolixius,

548 3712 714 3766 quam
748 3713 845 3767 par
877 3706 982 3764 est,
1013 3698 1287 3763 insistere,
1320 3698 1611 3753 ridiculum
1657 3698 1910 3754 fortassis
1945 3699 2130 3755 fuerit.

619 3787 708 3855 IV,
739 3789 792 3844 6.
822 3789 892 3844 Et
920 3791 973 3843 in
1002 3792 1170 3844 medio
1197 3791 1358 3857 sedis,
1388 3803 1437 3845 et
1464 3791 1519 3844 in
1554 3791 1779 3844 circuitu
1809 3792 1968 3855 sedis,
1997 3809 2133 3861 qua-

548 3892 668 3934 tuor
687 3883 945 3936 animalia
973 3883 1129 3952 plena
1155 3882 1322 3936 oculis
1353 3892 1475 3937 ante
1497 3893 1546 3937 et
1582 3893 1743 3937 retro.

621 4059 724 4116 Per
755 4062 870 4116 haec
908 4060 1216 4115 ostenditur
1242 4061 1487 4115 thronum
1524 4061 1619 4114 Dei
1666 4061 1796 4115 nihil
1842 4061 1954 4115 fere
1990 4060 2133 4115 aliud

549 4170 694 4217 esse,
725 4169 887 4224 quam
921 4169 1150 4223 regnum
1192 4154 1307 4219 Dei,
1338 4154 1748 4225 jucundamque
1790 4153 2032 4224 ejusdem
2081 4155 2132 4208 in

551 4247 758 4302 sanctis
789 4245 1052 4316 requiem.
1081 4247 1271 4302 Cernit
1312 4257 1494 4302 autem
1531 4247 1585 4301 in
1633 4261 1802 4317 regno
1845 4247 1938 4302 illo
1973 4248 2137 4301 Sera-

549 4340 697 4405 phim
725 4340 902 4394 oculis
931 4341 1088 4409 plena
1114 4339 1488 4409 thronumque
1510 4379 1536 4412 ,g
1574 4339 1640 4393 de
1672 4354 1782 4408 quo
1826 4339 1916 4392 hie
1955 4353 2136 4393 sermo

551 4441 674 4497 est,
704 4431 909 4501 jugiter
957 4433 1237 4486 obeuntia.
1293 4431 1584 4486 Oeulorum
1632 4442 1812 4483 autem
1871 4445 2135 4492 numero,

554 4526 663 4578 vim
700 4541 806 4593 qua
847 4524 912 4577 ad
955 4523 1290 4578 hauriendos
1333 4522 1642 4577 Divinitatis
1683 4520 1867 4573 radios
1912 4519 2136 4588 pollent,

555 4617 663 4685 2ο
693 4617 834 4670 haud
881 4614 1044 4668 dubie
1075 4614 1406 4680 subindicat,
1438 4610 1885 4683 quandoquidem
1919 4624 1982 4662 ea
2017 4625 2139 4677 per-

559 4709 792 4762 fectione
817 4724 847 4761 a
878 4707 985 4762 Deo
1013 4707 1378 4766 illustrantur,
1419 4715 1478 4758 ut
1516 4712 1570 4758 et
1590 4704 1702 4770 ,illa
1755 4702 1975 4754 videant
2019 4717 2140 4770 qu.e

555 4801 669 4870 jatn
706 4800 910 4854 dudum
947 4807 1073 4854 ante
1110 4809 1240 4854 Sunt
1285 4796 1427 4854 facta
1452 4838 1467 4864 ,
1519 4805 1574 4851 et
1619 4795 1710 4848 illa
1765 4809 1984 4848 rursum
2025 4809 2146 4862 quac

559 4898 687 4947 uitur
722 4903 849 4947 sunt
879 4893 1088 4946 futura.

631 4986 721 5054 ιν,
749 4987 802 5040 7.
836 4985 903 5039 Et
934 4984 1134 5039 animal
1174 4983 1405 5054 primum
1451 4978 1623 5034 simile
1653 4978 1826 5042 leoni;
1866 4987 1913 5032 et
1955 4993 2144 5031 secun-

560 5085 683 5134 dum
715 5079 916 5134 animal
947 5077 1118 5133 simile
1148 5075 1350 5139 vitulo;
1383 5082 1432 5128 et
1465 5072 1677 5126 tertium
1709 5069 1909 5124 animal
1948 5069 2141 5122 habens

563 5173 756 5241 [aciem
812 5174 946 5225 velut
997 5169 1256 5234 hominis;
1308 5177 1357 5221 et
1406 5175 1656 5236 quartum
1707 5162 1907 5216 animal
1967 5160 2138 5215 simile

563 5265 757 5336 aquila'
786 5262 1004 5316 volanti.
1079 5286 1087 5290 -

636 5353 918 5421 Ejusmodi
966 5351 1224 5406 animalia
1271 5351 1532 5420 pr0pheta
1589 5347 1840 5404 Ezechiel
1890 5357 2137 5403 contem-

564 5451 748 5520 platus
770 5461 988 5516 quoque
1017 5443 1232 5514 legitur.
1263 5443 1529 5498 Caeterum
1556 5457 1651 5513 per
1675 5455 1915 5512 quatuor
1950 5439 2140 5501 facies,

567 5552 804 5614 quatuor
844 5539 1134 5600 elementa,
1181 5553 1246 5592 ex
1280 5537 1481 5607 quibus
1513 5536 1676 5592 homo
1711 5541 2140 5604 coagmentatur,

567 5633 998 5700 eorumdemque
1021 5631 1327 5702 procreatio
1356 5638 1410 5686 et
1435 5628 1799 5693 conservatio,
1822 5635 1878 5681 ut
1911 5624 2145 5678 nonnul-

574 5729 644 5782 lis
682 5727 875 5796 plaeet,
930 5725 1032 5779 hoc
1081 5726 1197 5781 loco
1247 5723 1576 5779 denotamur
1618 5738 1629 5774 :
1669 5730 1762 5775 aut
1807 5718 1898 5772 Dei
1952 5717 2004 5769 in
2060 5732 2146 5770 res

578 5834 787 5874 omnes.
816 5817 1047 5873 siveilla:
1078 5818 1130 5872 in
1156 5818 1318 5886 coelo,
1343 5814 1456 5871 sive
1493 5813 1545 5866 iu
1573 5824 1735 5876 terra,
1769 5811 1882 5867 sive
1909 5808 1960 5863 in
1989 5806 2144 5871 mari,

2233 3435 2295 3488 τὸ
2343 3435 2553 3486 στίλϐον
2599 3434 2736 3504 ὁμοῦ
2790 3435 2884 3486 καὶ
2925 3433 3142 3502 διαυγὲς
3195 3433 3411 3504 ἔχουσα.
3483 3433 3644 3488 Ἀλλὰ
3700 3435 3810 3489 τῶν

2235 3526 2376 3596 ὑπὲρ
2410 3526 2712 3596 κατάληψιν
2743 3527 2774 3596 ἡ
2805 3526 3000 3598 ἔρευνα
3028 3527 3455 3595 καταγέλαστος.

2307 3796 2416 3850 Kal
2453 3797 2522 3848 ἐν
2548 3795 2716 3864 μέσῳ
2752 3793 2856 3848 τοῦ
2890 3795 3131 3861 θρόνου,
3169 3795 3266 3847 καί
3313 3795 3514 3861 κύκλῳ
3544 3796 3646 3849 τοῦ
3675 3794 3809 3862 θρό-

2236 3905 2368 3952 νου,
2397 3887 2665 3952 τέσσαρα
2695 3883 2806 3944 ζῶα
2832 3884 3083 3952 γέμοντα
3115 3884 3438 3954 ὀφθαλμῶν
3468 3884 3812 3954 ἔμπροσθεν

2237 3981 2332 4035 καί
2370 3981 2641 4032 ὄπισθεν.

2311 4073 2442 4146 [Kal
2468 4073 2675 4137 κύκλῳ
2707 4069 2814 4124 τοῦ
2848 4073 3086 4137 θρόνου,
3115 4069 3383 4136 τέσσαρα
3417 4067 3527 4129 ζῶα
3558 4067 3814 4138 γέμοντα

2237 4165 2581 4237 ὀφθαλμῶν.
2606 4163 2703 4236 —-]
2736 4165 2844 4218 Καὶ
2876 4163 2962 4216 διὰ
3001 4161 3190 4215 τούτου
3233 4162 3508 4215 δείκνυται
3556 4162 3584 4213 ὁ
3623 4161 3813 4231 θρόνος

2238 4257 2571 4328 σημαντικδς
2594 4251 2732 4307 εἷναι
2761 4257 2858 4323 τῆς
2889 4254 2981 4306 τοῦ
3014 4254 3150 4305 Θεοῦ
3178 4251 3455 4321 βασιλείας
3488 4270 3544 4305 τε
3568 4253 3661 4304 καὶ
3681 4254 3812 4305 ἀνα·

2241 4349 2523 4407 παύσεως·
2554 4347 2611 4397 ὲν
2707 4347 2798 4397 καὶ
2841 4347 2967 4414 περὶ
3000 4344 3066 4414 ἢν
3101 4345 3169 4396 τὰ
3197 4342 3456 4411 Σερίεφίμ
3505 4341 3812 4411 ἐθεώρησε·

2238 4435 2324 4487 διὰ
2346 4433 2440 4486 τοῦ
2482 4433 2719 4502 πλήθους
2748 4433 2854 4485 τῶν
2889 4432 3214 4501 ὀφθαλμῶν
3252 4432 3312 4484 τὸ
3366 4432 3503 4501 πρὸς
3535 4431 3634 4493 τὰς
3662 4431 3816 4493 θείας

2241 4525 2413 4592 αὐγὰς
2443 4523 2727 4577 θεοπτικδν
2774 4525 2953 4577 αὑτῶν
2993 4525 3400 4592 διδασκόμενος.
3440 4524 3820 4592 Ἕμπροσθεν

2193 4664 2216 4685 ,ι
2247 4618 2340 4670 καί
2363 4617 2632 4669 ὄπισθεν·
2655 4618 2737 4669 ὅτι
2769 4617 2861 4669 καὶ
2885 4617 2991 4669 τῶν
3009 4616 3315 4685 ἔμπροσθεν
3340 4617 3435 4669 καὶ
3461 4616 3566 4669 τῶν
3593 4614 3818 4668 ὄπισθεν

2247 4708 2475 4781 [θεόθεν]
2519 4709 2613 4779 τὴν
2643 4709 2844 4778 γνῶσιν
2869 4708 3283 4776 ἐναυγάζονται.

2313 4965 2421 5021 Kal
2460 4966 2524 5019 τὸ
2555 4964 2699 5026 mor
2726 4965 2790 5019 τὸ
2821 4964 3079 5032 πρῶτον,
3106 4965 3312 5036 ὅμοιον
3341 4967 3572 5019 λέοντιο
3608 4968 3703 5018 καὶ
3756 4967 3824 5018 τὸ

2243 5060 2524 5126 δεύτερον
2550 5057 2714 5121 ζῶον,
2739 5057 2944 5127 ὅμοιον
2963 5056 3191 5125 μόσχῳ·
3217 5057 3313 5111 καί
3338 5058 3402 5110 τὸ
3426 5057 3626 5124 τρίτον
3651 5055 3823 5119 ζῶον,

2246 5153 2392 5220 ἔχον
2455 5150 2780 5219 πρόσωπον
2840 5147 3188 5215 ἀνθρώπου·
3252 5148 3348 5202 καί
3415 5147 3481 5202 τὸ
3542 5146 3828 5216 τέταρτον

2248 5241 2413 5308 ζῶον,
2451 5243 2658 5312 ὅμοιον
2685 5240 2834 5306 ἀετῷ
2860 5239 3182 5308 πετομένῳ.

2319 5334 2504 5390 Ταῦτα
2545 5335 2614 5387 τὰ
2657 5331 2943 5404 [τέσσαρα]
2997 5333 3110 5398 ζῶα
3165 5334 3258 5386 καὶ
3314 5331 3404 5385 τὸν
3442 5332 3671 5385 Ἡσαΐαν
3726 5350 3819 5384 τε·

2249 5429 2477 5483 θεᾶσθαι
2527 5427 2822 5497 νομίζομεν
2848 5444 2860 5458 ι
2897 5427 2985 5480 διὰ
3031 5425 3140 5479 τῶν
3193 5427 3475 5498 τεσσάρων
3511 5424 3828 5495 προσώπων

2247 5520 2512 5591 δηλοῦντα
2566 5518 2749 5590 [site]
2794 5519 2893 5591 τὴν
2941 5519 3050 5572 τῶν
3096 5520 3380 5585 τεσσάρων
3417 5518 3702 5590 στοιχείων
3732 5519 3828 5572 τοῦ

2250 5613 2802 5683 Θεοῦδημιουργίαν
2860 5630 2918 5666 τε
2975 5614 3068 5666 καὶ
3131 5615 3482 5682 συντήρησιν,
3547 5612 3622 5673 ὥς
3682 5627 3828 5664 τισιν

2259 5705 2458 5770 ἔδοξεν,
2504 5707 2612 5756 εἴτε
2642 5706 2750 5756 τῶν
2783 5707 3050 5776 οὐρανίων
3080 5707 3170 5758 καὶ
3209 5706 3467 5772 ἐπιγείων
3501 5707 3595 5756 καὶ
3635 5703 3742 5754 τῶν
3775 5705 3834 5756 ἐν

2255 5796 2497 5866 θαλάσσῃ
2529 5796 2643 5866 1καῖ
2672 5797 3063 5868 καταχθονίων]
3097 5799 3193 5867 τὴν
3225 5797 3440 5870 ίθείαν]
3476 5795 3828 5848 δεσποτείαν·
