4040 6582
262 421 367 486 257

1220 426 1827 487 COMMENTARIUS
1864 426 1947 486 IN
1988 428 2520 490 APOCALYPS‘KN.

3412 432 3521 509 258

266 534 375 584 εῑτε
421 531 519 595 τὰς
577 532 778 600 ἀρετὰς
841 533 939 596 τὰς
986 535 1279 604 τέσσαρας,
1334 535 1428 587 καὶ
1476 534 1545 587 τὰ
1599 536 1844 606 τέσσαρα

1952 538 2064 593 sive
2102 538 2156 591 in
2182 554 2329 607 acre,
2368 539 2483 594 sive
2513 540 2615 594 sub
2649 550 2792 598 terra
2832 542 3099 600 exsistant
3125 583 3140 609 ,
3166 543 3480 601 dominatus
3514 587 3531 611 ,

268 624 597 692 Εὐαγγέλια,
625 625 700 687 ὡς
723 625 931 696 ἑτέροις
967 625 1153 689 καλῶς
1180 626 1324 694 ἔχειν
1358 625 1667 694 λελόγισται
1691 642 1703 657 ’
1737 628 1844 681 τοῦ

269 714 369 780 μὲν
404 714 658 779 λέοντος
712 714 1000 784 δηλοῦντος
1049 716 1147 785 τὴν
1194 715 1445 785 ἀνδρείαν
1497 717 1678 769 καὶτὸ
1708 717 1847 770 κατὰ

278 805 534 877 Ἰωάννην
557 806 914 875 Εὑαγγέλιον,
938 808 1014 871 ὣς
1036 825 1203 877 φησιν
1226 809 1532 880 Εἰρηναῖος·
1561 808 1644 861 διὰ
1669 809 1729 862 τὸ
1748 808 1847 877 τῆς

266 898 596 965 προαιωνίου
634 898 910 967 βασιλείας
954 898 1144 952 τούτου
1188 899 1562 970 σημαντικόνο
1601 900 1658 951 ὲν
1701 901 1843 970 ἀρχῇ

266 992 376 1060 γὰρ
403 988 542 1044 εἷναι
582 992 674 1045 τὸν
720 993 892 1060 Λόγον
920 992 1155 1063 ἐκήρυξε
1175 1008 1187 1021 ·
1219 993 1326 1047 τοῦ
1365 992 1425 1044 δὲ
1456 993 1719 1061 μόσχου,
1749 992 1844 1045 ἅτε

264 1083 381 1145 τοῖς
426 1082 647 1146 οἰκείοις
702 1083 1048 1153 ἀρκουμένου
1099 1083 1305 1149 πόνοις,
1355 1082 1454 1155 τὴν
1501 1083 1846 1154 δικαιοσύνην

266 1174 363 1227 καὶ
410 1173 472 1225 τὸ
499 1175 639 1227 κατὰ
674 1175 887 1226 Λουκᾶν
945 1173 1297 1242 Εὐαγγέλιον,
1352 1172 1429 1236 ὼς
1478 1173 1717 1243 νομικῶς
1753 1174 1847 1225 καὶ

268 1265 566 1335 ἱερατικῶς
638 1265 729 1318 τὸν
797 1266 1032 1334 Χριστὸν
1092 1264 1527 1335 γενεαλογῆσαν·
1611 1263 1717 1317 τοῦ
1787 1263 1844 1316 δὲ

262 1357 467 1421 ἀετοῦ,
504 1358 599 1428 τὴν
633 1357 1023 1429 σωφροσύνην*
1053 1358 1258 1428 ταύτην
1297 1357 1406 1428 γὰρ
1439 1354 1663 1428 [φιλεῖν]
1701 1373 1845 1425 μαρσ

264 1451 510 1519 τυρεῖται
552 1449 751 1521 [τοῦτο]
806 1450 866 1502 τὸ
918 1450 1091 1514 ζῶον·
1154 1448 1248 1502 καὶ
1306 1449 1367 1502 τὸ
1423 1449 1563 1502 κατὰ
1618 1448 1844 1518 Μάρκον

264 1542 618 1609 Εὐαγγέλιον,
651 1542 725 1604 ὼς
768 1541 1030 1612 σύντομον
1071 1524 1165 1594 καὶ
1214 1541 1324 1597 ἀπὸ
1364 1540 1459 1593 τοῦ
1502 1539 1844 1612 προφητικοῦ

262 1634 585 1703 Πνεύματος
608 1633 944 1703 ἀρξάμενον·
978 1633 1089 1686 τοῦ
1118 1632 1173 1685 δὲ
1205 1633 1521 1700 ἀνθρώπου
1564 1634 1661 1704 τὴν
1709 1632 1843 1702 φρό-

260 1744 442 1798 νησιν,
476 1726 573 1780 καὶ
603 1726 664 1778 τὸ
704 1726 843 1782 κατὰ
876 1724 1151 1779 ΜατΟαῖον
1188 1726 1537 1791 Εὑαγγέλιον,
1577 1725 1650 1788 ὡς
1685 1725 1844 1795 φύσει

261 1822 359 1873 καὶ
404 1821 464 1873 οὐ
516 1820 664 1889 νόμῳ
697 1819 940 1889 κηρύξαν
969 1820 1068 1886 τὴν
1097 1816 1241 1889 [τοῦ]
1288 1819 1527 1889 Χριστοῦ
1564 1820 1839 1889 γέννησιν.

1950 639 2044 683 aut
2070 638 2307 699 quatuor
2333 632 2606 700 primariae
2638 633 2867 690 virtutes
2917 654 2931 690 :
2962 645 3057 691 aut
3087 646 3326 705 quatuor
3359 637 3535 692 Evan-

1947 722 2086 794 gelia
2122 741 2135 779 :
2182 733 2298 788 aut,
2339 724 2482 794 quod
2533 725 2653 780 aliis
2692 728 2863 797 magis
2900 728 3184 798 probatur,
3237 739 3534 798 utrumque

1948 811 2113 865 simul
2160 830 2172 866 :
2210 812 2355 866 leone
2411 814 2631 883 quidem
2686 814 3062 871 fortitudinem
3094 826 3149 871 et
3179 817 3529 886 Evangelium

1946 902 2249 957 secundum
2283 901 2551 957 Joannem
2585 903 2951 973 signiﬁcante.
2988 905 3157 971 Nam,
3206 916 3263 959 nt
3294 908 3532 963 tremens

1946 994 2244 1061 admonet,
2275 1012 2444 1049 unum
2481 998 2586 1050 hoc
2631 997 2683 1051 in
2718 997 2836 1067 ipso
2866 998 3048 1053 statim
3080 1000 3303 1053 exordio
3332 1002 3533 1069 sempi-

1948 1087 2086 1140 terni
2119 1087 2268 1157 regni
2296 1088 2630 1145 mentionem
2666 1090 2851 1145 infert.
2878 1089 3145 1145 Praedicat
3177 1107 3413 1160 namque
3438 1090 3533 1144 Dei

1949 1176 2186 1233 Verbum
2215 1196 2245 1234 a
2277 1181 2860 1251 principio'exstitisse.
2895 1182 3074 1237 Vitulo
3099 1198 3248 1248 vero,
3274 1192 3529 1253 tanquam

1946 1272 2184 1341 propriis
2218 1273 2413 1342 opibus
2448 1274 2837 1346 laboribusque
2875 1286 3133 1330 contento
3166 1276 3383 1345 sibique
3417 1276 3533 1331 suf-

1948 1362 2183 1426 ﬁciente,
2206 1365 2479 1431 justitiam
2509 1374 2563 1421 et
2590 1367 2940 1437 Evangelium
2966 1368 3267 1423 secundum
3302 1366 3530 1432 Lucam,

1945 1451 2036 1520 qui
2068 1451 2271 1505 Christi
2304 1454 2671 1524 genealogiam
2707 1456 2867 1511 simul
2897 1470 2990 1525 per
3012 1456 3235 1525 legalem
3268 1467 3320 1510 et
3344 1472 3532 1511 sacer-

1946 1541 2180 1595 dotalem
2208 1543 2403 1597 lineam
2428 1544 2579 1599 ducit
2608 1563 2621 1599 :
2657 1546 2833 1616 aquila
2858 1557 3062 1611 autem,
3091 1550 3530 1617 temperantiam,

1947 1632 2099 1700 (huic
2125 1632 2269 1685 enim
2302 1634 2525 1687 animali
2567 1636 2755 1690 isthmc
2789 1638 2963 1691 virtus
2991 1636 3279 1692 familiaris
3312 1637 3529 1708 fertUr),

1920 1733 1998 1777 ‘et
2045 1725 2396 1793 Evangelium
2442 1727 2739 1781 secundum
2778 1727 3044 1793 Marcum,
3086 1728 3229 1798 quod
3267 1737 3320 1782 et
3369 1729 3532 1782 breve

1945 1827 2048 1881 est,
2079 1826 2134 1872 et
2163 1834 2192 1872 a
2216 1819 2534 1889 prophetico
2561 1819 2772 1889 Spiritu
2795 1820 3084 1876 exordium
3117 1821 3249 1875 facit
3278 1839 3291 1875 :
3322 1820 3531 1874 homine

261 1912 427 1975 Εἰκὸς
457 1911 513 1964 δὲ
552 1910 637 1963 διὰ
663 1909 867 1963 τούτων
908 1910 1001 1963 καὶ
1049 1909 1147 1981 τὴν
1174 1911 1489 1981 οἰκονομίαν
1531 1910 1672 1985 [τοῦ]
1708 1914 1844 1982 Χρι-

1952 1910 2162 1965 tandem
2196 1912 2544 1981 prudentiam
2574 1922 2628 1966 et
2662 1912 3015 1984 Evangelium
3058 1914 3360 1970 secundum
3392 1913 3533 1969 Mat-

263 2002 393 2057 στοῦ
422 2000 736 2075 δηλοῦσθαι·
766 2001 855 2056 διὰ
881 2001 985 2055 τοῦ
1015 2002 1286 2068 λέοντος,
1318 2003 1393 2065 ὡς
1420 2003 1720 2073 βασιλέως·
1753 2004 1841 2057 διὰ

259 2094 371 2148 τοῦ
389 2094 649 2163 μόσχου,
681 2093 756 2157 ὡς
791 2094 1001 2164 ἱερέως,
1040 2094 1242 2165 μᾶλλον
1270 2094 1327 2149 δὲ
1365 2095 1459 2147 καὶ
1488 2095 1687 2165 ἱερείου
1710 2111 1722 2123 ·
1752 2095 1842 2148 διὰ

261 2184 371 2238 τοῦ
408 2183 745 2251 ἀνθρώπου,
790 2184 866 2247 ὼς
912 2184 979 2236 δι’
1016 2184 1164 2253 ἡμᾶς
1214 2182 1616 2253 ἀνδρωθέντοςο
1668 2183 1755 2237 διὰ
1784 2183 1841 2237 δὲ

262 2277 372 2331 τοῦ
399 2277 597 2341 ἀετοῦ,
620 2276 695 2340 ὡς
720 2276 957 2347 χορηγοῦ
976 2274 1068 2328 τοῦ
1095 2274 1358 2341 ξωοποιοῦ
1376 2274 1512 2328 Πνεύ
1522 2293 1709 2345 ματος,
1740 2276 1837 2330 τοῦ

262 2369 593 2432 ἐπιπτάντος
622 2371 752 2439 ἡμῖν
786 2367 1013 2422 ἄνωθεν.

1944 2002 2336 2072 thzeum,‘quod
2357 2004 2511 2072 legali
2540 2003 2732 2066 missa,
2757 2005 3064 2060 naturalem
3085 2014 3292 2060 tantum
3319 2005 3527 2059 Christi

1945 2094 2352 2164 generationem
2382 2096 2534 2149 texit.
2573 2094 2859 2150 Probabile
2898 2097 2957 2151 ﬁt
2992 2113 3207 2167 quoque
3230 2097 3530 2166 praecipuas

1946 2185 2268 2239 (economia:
2293 2184 2497 2239 Christi
2526 2193 2708 2255 partes
2734 2201 2829 2255 per
2854 2195 3095 2255 quatuor
3125 2188 3239 2242 hinc
3270 2186 3528 2241 animalia

1945 2275 2234 2345 designare
2283 2275 2546 2331 voluisse.
2603 2276 2803 2345 Regem
2856 2278 3138 2333 exstitisse
3168 2319 3182 2341 .
3228 2278 3528 2332 indicatum

1946 2368 2115 2421 videri
2158 2377 2334 2437 potest
2363 2384 2459 2438 per
2504 2368 2704 2421 leonem
2746 2384 2763 2421 :
2801 2370 3140 2424 sacerdotem
3188 2384 3351 2438 porro
3376 2408 3391 2432 ,
3429 2377 3525 2423 aut

261 2461 447 2517 verius
476 2462 826 2526 sacriﬁcium,
858 2477 953 2530 per
980 2460 1200 2515 vitulum
1229 2476 1247 2514 :
1272 2460 1444 2541 nostri
1471 2473 1651 2515 autem
1682 2477 1849 2516 cau~a
1905 2476 2125 2516 carnem
2177 2461 2564 2531 assumpsisse,
2599 2478 2695 2532 per
2730 2461 3034 2517 hominem:
3071 2461 3268 2518 viviﬁci
3298 2461 3532 2532 denique

200 2566 208 2572 '
264 2551 525 2624 Spiritus,
562 2556 654 2625 qui
684 2571 713 2612 e
744 2556 995 2623 supernis
1027 2556 1274 2620 devolat,
1307 2557 1601 2626 benignum
1634 2556 1947 2626 largitorem
1972 2571 2117 2621 esse,
2152 2571 2248 2626 per
2272 2556 2531 2625 aquilam.

336 2648 441 2699 Kal
472 2646 737 2718 τέσσαρα
782 2648 913 2711 ζῶα,
948 2647 1019 2701 ἒν
1054 2650 1183 2701 καθ’
1212 2646 1281 2701 ἓν
1310 2647 1511 2702 αὐτῶν
1542 2646 1690 2716 ἕχον
1724 2647 1841 2701 ἀνὰ

261 2735 563 2805 πτέρυγας
606 2738 674 2802 ἐξ
726 2739 1056 2803 κύκλωθεν,
1108 2737 1206 2793 καὶ
1263 2737 1494 2793 ἔσωθεν
1549 2734 1840 2807 γέμουσιν

261 2828 339 2894 ὀφ
348 2828 607 2895 θιιλμῶν.

335 2922 466 2992 [Kal
494 2921 758 2991 τέσσαρα
790 2921 900 2983 ζῶα
927 2921 997 2976 ἐν
1029 2922 1158 2976 καθ’
1202 2920 1271 2974 ἒν
1310 2919 1509 2976 αὐτῶν
1538 2919 1687 2988 ἕχον
1719 2918 1839 2973 ἀνὰ

260 3015 567 3085 πτέρυγας
613 3015 701 3081 ἓξ.
739 3043 799 3055 -
825 3015 843 3087 ]
873 3014 1059 3068 Ταῦτα
1099 3016 1126 3067 ὁ
1163 3013 1336 3084 μέγας
1387 3014 1520 3081 φησὶ
1564 3012 1838 3075 Διονύσιος

260 3107 353 3158 διὰ
381 3104 538 3157 τοῦτο
568 3107 684 3168 ταῖς
714 3106 832 3158 δυσὶ
862 3104 1089 3175 πτέρυξι
1118 3104 1414 3158 καλύπτειν
1446 3103 1514 3156 τὰ
1545 3103 1833 3169 πρόσωπα,

264 3198 363 3249 καὶ
390 3197 509 3259 ταῖς
532 3196 652 3248 δυσὶ
684 3196 809 3258 τοὺς
840 3195 1028 3258 πόδας,
1058 3196 1151 3246 καὶ
1182 3195 1299 3256 ταῖς
1333 3193 1526 3263 μέσαις
1557 3191 1837 3243 πέτεσθαι²
1866 3184 1910 3246 C
1945 3194 2196 3247 volabant
2243 3211 2256 3247 :

265 3288 353 3342 ἵνα
381 3289 416 3359 ἡ
444 3289 573 3359 περὶ
599 3288 665 3340 τὰ
699 3286 1005 3358 ὑψηλότερα
1032 3282 1259 3357 ἰαύτῶν]
1292 3284 1386 3336 καὶ
1434 3281 1709 3353 βαθύτερα
1739 3282 1839 3348 τῆς

262 3380 475 3442 οἰκείας
503 3378 862 3448 καταλήψεως
905 3380 1045 3447 φανῇ
1082 3375 1367 3429 εὐλάϐεια·
1399 3373 1468 3425 δι’
1498 3374 1564 3443 ἢν
1591 3374 1706 3433 τοῖς
1742 3372 1841 3443 μέ·

265 3490 383 3537 σοις
412 3471 548 3542 πρὸς
582 3472 679 3533 τὰς
712 3471 1008 3544 οεαρχικὰς
1065 3469 1239 3538 αὐγὰς
1270 3466 1429 3540 [τοῖς]
1461 3464 1624 3529 θείοις
1657 3464 1843 3533 ζυγοῖς

266 3566 660 3620 ἀνατείνονται.

336 3745 447 3799 Καί
496 3743 847 3797 ἀνάπαυσιν
888 3744 998 3797 οὐκ
1044 3741 1317 3810 ἔχουσιν,
1352 3738 1578 3806 ἡμέρας
1612 3737 1708 3790 καὶ
1735 3754 1841 3791 νυ-

262 3836 407 3903 nec
448 3836 758 3907 λέγοντες·
794 3835 1017 3903 "Aquae,
1072 3834 1256 3899 ἅγιος,
1306 3832 1505 3901 ἅγιος·
1555 3832 1766 3897 Κύριος
1812 3833 1845 3883 ό

265 3928 413 3994 Θεὸς
438 3931 471 3981 ό
516 3926 965 3995 παντοκράτωρ,
993 3928 1026 3979 ὀ
1050 3922 1154 3989 ὢν,
1181 3923 1280 3976 καί
1302 3925 1334 3976 ό
1362 3918 1460 3992 ἦν,
1488 3922 1585 3975 καὶ
1614 3925 1646 3975 ὀ
1679 3921 1845 3989 ἐρχό-

258 4038 469 4091 μενος.

349 4113 708 4178 Ἀνὰπαυσις
737 4111 793 4164 δὲ
831 4111 949 4172 ταῖς
980 4107 1164 4175 ἁγίαις
1197 4106 1425 4167 ταύταις
1456 4102 1750 4173 δυνάμεσι,
1785 4102 1845 4155 τὸ

263 4212 330 4260 εκ
360 4208 459 4276 τῆς
506 4205 654 4268 θείας
694 4201 965 4275 ὑμνῳδίας
995 4200 1069 4271 μὴ
1114 4198 1408 4261 παύεσθαι,
1447 4196 1541 4248 καὶ
1572 4194 1662 4247 τὸν
1692 4211 1846 4265 τρισ-

263 4298 358 4350 σὸν
387 4294 655 4365 ἁγιασμδν
685 4297 750 4363 τῇ
781 4289 1197 4362 τρισυποστάτῳ
1222 4286 1553 4357 προσφέρειν
1584 4283 1833 4353 Θεὸτητι.

261 4392 338 4443 Τὸ
371 4390 448 4454 δὲ,
496 4388 549 4440 Ὀ
576 4389 659 4441 ὢν
682 4387 780 4440 καὶ
809 4389 840 4440 ὀ
872 4381 949 4455 ἦν
978 4383 1072 4436 καὶ
1104 4384 1135 4435 ό
1161 4380 1484 4448 ἐρχόμενος
1510 4376 1581 4449 [ό
1620 4392 1841 4429 παντο-

262 4480 494 4550 κράτωρ
515 4479 558 4553 ],
591 4481 687 4550 τὴν
719 4478 883 4546 ἁγίαν
908 4475 1114 4546 Τριάδα
1147 4472 1339 4542 δηλοῦν
1365 4471 1599 4541 ἔφημεν.

2023 2645 2112 2709 lV,
2148 2648 2201 2701 8.
2238 2647 2305 2700 Et
2327 2656 2556 2717 quatuor
2591 2649 2885 2714 animalia,
2923 2647 3133 2718 singula
3162 2663 3341 2701 eorum
3369 2645 3532 2705 habe-

1947 2741 2071 2795 bant
2095 2740 2209 2795 alas
2236 2758 2386 2795 senas
2417 2743 2468 2794 in
2494 2743 2742 2808 circuitu,
2769 2753 2815 2796 et
2842 2746 2984 2795 intus
3011 2741 3164 2811 plena
3194 2750 3314 2794 sunt
3342 2742 3527 2797 oculis.

2016 2918 2263 2984 Quatuor
2312 2919 2424 2973 ha‘c
2468 2919 2756 2983 animalia,
2814 2927 2873 2972 ut
2906 2934 3103 2986 magno
3150 2916 3405 2989 Dionysio
3450 2918 3532 2971 vi-

1943 3025 2066 3064 sum
2101 3020 2219 3076 est,
2253 3010 2463 3065 duabus
2511 3012 2613 3065 alis
2660 3010 2731 3065 ob
2767 3010 2820 3063 id
2864 3009 3033 3064 facies
3075 3025 3204 3064 suas
3239 3009 3526 3079 tegebant,

1944 3102 2156 3155 duabus
2204 3117 2422 3155 rursum
2460 3102 2655 3173 pedes;
2700 3112 2754 3156 et
2798 3101 3011 3156 duabus
3062 3101 3281 3155 tandem
3334 3100 3529 3155 mediis

2311 3210 2421 3264 quo
2452 3194 2579 3249 hinc
2630 3203 2905 3248 constaret
2951 3200 3157 3261 quanto
3208 3208 3333 3246 eum
3383 3201 3526 3247 metu

1942 3294 1997 3340 et
2044 3286 2348 3339 reverentia
2406 3286 2457 3339 in
2511 3284 2892 3338 sublimiorum
2943 3300 3123 3339 rerum
3164 3282 3429 3339 theoriam
3475 3295 3529 3339 et

1944 3378 2378 3447 inquisitionem,
2400 3376 2934 3447 profundiorumqne
2962 3376 3348 3446 mysteriorum
3375 3391 3528 3430 eom-

1943 3472 2360 3541 prehensionem
2388 3469 2636 3524 ferantur
2658 3488 2672 3535 ;
2698 3480 3013 3539 quantaque
3033 3471 3286 3525 cnutione
3306 3470 3530 3525 haustos

1951 3560 2262 3615 Divinitatis
2294 3563 2507 3624 radios,
2559 3561 2623 3614 ad
2672 3561 2810 3614 alios
2865 3561 3178 3630 interjeetos
3221 3561 3444 3615 ordines
3476 3571 3531 3615 et

1944 3650 2101 3706 sedes
2127 3666 2233 3705 non
2263 3654 2470 3722 absque
2493 3652 2585 3704 Dei
2607 3651 2760 3721 jussu
2791 3653 3158 3705 transmittere
3188 3650 3421 3705 soleant.

2014 3745 2105 3810 IV,
2134 3744 2186 3798 8.
2217 3743 2285 3796 Et
2319 3746 2542 3813 requiem
2576 3760 2677 3796 non
2710 3742 2898 3795 habent
2929 3743 3012 3795 die
3042 3758 3103 3794 ac
3135 3752 3314 3807 nocte,
3348 3742 3528 3796 dicen-

1948 3838 2051 3891 tia:
2083 3836 2332 3895 Sanctus,
2365 3843 2600 3899 sanctus,
2638 3844 2854 3887 sanctus
2890 3832 3143 3885 Dominus
3178 3832 3317 3885 Deus
3352 3831 3528 3885 omni-

1943 3940 2144 3999 potens,
2171 3929 2259 3997 qui
2290 3936 2387 3993 est,
2412 3936 2459 3979 et
2489 3925 2578 3995 qui
2607 3934 2743 3982 erat.
2772 3936 2822 3978 et
2850 3925 2937 3993 qui
2973 3935 3215 3977 venturus
3248 3932 3348 3977 est.

2019 4098 2235 4153 Sanctze
2276 4097 2395 4151 ista:
2432 4096 2662 4150 virtutes
2701 4095 2770 4148 ob
2812 4094 2861 4147 id
2901 4094 3141 4161 requiem
3185 4090 3384 4145 habere
3427 4104 3526 4144 nc-

1949 4201 2167 4261 gantur,
2201 4192 2344 4259 quod
2382 4205 2410 4241 a
2447 4188 2649 4241 divinis
2689 4186 2940 4240 laudibus
2968 4199 3251 4252 nunquam
3289 4189 3526 4235 cessent.

1946 4284 2215 4338 Caeterum
2256 4296 2348 4351 per
2386 4280 2694 4335 sanctitatis
2742 4292 2938 4330 nomen
2985 4276 3143 4329 tertio
3192 4273 3525 4343 repetitum,

1950 4373 2256 4436 Divinitati,
2290 4386 2411 4441 quae
2462 4370 2515 4424 in
2565 4369 2742 4423 tribus
2791 4365 3216 4438 hypostasibus,
3255 4378 3321 4417 ex
3370 4375 3527 4429 teque

1950 4465 2223 4527 subsistit,
2262 4461 2475 4516 laudem
2508 4459 2780 4515 deferunt.
2816 4459 2987 4513 Porro
3022 4462 3203 4509 autem
3233 4453 3387 4517 illud,
3423 4450 3527 4516 Qui

262 4546 366 4636 est,
397 4546 468 4626 etv
497 4546 585 4642 qui
629 4546 762 4635 έναι,
797 4578 846 4623 et
890 4568 979 4639 qui
1013 4576 1261 4620 venturus
1298 4572 1409 4630 est,
1452 4568 1821 4616 sacrosancta:
1851 4558 2133 4614 Trinitatis
2190 4552 2545 4625 mysterium,
2601 4563 2658 4605 ut
2711 4560 2835 4604 ante
2885 4563 3105 4617 quoque
3156 4546 3379 4602 .dictum
3407 4550 3525 4606 est,

264 4670 335 4723 ob
370 4669 561 4722 oculos
598 4664 753 4718 nobis
789 4662 962 4732 ponit.

336 4758 444 4812 Kal
474 4757 621 4809 ὅταν
650 4752 915 4805 δώσουσι
944 4750 1017 4802 τὰ
1047 4746 1159 4807 ζῶα
1184 4745 1373 4808 δόξαν
1403 4744 1497 4796 καὶ
1524 4742 1705 4811 τιμὴν
1738 4742 1834 4795 καὶ
1870 4752 1913 4806 υ

265 4851 657 4921 εὐχαριστίαν
709 4845 790 4909 τῷ
840 4841 1150 4909 καθημένῳ
1196 4837 1293 4889 ἐπὶ
1337 4834 1443 4888 τοῦ
1493 4836 1728 4901 θρόνου,
1760 4831 1840 4897 τῷ

268 4942 433 5005 ζῶντι
465 4942 552 5004 είς
585 4936 726 5002 τοὺς
769 4931 989 4996 αἰῶνας
1036 4928 1154 4983 τῶν
1205 4927 1455 4989 αἰώνων,
1511 4924 1841 4977 πεσοῦνται

269 5038 323 5089 οἱ
361 5028 852 5093 εἰκοσιτέσσαρες
869 5021 1256 5089 πρεσϐύτεροι
1274 5016 1532 5071 ἐνώπιον
1556 5013 1661 5067 τοῦ
1697 5020 1841 5066 και]-

266 5123 490 5194 ημένου
552 5118 649 5172 ἐπὶ
683 5116 790 5170 τοῦ
836 5115 1085 5181 θρόνου’
1150 5111 1249 5163 καὶ
1295 5104 1841 5175 προσκυνήσουσιν

264 5212 445 5276 αὐτῷ.

339 5299 700 5377 [Πεσοῦνται
730 5298 783 5350 οἱ
803 5293 1292 5359 εἰκοσιτέσσαρες
1323 5289 1732 5357 πρεσϐύτεροι.
1753 5284 1843 5355 -]

264 5397 367 5451 Διὰ
406 5393 616 5447 τούτων
644 5388 917 5460 δηλοῦται,
967 5386 1061 5438 καὶ
1089 5385 1213 5445 τοὺς
1238 5382 1530 5452 νοηθέντας
1560 5381 1685 5449 ἡμῖν
1713 5396 1850 5448 ’πρε⁶

267 5489 570 5558 σϐυτέρους
622 5482 916 5543 κοινωνοὺς
960 5475 1099 5531 εἶναι
1132 5476 1261 5549 [τῆς
1291 5471 1595 5545 ὑμνῳδίαις]
1628 5472 1734 5525 τῶν
1759 5471 1849 5523 ού-

272 5581 472 5653 ρανίων
522 5576 841 5646 δυνάμεων·
877 5568 1275 5643 ὁμολογοῦντας
1330 5568 1393 5620 ἐκ
1434 5564 1568 5619 Θεοῦ
1619 5563 1848 5633 κεκομί-

273 5674 396 5727 σθαι
427 5671 529 5741 τῆς
562 5666 749 5743 [κατὰ]
809 5666 917 5720 τῶν
950 5663 1153 5733 νοητῶν
1194 5660 1405 5733 ἐχθρῶν
1452 5660 1607 5729 νίκης
1638 5658 1733 5728 τὴν
1762 5656 1850 5709 δύ-

272 5781 457 5836 ναμιν.

339 5858 445 5913 Kal
489 5853 764 5921 βαλοῦσι
814 5849 953 5915 τοὺς
991 5844 1334 5917 στεφάνους
1367 5840 1565 5897 αὐτῶν
1595 5838 1850 5896 ἐνώπιον

2015 4735 2103 4801 IV,
2150 4735 2204 4800 9,
2247 4735 2331 4789 lO.
2370 4732 2439 4785 Et
2479 4747 2595 4785 cum
2645 4730 2835 4783 darent
2869 4726 2965 4779 illa
3014 4723 3271 4778 animalia
3302 4724 3530 4794 gloriam

1947 4838 1994 4884 et
2026 4831 2272 4881 honorem
2299 4835 2347 4880 et
2386 4823 2795 4878 benedictionem
2841 4818 3040 4872 sedenti
3076 4832 3232 4886 super
3262 4816 3527 4881 thronum,

1948 4923 2135 4977 viventi
2164 4922 2218 4974 in
2250 4919 2443 4973 saecula
2476 4912 3018 4981 swculorum,viginti
3046 4920 3272 4979 quatuor
3302 4910 3404 4980 21
3447 4925 3531 4964 se-

1950 5017 2121 5067 niores
2151 5011 2489 5080 procidebant
2524 5017 2644 5059 ante
2679 5005 2938 5058 sedentem
2975 5004 3030 5055 in
3068 5002 3277 5065 throno,
3310 5012 3358 5054 et
3403 5000 3533 5053 ado-

1954 5104 2139 5156 rabunt
2178 5104 2426 5155 viventem
2460 5100 2511 5151 in
2540 5097 2735 5150 sa’cula
2765 5095 3098 5147 sa'culorum.

2017 5284 2154 5339 llinc
2202 5281 2467 5337 discimus
2516 5277 2789 5340 seniores,
2846 5275 2913 5328 de
2964 5272 3168 5343 quibus
3219 5280 3397 5325 actum
3449 5280 3532 5323 est

1960 5387 2107 5441 ante,
2139 5376 2191 5429 in
2229 5374 2427 5428 divina:
2467 5369 2643 5424 laudis
2674 5365 3052 5422 decantatione
3093 5362 3385 5416 virtutibus
3415 5375 3532 5415 ca:-

1957 5469 2187 5526 lestibus
2214 5463 2519 5522 consociari
2556 5480 2570 5516 :
2604 5460 2999 5527 victoriamque
3029 5457 3095 5511 de
3125 5454 3405 5516 hostibus,
3437 5450 3531 5519 qni

1958 5562 2059 5619 sub
2089 5568 2369 5631 aspectum
2405 5571 2514 5611 non
2551 5552 2797 5617 veniunt,
2843 5549 2977 5604 nulli
3014 5545 3171 5601 alteri
3218 5557 3381 5614 quam
3420 5540 3532 5597 Deo

1958 5663 2233 5725 acceptam
2262 5651 2424 5706 ferre.

2028 5831 2118 5899 ιγ,
2157 5830 2242 5897 10,
2279 5829 2366 5884 ll.
2414 5826 2483 5881 Et
2527 5824 2805 5880 mittebant
2835 5833 3055 5875 coronas
3084 5831 3209 5872 suas
3237 5822 3356 5870 ante
3392 5813 3534 5869 thro-
