4034 6574
494 437 601 502 259

1673 405 2006 469 ANDREE
2046 397 2564 463 CIESARIENSIS

3672 381 3780 444 260

498 567 645 615 num,
679 545 946 601 dicentes:
981 537 1182 607 Dignus
1201 548 1274 597 es,
1309 528 1554 590 Domine,
1587 522 1725 577 Deus
1767 535 1965 582 uoster,
2004 533 2096 569 ac-

2242 513 2311 568 οῦ
2363 512 2604 580 θρόνου,
2653 509 2964 580 ⁸λέγοντες·
3019 505 3222 569 Ἄξιος
3247 497 3326 564 εἰ,
3355 499 3531 566 Κύριε
3575 499 3607 552 ὁ
3639 495 3785 562 Θεὸς

2292 606 2315 615 -
2441 607 2460 615 -
2515 604 2543 615 -
2577 602 2596 614 .
2661 601 2718 615 ρ.
2763 602 2784 615 .-
2930 600 2938 613 .
3018 599 3030 615 .
3124 596 3300 615 ....___
3339 590 3580 615 ,ὠς-λη
3607 588 3785 615 _____.__

495 645 667 712 cipere
696 637 919 708 gloriam
948 641 993 684 et
1015 629 1263 682 honorem
1286 632 1334 676 et
1359 622 1599 675 virtutem
1624 631 1643 680 ;
1670 616 1794 683 quia
1818 623 1874 665 tu
1897 608 2088 664 creasti

499 707 709 789 omnia,
729 737 776 780 et
806 739 898 794 per
933 719 1250 776 voluntatem
1280 725 1428 766 tuam
1457 716 1630 771 erant,
1661 715 1709 759 et
1737 712 1914 758 creata
1944 707 2085 754 sunt.

570 907 676 972 Tu,
706 904 903 973 inquit,
934 899 1184 961 Domine,
1211 893 1519 948 victricium
1545 897 1877 942 coronarum
1905 890 2096 934 auctor

501 1011 558 1056 et
603 1000 830 1068 largitor
881 992 1164 1050 exstitisti.
1219 987 1394 1054 Quam
1449 983 1520 1035 ob
1564 994 1676 1033 rem
1719 976 1790 1030 ab
1841 975 2096 1026 universa

503 1066 754 1148 creatura
789 1088 961 1159 gloria
1005 1093 1062 1140 et
1092 1081 1396 1153 gratiarum
1428 1073 1573 1130 actio
1612 1071 1737 1138 jure
1782 1066 2095 1135 meritoque

507 1182 606 1237 tibi
641 1180 891 1235 debetur.

1111 1281 1338 1340 CAPUT
1389 1279 1480 1334 XI.

509 1411 586 1467 De
611 1410 743 1464 libro
771 1416 964 1476 septem
1003 1401 1198 1471 sigillis
1230 1398 1531 1476 obsignato,
1560 1410 1713 1476 quem
1745 1391 1894 1446 nulla
1925 1396 2104 1444 creata

969 1470 1162 1526 natura
1193 1472 1398 1540 aperire
1431 1470 1626 1536 potuit.

580 1657 648 1721 V,
681 1659 728 1711 Ι.
765 1655 830 1709 Et
863 1655 969 1709 vidi
1003 1655 1056 1706 in
1101 1653 1323 1706 dextera
1365 1645 1592 1702 sedentis
1635 1659 1798 1713 supra
1832 1640 2103 1700 thronum,

509 1752 708 1808 librunt
749 1751 1006 1819 scriptum
1052 1747 1197 1799 intus
1244 1755 1292 1797 et
1339 1741 1507 1811 foris,
1551 1737 1885 1808 obsignatum
1915 1733 2107 1803 sigillis

512 1854 731 1915 septem.

585 1937 687 1990 Per
713 1937 858 1989 hunc
885 1931 1079 1984 librum
1105 1926 1512 1984 tenacissimam
1536 1919 2107 1992 sapicntissimamqne

519 2029 614 2084 Dei
650 2025 971 2082 memoriam
1023 2023 1366 2092 accipimus;
1403 2019 1458 2072 in
1493 2032 1600 2087 qua
1626 2055 1640 2079 ,
1666 2014 1823 2086 juxta
1857 2011 2104 2066 divinum

517 2119 798 2182 Davidem,
833 2131 1026 2170 omnes
1059 2113 1310 2169 homines
1344 2109 1608 2180 descripti
1641 2117 1769 2162 sunt
1801 2123 1814 2159 :
1850 2117 2109 2174 operum-

517 2230 624 2284 que
650 2213 960 2266 divinorum
985 2209 1268 2279 abyssum.
1293 2203 1441 2257 Libri
1467 2202 1627 2272 hujus
1659 2201 1872 2262 intima,
1896 2205 2115 2266 propter

518 2304 768 2372 Spiritum
804 2303 856 2354 in
889 2315 954 2354 eo
996 2299 1298 2362 inclusum,
1345 2303 1507 2364 captu
1540 2299 1669 2347 sunt
1704 2289 1987 2355 dillicilia;
2019 2303 2114 2342 ex-

520 2408 688 2449 trema
721 2409 870 2456 vero,
914 2407 1111 2462 nempe
1137 2406 1199 2444 ea
1228 2404 1350 2458 quae
1379 2404 1474 2457 per
1505 2386 1742 2440 litteram
1781 2383 2109 2447 oﬂ‘cruntur,

525 2484 723 2540 minori
778 2484 995 2553 negotio
1050 2481 1364 2551 capiuntur.
1426 2476 1632 2546 Septem
1682 2485 1866 2530 autent
1916 2472 2116 2543 sigilla,

524 2586 732 2630 certam
773 2575 894 2628 libri
930 2572 1092 2642 hujus
1131 2570 1312 2634 ﬁdem,
1349 2566 1597 2636 nullique
1633 2563 1947 2618 mortalium
1981 2561 2116 2615 satis

527 2674 870 2737 perspectam
936 2662 1181 2731 ejusdem
1235 2659 1549 2715 ﬁrmitatem
1600 2655 1914 2728 signiﬁcant
1968 2663 2115 2708 :aut

527 2759 648 2827 ejus
677 2774 810 2813 sane
837 2757 1083 2812 ordinem
1113 2765 1163 2808 et
1197 2752 1640 2822 dispositionem,
1667 2749 1760 2820 qui
1791 2747 1958 2803 divini
1987 2745 2116 2817 Spir-

527 2853 669 2906 ritus
701 2850 970 2922 profunda
1001 2857 1280 2904 scrutatur
1313 2865 1326 2900 :
1361 2860 1481 2915 qua:
1509 2845 1693 2898 omnia
1729 2843 1941 2896 solvere
1970 2839 2116 2894 nulla

527 2946 757 3000 omnino
781 2953 964 3000 creata
998 2954 1195 2998 natura
1222 2940 1383 2994 valet.
1412 2939 1520 2992 Aut
1544 2952 1637 3006 per
1660 2937 1860 2990 librum
1886 2933 2120 3004 prophe-

2191 606 2386 675 ἡμῶν,
2421 602 2634 660 λαϐεῖν
2661 601 2718 676 [ό
2749 600 2939 672 ἅγιος]
2972 599 3088 667 τὴν
3113 596 3302 658 δόξαν
3335 592 3436 647 καὶ
3460 590 3580 659 τὴν
3607 588 3786 660 τιμὴν

2193 698 2290 751 καὶ
2324 697 2440 765 τὴν
2460 696 2722 765 δύναμιν
2741 710 2754 724 ·
2783 693 2871 746 ὅτι
2901 689 2984 744 σὺ
3012 691 3259 752 ἔκτισας
3283 681 3400 756 [τὰ]
3427 680 3649 745 πάντα,
3686 678 3792 733 ιιι

2195 791 2293 844 διὰ
2325 793 2389 844 τὸ
2422 789 2656 858 θέλημά
2678 803 2797 843 σου
2827 785 3201 850 ἐκτίσθησαν
3229 777 3324 832 καὶ
3349 777 3532 830 εἰσιν.

2268 887 2338 938 Σὺ
2364 883 2541 956 [rip],
2576 881 2729 952 φησὶ,
2753 879 3022 940 Δέσποτα,
3053 875 3159 928 τῶν
3192 871 3474 939 στεφάνων
3499 865 3599 935 τῆς
3636 865 3794 934 νίκης

2198 979 2370 1040 αἴτιος
2416 977 2510 1029 καὶ
2549 974 2785 1045 χορηγὸς
2824 972 3091 1040 γέγονας³
3141 967 3237 1021 καὶ
3272 965 3355 1016 σοὶ
3387 960 3543 1030 παρὰ
3570 959 3794 1012 πάντων

2197 1073 2270 1136 ὡς
2298 1071 2616 1138 κτισμάτων
2648 1065 3033 1139 ὴεῦχαριστία
3063 1059 3361 1132 ὀφείλεται.

2792 1264 3048 1320 ΚΕΦᾹΔ.
3093 1261 3195 1316 IA'.

2205 1385 2343 1453 Περὶ
2378 1383 2484 1450 τῆς
2505 1383 2728 1453 βίϐλου
2759 1379 2869 1453 τῆς
2892 1371 3394 1453 *ἐσξραγιοςμένης
3423 1366 3573 1452 egra

2303 1436 2476 1544 ξῖσινῖξ
2505 1436 2594 1521 ἶῆν
2624 1436 2828 1514 οὐδεὶέ
2847 1436 3118 1511 ’ἀνθ’ῖξαί
3141 1436 3248 1512 τῆς
3276 1436 3532 1510 κτιστῆς
3556 1436 3800 1515 φύσεως

2317 1541 2549 1581 υνατιιι.

2279 1641 2389 1697 Καὶ
2431 1638 2596 1696 εἶδον
2633 1639 2730 1694 ἐπὶ
2768 1637 2885 1705 τὴν
2917 1633 3127 1698 δεξιὰν
3169 1629 3277 1684 τοῦ
3316 1625 3660 1696 καθημένου
3698 1619 3800 1674 ἐπὶ

2210 1737 2318 1790 τοῦ
2364 1736 2606 1803 θρόνου,
2657 1731 2903 1797 βιϐλίον
2961 1722 3371 1799 γεγραμμένον
3419 1721 3648 1774 ἔσωθεν
3703 1713 3805 1774 καί

2214 1831 2455 1894 ἔξωθεν,
2491 1822 3090 1895 κατεσφραγισμένον
3116 1814 3450 1887 σφραγῖσιν
3479 1808 3649 1865 ἑπτά.

2285 1921 2532 1974 Βιϐλίων
2557 1918 2656 1990 τὴν
2702 1916 2978 1984 πάνσοφον
3003 1909 3094 1966 τοῦ
3121 1907 3257 1964 Θεοῦ
3290 1907 3513 1978 μνήμην
3534 1901 3766 1974 νοοῦμεν
3788 1939 3810 1974 η

2214 2015 2272 2067 ἐν
2413 2013 2638 2074 πάντες,
2690 2009 2834 2063 κατὰ
2861 2006 2953 2060 τὸν
2992 2000 3206 2076 [θεῖον]
3241 1997 3428 2060 Δαϐὶδ,
3465 1995 3804 2066 γράφονται,

2215 2105 2308 2158 καὶ
2333 2081 2451 2155 ’τῶν
2476 2100 2636 2154 θείων
2671 2097 2957 2169 κριμάτων
2995 2093 3092 2164 τὴν
3123 2089 3376 2146 ἄϐυσσον.
3402 2084 3620 2153 Ταύτης
3649 2082 3705 2134 δὲ
3737 2081 3810 2133 τὰ

2222 2196 2320 2268 μὲν
2352 2195 2480 2259 ἔσω,
2509 2193 2598 2247 διὰ
2626 2193 2687 2245 τὸ
2720 2188 2961 2258 πνεῦμα,
2990 2185 3280 2259 [εὔληπτα
3309 2181 3409 2234 οὐκ
3441 2178 3599 2241 εἰσὶν,
3629 2171 3806 2243 ἀλλὰ]

2219 2266 2610 2358 δυστέκμαρτα
2635 2300 2648 2314 ο
2677 2284 2747 2338 τὰ
2785 2282 2842 2336 δὲ
2887 2280 3014 2346 ἔξω,
3053 2277 3141 2332 διὰ
3170 2276 3229 2330 τὸ
3272 2273 3506 2346 γράμμα
3543 2266 3811 2338 εὐληπτό-

2217 2396 2374 2450 τερα.
2415 2379 2526 2444 Τὰς
2565 2376 2634 2430 δὲ
2677 2373 2828 2429 ἑπτὰ
2876 2369 3236 2441 σφραγῖδας,
3272 2366 3306 2438 ἢ
3339 2365 3433 2436 τὴν
3469 2362 3683 2416 τελεὲαν
3709 2360 3809 2428 τῆς

2223 2473 2408 2545 βίϐλου
2482 2469 2785 2540 ἀσφάλειαν
2845 2467 2940 2520 καὶ
3009 2464 3177 2516 πᾶσιν
3240 2460 3515 2528 ἄγνωστον
3571 2449 3812 2526 [δηλοῦν

2225 2565 2466 2637 φημι],ῆ
2502 2564 2600 2626 τὰς
2631 2561 2944 2630 οἰκονομίας
2972 2556 3064 2610 τοῦ
3098 2552 3426 2626 ὲρευνῶντος
3462 2548 3530 2602 τὰ
3553 2546 3690 2618 βάθη
3713 2542 3810 2598 τοῦ

2224 2657 2370 2712 θείου
2414 2655 2765 2726 Πνεύματος·
2831 2651 2896 2715 ἃς
2936 2649 3099 2703 λῦσαι
3134 2647 3312 2708 πάσας
3358 2643 3583 2712 οὐδεμία
3619 2636 3814 2708 κτιστὴ

2226 2749 2387 2820 φύσις
2431 2747 2677 2801 δύναται.
2706 2744 2894 2806 Βίϐλος
2934 2741 2991 2794 δὲ
3029 2740 3124 2794 καὶ
3157 2739 3191 2809 ἠ
3216 2733 3522 2807 προφητεία
3568 2734 3810 2786 νοεῖττιθ

2225 2841 2293 2912 ἢν
2324 2839 2486 2902 αὐτὸς
2520 2841 2548 2892 ὁ
2593 2835 2829 2907 Χριστος
2857 2835 2914 2887 ὲν
2939 2831 3018 2903 τῷ
3062 2827 3378 2898 Εὑαγγελίῳ
3415 2823 3816 2894 πεπληρῶσθαι

2228 2933 2332 3002 ἔφη
2354 2949 2368 2964 ·
2399 2927 2465 3004 ἧς
2490 2932 2559 2984 τὰ
2582 2930 2709 2996 tea;
2741 2927 2826 2981 ἐπ’
2859 2925 3103 2996 ἐσχάτων
3127 2921 3604 2996 πληρωθήσονται.

528 3042 600 3094 tia
631 3041 746 3110 ipsa
782 3039 1040 3094 universe
1066 3035 1410 3104 intelligitur,
1445 3047 1610 3102 quam
1644 3031 1902 3085 Christus
1951 3027 2217 3081 Dominus
2263 3027 2316 3081 in
2364 3025 2659 3096 Evangelia
2699 3020 3002 3078 secundum
3026 3016 3229 3073 Lucam
3289 3014 3566 3085 impletam
3593 3007 3812 3064 asserit.

532 3135 668 3202 Quae
697 3145 878 3188 autem
913 3133 1094 3187 adhuc
1125 3131 1335 3201 reliqua
1371 3138 1519 3193 sunt,
1554 3141 1616 3182 ea
1654 3123 1976 3180 novissimis
2009 3121 2202 3177 diebus
2237 3130 2389 3176 certo
2430 3119 2826 3189 implebuntnr.

605 3225 670 3290 V,
695 3227 751 3289 ἒ,
782 3226 836 3280 ὅ.
873 3224 940 3278 Ει
975 3225 1082 3278 vidi
1112 3190 1358 3296 angelum
1391 3190 1579 3292 fortem
1609 3219 1982 3289 praedicantem
2012 3232 2121 3269 voce

2303 3214 2410 3269 Kal
2450 3210 2614 3267 εἶδον
2660 3211 2920 3280 ἄγγελον
2960 3205 3216 3276 ἰσχυρὸν
3269 3201 3658 3270 κηρύσσοντα
3698 3190 3821 3266 [ἐν]

532 3336 723 3390 magno
755 3335 773 3372 :
816 3317 947 3383 Quis
980 3327 1056 3371 est
1107 3316 1300 3386 dignus
1347 3315 1552 3384 aperire
1586 3313 1780 3366 librant
1828 3320 1876 3365 et
1925 3309 2125 3364 solvere

532 3413 810 3484 signacula
845 3413 1003 3482 ejus!
1038 3409 1103 3464 Et
1133 3426 1284 3464 nemo
1309 3416 1548 3479 poterat,
1583 3422 1742 3471 neque
1773 3405 1824 3457 in
1856 3401 2005 3464 caelo,
2033 3418 2125 3484 ne-

534 3523 632 3577 que
678 3507 732 3559 in
773 3518 938 3562 terra.
1002 3521 1163 3574 neque
1202 3501 1386 3556 subtus
1429 3512 1624 3553 terram
1669 3497 1872 3564 aperire
1912 3473 2125 3554 librum,

536 3614 701 3670 neque
731 3599 965 3667 aspicere
995 3597 1169 3650 illunt.

611 3772 712 3827 Per
761 3773 876 3828 haec
916 3771 1202 3826 manifeste
1249 3768 1590 3832 ostenditur,
1638 3782 1816 3835 neque
1864 3765 2126 3835 angelos,

541 3882 720 3936 neque
779 3865 1027 3920 homines
1083 3864 1137 3917 in
1186 3878 1354 3917 carne
1387 3860 1567 3914 adhuc
1607 3860 1901 3929 degentes,
1958 3873 2132 3926 neque

542 3968 766 4016 sanctos
795 3973 1029 4028 corpore
1055 3956 1167 4026 jam
1206 3966 1425 4017 exutos,
1461 3959 1773 4007 accuratam
1796 3949 2130 4019 iudiciorum

548 4052 642 4108 Dei
678 4052 928 4106 notitiam
964 4063 1192 4115 tenere;
1219 4048 1312 4104 sed
1345 4048 1525 4118 ipsum
1561 4045 1655 4099 Dei
1686 4046 1898 4114 Agnum
1933 4042 2132 4097 solum.

545 4144 648 4201 llic
682 4158 826 4196 unus
855 4142 997 4196 enim
1035 4140 1260 4195 oracula
1295 4139 1407 4210 jam
1449 4137 1580 4193 olim
1613 4151 1708 4206 per
1739 4133 2033 4205 prephetas
2068 4131 2136 4186 de

547 4237 669 4308 ipso
697 4236 865 4299 edita,
899 4250 995 4305 per
1030 4249 1186 4288 suum
1219 4233 1517 4288 adventum
1550 4238 1809 4284 accurate
1847 4225 2133 4290 dissolvit,

548 4342 770 4396 sumque
792 4324 1050 4380 Ecclesia
1074 4324 1350 4394 patefecit.

622 4416 690 4484 ν,
739 4417 792 4473 4.
835 4416 900 4471 Et
935 4432 1028 4488 ego
1057 4415 1246 4486 ﬂebant
1278 4414 1502 4469 multum
1525 4453 1540 4478 ,
1572 4411 1710 4485 quod
1759 4426 1908 4464 nemo
1948 4407 2137 4478 dignus

550 4510 789 4565 inventus
820 4520 896 4565 est
931 4510 1133 4580 aperire
1163 4509 1387 4576 librum,
1424 4523 1516 4562 nec
1552 4506 1723 4561 ridere
1752 4503 1925 4556 illunt.

625 4687 693 4742 Et
725 4705 842 4758 ego,
873 4685 1070 4756 inquit,
1102 4686 1327 4755 ﬂebam;
1363 4684 1433 4738 ob
1462 4681 1516 4735 id
1543 4679 1748 4740 forsan,
1775 4677 1919 4745 quod
1951 4674 2138 4728 animo

551 4788 818 4844 versaret,
851 4794 917 4834 ne
945 4780 1060 4849 ipsa
1085 4778 1252 4832 etiam
1289 4773 1536 4844 angelica
1574 4780 1768 4826 natura
1802 4771 1856 4823 in
1892 4769 2139 4824 mortlle-

553 4889 672 4927 ram
704 4870 1100 4940 ignorationem
1130 4868 1386 4938 prolapsa
1417 4875 1583 4919 esset.

629 4961 692 5022 V,
723 4960 776 5014 5.
810 4959 876 5014 Et
902 4975 1036 5014 unus
1058 4958 1120 5010 de
1137 4957 1430 5011 senioribus
1455 4953 1585 5006 dicit
1607 4952 1770 5006 mihi:
1804 4949 1886 5005 Ne
1910 4951 2136 5021 ﬂeveris.

561 5053 693 5108 Ecce
727 5053 845 5106 vicit
880 5051 979 5106 Leo
1013 5051 1077 5105 de
1109 5050 1249 5103 tribu
1289 5046 1437 5100 Juda
1461 5085 1476 5111 ,
1510 5045 1665 5097 radix
1715 5043 1906 5109 David,
1938 5045 2142 5114 aperire

556 5147 772 5212 librum,
802 5156 850 5200 et
879 5145 1078 5200 solvere
1105 5151 1296 5212 septem
1334 5137 1613 5210 signacula
1636 5138 1771 5208 ejus.

629 5351 767 5418 Etsi,
795 5349 995 5420 inquit,
1025 5346 1160 5400 liber
1193 5343 1282 5398 hic
1304 5341 1625 5413 angelorum
1655 5351 1874 5410 captum
1897 5339 2143 5404 excedit,

562 5447 653 5501 Dei
696 5455 899 5506 tamen,
929 5439 1024 5510 qui
1062 5444 1252 5492 nostra
1283 5449 1446 5488 causa
1479 5432 1661 5488 factus
1693 5443 1779 5488 est
1813 5433 2000 5496 homo,
2037 5448 2143 5487 non

559 5541 669 5609 22
700 5539 772 5592 ita
813 5552 826 5589 :
859 5534 956 5603 qui
989 5530 1212 5601 quidem
1252 5528 1552 5586 secundum
1586 5527 1828 5581 divinam
1865 5534 2142 5590 naturam,

563 5638 724 5700 prout
749 5625 1006 5679 nimirum
1039 5637 1216 5678 rerum
1245 5625 1491 5677 omnium
1517 5621 1770 5678 conditor
1795 5628 1900 5684 est,
1929 5620 2147 5676 Davidis

561 5720 720 5776 radix
745 5725 799 5770 et
830 5716 987 5786 origo
1016 5724 1100 5770 est
1132 5733 1145 5771 :
1188 5723 1244 5769 at
1276 5729 1403 5771 vero
1437 5714 1738 5770 secundum
1772 5722 2022 5768 naturam
2059 5726 2149 5765 as-

566 5821 867 5880 sumptam,
899 5825 962 5864 ex
992 5809 1236 5879 ejusdem
1270 5807 1454 5863 radice
1475 5807 1531 5862 in
1557 5807 1774 5862 vitalem
1799 5805 1940 5860 hanc
1969 5804 2146 5861 lucem

561 5918 884 5975 progressus
905 5913 1008 5959 est.

2229 3303 2398 3376 φωνῇ
2440 3303 2711 3374 μεγάνίῃ⁶
2765 3302 2858 3367 Τίς
2906 3298 3075 3364 ἄξιός
3116 3297 3291 3350 ἐστιν
3340 3289 3575 3355 ἀνοῖξαι
3619 3288 3686 3343 τὸ
3715 3287 3824 3352 βι-

2231 3399 2421 3460 ϐλίον,
2457 3397 2555 3450 καί
2589 3394 2776 3449 λῦσαι
2809 3393 2916 3460 τὰς
2969 3387 3303 3460 σφραγῖδας
3330 3383 3554 3448 aurai};
3583 3380 3688 3436 Καὶ
3715 3381 3823 3434 οὐ·

2229 3491 2355 3556 δεὶς
2387 3490 2650 3556 ἠδύνατο
2687 3489 2758 3542 ἐν
2803 3483 2883 3550 τῷ
2934 3481 3186 3551 οὐρανῷ,
3220 3480 3358 3534 οὒτε
3396 3477 3491 3530 ἐπὶ
3533 3473 3640 3542 τῆς
3682 3471 3820 3542 τῆς.

2231 3584 2368 3636 οὔτε
2400 3581 2673 3637 ὑποκάτω
2700 3578 2810 3648 τῆς
2839 3576 2975 3646 γῆς,
3003 3573 3239 3639 ἀνοῖξαι
3271 3571 3337 3625 τὸ
3375 3568 3642 3635 βιϐλίον,
3677 3565 3821 3620 οὔτε

2227 3677 2485 3742 βλέπειν
2515 3676 2682 3729 αὑτό.

2305 3772 2400 3824 Διὰ
2428 3771 2484 3823 δὲ
2520 3769 2632 3833 τοῦ,
2664 3766 2872 3832 Οὐδεὶς
2899 3764 3164 3833 ἠδύνατο
3197 3757 3432 3822 ἀνοῖξαι
3458 3755 3524 3808 τὸ
3550 3751 3822 3818 βιϐλίον,

2233 3863 2491 3935 δηλοῦται
2541 3862 2679 3933 μήτε
2732 3859 3019 3931 ἀγγέλους,
3061 3856 3198 3926 μήτε
3239 3848 3562 3918 ἀνθρώπους
3598 3846 3723 3908 τοὺς
3765 3845 3824 3895 ὲν

2239 3958 2404 4026 σαρκὶ
2442 3955 2626 4021 ὄντας,
2659 3957 2796 4025 μήτε
2825 3952 2949 4015 τοὺς
2996 3950 3061 4002 ἐκ
3103 3944 3304 4017 σαρκὸς
3338 3936 3827 4010 ἀποδεδημηκότας

2239 4051 2448 4120 ἁγίους.
2487 4049 2588 4121 τὴν
2638 4047 2842 4119 ἀκριϐῆ
2887 4045 2996 4099 τῶν
3029 4041 3188 4096 θείων
3247 4036 3532 4110 χριμάτων
3565 4030 3825 4100 κατειλη-

2240 4145 2396 4213 φέναι
2444 4143 2669 4213 γνῶσιν,
2723 4140 2863 4210 πλὴν
2907 4137 3004 4193 τοῦ
3044 4132 3244 4205 Ἀμνοῦ
3270 4131 3364 4184 τοῦ
3401 4126 3559 4189 Θεοῦ,
3591 4122 3684 4178 τοῦ
3714 4122 3829 4174 τῶν

2241 4236 2731 4311 προφητευθέντων
2781 4233 2909 4304 περὶ
2954 4229 3120 4284 αὑτοῦ
3150 4224 3387 4306 ἔκπαλαι
3428 4218 3516 4274 διὰ
3541 4218 3640 4289 τῆς
3671 4233 3823 4288 παρ-

2241 4331 2430 4393 ουσίας
2463 4327 2630 4382 αὐτοῦ
2659 4327 2758 4400 τὴν
2790 4324 3090 4396 ἀσφάλειαν
3119 4320 3405 4380 λύσαντος.

2312 4421 2486 4489 Κάγὼ
2518 4419 2768 4474 ἔκλαιον
2800 4417 2984 4482 πολὺ,
3029 4416 3120 4468 ὅτι
3153 4411 3352 4477 οὐδεὶς
3392 4407 3556 4473 ἄξιος
3610 4403 3830 4472 εὑρέθη

2243 4515 2479 4580 ἀνοῖξαι
2507 4513 2606 4567 καὶ
2639 4510 2977 4581 ἀναγνῶναι
3011 4508 3079 4564 τὸ
3103 4505 3366 4574 βιϐλίον,
3401 4501 3538 4556 οὔτε
3565 4497 3837 4564 βλέπειν

2171 4603 2212 4655 Ῐ)
2241 4608 2411 4663 αὑτό.

2315 4700 2487 4769 Κάγὼ
2515 4698 2784 4758 ἔκλαιον,
2818 4693 3010 4763 φησίν·
3035 4693 3166 4754 ἴσως
3197 4690 3273 4752 ὡς
3299 4689 3379 4751 είς
3419 4682 3694 4753 ἀγνωσίαν
3728 4695 3835 4732 πε-

2247 4791 2448 4864 σούσης
2496 4791 2596 4862 τῆς
2650 4787 3048 4860 καθαρωτάτης
3086 4783 3196 4836 τῶν
3258 4776 3568 4850 ἀγγελικῶν
3628 4772 3838 4828 οὐσιῶν

2241 4886 2471 4953 τάξεως.
2839 4865 2848 4882 ’
3149 4883 3169 4892 ⁵

2316 4979 2425 5034 Καὶ
2468 4973 2556 5043 εἷς
2608 4977 2677 5030 ἐκ
2710 4973 2828 5028 τῶν
2883 4967 3305 5042 πρεσϐυτέρων
3343 4964 3503 5034 λέγει
3557 4977 3692 5032 μοι’
3728 4957 3836 5027 Μὴ

2244 5071 2447 5126 κλαῖε·
2492 5067 2621 5123 ίδοὺ
2665 5067 2954 5132 ἐνίκησεν
2981 5065 3014 5117 ὀ
3042 5061 3199 5117 λέων
3230 5063 3263 5114 ό
3294 5057 3423 5131 [ὢν]
3457 5058 3526 5110 ἐκ
3558 5053 3671 5122 τῆς
3714 5069 3842 5122 φυ-

2245 5160 2360 5228 λῆς
2396 5159 2623 5223 Ἰούδα,
2666 5157 2704 5224 ἡ
2743 5155 2875 5225 ῥίζα
2927 5152 3082 5227 [τοῦ]
3111 5148 3308 5212 Δαϐὶδ,
3356 5144 3592 5209 ἀνοῖξαι
3645 5141 3711 5194 τὸ
3733 5137 3845 5204 ,βι-

2247 5256 2437 5318 ϐλίον,
2465 5251 2561 5306 καί
2589 5247 2822 5323 [λῦσαι]
2848 5247 2955 5312 τὰς
2975 5245 3125 5301 ἑπτὰ
3149 5238 3486 5313 σφραγῖδας
3509 5232 3720 5290 αὑτοῦ.

2319 5345 2416 5413 Μὴ
2449 5343 2711 5398 κλαῖεμ-
2733 5342 2795 5395 Ei
2820 5340 2929 5410 γὰρ
2957 5339 3051 5394 καὶ
3079 5334 3356 5404 ἀγγέλοις,
3377 5329 3564 5400 φησὶν,
3594 5328 3628 5397 ἠ
3651 5324 3846 5395 βίϐλος

2248 5437 2655 5508 ἀκατάληπτος,
2680 5433 2795 5488 ἀλλ’
2819 5432 2880 5486 οὑ
2906 5431 2981 5502 τῷ
3005 5428 3124 5499 Θεῷ
3145 5426 3221 5496 τῷ
3244 5426 3334 5480 διὰ
3361 5423 3485 5485 τοὺς
3509 5417 3846 5490 ἀνθρώπους

2250 5533 2406 5588 ἐνανθ
2418 5531 2754 5604 ρωπὴσαντιν
2777 5526 2835 5590 ὃς
2862 5525 2986 5596 ῥίζα
3017 5523 3116 5591 μὲν
3139 5518 3323 5585 Δαυῒδ,
3349 5517 3426 5580 ὡς
3454 5513 3721 5582 Κτίστης,
3742 5511 3844 5564 διὰ

2249 5625 2347 5695 τὴν
2392 5601 2623 5694 θεότητα
2643 5639 2658 5654 ·
2706 5622 2771 5674 ὲκ
2799 5617 2955 5691 ῥίζης
3001 5617 3056 5670 δὲ
3085 5611 3272 5679 αὑτοῦ,
3302 5609 3393 5668 διὰ
3420 5607 3518 5680 τὴν
3545 5601 3850 5679 ἀνθρωπό-

2250 5733 2412 5788 τητα.
