4040 6592
386 420 488 486 261

988 537 1237 592 ΚΕΦΑΛ.
1283 535 1382 589 lll'.

392 650 528 718 Περὶ
581 645 692 717 τῆς
741 649 813 703 ἐν
840 647 1009 720 μέσῳ
1050 649 1159 702 τοῦ
1189 649 1408 718 θρόνου
1438 647 1536 700 καὶ
1587 645 1706 700 τῶν
1734 645 1784 698 δ’
1817 645 1973 706 ζώων

1048 721 1312 788 θεωρίας.

467 835 574 888 Καὶ
604 831 770 890 εἶδον
793 836 864 889 ἐν
889 834 1057 905 μέσῳ
1089 834 1196 889 τοῦ
1235 837 1453 903 θρόνου
1477 835 1575 889 καὶ
1603 832 1724 889 τῶν
1751 832 1974 888 τεσσά-

391 944 514 993 ρων
535 926 710 992 ζώων,
739 927 836 980 καὶ
865 927 934 980 ἐν
949 926 1116 996 μέσῳ
1137 926 1254 979 τῶν
1274 925 1713 995 πρεσϐυτέρων,
1754 927 1981 996 Ἀρνίον

398 1019 659 1084 ἑστηκὸς
691 1019 773 1084 ὠς
809 1017 1211 1087 ἐσφαγμένον,
1254 1019 1400 1087 ἕχον
1465 1017 1680 1086 κέρατα
1706 1019 1854 1072 ἑπτὰ
1882 1018 1982 1072 καὶ

401 1112 745 1181 ὀφθαλμοὺς
778 1112 959 1165 ἐπτά’
1007 1113 1065 1165 οἵ
1090 1113 1208 1164 εισι
1241 1112 1310 1164 τὰ
1343 1109 1493 1164 ἑπτὰ
1523 1113 1831 1181 πνεύματα
1871 1111 1977 1165 τοῦ

403 1206 569 1267 Θεοῦ,
603 1205 1100 1275 ἀποστελλόμενα
1130 1206 1216 1270 εις
1247 1203 1455 1258 πᾶσαν
1482 1203 1597 1272 τὴν
1629 1204 1764 1275 γῆν.

472 1296 551 1348 Τὰ
596 1295 736 1348 ἑπτὰ
769 1296 976 1365 κέρατα
1024 1295 1118 1346 καὶ
1164 1294 1212 1345 οἱ
1244 1293 1384 1345 ἑπτὰ
1413 1293 1685 1364 ὀφθαλμοὶ
1715 1292 1807 1347 τοῦ
1851 1294 1980 1365 Ἀρ-

399 1387 514 1442 νῐου
558 1387 779 1458 δηλοῦσι
805 1385 1042 1457 Χριστοῦ
1067 1387 1133 1438 τὰ
1152 1385 1292 1438 ἑπτὰ
1314 1383 1620 1455 πνεύματα,
1649 1379 1722 1438 ὧν
1751 1385 1981 1448 Ἡσαΐας

399 1480 774 1550 ἐμνημόνευσε
812 1479 906 1531 καὶ
940 1475 1218 1548 Ζαχαρίας
1263 1477 1311 1528 οἱ
1350 1479 1646 1549 προφῆται.
1681 1477 1754 1530 Τὸ
1784 1477 1870 1544 δὲ’,
1902 1476 1984 1542 ὡς

398 1572 804 1640 ἐσφαγμένον,
834 1569 987 1641 δηλοῖ
1013 1569 1111 1639 τὴν
1159 1571 1298 1638 μετὰ
1341 1570 1440 1640 τὴν
1470 1570 1686 1640 σφαγὴν
1712 1570 1856 1640 ζωὴν
1883 1569 1983 1622 αὖ·

397 1664 491 1716 τοῦ
514 1678 528 1692 '
562 1665 620 1714 ὲν
727 1663 934 1715 ἐδείκνυ
961 1661 1027 1714 τὰ
1054 1661 1145 1715 τοῦ
1177 1660 1378 1725 πάθους
1413 1661 1678 1731 σύμϐολα,
1712 1661 1784 1724 ὡς
1817 1663 1984 1730 ἐσφα-

396 1756 600 1826 γμένον
625 1754 842 1826 ἀληθῶς
874 1753 1014 1825 μετὰ
1042 1755 1140 1826 τὴν
1161 1757 1226 1808 ὲκ
1256 1754 1467 1825 νεκρῶν
1492 1755 1728 1825 ἔγερσιν.

1350 423 1961 486 COMMENTARIUS
2005 420 2084 481 IN
2127 421 2652 484 APOCALYPSIN.

2006 540 2053 597 A

3555 428 3664 491 262

2685 532 2915 589 CAPUT
2942 531 3057 588 Xll.

2090 647 2158 704 Ut
2186 649 2365 720 Agnus
2393 649 2482 720 qui
2504 648 2658 704 habet
2683 657 2876 719 septem
2899 665 3119 718 cornua,
3155 649 3419 720 aperuerit
3446 648 3662 705 librum.

2152 833 2217 897 V,
2253 831 2305 886 6.
2338 831 2404 885 Et
2440 833 2582 898 vidi;
2613 842 2665 886 et
2695 850 2808 888 ecce
2852 835 2906 887 in
2948 835 3117 890 medio
3158 837 3336 891 throni
3359 846 3408 892 et
3438 847 3666 908 quatuor

2082 925 2397 978 animalium
2439 937 2484 977 et
2534 926 2588 978 in
2620 927 2790 979 medio
2832 927 3132 991 seniorum,
3180 929 3386 998 Agnum
3435 940 3660 983 stantem

2085 1019 2336 1086 tanquam
2365 1019 2619 1084 occisum,
2649 1019 2922 1072 habentem
2955 1035 3152 1074 cornua
3179 1035 3392 1090 septem,
3412 1031 3461 1075 et
3485 1023 3664 1078 oculos

2080 1118 2304 1173 septem;
2334 1111 2421 1180 qui
2453 1123 2573 1165 sunt
2601 1123 2794 1182 septem
2832 1111 3047 1181 spiritus
3081 1111 3175 1166 Dei
3205 1115 3352 1168 missi
3381 1116 3435 1168 in
3461 1130 3666 1170 omnem

2083 1210 2300 1256 terram.

2158 1293 2374 1364 Septem
2412 1296 2576 1364 oculi,
2630 1297 2966 1368 totidemque
2997 1297 3134 1369 Agni
3172 1314 3418 1362 cornua,
3457 1300 3669 1370 signin—

2082 1395 2211 1441 Cant
2271 1398 2481 1456 septem
2544 1389 2779 1458 spiritus
2825 1390 3069 1456 Christi;
3113 1407 3348 1461 quorum
3401 1391 3570 1448 Isaias
3613 1402 3669 1448 et

2083 1477 2380 1534 Zacharias
2411 1482 2687 1550 propheta:
2721 1482 3040 1537 meminere.
3072 1481 3226 1549 Quod
3256 1493 3439 1540 autem
3474 1487 3663 1554 Agnus

2083 1571 2172 1625 ille
2219 1572 2463 1627 cernitur
2497 1573 2655 1627 veluti
2685 1576 2922 1638 occisus,
2960 1576 3065 1631 hoc
3117 1577 3282 1631 vitam
3321 1587 3376 1632 et
3426 1577 3661 1647 speciem

2083 1663 2230 1718 illius
2257 1673 2382 1734 post
2415 1675 2645 1720 mortem
2681 1675 2736 1720 et
2780 1667 3210 1723 immolationem
3256 1671 3513 1738 exprimit
3559 1686 3574 1724 :
3609 1672 3665 1724 in

2084 1755 2174 1809 illa
2218 1772 2455 1827 namque
2497 1768 2755 1828 tanquam
2785 1774 2914 1814 vere
2949 1761 3168 1816 occisus
3209 1761 3497 1816 manifesta
3539 1777 3666 1832 per-

398 1851 671 1922 p'ssionis
725 1865 839 1905 suae
890 1850 1116 1922 vestigia
1167 1851 1444 1918 ostendit;
1496 1866 1619 1920 quae
1669 1856 1794 1919 post
1833 1863 1990 1904 suam
2040 1865 2261 1920 quoque
2307 1866 2371 1906 ex
2419 1853 2652 1908 mortuis
2703 1853 3161 1909 resurrectionem
3195 1853 3248 1908 in
3293 1869 3524 1926 corpore
3568 1871 3669 1912 suo

397 1947 609 2016 reliqua
645 1961 765 2000 esse
804 1946 994 2001 voluit.

470 2037 577 2092 Kal
629 2035 778 2109 ἦλθε
804 2040 898 2092 καὶ
942 2039 1196 2108 εἴληφεν
1221 2037 1290 2092 ἐκ
1329 2037 1440 2106 τῆς
1463 2034 1666 2103 δεξιᾶς
1695 2035 1804 2090 τοῦ
1836 2039 1974 2090 καθ-

2158 2037 2220 2100 ν,
2251 2037 2303 2103 7,
2336 2036 2390 2092 8.
2426 2037 2495 2092 Et
2525 2039 2680 2102 venit,
2717 2047 2766 2094 et
2797 2042 2999 2108 accepit
3026 2041 3090 2095 de
3112 2041 3331 2096 dextera
3358 2042 3585 2097 sedentis
3615 2042 3669 2096 in

396 2131 626 2200 ημένου
688 2131 786 2185 ἐπὶ
839 2130 946 2185 τοῦ
991 2132 1214 2200 θρόνου
1265 2130 1333 2184 τὸ
1391 2131 1658 2194 βιϐλίον.
1717 2130 1822 2184 Καὶ
1875 2128 1976 2182 ὅτε

397 2227 574 2278 ἔλαϐε
622 2225 817 2287 τοῦτο,
867 2226 937 2278 τὰ
970 2223 1243 2293 τέσσαρα
1283 2221 1396 2284 ζῶα
1430 2223 1526 2275 καὶ
1561 2226 1616 2277 ol
1644 2221 1979 2276 εὶκοσιτέσν

400 2330 582 2385 caper;
604 2318 992 2386 πρεσϐύτεροι
1040 2316 1270 2370 ἔπεσον
1289 2315 1548 2369 ἐνώπιον
1572 2315 1679 2370 τοῦ
1725 2315 1979 2384 Ἀρνίου,

401 2408 647 2477 ἔχοντες
667 2409 924 2476 ἕκαστος
953 2407 1202 2478 κιθάρας
1237 2408 1334 2462 καὶ
1364 2408 1586 2478 φιάλας
1617 2406 1852 2478 χρυσᾶς
1887 2424 1980 2478 γε-

397 2502 637 2569 μούσας
673 2499 1054 2572 θυμιαμάτων
1078 2517 1091 2532 ο
1125 2501 1188 2554 αῖ
1221 2502 1381 2554 εἰσιν
1410 2503 1470 2554 al
1499 2499 1835 2569 προσευχαὶ
1864 2497 1984 2552 τῶν

403 2595 606 2664 ἁγίων.

465 2690 534 2741 Al
555 2686 785 2754 κιθάραι
833 2686 890 2740 δὲ
921 2685 1018 2758 τὴν
1049 2686 1365 2757 ἐναρμόνιον
1395 2683 1488 2738 καὶ
1519 2683 1714 2754 εὖηχον
1764 2683 1985 2755 δηλοῦσι

409 2778 559 2833 θείαν
587 2780 894 2849 δοξολογῐαν
918 2795 932 2809 °
965 2780 1034 2833 τὰ
1062 2780 1118 2832 δὲ
1152 2780 1516 2848 θυμιάματα,
1549 2781 1647 2852 τὴν
1673 2777 1846 2850 εὐώδη
1877 2778 1986 2831 τῶν

411 2872 618 2925 πιστῶν
649 2871 841 2926 Θυσίαν
869 2871 1286 2942 προσιγομένην
1330 2871 1417 2924 διὰ
1453 2871 1569 2940 βίου
1608 2869 1848 2941 καθαροῦ
1877 2869 1988 2942 (ὥς

412 2982 575 3035 φησιν
637 2967 666 3018 ὁ
729 2962 942 3037 [θεῖος]
1020 2964 1379 3028 ’Λπόστο).ος·
1451 2963 1709 3033 Χριστοῦ
1772 2964 1990 3017 εὐωδία

410 3058 632 3129 ἐσμέν)
655 3074 670 3088 ⁶
711 3061 771 3112 al
813 3057 1026 3128 φιάλαι
1062 3058 1141 3122 δὲ,
1193 3057 1299 3111 τῶν
1333 3057 1584 3110 διανοιῶν
1619 3056 1950 3127 σημαντικαῑ
1973 3073 1986 3087 ·

353 3147 367 3160 ⁸
413 3152 470 3219 ἐξ
498 3144 574 3205 ὧν
622 3153 655 3224 ή
691 3151 800 3204 τῶν
843 3149 1068 3221 ἀγαθῶν
1117 3150 1294 3222 ἔργων
1323 3150 1522 3204 εὐωδία
1571 3150 1727 3221 καὶὴ
1770 3148 1989 3219 καθαρὰ

411 3241 687 3313 προσευχὴ
722 3241 1069 3312 προέρχεται.

480 3504 589 3560 Kal
627 3504 882 3573 ᾅδουσιν
914 3503 1132 3572 καινὴν
1169 3503 1334 3572 ᾠδὴν
1363 3502 1676 3574 λέγοντες·
1711 3503 1908 3572 Ἄξιος
1937 3499 1996 3558 εἴ

406 3597 614 3652 λαϐεῖν
632 3596 695 3649 τὸ
725 3596 991 3660 βιϐλίον,
1019 3594 1114 3648 καὶ
1137 3595 1371 3660 ἀνοῖξαι
1390 3595 1496 3660 τὰς
1522 3593 1864 3664 σφραγῖδας
1885 3597 1992 3649 αὐ-

407 3690 538 3758 τοῦ,
575 3689 664 3742 ὅτι
683 3687 981 3760 ἐσφάγης,
1010 3687 1108 3741 καὶ
1144 3687 1450 3757 ἠγόρασας
1471 3685 1551 3751 τῷ
1582 3684 1702 3752 Θεῷ
1724 3685 1880 3758 ἡμᾶς
1921 3686 1992 3740 ἐν

408 3781 490 3848 τῷ
516 3782 721 3850 αἵματί
745 3797 862 3834 σου
884 3780 950 3833 ἐκ
974 3779 1181 3847 πάσης
1217 3776 1424 3848 φυλῆς
1451 3777 1549 3832 καὶ
1576 3777 1860 3849 γλώσσης
1893 3779 1990 3832 καὶ

404 3876 560 3931 λαοῦ
603 3877 702 3929 καὶ
745 3875 962 3940 ἔθνους
983 3891 996 3903 ·
1043 3872 1142 3927 καὶ
1175 3873 1471 3941 ἐποίησας
1501 3873 1723 3939 αὐτοὺς
1756 3872 1834 3938 τῷ
1868 3871 1991 3937 Θεῴ

405 3967 578 4036 ήμῶν
618 3967 901 4032 ,βασιλεῖς
952 3963 1052 4019 και
1107 3964 1305 4033 ἱερεῖς,
1359 3965 1459 4018 καὶ
1492 3966 1990 4030 ,ϐασιλεύσουσιν

405 4061 505 4114 ἐπὶ
538 4059 649 4129 τῆς
677 4058 808 4130 γῆς.

477 4152 542 4204 0i
574 4150 956 4224 πρεσὸύτεροι,
983 4152 1035 4204 οἱ
1062 4152 1119 4206 ἐν
1148 4154 1214 4222 τῇ
1245 4151 1456 4223 [Ιαλαιᾷ
1485 4168 1544 4204 τε
1579 4151 1673 4204 καὶ
1714 4150 1830 4223 Νέᾳ
1871 4147 1990 4219 Θεῷ

409 4245 903 4316 εὐαρεστὴσαντες,
962 4245 1057 4298 καὶ
1100 4247 1198 4316 τὴν
1249 4245 1391 4314 ὑπὲρ
1424 4245 1624 4308 παντὸς
1653 4243 1746 4298 τοῦ
1779 4245 1986 4316 κόσμου

407 4338 489 4409 τῷ
526 4338 917 4406 σφαγιασθέντι
977 4337 1160 4409 Ἀμνῷ
1216 4337 1310 4391 τοῦ
1345 4337 1480 4392 Θεοῦ
1516 4338 1608 4391 καὶ
1656 4339 1989 4408 ἀγοράσαντι

413 4432 558 4501 ἡμᾶς
591 4431 917 4502 εὐαρεστίαν
969 4430 1359 4503 προσάγοντες.
1390 4429 1576 4498 Καινὴ
1616 4431 1672 4483 δὲ
1701 4428 1812 4502 [ἡ]
1841 4429 1986 4498 ᾠδὴ.

411 4524 480 4595 ἣν
516 4525 615 4593 τῆς
660 4524 1017 4595 παλαιότητος
1064 4523 1159 4577 τοῦ
1213 4525 1540 4595 γράμματος
1583 4523 1990 4590 ἀπαλλαγέντες

412 4619 462 4671 οἱ
508 4619 575 4671 ὲκ
623 4619 803 4688 πάσης
857 4616 1030 4686 φυλῆς
1065 4616 1157 4669 καὶ
1196 4615 1447 4684 γλώσσης
1479 4615 1988 4683 καταυγασθὲντεί,

413 4711 564 4782 ᾄδειν
612 4709 970 4780 ἐδιδάχθημεν
1013 4707 1101 4762 διὰ
1149 4708 1242 4762 τοῦ
1274 4709 1612 4778 Πνεῦματος.
1651 4708 1760 4778 Τῆς
1791 4706 1894 4776 γῆς
1933 4706 1989 4758 δὲ

2087 2130 2272 2183 throno
2320 2129 2549 2195 librant;
2593 2141 2643 2186 et
2683 2148 2798 2185 cum
2830 2135 3122 2202 aperuisset
3163 2133 3387 2200 librum,
3441 2146 3672 2206 quatuor

2083 2222 2344 2275 animalia
2359 2234 2406 2276 et
2431 2223 2858 2294 vigintiquatuor
2882 2226 3109 2279 seniores
3131 2227 3469 2294 prociderunt
3493 2244 3673 2281 coram

2083 2315 2254 2383 Agna,
2309 2312 2556 2366 habentes
2595 2315 2795 2384 singuli
2835 2315 3074 2369 citharas
3098 2357 3112 2379 ,
3140 2326 3189 2370 et
3233 2317 3442 2385 phialas
3479 2334 3672 2371 aureas

2083 2405 2264 2473 plenas
2311 2405 2810 2470 odoramentorum,
2839 2421 2954 2476 qua:
3002 2417 3124 2460 sunt
3160 2409 3425 2461 orationes
3459 2417 3666 2461 sancto-

2086 2513 2222 2550 rum.

2159 2677 2395 2732 Cithara
2425 2678 2751 2733 concinnam
2785 2692 3062 2748 suaveque
3091 2689 3381 2734 sonantem
3418 2679 3510 2734 Dei
3551 2680 3673 2736 lau-

2089 2771 2212 2824 dem
2240 2812 2255 2837 ,
2291 2786 2588 2841 rerumque
2627 2771 2935 2825 divinarum
2981 2771 3407 2826 celebrationem
3449 2772 3677 2827 demon-

2089 2872 2267 2918 strant
2311 2881 2323 2916 :
2373 2864 2723 2933 thymiamata
2781 2873 2961 2918 autem
3019 2864 3386 2931 beneolentia,
3461 2864 3674 2921 sacriﬁ-

2090 2956 2235 3010 cium
2268 2957 2411 3026 quod
2449 2955 2634 3010 lideles
2663 2971 2757 3025 per
2787 2957 2912 3011 vita:
2939 2956 3321 3012 castimoniam
3359 2965 3413 3011 et
3452 2955 3679 3024 integri-

2095 3055 2256 3100 tatem
2278 3047 2389 3101 Dco
2413 3046 2686 3102 olTerunt:
2718 3047 2825 3102 huc
2848 3047 2990 3101 enim
3012 3056 3222 3118 spectat
3245 3047 3373 3101 illud
3397 3047 3675 3115 Apostoli:

2095 3140 2296 3194 Christi
2341 3139 2507 3194 bonus
2559 3140 2690 3192 odor
2741 3155 2924 3193 sumus
2957 3139 3047 3191 ‘°:
3095 3138 3292 3208 phiala:
3345 3154 3506 3199 vero.
3562 3139 3680 3207 pius

2094 3239 2382 3300 castasque
2407 3230 2768 3299 cogitationes
2800 3247 2813 3282 :
2844 3229 2970 3283 hinc
2995 3243 3231 3298 namque
3253 3227 3519 3282 bonorum
3550 3243 3680 3295 ope-

2099 3339 2220 3378 rum
2246 3322 2564 3394 fragrantia,
2594 3337 2839 3393 puraque
2861 3331 2916 3377 et
2949 3329 3099 3376 casta
3129 3320 3372 3391 precatio
3395 3320 3679 3375 dimanare

2015 3431 2057 3490 α
2092 3418 2396 3474 consuevit.

2168 3509 2232 3576 V,
2266 3512 2320 3576 9,
2351 3511 2437 3566 10.
2475 3509 2556 3567 Et,
2575 3499 2859 3563 cantabant
2886 3507 3150 3562 canticum
3171 3490 3677 3574 novum;dicentes,:

2099 3603 2300 3673 Dignus
2327 3619 2404 3667 es,
2436 3601 2671 3666 Domine,
2699 3600 2931 3668 accipere
2949 3599 3163 3661 librum,
3194 3608 3242 3652 et
3267 3599 3474 3668 aperire
3503 3600 3679 3669 signa-

2094 3693 2215 3747 cula
2254 3695 2411 3762 ejus;
2440 3692 2692 3761 quoniant
2717 3690 2919 3744 occisus
2950 3705 3026 3753 es,
3056 3697 3105 3743 et
3137 3689 3407 3743 redemisti
3437 3703 3532 3742 nos
3571 3686 3680 3742 Deo

2093 3786 2147 3839 in
2181 3783 2439 3852 sanguine
2464 3792 2576 3846 tuo,
2607 3796 2672 3834 ex
2705 3781 2849 3834 omni
2877 3780 3043 3846 tribu,
3072 3789 3123 3835 et
3157 3779 3362 3850 lingua,
3391 3791 3440 3833 et
3463 3778 3678 3848 populo,

2092 3891 2141 3932 et
2188 3877 2436 3941 natione;
2481 3886 2531 3928 et
2565 3873 2738 3943 fecisti
2771 3888 2863 3926 nos
2899 3870 3008 3924 Deo
3039 3882 3222 3926 nostro
3252 3887 3468 3940 regnum
3504 3879 3554 3926 et
3590 3887 3681 3925 sa-

2093 3967 2356 4032 cerdotes;
2386 3977 2434 4021 et
2467 3964 2800 4036 regnabimus
2829 3979 2985 4033 super
3013 3973 3228 4017 terram.

2164 4151 2264 4206 Per
2299 4149 2414 4204 haec
2441 4148 2756 4204 ostenditur
2795 4147 3039 4202 seniores
3071 4145 3216 4211 illos,
3248 4144 3482 4200 eximios
3513 4159 3684 4214 quos-

2091 4245 2216 4300 dam
2274 4240 2747 4312 prascellcntisque
2809 4237 3119 4293 sanctitatis
3177 4236 3326 4290 viros
3382 4249 3534 4300 esse;
3584 4235 3680 4304 qui

2091 4337 2290 4408 partim
2326 4334 2380 4389 iu
2411 4333 2612 4398 Veteri,
2649 4330 2846 4402 partim
2884 4328 2938 4382 in
2972 4327 3128 4382 Novo
3173 4324 3526 4381 Testamento
3569 4323 3684 4380 Deo

2093 4442 2205 4498 pra:
2260 4431 2476 4498 caeteris
2532 4425 2888 4495 placuerunt;
2946 4420 3154 4491 quique
3213 4419 3349 4473 adeo
3400 4415 3683 4472 communi

2093 4519 2338 4576 omnium
2380 4518 2602 4572 nomine
2633 4517 2788 4584 Agno
2818 4513 2936 4577 Dei,
2977 4512 3071 4583 qui
3099 4511 3221 4581 ‘pro
3269 4511 3438 4565 totius
3490 4507 3683 4563 mundi

2094 4612 2270 4666 salute
2305 4609 2620 4664 immolatus
2640 4614 2747 4668 est,
2767 4619 2978 4675 suoque
3004 4619 3108 4659 nos
3133 4601 3404 4673 sanguine
3426 4599 3682 4664 redemit,

2092 4703 2355 4758 continuo
2383 4702 2588 4772 gratias
2632 4706 2822 4770 agunt.
2853 4695 3064 4751 Novum
3109 4703 3292 4750 autem
3328 4694 3433 4749 hoc
3469 4708 3684 4747 carmen

416 4801 733 4873 βασιλεῦσαι
761 4801 985 4862 τούτους
1037 4800 1173 4870 φησὶ
1209 4800 1305 4868 τῆς
1337 4798 1559 4868 καινῆς,
1612 4797 1678 4868 ἣν
1729 4799 1756 4849 ὀ
1788 4796 1987 4868 Κύριος

2099 4797 2299 4852 dicitur
2338 4814 2352 4850 :
2387 4795 2657 4865 siquidem
2704 4808 2771 4847 ex
2810 4789 2960 4846 omni
2988 4789 3129 4844 tribu
3158 4798 3213 4844 et
3241 4788 3426 4860 lingua
3452 4785 3521 4842 ad
3560 4784 3686 4842 ﬁdei

414 4897 527 4957 τοῖς
557 4893 788 4964 πραέσιν
815 4891 1201 4962 ἐπηγγείλατο.

2106 4889 2289 4944 lumen
2324 4887 2522 4953 vocati,
2559 4894 2614 4941 et
2643 4900 2675 4940 a
2707 4885 2902 4966 littera:
2935 4891 3208 4938 vetustate
3240 4881 3490 4944 liberati,
3526 4878 3686 4935 dein-

416 5003 544 5057 ceps
586 5001 682 5056 per
714 4983 974 5055 Spiritum
1006 4997 1203 5038 canere
1239 4980 1417 5037 edocti
1462 4994 1678 5035 sumus.
1730 4977 2014 5049 Ejusmodi
2071 4989 2256 5034 autem
2323 4987 2486 5034 teme
2557 4976 2898 5032 dominaturi
2949 4973 3349 5042 praedicantur;
3404 4986 3512 5025 non
3557 4970 3688 5024 huic

419 5099 618 5155 crassa:
650 5091 701 5137 et
740 5082 1070 5150 caliginosae,
1107 5079 1202 5135 sed
1235 5093 1387 5133 nova:
1422 5077 1497 5131 illi
1535 5092 1698 5147 quam
1736 5077 1998 5131 Dominus
2032 5078 2258 5132 utilibus
2293 5095 2352 5134 se
2388 5079 2646 5132 daturqu
2689 5075 2960 5146 promisit.
3473 5074 3475 5076 ’

489 5177 595 5231 Kal
654 5172 841 5239 εἶδον,
890 5173 988 5227 καὶ
1048 5171 1288 5241 ἤκουσα
1340 5171 1420 5236 ὡς
1474 5168 1680 5239 φωνῆς
1723 5168 1996 5239 ἀγγέλων

420 5269 668 5326 πολλῶν
698 5272 902 5334 κύκλῳ
932 5269 1040 5323 τοῦ
1065 5269 1282 5337 θρόνου
1311 5266 1407 5321 καὶ
1435 5265 1553 5319 τῶν
1581 5263 1737 5326 ζώων
1763 5265 1861 5318 καὶ
1882 5263 1999 5318 τῶν

422 5363 859 5432 πρεσϐυτέρων-ο
897 5363 997 5416 και
1026 5359 1106 5433 ἦν
1155 5365 1186 5416 ό
1215 5361 1459 5430 ἀριθμὸς
1493 5358 1695 5413 αὐτῶν
1711 5358 1999 5428 μυριάδες

416 5459 738 5531 μυριάδων,
765 5461 863 5514 καὶ
890 5458 1157 5529 χιλιάδες
1184 5457 1490 5528 χιλιάδων,
1521 5457 1806 5528 λέγοντες
1827 5455 1999 5526 φωνῇ

417 5553 679 5622 μεγάλῃ·
715 5552 925 5616 Ἀξιόν
970 5552 1096 5606 ἐστι
1131 5552 1198 5605 τὸ
1243 5551 1478 5617 Ἀρνιον
1520 5552 1584 5603 τὸ
1615 5549 2003 5618 ἐσφαγμένον

421 5646 629 5699 λαϐεῖν
664 5643 778 5713 τὴν
803 5645 1062 5715 δύναμιν
1091 5645 1188 5700 καὶ
1218 5643 1487 5698 πλοῦτον
1519 5644 1618 5697 καὶ
1644 5645 1873 5711 σοφίαν
1903 5642 2001 5694 καὶ

425 5738 608 5806 ἔσχὺν
636 5738 731 5791 καὶ
750 5738 928 5806 τιμὴν
947 5738 1251 5804 καὶδόξαν
1277 5738 1372 5791 καὶ
1401 5735 1524 5792 πᾶν
1539 5737 1758 5806 κτίσμα
1782 5734 1814 5788 ὅ
1833 5735 2004 5788 ἐστιν

497 5898 538 5928 “
566 5897 608 5952 ll
635 5895 762 5952 Cor.
795 5910 855 5952 ιι.
900 5894 980 5948 15.

2175 5170 2241 5237 V,
2277 5171 2461 5225 11-15.
2492 5168 2560 5223 Et
2594 5169 2724 5232 vidi,
2751 5177 2800 5222 et
2826 5166 3004 5220 audivi
3025 5180 3198 5218 vocem
3220 5159 3527 5232 angelorum
3552 5160 3689 5212 mul-

2103 5275 2275 5318 torum
2301 5264 2354 5318 in
2386 5264 2608 5316 circuitu
2639 5261 2834 5322 throni,
2865 5269 2912 5312 et
2938 5256 3276 5322 animalium,
3307 5263 3355 5308 et
3386 5252 3684 5317 seniorum;

2103 5369 2150 5413 et
2180 5367 2296 5414 erat
2317 5372 2565 5412 numerus
2587 5371 2765 5408 eorum
2790 5353 2961 5407 millia
2989 5350 3236 5414 millium,
3259 5345 3545 5400 dicentium
3570 5360 3688 5399 voce

2103 5469 2294 5523 magna
2327 5466 2346 5505 :
2380 5449 2582 5520 Dignus
2616 5457 2694 5502 est
2731 5449 2934 5517 Agnus,
2968 5445 3058 5515 qui
3089 5443 3292 5498 occisus
3321 5448 3422 5504 est,
3456 5438 3688 5507 accipere

2102 5547 2346 5600 uirtutem
2361 5557 2411 5598 et
2434 5543 2789 5604 divinitatem,
2811 5549 2860 5594 et
2875 5539 3186 5607 sapientiam
3198 5577 3212 5601 ,
3229 5542 3278 5588 et
3292 5531 3686 5602 fortitudinem,

2103 5648 2151 5694 et
2181 5638 2456 5704 honorent,
2479 5644 2529 5690 et
2550 5634 2801 5706 gloriam,
2830 5643 2876 5685 et
2913 5629 3345 5685 benedictionem.
3378 5624 3447 5678 Et
3481 5641 3687 5680 omnem

2105 5743 2442 5798 creaturam,
2477 5745 2596 5800 qua:
2622 5730 2676 5784 in
2711 5725 2838 5782 caelo
2871 5734 2970 5793 est,
3002 5735 3048 5778 et
3075 5737 3231 5792 super
3261 5731 3480 5790 terram,
3517 5731 3567 5776 et
3595 5719 3687 5772 sub
