4034 6574
403 436 511 498 20‘}

1578 420 1904 485 ANDRE/E
1941 413 2454 479 CxESARIENSIS

3563 409 3670 472 26$

405 562 568 612 terra,
595 554 642 599 et
666 559 782 615 qua:
815 551 932 595 sunt
961 541 1015 594 in
1050 539 1208 604 mari,
1242 546 1289 592 et
1314 555 1430 609 qua:
1463 554 1521 596 in
1585 555 1645 602 ο,
1677 550 1852 589 omnes
1893 551 1993 585 (tu-

2112 529 2168 581 ἒν
2190 525 2270 593 τῷ
2301 521 2546 594 οὐρανῷ
2569 522 2664 577 καὶ
2694 521 2794 576 ἐπὶ
2821 521 2931 590 τῆς
2959 520 3094 590 τῆς,
3125 519 3224 576 καί
3256 520 3534 576 ὑποκάτω
3564 523 3674 589 τῆς

405 641 512 693 divi
543 637 771 691 dicentes
802 634 1001 688 sedenti
1038 634 1093 686 in
1145 632 1353 696 throno,
1385 641 1434 686 et
1467 631 1652 701 Agna:
1687 627 1794 697 23
1823 623 1988 678 Bene-

403 731 590 794 dictio,
622 737 670 780 et
699 727 886 792 Itonor,
918 734 968 780 et
994 725 1163 798 gloria
1183 763 1201 790 ,
1233 733 1280 780 et
1320 734 1549 794 potestas
1581 722 1633 774 in
1659 719 1857 775 uetula
1888 733 1990 770 sa:-

407 821 668 875 cnlornin.
694 816 878 872 Amen.

475 991 560 1044 Ab
586 990 864 1056 omnibus,
895 989 1009 1045 sive
1034 1004 1099 1044 ea
1125 989 1314 1044 vivant
1337 1028 1353 1052 ,
1388 988 1504 1044 sive
1527 983 1854 1054 intelligant,
1881 981 1994 1038 sive

340 1086 343 1090 '
405 1084 601 1154 quovis
631 1083 740 1137 alio
771 1082 936 1137 modo
964 1081 1256 1146 exsistant,
1287 1079 1429 1134 Deus
1457 1088 1714 1146 tanquam
1746 1075 1994 1129 omnium

409 1175 739 1244 principium
767 1184 820 1228 et
865 1187 1033 1228 causa
1073 1172 1328 1227 laudatur
1379 1179 1434 1225 et
1476 1168 1812 1240 gloriﬁcatur
1845 1184 1859 1220 :
1897 1179 1998 1222 nec

411 1281 518 1319 non
563 1263 880 1334 unigenitus
906 1274 961 1318 et
991 1261 1481 1318 consubstantialis
1509 1257 1756 1330 ejusdem
1785 1258 1996 1322 Filius;

410 1356 503 1425 qui
535 1355 742 1410 homini
777 1354 983 1423 totique
1016 1363 1286 1408 creatura:
1309 1393 1324 1418 ,
1356 1366 1473 1422 quae
1520 1366 1615 1421 per
1647 1350 1827 1420 ipsum
1856 1349 1996 1403 facta

413 1456 518 1508 est,
567 1446 862 1500 novitatem
907 1445 1214 1514 impertitus
1260 1455 1362 1498 est.
1403 1443 1514 1498 Etsi
1556 1442 1774 1497 interim
1809 1457 2001 1496 secun-

411 1535 538 1590 dum
576 1545 826 1590 naturam
862 1545 1223 1606 assumptam,
1254 1544 1513 1605 tanquam
1536 1535 1725 1599 homo,
1763 1540 2002 1602 potesta-

416 1635 522 1679 tcm
576 1623 628 1678 in
661 1640 724 1679 ca
756 1640 878 1695 qua:
913 1633 1044 1681 sunt
1073 1625 1129 1679 in
1161 1624 1302 1680 caalo
1331 1634 1384 1681 et
1423 1625 1479 1680 iu
1519 1632 1685 1692 terra,
1717 1623 1998 1694 accepisse

415 1718 710 1773 scribatur.

486 1807 551 1874 V,
586 1809 674 1863 14.
709 1806 776 1862 Et
801 1818 1029 1879 quatuor
1055 1808 1314 1862 animalia
1345 1808 1588 1862 dicebant
1614 1807 1817 1871 Amen;
1844 1815 1892 1860 et
1928 1806 2003 1860 vi-

2089 617 2233 688 γῆς·
2284 617 2380 672 καί
2407 617 2504 671 ἐπὶ
2552 614 2663 684 τῆς
2692 613 3012 682 θαλάσσης
3045 611 3122 686 [ἄ
3143 614 3274 668 ἐστι
3299 613 3318 685 Ἰ
3347 613 3447 667 καὶ
3491 614 3572 669 τὰ,
3607 615 3680 668 ἐν

2091 709 2298 776 αὐτοῖς
2314 708 2512 762 πάντα
2530 724 2544 739 ·
2570 706 2828 776 λέγοντα
2847 705 2927 771 τῷ
2953 705 3269 776 καθημένῳ
3287 705 3385 759 ἐπὶ
3417 705 3525 760 τοῦ
3547 707 3684 776 θρό-

2096 819 2207 856 νου
2235 801 2335 855 καὶ
2369 798 2449 865 τῷ
2499 800 2709 867 Ἀρνίῳ
2729 814 2743 829 ·
2788 798 2852 853 Ἠ
2881 799 3130 868 εὐλογία
3172 797 3271 852 καί
3311 799 3349 867 ἠ
3379 798 3551 866 δόξα,
3581 800 3682 852 καὶ

2094 894 2162 946 τὸ
2187 889 2403 960 κράτος
2433 891 2522 955 είς
2568 888 2717 956 τοὺς
2740 887 2963 954 αἰῶνας
2987 887 3106 942 τῶν
3131 887 3382 943 αἱώνων.
3428 889 3638 958 Ἀμην.

2167 981 2187 1054 [
2212 982 2322 1038 Καὶ
2355 980 2594 1050 ἤκουσα
2615 981 2696 1047 ὡς
2724 980 2927 1050 φωνῆς
2950 980 3225 1051 ἀγγέλων
3267 981 3538 1046 πολλῶν,
3583 982 3683 1036 καί

2098 1075 2219 1130 τῶν
2245 1075 2424 1143 ζώων,
2454 1075 2549 1129 καί
2581 1073 2701 1128 τῶν
2732 1073 3170 1142 πρεσϐυτέρων.
3199 1072 3294 1144 -—]
3334 1074 3432 1128 Ἐκ
3459 1073 3682 1128 πάντων

2098 1168 2207 1236 γὰρ
2249 1165 2358 1220 τῶν
2401 1181 2461 1217 τε
2492 1163 2724 1234 νοητῶν,
2756 1161 2867 1215 τῶν
2898 1179 2958 1215 τε
2991 1161 3289 1233 αἰσθητῶν,
3319 1160 3430 1214 τῶν
3461 1177 3522 1214 τε
3550 1160 3688 1225 ζών-

2098 1276 2226 1324 των,
2271 1258 2380 1312 τῶν
2423 1274 2483 1310 τε
2512 1255 2698 1318 ἁπλῶς
2744 1254 2934 1319 ὄντων,
2982 1255 3233 1323 φυσικοῖς
3263 1253 3445 1321 λόγοις
3481 1253 3510 1305 ὁ
3554 1253 3688 1316 Θεὸς

2098 1351 2421 1417 δοξάζεται,
2465 1349 2541 1412 ὼς
2593 1349 2812 1402 πάντων
2861 1347 3256 1416 γενεσιάρχης·
3297 1346 3393 1400 καὶ
3429 1347 3456 1398 ὁ
3493 1345 3685 1401 τούτου

2105 1443 2404 1516 μονογενὴς
2434 1442 2528 1495 καὶ
2556 1439 2839 1511 ὁμοούσιος
2867 1438 3016 1503 Υἱὸς,
3049 1439 3124 1500 ὼς
3146 1439 3245 1508 τὴν
3283 1438 3578 1508 καινότητα
3605 1431 3686 1507 τῷ

2101 1535 2375 1607 ἀνθρώπῳ
2399 1534 2494 1588 καὶ
2521 1532 2708 1604 τὴνοδϋ
2734 1530 2899 1586 αὐτοῦ
2929 1531 3306 1601 γεγενημένην
3337 1530 3685 1584 ἀνακαίνισιν

2102 1628 2483 1700 χαριζόμενος,
2513 1627 2561 1678 εί
2585 1624 2681 1677 καὶ
2703 1622 2888 1678 λαϐεῖν
2914 1621 3022 1675 τῶν
3058 1623 3118 1676 ὲν
3164 1613 3412 1691 οῦξανοῖς
3439 1621 3534 1674 καὶ
3579 1619 3686 1675 τῶν

2103 1721 2365 1787 ἐπιγείων
2396 1722 2496 1789 τὴν
2528 1715 2784 1784 ἐξουσίαν
2811 1713 2886 1778 ὡς
2913 1715 3198 1784 ἄνθρωπος
3220 1715 3555 1785 γέγραπται.

2177 1812 2288 1865 Kal
2343 1811 2412 1864 τὰ
2452 1809 2722 1877 τέσσαρα
2772 1805 2886 1867 ζῶα
2929 1805 3144 1876 ἔλεγον
3203 1805 3412 1876 Ἀμήν·
3476 1806 3573 1860 καί
3633 1808 3689 1861 ol

416 1901 547 1971 ginti
578 1912 806 1969 quatuor
829 1901 1058 1954 seniores
1111 1902 1406 1954 occiderunt
1457 1902 1511 1952 in
1556 1900 1720 1969 facies
1767 1915 1912 1964 suas,
1953 1907 2002 1953 et

2112 1907 2495 1976 πρεσϐύτεροι
2521 1903 2752 1958 ἔπεσαν
2779 1902 2876 1955 καὶ
2901 1901 3398 1970 προσεκύνησαν.

416 1994 771 2047 adoraverunt
795 1992 1045 2046 viventem
1077 1992 1132 2045 in
1165 1991 1358 2046 stccula
1387 1991 1722 2046 sa’culorum.

488 2083 554 2136 Et
583 2085 711 2138 hinc
731 2098 951 2153 quoque
974 2083 1384 2138 demonstratur
1407 2099 1500 2153 per
1521 2081 1706 2138 Jcsum
1727 2081 2004 2136 Christum

421 2173 586 2225 licum
619 2181 672 2227 ct
705 2172 996 2227 Dominum
1025 2184 1302 2236 nostrum,
1335 2176 1425 2244 qui
1452 2174 1665 2229 divulsa
1698 2174 2004 2244 conjunxit,

423 2265 778 2335 macerizeque
810 2265 1165 2320 interstitium
1202 2265 1486 2332 dissolvit,
1526 2282 1693 2321 unum
1729 2282 1796 2320 ex
1823 2268 2006 2320 omni-

422 2357 524 2412 bus
557 2356 874 2413 hominibus
896 2358 1058 2423 ovile,
1087 2366 1140 2414 et
1166 2372 1326 2410 unam
1352 2372 1575 2412 rursum
1601 2373 1667 2412 ex
1692 2357 2008 2413 hominibus

420 2455 475 2502 et
498 2448 707 2516 angelis
740 2445 1038 2504 Ecclesiam
1073 2447 1278 2504 factam
1304 2463 1446 2504 esse.
1481 2447 1623 2504 Ecce
1652 2449 1798 2503 enim
1831 2449 2010 2520 vigin-

425 2539 464 2593 ti
492 2547 730 2609 quatuor
755 2540 1020 2603 seniores,
1045 2555 1139 2610 per
1157 2555 1297 2610 quos
1321 2539 1708 2595 salvandorum
1731 2539 2011 2612 plenitudo

425 2631 820 2699 adumbratur,
852 2632 1000 2703 digni
1032 2633 1136 2688 hoc
1167 2632 1287 2687 loco
1327 2633 1712 2702 praedicantur.
1757 2634 1849 2705 qui
1878 2648 2011 2690 con-

425 2739 559 2780 SOIla
603 2741 736 2782 voce
765 2741 889 2782 cum
925 2737 1162 2796 quatuor
1196 2725 1442 2793 mysticis
1482 2726 1850 2794 animalibus,
1889 2742 2012 2796 quze

428 2814 569 2869 inter
595 2827 821 2870 caeteros
853 2814 1076 2884 angelos
1109 2815 1406 2886 primatum
1441 2825 1647 2880 tenent,
1686 2817 1852 2870 Deum
1887 2817 2009 2872 lau-

425 2905 556 2960 dent
591 2914 644 2960 et
674 2908 925 2962 adorent.
962 2906 1079 2972 Quo
1114 2907 1451 2962 laudationis
1487 2922 1716 2963 munere
1746 2923 1846 2963 nos
1874 2923 2014 2979 quo-

425 3012 532 3067 que
583 2997 636 3051 in
690 2997 809 3069 ipso
846 2996 1065 3054 Christo
1116 2997 1229 3054 Deo
1283 3008 1475 3055 nostro
1514 3001 1778 3071 pacisque
1823 3000 2014 3058 datore

423 3089 572 3159 digni
612 3089 941 3156 habeamur,
978 3105 1101 3144 cum
1147 3106 1258 3160 quo
1289 3090 1458 3158 Patri,
1495 3108 1602 3147 una
1646 3107 1770 3149 cum
1803 3092 2011 3163 Spiritu

425 3191 638 3248 sancto,
670 3183 740 3239 sit
766 3183 962 3253 gloria,
997 3184 1288 3254 imperium
1321 3192 1375 3239 et
1399 3185 1765 3256 lionor,fnune
1793 3195 1848 3242 et
1867 3201 2011 3242 sem-

427 3291 541 3345 per,
575 3285 628 3330 et
659 3275 714 3329 in
746 3276 957 3330 inlinita
990 3276 1186 3330 saecula
1221 3278 1568 3333 saeculorum.
1601 3277 1795 3334 Amen.

837 3387 1066 3444 CAPUT
1101 3389 1238 3444 Xlll.
1284 3389 1518 3446 SERMO
1559 3391 1624 3447 V.

427 3497 638 3555 Salutio
675 3501 834 3570 primi
877 3502 1088 3585 sigilli;
1134 3520 1244 3585 per_
1281 3521 1440 3585 quam
1489 3505 1852 3576 apostolorum
1908 3507 2009 3561 do-

929 3576 1103 3628 ctrina
1134 3576 1462 3645 designatur.

504 3679 592 3747 V'l,
637 3683 688 3736 l.
737 3681 804 3736 Et
842 3683 948 3737 vidi
981 3686 1120 3754 quod
1169 3687 1457 3754 aperuisset
1506 3689 1685 3758 Agnus
1737 3707 1901 3744 unum
1949 3693 2012 3746 de

431 3783 624 3842 septem
651 3775 860 3843 sigillis.
908 3775 975 3828 Et
1005 3777 1187 3830 audivi
1218 3793 1381 3830 unum
1406 3778 1470 3832 de
1497 3789 1724 3849 quatuor
1765 3783 2013 3836 animali-

433 3864 557 3931 bus,
597 3866 798 3933 dicens,
828 3877 1080 3939 tanquam
1109 3885 1282 3924 vocem
1316 3872 1534 3924 tonitrui
1565 3885 1586 3923 .'
1627 3873 1752 3929 Veni
1790 3889 1838 3930 et
1879 3876 2011 3931 vide.

504 4043 582 4098 Ex
611 4045 848 4100 liocloco
873 4044 1201 4100 concinnum
1229 4062 1410 4102 rerum
1434 4047 1738 4104 cwlestium
1765 4051 2012 4108 ordinem

434 4150 765 4205 cognoscere
814 4139 938 4192 licet
986 4155 1000 4192 :
1048 4139 1318 4207 siquidem
1371 4156 1434 4196 ex
1489 4143 1677 4210 primis
1731 4145 2016 4200 ordinibus

436 4228 640 4283 sensim
671 4230 729 4281 lit
760 4229 962 4296 gradus
997 4229 1064 4282 ad
1107 4230 1244 4284 alios
1290 4231 1596 4286 inferiores.
1639 4232 1742 4287 Per
1784 4235 2013 4303 primam

437 4319 622 4388 itaque
665 4319 1122 4388 quadriformium
1170 4320 1490 4375 animalium
1544 4322 1776 4391 faciem,
1821 4340 2018 4393 nempe

435 4409 683 4474 Leonem,
714 4411 942 4480 primam
970 4427 1156 4466 vocem
1190 4411 1390 4467 factam
1419 4413 1625 4482 audivit
1649 4414 2014 4484 evangelista;

439 4518 562 4572 quae
593 4504 786 4574 angelo
811 4504 900 4572 qui
932 4504 1330 4573 mnigmaticam
1360 4505 1624 4559 visionem
1651 4505 2016 4574 imprimebat,

2180 2086 2277 2138 Διὰ
2303 2084 2360 2138 δὲ
2388 2085 2496 2137 τῶν
2541 2084 2820 2155 τεσσάρων
2853 2080 3007 2145 ζώων
3037 2081 3132 2135 καὶ
3159 2081 3268 2135 τῶν
3300 2082 3690 2153 πρεσϐυτέρων

2107 2179 2382 2232 δείκνυται
2409 2176 2506 2247 μία
2531 2175 2758 2245 ποίμνη,
2783 2174 2879 2229 καὶ
2909 2174 3011 2244 μία
3047 2174 3343 2245 Ἐκκλησία
3365 2175 3691 2245 γεγενῆσθαι

2107 2269 2358 2338 ἀγγέλων
2409 2269 2505 2322 καὶ
2537 2267 2866 2339 ἀνθρώπων,
2915 2266 3004 2320 διὰ
3027 2265 3267 2338 Χριστοῦ
3293 2266 3384 2319 τοῦ
3413 2266 3570 2332 θεοῦ,
3594 2267 3691 2321 τοῦ

2107 2360 2174 2414 τὰ
2225 2359 2488 2414 διεστῶτα
2540 2357 2902 2426 συνάψαντος,
2951 2359 3047 2410 καὶ
3101 2356 3162 2409 τὸ
3227 2357 3543 2428 μεσότοιχον
3595 2355 3690 2412 τοῦ

2109 2450 2366 2521 φραγμοῦ
2389 2449 2671 2512 λύσαντος·
2701 2449 2809 2502 ἰδοὺ
2838 2448 2971 2520 γὰρ,
3003 2448 3079 2513 ὡς
3104 2449 3441 2520 ἀκηκόαμεν,
3469 2449 3564 2502 σὺν
3579 2451 3691 2514 τοῖς

2109 2544 2372 2614 τέσσαρσι
2411 2543 2573 2606 ζώοις
2606 2543 2720 2605 τοῖς
2787 2542 2896 2594 τῶν
2930 2539 3132 2593 ὶοιπῶν
3164 2539 3472 2609 ἀγγελικιῖιν
3520 2540 3693 2611 ὑπερ-

2117 2638 2302 2710 έχουσι
2323 2637 2551 2702 τάξεων,
2569 2635 2663 2688 καὶ
2687 2636 2734 2688 οἱ
2767 2635 3254 2705 χαρακτηριστικοὶ
3277 2633 3370 2686 τοῦ
3394 2632 3503 2686 τῶν
3527 2633 3694 2698 σωζο-

2115 2732 2292 2800 μένων
2314 2728 2618 2800 ἀνθρώπων
2638 2727 3028 2797 πληρώματος,
3055 2726 3155 2795 τῆς
3179 2723 3273 2778 τοῦ
3305 2723 3440 2778 Θεοῦ
3473 2722 3692 2789 ἀξιοῦνο

2111 2836 2202 2873 ται
2237 2817 2507 2888 ὑμνῳδίας
2541 2834 2601 2870 τε
2649 2817 2743 2870 καὶ
2788 2815 3251 2886 προσκυνήσεως·
3307 2809 3376 2886 ἧς
3403 2814 3498 2868 καὶ
3531 2815 3692 2885 ἡμεῖς

2111 2909 2474 2982 ἀξιωθείημεν
2507 2911 2563 2962 ὲν
2595 2907 2743 2979 αὑτῷ
2787 2906 2941 2981 [τῷ]
2977 2907 3200 2979 Χριστῴ
3239 2906 3315 2976 τῷ
3343 2907 3442 2977 τῆς
3469 2907 3693 2978 εἰρήνης

2111 3003 2301 3074 δοτῆρι
2341 3005 2436 3056 καὶ
2487 3000 2606 3072 Θεῴ
2658 3000 2844 3072 ἡμῶν·
2894 2999 3012 3067 μεθ’
3046 2993 3107 3054 οῦ
3137 2997 3214 3070 τῷ
3246 2997 3442 3070 Πατρὶ,
3475 2998 3590 3069 ἅμα
3617 2997 3696 3069 τῷ

2113 3094 2254 3165 ἁγίῳ
2301 3094 2602 3164 [Ινεύματι.
2655 3095 2802 3160 δόξα,
2855 3095 3076 3164 κράτος,
3108 3093 3300 3167 [τιμὴ,
3328 3091 3424 3146 νῦν
3449 3092 3543 3145 καὶ
3571 3090 3656 3143 ἀεὶ
3677 3121 3697 3152 ,

2112 3187 2249 3260 καὶ]
2288 3189 2368 3252 εἰς
2393 3188 2518 3252 τοὺς
2567 3186 3035 3260 [ἁτελευτήτους]
3067 3187 3268 3250 αἰῶνας
3319 3183 3428 3240 τῶν
3460 3184 3695 3239 αἰώνων.

2126 3281 2319 3351 Ἀμήν.

2524 3395 2778 3448 ΚΕΦΛΛ.
2815 3391 2928 3462 _II".
2987 3393 3210 3448 ΛΟΓΟΣ
3244 3393 3320 3446 E'.

2116 3508 2306 3574 Λύσις
2349 3505 2459 3574 τῆς
2509 3505 2744 3574 πρώτης
2792 3503 3152 3573 σφραγῖδος,
3219 3502 3334 3571 τὴν
3371 3503 3698 3558 ἀποστολι-

2467 3577 2587 3644 κὴν
2622 3575 2882 3644 διδαχὴν
2911 3577 3326 3644 σημαίνουσα.

2185 3690 2294 3746 Kal
2325 3689 2490 3744 εἶδον
2519 3690 2606 3742 ὅτι
2653 3689 2862 3759 ἤνοιξε
2899 3687 2965 3741 τὸ
3005 3688 3236 3754 Ὰρνίον
3279 3686 3428 3754 μίαν
3463 3688 3532 3741 ἐκ
3578 3685 3700 3740 τῶν

2115 3783 2264 3837 ἑπτὰ
2303 3783 2685 3853 σφραγίδων·
2718 3781 2815 3836 mil
2859 3779 3100 3850 ἤκουσα
3139 3779 3279 3846 ἐνὸς
3311 3779 3379 3833 ἐκ
3405 3777 3525 3832 τῶν
3562 3795 3701 3834 τεσ-

2116 3874 2322 3944 σάρων
2368 3873 2526 3936 ζώων
2548 3873 2855 3943 λέγοντος,
2889 3874 2970 3939 ὠς
3001 3872 3206 3946 φωνῆς
3237 3871 3526 3940 βροντῆς·
3561 3874 3700 3943 "Ep-

2117 3987 2230 4040 χου
2257 3969 2354 4024 καὶ
2383 3969 2496 4022 ἴδε.

2190 4062 2484 4117 Κάνταῦθα
2509 4065 2542 4133 ἠ
2579 4063 2687 4116 τῶν
2713 4063 2771 4114 ἐν
2803 4060 3055 4131 οὐρανοῖς
3099 4058 3319 4123 εὐταξία
3348 4060 3698 4129 σημαίνεται,

2117 4159 2181 4210 ὲκ
2225 4156 2334 4209 τῶν
2385 4156 2618 4227 πρώτων
2664 4153 2870 4219 τάξεων
2916 4152 2998 4215 είς
3034 4151 3106 4205 τὰ
3153 4151 3380 4222 δεύτερα
3433 4151 3699 4206 natalia!-

2117 4267 2283 4303 νουσα
2303 4265 2318 4280 ·
2349 4249 2429 4302 διὸ
2455 4247 2619 4320 [καὶ]
2659 4249 2722 4300 ὲκ
2752 4245 2845 4300 τοῦ
2880 4244 2997 4308 ἑνὸς
3028 4242 3324 4314 προσώπου
3359 4243 3466 4296 τῶν
3503 4261 3700 4314 τετρα-

2122 4339 2368 4409 μόρφων,
2415 4338 2616 4408 δηλαδὴ
2662 4335 2756 4389 τοῦ
2809 4333 3042 4398 λέοντος,
3073 4333 3172 4404 τὴν
3212 4333 3437 4404 πρώτην
3470 4335 3702 4405 γεγενῆ-

2121 4431 2244 4482 alia:
2299 4428 2482 4498 φωνὴν
2535 4429 2760 4499 ἢκουσε,
2812 4425 3176 4495 κελευομένην
3222 4425 3305 4489 τὸ,
3343 4427 3586 4494 Ἔρχου,
3618 4426 3700 4495 τῷ

2119 4523 2219 4592 τὴν
2269 4521 2540 4574 ὀπτασίαν
2586 4518 2843 4572 τυποῦντι
2873 4519 3110 4589 ἀγγέλῳ,
3138 4519 3206 4572 δι’
3249 4517 3590 4587 αἰνίγματος.
3627 4518 3701 4570 Τὸ

434 4597 888 4650 uleinandabatuti
916 4597 1116 4650 veniret
1143 4605 1194 4653 et
1223 4599 1448 4653 videret.
1476 4598 1743 4651 Caeterum
1775 4597 2007 4665 primum

2115 4587 2186 4668 δὲ⁷
2199 4613 2414 4686 πρῶτον
2442 4613 2602 4678 ζῶον,
2623 4616 2650 4665 ὸ
2667 4611 2825 4676 λέων,
2850 4587 3139 4681 ἐμφαίνειν
3171 4627 3264 4681 μοι
3289 4610 3516 4664 δοκεῖτὸ
3544 4610 3701 4679 βασι-

441 4689 542 4740 Iioc
592 4687 793 4740 animal
824 4687 1008 4756 (quod
1041 4686 1278 4742 Leonem
1319 4704 1440 4744 esse
1491 4687 1775 4756 diximus)
1811 4685 2014 4755 regiam

437 4781 808 4849 apostolorum
839 4781 1200 4850 prudentiam.
1234 4781 1764 4850 imperterritamque
1795 4792 2016 4832 eorum-

437 4874 558 4925 dem
603 4882 792 4926 contra
831 4875 1106 4929 daemones
1143 4873 1515 4926 fortitudinem
1551 4870 1861 4939 signiﬁcare
1893 4885 2017 4926 ere-

436 4962 602 5014 ditur.
639 4959 756 5016 lluc
781 4962 926 5015 enim
951 4962 1156 5018 dictum
1183 4961 1312 5015 illud
1331 5002 1344 5027 ,
1378 4960 1512 5014 Ecce
1535 4976 1676 5030 reges
1714 4970 1866 5015 terra:
1895 4977 2017 5016 con-

443 5054 643 5123 gregati
705 5055 895 5108 sunt”
947 5073 959 5110 :
998 5065 1051 5109 et
1099 5053 1229 5108 illud
1278 5067 1528 5116 rursum,
1583 5053 1883 5108 Constitues
1926 5070 2011 5109 eos

442 5150 700 5218 principes
742 5167 896 5216 super
923 5165 1124 5202 omnem
1157 5158 1347 5201 terram
1375 5147 1436 5209 ¹²,
1470 5147 1742 5216 pertinere
1777 5148 2010 5204 videtur.

515 5241 606 5308 Vl,
639 5245 692 5298 ‘2.
730 5243 796 5296 Et
835 5245 971 5307 vidi;
999 5253 1057 5296 .et
1085 5259 1197 5295 ecce
1227 5257 1386 5312 equus
1417 5242 1590 5303 albus,
1617 5253 1664 5296 et
1687 5244 1775 5313 qui
1803 5243 2012 5297 sedebat

443 5352 598 5405 super
631 5337 803 5400 illum,
832 5335 1050 5388 habebat
1083 5350 1297 5401 arcum;
1327 5344 1374 5389 et
1401 5336 1530 5388 data
1557 5347 1627 5388 est
1651 5336 1698 5389 ei
1726 5353 1942 5405 corona,
1967 5347 2014 5391 ct

442 5430 598 5483 exivit
628 5430 830 5483 vincens
861 5438 915 5480 ut
946 5428 1186 5481 vinceret.

509 5523 650 5579 Sunt
693 5521 784 5591 qui
816 5528 869 5573 ct
902 5519 1217 5588 prmsentis,
1263 5529 1319 5576 et
1357 5520 1692 5591 reliquorum
1738 5532 1792 5577 et
1823 5523 2006 5580 itidem

435 5629 558 5685 quae
598 5614 726 5665 hinc
773 5621 1218 5680 consequuntur,
1268 5612 1428 5684 sigilli
1474 5613 1890 5683 patefactionem
1939 5619 2006 5671 ad

435 5701 700 5760 incarnati
746 5700 905 5756 Verbi
959 5704 1316 5760 meetitimiam
1362 5705 1618 5762 referant.
1670 5707 1735 5764 Et
1783 5709 2004 5782 quidem

508 5863 549 5894 “
581 5859 726 5917 Psal.
758 5876 924 5928 nvn,
962 5863 1014 5920 5.
1099 5865 1140 5896 ¹²
1171 5863 1314 5922 Psal.
1338 5881 1482 5930 XLIV,
1514 5868 1600 5922 l7.

2117 4709 2267 4762 λικὸν
2295 4707 2404 4761 τῶν
2447 4708 2766 4762 ἀποστόλων
2813 4705 2955 4759 κατὰ
2999 4706 3270 4776 δαιμόνων
3315 4705 3602 4775 φρόνημα,
3630 4704 3700 4758 δι’

2119 4801 2211 4866 οὓς
2237 4801 2489 4873 εἴρηται·
2535 4800 2682 4855 Ἰδοὺ
2713 4801 2767 4854 ol
2787 4798 3072 4864 βασιλεῖς
3116 4797 3227 4866 τῆς
3252 4795 3365 4866 τῆς
3393 4798 3706 4865 συνήχθη-

2117 4908 2256 4946 σαν.
2289 4891 2398 4943 Καὶ
2431 4889 2619 4943 πάλιν·
2652 4888 3070 4959 Καταστήσεις
3111 4887 3412 4959 ἄρχοντας
3445 4886 3544 4940 ἐπὶ
3583 4884 3701 4943 πᾶ·

2118 4995 2240 5033 σαν
2269 4977 2380 5046 τὴν
2407 4976 2541 5047 γῆν.

2191 5243 2300 5297 Καὶ
2341 5243 2502 5297 εἶδον
2519 5261 2534 5276 ·
2567 5244 2664 5296 καὶ
2693 5243 2820 5297 ίδοὺ
2841 5244 3023 5306 ἵππος
3046 5241 3265 5307 λευκρς
3288 5257 3300 5270 ·
3330 5242 3427 5294 καί
3454 5244 3486 5294 o'
3512 5241 3698 5309 καθή-

2113 5353 2297 5406 μενος
2317 5337 2410 5390 ἐπ’
2427 5337 2634 5401 αὐτὸν,
2661 5338 2818 5406 ἔχων
2836 5337 3040 5401 τόξον·
3061 5335 3158 5390 καί
3178 5335 3354 5402 ἐδόθη
3377 5334 3536 5400 αὐτῷ
3554 5339 3696 5390 στέ-

2119 5445 2346 5500 φανος·
2411 5430 2508 5482 καὶ
2564 5429 2788 5495 ἐξῆλθε
2860 5426 3082 5493 νικῶν,
3143 5429 3241 5481 καὶ
3285 5427 3385 5480 ἵνα
3444 5427 3692 5497 νικήσῃ.

2186 5523 2297 5593 Τῆς
2345 5523 2401 5574 δὲ
2433 5521 2715 5592 παρούσης
2765 5521 3058 5592 σφραγῖδος
3106 5519 3206 5590 τὴν
3251 5519 3424 5584 λύσιν,
3458 5522 3695 5575 καὶτῶν

2115 5613 2240 5685 ἑξῆς
2293 5614 2542 5677 ἁπασῶν,
2586 5615 2731 5678 τινὲς
2765 5616 2845 5677 είς
2881 5614 2980 5686 τὴν
3007 5613 3271 5684 ἐνσαρκον
3304 5612 3400 5668 τοῦ
3429 5613 3562 5668 Θεοῦ
3595 5615 3697 5670 A6-

2113 5726 2209 5778 γου
2256 5707 2571 5778 οἰκονομίαν
2601 5707 2948 5780 ἐξειλήφασιν
2972 5723 2984 5738 ·
3027 5707 3126 5780 τὴν
3158 5706 3426 5779 πρώτην,
3473 5710 3564 5778 ,είς
3597 5709 3697 5781 τὴν
