4040 6580
325 392 436 455 265

1288 387 1896 451 COMMENTARIUS
1934 388 2018 449 IN
2058 388 2585 451 APOCALYPSIN.

3473 389 3579 457 266

327 502 576 569 γένεσιν·
612 499 711 572 τὴν
736 480 1019 573 δευτέραν,
1053 501 1133 565 είς
1176 501 1238 555 τὸ
1288 502 1571 573 βάπτισμα
1592 519 1607 534 ·
1639 502 1738 574 τὴν
1776 503 1898 575 τρί-

2013 502 2243 573 primum
2291 518 2357 559 ex
2388 502 2477 558 his
2507 510 2753 573 septem,
2806 502 2872 557 ad
2905 501 3050 557 illius
3098 510 3279 557 ortum
3329 521 3342 557 :
3384 519 3583 560 secun-

324 609 447 663 την,
482 595 562 657 εἰς
588 594 688 657 τὰς
728 595 867 661 μετὰ
896 594 1056 649 τοῦτο
1089 594 1442 667 θεοσημείαςο
1480 596 1578 667 τὴν
1614 596 1904 667 τετάρτην,

327 686 407 746 είς
432 685 533 755 τὴν
565 686 657 737 ἐπὶ
699 686 931 739 Πιλάτου
967 688 1314 759 παράστασιν
1336 704 1349 717 ·
1383 686 1484 757 τὴν
1516 688 1795 757 πέμπτην,
1826 689 1908 753 είς

326 774 417 827 τὸν
450 777 715 845 σταυρόνε
762 778 862 847 τὴν
893 784 964 842 ς’,
1002 780 1079 841 εἰς
1109 779 1208 848 τὴν
1240 781 1298 832 ὲν
1335 776 1483 850 [τῷ]
1513 780 1757 847 μνήματι
1811 795 1908 829 κα-

326 868 579 920 ’πάθεσιν⁸
619 870 713 921 καὶ
762 869 862 939 τὴν
913 869 1170 941 ἑϐδόμην,
1220 872 1300 934 εὶς
1347 869 1446 940 τὴν
1480 869 1574 922 τοῦ
1604 869 1731 939 ᾅδου
1773 869 1908 923 σκύ-

326 958 528 1012 λευσιν.
574 961 769 1031 Ἦμεῖς
823 962 905 1027 δὲ,
961 963 1383 1033 ἐντετυχηκότες
1434 960 1683 1031 Μεθοδίῳ
1735 960 1909 1024 οὕτως

325 1052 575 1122 εἰρηκότι
601 1053 693 1106 ἐπὶ
719 1052 951 1118 λέξεως,
987 1055 1069 1107 ὅτι
1104 1056 1185 1108 Οὐ
1213 1054 1330 1123 χρὴ
1361 1054 1469 1109 τὸν
1501 1053 1760 1123 Χριστόν
1796 1058 1909 1109 ai)-

325 1144 432 1196 τὸν
452 1141 605 1197 εἶναι
634 1144 893 1215 νομίζειν
933 1146 1038 1200 τὸν
1072 1148 1543 1217 γεγεννημένον
1576 1147 1762 1200 πάλαι
1796 1147 1908 1216 τὰρ

328 1232 441 1299 πρὸ
460 1234 532 1303 τῆ
541 1256 570 1298 ς
599 1237 1061 1307 Ἀποκαλύψεως
1079 1238 1468 1307 ἐπεπλήρωτο
1492 1238 1559 1291 τό
1570 1238 1909 1307 μυστήριον

324 1328 434 1395 τῆς
479 1330 997 1398 ἐνανθρωπήσεως
1054 1331 1161 1384 τοῦ
1225 1331 1438 1403 [Θεοῦ]
1489 1334 1706 1400 Λόγου.
1752 1333 1811 1385 ’0
1852 1333 1906 1385 δὲ

336 1414 609 1487 Ἰωάννης,
674 1421 802 1488 περὶ
862 1418 1043 1490 [τῶν]
1100 1423 1383 1491 παρόντων
1446 1421 1539 1473 καὶ
1605 1421 1907 1491 μελλόντων

327 1504 626 1577 θεσμῳδεῖ·
663 1509 790 1569 ἔνθα
823 1510 923 1581 τὴν
953 1510 1048 1563 τοῦ
1084 1512 1260 1581 πυροῦ
1292 1511 1585 1581 δράκοντος
1608 1512 1909 1575 ἀνάπτυξιν

326 1593 623 1663 ἐποιήσατο
650 1597 725 1660 ώς
756 1599 1141 1654 ὑποτέτακται.
1177 1599 1365 1663 Οὕτως
1401 1601 1768 1671 ὲξειλήιραμεν
1808 1604 1907 1671 τὴν

324 1681 424 1753 τῆς
466 1686 689 1757 πρώτης
742 1689 1035 1759 σφραγῖδος
1084 1688 1258 1757 λύσιν,
1304 1690 1402 1761 τὴν
1443 1690 1554 1743 τῶν
1589 1691 1906 1745 ἀποστόλων

325 1776 622 1830 ἐννοεῖσθαι
648 1780 840 1846 γενεάν
860 1795 874 1809 ·
906 1779 956 1832 οἳ
986 1780 1240 1850 καθάπερ
1274 1782 1427 1848 τόξον
1456 1781 1515 1834 τὸ
1546 1778 1903 1850 εὐαγγελικδν

326 1868 587 1939 κήρυγμα
644 1871 786 1924 κατὰ
832 1871 1105 1942 δαιμόνων
1157 1874 1517 1939 ὲντείναντες,
1551 1874 1631 1945 τῷ
1682 1876 1903 1946 Χριστῷ
1941 1865 1979 1917 Β

322 1960 450 2023 τοὺς
481 1963 791 2032 τρωθέντας
822 1968 935 2027 τοῖς
967 1967 1257 2036 σωτηρίοις
1288 1966 1466 2036 βέλεσι
1516 1968 1899 2036 προσήγαγον·

326 2050 591 2119 στέφανον
623 2053 907 2123 είληςρότες
946 2058 1063 2110 ἀνθ’
1116 2054 1190 2111 ὧν
1236 2058 1323 2111 διὰ
1379 2053 1476 2127 τῆς
1522 2057 1780 2128 ἀληθείας
1813 2060 1903 2112 τὸν

320 2138 422 2211 τῆς
446 2143 653 2215 πλάνης
680 2148 922 2219 ἀρχηγὸν
951 2151 1210 2220 ἐνίκησαν
1230 2166 1244 2181 ·
1294 2151 1379 2203 ἐπ’
1424 2149 1599 2203 ἐλπίδι
1643 2149 1903 2221 δευτέρας

323 2233 498 2303 νίκης,
547 2236 651 2305 τῆς
706 2240 867 2310 μέχρι
924 2242 1099 2311 βιαίου
1162 2241 1395 2294 θανάτου
1457 2241 1748 2312 ὁμολογίας
1811 2242 1905 2295 τοῦ

324 2326 659 2381 Δεσποτικοῦ
695 2331 981 2401 ὀνόματος.
1013 2332 1104 2384 Διὸ
1135 2334 1444 2403 γέγραπται
1466 2350 1480 2362 °
1535 2331 1789 2401 Ἐξῆλθε
1817 2351 1904 2386 νι-

322 2419 466 2485 κῶν,
520 2424 620 2478 καὶ
668 2427 772 2480 ἶνα
816 2428 1065 2495 νικήσῃ.
1108 2428 1303 2500 Πρώτη
1358 2430 1466 2499 γὰρ
1517 2428 1663 2499 νίκη,
1706 2430 1738 2497 ὴ
1795 2428 1903 2480 τῶν

320 2510 495 2566 ὲθνιῖιν
531 2516 872 2590 ἐπιστροφή’
908 2520 1138 2589 δευτέρα
1172 2520 1325 2594 [δὲ],
1433 2521 1526 2575 τοῦ
1564 2520 1814 2591 σώματος
1838 2520 1902 2572 δι’

322 2604 493 2675 αὐτὴν
526 2608 771 2674 ἑκούσιος
798 2612 936 2681 μετὰ
959 2615 1233 2666 κολάσεων
1254 2613 1451 2679 ἔξοδος.

2009 596 2163 659 dum,
2197 598 2265 649 ad
2306 595 2642 665 Baptismum
2676 614 2687 649 :
2724 596 2965 662 tertium,
2996 596 3062 650 ad
3106 598 3279 667 signa,
3310 612 3434 667 qua:
3458 609 3586 668 post

2010 684 2348 754 Baptismutn
2383 695 2697 755 susceptum
2734 687 2967 756 patravit
3010 705 3023 742 :
3062 697 3355 756 quartum,
3394 688 3463 742 ad
3504 689 3587 742 in-

2005 775 2211 844 justam
2261 778 2403 846 apud
2445 776 2599 830 l'ilati
2650 778 2889 830 tribunal
2928 778 3331 832 accusationem
3370 796 3382 831 :
3421 779 3588 848 quin-

2012 877 2147 932 tum,
2180 868 2246 922 ad
2283 884 2499 923 crucem
2535 885 2549 920 :
2592 878 2829 931 sextum,
2867 870 2933 922 ad
2991 868 3326 938 sepulturam
3363 888 3376 923 :
3413 871 3586 940 septi-

2010 976 2197 1024 mum,
2252 960 2319 1014 ad
2370 960 2693 1015 descensum
2759 961 2827 1014 atl
2885 960 3121 1023 inferos,
3178 962 3588 1032 inferorumque

2010 1052 2413 1121 spoliationetn.
2448 1051 2557 1105 Nos
2584 1060 2763 1105 autem
2794 1051 3047 1105 Methodii
3081 1052 3361 1106 sententia:
3396 1053 3587 1107 luben-

2014 1154 2092 1196 ter
2121 1144 2504 1211 astipulamur.
2542 1143 2740 1197 Scribit
2774 1144 2818 1197 is
2846 1153 3026 1197 autem
3064 1145 3114 1197 in
3149 1145 3292 1199 hunc
3322 1146 3542 1199 modum
3571 1162 3583 1197 :

2010 1234 2174 1287 Nulla
2198 1236 2474 1288 necessitas
2497 1236 2633 1304 cogit
2663 1246 2716 1288 ut
2744 1235 2853 1289 hwc
2883 1238 2951 1287 ad
2983 1236 3251 1289 Christum
3274 1236 3382 1307 24
3406 1248 3589 1289 natum

2009 1328 2265 1395 pertinere
2361 1329 2702 1391 arbitremur,
2754 1329 3015 1397 siquidem
3098 1330 3365 1381 incaruati
3435 1328 3589 1381 Verbi

2012 1419 2337 1487 mysterium,
2374 1419 2576 1471 dudum
2608 1428 2728 1471 ante
2770 1419 3125 1488 Apocalypsin
3152 1420 3369 1484 editam,
3408 1420 3593 1487 imple-

2012 1520 2121 1562 tum
2160 1521 2273 1562 erat
2312 1526 2328 1561 :
2359 1508 2599 1565 Joannes
2646 1524 2824 1565 autem
2855 1512 2920 1564 de
2955 1513 3318 1579 praesentibus
3350 1514 3591 1581 olimque

2013 1600 2210 1657 futuris
2241 1602 2402 1657 verba
2435 1602 2584 1655 facit.
2617 1602 2728 1656 Hac
2762 1612 2946 1657 autem
2994 1605 3246 1675 pericopa
3273 1645 3285 1666 ,
3312 1608 3591 1675 quomodo

2010 1690 2165 1746 rufus
2196 1692 2285 1747 ille
2321 1692 2637 1762 ignitusque
2685 1692 2853 1745 draco
2884 1693 3206 1763 subjugatus
3253 1692 3451 1758 fuerit,
3494 1710 3591 1749 ex-

2011 1782 2250 1852 ponitur.
2292 1782 2457 1836 Primi
2494 1780 2725 1851 proiude
2774 1782 2934 1852 sigilli
2974 1784 3177 1838 solutio
3215 1785 3280 1839 ad
3314 1786 3583 1854 apostolo-

2012 1886 2131 1928 rum
2184 1875 2591 1945 generationem
2647 1875 2791 1929 haud
2836 1875 3183 1929 incommode
3246 1860 3589 1929 transfortur.

2014 1967 2076 2020 Hi
2108 1982 2341 2036 namque
2387 1966 2664 2036 Evangelii
2713 1967 3153 2035 praedicationem
3201 1966 3366 2020 veluti
3400 1982 3587 2020 arcum

2010 2058 2299 2114 infractum
2347 2069 2537 2113 contra
2589 2060 2865 2113 daemones
2916 2058 3297 2121 intenderunt,
3331 2060 3591 2114 salutari-

2010 2150 2223 2220 busque
2248 2149 2463 2219 sagittis
2490 2149 2808 2203 vulneratos
2832 2148 2897 2201 ad
2915 2148 3194 2203 Christum
3212 2150 3589 2205 adduxerunt:

2020 2256 2280 2296 coronam
2325 2241 2397 2295 ob
2445 2240 2495 2294 id
2545 2240 2750 2303 sortiti,
2802 2241 2948 2310 quod
3004 2257 3101 2311 per
3149 2242 3392 2297 veritatis
3440 2258 3590 2296 arma

2010 2335 2214 2389 erroris
2236 2335 2429 2389 ducem
2460 2334 2798 2399 devicerunt,
2832 2334 3196 2405 secundaeque
3224 2336 3465 2390 victoria:
3498 2352 3594 2406 spe

2012 2442 2185 2495 usque
2212 2426 2277 2481 ad
2305 2426 2595 2481 violentam
2627 2436 2860 2480 mortem
2891 2441 3086 2480 nomen
3122 2428 3332 2481 Domini
3364 2428 3592 2495 professi

2010 2524 2159 2569 sunt.
2196 2516 2496 2585 EaprOptcr
2540 2517 2640 2570 hoc
2670 2515 2813 2579 loco,
2852 2514 3028 2568 Exivit
3066 2516 3229 2569 victor
3256 2526 3311 2568 ut
3344 2518 3590 2569 vinceret.

2009 2607 2190 2662 Prima
2220 2609 2401 2678 itaque
2436 2608 2659 2663 victoria
2681 2648 2695 2672 ,
2728 2622 2893 2675 quam
2919 2623 3017 2677 per
3044 2611 3321 2679 apostolos
3342 2611 3595 2665 Christus

323 2706 647 2764 nactus-est,
675 2704 918 2771 gentium
947 2703 1357 2762 luitconversio
1391 2724 1404 2759 :
1444 2704 1683 2761 secunda
1713 2712 1918 2765 autem,
1960 2711 2297 2770 spontanrus
2330 2716 2360 2755 a
2393 2716 2621 2771 corpore
2652 2700 2834 2756 exitus
2860 2742 2874 2766 ,
2916 2717 3023 2754 non
3084 2703 3291 2772 absque
3347 2704 3593 2757 cruciatu

323 2788 446 2860 ejus
481 2793 558 2847 rei
587 2808 752 2849 causa
782 2807 1095 2868 susceptus.

920 2935 1171 2989 ΚΕΦΛΛ.
1207 2938 1305 2988 lA'.

322 3061 517 3141 Aucte
562 3062 675 3141 τῆς
719 3063 1009 3141 δευτέρας
1050 3068 1387 3141 σφραγῖδος
1436 3070 1749 3138 (δηλοῦσα
1798 3066 1907 3124 τὸν

414 3134 534 3186 τῶν
561 3134 834 3188 ἀπίστων
871 3136 1022 3189 κατὰ
1058 3134 1176 3191 τῶν·
1206 3134 1453 3193 πιστῶν
1475 3134 1801 3210 πόλεμον).

397 3289 508 3342 Καὶ
527 3290 624 3343 ὅτε
646 3289 858 3360 ἤνοιξε
878 3292 993 3359 τὴν
1011 3292 1300 3363 δευτέραν
1319 3295 1641 3365 σφραγῖδα,
1667 3295 1908 3364 ἤκουσα

323 3380 432 3436 τοῦ
466 3380 751 3450 δευτέρου
778 3383 948 3449 ζώου,
978 3385 1268 3454 λέγοντος
1291 3404 1305 3418 ·
1341 3389 1561 3457 Ἔρχου
1592 3388 1691 3442 καὶ
1724 3387 1835 3442 ἴδε.
1910 3382 1913 3383 ν

399 3492 546 3550 Ζῶον
588 3493 743 3566 οἶμαι
792 3498 1065 3569 δεύτερον,
1116 3500 1209 3552 τὸν
1245 3501 1445 3571 μόσχον
1488 3501 1766 3570 λέγεσθαι,
1800 3504 1909 3556 τῶν

326 3586 498 3653 ἁγίων
539 3588 833 3659 μαρτύρων
861 3592 960 3653 τὰς
988 3592 1139 3660 ἱερὰς
1170 3591 1360 3657 Θυσίας
1408 3596 1906 3666 χαρακτηρίζοντα,

324 3675 419 3729 τοῦ
472 3678 741 3748 προτέρου
769 3680 869 3749 τὴν
905 3681 1270 3755 ἁποστολικὴν
1303 3684 1553 3750 ἐξουσίαν
1582 3684 1909 3755 διαγράφον-

322 3784 439 3834 τος,
470 3770 545 3833 ώς
576 3771 813 3840 εἴρηται.

398 3882 503 3936 Καὶ
535 3879 725 3948 εἶδον,
757 3885 853 3937 καὶ
882 3884 1010 3939 ἰδοὺ
1037 3884 1297 3953 ἐξῆλθεν
1329 3888 1521 3953 ἄλλος
1548 3890 1732 3955 ἵππος
1762 3892 1908 3957 my}-

313 3974 450 4044 ρός.
500 3976 614 4029 Kal
664 3977 744 4042 τῷ
803 3978 1117 4047 καθημένῳ
1167 3980 1259 4031 ἐπ’
1309 3981 1491 4045 αὐτῷ.
1537 3980 1715 4048 ἐδόθη
1749 3979 1909 4045 αὐτῷ

322 4067 536 4121 λαϐεῖν
572 4069 689 4139 τὴν
719 4070 968 4137 είρήνην
1012 4071 1080 4124 ἐκ
1134 4070 1240 4138 τῆς
1291 4071 1425 4140 τῆς,
1468 4074 1568 4125 ἵνα
1597 4073 1908 4139 ἀλλήλους

323 4159 639 4229 σφάξωσν
681 4162 778 4214 καὶ
814 4160 995 4231 ἐδόθη
1029 4160 1189 4227 αὐτῷ
1217 4163 1483 4232 μάχαιρα
1508 4163 1763 4233 μεγάλη.

398 4275 621 4346 Ταύτην
649 4276 809 4347 ἡμεῖς
833 4274 1208 4347 στοχαζόμεθα
1237 4275 1335 4348 τὴν
1360 4275 1618 4347 δευτέραν
1644 4276 1752 4329 τῶν
1774 4277 1909 4330 ἀπο-

333 4366 537 4420 στόλων
564 4367 802 4421 νοεῖσθαι
828 4368 1070 4439 διδαχὴν,
1096 4369 1183 4422 διὰ
1216 4369 1514 4440 μαρτύρων
1536 4370 1627 4422 καὶ
1649 4369 1907 4424 διδασκά-

327 4455 433 4511 λων
464 4459 961 4531 συμπληρουμένην
983 4478 996 4491 ’
1026 4462 1083 4514 ὲν
1166 4461 1569 4529 πλατυνομένου
1597 4462 1784 4516 λοιπὸν
1813 4462 1908 4516 τοῦ

330 4552 707 4621 κηρύγματος,
752 4555 903 4626 ἡτοῦ
937 4557 1145 4627 κόσμου
1176 4557 1364 4626 εἰρήνη
1410 4557 1593 4627 ἐλύθη.
1632 4557 1753 4611 καθ’
1782 4559 1910 4609 ἐαυ-

2602 2931 2825 2985 CAPUT
2887 2931 3025 2986 XIV.

2015 3067 2245 3125 Secundi
2283 3066 2449 3137 sigilli
2481 3065 2707 3137 solutio,
2751 3082 2854 3133 qua
2901 3065 3143 3132 pra'littm
3189 3067 3328 3132 quod
3358 3065 3592 3134 inﬁdclcs

2292 3136 2477 3191 centra
2509 3136 2687 3204 ﬁdeles
2721 3137 2921 3198 ineunt,
2955 3137 3291 3188 describitur.

2086 3291 2169 3356 VI,
2200 3293 2254 3347 3.
2277 3290 2338 3344 Et
2370 3307 2487 3343 cum
2505 3288 2793 3358 aperuisset
2814 3287 3051 3355 sigillum
3078 3287 3389 3354 secundant,
3413 3290 3595 3365 audiri

2010 3381 2292 3435 secundum
2326 3380 2528 3434 animal
2557 3381 2732 3432 dicens
2769 3395 2785 3434 :
2830 3378 2956 3431 Veni
2988 3388 3036 3431 et
3069 3378 3200 3433 vide.

2085 3496 2394 3551 Secundum
2452 3494 2656 3549 animal
2713 3494 2943 3547 vitulum
2996 3494 3101 3548 dici
3157 3496 3432 3550 existimo.
3481 3497 3595 3552 Hoc

2015 3594 2197 3639 autem
2255 3591 2641 3639 sacrosanctas
2700 3585 2981 3637 beatorum
3037 3596 3336 3655 martyrum
3389 3589 3599 3642 hostias

2012 3677 2296 3747 designat,
2344 3676 2504 3729 sicuti
2556 3675 2793 3743 primum
2842 3675 3201 3743 apostolicam
3238 3687 3597 3747 potestatein,

2012 3769 2087 3823 ιιιί
2122 3769 2286 3838 paulo
2316 3777 2441 3822 ante
2474 3767 2842 3821 indicabatur.

2083 3882 2172 3949 Vl,
2205 3885 2258 3938 ὦ.
2286 3883 2353 3937 Et
2374 3885 2535 3959 exivit
2576 3883 2717 3937 alius
2741 3898 2904 3953 equus
2956 3882 3126 3950 rufus.
3166 3880 3231 3935 Et
3264 3886 3355 3953 qui
3388 3886 3596 3940 sedebat

2012 3994 2171 4057 super
2200 3978 2349 4030 illum
2372 4019 2385 4043 ,
2412 3978 2599 4029 dulum
2625 3986 2701 4029 est
2729 3977 2777 4029 ei
2805 3984 2860 4027 ut
2887 3984 3113 4027 sumeret
3136 3992 3314 4043 parem
3344 3978 3408 4032 de
3437 3990 3599 4043 terra,

2010 4087 2058 4129 et
2084 4084 2138 4127 ut
2170 4075 2388 4127 invicem
2425 4090 2477 4127 se
2508 4072 2832 4141 interﬁciant
2863 4088 2875 4133 ;
2903 4078 2951 4122 et
2984 4069 3140 4121 datus
3169 4081 3244 4124 est
3277 4071 3358 4125 illi
3390 4072 3600 4141 gladius

2012 4179 2251 4234 magnus.

2081 4274 2236 4331 llanc
2297 4274 2592 4331 secundam
2633 4275 2700 4329 ab
2742 4275 3004 4345 apostolis
3048 4275 3453 4331 successionem
3506 4275 3593 4329 in-

2012 4366 2299 4439 terprctari
2332 4383 2658 4438 possumus.
2688 4383 2810 4438 qua:
2838 4383 2933 4438 per
2964 4377 3232 4439 martyres
3264 4376 3316 4422 et
3352 4367 3600 4422 doctores

2012 4460 2308 4513 constituta
2355 4469 2458 4512 est.
2488 4459 2543 4513 ιιι
2569 4458 2672 4514 hac
2701 4459 2846 4513 enim
2883 4459 3140 4514 Ecclesiae
3167 4469 3344 4525 aetate,
3376 4460 3602 4514 dilatata

2011 4550 2122 4619 jam
2157 4550 2433 4621 Evangelii
2469 4551 2888 4619 praedicatione,
2922 4552 3109 4605 mundi
3150 4552 3314 4621 hujus
3349 4567 3451 4621 pax
3485 4550 3600 4605 dis-

331 4645 430 4712 τῆς
461 4646 819 4717 μερισθείσης
849 4651 947 4717 τῆς
978 4649 1213 4717 φύσεως,
1246 4650 1387 4702 κατὰ
1411 4649 1470 4701 τὸ
1502 4648 1666 4717 ῥηθὲν
1695 4650 1799 4701 ὑπὸ
1822 4648 1910 4700 τοῦ

2022 4642 2233 4706 soluta,
2279 4642 2677 4712 hominumque
2713 4651 2905 4695 natura
2943 4653 3132 4697 contra
3174 4643 3409 4712 seipsatn
3460 4656 3601 4710 quo-

334 4734 607 4804 Χριστοῦ⁶
654 4741 775 4793 Οὐκ
824 4736 1017 4811 ἦλθον
1063 4741 1285 4806 βαλεῖν
1329 4741 1579 4810 εἰρήνην
1629 4742 1764 4813 [ἐπὶ
1806 4742 1918 4809 τῆς

340 4826 511 4900 γῆς1,
538 4828 701 4884 ἀλλὰ
728 4833 1051 4901 μάχαιραν.
1083 4834 1158 4885 Δι’
1195 4828 1260 4905 ἧς
1284 4833 1351 4886 τά
1376 4833 1691 4904 μαρτυρικὰ
1714 4832 1917 4899 στάγια

341 4918 421 4980 εἰς
464 4918 528 4970 τὸ
569 4918 684 4972 ἄνω
717 4919 1107 4992 θυσιαστήριον
1151 4922 1545 4993 ἁνηνέχθησαν.
1592 4922 1644 4975 Ὁ
1674 4921 1742 4974 δὲ
1774 4924 1920 4990 arp-

326 5009 435 5076 ρὸς
470 5011 679 5079 ἵππος,
725 5012 758 5084 ἦ
798 5015 896 5084 τῆς
948 5015 1228 5084 ὲκχύσεως
1271 5015 1378 5068 τῶν
1433 5014 1704 5083 αἱμάτων,
1740 5016 1771 5085 ἦ
1819 5017 1918 5085 τῆς

338 5104 744 5175 πεπυρωμένης
777 5105 885 5158 τῶν
935 5107 1075 5179 ὑπὲρ
1111 5107 1348 5179 Χριστοῦ
1393 5109 1711 5179 πασχόντων
1737 5106 1917 5161 διαθέ-

339 5208 473 5258 σεως
499 5194 789 5265 σύμϐολον.
824 5198 899 5251 Τὸ
926 5189 983 5253 δὲ
1014 5201 1344 5270 γεγράφθαι,
1367 5200 1619 5272 δοθῆναι
1638 5200 1716 5267 τῷ
1769 5204 1913 5254 καθ-

337 5288 535 5359 ημένῳ
551 5290 643 5343 ἐπ’
670 5288 829 5355 αὐτῷ
850 5291 1060 5346 λαϐεῖν
1081 5292 1190 5364 τὴν
1214 5291 1485 5363 εἰρήνην,
1517 5294 1616 5363 τὴν
1641 5293 1915 5362 πάνσοφον

336 5381 574 5437 δείκνυσι
600 5383 696 5437 τοῦ
724 5383 860 5438 Θεοῦ
891 5385 1259 5457 συγχώρησιν,
1288 5388 1413 5453 τοὺς
1440 5388 1666 5451 πιστοὺς
1694 5386 1915 5450 δούλους

339 5470 424 5527 διὰ
456 5474 785 5546 πειρασμῶν
813 5475 1220 5547 δοκιμάζουσαν

414 5823 461 5857 ¹³
492 5825 684 5881 Matth.
720 5847 773 5883 κ.
798 5832 887 5885 ⁸54.

669 5926 936 5987 ΡΑτιιοι..
986 5927 1099 5987 Gn.
1146 5928 1275 5989 CVI
1288 5969 1303 5988 .

2019 4735 2312 4789 dammodo
2351 4734 2524 4789 divisa
2573 4743 2677 4789 cst.
2726 4732 2844 4788 lluc
2892 4750 3130 4801 namque
3183 4733 3418 4801 pertinet
3472 4729 3603 4785 illttd

2020 4827 2221 4881 Christi
2257 4844 2268 4878 :
2308 4826 2432 4881 Non
2482 4828 2596 4882 ueni
2635 4842 2815 4895 pacem
2856 4828 3096 4890 mittere,
3141 4827 3231 4881 sed
3276 4824 3602 4896 gladium";

2021 4936 2115 4991 per
2140 4935 2299 4989 quem
2337 4928 2633 4990 martyrum
2664 4919 2858 4974 hostiae
2890 4930 3174 4983 mactatze,
3216 4928 3267 4973 et
3303 4918 3358 4972 in
3391 4918 3600 4972 cmlesti

2018 5029 2112 5066 ara
2148 5012 2343 5067 oblatae
2374 5022 2521 5068 sunt.
2559 5014 2730 5069 Porro
2770 5029 2931 5084 equus
2965 5014 3139 5079 rufus,
3164 5020 3259 5067 aut
3288 5010 3443 5066 επιιεί
3475 5026 3605 5065 san-

2018 5103 2200 5173 guinis
2249 5104 2555 5173 symbolum
2612 5114 2726 5169 est,
2781 5118 2875 5160 aut
2933 5105 3327 5159 inﬂammatum
3388 5101 3604 5156 illorum

2021 5195 2272 5249 affectum
2317 5194 2622 5264 signiﬁcat‘,
2650 5195 2745 5263 qui
2787 5204 3018 5249 mortem
3064 5210 3164 5265 pro
3192 5192 3412 5248 Christo
3439 5202 3605 5258 oppe-

2021 5287 2244 5341 tierunt.
2277 5285 2413 5340 Cum
2455 5296 2633 5340 autem
2661 5285 2899 5352 additur,
2933 5286 3054 5356 rufo
3078 5301 3206 5356 equo
3237 5278 3605 5365 insidentida-

2022 5391 2130 5435 tant
2152 5398 2263 5436 esse
2287 5390 2598 5452 potestatem
2628 5391 2683 5434 ut
2708 5380 2912 5435 tolleret
2933 5396 3110 5450 parem
3135 5378 3198 5431 de
3222 5385 3377 5436 terra.
3394 5373 3599 5443 sapit-u-

2023 5472 2235 5527 tissima
2271 5471 2362 5527 Dei
2397 5471 2689 5543 permissio
2713 5473 2784 5527 ob
2812 5472 3001 5528 oculos
3031 5469 3187 5524 nobis
3210 5467 3450 5538 ponitur.
3484 5463 3604 5518 Ilaec

2008 5546 2131 5617 ~una
2164 5564 2311 5619 enim
2350 5574 2455 5629 est,
2489 5579 2611 5635 qua:
2639 5564 2777 5620 [idos
2806 5563 2899 5619 Dei
2937 5576 3125 5620 servos
3153 5574 3248 5631 per
3275 5557 3604 5614 tentatiOues

2024 5657 2243 5727 probari
2270 5665 2323 5714 et
2351 5658 2623 5729 explorari
2650 5657 2801 5713 sinit.
