4040 6586
492 398 593 460 267

1101 511 1336 569 CAPUT
1367 512 1481 569 XV.

503 654 700 710 SJutio
763 651 903 705 tertii
952 650 1153 719 sigilli,
1195 667 1312 720 qua:
1348 649 1561 704 illorum
1596 667 1627 704 a
1671 650 1881 704 Christo
1921 651 2066 719 defe-

566 728 786 847 fftiémem
817 724 1056 791 proponit
1085 722 1174 792 qui
1205 723 1374 776 minus
1409 721 1635 790 ﬁrmiter
1668 722 1720 774 in
1757 723 1927 786 ipsum
1953 737 2068 775 cre-

603 797 618 846 i
659 803 828 847 erant.

567 927 653 986 Vl,
679 927 733 979 εἰ.
781 925 848 979 Et
877 943 994 979 cum
1023 926 1310 993 aperuisset
1345 925 1556 979 tertium
1585 925 1844 996 sigillum,
1887 926 2069 980 audivi

497 1021 709 1073 tertium
732 1019 953 1081 animal,
987 1019 1164 1070 dicens
1189 1033 1208 1070 :
1251 1015 1377 1070 Veni
1402 1027 1450 1070 et
1475 1018 1609 1070 vide.

569 1109 812 1164 Tertium
867 1109 1066 1162 animal
1094 1106 1390 1170 hominem,
1414 1117 1472 1161 ut
1495 1107 1753 1172 arbitror,
1775 1107 2026 1178 designat
2053 1123 2068 1162 :

499 1203 586 1256 hic
635 1208 851 1262 autem,
900 1199 1210 1252 mortalium
1267 1197 1512 1252 omnium
1562 1213 1773 1254 casum.
1816 1198 1947 1253 Nam
2001 1199 2072 1255 ob

499 1293 790 1347 voluntatis
825 1291 1129 1344 libertatem
1169 1297 1222 1343 et
1244 1289 1426 1345 carnis
1481 1289 1851 1344 inﬁrmitatem
1909 1289 2073 1344 homo

501 1385 656 1440 facile
689 1382 989 1454 prolabitur
1029 1381 1079 1433 in
1115 1391 1432 1450 peceatum;
1461 1395 1636 1451 eaque
1676 1381 1742 1436 de
1771 1395 1938 1436 causa
1967 1381 2072 1434 mi-

502 1477 692 1530 tiorem
733 1486 950 1541 quoque
982 1485 1198 1541 pinnam
1233 1471 1529 1538 promereri
1564 1470 1796 1525 videtur.

571 1565 662 1630 VI,
685 1565 736 1629 5,
767 1564 818 1618 6.
848 1561 917 1614 Et
945 1577 1058 1615 ecce
1080 1577 1241 1630 equus
1267 1561 1414 1631 niger
1435 1576 1453 1614 :
1477 1571 1524 1614 et
1554 1561 1643 1631 qui
1681 1561 1886 1615 sedebat
1920 1575 2076 1628 super

499 1659 606 1729 25
630 1658 803 1720 illum,
839 1653 1058 1708 habebat
1084 1661 1338 1706 stateram
1368 1654 1421 1706 in
1464 1669 1622 1706 manu
1649 1667 1783 1716 sua;
1809 1661 1856 1707 et
1893 1651 2075 1706 audivi

502 1764 749 1822 tanquam
777 1763 950 1801 vocem
984 1746 1040 1799 in
1071 1745 1241 1799 medio
1274 1755 1500 1814 quatuor
1528 1743 1874 1808 animalium,
1902 1743 2078 1797 dicen-

1648 398 1976 459 ANDRE/E
2013 399 2548 472 Cr’ESARIENSIS.

3635 409 3743 474 268

2747 521 3004 578 ΚΕΦΛΛ.
3057 524 3153 578 IE'.

2169 655 2497 732 Λύσις-,τῆς
2535 659 3097 732 τρίτηςλσφραγῖδος
3143 658 3457 732 [δηλοῦσα
3513 664 3632 715 τῶν
3654 665 3742 731 μὴ

2241 726 2467 799 παγίως
2498 726 2913 799 πιστευόντων
2942 726 3024 796 τῷ
3088 726 3319 799 Χριστῷ
3354 730 3468 798 τὴν
3495 732 3597 786 ἀπ’
3633 726 3739 787 ἁὺὶ

2238 794 2345 848 τοῦ
2373 795 2696 850 ἔκπτωσιν.
2714 795 2736 869 ]

2243 928 2349 982 Καὶ
2368 929 2464 984 ὅτε
2477 929 2684 998 ἤνοιξε
2701 931 2814 999 τὴν
2827 930 3125 1001 σφραγῖδα
3143 931 3256 999 τὴν
3271 933 3494 1000 τρίτην.
3509 933 3745 1000 ἥκουσα

2169 1022 2276 1076 τοῦ
2297 1024 2494 1090 τρίτου
2520 1022 2663 1083 ζώου
2693 1023 3007 1092 λέγοντος·
3043 1025 3266 1092 Ἔρχου
3299 1022 3426 1094 [καὶ
3457 1024 3598 1095 Ide].

2243 1110 2391 1183 [Τὸ]
2422 1113 2614 1183 ξτρίτον
2655 1112 2792 1178 ζῶον
2834 1112 3065 1166 ἐνταῦθα
3117 1113 3206 1166 τὸν
3249 1113 3535 1182 ἄνθρωπον
3581 1112 3739 1184 οἶμαι

2170 1202 2445 1272 λέγεσθαι,
2489 1203 2589 1273 τὴν
2637 1202 2746 1256 τῶν
2789 1202 3090 1274 ἀνθρώπων
3129 1203 3390 1275 δηλοῦντα
3443 1204 3739 1267 ἔκπτωσιν,

2173 1296 2367 1350 καὶδιὰ
2383 1294 2544 1349 τοῦτο
2561 1296 2804 1361 κόλασιν,
2824 1295 2915 1349 διὰ
2933 1296 2992 1349 τὺ
3007 1297 3141 1368 πρὸς
3159 1295 3433 1367 ἁμαρτίαν
3449 1296 3743 1363 εὐόλισθον,

2171 1390 2238 1458 τῇ
2267 1386 2487 1458 ἐξουσίᾳ
2509 1388 2604 1458 τῆς
2629 1386 3027 1459 προαιρέσεως.

2244 1563 2388 1635 [Καὶ
2409 1559 2629 1636 εἷδον,]
2661 1564 2759 1618 καὶ
2787 1564 2918 1619 ἰδοὺ
2949 1563 3334 1632 ἵπποςμέλας
3355 1581 3369 1596 ⁸
3400 1564 3499 1618 καί
3538 1562 3572 1619 ὁ
3601 1568 3745 1618 καθ-

2174 1655 2398 1725 ήμενος
2443 1655 2536 1709 ἐπ’
2577 1655 2738 1722 αὐτῷ
2775 1656 2932 1726 ἔχων
2958 1653 3134 1726 ζυγὸν
3155 1657 3227 1709 ἐν
3254 1657 3327 1723 τῇ
3358 1656 3507 1725 χειρὶ
3535 1655 3742 1710 αὐτοῦ’

2177 1745 2274 1798 καὶ
2315 1743 2554 1812 ἤκουσα
2582 1744 2786 1814 φωνῆς
2809 1747 2880 1799 ἐν
2909 1746 3078 1817 μέσῳ
3106 1744 3225 1798 τῶν
3258 1745 3567 1814 τεσσάρων
3587 1744 3748 1806 ζώων

503 1848 604 1892 tem
637 1855 654 1892 :
688 1838 928 1912 Bilibris_
951 1837 1120 1892 tritici
1146 1877 1160 1901 ,
1191 1838 1409 1890 denario
1445 1852 1586 1901 uno;
1621 1846 1671 1890 et
1712 1845 1816 1889 tres
1863 1834 2074 1888 bilibres

2177 1838 2511 1906 λεγούσης·
2557 1837 2761 1902 Χοῖνιξ
2819 1839 3016 1901 σίτου,
3062 1837 3381 1905 δηναρίου·
3444 1838 3542 1891 καί
3593 1836 3748 1905 τρεῖς

502 1928 705 1993 hordei,
745 1928 960 1982 denario
993 1942 1097 1981 uno
1127 1941 1145 1980 :
1179 1937 1226 1981 et
1260 1927 1436 1980 vinum
1464 1935 1512 1979 et
1545 1925 1718 1979 oleum
1747 1941 1808 1980 ne
1848 1924 2069 1980 laeseris.

568 2105 858 2162 Probabile
913 2106 972 2160 lit
1024 2103 1262 2174 aliquam
1323 2112 1435 2157 tum
1500 2105 1766 2172 temporis
1816 2103 2071 2159 sensilem

500 2208 894 2268 externamque
946 2197 1144 2250 famem
1191 2195 1474 2250 exstitisse
1539 2213 1552 2250 :
1604 2209 1711 2265 qua
1757 2197 1823 2251 de
1871 2210 1930 2251 re
1971 2209 2074 2250 suo

502 2299 689 2361 postea
731 2291 851 2344 loco
887 2289 1170 2359 aliquanto
1197 2287 1378 2358 plura.
1415 2289 1519 2343 Per
1555 2303 1744 2357 equum
1777 2297 1961 2342 autem
1994 2288 2075 2342 ni-

503 2400 656 2453 grant
687 2383 980 2437 denotatur
1010 2381 1192 2434 luctus
1225 2389 1273 2433 et
1312 2395 1516 2433 tnmror
1545 2379 1635 2433 ille
1669 2378 1784 2449 qui,
1828 2387 1886 2432 ut
1924 2379 2072 2434 credi

502 2483 700 2544 potest,
729 2471 872 2542 apud
893 2471 1073 2538 justos
1104 2470 1171 2524 de
1199 2470 1304 2524 illis
1334 2471 1541 2524 orietur
1569 2470 1662 2540 qui
1696 2480 1915 2539 propter
1943 2485 2073 2539 sup-

503 2565 790 2633 pliciorum
829 2563 1224 2616 immanitatem
1254 2575 1283 2613 a
1307 2561 1409 2616 ﬁde
1433 2576 1554 2630 quae
1576 2570 1658 2616 est
1687 2561 1740 2614 in
1768 2561 2070 2624 Christum,

2174 1927 2440 1996 χοίνικες
2470 1925 2710 1996 κριθῶν,
2762 1927 3083 1996 δηναρίου·
3126 1927 3224 1982 καὶ
3265 1929 3334 1982 τὸ
3389 1927 3597 1982 ἔλαιον
3645 1926 3747 1981 και

2172 2018 2282 2074 τὸν
2309 2015 2479 2074 οἶνον
2501 2019 2587 2090 μὴ
2613 2018 2934 2088 ἀδικήσῃς.

2245 2112 2346 2166 Διὰ
2385 2111 2443 2166 δὲ
2483 2111 2580 2166 τοῦ
2617 2110 2845 2182 μέλανος
2888 2111 3054 2166 ἵππου
3097 2110 3160 2164 τὸ
3194 2111 3388 2175 πένθος
3455 2104 3748 2182 δηλοῦσθαι

2174 2206 2497 2276 νομίζομεν,
2541 2204 2602 2258 τὸ
2646 2203 2738 2257 ἐπὶ
2771 2205 2886 2268 τοῖς
2933 2203 3228 2257 ἐκπεσοῦσι
3257 2204 3354 2274 τῆς
3388 2204 3468 2266 είς
3513 2204 3749 2275 Χριστὸν

2174 2295 2410 2359 πίστεως
2431 2335 2446 2359 ,
2473 2294 2562 2349 διὰ
2591 2293 2690 2364 τὴν
2731 2293 3034 2365 ὑπερϐολὴν
3081 2294 3190 2348 τῶν
3229 2294 3524 2348 κολάσεωνο
3559 2294 3653 2348 τὸν
3690 2293 3748 2346 δὲ

2175 2389 2375 2458 ζυγὸν,
2414 2388 2750 2458 δοκιμαστὴν
2789 2381 2928 2440 εἶναι
2955 2387 3063 2440 τῶν
3106 2405 3166 2440 τε
3212 2387 3280 2441 δι’
3315 2386 3566 2441 εὐκολίαν
3610 2385 3746 2455 γνὼ-

2179 2496 2286 2550 μης
2336 2478 2368 2549 ἢ
2408 2477 2746 2542 κενοδοξίαν,
2786 2477 2894 2530 τῶν
2939 2495 2997 2531 τε
3038 2479 3126 2532 διὰ
3173 2479 3425 2550 σώματος
3464 2479 3750 2532 ἀσθένειαν

2175 2570 2608 2624 ἐκπεπτωκότων
2637 2569 2736 2639 τῆς
2765 2571 3019 2633 πῖστεως.
3064 2569 3269 2635 Χοῖνιξ
3307 2573 3517 2635 σίτου,
3565 2569 3751 2636 δηνα-

503 2655 826 2711 desciscent.
852 2653 953 2707 Per
972 2661 1225 2707 stateram
1242 2662 1447 2716 autem,
1471 2667 1698 2706 examen
1721 2652 1864 2720 quod
1882 2666 2070 2706 eorum

2174 2663 2326 2730 ρίου.
2356 2661 2516 2724 Εἰκὸς
2564 2661 2663 2731 μὲν
2702 2660 2797 2714 καὶ
2824 2660 3080 2729 αἰσθητὸν
3109 2661 3267 2732 λιμὸν
3298 2662 3417 2714 τότε
3458 2659 3748 2728 γενέσθαι,

503 2747 718 2802 animos
764 2744 1075 2815 explorabit
1117 2744 1211 2813 qui
1265 2744 1335 2798 ob
1373 2742 1570 2796 mentis
1615 2741 1983 2796 lubricitatem
2018 2749 2075 2796 et

503 2839 926 2895 inconstantiam
950 2877 966 2902 ,
1002 2845 1096 2890 aut
1143 2846 1363 2905 propter
1412 2835 1629 2889 inanem
1672 2834 1898 2904 gloriam
1923 2872 1940 2900 ,
1979 2841 2074 2888 aut

503 2931 753 3002 corporis
810 2945 1026 3000 quoque
1091 2927 1499 2988 inﬁrmitatem,
1567 2925 1726 2980 tidem
1791 2925 2072 2994 abjicient.

506 3024 692 3079 Tritici
744 3037 909 3094 porro
960 3020 1239 3074 climaicem
1292 3035 1380 3071 seu
1433 3018 1668 3072 bilibrem
1705 3017 1924 3070 denario
1971 3031 2073 3070 uno

502 3113 781 3177 testimari,
821 3123 979 3182 tropo
1011 3109 1247 3180 quodam
1271 3146 1285 3170 ,
1338 3118 1398 3161 ut
1425 3108 1645 3177 quidam
1687 3115 1915 3178 putant,
1949 3107 2074 3161 illo-

2174 2751 2356 2816 καθὼς
2382 2753 2477 2807 καὶ
2510 2754 2567 2806 ὲν
2597 2756 2709 2815 τοῖς
2740 2751 2866 2821 ἑξῆς
2895 2751 3228 2823 ῥηθήσεται·
3261 2753 3352 2806 τὸν
3381 2753 3440 2806 δὲ
3465 2750 3560 2805 τοῦ
3596 2753 3750 2804 σίτου

2173 2841 2388 2911 χοίνικα
2421 2843 2513 2895 τὸν
2549 2837 2808 2913 δηναρίοῦ
2861 2841 3039 2906 ἀξιον,
3074 2842 3352 2913 τροπικῶς
3400 2842 3592 2912 δηλοῦν
3624 2843 3751 2906 τοὺς

2174 2933 2422 3003 νομίμως
2456 2931 2798 3008 ἀθλήσαντας
2818 2975 2833 2998 ,
2877 2934 2971 2988 καὶ
3000 2937 3102 3004 τῆς
3137 2934 3384 3006 δοθείσης
3417 2935 3621 2997 εἰκόνος
3646 2933 3748 3003 τῆς

2176 3023 2324 3087 θείας
2367 3023 2610 3094 ἀκριϐῶς
2660 3023 2928 3093 φύλακας.
2993 3025 3139 3091 Τοὺς
3170 3025 3239 3078 δὲ
3279 3025 3438 3094 τρεῖς
3479 3025 3752 3094 χοίνικας

2174 3115 2286 3184 τῆς
2333 3113 2576 3182 κριθῆς,
2623 3113 2751 3176 τοὺς
2789 3114 3185 3185 κτηνοπρεπῶς
3223 3118 3337 3176 τοῖς
3381 3115 3638 3178 διώκταις
3681 3113 3752 3167 δι’

502 3222 625 3261 rum
673 3214 871 3268 statum
921 3202 1197 3266 insinuat,
1242 3199 1336 3271 qui
1387 3199 1627 3269 legitime
1675 3208 2060 3266 certaverunt,

2185 3205 2476 3276 ἀνανδρίαν
2514 3204 2935 3274 ὐποκῠψαντας,
2967 3205 3248 3273 ἀναλόγως
3285 3205 3342 3258 δὲ
3385 3206 3752 3276 μετανοήσαν-

500 3303 933 3370 impressamque
962 3311 992 3351 a
1047 3293 1155 3350 Deo
1207 3294 1497 3364 imaginem
1534 3303 1787 3348 accurate
1827 3294 2073 3348 custodi-

501 3398 714 3446 verunt.
769 3389 897 3442 Tres
933 3395 1113 3440 autem
1144 3385 1328 3438 hordei
1356 3385 1605 3438 cltaenices
1639 3384 1895 3437 tantidem
1931 3384 2072 3452 ﬁeri,

503 3483 717 3537 illorum
787 3478 1062 3534 fortunam
1121 3475 1412 3545 exprimit,
1464 3475 1558 3544 qui
1619 3489 1744 3530 eum
1803 3475 2072 3546 pecudqu

502 3588 655 3628 more
687 3573 889 3644 ignavi,
922 3579 1336 3641 persecutorum
1380 3567 1539 3623 furiis
1570 3573 1697 3622 ante
1742 3567 2036 3622 cessissent
2057 3605 2074 3631 ,

441 3707 447 3712 .
501 3676 688 3737 postea
730 3679 832 3735 pro
873 3665 1125 3734 lapsuum
1175 3675 1402 3716 suorum
1444 3659 1657 3715 ratione
1701 3657 2073 3730 paenitentiam

502 3764 768 3827 egerunt,
808 3754 1212 3824 imaginemque
1262 3758 1609 3822 peccatorum
1661 3749 1916 3805 sordibus
1949 3757 2077 3805 ante

502 3854 917 3915 ronspurcatam
950 3842 1228 3912 lacrymis
1270 3842 1579 3897 abluerunt.
1630 3840 1863 3908 Quando
1922 3856 2073 3908 vero,

503 3956 565 3994 ne
588 3941 765 3992 viuum
795 3944 885 3990 aut
909 3935 1080 3989 oleum
1104 3934 1353 4000 lwdatur,
1376 3933 1619 4004 jubetur,
1648 3949 1715 3996 ne
1738 3949 1832 4005 per
1860 3934 2074 3989 turbam

501 4029 701 4084 Christi
752 4027 1022 4082 medicina
1074 4036 1392 4092 evertatur,
1433 4034 1528 4080 aut
1586 4040 1680 4096 per
1725 4025 1972 4080 fraudem
2018 4034 2074 4079 et

503 4123 863 4193 imposturam
915 4119 1244 4184 inlirmetur,
1293 4117 1438 4173 serio
1475 4117 1775 4189 injungilur
1808 4136 1820 4171 :
1865 4126 1922 4172 ut
1955 4133 2078 4186 quae

503 4215 626 4272 illos
665 4229 859 4270 sanare
889 4212 960 4268 sit
998 4212 1215 4278 idonea,
1247 4214 1340 4284 qui
1375 4212 1427 4266 in
1474 4213 1712 4268 latrones
1745 4212 2076 4267 inciderunt.

499 4308 583 4364 Ad
625 4308 740 4363 haec
788 4323 882 4378 per
921 4315 1150 4362 mortem
1204 4306 1328 4362 illos
1369 4305 1693 4375 intercipere
1738 4320 1845 4359 non
1891 4303 2094 4368 licere,-

500 4399 596 4470 qui
651 4413 746 4467 per
796 4398 888 4452 Dci
945 4398 1414 4468 longanimitatem
1473 4406 1526 4452 et
1565 4395 1920 4465 patientiam,
1957 4402 2082 4463 post

502 4493 717 4560 lapsum
770 4489 950 4542 denuo
996 4488 1404 4552 exsul-recturi,
1458 4487 1733 4555 decusque
1786 4483 2076 4554 pristinum

501 4585 876 4654 recuperaturi
907 4594 1050 4639 sunt.
1079 4585 1151 4640 Ut
1182 4585 1348 4654 igitur
1383 4598 1482 4637 nos
1503 4595 1722 4652 quoque
1750 4581 1917 4635 lleum
1949 4577 2072 4648 Opt.

502 4677 641 4729 Max.
676 4675 968 4744 benignum
1021 4675 1455 4742 clementetnque
1499 4673 1807 4727 animarum
1851 4679 2071 4725 nostra-

504 4783 624 4820 rum
661 4768 927 4821 tuetlicum
961 4767 1332 4838 experiamur,
1366 4764 1627 4819 fratribus
1655 4763 1858 4818 nostris
1885 4779 2075 4818 erran-

505 4860 649 4914 tibus
683 4860 944 4928 benignos
974 4861 1380 4929 clementesque
1413 4872 1514 4911 nos
1547 4855 1803 4910 exhibere
1854 4854 2075 4909 studea-

504 4967 658 5017 mus,
736 4951 1118 5022 objurgationis
1185 4953 1362 5004 vinum
1423 4948 1894 5001 commiserationis
1964 4947 2076 5003 oleo

2176 3315 2274 3362 τας
2307 3297 2532 3367 ὕστερον
2555 3338 2569 3363 ,
2616 3296 2711 3350 καὶ
2753 3295 2851 3367 τὴν
2875 3295 3227 3365 -ρυπωθεῖσαν
3272 3296 3456 3349 εἰκόνα
3488 3297 3752 3366 δάκρυσιν

2176 3385 2614 3449 ἁποπλύναντας.
2646 3385 2720 3438 Τὸ
2749 3385 2934 3451 μέντοι
2964 3385 3282 3440 ἐντετάλθαι
3305 3384 3390 3456 μὴ
3414 3385 3751 3440 ἀδικεῖσθαι

2174 3479 2284 3532 τὸν
2323 3473 2495 3532 οἶνον
2533 3477 2631 3531 καὶ
2665 3476 2732 3530 τὸ
2761 3478 3002 3541 ἔλαιον,
3034 3477 3096 3530 τὸ
3131 3477 3206 3550 μὴ
3246 3476 3560 3532 ἀθετεῖσθαι
3602 3477 3752 3546 λέγει

2175 3570 2274 3642 τὴν
2303 3570 2370 3623 δι’
2399 3569 2738 3640 ἐπιστροφῆς
2780 3568 2918 3642 [τοῦ]
2956 3570 3194 3640 Χριστοῦ
3233 3569 3508 3641 ἰατρείαν,
3549 3570 3582 3641 ἢ
3625 3571 3754 3633 τοὺς

2175 3658 2604 3729 ἐμπεπτωκότας
2656 3661 2768 3722 τοῖς
2812 3658 3038 3730 λῃσταῖς
3097 3659 3192 3712 καὶ
3243 3658 3752 3730 τραυματισθέντας

2177 3749 2544 3820 θεραπεῦσαι,
2591 3751 2685 3804 καὶ
2743 3750 2818 3822 μὴ
2875 3750 3034 3804 ἐάσαι
3075 3749 3496 3821 προαρπαγῆναι
3535 3748 3754 3818 θανάτῳ

2176 3846 2399 3905 τούτους
2427 3845 2476 3898 οἳ
2507 3843 2596 3897 διὰ
2631 3843 3016 3914 μακροθυμίας
3045 3842 3142 3914 τὴν
3167 3838 3336 3915 ἧτταν
3363 3841 3586 3912 ἔμελλον
3614 3842 3751 3894 ἀναν

2181 3936 2552 4008 μαχήσασθαι.
2611 3937 2729 3990 Ἵνα
2783 3936 2964 3990 τοίνυν
3014 3936 3108 3990 καί⁵
3165 3936 3325 4006 ἡμεῖς
3376 3932 3755 4003 φιλάνθρωπον

2182 4027 2365 4099 ἰατρὸν
2390 4029 2481 4081 τὸν
2515 4028 2646 4084 Θεὸν
2675 4029 2768 4082 ἐπὶ
2790 4029 2903 4092 τοῖς
2927 4027 3176 4098 ψυχικοῖς
3201 4026 3358 4097 ἡμῶν
3389 4027 3588 4080 πάθεσι
3611 4041 3748 4094 κτη-

2181 4119 2435 4190 σὼμεθα,
2468 4121 2700 4176 τοιοῦτοι
2739 4123 2854 4185 τοῖς
2887 4121 3138 4190 ἀδελφοῖς
3168 4120 3326 4192 ἡμῶν
3363 4119 3754 4190 σφαλλομένοις

2181 4213 2436 4282 γενέσθαι
2468 4214 2883 4282 σπουδάσωμεν,
2921 4213 3000 4278 τῷ
3028 4213 3211 4276 ἐλαίῳ
3250 4210 3357 4279 τῆς
3383 4211 3749 4279 συμπαθείας

2175 4305 2540 4374 μεμιγμένον
2572 4304 2680 4358 τὸν
2711 4303 2822 4372 τῆς
2855 4303 3264 4371 παραινέσεως
3301 4297 3470 4356 οἶνον
3497 4295 3754 4372 [τούτοις]

2183 4395 2584 4466 προσφέροντες
2608 4410 2622 4425 ·
2671 4394 2758 4448 ἵνα
2793 4397 2866 4466 μὴ
2917 4395 2979 4450 τὸ
3010 4395 3181 4466 χωλὸν
3208 4395 3488 4466 ἐκτραπῇ,
3531 4391 3656 4462 ἰαθῇ
3695 4391 3754 4443 δὲ

2188 4486 2410 4555 μᾶλλον,
2467 4487 2609 4541 κατὰ
2659 4487 2747 4540 τὸν
2779 4485 2964 4560 [θεῖον]
3021 4488 3377 4542 ’Λπόστολον·
3425 4487 3575 4548 ὅπως
3618 4480 3754 4536 Θεοῦ

2104 4557 2156 4618 D
2184 4579 2432 4647 συνεργοὶ
2459 4579 2770 4649 γενόμενοι,
2809 4584 2920 4644 τοῖς
2943 4580 3107 4634 αὐτοῦ
3138 4580 3362 4647 ἀγαθοῖς
3397 4577 3637 4637 αἰωνίως
3669 4574 3752 4625 ἑνο

2184 4671 2584 4741 τρυφήσωμεν,
2628 4671 2812 4742 χάριτι
2855 4672 2950 4725 καὶ
2993 4671 3374 4742 φιλανθρωπίᾳ
3407 4668 3497 4720 τοῦ
3545 4665 3754 4736 Κυρίου

2181 4763 2337 4833 ἡμῶν
2386 4762 2861 4836 Ἰησοῦ-Χριστοῦ·
2901 4764 3020 4835 μεθ’
3049 4757 3110 4818 οῦ
3138 4763 3216 4834 τῷ
3269 4762 3475 4832 Πατρὶ,
3522 4759 3637 4828 ἅμα
3678 4756 3752 4826 τῷ

2182 4855 2322 4925 ἁγίῳ
2353 4855 2653 4926 Πνεῦματι,
2681 4855 2832 4921 δόξα,
2872 4855 3118 4928 [κράτος,
3153 4853 3247 4907 νῦν
3277 4853 3372 4907 καὶ
3410 4852 3496 4904 ἀεὶ
3527 4847 3648 4922 καὶ]
3677 4851 3754 4912 εἰς

2180 4947 2306 5010 τοὺς
2332 4945 2533 5012 αἰῶνας
2558 4949 2665 5001 τῶν
2688 4948 2918 5001 αἰώνων.
2963 4948 3154 5017 Ἀμήν.

505 5044 811 5108 miscentes;
877 5057 943 5097 ne
1005 5042 1173 5096 nimia
1238 5040 1556 5103 severitate,
1610 5038 1754 5108 quod
1798 5039 2092 5108 Apostolus
2147 5039 2391 5106 damnat,
2430 5040 2480 5094 id
2513 5041 2657 5110 quod
2693 5040 2944 5094 claudum
3036 5038 3354 5091 tnntilumve
3377 5043 3522 5101 erat,
3555 5034 3753 5088 distor-

501 5151 766 5206 queamus
796 5136 978 5190 verius
1019 5150 1181 5204 quam
1213 5149 1500 5199 sanemus;
1541 5147 1713 5200 eaque
1746 5133 1957 5189 ratione
1985 5132 2079 5189 Dei
2142 5133 2420 5203 adjutores
2478 5131 2691 5198 ellecti,
2735 5133 2788 5186 in
2851 5131 3007 5186 bonis
3060 5131 3208 5186 illius
3259 5145 3363 5183 non
3413 5128 3621 5196 absque
3660 5127 3750 5195 ju-

502 5231 682 5294 cunda
728 5232 1008 5300 voluptate
1049 5229 1105 5283 in
1160 5244 1323 5284 omne
1369 5244 1539 5283 (erum
1595 5243 1906 5294 versemur;
1955 5230 2126 5299 gratia
2185 5239 2239 5284 et
2298 5228 2586 5284 clementia
2647 5226 2860 5282 Domini
2926 5225 3098 5280 nostri
3158 5220 3290 5278 Jcsu
3337 5221 3576 5284 Christi,
3631 5232 3755 5274 cum

500 5341 611 5397 quo
647 5324 794 5381 Patri
840 5333 894 5380 et
947 5322 1174 5394 Spiritui
1222 5335 1413 5378 sancto
1448 5323 1517 5378 sit
1559 5322 1729 5394 gloria
1776 5321 1831 5377 in
1876 5323 2073 5378 saecula
2111 5323 2462 5379 saacu’lorum.
2501 5323 2698 5377 Amen.

890 5441 1120 5500 CAPUT
1157 5441 1294 5498 XVI.
1335 5441 1567 5500 SERMO
1605 5442 1668 5502 ν.

502 5563 709 5648 Salutio
738 5564 915 5647 quarti
946 5563 1139 5648 sigilli,
1162 5580 1276 5648 qua
1310 5556 1521 5648 illorum
1556 5563 1771 5648 ﬂagella
1803 5562 2078 5648 delineati-

575 5644 661 5686 tur
709 5636 799 5705 qui
832 5645 1046 5705 propter
1084 5636 1247 5688 animi
1284 5635 1561 5690 mollitiem
1605 5645 1653 5690 et
1686 5635 2076 5705 impatientiam

567 5703 850 5759 Dominum
887 5715 1221 5776 negaverunt.

566 5839 657 5908 Vl,
699 5842 753 5896 7.
799 5841 866 5896 Et
901 5859 1021 5898 eum
1073 5844 1363 5915 aperuisset
1395 5843 1628 5915 sigillum
1658 5853 1942 5916 quartum,
1983 5858 2080 5895 att~

1937 6045 1963 6076 ό

2602 5440 2852 5494 nam.
2891 5436 3009 5505 ις’.
3049 5436 3268 5490 ΛΟΓΟΣ
3295 5433 3377 5489 ε’.

2177 5564 2368 5629 Λύσις
2395 5560 2507 5628 τῆς
2539 5559 2819 5626 τετάρτης
2855 5556 3205 5629 σφραγῖδος,
3237 5552 3614 5629 ἐμφαίνουσα
3651 5547 3747 5612 τὰς

2387 5625 2776 5700 ἐπαγομένας
2795 5625 2920 5695 τοῖς
2947 5627 3194 5682 ἀσεϐέσι
3223 5625 3538 5694 μάστιγας.

2250 5838 2355 5889 Και
2405 5850 2502 5888 ore
2545 5847 2751 5901 ηνοιςε
2799 5830 2915 5900 τὴν
2945 5825 3246 5899 σφραγῖδα
3289 5825 3401 5894 τὴν
3434 5819 3747 5888 τετάρτην,
