4040 6580
285 425 393 488 ἓϐθ
1259 423 1866 488 COMMENTARIUS
1907 427 1988 487 IN
2030 423 2555 486 APOCALYPSIN.
3443 412 3548 477 2το

290 536 532 603 ἤκουσα
586 538 794 607 φωνῆς
847 539 954 594 τοῦ
1004 539 1286 609 τετάρτου
1332 539 1507 605 ζὶἑιου,
1548 543 1869 613 λέγοντος,

1990 543 2078 598 livi
2129 557 2306 596 vocem
2335 539 2516 611 quarti
2547 533 2827 596 animalis,
2863 529 3122 585 dicentis:
3171 526 3294 582 l'cni
3327 535 3376 580 et
3411 527 3541 580 vide.

295 631 512 698 Ἔρχου
541 629 664 703 [καὶ
690 631 828 703 Ide].

363 724 438 776 Τὸ
471 724 566 776 τοῦ
604 724 868 794 τετάρτου
906 724 1068 789 (dion,
1098 724 1298 795 δηλαδὴ
1325 725 1415 778 τοῦ
1451 725 1632 791 ἀετοῦ,
1673 727 1868 797 ὑψιπε-

2043 722 2311 788 Quartum
2348 718 2550 774 animal
2595 725 2680 772 est
2706 714 2924 786 aquila;
2955 728 3076 784 qute
3099 712 3192 768 ubi
3218 711 3549 780 perspicaci-

288 814 383 876 τὲς
420 815 514 866 καὶ
543 814 638 879 ὀξὺ
680 815 815 884 πρὸς
847 814 1047 886 βορὰν,
1083 815 1291 870 ἄνωθεν
1319 817 1474 886 ήκειν
1513 819 1578 870 ἐκ
1608 817 1870 888 θεηλάτου

1990 829 2078 870 ius
2106 813 2282 869 oculis
2319 812 2560 884 pradam
2595 809 2932 878 despectavit
2954 849 2968 875 ,
3002 821 3200 875 magna
3233 807 3420 860 statim
3461 819 3552 858 ce-

289 905 462 973 ὀργῆς
503 905 604 968 τὰς
635 905 851 974 πληγὰς
881 906 1170 975 ἐμφαίνειν
1213 906 1472 974 δύναται,
1514 909 1593 970 είς
1623 907 1722 977 τὴν
1761 907 1873 961 τῶν

1993 904 2190 959 eritate
2225 917 2258 958 e
2303 902 2524 957 sublimi
2568 901 2633 956 ad
2666 901 2814 956 illam
2859 899 3101 953 devolat.
3133 895 3418 966 Signiﬁcat
3450 911 3554 981 διι-

290 994 536 1048 εὐσεϐῶν
586 994 900 1065 ἐκδίκησιν,
953 996 1044 1048 καὶ
1073 994 1181 1048 τῶν
1225 995 1437 1049 ἀσεϐῶν
1471 995 1772 1067 τιμωρίαν,
1823 999 1873 1050 εί

1990 1013 2082 1051 .em
2139 998 2288 1061 habe,
2342 994 2526 1050 clades
2577 996 2878 1064 plagasque
2926 1004 3120 1045 omnes
3169 1005 3276 1043 non
3331 987 3553 1041 aliunde

297 1087 374 1156 μὴ
401 1087 626 1148 ταύταις
659 1085 1042 1155 βελτιωθέντες
1073 1086 1484 1157 ἐπιστρέφουσι.

1990 1090 2188 1153 venire,
2219 1103 2383 1158 quam
2430 1101 2461 1141 e
2493 1085 2750 1156 supernis
2796 1105 2806 1138 :
2859 1084 3001 1137 Deus
3029 1095 3266 1150 namque
3293 1080 3441 1148 justa
3474 1079 3552 1132 ita

291 1186 347 1232 ct
384 1180 764 1248 indignatione
812 1191 1177 1249 provocatus,
1219 1181 1466 1236 immittit
1511 1181 1632 1237 illas
1669 1183 1866 1251 partim
1895 1183 2140 1254 quidem,
2175 1193 2232 1237 ut
2287 1183 2467 1252 justos
2529 1180 2858 1245 ulciscatur,
2887 1176 3080 1248 partim
3135 1177 3326 1243 etiam,
3357 1185 3415 1228 ut
3449 1175 3555 1228 im-

291 1271 432 1339 pios.
479 1271 584 1324 nisi
614 1271 753 1328 forte
794 1288 888 1342 per
923 1288 1020 1328 eas
1057 1272 1277 1328 excitati
1326 1289 1356 1328 a
1391 1273 1695 1330 sceleribus
1728 1277 2050 1346 resipiscant
2075 1316 2089 1339 ,
2123 1276 2314 1344 puniat
2349 1283 2515 1344 atque
2549 1271 2768 1343 allligat.

364 1362 466 1415 Kal
495 1359 681 1426 εἶδον,
707 1363 804 1416 καὶ
841 1363 972 1418 ἰδοὺ
1005 1365 1190 1430 ἵππος
1221 1366 1444 1433 χλωρός
1466 1380 1480 1394 ⁸
1531 1365 1626 1418 καὶ
1655 1367 1688 1418 ὁ
1729 1367 1872 1418 καθ-

2052 1364 2136 1431 Vl,
2169 1365 2222 1418 8.
2257 1368 2326 1418 Et
2353 1380 2468 1417 ecce
2493 1379 2654 1434 equus
2680 1363 2938 1432 pallidus,
2967 1371 3018 1416 et
3044 1361 3132 1431 qui
3160 1359 3370 1415 sedebat
3401 1373 3556 1424 super

296 1452 524 1521 ἥμενος
545 1453 748 1507 ἐπάνω
763 1455 972 1519 αὑτοῦ,
1004 1455 1190 1524 ὄνομα
1211 1453 1370 1519 αὐτῷ
1399 1457 1434 1507 ὀ
1451 1453 1736 1520 Θάνατος·
1771 1455 1870 1508 καὶ

1990 1471 2114 1515 tum,
2157 1471 2341 1510 nomen
2373 1455 2454 1508 illi
2483 1455 2626 1507 Mors
2650 1471 2668 1508 :
2712 1463 2761 1508 et
2792 1453 3030 1522 infernus
3056 1454 3371 1522 sequebatur
3391 1468 3510 1505 eum
3537 1465 3554 1502 :

291 1550 326 1600 ό
361 1546 514 1613 ᾅδης
537 1548 860 1615 ἠκολούθει
885 1548 1079 1613 αὐτῷ’
1118 1548 1217 1602 καί
1243 1548 1420 1614 ἐδόθη
1457 1547 1660 1614 αὐτοῖς
1697 1547 1871 1612 ἐξου-

1990 1557 2023 1601 tl
2069 1547 2199 1600 data
2224 1557 2304 1601 est
2345 1547 2427 1600 illi
2459 1555 2688 1615 potestas
2719 1561 2877 1612 super
2905 1557 3133 1615 quatuor
3165 1553 3338 1612 partes
3381 1552 3555 1606 terra,

292 1639 400 1691 σία
428 1638 526 1691 ἐπὶ
564 1639 630 1692 τὸ
662 1640 946 1709 τέταρτον
972 1639 1195 1712 [μέρος]
1222 1639 1333 1708 τῆς
1364 1639 1499 1709 γῆς,
1525 1639 1875 1694 ἀποκτεῖναι

1990 1639 2277 1707 interﬁcere
2307 1638 2508 1710 gladio,
2544 1639 2707 1707 fante.
2734 1647 2784 1692 et
2807 1646 2997 1703 morte,
3030 1645 3080 1690 et
3110 1637 3292 1690 bestiis
3325 1645 3508 1689 terrm.

293 1731 362 1783 ἐν
392 1732 681 1799 ῥομφαίᾳ,
708 1731 814 1790 καὶ,
836 1732 907 1785 ἐν
938 1730 1110 1801 λιμῷ,
1140 1731 1240 1785 καὶ
1262 1731 1334 1784 ἐν
1351 1729 1607 1798 θανάτῳ,
1631 1731 1729 1784 καὶ
1756 1731 1874 1786 ὑπὸ

296 1824 416 1877 τῶν
437 1826 658 1892 θηρίων
685 1824 794 1894 τῆς
831 1822 961 1894 γῆς.

367 1915 476 1970 Τοῦ
502 1918 558 1970 δὲ
593 1917 786 1988 είρμοῦ
813 1919 922 1971 τῶν
947 1919 1386 1988 προεκτεθέντων
1407 1919 1503 1972 καὶ
1530 1918 1596 1971 τὰ
1631 1917 1875 1988 παρόντα

2050 1903 2159 1973 26
2218 1899 2345 1956 llzec
2397 1917 2520 1956 cum
2580 1899 2904 1954 calamitose
2963 1913 3146 1954 rerum
3208 1897 3557 1966 praesentium

296 2008 502 2079 ἔχεται.
541 2010 630 2073 Ὠς
663 2011 774 2083 γάρ
801 2029 964 2080 φησιν
991 2012 1048 2064 ὲν
1077 2012 1248 2083 ὀγδόῳ
1278 2011 1558 2082 κεφαλαίῳ
1595 2011 1687 2064 τοῦ
1723 2011 1877 2064 ὲννά·

297 2115 394 2151 του
441 2097 604 2165 λόγου
653 2101 756 2170 τῆς
821 2101 1318 2171 Ἐκκλησταστικῆς
1381 2101 1548 2156 αὑτοῦ
1615 2102 1880 2172 Ἱστορίας

297 2187 373 2262 [6]
409 2190 693 2256 Εὐσέϐιος,
733 2195 792 2245 ὲν
819 2196 883 2262 τῇ
917 2195 1026 2248 τῶν
1065 2193 1328 2264 διωγμῶν
1355 2195 1530 2265 ἀκμῇ,
1575 2193 1670 2248 ἐπὶ
1708 2194 1878 2260 Μαξι-

302 2279 498 2349 μιανοῦ
542 2283 830 2352 Ῥωμαίων
865 2283 1265 2354 βασιλεύοντος,
1308 2284 1439 2357 [ὑπὸ
1465 2285 1565 2354 μὲν
1596 2283 1757 2354 λιμοῦ
1787 2284 1881 2339 καὶ⁵

300 2373 492 2443 λοιμροῦ
523 2377 982 2448 κατασκήψαντος
1022 2378 1210 2440 αὐτοῖς
1237 2378 1335 2431 σὺν
1371 2377 1582 2448 ἑτέροις
1615 2376 1880 2448 συμπτώ-

303 2482 472 2534 μασιν
493 2464 533 2537 ,]
567 2466 772 2537 ἄπειρα
823 2467 1006 2539 πλήθη
1053 2467 1454 2537 διεφθείροντο,
1499 2467 1576 2530 ὡς
1611 2468 1757 2536 ταφῇ
1803 2465 1880 2536 μὴ

299 2557 563 2612 δύνασθαι
595 2560 986 2629 παραδίδοσθαι
1010 2577 1024 2592 °
1053 2560 1233 2614 καίτοι
1261 2559 1606 2630 Χριστιανῶν
1633 2558 1757 2612 τότε
1791 2576 1882 2628 φι-

301 2650 544 2719 λοτίμως
588 2652 716 2721 περὶ
766 2651 866 2716 τὰς
920 2653 1140 2724 κηδείας
1197 2652 1622 2722 ἠσχολημένων,
1665 2653 1760 2706 καὶ
1804 2651 1882 2721 τῷ

303 2740 677 2812 φιλανθρώπῳ
718 2743 846 2807 τοὺς
901 2745 1357 2816 πεπλανημένους
1399 2745 1703 2813 ἐναγόντων
1747 2743 1884 2815 πρὸς

302 2833 404 2904 τὴν
457 2833 558 2902 τῆς
611 2833 870 2904 ἀληθείας
924 2837 1261 2904 ἐπίγνωσινο
1319 2836 1425 2890 ὑπὸ
1468 2836 1526 2889 δὲ
1585 2835 1886 2905 ’Λρμενίων

304 2926 730 2980 ἐπαναστάντων
787 2927 1112 2997 Ῥωμαίοις,
1155 2929 1257 2981 οὐκ
1307 2927 1522 2997 ὀλίγους
1577 2927 1884 3000 ἀνῃρῆσθαι

307 3016 558 3088 ῥομφαίᾳ
613 3019 766 3087 φησι,
802 3019 895 3072 καὶ
917 3019 1022 3072 ὑπὸ
1047 3020 1228 3072 κυνῶν
1249 3018 1306 3071 δὲ
1329 3018 1642 3088 ἀνηλῶσθαι
1679 3019 1750 3072 τὰ
1777 3018 1886 3072 τῶν

307 3106 581 3162 θανόντων
617 3109 995 3184 σώματαογὼς
1026 3109 1212 3164 λοιπὸν
1250 3111 1377 3174 τοὺς
1406 3109 1765 3180 λειπομένους
1804 3111 1886 3174 είς

309 3201 663 3255 κυνοκτονίαν
711 3202 1025 3272 τραπῆναι,
1077 3202 1318 3266 δεδιότας
1351 3200 1428 3273 μὴ
1464 3203 1560 3255 καὶ
1603 3201 1758 3254 αὐτοὶ
1788 3200 1881 3254 θα-

308 3293 526 3361 νόντες,
580 3294 789 3359 ζῶντας
844 3287 1069 3358 τούτους
1135 3295 1342 3363 τάφους
1398 3295 1728 3364 κτήσωνται.
1773 3293 1888 3347 Οὐκ

310 3385 540 3449 ἀπεικὸς
583 3387 638 3439 δὲ
675 3389 790 3450 τοῖς
824 3388 952 3441 κυσὶ
979 3387 1078 3456 τῆς
1106 3387 1277 3457 αὐτῆς
1307 3386 1488 3454 θοίνης
1523 3386 1618 3439 καὶ
1665 3385 1888 3455 ἀγρίους

313 3476 485 3546 θῆρας
513 3478 898 3548 συμμετέχειν,
928 3477 1014 3530 διὰ
1045 3479 1105 3530 τὸ
1131 3477 1228 3545 τῆς
1259 3476 1463 3546 τροφῆς
1495 3473 1726 3542 ἄφθονον
1748 3490 1760 3503 ·
1797 3473 1890 3527 καὶ

311 3567 373 3619 ὲν
427 3569 496 3638 τῇ
545 3569 791 3640 ἡμετέρᾳ
832 3570 890 3623 δὲ
936 3571 1097 3640 γενεᾷ
1141 3568 1350 3623 τούτων
1391 3568 1624 3621 ἕκαστον
1675 3565 1890 3637 συμϐὰν

314 3658 586 3732 ἔγνωμεν.

899 3951 1154 4010 ΚΕΦΑΛ.
1189 3949 1286 4006 ῘΖ’.

306 4061 502 4132 Λύσις
555 4061 665 4129 τῆς
717 4062 990 4132 πέμπτης
1037 4063 1400 4132 σφραγῖδος,
1451 4063 1730 4130 δηλοῦσα
1776 4064 1891 4131 τὴν

378 4131 500 4186 τῶν
526 4132 710 4205 ἀγιων
737 4131 998 4205 [ψυχῶν]
1033 4131 1181 4202 πρὸς
1211 4131 1432 4203 Κύριον
1451 4135 1584 4203 περὶ
1612 4134 1722 4203 τῆς
1745 4151 1892 4189 συν-

376 4204 612 4269 τελείας
637 4204 1024 4272 καταϐόησιν.

379 4315 490 4368 Kal
530 4315 630 4369 ὅτε
657 4316 864 4384 ἤνοιξε
903 4317 1020 4385 τὴν
1057 4316 1335 4386 πέμπτην
1361 4317 1662 4389 σφραγῖδα
1683 4361 1698 4385 ,
1725 4314 1893 4374 εἶδον

277 4421 282 4425 ‘
307 4406 594 4459 ὑποκάτω
621 4407 730 4462 τοῦ
765 4410 1202 4475 θυσιαστηρίου
1231 4409 1338 4476 τὰς
1359 4408 1565 4478 ψυχὰς
1606 4407 1747 4481 [τῶν
1784 4409 1891 4463 ἁν-

314 4499 583 4570 θρώπων]
629 4499 750 4552 τῶν
792 4500 1188 4568 ἐσφαγμένων
1235 4501 1332 4554 διὰ
1389 4501 1496 4554 τὸν
1535 4503 1732 4572 Λόγον
1784 4500 1892 4556 τοῦ

1980 2003 2124 2047 statu
2178 1993 2314 2047 satis
2366 1993 2710 2060 conspirant.
2760 1989 2974 2044 Etenim
3020 2005 3182 2048 cmn,
3228 1987 3562 2042 Maximiano

1981 2081 2352 2136 Romanorum
2389 2082 2635 2151 principe
2674 2081 3013 2150 imperante,
3055 2080 3108 2134 in
3148 2081 3268 2149 ipso
3305 2095 3562 2149 persecu-

1983 2174 2151 2228 tionis
2174 2183 2310 2230 testu
2341 2174 2511 2242 pestis
2541 2172 2705 2226 simul
2730 2182 2782 2226 et
2809 2171 2983 2226 fames
3019 2172 3313 2226 crudeliter
3347 2187 3562 2241 grassa-

1981 2275 2208 2331 rentur,
2265 2275 2413 2320 tanta
2465 2265 2753 2320 hominum
2801 2264 3133 2328 multitudo,
3187 2275 3245 2318 ut
3292 2265 3563 2319 Eusebius

1982 2354 2256 2426 Pamphili
2299 2356 2560 2426 exponit,
2591 2355 2862 2411 exstincta
2903 2355 3139 2418 interiit,
3191 2363 3250 2408 ut
3297 2357 3562 2410 cadavera

1982 2450 2279 2520 sepulturae
2317 2449 2459 2504 tradi
2489 2463 2631 2518 aegre
2663 2447 2961 2508 admodum
3014 2446 3313 2516 potuerint,
3349 2447 3564 2500 etiamsi

1981 2541 2284 2598 Christiani
2317 2548 2572 2597 accurate
2596 2556 2692 2612 per
2722 2541 2775 2596 id
2809 2550 3024 2609 tempus
3063 2540 3207 2594 circa
3244 2541 3567 2595 demortuo-

1984 2650 2106 2690 rum
2141 2634 2330 2688 funera
2371 2641 2800 2703 occuparentur,
2827 2646 3125 2701 errareque
3157 2631 3412 2686 seductos
3447 2646 3564 2685 ma-

1985 2741 2093 2795 gna
2123 2725 2466 2779 humanitate
2499 2724 2566 2796 ad
2609 2725 2859 2779 veritatis
2895 2724 3070 2778 lucem
3115 2722 3389 2778 adducere
3428 2723 3568 2778 nite-

1986 2824 2199 2871 rentur.
2240 2815 2404 2870 Addit
2436 2815 2582 2869 idem
2614 2823 2830 2880 auctor,
2861 2830 2973 2870 non
3015 2829 3220 2884 paucos
3250 2831 3468 2884 quoque
3499 2815 3568 2870 ab

1986 2907 2302 2971 Armeniis,
2352 2907 2444 2976 qui
2474 2915 2664 2961 contra
2701 2906 2982 2962 Romanos
3022 2906 3210 2960 eadem
3251 2915 3567 2976 tempestate

1989 2998 2427 3062 insurrexerant,
2461 2999 2871 3054 contrucidatos
2902 2999 3250 3062 occubuisse,
3291 3014 3569 3070 canesque

1989 3087 2044 3144 in
2085 3088 2500 3143 interfectorum
2536 3088 2802 3142 cadavera
2831 3087 3144 3142 immaniter
3179 3090 3454 3156 steviisse,
3493 3092 3564 3144 ita

1990 3188 2049 3234 ut
2085 3179 2119 3233 ii
2152 3180 2244 3250 qui
2272 3194 2301 3233 a
2329 3179 2482 3234 clade
2514 3179 2708 3249 reliqui
2731 3180 2912 3234 adhuc
2933 3189 3112 3245 erant,
3147 3180 3200 3233 in
3232 3195 3430 3235 canum
3465 3197 3569 3236 cz:-

1914 3265 1958 3320 C
1990 3271 2112 3326 dem
2157 3285 2279 3326 sese
2311 3273 2716 3335 converterint,
2767 3270 2925 3325 veriti
2969 3286 3069 3334 ne,
3136 3281 3490 3342 posteaquam
3521 3292 3568 3334 te

1992 3363 2129 3419 vivis
2178 3364 2584 3428 excessissent,
2633 3362 2849 3416 illorum
2886 3373 3103 3416 ventres
3142 3363 3263 3416 viva
3319 3364 3567 3431 sepulcra

1991 3456 2340 3510 sortirentur.
2377 3455 2660 3510 Probabile
2678 3455 2735 3508 lit
2765 3459 2984 3524 quoque
3007 3467 3250 3526 agrestes
3280 3454 3446 3522 feras,
3477 3472 3570 3510 ca-

1993 3548 2252 3602 daverum
2305 3549 2509 3617 passim
2543 3547 2844 3617 jacentium
2879 3547 3035 3616 c0pia
3071 3547 3371 3613 excitatas,
3420 3549 3571 3618 ejus-

1994 3639 2118 3694 dem
2179 3655 2302 3694 cum
2366 3641 2600 3696 canibus
2660 3650 2851 3711 pastus
2909 3640 3203 3710 participes
3271 3643 3570 3696 exstitisse.

1993 3729 2136 3796 Quin
2174 3739 2359 3784 nostra
2391 3746 2612 3802 quoque
2641 3741 2800 3786 aetate
2828 3732 3076 3801 quautam
3104 3731 3304 3786 similia
3340 3749 3440 3786 usu
3485 3750 3572 3788 ve-

1997 3823 2146 3879 nisse
2177 3823 2451 3879 novimus.

2521 3935 2750 3992 CAPUT
2787 3935 2952 3994 XVII.

1997 4047 2202 4123 Salutio
2235 4051 2406 4120 quinti
2441 4051 2638 4121 sigilli,
2682 4070 2800 4123 quae
2843 4064 3149 4110 sanctorum
3193 4057 3450 4111 clamores
3509 4071 3574 4110 aa

2139 4120 2305 4175 Deum
2341 4138 2434 4190 pro
2463 4120 2645 4176 seaculi
2683 4120 3128 4181 consummatione
3157 4131 3421 4197 proponit.

2073 4300 2160 4366 Vl,
2200 4301 2254 4367 9,
2295 4302 2382 4356 10.
2422 4301 2487 4356 Et
2539 4317 2658 4354 cum
2693 4302 2982 4370 aperuisset
3030 4302 3265 4372 sigillum
3297 4303 3576 4373 quintum,

1995 4396 2104 4449 vidi
2139 4395 2318 4450 subter
2334 4395 2506 4449 altare
2535 4395 2742 4448 animas
2774 4395 3169 4465 interfectorum
3197 4407 3409 4465 propter
3437 4396 3576 4451 ‘Ver-

2001 4487 2120 4540 bum
2155 4487 2272 4552 Dei,
2299 4497 2345 4541 et
2385 4497 2598 4557 propter
2637 4487 2990 4541 testimonium
3023 4495 3159 4556 quod
3191 4487 3452 4542 habebant
3482 4503 3500 4541 :
3528 4499 3576 4543 et

313 4589 461 4644 Θεοῦ
476 4591 576 4644 καί
595 4591 692 4645 διὰ
710 4591 827 4658 τὴν
831 4593 1161 4660 μαρτυρίαν
1178 4591 1306 4663 [τοῦ
1335 4594 1391 4646 Ἀ
1394 4595 1496 4660 pri
1499 4593 1592 4665 ου]
1617 4593 1691 4662 ἣν
1704 4589 1889 4662 εῖχσν.

2001 4583 2302 4638 clamabant
2329 4600 2447 4637 voce
2469 4599 2682 4654 magna,
2707 4583 2935 4637 dicentes
2967 4597 2984 4637 .'
3012 4582 3310 4654 Usquequo,
3337 4585 3574 4651 Domine,

313 4682 419 4734 Kal
449 4682 698 4750 ἔκραζον
712 4682 882 4751 φωνῇ
900 4685 1129 4753 μεγάλῃ
1159 4684 1460 4754 λέγοντεςο
1491 4687 1643 4749 Ἕως
1671 4689 1837 4751 πότε,
1861 4689 1894 4740 ό

315 4775 623 4840 Δεσπότης
642 4773 857 4846 [ἡμῶν]
889 4779 920 4828 ό
950 4776 1116 4845 ἄγνος
1132 4775 1227 4829 καὶ
1255 4779 1288 4829 ὁ
1313 4777 1624 4842 ἀληθινὸς,
1655 4779 1728 4831 οὐ
1767 4779 1893 4844 κρί-

315 4884 439 4934 νεις
473 4868 572 4922 καὶ
615 4868 772 4940 [οὐκ]
817 4868 1072 4934 ἐκδικεῖς
1102 4869 1166 4920 τὸ
1209 4864 1350 4937 αἷμα
1403 4868 1572 4938 ἡμῶν
1608 4869 1728 4924 ἀπὸ
1774 4869 1896 4923 τῶν

316 4963 755 5016 κατοικούντων
775 4963 873 5015 ἐπὶ
897 4961 1004 5029 τῆς
1031 4960 1175 5031 γῆςὶ
1855 4968 1861 4974 ’

388 5054 452 5107 Ei
509 5055 610 5123 μέν
647 5073 730 5118 τις
782 5055 880 5126 τὴν
924 5055 1078 5107 λύσιν
1112 5054 1224 5107 τῶν
1256 5055 1538 5126 τεσσάρων
1584 5055 1896 5124 σφραγίδων

319 5150 435 5212 ταῖς
462 5149 556 5201 τοῦ
580 5149 818 5220 Χριστοῦ
848 5149 1264 5219 παρῳχηκυίαις
1288 5149 1622 5217 οἰκονομίαις
1652 5151 1897 5217 προσνεῖ-

325 5256 421 5307 μαι
458 5239 730 5310 βιάσεται,
773 5241 869 5293 καὶ
917 5242 1119 5310 ταύτην
1154 5241 1378 5303 εἰκότως
1428 5245 1536 5303 τοῖς
1575 5241 1898 5311 προτελεεω·

319 5330 460 5385 θεῖσι
495 5334 804 5404 προφήταις
835 5333 927 5385 καὶ
965 5332 1171 5394 λοιποῖς
1211 5333 1388 5401 ἁγίοις
1426 5331 1761 5401 ἐφαρμόσει·
1801 5329 1899 5402 [οἳ]

320 5425 420 5493 τῆς
469 5425 621 5488 θείας
657 5426 968 5478 καταϐοῶσι
1013 5425 1436 5495 μακροθυμίας,
1489 5425 1575 5492 ἐφ’
1621 5417 1701 5488 οἷς
1739 5425 1900 5494 μέχρι

326 5517 562 5586 σταυροῦ
601 5518 750 5587 παρὰ
814 5517 1081 5570 Ἰουδαίων
1118 5517 1474 5588 ὑϐριζόμενος
1517 5516 1789 5586 ἀνέχεται.
1837 5515 1899 5569 Ei

322 5611 378 5664 δεῖ
410 5629 493 5674 τις
526 5611 601 5674 ὡς
641 5612 942 5681 μελλόντων
974 5611 1278 5681 πρόρρησιν
1305 5609 1476 5664 ταῦτα
1511 5610 1716 5681 ἐκλάϐῃ
1759 5609 1900 5662 κατά

324 5703 448 5765 τοὺς
479 5701 829 5764 διδασκάλους
858 5703 957 5772 τῆς
999 5702 1346 5771 Ἑκκλησίας,
1389 5705 1502 5765 τοῖς
1531 5700 1617 5754 διὰ
1667 5699 1900 5771 Χριστὸν

329 5795 711 5864 σφαγιασθεῖσι
742 5797 842 5866 τὴν
885 5793 1140 5865 τοιαύτην
1170 5795 1401 5865 πρέπειν
1432 5794 1574 5848 κατὰ
1623 5793 1728 5846 τῶν
1770 5793 1899 5846 διω-

328 5887 468 5942 κτῶν
529 5890 770 5958 οἰήσεται
821 5886 1187 5958 καταϐόησιν,
1240 5886 1327 5956 ἐφ’
1381 5881 1426 5957 ᾧ
1471 5887 1601 5951 τοὺς
1649 5888 1706 5941 ἐν
1760 5885 1948 5958 αὐτῇ.

2002 4677 2238 4737 (sanctus
2273 4687 2321 4730 et
2354 4681 2527 4746 verus)
2569 4693 2669 4730 non
2696 4676 2939 4745 judicas,
2972 4686 3020 4729 et
3054 4693 3155 4730 non
3190 4677 3424 4731 vindicas
3454 4693 3579 4731 san-

1961 4841 1966 4845 η
1998 4770 2206 4841 guinem
2239 4780 2480 4824 nostrum
2507 4769 2568 4822 de
2597 4769 2676 4822 Itis
2703 4768 2792 4839 qui
2823 4768 3067 4822 habitant
3102 4768 3153 4822 in
3188 4768 3369 4822 terra?

2073 5035 2176 5103 Qui
2237 5044 2473 5105 quatuor
2527 5036 2832 5106 sigillorum
2905 5036 3234 5090 solutionem
3289 5043 3582 5091 transacta:

1996 5130 2106 5198 jam
2145 5131 2272 5183 olim
2314 5131 2516 5184 Christi
2549 5133 2870 5184 (mouentia:
2913 5131 3180 5190 tribuunt,
3226 5129 3324 5189 illi,
3372 5139 3427 5182 ut
3475 5132 3578 5183 sibi

2003 5233 2274 5284 constent,
2313 5222 2454 5276 hanc
2494 5223 2743 5291 quintam
2789 5221 3068 5291 prophetis
3099 5219 3421 5290 jamdudum
3455 5230 3581 5273 ante

2005 5316 2406 5370 consummatis
2475 5314 2797 5382 eat-terisque
2867 5314 3074 5368 sanctis
3166 5311 3583 5365 accommodent

2002 5416 2236 5477 oportet.
2274 5407 2336 5460 l-li
2375 5420 2611 5474 namque
2643 5405 2710 5459 de
2752 5405 2843 5459 Dei
2880 5404 3138 5474 patientia
3165 5414 3218 5458 et
3250 5403 3580 5471 longanimi-

2004 5513 2112 5556 tate
2154 5508 2300 5554 curta
2349 5501 2580 5570 quadam
2621 5499 2837 5552 ratione
2875 5497 3016 5551 haud
3063 5495 3263 5565 injuste
3313 5493 3578 5563 queritari

2002 5597 2170 5651 videri
2222 5603 2478 5665 possunt;
2520 5602 2577 5648 ut
2603 5595 2694 5663 qui
2719 5592 3005 5646 tentationi
3041 5603 3215 5659 usque
3243 5588 3310 5643 ad
3347 5597 3580 5642 mortem

2003 5692 2330 5753 restiterim,
2367 5690 2740 5758 injustamque
2784 5685 3097 5740 Judmorum
3152 5683 3256 5737 \irn
3302 5690 3356 5737 et
3388 5691 3584 5738 contu-

2007 5786 2222 5841 meliam
2272 5784 2540 5853 patienter
2581 5781 2968 5836 sustinuerint.
3007 5777 3110 5844 Qui
3142 5792 3272 5832 vero
3309 5775 3583 5846 receptio-

2006 5896 2121 5938 rem
2173 5877 2456 5932 doctorum
2517 5872 2776 5930 Εςριεείιε
2831 5869 3160 5926 sentemiam
3211 5867 3421 5935 secuti,
3469 5865 3584 5920 haec
