4034 6570
499 383 601 447 2η

1671 379 1998 441 ANDBE/E
2035 381 2555 446 C/ESARIENSIS

3650 397 3762 460 2‘2

503 513 763 572 tanquam
799 499 1105 553 futurorum
1137 496 1545 567 praedictionem
1575 496 1824 565 accipere
1849 497 2072 561 malunt,

2185 499 2370 564 ἀξίους
2413 500 2779 573 ἐπιστρέψαι
2818 502 2923 556 τῶν
2956 503 3015 557 δὲ
3057 504 3298 560 ἀπειθῶν
3328 509 3393 580 τῇ
3433 513 3765 583 παγκοσμίῳ

502 597 578 650 illi
627 593 912 664 praesentis
944 591 1048 644 loci
1088 592 1340 661 querelas
1373 598 1540 660 atque
1587 591 1858 645 clamores
1890 589 1942 642 in
1982 605 2076 644 eos

500 689 672 760 magis
700 689 990 744 convenire
1020 694 1290 750 statuunt,
1315 684 1406 754 qni
1431 692 1650 753 propter
1674 683 1951 736 Christum
1991 697 2078 735 oc-

499 781 638 844 risi,
702 787 892 834 contra
960 785 1342 847 persecutores
1409 776 1706 829 vindictam
1781 781 2074 843 expetunt;

499 881 770 941 quatenus
799 871 894 942 qui
936 871 1076 924 inter
1112 870 1260 939 ipsos
1302 865 1394 920 Dei
1440 865 1726 922 clementia
1768 879 1872 918 non
1915 879 2074 932 pror-

498 981 594 1021 sus
627 965 834 1033 indigni
875 962 1252 1025 invenientur,
1295 961 1360 1013 ad
1413 958 1699 1011 Dominum
1741 967 2074 1011 convertan-

501 1067 611 1122 tur,
663 1057 939 1112 obstinate
975 1065 1156 1109 autetn
1185 1052 1358 1121 impii,
1392 1066 1486 1120 per
1516 1049 1880 1104 universalem
1907 1049 2074 1104 totius

2186 589 2467 660 συντελείᾳ
2500 590 2731 659 ἐκκόψαι
2769 593 2869 662 τὴν
2899 593 3156 649 ἀσέϐειαν
3187 597 3335 661 ὅπως
3365 599 3431 652 ἂν
3464 601 3538 669 μὴ
3582 601 3759 654 ἐκτεί-

2183 699 2349 734 νωσιν
2390 681 2440 735 οἱ
2477 681 2678 736 δίκαιοι
2714 685 2774 736 ἐν
2820 684 3070 756 ἀνομίαις
3095 690 3282 758 χεῖρας
3315 689 3514 743 αὐτῶν.
3556 690 3619 744 Εἰ
3653 692 3763 763 γὰρ

2183 775 2279 826 καὶ
2321 773 2422 845 ἤδη
2463 774 2618 840 τότε,
2662 775 2846 841 καθὼς
2888 781 3136 850 εἴρηται,
3182 781 3231 834 οἰ
3287 782 3570 847 δυσσεϐεῖς
3609 784 3763 846 θείας

2180 861 2352 933 ὀργῆς
2405 863 2816 946 ἐπειράθησαν,
2865 866 2979 920 ἀλλ’
3030 869 3181 922 οὐδὲν
3227 867 3390 942 ἦττον
3443 872 3510 924 τὰ
3555 873 3763 925 τούτων

2183 953 2414 1022 λείψανα
2482 955 2929 1029 ὲπιστρεπτικῶν
2982 958 3014 1029 ἢ
3078 961 3418 1016 κολαστικῶν
3481 965 3763 1034 μαστίγων

2181 1047 2414 1101 ἐδέοντο.

499 1152 650 1207 orbis
681 1151 1213 1207 consummationem
1255 1147 1613 1208 excidantur,
1681 1160 1749 1199 ne
1790 1145 1926 1216 justi
1980 1144 2046 1197 ad
2107 1126 2450 1214 iniquitatem
2506 1142 2803 1199 extendant
2857 1161 3050 1202 manus
3110 1163 3257 1204 suas.
3329 1148 3465 1204 Nam
3497 1151 3601 1206 etsi
3638 1165 3760 1220 per-

498 1245 654 1299 multi
681 1244 832 1314 impii
858 1242 1179 1312 jamdudum
1236 1249 1362 1294 ante
1393 1240 1485 1295 Dei
1521 1241 1659 1294 iram
1701 1239 1914 1308 experti
1937 1246 2087 1302 sunt,
2124 1237 2294 1292 nihilo
2317 1237 2500 1293 secius
2527 1237 3040 1310 illorum'reliquite
3088 1241 3314 1314 ﬂagellis
3355 1244 3535 1299 adhuc
3558 1256 3760 1317 egent;

495 1337 695 1407 quibus
719 1347 812 1388 aut
841 1343 1248 1394 convertantur,
1281 1342 1369 1386 aut
1400 1348 1499 1402 pro
1526 1332 1737 1386 meritis
1759 1341 1906 1386 certe
1930 1332 2256 1400 plectantur.

568 1431 660 1494 Vl,
692 1433 777 1486 ll.
813 1430 878 1483 Et
913 1430 1054 1483 data:
1083 1440 1203 1482 sunt
1244 1429 1354 1482 illis
1395 1428 1619 1498 singula:
1649 1429 1800 1482 stola?
1830 1427 1986 1492 albw,
2026 1435 2074 1480 et

493 1527 694 1580 dictum
726 1535 801 1578 est
839 1524 946 1577 illis
975 1533 1030 1576 ut
1062 1525 1440 1592 requiescerent
1469 1523 1641 1575 adhuc
1668 1521 1919 1590 pusillum
1948 1530 2078 1574 tem-

492 1621 676 1686 poris;
710 1619 872 1670 donec
902 1617 1267 1685 compleantur
1303 1617 1535 1668 conservi
1563 1630 1765 1677 eorum,
1801 1623 1848 1667 et
1887 1613 2078 1682 fratres

493 1727 696 1769 eorum,
729 1711 817 1779 qui
853 1709 1203 1777 interﬁciendi
1229 1717 1375 1772 sunt,
1411 1711 1547 1760 sicut
1578 1716 1628 1760 et
1658 1707 1760 1760 illi.

2248 1427 2355 1481 Kal
2395 1427 2575 1496 ἐδόθη
2615 1429 2821 1496 αὐτοῖς
2858 1429 3093 1498 ἑκάστῳ
3141 1430 3337 1498 στολὴ
3380 1431 3609 1498 λευκή·
3659 1448 3760 1485 και

2176 1519 2386 1589 censen
2415 1522 2623 1588 αὐτοῖς
2660 1523 2760 1576 ἵνα
2792 1524 3258 1578 ἀναπαύσων-ται
3299 1525 3386 1576 ἑτι
3421 1526 3646 1592 χρόνον
3669 1543 3761 1593 μι-

2177 1612 2346 1681 κρὸν,
2369 1612 2481 1678 ἕως
2505 1609 2576 1668 οὗ
2595 1612 2960 1680 πληρώσωσι
2982 1614 3076 1666 καὶ
3104 1617 3158 1666 οἱ
3179 1614 3512 1668 σύνδουλοι
3536 1613 3756 1676 αὐτῶν,

2182 1703 2280 1757 καὶ
2316 1706 2370 1757 οἱ
2408 1704 2657 1773 ἀδελφοὶ
2708 1703 2907 1759 αὐτῶν
2943 1707 2998 1758 οἱ
3033 1705 3360 1775 μέλλοντες
3407 1705 3760 1760 ἀποκτείνε-

2180 1801 2317 1850 σθιιι
2347 1799 2427 1864 ὡς
2456 1798 2550 1852 καὶ
2574 1800 2764 1852 αὐτοί.

567 1894 709 1960 Quin
767 1909 864 1962 per
907 1892 1017 1944 haec
1051 1904 1271 1960 quoque
1309 1889 1492 1945 saeculi
1537 1889 2069 1944 consummationem

2247 1891 2319 1943 Τὸ
2348 1891 2433 1951 δὲ,
2488 1891 2640 1956 "Eme
2676 1888 2749 1948 οὗ
2795 1893 3160 1960 πληρώσωσι
3189 1893 3285 1948 καί
3333 1895 3389 1946 οἱ
3425 1892 3758 1947 σύνδουλοι

494 1994 752 2053 expetere
789 1981 962 2035 sancti
1005 1981 1310 2048 probantur
1347 1997 1359 2032 :
1396 1980 1618 2034 interim
1651 1995 1820 2048 usque
1858 1979 1926 2033 ad
1963 1978 2072 2034 fra-

494 2089 638 2131 trum
673 2090 900 2126 suorum
931 2082 1185 2134 mortem,
1223 2087 1293 2126 ne
1323 2081 1448 2125 ante
1476 2071 1620 2133 illos,
1648 2071 1804 2140 juxta
1841 2071 2073 2140 Aposto-

495 2171 628 2235 lnm,
657 2174 1142 2230 consummentur,
1177 2179 1386 2218 moram
1440 2164 1601 2219 istam
1633 2164 1899 2233 patienter
1930 2163 2073 2219 ferre

490 2267 772 2334 iubentur.
833 2261 1090 2315 Candida:
1157 2260 1260 2329 27
1318 2269 1499 2314 autem
1550 2260 1740 2322 stola,
1807 2259 2069 2314 virtutum

492 2355 861 2425 splctnhn'cm,
885 2353 976 2420 qui
1021 2351 1252 2406 illustris
1291 2351 1345 2405 in
1378 2352 1484 2404 illis
1510 2352 1754 2416 exsistit,
1791 2351 2068 2414 insinuat;

493 2460 604 2512 quo
636 2442 926 2512 splendore
954 2439 1065 2510 jam
1099 2454 1248 2493 nunc
1292 2439 1532 2508 undique
1565 2447 1689 2492 sunt
1724 2437 2068 2501 circumfusi,

493 2537 712 2592 etiamsi
756 2533 1154 2604 promissorum
1210 2531 1473 2585 bonorum
1521 2529 1894 2584 haereditatem
1945 2541 2071 2581 nec-

495 2631 624 2684 dum
658 2627 836 2697 adt-pti
878 2634 1026 2680 sunt.
1061 2623 1262 2676 Eorum
1296 2622 1478 2691 itaque
1508 2621 1774 2674 bonorum
1806 2635 1922 2689 spe,
1953 2631 2072 2687 qua:

495 2719 729 2790 spiritali
779 2716 941 2772 oculo
999 2729 1142 2768 nunc
1177 2712 1624 2782 contemplantur
1665 2711 1732 2766 ab
1783 2711 1933 2765 omni
1986 2709 2072 2762 in-

497 2826 645 2869 terea
691 2807 1056 2865 crassitudine
1086 2806 1257 2869 csuti,
1287 2805 1484 2859 merito
1522 2805 1800 2868 laetantur;
1836 2798 1933 2856 nec
1963 2815 2068 2854 non

493 2909 550 2966 in
593 2904 826 2959 Abrahae
860 2903 982 2956 sinu
1025 2907 1213 2969 pacate
1249 2899 1595 2968 requiescere
1626 2897 1894 2953 feruntur.
1934 2894 2069 2949 Mul-

494 3008 676 3052 torum
724 3008 961 3063 namque
1023 3001 1340 3046 sanctorum
1394 2993 1663 3045 sententia
1705 2997 1822 3054 εει,
1874 3001 2072 3041 unum-

492 3087 794 3160 quemlibet
851 3083 1068 3138 \irtntis
1113 3082 1377 3137 cultorem
1429 3082 1608 3136 locum
1647 3079 1802 3134 lactis
1843 3079 1957 3134 suis
1986 3079 2072 3132 di-

492 3193 658 3247 gnum
707 3182 832 3246 post
878 3175 1019 3228 hanc
1055 3174 1220 3226 vitam
1259 3173 1476 3239 sortiri;
1530 3187 1594 3226 cx
1639 3185 1751 3240 quo
1789 3171 1856 3226 de
1901 3170 2070 3240 gloria

493 3271 595 3323 sibi
622 3277 920 3339 praeparata
952 3275 1160 3322 certam
1186 3265 1562 3332 conjecturam
1597 3264 1775 3320 facere
1801 3263 1999 3318 valeat.

1055 3401 1282 3458 CAPUT
1323 3400 1509 3458 XVIII.

493 3517 643 3573 Sexti
695 3517 858 3588 sigilli
911 3517 1143 3579 solutio,
1193 3533 1309 3586 qum
1354 3517 1540 3586 plagas
1585 3533 1701 3583 qua:
1745 3516 2073 3588 subiswculi

564 3587 934 3656 catastrophen
968 3588 1270 3640 mortalium
1304 3591 1475 3657 generi
1502 3589 1816 3654 inferentur,
1852 3587 2075 3641 breviter

562 3671 846 3727 percenset.

566 3795 658 3860 Vl,
696 3795 783 3858 12,
818 3796 904 3848 15.
950 3793 1017 3846 Et
1062 3792 1168 3845 vidi
1212 3807 1330 3844 cum
1366 3790 1657 3856 aperuisset
1689 3788 1923 3858 sigillum
1956 3804 2074 3842 sex-

493 3902 604 3944 tum
634 3904 652 3942 :
684 3897 732 3941 et
767 3903 882 3941 ecce
927 3893 1256 3939 terrwmotus
1307 3899 1527 3952 magnus
1556 3882 1730 3951 factus
1762 3891 1874 3946 est;
1912 3890 1959 3934 et
1994 3880 2074 3933 sol

495 3983 667 4052 factus
712 3989 788 4034 est
835 3980 983 4049 niger
1029 3988 1276 4047 tanquam
1331 3992 1514 4030 saccus
1544 3977 1815 4040 cilicinus,
1854 3986 1901 4029 et
1945 3975 2072 4028 luna

495 4088 604 4130 tota
647 4077 791 4146 facta
835 4083 910 4127 est
939 4076 1072 4127 sicut
1111 4073 1328 4142 sanguis
1359 4087 1376 4126 :
1403 4080 1452 4126 et
1492 4070 1658 4125 stella:
1693 4071 1756 4126 de
1786 4070 1913 4124 caelo
1943 4072 2074 4124 ceci-

491 4171 681 4222 derunt
713 4181 869 4234 super
896 4177 1122 4226 terram,
1152 4166 1284 4219 sicut
1313 4164 1444 4234 ﬁcus
1467 4164 1660 4218 emittit
1695 4179 1905 4234 grossos
1929 4179 2070 4229 suos,

492 4277 612 4314 cum
644 4277 675 4313 α
707 4269 855 4313 vento
888 4274 1075 4326 magno
1107 4268 1356 4311 movetur.

570 4351 686 4408 Etsi
715 4367 823 4405 non
867 4351 1049 4405 desint
1085 4351 1174 4420 qui
1206 4351 1319 4405 haec
1343 4349 1526 4404 omnia
1565 4349 1630 4403 ad
1664 4347 2072 4418 Hierosolymo-

491 4460 616 4522 rum
653 4441 996 4498 obsidionem
1024 4449 1078 4496 et
1106 4443 1447 4496 eversionem
1486 4457 1606 4511 quae
1638 4457 1668 4496 a
1699 4440 1820 4496 Tito
1863 4439 2070 4510 Vespa-

2173 1981 2393 2047 αὐτῶν,
2431 1983 2582 2053 δηλοῖ
2617 1985 2698 2037 ὅτι
2724 1984 2822 2050 τὴν
2849 1982 2944 2037 τοῦ
2976 1984 3183 2053 κόσμου
3231 1984 3545 2038 συντέλειαν
3572 1984 3756 2038 αἰτού-

2177 2093 2330 2145 μενοι
2358 2077 2638 2144 φαίνονται
2674 2079 2722 2130 οι
2760 2077 2906 2146 ἅγιοι
2929 2093 2945 2110 ο
2980 2077 3063 2131 διὸ
3088 2077 3181 2131 καὶ
3211 2078 3588 2148 μακροθυμεῖν
3625 2078 3755 2148 ἄχρι

2171 2168 2272 2237 τῆς
2319 2168 2429 2220 τῶν
2476 2169 2721 2238 ἀδελφῶν
2759 2167 3095 2232 τελειώσεως
3147 2168 3496 2235 κιελεύονται⁹
3546 2169 3634 2220 ἵνα
3681 2169 3756 2238 μὴ

2172 2258 2343 2328 χωρὶς
2373 2258 2554 2312 αὐτῶν
2587 2259 2944 2322 τελειωθῶσι,
2989 2258 3132 2312 κατά
3155 2258 3248 2313 τὸν
3295 2259 3641 2312 Ἀπόστολον.
3695 2258 3757 2313 Ἡ

2172 2351 2230 2403 δὲ
2281 2353 2475 2420 λευκὴ
2535 2353 2728 2421 στολὴ
2775 2353 2872 2423 τὴν
2902 2352 3242 2407 ἐπανθοῦσαν
3273 2353 3456 2414 αὐτοῖς
3486 2353 3595 2404 τῶν
3625 2351 3754 2417 ἀρε-

2171 2443 2282 2496 τῶν
2309 2445 2562 2514 ἐμφαίνει
2594 2445 2956 2515 λαμπρότητα
2978 2487 2992 2510 ,
3023 2446 3090 2515 ἢν
3120 2443 3550 2514 ἀμφιέννυνται,
3579 2443 3628 2495 εἰ
3658 2442 3756 2495 καὶ

2177 2538 2345 2607 μήπω
2375 2537 2472 2600 τὰς
2519 2538 2855 2606 ἐπαγγελίας
2905 2538 3252 2608 ἐκομίσαντο.
3294 2537 3371 2607 Τῇ
3403 2535 3535 2603 γοῦν
3580 2534 3755 2588 ἐλπίδι

2174 2628 2382 2681 τούτων
2402 2671 2417 2694 ,
2449 2630 2595 2699 ἅπερ
2624 2630 2824 2701 νοερῶς
2867 2630 3279 2700 ὲνοπτρίζονται
3303 2669 3316 2691 ,
3361 2628 3542 2697 πάσης
3575 2627 3754 2694 ἀπηλ-

2173 2720 2434 2790 λαγμένοι
2483 2720 2827 2791 παχύτητος,
2892 2723 3120 2785 εἰκότως
3174 2723 3588 2791 εὐφραίνονται,
3641 2720 3757 2779 τοῖς

2173 2813 2396 2875 κόλποις
2435 2812 2688 2882 ’Λϐραὰμ
2712 2815 3188 2883 ἐπαναπαυόμενοι
3210 2830 3224 2844 ο
3265 2811 3480 2874 πολλοῖς
3507 2810 3615 2879 γὰρ
3644 2808 3756 2860 τῶν

2171 2904 2344 2972 ἁγίων
2388 2905 2546 2957 τοῦτο
2589 2904 2839 2974 εἴρηται,
2878 2906 2940 2959 τὸ
2983 2906 3195 2976 χώρους
3245 2905 3429 2970 ἀξίους
3473 2901 3754 2972 εἰληφέναι

2173 2997 2279 3050 τῶν
2303 2997 2402 3066 τῆς
2431 2999 2633 3067 ἀρετῆς
2657 2999 2908 3067 ἐργατῶν
2936 2998 3164 3051 ἕκαστον
3187 2998 3254 3050 δι’
3283 2991 3357 3050 ὧν
3381 2997 3476 3049 καὶ
3505 2995 3633 3060 περὶ
3654 2994 3753 3064 τῆς

2178 3088 2480 3160 μελλούσης
2515 3089 2694 3144 αὐτῶν
2723 3089 2882 3160 δόξης
2912 3091 3330 3162 τεκμαίρονται.

2767 3421 3020 3475 ΚΕΦΛΛ.
3063 3422 3170 3475 IH'.

2177 3541 2368 3610 Λύσις
2396 3539 2506 3607 τῆς
2527 3540 2705 3605 ἕκτης
2723 3540 3074 3610 σφραγῖδος,
3108 3539 3214 3605 τὰς
3237 3540 3307 3592 ἐν
3333 3537 3406 3606 τῇ
3431 3537 3755 3606 συντελείᾳ

2414 3611 2790 3680 ἐπαγομένας
2818 3612 3058 3680 πληγὰς
3089 3611 3501 3680 σημαίνουσα.

2248 3813 2354 3867 Καὶ
2395 3810 2578 3868 εἶδον·
2616 3816 2714 3869 καὶ
2758 3817 2857 3870 ὅτε
2907 3815 3115 3884 ἤνοιξε
3145 3815 3260 3883 τὴν
3305 3815 3607 3886 σφραγῖδα
3639 3813 3756 3881 τὴν

2175 3903 2384 3969 ἕκτην,
2415 3904 2668 3982 σεισμὸς
2687 3905 2876 3974 μέγας
2915 3905 3174 3975 ἐγένετο.
3208 3907 3312 3961 Καὶ
3348 3909 3381 3960 ὀ
3416 3906 3591 3974 ἣλιος
3621 3905 3752 3975 ἐγέ-

2174 4011 2311 4048 νετο
2346 3995 2538 4063 μέλας
2576 3996 2653 4061 ὡς
2697 3997 2888 4062 ἀσκὸς
2932 3997 3217 4066 τρίχινος·
3271 3999 3367 4052 καί
3422 3997 3460 4064 ὴ
3515 3997 3753 4064 σελήνη

2177 4084 2336 4157 [ὅλη]
2366 4085 2604 4154 ἐγένετο
2636 4087 2715 4153 ὠς
2745 4081 2904 4156 αἷμα·
2939 4088 3033 4140 καὶ
3069 4091 3122 4140 οἱ
3155 4087 3407 4155 ἀστέρες
3437 4088 3543 4141 τοῦ
3574 4088 3754 4154 ούρα-

2173 4178 2286 4232 νοῦ
2323 4179 2551 4232 ἔπεσον
2582 4181 2670 4243 είς
2713 4179 2829 4245 τὴν
2856 4178 2993 4246 γῆν,
3033 4179 3112 4244 ὡς
3162 4179 3327 4246 συκῆ
3357 4179 3580 4243 ,βάλλει
3614 4177 3755 4241 τοὺς

2175 4273 2473 4339 ὀλύνθους
2503 4273 2694 4341 αὐτῆς
2726 4272 2844 4328 ὑπὸ
2869 4273 3139 4342 μεγάλου
3171 4272 3395 4342 ἀνέμου
3423 4271 3725 4340 σειομένη.

2249 4367 2357 4419 Καὶ
2388 4366 2564 4420 ταῦτά
2592 4383 2737 4429 τινες
2770 4369 2848 4430 εἰς
2883 4367 2982 4437 τὴν
3011 4368 3105 4420 ἐπὶ
3135 4365 3548 4421 Οὐεσπασιανοῦ
3577 4363 3754 4436 [βασι-

2173 4455 2333 4526 λέως]
2372 4457 2687 4527 πολιορκίαν
2720 4459 2973 4523 ὲξέλαδον
3009 4460 3261 4523 ἅπαντα,
3299 4458 3407 4511 τῶν
3441 4455 3752 4528 εἰρημένων

492 4539 648 4592 siano
682 4534 823 4590 facta
870 4542 954 4589 est
976 4573 991 4597 ,
1039 4535 1312 4604 pertinere
1346 4533 1691 4597 existiment,
1723 4547 1898 4600 eoque
1932 4531 2072 4586 refe-

2178 4547 2409 4602 ἓκαστον
2446 4550 2972 4621 τροπολογήσαντες.
3024 4552 3185 4622 Ἡμῖν
3217 4552 3273 4604 δὲ
3309 4551 3556 4620 φαίνεται
3587 4547 3754 4618 μετὰ-

492 4639 651 4696 rant,
707 4627 922 4696 singula
977 4642 1099 4696 quae
1141 4626 1230 4680 hic
1276 4625 1566 4689 dicuntur,
1615 4624 1859 4694 tr0picos
1902 4639 2072 4694 expo-

494 4731 689 4778 nentes
724 4762 739 4786 ,
764 4722 922 4776 nobis
956 4728 1138 4774 tamen
1171 4717 1510 4788 probabilius
1536 4715 1593 4770 ﬁt
1622 4732 1651 4770 a
1679 4717 2074 4787 persecutionis

491 4825 738 4884 tempore
774 4810 1064 4866 transitum
1110 4809 1214 4863 hoc
1263 4808 1382 4861 loco
1415 4805 1531 4860 ﬁeri
1577 4807 1643 4860 ad
1681 4815 1897 4875 tempus
1926 4805 2107 4890 quod:

492 4906 818 4963 Antichristi
854 4906 1149 4959 adventum
1186 4901 1506 4966 antecedet;
1541 4901 1595 4953 in
1627 4899 1774 4970 quod
1809 4900 1993 4955 clades
2023 4908 2076 4954 et

493 4999 906 5070 persecutiones
944 4996 1012 5049 de
1043 4994 1242 5064 quibus
1293 4993 1380 5046 hic
1419 5007 1602 5047 sermo
1639 5002 1759 5057 est,
1809 4991 2071 5054 incident.

492 5093 762 5150 Caeterum
817 5088 1157 5144 calamitates
1203 5097 1256 5140 ct
1303 5100 1530 5148 cruces,
1578 5100 1702 5154 quae
1735 5095 1898 5140 tanta:
1946 5096 2074 5140 tunc

493 5184 807 5248 esstabunt,
835 5191 1055 5250 quantm
1085 5187 1242 5233 antea
1281 5193 1560 5248 nunquam
1597 5177 1727 5232 visze
1761 5178 1842 5232 vel
1877 5179 2074 5233 auditae

495 5277 770 5346 leguntur,
811 5273 957 5327 haud
1001 5272 1112 5326 alio
1148 5270 1254 5324 line
1291 5269 1562 5339 prmdicta:
1595 5270 1868 5336 ridentur,
1909 5286 2072 5341 quam

495 5383 555 5427 ut
594 5372 840 5426 homines
883 5369 1089 5422 dudum
1124 5376 1249 5421 ante
1286 5367 1354 5421 de
1380 5367 1448 5420 iis
1482 5367 1786 5434 prmmoniti
1829 5368 2070 5422 animum

493 5479 606 5518 non
639 5459 1034 5530 despondeant,
1082 5472 1206 5512 cum
1239 5473 1332 5526 per
1361 5458 1758 5514 Antichristum
1803 5458 2072 5528 ejusdem-

497 5571 607 5625 que
686 5553 972 5608 ministros
1025 5567 1082 5606 re
1137 5553 1254 5622 ipsa
1307 5552 1747 5623 irrogabuntur',
1800 5553 2069 5622 siquidem

493 5647 634 5700 mala
669 5644 895 5714 praevisa
927 5654 981 5698 et
1011 5643 1419 5714 quodammodo
1451 5645 1846 5714 praemeditata,
1889 5645 2070 5702 minus

495 5736 774 5792 ollendere
823 5735 1023 5791 solent.
1075 5733 1181 5790 Per
1227 5748 1380 5792 terra:
1429 5746 1610 5792 autem
1659 5749 1858 5792 motum
1902 5754 2072 5796 sacrae

492 5831 712 5884 Litterae
774 5845 958 5886 rerum
1034 5833 1394 5887 mutationem
1459 5832 1662 5902 passim
1732 5833 2063 5906 signiticant.

2180 4639 2338 4692 ϐασιν
2365 4640 2600 4694 ἐνταῦθα
2626 4643 2961 4713 γεγενῆσθαι
2993 4641 3102 4697 ἀπὺ
3131 4643 3241 4696 τῶν
3268 4643 3328 4694 ὲν
3361 4643 3471 4704 τοῖς
3493 4639 3754 4708 διωγμοῖς

2121 4793 2124 4796 ,
2178 4720 2387 4802 χρόνων
2441 4734 2520 4796 εἰς
2557 4733 2648 4786 τὸν
2696 4734 2888 4805 καιρὸν
2925 4735 3016 4788 τὸν
3046 4735 3154 4804 πρὸ
3198 4734 3301 4803 τῆς
3343 4732 3439 4786 τοῦ
3486 4731 3753 4800 ’Λντιχρί-

2180 4839 2306 4875 στου
2345 4823 2606 4891 ἀφίξεως,
2643 4825 2702 4877 ὲν
2733 4817 2778 4892 ᾧ
2812 4823 3082 4888 τοσαύτας
3110 4822 3497 4894 προεφητεύθη
3534 4821 3756 4874 ἔσεσθαι

2176 4913 2278 4977 τὰς
2331 4914 2567 4983 πληγὰςο
2623 4916 2754 4981 ἴσως
2801 4916 2940 4987 πρὸς
2971 4916 3030 4969 τὸ
3071 4915 3496 4986 ὲμμελετῶντας
3530 4912 3758 4973 ταύταις

2176 5007 2304 5069 τοὺς
2337 5006 2680 5078 ἀνθρώπους,
2719 5009 2794 5078 μὴ
2822 5009 3079 5062 ἀπειπεῖν
3119 5010 3254 5079 προς
3283 5007 3384 5072 τὰς
3407 5005 3759 5076 ἐπαγομένας

2178 5095 2289 5169 [ὲκ]
2333 5096 2427 5151 τοῦ
2491 5099 2862 5170 Ἀντιχρίστου
2893 5099 3175 5165 κολάσεις,
3231 5098 3514 5172 [τοιαύτας
3567 5093 3758 5166 οὔσας]

2177 5189 2296 5252 οἵας
2333 5189 2588 5243 οὐδέποτε
2623 5193 2996 5262 γεγενημένας
3053 5192 3322 5262 ἔγνωμεν.
3361 5189 3596 5260 Σεισμὺν
3629 5189 3758 5258 μέν-

2177 5298 2258 5333 τοι
2309 5280 2408 5351 τὴν
2468 5281 2578 5335 τῶν
2621 5285 2964 5356 πραγμάτων
3011 5285 3301 5354 μετάθεσιν
3354 5282 3626 5352 πολλαχοῦ
3659 5280 3762 5350 τῆς

2177 5373 2401 5442 Γραφῆς
2430 5374 2778 5446 εὑρίσκομεν.
2809 5377 2882 5429 Τὸ
2913 5377 3042 5446 γὰρ,
3083 5379 3202 5430 Ἔτι
3233 5376 3396 5441 ἅπαξ
3430 5374 3761 5442 σείσω,δη-

2176 5465 2260 5519 λοῖ
2309 5467 2406 5536 τὴν
2457 5467 2566 5520 τῶν
2613 5469 2992 5539 σαλευομένων
3037 5471 3350 5540 μετάθεσιν,
3401 5467 3475 5532 ὦς
3526 5485 3691 5537 φησιν
3727 5467 3760 5518 ὀ

2190 5558 2536 5624 Ἀπόστολος·
2588 5561 2681 5614 καὶ
2730 5562 2790 5614 ὲν
2830 5565 2896 5632 τῇ
2918 5562 3127 5632 Παλαιᾷ
3163 5561 3220 5615 δὲ
3255 5563 3471 5634 εἴρηται
3501 5557 3761 5630 περὶτῆς

2179 5651 2237 5718 ἐξ
2268 5651 2547 5720 Αἰγύπτου
2567 5653 2791 5724 πορείας
2815 5655 2921 5708 τῶν
2949 5655 3323 5725 Ἰσραηλιτῶν,
3348 5652 3437 5721 Γῆ
3466 5654 3716 5716 ἐσείσθη
3739 5666 3756 5680 ·

2176 5747 2274 5800 καί
2299 5746 2406 5817 γὰρ
2423 5748 2740 5818 οἱοίλοανοὶ
2782 5750 3071 5815 ἔσταζον.
3107 5781 3177 5791 —
3219 5749 3287 5804 Τὸ
3314 5750 3368 5804 δὲ
3408 5749 3606 5819 μέλαν
3633 5747 3760 5814 ,τοῦ

2174 5839 2374 5907 ἡλίου,
2403 5840 2498 5892 καὶ
2527 5839 2656 5922 ¹τῆς
2687 5842 2956 5910 σελήνης
2983 5841 3048 5895 τὸ
3073 5839 3335 5912 ἀφεγγὲς
3362 5839 3462 5894 καὶ
3502 5834 3762 5910 αἱματῶ-
