4040 6578
267 409 378 472 273

1230 427 1835 495 COMMENTARIUS
1875 435 1959 497 IN
1998 435 2525 523 APOCALYPSIN.

3427 443 3532 505 2⁸74

266 526 371 595 δες
395 569 409 587 .
439 530 500 583 τὸ
546 533 659 597 τοῖς
704 536 855 607 παρά
898 538 996 608 τῆς
1037 538 1185 603 θείας
1224 542 1395 612 ὀργῆς
1430 548 1842 618 καταληφθεῖσιι

1959 551 2147 604 Adhuc
2175 552 2350 615 semel,
2376 551 2451 603 ait
2477 550 2783 620 Scriptura,
2810 558 2860 606 et
2877 567 2968 620 ego
2994 552 3204 606 movebo
3226 561 3424 608 terram
3457 556 3532 620 ης

268 622 578 688 ἀφώτιστον
622 628 981 685 ἐνδείκνυται.
1029 633 1185 686 (ἰῦτω
1223 637 1330 707 γὰρ
1382 639 1643 703 πολλάκις
1679 641 1853 695 ταῦτα

270 714 367 766 καὶ
393 715 422 765 ὁ
472 718 741 787 μακάριος
774 722 1061 792 ,Κύριλλος
1094 726 1367 797 ὲξείληφε.
1422 730 1496 782 Τὸ
1544 731 1601 784 δὲ
1639 734 1854 787 πεσεῖν

268 804 413 871 τοὺς
441 808 732 877 ἀστέρας,
762 813 946 878 καθὼς
972 818 1064 869 καὶ¹
1089 819 1191 889 ἤδη
1221 821 1349 890 περὶ
1377 823 1486 875 τῶν
1510 824 1613 877 ὑπὸ
1654 827 1855 879 Ἀντιὸκ

268 912 370 963 xeo
401 900 795 970 ἀπατηθέντων
828 906 1165 975 γέγραπται,
1204 911 1266 963 τὸ
1311 913 1407 965 καὶ
1438 914 1581 980 τοὺς
1609 916 1854 985 φωστῆ-

256 1006 380 1055 ρας
410 988 547 1044 εἶναι
578 993 872 1061 δοκοῦντας
900 999 973 1052 ἐν
1015 1002 1221 1070 κόσμῳ
1241 1043 1255 1066 ,
1302 1005 1521 1059 πίπτειν
1552 1010 1665 1071 τοῖς
1705 1025 1853 1077 γινο-

270 1079 458 1146 μένοις
481 1082 899 1153 ὲποκλάξοντας,
917 1088 1012 1154 ὡς,
1034 1094 1197 1161 φησὶν
1213 1094 1478 1165 ὁΚύριος,
1497 1097 1854 1166 πλανηθῆναι,

267 1174 323 1225 εἰ
354 1174 601 1237 δυνατὸν,
645 1179 886 1244 καὶτοὺς
914 1183 1228 1249 ἐκλεκτοὺς,
1259 1187 1346 1240 διὰ
1380 1188 1441 1241 τὸ
1492 1192 1591 1260 τῆς
1624 1192 1856 1260 θλίψεως

272 1266 526 1335 μέγεθος.
566 1271 727 1335 Ἴσως
757 1272 867 1344 γὰρ
892 1274 981 1328 διὰ
1008 1276 1165 1330 τοῦτο
1192 1281 1286 1332 καὶ
1320 1283 1352 1350 ἡ
1396 1282 1537 1349 συκῆ
1568 1284 1649 1346 είς
1681 1285 1860 1354 παρά-

271 1536 369 1589 καὶ
403 1536 618 1610 [μήπω]
650 1541 1051 1609 γλυκανθέντας
1077 1550 1143 1618 τῇ
1174 1550 1382 1619 χάριτι,
1420 1553 1478 1604 ὲν
1516 1555 1594 1625 τῷ
1625 1555 1729 1607 ὑπὸ
1763 1554 1856 1608 τοῦ

271 1626 580 1682 διαϐολικοῦ
624 1633 829 1703 ἀνέμου
861 1637 1213 1693 τινάσσεσθαι
1252 1643 1692 1699 καταϐάλλουσα.
1728 1649 1857 1699 Δισο

277 1717 385 1781 σῶς
413 1720 521 1789 γὰρ
555 1722 757 1793 ταύτην
794 1726 886 1778 ὲπί
916 1744 975 1779 τε
1014 1729 1166 1800 καλῷ
1212 1732 1305 1784 ὲπί
1351 1750 1410 1785 τε
1441 1734 1596 1804 κακῷ
1646 1736 1855 1805 ἐκλαμ-

276 1806 579 1881 ϐανομένην
623 1814 866 1884 οἴδαμενο
910 1817 973 1870 ἐκ
1020 1838 1079 1873 τε
1127 1822 1236 1874 τῶν
1278 1823 1388 1877 δύω
1444 1826 1700 1881 καλάθων
1746 1828 1857 1881 τῶν

1955 647 2099 715 quod
2138 645 2430 714 Apostolus
2457 645 2523 699 ad
2561 660 2740 700 rerum
2783 646 3067 701 mobilium
3119 649 3531 703 translationmn

1958 737 2137 792 refert.
2178 737 2271 792 Sic
2314 737 2678 793 lsraelitarnm
2722 753 2943 809 quoque
2980 756 3045 794 ex
3090 739 3325 811 Egypto
3355 741 3535 810 profe-

1956 831 2065 883 ctio
2130 838 2286 883 terra:
2345 839 2525 884 motus
2587 839 2850 896 vocatur;
2892 832 3079 896 Terra,
3123 835 3314 888 scribit
3341 834 3532 897 David,

1958 933 2099 975 ntota
2133 932 2243 987 est;
2285 924 2476 976 etenim
2510 923 2628 976 cazli
2660 923 3050 977 distillaverunt
3077 925 3141 979 ι’.
3174 925 3243 978 At
3282 942 3411 980 vero
3442 943 3533 978 so-

1957 1014 2024 1068 lis
2067 1015 2312 1084 nigredo,
2358 1024 2407 1069 et
2441 1015 2579 1068 lunia
2618 1015 2956 1079 obscuratio,
3005 1016 3249 1086 colorque
3300 1018 3533 1085 ejusdem

1959 1105 2301 1174 sanguineus,
2330 1119 2519 1159 eorum
2546 1105 2849 1159 caacitatem
2875 1115 2927 1159 et
2947 1107 3333 1161 obscuritatem
3367 1110 3533 1162 deno-

1959 1206 2092 1260 tant,
2123 1212 2262 1267 quos
2294 1197 2557 1252 Dominus
2586 1197 2639 1251 in
2671 1198 2749 1252 ira
2774 1213 2871 1252 sua
2900 1208 3032 1253 tunc
3060 1199 3483 1269 comprehendet
3517 1218 3531 1254 :

1963 1288 2032 1343 ad
2061 1289 2205 1344 hunc
2229 1289 2374 1342 enim
2404 1289 2625 1344 modum
2653 1293 2844 1346 beatus
2873 1291 3112 1362 Cyrillus
3142 1309 3250 1346 non
3274 1310 3384 1348 uno
3416 1293 3534 1349 loro

1764 1378 1857 1439 οὺς
1959 1378 2145 1432 isthmc
2178 1380 2420 1448 exponit.
2454 1378 2608 1445 Quod
2642 1386 2820 1436 autem
2856 1382 3023 1436 stella:
3061 1384 3253 1438 cadant
3285 1384 3359 1453 (id
3387 1385 3533 1453 quod

1958 1470 2022 1524 de
2069 1470 2136 1523 iis
2185 1485 2405 1539 quoque
2463 1472 2721 1526 traditum
2776 1473 2974 1543 legitur
3012 1475 3103 1545 qui
3144 1476 3212 1529 ab
3260 1476 3533 1531 Antiocho

1960 1559 2165 1613 seducti
2204 1560 2474 1632 fuerant),
2499 1562 2881 1631 signiﬁeateos
2907 1565 2998 1635 qui
3031 1568 3216 1620 mundi
3242 1568 3534 1620 luminaria

1959 1650 2321 1718 putabantur,‘
2353 1652 2748 1721 suppliciorum
2772 1662 2992 1721 terrore
3025 1655 3225 1713 fractos
3258 1658 3531 1727 dejectos-

1958 1756 2083 1811 que,
2138 1757 2169 1795 a
2217 1742 2323 1796 tide
2372 1750 2427 1797 et
2466 1744 2694 1800 veritate
2744 1746 2798 1800 in
2857 1747 3140 1816 perfidiam
3190 1758 3244 1804 et
3293 1765 3531 1804 errorem

1958 1832 2287 1888 defecturos.
2332 1832 2465 1887 Nam
2505 1843 2563 1889 ut
2616 1835 2869 1903 Christus
2905 1838 3169 1895 Dominus
3212 1852 3531 1908 praemonet,

273 1901 528 1968 χρηστῶν
559 1907 651 1957 καὶ
699 1906 807 1959 τῶν
845 1913 1098 1982 πονηρῶν
1127 1914 1308 1969 σύκων
1352 1919 1459 1971 τῶν
1493 1919 1571 1989 τῷ
1611 1920 1842 1992 Ἱερεμίᾳ

1960 1933 2109 1979 tanta
2140 1934 2267 1980 tunc
2295 1926 2395 1981 erit
2426 1927 2643 1983 alllietio
2672 1938 2727 1983 ut
2751 1931 3080 1986 seducantur
3112 1933 3266 1988 electi
3292 1950 3533 2004 quoque,

275 1994 574 2059 φανέντων,
606 1998 668 2051 ἐκ
698 2017 755 2051 τε
781 2003 881 2071 τῆς
913 2004 1272 2075 ξηρανθείσης
1305 2009 1410 2061 ὑπὸ
1443 2010 1582 2083 [τοῦ]
1616 2013 1851 2083 Χριστοῦ

273 2086 462 2153 συκῆς,
498 2089 593 2139 καὶ
618 2092 717 2160 τῆς
747 2094 1056 2166 φερομένης
1084 2098 1143 2150 ἐν
1169 2099 1248 2169 τῷ
1278 2100 1548 2171 ’ᾼσματι.
1578 2104 1639 2155 El
1670 2104 1727 2157 δὲ
1760 2107 1854 2159 καὶ

271 2174 547 2244 αξσθητῶς
580 2182 754 2235 ταῦτα
779 2186 872 2238 τοῦ
914 2189 1155 2256 Χριστοῦ
1184 2192 1372 2262 κριτοῦ
1404 2195 1543 2264 μετά
1571 2195 1730 2265 δόξης
1764 2200 1853 2268 ὲρ-

270 2267 501 2336 χομὲνου
529 2274 888 2343 συμϐήσεται,
916 2282 1078 2343 αὐτὸς
1111 2282 1178 2336 ἂν
1202 2285 1367 2356 εἰδείη
1400 2288 1428 2339 ὁ
1457 2288 1583 2348 τοὺς
1608 2267 1853 2359 ἀποκρύ-

270 2374 401 2424 φους
432 2360 570 2430 ἔχων
601 2364 907 2439 θησαυροὺς
930 2372 1031 2440 τῆς
1062 2373 1317 2441 γνώσεως
1349 2378 1442 2430 καὶ
1473 2379 1573 2449 τῆς
1606 2382 1821 2449 σοφίας.

1963 2018 2008 2072 si
2052 2016 2163 2072 ﬁeri
2194 2018 2388 2087 possit.
2414 2018 2620 2075 Forsan
2653 2021 2718 2075 ad
2748 2022 2797 2075 id
2833 2022 3232 2094 designandum
3266 2026 3319 2079 in
3352 2042 3536 2081 exemo

1955 2111 2106 2179 plum
2148 2121 2430 2180 assumpta
2472 2121 2558 2167 est
2591 2114 2764 2182 licus;
2811 2124 2870 2169 ut
2922 2132 3046 2185 quae
3079 2116 3292 2172 fructus
3332 2119 3534 2187 imper-

1952 2202 2127 2257 fectos
2159 2202 2487 2273 (eujusmodi
2527 2214 2652 2260 sunt
2691 2208 2783 2276 qui
2838 2209 3197 2264 tentationum
3240 2212 3362 2281 igne
3407 2226 3535 2265 nee-

1952 2294 2080 2348 dum
2114 2296 2360 2358 excocti,
2396 2310 2572 2364 neque
2610 2298 2897 2354 eharitatis
2939 2300 3133 2355 ardore
3182 2302 3249 2355 ad
3288 2301 3533 2356 dulcedi-

1953 2398 2076 2437 nem
2110 2384 2289 2438 adhuc
2339 2385 2584 2453 perducti
2620 2388 2787 2455 sunt)
2835 2389 2962 2442 dum
3006 2405 3033 2442 a
3068 2391 3340 2448 diabolieo
3372 2404 3532 2446 vento

267 2450 645 2553 vehementius
685 2461 950 2528 quatitur.
1020 2465 1280 2522 decutere
1343 2484 1408 2524 ac
1453 2470 1508 2524 in
1570 2481 1768 2527 terram
1834 2473 2070 2543 dejicere
2130 2474 2318 2529 soleat.
2389 2473 2651 2531 Novimus
2714 2479 2859 2533 enim
2916 2480 3240 2536 vocabulum
3299 2485 3431 2553 ﬁcus
3477 2487 3529 2539 in

268 2541 467 2597 bonam
498 2556 551 2600 et
574 2549 773 2604 malam
806 2563 1013 2621 partem
1044 2558 1235 2627 accipi.
1272 2561 1560 2631 Colligitur
1593 2565 1696 2620 hoc
1728 2580 1852 2620 cum
1881 2581 1950 2621 ex
1988 2568 2204 2623 duobus
2245 2568 2349 2621 illis
2416 2569 2679 2623 bonarum
2712 2579 2767 2624 et
2832 2572 3102 2626 malarum
3146 2578 3347 2629 tieuum
3381 2578 3530 2630 cala-

266 2636 398 2733 this,
441 2655 674 2708 quarum
728 2645 789 2700 ﬁt
852 2651 1058 2705 mentio
1112 2653 1253 2723 apud
1328 2654 1520 2711 Isaiam
1565 2676 1580 2726 ;
1660 2668 1775 2714 tum
1843 2678 2060 2718 rursum
2107 2680 2174 2719 ex
2232 2664 2337 2718 ficu
2387 2681 2549 2733 quam
2612 2667 2995 2724 inaledietione
3049 2684 3147 2726 sua
3190 2670 3445 2728 Christus
3494 2689 3527 2729 a

265 2729 489 2835 refecit;
549 2744 766 2835 tum-ex
808 2740 897 2795 illa
955 2743 1190 2815 denique
1243 2764 1365 2817 quae
1412 2748 1587 2806 fertur
1638 2754 1690 2807 in
1745 2754 2009 2812 Canticis.
2070 2756 2241 2812 Porro
2321 2729 2501 2812 autem
2562 2775 2629 2812 an
2677 2759 2896 2815 Christo
2952 2763 3182 2817 Domino
3240 2764 3352 2835 28
3403 2780 3525 2821 cum

264 2820 438 2920 gloria
469 2832 526 2920 et
574 2827 859 2897 majestate
913 2833 979 2886 ad
1024 2834 1291 2903 judicium
1326 2841 1595 2907 veniente,
1633 2844 1840 2913 aliquid
1867 2861 1930 2901 ex
1970 2848 2246 2916 praedictis
2300 2850 2486 2903 sensili
2547 2852 2710 2905 modo
2765 2860 3090 2908 eventurum
3124 2856 3214 2920 sit,
3240 2820 3350 2911 hove
3383 2874 3530 2916 unus

265 2912 358 2969 ille
388 2919 540 2971 novit
562 2921 651 2988 qui
681 2936 873 2980 omnes
902 2926 1140 2982 scientia:
1162 2938 1215 2983 et
1238 2932 1523 3000 sapientia:
1555 2912 1845 2995 thesauros
1876 2939 1931 2994 in
1961 2956 2020 2996 se
2049 2940 2267 2997 abditos
2297 2942 2563 2997 continet.

336 3009 449 3062 Kal
481 3013 515 3064 ὁ
535 3014 787 3082 οὐρανὸς
824 3017 1203 3089 ἀπεχωρίσθη
1233 3023 1313 3087 ὠς
1327 3024 1572 3087 βιϐλίον
1594 3030 1843 3085 ἑλισσό-

260 3113 469 3164 μενος.

2032 3032 2114 3101 γι,
2152 3034 2237 3087 Ν.
2274 3032 2339 3087 Et
2371 3035 2557 3088 calum
2590 3038 2800 3091 recessit
2830 3039 2966 3092 sicut
2994 3039 3125 3092 liber
3152 3041 3439 3097 involutus.

343 3191 413 3245 Τὸ
463 3191 520 3244 δὲ
576 3194 685 3248 τὸν
736 3198 998 3265 οὐρανὸν
1032 3202 1393 3263 ἐλίσσεσθαι
1442 3209 1521 3275 ὠς
1573 3211 1842 3281 βιϐλίον,

2018 3211 2219 3267 Caelum
2253 3215 2427 3269 instar
2454 3213 2580 3267 libri
2624 3214 2839 3281 involvi,
2875 3215 2955 3270 vel
2987 3217 3285 3271 secundum
3318 3217 3524 3275 Christi

264 3282 296 3352 ἦ
351 3284 413 3337 τὸ
450 3286 729 3354 ἄγνωστον
781 3292 878 3361 τῆς
926 3294 1185 3367 δευτέρας
1236 3301 1476 3369 Χριστοῦ
1531 3307 1841 3375 παρουσίας

262 3376 580 3467 αἰνίττεται·
615 3381 858 3451 ἀψοφητὶ
883 3387 993 3456 γὰρ
1033 3391 1126 3442 καὶ
1159 3392 1218 3443 ὲν
1262 3393 1539 3466 ἀκαριαίῳ
1578 3398 1612 3467 ή
1660 3397 1843 3467 βίϐλος

262 3465 560 3533 ἀνοίγεται·
595 3471 629 3540 ἢ
666 3471 749 3525 ὅτι
778 3475 873 3527 καὶ
899 3477 953 3529 αἱ
987 3478 1240 3549 οὐράνιαι
1275 3480 1539 3552 δυνάμεις
1584 3465 1698 3548 rei;
1747 3490 1842 3540 ὲκ-

261 3556 520 3613 πίπτουσι
545 3562 643 3629 τῆς
664 3563 899 3628 πίστεως
919 3567 1278 3636 ὲπαλγοῦσαι,
1302 3574 1465 3628 οἱονεὶ
1496 3578 1841 3645 συμπάθειαν

262 3650 352 3701 καὶ
377 3648 559 3721 λύπην
590 3653 793 3717 ἕξουσι.
826 3656 926 3708 Διὰ
953 3657 1145 3711 τούτου
1195 3660 1251 3712 δὲ
1308 3664 1403 3715 καὶ
1436 3663 1624 3734 ἕτερόν
1655 3685 1705 3720 τι
1744 3684 1842 3737 ση-

262 3739 534 3805 μαίνεται·
566 3742 627 3795 τὸ
666 3744 742 3815 μὴ
782 3744 1089 3817 ἀφανισμὸν
1124 3750 1213 3802 τὸν
1243 3753 1471 3822 οὐρανὸν
1508 3756 1836 3827 ὑποστῆναι’

260 3830 378 3881 ἀλλ’
409 3829 525 3884 οἷον
561 3834 810 3905 είλιγμόν
837 3854 960 3891 τινα
996 3840 1090 3893 καὶ
1124 3842 1368 3913 ἀλλαγὴν
1396 3844 1490 3897 ἐπὶ
1514 3845 1576 3898 τὸ
1604 3846 1833 3917 βέλτιον,

257 3922 331 3983 ῶς
366 3939 534 3991 φησιν
565 3926 857 3995 Εἰρηναῖος
895 3931 953 3982 ὲν
995 3931 1072 4001 τῷ
1100 3933 1336 4004 πέμπτῳ
1374 3935 1516 4006 λόγῳ
1559 3939 1654 3992 τοῦ
1686 3940 1840 4009 ἐλέγ-

258 4030 353 4080 χου
397 4014 500 4083 τῆς
538 4015 895 4086 ψευδωνύμου
938 4020 1192 4087 γνώσεως
1240 4025 1333 4076 ἐπὶ
1362 4024 1591 4092 λέξεως,
1639 4029 1835 4094 οὓτως

259 4106 342 4156 Οὐ
372 4106 484 4173 γὰρ
517 4106 555 4171 ἠ
598 4107 956 4175 ὑπόστασις,
985 4111 1128 4163 οὐδὲ
1168 4114 1206 4179 ἡ
1236 4115 1418 4167 οὐσία
1443 4116 1551 4183 τῆς
1584 4119 1837 4186 κτίσεως

252 4195 688 4264 ἐξαφανίζεται·
709 4199 942 4266 ἀληθὴς
967 4201 1075 4269 γὰρ
1091 4204 1187 4256 καὶ
1204 4204 1453 4271 βέϐαιος
1471 4209 1503 4259 ὀ
1526 4210 1838 4275 συστησάσ

248 4306 435 4356 μενος
455 4288 669 4354 αὐτὴν·
694 4290 853 4344 ἀλλὰ
874 4293 942 4344 τὸ
970 4292 1178 4363 σχῆμα
1202 4295 1450 4366 παράγει
1472 4299 1579 4353 τοῦ
1604 4302 1837 4370 κόσμου

255 4380 492 4443 τούτου,
522 4380 592 4433 ἐν
616 4376 703 4446 οἷς
730 4382 768 4449 ἡ
796 4383 1132 4451 παράϐασις
1168 4387 1431 4455 ἐγένετο,
1454 4391 1535 4456 ὡς
1595 4394 1648 4445 οἱ
1696 4408 1838 4460 πρε-

254 4467 533 4535 σϐύτεροι
549 4467 818 4535 λέγουσι.
839 4471 949 4523 Καὶ
960 4471 1130 4524 ταῦτα
1155 4474 1251 4540 μὲν
1278 4476 1306 4526 ὁ
1332 4475 1503 4543 μέγας
1523 4478 1831 4548 Εἰρηναῖοςο

255 4557 543 4627 ἡγούμεθα
571 4560 627 4611 δὲ
652 4562 745 4612 καὶ
768 4563 834 4631 τῇ
866 4562 1072 4633 ἀρχαίᾳ
1104 4565 1366 4637 συνηθείᾳ
1399 4569 1711 4638 χρήσασθαι
1740 4572 1833 4627 τὸν

269 4651 614 4705 Ἀπὸστολον.
657 4653 986 4723 Εἰλιταρίοις
1008 4657 1117 4725 γὰρ
1159 4658 1208 4709 οί
1244 4658 1490 4729 Ἑϐραῖοι
1539 4662 1662 4715 ἀντὶ
1720 4664 1830 4718 τῶν

259 4744 385 4811 παρ’
417 4745 550 4813 ἡμῖν
590 4743 810 4813 βιϐλίων
851 4747 1177 4817 ἐκέχρηντοο
1215 4743 1289 4803 ὧν
1332 4753 1364 4821 ἡ
1399 4752 1676 4821 ἀνείλιξις,
1730 4759 1831 4811 οὐκ

255 4835 585 4905 ἀφανισμὸν,
614 4835 748 4890 ἀλλὰ
763 4839 871 4892 τῶν
884 4842 1289 4910 γεγραμμένων
1316 4846 1619 4917 φανέρωσιν
1636 4848 1831 4919 ἀπειρ-

252 4927 467 4992 γάζετο·
501 4928 579 4990 ὡς
617 4930 832 4984 καὶτοῦ
873 4932 1124 5002 οὐρανίου
1167 4932 1419 5002 σώματος
1456 4938 1489 5006 ἡ
1528 4938 1827 5005 ἀνάπτυξις

252 5015 359 5066 τῶν
389 5017 771 5087 ἀποκειμένων
805 5024 918 5085 τοῖς
945 5023 1121 5090 ἁγίοις
1148 5025 1370 5091 ἀγαθῶν
1413 5026 1513 5097 τὴν
1543 5030 1827 5082 ἀποκάλυο

251 5103 341 5171 ψιν
372 5105 629 5161 δεικνύει.
660 5110 769 5162 Καὶ
800 5111 958 5165 τοῦτο
997 5114 1095 5183 μὲν
1118 5114 1397 5184 τετραχῶς
1422 5115 1562 5185 πρὸς
1611 5118 1671 5169 τὸ
1698 5135 1830 5188 χορ-

252 5197 458 5267 ηγηθὲν
482 5200 615 5268 ἡμῖν
654 5200 841 5255 θεόθεν
881 5205 1245 5276 νενοήκαμενσ
1298 5206 1403 5259 τῶν
1448 5206 1504 5259 δὲ
1536 5207 1663 5279 ἑξῆς
1693 5208 1829 5280 ἐχώ-

256 5289 413 5356 μεθα.

1946 3304 2240 3360 adventum
2285 3306 2554 3361 incertum
2615 3320 2737 3361 esse
2786 3306 3024 3372 indicat;
3063 3307 3336 3377 siquidem
3396 3309 3523 3365 libri

1945 3397 2129 3451 subito
2174 3406 2229 3452 et
2278 3397 2488 3465 absque
2525 3396 2637 3451 ullo
2686 3411 2823 3466 pene
2861 3399 3085 3465 strepitu
3136 3398 3455 3466 aperiuntur
3503 3417 3520 3455 :

1945 3498 2039 3545 aut
2068 3489 2297 3544 virtutes
2318 3490 2588 3554 caelestes,
2621 3490 2751 3544 dum
2774 3504 2871 3544 eos
2899 3490 2991 3559 qui
3015 3505 3079 3543 ex
3113 3489 3217 3544 llde
3238 3491 3521 3558 excidunt,

1943 3596 2009 3635 ex
2067 3581 2545 3635 commiseratione
2598 3580 2823 3648 lugent,
2880 3582 3166 3635 molestam
3223 3582 3519 3651 quamdam

1944 3672 2113 3726 animi
2147 3672 2521 3741 aegritudinem
2554 3682 2601 3725 et
2634 3671 2791 3741 quasi
2843 3679 3106 3725 torturam
3150 3685 3261 3739 pl'iB
3291 3686 3349 3725 se
3376 3672 3519 3724 latu.

1945 3778 2055 3819 ras.
2092 3764 2236 3828 Quin
2265 3763 2414 3817 aliud
2446 3778 2663 3833 quoque
2690 3778 2785 3832 per
2809 3766 2913 3817 hoc
2938 3762 3296 3833 significatur,
3324 3777 3517 3831 nempe

1942 3854 2143 3909 etelum
2178 3869 2284 3908 non
2327 3854 2636 3909 subiturum
2668 3854 2903 3924 aliquem
2943 3855 3221 3910 interitum
3258 3864 3352 3909 aut
3381 3856 3517 3909 aboc

1940 3946 2218 4010 litionem,
2269 3946 2364 4001 sed
2417 3954 2625 4000 tantum
2676 3948 2967 4015 quamdam
3001 3948 3416 4009 involutionem,
3464 3955 3520 4002 et

1940 4038 2008 4090 ad
2033 4038 2311 4091 meliorem
2335 4044 2537 4091 statum
2565 4038 2938 4092 mutationem.
2965 4038 3081 4103 Qua
3107 4038 3174 4093 de
3198 4054 3256 4092 re
3281 4038 3517 4091 lrenaeus

1938 4126 2077 4180 libro
2105 4126 2297 4195 quinto
2322 4127 2803 4196 reprehensionum
2838 4128 2956 4181 falsi
2990 4129 3227 4183 nominis
3251 4127 3515 4191 scientiae,

1939 4217 2005 4270 ad
2038 4217 2260 4271 verbum
2296 4216 2407 4271 fere
2446 4218 2517 4270 ita
2545 4218 2737 4272 scribit
2772 4236 2785 4271 :
2831 4218 3005 4287 Neque
3056 4219 3192 4270 enim
3245 4218 3360 4271 caeli
3392 4218 3516 4270 sub-

1938 4309 2141 4361 stantia
2172 4317 2264 4361 aut
2299 4317 2560 4361 creatura:
2595 4310 2819 4361 essentia
2859 4303 3151 4361 abolebitur
3179 4324 3199 4361 :
3233 4308 3512 4376 (siquidem

1939 4400 2029 4467 qui
2086 4399 2220 4451 hanc
2275 4401 2690 4469 coagmentavit,
2733 4416 2883 4453 verus
2931 4408 2981 4453 et
3021 4399 3225 4452 stabilis
3282 4403 3381 4465 est)
3421 4400 3511 4451 sed

1939 4490 2124 4543 mundi
2147 4491 2341 4559 ﬁgura,
2374 4491 2424 4543 in
2458 4506 2560 4560 quo
2589 4491 2953 4559 pratvaricatio
2984 4491 3197 4554 accidit,
3228 4492 3280 4543 in
3314 4500 3513 4543 statum
3546 4512 3551 4515 ι

1940 4581 2110 4648 primo
2151 4581 2525 4640 venustiorem,
2581 4592 2635 4633 ut
2671 4591 2863 4634 veteres
2894 4591 3169 4645 asserunt,
3221 4582 3515 4633 transitura

1938 4674 2038 4719 est.
2076 4664 2203 4718 Hzec
2232 4679 2464 4732 magnus
2494 4663 2749 4718 lrenaeus.
2789 4665 3136 4719 Arbitramur
3160 4674 3340 4717 autem
3370 4664 3517 4731 Apu-

1938 4756 2139 4812 stolum
2172 4765 2416 4809 veterum
2446 4757 2829 4810 consuetudini
2859 4757 3165 4811 orationem
3202 4770 3516 4809 accommo-

1936 4844 2097 4899 dasse
2135 4862 2149 4898 :
2186 4844 2455 4914 siquidem
2505 4845 2715 4901 Hebrzei
2754 4846 2874 4901 loco
2920 4847 3184 4901 librorum
3213 4890 3227 4912 ,
3277 4862 3513 4916 quoium

1935 4936 2077 5003 apud
2131 4952 2231 4991 nos
2287 4947 2370 4992 est
2423 4953 2578 5000 usus,
2620 4937 2881 4993 involutis
2925 4938 3255 5007 quibusdam
3308 4940 3516 4992 Chattis

1938 5031 2263 5095 utebantur;
2320 5045 2552 5099 quarum
2612 5031 2854 5085 evolutio
2912 5032 2998 5086 vel
3052 5031 3344 5100 explicatio
3404 5048 3510 5083 Imn

1939 5119 2184 5189 pariebat
2232 5119 2509 5172 interitum
2559 5128 2653 5173 aut
2683 5119 3104 5173 exstinctionem
3130 5160 3146 5184 ,
3198 5119 3293 5173 sed
3331 5134 3513 5171 rerum

1935 5224 2057 5278 qua:
2097 5210 2152 5262 in
2205 5208 2310 5263 illis
2358 5208 2645 5278 descriptae
2692 5209 3142 5275 continebantur,
3196 5206 3515 5263 manifesta-

1937 5300 2160 5354 tionem.
2207 5299 2508 5369 Eapropter
2566 5299 2807 5354 cmlcstis
2872 5315 3091 5369 quoque
3124 5300 3374 5369 corporis
3413 5315 3511 5351 ex-

255 5381 495 5449 plicatio,
538 5384 806 5441 bonorum
847 5405 968 5459 qua:
1007 5392 1213 5447 sanctis
1251 5392 1374 5448 istic
1431 5394 1671 5463 reposita
1712 5402 1863 5458 sunt,
1928 5394 2349 5464 patefaCtionem
2398 5394 2651 5449 ostendit.
2707 5395 2887 5464 Atque
2935 5395 3006 5448 ita
3055 5404 3377 5463 prazsentem
3428 5393 3508 5447 lo-

256 5488 378 5529 cum
409 5478 803 5546 quadrifariam
841 5485 1287 5553 proutdivinitus
1323 5489 1479 5545 nobis
1507 5490 1694 5544 datum
1729 5500 1831 5557 est,
1867 5491 2252 5562 exposuimus;
2284 5490 2397 5558 jam
2453 5490 2735 5559 sequentia
2786 5505 3196 5559 persequamur.

323 5567 437 5618 Kal
464 5567 588 5622 πᾶν
615 5571 752 5639 ὄρος
796 5574 894 5627 καί
925 5575 1117 5643 νῆσος
1153 5578 1221 5631 ἑκ
1259 5579 1377 5633 τῶν
1407 5582 1605 5634 τόπων
1629 5580 1829 5635 αὐτῶν

256 5654 641 5726 ἐκινήθησαν·
683 5668 781 5717 καὶ
813 5668 869 5719 οι
906 5668 1186 5737 βασιλεῖς
1214 5669 1324 5740 τῆς
1359 5672 1472 5741 γῆς
1510 5673 1607 5727 καὶ
1640 5675 1694 5727 οἱ
1726 5691 1827 5744 με·

333 5813 376 5843 “
436 5815 573 5884 Agg.
646 5833 717 5887 ιι,
776 5821 825 5874 7.
906 5824 948 5854 ιδ
1001 5822 1144 5880 Psal.
1206 5840 1390 5896 uvn,
1448 5832 1501 5886 9.

1999 5580 2083 5647 Vl,
2125 5582 2306 5635 14-17.
2359 5580 2427 5635 Et
2472 5584 2640 5635 omnis
2690 5598 2837 5634 mons
2886 5590 2937 5633 et
3005 5582 3195 5633 insula:
3247 5579 3313 5631 de
3377 5577 3507 5631 locis

1934 5676 2042 5730 suis
2082 5683 2237 5728 mota:
2268 5684 2388 5728 sunt
2442 5690 2459 5728 :
2495 5690 2636 5742 reges
2679 5683 2865 5739 teme,
2898 5682 2948 5726 et
2992 5672 3281 5741 principes,
3325 5681 3373 5724 et
3411 5672 3508 5724 tri-
