4034 6576
463 400 572 462 2ἷὸ
1635 391 1963 452 ANDRErE
2001 390 2516 452 CAESARIENSIS
3600 384 3710 447 276

461 515 606 581 buni,
636 522 686 569 et
718 513 906 583 fortes,
939 520 989 566 et
1024 511 1192 565 omnis
1228 526 1427 575 servus,
1463 519 1509 563 et
1550 510 1716 561 omnis
1754 506 1882 560 liber
1911 506 2029 559 abs-

2155 483 2431 567 οιοίτᾶνες,
2461 503 2640 568 καίοι
2682 501 3000 570 χιλίαρχοι,
3035 496 3132 553 καὶ
3191 501 3246 553 οἱ
3271 499 3576 562 πλούσιοι,
3612 499 3710 551 καί

463 607 748 659 ronderunt
778 621 831 658 se
877 606 929 657 in
956 604 1250 672 speluncis,
1286 614 1333 657 et
1374 603 1426 655 in
1450 601 1609 670 petris
1642 599 1917 651 montium.
1966 595 2032 650 Et

2155 600 2187 650 >l
2236 596 2497 663 ίσχυροί,
2549 594 2646 647 καὶ
2680 592 2797 659 πᾶς
2838 592 3060 657 δοῦλος
3095 592 3192 645 καὶ
3229 590 3347 657 πᾶς
3396 591 3710 657 ἐλεύθερος

463 696 641 748 dicunt
678 695 936 748 montibus
966 706 1013 747 et
1039 695 1201 763 petris
1240 710 1256 747 :
1291 694 1478 749 Cadite
1500 709 1654 761 super
1691 706 1805 754 nos,
1831 699 1878 743 et
1913 689 2035 742 abs-

2155 689 2408 756 ίκρυψαν
2434 687 2689 752 ἑαυτοὺς
2719 688 2806 750 εις
2835 686 2906 739 τὰ
2934 684 3205 751 σπήλαια
3232 685 3330 738 καὶ
3351 686 3439 748 είς
3467 684 3574 745 τὰς
3606 682 3713 734 πά-

464 787 673 840 condite
703 802 794 840 nos
828 803 858 838 a
888 785 1022 853 facie
1047 786 1270 839 sedentis
1310 799 1464 852 super
1499 782 1761 842 thronum,
1788 790 1837 832 et
1862 778 1924 831 ob
1955 779 2038 830 ira

2155 797 2273 847 ’ρας
2302 780 2418 832 τῶν
2449 779 2653 847 όρέων’
2692 778 2789 831 καὶ
2832 778 3047 846 ἔλεγον
3083 776 3207 841 τοῖς
3245 775 3409 842 ὄρεσι
3444 773 3541 826 καί
3586 772 3712 836 ταῖς

463 877 623 945 Agni,
679 878 930 944 quoniam
986 876 1121 929 venit
1166 876 1278 929 dies
1308 890 1526 944 magnus
1558 875 1653 926 ira:
1686 871 1941 938 ipsorum,
1986 879 2034 922 et

2155 871 2397 938 τέτραιςο
2427 870 2649 924 Πέσετε
2673 870 2763 940 ἐφ’
2792 870 2969 938 ἡμᾶς,
2999 868 3093 922 καὶ
3122 869 3391 935 κρύψατε
3417 864 3573 933 ἡμᾶς
3596 863 3714 917 ἀπὸ

462 968 575 1035 quis
604 976 767 1035 potest
796 976 939 1020 stare
959 967 984 1018 ἴ)

2155 961 2464 1030 προσώπου
2507 962 2615 1016 τοῦ
2662 961 3000 1030 καθημένου
3042 960 3138 1013 ἐπὶ
3186 959 3292 1012 τοῦ
3326 958 3563 1024 θρόνου,
3615 954 3713 1005 καί

462 1060 578 1112 ἀπὸ
608 1058 719 1126 τῆς
744 1057 926 1129 ὀργῆς
954 1059 1060 1114 τοῦ
1093 1059 1337 1127 Ἀρνίου·
1372 1056 1460 1110 ὅτι
1487 1051 1674 1126 ἦλθεν
1702 1055 1742 1122 ὴ
1771 1052 1961 1124 ἡμέρα
2014 1054 2052 1122 ἡ
2078 1054 2313 1123 μεγάλη
2383 1055 2492 1123 τῆς
2527 1054 2707 1126 ὀργῆς
2757 1054 2965 1119 αὑτοῦ,
3000 1052 3099 1107 καὶ
3158 1053 3249 1117 τίς
3281 1050 3531 1103 δύναται
3566 1061 3714 1099 στα-

463 1150 639 1221 θῆναι
660 1169 683 1218 ;

541 1243 805 1300 Domiuus
861 1255 1048 1302 noster
1098 1243 1261 1300 Jesus
1328 1243 1581 1299 Christus
1649 1242 1912 1312 apostolis
1974 1240 2044 1297 de

466 1333 944 1406 llicrosolymitani
973 1339 1153 1407 templi
1181 1337 1464 1393 eversione
1493 1345 1547 1391 et
1573 1336 1754 1391 saeculi
1786 1349 2042 1390 consum—

466 1432 707 1483 matione
763 1430 1245 1500 interrogantibus,
1296 1446 1418 1500 quae
1463 1430 1594 1483 olim
1640 1428 1824 1484 futura
1864 1436 2040 1495 erant,

465 1530 734 1589 quatenus
764 1522 883 1593 eius
920 1523 999 1576 rei
1031 1537 1259 1591 capaces
1293 1532 1471 1586 erant,
1502 1521 1773 1590 praedixit.
1808 1519 1885 1574 Ex
1915 1520 2041 1589 qui-

463 1612 567 1667 bus
595 1613 813 1683 quidem
856 1615 1099 1670 cladibus
1138 1624 1193 1669 et
1219 1614 1583 1670 incommodis
1613 1612 1783 1668 multa
1830 1613 1887 1668 in
1927 1612 2034 1668 Ve-

465 1706 719 1776 spasiaua
743 1706 1032 1762 obsidione
1053 1704 1279 1771 ludatis,
1309 1706 1698 1776 quiCbristum
1728 1706 1784 1759 in
1816 1719 2034 1759 erucem

464 1808 713 1868 egerunt,
762 1809 818 1853 ut
853 1796 1124 1867 Iosephus
1162 1799 1395 1867 scriptor
1443 1796 1700 1852 Hebraeus
1748 1795 1939 1851 diliuse
1982 1795 2036 1849 in

467 1904 565 1942 sua
605 1891 834 1945 historia
882 1890 1150 1959 explicat,
1183 1898 1503 1944 evenerunt.
1548 1891 1618 1943 At
1648 1904 1776 1945 vero
1802 1890 1906 1945 sub
1936 1905 2038 1945 sae-

469 1982 577 2034 culi
642 1982 833 2042 linem,
897 1997 1091 2050 nempe
1145 1981 1247 2035 sub
1312 1982 1636 2036 Antichristi
1700 1981 2036 2046 adventum,

468 2073 643 2126 multo
686 2072 843 2140 plura
880 2073 1159 2142 multoque
1204 2073 1431 2127 saeviora
1472 2082 1524 2128 et
1556 2074 1863 2129 crudeliora
1898 2074 2040 2128 mala

468 2170 665 2226 totum,
692 2172 750 2216 ut
780 2164 855 2217 ita
884 2163 1083 2228 dicam,
1117 2164 1303 2218 orbem
1339 2165 1670 2234 Oppriment.
1704 2164 1779 2218 Ea
1807 2181 2041 2236 namque

470 2264 790 2323 tempestate
823 2267 930 2310 tam
964 2256 999 2310 ii
1027 2257 1119 2326 qui
1158 2259 1431 2311 mundana
1464 2258 1704 2327 potentia
1738 2273 1848 2326 prie
1880 2265 2040 2311 etate-

468 2347 547 2404 ris
582 2359 861 2418 praestant,
894 2366 1055 2417 quam
1090 2350 1124 2403 ii
1162 2350 1325 2403 etiam
1355 2351 1444 2419 qui
1474 2351 1617 2404 inter
1647 2350 2043 2405 ecclesiasticos

472 2441 764 2509 primatum
795 2451 998 2504 tenent,
1035 2452 1241 2495 montes
1285 2441 1453 2511 ﬁgura
1488 2443 1723 2512 quadam
1753 2442 2040 2510 appellati;

474 2543 585 2587 tum
639 2533 671 2586 li
693 2534 874 2586 lelium
913 2549 1129 2603 quoque
1162 2533 1418 2588 Ecclesia:
1442 2572 1457 2598 ,
1499 2549 1620 2602 qua:
1656 2532 1842 2587 insula:
1874 2542 2045 2586 meta-

476 2627 743 2694 phorictbs
774 2638 1058 2691 vocantur,
1082 2638 1134 2682 et
1165 2630 1216 2682 iu
1238 2635 1450 2682 novata:
1480 2642 1510 2681 a
1535 2626 1643 2680 Deo
1676 2626 1815 2695 apud
1851 2624 2043 2680 lsaiam

475 2718 748 2789 leguntur,
773 2720 930 2775 sedes
963 2736 1092 2775 suas
1122 2720 1393 2781 deserent.
1427 2718 1601 2788 deque
1628 2718 1746 2772 loco
1770 2718 1836 2771 ad
1866 2718 2042 2769 locum

480 2823 700 2881 propter
724 2813 1044 2868 Antichristi
1080 2814 1474 2867 immanitatem
1513 2810 1743 2867 subinde
1770 2825 1829 2865 se
1860 2819 2038 2864 trans-

477 2904 674 2957 ferent.
730 2904 839 2973 29
877 2905 1198 2972 Cuiusmodi
1263 2905 1608 2959 incommoda
1642 2912 1696 2958 et
1732 2891 1916 2957 clades
1950 2917 2048 2957 nos

364 3018 379 3031 κ
475 3010 690 3064 quoque
722 3005 847 3049 ante
889 2997 1211 3050 Antichristi
1251 2997 1539 3051 adventum
1572 3004 1790 3066 propter
1826 3004 2047 3064 peccata

476 3097 661 3141 nostra
697 3088 807 3155 jam
858 3089 1064 3156 experti
1100 3105 1313 3145 sumus.
1374 3088 1643 3142 Caeterum
1701 3103 1846 3156 reges
1896 3096 2049 3140 terra:

477 3179 513 3233 ii
550 3180 652 3234 hoc
684 3180 803 3234 loco
842 3181 948 3235 dici
994 3182 1270 3248 videntur,
1304 3196 1536 3250 quorum
1574 3180 1813 3236 studium
1862 3187 1915 3233 et
1946 3179 2047 3232 do-
2078 3200 2121 3259 ο

478 3273 707 3325 minium
737 3273 880 3326 circa
915 3283 1112 3327 terram
1146 3273 1420 3343 praacipue
1454 3281 1775 3341 occupatur,
1809 3270 2054 3337 nihilque

478 3379 769 3417 commune
811 3378 935 3417 cum
969 3364 1109 3418 caelo
1141 3364 1361 3418 habent.
1407 3363 1523 3429 Qua
1558 3366 1611 3418 in
1642 3379 1701 3418 re
1736 3362 2054 3431 conspirant

478 3472 603 3508 cum
663 3455 918 3510 omnibus
973 3456 1207 3511 terrenis
1261 3456 1620 3525 principibus,
1672 3462 1725 3507 et
1769 3452 2052 3516 divitibus,

480 3561 777 3615 rerumque
816 3557 1157 3602 terrenarum
1192 3546 1387 3609 servis,
1426 3555 1478 3600 et
1509 3546 1711 3611 liberis,
1746 3546 1850 3598 hoc
1887 3552 1988 3606 est,
2025 3558 2055 3596 a

482 3635 683 3691 Christi
744 3638 1005 3692 servitute
1060 3637 1346 3692 absolutis.
1404 3635 1466 3689 Hi
1515 3634 1678 3704 igitur
1713 3647 1902 3687 omnes
1953 3631 2057 3686 sub

484 3727 762 3795 speluncis
803 3738 855 3782 et
888 3729 1056 3796 petris
1094 3737 1146 3782 et
1191 3728 1470 3783 montibus
1514 3726 1639 3781 abdi
1681 3732 1933 3793 expetent
1960 3736 2058 3790 po-

486 3822 623 3885 tius,
666 3836 828 3889 quam
857 3820 1001 3889 Agui
1064 3820 1200 3873 iram
1241 3827 1294 3873 et
1348 3818 1593 3886 ﬂagella,
1635 3832 1757 3886 qua:
1812 3815 1863 3868 in
1897 3811 2054 3867 Anti-

483 3912 675 3967 christi
718 3914 954 3966 adventu
1001 3911 1301 3966 secundum
1347 3910 1550 3980 justam
1592 3907 1683 3961 Dei
1733 3907 2054 3977 permissio—

484 4017 607 4056 nem
635 4018 698 4055 ex
724 4002 864 4056 latine
886 4012 940 4056 et
965 4012 1131 4071 peste,
1166 4001 1399 4070 aliisque
1418 3998 1685 4068 ejusmodi
1718 3997 2054 4067 plagis‘orta,

482 4093 658 4147 instar
716 4094 1006 4162 impetuosi
1066 4092 1259 4147 imbris
1319 4092 1548 4146 miseros
1603 4090 1725 4144 illos
1783 4089 2055 4153 obruent,

484 4185 741 4253 experiri.
794 4189 900 4239 Ant
929 4194 1076 4238 certe
1119 4192 1269 4238 tanto
1311 4184 1404 4237 illo
1432 4192 1638 4237 terrore
1676 4189 2060 4237 concutteutur

483 4285 705 4344 propter
736 4286 1036 4345 praeparata
1068 4286 1193 4344 post
1233 4275 1414 4330 carnis
1446 4275 1901 4329 resurrectionem
1930 4288 2061 4341 sup-

485 4368 645 4436 plicia
686 4385 965 4438 nunquam
1015 4369 1177 4423 tinent
1210 4368 1497 4433 habitura;
1533 4366 1753 4435 quando
1795 4365 2056 4419 nimirum

483 4462 665 4516 divina
707 4464 810 4525 ira,
857 4474 904 4517 et
964 4462 1185 4531 quidem
1218 4460 1387 4529 juste,
1430 4458 1603 4528 magis
1647 4456 1966 4511 exardescet
2006 4457 2059 4509 in

2225 1242 2285 1294 '0
2359 1242 2565 1312 Κύριος
2650 1242 2807 1312 ἡμῶν
2861 1242 2975 1303 τοῖς
3060 1237 3379 1299 ἀποστόλοις
3466 1233 3714 1304 ἐρωτῶσι

2141 1336 2399 1409 περὶτῆς
2440 1334 2533 1388 τοῦ
2588 1336 2644 1388 ἐν
2706 1334 3099 1406 Ἱεροσολύμοις
3147 1330 3278 1385 ναοῦ
3325 1328 3715 1396 καταστροφῆς

2139 1428 2234 1481 καὶ
2267 1427 2363 1498 τῆς
2396 1427 2725 1490 συντελείας,
2752 1426 2931 1487 καθὼς
2957 1423 3220 1493 ἠδύναντο
3251 1421 3450 1489 χωρεῖν
3480 1420 3712 1485 προεῖπε

2140 1520 2208 1573 τὰ
2237 1520 2519 1590 μέλλοντα·
2557 1521 2700 1589 άπερ
2749 1516 2892 1589 [καη
2934 1517 3031 1586 ἤδη
3083 1516 3179 1584 μὲν
3214 1516 3271 1566 ἐν
3309 1516 3375 1583 τῇ
3426 1510 3716 1580 πολιορκίᾳ

2142 1613 2284 1685 [ἐπὶ]
2340 1609 2750 1668 Οὐεσπασιανοῦ
2789 1611 2885 1663 καὶ
2924 1610 3087 1661 Τίτου
3136 1608 3248 1669 τοῖς
3297 1601 3717 1673 Χριστοκτόνοις

2155 1705 2428 1766 Ἰουδαίοις
2480 1703 2827 1773 συμϐέϐηκε,
2880 1698 3060 1760 καθὼς
3108 1698 3310 1767 ἱστορεῖ
3352 1698 3382 1749 ὁ
3467 1694 3716 1763 Ἑϐραῖος

2157 1799 2438 1868 Ἰώσηπος
2486 1798 2579 1850 ἐπὶ
2619 1796 2767 1849 τέλει
2816 1792 2873 1847 δὲ
2930 1792 3046 1863 μεθ’
3110 1788 3415 1859 ὑπερϐολῆς
3469 1785 3717 1846 πλείονος

2145 1890 2329 1951 παντὶ,
2366 1888 2440 1951 ὼς
2470 1888 2669 1951 εἰπεῖν,
2694 1885 2769 1954 τῷ
2792 1882 2984 1953 κόσμῳ
3021 1882 3079 1934 ἐν
3108 1883 3175 1949 τῇ
3205 1877 3301 1930 τοῦ
3342 1874 3720 1945 Ἀντιχρίσνιου

2146 1980 2413 2051 ἐπιδημίᾳ
2442 1977 2814 2041 ἐπελεύσεται,
2864 1973 3048 2036 καθὼς
3092 1974 3326 2042 εἴρηται*
3359 1970 3419 2022 ἐν
3450 1962 3485 2039 ᾗ
3513 1968 3561 2020 ot
3595 1966 3719 2018 κατ’

2146 2072 2337 2143 ἐξοχὴν
2373 2072 2482 2125 εἴτε
2523 2067 2982 2139 ἐκκλησιαστικῆς
3032 2062 3303 2127 εὐταξίας,
3365 2059 3477 2112 εἴτε
3524 2073 3717 2126 κοσμι·

2149 2168 2252 2237 κῆς
2293 2163 2617 2226 δυναστείας
2649 2161 3019 2231 ὑπάρχοντες,
3051 2157 3158 2224 ὄρη
3199 2152 3477 2225 τροπικῶς
3520 2151 3716 2218 ὀνομα-

2150 2260 2389 2331 ζόμενοιο
2430 2258 2489 2311 αἴ
2511 2274 2567 2311 τε
2601 2255 2708 2309 τῶν
2736 2251 2944 2305 πιστῶν
2986 2247 3272 2318 ἐκκλησίαι
3338 2240 3722 2313 μεταφορικῶς

2147 2352 2329 2420 νῆσοι
2356 2349 2710 2418 καλούμεναι,
2730 2347 2824 2399 καὶ
2844 2344 2979 2414 πρὸς
2997 2341 3151 2405 Θεὸν,
3185 2336 3329 2391 κατὰ
3355 2337 3447 2389 τὸν
3469 2334 3723 2395 Ἡσαΐαν,

2151 2442 2616 2512 ἐγκαινιζόμεναι,
2663 2441 2728 2491 ἐκ
2778 2436 2887 2490 τῶν
2935 2437 3121 2487 τόπων
3168 2430 3350 2483 αὐτῶν
3396 2426 3720 2496 φεύξονται·
3802 2430 3811 2444 ¹

2150 2538 2317 2591 τόπον
2361 2538 2426 2588 ἐκ
2462 2534 2629 2587 τόπου
2661 2530 2748 2585 διὰ
2784 2530 2877 2583 τὸν
2935 2526 3327 2595 ψευδόχριστον
3366 2519 3723 2591 ἀμείϐοντεςσ

2151 2626 2225 2685 ὧν
2256 2631 2347 2684 καὶ
2375 2630 2537 2699 ἡμεῖς
2563 2625 2669 2696 πρὸ
2696 2624 2794 2693 τῆς
2820 2620 2984 2674 αὐτοῦ
3019 2614 3319 2686 παρουσίας
3350 2612 3415 2666 δι’
3445 2606 3726 2679 ἁμαρτίας

2153 2719 2549 2794 φιλανθρώπως
2596 2714 3006 2788 πεπειρὰμεθα.
3047 2713 3114 2764 Ol
3148 2709 3204 2762 δὲ
3239 2700 3504 2794 τῆςνγῆς
3538 2702 3726 2794 βασιῖ-

2152 2814 2302 2881 λεῖς,
2350 2810 2631 2865 τουτέστιν
2677 2807 2728 2859 oi
2770 2802 2975 2873 ταύτης
3030 2793 3579 2864 κατεξουσιάξοντες,
3633 2788 3727 2841 καὶ

2159 2877 2324 2975 μηδὲν
2359 2903 2416 2954 ὲν
2464 2898 2715 2968 οὐρανοῖς
2743 2890 3099 2963 κεκτημένοι,
3141 2887 3238 2939 σὺν
3269 2885 3404 2937 πᾶσι
3435 2877 3729 2975 μεγιστᾶσι

2155 2968 2250 3050 καλ.
2283 2991 2582 3053 πλουσίοις,
2617 2990 2674 3039 ἐν
2704 2987 2816 3047 τοῖς
2846 2983 3053 3044 δούλοις
3096 2980 3205 3032 τῶν
3244 2976 3415 3038 κάτω,
3453 2972 3545 3024 καὶ
3577 2968 3717 3021 ἐλευ·

2156 3086 2356 3157 θέροις,
2384 3081 2483 3155 [ὡς
2514 3080 2613 3133 οὐκ
2642 3074 2891 3147 dies:th
2925 3074 3023 3142 τῆς
3045 3067 3281 3141 Χριστοῦ
3313 3064 3589 3157 δουλείας,
3623 3060 3728 3113 ὐπὸ

2155 3154 2264 3231 τῶν
2306 3172 2584 3244 σπηλαίων
2628 3170 2724 3223 καὶ
2757 3166 2974 3235 πετρῶν
3012 3164 3108 3217 καὶ
3155 3160 3325 3232 ὀρέων
3386 3154 3727 3223 καλυφθῆναι

2155 3268 2421 3332 εὔξονται,
2456 3264 2490 3334 ἢ
2537 3260 2863 3333 πειραθῆναι
2895 3257 2995 3326 τῆς
3026 3254 3176 3316 θείας
3214 3250 3384 3322 ὀργῆς
3426 3249 3521 3316 τῆς
3554 3247 3727 3311 ἐπομ-

2156 3362 2396 3434 6ρούσης
2443 3360 2626 3425 αὐτοῖς
2677 3357 2735 3408 ἐν
2760 3356 2826 3423 τῇ
2878 3351 2973 3405 τοῦ
3030 3345 3405 3434 Ἀντιχρίστου
3458 3336 3731 3434 παρουσίᾳ

2156 3425 2301 3507 κατὰ
2327 3425 2677 3519 συγχώρησιν
2705 3446 2803 3507 τὰς
2831 3442 2937 3497 ἀπὸ
2965 3435 3126 3508 λιμοῦ
3156 3436 3248 3489 καὶ
3273 3432 3477 3502 ἐτέρων
3502 3425 3728 3519 πληγῶν

2163 3516 2465 3614 μάστιγας(
2559 3516 2616 3591 ἐν
2640 3538 2760 3598 ταῖς
2787 3527 3271 3604 προσδοκωμέναις
3311 3523 3448 3614 μετά
3597 3516 3727 3614 άνά-

2161 3607 2354 3688 στασιν
2381 3607 2708 3701 ἀπεράντοις
2740 3624 3045 3679 κολάσεσιν·
3078 3621 3169 3673 ὅτε
3194 3617 3290 3672 καὶ
3318 3613 3519 3685 μᾶλλον
3545 3611 3580 3681 ἡ
3609 3607 3728 3701 θεία

2158 3726 2295 3796 ὀργῆ
2329 3698 2552 3785 δικαίῶς
2592 3720 2667 3783 ὡς
2699 3717 2950 3780 κλίϐανος
2996 3710 3435 3780 ἐκκαυθήσεται,
3481 3703 3609 3796 τοὺς
3652 3698 3729 3796 τι,ῖὲ

2160 3789 2393 3889 θεμελίῳ
2434 3817 2532 3885 τῆς
2583 3813 2819 3873 πίστεως
2859 3802 3353 3874 ἐποικοδομοῦντας
3406 3796 3538 3865 ξύλα
3585 3789 3731 3889 [καί]

2159 3883 2351 3982 χόρτον
2367 3883 2523 3980 Ῐκαῖ]
2553 3904 2806 3972 καλάμην
2843 3899 2917 3962 ὡς
2947 3895 3152 3966 τροφὴν
3200 3891 3397 3982 πυρὸς,
3442 3883 3727 3982 καταναλί-

2163 3975 2401 4053 σκουσαν*
2422 3975 2550 4066 ἦςνό
2578 3991 2961 4062 φιλάνθρωπος
3005 3984 3136 4048 Θεὸς
3168 3980 3532 4051 λυτρούμενος
3557 3975 3729 4066 ἡμιῑς,

2160 4089 2268 4142 τῶν
2299 4062 2533 4140 αἰωνίων
2572 4081 2813 4150 ἀγαθῶν,
2838 4080 2949 4133 τῶν
2976 4073 3397 4149 ἡτοιμασμένων
3418 4062 3731 4131 τοῖςὰγίοις

2161 4178 2350 4241 αὐτοῦ,
2403 4174 2659 4247 μετόχους
2705 4171 3101 4241 ἀπεργάσαιτο,
3153 4164 3461 4219 συντάττων
3500 4155 3576 4225 τῷ
3624 4153 3731 4205 τῶν

2164 4242 2487 4337 σωζομένων
2519 4242 2870 4335 πληρώματι,
2902 4261 3087 4331 χάριτι
3116 4256 3208 4310 τοῦ
3249 4248 3569 4325 μονογενοῦς
3600 4242 3730 4337 Υἱοῦ

2163 4336 2351 4414 αὐτοῦ⁸
2388 4359 2506 4429 μεθ’
2531 4351 2593 4411 οῦ
2619 4357 2695 4425 τῷ
2730 4354 2908 4423 Πατρὶ
2952 4352 3152 4422 πρέπει
3193 4347 3320 4411 δόξα
3349 4345 3445 4398 σὺν
3471 4340 3548 4410 τῷ
3591 4336 3729 4406 ἁγίῳ

2166 4450 2466 4520 Πνεύματι,
2493 4449 2572 4511 είς
2594 4448 2718 4511 τοὺς
2748 4447 2948 4509 αἰῶνας
2973 4443 3083 4496 τῶν
3116 4439 3349 4494 αἰώνων.
3396 4434 3591 4503 Ἀμήν.

482 4574 578 4613 eos
630 4560 723 4627 qui
781 4574 945 4627 supra
1000 4557 1122 4611 ﬁdei
1187 4527 1597 4609 fundamentum
1654 4550 2060 4606 aediﬁcaverunt
2088 4550 2253 4618 ligna,
2298 4542 2527 4608 fatuum,
2582 4552 2637 4598 et
2667 4542 2951 4611 stipulam,
3025 4550 3189 4606 quam
3242 4534 3466 4587 incensa
3504 4527 3730 4587 ioruax;

484 4625 801 4720 omniaque,
847 4625 1010 4703 veluti
1058 4648 1241 4715 paleas
1288 4646 1429 4715 ignis
1476 4644 1646 4706 solet,
1703 4652 2011 4696 consumet.
2044 4644 2089 4694 A
2119 4656 2223 4708 qua
2258 4639 2337 4692 ira
2362 4636 2602 4690 clemens
2624 4647 2678 4689 et
2702 4634 2966 4725 benignps
3010 4632 3276 4684 Deusnos
3322 4625 3537 4682 liberet,
3578 4627 3735 4672 mter.

485 4714 793 4810 noruntque
850 4714 1157 4803 bonorum,
1244 4714 1367 4806 quae
1417 4737 1623 4791 sanctis
1688 4735 1836 4790 illius
1883 4735 2119 4802 reposita
2155 4739 2319 4796 sunt,
2369 4728 2661 4798 participes
2715 4714 2940 4789 reddat,
2989 4722 3206 4776 illorum
3260 4714 3582 4788 plenitudini
3633 4724 3734 4764 nos

486 4806 784 4887 accenseus
835 4831 927 4901 qui
984 4831 1117 4885 salvi
1176 4830 1339 4893 ﬁent;
1397 4827 1570 4897 gratia
1624 4834 1679 4880 et
1730 4824 2065 4893 benignitate
2130 4819 2395 4892 unigeniti
2456 4817 2575 4872 Filii
2606 4818 2714 4884 sui,
2761 4831 2884 4871 cum
2911 4828 3018 4882 quo
3041 4811 3191 4866 Patri
3212 4819 3267 4865 et
3291 4806 3519 4877 Spiritui
3547 4811 3733 4859 sancto

488 4925 559 4981 sit
586 4925 779 4994 gloria,
825 4923 1020 4986 honor,
1053 4930 1106 4975 et
1165 4919 1411 4973 adoratio
1441 4919 1495 4970 in
1553 4916 1749 4971 saecula
1779 4914 2128 4970 saeculorum.
2160 4914 2355 4966 Amen.

863 5014 1093 5071 CAPUT
1136 5014 1277 5069 XIX.
1322 5011 1551 5068 SERMO
1589 5010 1703 5065 VII.

488 5114 565 5168 De
615 5123 817 5166 centum
860 5110 1223 5180 quadraginta
1254 5115 1482 5180 quatuor
1514 5105 1802 5180 hominum
1832 5101 2069 5154 millibus

564 5185 653 5254 qui
705 5202 735 5237 a
787 5174 1018 5251 quatuor
1072 5174 1381 5249 angelorum
1429 5176 1587 5245 plaga
1645 5174 1802 5227 illtasi
1861 5187 2071 5225 conser-

559 5265 767 5311 bantur.

566 5345 671 5408 Vl],
709 5349 758 5398 l.
796 5342 922 5396 Post
954 5342 1064 5393 Iure
1098 5338 1203 5391 vidi
1232 5351 1462 5403 quatuor
1504 5334 1715 5405 angelos
1748 5341 1945 5387 stantes
1975 5346 2066 5383 su-

492 5450 581 5499 per
623 5446 849 5504 quatuor
881 5434 1100 5500 angulos
1131 5439 1285 5482 terra:
1306 5466 1321 5488 ,
1366 5436 1591 5480 tenentes
1622 5437 1851 5494 quatuor
1886 5434 2064 5478 ventos

495 5538 679 5591 terrai,
716 5543 775 5579 ne
819 5525 1011 5593 flarent
1061 5538 1216 5591 super
1243 5530 1438 5574 terram
1459 5558 1473 5584 ,
1506 5534 1664 5586 neque
1692 5534 1846 5586 super
1885 5533 2062 5580 mare,

493 5632 652 5687 neque
681 5618 734 5670 in
763 5616 927 5669 ullam
953 5614 1218 5667 arborem.

576 5801 689 5857 Etsi
727 5801 914 5857 isthtec
952 5800 1019 5856 ad
1051 5799 1140 5856 illa
1169 5794 1513 5856 incommoda
1554 5809 1584 5851 a
1614 5793 1942 5866 quibusdam
1975 5808 2063 5849 re-

2556 5003 2806 5057 ΚΕΦΑΛ.
2840 4998 2941 5055 ΙΘ’.
2966 4997 3182 5053 ΛΟΓΟΣ
3222 4996 3291 5050 Z'.

2176 5102 2313 5169 Περὶ
2350 5100 2467 5154 τῶν
2489 5096 2835 5169 σωζομένων
2853 5095 2933 5169 ἐκ
2971 5090 3080 5169 τῆς
3108 5089 3348 5169 πληγῆς
3378 5087 3494 5141 τῶν
3518 5083 3733 5169 ςεσσὰ-

2241 5155 2365 5240 ρων
2392 5155 2663 5238 ἀγγέλων
2705 5164 2988 5236 χιλιάδων
3028 5155 3253 5215 ἑκατὸν
3289 5155 3739 5226 τεσσαράκοντα

2244 5240 2577 5309 τεσσάρων.

2245 5334 2351 5388 Kal
2378 5331 2528 5402 μετὰ
2548 5331 2733 5384 ταῦτα
2752 5324 2917 5382 εἶδον
2938 5324 3237 5393 τέσσαρας
3256 5320 3544 5391 ἀγγέλους
3568 5313 3749 5370 ἑστῶ-

2173 5446 2275 5496 τα(
2307 5428 2407 5483 ἐπὶ
2442 5427 2541 5488 τὰς
2579 5424 2880 5491 τέσσαρας
2905 5421 3121 5491 γωνίας
3142 5420 3253 5485 τῆς
3284 5413 3417 5485 γῆς.
3454 5411 3735 5482 κρατοῦν-

2172 5534 2280 5583 τας
2326 5514 2468 5580 τοὺς
2498 5514 2803 5580 τέσσαρας
2830 5508 3092 5577 ἀνέμους
3130 5505 3264 5576 [τῆς
3307 5502 3466 5572 γῆς].
3508 5502 3609 5553 ἵνα
3655 5497 3738 5566 μὴ

2174 5605 2327 5673 πνέῃ
2361 5603 2580 5673 ἄνεμος
2607 5602 2705 5654 ἐπί
2743 5598 2857 5667 τὴν
2896 5598 3032 5669 γῆν,
3070 5595 3222 5669 μήτε
3248 5593 3344 5650 ἐπὶ
3375 5592 3491 5661 τὴν
3521 5590 3735 5646 adlatr-

2174 5712 2314 5760 σαν,
2337 5694 2492 5764 μήτε
2528 5692 2627 5745 ἐπὶ
2654 5690 2776 5746 πᾶν
2803 5688 3089 5757 δένδρον.Δ

2247 5787 2310 5840 Εἰ
2367 5786 2459 5840 καὶ
2517 5783 2692 5855 ταῦτά
2721 5799 2863 5838 τισιν
2909 5780 3017 5835 ὑπὸ
3074 5777 3364 5852 Ῥωμαίων
3411 5774 3581 5832 πάλαι
3630 5772 3737 5836 τοῖς
