4040 6566
294 419 398 479 277

1251 417 1856 478 COMMENTARIUS
1895 415 1982 476 IN
2016 413 2547 478 APOCALYPSIN.

3438 408 3560 471 278'

307 527 584 592 Ἰουδαίοις
639 527 968 598 γεγενῆσθαι
1021 527 1366 600 ὲξείληπται,
1429 531 1537 582 τῶν
1590 531 1876 600 τεσσάρων

1993 527 2250 591 τοι-υιιιυτ,
2285 540 2407 596 quae
2437 522 2614 580 δικιπί
2640 519 2916 593 quondam
2950 536 2979 576 a
3007 520 3271 577 Romanis
3307 521 3549 590 perpessi

294 621 454 674 θείων
483 619 731 688 ἀγγέλων
760 618 954 689 δηλοῦν
982 620 1165 684 αὐτοῖς
1195 621 1563 690 νομισθέντων
1603 622 1663 674 τὸ
1692 621 1784 673 ἐπί
1818 637 1874 673 τε

295 713 399 782 γῆς
435 711 528 764 ἐπί
568 729 628 764 τε
671 710 980 780 Θαλάττης,
1009 712 1118 765 τῶν
1159 713 1262 781 τὴν
1304 713 1474 783 ὀργὴν
1519 713 1878 784 πειρωμένων

293 803 696 872 διαδιδράσκειν
731 802 992 871 ἄφυκτον,
1015 802 1192 872 πολλῴ
1213 804 1415 873 μᾶλλον
1433 805 1591 857 τοῦτο
1609 808 1665 858 ἐν
1695 808 1758 876 τῇ
1783 805 1876 857 τοῦ

307 893 677 963 Ἀντιχρίστου
710 890 990 944 ἐπελεύσει
1024 893 1338 959 γενήσεται,
1365 893 1464 946 οὐκ
1496 896 1552 946 ἐν
1582 896 1648 964 τῇ
1676 897 1874 964 μερικῇ

295 987 366 1054 γῇ
401 983 501 1052 τῆς
523 983 806 1048 Ἰουδαίας,
839 982 954 1036 ἀλλ’
986 983 1044 1035 ἐν
1072 984 1218 1053 πάσῃ
1250 977 1316 1053 ἦς
1346 983 1438 1035 ἐπὶ
1465 983 1572 1036 τῶν
1594 986 1878 1054 τεσσάρων

298 1071 515 1141 γωνιῶν
562 1073 785 1127 ἑστάναι
835 1073 961 1136 τοὺς
1003 1071 1268 1140 ἀγγέλους
1302 1073 1576 1140 διέξεισιν,
1624 1074 1699 1136 ὼς
1742 1076 1879 1145 πλη-

297 1162 529 1231 ροῦντας
577 1161 859 1223 διακονίας
909 1158 1094 1212 θεόθεν
1140 1161 1326 1223 αὐτοῖς
1367 1164 1876 1233 ἐγκεχειρισμένας,

296 1253 430 1320 ἡμῖν
451 1251 509 1304 δὲ
536 1249 869 1318 ἀγνώστους.
912 1248 980 1303 ἸΙ
1001 1249 1057 1303 δὲ
1086 1249 1202 1303 τῶν
1231 1249 1684 1322 ἀνέμων-ἐποχὴ
1744 1271 1878 1325 προ-

296 1340 470 1410 δήλως
500 1341 656 1394 λύσιν
691 1341 790 1410 τῆς
828 1337 1085 1404 εὐταξίας
1113 1341 1212 1410 τῆς
1240 1341 1494 1405 κτίσεως,
1527 1345 1622 1398 καὶ
1669 1345 1731 1399 τὸ
1768 1345 1876 1399 τῶν

297 1431 484 1484 κακῶν
513 1431 767 1501 ἐμφαίνει
795 1429 1174 1500 ἅδιάδραστον.
1208 1431 1286 1486 Δι’
1313 1433 1531 1504 ἀνέμων
1558 1435 1666 1507 γὰρ
1694 1437 1788 1490 καὶ
1808 1438 1878 1491 τὰ

296 1521 398 1591 τῆς
426 1521 530 1592 γῆς
560 1523 702 1591 φυτὰ
736 1523 1051 1593 τρέφονται,
1089 1522 1184 1575 καὶ
1211 1523 1426 1578 πλεῖται
1461 1528 1492 1596 ἡ
1527 1526 1790 1586 θάλασσα.

1979 630 2109 676 sunt
2138 638 2152 674 :
2183 618 2553 688 (arbitrantur
2585 615 2730 671 enim
2766 629 2862 684 per
2889 623 3126 682 quatuor
3160 611 3392 682 mystica
3427 612 3551 666 ani-

1979 711 2140 768 malia
2167 709 2439 769 eﬂ'ectum,
2470 715 2531 765 ut
2559 720 2735 774 neque
2765 711 2931 768 terra,
2976 719 3148 770 neque
3177 703 3336 765 mari,
3375 719 3550 771 neque

1976 803 2083 856 ulla
2115 801 2220 856 alia
2248 801 2334 854 via
2366 800 2499 853 iram
2523 798 2763 852 divinam
2794 795 3310 865 impendcntcmque
3334 795 3546 848 cladem

1977 892 2182 946 evitare
2221 888 2518 962 potuerint)
2581 887 2752 940 multo
2807 894 2985 939 tamen
3033 884 3238 938 rectius
3281 883 3347 936 ad
3399 883 3558 937 Anti-

1981 981 2168 1036 christi
2221 981 2508 1034 adventum
2570 978 2718 1032 locus
2761 976 2848 1031 hic
2901 973 3152 1030 refertur.
3199 974 3356 1028 Tunc
3407 973 3554 1027 enim

1980 1088 2120 1130 saeva
2155 1073 2241 1128 illa
2274 1078 2567 1140 tempestas
2600 1068 2890 1126 furibunde
2917 1066 3190 1129 desaeviet,
3223 1081 3329 1120 non
3361 1064 3418 1118 in
3447 1078 3554 1116 una

1979 1165 2162 1232 aliqua
2193 1173 2350 1217 tcrrze
2381 1173 2529 1232 parte
2550 1161 2752 1222 solum,
2785 1173 2878 1212 aut
2909 1159 2963 1212 in
2989 1155 3298 1212 Iudaeorum
3337 1155 3559 1224 regione

1981 1263 2214 1318 tantum,
2256 1255 2350 1308 sed
2399 1254 2456 1308 in
2499 1252 2751 1306 universa
2787 1260 2954 1304 terra.
2983 1249 3164 1314 Quare
3189 1248 3353 1306 etiam
3390 1260 3557 1314 super

1984 1358 2221 1414 quatuor
2249 1345 2367 1413 ejus
2394 1343 2622 1412 angulos
2657 1351 2892 1411 quatuor
2920 1339 3142 1408 angelos
3181 1337 3398 1393 stetisse
3430 1351 3558 1389 nar-

1984 1448 2156 1501 ratur,
2192 1437 2283 1507 qui
2318 1437 2605 1505 implerent
2637 1433 2999 1488 ministerium
3041 1431 3303 1486 divinitus
3334 1427 3552 1498 quidem

1986 1532 2088 1586 sibi
2133 1529 2540 1590 demandatum,
2596 1526 2754 1584 nobis
2810 1535 2992 1580 autem
3052 1523 3409 1592 incognitum.
3459 1521 3558 1573 Ast.

301 1630 430 1669 vero
481 1620 778 1685 [cantarunt
842 1616 1092 1693 eoltibitio
1156 1617 1377 1689 legitimi
1450 1624 1659 1679 ordinis
1717 1628 2128 1684 dissolutionem
2192 1624 2668 1692 inevitabilemque
2741 1623 3194 1678 comminatorum
3285 1617 3553 1672 malorum

299 1717 551 1766 eventum
593 1713 736 1767 haud
771 1713 936 1769 dubie
967 1715 1212 1771 insinuat
1247 1735 1260 1771 :
1307 1718 1577 1787 siquidem
1635 1737 1729 1792 per
1768 1735 2051 1778 ventorum
2084 1723 2273 1777 ﬂatum
2333 1721 2558 1777 arbores
2613 1728 2668 1774 et
2726 1720 2923 1790 planta:
2975 1717 3296 1772 nutriuntur
3321 1724 3374 1770 et
3412 1714 3558 1768 refo-

299 1803 578 1870 cillantur,
613 1814 666 1860 et
696 1807 868 1862 maria
899 1809 1130 1865 navibus
1165 1812 1470 1868 sulcantur.

369 1917 479 1971 Καὶ
530 1913 696 1972 εἶδον
761 1919 958 1975 ἄλλον
1001 1922 1264 1994 ἄγγελον
1320 1925 1724 1983 ἀναϐαίνοντα
1765 1931 1880 1986 ἀπὸ

2057 1927 2170 1993 νη,
2217 1927 2272 1994 2,
2302 1929 2354 1983 5.
2403 1927 2467 1981 Et
2501 1929 2607 1982 vidi
2652 1937 2877 1981 alterum
2909 1925 3152 1996 angelum
3195 1923 3564 1979 nsccndrntem

299 2007 607 2077 ἀνατολῆς
634 2012 833 2078 ἡλίου,
865 2013 1084 2081 ἔχοντα
1113 2016 1414 2086 σφραγῖδα
1459 2020 1607 2074 Θεοῦ
1647 2019 1880 2087 ζῶντος·

301 2099 399 2184 καί
421 2098 624 2168 ἕκραζε
644 2101 814 2170 φωνῇ
839 2103 1072 2174 μεγάλῃ
1101 2107 1225 2174 τοῖς
1248 2108 1584 2178 τέσσαρσιν
1606 2113 1886 2184 ἀγγέλοις

300 2183 393 2272 οἷς
420 2189 599 2257 ἐδόοη
631 2190 876 2263 [αὐτοῖς]
906 2193 1193 2264 ἀδικῆσαι
1214 2197 1330 2268 τὴν
1351 2199 1466 2272 γῆν
1497 2204 1594 2256 καί
1637 2183 1752 2274 τὴν
1785 2206 1886 2262 θά-

298 2284 569 2347 λασσαν,
604 2282 821 2352 λέγων’

385 2394 607 2464 Ὀπερι
668 2398 748 2469 τῷ
847 2400 1110 2472 Ἰεξεκιὴλ
1152 2436 1174 2449 -¹
1199 2404 1372 2459 πάλαι
1463 2409 1886 2466 ἀποκεκάλυπτο

302 2484 434 2553 περὶ
482 2485 576 2539 τοῦ
632 2488 984 2560 ἐνδεδυμένον
1040 2492 1102 2546 τὸ
1149 2494 1350 2565 βαδδὶν,
1416 2500 1510 2552 καὶ
1550 2501 1660 2555 τῶν
1713 2521 1886 2559 κατα-

303 2575 678 2642 στεναζόντων
745 2581 816 2634 τὰ
880 2585 1114 2654 μέτωπα
1170 2590 1566 2658 σφραγίζοντος
1625 2595 1764 2665 πρὸς
1825 2597 1887 2650 τὸ

305 2670 384 2740 μὴ
433 2671 836 2729 συναπολέσθαι
883 2676 1012 2741 τοὺς
1034 2677 1294 2744 ,δικαίους
1342 2687 1455 2746 τοῖς
1507 2685 1736 2752 ἀδίκοις,
1798 2689 1887 2743 διὰ

303 2762 367 2813 τὸ
412 2763 512 2834 τῆς
569 2766 962 2838 κεκρυμμένης
1009 2769 1120 2823 τῶν
1179 2772 1352 2840 ἁγίων
1391 2777 1592 2848 ἀρετῆς
1651 2780 1889 2846 καὶτοῖς

306 2856 564 2924 ἀγγέλοις
613 2857 925 2927 ἄγνωστον*
956 2859 1118 2916 τοῦτο
1173 2866 1455 2922 κάνταῦθα
1507 2868 1584 2940 τῷ
1631 2872 1889 2945 μακαρίῳ

305 2945 624 3013 δείκνυται,
677 2949 988 3021 ὑπερτέρας
1065 2953 1227 3022 ἁγίας
1285 2955 1569 3030 δυνάμεως
1630 2964 1744 3025 τοῖς
1812 2981 1891 3017 τι·

311 3038 516 3106 μωροῖς
559 3037 735 3106 ἁγίοις
780 3040 1036 3109 ἀγγέλοις
1078 3043 1510 3119 ἐγκελευομένης
1556 3051 1723 3120 μηδὲν
1755 3053 1890 3123 δρᾶ-

310 3146 400 3181 σαι
454 3132 544 3193 είς
594 3132 724 3194 τοὺς
776 3132 1321 3204 πλημμελήσαντας,
1373 3139 1503 3210 πρὶν
1550 3139 1617 3194 ἂν
1661 3142 1749 3197 διὰ
1794 3146 1890 3198 τοῦ

311 3222 720 3293 σφραγισθῆναι
749 3224 1130 3294 διακριθέντας
1161 3228 1430 3296 ἐπιγνῶσι
1457 3232 1586 3296 τοὺς
1613 3235 1713 3306 τῆς
1757 3235 1892 3308 ἀλη-

310 3311 463 3376 θείας
508 3293 892 3384 θεραπευτάς,
922 3316 1095 3371 Τοῦτο
1121 3319 1178 3372 δὲ
1205 3293 1280 3372 ei?
1302 3322 1394 3374 καὶ
1438 3293 1890 3394 μερικῶςνπάλαι
1915 3293 1960 3354 C

318 3407 642 3475 γεγένηται,
688 3407 797 3460 τῶν
826 3408 904 3479 τῷ
932 3409 1156 3482 Χριστῷ
1194 3417 1639 3473 πεπιστευκότων
1669 3419 1765 3490 τὴν
1795 3423 1894 3491 τῆς

324 3493 678 3568 Ἰερουσαλὴμ
706 3499 812 3552 ὑπὸ
842 3499 1129 3572 Ῥωμαίων
1157 3503 1578 3574 ἐκπεφευγότων
1605 3510 1892 3584 πόρθησιν,

312 3588 393 3648 είς
448 3589 650 3653 πολλὰς
700 3590 1002 3646 τελούντων
1048 3595 1338 3665 μυριάδας,
1391 3598 1534 3652 κατὰ
1575 3601 1667 3654 τὸν
1724 3603 1896 3671 μέγαν

326 3677 606 3745 Ἰάκωϐον,
638 3682 730 3735 τὸν
754 3683 832 3754 τῷ
861 3686 1117 3756 μακαρίῳ
1148 3687 1346 3761 Παύλῳ
1376 3689 1438 3742 τὸ
1475 3691 1676 3762 πλῆθος
1713 3693 1897 3748 αὐτῶν

315 3772 676 3840 ἐμφαίνονταο
709 3775 826 3828 ἀλλ’
853 3771 969 3842 οὖν,
1006 3778 1082 3841 ὡς
1113 3778 1351 3850 εῐρηται,
1397 3781 1456 3835 ἐν
1482 3781 1560 3853 τῷ
1595 3784 1774 3854 καιρῷ
1799 3785 1899 3855 τῆς

297 3862 409 3916 τοῦ
443 3864 815 3934 ’Δντιχρίστου
840 3867 1177 3933 ἐπελεύσεως
1201 3871 1436 3940 μάλιστα
1457 3875 1768 3945 γενήσεται,
1801 3875 1899 3946 τῆς

317 3955 618 4025 σφραγῖδος
658 3956 753 4009 τοῦ
803 3957 1071 4021 ζωοποιοῦ
1115 3962 1348 4028 σταυροῦ
1399 3964 1744 4038 διειργούσης
1789 3965 1900 4020 τῶν

315 4047 564 4100 ἀπίστων
595 4047 723 4110 τοὺς
752 4051 978 4113 πιστοὺς
1009 4051 1455 4125 ἀνεπαισχύντως
1477 4056 1572 4109 καὶ
1604 4059 1900 4129 πεπαρρη-

318 4138 630 4205 σιασμένως
660 4139 758 4209 τὴν
795 4138 889 4192 τοῦ
920 4141 1159 4211 Χριστοῦ
1193 4144 1494 4213 σημείωσιν
1529 4146 1761 4203 ἐνώπιον
1791 4147 1902 4202 τῶν

316 4226 532 4282 ἀσεϐῶν
563 4230 849 4301 φέροντας.
881 4233 972 4285 Διό
1000 4249 1164 4304 φησιν
1189 4235 1216 4287 ὀ
1246 4235 1512 4304 ἄγγελος·
1723 4233 1730 4238 ’

388 4515 487 4584 Μὴ
531 4517 860 4586 ἀδικήσητε
901 4521 1016 4588 τὴν
1059 4521 1178 4590 γῆν
1211 4523 1364 4592 μήτε
1411 4522 1527 4591 τὴν
1581 4523 1905 4580 θάλασσαν

1988 2020 2054 2074 ab
2093 2030 2212 2075 ortu
2240 2021 2398 2086 solis,
2439 2021 2707 2074 habenten:
2745 2021 2951 2089 signum
2988 2019 3080 2072 Dei
3112 2019 3211 2072 rivi
3231 2033 3248 2076 ε
3274 2025 3322 2069 et
3354 2016 3564 2068 clama-

1986 2113 2058 2166 vit
2101 2129 2220 2166 voce
2256 2129 2445 2182 magna
2479 2121 2706 2182 quatuor
2747 2111 2981 2181 angelis,
3021 2111 3208 2180 quibus
3244 2109 3429 2160 datum
3484 2112 3563 2158 est

1988 2220 2169 2258 nocere
2203 2213 2355 2258 terra:
2380 2213 2429 2256 et
2462 2204 2618 2267 mari,
2652 2203 2848 2256 dicens.

2058 2404 2212 2474 Quod
2265 2403 2547 2474 propheta:
2603 2400 2872 2458 Ezechieli
2914 2414 3008 2470 per
3061 2399 3214 2452 illum
3261 2397 3374 2467 jam
3429 2397 3560 2452 olim

1989 2494 2437 2570 signiﬁcabatur,
2487 2493 2579 2563 qui
2617 2493 2757 2546 linea
2789 2493 2927 2547 stola
2963 2491 3186 2545 indutus
3233 2488 3564 2560 gementium

1990 2584 2198 2640 frontes
2237 2584 2508 2653 signabat,
2543 2599 2612 2639 ne
2636 2583 2767 2654 justi
2799 2583 2964 2642 simul
2996 2581 3285 2636 interirent
3311 2596 3434 2636 cum
3473 2581 3562 2634 in-

1984 2676 2152 2745 iustis.
2185 2695 2198 2731 :
2242 2676 2260 2749 (
2297 2684 2424 2732 sunt
2457 2675 2603 2730 enim
2645 2687 2965 2732 sanctorum
3014 2672 3239 2729 virtutes
3288 2688 3431 2744 saepe
3469 2687 3564 2728 oc-

1976 2767 2168 2830 ‘cultaa,
2185 2773 2239 2822 et
2259 2782 2326 2822 ne
2349 2767 2482 2835 ipsis
2497 2767 2716 2838 quidem
2745 2767 2952 2836 angelis
2975 2767 3110 2821 satis
3131 2765 3441 2835 couiperlzr)
3460 2766 3564 2820 ltoc

1991 2857 2168 2929 ipsttm
2195 2859 2351 2918 beato
2380 2857 2576 2918 Joanni
2606 2859 2721 2929 pari
2755 2859 2868 2914 fere
2908 2859 3068 2916 modo
3095 2859 3198 2912 hoc
3234 2857 3353 2912 loco
3376 2865 3564 2912 osten-

1991 2950 2153 3004 ditur.
2193 2951 2405 3004 Etenim
2441 2966 2535 3021 per
2560 2951 2899 3006 sublimioris
2933 2950 3150 3004 virtutis
3177 2958 3231 3005 et
3255 2949 3568 3004 sanctitatis

1993 3039 2216 3114 angelos
2286 3039 2394 3113 30
2434 3040 2641 3112 angelis
2695 3041 2870 3110 poenis
2932 3039 3241 3112 irrogandis
3293 3038 3568 3109 praefectis

1994 3131 2140 3184 serio
2172 3130 2260 3184 hic
2292 3131 2572 3197 indicitur,
2600 3148 2667 3187 ne
2699 3133 2826 3200 quid
2857 3133 3008 3201 prius
3034 3144 3224 3187 contra
3251 3141 3572 3201 peccatores

1996 3231 2224 3286 tentent,
2249 3238 2412 3292 quam
2444 3214 2692 3282 vcri'tatis
2726 3223 2965 3286 cultores
2990 3239 3086 3294 per
3121 3225 3464 3296 signaculum
3496 3224 3568 3279 ab

1993 3313 2116 3367 aliis
2142 3314 2427 3369 distinctos
2455 3315 2695 3368 videant.
2721 3313 2834 3369 Hoc
2865 3326 3044 3371 autem
3071 3317 3171 3370 etsi
3202 3316 3267 3370 iis
3293 3315 3572 3388 quondam

1993 3417 2060 3458 ex
2094 3411 2246 3478 parte
2285 3405 2539 3460 acciderit
2574 3405 2667 3474 qui
2704 3421 2769 3459 ex
2807 3404 3009 3461 Iudaeis
3047 3405 3101 3459 in
3136 3406 3412 3462 Christum
3445 3422 3572 3461 cre-

1994 3495 2187 3550 dentes
2223 3496 2693 3566 depopulationem
2731 3498 2875 3551 illam
2905 3513 3026 3566 qua:
3067 3495 3573 3569 Hierosolymorum

1997 3585 2204 3641 civitati
2253 3603 2283 3642 a
2330 3588 2588 3651 Romanis
2631 3590 2779 3652 illata
2827 3600 2932 3655 est,
2965 3591 3354 3647 admirabiliter
3383 3607 3576 3647 evase-

1997 3687 2144 3742 runt,
2194 3679 2287 3756 qui
2336 3675 2633 3734 Secundum
2688 3697 2945 3752 magnum
2978 3681 3278 3744 Jacobum.
3313 3683 3406 3753 qui
3450 3683 3578 3738 illo-

2000 3785 2120 3823 rum
2145 3770 2548 3826 multitudinem
2580 3775 2828 3842 apostolo
2853 3773 3022 3828 Paulo
3054 3774 3342 3845 allegabat,
3369 3775 3580 3845 aliquot

2001 3861 2271 3932 myriades
2301 3864 2697 3933 conﬁciebant;
2723 3876 3098 3921 verumtamen
3131 3868 3396 3922 adventus
3429 3868 3580 3923 Anti-

2001 3952 2189 4008 christi
2239 3962 2485 4024 tempore
2535 3957 2793 4030 maxime,
2832 3968 2892 4012 ut
2938 3966 3067 4014 ante
3110 3975 3330 4030 quoque
3368 3959 3574 4015 dictum

2000 4053 2105 4111 est,
2137 4045 2239 4099 hoc
2268 4046 2446 4129 locum
2496 4048 2751 4115 habebit;
2791 4050 3010 4120 quando
3052 4051 3310 4106 nimirum
3351 4051 3579 4108 vivificaa

2003 4138 2183 4193 crucis
2234 4139 2447 4209 signum
2495 4140 2678 4197 ﬁdeles
2725 4143 2794 4198 ab
2841 4143 3150 4198 inﬁdelibus
3199 4153 3466 4198 secernet.
3512 4142 3576 4194 hi

2002 4231 2150 4284 enim
2207 4231 2472 4300 intrepide
2516 4233 2764 4304 citraque
2820 4235 2989 4288 ullum
3054 4234 3309 4289 ruborem
3369 4233 3576 4287 Christi

2003 4323 2185 4378 crucis
2239 4325 2584 4393 signaculum
2635 4326 2688 4380 in
2736 4336 3028 4398 conspectu
3080 4327 3373 4397 impiorum
3429 4325 3582 4380 defe—

2005 4427 2130 4470 rent
2164 4431 2177 4470 :
2209 4424 2262 4472 et
2287 4416 2362 4472 ob
2387 4417 2439 4472 id
2467 4418 2696 4490 angelus
2724 4418 2811 4474 hic
2841 4434 2969 4474 mox
3000 4418 3283 4489 subjungit
3313 4436 3327 4474 :

2077 4528 2190 4597 νη,
2217 4530 2272 4585 5.
2307 4530 2489 4586 Nolite
2525 4549 2708 4592 nocere
2747 4543 2922 4598 terrm,
2953 4544 3002 4588 et
3034 4533 3190 4595 mari,
3235 4548 3395 4602 neque
3425 4530 3582 4586 arbo—

317 4607 469 4676 μήτε
489 4609 562 4662 τὰ
589 4609 827 4678 δένδρα,
853 4611 1027 4680 ἄχρι-ς
1049 4610 1122 4669 οὗ
1147 4616 1574 4684 σφραγίσωμεν
1594 4615 1735 4680 τοὺς
1757 4617 1892 4671 δού-

2006 4618 2190 4687 ribus;
2238 4623 2577 4695 quoadusque
2624 4626 2890 4696 signemus,
2932 4641 3107 4680 servos
3157 4625 3253 4690 Dei
3300 4624 3467 4686 nostri
3527 4625 3583 4677 in

319 4703 467 4766 λους
499 4701 606 4755 τοῦ
655 4704 802 4757 Θεοῦ
847 4704 1015 4772 ἡμῶν
1052 4705 1149 4758 ἐπὶ
1196 4706 1314 4760 τῶν
1345 4708 1633 4776 μετώπων
1677 4708 1898 4763 αὐτῶν.

407 4813 468 4864 Ἠ
493 4812 691 4877 κτίσις,
721 4814 796 4876 ὡς
821 4814 888 4868 δι’
916 4817 1067 4886 ἡμᾶς
1092 4819 1460 4888 γεγενημένη,
1485 4819 1903 4888 παιδευομένοις

323 4905 452 4972 ἡμῖν
500 4908 750 4957 κοινωνεί
795 4906 886 4958 ἐπὶ
921 4909 1040 4969 ταῖς
1086 4908 1357 4976 μάστιξιν,
1394 4908 1584 4980 ὥσπερ
1637 4909 1776 4982 [οὖν]
1810 4912 1904 4963 καί¹

322 4995 703 5066 δοξαζομένοις
745 5000 858 5060 τοῖς
905 4999 1082 5066 ἁγίοις
1131 5001 1728 5072 συμφαιδρυνθήσεται.
1795 5005 1895 5057 Διὰ

322 5086 526 5139 τούτων
571 5086 629 5138 δὲ
659 5088 1005 5158 μανθάνομεν
1051 5092 1144 5143 καὶ
1188 5092 1316 5156 τοὺς
1357 5094 1648 5166 ἐναρέτους
1696 5095 1904 5150 δεῖσθαι

321 5175 714 5246 δυναμωθῆναι
755 5179 824 5232 δι’
863 5182 1162 5252 ἁγγελικῆς
1209 5183 1460 5254 βοηθείας
1509 5186 1617 5257 πρὸ
1653 5187 1755 5257 τῆς
1793 5187 1904 5242 τῶν

325 5269 648 5337 πειρασμῶν
679 5271 975 5343 ἐπαγωγῆς
1007 5276 1072 5345 τῇ
1111 5275 1374 5348 δεδομένῃ
1409 5275 1588 5348 [ἡμῖν]
1620 5279 1904 5348 σφραγῖδι

326 5357 431 5411 τοῦ
473 5361 840 5430 Πνεύματος,
883 5364 978 5418 καὶ
1018 5367 1162 5419 κατὰ
1203 5366 1459 5420 τοσοῦτον
1484 5367 1906 5443 ἐπιδεικνυμένῃ

327 5448 424 5519 τὴν
457 5452 668 5504 οίκείαν
713 5453 965 5524 δύναμιν,
1006 5457 1127 5510 καθ’
1157 5459 1281 5512 ὅσον
1329 5457 1396 5512 ἂν
1441 5459 1597 5514 αὐτοὶ
1641 5460 1906 5531 ἐργασίαν

327 5542 761 5612 παριισχὼμεθαο
786 5547 895 5599 τῶν
917 5547 1119 5602 λοιπῶν
1144 5550 1411 5618 μενόντων
1433 5550 1752 5624 ἀϐοηθήτων
1774 5554 1908 5624 παρῗ

326 5633 541 5686 οἰκείων
579 5635 672 5688 τοῦ
708 5637 784 5707 μὴ
811 5635 1149 5710 βοηθηθῆναι
1174 5641 1409 5712 θέλημα.

2004 4712 2267 4780 frontibus
2306 4730 2510 4770 eorum.

2078 4824 2378 4892 Creatura,
2444 4829 2620 4884 nostri
2671 4845 2837 4885 causa
2880 4829 3058 4893 facta,
3095 4829 3253 4886 nobis
3301 4827 3580 4898 castigatis

2005 4931 2114 4977 una
2156 4917 2442 4978 nobiscum
2474 4921 2751 4989 plagarum
2783 4923 3056 4991 particeps
3087 4921 3346 4986 eflicilur;
3384 4936 3579 4990 quem-

2006 4998 2300 5062 admodum
2344 5023 2376 5063 e
2428 5011 2644 5066 diverso
2687 5014 2895 5068 sanctis
2943 5013 3014 5068 ad
3063 5013 3292 5082 gloriam
3353 5010 3579 5073 erectis,

2004 5096 2120 5166 ipsa
2152 5112 2372 5167 quoque
2408 5100 2572 5154 simul
2596 5117 2718 5156 cum
2747 5103 2854 5158 illis
2886 5103 3176 5169 laetabitur,
3202 5113 3256 5158 et
3284 5118 3386 5158 suo
3415 5103 3578 5154 etiam

2007 5188 2178 5242 modo.
2207 5187 2620 5257 gloriﬁcabitur.
2662 5191 2938 5253 Discimus
2980 5202 3161 5250 autem
3194 5192 3344 5255 hinc,
3383 5191 3581 5246 virtute

2007 5292 2227 5347 quoque
2272 5288 2500 5336 ornatos
2562 5283 2879 5352 angelorum
2931 5284 3182 5353 praesidio
3229 5294 3424 5349 egere;
3472 5293 3582 5346 αιιυ

2006 5368 2268 5424 nimirum
2316 5370 2581 5428 adversus
2613 5372 2890 5441 graviores
2941 5374 3268 5432 tentationes
3302 5371 3584 5428 firmentur

2008 5468 2065 5515 et
2113 5461 2562 5520 corroborentur.
2613 5463 2880 5524 Caeterum
2934 5463 3165 5534 Spiritus
3227 5456 3581 5531 signaculum.

2015 5552 2163 5624 quod
2211 5553 2419 5618 homini
2467 5564 2658 5614 contra
2700 5555 3023 5618 tentationes
3063 5555 3318 5615 donatur,
3360 5557 3587 5611 eatenus

2016 5645 2126 5700 vim
2178 5660 2336 5702 suam
2385 5648 2656 5715 ostendit,
2688 5658 2958 5718 quatenus
3001 5646 3104 5716 ipsi
3162 5644 3586 5704 collaboramus.

330 5720 431 5786 Qui
463 5723 632 5792 igitur
658 5729 866 5789 auxilio
887 5731 1000 5815 hoc
1022 5732 1412 5807 destituuntur,
1449 5737 1570 5795 ideo
1623 5738 2016 5809 destituuntur,
2048 5739 2177 5810 quia
2227 5755 2330 5803 una
2367 5756 2496 5799 cum
2553 5742 2672 5815 ipso
2727 5757 2952 5800 manum
2983 5740 3131 5811 operi
3165 5737 3453 5811 ,adbibore
3483 5748 3590 5789 non

329 5815 536 5874 Volunt.
