4034 6578
418 404 528 468 279

1592 417 1917 480 ANDREIE
1954 422 2477 489 CzESARIENSIS

3597 440 3707 503 280

493 515 607 584 Vll,
631 517 748 574 4-8.
779 517 846 574 Et
883 519 1064 576 audiri
1087 538 1362 578 numerum
1391 526 1723 597 signatorum
1750 545 1770 584 :
1793 541 2003 586 centum

2178 538 2286 591 Καὶ
2319 538 2560 608 ἥκουσα
2600 543 2708 597 τὸν
2736 544 2987 614 ἀριθμόν
3009 545 3129 599 τῶν
3170 547 3700 619 ἐσφραγισμένων

422 611 781 682 quadraginta
828 623 1061 683 quatuor
1110 616 1282 671 millia
1328 620 1525 691 signati
1559 637 1625 675 ea:
1663 624 1808 677 omni
1859 625 1999 678 tribu

423 702 655 771 liliorum
695 700 889 758 Israel.
931 703 1016 758 Ea:
1069 707 1207 761 tribu
1254 707 1440 776 Juda,
1506 713 1783 767 duodecim
1834 716 2004 769 millia

421 795 637 865 signati.

494 970 690 1039 ludas,
741 975 1142 1033 confessionem
1189 989 1349 1035 sonat
1379 1000 1391 1036 :
1425 998 1521 1052 per
1554 1000 1715 1053 quem
1754 985 1829 1040 illi
1864 987 2007 1043 desi-

425 1073 683 1133 gnantur,
713 1067 808 1138 qui
838 1084 934 1140 per
967 1070 1168 1127 Christi
1198 1072 1622 1144 confessionem,
1654 1079 1745 1148 qui
1778 1078 2005 1135 cx‘Juda

426 1166 609 1211 ortum
650 1158 822 1227 ducit,
873 1161 1106 1218 salutem
1146 1178 1579 1236 consequuntur.

496 1253 584 1306 Ea:
614 1254 755 1308 tribu
794 1254 998 1322 Ruben,
1039 1258 1313 1312 duodecim
1348 1260 1517 1315 millia
1543 1264 1763 1332 signati.

496 1426 699 1495 Ruben,
741 1432 785 1485 si
837 1445 1034 1487 nomen
1088 1432 1485 1504 interpreteris,
1546 1437 1778 1495 visionis
1834 1441 2004 1497 ﬁlium

428 1531 588 1576 sonat
622 1540 636 1576 :
680 1537 776 1592 per
801 1538 963 1594 quem
1005 1525 1355 1596 denotantur,
1400 1531 1492 1600 qui
1523 1545 1617 1600 per
1646 1532 1829 1588 cordis
1859 1534 2010 1603 puri-

431 1622 595 1669 tatem
627 1616 835 1672 cwlesti
869 1618 1078 1674 visione
1108 1620 1410 1688 potiuntur.

484 1707 587 1764 ιΕιτ
621 1711 761 1765 tribu
791 1710 929 1777 ϐοά,
961 1714 1239 1769 duodecim
1272 1717 1443 1771 millia
1477 1718 1696 1789 signati.

500 1890 652 1958 ϐοά,
713 1894 1072 1949 tentationcm
1142 1896 1463 1967 signiﬁcat:
1524 1913 1621 1967 per
1664 1914 1825 1968 quem
1881 1901 2003 1956 illos
2045 1881 2086 1939 Β

429 1986 678 2055 accipere
739 1986 898 2051 licet,
951 1988 1043 2056 qui
1101 2003 1199 2057 per
1249 1991 1608 2046 tentationum
1663 1993 2009 2049 tolerantiam

428 2086 487 2131 et
516 2078 874 2146 patientiam,
922 2085 990 2134 ad
1037 2079 1450 2138 similitudinem
1494 2082 1615 2139 Jobi
1658 2099 1860 2142 corona
1908 2087 2011 2143 do-

428 2174 650 2219 nantur.

499 2251 585 2308 Ea:
611 2254 751 2309 tribu
781 2256 933 2324 Aser,
963 2258 1237 2315 duodecim
1270 2261 1441 2316 millia
1472 2263 1694 2335 signati.

499 2427 607 2484 Per
648 2428 800 2499 Aser,
837 2434 929 2502 qui
968 2433 1358 2505 interpretatus
1390 2436 1782 2495 beatitudinem
1817 2449 2012 2508 sonat,

430 2520 507 2576 illi
556 2520 955 2593 intelliguntur,
1005 2526 1097 2596 qui
1150 2542 1246 2597 per
1290 2528 1508 2599 dignam
1544 2531 1671 2586 vita:
1721 2546 2013 2589 conversa-

429 2614 633 2669 tionem
670 2614 1006 2672 Dominicam
1033 2619 1345 2675 beatitatem
1380 2623 1682 2692 promeriti,
1722 2627 2011 2682 stationem

432 2704 499 2759 ad
549 2706 825 2761 dexteram
865 2708 1070 2764 Christi
1126 2723 1573 2782 consequuntur,
1618 2714 1823 2786 filiique
1874 2716 2008 2772 lucis

431 2810 481 2854 et
513 2798 621 2853 diei
650 2801 1013 2871 appellantur.

503 2889 592 2946 Ex
612 2893 751 2947 tribu
784 2892 1150 2963 Nephtltalim,
1187 2898 1460 2954 duodecim
1491 2902 1661 2956 millia
1688 2904 1904 2975 signati.

501 2980 605 3035 Per
652 2982 1031 3053 Neplttltalim,
1088 2987 1180 3056 qui
1240 2992 1610 3059 precationem
1666 2992 1925 3059 denotat,
1974 2998 2009 3051 ii

432 3073 803 3141 insinuantur,
840 3079 929 3148 qui
966 3079 1188 3135 assiduo
1222 3084 1479 3150 precandi
1510 3087 1690 3142 studio
1726 3086 1834 3145 Deo
1865 3088 2009 3143 indi-

431 3166 584 3220 vulse
618 3167 916 3225 adhairent.

502 3260 588 3318 Ea:
625 3264 763 3318 tribu
801 3265 1072 3333 Manasse,
1115 3268 1393 3325 duodecim
1433 3270 1607 3325 millia
1645 3272 1862 3341 signati.

500 3358 795 3420 Manasses,
840 3359 934 3427 qui
977 3362 1044 3415 ab
1074 3361 1350 3419 oblivione
1379 3378 1579 3419 nomen
1632 3364 1835 3430 trahit,
1866 3364 2009 3419 desi-

432 3456 563 3515 gnat
590 3447 712 3504 illos
741 3450 835 3519 qui
861 3451 1044 3507 divino
1072 3468 1260 3510 amore
1308 3454 1542 3518 incensi,
1592 3470 1654 3509 ea
1702 3470 1823 3525 quae
1864 3464 2015 3511 retro

432 3549 581 3602 sunt,
609 3539 945 3612 domumque
976 3553 1282 3613 paternam,
1326 3543 1585 3601 oblivioni
1613 3547 1854 3602 tradunt.

503 3628 591 3683 Ea:
618 3631 761 3685 tribu
791 3630 1003 3687 Simeon
1023 3674 1039 3700 ,
1076 3635 1355 3691 duodecim
1384 3637 1556 3692 millia
1583 3638 1802 3709 signati.

501 3721 606 3793 31
643 3721 748 3778 Per
796 3722 1126 3794 Simeonem,
1178 3728 1272 3798 qui
1318 3728 1464 3784 idem
1510 3728 1624 3799 fere
1666 3740 1828 3786 sonat
1867 3733 2011 3801 quod

434 3812 766 3879 obedientia,
804 3814 1110 3871 innuuntur
1154 3816 1253 3883 illi,
1309 3818 1403 3888 qui
1438 3833 1533 3888 per
1577 3820 1881 3878 studiosam
1930 3823 2017 3877 di-

437 3902 687 3960 vinorum
732 3917 1127 3977 praceptorum
1163 3910 1628 3980 observationem,
1662 3913 2014 3984 iustiﬁcatio-

436 3993 522 4049 nis
552 3996 781 4063 gratiam
814 3999 1099 4053 consecuti
1130 4008 1279 4055 sunt.

506 4084 593 4140 Ex
621 4088 765 4142 tribu
797 4087 937 4155 Levi,
974 4090 1250 4147 duodecim
1278 4095 1449 4149 millia
1475 4097 1692 4167 signati.

506 4178 661 4246 Levi,
713 4196 1055 4253 assumptum
1097 4186 1403 4256 signiﬁcat;
1443 4203 1552 4259 quo
1591 4190 1813 4246 nomine
1845 4182 2027 4247 deuo?

436 4280 621 4327 tantur
666 4272 704 4327 ii
764 4275 857 4344 qui
910 4290 1007 4345 per
1064 4280 1541 4334 conversationem
1592 4282 1877 4337 sacerdote
1934 4283 2017 4337 di-

437 4380 622 4431 gnam,
655 4380 687 4420 a
720 4365 939 4422 Christo
987 4371 1248 4439 assumpti
1282 4380 1429 4425 sunt.
1467 4370 1783 4427 Collocatur
1830 4382 2015 4428 autem

437 4454 570 4509 Levi
607 4456 802 4512 ordine
855 4466 1103 4525 octavus,
1145 4464 1289 4530 quod
1344 4470 1536 4516 octavo
1566 4462 1785 4517 demum
1830 4478 2017 4517 resur-

438 4547 697 4603 rectionis
733 4548 824 4604 die
858 4565 1045 4605 verum
1082 4552 1455 4607 sacerdotium
1487 4549 1768 4608 ostensum
1802 4554 1892 4609 sit.

508 4638 595 4693 Ex
624 4640 764 4694 tribu
802 4640 1075 4708 lssachar,
1105 4644 1380 4698 duodecim
1415 4645 1588 4698 millia
1620 4646 1836 4716 signati.

512 4732 611 4789 Per
636 4731 909 4800 Issacltar,
939 4736 1034 4807 qui
1062 4737 1127 4792 de
1165 4737 1414 4793 mercede
1454 4737 1869 4807 appellationem
1896 4755 2018 4793 sor-

439 4826 603 4892 titur,
654 4824 731 4881 illi
771 4826 1187 4893 adumhrantnr,
1251 4828 1345 4898 qui
1410 4837 1631 4898 propter
1686 4830 2019 4897 mercedem,

438 4934 601 4985 quam
641 4933 709 4973 ex
749 4918 861 4974 Deo
907 4928 1247 4991 exspectant,
1297 4921 1558 4976 studiosae
1592 4922 1715 4977 vitae
1751 4922 2019 4978 rationem

440 5011 701 5067 inierunt.

512 5103 598 5155 Ea:
624 5102 764 5156 tribu
797 5102 1060 5171 Zabulon,
1092 5104 1369 5158 duodecim
1400 5104 1569 5159 millia
1599 5106 1816 5176 signati.

512 5193 788 5259 Zabulon,
825 5198 1214 5267 interpretatur
1244 5198 1464 5252 virtutis
1495 5207 1591 5252 aut
1634 5199 2023 5254 suaveolentize

442 5285 815 5342 habitaculum
860 5304 874 5342 :
908 5304 1007 5358 per
1032 5303 1195 5358 quem
1238 5288 1463 5359 intelligi
1496 5289 1767 5354 videntur,
1796 5291 1888 5359 qui
1926 5306 2023 5360 per

445 5378 838 5433 inhabitantcm
886 5380 977 5434 Dei
1007 5380 1271 5451 Spiritum
1304 5380 1566 5435 adversus
1599 5381 1763 5435 animi
1804 5392 2021 5452 pertur-

446 5470 712 5536 bationes,
747 5470 1039 5541 carnisque
1068 5488 1312 5538 sensum,
1346 5474 1545 5527 lirtnati
1571 5482 1625 5528 et
1656 5475 2020 5543 corroborati,

447 5560 578 5615 facti
616 5570 746 5616 sunt
778 5563 955 5618 bonus
984 5562 1123 5617 odor
1153 5562 1379 5632 Christi,
1426 5573 1485 5619 ut
1518 5565 1722 5622 Paulus
1755 5567 2019 5638 loquitur.

514 5652 599 5705 Ea:
624 5653 763 5707 tribu
795 5653 1011 5722 Ioseph,
1035 5654 1311 5710 duodecim
1334 5657 1506 5712 millia
1536 5660 1752 5729 signati.

513 5739 729 5810 Ioseph,
762 5744 901 5798 idem
953 5756 1113 5800 sonat
1160 5749 1303 5817 quod
1346 5749 1551 5805 additio
1589 5750 1670 5803 vel
1715 5751 2020 5807 incremen-

450 5843 565 5892 tum
598 5854 610 5892 :
648 5836 873 5894 denotat
921 5849 1103 5895 autent
1127 5856 1224 5898 eos
1258 5842 1349 5913 qui
1389 5842 1446 5898 iu
1475 5852 1682 5915 partem
1722 5848 2020 5919 augmenti,

2109 630 2350 703 [ἑκατόν
2378 635 2833 703 τεσσαράκοντα
2858 637 3158 707 τέσσαρες
3182 640 3447 708 χιλιάδες
3473 643 3699 713 ἐσφρα-

2106 724 2419 797 fratremn]
2441 727 2509 781 ἐκ
2537 727 2739 796 πάσης
2762 729 2964 799 φυλῆς
2990 730 3153 804 [τῶν]
3170 732 3314 786 υἱῶν
3348 734 3611 803 Ἰσραήλ·
3633 737 3703 792 ἐκ

2107 818 2312 888 φυλῆς
2360 821 2566 887 Ἰούδα,
2609 822 2838 876 δώδεκα
2885 822 3154 890 χιλιάδες
3192 824 3686 897 ἐσφραγισμένοι.

2179 910 2264 983 [ΛΞ
2298 914 2565 983 σημασίαι
2592 915 2701 969 τῶν
2727 915 2972 986 κλήσεων
3001 915 3109 970 τῶν
3142 916 3209 987 ιβ’
3239 920 3649 991 πατριαρχῶν.]

2192 1002 2462 1068 Ἰούδας,
2511 1004 2902 1075 ἐξομολόγησις
2950 1008 3337 1079 ἑρμηνεύεται·
3384 1010 3451 1063 δι’
3494 1004 3554 1065 οὗ
3600 1014 3697 1084 δη-

2112 1094 2336 1149 λοῦνται
2368 1098 2416 1149 οἰ
2451 1096 2520 1150 δι’
2565 1096 3006 1169 ὲξομολογήσεως
3041 1100 3140 1170 τῆς
3184 1100 3581 1173 πρὸςΧριστὸν
3610 1106 3702 1158 τὸν

2111 1187 2171 1254 ἐξ
2207 1189 2379 1244 Ἰούδα
2412 1190 2799 1263 βλαστήσαντα
2836 1195 3159 1263 σωζόμενοι.

2197 1282 2297 1335 Ἐκ
2343 1280 2549 1351 φυλῆς
2593 1282 2869 1355 Ῥουϐὶμ,
2906 1286 3139 1340 δώδεκα
3172 1284 3443 1355 χιλιάδες
3475 1287 3701 1357 ἐσφρα-

2114 1377 2410 1445 γισμένοι.

2184 1469 2435 1539 Ῥουϐὶμ,
2461 1471 2707 1544 ὁράσεως
2725 1472 2839 1537 υἱὸς
2860 1471 3252 1543 ἑρμηνεύεται·
3280 1473 3348 1526 δι’
3379 1466 3441 1527 οὗ
3471 1473 3696 1544 δηλοῦν-

2111 1580 2201 1617 ται
2247 1565 2296 1616 ol
2335 1563 2424 1616 διὰ
2470 1564 2822 1637 καθαρότητα
2872 1567 3099 1638 καρδίας
3155 1567 3256 1639 τὴν
3309 1570 3697 1640 πνευματικὴν

2112 1656 2301 1727 ὅρασιν
2330 1658 2688 1727 κτησάμενοι.

2197 1750 2300 1803 Ἐκ
2353 1748 2557 1820 φυλῆς
2589 1749 2751 1819 Γὰδ,
2800 1751 3031 1806 δώδεκα
3083 1751 3355 1822 χιλιάδες
3411 1752 3699 1822 ἐσφραγιο

2116 1854 2159 1894 σ
2162 1840 2338 1910 μένοι
2349 1883 2360 1895 .

2186 1934 2334 2001 Γὰδ,
2361 1937 2687 2007 πειρασμός’
2717 1936 2786 1991 δι’
2828 1930 2891 1991 οὗ
2929 1936 3213 2007 δ’νιλοῧνἻττπι
3236 1938 3285 1991 οἱ
3310 1937 3375 1991 δι’
3416 1937 3698 2010 ὑπομονῆς

2118 2027 2440 2100 πειρασμῶν
2465 2030 2607 2082 κατὰ
2631 2028 2723 2082 τὸν
2763 2027 2881 2082 Ἰὼϐ
2911 2029 3357 2101 στεφανούμενοι.

2197 2280 2292 2334 Ἐκ
2333 2277 2537 2348 φυλῆς
2573 2276 2781 2345 Ἀσὴρ,
2817 2275 3046 2331 δώδεκα
3076 2276 3348 2346 χιλιάδες
3390 2275 3686 2344 ἐσφραγι-

2116 2371 2353 2443 σμένοι.

2198 2462 2395 2531 Ἀσὴρ,
2439 2462 2810 2534 μακαρισμός·
2846 2462 2913 2515 δι’
2950 2454 3011 2515 οὗ
3041 2460 3351 2514 δείκνυνται
3391 2460 3442 2512 oi
3482 2457 3574 2510 τὸν
3598 2459 3698 2509 Δε-

2118 2557 2376 2610 σποτικδν
2407 2554 2759 2627 μακαρισμὸν
2797 2554 2886 2608 διὰ
2932 2552 3212 2614 πολιτείας
3242 2551 3399 2615 ἀξίας
3436 2550 3701 2620 κληρονο-

2118 2646 2365 2718 μοῦντες,
2394 2646 2489 2700 καὶ
2517 2646 2616 2716 τῆς
2641 2645 2978 2712 Δεσποτικῆς
3006 2646 3103 2713 τῆς
3129 2646 3193 2698 ἐκ
3221 2643 3417 2710 δεξιῶν
3443 2642 3537 2694 τοῦ
3563 2642 3699 2711 Χρι-

2114 2741 2209 2795 τοῦ
2247 2740 2492 2803 στάσεως
2520 2737 2855 2809 ἀξιούμενοι,
2884 2739 2978 2792 καὶ
3011 2739 3116 2791 υἱοὶ
3138 2736 3315 2804 φωτὸς
3360 2736 3454 2788 καὶ
3480 2732 3698 2803 ἡμέρας

2115 2834 2403 2888 ἀναδεικνύ
2412 2848 2585 2903 μενοι.

2206 2928 2308 2980 Ἐκ
2330 2924 2533 2995 φυλῆς
2562 2922 2920 2993 Νεφθαλεὶμ,
2950 2920 3177 2974 δώδεκα
3196 2919 3486 2990 χιλιάδες.

2182 3016 2545 3085 Νεφθαλεὶμ,
2580 3013 2879 3085 προσευχή·
2911 3012 2978 3065 δι’
3018 3007 3087 3083 ἧς
3126 3008 3625 3081 χαρακτηρίζονται
3647 3008 3702 3061 οἱ

2114 3111 2204 3164 διὰ
2227 3108 2537 3180 προσευχῆς
2570 3106 2917 3161 ἀδιαλείπτου
2943 3104 3021 3175 τῷ
3047 3104 3167 3174 Θεῷ
3196 3102 3553 3174 κολλώμενοι.

2195 3286 2297 3340 Ἐκ
2319 3283 2518 3353 φυλῆς
2540 3281 2865 3349 Μανασσῆ,
2892 3280 3120 3335 δώδεκα
3151 3277 3439 3348 χιλιάδες.

2183 3372 2995 3444 Μανασσῆς,ὲπιλησμοσύνη,
3026 3370 3327 3434 τουτέστιν,
3365 3370 3415 3421 οἰ
3439 3366 3549 3422 τῶν
3577 3366 3703 3421 ὄπι-

2115 3474 2239 3528 σθεν
2281 3468 2767 3539 ἐπιλανθανόμενοι
2796 3466 2890 3521 καὶ
2935 3465 3046 3518 τῶν
3084 3463 3359 3534 πατρῴων
3389 3461 3577 3529 οἴκων,
3610 3460 3702 3514 διὰ

2113 3566 2203 3619 τὸν
2227 3566 2383 3619 Θεῖον
2407 3564 2610 3635 ἔρωτα.

2198 3659 2301 3712 Ἐκ
2316 3656 2521 3726 φυλῆς
2538 3653 2802 3724 Συμεὼν,
2833 3650 3063 3705 δώδεκα
3088 3648 3379 3720 χιλιάδες.

2187 3749 2460 3820 Συμεὼν,
2510 3747 2725 3817 ὑπακοή
2749 3763 2763 3777 ο
2813 3742 3044 3814 δηλαδή,
3096 3743 3147 3795 οἱ
3200 3742 3268 3796 δι’
3299 3741 3547 3815 ὑπακοῆς
3589 3739 3703 3797 τῶν

2118 3841 2279 3896 θείων
2310 3839 2541 3894 ἐντολῶν
2570 3837 2959 3909 δικαιούμενοι.

2200 4112 2302 4166 Ἐκ
2334 4110 2533 4180 φυλῆς
2566 4111 2742 4170 Λευῖ,
2776 4104 3006 4160 δώδεκα
3038 4101 3332 4174 χιλιάδες.

2189 4204 2353 4271 Λευῖ,
2391 4199 2867 4274 προσειλημμένος
2889 4215 2903 4229 ·
2931 4197 2998 4251 δι’
3027 4189 3088 4250 οὗ
3114 4193 3362 4248 νοοῦνται
3391 4192 3441 4244 οἱ
3476 4190 3568 4243 διὰ
3596 4205 3705 4241 πο-

2117 4297 2322 4359 λιτείας
2370 4292 2736 4365 ἱεροπρεποῦς
2769 4290 2877 4344 ὑπὸ
2918 4286 3159 4359 Χριστοῦ
3202 4281 3706 4356 προσειλημμένοι.

2123 4389 2349 4457 Ὄγδοος
2399 4387 2457 4439 δὲ
2512 4383 2644 4438 Λευῒ
2694 4382 2988 4447 τέτακται,
3054 4380 3130 4443 ὡς
3180 4379 3322 4432 κατά
3375 4376 3474 4445 τὴν
3506 4372 3708 4442 ὀγδόην

2119 4480 2334 4553 ἡμέραν
2361 4482 2459 4550 τῆς
2483 4476 2832 4539 ἀναστάσεως
2857 4475 2955 4545 τῆς
2978 4470 3214 4544 ἀληθοῦς
3244 4469 3544 4541 ἱερωσύνης
3567 4469 3711 4521 ἀνα-

2047 4553 2096 4611 D
2122 4572 2303 4626 δεικνυ
2311 4572 2501 4642 μένης.

2206 4666 2307 4719 Ἐκ
2335 4662 2539 4734 φυλῆς
2581 4662 2847 4733 Ἰσάχαρ,
2881 4660 3109 4715 δώδεκα
3137 4655 3424 4729 χιλιάδες.

2206 4753 2469 4825 Ἰσάχιιρ,
2503 4754 2692 4825 μισθός
2714 4772 2727 4785 ·
2754 4753 3033 4808 τουτέστιν
3064 4753 3112 4805 οἱ
3135 4753 3224 4805 τὸν
3249 4752 3313 4803 ὲκ
3338 4747 3476 4802 Θεοῦ
3508 4743 3712 4817 μισθὸν

2123 4846 2514 4917 λαμϐάνοντες,
2550 4845 2625 4910 ῶς
2654 4843 2927 4917 ὲναρέτως
2964 4841 3396 4911 πολιτευόμενοι.

2210 5109 2311 5161 Ἐκ
2335 5106 2542 5177 φυλῆς
2570 5104 2915 5169 Ζαϐουλὼν,
2946 5102 3176 5156 δώδεκα
3196 5098 3487 5171 χιλιάδες.

2196 5199 2538 5263 Ζαϐουλὼν,
2601 5199 3019 5269 κατοικητήριον
3058 5195 3364 5265 δυνάμεως,
3408 5190 3715 5263 ἣεὺωδίαο

2120 5293 2190 5346 δι’
2230 5287 2293 5347 οὗ
2339 5293 2584 5347 νοοῦνται
2613 5293 2663 5343 οἱ
2702 5294 2768 5361 τῇ
2802 5292 3074 5361 ἐνοικήσει
3111 5286 3253 5360 [τοῦ]
3286 5282 3526 5357 Χριστοῦ
3560 5283 3716 5335 κατὰ

2122 5385 2232 5439 τῶν
2270 5386 2458 5439 παθῶν
2507 5385 2951 5454 δυναμωθέντες,
2996 5385 3089 5435 καὶ
3140 5380 3338 5434 εὐωδία
3409 5376 3598 5439 αὑτοῦ,
3625 5375 3717 5440 ὣς

2124 5495 2290 5549 φησιν
2316 5481 2344 5532 ὁ
2373 5479 2582 5542 Παῦλος
2600 5521 2614 5545 ,
2642 5478 2939 5547 γινόμενοι.

2211 5657 2311 5711 Ἐκ
2338 5656 2541 5727 φυλῆς
2575 5658 2809 5726 Ἰωσὴφ,
2837 5657 3067 5711 δώδεκα
3092 5654 3381 5724 χιλιάδες.

2210 5752 2463 5820 Ἰωσὴφ,
2513 5752 2837 5822 πρόσθεσις’
2878 5751 3156 5805 τουτέστιν
3184 5753 3230 5803 οἱ
3282 5751 3340 5800 ὲν
3385 5746 3723 5819 προσθήκης

2130 5847 2287 5918 μέρει
2337 5847 2434 5901 σὺν
2466 5848 2531 5917 τῇ
2564 5846 2811 5918 βασιλείᾳ
2869 5846 2978 5899 τῶν
3041 5846 3286 5916 οὐρανῶν
3323 5844 3391 5897 τὰ
3450 5845 3582 5915 πρὸς
3651 5845 3725 5896 τὸ
