4040 6570
351 430 447 499 281

350 549 451 619 ζῇν
491 546 766 616 ἀναγκαῖα
826 546 1227 618 λαμϐάνοντες,
1262 545 1338 611 ὦς

427 725 522 777 Ἐκ
554 722 760 793 φυλῆς
794 724 1101 794 Βενιαμὶν,
1135 724 1365 780 δώδεκα
1393 727 1662 796 χιλιάδες
1698 729 1927 800 ἐσφραο

343 817 634 886 τωμένοι.
1366 854 1375 869 .

416 913 720 979 Βενιαμίν,
763 911 875 973 υἱὸς
911 910 1138 980 ὀδύνης,
1197 912 1229 983 ἢ
1283 913 1399 977 υίὸς
1435 914 1652 984 ἡμέρας
1676 956 1690 981 ,
1738 915 1771 985 ἢ
1808 916 1927 981 υἱὸς

338 1001 525 1067 δεξιᾶς
552 1018 565 1032 ·
616 1003 817 1073 δηλαδὴ
862 1004 912 1056 οἱ
967 1002 1056 1056 διὰ
1097 1004 1409 1075 καρδιακῶν
1455 1006 1691 1065 ὀδυνῶν.
1725 1009 1835 1061 εἴτε
1874 1012 1924 1064 oi

340 1098 463 1150 τότε
512 1097 572 1161 se
636 1096 905 1168 Ἐϐραίων
961 1099 1147 1150 πιστοὶ
1196 1099 1290 1152 καὶ
1346 1099 1776 1169 διαπεφευγότες
1824 1103 1925 1175 τὴν

343 1181 500 1259 [τῶν]
549 1187 837 1255 Ῥωμαίων
868 1188 1270 1258 αἰχμαλωσίαν,
1325 1190 1417 1243 τὸν
1466 1191 1701 1262 ἀριθμὸν
1736 1194 1924 1249 τοῦτον

337 1278 803 1349 ἀναπληροῦντες·
859 1280 1001 1345 εἴτε,
1044 1279 1071 1332 ὃ
1117 1281 1209 1334 καὶ
1247 1282 1448 1351 μᾶλλον
1484 1284 1840 1356 πιστότερον,
1874 1290 1923 1341 οἱ

338 1369 433 1420 ἐπὶ
469 1368 753 1439 συντελείᾳ
795 1369 854 1433 ἐξ
905 1369 1171 1424 Ἰουδαίων
1208 1369 1318 1441 [διὰ
1358 1372 1622 1447 πίστεως]
1675 1375 1923 1447 σωζόμε-

336 1477 441 1523 νοι,
476 1460 589 1522 ὅτε,
624 1461 807 1525 καθώς
838 1479 1003 1533 φησιν
1026 1466 1053 1517 ὁ
1090 1464 1439 1530 Ἀπόστολος,
1489 1468 1626 1537 μετὰ
1651 1469 1712 1523 τὸ
1745 1469 1922 1522 εἰσελ-

338 1552 455 1606 θεῖν
496 1554 558 1606 τδ
606 1553 881 1625 πλήρωμα
920 1555 1029 1609 τῶν
1072 1549 1275 1624 ὲθνῶν,
1319 1561 1428 1623 πᾶς
1482 1559 1698 1633 Ἰσραὴλ
1746 1563 1921 1633 σωθή-

340 1660 531 1697 σεται·
593 1643 734 1717 [καὶ]
801 1645 1084 1717 οὐδέτερον
1138 1648 1541 1717 ἀπαράδεκτον.
1614 1652 1678 1705 Ἦ
1736 1653 1919 1723 μέντοι

334 1736 595 1807 ἀκρίϐεια
626 1739 726 1807 τῆς
749 1737 809 1803 ἐξ
839 1739 1078 1809 ἑκάστης
1107 1741 1283 1811 φυλῆς
1342 1744 1586 1814 ἰσότητος
1630 1745 1919 1814 ἐμφαίνειν

338 1845 431 1896 μοι
466 1828 615 1882 δοκεῖ
643 1830 735 1883 τὸν
760 1831 1245 1903 πολυπλασιασμὸν
1262 1833 1359 1886 τοῦ
1390 1836 1751 1890 ἀποστολικοῦ
1784 1840 1918 1891 σπό-

337 1938 433 1989 ρου
455 1936 469 1951 ⁸
506 1922 832 1990 δωδεκάκις
856 1924 1060 1978 δώδεκα
1093 1925 1669 2000 πολυπλασιαζομένου
1706 1932 1798 1983 ἐπὶ
1826 1933 1917 1985 τὸν

332 2012 539 2066 τέλειον
560 2014 660 2085 τῆς
687 2015 922 2084 χιλιάδος
950 2016 1203 2088 ἀριθμὸν,
1235 2020 1330 2073 καὶ
1365 2020 1507 2073 οὕτω
1530 2021 1629 2085 τὰς
1660 2023 1917 2093 ῥηθείσας

335 2100 582 2174 χιλιᾶδας
608 2107 999 2171 ἀποτελοῦντος
1020 2126 1035 2141 ·
1073 2110 1313 2181 μαθηταὶ
1352 2111 1462 2184 γὰρ
1493 2108 1633 2184 ἦσαν
1660 2115 1752 2167 τοῦ
1784 2116 1914 2169 κόκ-

334 2214 435 2250 κου
475 2196 569 2250 τοῦ
610 2201 690 2261 είς
743 2200 843 2269 τὴν
880 2203 982 2271 γῆν
1018 2200 1107 2255 διὰ
1156 2203 1566 2273 φιλανθρωπίαν
1626 2206 1913 2271 πεσόντος,

333 2286 429 2339 καὶ
458 2288 768 2358 πολύφορον
810 2291 909 2360 τῆς
954 2293 1303 2362 παγκοσμίου
1338 2295 1613 2367 σωτηρίας
1643 2297 1734 2351 τὸν
1776 2316 1915 2371 καρ-

332 2377 433 2430 πὸν
466 2378 894 2451 βλαστήσαντος.
958 2382 1391 2453 Ἐπισημαντέον
1430 2386 1487 2439 δὲ
1533 2386 1711 2453 τοῦτο,
1761 2389 1840 2441 ὅτι
1880 2392 1912 2461 ἡ

332 2470 473 2539 φυλὴ
504 2469 598 2524 τοῦ
646 2469 796 2537 Δὰν,
836 2472 911 2535 ὡς
954 2472 1013 2537 ἐξ
1050 2473 1224 2543 αὐτῆς
1252 2475 1574 2545 τικτομένου
1606 2478 1697 2531 τοῦ
1739 2479 1913 2532 Ἀντι-

329 2562 593 2632 χρίστου,
644 2566 764 2627 ταῖς
812 2563 1029 2629 λοιπαῖς
1082 2568 1143 2619 οὐ
1191 2568 1585 2621 συντέτακται⁶
1641 2570 1758 2623 ἀλλ’
1798 2572 1911 2623 ἀντ’

328 2655 560 2726 αὐτῆςή
596 2655 691 2708 τοῦ
722 2657 885 2725 Λευτ,
932 2658 1006 2721 ὡς
1047 2659 1298 2730 ἱερατικὴ
1335 2661 1523 2726 πάλαι,
1564 2663 1644 2726 εἰς
1677 2663 1911 2734 ἀριθμὸν

331 2746 409 2818 μὴ
437 2747 712 2817 ἐρχομένη
739 2765 752 2777 '
793 2749 859 2801 ὲκ
888 2748 945 2801 δὲ
973 2742 1071 2818 τῆς
1113 2750 1222 2803 τῶν
1271 2750 1551 2822 ὀνομάτων
1588 2734 1909 2824 ἑρμηνείας,

327 2836 445 2889 ἐστι
476 2839 599 2889 τινὰ
628 2838 738 2890 τῶν
769 2837 952 2906 φυλῶν
991 2839 1199 2911 ἑκάστῃ
1229 2840 1615 2912 προσαρμόσαι
1647 2842 1908 2907 διάνοιαν,

325 2928 401 2991 ὡς
458 2929 516 2981 ὲν
550 2931 666 2992 τοῖς
712 2930 964 3001 πλησίοις
1008 2931 1401 3002 παρατίθεταν
1441 2933 1532 2985 τὸν
1571 2933 1627 2986 δὲ
1689 2934 1909 3003 Ἰωσὴφ

326 3021 447 3073 ἀντὶ
476 3020 573 3073 τοῦ
619 3023 868 3091 Ἐφραῒμ
898 3023 991 3076 τοῦ
1033 3022 1152 3076 υἱοῦ
1187 3024 1352 3076 αὐτοῦ
1385 3024 1651 3078 τέθεικεν.
1705 3026 1907 3095 Ἀρμό-

327 3110 440 3174 διος
483 3110 541 3164 δὲ
590 3112 801 3176 τούτοις
847 3113 875 3163 ὁ
937 3112 1150 3183 λεχθεὶς
1198 3113 1429 3185 ἀριθμὸς
1472 3113 1780 3186 [τέθειται],
1833 3117 1909 3179 ὡς

1302 434 1905 498 COMMENTARIUS
1945 436 2027 498 IN
2067 436 2597 497 APOCALYPSI‘N.

1391 565 1555 619 φησιν
1604 551 1635 602 ὁ
1693 548 1906 621 Κύριος

2029 565 2135 604 una
2188 565 2311 605 eum
2364 565 2533 619 regno
2575 547 2876 615 ctelorum,
2926 564 2988 605 ea
3030 565 3250 621 quoque
3298 566 3327 606 a
3382 548 3615 607 Domino

3514 436 3619 501 282

2032 641 2306 709 accipiunt
2330 655 2451 709 qum
2474 641 2540 694 ad
2568 640 2687 694 vitm
2715 656 2873 695 usum
2908 644 3216 698 necessaria
3250 644 3539 699 habentur.

2104 731 2189 785 Ea:
2217 732 2354 785 tribu
2388 731 2690 801 Benjamin,
2719 732 2995 786 duodecim
3031 734 3202 788 millia
3232 735 3450 806 signati.

2099 910 2201 965 Per
2261 910 2576 980 Benjamin.
2630 910 2722 978 qui
2793 910 3215 979 interpretatus,
3262 910 3467 965 doloris
3514 918 3609 963 aut

2028 1005 2167 1070 dici,
2200 1013 2294 1059 aut
2328 1006 2564 1059 dexterre
2613 1004 2782 1059 ﬁlium
2866 1004 3170 1075 signiﬁcat,
3210 1020 3304 1057 eos
3362 1005 3610 1073 accipere

2028 1113 2321 1168 possumus
2354 1099 2447 1168 qui
2479 1113 2575 1167 per
2611 1097 2798 1152 cordis
2832 1096 3081 1150 dolorem
3133 1103 3460 1159 servantur;
3494 1095 3609 1148 sive

2029 1189 2063 1242 ii
2091 1204 2155 1243 ex
2190 1190 2407 1243 illorum
2434 1203 2668 1243 numero
2704 1189 2815 1243 sint
2840 1188 2933 1257 qui
2968 1196 3080 1241 tum
3107 1202 3170 1241 ex
3197 1184 3401 1240 Iudaeis
3426 1186 3607 1240 ﬁdeles

2026 1280 2153 1335 facti
2193 1290 2379 1343 erant;
2439 1281 2553 1335 sive
2605 1296 2671 1337 ex
2724 1280 2941 1335 illorum
2974 1279 3067 1349 qui
3116 1294 3180 1332 ex
3232 1277 3606 1331 Romanorqu

2025 1373 2334 1441 captivitate
2368 1373 2606 1427 ﬁdelium
2658 1372 2824 1427 οωῑυί
2866 1371 3109 1441 adjuncti
3147 1369 3405 1436 fuerunt;
3455 1370 3605 1433 sive,

2023 1464 2167 1534 quod
2218 1464 2376 1518 nobis
2404 1464 2761 1519 verisimilius
2801 1464 2879 1527 ﬁt,
2913 1478 2980 1518 ex
3016 1478 3204 1518 eorum
3242 1463 3337 1531 qui
3369 1461 3471 1515 sub
3505 1475 3608 1515 sa:-

2023 1557 2131 1610 culi
2181 1557 2710 1611 consummationem
2744 1571 2807 1610 ex
2846 1555 3054 1611 Iudicis
3086 1571 3181 1626 per
3222 1555 3379 1609 iidem
3424 1555 3607 1608 salva-

2020 1649 2227 1702 buntur
2262 1666 2274 1701 :
2312 1651 2530 1717 quando
2562 1648 2863 1712 nimirum,
2908 1648 3066 1717 juxta
3095 1648 3346 1716 Apostoli
3387 1655 3607 1702 senten~

2021 1740 2175 1805 tiam,
2205 1748 2328 1809 post
2365 1739 2608 1809 gentium
2637 1740 3043 1794 multitudinem
3071 1740 3400 1810 ingressam,
3425 1738 3606 1793 omnis

2019 1850 2238 1905 quoque
2270 1835 2435 1891 Israel
2467 1834 2651 1888 salvus
2698 1834 2807 1887 ﬁet.
2849 1831 3113 1896 Neutrum
3143 1847 3172 1884 a
3214 1831 3433 1885 ratione
3467 1830 3605 1884 vide-

2020 1938 2108 1982 tur
2137 1928 2400 1982 alienum.
2448 1927 2720 1982 Caeterum
2764 1935 2954 1981 exacta
2989 1926 3081 1979 illa
3124 1936 3490 1991 accurataque
3537 1940 3605 1978 ex

2018 2019 2211 2088 quavis
2265 2020 2407 2073 tribu
2441 2019 2758 2088 aequalitas,
2811 2018 3098 2086 apostolici
3147 2016 3375 2071 seminis
3423 2016 3604 2070 multi-

2018 2110 2370 2180 plicationem
2437 2109 2722 2173 insinuat;
2776 2108 3044 2177 siquidem
3102 2122 3349 2159 numerus
3401 2105 3601 2158 ducite.

2017 2203 2200 2255 nat-ins
2235 2200 2531 2255 duodecies
2579 2200 2971 2268 multiplicatus
2994 2241 3007 2263 ,
3040 2198 3424 2268 prmdictorum
3479 2196 3602 2248 mil-

2016 2290 2147 2344 lium
2187 2304 2478 2344 numerum
2529 2289 2738 2357 integre
2787 2288 3045 2342 absolvit.
3086 2286 3328 2356 Apestoli
3362 2300 3599 2354 namque

2015 2383 2165 2438 verbi
2210 2381 2293 2435 vel
2339 2379 2492 2450 graui
2531 2380 2708 2449 potius
2745 2378 2887 2432 illius
2931 2377 3187 2446 discipuli
3223 2378 3400 2437 erant,
3449 2375 3593 2444 quod

2015 2476 2068 2529 in
2099 2483 2296 2529 terram
2330 2473 2569 2542 lapsum,
2602 2469 2991 2526 multiformem
3030 2484 3128 2540 pro
3170 2484 3267 2523 sua
3311 2468 3599 2523 clementia

2014 2566 2206 2622 salutis
2257 2564 2495 2619 fructum
2530 2564 2788 2618 universo
2832 2572 3101 2616 terrarum
3142 2560 3257 2615 orbi
3298 2558 3601 2629 progenui-

2014 2658 2179 2713 nztvit.
2214 2655 2630 2712 Observandum
2664 2664 2748 2710 est
2779 2668 2998 2723 quoque
3039 2652 3239 2707 tribum
3270 2650 3412 2715 Dan,
3450 2648 3597 2720 quod

2012 2748 2387 2803 Anticliristus
2432 2764 2498 2801 ex
2548 2747 2639 2801 illa
2690 2747 3006 2801 nasciturus
3044 2744 3272 2811 feratur,
3307 2760 3431 2799 cum
3473 2744 3603 2799 reli-

2012 2842 2138 2912 quis
2166 2842 2420 2896 tribubus
2460 2842 2566 2897 hoc
2602 2841 2719 2895 loco
2759 2855 2866 2895 non
2899 2841 3172 2895 recenseri
3213 2859 3225 2895 :
3257 2855 3445 2894 verum
3476 2841 3599 2908 ejus

2015 2932 2135 2987 loco
2166 2933 2365 2987 tribum
2394 2933 2532 2991 Levi.
2558 2947 2681 3001 quae
2708 2932 2861 2995 olim,
2882 2931 3026 3001 quod
3046 2930 3405 2985 sacerdotalis
3423 2938 3595 2994 esset,

2014 3024 2068 3077 in
2137 3024 2375 3079 tribuum
2440 3024 2767 3079 divisionem
2818 3039 2926 3078 non
2982 3021 3263 3087 veniebat,
3308 3022 3595 3077 sulleclam

2013 3131 2154 3170 esse.
2183 3114 2355 3169 Porro
2382 3130 2447 3169 ex
2486 3116 2772 3169 nominum
2816 3114 3265 3184 interpretatione
3293 3112 3594 3181 unicuique

328 3203 567 3274 είρηται,
595 3203 703 3276 [διά
724 3222 783 3259 τε
809 3205 935 3269 τοὺς
963 3205 1128 3260 πάλαι
1170 3205 1439 3276 Ἐϐραίων
1466 3206 1675 3259 δώδεκα
1702 3207 1906 3277 φυλάρ-

2013 3208 2178 3262 tribui
2239 3207 2565 3263 sententiam
2641 3208 2882 3276 aliquam
2945 3206 3362 3261 accommodare
3421 3205 3589 3270 licet;

327 3294 502 3366 χους,]
534 3296 624 3349 διά
655 3313 714 3349 τε
752 3296 878 3359 τοὺς
913 3296 1028 3350 ἀντ’
1066 3297 1246 3351 αὐτῶν
1285 3297 1662 3359 καταστάντας
1712 3298 1906 3370 ἄρχον-

2012 3298 2174 3353 sicuti
2221 3314 2319 3353 nos
2359 3312 2581 3368 queque
2641 3297 2693 3351 in
2749 3298 2997 3368 proxime
3030 3296 3297 3367 expositis
3351 3296 3591 3366 aliquam

324 3403 424 3451 τας
467 3388 565 3441 ἐπὶ
596 3392 777 3442 πᾶσαν
813 3388 913 3461 τὴν
943 3390 1047 3459 γῆν
1083 3389 1402 3452 θεσπεσίους
1443 3390 1794 3453 ἀποστόλους,
1830 3388 1906 3454 ὡς

2012 3389 2332 3444 unicuilibet
2364 3390 2926 3445 accommodavimus.
2956 3390 3226 3445 Caeterum
3266 3387 3459 3458 Joseph
3494 3403 3594 3457 pro

325 3478 669 3549 γέγραπται·
704 3481 774 3533 δι’
801 3474 876 3534 ὧν
905 3484 953 3535 oi
984 3484 1041 3533 ἐν
1073 3485 1138 3553 τῇ
1174 3482 1446 3552 διασπορᾷ
1487 3481 1587 3551 τῆς
1616 3482 1720 3551 γῆς
1772 3472 1904 3536 Ἰουέ

2010 3480 2267 3550 Epltraint
2294 3480 2404 3537 lilio
2429 3482 2497 3537 ab
2519 3482 2856 3551 evangelista
2889 3482 3097 3550 positus
3121 3489 3224 3536 est.
3257 3480 3594 3535 Convenien-

324 3566 459 3620 δαίοι
492 3567 605 3639 [ἐπ’
635 3569 903 3640 ἐσχάτων]
940 3571 1225 3634 σώζονται.

2010 3580 2089 3626 ter
2115 3582 2295 3627 autem
2327 3573 2620 3644 prmdictus
2649 3574 3008 3628 duodenarius
3038 3589 3285 3626 numerus
3321 3571 3427 3625 illis
3451 3570 3592 3624 assi-

322 3670 521 3731 gnatus
559 3670 675 3724 est,
709 3669 824 3716 tum
856 3661 926 3716 ob
964 3662 1252 3719 duodecim
1321 3672 1534 3721 veteres
1578 3662 1931 3719 Hebraeorum
1990 3663 2331 3731 patriarchas
2401 3665 2709 3718 tribuumve
2754 3664 3069 3733 principes;
3112 3674 3226 3718 tum
3258 3664 3422 3718 etiam
3463 3676 3590 3731 pro-

321 3768 439 3826 pter
511 3758 808 3828 apostolos,
867 3759 960 3828 qui
1012 3759 1229 3814 illorum
1281 3760 1401 3816 loco
1458 3761 1741 3816 constituti
1796 3765 1926 3815 sunt
1987 3760 2259 3828 principes
2311 3774 2475 3828 super
2544 3759 2859 3814 universam
2911 3767 3149 3824 terram,
3210 3766 3269 3812 ut
3317 3757 3586 3828 scriptum

318 3859 529 3917 exstat;
563 3866 659 3919 per
687 3867 827 3920 quos
850 3851 1013 3906 etiam
1046 3849 1241 3917 Judaei,
1275 3868 1371 3923 per
1403 3853 1589 3909 orbem
1623 3862 1894 3909 terrarum
1933 3850 2199 3921 dispersi,
2231 3850 2366 3906 salvi
2405 3850 2562 3910 ﬁunt.

921 3973 968 4026 K
980 3971 1155 4027 ΕΦΑΛ
1195 3970 1279 4027 ις’.

2529 3970 2636 4041 32
2675 3967 2901 4026 CAPUT
2940 3968 3058 4025 xx.

314 4081 453 4149 Περὶ
514 4081 621 4135 τοῦ
683 4082 1086 4151 ἀναριθμήτου
1147 4084 1337 4152 ὄχλου
1404 4082 1524 4138 τῶν
1572 4082 1641 4148 ἐξ
1706 4080 1897 4138 ἐθνῶν

2010 4082 2072 4136 De
2122 4086 2398 4138 innumera
2455 4084 2668 4138 illorum
2725 4085 2875 4138 turba
2921 4085 3010 4153 qui
3038 4099 3103 4137 ea:
3148 4084 3376 4152 gentium
3415 4086 3587 4137 natioi

798 4155 1405 4223 λαμπροφορούντων.

2073 4154 2225 4208 nibus
2255 4157 2523 4217 conversi,
2565 4153 2812 4210 candidis
2862 4156 3187 4219 induentur,
3219 4171 3427 4211 unaque
3458 4170 3579 4207 cum

2068 4224 2281 4278 Christo
2316 4225 2626 4293 regnabant.

383 4330 546 4384 Μετὰ
585 4331 769 4409 ταῦτα
808 4328 975 4387 εἶδον
997 4351 1012 4364 ο
1052 4334 1149 4387 καὶ
1179 4332 1309 4388 ὶδοὺ
1346 4332 1531 4402 ὄχλος
1557 4331 1785 4399 πολὺς,
1820 4330 1892 4384 ὃν

2071 4338 2181 4402 νιι,
2215 4340 2269 4405 9,
2308 4342 2397 4393 ll).
2437 4338 2561 4394 Post
2600 4340 2709 4394 haec
2739 4340 2845 4393 vidi
2880 4338 3087 4393 turbam
3124 4354 3393 4407 magnam,
3425 4353 3584 4406 quam

312 4420 635 4489 ἀριθμῆσαι
685 4424 883 4491 οὐδεὶς
934 4425 1232 4491 ἠδύνατο,
1284 4427 1353 4480 ἐκ
1402 4427 1629 4492 παντὸς
1675 4426 1893 4492 ἔθνους

2010 4431 2337 4486 iinumerare
2387 4448 2536 4485 nemo
2572 4441 2805 4501 poterat,
2846 4447 2910 4485 ca;
2941 4430 3181 4483 omnibus
3228 4430 3487 4499 gentibus,
3532 4439 3582 4483 et

312 4513 410 4565 καὶ
466 4515 663 4581 λαῶν,
699 4516 797 4568 καὶ
847 4516 1079 4585 φυλῶν,
1103 4519 1199 4572 καὶ
1247 4517 1582 4586 γλωσσῶνο
1633 4518 1889 4585 ἑστῶτες

2010 4523 2272 4589 fribubus,
2321 4538 2370 4578 et
2398 4523 2624 4593 populis,
2674 4535 2719 4577 et
2755 4523 2952 4593 linguis
2994 4538 3013 4575 :
3045 4530 3243 4575 stantes
3281 4530 3403 4573 ante
3432 4521 3582 4573 thro-

308 4610 571 4663 ἐνώπιον
600 4611 708 4665 τοῦ
743 4615 962 4680 θρόνου
988 4657 1000 4679 ,
1048 4617 1144 4668 καὶ
1183 4614 1439 4669 ἐνώπιον
1469 4616 1575 4669 τοῦ
1621 4616 1850 4684 Ἀρνίου
1870 4654 1885 4681 ,

2010 4632 2139 4681 ιιιηι,
2172 4625 2222 4670 et
2268 4618 2325 4670 in
2374 4629 2652 4686 conspectu
2684 4618 2840 4687 Agni,
2873 4616 3058 4670 amicti
3102 4614 3255 4669 stolis
3307 4614 3488 4668 albis;
3533 4622 3583 4667 et

309 4701 795 4768 περιϐεϐλημένοι
822 4706 1048 4770 στολὰς
1085 4706 1314 4770 λευκάς
1333 4722 1347 4737 ·
1381 4706 1478 4759 καὶ
1519 4706 1791 4775 φοίνικες
1820 4707 1890 4760 ἐν

2010 4710 2181 4764 mima:
2220 4712 2275 4763 in
2318 4712 2562 4764 manibus
2593 4728 2795 4777 eorum,
2828 4720 2876 4764 et
2907 4710 3210 4764 clamabant
3242 4724 3362 4763 voce
3390 4725 3581 4777 magna

310 4789 438 4855 ταῖς
466 4794 681 4859 χερσὶν
706 4792 904 4847 αὐτῶν
925 4810 938 4825 δ
971 4796 1066 4848 καὶ
1091 4794 1403 4863 κράζοντες
1435 4795 1607 4865 φωνῇ
1626 4797 1886 4866 μεγάλῃ,

2010 4806 2218 4860 licentes
2248 4822 2266 4861 :
2305 4805 2465 4863 Salus
2497 4807 2599 4862 Deo
2628 4818 2807 4863 nostro
2839 4808 2929 4877 qui
2960 4808 3102 4861 sedet
3128 4822 3284 4873 super
3310 4807 3577 4870 thronum,

308 4883 406 4936 καὶ
431 4886 736 4953 λέγοντεςο
778 4887 839 4941 Ἠ
859 4888 1121 4955 σωτηρία
1155 4887 1232 4953 τῷ
1261 4886 1382 4953 Θεῷ
1404 4888 1573 4957 ἡμῶν
1621 4889 1701 4957 τῷ
1744 4894 1887 4946 καθ-

306 4975 506 5044 ημένῳ
541 4977 641 5029 ἐπὶ
678 4977 758 5041 τῷ
796 4979 1007 5046 θρόνῳ.
1042 4980 1139 5032 καὶ
1173 4978 1253 5044 τῷ
1297 4981 1516 5048 Ἅρνίῳ.

376 5062 535 5123 Οὗτοί
566 5070 673 5121 εἰσι
712 5071 839 5139 περὶ
870 5064 943 5124 ὧν
969 5088 1132 5142 φησιν
1164 5074 1193 5125 ὁ
1219 5072 1404 5127 Δαόίδο
1449 5074 1880 5145 Ἐξαριθμιξσο-

300 5178 404 5228 μαι
433 5162 679 5229 αὐτοὺς,
715 5164 813 5217 καὶ
842 5164 994 5234 ὑπὲρ
1015 5164 1213 5235 ἄμμον
1239 5169 1798 5237 πληθυνθήσονται,
1830 5170 1884 5225 οἵ

300 5269 364 5306 τε
398 5254 573 5309 πάλαι
604 5255 743 5325 ὑπὲρ
774 5258 1011 5325 Χριστοῦ
1045 5260 1392 5330 μαρτυρικῶς
1424 5260 1876 5333 διηγωνισμένοι,

300 5345 355 5397 οἴ
387 5362 449 5397 τε
501 5347 590 5398 ἐπ’
626 5346 871 5416 ἐσχάτων
912 5349 1182 5419 ἀνδρικῶς
1225 5350 1561 5421 ἀθλήσαντες
1605 5354 1669 5407 ὲκ
1700 5354 1882 5424 πάσης

302 5437 477 5506 φυλῆς
512 5437 607 5491 καὶ
641 5438 892 5510 γλώσσης
915 5457 927 5469 ’
964 5440 1105 5513 [καὶ]
1139 5444 1206 5513 τῇ
1240 5442 1461 5513 ἐκχύσει
1491 5442 1585 5496 τοῦ
1625 5444 1758 5498 ἰδίου
1793 5446 1881 5500 διὰ

299 5527 535 5598 Χριστὸν
573 5529 829 5599 αἵματος,
873 5531 972 5593 τὰς
1006 5533 1199 5596 στολὰς
1234 5532 1342 5590 τῶν
1371 5534 1591 5589 οἰκείων
1626 5538 1879 5608 πράξεων

299 5618 659 5684 λευκὰναντες
690 5623 780 5675 καὶ
808 5624 1114 5679 λευκαίνειν
1146 5626 1462 5697 μέλλοντες·
1498 5631 1591 5683 καὶ
1621 5632 1749 5694 τοὺς
1777 5632 1879 5703 τῆς

298 5711 454 5783 νίκης
510 5718 1040 5785 χαρακτηριστικοὺς
1108 5718 1337 5785 κλάδους
1388 5721 1497 5777 τῶν
1556 5723 1871 5796 εὐχρήστων

306 5836 307 5839 Ἴ
371 5869 413 5899 ³⁸
462 5856 607 5925 l’sal.
648 5882 910 5939 unum,
948 5872 1030 5929 18.

1986 4906 2033 4951 et
2074 4896 2247 4968 Agna.

2064 5075 2126 5130 lli
2161 5086 2290 5133 sunt
2319 5078 2383 5132 de
2409 5080 2608 5148 quibus
2640 5079 2808 5133 David
2843 5081 3056 5143 aiebat;
3095 5076 3432 5131 Enumerubo
3462 5091 3572 5135 eos,

1988 5178 2036 5222 et
2078 5182 2234 5237 super
2277 5186 2493 5223 arenam
2530 5172 3029 5240 multiplicabuntur
3056 5171 3118 5223 ¹⁶.
3174 5171 3211 5223 Ε
3246 5170 3449 5239 quibus
3484 5167 3575 5220 alii

1981 5262 2095 5330 jam
2123 5262 2252 5317 olim
2283 5261 2599 5318 fortitudine
2640 5264 2803 5332 digna
2845 5262 3176 5333 martyribus
3211 5278 3307 5330 pro
3353 5260 3575 5315 Christo

1982 5355 2353 5421 decertarunt,
2402 5372 2736 5426 suarumque
2776 5356 3051 5411 actionum
3090 5356 3258 5409 stolas
3304 5356 3570 5422 sanguine

1980 5457 2202 5518 propter
2228 5447 2412 5504 Jesum
2458 5450 2684 5520 profuso
2741 5450 3064 5505 dealbarunt
3098 5466 3111 5502 :
3144 5448 3235 5502 alii
3288 5462 3416 5499 vero
3466 5445 3572 5498 sub

1980 5542 2277 5598 novissima
2331 5552 2572 5612 tempora
2597 5584 2611 5608 ,
2648 5558 2715 5598 ex
2746 5543 2895 5596 omni
2932 5542 3075 5596 tribu
3102 5548 3155 5594 et
3188 5540 3373 5608 lingua
3398 5576 3412 5599 ,
3457 5536 3571 5589 lor-

1977 5637 2111 5690 tium
2146 5636 2473 5691 athletarum
2506 5652 2659 5691 more
2681 5677 2695 5702 ,
2731 5636 2912 5691 adhuc
2954 5632 3283 5690 decertaturi
3316 5646 3379 5686 ac
3421 5630 3572 5685 deal-

1984 5727 2165 5784 baturi
2217 5738 2365 5785 sunt.
2420 5728 2625 5787 Ontnes
2673 5736 2855 5784 autem
2912 5726 3149 5783 directos
3204 5724 3453 5781 suavium
3512 5735 3570 5779 et
