4040 6586
423 382 532 451 283

1585 384 1915 451 ANDliE/E
1946 387 2467 461 ,C/ESARIENSIS

3576 406 3687 469 284

426 496 593 567 (quod
619 495 687 550 ad
729 509 827 550 cor
853 493 1064 550 attinetl
1096 495 1451 551 eandidarum
1480 498 1781 565 palmarum
1824 518 1994 556 ramos

2102 503 2192 555 καὶ
2216 503 2523 574 ὀρθοτὰτων
2550 506 2645 560 καὶ
2674 509 2881 575 λευκῶν
2913 511 3018 579 τῷν
3050 512 3289 584 καρδιῶν
3322 515 3581 583 φοινίκων
3625 521 3684 573 ἐν

423 586 671 657 victoria:
717 584 965 655 symbolo
1012 585 1266 638 manibus
1317 594 1628 654 gestantes,
1668 589 1810 642 circa
1862 590 2000 643 divi-

426 693 556 730 num
604 691 938 744 summaeque
972 675 1170 745 quietis
1215 677 1472 732 thronum
1526 680 1725 736 choros
1769 680 1997 746 ducunt,

425 778 474 823 et
509 769 562 821 in
598 783 759 821 omne
800 782 974 821 aevum
1019 767 1234 821 ducturi
1276 777 1423 831 sunt,
1464 779 1719 840 tanquam
1753 775 1887 840 grati
1925 772 2002 825 t'a-

427 860 585 924 muli,
628 864 909 914 victoriam
945 874 1163 913 onmem
1197 870 1387 915 contra
1428 863 1749 927 daemonem,
1781 879 1999 917 carnem

427 962 479 1004 et
530 951 795 1005 mundum
829 952 1129 1015 obtentam,
1164 969 1271 1006 non
1320 953 1448 1019 sibi,
1497 954 1590 1009 sed
1640 956 1999 1024 largitori,cx

429 1044 614 1097 animo
650 1044 1045 1099 adsm'iltentes.

500 1133 611 1196 VII,
664 1136 747 1201 1|,
782 1138 869 1191 ιε.
918 1138 980 1191 Et
1030 1156 1206 1193 omnes
1234 1138 1405 1208 angeli
1437 1138 1648 1192 stabant
1680 1139 1733 1191 in
1775 1140 2002 1192 circuitu

429 1229 623 1292 throni,
656 1239 704 1281 et
735 1232 1000 1282 seniorum
1022 1271 1038 1294 ,
1076 1241 1123 1285 et
1154 1244 1387 1301 quatuor
1419 1232 1736 1285 animalium
1772 1247 1788 1285 :
1819 1242 1868 1285 et
1918 1249 2002 1286 ce-

426 1320 666 1373 ciderunt
700 1322 751 1373 in
786 1336 1063 1389 conspectu
1088 1323 1262 1376 throni
1287 1325 1339 1375 in
1368 1323 1529 1387 [acies
1560 1339 1708 1383 suas,
1733 1331 1781 1376 et
1806 1321 2001 1376 adora-

424 1421 602 1464 verunt
641 1410 828 1475 Deum,
861 1413 1087 1466 dicentes
1118 1429 1136 1467 .·
1171 1415 1335 1468 Amen
1368 1454 1381 1477 ,
1412 1414 1724 1489 benedictio,
1756 1424 1802 1466 et
1831 1415 2003 1468 clari-

2102 596 2222 656 ταῖς
2253 597 2439 664 χερσὶν
2475 596 2690 667 ἔχοντες
2714 616 2729 629 ο
2773 601 2866 653 καὶ
2902 604 3031 672 περὶ
3062 604 3151 655 τὸν
3183 604 3326 657 θεῖον
3358 605 3548 675 Θρόνον
3586 610 3686 678 τῆς

2103 689 2402 760 Θεαρχικῆς
2436 693 2797 759 ἀναπαύσεως
2847 697 3180 766 χορεύοντες,
3226 701 3322 751 καὶ
3354 700 3430 763 ὡς
3481 703 3682 770 εὐγνώ-

2105 796 2265 847 μονες
2296 783 2502 834 οἰκέται
2540 784 2617 854 τῷ
2660 786 2879 857 χορηγῷ
2916 788 3014 858 τὴν
3048 789 3191 841 κατὰ
3217 787 3373 863 [τῶν]
3405 791 3683 861 δαιμόνων

2101 872 2258 943 νίκην
2286 875 2706 944 ἐπιγράφοντες.

2171 1137 2279 1191 Kal
2308 1138 2527 1206 πάντες
2555 1144 2609 1194 οι
2645 1142 2883 1213 ἄγγελοι
2918 1147 3313 1214 εἱστήκεισαν
3338 1153 3542 1218 κύκλῳ
3570 1156 3678 1210 τοῦ

2101 1228 2318 1295 θρόνου
2340 1270 2353 1292 ,
2395 1230 2494 1282 καὶ
2529 1231 2649 1284 τῶν
2685 1236 3135 1305 πρεσϐυτέρων,
3178 1241 3276 1293 καὶ
3312 1241 3429 1294 τῶν
3462 1246 3681 1299 τεσσά-

2094 1336 2219 1386 ρων
2252 1318 2407 1379 ζώων
2433 1340 2445 1352 ·
2484 1322 2581 1375 καὶ
2623 1325 2850 1379 ἔπεσον
2878 1327 3134 1382 ἐνώπιον
3173 1331 3278 1384 τοῦ
3314 1333 3529 1402 θρόνου
3578 1336 3679 1389 ἐπὶ

2100 1411 2427 1478 πρόσωπον
2478 1412 2708 1467 αὐτῶν·
2762 1416 2858 1469 καὶ
2904 1422 3376 1487 προσεκύνησαν
3422 1424 3505 1491 τῷ
3556 1425 3680 1491 Θεῷ

427 1512 531 1564 tas,
583 1515 631 1557 et
668 1505 951 1571 sapientia,
1010 1515 1059 1557 et
1101 1507 1401 1574 gratiarum
1440 1506 1603 1569 actio,
1634 1514 1681 1560 et
1722 1505 1910 1567 honor,
1952 1514 1998 1560 et

2101 1502 2398 1572 λέγοντες
2454 1506 2670 1573 Ἀμήν·
2714 1510 2752 1575 ἡ
2796 1510 3043 1578 εὐλογία
3076 1512 3172 1564 καὶ
3216 1514 3253 1581 ἡ
3289 1513 3458 1580 δόξα,
3505 1517 3603 1569 καὶ
3637 1518 3676 1586 ἠ

426 1596 612 1658 rit-tus,
642 1609 687 1650 et
721 1595 981 1666 fortitudo
1016 1596 1125 1652 Deo
1152 1608 1330 1652 nostra
1360 1599 1411 1652 in
1446 1598 1642 1653 sarcula
1664 1598 2001 1653 swculorum.

427 1685 615 1739 Amen.

2100 1590 2236 1659 τιμὴ
2268 1592 2364 1647 καὶ
2395 1592 2431 1660 ἠ
2458 1595 2842 1663 εὐχαριστία·
2871 1597 2966 1649 καὶ
2990 1597 3028 1664 ἡ
3060 1601 3271 1668 σοφία,
3304 1604 3399 1655 καὶ
3432 1606 3468 1671 ἡ
3496 1604 3679 1658 δύνα-

2093 1699 2219 1749 Ιίιςι
2274 1682 2369 1757 κβ)
2398 1685 2435 1752 ἦ
2479 1684 2657 1753 ἰσχὺς
2689 1684 2770 1751 τῷ
2804 1686 2926 1751 Θεῷ
2956 1688 3124 1758 ἡμῶν
3160 1692 3249 1755 εὶς
3284 1691 3426 1759 τοὺς
3459 1693 3677 1761 αἰῶνας

2099 1774 2218 1829 τῶν
2246 1778 2492 1832 αἰώνων.
2538 1776 2739 1849 Ἀμήν.

499 1861 639 1918 Ecce
667 1878 775 1919 una
814 1879 879 1920 ex
911 1866 1119 1935 angelis
1161 1876 1215 1921 et
1253 1866 1567 1922 hominibus
1612 1865 1844 1922 ecclesia
1870 1882 1998 1921 con-

2171 1867 2304 1939 [Kal
2333 1868 2556 1936 πάντες
2583 1874 2637 1925 ol
2664 1871 2903 1941 ἄγγελοι
2926 1873 3316 1940 εἱστήκεισαν
3341 1877 3541 1944 κύκλῳ
3568 1877 3677 1934 τοῦ

429 1952 693 2006 stituitur.
724 1952 788 2006 Et
817 1955 1034 2022 quidem
1068 1956 1260 2024 priscis
1289 1956 1516 2021 sanctis,
1546 1954 1761 2010 tametsi
1792 1956 1997 2025 angelis

428 2058 537 2099 non
583 2044 942 2100 dissimilibus
967 2086 983 2111 ,
1018 2032 1393 2102 formidabiles
1418 2048 1755 2117 apparebant
1784 2047 1993 2118 angeli;

427 2137 887 2203 quemadmodum
910 2153 973 2192 ex
1003 2138 1223 2194 Daniele
1254 2141 1515 2208 pr0pheta
1544 2148 1595 2193 et
1625 2139 1748 2193 aliis
1768 2140 1996 2208 quibus-

426 2227 551 2280 dam
585 2242 915 2297 cognoscere
941 2230 1067 2283 licet
1104 2247 1117 2284 :
1166 2242 1294 2284 tunc
1322 2238 1502 2284 autem
1528 2245 1633 2283 una
1672 2245 1794 2283 cum
1822 2229 2001 2283 homi‘

427 2319 590 2375 uibus
638 2322 1069 2385 ministrabunt;
1120 2321 1233 2375 sive
1281 2334 1509 2388 corpore
1552 2318 1733 2373 vestiti
1774 2318 2001 2387 locoque

426 2412 849 2481 circumscripti.
893 2421 951 2465 ut
989 2413 1220 2467 eruditis
1262 2411 1588 2480 quibusdam
1632 2412 1827 2480 placet,
1861 2411 2001 2465 inter

426 2503 579 2569 ipsos
622 2513 1011 2571 compareant;
1050 2504 1163 2558 sive
1207 2505 1300 2573 (ut
1333 2504 1455 2557 aliis
1489 2503 1659 2573 magis
1706 2502 1997 2572 probatur)

430 2594 571 2647 trina
608 2594 695 2646 illa
733 2594 1115 2663 longitudinis,
1148 2595 1486 2658 latitudinis,
1521 2603 1573 2649 et
1616 2592 2000 2663 profunditatis

432 2685 839 2754 intercapedine
889 2686 971 2755 (ut
1009 2703 1128 2756 qua:
1156 2702 1449 2753 corporum
1491 2687 1561 2740 sit
1614 2686 1866 2756 propria)
1909 2684 2003 2739 de-

430 2776 627 2843 stituti,
658 2794 763 2832 non
803 2778 855 2831 in
887 2781 1102 2848 propria
1137 2789 1328 2833 natura
1365 2779 1792 2848 conspiciantur,
1822 2777 1913 2833 sed
1945 2776 2001 2831 in

428 2885 491 2922 ca
538 2870 706 2936 ﬁgura
738 2880 791 2924 et
834 2871 1006 2923 forma
1056 2887 1217 2940 quam
1253 2871 1362 2925 Deo
1398 2872 1509 2926 illis
1548 2873 1790 2928 tribucre
1823 2871 2000 2926 visum

431 2960 612 3015 fuerit.
646 2960 776 3015 Utut
806 2964 897 3023 sit,
930 2964 983 3016 in
1013 2965 1241 3018 circuitu
1283 2963 1602 3018 animalium
1636 2972 1690 3019 et
1723 2964 2000 3019 seniorum

427 3055 733 3109 consistere
778 3068 1091 3111 cernentur.
1139 3056 1240 3111 Per
1272 3058 1415 3113 hanc
1462 3066 1643 3112 autem
1691 3057 1999 3121 stationem,

2103 1960 2318 2027 θρόνου
2339 1961 2434 2013 καὶ
2465 1961 2583 2015 τῶν
2614 1964 3075 2037 πρεσϐυτέρων.]
3097 1996 3162 2006 -
3198 1966 3326 2020 Ἰδοὺ
3355 1968 3450 2037 μία
3481 1970 3679 2041 ἐκκληο

2102 2054 2190 2105 σία
2212 2053 2457 2121 ἀγγέλων
2490 2055 2584 2108 καὶ
2618 2055 2920 2125 ἀνθρώπων
2940 2074 2953 2088 ·
2985 2060 3078 2112 καὶ
3099 2060 3146 2112 οἱ
3176 2060 3344 2114 πάλαι
3380 2064 3492 2124 τοῖς
3522 2062 3679 2129 lca-r-

2100 2142 2278 2210 γέλοις
2311 2144 2619 2215 ἀνθρώποις
2650 2148 3085 2217 καταπληκτικοὶ
3122 2153 3460 2221 φαινόμενοι,
3498 2150 3680 2214 καθὼς

2100 2235 2187 2287 διὰ
2235 2235 2329 2288 τοῦ
2376 2237 2575 2307 Δανιὴλ
2623 2238 2901 2310 ἔγνωμεν,
2942 2240 3063 2293 τότε
3127 2242 3530 2311 συλλειτουργοὶ
3578 2242 3677 2296 ἁν-

2103 2326 2340 2396 Θρώποις
2378 2330 2735 2398 γενήσονταιο
2791 2331 2902 2384 εἴτε
2961 2333 3105 2387 κατά
3158 2350 3310 2397 τινας
3351 2335 3461 2387 τῶν
3509 2333 3679 2401 ἁγίων

2103 2420 2160 2471 ὲν
2209 2422 2319 2482 τοῖς
2363 2420 2586 2484 οἰκείοις
2623 2421 2838 2491 σώμασι
2868 2422 2956 2475 διὰ
2994 2425 3093 2493 τὴν
3131 2427 3186 2479 ἐν
3222 2427 3370 2495 τόπῳ
3408 2442 3679 2495 περιγρα-

2104 2511 2209 2579 φὴν
2262 2510 2444 2573 αὐτοῖς
2492 2512 2948 2583 ὲμφανιζόμενοιο
2993 2517 3111 2568 εἴτε
3152 2516 3276 2570 καθ’
3316 2519 3565 2587 ἑτέρους,
3599 2517 3675 2579 ὡς

2101 2599 2162 2651 τὸ
2192 2601 2351 2672 τριχῆ
2384 2602 2668 2655 διαστατον
2699 2605 2756 2656 ὲν
2789 2607 2952 2674 μήκει
2993 2607 3086 2659 καὶ
3121 2606 3317 2659 πλάτει
3366 2608 3459 2660 καὶ
3526 2606 3681 2676 βάθει

2102 2689 2181 2759 μὴ
2214 2689 2427 2761 ἔχοντες
2452 2707 2465 2721 ⁸
2496 2693 2633 2763 ὅπερ
2668 2698 2937 2763 σωμάτων
2969 2696 3129 2749 ῑδιον·
3163 2696 3262 2750 οὐκ
3301 2698 3359 2750 ὲν
3400 2700 3465 2767 τῇ
3503 2696 3679 2764 οἰκεία

2104 2781 2261 2849 φύσει
2317 2783 2666 2853 φαινόμενοι,
2714 2785 2849 2839 ἀλλὰ
2903 2786 3044 2839 κατὰ
3098 2787 3157 2839 τὸ
3208 2786 3400 2840 δοκοῦν
3437 2788 3514 2858 τῷ
3561 2785 3680 2853 Θεῷ

2103 2872 2435 2942 τυπούμενοι
2471 2876 2565 2927 καὶ
2597 2877 3084 2945 σχηματιζόμενοι.
3118 2876 3320 2947 Κύκλῳ
3351 2878 3534 2947 μέντοι
3570 2876 3679 2929 τῶν

2104 2964 2372 3035 χερουὸὶμ
2421 2964 2515 3018 καὶ
2566 2966 2676 3017 τῶν
2721 2965 3109 3035 πρεσϐυτέρων
3155 2968 3423 3033 ἑστῶτες,
3475 2967 3682 3036 ἐμφαί-

2103 3072 2253 3110 νουσι
2275 3054 2362 3107 διὰ
2385 3055 2482 3124 τῆς
2508 3055 2747 3117 στάσεως
2775 3054 2835 3106 τδ
2859 3057 2955 3123 τῆς
2981 3057 3145 3123 τιμῆς
3172 3056 3401 3125 μέγεθος
3423 3073 3436 3087 ·
3528 3056 3682 3123 δοξά-

428 3144 650 3198 ltonoris
707 3146 1131 3214 magnitudinem
1175 3156 1229 3201 et
1288 3149 1701 3214 excellentiam,
1753 3164 1861 3218 qua
1915 3148 1989 3201 illi

2104 3147 2284 3211 ζονται
2311 3148 2359 3198 οἱ
2392 3144 2524 3218 [διὰ]
2552 3146 2644 3199 τοῦ
2672 3145 2908 3216 ἀριθμοῦ
2936 3147 3043 3199 τῶν
3069 3148 3456 3218 πρεσϐυτέρων
3486 3147 3679 3216 δηλού-

427 3237 703 3301 potiuntur
732 3237 824 3306 qui
854 3253 947 3304 per
978 3238 1254 3292 seniorum
1290 3256 1577 3293 numerum
1609 3240 1991 3310 designantur,

424 3331 741 3386 ostendunt.
804 3332 887 3386 Ab
937 3333 1193 3388 omnibus
1244 3344 1426 3388 autem
1479 3335 1798 3405 praepotenti
1855 3333 1996 3400 Deo,

427 3432 645 3490 propter
670 3422 922 3476 eximiam
960 3424 1108 3479 illius
1140 3424 1193 3477 in
1230 3440 1318 3479 res
1344 3441 1534 3481 omnes
1556 3441 1585 3480 a
1615 3440 1672 3480 se
1707 3424 1997 3494 productas

2104 3254 2274 3307 μενοι.
2313 3237 2432 3306 Ὑφ’
2453 3229 2526 3291 ὧν
2552 3237 2769 3290 πάντων
2797 3238 2830 3309 ἡ
2858 3238 3176 3308 εὐχαριστία
3199 3239 3277 3309 τῷ
3298 3238 3416 3309 Θεῷ
3437 3241 3529 3292 ἐπὶ
3558 3242 3680 3304 ταῖς

2100 3327 2460 3398 Θεοπρεπέσιν
2505 3328 2673 3401 αὐτοῦ
2719 3331 2798 3393 εἰς
2831 3330 2933 3401 τὴν
2975 3329 3268 3398 σύμπασαν
3303 3332 3479 3385 κτίσιν
3523 3332 3681 3386 οἰκο-

2098 3419 2313 3488 νομίαις
2347 3418 2487 3490 ὑπὲρ
2515 3419 2671 3489 ἡμῶν
2709 3420 3229 3490 ἀναπεμφθήσεται.

423 3530 609 3569 curam
671 3526 726 3569 et
762 3517 1191 3585 providentiam,
1247 3519 1735 3590 admirandamque
1786 3514 2147 3574 oeconomiam
2213 3520 2267 3567 et
2338 3513 2805 3584 dispensationem
2881 3514 3055 3570 nostri
3123 3529 3290 3572 causa
3351 3527 3682 3590 susceptam,

423 3610 721 3677 gratiarum
753 3615 895 3667 actio
928 3613 1279 3683 impenditur,
1310 3627 1364 3671 et
1396 3618 1449 3671 in
1488 3632 1651 3672 omne
1683 3631 1860 3673 aevum
1893 3611 2261 3682 impendetur.

500 3704 608 3768 VII,
638 3707 725 3761 15.
774 3708 842 3763 Et
875 3714 1138 3779 respondit
1174 3729 1307 3767 unus
1344 3711 1408 3767 de
1435 3711 1753 3771 senioribus.
1779 3719 1829 3765 et
1861 3708 2000 3769 dixit

424 3799 593 3851 mihi:
632 3798 703 3852 lli
745 3803 835 3870 qui
870 3805 1048 3856 amicti
1079 3815 1200 3857 sunt
1244 3805 1396 3858 stolis
1427 3805 1587 3871 albis,
1623 3805 1714 3875 qui
1742 3813 1864 3859 sunt
1888 3806 1914 3859 3
1950 3812 2001 3859 et

424 3892 562 3944 unde
588 3894 877 3946 venerunt?
906 3892 975 3947 Et
996 3896 1112 3949 dixi
1146 3896 1265 3952 illi:
1294 3895 1510 3951 Domine
1530 3898 1624 3962 mi,
1659 3906 1711 3950 tu
1733 3896 1858 3952 scis.

501 4066 650 4121 Unus
698 4083 729 4124 e
770 4070 1078 4127 senioribus
1124 4088 1221 4143 per
1269 4073 1752 4144 interrogationem
1792 4072 1998 4129 excitat

428 4160 732 4220 apostolum
754 4161 1042 4231 Joannem,
1070 4173 1126 4219 ut
1153 4166 1219 4220 de
1254 4166 1321 4220 iis
1350 4182 1471 4236 qum
1496 4166 1706 4221 viderat
1734 4167 1993 4235 iuquirat.

424 4249 661 4308 Joannes
712 4269 839 4309 Vero
873 4256 1002 4310 dum
1038 4257 1307 4312 inscitiam
1343 4274 1498 4312 suam
1553 4259 1786 4330 ingenue
1833 4257 1998 4329 proti~

429 4354 589 4409 natur,
638 4356 884 4402 amanter
916 4351 984 4403 ab
1024 4364 1088 4403 co
1125 4366 1284 4419 quem
1324 4351 1604 4414 cernebat,
1646 4350 1713 4405 de
1744 4351 1822 4405 rei
1853 4351 1998 4403 veri-

424 4449 537 4491 tate
571 4439 879 4494 instruitur.

2175 3702 2285 3758 Kal
2314 3702 2605 3771 ἀπεκρίθη
2648 3696 2735 3767 εἷς
2765 3701 2833 3755 ἐκ
2864 3700 2981 3755 τῶν
3006 3702 3425 3771 πρεσϐυτέρων
3444 3742 3459 3766 ,
3490 3702 3685 3773 λέγων

2099 3812 2237 3867 μοι·
2294 3790 2467 3850 Οὗτοι
2519 3797 2572 3848 ol
2623 3796 3109 3863 περιϐεϐλημένοι
3152 3797 3261 3860 τὰς
3308 3795 3534 3859 στολὰς
3578 3796 3687 3862 τὰς

2103 3884 2349 3949 λευκὰς.
2372 3884 2531 3949 τίνες
2553 3884 2705 3949 eiul;
2730 3883 2827 3936 καὶ
2857 3886 3045 3941 πόθεν
3080 3883 3270 3953 ἦλθον
3284 3901 3305 3950 ;
3331 3884 3444 3939 Kal
3471 3884 3684 3953 εἷρηκα

2104 3975 2284 4041 αὐτῷ·
2313 3974 2489 4043 Κύριέ
2504 3992 2644 4043 μου,
2664 3974 2746 4028 σὺ
2779 3971 2967 4039 οἶδας,
3096 4024 3103 4031 ,
3668 4008 3676 4015 .

2179 4064 2307 4137 [Kal
2324 4066 2612 4133 ἀπεκρίθη
2629 4058 2715 4130 εἷς
2726 4064 2846 4117 τῶν
2854 4063 3318 4136 πρεσϐυτέρων.]
3331 4095 3400 4106 —-
3414 4065 3592 4133 Διεγεί
3598 4082 3682 4137 ρει

2099 4160 2188 4213 διὰ
2219 4160 2317 4228 τῆς
2365 4157 2607 4220 πεύσεως
2641 4156 2732 4209 τὸν
2768 4157 3036 4226 μακάριον
3084 4158 3111 4209 ὁ
3150 4156 3335 4223 ὀφθεὶς
3412 4156 3548 4226 πρὸς
3580 4158 3683 4226 τὴν

2100 4251 2209 4305 τῶν
2240 4250 2543 4321 ὁραθέντων
2572 4250 2817 4318 ἔρευναν.
2857 4249 2917 4301 Ὀ
2951 4248 3029 4315 δὲ,
3068 4249 3166 4319 τὴν
3198 4248 3421 4317 ἄγνοιαν
3470 4249 3681 4316 εὐγνω-

2107 4342 2284 4412 μόνως
2340 4340 2807 4412 προϐαλλόμενος,
2867 4340 3018 4411 παρὰ
3072 4340 3168 4394 τοῦ
3220 4340 3477 4410 ὀφθέντος
3524 4339 3680 4408 σοφι-

2106 4434 2281 4495 ζεται.

496 4531 600 4600 33
628 4530 739 4593 VII,
776 4533 862 4597 Μ»,
888 4532 972 4586 15.
1010 4532 1075 4586 Ει
1105 4535 1239 4587 dixit
1272 4535 1442 4589 mihi:
1482 4532 1556 4588 Ili
1601 4542 1723 4587 sunt
1741 4533 1831 4602 qui
1854 4548 1998 4585 vene-

2177 4522 2284 4576 Kal
2318 4518 2448 4576 εἶπέ
2474 4538 2611 4590 μοι’
2648 4518 2825 4577 Οὗτοί
2856 4524 3015 4577 εἰσιν
3048 4524 3103 4576 ol
3129 4522 3439 4591 ἐρχόμενοι
3468 4522 3536 4576 ἐκ
3568 4520 3681 4589 τῆς

428 4632 551 4674 runt
593 4623 654 4674 de
682 4624 1018 4677 tribulatione
1054 4635 1328 4694 magna.et
1357 4626 1594 4679 laverunt
1640 4625 1804 4678 stolas
1837 4641 1961 4678 suas
1982 4666 1997 4691 ,

427 4723 479 4767 et
527 4714 896 4769 dealbaverunt
959 4733 1046 4768 eas
1096 4719 1149 4768 in
1202 4718 1455 4784 sanguine
1498 4717 1683 4786 Agni:
1732 4716 1845 4769 ideo
1878 4725 2001 4769 sunt

430 4814 550 4855 ante
582 4806 823 4860 (In-onum
857 4808 969 4871 Dei,
993 4818 1041 4861 et
1072 4811 1299 4862 serviunt
1335 4810 1488 4874 eiftlie
1518 4826 1580 4862 ac
1604 4819 1752 4861 nocte
1792 4812 1844 4863 in
1869 4820 1999 4863 tent-

428 4894 514 4963 plo
554 4897 705 4965 ejus:
758 4910 806 4953 et
852 4902 941 4969 qui
984 4902 1124 4954 sedet
1179 4903 1233 4953 in
1276 4901 1481 4966 tln'ono,
1530 4900 1788 4955 habitabit
1848 4919 2001 4970 super

427 5004 535 5040 €08.

499 5164 648 5219 Beati
706 5166 867 5235 plane
924 5166 1016 5235 qui
1064 5181 1157 5234 per
1207 5166 1567 5236 tcmporarios
1612 5168 1824 5225 labores
1882 5172 2000 5226 exi-

428 5272 671 5326 guasquc
701 5258 948 5325 corporis
990 5258 1270 5314 molestias
1317 5259 1704 5329 sempiternam
1754 5264 1996 5333 requiem

427 5354 851 5417 compararunt;
887 5346 1090 5417 quique
1111 5348 1179 5402 ob
1213 5349 1265 5403 id
1298 5349 1442 5419 quod
1488 5365 1594 5404 una
1626 5366 1750 5406 cum
1781 5352 1998 5407 Christo

391 5431 660 5501 ‘iutpigre
702 5444 985 5491 certarunt
1035 5451 1362 5509 cruccmque
1407 5440 1770 5509 pertulerunt,
1833 5444 1999 5499 simul

428 5537 552 5576 cum
590 5525 683 5579 illo
714 5538 961 5596 regnant,
1014 5538 1068 5584 et
1121 5541 1377 5600 perpetuo
1416 5531 1492 5586 illi
1535 5533 1844 5591 ministrant
1875 5577 1888 5600 ,
1921 5535 1999 5591 si-

430 5613 652 5680 quidem
686 5630 781 5685 per
816 5618 952 5672 diem
983 5634 1032 5674 et
1062 5633 1263 5675 noctem
1291 5623 1539 5692 quaedam
1590 5627 1849 5696 temporis
1904 5643 1999 5695 pc-

435 5706 700 5773 reunitas,
736 5710 1077 5782 actionisquc
1107 5714 1440 5768 continuitas
1466 5716 1569 5771 hoc
1593 5716 1715 5771 loco
1748 5717 1999 5787 designa-

432 5806 564 5852 tur:
598 5800 1034 5872 quandoquidem
1089 5805 1162 5860 ibi
1215 5806 1359 5861 nulla
1421 5822 1529 5861 nox
1587 5815 1707 5873 est,
1750 5806 1843 5862 sed
1890 5816 1997 5862 una

2103 4613 2365 4678 θλίψεως
2399 4610 2507 4679 τῆς
2534 4612 2827 4681 μεγάλης,
2862 4614 2963 4666 καὶ
3007 4612 3287 4667 ἔπλυναν
3312 4614 3420 4680 τὰς
3447 4613 3680 4680 στολὰς

2101 4706 2330 4760 αὐτῶν
2378 4706 2475 4759 καὶ
2505 4706 2842 4759 ἐλεύκαναν
2878 4706 3066 4772 αὑτὰς
3102 4706 3164 4759 ἐν
3202 4706 3283 4771 τῷ
3321 4708 3524 4775 αἵματι
3568 4708 3678 4760 τοῦ

2114 4800 2367 4868 Ἀρνέου.
2398 4798 2508 4853 Καὶ
2533 4797 2632 4851 διὰ
2659 4798 2838 4850 τοῦτό
2857 4800 3017 4851 εἰσιν
3042 4795 3300 4850 ἐνώπιον
3325 4800 3432 4850 τοῦ
3458 4799 3678 4865 θρόνου

2101 4893 2206 4947 τοῦ
2247 4892 2416 4956 Θεοῦ,
2472 4892 2571 4945 καὶ
2610 4890 3012 4957 λατρεύουσιν
3082 4888 3243 4953 αὐτῷ
3298 4886 3523 4955 ἡμέρας
3576 4889 3677 4942 καὶ

2100 4984 2317 5049 νυκτὸς
2350 4984 2418 5036 ἐν
2444 4980 2524 5046 τῷ
2562 4980 2687 5045 ναῷ
2734 4981 2955 5034 αὐτοῦ’
3004 4980 3103 5034 καὶ
3140 4983 3173 5034 d
3202 4978 3541 5047 καθήμενος
3579 4980 3679 5034 ἐπὶ

2102 5078 2206 5130 τοῦ
2237 5078 2476 5144 θρόνου,
2511 5076 2814 5142 σκηνώσει
2850 5074 2943 5129 ἐπ’
2975 5077 3215 5142 αὐτούς.

2170 5168 2445 5238 Μακάριοι
2519 5168 2568 5219 ol
2642 5166 2732 5219 διὰ
2798 5166 3151 5237 προσκαίρων
3226 5165 3406 5219 πόνων
3462 5163 3679 5217 αἰώνιον

2102 5261 2416 5314 ἀνάπαυσιν
2476 5258 2885 5328 καρπούμενον
2934 5258 3029 5309 καὶ
3072 5256 3161 5309 διὰ
3192 5256 3288 5309 τοῦ
3327 5256 3679 5324 συμπάσχειν

2100 5351 2363 5421 Χριστῷ,
2424 5351 2601 5418 τούτῳ
2664 5347 3197 5417 συμϐασιλεύοντος,
3270 5346 3365 5399 καὶ
3413 5344 3679 5413 διηνεκῶς

2101 5443 2248 5513 αὐτῷ
2298 5441 2678 5509 λατρεύοντες.
2713 5441 2785 5493 Τὸ
2814 5439 2954 5511 γὰρ,
3008 5440 3235 5507 ἡμέρας
3291 5437 3387 5491 καὶ
3434 5438 3675 5500 νυκτὸς,

2101 5535 2513 5604 ἐνταῦθαςδηλοῐ
2548 5534 2607 5586 τὸ
2626 5534 3077 5587 ἀκατάπαυστον.
3127 5531 3273 5583 Ἐκεῖ
3305 5530 3415 5599 γὰρ
3448 5530 3546 5595 νὺξ
3575 5528 3677 5583 οὐκ

2102 5624 2297 5678 ἔσται’
2338 5624 2456 5678 ἀλλ’
2502 5623 2687 5693 ἡμέρα
2734 5622 2834 5692 μία
2863 5624 2983 5676 ἀντὶ
3031 5620 3172 5692 [τοῦ]
3209 5620 3472 5690 αἰσθητοῦ
3519 5618 3676 5687 ἡλίου

2102 5716 2177 5786 τῷ
2207 5715 2429 5787 [νοητῷ]
2481 5716 2580 5784 τῆς
2616 5713 2970 5783 δικαιοσύνης
3006 5714 3146 5784 ἡλίῳ
3180 5710 3674 5781 καταλαμπομένη.

2106 5808 2263 5871 Ἴσως
2293 5806 2351 5861 δὲ
2378 5805 2492 5872 νὺξ
2542 5806 2742 5860 νοεῖται
2785 5805 2879 5860 καὶ
2914 5805 2984 5859 τὰ
3017 5804 3318 5876 ἁπόκρυφα
3370 5802 3464 5857 καὶ
3501 5799 3674 5870 βαθέα
