4040 6584
362 415 466 479 9.85

1316 429 1925 494 COMMENTARIUS
1967 432 2048 492 ΙΝ
2091 433 2626 502 APOCALYPSIN.

3535 443 3644 507 εεδ

361 532 458 600 τῆς
491 529 749 598 γνώσεως
787 535 1102 608 μυστήρια·
1137 537 1329 608 ἡμέρα
1357 540 1437 607 δὲ,
1476 543 1546 596 τὰ
1585 547 1734 613 σαφῆ
1770 561 1829 596 τε
1860 544 1951 596 καὶ

2063 555 2276 602 tantum
2309 548 2446 617 dies,
2488 567 2596 607 non
2626 552 2740 609 sole
2773 554 2874 612 hoc
2926 556 3021 627 qui
3071 555 3326 614 sensibus
3356 558 3639 629 obiicitur,

363 620 624 692 εὔληπτα.
656 625 818 690 Ναὸς
845 625 901 678 δὲ
936 629 1182 694 τούτου,
1218 633 1371 686 πᾶσα
1405 635 1502 703 μὲν
1529 637 1561 703 ὴ
1592 635 1941 700 ἀνακαινιζο-

368 716 499 784 μένη
534 715 714 780 κτίσις
747 716 836 769 διὰ
871 718 966 772 τοῦ
1015 721 1334 792 Πνεύματος
1361 739 1374 752 ·
1416 724 1656 792 μάλιστα
1683 724 1739 777 δὲ
1772 727 1819 779 oi
1849 725 1942 778 τὸν

364 806 658 875 ἀρραϐῶνα
698 806 793 859 τοῦ
821 809 1142 884 Πνεύματος
1197 812 1335 864 σῶον
1387 814 1480 865 καὶ
1529 814 1793 868 ἄσϐεστον
1841 833 1944 883 φυ-

364 895 620 960 λάξαντες
649 913 663 929 ⁸
695 893 776 962 οἷς
811 901 1115 969 ὲνοικήσειν
1138 903 1234 956 καὶ
1254 903 1733 976 ὲμπεριπατήσειν
1757 908 1942 978 ἐπήγ-

365 985 573 1054 γελται.
1464 1008 1471 1014 ’

2049 633 2356 707 illustrata;
2392 642 2488 697 sed
2523 644 2649 700 Sole
2679 646 2934 716 iustitiae,
2986 650 3083 719 qui
3135 662 3320 706 mente
3370 654 3638 718 cemitur,

2047 726 2376 785 illuminata.
2404 731 2614 788 Forsan
2629 738 2794 791 etiam
2825 755 2920 808 per
2951 751 3151 794 noctem
3177 742 3447 811 proiunda
3479 759 3640 813 pror-

2047 825 2451 910 susqueabdita
2482 829 2813 897 cognitionis
2837 834 3096 901 mysteria
3129 834 3466 890 denomutur
3503 855 3516 892 :
3549 854 3640 906 per

2045 917 2185 969 diem
2210 928 2388 972 autem
2453 921 2703 989 quaedam
2767 925 3038 980 evidentia
3099 938 3373 998 captoque
3425 930 3628 984 facilia.

2060 1004 2333 1077 Temptant
2365 1012 2677 1067 autcm‘Dei
2733 1025 2816 1070 est
2845 1016 3054 1084 qumvis
3084 1026 3339 1072 creatura
3396 1034 3492 1087 per
3525 1019 3641 1085 Spi-

367 1081 526 1133 ritum
564 1080 854 1149 innovata;
893 1086 1162 1154 prmcipuc
1217 1103 1343 1143 vero
1397 1090 1648 1146 homines
1705 1091 1782 1146 illi
1854 1095 1948 1163 qui
1991 1098 2173 1152 vivum
2243 1101 2739 1176 inexstinctumque
2811 1080 3052 1176 Spiritus
3136 1110 3335 1180 pignus
3396 1080 3642 1165 lideliter

363 1177 776 1232 cnstodiveiunt
815 1197 827 1232 :
867 1181 918 1234 in
952 1181 1153 1249 quibus
1179 1198 1399 1254 quoque
1430 1184 1694 1242 Dominus
1721 1203 1799 1266 'se
1854 1190 2223 1250 ltabilaturum
2257 1198 2738 1256 etambulaturnm
2776 1203 3052 1272 promisit.

435 1292 516 1344 Οὐ
548 1291 952 1345 πεινάσουσιν
981 1292 1089 1356 ἔτι,
1131 1294 1274 1349 οὐδὲ
1307 1296 1687 1366 διψήσουσιν
1721 1299 1832 1354 ἔτι.

433 1383 695 1445 Εἰκότως.
747 1384 850 1436 Τὸν
894 1384 1002 1454 γὰρ
1060 1384 1224 1459 ἄρτον
1276 1388 1367 1442 τὸν
1426 1391 1677 1462 οὐράνιον
1743 1395 1838 1447 καὶ
1883 1394 1945 1447 τὸ

363 1471 509 1544 ὕδωρ
540 1474 638 1543 τῆς
662 1474 807 1543 ζωῆς
837 1474 1041 1540 ἕξουσι.

437 1565 572 1618 Οὐδ’
611 1569 682 1620 οὐ
703 1569 789 1636 μὴ
821 1569 982 1639 πέσῃ
1013 1571 1106 1625 ἐπ’
1153 1575 1378 1640 αὐτοὺς
1413 1571 1491 1646 [ὁ]
1545 1574 1747 1644 ἣλιος,
1795 1575 1944 1631 οὐδὲ

363 1652 489 1724 πᾶν
515 1657 736 1728 καῦμα.

2119 1307 2232 1372 VII,
2269 1309 2354 1364 16.
2382 1309 2502 1365 Non
2525 1316 2752 1368 esuriem
2776 1333 2937 1387 neque
2969 1319 3147 1372 sitient
3179 1321 3426 1390 amplius.

2121 1400 2311 1456 Merito
2345 1405 2486 1459 istud
2514 1425 2527 1460 :
2555 1407 2797 1464 habituri
2853 1421 2982 1466 sunt
3047 1413 3195 1466 enim
3242 1429 3438 1483 panem
3485 1415 3637 1470 illum

2051 1491 2353 1557 caelestem,
2393 1496 2623 1566 vitaeque
2657 1497 2884 1556 fontem.

2125 1583 2236 1640 Nec
2263 1590 2411 1642 cadet
2439 1605 2595 1659 super
2625 1590 2745 1646 illos
2766 1592 2869 1657 sol,
2887 1610 3049 1663 neque
3079 1593 3219 1650 ullus
3244 1607 3425 1653 tostus.

435 1771 547 1823 Kal.
603 1771 710 1824 ὑπὸ
747 1774 1080 1845 πειρασμῶν
1114 1774 1218 1841 ἔτι,
1247 1775 1359 1830 τῶν
1393 1776 1482 1831 διὰ
1525 1778 1620 1832 τοῦ
1661 1780 1813 1851 ἡλίου
1853 1782 1948 1836 καὶ

2122 1782 2310 1856 Neque
2333 1787 2479 1843 enim
2517 1788 2643 1844 ullis
2672 1789 2907 1859 amplius
2931 1791 3347 1858 tentationlbns,
3387 1808 3509 1863 qua
3545 1809 3639 1863 per

362 1859 458 1914 τοῦ
478 1861 762 1927 καύσωνος
783 1867 1226 1937 σημαινομένων,
1250 1869 1351 1922 οὐκ
1373 1869 1823 1944 ὀδυνηθήσονται,
1852 1872 1948 1927 τοῦ

365 1954 560 2025 καιροῦ
592 1955 703 2009 τῶν
731 1956 961 2026 ἀγώνων
995 1961 1415 2032 παρῳχηκότος.

437 2155 567 2210 Ὀτι
614 2156 682 2210 τὸ
724 2129 964 2226 Ἀρνίδν
1011 2158 1079 2215 τὸ
1120 2161 1238 2215 ἀνὰ
1304 2159 1504 2231 μέσον
1548 2161 1656 2217 τοῦ
1705 2165 1948 2233 θρόνου,

363 2249 644 2317 ποιμανεῖ
665 2251 909 2316 αὐτοὺς,
931 2253 1032 2306 καὶ
1055 2253 1346 2323 ὁδηγήσει
1370 2254 1595 2319 αὐτοὺς
1615 2254 1718 2308 ἐπὶ
1752 2255 1947 2326 ζώσας

364 2341 561 2408 πηγὰς
623 2341 857 2396 ὑδάτων
921 2343 1059 2415 [καὶ
1128 2346 1444 2416 ἐξαλείψει
1510 2351 1544 2402 d
1595 2350 1742 2418 Θεὸς
1816 2351 1953 2410 πᾶν

364 2432 629 2501 δάκρυον
664 2434 782 2487 ἀπὸ
808 2434 927 2489 τῶν
947 2437 1276 2506 ὀφθαλμῶν
1302 2438 1551 2512 αὺτῶν].

437 2547 512 2598 Τὸ
556 2546 636 2612 δὲ,
690 2548 981 2618 Ποιμανεῖ
1007 2551 1253 2617 αὐτοὺς,
1309 2552 1462 2624 δηλοῖ
1507 2555 1590 2608 ὅτι
1620 2557 1669 2608 oi
1701 2557 1808 2612 ὑπὸ
1853 2561 1948 2615 τοῦ

368 2640 608 2710 Χριστοῦ
662 2642 790 2694 τότε
819 2645 1256 2714 ποιμαινόμενοι,
1310 2647 1613 2720 ἐπιδρομὰς
1668 2651 1850 2706 λύκων
1885 2655 1946 2708 οὐ

371 2730 777 2801 φοϐηθήσονται
814 2734 910 2787 ἅτε
953 2737 1327 2806 πεμπομένων
1359 2738 1492 2811 [τῶν
1531 2741 1735 2816 λύκων]
1773 2747 1858 2809 εἰς
1887 2746 1949 2802 τδ

367 2823 478 2893 πῦρ
506 2824 568 2876 τὸ
595 2824 860 2878 ἄσϐεστον
885 2843 900 2857 °
932 2829 1050 2881 ἀλλ’
1081 2831 1175 2883 ἐπὶ
1205 2832 1306 2895 τὰς
1353 2832 1608 2904 καθαρὰς
1637 2838 1733 2889 καὶ
1757 2854 1952 2906 τρανο-

366 2916 533 2978 τάτας
570 2915 683 2970 τῶν
736 2916 898 2970 θείων
950 2921 1193 2990 νοήσεων
1246 2923 1433 2993 πηγὰς
1487 2925 1668 2990 ἀΰλως
1717 2944 1951 2999 ποιμαν-

368 3005 645 3076 θήσονται,
695 3009 1034 3080 δηλουμένας
1082 3013 1170 3066 διὰ
1201 3015 1294 3067 τοῦ
1331 3015 1526 3079 ὕδατος
1570 3017 1665 3072 τοῦ
1700 3020 1798 3074 καὶ
1842 3022 1946 3093 ἤδη

367 3099 466 3167 τὴν
494 3098 726 3169 ἄφθονον
755 3103 914 3172 χύσιν
947 3103 1040 3156 τοῦ
1075 3103 1273 3177 [θείου]
1309 3107 1628 3178 Πνεύματος
1663 3128 1946 3184 χαρακτη-

374 3192 617 3261 ρίσαντος
643 3211 658 3223 ·
684 3193 968 3263 εἰρηκότος
984 3195 1078 3248 τοῦ
1109 3197 1316 3264 Κυρίου
1340 3200 1472 3270 περὶ
1505 3200 1600 3254 τοῦ
1634 3203 1943 3275 εἰλικρινῶς

371 3283 447 3345 είς
475 3283 636 3336 αὐτὸν
668 3286 1041 3350 πιστεύοντος,
1071 3290 1154 3341 ὅτι
1180 3291 1454 3360 Ποταμοί·
1475 3292 1546 3346 ἐκ
1576 3293 1681 3361 τῆς
1713 3296 1950 3362 κοιλίας

2052 1878 2222 1933 solem
2271 1888 2325 1932 et
2371 1880 2624 1936 ardorem
2671 1881 3076 1952 signiﬁcantur,
3118 1892 3249 1939 tunc
3293 1885 3638 1939 vexabuntur

2054 1969 2137 2024 vel
2188 1970 2495 2041 aﬂligentur
2531 1990 2544 2026 :
2577 1982 2857 2030 transacto
2905 1962 3186 2030 nifnirum‘
3223 1975 3336 2047 jam
3389 1978 3637 2032 omnium

2053 2063 2416 2118 certaminum
2448 2075 2713 2134 tempore.

2124 2175 2238 2241 VII,
2270 2180 2358 2236 I7.
2386 2179 2652 2246 Quoniam
2685 2182 2866 2252 Agnus
2885 2226 2899 2250 ,
2924 2185 3016 2254 qui
3050 2185 3104 2237 in
3130 2184 3300 2238 medio
3327 2183 3503 2238 throni
3537 2193 3636 2248 est,

2053 2282 2190 2341 reget
2213 2287 2299 2326 eos
2318 2313 2332 2338 ,
2362 2282 2409 2326 et
2433 2274 2649 2330 deducet
2675 2293 2760 2330 eos
2789 2277 2859 2329 ad
2898 2278 3036 2330 vivos
3065 2266 3236 2345 fontes
3263 2293 3518 2346 aquarum
3544 2292 3562 2339 ;
3590 2285 3642 2330 et

2054 2362 2316 2434 absterget
2366 2363 2507 2419 Deus
2555 2381 2757 2420 omnent
2797 2365 3090 2436 lacrymam
3139 2365 3204 2420 ab
3239 2365 3406 2420 oculis
3435 2381 3637 2420 eorum.

2125 2560 2255 2630 Qui,
2291 2563 2502 2634 inquit,
2543 2571 2659 2618 tum
2693 2562 2961 2634 temporis
3003 2577 3034 2617 a
3077 2561 3295 2617 Christo
3325 2570 3640 2630 pascentur,

2052 2656 2307 2727 luporum
2355 2654 2702 2709 incursiones
2753 2654 2990 2723 amplius
3048 2667 3157 2707 non
3231 2651 3639 2717 l'or‘midabunt;

2052 2750 2254 2819 quippe
2301 2763 2426 2802 cum
2468 2763 2659 2802 omnes
2701 2755 2834 2802 tunc
2891 2747 3003 2816 lupi
3040 2747 3096 2800 in
3143 2745 3407 2816 gehennae
3454 2745 3644 2800 incen-

2052 2843 2226 2906 dium,
2281 2841 2426 2911 quod
2484 2856 2768 2910 nunquam
2830 2839 3244 2909 exstinguitur,
3307 2838 3643 2892 amandandi

2053 2934 2183 2988 sint.
2223 2932 2573 2987 Deducentur
2627 2941 2810 2986 autem
2842 2931 2908 2984 ad
2965 2931 3208 3000 liquidos
3241 2943 3520 3000 purosque
3557 2929 3644 2983 di-

2052 3024 2302 3077 vinarum
2352 3023 2837 3093 intelligentiarum
2869 3021 3042 3090 fontes
3066 3063 3082 3087 ,
3118 3035 3215 3090 per
3259 3035 3456 3088 aquam
3497 3019 3646 3073 desi-

2052 3125 2292 3185 gnatos:
2333 3113 2647 3183 ibidemque
2688 3127 2798 3167 non
2839 3127 3023 3166 crassa
3074 3120 3188 3173 aut,
3233 3125 3496 3179 corporea
3542 3125 3643 3180 pa.

2047 3215 2267 3259 scentur
2289 3212 2345 3258 et
2370 3205 2701 3274 pmabuntur
2723 3217 2849 3258 esca
2873 3203 2956 3257 vel
2984 3217 3147 3272 aqua,
3166 3203 3259 3258 sed
3293 3198 3646 3256 immateriali

2048 3304 2104 3350 et
2135 3294 2390 3365 spiritali.
2452 3295 2592 3361 Quin
2628 3295 2731 3350 hoc
2790 3294 2911 3364 ipso
2955 3307 3176 3363 quoque
3222 3301 3465 3362 tempore
3515 3291 3641 3347 lotis

369 3373 554 3427 αὐτοῦ
571 3374 913 3440 ῥεύσουσιν
942 3376 1160 3444 ὕδατος
1184 3378 1422 3446 ζῶντος.
1455 3377 1527 3452 ’ᾯ
1558 3384 1605 3436 οί
1639 3385 1784 3452 ἅγιοι
1820 3387 1946 3440 τότε

2071 3388 2140 3442 lle
2170 3402 2395 3442 suavem
2427 3386 2599 3442 divini
2636 3384 2875 3456 Spiritus
2915 3385 3185 3455 liquorem
3219 3383 3449 3440 l‘undere
3495 3400 3642 3439 nun-

370 3461 606 3533 δαψιλῶς
657 3467 1030 3538 ποτιζόμενοι,
1063 3471 1122 3523 ὲν
1153 3471 1477 3537 ἀγαλλιάσει
1509 3476 1608 3528 καὶ
1639 3478 1946 3551 εὐφροσύνῃ

2062 3495 2212 3550 quam
2241 3478 2467 3534 desinit.
2501 3479 2691 3548 Neque
2720 3477 2864 3534 enim
2899 3478 3168 3532 Dominus
3198 3475 3403 3531 frustra
3433 3476 3502 3531 de
3531 3475 3641 3530 illis

370 3557 695 3626 ἀπεράντως
741 3558 954 3613 ἔσονται
979 3577 993 3592 ο
1021 3561 1122 3632 τῆς
1155 3565 1396 3635 μερικῆς
1423 3567 1681 3637 γνώσεως
1735 3588 1948 3643 καταρο

2062 3573 2138 3644 iui
2171 3572 2384 3626 sincere
2403 3571 2458 3626 in
2491 3571 2670 3640 ipsum
2690 3569 2954 3626 credituri
2985 3581 3164 3636 erant,
3195 3569 3316 3626 fore
3369 3567 3644 3638 praedixit,

373 3653 671 3720 γουμένης,
702 3651 802 3723 τὴν
830 3652 1045 3708 τελείαν
1093 3655 1388 3726 κτώμενοι,
1437 3660 1536 3714 καὶ
1585 3661 1685 3732 τὴν
1735 3665 1951 3736 τροπὴν

2062 3673 2118 3718 ιιι
2156 3663 2384 3732 flumina
2438 3677 2590 3732 aqua:
2628 3663 2754 3718 viva:
2794 3661 2858 3718 de
2905 3672 3084 3717 ventre
3140 3661 3360 3715 illorum
3393 3659 3648 3713 dimana-

377 3738 516 3805 μετά
547 3741 648 3808 τῆς
683 3742 890 3813 φθορᾶς
918 3743 1339 3816 ἀπεκδυόμενοι.

2064 3758 2173 3810 rint
2203 3756 2244 3789 "
2273 3774 2287 3810 :
2317 3771 2427 3824 qua
2458 3755 2632 3812 sancti
2660 3757 2893 3813 ubertim
2927 3767 3058 3811 tunc
3094 3755 3288 3826 potati,
3329 3753 3385 3810 in
3446 3769 3644 3824 perpe-

374 3836 465 3882 tua
493 3829 677 3886 laetitia
705 3839 761 3885 et
788 3833 1151 3890 exsultatione
1174 3837 1374 3908 (legent
1409 3856 1421 3893 :
1461 3841 1664 3898 etenim
1703 3845 1933 3902 scientia
1974 3847 2069 3902 illa
2117 3861 2243 3917 qua:
2288 3862 2355 3900 ex
2409 3855 2562 3916 parte
2617 3855 2722 3911 est,
2773 3847 2947 3913 exuti,
3004 3846 3354 3916 perfectaque
3390 3845 3646 3916 locuple-

370 3922 490 3987 tati,
515 3923 664 3979 etab
702 3924 850 3979 omni
886 3934 1158 3997 praeterea.
1184 3930 1490 3988 mutatione
1523 3940 1576 3989 et
1606 3938 1963 4008 corruptione
1991 3939 2176 4008 liberi,
2203 3947 2466 3994 aeternam
2500 3939 2826 4009 beatamque
2857 3945 3024 3994 vrtam
3081 3938 3298 3994 ducturi
3332 3945 3485 3995 sunt.

947 4078 1198 4133 ΚΕΦΑΛ.
1243 4079 1373 4136 KA'.

2630 4092 2861 4152 CAPUT
2916 4094 3061 4152 XXI.

372 4233 708 4328 Aﬁgtc‘tﬁg
751 4234 1007 4328 eidollmq
1029 4237 1384 4323 σφραγῖδος,
1422 4239 1736 4328 ,διῃροῇσαὶ
1775 4243 1951 4324 drrf-

2062 4257 2264 4312 Solutio
2285 4258 2489 4326 septimi
2513 4258 2700 4328 sigilli,
2719 4274 2824 4327 qua
2858 4257 3162 4326 explicatur
3189 4259 3452 4325 quomodo
3480 4275 3651 4326 auge-

444 4306 621 4398 ⁸ἔιλεὰς
671 4304 1347 4398 δυνάμειςβροσάγειν
1374 4309 1456 4396 τνῷ
1501 4304 1625 4378 Θεῷ
1675 4314 1784 4381 τὰς
1823 4304 1951 4371 ’τών

2062 4304 2258 4382 "till;
2277 4304 2856 4382 iiﬁ'aicZé'EmciJrum
2906 4304 3084 4398 ρ’νισεε
3133 4304 3292 4382 veluti
3343 4304 3654 4398 ιιιῃηιίαῖησ

443 4375 630 4443 ἁγίων
684 4376 1054 4443 προσευχὰς,
1105 4377 1186 4444 ὡς
1210 4375 1604 4450 ’θυμιάματαξ
1758 4375 1774 4381 ⁷

2134 4375 2536 4468 ἦιὶῐάᾶάὶυἷὶιὶο
2551 4375 2820 4468 ﬁniit};

445 4489 555 4542 Kal
579 4488 677 4542 ὅτε
702 4488 910 4558 ἤνοιξε
933 4490 1047 4558 τὴν
1066 4495 1368 4563 σφραγῖδα
1393 4496 1506 4563 τὴν
1526 4497 1804 4569 ἑϐδόμην,
1835 4501 1951 4572 ἐγέ-

2139 4509 2285 4576 VIII,
2313 4512 2364 4576 ‘I,
2395 4511 2452 4568 2.
2488 4509 2556 4565 Et
2586 4527 2705 4565 eum
2740 4511 3031 4581 aperuisset
3072 4511 3307 4581 sigillum
3345 4511 3653 4580 septimum,

378 4597 516 4634 νετο
568 4582 714 4649 σιγὴ
754 4581 824 4634 ἐν
858 4580 938 4646 τῷ
987 4582 1225 4650 οὐρανῷ
1267 4585 1410 4639 ὡσεὶ
1459 4587 1778 4657 ἠμιώριον·
1854 4593 1951 4646 καὶ

2062 4603 2258 4672 factum
2290 4614 2366 4656 est
2406 4605 2672 4658 silentium
2697 4605 2748 4656 in
2777 4580 2912 4657 Vetula
2940 4580 3248 4674 utediaifere
3278 4607 3430 4657 liora.
3453 4602 3654 4657 Ε’ιυίάὶ

375 4667 539 4724 εἶδον
555 4670 698 4736 τοὺς
717 4670 866 4724 ἑπτὰ
886 4671 1176 4740 ἀγγέλους
1208 4673 1264 4727 οἳ
1275 4674 1532 4731 ἐνώπιον
1559 4677 1689 4750 [τοῦ
1711 4681 1951 4754 θρόνου]

2062 4667 2250 4762 septem
2285 4695 2497 4764 angelos
2539 4697 2593 4750 in
2628 4704 2908 4764 conspectu
2939 4694 3058 4762 Dei,
3102 4667 3153 4750 et
3198 4696 3340 4751 data:
3384 4705 3506 4772 sunt
3537 4696 3656 4752 illis

378 4762 482 4816 τοῦ
515 4761 666 4816 Θεοῦ
717 4761 1014 4830 ἑστήκασι
1036 4780 1050 4797 ·
1085 4764 1184 4818 καὶ
1232 4766 1540 4836 ἐδόθησαν
1568 4771 1775 4840 αὐτοῖς
1806 4772 1956 4829 ἑπτὰ

379 4854 731 4924 σάλπιγγες.

447 4973 667 5043 Συχνῶς
696 4975 725 5028 ὁ
757 4974 989 5045 ἀριθμὸς
1035 4977 1146 5030 τῶν
1185 4977 1335 5033 ἑπτὰ
1385 4978 1662 5050 ἀγγέλων
1693 4979 1772 5051 τῷ
1813 4983 1955 5053 ἁγίῳ

377 5069 551 5137 τούτῳ
589 5069 1102 5140 παραλαμϐάνεται,
1130 5072 1206 5134 ὡς
1243 5073 1322 5143 τῷ
1354 5073 1513 5127 αίῶνι
1551 5075 1729 5146 τούτῳ
1761 5079 1854 5130 καὶ⁵
1877 5076 1958 5148 τῷ

379 5160 739 5231 σαϐϐατισμῷ
775 5165 871 5216 καὶ
917 5163 1222 5218 ἀναπαύσει
1266 5167 1375 5218 τῶν
1407 5167 1582 5235 ἁγίων
1621 5169 1906 5240 σύστοιχος
1937 5185 1951 5201 ⁶

378 5251 457 5303 διὸ
491 5252 772 5306 κάνταῦθα
822 5257 913 5307 ἐπὶ
941 5259 1008 5327 τῇ
1038 5257 1218 5310 λύσει
1256 5255 1368 5324 τῆς
1412 5257 1671 5328 ἑϐδόμης
1705 5262 1958 5331 σφραγῖ-

379 5339 504 5407 δος,
531 5344 564 5414 ὴ
594 5343 747 5407 λύσις
774 5345 874 5415 τῆς
917 5347 1113 5417 γηῒνης
1161 5348 1439 5412 πολιτείας
1488 5350 1908 5423 διασημαίνεται
1933 5370 1947 5384 ο

381 5434 520 5486 ἑπτά
546 5435 794 5503 ἀγγέλων
822 5437 1214 5492 διακονούντων
1242 5443 1361 5505 ταῖς
1393 5445 1532 5497 κατὰ
1564 5445 1676 5498 τῶν
1709 5445 1960 5511 παιδείας

380 5527 722 5597 ἢκολάσεως
770 5530 1044 5601 δεομένων
1115 5535 1426 5606 ἀνθρώπων
1481 5539 1760 5607 μάστιξιν.
1812 5541 1874 5595 Ἦ
1905 5543 1963 5595 δὲ

380 5619 524 5689 σιγὴ
598 5621 752 5690 δηλοῖ
794 5625 895 5694 τήν
922 5643 981 5679 τε
1008 5627 1308 5699 ἀγγελικὴν
1357 5630 1616 5695 εὐταξίαν
1651 5633 1748 5685 καὶ
1807 5633 1966 5687 εὐλάς

387 5709 562 5778 ϐειαν,
598 5713 659 5767 τό
692 5731 754 5767 τε
780 5719 909 5788 περὶ
930 5719 1028 5789 τῆς
1043 5720 1301 5794 δευτέρας
1339 5723 1641 5794 παρουσίας
1666 5723 1968 5794 ἄγνωστον⁹

456 5866 498 5900 ⁸⁷
523 5866 800 5944 Joan.vn,
829 5873 918 5930 58.

2060 4793 2249 4852 septem
2282 4785 2440 4839 tubw.

2131 4987 2241 5060 34
2299 4987 2633 5058 Frequenter
2683 4999 2737 5045 et
2786 4991 3134 5046 familiariter
3192 4991 3488 5046 admodum
3560 4991 3654 5046 hic

2055 5090 2282 5138 sanctus
2311 5082 2665 5149 septenarium
2698 5099 2978 5136 numerum
3014 5084 3281 5150 assumit;
3318 5093 3373 5136 ut
3397 5084 3652 5152 quiprte-

2054 5171 2226 5226 sentis
2257 5169 2442 5225 saeculi
2479 5170 2786 5240 symbolum
2836 5172 3034 5242 praﬁse
3067 5173 3228 5238 terat,
3266 5181 3319 5227 et
3341 5173 3407 5224 ad
3453 5173 3652 5226 sabbao

2061 5268 2282 5322 tismum
2309 5272 2739 5336 sanctorumque
2765 5267 3010 5334 requiem
3055 5275 3200 5320 recta
3237 5265 3442 5319 tendat.
3469 5263 3655 5328 Quare

2062 5357 2165 5412 boc
2201 5373 2425 5429 quoque
2447 5360 2566 5414 loco
2602 5372 2698 5427 per
2729 5356 2940 5424 septimi
2969 5355 3135 5426 sigilli
3163 5355 3480 5408 solutionem
3502 5354 3649 5406 aliud

2063 5450 2198 5502 nillil
2241 5450 2489 5505 denotari
2534 5449 2842 5521 putandum
2873 5457 2977 5514 est,
3023 5462 3188 5518 quam
3249 5445 3651 5515 impendentem

2065 5541 2215 5610 regni
2271 5542 2474 5597 terreni
2528 5551 2872 5611 terrenaque
2915 5539 3041 5594 vitae
3094 5547 3148 5592 et
3212 5534 3654 5592 conversationis

2069 5633 2229 5688 linem
2259 5632 2774 5689 ctdissolutionem.
2808 5630 2909 5686 Cui
2943 5631 3018 5684 rei
3048 5628 3396 5684 subservient
3441 5632 3654 5694 septem

2069 5727 2245 5798 angeli
2267 5728 2331 5784 ad
2363 5726 2633 5799 supplicia
2665 5723 2979 5781 hominibus
3007 5721 3103 5794 qui
3137 5721 3428 5791 disciplina
3471 5728 3526 5774 et
3558 5733 3650 5772 ca-
