4034 6572
351 413 458 480 287

1525 423 1858 484 ΑΝΒΒΕιΕ
1896 424 2417 487 C/ESARIENSIS

3515 425 3622 488 288

353 531 648 602 stigatione
700 529 981 602 indigent,
1023 531 1318 603 irroganda
1371 547 1402 587 a
1463 533 1574 590 Deo
1619 537 1926 592 constituti.

2040 537 2097 591 τὸ
2135 538 2189 591 δέ
2222 538 2505 606 ἡμιώριον
2562 535 2624 589 τὸ
2665 536 2758 589 τοῦ
2827 535 3024 606 καιροῦ
3088 533 3344 604 ἐμφαίνει
3399 532 3575 612 βραχύ
3604 550 3617 564 ο

351 623 524 678 Porro
544 623 838 689 silentium,
865 623 1009 693 quod
1045 622 1249 679 factum
1277 625 1478 681 dicitur
1507 627 1559 679 in
1590 627 1740 694 caelo,
1775 644 1931 682 com-

350 717 589 786 positam
662 718 981 788 attgelorum
1067 719 1432 786 modestiam,
1514 723 1933 792 modestamque

350 809 666 862 eorumdem
691 809 1142 878 compositionem
1161 821 1215 865 et
1239 811 1596 866 reverentiam
1622 813 1894 882 signiﬁcat
1917 831 1931 881 ;

350 899 434 954 τοι
459 903 755 956 secundum
808 901 1012 958 Christi
1055 905 1349 960 adventum
1393 925 1406 960 :

2041 631 2100 684 ἐν
2128 625 2172 698 ᾧ
2205 630 2316 684 τῶν
2354 629 2579 702 πληγῶν
2630 629 3009 698 ἐπαγομένων,
3069 628 3166 681 καὶ
3216 626 3325 680 τῶν
3377 626 3470 679 ἐπὶ
3516 625 3620 694 γῆς

2043 722 2523 793 συντελουμένων,
2557 722 2593 792 ή
2657 721 2752 776 τοῦ
2812 721 3052 795 Χριστοῦ
3112 720 3362 791 βασιλεία
3443 720 3620 788 φανή-

2044 830 2216 868 σεται.

1465 921 1590 959 nam
1646 905 1736 961 hic
1789 906 1925 976 ipsis
1974 922 2195 977 quoque
2257 905 2468 977 angelis
2535 905 2850 975 incognitus
2875 914 3004 962 est:
3062 903 3226 958 Hora:
3269 903 3504 971 denique
3539 900 3621 952 di-

352 993 596 1058 midium,
631 997 894 1065 temporis
943 997 1264 1054 brevitatem
1287 1039 1302 1065 ,
1343 1000 1487 1070 quod
1545 1001 1688 1055 inter
1739 1000 1928 1071 plagas
1965 1002 2144 1057 illatas
2177 1003 2450 1073 resqucjn
2473 1007 2620 1056 terra
2645 1010 3082 1064 consummatus,
3113 1010 3167 1054 et
3211 998 3361 1070 regni
3411 997 3620 1053 Christi

350 1086 849 1144 manifestationem
883 1091 1200 1153 intercedet.

422 1180 560 1246 VIII,
594 1184 646 1238 3.
682 1182 749 1236 Et
768 1184 905 1238 alius
929 1187 1144 1255 angelus
1166 1187 1321 1250 venit,
1344 1197 1392 1240 et
1422 1187 1567 1240 stetit
1585 1196 1712 1242 ante
1735 1188 1931 1256 altare,

349 1275 542 1329 habens
572 1277 902 1330 thuribnlum
932 1295 1172 1333 aureum.

421 1387 532 1442 Etsi
585 1403 649 1441 ea
687 1403 809 1456 quas
868 1389 1078 1444 sanctis
1130 1391 1531 1453 ostenduntur.
1571 1410 1678 1448 non
1726 1395 1938 1466 absque

349 1479 592 1534 materia:
646 1480 1006 1550 colorumque
1063 1483 1343 1539 schemate
1397 1487 1612 1541 ostendi
1651 1488 1934 1554 soleant,

347 1573 463 1627 sive
495 1573 544 1626 id
573 1572 744 1627 altare
769 1573 839 1629 sit
867 1614 881 1640 ,
913 1575 1029 1630 sive
1048 1575 1383 1631 tlmribulum
1414 1619 1429 1645 _,
1465 1580 1580 1634 sive
1605 1581 1750 1635 aliud
1774 1582 1932 1651 quip-

348 1665 494 1732 piam
520 1665 832 1734 ejusmodi,
867 1678 999 1724 sunt
1050 1680 1232 1725 tamen
1264 1687 1326 1727 ea
1355 1675 1540 1728 omnia
1585 1678 1832 1732 materia:
1877 1686 1932 1731 et

346 1760 594 1813 colorum
617 1763 861 1830 expertia
887 1800 902 1825 ,
936 1777 1111 1832 neque
1127 1767 1230 1818 sub
1249 1768 1618 1835 corporalium
1645 1769 1928 1824 oculorum

349 1851 605 1906 obtutum
629 1854 880 1908 veniunt.
913 1853 1076 1910 Juxta
1110 1856 1420 1911 istiusmodi
1459 1859 1624 1929 igitur
1647 1863 1928 1931 mysticam

2111 1189 2217 1244 Kal
2247 1190 2438 1256 ἄλλος
2470 1189 2728 1259 ἅγγελος
2773 1184 2941 1260 ἦλθε,
2975 1188 3071 1242 καὶ
3099 1187 3328 1256 ἐστάθη
3364 1187 3463 1240 ἐπὶ
3510 1189 3619 1244 τοῦ

2037 1282 2493 1350 θυσιαστηρίου,
2525 1281 2684 1351 ἔχων
2713 1281 3046 1336 λιϐανωτὸν
3084 1281 3380 1350 χρυσοῦν.

2108 1395 2171 1449 Ei
2227 1397 2321 1450 καὶ
2380 1395 2811 1470 σχηματίζονται
2891 1398 2972 1459 είς
3024 1395 3157 1460 ὕλας
3201 1396 3296 1448 καὶ
3345 1395 3616 1466 χρώματα

2038 1489 2109 1542 τὰ
2152 1491 2263 1552 τοῖς
2299 1489 2476 1557 ἁγίοις
2524 1489 2816 1559 ὁρῶμεναο
2866 1490 2978 1542 εἴτε
3028 1488 3441 1558 θυσιαστήριον,
3504 1491 3614 1540 εἴτε

2041 1581 2420 1652 θυμιατήριον,
2455 1580 2565 1634 εἴτε
2595 1582 2784 1653 ἕτερόν
2813 1599 2866 1634 τι
2894 1597 2906 1609 ⁸
2940 1580 3056 1635 ἀλλ’
3085 1580 3296 1649 ἀόρατα
3328 1581 3421 1632 καὶ
3452 1581 3617 1649 νοητὰ

2038 1678 2419 1744 τυγχάνουσιν.
2489 1673 2612 1727 Ἐπὶ
2658 1673 2901 1728 τοιούτου
2946 1674 3128 1727 τοίνυν
3181 1675 3616 1744 θυσιαστηρίου

2039 1766 2171 1827 στας
2192 1766 2221 1817 ὁ
2247 1765 2499 1833 ἄγγελος,
2527 1765 2620 1818 καὶ
2645 1765 2754 1819 τὸν
2781 1753 3135 1830 λιϐανωτὸν,
3173 1764 3376 1834 δηλαδὴ
3410 1766 3474 1818 τὸ
3509 1765 3616 1818 τύν

2035 1858 2288 1912 λίϐανον
2337 1857 2669 1926 δεχόμενον
2739 1857 3168 1926 θυμιατήριον.
3224 1857 3477 1928 κρατῶν,
3519 1856 3618 1919 τὰς

347 1958 499 1996 aram
529 1944 681 1998 stetit
711 1946 961 2015 angelus,
991 1963 1232 2001 acerram
1277 1949 1509 2004 lhurisve
1537 1955 1926 2020 receptaculum

2040 1953 2200 2023 εὐχὰς
2227 1953 2336 2006 τῶν
2369 1952 2540 2021 ἁγίων
2561 1952 2639 2016 ὡς
2669 1951 2990 2022 θυμιάματα
3020 1951 3097 2021 τῷ
3122 1951 3242 2018 Θεῷ
3269 1953 3576 2021 προσέφερε
3600 1965 3613 1981 ·

349 2052 514 2091 manu
541 2046 753 2102 tenens,
783 2053 1082 2108 precesque
1126 2050 1448 2096 sanctorum
1485 2052 1748 2114 tanquam
1787 2061 1934 2114 quaa-

347 2126 473 2182 dam
499 2127 804 2182 suiﬁmenta
857 2128 966 2184 Deo
1018 2130 1274 2187 oﬂ‘erens.
1310 2131 1414 2188 Per
1465 2150 1588 2203 qua:
1617 2136 1834 2204 petebat
1875 2145 1935 2191 ut

347 2220 480 2274 orbe
509 2232 915 2289 consummato,
951 2240 1128 2293 ptenat
1175 2233 1228 2280 et
1263 2224 1475 2297 ﬂagella
1507 2243 1627 2297 qua:
1665 2229 1846 2299 impiis
1879 2238 1934 2283 et

349 2311 868 2381 praevaricatoribus
899 2315 989 2370 hic
1025 2316 1356 2383 inferuntur,
1385 2319 1650 2388 supplicia
1683 2320 1736 2374 in
1761 2321 1932 2376 altero

357 2404 564 2459 saeculo
593 2406 648 2459 in
695 2405 817 2461 illos
848 2409 1605 2476 constitutae,diminueretit,
1658 2412 1934 2482 simulque

348 2513 447 2567 per
474 2513 636 2553 suum
663 2499 957 2555 adventum
982 2501 1191 2570 justam
1231 2503 1536 2558 mercedem
1572 2503 1676 2557 illis
1705 2504 1798 2573 qui
1854 2505 1935 2558 la-

349 2590 696 2656 boraverant,
728 2593 1106 2661 persolveret;
1139 2603 1305 2664 atque
1344 2595 1447 2650 hoc
1471 2610 1537 2648 ex
1567 2595 1814 2665 proxime
1843 2611 1935 2651 se-

348 2683 646 2751 quentibus
675 2683 878 2740 clarius
902 2683 1115 2739 evadet.

431 2795 502 2850 Et
525 2798 656 2851 data
685 2807 807 2852 sunt
836 2798 918 2853 illi
942 2799 1153 2853 incensa
1175 2800 1362 2866 multa,
1390 2811 1444 2854 ut
1468 2802 1618 2856 daret
1646 2801 1711 2856 de
1735 2804 1934 2857 oratio-

348 2887 502 2942 nibus
531 2897 838 2944 sanctorum
866 2891 1099 2945 omnium
1125 2907 1284 2959 super
1311 2892 1482 2947 altare
1523 2909 1762 2959 aureum,
1796 2895 1933 2966 quod

342 2987 422 3034 est
447 2990 569 3036 ante
614 2982 880 3037 thronum.

416 3095 605 3150 Attare
640 3096 764 3163 hoc,
797 3109 883 3155 est
919 3099 1208 3169 Christus;
1261 3101 1315 3155 in
1362 3116 1474 3171 quo
1509 3101 1691 3157 omnis
1741 3112 1931 3156 sancta

343 3196 399 3242 et
432 3188 833 3245 ministratoria
881 3192 963 3248 vis
996 3193 1174 3262 posita
1213 3201 1318 3259 est,
1371 3194 1731 3264 omniumque
1785 3211 1932 3248 mar-

2035 2045 2104 2098 δι’
2137 2038 2212 2097 ὧν
2245 2043 2472 2114 ᾐτοῦντο
2506 2043 2595 2098 διὰ
2622 2045 2720 2114 τῆς
2755 2045 3101 2114 παγκοσμίου
3141 2043 3471 2105 συντελείας.
3496 2045 3616 2104 ταῖς

2039 2137 2139 2207 μὲν
2165 2140 2566 2208 τιμωρητικαῖς
2598 2135 2818 2206 μάστιξι
2851 2136 2962 2188 τῶν
2994 2135 3274 2188 δυσσεόῶν
3305 2135 3401 2187 καὶ
3433 2151 3615 2203 παρα-

2036 2229 2218 2298 νόμων
2267 2227 2572 2282 ἐλαττῶσαι
2612 2227 2710 2298 τὴν
2755 2229 2812 2280 ἐν
2842 2226 2918 2297 τῷ
2961 2227 3212 2296 μέλλοντι
3267 2225 3474 2296 [αἰῶνι]
3527 2225 3618 2276 κό-

2036 2320 2228 2374 λασινο
2267 2323 2332 2390 τῇ
2364 2319 2420 2372 δέ
2449 2321 2634 2390 οἰκείᾳ
2683 2321 2963 2390 παρουσίᾳ
3001 2320 3129 2381 τοὺς
3175 2319 3404 2387 μισθοὺς
3440 2334 3613 2368 κατα-

2035 2418 2222 2484 νεῖμαι
2271 2415 2384 2478 τοῖς
2446 2414 2765 2468 κοπιάσασι.
2822 2413 2932 2466 Καὶ
2988 2411 3149 2465 τοῦτο
3207 2413 3272 2464 ἐκ
3318 2409 3427 2463 τῶν
3485 2405 3612 2475 ἐξῆς

2034 2508 2336 2564 δείκνυται.

2107 2801 2219 2856 Kal
2248 2799 2426 2869 ἐδόθη
2465 2798 2627 2865 αὐτῷ
2675 2801 3014 2869 θυμιάματα
3051 2798 3272 2860 πολλὰ,
3311 2798 3412 2850 ἵνα
3445 2795 3616 2864 δώσῃ

2035 2894 2165 2960 ταῖς
2215 2892 2584 2961 προσευχαῖς
2637 2891 2756 2945 τῶν
2786 2891 2972 2960 ἁγίων
3023 2889 3266 2943 πάντων
3294 2888 3393 2941 ἐπὶ
3424 2887 3487 2941 τό
3513 2892 3616 2942 θυ-

2035 2985 2400 3055 σιαστήριον
2436 2984 2502 3038 τὸ
2532 2984 2807 3054 χρυσοῦν
2836 2983 2904 3037 τὸ
2937 2981 3195 3036 ἐνώπιον
3232 2981 3338 3036 τοῦ
3373 2981 3612 3049 θρόνου.

2108 3099 2552 3168 Θυσιαστήριον
2583 3097 2639 3150 δὲ
2673 3095 2948 3166 χρυσοῦν
3006 3096 3034 3148 ὁ
3061 3093 3298 3165 Χριστός
3345 3095 3494 3146 ἐστιν
3519 3110 3531 3123 ’
3556 3094 3617 3146 ἐν

2036 3185 2080 3260 ᾧ
2115 3192 2265 3244 πᾶσα
2303 3188 2655 3258 λειτουργικὴ
2704 3187 2798 3240 καὶ
2849 3187 2982 3254 ἁγία
3015 3185 3317 3256 συνέστηκε
3359 3183 3611 3254 δύναμις,

347 3288 529 3350 tyrum
590 3283 827 3340 victimae
871 3293 927 3340 et
988 3287 1258 3342 sacriﬁcia
1317 3287 1671 3343 immolantur
1713 3298 1767 3343 et
1801 3288 1930 3342 olle-

2040 3284 2133 3338 καὶ
2177 3283 2233 3337 αἱ
2285 3281 2624 3353 μαρτυρικαὶ
2657 3280 2838 3333 θυσίαι
2889 3278 3392 3349 προσκομίζονται·
3445 3270 3505 3330 οὗ
3547 3273 3616 3347 ἦν

342 3380 543 3428 runtur
584 3375 781 3446 :cujus
813 3392 1028 3449 quoque
1060 3388 1222 3450 typus
1249 3389 1370 3435 erat
1407 3382 1539 3435 illud
1574 3381 1720 3450 quod
1767 3381 1933 3435 simul

344 3479 470 3519 cum
511 3468 870 3524 tabernaculo
904 3482 1187 3528 ostensum
1235 3483 1320 3529 est
1379 3472 1552 3544 Moysi
1604 3473 1658 3526 in
1723 3480 1931 3528 monte.

351 3555 724 3628 Thymiamala
747 3573 930 3616 autem
977 3575 1104 3619 sunt
1126 3566 1408 3620 orationes
1445 3573 1786 3627 sanctorum,
1812 3579 1934 3634 qua:

345 3649 478 3716 Deo,
521 3662 583 3706 ut
620 3653 827 3708 dictum
861 3663 967 3721 est,
1001 3657 1142 3726 grati
1170 3658 1356 3712 odoris
1405 3657 1524 3711 loco
1558 3665 1707 3712 suut.
1760 3655 1930 3710 Ctete-

345 3757 469 3796 rum
493 3742 664 3798 altare
693 3745 850 3812 illud,
875 3747 1023 3816 quod
1046 3747 1325 3804 Christum
1361 3761 1483 3801 esse
1503 3746 1746 3802 diximus
1769 3785 1784 3810 ,
1813 3751 1935 3797 ante

347 3833 630 3902 thronum,
697 3836 800 3892 hoc
843 3845 928 3892 est
980 3838 1033 3892 in
1059 3847 1355 3908 conspectu
1386 3845 1702 3892 sanctarum
1737 3850 1930 3905 supre-

349 3941 677 3999 marumque
711 3929 992 3996 virtutum,
1026 3947 1148 4002 quae
1185 3931 1496 4001 proximum
1522 3931 1590 3986 ad
1631 3929 1800 3985 Deum
1843 3943 1933 3983 ac-

348 4035 564 4082 cessum
600 4023 821 4090 habent,
855 4024 1019 4079 situm
1052 4034 1158 4081 est.
1215 4023 1311 4080 lla:
1353 4026 1499 4079 enim
1548 4031 1772 4093 propter
1797 4021 1932 4076 cllu-

350 4129 471 4170 sum
495 4117 893 4188 incensumque
909 4120 1106 4175 divinae
1130 4121 1416 4175 charitatis
1435 4118 1710 4184 ardorem,
1736 4115 1933 4186 exqui-

2037 3374 2212 3436 τύπος
2245 3373 2305 3425 τὸ
2327 3372 2539 3442 δειχθὲν
2567 3372 2626 3424 ἐν
2654 3369 2731 3440 τῷ
2755 3370 2870 3439 ὄρει
2900 3369 2976 3438 τῷ
3006 3369 3178 3437 Μωσῇ
3213 3367 3311 3419 σὺν
3345 3368 3409 3438 τῇ
3438 3369 3612 3436 σκηνῇ

2038 3466 2449 3536 θυσιαστήριον.
2478 3464 2559 3516 Τὰ
2586 3463 2643 3516 δὲ
2673 3461 3029 3530 θυμιάματα,
3073 3462 3128 3514 al
3157 3460 3461 3530 προσευχαὶ
3507 3459 3618 3510 τῶν

2035 3558 2228 3624 ἀγίων,
2263 3556 2340 3619 ὡς
2382 3553 2601 3618 εὐώδεις
2629 3553 2708 3624 τῷ
2744 3551 2883 3622 Θεῷ,
2924 3551 3069 3606 καθὰ
3139 3551 3418 3605 λέλεκται.
3494 3551 3617 3602 Ἐν-

2035 3648 2224 3701 ώπιον
2239 3648 2295 3701 δὲ
2312 3646 2415 3700 τοῦ
2434 3644 2886 3715 θρόνου,δηλαδὴ
2905 3643 3014 3696 τῶν
3042 3641 3366 3713 ὕπερτάτων
3398 3638 3615 3712 [ἁγίων]

2042 3739 2326 3809 δυνάμεων
2354 3737 2465 3809 [τὸν
2508 3734 2769 3808 Χριστὸν]
2804 3735 3016 3806 εἴρηκε,
3061 3733 3148 3787 διὰ
3189 3734 3288 3804 τὴν
3328 3733 3484 3802 χύσιν
3516 3732 3616 3799 τῆς

2039 3832 2096 3884 ἐν
2112 3830 2302 3892 αὐταῖς
2328 3827 2580 3898 ἐμπύρου
2606 3827 2758 3890 θείας
2775 3827 3017 3896 ἀγάπης,
3042 3825 3135 3878 καὶ
3162 3824 3261 3894 τῆς
3279 3822 3615 3894 ἀκραιφνοῦς

2042 3922 2234 3991 σοφίας
2265 3937 2324 3974 τε
2351 3921 2445 3973 καὶ
2474 3918 2750 3988 γνώσεως.
2784 3917 2965 3988 Ὅπερ
2989 3917 3247 3987 ἐμφαίνει
3276 3917 3308 3985 ή
3345 3913 3615 3986 ἑρμηνεία

2039 4015 2149 4070 τῶν
2165 4013 2450 4084 ὀνομάτων
2471 4013 2580 4065 τῶν
2601 4010 2683 4081 τῷ
2700 4009 2820 4081 Θεῷ
2841 4007 3265 4080 πλησιαζουσῶν
3293 4007 3616 4077 ὑπερτάτων

2039 4107 2342 4177 δυνάμεων.

348 4213 621 4278 sitamque
675 4187 958 4266 scientiam
1017 4221 1072 4266 et
1121 4212 1484 4283 sapientiam,
1541 4189 1663 4281 qtize
1708 4205 1933 4276 inﬂipsi:

2040 4201 2300 4259 xsistunt,
2350 4191 2797 4263 etlsingularem
2863 4197 3127 4258 praeterea
3185 4187 3614 4252 excellentiam,

351 4300 675 4354 thronorum
722 4298 1144 4370 appellationem
1188 4280 1350 4355 haud
1398 4280 1746 4355 incommode
1789 4294 2134 4353 sortiuntur;
2195 4283 2659 4356 quemadmodum
2697 4292 2787 4353 {ex
2849 4280 3134 4336 nominum
3193 4295 3446 4350 quoque,
3494 4293 3617 4348 qua:

349 4392 460 4452 illis
491 4391 745 4470 imposita
771 4400 923 4458 sunt,
954 4391 1409 4464 interpretatione
1436 4372 1594 4447 facile
1627 4388 1842 4445 ostendi
1881 4386 1929 4439 id
1961 4389 2144 4453 queat.

417 4483 554 4551 Vlll,
589 4485 643 4539 4.
676 4484 745 4540 Ει
775 4487 1011 4540 ascendit
1044 4491 1224 4556 [timus
1263 4488 1614 4548 incensorum,
1677 4481 1741 4535 tle
1800 4497 1926 4535 ora-

351 4579 580 4632 tionibus
623 4588 949 4644 sanctorum,
975 4580 1040 4635 de
1067 4596 1226 4633 manu
1260 4579 1455 4648 angeli,
1491 4591 1671 4630 coram
1696 4573 1824 4626 Deo.
1857 4570 1930 4623 Et

352 4669 555 4737 accepit
595 4669 812 4739 angelus
847 4669 1177 4724 thuribulum
1199 4684 1419 4722 aureum
1443 4679 1493 4721 et
1525 4663 1760 4733 implevit
1798 4661 1932 4716 illud

275 4745 277 4748 ’
352 4760 416 4815 de
445 4761 560 4831 igne
591 4761 806 4830 altaris,
846 4769 896 4816 et
926 4762 1068 4815 misit
1092 4762 1146 4815 in
1180 4769 1396 4814 terram.

424 4962 752 5018 Sanctorum
783 4977 977 5033 preces
1000 4977 1096 5032 per
1114 4959 1365 5030 angelum
1391 4965 1627 5028 accepta:
1644 4965 1697 5012 et
1719 4957 1933 5022 oblatae,

351 5054 583 5112 eﬂ'ecc're
620 5064 679 5110 ut
725 5055 832 5127 35
883 5053 1212 5109 thuribulum
1243 5043 1510 5122 puniitorio
1571 5052 1688 5122 igne
1725 5052 1936 5118 plenum

352 5149 405 5202 in
445 5161 644 5203 terram
678 5149 1047 5219 cﬂ‘underetur
1074 5190 1088 5213 ,
1139 5149 1301 5203 sicuti
1343 5147 1473 5202 olim
1523 5161 1745 5216 quoque
1795 5160 1936 5200 unus

350 5258 416 5296 ex
444 5242 740 5298 Cherubim
765 5242 1018 5313 apparuit
1053 5239 1349 5302 Ezechieli,
1382 5239 1470 5309 qui
1502 5237 1813 5294 istiusmodi
1832 5252 1934 5305 pu-

355 5334 615 5390 nitorium
654 5335 835 5406 ignem
869 5332 1101 5401 accepit,
1132 5343 1531 5400 acceptumque
1569 5328 1816 5399 angelis,
1841 5327 1935 5396 qui

353 5430 420 5482 ad
442 5426 732 5496 impiorum
759 5424 1130 5480 habitatorum
1169 5420 1402 5476 civitatis
1432 5419 1933 5490 Hierosolymorum

355 5519 783 5575 internecionem
820 5515 1197 5581 mittebantur,
1243 5513 1488 5569 tradidit.
1536 5511 1713 5581 Hujus
1752 5520 1936 5566 autem

352 5610 532 5681 angeli
599 5619 784 5678 typum
815 5609 954 5678 gerit
1022 5607 1396 5677 unusquilibet
1435 5606 1709 5677 pontifex,
1748 5616 1937 5676 utpote

355 5703 623 5758 mediator
648 5701 790 5755 inter
820 5700 989 5756 Deum
1013 5709 1067 5754 et
1097 5700 1374 5754 hominem
1418 5699 1770 5755 constitutus.
1798 5697 1936 5754 Nam

353 5804 410 5852 ct
435 5792 596 5863 hujus
623 5807 810 5862 preces
837 5808 1056 5850 sursum
1088 5792 1291 5857 evehit,
1326 5791 1471 5847 illius
1491 5801 1672 5846 autem
1705 5790 1937 5861 gratiam

358 5897 410 5942 ct
461 5884 903 5958 propitiationcm
956 5886 1210 5944 deorsum
1251 5883 1478 5944 revehit.
1525 5883 1676 5942 Alios
1716 5898 1936 5942 rursum

2106 4471 2213 4526 Kal
2270 4469 2453 4537 ἀνέϐη
2501 4471 2533 4522 ὀ
2580 4468 2813 4533 καπνὸς
2862 4468 2984 4520 τῶν
3034 4464 3416 4534 θυμιαμάτων
3483 4464 3616 4529 ταῖς

2042 4559 2408 4629 προσευχαῖς
2451 4558 2572 4611 τῶν
2617 4558 2805 4627 ἁγίων
2835 4557 2902 4610 ἐκ
2955 4555 3155 4625 χειρὸς
3193 4555 3301 4609 τοῦ
3352 4554 3615 4625 ἀγγέλου

2038 4651 2297 4705 ἐνώπιον
2334 4649 2441 4704 τοῦ
2500 4649 2650 4703 Θεοῦ
2675 4665 2688 4677 °
2725 4648 2828 4705 καὶ
2865 4649 3125 4717 al.1129937-
3163 4650 3196 4700 ό
3225 4645 3483 4716 ἄγγελος
3513 4647 3617 4699 τὸν

2038 4739 2390 4804 λιϐανωτὸν,
2457 4739 2556 4793 καὶ
2603 4739 2884 4807 ἐγέμισεν
2933 4737 3123 4791 αὑτὸν
3163 4736 3233 4790 ἐκ
3275 4737 3382 4790 τοῦ
3427 4736 3618 4809 πυρρς

2038 4834 2144 4888 τοῦ
2181 4833 2638 4900 θυσιαστηρίου,
2677 4830 2774 4886 καὶ
2803 4830 3026 4883 ἔϐαλεν
3049 4830 3138 4895 εὶς
3171 4828 3286 4896 τὴν
3322 4827 3457 4898 γῆν.

2108 4948 2174 5001 Ai
2233 4943 2634 5015 διακονηθεῖσαι
2694 4941 2763 4996 δι’
2805 4939 3036 5010 ἀγγέλου
3083 4938 3191 4994 τῶν
3236 4940 3408 5007 ἀγίων
3461 4955 3622 5009 προσ-

2038 5041 2194 5112 ευχαλ⁴
2245 5035 2657 5108 προσδεχθείσαι
2685 5075 2700 5100 ,
2732 5034 2830 5088 καὶ
2889 5032 2996 5087 τοῦ
3064 5031 3458 5102 τιμωρητικοῦ
3508 5047 3620 5083 πυ-

2032 5134 2144 5203 ρὸς
2235 5130 2343 5183 τὸν
2430 5126 2800 5183 λιϐανωτὸν·
2841 5125 3241 5193 πληρώσασαι
3270 5164 3285 5188 ,
3362 5122 3456 5174 ἐπὶ
3519 5121 3618 5191 τὴν

2038 5227 2144 5295 γῆν
2193 5221 2492 5292 ἐκχυθῆναι
2553 5220 2959 5289 πεποιήκασιν
3014 5215 3206 5284 ὥσπερ
3295 5214 3466 5268 πάλαι
3544 5212 3620 5282 τῷ

2050 5318 2311 5387 Ἰεζεκιὴλ
2357 5316 2529 5386 ἐφάνη
2612 5312 2672 5378 ἐξ
2737 5312 2856 5377 ἐνὸς
2901 5309 3012 5365 τῶν
3065 5307 3352 5380 Χερουϐὶμ
3420 5309 3486 5361 ἐκ
3522 5304 3618 5358 τοῦ

2037 5414 2278 5471 τοιούτου
2323 5413 2494 5483 πυρὸς
2542 5410 2747 5482 ληφθὲν
2778 5411 2890 5472 τοῖς
2919 5406 3174 5476 ἀγγέλοις
3208 5403 3472 5466 δίδοσθαι,
3506 5403 3618 5464 τοῖς

2040 5508 2368 5580 πεμφθεῖσιν
2398 5507 2478 5570 εἰς
2506 5506 2606 5576 τὴν
2631 5504 2740 5559 τῶν
2769 5501 3075 5573 οἰκητόρων
3105 5499 3206 5569 τῆς
3253 5495 3618 5568 Ἰερουσαλὴμ

2038 5603 2146 5658 τῶν
2219 5598 2662 5670 δυσσεὸεστέρων
2742 5595 3011 5663 ἐκκοπὴν.
3079 5591 3188 5645 Τοῦ
3246 5591 3304 5644 δέ
3369 5589 3606 5657 ἀγγέλου

2039 5696 2228 5749 τούτου
2278 5695 2448 5748 τύπον
2484 5691 2672 5761 ἐπέχει
2698 5688 2932 5750 ἕκαστος
2966 5686 3252 5758 ἱερὰρχης,
3282 5682 3358 5746 ὡς
3392 5683 3619 5750 μεσίτης

2039 5787 2174 5845 Θεοῦ
2215 5786 2309 5840 καὶ
2365 5783 2708 5854 ἀνθρώπων·
2760 5780 2856 5835 καὶ
2899 5779 3009 5833 τῶν
3067 5777 3169 5849 μὲν
3234 5775 3334 5838 τὰς
3395 5773 3619 5843 κλήσεις

2042 5881 2289 5949 ἀνάγων·
2323 5878 2432 5932 τῶν
2472 5877 2527 5931 δέ
2553 5875 2640 5933 τὸν
2671 5872 2902 5943 ἱλασμὸν
2935 5873 3194 5942 κατάγων
3218 5867 3393 5944 ’-τοὺς
3424 5865 3482 5920 δέ
3506 5864 3615 5920 τῶν
