4040 6574
395 399 498 458 289

1345 398 1949 465 COMMENTARIUS
1988 401 2074 461 IN
2109 397 2636 464 APOCALYPSIN.

3533 407 3643 471 290

397 507 820 580 ἁμαρτανόντων
879 507 1228 580 ἐπιστρέφων
1257 550 1271 570 ,
1308 510 1339 579 ἢ
1385 510 1559 582 λόγῳ,
1606 514 1638 581 ἢ
1694 515 1948 572 παιδείαις

2070 513 2223 565 suavi
2293 512 2598 582 blandoque
2647 510 3040 570 admonitionis
3092 515 3259 572 verbo
3314 534 3345 574 a
3401 523 3640 590 peccatis

397 601 694 672 αὐστηροτέ
702 619 848 672 ραις.

469 774 575 828 Καὶ
600 774 881 843 ἐγένοντο
913 776 1101 843 φωναὶ
1129 775 1226 829 καὶ
1247 776 1501 844 ,βρονταί
1536 778 1631 830 καὶ
1661 779 1966 847 ἀστραπαὶ

397 863 495 917 και
523 867 774 932 σεισμός
798 880 812 893 ⁸
843 864 939 918 καί
967 868 1019 918 οἱ
1048 865 1197 918 ἑπτὰ
1224 866 1462 935 ἄγγελοι
1501 870 1554 920 οἱ
1592 868 1836 933 ἔχοντες
1859 867 1966 931 τὰς

398 956 544 1009 ἑπτὰ
591 955 951 1026 σάλπιγγας,
989 958 1327 1027 ἡτοίμασαν
1361 959 1618 1024 ἑαυτοὺς
1663 960 1763 1012 ἵνα
1807 965 1963 1014 oat-

398 1052 678 1104 πίσωσιν.

465 1130 564 1194 Διᾶ
577 1143 781 1196 τούτων
799 1143 1016 1196 πάντων
1032 1142 1102 1196 τὰ
1120 1143 1225 1214 πρὸ
1242 1144 1340 1214 τῆς
1360 1145 1668 1208 συντελείας
1685 1163 1962 1216 χαρακτη-

396 1233 634 1304 ρίςονται
670 1233 934 1304 φόϐητρα,
968 1233 1288 1304 καθάπερὲν
1305 1235 1382 1304 τῷ
1404 1236 1531 1305 Σινᾷ
1551 1236 1666 1306 δρει
1691 1235 1839 1298 θείας
1855 1254 1962 1289 πα-

397 1325 618 1396 ρουσίας
649 1325 1006 1396 ἐγνωρίζοντο
1027 1325 1293 1394 σύμϐολα,
1318 1328 1527 1390 πάντας
1555 1328 1962 1398 καταπλήττον-

395 1435 484 1482 τα,
519 1417 613 1470 καὶ
650 1417 782 1487 πρὸς
799 1417 1131 1489 ἐπιστροφὴν
1149 1420 1273 1482 τούς
1287 1420 1823 1489 εὐγνωμονεστέρους
1839 1421 1961 1474 ὲνά-

394 1525 574 1574 γοντα.
587 1510 652 1561 Ἀ
661 1511 860 1577 meum
876 1509 928 1561 δὲ
945 1509 1152 1572 τούτοις
1177 1509 1615 1575 διακονοῦσιν,ὼς
1636 1513 1806 1582 ἰατροὶ
1825 1529 1887 1564 συ
1897 1531 1962 1582 μ-

395 1599 585 1661 παθεῖς
598 1600 1056 1670 Χριστομιμήτως
1076 1615 1089 1629 ⁸
1112 1602 1379 1672 καυτῆρσι
1397 1603 1490 1655 καὶ
1507 1605 1702 1672 τομαῖς
1718 1605 1842 1666 τούς
1859 1604 1958 1673 τὴν

391 1691 698 1760 δεινοτάτην
747 1690 848 1759 τῆς
889 1691 1163 1761 ἁμαρτίας
1199 1693 1351 1745 νόσον
1382 1693 1743 1757 ἀσθενοῦντας
1793 1693 1957 1764 θερα-

395 1781 650 1843 πεύοντες
681 1797 698 1813 °
727 1781 759 1852 ἢ
791 1782 850 1833 τό
883 1798 946 1849 γε
983 1781 1367 1852 μετριώτερον,
1399 1785 1513 1844 τοῖς
1565 1783 1956 1854 ῥᾳθυμοτέρως

2069 602 2456 665 avertit;alios
2489 612 2667 656 autem
2701 606 2959 659 scveriori
3001 609 3236 676 quadam
3277 612 3641 680 castigatione

2064 700 2118 745 et
2142 691 2425 760 disciplina
2455 693 2520 746 ad
2548 708 2737 748 sanam
2773 703 3008 750 mentem
3053 699 3283 755 reducit.

2137 778 2273 845 VIII,
2300 781 2355 845 5,
2380 781 2432 836 6.
2468 781 2538 834 Et
2560 784 2705 851 facta
2748 796 2869 838 sunt
2903 789 3136 841 tonitrua
3169 801 3216 843 et
3250 807 3393 845 voces
3414 835 3428 858 ,
3453 804 3500 846 et
3531 795 3641 862 [ul-

2063 888 2217 941 gura,
2243 882 2292 926 et
2317 883 2670 928 terrwmotus.
2705 875 2772 928 Et
2793 887 2986 944 septem
3027 881 3232 948 angeli,
3268 884 3359 952 qui
3381 885 3638 939 habebant

2062 973 2256 1031 septent
2287 964 2463 1027 tubas,
2492 980 2924 1035 pra’paraverunt
2945 986 2997 1023 se
3023 980 3078 1023 ut
3108 973 3233 1026 tuba
3261 987 3528 1030 canerent.

2131 1142 2236 1196 Per
2273 1141 2386 1196 haec
2414 1143 2596 1197 omnia
2627 1151 2864 1199 terrores
2899 1145 2972 1199 illi
3000 1155 3056 1201 et
3082 1147 3262 1212 minae,
3293 1165 3415 1219 qua:
3446 1152 3631 1207 saeculi

2061 1235 2583 1288 consummationem
2617 1236 2978 1303 antecedent,
3016 1239 3414 1296 adumbrantur
3443 1261 3457 1297 :
3491 1245 3634 1300 sicut

2059 1325 2247 1380 eadem
2308 1327 2361 1380 in
2405 1335 2586 1381 monte
2629 1327 2758 1382 Sina
2806 1341 3021 1396 quoque
3071 1331 3204 1384 certi
3252 1331 3446 1388 divina:
3492 1351 3631 1405 pra:-

2061 1417 2246 1472 sentiae
2337 1417 2542 1472 indices
2622 1426 2814 1484 erant,
2894 1420 3302 1490 salutaremque
3375 1426 3628 1482 timorem

2060 1508 2339 1570 omnibus,
2359 1508 2494 1564 bene
2513 1509 2808 1579 praesertim
2828 1509 3041 1566 allectis
3067 1512 3424 1571 incutiebant.
3445 1519 3633 1588 Angeli

2060 1608 2243 1654 autem
2273 1601 2468 1654 harum
2509 1617 2691 1656 rerum
2739 1604 3070 1670 administri,
3103 1615 3362 1676 tanquam
3416 1610 3630 1664 miseri-

2058 1690 2252 1746 cordes
2301 1691 2760 1762 condolentesque
2830 1696 3062 1763 medici,
3130 1700 3257 1752 dum
3316 1702 3380 1754 ad
3427 1700 3629 1756 Christi

2059 1780 2370 1850 exemplum
2399 1784 2640 1838 cauteria
2687 1792 2742 1839 et
2771 1787 3040 1843 sectiones
3088 1788 3195 1845 illis
3247 1791 3507 1848 adhibent
3535 1794 3628 1862 qui

391 1875 490 1942 τὴν
524 1873 821 1943 μέλλουσαν
859 1873 1301 1942 ἐπικουφίζοντες
1353 1873 1594 1937 κόλασιν,
1628 1875 1676 1926 εί
1703 1875 1948 1928 ὁπωσοῦν

2059 1873 2292 1939 graviori
2324 1884 2666 1942 peccatorum
2708 1879 2900 1932 morbo
2959 1888 3228 1946 tenentur,
3285 1893 3377 1938 aut
3405 1888 3630 1939 omnino

393 1969 728 2038 εὐχαρίστως
783 1967 1101 2034 ὲνέγκωσιν.
1167 1967 1345 2036 Ἥμᾶς
1402 1968 1480 2034 δὲ,
1515 1968 1640 2030 τοὺς
1665 1967 1742 2038 τῷ
1788 1967 1948 2038 τιμίῳ

2058 1972 2256 2015 curant
2311 1962 2670 2032 morbumque
2715 1965 3040 2038 proﬂigant,
3090 1981 3186 2025 aut
3219 1971 3432 2042 ignavis
3483 1983 3630 2029 certe

395 2057 532 2130 [τοῦ]
582 2056 819 2128 Χριστοῦ
871 2059 1343 2128 ὲσφραγισμένους
1409 2060 1656 2129 ὀνόματι,
1714 2059 1808 2112 καὶ
1857 2059 1948 2130 τὴν

2058 2051 2393 2124 ingratisque
2443 2056 2756 2111 hominibus
2801 2058 3043 2114 futurum
3101 2065 3430 2131 supplicium
3495 2081 3628 2121 non-

393 2150 544 2213 δόξαν
575 2150 682 2202 τῶν
713 2149 884 2217 ἁγίων
936 2150 1332 2214 ὲπιποθοῦντας
1356 2191 1372 2217 ,
1423 2151 1519 2204 καὶ
1571 2153 1681 2215 τοῖς
1723 2150 1956 2206 ἐνταῦθα

393 2241 658 2309 ἀλγεινοῖς
687 2243 786 2311 τὴν
807 2241 916 2294 τῶν
950 2243 1254 2312 μελλόντων
1299 2243 1478 2297 πόνων
1510 2244 1686 2314 φυγὴν
1725 2245 1954 2314 εὐχομέ-

395 2350 534 2396 νους,
591 2332 862 2386 παιδεύων
936 2336 966 2387 ό
1013 2334 1390 2405 φιλάνθρωπος
1449 2335 1672 2406 Κύριος,
1725 2336 1803 2406 τῷ
1856 2337 1954 2406 τῆς

393 2422 660 2492 ἁμαρτίας
701 2423 913 2494 θανάτῳ
939 2425 1012 2494 μὴ
1038 2425 1367 2493 παραδώσοι,
1400 2425 1582 2490 καθὼς
1602 2426 1914 2498 γέγραπται
1937 2443 1952 2458 ο

391 2513 521 2566 ἀλλὰ
543 2515 772 2585 πραΰνοι
804 2517 938 2586 ἡμῖν
962 2517 1059 2579 τὰς
1092 2516 1334 2586 πονηρὰς
1367 2517 1578 2588 ἡμέρας
1597 2519 1704 2572 τῶν
1724 2519 1956 2573 αἰωνίων

389 2606 680 2671 κολάσεων,
752 2607 878 2660 ὅταν
936 2609 1106 2678 όρυγῇ
1175 2607 1366 2678 βόθρος
1414 2609 1492 2680 τῷ
1530 2611 1629 2680 τῆς
1683 2610 1955 2680 ἁμαρτίας

389 2697 581 2770 εὐρετῇ
602 2701 630 2752 ὁ
659 2701 907 2772 ἀφεγγὴς
933 2701 1028 2770 τῆς
1049 2701 1271 2769 γεέννης
1296 2702 1471 2772 χῶρος
1501 2705 1594 2756 καὶ
1617 2703 1914 2773 βαθύτατος
1935 2719 1950 2735 ⁸

386 2791 550 2857 ὅπως,
584 2790 712 2844 ἔνθα
743 2792 1184 2862 εὐφραινομένων
1223 2795 1438 2847 πάντων
1467 2795 1499 2864 ἡ
1530 2795 1806 2859 κατοικία,
1841 2797 1954 2857 τοῖς

387 2882 557 2949 ἁγίοις
588 2882 1053 2953 συναυλιζόμενοι,
1106 2885 1202 2936 σὺν
1215 2884 1361 2954 αὐτῷ
1388 2885 1462 2954 τῷ
1489 2884 1702 2955 Σωτῆρι
1735 2886 1954 2956 Χριστῷ

383 2974 460 3044 τῷ
481 2975 598 3044 Θεῷ
615 2975 770 3044 ἡμῶν
805 2974 1064 3047 [ἐσόμεθα
1174 2971 1217 3043 ᾧ
1244 2976 1442 3048 πρέπει
1474 2979 1621 3030 πᾶσα
1654 2977 1952 3044 δοξολογία,

383 3067 514 3136 τιμή
534 3083 592 3118 τε
619 3067 713 3119 καὶ
744 3067 1132 3136 προσκύνησις,
1161 3068 1274 3136 ἅμα
1301 3069 1381 3136 τῷ
1414 3067 1586 3136 Πατρὶ
1600 3070 1693 3120 καὶ
1718 3067 1796 3136 τῷ
1812 3083 1951 3119 παν-

383 3157 524 3227 αγίῳ
579 3157 884 3224 Πνεύματι,
907 3158 1002 3212 νῦν
1020 3159 1112 3210 καὶ
1135 3159 1240 3222 ἀεὶ,
1264 3159 1450 3222 καὶεῐς
1472 3160 1596 3221 τοὺς
1619 3157 1819 3220 αἰῶνας
1841 3157 1949 3211 τῶν

379 3247 609 3305 αἰώνων.
653 3249 845 3320 Ἀμήν.

2061 2145 2200 2198 nihil
2251 2146 2542 2202 sublevare
2599 2149 3040 2221 moderatiusque
3085 2153 3307 2209 reddere
3353 2167 3625 2226 satagunt.

2055 2235 2162 2292 Nos
2185 2247 2362 2293 autem
2393 2277 2409 2304 ,
2460 2239 2553 2309 qui
2604 2243 2847 2310 pretioso
2885 2243 3086 2300 Christi
3125 2247 3348 2301 nomine
3380 2249 3624 2319 insigniti

2057 2346 2266 2397 sumus,
2296 2343 2718 2402 sanctorumque
2770 2335 2998 2404 gloriam
3034 2340 3359 2407 expetimus,
3413 2356 3624 2396 necnon

2055 2437 2152 2490 per
2181 2437 2371 2492 poenas
2408 2431 2460 2477 et
2488 2424 2768 2479 molestias
2791 2463 2806 2490 ,
2837 2442 2959 2496 quae
2991 2427 3078 2482 hic
3110 2429 3438 2496 inferuntur,
3477 2433 3626 2486 futu-

2056 2528 2239 2568 rorum
2267 2513 2513 2567 laborum
2533 2522 2588 2568 et
2609 2515 2986 2570 molestiarum
3017 2520 3234 2588 pondus
3255 2521 3486 2576 evadere
3507 2538 3630 2592 per-

2054 2615 2329 2676 optamus,
2393 2607 2706 2662 misericors
2765 2608 2906 2664 Deus
2959 2610 3312 2682 clemensque
3371 2611 3534 2668 Pater
3570 2614 3626 2668 in

2056 2695 2157 2749 bac
2186 2695 2402 2749 mortali
2437 2699 2544 2750 vita
2581 2698 2654 2752 ita
2686 2699 2869 2768 expiet
2923 2709 2977 2753 et
3029 2702 3290 2772 castiget,
3323 2711 3382 2758 ut
3415 2705 3468 2758 in
3502 2718 3628 2773 pec-

2053 2787 2162 2839 cati
2197 2795 2422 2840 mortem
2464 2802 2570 2841 non
2602 2789 2817 2855 tradat;
2860 2790 2991 2859 quin
3033 2792 3213 2861 potius
3244 2795 3472 2848 acerbos
3502 2795 3626 2850 illos

2052 2889 2380 2932 aeternorum
2436 2881 2776 2935 cruciatnum
2825 2880 2942 2936 dies
2987 2885 3144 2940 nobis
3186 2895 3299 2940 tum
3352 2887 3623 2958 mitigare,

2055 2971 2164 3025 imo
2193 2986 2318 3025 vero
2346 2987 2572 3040 prorsus
2602 2973 2842 3027 adimere
2872 2973 3148 3045 dignetur,
3174 2990 3298 3030 cum
3329 2975 3624 3046 impietatis

2054 3063 2322 3116 inventori
2356 3064 2508 3118 fovea
2541 3066 2794 3131 fodietur,
2822 3067 3090 3121 obscurus
3116 3067 3370 3121 nimirum
3397 3067 3623 3136 profun-

2053 3155 2422 3224 dissimusque
2458 3157 2716 3228 gebcnna:
2750 3157 2901 3212 locus
2939 3173 2954 3211 :
2989 3173 3099 3228 quo
3130 3158 3344 3213 tandem
3369 3159 3624 3214 omnibus

1975 3241 2018 3299 ϐ
2052 3246 2358 3301 lzrtantibus
2395 3247 2449 3300 in
2489 3256 2802 3302 sanctorum
2843 3247 3208 3302 habitaculum
3245 3247 3480 3318 recepti,
3517 3261 3620 3300 una

377 3354 500 3393 cum
551 3340 657 3394 illis
697 3340 1022 3409 Christoque
1055 3339 1162 3394 Deo
1193 3348 1246 3394 et
1288 3341 1577 3397 Servatore
1607 3347 1795 3394 nostro
1840 3345 2102 3406 perpetuo
2131 3338 2378 3392 vivamus
2409 3354 2423 3391 :
2476 3353 2638 3408 quem
2666 3338 2821 3392 decet
2849 3339 3023 3394 omnis
3053 3339 3314 3410 gloria,et
3345 3341 3538 3402 honor.
3567 3346 3625 3398 et

376 3432 645 3500 adoratio,
670 3433 835 3488 simul
901 3449 1024 3496 cum
1091 3435 1246 3488 Patre
1271 3442 1323 3488 et
1356 3433 1706 3488 sanctissimo
1741 3430 1948 3501 Spiritu
1973 3431 2027 3484 in
2056 3431 2224 3524 saecul
2246 3445 2274 3483 a
2315 3431 2671 3488 smeulorum.
2709 3434 2905 3487 Amen.

755 3567 1004 3622 ΚΕΦΛΛ.
1041 3568 1167 3623 ΚΒ’.
1227 3571 1446 3624 ΛΟΓΟΣ
1477 3569 1560 3625 H'.

375 3703 512 3768 Περὶ
544 3700 664 3775 τῶν
711 3701 860 3755 ἑπτὰ
910 3703 1179 3775 ἀπάξων
1206 3717 1219 3731 ’
1246 3702 1392 3775 Δ[ἐξ]
1430 3697 1521 3775 ὧν
1561 3703 1667 3775 cpi}
1710 3702 1943 3775 πρώτου

444 3774 882 3844 (renitatem-rec,
911 3769 1136 3842 χᾶλαζὶι
1165 3772 1260 3826 καὶ
1277 3769 1408 3841 ’πῦρ
1431 3774 1528 3829 καὶ
1546 3769 1687 3844 αἷμα
1708 3769 1806 3827 ἐπὶ
1832 3773 1944 3842 τῆς

442 3841 556 3910 γῆς
585 3843 848 3911 φέρεται.

443 3981 550 4034 Kal
583 3983 616 4034 ὀ
643 3979 874 4048 πρῶτος
902 3981 1155 4051 ἅγγελος
1187 3981 1522 4035 ἐσάλπισε’
1567 3981 1664 4036 καὶ
1703 3979 1942 4049 ἐγένετο

369 4073 598 4142 χάλαζα
649 4074 745 4126 καὶ
799 4074 918 4142 πῦρ
969 4076 1336 4144 μεμιγμένον
1391 4076 1461 4128 ἐν
1534 4075 1771 4143 αἵματι·
1845 4075 1944 4127 καὶ

367 4165 591 4234 ἐϐλήθη
621 4168 708 4232 είς
737 4165 850 4232 τὴν
887 4165 1006 4236 γῆν
1029 4184 1042 4198 ’
1075 4168 1173 4220 καί
1211 4168 1278 4219 τὸ
1310 4167 1506 4234 τρίτον
1532 4165 1642 4234 τῆς
1675 4163 1943 4234 γῆς-κατ-

368 4257 516 4324 εκάη
539 4273 551 4286 ·
611 4258 709 4310 καὶ
748 4256 815 4310 τὸ
847 4258 1050 4325 τρίτον
1074 4255 1192 4309 τῶν
1217 4255 1480 4324 δένδρων
1507 4254 1764 4322 κατεκάη
1798 4271 1810 4284 °
1846 4255 1942 4308 καί

370 4347 486 4414 πᾶς
521 4351 733 4417 χόρτος
766 4348 996 4417 χλωρὸς
1020 4347 1300 4414 κατεκάη.

439 4439 627 4492 Ταῦτά
653 4456 796 4492 τισιν
825 4436 1002 4502 ἔδοξεν
1035 4437 1367 4492 αἰνίττεσθαι
1399 4437 1494 4509 τὴν
1520 4439 1578 4491 ὲν
1600 4437 1790 4509 γεέννῃ
1826 4436 1934 4490 τῶν

2380 3585 2611 3642 CAPUT
2668 3586 2834 3641 XXII.
2893 3586 3123 3645 SERMO
3175 3590 3286 3646 Vlll

2046 3697 2125 3752 De
2151 3707 2344 3772 septem
2374 3697 2575 3772 angelis
2596 3737 2629 3772 ,_
2661 3714 2688 3751 e
2739 3714 2962 3772 quorum
2997 3716 3212 3754 numero
3251 3701 3376 3754 dum
3414 3703 3618 3772 primus

2121 3769 2244 3904 t’uba
2267 3768 2434 3836 canit,
2458 3768 2684 3838 grando,
2721 3779 2770 3820 et
2792 3769 2931 3838 ignis
2951 3810 2965 3835 ,
2986 3786 3048 3823 ac
3075 3773 3288 3840 sanguis
3322 3773 3378 3825 in
3414 3768 3617 3828 terram

2156 3849 2320 3893 ertur.

2156 3855 2320 3893 ertur.

2122 3974 2251 4043 VIII,
2288 3977 2338 4031 7.
2383 3973 2471 4028 Et-
2495 3976 2695 4044 primus
2722 3977 2936 4046 angelus
2970 3977 3094 4031 tuba
3134 3981 3360 4045 cecinit;
3388 3991 3436 4034 et
3472 3983 3617 4052 facta

2041 4076 2118 4120 est
2139 4066 2338 4136 grando
2359 4077 2403 4120 et
2438 4066 2572 4135 ignis
2605 4067 2762 4118 ntista
2798 4068 2852 4120 in
2897 4071 3185 4136 sanguine’;
3213 4079 3260 4123 et
3297 4073 3511 4126 missum
3540 4083 3616 4126 est

2043 4159 2096 4210 in
2135 4169 2328 4210 terram
2359 4168 2406 4210 et
2433 4158 2585 4210 tertia
2610 4173 2732 4225 pars
2752 4167 2906 4211 terra:
2938 4158 3209 4213 combusta
3229 4172 3304 4213 est
3328 4177 3348 4224 ;
3378 4174 3426 4216 et
3458 4165 3613 4217 tertia

2022 4246 2164 4318 'pars
2195 4250 2442 4303 arborum
2465 4259 2794 4304 concremata
2817 4260 2893 4304 est
2916 4268 2935 4316 ,°
2959 4260 3008 4305 et
3037 4268 3188 4306 onme
3221 4254 3399 4323 fenum
3442 4257 3612 4311 uiride

2043 4342 2364 4395 combustum
2388 4353 2488 4397 est.

2127 4433 2341 4499 lsthaac,
2377 4443 2435 4489 ut
2473 4435 2798 4505 quibusdam
2829 4436 3026 4506 placet,
3058 4436 3318 4492 denotant
3347 4440 3613 4510 supplicia

370 4530 706 4601 ἁμαρτωλῶν
734 4530 977 4594 κόλασιν,
1019 4530 1374 4600 πολυτρόπως
1397 4530 1484 4582 διὰ
1513 4529 1620 4582 τῶν
1662 4530 1935 4600 αἰσθητῶν

2048 4525 2222 4595 impiis
2252 4535 2305 4580 et
2336 4528 2716 4597 peccatoribus
2752 4529 2890 4599 apud
2922 4529 3125 4586 inferos
3148 4531 3444 4586 constituta
3473 4570 3487 4594 ,
3519 4548 3612 4586 va-

369 4621 644 4690 ὀδυνηρῶν
667 4619 1175 4693 τροπολογουμένην
1205 4637 1218 4651 ·
1255 4622 1418 4691 ἡμεῖς
1448 4619 1506 4673 δὲ
1533 4620 1824 4690 νομίζομεν
1851 4621 1939 4673 διὰ

366 4715 425 4766 τὸ
457 4713 690 4783 μάλιστα
724 4712 785 4765 ού
829 4711 928 4782 τὴν
955 4712 1142 4783 τρίτην
1187 4715 1380 4782 μοῖραν
1409 4708 1550 4764 εἶναι
1577 4711 1685 4764 τῶν
1717 4711 1964 4776 κολαζοο·

370 4803 546 4871 μένων
580 4804 639 4854 ὲν
669 4801 746 4872 τῷ
785 4801 1034 4872 μέλλοντι
1096 4797 1299 4871 [αἰῶνι]
1348 4799 1414 4850 ἐκ
1449 4797 1542 4852 τοῦ
1581 4799 1782 4861 παντὸς
1832 4798 1940 4851 τῶν

363 4895 665 4967 ἀνθρώπων
695 4893 1085 4965 πληρώματος,
1118 4893 1253 4946 ἀλλὰ
1281 4891 1378 4962 τὴν
1405 4892 1623 4944 πλείονα
1658 4890 1941 4962 (Elateia

364 4989 470 5056 γὰρ
522 4987 737 5060 [φησιν]
791 4989 829 5056 ή
865 4986 1006 5050 ὁδὸς
1045 4987 1083 5053 ἡ
1138 4985 1459 5054 ἀπάγουσα
1517 4987 1606 5051 εἰς
1658 4985 1775 5052 τὴν
1820 4985 1934 5039 ὰπ-

359 5080 625 5148 ώλειαν),
655 5079 752 5142 τὰς
777 5077 884 5148 πρὸ
910 5078 1009 5147 τῆς
1037 5077 1342 5140 συντελείας
1371 5077 1571 5146 μᾶλλον
1589 5076 1761 5130 ταῦτα
1795 5077 1933 5146 πλη-

361 5170 463 5237 γὰς
498 5171 782 5240 ἐμφαίνειν
811 5186 826 5201 ο
865 5171 960 5224 καὶ
1010 5170 1126 5236 τὴν
1179 5169 1278 5239 μὲν
1311 5168 1576 5239 χάλαζαν
1632 5168 1827 5238 δηλοῦν
1870 5168 1932 5222 τὸ

360 5262 648 5332 οὐρανόθεν
698 5262 854 5332 ἧκειν
908 5263 1048 5314 κατὰ
1079 5260 1283 5314 δίκαιον
1330 5263 1505 5330 κρῖμα
1548 5261 1645 5323 τὰς
1679 5260 1932 5324 τοιαύτας

364 5354 632 5424 μάστιγας
659 5369 675 5385 ο
705 5353 771 5407 τὸ
795 5353 850 5407 δὲ
883 5353 1002 5422 πῦρ
1028 5353 1151 5406 σὺν
1182 5348 1260 5422 τῷ
1312 5353 1532 5420 αἵματι,
1579 5353 1677 5415 τὰς
1705 5354 1768 5406 ὲκ
1800 5353 1931 5424 βαρ-

361 5445 603 5517 ϐαρικῶν
635 5445 838 5516 χειρῶν
870 5447 1163 5515 γινομένας
1193 5445 1567 5514 πυρπολήσεις
1603 5462 1662 5498 τε
1713 5447 1808 5498 καὶ
1838 5449 1933 5499 ἁν-

358 5536 682 5606 ὃροκτασίας
738 5537 1032 5608 ὁσημέραι.
1106 5536 1226 5605 Ὑφ’
1278 5530 1354 5589 ὧν
1417 5535 1517 5588 οὐκ
1571 5535 1792 5589 ἔλαττον
1837 5537 1930 5590 τοῦ

359 5629 542 5699 τρίτου
579 5631 801 5699 μέρους,
833 5630 908 5695 ὡς
937 5630 1179 5700 ὁρῶμεν,
1207 5629 1316 5684 τῶν
1334 5630 1391 5685 ὲν
1410 5631 1476 5700 τῇ
1527 5631 1596 5700 γῇ
1623 5629 1932 5700 κτισμάτων

435 5817 475 5848 ⁸⁸
504 5815 692 5873 Matth.
720 5833 813 5882 vlt,
844 5816 925 5872 l3.

2039 4620 2136 4674 riis
2168 4620 2342 4674 modis
2371 4629 2534 4690 atque
2575 4621 2906 4690 metaphoris
2938 4636 3035 4690 per
3068 4637 3156 4677 res
3199 4623 3429 4677 sensiles
3452 4663 3466 4685 ,
3495 4639 3610 4692 pue-

2038 4727 2166 4766 nam
2198 4711 2399 4768 inferre
2451 4723 2629 4782 aptas,
2693 4714 3034 4768 adumbrata.
3074 4713 3184 4769 Nos
3241 4723 3422 4769 autem
3466 4717 3613 4770 arbi-

2039 4813 2248 4857 tramur
2282 4820 2387 4859 non
2422 4806 2634 4860 tertiam
2665 4815 2876 4860 tantum
2926 4807 3239 4861 mortalium
3307 4815 3516 4876 partem
3546 4824 3609 4862 ex

2038 4903 2150 4949 tota
2184 4895 2467 4950 hominum
2495 4897 2843 4952 multitudine
2870 4897 2924 4951 in
2955 4898 3140 4952 futuro
3177 4900 3378 4953 saecqu
3425 4913 3613 4969 pinnas

2041 4988 2289 5042 daturam
2314 5026 2329 5051 ,
2363 4989 2456 5043 sed
2487 4988 2646 5059 longe
2671 4990 3003 5043 maximam:
3033 4989 3142 5060 36
3182 4989 3320 5044 Lata
3366 5008 3608 5061 namque,

2041 5091 2102 5134 ut
2130 5081 2389 5135 Dominus
2405 5081 2480 5134 ait
2504 5120 2518 5144 ,
2553 5091 2626 5134 est
2655 5091 2828 5149 porta,
2873 5092 2921 5135 et
2951 5083 3189 5150 spatiosa
3238 5092 3316 5136 est
3341 5084 3448 5147 via,
3493 5099 3612 5153 qua:

2041 5171 2188 5224 ducit
2207 5172 2275 5224 ad
2296 5172 2643 5240 perditionem
2675 5173 2739 5237 ’⁸,
2774 5171 3018 5242 adeoque
3048 5188 3145 5242 per
3171 5173 3286 5228 ham
3316 5174 3610 5244 signiﬁcari

2043 5272 2313 5318 tormenta
2335 5273 2391 5317 ct
2438 5265 2734 5329 cruciatus,
2773 5265 2866 5335 qui
2901 5265 3217 5321 hominibus
3263 5276 3388 5320 ante
3425 5268 3607 5320 saeculi

2040 5356 2568 5410 consummationem
2591 5354 2894 5411 inl‘erentur
2927 5375 2942 5411 :
2983 5367 3038 5412 et
3061 5359 3370 5428 grandinem
3393 5357 3608 5428 quidem

2039 5447 2298 5514 indicare,
2335 5447 2502 5504 Deum
2527 5448 2766 5519 justaira
2796 5461 3151 5520 provocatum
3203 5449 3470 5517 ejusmodi
3510 5447 3612 5502 lla-

2045 5541 2181 5610 gella
2233 5541 2452 5598 coalitus
2482 5543 2778 5598 immittere
2831 5560 2845 5596 :
2900 5545 3071 5613 ignem
3127 5552 3308 5596 autem
3358 5544 3611 5612 sanguine

2043 5633 2266 5688 mixtum
2288 5675 2303 5703 ,
2335 5635 2680 5706 quotidianas
2709 5635 3175 5705 depopulatioues,
3223 5632 3472 5690 incendia
3519 5635 3612 5691 iti-
