4040 6586
384 389 490 456 291

1552 377 1879 439 ANDREAZ
1917 377 2437 439 CIESARIENSIS

3541 381 3650 443 299.

394 504 519 555 dem
565 507 620 555 et
666 495 841 553 caedes
880 509 978 565 per
1036 490 1400 545 Barbarorum
1440 505 1637 545 manus
1687 490 1866 543 illatas
1892 531 1906 552 ,
1938 504 1964 541 a

2090 489 2169 571 (αῖ
2231 489 2374 541 κατὰ
2431 488 2491 541 τὸ
2524 487 2784 559 αἰσθητὸν
2826 487 3141 559 ἀνήλωται·
3186 489 3279 543 τοῦ
3314 491 3552 561 πολέμου
3585 494 3646 544 ού

383 594 585 663 quibus
637 590 900 644 nimirum
944 586 1100 640 tertia
1148 599 1275 654 pars
1328 599 1509 637 rerum
1548 599 1666 651 quae
1728 583 1779 635 in
1821 592 1964 635 terra

388 689 629 745 exstant,
667 682 1004 731 altsutnetur.
1050 673 1253 727 Bellum
1284 672 1567 727 enimnon
1612 681 1820 725 tantum
1870 672 1967 724 ho-

393 774 589 834 mines,
625 772 715 825 sed
766 769 917 822 hutni
949 782 1168 836 quoque
1216 766 1537 830 nascentia,
1584 774 1641 817 ut
1694 765 1964 829 videmus,

388 865 582 917 laedere
609 873 660 916 et
688 875 1012 915 consumere
1034 860 1192 911 solet.
1215 856 1357 923 Quin
1381 858 1572 910 beatus
1600 855 1713 909 loel
1731 871 1968 923 quoque,

392 956 521 1008 dum
577 964 701 1007 ante
753 967 1008 1021 magnum
1063 950 1207 1004 diem
1263 949 1471 1003 Domini
1528 948 1859 1016 sanguinem,
1916 956 1965 999 et

390 1049 594 1115 ignem,
630 1055 676 1097 et
706 1060 948 1112 vaporem
976 1042 1111 1108 fumi
1132 1040 1407 1093 exnritura
1438 1039 1587 1101 dicit,
1619 1046 1864 1090 nostram
1898 1038 1969 1091 de

387 1138 501 1208 jam
539 1137 834 1207 propositis
866 1135 1173 1203 opinionem
1211 1131 1385 1184 valide
1416 1130 1735 1198 ;contlrmat.

971 1237 1200 1294 CAPUT
1238 1237 1426 1294 XXIII.

392 1358 469 1412 De
489 1356 715 1411 secundo
740 1354 955 1424 angelo,
983 1366 1262 1424 eorumque
1300 1350 1521 1403 interitu
1554 1364 1671 1419 qua:
1713 1349 1873 1401 vitam
1917 1350 1969 1402 in

982 1423 1118 1473 mari
1141 1423 1353 1489 degunt.

466 1536 599 1605 Vill,
636 1536 690 1599 8,
730 1535 783 1589 9.
813 1532 878 1587 Et
908 1533 1169 1587 secundus
1221 1532 1438 1600 angelus
1471 1531 1598 1583 tuba
1653 1531 1878 1593 cecinit;
1922 1540 1970 1584 et

394 1640 644 1697 tanquam
702 1643 849 1678 mons
901 1640 1124 1693 magnus
1168 1624 1282 1691 igne
1330 1623 1542 1686 ardens,
1582 1622 1772 1673 missus
1809 1632 1883 1674 est
1918 1622 1969 1674 in

394 1732 576 1771 mare:
603 1728 650 1770 et
685 1716 827 1786 facta
859 1724 935 1767 est
984 1717 1138 1766 tertia
1195 1728 1319 1780 pars
1387 1713 1547 1765 maris
1614 1714 1830 1781 sanguis
1866 1728 1884 1765 :
1923 1723 1971 1765 et

2070 583 2195 644 τοὺς
2218 581 2543 652 ἀνθρώπους
2578 582 2761 651 μόνον,
2789 580 2921 632 ἀλλὰ
2945 580 3037 633 καὶ
3064 580 3131 633 τὰ
3158 580 3257 649 τῆς
3282 580 3384 648 γῆς
3418 581 3648 649 ὲκφόρια

2071 673 2253 725 πάντα
2304 672 2811 733 καταναλίσκοντος.
2845 672 2953 723 Καὶ
2985 674 3013 725 ὁ
3058 672 3327 742 μακάριος
3373 673 3429 725 δὲ
3497 673 3651 741 Ἰωὴλ

2068 757 2213 829 αἷμα
2245 761 2479 829 καὶπῦρ
2502 762 2599 812 καὶ
2636 760 2850 828 ἀτμίδα
2878 761 3110 813 καπνοῦ
3146 761 3370 829 πρὸτῆς
3406 762 3650 831 μεγάλης

2072 852 2285 922 ἡμέρας
2334 852 2503 905 εἰπὼν
2541 852 2881 917 ἐλεύσεσθαι,
2937 852 3035 923 τὴν
3075 853 3352 925 ἡμετέραν
3393 855 3651 924 κρατύνει

2072 948 2203 1017 περὶ
2227 947 2333 998 τῶν
2357 945 2686 998 ἐκτεθέντων
2710 946 3003 1015 ὑπόληψιν.

2652 1182 2903 1308 mill.
2950 1246 3077 1302 ΚΓ.

2074 1362 2213 1430 Περὶ
2238 1362 2341 1415 τοῦ
2360 1360 2638 1429 δεύτερον
2656 1360 2937 1428 ἀγγέλου,
2957 1360 3052 1411 καὶ
3080 1358 3189 1423 τῆς
3211 1360 3512 1426 ἀπωλείας
3536 1357 3654 1413 τῶν

2492 1432 2561 1483 ὲν
2593 1430 2876 1499 θαλάσσῃ
2904 1431 3211 1499 ἐμψύχων.

2147 1545 2252 1597 Kal
2278 1544 2307 1596 ὁ
2329 1543 2606 1609 δεύτερος
2633 1543 2885 1611 ἅγγελος
2914 1541 3237 1605 ἐσάλπισε,
3278 1542 3377 1594 καὶ
3411 1542 3491 1608 ὠς
3517 1541 3651 1609 ὄρος

2068 1636 2227 1706 μέγα
2266 1636 2405 1701 πυρὶ
2443 1636 2762 1703 καιόμενον
2782 1633 3009 1700 ἐϐλήθη
3035 1636 3122 1698 εὶς
3152 1633 3266 1701 τὴν
3303 1633 3651 1688 θάλασσαν’

2079 1728 2176 1779 καὶ
2204 1726 2439 1795 ἐγένετο
2472 1724 2537 1779 τὸ
2568 1728 2768 1793 τρίτον
2796 1724 2904 1792 τῆς
2942 1725 3261 1791 θαλάσσης
3333 1721 3475 1794 αἷμα
3499 1742 3513 1758 ·
3557 1726 3655 1778 καὶ

394 1815 602 1859 mortua
632 1815 707 1858 est
732 1804 887 1857 tertia
919 1818 1043 1870 pars
1074 1812 1336 1854 creatura:
1358 1818 1536 1854 eorum
1568 1819 1685 1871 qua:
1706 1802 1964 1857 [rubebant

2090 1817 2339 1873 ἀπέθανε
2380 1816 2523 1889 [καὶ]
2579 1816 2645 1870 τὸ
2692 1818 2893 1885 τρίτον
2949 1816 3068 1869 τῶν
3102 1816 3441 1885 κτισμάτων
3473 1817 3541 1869 ἐν
3583 1817 3658 1883 τῇ

394 1902 602 1954 animas
633 1901 686 1953 in
721 1899 878 1964 mari,
922 1905 969 1951 et
1011 1896 1167 1949 tertia
1197 1912 1322 1965 pars
1350 1896 1562 1949 navium
1602 1897 1827 1951 interiit.

465 2097 604 2165 Quin
660 2098 837 2167 ipsum
899 2111 1119 2167 quoque
1158 2113 1303 2149 mare
1343 2095 1506 2149 simul
1557 2109 1681 2149 cum
1744 2096 1810 2149 iis
1855 2110 1976 2164 qua:

392 2190 561 2244 vitam
600 2190 653 2242 in
698 2204 763 2243 eo
808 2189 1040 2257 degunt,
1072 2187 1373 2256 expiatorio
1418 2187 1541 2255 igne
1579 2194 1701 2255 post
1731 2201 1978 2241 commu-

402 2295 528 2334 nem
560 2279 741 2333 carnis
800 2279 1258 2331 resurrectionem
1307 2274 1811 2345 cettllagraturum,
1872 2275 1977 2330 hoc

411 2370 534 2425 loco
563 2371 828 2424 insinuari
861 2370 1078 2423 videtur
1106 2388 1118 2423 :
1151 2385 1315 2438 quam
1349 2368 1798 2432 insinuationem,
1848 2382 1977 2420 eru-

403 2464 642 2517 ditorutn
681 2462 1044 2531 quorumdam
1083 2462 1391 2529 opinionem
1424 2460 1594 2514 secuti
1623 2499 1638 2522 ,
1688 2459 1830 2513 haud
1879 2459 1979 2511 int-

406 2552 743 2620 probaliilem
788 2552 1189 2605 existimamus.
1230 2550 1371 2603 Nihil
1403 2567 1531 2604 sane
1575 2553 1792 2605 obstare
1829 2550 1979 2605 vide-

405 2649 515 2703 tur,
550 2639 653 2693 nisi
693 2639 873 2692 forsan
914 2640 1082 2692 tertiae
1129 2640 1300 2707 partis
1330 2640 1549 2693 mentio.
1614 2637 1748 2691 Nam
1811 2640 1981 2693 multo

405 2732 612 2800 plures,
653 2740 711 2785 ut
751 2732 956 2783 dictum
1016 2742 1117 2793 est,
1182 2732 1533 2799 sempiternis
1593 2733 1767 2799 ptenis
1807 2732 1981 2800 subji-

404 2825 665 2887 ciuntur,
731 2838 892 2891 quam
946 2832 1206 2875 alternam
1268 2822 1497 2875 salutent
1551 2834 1977 2891 consequantur.

405 2914 628 2968 Interim
671 2914 853 2966 minus
888 2912 1137 2967 fortassis
1188 2929 1216 2965 a
1276 2928 1441 2981 scopo
1494 2913 1893 2979 aberrabimus,
1936 2915 1982 2968 si

402 3015 725 3074 praesentem
779 3006 975 3067 vitam,
1023 3020 1141 3073 quae
1193 3008 1560 3072 tuetapltorice
1604 3021 1749 3058 mare
1800 3005 1984 3074 appel-

402 3097 567 3160 latur,
627 3098 815 3151 istltazc
863 3095 1207 3149 incommoda
1268 3095 1594 3159 subituram,
1634 3096 1980 3163 tertiamque,

2079 1908 2359 1976 θαλάσσῃ
2393 1908 2489 1960 καὶ
2521 1907 2592 1961 τὰ
2619 1908 2835 1976 ἔχοντα
2884 1905 3089 1976 ψυχάς
3123 1921 3136 1936 ·
3191 1907 3289 1960 καὶ
3336 1907 3402 1959 τὸ
3454 1907 3658 1975 τρίτον

2080 1998 2197 2051 τῶν
2223 1999 2452 2051 πλοίων
2474 1998 2782 2066 διεφθάρη.

2150 2090 2259 2143 Καὶ
2280 2089 2375 2160 τὴν
2402 2089 2673 2161 θάλασσαν
2696 2130 2710 2156 ,
2756 2090 2896 2144 κατὰ
2924 2091 2986 2144 τὸ
3030 2091 3186 2159 δόξαν
3223 2091 3335 2145 τισὶ
3356 2134 3371 2159 ,
3412 2092 3511 2145 σὺν
3545 2093 3659 2155 τοῖς

2080 2180 2137 2232 ὲν
2171 2181 2309 2251 αὐτῇ
2358 2180 2436 2249 τῷ
2485 2181 2771 2253 καθαρσίῳ
2830 2184 2964 2251 πυρὶ
3019 2184 3319 2253 καιομένην
3371 2186 3509 2254 μετὰ
3559 2187 3656 2253 τὴν

2081 2273 2379 2326 ἀνάστασιν
2406 2272 2496 2327 διὰ
2520 2273 2724 2327 τούτων
2748 2273 3033 2343 δηλοῦσθαι
3060 2276 3407 2345 ἐνομίζομεν,
3438 2279 3485 2328 εἰ
3519 2278 3593 2345 μὴ
3618 2278 3651 2347 ή

2080 2362 2174 2415 τοῦ
2201 2362 2383 2433 τρίτου
2413 2364 2602 2433 μνήμη
2630 2364 2969 2435 ἀνάρμοστος
2988 2367 3116 2435 ἡμῖν
3147 2365 3282 2435 πρὸς
3328 2364 3486 2417 τοῦτο
3528 2383 3663 2419 κατ-

2081 2456 2333 2525 εφαίνετο
2355 2473 2368 2486 ο
2392 2456 2634 2519 πλείονες
2664 2456 2793 2526 γὰρ,
2833 2456 2909 2518 ὡς
2937 2457 3171 2526 εἴρηται,
3206 2456 3313 2510 τῶν
3338 2456 3661 2526 σωζομένων

2082 2549 2131 2600 οἱ
2156 2547 2531 2617 κολαζόμενοι.
2562 2547 2717 2599 Κατὰ
2744 2547 2927 2616 μέντοι
2951 2548 3241 2616 ἀναγωγὴν
3258 2548 3407 2600 οὐδὲν
3436 2548 3661 2611 ἀπεικὸς

2082 2640 2173 2692 τὸν
2195 2639 2438 2709 παρόντα
2462 2638 2594 2709 βίον,
2613 2638 2891 2708 τροπικῶς
2911 2638 3297 2708 ὠνομασμένον
3318 2638 3660 2704 θάλασσαν,

2082 2732 2255 2784 ταῦτα
2295 2732 2645 2801 ὑφίστασθαι,
2677 2732 2771 2783 καὶ
2800 2731 2907 2783 τῶν
2939 2732 2995 2782 ὲν
3036 2732 3172 2800 αὐτῇ
3214 2732 3274 2783 τὸ
3302 2733 3486 2799 τρίτον
3538 2734 3663 2794 ταῖς

2086 2823 2321 2905 πληγαῖς
2355 2823 2725 2874 συντελεῖσθαι
2751 2838 2764 2852 ’
2817 2822 2903 2875 διὰ
2961 2822 3018 2874 δὲ
3072 2822 3169 2892 τὴν
3202 2821 3312 2875 τῶν
3345 2821 3505 2874 θείων
3541 2839 3664 2891 κρι-

2089 2916 2275 2986 μάτων
2308 2915 2565 2978 ἇὸυσσον,
2618 2912 2699 2984 [ἦ]
2734 2916 2857 2976 τοὺς
2893 2914 2991 2981 μὲν
3021 2915 3171 2983 παρὰ
3204 2914 3371 2976 πόδας
3406 2913 3660 2977 κολάζει,

2084 3010 2195 3070 τοῖς
2224 3008 2278 3060 δὲ
2310 3007 2676 3077 μακροθυμεῖ,
2706 3007 2841 3074 πρὸς
2875 3006 3212 3076 ἐπιστροφὴν
3242 3006 3333 3058 καὶ
3366 3006 3656 3074 μετάνοιαν

2088 3098 2366 3171 [honos].
2401 3102 2575 3167 Ὅρος
2598 3099 2653 3152 δὲ
2678 3098 2831 3167 μέγα
2861 3098 3139 3168 ἡγούμεθα
3168 3097 3401 3151 νοεῖσθαι
3430 3098 3519 3150 τὸν
3548 3097 3665 3150 διά-

404 3204 527 3257 quze
560 3188 610 3241 in
639 3192 755 3257 ipsa
784 3188 1159 3255 vivit,partetn
1193 3187 1363 3256 plagis
1387 3187 1505 3241 istis
1526 3186 1907 3252 exercendam,
1927 3198 1979 3240 et

2094 3190 2270 3256 ϐολον,
2292 3190 2367 3254 ὡς
2406 3192 2499 3243 καί
2522 3207 2633 3243 τισι
2668 3191 2777 3242 τῶν
2808 3191 3144 3243 διδασκάλων
3179 3189 3346 3254 ἔδοξε,
3380 3189 3499 3261 [τῴ]
3532 3189 3667 3260 πυρῖ

405 3279 833 3333 consumendum
863 3280 1202 3343 dixerimus,
1246 3278 1514 3348 siquidem
1563 3279 1631 3333 ob
1679 3279 1988 3333 divinorum

403 3374 735 3444 judiciorum
761 3374 1015 3445 abyssum
1045 3373 1124 3439 ﬁt,
1143 3386 1199 3427 ut
1224 3372 1311 3425 alii
1332 3372 1550 3442 quidem
1577 3372 1830 3426 scelerati
1867 3386 1992 3425 eve-

410 3464 571 3533 stigio
594 3465 924 3533 puniantur;
950 3464 1040 3517 alii
1060 3479 1189 3516 vero
1220 3462 1286 3517 ad
1310 3463 1721 3517 conversionem
1743 3472 1797 3516 et
1818 3463 1991 3531 paeni-

417 3554 642 3606 tentiam
683 3553 772 3607 diu
800 3554 1139 3621 multumque
1161 3562 1565 3619 exspectentur.
1596 3552 1863 3605 Caeterum
1898 3568 1993 3621 per

411 3653 640 3697 montem
681 3662 929 3715 magnum
952 3644 1226 3699 diabolum
1247 3644 1585 3713 designatum
1618 3645 1946 3698 arbitramur
1971 3660 1984 3697 :

413 3737 466 3789 id
507 3736 652 3804 quod
693 3738 1018 3804 quibusdam
1052 3753 1270 3807 quoque
1319 3738 1640 3793 doctoribus
1669 3740 1849 3793 visum
1885 3749 1991 3793 est.

419 3825 523 3881 Hie
547 3829 691 3883 enim
725 3840 809 3883 est
839 3830 931 3898 qui
968 3839 1021 3883 et
1054 3829 1257 3884 luroris
1298 3832 1420 3899 igne
1450 3841 1641 3885 contra
1693 3846 1864 3901 genus
1894 3846 1995 3885 no-

417 3928 592 3971 strum
628 3919 800 3981 artlet,
853 3927 905 3971 et
937 3918 1196 3989 gehennae
1258 3918 1523 3973 incendiis
1579 3929 1915 3985 reservatur,
1943 3929 1997 3973 et

416 4014 663 4075 tempore
723 4008 814 4062 illo
853 4010 997 4077 qttod
1048 4008 1123 4062 illi
1173 4008 1239 4063 ad
1297 4010 1613 4063 tentandum
1665 4011 1992 4078 permissum

411 4110 519 4162 est,
555 4100 768 4153 tertiam
799 4102 1126 4165 insularum,
1169 4111 1222 4155 et
1250 4102 1496 4169 navium,
1544 4112 1594 4157 et
1630 4102 1991 4157 animantium

2088 3286 2182 3339 τού
2211 3285 2333 3339 καθ’
2388 3285 2543 3355 ήμῶν
2594 3284 2768 3354 θυμοῦ
2831 3285 3142 3353 καιόμενον,
3194 3282 3333 3355 [καὶ]
3379 3286 3443 3353 τῇ
3474 3284 3667 3352 γεέννῃ

2087 3375 2555 3446 τηρηθησόμενον,
2589 3377 2645 3427 ὲν
2676 3375 2751 3445 τῷ
2783 3374 2960 3444 καιρῷ
2991 3373 3092 3447 [δὲ]
3126 3376 3219 3443 τῆς
3254 3371 3421 3425 αὑτοῦ
3459 3390 3668 3442 συγχω-

2092 3468 2326 3538 ρήσεως,
2382 3466 2449 3519 τὸ
2484 3466 2666 3537 τρίτον
2716 3466 2825 3517 τῶν
2868 3469 2924 3518 ἐν
2987 3466 3229 3535 θαλάσσῃ
3273 3466 3453 3534 νήσων
3486 3480 3546 3517 τε
3574 3462 3669 3516 καὶ⁵

2091 3559 2292 3610 πλοίων
2321 3558 2415 3611 καὶ⁸
2448 3548 2661 3627 νηκτῶν
2682 3556 3068 3626 διαφθείροντα
3089 3599 3103 3622 ,
3135 3556 3322 3623 ὥσπερ
3354 3556 3523 3609 πάλαι
3572 3555 3667 3606 ἐπὶ

2096 3647 2192 3702 τοῦ
2236 3646 2356 3700 Ἰὼϐ
2405 3648 2704 3715 πεποίηκεν
2729 3662 2743 3678 ·
2798 3646 2990 3717 ἐχθρὸς
3031 3647 3141 3713 γάρ
3174 3647 3289 3697 ἐστι
3329 3644 3424 3695 καὶ
3453 3644 3673 3712 ἐκδικη-

2092 3740 2191 3810 τὴς
2210 3739 2351 3792 κατὰ
2374 3740 2434 3791 τὸ
2464 3738 2603 3791 θεῖον
2628 3738 2836 3791 δίκαιον
2868 3739 3062 3806 κρῖμα.
3092 3729 3161 3806 ᾯ
3186 3736 3292 3807 γάρ
3310 3752 3391 3797 τις
3420 3736 3671 3804 ἥττηται.

2092 3832 2268 3903 τούτῳ
2294 3832 2387 3884 καὶ
2418 3830 2763 3883 δεδούλωται.
2797 3830 2858 3882 Εἰ
2889 3830 2945 3883 δὲ
3004 3830 3101 3882 καὶ
3156 3832 3268 3891 τοῖς
3318 3829 3376 3879 ὲν
3428 3826 3671 3895 θαλάσσῃ

2095 3921 2190 3974 τοῦ
2225 3921 2341 3992 βίου
2376 3920 2441 3973 δι’
2478 3920 2657 3988 ἔργων
2681 3922 2714 3990 ἢ
2747 3921 2925 3987 λόγων
2954 3919 3050 3990 τὴν
3084 3919 3290 3990 Τριάδα
3327 3916 3674 3988 βλασφημοῦ-

2109 4028 2213 4074 σιν,
2248 4013 2275 4063 ὁ
2306 4010 2534 4081 ψυχικὸς
2566 4012 2832 4078 ἐπάγεται
2864 4010 3113 4074 θάνατος,
3166 4008 3318 4063 οὐδὲν
3367 4007 3517 4074 ξένον
3553 4006 3676 4062 οὐδὲ

2092 4103 2186 4156 τοῦ
2220 4103 2426 4155 σκοποῦ
2462 4103 2568 4156 ἀπε
2579 4105 2832 4171 μςραῖνον.

413 4208 535 4261 quae
602 4194 652 4247 in
720 4197 855 4249 mari
936 4206 1165 4261 natant,
1201 4206 1407 4266 partem
1474 4213 1825 4267 corrumpere
1888 4207 1941 4252 et
1981 4198 2296 4255 interimere
2354 4200 2515 4255 enixe
2568 4199 2896 4263 contendet,
2968 4197 3428 4267 quemadmodum
3489 4196 3615 4251 olim
3659 4253 3673 4275 ν

411 4294 571 4340 relate
605 4288 863 4341 nimirum
895 4289 1034 4342 beati
1056 4288 1176 4353 Job,
1214 4291 1420 4343 clarum
1445 4290 1563 4357 ejus
1599 4291 1673 4344 rei
1706 4290 1980 4359 specimen
2017 4290 2183 4347 dedit.
2214 4290 2347 4345 Nam
2411 4302 2463 4345 et
2498 4290 2807 4345 mortalium
2853 4289 3048 4352 hostis,
3077 4297 3131 4341 et
3176 4287 3322 4356 justo
3349 4287 3441 4339 Dei
3468 4288 3676 4356 judicio

414 4389 767 4446 peccatorum
805 4382 998 4432 vindex
1033 4390 1148 4445 est;
1182 4392 1234 4435 et
1269 4381 1384 4449 lege
1421 4388 1681 4449 prmterea
1747 4392 2023 4448 receptum
2057 4391 2163 4448 est,
2200 4391 2256 4434 ut
2303 4383 2481 4451 quivis
2505 4384 2622 4451 ejus
2653 4380 2919 4435 cliiciatur
2952 4394 3162 4443 servus,
3195 4393 3224 4431 a
3274 4393 3384 4447 quo
3441 4379 3678 4447 legitime

416 4477 715 4536 superatus
770 4478 873 4521 est.
913 4468 1064 4532 Quod
1118 4470 1161 4521 si
1211 4470 1319 4521 illis
1374 4468 1464 4535 qui
1524 4468 1689 4521 vitatu
1742 4469 1796 4520 in
1861 4469 2001 4522 mari
2068 4479 2273 4536 agunt,
2329 4486 2650 4539 sacramque
2712 4468 2961 4525 Triadcm
3013 4486 3109 4539 per
3180 4472 3343 4524 verba
3378 4474 3458 4524 vel
3512 4487 3676 4542 opera

418 4559 822 4627 blasphetuant,
860 4574 1007 4611 mors
1033 4561 1226 4611 animm
1253 4558 1507 4622 infertur,
1536 4559 1673 4611 nihil
1701 4570 1998 4613 estnovum
2033 4571 2128 4615 aut
2160 4578 2189 4615 a
2224 4562 2437 4616 ratione
2470 4563 2727 4617 alienum.

999 4668 1227 4723 CAPU'I‘
1261 4669 1446 4723 XXIV.

422 4784 497 4839 De
525 4784 679 4838 tertio
709 4784 895 4854 angelo
920 4824 937 4847 ,
981 4795 1027 4838 et
1067 4786 1443 4852 proﬂuentia»:
1490 4802 1751 4855 aquarum
1800 4791 2002 4843 amari-

1072 4857 1271 4909 tudine.

498 4967 636 5031 Vlll,
670 4969 755 5031 10,
791 4970 874 5021 ll.
917 4968 981 5021 Et
1034 4971 1217 5021 tertius
1255 4970 1471 5038 angelus
1511 4980 1637 5023 tuoa
1671 4972 1855 5025 cecinit
1892 4986 1909 5024 :
1956 4983 2003 5025 et

428 5063 617 5117 cecidit
660 5081 684 5113 ε
707 5062 833 5115 caelo
855 5062 1009 5114 stella
1029 5078 1223 5129 magna
1244 5104 1257 5126 ,
1289 5065 1477 5114 ardens
1517 5075 1761 5132 tanquam
1789 5064 2005 5133 facula;

423 5165 473 5209 et
515 5154 700 5207 cecidit
735 5155 787 5206 in
829 5155 1039 5206 tertiam
1096 5163 1299 5218 partem
1352 5155 1651 5221 ﬂuminum,
1679 5167 1726 5208 et
1756 5158 1809 5209 in
1842 5164 2008 5223 [antes

428 5262 690 5316 aquarum
717 5261 735 5298 :
778 5247 794 5313 (
821 5252 869 5296 et
892 5260 1074 5296 nomen
1103 5242 1269 5296 stellis
1295 5245 1489 5296 dicitur
1519 5244 1852 5298 Absinthium
1891 5246 1932 5315 :)
1964 5257 2013 5300 et

434 5341 580 5409 facta
640 5347 715 5391 est
773 5336 932 5390 tertia
980 5351 1104 5399 pars
1155 5348 1416 5404 aquarum
1455 5337 1508 5389 in
1540 5337 1907 5401 absint/tium;
1967 5350 2016 5392 et

426 5432 581 5486 multi
612 5430 884 5483 hominum
926 5428 1121 5482 mortui
1149 5440 1268 5481 sunt
1314 5429 1377 5482 de
1414 5430 1594 5500 aquis,
1638 5431 1762 5498 quia
1810 5447 2009 5482 amara:

430 5525 587 5593 {actm
611 5531 755 5576 sunt.

508 5613 614 5681 37
642 5610 1081 5666 Amaritudinem
1106 5611 1362 5665 absinthii
1385 5612 1652 5667 vocabulo
1676 5612 2013 5677 denotatam,

436 5703 683 5758 dolorem
740 5703 833 5773 qui
889 5713 1203 5774 peccatores
1264 5703 1319 5757 in
1369 5707 1614 5775 gehenna
1656 5714 1893 5776 torquet,
1932 5706 2018 5760 hic

441 5796 749 5865 significare
774 5799 994 5854 tradunt
1018 5798 1265 5854 nonnulli
1290 5814 1304 5863 ;
1328 5796 1659 5867 eosdemque
1682 5809 2019 5868 peccatores,

2033 4660 2076 4712 ο
2690 4677 2943 4730 ΚΕΦΛΛ.
2993 4674 3115 4731 KA'.

2102 4789 2244 4858 Περὶ
2272 4788 2378 4842 τοῦ
2401 4790 2603 4857 τρίτου
2630 4790 2889 4859 ἀγγέλου
2918 4790 3017 4841 καὶ
3039 4788 3141 4842 τοῦ
3176 4790 3521 4860 πικρασμοῦ
3564 4791 3683 4844 τῶν

2596 4863 2898 4928 ποταμίων
2916 4860 3167 4913 ὑδάτων.

2178 4972 2288 5024 Kal
2324 4975 2356 5025 ό
2405 4976 2599 5040 τρίτος
2632 4974 2885 5042 ἅγγελος
2914 4972 3219 5027 ἐσάλπισε
3244 4990 3256 5003 ·
3310 4976 3407 5028 καὶ
3462 4976 3685 5029 ἔπεσεν

2106 5063 2174 5115 ἐκ
2210 5063 2316 5117 τοῦ
2342 5063 2603 5131 οὐρανοῦ
2635 5065 2832 5131 ἀστὴρ
2853 5064 3063 5133 μέγας,
3086 5067 3404 5135 καιόμενος
3428 5069 3507 5132 ὡς
3532 5072 3687 5136 λαμ-

2110 5153 2229 5218 πάς
2256 5170 2269 5184 °
2300 5154 2399 5207 καὶ
2427 5155 2649 5207 ἔπεσεν
2669 5156 2765 5206 ἐπὶ
2800 5156 2865 5207 τὸ
2899 5156 3100 5222 τρίτον
3121 5154 3237 5207 τῶν
3260 5157 3556 5225 ποταμῶν,
3588 5158 3686 5209 καὶ

2110 5244 2207 5297 ἐπὶ
2240 5248 2346 5309 τὰς
2408 5244 2608 5313 πηγὰς
2655 5244 2773 5297 τῶν
2816 5245 3084 5300 ὑδάτων·
3118 5246 3213 5298 καὶ
3243 5247 3308 5299 τὸ
3362 5248 3546 5317 ὄνομα
3583 5248 3689 5301 τοῦ

2112 5336 2365 5403 ἀστέρος
2391 5336 2628 5405 λέγεται
2663 5337 2985 5405 Ἀψίνθιοςν
3013 5339 3107 5389 καὶ
3134 5338 3371 5405 ἐγένετο
3394 5342 3459 5392 τὸ
3492 5342 3583 5406 τρί
3590 5357 3691 5391 τον

2110 5428 2229 5482 τῶν
2256 5428 2492 5482 ὑδάτων
2520 5431 2608 5494 εἰς
2637 5429 2925 5497 ἁψινθονε
2946 5429 3042 5481 καὶ
3077 5432 3292 5483 πολλοὶ
3329 5430 3445 5484 τῶν
3461 5432 3692 5499 ,άνθρώμ

2114 5538 2244 5574 πων
2264 5520 2569 5575 ἀπέθανον
2593 5522 2660 5574 ἐκ
2679 5520 2798 5574 τῶν
2826 5520 3082 5583 ὑδάτων,
3103 5522 3188 5574 ὅτι
3207 5523 3689 5590 ἐπικράνθησαν.

2191 5616 2301 5685 Τὴν
2333 5614 2421 5668 διὰ
2450 5614 2543 5670 τοῦ
2574 5614 2857 5683 ἀψινθίου
2883 5612 3221 5684 δηλουμένην
3274 5616 3499 5685 πικρίαν
3524 5657 3537 5677 ,
3593 5617 3693 5685 τὴν

2117 5708 2229 5769 τοῖς
2252 5706 2638 5777 κολαζομένοις
2677 5708 2733 5758 ἐν
2767 5705 2961 5775 γεέννῃ
3003 5706 3348 5775 ἁμαρτωλοῖς
3403 5710 3694 5779 ἐγγινομέο

2122 5815 2218 5869 νην
2245 5798 2436 5869 ὀδύνην
2469 5798 2600 5867 φασὶ
2650 5813 2794 5860 τινες
2825 5796 3157 5853 αἰνίττεσθαι
3190 5813 3204 5829 ο
3230 5797 3324 5863 οὓς
3359 5798 3445 5853 διὰ
3477 5800 3539 5852 τὸ
3566 5800 3696 5871 πλῆο
