4040 6580
351 415 456 479 293

1309 412 1920 479 COMMENTARIUS
1959 414 2042 481 IN
2082 419 2615 486 APOCALYPSIN.

3509 437 3616 504 294

355 531 445 594 θος
493 526 642 592 είκδς
687 526 973 584 καλεῖσθαι
1022 529 1216 585 ὕδατα
1244 546 1258 562 ·
1310 533 1602 604 ἡγούμεθα
1632 536 1689 588 δὲ
1723 538 1818 591 καὶ
1847 538 1916 592 διέ

2038 551 2260 612 prepter
2315 544 2758 613 multitudinem,
2821 564 3081 619 aquarum
3137 553 3357 612 nomine
3418 572 3618 614 conve-

351 622 558 674 τούτων
585 623 655 674 τά
681 622 826 675 κατὰ
854 622 944 675 τὸν
977 623 1286 693 δηλωθέντα
1317 626 1510 695 καιρὸν
1561 626 1786 694 ἀλγεινὰ
1834 646 1933 700 ση-

355 713 663 785 μαίνεσθαι.
717 710 828 767 ’Τὸν
882 715 940 768 δὲ
993 715 1221 783 ἀστέρα
1275 713 1488 787 δηλοῦν,
1547 717 1580 788 ἣ
1641 720 1934 790 οὐρανόθεν

354 804 529 858 ταῦτα
559 807 668 867 τοῖς
700 803 1008 871 ἀνθρώποις
1037 807 1400 876 ἐπέρχεσθαι·
1457 809 1488 880 ἢ
1541 810 1633 863 τὸν
1685 813 1933 866 διάϐολον

350 896 440 949 διὰ
458 896 649 950 τούτου
691 897 1056 967 σημαίνεσθαι
1082 916 1094 929 °
1126 901 1255 970 περὶ
1277 893 1336 954 οὗ
1362 918 1526 971 φησιν
1553 902 1624 976 [ὁ]
1665 905 1890 970 Ἡσαΐας
1916 923 1929 936 ο

351 987 482 1054 Πῶς
508 991 730 1043 ἔπεσεν
759 990 828 1042 ἐκ
855 989 960 1044 τοῦ
991 992 1250 1058 οὐρανοῦ
1283 996 1314 1046 ὀ
1346 994 1685 1065 Ἐωσφόρος
1723 1001 1756 1051 ὁ
1788 999 1937 1065 πρωῒ

351 1078 738 1139 ἀνατέλλωνξ
775 1077 947 1145 Οὗτος
982 1083 1090 1153 γὰρ
1119 1085 1437 1157 ἀνατροπὴν
1463 1087 1687 1159 θολεράν
1717 1089 1810 1143 καὶ
1844 1107 1931 1143 πι-

352 1171 493 1239 κρὰν
515 1171 582 1223 δι’
613 1171 807 1242 ἡδονῆς
843 1173 1080 1236 ποτίζων
1128 1176 1251 1238 τοὺς
1294 1175 1636 1246 ἀνθρώπους,
1692 1180 1786 1232 καὶ
1845 1180 1934 1234 διὰ

347 1262 554 1332 ταύτην
613 1263 1062 1333 συγχωρούμενος
1133 1265 1232 1328 τὰς
1301 1271 1680 1339 τιμωρητικὰς
1750 1273 1934 1336 αὑτοῖς

349 1354 581 1420 ἐπάγειν
609 1353 843 1407 ἐνταῦθα
870 1356 1162 1424 μάστιγας,
1219 1357 1280 1409 οὑ
1332 1362 1490 1425 πᾶσι,
1525 1361 1602 1430 τῷ
1655 1361 1711 1414 δὲ
1763 1364 1933 1435 τρίτῳ

351 1446 533 1514 μέρει,
563 1444 652 1498 διὰ
701 1445 802 1515 τὴν
847 1449 943 1498 τοῦ
993 1448 1128 1500 Θεοῦ
1173 1451 1590 1522 μακροθυμίαν,
1642 1456 1825 1508 καὶτὸ
1857 1457 1932 1528 μὴ

348 1537 695 1590 ἀπιστεῖσθαι
753 1540 853 1608 τὴν
909 1541 966 1592 ὲν
1011 1539 1088 1611 τῷ
1145 1542 1399 1610 μέλλοντι
1433 1543 1637 1618 [αἱῶνιῙ
1691 1549 1931 1602 ἀνταπόλ-

345 1624 512 1688 δισιν,
546 1629 658 1690 τοῖς
693 1627 1125 1698 ἀνυπομονήτοις
1162 1632 1390 1685 θανάτου
1421 1627 1653 1704 ψυχικοῦ
1676 1637 1933 1691 καθίστα-

345 1736 437 1771 ται
462 1719 654 1783 αῐτιος.
678 1721 802 1774 Ὅτι
832 1723 940 1792 γὰρ
973 1726 1147 1793 πικρὰ
1178 1727 1517 1798 συμϐήσεται
1546 1733 1659 1794 τοῖς
1701 1731 1808 1803 πρὸ
1837 1733 1930 1803 τῆς

349 1811 660 1874 συντελείας
678 1813 1093 1885 εὑρισκομένοις
1112 1833 1126 1847 ·
1149 1808 1224 1871 ὧν
1257 1818 1325 1872 τὰ
1347 1821 1599 1890 ὁρώμενα
1627 1824 1928 1893 πρόδρομοι,

2037 633 2249 687 nienter
2271 635 2524 702 exprimi.
2550 632 2662 690 Nos
2691 653 2821 693 vero
2845 655 2944 709 per
2969 642 3084 697 haec
3115 644 3228 713 ipsa
3251 648 3415 702 etiam
3441 650 3616 706 tristia

2037 721 2126 775 illa
2157 731 2209 775 ct
2243 725 2436 778 acerba
2474 726 2698 781 vulnera
2743 728 2987 784 denotari
3018 735 3398 792 existimamus
3423 781 3437 805 ,
3493 755 3615 810 qua:

2037 825 2279 884 tempore
2304 817 2369 870 de
2401 831 2512 888 quo
2540 833 2703 890 supra
2729 825 2968 880 diximus
2989 865 3004 889 ,
3039 826 3351 886 hominibus
3377 836 3617 902 precatis

2035 907 2316 962 obstrictis
2349 912 2552 980 passim
2593 914 2935 972 inferentur:
2975 935 3070 986 per
3116 921 3327 976 stellam
3393 935 3612 994 autem,

2036 1003 2118 1054 \le
2146 1003 2284 1055 mala
2319 1006 2430 1058 haec
2464 1005 2681 1061 coalitus
2703 1009 2890 1063 venire
2912 1051 2926 1074 ,
2963 1011 3268 1081 veLipsum
3305 1027 3449 1070 certe
3505 1019 3616 1072 dia-

2035 1092 2242 1148 bolum.
2288 1094 2362 1150 De
2396 1096 2499 1152 hoc
2523 1099 2666 1152 enim
2688 1101 2829 1168 apud
2861 1099 3054 1156 Isaiam
3089 1105 3354 1174 scriptum
3387 1118 3565 1163 exstat
3598 1130 3611 1166 :

2037 1186 2312 1251 Quomodo
2347 1205 2373 1242 e
2407 1192 2537 1242 caelo
2582 1191 2836 1258 cecidisti,
2887 1191 3103 1263 Lucifer
3127 1234 3140 1259 ,
3179 1198 3266 1266 qui
3295 1215 3448 1252 mane
3478 1203 3616 1255 orie.

2037 1277 2178 1331 baris
2211 1278 2292 1330 ‘9?
2316 1276 2575 1336 Diabolus
2600 1299 2837 1352 namque
2859 1284 2984 1337 dttm
3022 1286 3271 1343 homines
3303 1306 3397 1359 per
3423 1295 3608 1349 carnis

2036 1370 2629 1440 voluptatcsinebriat,
2660 1366 2902 1429 amaram
2938 1378 3415 1451 turbulentamque
3458 1399 3614 1438 ever—

2041 1464 2251 1518 sionem
2299 1466 2528 1530 inducit,
2573 1483 2784 1523 necnon
2814 1471 3024 1541 ﬂagella
3076 1475 3416 1530 cruciatibus
3451 1479 3613 1546 plena

2034 1565 2254 1624 propter
2294 1556 2382 1609 illa
2416 1557 2614 1613 inferre
2639 1559 2873 1622 sinitur;
2905 1577 3019 1617 non
3061 1565 3282 1634 quidem
3327 1569 3609 1635 omnibus,

2034 1649 2127 1702 sed
2162 1647 2333 1702 tertiae
2391 1655 2602 1702 tantum
2657 1653 2972 1706 mortalium
3034 1656 3175 1724 parti
3224 1673 3238 1710 :
3290 1666 3452 1726 atque
3505 1658 3612 1714 hoc

2035 1739 2229 1807 partim
2260 1739 2480 1809 quidem
2513 1752 2734 1810 propter
2769 1742 2859 1798 Dei
2892 1745 3210 1814 patientiam
3251 1757 3304 1802 et
3357 1748 3611 1819 longani-

2035 1833 2302 1893 mitatcm,
2330 1847 2452 1902 quae
2484 1848 2578 1888 eos
2611 1844 2825 1902 tuetur;
2881 1838 3076 1905 partim
3119 1839 3280 1892 etiam
3322 1843 3466 1909 quod
3503 1857 3610 1895 non

351 1900 554 1972 μᾶλλον
585 1903 642 1956 δὲ
669 1906 970 1978 προοίμια,
1026 1909 1317 1978 προλαϐὼν
1356 1914 1384 1965 ὀ
1429 1913 1632 1984 Κύριος
1688 1917 1916 1969 ἐπιστώ-

2037 1936 2226 1974 omnes
2259 1922 2693 1992 supplicia,quaa
2745 1924 2798 1976 in
2860 1925 3031 1979 altero
3081 1926 3280 1980 smculu
3337 1927 3450 1982 illis
3485 1936 3613 1982 sun't

348 2012 501 2049 σατο.
535 1997 666 2049 Δέον
695 1998 876 2051 τοίνυν
917 2001 995 2069 μὴ
1037 2001 1400 2071 βουλομένους
1450 2005 1756 2076 κρίνεσθαι,
1781 2011 1926 2080 ἡμᾶς

344 2089 544 2151 αὐτοὺς
601 2090 940 2160 ἀνακρίνειν,
993 2094 1137 2146 κατὰ
1191 2095 1282 2148 τὸν
1332 2095 1522 2170 [θεῖον]
1554 2099 1921 2154 Ἀπόστολονο

338 2179 407 2232 El
435 2179 544 2248 γὰρ
572 2179 849 2247 ἑαυτοὺς,
899 2185 1086 2253 φησὶν,
1127 2186 1459 2256 ὲκρίνομεν,
1491 2191 1602 2244 οὐκ
1641 2190 1720 2245 ἂν
1767 2192 1923 2261 ἐκρι-

343 2268 600 2337 νόμεθιν
635 2271 990 2341 κρινομένους
1031 2273 1086 2327 δὲ
1115 2276 1218 2329 ὑπὸ
1253 2275 1393 2349 [τοῦ]
1444 2280 1648 2350 Κυρίου
1674 2283 1925 2336 παιδεύε-

348 2360 472 2414 σθαι
527 2361 625 2414 καὶ
661 2363 1003 2434 εὐχαρίστως
1043 2366 1142 2430 τὰς
1185 2370 1485 2439 ἐπαγωγὰς
1516 2373 1625 2426 τῶν
1657 2374 1923 2443 ἀλγεινῶν

343 2450 628 2521 δέχεσθαι·
664 2453 741 2515 ὡς
797 2454 1017 2524 ὁρῶμεν
1066 2459 1195 2521 τοὺς
1232 2459 1582 2531 εὐγνώμονας
1613 2465 1722 2518 τῶν
1757 2466 1922 2520 ἀσθε-

343 2542 452 2596 νῶν
477 2544 556 2614 τῷ
579 2543 815 2614 σώματι,
854 2548 976 2614 μεθ’
1013 2549 1292 2621 ὑπομονῆς
1330 2553 1426 2614 τὰς
1460 2554 1525 2607 ὲκ
1571 2555 1681 2610 τῶν
1716 2558 1919 2628 ἰατρῶν

339 2631 512 2700 τομὰς
541 2634 780 2697 καὶτοὺς
824 2639 1143 2708 καυστῆρας
1180 2639 1465 2709 φέροντας,
1513 2644 1779 2717 ἐπιθυμία
1820 2649 1918 2717 τῆς

339 2721 540 2786 -ίάσεως
569 2739 584 2754 ³
639 2724 726 2778 ἵνα
773 2727 874 2779 καὶ
909 2728 1070 2798 ἡμεῖς
1102 2730 1366 2800 ⁸ψυχικῶς
1408 2735 1743 2801 ὑγιαίνοντες
1767 2778 1782 2802 ,

339 2814 615 2884 μηδεμίαν
642 2815 776 2888 ὓλην
810 2819 946 2890 πρὸς
979 2825 1190 2892 τροφὴν
1231 2826 1304 2894 ’τῇ
1365 2826 1562 2900 γεέννῃ
1594 2829 1684 2883 τοῦ
1745 2833 1916 2902 πυρὸς

336 2905 748 2976 ἐπιφερόμενοι,
817 2912 892 2980 μὴ
957 2913 1054 2966 σὺν
1107 2913 1182 2983 τῷ
1239 2916 1430 2986 κόσμῳ
1465 2920 1911 2990 κατακριθῶμεν,

335 2997 472 3050 ἀλλά
529 2999 608 3070 τῷ
653 3002 876 3073 Χριστῷ
939 3004 1176 3069 αίωνίως
1229 3008 1782 3080 συμϐασιλεύσωμεν.
1844 3007 1915 3083 ’ᾯ

334 3089 538 3158 πρέπει
562 3092 760 3164 [πᾶσα]
790 3093 948 3159 δόξα,
980 3097 1113 3167 τιμὴ
1151 3099 1246 3151 καὶ
1282 3101 1656 3173 προσκύνησις
1718 3102 1915 3174 [μεγα-

331 3180 546 3255 λωσύνη
599 3188 783 3240 τεκαὶ
828 3190 1342 3264 μεγαλοπρέπεια],
1393 3193 1512 3263 ἅμα
1561 3195 1640 3265 τῷ
1690 3196 1912 3268 ἀνάρχῳ

1824 2741 1918 2792 καὶ

2033 2020 2340 2081 praeparata
2383 2012 2473 2081 qui
2524 2023 2742 2082 propter
2778 2013 3166 2082 impatientiam
3197 2055 3210 2080 ,
3247 2019 3451 2072 mortis.
3477 2030 3611 2072 cau-

2033 2119 2149 2158 sam
2172 2103 2278 2158 sibi
2307 2105 2631 2169 attulerunt,
2653 2105 2739 2158 vel
2767 2116 3216 2176 contempserunt
3241 2148 3256 2172 ,
3286 2109 3370 2163 vel
3405 2109 3610 2178 perfide

2032 2184 2261 2249 inticiati
2294 2204 2443 2250 sunt.
2465 2195 2624 2260 Quod
2654 2209 2785 2251 vero
2813 2197 2920 2252 illis
2940 2197 3033 2267 qui
3066 2199 3213 2254 circa
3241 2200 3423 2254 saeculi
3475 2215 3610 2255 cou-

2031 2289 2451 2342 suntmationem
2521 2289 2574 2342 in
2632 2289 2771 2342 vivis
2831 2291 3094 2358 comperti
3145 2289 3386 2360 fuerint,
3437 2291 3608 2346 multa

2028 2379 2221 2433 acerba
2255 2381 2525 2447 evenient,
2558 2395 2794 2454 quorum
2832 2382 3102 2437 malorum
3146 2384 3470 2453 prodromos
3513 2393 3608 2438 aut

2028 2472 2295 2541 prommia
2327 2475 2511 2527 verius
2535 2488 2634 2529 nos
2677 2473 2790 2542 jam
2824 2475 3037 2543 experti
3072 2490 3288 2541 sumus,
3343 2475 3607 2533 Dominus

2028 2563 2145 2631 ipse
2181 2562 2384 2616 dudum
2415 2570 2544 2616 ante
2575 2564 2853 2632 prmdixit.
2886 2563 2942 2618 Si
2975 2579 3107 2636 ergo
3135 2564 3368 2635 judicari
3408 2580 3439 2618 a
3497 2563 3607 2647 Deo

2025 2669 2134 2707 non
2185 2654 2474 2718 volumus,
2543 2669 2644 2708 nos
2676 2654 2825 2724 ipsos
2876 2655 3190 2725 iudicemus
3239 2665 3499 2726 oportet:
3544 2654 3608 2710 Si

2025 2744 2368 2812 nosmetipsos
2391 2743 2793 2813 judicaremus,
2826 2747 3005 2817 inquit
3031 2747 3344 2816 Apostolus,
3377 2764 3476 2800 non
3500 2750 3609 2802 uti-

2024 2853 2119 2904 que
2142 2836 2513 2905 judicaremur
2542 2839 2607 2889 ²⁰.
2647 2837 2751 2893 Par
2793 2849 2881 2893 est
2927 2854 3058 2909 ergo
3100 2849 3158 2896 ut
3192 2841 3604 2909 resipiscamus,

2022 2926 2282 2996 illatoque
2312 2928 2381 2980 ab
2430 2928 2522 2982 illo
2553 2928 2779 2982 vulnera
2812 2938 2864 2983 et
2915 2930 3088 2984 tristia
3118 2946 3243 2985 cum
3303 2932 3603 3000 gratiarum

2022 3019 2240 3072 actione
2279 3019 2647 3088 suscipiamus
2675 3038 2688 3073 :
2751 3021 3158 3076 sicutvidemus
3190 3023 3436 3077 homines
3459 3037 3604 3092 aegro

2022 3122 2254 3177 corpore
2279 3110 2522 3176 allectos,
2572 3112 2736 3167 modo
2766 3113 2976 3181 judicio
3025 3114 3276 3170 destituti
3311 3130 3418 3169 non
3469 3115 3599 3180 sint,

2021 3201 2293 3256 seetiones
2322 3211 2376 3257 et
2403 3204 2744 3269 adustiones,
2774 3219 2896 3274 quae
2924 3220 2954 3258 a
2982 3206 3207 3261 medicis
3233 3206 3562 3262 adhibentur
3582 3245 3600 3272 ,

333 3271 516 3342 Πατρὶ
549 3278 644 3328 καὶ
673 3277 751 3348 τῷ
774 3281 1027 3350 παναγίῳ
1064 3282 1343 3353 Πνεύματι
1363 3324 1378 3349 ,
1431 3285 1525 3340 νῦν
1547 3291 1640 3340 καὶ
1677 3289 1785 3356 ἀεὶ,
1814 3290 1911 3344 καὶ

2021 3294 2268 3349 sanitatis
2305 3294 2785 3365 desiderio,zequ0
2823 3297 3161 3368 patient-ique
3192 3299 3377 3352 animo
3421 3296 3602 3367 ferre;

325 3363 409 3426 τίς
434 3366 561 3430 τοὺς
586 3369 974 3441 ἀτελευτήτους
995 3373 1198 3437 αἰῶνας
1222 3375 1331 3430 τῶν
1358 3377 1589 3432 αἰώνων.
1623 3381 1662 3433 A
1672 3382 1798 3450 μήν.

2023 3400 2134 3455 quo
2176 3402 2275 3440 nos
2295 3402 2517 3457 quoque
2549 3389 2618 3442 ab
2645 3390 2829 3444 animo
2862 3390 3130 3457 Valentes,
3171 3390 3491 3460 nullamque
3529 3390 3598 3444 ad

331 3455 628 3516 fovendum
653 3467 920 3534 gehennae
949 3469 1090 3538 ignis
1143 3471 1455 3528 incendium
1509 3478 1794 3532 materiam
1864 3479 2181 3550 afferentes,
2231 3485 2421 3538 mundi
2479 3486 2659 3557 huius,
2689 3487 3206 3542 condemnationem
3259 3489 3597 3556 evadamus;

329 3565 453 3605 cum
485 3551 709 3610 Christo
739 3572 869 3612 vero
893 3559 946 3613 in
971 3575 1134 3616 onme
1165 3579 1339 3618 arvum
1379 3563 1562 3622 felices
1607 3584 1935 3640 regncmus;

1998 3590 2161 3644 quem
2208 3576 2364 3630 decet
2425 3577 2606 3632 omnis
2653 3577 2846 3646 gloria,
2901 3587 2956 3632 et
3006 3578 3203 3642 honor,
3249 3586 3303 3632 et
3327 3577 3596 3636 adoratto.

328 3655 383 3700 et
407 3649 688 3718 maiestas,
727 3660 783 3706 et
817 3655 1242 3724 magniﬁcentia,
1277 3673 1402 3714 cum
1432 3659 1600 3718 (Patre
1653 3665 1902 3736 principii
1931 3680 2174 3738 experte,
2236 3679 2292 3725 et
2346 3671 2700 3726 sanctissimo
2745 3670 2976 3742 Spiritu,
3028 3688 3215 3740 nunc,
3271 3681 3324 3728 et
3345 3685 3585 3744 semper.

325 3747 381 3796 et
403 3739 462 3795 iu
515 3741 724 3796 inﬁnita
764 3748 962 3800 sarcula
991 3751 1337 3805 seculorum.
1360 3752 1556 3809 Amen.

723 3862 978 3918 ΚΕΦΔΛ.
1007 3866 1139 3920 ΚΕ¹.
1176 3869 1395 3922 ΛΟΓΟΣ
1423 3870 1501 3926 Θθ.

327 3969 468 4039 Περὶ
507 3971 616 4026 τοῦ
666 3975 950 4055 τετάρτου
974 3979 1235 4059 ἀγγέλου
1286 3983 1382 4036 καὶ
1432 3985 1538 4039 τοῦ
1580 3993 1914 4059 σκοτισμοῦ

843 4046 961 4101 τῶν
993 4046 1344 4118 φὼστήρων.

393 4194 504 4250 Καὶ
529 4199 564 4252 δ
589 4199 868 4268 τέταρτος
900 4203 1157 4274 ἅγγελος
1183 4208 1485 4266 ἐσάλπισε
1504 4229 1518 4243 ·
1556 4211 1662 4268 καί
1677 4215 1914 4288 ἐπλήγη

322 4287 391 4341 τὸ
417 4290 618 4356 τρίτον
652 4293 760 4347 τοῦ
791 4295 992 4363 ἡλίου,
1024 4301 1122 4353 καὶ
1157 4301 1221 4354 τὸ
1248 4304 1448 4370 τριτον
1482 4306 1592 4374 τῆς
1616 4287 1906 4381 σελήνης,

321 4379 421 4433 καὶ
453 4381 518 4434 τὸ
536 4384 741 4450 τρίτον
772 4385 892 4438 τῶν
905 4389 1194 4458 ἀστέρων,
1230 4393 1330 4446 ἵνα
1363 4398 1661 4468 σκοτισθῇ
1689 4402 1752 4454 τὸ
1783 4379 1904 4472 τρίέ

321 4486 433 4562 τον
452 4472 676 4536 αὐτῶν.
713 4478 812 4530 καὶ
840 4480 876 4546 ή
913 4481 1102 4549 ἡμέρα
1122 4484 1208 4553 μὴ
1237 4487 1424 4556 φαίνῃ
1466 4488 1554 4562 [τὸ
1584 4494 1782 4560 τριτον
1799 4500 1903 4551 αὐ-

319 4559 489 4634 τῆς-’1,
519 4566 614 4618 καὶ
644 4569 680 4634 ἡ
715 4568 831 4634 νὺξ
849 4574 1084 4640 ὁμοίως.

405 4654 716 4748 ᾙγούμεθα
778 4665 1015 4734 συγγενῆ
1069 4669 1164 4721 καὶ
1228 4671 1402 4727 ταῦτα
1448 4677 1564 4740 τοῖς
1612 4679 1762 4748 παρὰ
1804 4681 1898 4735 τοῦ

331 4745 484 4817 Ἰωὴλ
523 4750 1000 4844 είήρημένοιςνπερὶ
1029 4759 1183 4828 ἡλίου
1238 4765 1330 4816 καὶ
1363 4767 1616 4839 σελήνης,
1656 4745 1769 4834 τοῖς
1798 4773 1897 4844 ἢδη

320 4837 700 4904 προεκτεθεῖσι
728 4843 870 4896 κατὰ
906 4845 1007 4914 τὴν
1046 4849 1384 4924 Δεσποτικὴν
1419 4857 1546 4927 περὶ
1575 4859 1673 4930 τῆς
1708 4877 1898 4928 συντε-

317 4923 464 4987 λείας
503 4927 798 4994 ἀπόφασιν.
860 4934 1043 5004 Φαμὲν
1089 4937 1146 4990 δὲ
1197 4939 1294 4994 διὰ
1352 4945 1459 4998 τοῦ
1520 4949 1722 5016 τρίτου
1779 4951 1898 5006 τῶν

317 5018 648 5114 ρωστήρων
680 5038 744 5074 τε
770 5025 869 5078 καὶ
898 5026 1170 5097 ἀστέρων
1236 5034 1296 5086 τὸ
1326 5036 1505 5105 τρίτον
1543 5040 1641 5110 τῆς
1686 5043 1897 5114 ἡμέρας

317 5120 374 5153 τε
421 5107 531 5200 ’καὶ
586 5106 728 5182 [τῆς]
764 5115 958 5179 νυκτὸς
1000 5117 1294 5187 δηλοῦσθαι
1348 5106 1662 5200 διάστημα·

317 5195 574 5298 γνοίημεν
601 5200 681 5253 ὅτι
716 5203 835 5257 οὑδὲ
880 5207 998 5260 τότε
1026 5212 1262 5283 ἄκρατον
1299 5219 1326 5270 ὁ
1365 5218 1498 5284 Θεὸς
1527 5195 1894 5298 ἐπαγειντὴν

317 5285 558 5340 κάκωσιν
587 5307 602 5320 ⁸
635 5294 769 5350 ἀλλά
803 5298 864 5352 τὺ
890 5302 1072 5372 τρίτον
1101 5307 1194 5359 τοῦ
1221 5313 1472 5378 χρονικοῦ
1526 5314 1894 5388 διαστήματος

318 5384 619 5452 συγχωρῶν
643 5389 769 5454 τοὺς
801 5395 1150 5465 πεπληγότας
1187 5403 1538 5474 ἀλγύνεσθαι,
1593 5410 1894 5482 λεληθότως

311 5471 530 5539 τούτους
562 5483 876 5550 παρακαλεῖ
909 5489 1052 5543 κατὰ
1084 5492 1143 5544 τὸ
1180 5494 1366 5550 πλεῖον
1410 5500 1576 5571 μέρος
1608 5504 1670 5558 τὸ
1703 5505 1892 5560 λειπό-⁸

310 5577 470 5705 μενον
490 5582 502 5594 ·
538 5569 622 5632 τίς
657 5573 765 5645 γάρ
791 5577 931 5630 οἴσει
961 5579 1023 5633 τὸ
1079 5586 1340 5658 ποτήριον
1371 5569 1495 5662 τῆς*
1528 5592 1676 5659 θείας
1722 5597 1893 5668 ὀργῆς

348 5671 546 5705 κοατον
569 5677 581 5705 Ῐ

348 5671 583 5727 κρατονς

379 5831 420 5861 ¹⁹
451 5830 557 5888 lszr.
597 5851 713 5896 xiv.
751 5839 835 5895 l2.
897 5843 942 5874 ²⁰
974 5842 992 5896 Ι
1023 5845 1151 5903 Cor.
1195 5865 1270 5915 XI,
1295 5851 1384 5908 51.

2365 3869 2596 3926 CAPUT
2644 3869 2815 3924 XXV.
2895 3871 3128 3926 SERMO
3177 3872 3272 3928 1X.

2085 3983 2161 4039 De
2187 3995 2379 4056 quarto
2408 3985 2615 4056 angelo,
2650 3993 2699 4039 et
2723 3983 3072 4038 luutinarium
3102 3983 3492 4042 obscuratione.

2105 4204 2225 4268 Illi,
2255 4206 2338 4258 12.
2377 4213 2442 4256 ιιι
2469 4214 2690 4275 quartus
2716 4206 2931 4275 angelus
2966 4206 3090 4259 tuba
3128 4207 3357 4271 cecinit;
3382 4216 3432 4262 et
3469 4225 3592 4279 per-

2014 4309 2168 4348 cussa
2196 4307 2271 4349 est
2301 4296 2459 4348 tertia
2497 4311 2622 4363 pars
2653 4296 2804 4358 solis,
2857 4305 2906 4348 et
2955 4297 3114 4349 tertia
3171 4313 3297 4366 pars
3334 4298 3496 4364 (una,
3540 4311 3590 4353 et

2014 4385 2174 4439 tertia
2202 4401 2326 4454 pars
2349 4385 2660 4450 stellarum;
2691 4387 2766 4439 ita
2788 4396 2841 4440 ut
2867 4386 3242 4441 obscuraretur
3280 4392 3436 4442 tertia
3461 4406 3589 4459 pars

2007 4495 2209 4540 eorum,
2244 4487 2290 4533 et
2321 4480 2427 4533 diei
2471 4495 2573 4533 non
2604 4478 2796 4534 luceret
2825 4497 2947 4549 pars
2979 4482 3135 4535 tertia
3157 4521 3172 4545 ,
3205 4492 3251 4535 et
3310 4483 3480 4537 noctis
3514 4483 3588 4538 si-

1933 4575 1977 4630 D
2006 4573 2227 4628 militer.

2078 4663 2425 4719 Arbitramur
2458 4666 2574 4720 haec
2601 4679 2820 4735 quoque
2881 4665 2989 4720 illis
3022 4677 3250 4734 cognata
3292 4681 3413 4722 esse
3463 4683 3587 4737 quae

2008 4755 2073 4808 de
2113 4755 2230 4809 sole
2280 4766 2333 4811 ct
2386 4755 2513 4810 luna
2557 4766 2610 4811 et
2668 4759 2952 4826 utriusque
3002 4758 3392 4813 obscuratione
3443 4761 3586 4829 apud

2006 4849 2326 4917 prophetam
2348 4848 2554 4904 Joclern
2604 4851 2892 4920 leguntur;
2922 4866 3044 4922 quae
3075 4853 3246 4908 multo
3291 4863 3417 4908 ante
3471 4852 3583 4907 Do-

2007 4940 2261 4994 minicam
2323 4943 2390 4995 de
2445 4942 2629 4996 sa-cnli
2707 4946 3178 4998 consummatione
3257 4947 3582 4999 sententiam

2007 5033 2260 5100 praedicta
2296 5032 2469 5087 luisse
2508 5042 2742 5088 constat.
2779 5033 2876 5087 Per
2907 5036 3116 5086 tertiam
3146 5045 3326 5089 autent
3345 5035 3581 5089 lumina-

2006 5124 2142 5176 rium
2188 5134 2236 5178 et
2267 5125 2542 5178 stellarum
2594 5135 2796 5194 partem
2850 5125 3070 5180 tertium
3129 5126 3236 5180 diei
3297 5135 3351 5181 et
3402 5128 3580 5181 noetis

1999 5218 2232 5287 spatium
2296 5219 2590 5286 signiticari
2647 5228 2943 5287 putatuus:
3002 5227 3061 5272 ut
3111 5219 3238 5274 hinc
3295 5221 3576 5275 discamus

1996 5325 2172 5379 neque
2209 5320 2338 5365 tunc
2396 5325 2616 5381 quoque
2649 5309 2828 5374 Deum
2877 5325 3093 5380 poenam
3139 5311 3319 5366 omnis
3366 5311 3577 5366 miseri-

1993 5400 2194 5455 cordia:
2246 5411 2522 5471 expertem
2568 5401 2896 5456 illaturnm:
2955 5417 3131 5472 neque
3185 5401 3329 5456 enim
3387 5401 3473 5455 die
3522 5411 3575 5456 et

1995 5502 2156 5548 nocte
2190 5504 2297 5548 tota
2333 5494 2609 5549 sauciatos
2648 5493 2806 5564 atlligi
2841 5497 3110 5564 patietur,
3141 5494 3232 5548 sed
3261 5493 3417 5546 tertia
3452 5504 3572 5547 tan-

1994 5596 2106 5643 tum
2129 5629 2145 5654 ,
2203 5590 2307 5645 hoc
2345 5599 2429 5644 cst
2480 5589 2675 5643 minori
2719 5588 3033 5658 tctnporarii
3065 5585 3332 5640 intervalli
3367 5596 3519 5654 parte
3554 5606 3568 5640 :

1993 5698 2088 5751 per
2125 5683 2270 5739 illam
2306 5684 2696 5756 indulgentiam
2733 5697 3130 5755 poenarumque
3170 5680 3568 5738 relaxationetu
