4034 6620
427 391 536 454 295

1588 393 1915 454 ANDRE/E
1954 388 2473 456 C/ESARIENSIS

3569 395 3677 460 296

426 505 493 559 ad
521 501 952 572 resipisccntiam
986 503 1146 558 tacite
1191 516 1286 558 eos
1332 519 1655 575 provocans.
1688 506 1823 573 Quis
1854 508 1999 562 enim
2044 507 2242 563 divina:
2288 509 2381 564 ira:
2429 508 2652 563 calicem
2693 506 2936 578 perferre
2993 517 3201 578 posset,
3256 507 3305 564 si
3363 522 3519 577 pure,
3575 510 3678 566 hoc

425 605 528 655 est.
564 595 710 648 nuha
743 592 1029 648 clementia
1063 603 1420 665 temperatus,
1463 599 1829 668 propinetur?

496 687 605 758 38
635 685 768 751 VIII,
821 686 909 765 I5.
963 685 1030 738 Et
1071 686 1198 752 uidi,
1257 696 1305 742 et
1367 689 1548 742 audivi
1610 705 1783 744 uocem
1842 691 1996 744 unius

2172 686 2282 744 Kal
2312 687 2550 756 ἥκουσα
2565 685 2703 753 ἐνὸς
2723 685 2991 754 ἀγγέλου
3007 684 3338 754 πετομένου
3369 685 3439 740 ἐν
3456 704 3676 757 μεσου.

424 778 620 848 aquila:
649 777 876 830 volantis
921 793 1014 845 per
1065 778 1293 831 medium
1337 779 1475 844 cazli,
1518 779 1741 834 dicentis
1770 779 1994 852 [Aliter,

2098 778 2396 849 ρανήματι
2421 818 2436 842 ,
2468 778 2756 848 λέγοντος
2785 776 2954 846 φωνῇ
2994 777 3230 847 μεγάλῃ
3257 793 3272 807 ο
3311 780 3478 843 οὐαὶ,
3519 781 3676 849 οὐαὶ,

425 886 586 922 ιιηιιηι
613 868 854 937 angelum
888 868 1148 922 volantem
1179 886 1274 939 per
1303 870 1531 923 medium
1555 871 1693 936 coeli,
1717 871 1997 945 dicentem]

2103 870 2239 926 οὐαὶ
2277 869 2402 935 τοῖς
2439 868 2833 924 κατοικοῦσιν
2867 869 2964 922 ἐπὶ
2995 867 3101 936 τῆς
3133 868 3246 939 τῆς
3283 869 3355 924 ἐκ
3391 871 3509 925 τῶν
3551 876 3679 926 λοι-

424 978 543 1014 voce
581 977 804 1028 magna:
846 959 956 1025 Vce,
984 977 1079 1026 vce,
1108 978 1202 1026 vw,
1235 961 1598 1016 habitantibus
1634 965 1688 1016 in
1740 975 1904 1030 terra,
1937 967 2001 1018 de

423 1055 626 1108 ca'teris
653 1053 862 1108 vocibus
895 1056 1056 1108 trium
1093 1056 1402 1125 angelorum
1437 1056 1528 1125 qui
1577 1066 1726 1110 erant
1757 1061 1883 1111 tuba
1914 1076 2000 1112 ca-

424 1148 609 1202 nituri.

497 1237 574 1292 Ex
609 1239 692 1293 his
726 1255 941 1310 quoque
999 1240 1266 1296 discimus
1300 1249 1503 1310 quanta
1537 1240 1848 1295 divinorum
1900 1257 1998 1296 an-

427 1329 669 1398 gelorum
717 1332 789 1384 sit
833 1331 1134 1396 miseratio,
1171 1340 1483 1401 quantaque
1513 1333 1826 1388 eorumdem
1873 1349 2000 1404 erga

425 1420 679 1475 homines
717 1421 1051 1475 humanitas.
1103 1420 1314 1476 Etenim
1371 1423 1438 1478 ad
1501 1423 1593 1478 Dei
1643 1424 1999 1478 imitationem

423 1509 647 1565 miseret
683 1526 778 1566 eos
811 1512 1117 1578 hominum,
1151 1514 1244 1582 qui
1280 1513 1474 1569 durius
1519 1524 1742 1584 propter
1781 1524 2000 1585 peccata

421 1601 813 1670 excipiuntur;
873 1603 1043 1657 multo
1093 1619 1224 1659 vero
1279 1605 1454 1674 magis
1517 1606 1757 1670 illorum,
1796 1605 1888 1675 qui
1935 1620 2004 1659 ne

421 1693 597 1761 plagis
625 1693 846 1762 quidem
900 1695 1144 1750 suaviter
1177 1696 1438 1750 admoniti
1465 1738 1482 1763 ,
1514 1697 1874 1751 emendantur
1901 1715 1913 1749 :
1948 1696 2002 1750 in

421 1797 563 1851 quos
616 1783 699 1837 vel
728 1785 971 1839 maxime
1002 1784 1180 1853 ipsum
1215 1785 1308 1841 Vae
1364 1787 1632 1856 quadrat;
1687 1798 1745 1842 ut
1795 1787 1889 1858 qui
1946 1788 2000 1841 iu

423 1883 566 1956 terra
597 1875 797 1945 degant
826 1887 881 1932 et
917 1888 1132 1933 terrena
1167 1889 1374 1933 tantum
1405 1880 1652 1948 sapiant;
1693 1891 1746 1934 et
1784 1895 2002 1935 casuum

419 1969 609 2024 verius
639 1979 692 2024 et
720 1971 1020 2039 pulverem,
1050 1987 1212 2040 quam
1240 1987 1406 2027 suave
1443 1984 1781 2042 unguentum
1813 2014 1828 2039 ,
1858 1973 2001 2044 quod

2102 961 2234 1016 πῶν
2260 961 2476 1031 φωνῶν
2508 961 2618 1030 τῆς
2645 961 2986 1030 σάλπιγγος
3028 958 3148 1016 τῶν
3190 960 3368 1030 τριῶν
3409 963 3682 1034 ἀγγέλων

2102 1055 2221 1109 τῶν
2237 1056 2588 1124 μελλόντων
2614 1052 2945 1115 σαλπίζειν.

2180 1239 2326 1293 Οὐαὶ
2353 1237 2470 1302 τοῖς
2495 1237 2884 1290 κατοικοῦσιν
2899 1234 2998 1289 ἐπὶ
3034 1234 3148 1303 τῆς
3175 1234 3306 1306 γῆς.
3327 1237 3438 1291 Καὶ
3454 1235 3542 1290 διὰ
3557 1237 3673 1292 τού-

2104 1347 2212 1384 των
2233 1331 2294 1383 τὸ
2327 1329 2610 1400 συμπαθὲς
2637 1329 2731 1382 καὶ
2754 1327 3136 1399 φιλάνθρωπον
3161 1327 3270 1380 τῶν
3310 1327 3470 1382 θείων
3507 1329 3678 1397 ἀγγέ-

2103 1423 2212 1476 λων
2262 1422 2556 1476 δείκνυται·
2588 1421 2939 1490 θεομιμήτως
2988 1419 3369 1488 οἰκτειρόντων
3425 1420 3677 1473 παιδευο-

2107 1515 2302 1584 μένους
2330 1513 2456 1575 τοὺς
2492 1509 3023 1581 πλημμελήσαντας’
3057 1508 3236 1579 πολλῷ
3258 1509 3315 1563 δὲ
3350 1509 3511 1562 πλέον
3552 1509 3678 1574 τοὺς

2107 1606 2242 1677 μηδὲ
2270 1607 2392 1668 ταῖς
2427 1603 2649 1673 μάστιξι
2698 1603 2836 1674 πρὸς
2864 1603 3196 1674 ἐπιστροφὴν
3228 1603 3524 1674 βλέποντα-ς
3549 1621 3564 1637 ⁰
3598 1600 3678 1669 οἷς

2105 1697 2246 1770 [καὶ]
2281 1697 2520 1768 μάλιστα
2551 1697 2612 1750 τὸ
2645 1695 2783 1749 Οὐαὶ
2809 1696 3070 1766 ἁρμόζει·
3102 1696 3178 1759 ὡς
3211 1698 3306 1750 ἐπὶ
3336 1697 3438 1766 γῆς
3469 1697 3676 1751 οἰκοῦσι

2104 1790 2197 1842 καὶ⁹
2223 1774 2478 1859 φρονοῦσι
2501 1787 2567 1840 τὰ
2598 1788 2786 1858 γήϊνα,
2834 1788 2929 1841 καὶ
2983 1788 3113 1858 χοῦν
3138 1789 3260 1843 ἀντὶ
3309 1787 3404 1842 τοῦ
3440 1791 3667 1843 ἐκκενω-

2105 1881 2287 1945 θέντος
2315 1879 2486 1951 μύρου
2513 1879 2582 1932 δι’
2611 1879 2758 1951 ἡμᾶς
2791 1880 3033 1933 πνέουσι.
3067 1879 3190 1942 Τοῖς
3225 1879 3332 1951 γὰρ
3371 1881 3431 1933 ὲν
3467 1880 3678 1952 οὐρανῷ

2106 1974 2289 2044 ἔχουσι
2341 1973 2402 2025 τὸ
2436 1973 2738 2044 πολίτευμα
2765 1971 2989 2043 ἀφορμὴ
3016 1971 3087 2026 τὰ
3126 1972 3366 2045 δυσχερῆ
3403 1973 3683 2042 στεφάνων

421 2064 596 2118 nostri
629 2078 794 2118 causa
831 2064 1085 2120 Christus
1145 2064 1362 2120 effudit.
1425 2064 1597 2118 Porro
1657 2075 1862 2130 autem,
1904 2066 1995 2136 qui

2101 2066 2431 2137 ἀμαράντων
2468 2065 2560 2118 καὶ
2591 2064 2859 2134 βραϐείων
2889 2065 3148 2133 γίνονται.

421 2170 577 2209 suam
607 2156 1077 2212 conversationem
1131 2157 1186 2211 in
1241 2157 1395 2213 caelis
1449 2158 1668 2226 habent,
1722 2159 1790 2214 iis
1852 2158 2027 2213 tristia
2085 2174 2283 2227 resque
2340 2158 2580 2213 adversae
2643 2157 3007 2212 immortalem
3089 2173 3350 2214 coronam
3405 2156 3675 2230 amplissi-

419 2263 622 2318 maque
639 2249 862 2319 praemia
893 2248 1212 2304 conciiiant.

976 2365 1210 2422 CAPUT
1272 2365 1462 2424 XXVI.

420 2483 498 2536 De
547 2481 730 2552 quinto
783 2481 1003 2552 angelo,
1054 2483 1390 2552 mysticisque
1439 2482 1693 2548 locustis,
1734 2498 1796 2536 ac
1847 2483 1996 2535 varia

931 2552 1234 2605 earumdem
1261 2553 1454 2620 forma.

490 2668 584 2734 IX,
626 2667 738 2721 1-5.
770 2665 838 2718 Et
874 2665 1091 2735 quintus
1142 2665 1357 2734 angelus
1389 2664 1512 2717 tuba
1539 2666 1724 2718 cecinit
1751 2681 1771 2718 :
1808 2676 1854 2718 et
1894 2664 2001 2718 vidi

421 2763 628 2816 stellam
667 2764 730 2814 de
756 2761 884 2813 coelo
935 2759 1183 2812 cecidisse
1220 2759 1270 2812 in
1315 2768 1548 2824 terram;
1588 2769 1636 2813 et
1674 2758 1801 2812 data
1839 2771 1914 2814 est
1951 2760 2000 2813 ei

421 2856 585 2909 clavis
618 2853 760 2922 putei
786 2852 985 2921 abyssi,
1014 2863 1062 2905 et
1092 2853 1296 2921 aperuit
1332 2863 1544 2920 puteum
1577 2853 1776 2924 abyssi,
1817 2862 1864 2906 et
1910 2870 1998 2906 as-

420 2948 590 3000 cendit
622 2945 798 3014 fumus
833 2944 997 3013 putei,
1031 2945 1165 2997 sicut
1188 2944 1365 3012 fumus
1393 2945 1623 3014 fornacis
1665 2961 1868 3013 magna:
1901 2962 1918 3010 ;
1949 2955 1999 2998 et

419 3041 728 3093 obscuratus
759 3047 835 3091 est
863 3036 942 3091 sol
981 3043 1029 3089 et
1062 3053 1152 3090 aer
1181 3037 1244 3090 de
1271 3037 1414 3105 fumo
1452 3038 1640 3106 putei;
1675 3047 1722 3090 et
1755 3040 1818 3090 de
1849 3038 1994 3106 fumo

418 3132 666 3186 exierunt
699 3130 918 3184 locusta
945 3129 996 3182 in
1023 3138 1258 3193 terram;
1280 3141 1326 3184 et
1359 3130 1487 3183 data
1512 3139 1586 3184 est
1615 3131 1723 3184 illis
1746 3139 1994 3199 potestas,

418 3225 556 3277 sicut
583 3223 770 3276 habent
799 3230 1109 3291 potestatem
1158 3225 1455 3291 scorpiones
1498 3234 1694 3278 terrae:
1729 3233 1776 3277 et
1802 3240 1997 3293 prisce-

2682 2361 2930 2415 ΚΕΦΑΛ.
2972 2360 3114 2429 κσν.

2105 2477 2244 2547 Περὶ
2265 2477 2370 2531 τοῦ
2394 2476 2668 2547 πέμπτου
2695 2476 2958 2544 ἀγγέλου
2981 2475 3074 2547 καί
3109 2474 3225 2528 τῶν
3253 2477 3488 2547 νοητῶν
3515 2477 3686 2547 ἀκρί-

2208 2543 2593 2615 δωνμιαϊτοῦ
2624 2543 2905 2600 ποικίλου
2943 2543 3050 2612 τῆς
3076 2545 3316 2616 μορφῆς
3343 2547 3564 2603 αὐτῶν.

2171 2663 2280 2717 Καὶ
2333 2666 2366 2716 ό
2411 2661 2681 2731 πέμπτος
2725 2659 2982 2730 ἄγγελος
3020 2659 3323 2715 ἐσάλπισε
3355 2679 3367 2691 ·
3399 2657 3685 2715 καὶεῐδον

2099 2754 2326 2820 ἀστέρα
2359 2754 2429 2806 ἐκ
2456 2752 2562 2806 τοῦ
2592 2751 2855 2820 οὐρανοῦ
2885 2753 3234 2805 πεπτωκότα
3269 2755 3355 2818 είς
3385 2754 3500 2820 τὴν
3527 2752 3671 2822 γῆν·

2099 2850 2196 2905 καὶ
2214 2849 2391 2913 ἐδόθη
2411 2846 2571 2912 αὐτῷ
2587 2845 2626 2912 ἡ
2649 2845 2816 2912 κλεὶς
2832 2846 2938 2900 τοῦ
2961 2846 3211 2914 φρέατος
3236 2845 3342 2914 τῆς
3365 2845 3642 2900 ἀϐύσσου
3659 2857 3674 2874 ⁸

2098 2943 2195 2997 καὶ
2230 2941 2436 3010 ἤνοιξε
2467 2941 2533 2993 τὸ
2572 2938 2762 3008 φρέαρ
2794 2936 2902 3005 τῆς
2959 2938 3236 2992 ἀϐύσσου
3261 2954 3277 2970 ·
3338 2938 3435 2992 καὶ
3494 2938 3683 3004 ἀνέϐη

2101 3033 2334 3097 καπνὸς
2358 3032 2426 3085 ἐκ
2460 3031 2569 3085 τοῦ
2606 3030 2863 3100 φρέατος
2890 3031 2970 3094 ὡς
3003 3027 3238 3092 καπνὸς
3285 3029 3541 3098 καμίνου
3579 3045 3686 3098 με·

2105 3127 2327 3197 τάλης·
2371 3124 2470 3178 καὶ
2493 3123 2824 3190 ἐσκοτίσθη
2865 3123 2898 3175 ό
2931 3119 3104 3188 ἥλιος
3139 3119 3238 3173 καὶ
3272 3122 3305 3174 ό
3335 3119 3453 3188 ἀὴρ
3481 3119 3548 3172 ἐκ
3573 3120 3680 3176 τοῦ

2104 3215 2342 3271 καπνοῦ
2360 3215 2466 3270 τοῦ
2496 3214 2773 3285 φρέατος·
2803 3212 2901 3267 καί
2929 3214 2996 3266 ἐκ
3024 3212 3130 3267 τοῦ
3157 3211 3393 3267 καπνοῦ
3418 3211 3683 3280 ἐξῆλθον

417 3326 566 3384 ptum
594 3325 670 3370 est
696 3314 827 3376 illis,
859 3329 920 3368 ne
953 3313 1200 3369 ltederent
1237 3305 1412 3382 fenum
1457 3313 1631 3377 term",
1664 3330 1825 3382 neque
1851 3331 1997 3368 omne

2106 3309 2347 3377 ἀκρίδες
2380 3311 2466 3374 εὶς
2503 3307 2621 3375 τὴν
2636 3305 2775 3376 γῆν,
2821 3305 2918 3360 καὶ
2967 3305 3145 3372 ἐδόθη
3189 3303 3399 3371 αὑταῖς
3430 3303 3682 3368 ἐξουσία

419 3405 605 3471 viride,
635 3421 798 3475 neque
826 3420 1031 3459 omnem
1065 3405 1326 3468 arborent,
1375 3406 1476 3458 nisi
1503 3415 1711 3460 tantum
1743 3405 1993 3471 homines,

2101 3402 2180 3467 ὡς
2208 3402 2460 3470 ἔχουσιν
2493 3400 2784 3464 ἐξουσίαν
2823 3401 2879 3451 ol
2914 3398 3191 3466 σκορπίοι
3226 3396 3336 3464 τῆς
3391 3394 3523 3466 γῆς.
3571 3395 3679 3448 Καὶ

416 3497 506 3566 qui
559 3511 661 3549 non
716 3496 906 3550 habent
956 3497 1165 3566 signum
1206 3496 1303 3550 Dei
1361 3498 1415 3549 in
1472 3497 1732 3564 frontibus
1760 3498 1992 3550 suis:et

2101 3495 2311 3564 ἐρρέθη
2338 3491 2547 3556 αὐταῖς
2575 3492 2678 3546 ἵνα
2699 3491 2785 3560 μὴ
2811 3489 3149 3553 ἀδικήσωσι
3184 3490 3292 3542 τὸν
3322 3490 3543 3558 χόρτον
3569 3484 3676 3554 τῆς

417 3589 605 3640 datum
635 3597 712 3641 est
739 3587 850 3641 illis
877 3603 939 3640 ne
966 3587 1260 3641 occiderent
1289 3605 1398 3655 eos,
1423 3589 1512 3642 sed
1542 3603 1599 3641 ut
1626 3590 1996 3642 cruciarentur

2101 3585 2400 3658 Τῆςςίούδὲ
2428 3584 2550 3641 πᾶν
2583 3585 2839 3654 χλωρὸν,
2875 3582 3018 3636 οὐδὲ
3039 3581 3162 3637 πᾶν
3195 3580 3450 3649 δένδρον
3475 3595 3488 3609 .
3519 3581 3568 3633 ει
3591 3580 3678 3648 μὴ

417 3678 680 3732 mensibus
713 3682 938 3748 quinque
969 3694 988 3732 :
1021 3690 1070 3733 et
1104 3683 1370 3734 cruciatus
1392 3696 1593 3744 eorum,
1625 3689 1682 3733 ut
1728 3681 1994 3734 cruciatus

2101 3681 2244 3748 τοὺς
2270 3681 2620 3747 ἀνθρώπους
2660 3677 2879 3741 οἵτινες
2910 3676 3022 3728 οὐκ
3067 3675 3280 3742 έχουσι
3333 3671 3449 3739 τὴν
3488 3688 3680 3741 σφρα-

417 3771 636 3839 scorpii,
678 3788 796 3824 cum
831 3772 1049 3840 perculit
1074 3773 1354 3826 hominem.

2101 3774 2231 3843 τῑδα
2260 3772 2389 3844 [τοῦ
2418 3770 2589 3842 Θεοῦ]
2623 3768 2723 3822 ἐπὶ
2758 3766 2878 3821 τῶν
2921 3766 3209 3835 μετώπων
3252 3763 3519 3837 [auctir].
3569 3760 3682 3818 Kal

349 3919 356 3930 ,
414 3862 594 3930 ἐδόθη
626 3862 836 3928 αὑταῖς
864 3863 964 3916 ἵνα
999 3863 1085 3933 μὴ
1111 3863 1550 3918 ἀποκτείνωσιν
1607 3865 1858 3930 αὐτούς’
1891 3864 2032 3919 ἀλλ’
2095 3865 2197 3918 ἵνα
2216 3860 2642 3928 ,βασανισθῶσι
2682 3855 2880 3925 μῆνας
2953 3856 3133 3909 πέντε
3160 3871 3174 3885 ’
3245 3856 3343 3908 καὶ
3407 3857 3440 3908 ό
3482 3855 3677 3919 βασα-

415 3959 633 4027 νισμὸς
670 3958 869 4012 αὐτῶν
923 3959 1004 4023 ὡς
1041 3958 1434 4028 βασανισμὸς
1483 3960 1814 4027 σκορπίου,
1863 3959 2010 4014 ὅταν
2046 3961 2235 4028 παίσῃ
2272 3958 2607 4027 ἄνθρωπον.

489 4051 732 4118 Stellam,
753 4068 875 4122 quae
894 4053 980 4107 hic
1005 4055 1056 4106 in
1084 4061 1308 4119 terram,
1334 4069 1530 4124 nempe
1550 4055 1604 4108 in
1630 4055 1819 4110 vallem
1840 4053 2002 4110 Josa-

417 4143 571 4212 pltat,
604 4158 725 4212 qua:
773 4158 880 4196 una
914 4159 980 4197 ex
1029 4145 1286 4198 omnibus
1341 4145 1407 4199 ad
1450 4144 1775 4200 universalis
1809 4144 1999 4214 judicii

430 4252 588 4291 usum
626 4236 835 4305 reliqua
891 4236 1002 4302 ﬁet,
1055 4237 1278 4306 delapsa
1317 4238 1604 4304 asseritur,
1638 4239 1860 4308 quidam
1905 4237 1999 4293 Dei

427 4326 676 4398 angelum
698 4327 874 4397 poenis
900 4327 1207 4397 irrogandis
1230 4328 1544 4398 praefectum
1569 4344 1690 4383 esse
1707 4329 1996 4384 dixerunt:

421 4430 634 4488 puteum
676 4433 804 4473 vero
844 4419 1056 4489 abyssi,
1090 4419 1432 4490 gehennam;
1457 4421 1660 4490 fumum
1683 4429 1865 4474 autem
1900 4421 1995 4491 qui

421 4511 548 4564 inde
581 4513 843 4565 continuo
893 4512 1151 4577 exhalat,
1202 4527 1300 4567 sua
1343 4513 1672 4567 obscuritate
1736 4513 1905 4567 solem
1941 4521 1996 4567 et

416 4615 595 4654 acrem
635 4602 984 4656 tenebrosum
1045 4611 1100 4656 et
1150 4603 1306 4672 quasi
1363 4602 1807 4672 inaspectabilem
1889 4604 1994 4658 illis

415 4694 665 4758 reddere,
694 4694 787 4763 qui
820 4695 1039 4750 internis
1061 4695 1394 4750 cruciatibus
1419 4694 1618 4750 addicti
1652 4704 1799 4750 sunt.
1817 4694 1992 4748 Locu-

413 4795 525 4839 stas
559 4801 748 4856 porro,
782 4800 1000 4841 vermes
1031 4787 1152 4840 illos
1185 4787 1248 4839 de
1276 4786 1474 4855 quibus
1501 4787 1759 4856 prOpheta
1791 4787 1892 4842 ait:
1925 4786 1995 4840 Et

415 4880 602 4932 tennis
642 4895 822 4933 eorum
878 4896 981 4933 non
1023 4881 1248 4932 moritur
1277 4880 1343 4932 ".
1395 4879 1520 4934 Ideo
1549 4889 1730 4934 autem
1769 4881 1995 4937 locustis

415 4970 523 5025 illis
555 4971 833 5026 mandavit
871 4987 937 5026 ne
968 4983 1166 5026 terram
1199 4983 1291 5025 aut
1324 4970 1529 5026 faenum
1563 4971 1864 5038 offendant,
1901 4975 1993 5029 sed

415 5061 671 5118 homines
698 5071 906 5118 tantum
938 5103 953 5128 ,
991 5064 1136 5133 quod
1172 5064 1494 5133 isthmcjam
1525 5073 1642 5119 tum
1672 5067 1740 5120 ab
1773 5067 1993 5122 interitu

413 5166 464 5209 et
505 5156 858 5227 corruptione
918 5155 1182 5209 immunia
1239 5166 1422 5221 erunt,
1480 5159 1568 5212 cui
1606 5159 1706 5213 hoc
1753 5167 1994 5229 tempore

416 5247 588 5302 nostri
613 5262 784 5302 causa
818 5247 1056 5302 obnoxia
1089 5258 1216 5301 sunt
1242 5267 1254 5300 :
1285 5265 1482 5303 menses
1500 5251 1737 5322 denique
1767 5253 1994 5323 quinque

353 5363 362 5375 κ
414 5340 700 5396 insinuare
741 5331 1262 5412 inlez-orum'pmnis
1297 5342 1547 5408 traditos,
1596 5344 1746 5398 brevi
1775 5346 1993 5416 quidem

412 5433 794 5502 praalinitoque
865 5439 1112 5502 tempore
1155 5433 1424 5489 intensius
1453 5434 1812 5502 cruciandos;
1871 5445 1996 5506 post

412 5519 543 5575 illud
572 5534 698 5572 vero
757 5529 1037 5588 exactum,
1094 5521 1402 5590 remissius,
1465 5524 1517 5579 in
1554 5538 1773 5580 omnem
1813 5534 1995 5580 tamen

411 5607 796 5664 azteruitatem.
856 5609 970 5681 Ego
1042 5620 1224 5668 autem
1307 5629 1414 5671 una
1454 5631 1580 5672 cum
1638 5617 1744 5674 illis
1785 5615 1992 5686 fateor,

484 5787 528 5820 ¹¹
564 5785 668 5843 Isa.
698 5803 843 5858 var,
865 5790 956 5849 ‘24.

2185 4054 2443 4122 Ἀστέρα
2483 4053 2627 4115 τινὲς
2653 4050 2864 4122 ἔφησαν
2887 4050 2950 4102 ἐκ
2977 4047 3070 4102 τοῦ
3097 4048 3326 4119 ούρανοῦ
3363 4046 3678 4102 καταϐάντα

2098 4152 2156 4204 ἐν
2183 4151 2248 4220 τῇ
2279 4151 2371 4219 γῇ,
2397 4147 2509 4218 ἠως
2537 4149 2602 4216 τῇ
2635 4143 3024 4214 ὑπολειφθείσῃ
3070 4141 3276 4196 κοιλάδι
3318 4141 3588 4208 Ἰωσαφάτ
3618 4143 3676 4192 ἐν

2097 4245 2163 4314 τῇ
2198 4244 2396 4312 κρίσει,
2429 4239 2662 4308 ἄγγελον
2687 4237 2829 4290 θεῖον
2860 4232 3002 4288 εἷναι
3061 4235 3154 4287 ἐπὶ
3206 4233 3314 4286 τῶν
3374 4235 3676 4288 κολάσεων.

2098 4337 2288 4404 Φρέαρ
2311 4335 2368 4386 δὲ
2395 4333 2505 4400 τῆς
2532 4332 2831 4394 ἀϐύσσου,
2868 4329 2968 4400 τὴν
3001 4329 3229 4398 γέενναν
3253 4344 3266 4358 ⁸
3297 4328 3391 4380 καὶ
3417 4327 3473 4393 ἐξ
3505 4326 3676 4392 αὐτῆς

2096 4429 2204 4481 τὸν
2236 4425 2471 4480 καπνὸν
2503 4423 2738 4490 ἐξιόντα,
2771 4422 3000 4474 ἀθέατον
3024 4423 3138 4484 τοῖς
3177 4419 3560 4489 κολαζομένοις
3585 4419 3679 4470 τὸν

2095 4519 2248 4591 ἥλιον
2286 4519 2382 4571 καὶ
2425 4518 2516 4570 τὸν
2591 4517 2729 4587 ἀέρα
2779 4514 3215 4586 ἀπεργάζεσθαι.
3281 4512 3544 4582 Ἀκρίδας
3583 4511 3678 4580 δὲ,

2097 4613 2223 4675 τοὺς
2251 4609 2576 4679 σκώληκαςο
2625 4609 2761 4680 ,περὶ
2805 4602 2879 4662 ὧν
2941 4625 3108 4678 φησιν
3151 4609 3180 4659 ὁ
3229 4608 3515 4677 προφήτης
3545 4621 3558 4634 ·
3611 4605 3676 4656 ὐ

2097 4701 2346 4769 σκώληξ
2374 4699 2574 4755 αὐτῶν
2596 4703 2667 4755 οὑ
2691 4699 3060 4768 τελευτήσει.
3092 4698 3166 4752 Τὸ
3187 4698 3243 4750 δὲ
3280 4698 3354 4767 μὴ
3379 4697 3477 4767 τὴν
3499 4695 3603 4766 γῆν
3641 4695 3675 4765 ἢ

2093 4796 2183 4849 τὸν
2206 4795 2419 4866 χόρτον,
2448 4793 2583 4848 ἀλλὰ
2606 4795 2731 4856 τοὺς
2755 4793 3075 4863 ἀνθρώπους
3110 4791 3498 4863 βασανίζεσθαι
3521 4832 3536 4856 ,
3585 4792 3674 4845 διὰ

2091 4887 2154 4940 τὸ
2181 4887 2623 4942 ἀπαλλάττεσθαι
2657 4885 2828 4939 ταῦτα
2875 4885 2975 4955 τῆς
3028 4884 3236 4955 φθορᾶς
3263 4924 3278 4948 ,
3413 4882 3481 4935 δι’
3526 4883 3674 4953 ἡμᾶς

2093 4979 2337 5034 δουλεύει
2372 4982 2633 5050 σήμερον.
2668 4977 2878 5046 Μῆνας
2894 4977 2950 5031 δὲ
2982 4976 3162 5030 πέντε
3183 4974 3404 5039 τούτους
3449 4975 3664 5046 βασανί·

2096 5071 2306 5137 ζεσθαι,
2337 5071 2526 5141 χρόνον
2551 5069 2672 5123 τινὰ
2698 5067 3003 5139 ὡρισμένον
3024 5067 3430 5138 ἐπιτεταμένως
3453 5066 3672 5127 τούτους

2103 5164 2430 5228 κολάζεσθαί
2453 5162 2613 5237 [φησι
2711 5163 2848 5234 μετὰ
2869 5163 2925 5216 δὲ
2964 5161 3174 5227 τοῦτον,
3210 5161 3521 5230 ὑφειμένως
3554 5160 3671 5228 μὲν,

2101 5256 2338 5318 αἰωνίως
2361 5255 2438 5311 δέ.
2483 5253 2625 5322 Ἐγὼ
2670 5254 2726 5307 δὲ
2771 5252 2864 5307 τὸν
2922 5254 3020 5323 μὲν
3067 5252 3294 5320 ἀστέρα
3329 5251 3672 5321 συνομολογὼ

2095 5344 2237 5402 εἶναι
2265 5347 2408 5400 θεῖον
2447 5345 2681 5416 ἄγγελον
2711 5362 2724 5377 ο
2760 5345 2950 5398 τοῦτον
2992 5345 3049 5397 δὲ
3103 5343 3247 5396 κατὰ
3283 5343 3432 5396 θείαν
3464 5341 3669 5412 συγχὼο

2097 5455 2254 5510 ρησιν
2277 5438 2403 5500 τοὺς
2427 5436 2996 5506 καταδεδικασμένους
3027 5434 3116 5508 [τῇ
3139 5432 3383 5505 ἀϐύσσῳ]
3407 5433 3670 5504 πονηροὺς

2093 5529 2320 5599 ἀνάγειν
2376 5528 2680 5600 δαίμονας·
2732 5527 2826 5592 οὒς
2882 5529 2911 5582 ὁ
2955 5528 3190 5600 Χριστὸς
3239 5525 3668 5594 ὲνανθρωπήσας

2095 5621 2285 5693 ἔδησεν
2307 5637 2319 5653 ⁸
2347 5621 2497 5684 ὅπως
2534 5621 2642 5691 πρὸ
2662 5620 2761 5691 τῆς
2792 5620 3103 5684 συντελείας
3145 5619 3211 5674 τὰ
3236 5620 3413 5675 οἰκεῖα
3443 5616 3667 5688 ἐνεργή-
