4040 6592
283 414 389 483 301
1248 409 1851 475 COMMENTARIUS
1900 408 1979 471 1N
2022 404 2552 469 APOCALYPSIN.
3444 403 3570 482 σοι

287 524 490 599 [θείας]
543 525 817 598 θεωρίαςο
872 524 1206 579 ἀπολύεσθαι
1242 524 1301 579 δὲ
1340 525 1399 578 ἐν
1435 526 1504 596 τῇ
1536 523 1723 595 ήμέρᾳ
1768 523 1869 592 τῆς

1984 521 2095 575 clem
2124 520 2325 577 divina:
2354 516 2841 589 contemplationis
2861 516 3190 589 iucunditati
3227 526 3281 573 et
3309 518 3549 573 ubertati

287 617 527 691 κρίσεως
575 618 716 689 μετὰ
744 617 1138 689 ἀναριθμήτων
1190 615 1464 685 ἀγγέλων,
1510 617 1593 679 εἰς
1628 610 1728 687 τὴν
1759 614 1869 669 τῶν

1984 614 2180 686 alligati
2215 621 2502 679 tenentur;
2553 621 2683 667 tunc
2735 626 2885 678 vero,
2930 612 3191 668 nimirum
3244 612 3347 667 sub
3403 612 3548 666 diem

286 709 503 765 ἀσεϐῶν
537 710 867 781 κατάκρισιν
892 723 906 737 °
942 708 1010 762 δι’
1034 702 1110 763 ῶν
1132 704 1194 762 τὸ
1212 706 1395 779 τρίτον
1414 705 1865 778 ἀφανισθήσεται.

1984 704 2184 773 iudicii,
2202 718 2326 760 cum
2350 701 2830 759 innumerabilium
2852 700 3172 774 angelorum
3204 697 3553 757 multitudine

249 850 256 879 π
300 801 443 871 Ἐγὼ
474 800 532 855 δὲ
559 802 653 854 καὶ
688 801 914 866 τούτους
935 796 1092 872 οἶμαι
1125 800 1534 872 πονηροτάτους
1573 794 1716 853 εῖναι
1749 795 1871 853 δαί-

1984 797 2040 851 ad
2070 797 2365 867 impiorum
2408 794 2918 851 condemnationem
2957 794 3276 856 solventur,
3330 810 3395 850 ac
3431 803 3551 848 tan-

294 910 488 965 μονας.
520 895 771 957 δεθέντας
791 896 849 947 ἐν
875 897 943 966 τῇ
971 893 1208 965 Χριστοῦ
1235 891 1512 965 παρουσίᾳ
1538 907 1552 922 ⁸
1595 892 1688 957 οὓς
1728 890 1872 945 κατά

1984 904 2139 960 quam
2180 883 2271 944 Dei
2317 888 2551 944 ministri
2589 888 2805 943 tertiam
2853 886 3161 941 mortalium
3210 895 3420 956 partem
3465 882 3551 939 in-

290 988 437 1040 θεῖον
466 989 797 1059 πρόσταγμα
834 990 899 1041 ἐκ
928 985 1022 1042 τοῦ
1051 986 1450 1059 ὑπερουρανίου
1482 984 1870 1056 θυσιαστηρίου

1984 983 2279 1040 terneeioni
2299 982 2527 1039 dabunt.
2559 979 2673 1054 Ego
2704 996 2835 1038 vero
2880 978 3050 1037 hosce
3088 981 3253 1035 etiam
3296 996 3404 1034 non
3457 996 3553 1033 an-

293 1073 711 1145 ἑξερχομένους,
740 1070 800 1130 οὗ
830 1064 898 1147 ἦν
920 1076 981 1129 τὸ
1019 1076 1078 1129 ἐν
1103 1079 1168 1147 τῇ
1200 1076 1405 1147 παλαιᾷ
1436 1078 1609 1146 σκηνῇ
1650 1075 1871 1129 ἀντίτυ-

298 1182 420 1232 πον,
454 1166 560 1219 ὑπὸ
592 1166 739 1220 θείου
758 1168 993 1237 ἀγγέλου
1054 1164 1294 1235 λύεσθαι,
1343 1162 1485 1222 ὥστε
1532 1167 1763 1240 ταράξαι
1804 1167 1875 1221 τὰ

296 1254 447 1328 ἔθνη,
497 1256 560 1312 οὐ
602 1257 763 1330 μόνον
818 1260 963 1314 κατά
997 1254 1368 1330 Χριστιανῶν,
1427 1256 1564 1313 ἀλλά
1616 1257 1711 1313 καὶ
1751 1259 1873 1313 κατ’

295 1348 546 1423 ἀλλήλων
572 1370 587 1384 ·
618 1354 693 1417 ὡς
718 1353 786 1407 ἂν
821 1355 870 1407 οἱ
902 1353 1000 1424 μὲν
1040 1350 1253 1425 δόκιμοι
1292 1356 1387 1408 καὶ
1424 1352 1607 1407 πιστοὶ
1648 1350 1877 1425 φανεροὶ

296 1442 589 1513 γένωνται,
619 1445 715 1499 καὶ
740 1443 1006 1516 μειζόνων
1030 1446 1274 1517 ἀμοιϐῶν
1303 1447 1523 1501 καὶτῶν
1554 1447 1667 1501 ἄνω
1696 1445 1876 1516 μονῶν

297 1537 392 1591 καὶ
422 1537 721 1607 ἀποθηκῶν
749 1538 891 1607 ἄξιοι
931 1539 1202 1608 φανῶσιν,
1235 1539 1310 1605 ὡς
1334 1542 1481 1604 σῖτος
1519 1539 1729 1612 ὥριμος
1758 1555 1773 1571 ⁸
1826 1540 1875 1592 οἱ

295 1626 352 1680 δὲ
373 1626 700 1699 ἀχυρώδεις,
726 1628 967 1695 ἀσεϐεῖς,
997 1630 1093 1683 καὶ
1116 1629 1239 1684 λίαν
1262 1629 1579 1701 ἁμαρτωλοὶ
1613 1629 1709 1683 καὶ
1734 1629 1874 1700 ἀμε-

299 1720 573 1791 τανόητοι,
609 1720 835 1785 ἐνδίκως
864 1720 1102 1775 ἐνταῦθα
1136 1720 1225 1793 [δι’
1253 1720 1453 1792 αὐτῶν]
1498 1719 1874 1790 κολαζόμενοι,

301 1813 661 1883 ἡμερωτέρας
710 1814 809 1884 τῆς
865 1814 1167 1883 καταδίκης
1215 1814 1274 1868 ἐν
1301 1815 1368 1885 τῇ
1402 1813 1582 1885 κρίσει
1616 1813 1874 1884 τύχωσιν.

1976 1077 2143 1147 gelos,
2176 1077 2269 1132 sed
2300 1077 2568 1147 pessimos
2593 1076 2868 1131 daemones
2907 1090 3028 1130 esse
3054 1073 3378 1138 essistimo;
3414 1087 3553 1141 quos

1971 1169 2126 1239 juxta
2155 1169 2398 1224 divinum
2424 1167 2742 1224 mandatum
2774 1184 2803 1223 e
2836 1166 3063 1222 sublimi
3096 1161 3362 1221 cmlorum
3393 1160 3555 1218 altati

1977 1261 2158 1331 (cujus
2182 1260 2492 1332 exemplum
2548 1260 2603 1316 in
2658 1260 2827 1317 veteri
2887 1256 3241 1315 tabernaculo
3280 1256 3552 1323 exstabat)

1976 1351 2202 1423 eiectos,
2233 1362 2287 1409 et
2315 1368 2413 1424 per
2439 1348 2645 1407 Christi
2679 1350 2734 1407 in
2758 1363 2979 1408 carnem
3013 1347 3306 1405 adventum
3343 1349 3409 1403 ad
3436 1362 3557 1403 cer-

1978 1455 2093 1501 tum
2128 1445 2306 1501 locum
2347 1445 2626 1517 ablegatos
2663 1454 2718 1500 et
2757 1446 3039 1516 alligatos,
3092 1460 3236 1499 unus
3282 1439 3553 1513 quispiam

1978 1556 2046 1597 ex
2077 1540 2393 1610 angelorum
2429 1553 2661 1594 numero
2695 1539 2896 1595 liberos
2925 1554 2992 1594 eo
3021 1546 3269 1607 tempore
3296 1535 3555 1594 dimittet.

1978 1648 2090 1704 quo
2122 1642 2312 1703 gentes
2341 1632 2671 1687 conturbent
2717 1641 2772 1686 et
2799 1640 3017 1694 vexent,
3062 1629 3396 1698 easdemque
3446 1641 3556 1680 non

1982 1734 2191 1780 tantum
2211 1725 2478 1781 adversus
2499 1723 2869 1787 Christianos,
2894 1722 2989 1778 sed
3010 1730 3202 1777 contra
3232 1735 3292 1775 se
3321 1718 3554 1773 invicem

1980 1830 2204 1886 quoque
2239 1815 2541 1887 instigent;
2570 1824 2629 1870 ut
2662 1815 2765 1869 hac
2792 1814 3014 1870 demum
3044 1813 3256 1868 ratione
3296 1808 3558 1865 tentatio-

303 1904 365 1957 Et
418 1903 477 1957 δὲ
526 1903 607 1974 τῷ
639 1903 902 1977 Εὐφράτῃ
933 1903 1319 1976 προσδέδενται
1347 1943 1362 1971 ,
1407 1902 1562 1957 οὐδὲν
1596 1902 1746 1968 ξένον
1774 1917 1789 1933 '
1825 1902 1874 1956 oi

1984 1907 2066 1962 nis
2090 1906 2215 1977 igne
2249 1907 2463 1976 probati
2495 1906 2683 1962 (ideles
2703 1905 2977 1960 manifesti
3011 1904 3164 1969 tiant,
3194 1901 3558 1973 ampliorique

303 1994 403 2064 μὲν
432 1994 569 2065 γὰρ,
604 1994 685 2060 είς
716 1994 816 2066 τὴν
844 1993 1085 2048 ἄϐυσσον
1116 2009 1131 2023 ·
1163 1995 1213 2047 οἱ
1257 1994 1335 2062 δὲ,
1383 1994 1464 2057 είς
1491 1994 1619 2057 τοὺς
1663 1992 1882 2066 χοίρους

299 2083 493 2157 [τότεοῖ
520 2087 568 2141 ol
606 2085 684 2152 δὲ,
718 2087 799 2149 τίς
826 2087 1053 2159 ἐτέρους
1082 2087 1302 2154 τόπους,
1327 2086 1469 2143 κατά
1494 2087 1555 2142 τὸ
1594 2085 1882 2157 παραστάν

298 2181 376 2251 τῷ
406 2179 551 2251 Θεῷ,
574 2180 703 2251 ἄχρι
729 2180 927 2252 καιροῦ
952 2180 1445 2250 κατεδικάσθησαν,
1478 2182 1618 2252 μετά
1634 2181 1725 2235 τὸν
1746 2197 1882 2233 παν-

298 2275 431 2345 τελῆ
465 2273 649 2328 αὐτῶν
706 2273 826 2327 κατ’
872 2273 1183 2345 ἀνθρώπων
1230 2273 1471 2344 πόλεμον
1510 2271 1749 2336 αίωνίως
1788 2289 1878 2326 κο·

299 2362 725 2433 λασθησόμενοι.
764 2362 923 2427 Ἴσως
951 2363 1007 2417 δὲ
1034 2361 1176 2436 [καὶ]
1197 2363 1286 2417 διὰ
1307 2363 1407 2433 τῆς
1433 2362 1539 2417 τοῦ
1559 2360 1879 2431 Εὐφράτου

302 2453 529 2524 μνήμης
565 2451 826 2522 δηλοῦται
858 2455 925 2506 ἐκ
952 2452 1061 2507 τῶν
1084 2453 1269 2525 μερῶν
1291 2453 1517 2506 ἐκείνων
1558 2452 1757 2518 ἐξιέναι
1791 2452 1881 2506 τὸν

312 2546 711 2616 Ἀντίχριστον.
747 2545 884 2617 Περὶ
935 2543 995 2599 δὲ
1049 2543 1143 2599 τοῦ
1202 2544 1442 2617 πλήθους
1472 2545 1580 2599 τῶν
1609 2545 1880 2616 δαιμόνων

298 2634 666 2703 ἀμφιϐάλλειν
716 2634 776 2688 οὐ
815 2635 944 2705 χρή.
984 2635 1194 2698 Πάντες
1239 2634 1348 2706 γὰρ
1377 2634 1428 2688 οἱ
1474 2636 1620 2704 ἅγιοι
1671 2634 1880 2705 πεπλη-

306 2725 514 2794 ρῶσθαι
558 2725 736 2780 αὐτῶν
792 2724 885 2779 τὸν
937 2725 1073 2796 ἀέρα
1130 2725 1369 2793 λέγουσι.
1407 2725 1475 2778 Τί
1528 2724 1583 2778 δὲ
1641 2725 1791 2796 δηλοῖ
1818 2726 1879 2779 τὸ

299 2818 487 2888 τρίτον
519 2818 630 2871 τῶν
658 2819 1131 2891 ἀποκτενομένων,
1163 2820 1258 2872 καὶ
1307 2819 1406 2890 ήδη
1444 2820 1876 2891 προειρήκαμεν.

1982 1998 2237 2054 mercede
2265 2008 2320 2054 et
2344 1997 2704 2069 splendidiori
2733 2001 2790 2052 in
2817 1997 2974 2054 caelis
3006 1995 3311 2059 mansione,
3342 2003 3396 2048 et
3422 2008 3559 2065 apo-

1979 2092 2137 2147 theca
2167 2091 2403 2161 denique
2434 2100 2698 2162 tanquam
2736 2099 3012 2146 maturum
3055 2102 3367 2159 purumque
3420 2087 3562 2142 triti-

1979 2200 2104 2240 cum
2160 2184 2416 2240 nobiliori
2458 2183 2605 2256 digni
2658 2183 3011 2240 habeantur:
3055 2181 3223 2253 palea:
3261 2188 3443 2235 autem
3504 2188 3561 2234 et

1980 2278 2130 2347 impii
2164 2278 2515 2347 insignesque
2548 2287 2866 2348 peccatores
2907 2275 3012 2349 41
3064 2284 3120 2331 et
3159 2274 3450 2338 obstinari,
3489 2272 3558 2328 ad

1983 2383 2153 2424 unum
2181 2383 2375 2424 omnes
2404 2367 2552 2438 juste
2584 2367 2673 2424 hic
2698 2368 2897 2437 puniti,
2934 2366 3274 2422 clementiori
3296 2365 3560 2421 condem-

1984 2459 2223 2515 nationis
2246 2459 2511 2514 sententia
2543 2458 2596 2512 in
2627 2459 2835 2529 judicio
2861 2458 2955 2513 illo
2984 2457 3274 2512 feriantur.
3297 2457 3354 2513 Si
3376 2464 3561 2511 autem

1983 2558 2222 2620 quatuor
2251 2549 2505 2620 pluresve
2554 2548 2835 2605 daemones
2874 2546 3137 2620 Euphrati
3170 2563 3296 2603 vere
3348 2548 3562 2618 alligari

1984 2652 2332 2706 asserantur,
2356 2642 2494 2696 nihil
2524 2642 2645 2696 novi
2677 2650 2772 2698 aut
2802 2639 3052 2697 inusitati
3100 2640 3385 2697 asseritur.
3414 2639 3561 2696 Cor.-

1987 2739 2099 2785 stat
2150 2746 2385 2800 namque
2438 2728 2654 2787 aliosin
2702 2733 2960 2804 abyssum
3013 2747 3156 2801 saepe
3216 2732 3561 2796 amandatos,

1989 2823 2126 2879 alios
2152 2822 2208 2878 in
2236 2838 2434 2893 porcos
2458 2824 2687 2895 eiectos,
2706 2825 2847 2881 alios
2875 2825 2984 2880 alio
3003 2841 3101 2897 pro
3151 2824 3243 2880 Dei
3285 2827 3563 2881 voluntate

298 2909 365 2963 ad
398 2918 619 2979 tempus
652 2909 931 2981 ablegatos
958 2909 1152 2977 fuisse,
1189 2910 1242 2965 in
1282 2927 1444 2967 omne
1475 2921 1662 2982 postea
1700 2928 1875 2969 :evum
1919 2915 2011 2969 ubi
2067 2916 2305 2986 primum
2337 2916 2589 2973 videlicet
2653 2916 2876 2982 bellum,
2900 2916 3045 2986 quod
3077 2916 3343 2971 adversus
3382 2913 3562 2970 homi-

298 3013 424 3052 nem
453 3008 670 3069 gerunt,
699 2998 907 3072 integre
926 2999 1279 3065 absolverint,
1315 3001 1459 3071 apud
1524 3001 1732 3058 inferos
1777 3005 2128 3063 cruciandos.
2192 3006 2466 3064 Credibile
2494 3008 2551 3062 lit
2608 3023 2828 3081 quoque
2871 3004 3162 3077 Euphratis
3187 3006 3256 3061 ob
3317 3007 3369 3061 id
3405 3022 3563 3061 men-

296 3093 503 3149 tionem
537 3090 674 3158 θοι-ἱ,
716 3092 861 3162 quod
894 3091 1261 3148 Antichristus
1294 3105 1361 3148 ex
1390 3092 1495 3148 illis
1530 3092 1666 3149 locis
1733 3096 2048 3152 exoriturus
2117 3097 2392 3154 credatur.
2443 3096 2518 3153 De
2552 3098 2759 3169 lugenti
2825 3106 3006 3152 autem
3055 3096 3365 3151 daemonum
3426 3094 3562 3153 mul-

298 3187 537 3245 titudine
581 3204 690 3245 non
746 3198 829 3246 est
876 3188 1261 3255 dubitandum,
1291 3205 1413 3245 cum
1462 3205 1655 3246 omnes
1704 3193 1880 3248 sancti
1931 3208 2113 3248 aerem
2184 3193 2331 3250 hunc
2404 3194 2745 3249 daemonibus
2789 3193 3047 3248 refertam
3088 3201 3361 3247 asserant.
3394 3190 3560 3264 [Quid

297 3297 430 3339 vero
452 3283 792 3338 demonstret
818 3284 976 3339 tertia
1009 3299 1137 3354 pars
1167 3284 1650 3354 interemptorum,
1683 3293 1738 3340 et
1761 3285 1871 3356 jam
1904 3287 2193 3359 diximus]

368 3374 479 3431 Kal
515 3372 676 3442 ὅπως
700 3371 866 3430 εἶδον
901 3375 1040 3443 τοὺς
1068 3377 1296 3443 ἵππους
1321 3376 1391 3432 ἐν
1422 3376 1498 3446 τῇ
1529 3380 1757 3448 ὁράσει,
1782 3380 1880 3434 καὶ

2058 3379 2151 3445 IX,
2199 3380 2388 3437 17-19.
2426 3376 2492 3433 Et
2536 3380 2613 3435 ita
2646 3378 2752 3434 vidi
2807 3396 2967 3452 equos
3001 3380 3057 3436 in
3104 3382 3303 3437 visione
3330 3397 3348 3436 :
3380 3390 3429 3437 et
3471 3386 3565 3455 qui

298 3469 441 3535 τοὺς
488 3471 865 3538 καθημένους
916 3470 1008 3523 ἐπ’
1059 3470 1289 3538 αὐτῶν,
1323 3471 1577 3541 ἔχοντας
1616 3471 1882 3543 θώρακας

301 3566 619 3631 πυρίνους,
670 3561 771 3615 καὶ
810 3563 1221 3628 ὑακινθίνους,
1282 3565 1382 3617 καὶ
1434 3564 1731 3633 θειώδεις*
1782 3566 1883 3620 καὶ

301 3656 360 3708 al
382 3654 647 3722 κεφαλαὶ
683 3655 803 3707 τῶν
833 3653 1038 3709 ἳππων
1074 3653 1158 3722 ὡς
1193 3657 1448 3725 κεφαλαὶ
1482 3660 1750 3713 λεόντων
1782 3659 1879 3712 καὶ

299 3762 366 3800 εκ
409 3744 533 3800 τῶν
568 3748 884 3816 στομάτων
924 3746 1124 3802 αὐτῶν
1161 3748 1550 3817 ἐξεπορεύετο
1594 3748 1735 3813 πῦρ,
1783 3750 1882 3803 καὶ

300 3840 560 3905 καπνὸς,
600 3840 699 3894 καὶ
729 3839 910 3895 θεῖον.
958 3840 1093 3894 Ἀπὸ
1117 3839 1236 3894 τῶν
1255 3842 1429 3909 τριῶν
1460 3841 1711 3911 πληγῶν
1742 3843 1881 3897 τού-

298 3946 423 3985 των
456 3931 804 4001 ἀπεκτάνθη
847 3933 914 3986 τὸ
961 3933 1163 4000 τρίτον
1219 3932 1338 3986 τῶν
1368 3932 1719 3998 ἀνθρώπων,
1763 3933 1882 3988 ἀπὸ

296 4023 409 4078 τοῦ
440 4024 654 4091 πυρὸς,
694 4024 791 4079 καὶ
834 4023 942 4078 τοῦ
995 4024 1251 4087 καπνοῦ,
1287 4024 1386 4078 καὶ
1410 4025 1515 4079 τοῦ
1542 4026 1726 4091 θείου,
1768 4024 1887 4078 τῶν

296 4116 798 4187 ἐκπορευομένων
822 4117 890 4170 ἐκ
922 4117 1043 4171 τῶν
1072 4117 1385 4186 στομάτων
1420 4116 1641 4172 αὐτῶν.
1685 4117 1752 4173 Ἦ
1776 4117 1885 4188 γὰρ

294 4206 560 4274 ἐξουσία
588 4208 708 4273 τῶν
729 4209 949 4275 ἳππων,
984 4209 1054 4264 ἐν
1082 4209 1162 4275 τῷ
1192 4210 1443 4279 στόματι
1485 4210 1685 4265 αὐτῶν
1726 4212 1882 4275 ἐστι,

1982 3475 2228 3529 sedebant
2258 3491 2416 3544 super
2441 3491 2551 3538 eos,
2588 3474 2847 3528 habebant
2884 3474 3084 3531 loricas
3119 3476 3320 3546 igneas,
3352 3486 3402 3531 et
3428 3476 3562 3548 hya-

1985 3566 2274 3628 cinthinus,
2320 3574 2369 3620 et
2400 3565 2711 3635 sulphureas
2744 3582 2763 3620 :
2796 3576 2846 3620 et
2887 3567 3067 3635 capita
3112 3584 3367 3639 equorum
3410 3581 3565 3623 erant

1988 3668 2242 3728 tanquam
2278 3660 2457 3728 capita
2479 3659 2728 3724 leonum;
2753 3670 2801 3713 et
2824 3659 2889 3715 de
2918 3676 3007 3713 ore
3041 3676 3220 3713 eorum
3250 3660 3564 3729 procedebat

1985 3756 2145 3825 ignis,
2188 3764 2237 3808 et
2283 3753 2487 3823 fumus,
2533 3762 2583 3807 et
2633 3752 2875 3821 sulphur.
2923 3752 2998 3806 Ab
3047 3752 3128 3806 his
3170 3752 3340 3805 tribus
3391 3752 3563 3823 plagis

1989 3848 2167 3901 occisa
2200 3857 2274 3901 est
2304 3847 2464 3900 tertia
2493 3862 2617 3917 pars
2646 3845 2940 3906 hominum,
2977 3847 3040 3898 de
3070 3845 3210 3915 igne,
3234 3854 3283 3897 et
3305 3843 3369 3899 de
3394 3845 3562 3915 fumo.

1989 3950 2037 3993 et
2053 3939 2322 4008 sulphure,
2342 3955 2458 4008 quia
2480 3936 2827 4008 procedebant
2848 3937 2911 3992 de
2936 3952 3024 3990 ore
3045 3937 3301 4005 ipsorum.
3325 3935 3564 3990 Potestas

1986 4034 2123 4085 enim
2156 4047 2408 4100 equorum
2442 4031 2500 4083 in
2529 4046 2617 4083 ore
2639 4045 2825 4083 eorum
2855 4037 2953 4092 est,
2981 4039 3029 4081 et
3061 4029 3116 4081 in
3147 4028 3332 4080 caudis
3359 4044 3561 4081 eorum.

1991 4118 2135 4174 Nam
2161 4121 2347 4175 caudae
2384 4136 2563 4173 eorum
2588 4120 2786 4173 similes
2821 4119 3167 4187 serpentibus,
3198 4119 3444 4174 habentes
3468 4136 3563 4174 ca—-

1986 4214 2138 4283 pita;
2174 4224 2222 4266 et
2256 4213 2310 4265 in
2339 4211 2421 4265 Itis
2456 4221 2660 4265 nocent.

296 4300 401 4354 καί
429 4301 504 4355 ἐν
519 4300 648 4367 ταῖς
668 4300 872 4368 οὐραῖς
895 4299 1114 4355 αὐτῶνθ
1134 4306 1193 4356 al
1220 4302 1328 4372 γὰρ
1349 4302 1519 4371 οὐραὶ
1540 4302 1758 4369 αὐτῶν,
1781 4303 1976 4374 ὅμοιαι
1994 4303 2210 4373 ὄφεσιν
2230 4298 2485 4372 ἔχουσαι
2502 4299 2791 4369 κεφαλὰς,
2817 4298 2914 4354 καὶ
2932 4299 2999 4354 ἐν
3015 4300 3227 4366 αὑταῖς
3258 4299 3560 4360 ἀδικοῦσι.

374 4395 642 4461 Ἵππους
692 4394 749 4448 δὲ
810 4394 1079 4467 [δικαίως]
1131 4390 1287 4468 οἶμαι
1335 4396 1613 4464 λέγεσθαι,
1667 4398 1700 4468 ἢ
1754 4397 1880 4461 τοὺς

300 4487 644 4559 θηλυμανεῖς
671 4487 764 4539 καὶ
805 4487 1103 4557 κτηνὼδεις
1130 4488 1455 4560 ἀνθρώπους
1477 4505 1490 4521 ⁸
1525 4489 1557 4561 ἢ
1590 4491 1716 4553 τοὺς
1744 4489 1880 4542 ὐπο-

2060 4396 2163 4450 Per
2200 4394 2374 4467 Equos
2409 4394 2515 4449 hoc
2541 4395 2663 4449 loco
2694 4392 2970 4463 designari
3019 4391 3352 4450 arbitramur
3383 4397 3562 4453 homi-

1991 4504 2088 4545 nes
2121 4488 2307 4544 veneri
2344 4488 2607 4557 lusuique
2652 4483 2896 4550 deditos,
2938 4483 3344 4556 belluinamque
3394 4491 3560 4545 vitam

300 4555 623 4652 ϐεϐηκότας
647 4582 743 4635 καὶ
769 4555 1109 4653 ἀρχομένους
1140 4586 1197 4637 ἐν
1230 4555 1343 4649 τοῖς
1370 4555 1650 4656 δαίμοσιν·
1687 4585 1880 4639 ἐπιϐά-

1989 4576 2292 4633 ducentes:
2330 4585 2424 4631 aut
2469 4577 2746 4631 daunones
2783 4590 2934 4639 sane,
2981 4574 3075 4645 qui
3113 4575 3347 4630 aliorum
3387 4578 3559 4647 impc-

296 4692 404 4738 τας
442 4674 525 4738 δὲ,
559 4674 686 4738 τοὺς
713 4674 922 4729 τοὺτων
950 4676 1348 4748 κατάρχοντας.
1396 4678 1558 4741 Ἐθος
1604 4677 1713 4749 γὰρ
1762 4675 1885 4730 ratio

296 4782 443 4831 τοις,
478 4765 540 4817 οὐ
579 4764 739 4835 μόνον
768 4765 1019 4836 ἀλλήλοις
1049 4767 1373 4837 ὑπηρέταις,
1419 4767 1556 4821 ἀλλὰ
1592 4768 1684 4820 καὶ
1718 4782 1883 4835 πονηο

298 4857 424 4926 pot;
467 4855 777 4925 ἀνθρώποις
822 4855 1075 4927 ὀργάνοις
1125 4857 1262 4928 πρὸς
1312 4858 1411 4927 τὴν
1445 4856 1551 4910 τῶν
1599 4856 1885 4927 ὁμοφύλων

296 4949 402 5000 ἀνθ
415 4946 613 5018 ρώπων
643 4946 935 5020 ἐπιϐουλὴν
964 4950 1288 5021 κεχρῆσθαι.
1328 4952 1473 5016 Τοὺς
1503 4950 1558 5003 δὲ
1592 4948 1885 5019 πυρίνους

294 5040 399 5094 καὶ
427 5041 819 5108 ὑακινθίνους
853 5041 951 5096 καὶ
976 5041 1236 5109 θειώδεις
1259 5042 1551 5111 θώρακας,
1576 5040 1672 5113 τῆς
1698 5041 1883 5111 ἀερίου

292 5134 411 5186 τῶν
444 5133 708 5204 πονηρῶν
736 5135 1067 5206 πνευμάτων
1099 5135 1306 5200 οὐσίας,
1336 5135 1432 5188 καὶ
1458 5135 1556 5205 τῆς
1580 5132 1884 5204 καυστικῆς

294 5218 593 5291 ἐνεργείας
658 5214 796 5274 εῖναι
875 5223 1245 5292 σημαντικοὺς
1299 5223 1628 5294 νομίζομενσ
1671 5223 1769 5288 τὰς
1826 5222 1882 5277 δὲ

290 5312 580 5381 κεφαλὰς
605 5310 723 5365 τῶν
761 5313 1048 5377 λεόντων,
1078 5314 1140 5367 τὸ
1175 5313 1396 5384 φονικὸν
1442 5314 1624 5367 αὐτῶν
1669 5315 1763 5367 καὶ
1789 5313 1885 5385 οη-

293 5403 503 5476 ριῶδες
548 5404 876 5460 αἰνίττεσθαι
903 5424 916 5438 ’
948 5407 1009 5460 τὸ
1045 5408 1102 5461 δὲ
1158 5409 1590 5479 ἐκπορευόμενον
1635 5407 1754 5476 πῦρ
1788 5406 1884 5460 σὺν

293 5492 505 5564 καπνῷ
537 5496 631 5549 κα)⁸
666 5495 797 5567 θείῳ
842 5500 907 5553 ἐκ
952 5500 1048 5553 τοῦ
1086 5502 1353 5571 στόματος
1392 5484 1595 5562 αὐτῶν,
1632 5502 1700 5555 δι’
1734 5494 1795 5555 οὗ
1824 5500 1884 5554 τὸ

289 5590 491 5661 τρίτον
549 5587 656 5641 τῶν
694 5589 995 5660 ἀνθρώπων
1044 5592 1437 5646 ἀποκτένεσθαι
1488 5592 1881 5663 ἠπείληται,ῆ

292 5683 399 5745 τὰς
432 5679 525 5733 διὰ
548 5679 656 5733 τῶν
688 5681 910 5735 ἰοϐόλων
933 5681 1159 5757 [αὐτῶν]
1192 5685 1507 5756 προσϐολῶν
1537 5689 1631 5738 καὶ
1658 5688 1880 5755 εἰσηγή-

295 5787 449 5824 σεων
479 5769 758 5841 ἁμαρτίας
790 5773 916 5837 τοὺς
950 5776 1193 5844 καρποὺς
1217 5776 1313 5847 τῆς
1347 5777 1575 5846 καρδίας
1596 5776 1882 5846 φλογιζού-

297 5881 402 5928 σας
440 5862 772 5918 αἰνίττεται·
812 5865 844 5935 ἢ
901 5866 999 5931 τὰς
1036 5869 1099 5922 ἐκ
1134 5868 1242 5923 τῶν
1297 5868 1646 5941 βαρϐαρικῶν
1685 5871 1883 5942 χειρῶν

1989 4671 2073 4725 rio
2122 4668 2290 4725 veluti
2325 4670 2467 4725 servi
2507 4668 2829 4738 subiacent;
2874 4682 3107 4737 quorum
3155 4677 3402 4725 vectores
3437 4681 3566 4725 sunt

1990 4760 2232 4832 Spiritus
2291 4760 2381 4831 qui
2441 4759 2811 4831 principatum
2874 4759 3018 4814 inter
3063 4759 3307 4829 reliquos
3355 4768 3562 4815 tenent.

1989 4855 2276 4909 Dmmones
2305 4868 2561 4923 namque,
2607 4861 2823 4922 recepto
2864 4850 3008 4923 apud
3059 4852 3210 4922 ipsos
3248 4868 3422 4917 more,
3454 4870 3563 4907 non

1988 4948 2151 5003 modo
2184 4958 2400 5003 mutuas
2436 4943 2538 5002 sibi
2574 4946 2803 5001 invicem
2830 4961 3026 5018 operas
3052 4953 3337 5017 praestant,
3372 4961 3563 5001 verum

1989 5038 2171 5110 pravis
2237 5054 2455 5111 quoque
2519 5038 2836 5095 hominibus
2900 5036 3198 5102 famulari,
3261 5037 3568 5108 iisdemque

1989 5134 2232 5188 vicissim
2285 5143 2546 5202 tanquam
2577 5131 2798 5203 organis
2829 5131 2893 5186 ad
2931 5131 3163 5186 aliorum
3204 5140 3562 5200 cognatorum

1990 5224 2275 5279 hominum
2316 5224 2562 5279 fraudem
2593 5222 2649 5278 et
2684 5224 2914 5278 insidias
2953 5223 3029 5277 uti
3066 5222 3265 5277 solent.
3291 5221 3562 5276 Cteterum

1988 5334 2084 5389 per
2113 5320 2326 5387 igneas,
2361 5326 2410 5372 et
2462 5314 2866 5390 hyacinthinus,
2902 5326 2951 5370 et
2982 5316 3292 5385 sulphureas
3345 5314 3561 5373 loricas,

1989 5427 2181 5467 aereas
2213 5410 2602 5467 sceleratorum
2653 5410 2942 5481 spirituum
2981 5419 3229 5474 naturas,
3266 5408 3563 5476 igneasque

1989 5503 2309 5559 eciumdem
2339 5504 2486 5559 vires
2510 5513 2563 5558 et
2587 5503 2935 5573 operationes
2965 5502 3230 5559 insinuari
3263 5498 3558 5554 credimus.

1990 5594 2092 5651 Per
2145 5596 2351 5650 leonum
2392 5596 2569 5665 capita
2604 5604 2781 5652 autem
2823 5595 2980 5649 letale
3026 5594 3422 5660 ell'eratntnque
3457 5604 3561 5643 no-

1990 5688 2148 5743 cendi
2182 5682 2427 5744 studium
2465 5706 2478 5741 :
2511 5686 2615 5743 Per
2638 5689 2806 5758 ignem
2840 5687 3095 5754 denique,
3132 5683 3226 5755 qui
3259 5670 3382 5738 cuti]
3412 5681 3561 5736 fumo

1987 5791 2040 5836 et
2070 5782 2335 5852 sulphure
2365 5796 2429 5836 et
2460 5796 2555 5836 ore
2581 5781 2798 5835 illorum
2829 5793 3105 5849 egressus,
3139 5777 3351 5832 tertiam
3386 5776 3551 5829 bomio

1990 5891 2121 5930 num
2174 5886 2381 5945 partem
2419 5890 2527 5931 non
2571 5875 2781 5947 absque
2832 5871 3261 5928 comminatione
3294 5871 3553 5924 interem-
