4040 6578
415 413 538 480 ’3¹)3

1597 418 1929 480 ANDRE/E
1972 417 2497 477 Ci‘ESAlll'ENSIS

3601 417 3714 479 I-‘Oi

429 545 628 606 plurus
660 531 960 598 asseritur;
986 539 1079 586 aut
1111 542 1332 604 peccata
1353 549 1486 606 qum
1518 549 1612 604 per
1636 532 1884 589 letiferos
1915 534 2023 588 dce-

2134 534 2484 604 ὲτιαγομένας
2542 532 2920 606 πυρπολήσεις
2974 535 3095 599 ταῖς
3149 535 3334 590 πόλεσι
3387 535 3480 590 καὶ
3515 537 3716 608 αἱματε-

361 661 366 666 -
431 643 654 681 ιιιοιιιιιιι
691 627 949 691 insultus,
985 636 1349 699 versulasque
1387 630 1607 684 illorum
1639 629 2017 699 suggestiones

361 711 364 714 ’
429 724 484 776 in
519 722 764 775 animum
802 721 1212 792 ingrediuntur,
1256 722 1550 794 cordisque
1583 720 1796 774 fructus
1833 719 2020 774 incen-

429 814 605 877 dunt;
638 823 735 867 aut
765 814 1075 868 vastitatem
1107 822 1161 869 et
1199 813 1662 885 deprtedalionem
1697 811 1867 876 illam,
1897 824 2018 880 qua:

430 920 526 971 per
560 905 929 960 Barbarorutn
988 922 1186 962 manus
1222 908 1540 962 civitatibus
1590 905 1892 969 inferetur;
1927 910 2022 956 aut

431 999 746 1068 frequentes
773 1007 920 1053 certe
945 990 1122 1052 caedes
1142 999 1532 1070 sanguinisque
1555 997 1871 1059 effusiones,
1900 1008 2023 1064 qum

417 1093 584 1161 juxta
645 1093 886 1147 divinam
940 1092 1446 1147 interminationem
1483 1092 1698 1146 tertiam
1735 1089 2020 1142 hominum

435 1196 645 1254 partem
679 1203 709 1240 e
764 1186 946 1240 medio
1007 1185 1214 1240 tollent.

433 1278 828 1356 diabolicarum
920 1276 1330 1347 suggestioaum
1421 1293 1625 1348 scopus
1723 1285 1842 1341 est,

439 1389 659 1428 animus.

504 1511 596 1575 IX,
627 1513 716 1575 ΞΟ,
749 1511 841 1566 21.
871 1511 935 1565 Et
965 1513 1141 1567 caueri
1173 1513 1432 1575 homines,
1457 1513 1548 1583 qui
1581 1529 1684 1566 non
1712 1519 1835 1566 sunt
1867 1509 2030 1564 occisi

435 1607 490 1658 in
528 1605 608 1657 Itis
646 1603 844 1675 plagis,
899 1621 1062 1674 neque
1109 1605 1474 1674 pwnitcntiam
1513 1615 1727 1674 egerunt
1758 1605 1822 1658 de
1861 1604 2030 1673 θρα-ἕο

437 1699 534 1752 bus
575 1713 827 1750 manuum
867 1713 1121 1762 suarum,
1157 1707 1215 1750 ut
1255 1713 1359 1750 non
1399 1697 1692 1751 adorarent
1742 1696 2027 1760 dmmonia,

435 1802 484 1843 et
518 1789 812 1844 simulacra
853 1805 1021 1843 aurea
1050 1800 1097 1843 ct
1124 1799 1370 1860 argentea
1393 1799 1443 1844 et
1473 1806 1634 1854 terea,
1668 1798 1716 1843 et
1744 1789 1960 1856 lapidea
1982 1799 2031 1843 et

440 1884 653 1952 lignea;
689 1900 806 1953 quw
833 1899 998 1953 neque
1029 1883 1202 1937 videre
1231 1892 1474 1952 possunt,
1506 1900 1668 1954 neque
1699 1882 1909 1947 audire,
1941 1900 2029 1938 ne-

2125 627 2390 697 εκχυσίας
2427 625 2570 679 κατὰ
2592 625 2744 679 θείαν
2775 625 3127 699 συγχώρησιν
3151 643 3164 656 '
3207 627 3273 680 δι’
3299 619 3375 681 ὧν
3398 667 3412 689 ,
3445 628 3521 692 ὠς
3570 628 3714 700 ὀρῶ-

2127 724 2248 790 μεν,
2295 721 2396 789 οὐχ
2431 711 2596 790 ἦττον
2640 717 2734 772 τοῦ
2768 718 2952 791 τρίτου
3008 723 3208 790 μέρους
3251 718 3359 773 τῶν
3405 717 3713 793 ἀνθρώπων

2119 813 2439 882 ἠφάνισται.
2491 812 2687 876 Καλῶς
2741 813 2796 866 δὲ
2851 814 2959 880 τὰς
3011 815 3196 883 οὐρὰς
3248 813 3431 868 αὐτῶν
3481 815 3712 886 ὁμοίας,

2121 903 2308 975 φησιν,
2357 903 2532 973 ὄφεσι
2571 903 2954 976 [κεκτημένοις
2987 903 3283 977 κεφαλάςο]
3323 905 3390 959 τὰ
3435 905 3547 980 γὰρ
3577 905 3710 977 τέλη

2126 995 2236 1048 τῶν
2276 994 2611 1064 δαιμονικῶν
2657 995 3010 1066 ὑποσπορῶν,
3057 995 3261 1060 ίοὸόλος
3307 997 3556 1070 ἁμαρτία
3615 997 3714 1052 καὶ

2122 1083 2350 1156 ψυχικὸς
2385 1083 2671 1158 [ὑπάρχει]
2699 1084 2950 1149 θάνατος.

1295 1186 1462 1242 [lecte
1529 1193 1710 1239 autem
1775 1184 1997 1237 illorum
2056 1181 2257 1234 caudas
2319 1181 2643 1248 serpentibus
2705 1179 3034 1246 assimulat;

1945 1271 2234 1329 infundere
2331 1271 2662 1349 virulentum
2760 1280 3067 1342 peccatum,

3120 1180 3393 1251 siquidem
3461 1181 3710 1238 omnium

3179 1273 3328 1344 quod
3392 1284 3476 1345 est
3559 1291 3713 1331 mors

2204 1511 2309 1565 Kal
2335 1513 2389 1565 οἱ
2411 1510 2610 1564 λοιποὶ
2646 1507 2768 1563 τῶν
2797 1506 3145 1576 ἀνθρώπων,
3181 1505 3240 1559 οἳ
3263 1506 3711 1562 οὑκὰπεκτόνο

2131 1609 2327 1673 θησαν
2356 1604 2425 1657 ἐν
2471 1603 2602 1669 ταῖς
2635 1601 2897 1671 πληγαῖς
2945 1597 3178 1665 αὐτῶν,
3219 1600 3291 1652 οὐ
3328 1600 3716 1669 μετενόησαν

2130 1698 2198 1751 ἐκ
2234 1695 2353 1749 τῶν
2388 1696 2582 1766 ἔργων
2617 1693 2738 1748 τῶν
2767 1691 2985 1764 χειρῶν
3010 1691 3234 1755 αὐτῶν,
3267 1691 3370 1744 ἵνα
3398 1691 3484 1760 μὴ
3517 1707 3712 1761 apoc—

2131 1789 2449 1859 κυνήσωσι
2473 1789 2543 1843 τὰ
2562 1788 2863 1857 δαιμόνια,
2907 1785 3002 1839 καὶ
3053 1785 3125 1839 τὰ
3145 1783 3369 1838 εἴδωλα
3392 1784 3465 1840 τὰ
3486 1785 3710 1854 χρυσᾶ.

2135 1883 2232 1937 καὶ
2266 1883 2339 1936 τὰ
2370 1880 2624 1951 ἀργυρᾶ,
2660 1881 2755 1934 καὶ
2791 1879 2863 1932 τὰ
2895 1876 3233 1948 χαλκᾶ,καὶ
3263 1879 3335 1932 τὰ
3359 1877 3580 1944 λίθινα,
3615 1877 3713 1931 καὶ

437 1993 536 2046 quo
569 1976 844 2030 ambulare
871 1993 890 2030 :
921 1986 968 2030 ct
994 1993 1098 2030 non
1127 1986 1346 2047 egerunt
1374 1977 1737 2044 paenitentiam
1769 1975 1832 2029 ab
1856 1976 2027 2030 homi-

2132 1977 2203 2030 τὰ
2265 1976 2485 2040 ξύλινα
2511 2017 2525 2039 ,
2582 1973 2621 2027 ἃ
2681 1973 2821 2026 οὔτε
2884 1971 3145 2037 βλέπειν
3196 1969 3518 2036 δύνανται,
3577 1971 3720 2025 οὔτε

439 2069 591 2122 tidiis
629 2070 763 2128 suis,
799 2085 960 2139 neque
993 2085 1026 2121 α
1054 2069 1322 2138 veneﬁciis
1350 2070 1487 2137 suis,
1525 2085 1688 2138 neque
1722 2086 1753 2122 a
1794 2067 2030 2138 fornica-

439 2167 578 2217 tione
617 2179 739 2229 sua,
772 2179 933 2232 neque
965 2180 994 2215 α
1019 2162 1178 2231 furtis
1202 2163 1336 2218 suis.

493 2477 618 2549 ‘52
663 2475 963 2529 llaec-cum
1016 2473 1454 2544 prateedeutibus
1508 2473 1790 2530 cohmrent
1839 2492 1852 2528 :
1904 2491 2029 2530 nam

403 2583 564 2621 meum
610 2567 772 2635 paulo
823 2575 949 2618 ante
994 2564 1226 2620 dixisset
1269 2573 1379 2619 tres
1424 2564 1544 2620 illas
1585 2564 1770 2634 plagas
1814 2565 2029 2619 tertiam

445 2659 730 2712 hominum
767 2666 974 2726 partem
1015 2655 1413 2726 absumpsisse,
1450 2665 1505 2711 et
1534 2660 1781 2728 quaedam
1823 2656 2031 2713 interea

443 2751 888 2820 interposuisset,
927 2751 1014 2805 hic
1045 2767 1192 2805 nunc
1229 2749 1452 2820 subjieit
1483 2761 1710 2805 ca-teros
1755 2752 2030 2819 homines,

441 2843 646 2909 quibus
679 2841 952 2911 part-itum
985 2849 1124 2906 erat,
1173 2841 1276 2896 hoc
1311 2851 1414 2906 est,
1450 2843 1653 2912 quibus
1686 2843 1857 2913 plaga:
1890 2858 2028 2913 pra:—

446 2937 608 2989 ilietae
636 2935 798 2989 illatae
830 2950 936 2988 non
975 2932 1216 2999 fuerant,
1252 2935 1631 3003 paenitentiam
1667 2933 2028 3004 repudiasse;

440 3041 621 3095 neque
670 3025 738 3078 ab
790 3023 1102 3078 idololatria
1127 3066 1143 3089 ,
1201 3040 1380 3093 neque
1408 3042 1436 3078 a
1469 3025 1707 3079 aedibus
1729 3067 1743 3090 ,
1791 3040 1971 3094 neque
2001 3039 2031 3078 a

441 3117 903 3181 scortationibus,
941 3132 1121 3187 neque
1157 3132 1187 3172 a
1223 3117 1416 3183 furtis,
1467 3133 1646 3190 neque
1672 3135 1702 3172 a
1735 3116 2028 3180 venetieiis,

440 3211 643 3281 quibus
701 3216 1100 3276 assueverant,
1161 3224 1283 3264 sese
1345 3209 1722 3276 continuisse;
1786 3207 2032 3277 adeoque

2133 2069 2409 2130 ἀκούειν,
2445 2069 2582 2121 οὔτε
2639 2064 3023 2132 περιπατεῖν·
3069 2061 3170 2115 καὶ
3219 2064 3292 2116 οὐ
3333 2062 3721 2131 μετενόησαν

2133 2165 2199 2217 ἐκ
2231 2163 2349 2217 τῶν
2390 2163 2596 2231 φόνων
2633 2158 2852 2222 αὐτῶν,
2892 2159 3030 2212 οὔτε
3068 2159 3137 2212 ἐκ
3187 2155 3306 2211 τῶν
3337 2154 3722 2226 φαρμακειῶν

2131 2258 2350 2322 αὐτῶν,
2387 2257 2526 2310 οὔτε
2552 2256 2620 2308 ἐκ
2652 2253 2760 2320 τῆς
2789 2254 3071 2323 πορνείας
3086 2251 3311 2314 αὐτῶν,
3341 2252 3482 2304 οὔτε
3503 2251 3572 2304 ἐκ
3598 2248 3721 2304 τῶν

2130 2350 2488 2420 κλεμμάτων
2521 2348 2740 2404 αὐτῶν.

2203 2487 2334 2560 [Καὶ
2353 2490 2406 2542 oi
2427 2486 2627 2542 λοιποὶ
2658 2484 2776 2539 τῶν
2801 2483 3131 2552 ἀνθρώπων
3143 2481 3201 2537 οἳ
3214 2482 3321 2538 οὐκ
3338 2477 3719 2551 ἀπεκτάνθη-

2133 2598 2274 2637 σαν.
2308 2579 2398 2652 --]
2447 2579 2542 2634 καὶ
2589 2578 2750 2632 τοῦτο
2793 2577 2906 2632 τῶν
2967 2574 3399 2649 προηγουμένων
3455 2573 3718 2646 ἤρτηται.

2133 2673 2320 2730 Εἰπὼν
2348 2673 2458 2744 γὰρ
2501 2670 2762 2742 ἀνωτέρω
2792 2669 2900 2724 ἀπὸ
2929 2667 3040 2722 τῶν
3072 2665 3241 2739 τριῶν
3272 2663 3544 2740 [πληγῶν]
3592 2663 3720 2718 τού-

2131 2787 2241 2822 των
2273 2765 2689 2836 ἀποκτανθῆναι
2717 2763 2779 2817 τὸ
2808 2762 2993 2835 τρίτον
3026 2762 3134 2815 τῶν
3163 2759 3492 2831 ἀνθρώπων,
3521 2757 3618 2812 καὶ
3662 2757 3722 2810 ἐν

2132 2861 2211 2931 τῷ
2245 2861 2450 2932 μεταξὺ
2489 2857 2780 2930 παρενθείς
2808 2873 2949 2920 τινα,
2979 2853 3229 2924 ἐπήγαγε
3261 2869 3277 2884 ο
3314 2853 3423 2906 Καὶ
3464 2851 3514 2904 οἱ
3541 2849 3720 2904 λοιποὶ

2133 2954 2241 3007 τῶν
2274 2949 2580 3022 ἀνθρώπων
2613 2950 2727 3003 ὅσοι
2775 2946 2993 3017 φειδοῦς
3023 2943 3370 3014 ἀξιωθέντες,
3400 2943 3496 2997 καὶ
3538 2941 3720 2996 ταῦτα

2139 3046 2213 3117 μὴ
2264 3044 2623 3107 πεπονθότες,
2658 3039 3026 3113 ἀμετανόητον.
3057 3037 3422 3110 μεμενήκασι,
3464 3034 3602 3106 μήτε
3651 3035 3720 3103 τῇ

2140 3135 2548 3206 εἰδωλολατρία,
2587 3135 2727 3204 μήτε
2758 3135 2870 3197 τοῖς
2899 3132 3084 3202 φόνοις
3125 3130 3220 3184 καὶ
3250 3131 3374 3192 ταῖς
3413 3125 3721 3199 πορνείαις,

2135 3230 2233 3283 καὶ
2261 3231 2374 3291 τοῖς
2403 3227 2719 3297 κλέμμασιν
2747 3225 2927 3279 αὐτῶν
2958 3225 3053 3278 καὶ
3073 3226 3195 3286 ταῖς
3215 3217 3723 3291 γοητείαις-ἀποτα-

439 3301 662 3356 easdcm
701 3316 840 3370 quas
865 3299 1088 3370 reliqui,
1126 3300 1210 3355 vel
1243 3301 1525 3372 graviores
1552 3316 1773 3370 quoque
1804 3299 2027 3354 calami-

2139 3322 2360 3392 ξάμενοι
2400 3358 2414 3384 ,
2449 3321 2560 3381 τοῖς
2601 3319 2785 3380 αὐτοῖς
2824 3315 3229 3369 ὑποκείσονται.
3257 3307 3607 3381 Δηλοῦται-δὲ
3657 3308 3720 3359 ἐκ

443 3402 581 3446 tates
612 3401 667 3444 et
699 3390 954 3445 miserias
985 3391 1300 3460 propediem
1342 3391 1627 3446 subituros
1661 3406 1805 3445 esse.
1841 3391 2027 3461 Signi-

444 3486 638 3539 iicatur
695 3496 878 3538 autem
949 3499 1043 3552 per
1105 3483 1220 3538 haec
1280 3484 1652 3539 universalem
1707 3483 1919 3538 cladem
1963 3499 2028 3538 ex

444 3580 629 3634 divina
655 3579 736 3632 ira
765 3577 1088 3640 profectam,
1131 3577 1395 3630 mundum
1449 3577 1577 3631 olim
1615 3593 2025 3647 OppreSSUt'alll.

440 3673 644 3729 Multus
698 3686 935 3741 namque
984 3679 1037 3724 et
1069 3669 1255 3724 varius
1307 3685 1460 3726 error
1515 3672 1816 3724 bacchatur
1874 3670 2021 3724 inter

439 3767 562 3820 illos
594 3767 687 3836 qui
716 3766 1000 3820 veritatem
1041 3775 1149 3818 nun
1199 3771 1618 3831 cognoverunt;
1652 3779 1681 3816 e
1707 3763 1910 3832 quibus
1937 3761 2030 3816 alii

441 3859 675 3914 adorant
739 3857 1079 3922 simulacra;
1112 3855 1205 3909 alii
1257 3863 1568 3908 creaturam
1624 3869 1722 3924 pro
1761 3853 2030 3909 Creatore

438 3955 770 4019 observant;
808 3951 900 4004 alii
932 3949 1042 4003 alio
1067 3949 1230 4003 modo
1259 3955 1464 4002 errant.
1504 3947 1569 4000 Et
1601 3948 1853 4016 quamvis
1878 3963 2029 4002 coni-

438 4049 723 4119 periantur
766 4045 859 4114 qui
895 4043 1066 4097 Deum
1104 4058 1162 4097 se
1194 4056 1504 4112 agnoscere
1549 4056 1656 4095 non
1709 4040 2028 4106 dillitentur,

439 4149 680 4195 attamen
727 4136 888 4192 factis
923 4125 1075 4191 illum
1119 4144 1344 4206 negant.
1393 4131 1719 4204 Cuiusmodi
1757 4133 1898 4187 inter
1924 4149 2033 4188 οω-

440 4245 589 4288 teros
642 4241 807 4298 sunt,
857 4231 978 4302 qui,
1012 4238 1238 4285 externa
1294 4228 1514 4298 pietatis
1567 4229 1712 4280 larva
1763 4227 2028 4291 contenti,

440 4328 694 4381 virtutem
733 4324 880 4379 illius
921 4323 1058 4378 nihil
1098 4331 1313 4377 curant.
1347 4321 1450 4375 Alii
1501 4321 1746 4374 avaritia“:
1797 4320 2029 4376 daemonii

439 4418 688 4472 serviunt
735 4434 747 4468 :
793 4416 994 4486 quibus
1058 4413 1281 4469 divinus
1334 4411 1634 4482 Apostolus
1704 4409 2031 4464 idololatria:

436 4525 625 4568 notam
685 4512 960 4580 impingit.
993 4509 1082 4562 Ait
1106 4509 1252 4562 enim
1290 4525 1300 4559 :
1331 4505 1397 4559 Et
1435 4505 1740 4568 avaritiam,
1791 4520 1905 4573 qum
1953 4512 2029 4556 est

436 4605 848 4659 simulacrorum
903 4602 1126 4654 servitus
1175 4599 1244 4651 ".
1290 4597 1452 4654 Faxit
1499 4597 1789 4659 Dominus,
1834 4605 1893 4647 ut
1928 4611 2028 4650 nos

2133 3412 2342 3466 τούτων
2393 3411 2740 3480 παγκόσμιον
2775 3409 2874 3479 τὴν
2903 3407 3074 3480 ὀργὴν
3114 3403 3440 3474 ἐπάγεσθαι.
3488 3399 3720 3470 Ποικίλη

2134 3505 2244 3577 γὰρ
2289 3505 2464 3576 πλάνη
2522 3502 2779 3575 βακχεύει
2847 3502 2940 3554 ἐπὶ
2996 3503 3108 3563 τοῖς
3174 3500 3247 3570 μὴ
3294 3494 3722 3565 ὲπιγινὼσκουσι

2132 3599 2235 3670 τὴν
2280 3598 2540 3670 ἀλήθειαν
2573 3597 2776 3657 ἔθνεσι,
2811 3591 2951 3666 [καὶ]
3001 3593 3113 3655 τοῖς
3151 3590 3272 3660 μὲν,
3310 3587 3505 3641 εἴδωλα
3545 3601 3722 3656 προσ-

2134 3691 2390 3746 κυνοῦσι·
2427 3693 2542 3753 τοῖς
2575 3688 2654 3752 δὲ,
2698 3686 2799 3758 τὴν
2831 3685 3010 3739 κτίσιν
3044 3683 3165 3736 ἀντὶ
3215 3680 3311 3734 τοῦ
3371 3680 3673 3739 Κτίσαντος
3701 3692 3718 3706 ⁸

2136 3786 2231 3839 καὶ
2261 3787 2375 3848 τοῖς
2423 3783 2520 3852 μὲν
2541 3782 2632 3834 τὸν
2659 3779 2793 3833 Θεὸν
2825 3776 3180 3848 ὁμολογοῦσιν
3201 3773 3422 3839 εἰδέναι,
3447 3767 3721 3843 ἀρνουμέ·

2134 3896 2247 3944 νοις
2283 3879 2340 3932 δὲ
2379 3876 2447 3932 δι’
2477 3876 2658 3947 ἔργων
2678 3889 2690 3905 ·
2728 3872 2822 3926 καὶ
2843 3871 2941 3942 τὴν
2984 3870 3082 3942 μὲν
3121 3868 3405 3939 μόρφωσιν
3432 3865 3534 3936 τῆς
3561 3863 3720 3916 εὐσει-

2135 3969 2288 4033 ὗείας
2316 3967 2750 4038 περικειμένοις,
2784 3963 2884 4035 τὴν
2923 3962 2978 4015 δὲ
3010 3960 3245 4029 δύναμιν
3272 3957 3444 4028 αὐτῆς
3478 3953 3724 4010 ἀποὸαλο

2134 4061 2406 4132 λομὲνοις.
2439 4059 2550 4114 Καὶ
2577 4060 2690 4120 τοῖς
2728 4055 2805 4126 τῷ
2841 4053 3121 4126 μαμμωνᾷ
3148 4049 3461 4104 δουλεύουσι
3500 4044 3590 4100 διὰ
3616 4044 3722 4112 τῆς

2136 4152 2524 4225 φιλαργυρίας,
2548 4146 2966 4217 εἰδωλολατρίαν
2999 4141 3224 4208 ἐγκαλεῖ
3255 4142 3286 4194 ὁ
3317 4136 3509 4212 [θεῖος]
3549 4135 3720 4190 Ἀπό-

2139 4240 2349 4303 στολος,
2379 4238 2581 4292 εἰπών’
2617 4238 2726 4293 Καὶ
2760 4236 2875 4304 τὴν
2911 4233 3334 4304 φιλαργυρίαν,
3368 4229 3503 4298 ἣτις
3544 4227 3723 4281 ἐστίν

2135 4332 2592 4399 εἰδαλὶολατρία.
2625 4331 2842 4384 Γένοιτο
2870 4329 2926 4382 δὲ
2956 4329 3101 4399 ἡμᾶς
3126 4326 3309 4396 ἔργοις
3337 4320 3722 4390 ἐπιδεικνυμέ-

2135 4440 2256 4486 νους
2278 4423 2336 4475 τὸ
2363 4421 2658 4491 εἰλικρινὲς
2684 4423 2779 4476 καὶ
2809 4421 3035 4492 γνήσιον
3065 4418 3165 4488 τῆς
3186 4419 3266 4480 εἰς
3287 4414 3421 4468 Θεὸν
3455 4413 3718 4479 πίστεως,

2134 4515 2404 4583 ἀνηκόους
2443 4513 2702 4581 γενέσθαι
2735 4513 2838 4582 τῆς
2880 4511 3118 4582 φοϐερᾶς
3147 4509 3366 4578 ἐκείνης
3407 4509 3592 4578 φωνῆς
3618 4504 3720 4574 τῆς

2138 4604 2327 4678 [οὕτω]
2381 4605 2676 4675 λεγούσης’
2738 4607 2928 4676 Ἀμὴν
2974 4603 3138 4674 ἀμὴν
3187 4603 3343 4673 λέγω
3387 4601 3551 4672 ὑμῖν,
3606 4601 3720 4653 οὐκ

437 4700 711 4751 sinceram
763 4707 1196 4765 germanamque
1248 4691 1299 4742 iu
1350 4688 1629 4742 Christum
1683 4686 1837 4739 iidem
1888 4688 2026 4742 vivis

2133 4694 2265 4752 οἶδα
2302 4698 2457 4767 ὑμᾶς
2483 4716 2497 4729 ο
2547 4697 2669 4770 [καὶ
2705 4701 2772 4752 τὰ
2797 4697 2922 4768 ἑξῆς
3029 4698 3366 4766 Πορεύεσθε
3406 4692 3510 4749 ἀπ’
3547 4690 3718 4762 ἐμοῦ,

438 4788 715 4859 operibus
752 4785 1127 4846 osmndeutes,
1182 4781 1482 4834 terriiileni
1520 4779 1665 4830 illam
1698 4778 1899 4833 Christi
1937 4796 2031 4832 vu-

435 4896 588 4944 cem,
625 4877 811 4942 Amen,
842 4891 995 4928 amen
1026 4874 1144 4926 dico
1173 4871 1337 4935 vobis,
1381 4869 1554 4921 nescio
1590 4884 1674 4920 vos
1707 4868 1750 4898 "‘
1780 4887 1791 4921 :
1819 4878 1873 4923 et
1898 4871 2033 4925 alte-

436 4992 552 5029 ram
587 4969 771 5026 illain:
809 4969 1075 5022 Discedite
1101 4985 1130 5019 a
1168 4982 1266 5029 mc,
1304 4977 1477 5016 omnes
1512 4963 1743 5031 operarii
1773 4965 2030 5035 iniquita-

435 5068 503 5121 lis
541 5066 610 5128 ⁸³,
666 5079 952 5133 nunquam
1004 5059 1335 5123 audiamus;
1385 5073 1575 5111 verum
1626 5057 1837 5112 beatam
1884 5060 2028 5113 illaut

437 5161 727 5228 modisque
769 5156 1027 5210 omnibus
1075 5151 1373 5222 optabilem
1437 5151 1748 5220 patentibus
1797 5155 2024 5208 auribus

436 5251 796 5313 hauriatnus;
843 5245 1051 5310 Venite,
1099 5241 1358 5294 benedicti
1387 5241 1564 5297 Patris
1604 5245 1725 5308 mei,
1763 5246 2024 5313 possidete

433 5342 685 5412 paratum
739 5338 882 5393 vobis
928 5354 959 5389 a
1016 5334 1394 5388 constitutione
1448 5336 1632 5388 mundi
1695 5353 1909 5406 regnum
1955 5339 2022 5394 ³⁸.

433 5434 621 5488 Gratia
641 5442 695 5486 et
721 5430 1008 5486 clementia
1034 5437 1089 5482 et
1112 5425 1486 5481 misericordia
1517 5427 1772 5498 illiusqui
1803 5446 2023 5486 crucem

433 5539 630 5594 sponte
681 5534 900 5593 propter
945 5537 1048 5576 nos
1079 5519 1364 5584 sustinuit,
1401 5519 1504 5574 hoc
1545 5529 1649 5585 est,
1689 5521 1894 5576 Christi
1933 5523 2026 5577 Dei

2132 4789 2233 4863 [οἱ]
2264 4789 2526 4861 ιὲργάται
2581 4791 2689 4859 τῆς
2751 4791 3027 4859 ἀνομίας.
3110 4789 3223 4860 Τῆς
3303 4789 3358 4842 δὲ
3441 4785 3723 4858 μακαρίας

2131 4879 2383 4954 [μᾶλλον]
2415 4881 2645 4935 ἀκοῦσαι
2675 4883 2766 4935 καὶ
2800 4880 3062 4944 εὐκταίας
3084 4897 3097 4912 ο
3136 4880 3338 4944 Δεῦτε,
3375 4881 3430 4930 oi
3461 4879 3722 4944 εὐλογη-

2122 4971 2295 5043 μένοι
2328 4973 2436 5027 τοῦ
2465 4974 2697 5040 Πατρός
2724 4989 2866 5040 μου,
2888 4970 3392 5040 κληρονομήσατε
3407 4972 3524 5037 τὴν
3554 4968 3722 5036 ἡτοι-

2122 5065 2450 5137 μαιομένη-ην
2503 5065 2646 5135 ὑμῖν
2685 5066 3020 5129 ,ϐασιλείαν
3082 5063 3202 5118 ἀπὸ
3240 5059 3590 5129 καταϐολῆς
3620 5061 3722 5113 κό-

2124 5172 2306 5226 σμου.
2373 5157 2573 5228 Χάριτι
2614 5155 2732 5228 [καὶ
2783 5152 3193 5226 φιλανθρωπίᾳ]
3244 5156 3339 5208 καὶ
3409 5154 3720 5224 οἷκτιρμοῖς

2123 5249 2219 5302 τοῦ
2256 5249 2322 5301 δι’
2357 5250 2504 5320 ἡμᾶς
2541 5248 2775 5320 σταυρὸν
2823 5249 3087 5312 ἑκουσίως
3140 5246 3536 5316 ὑπομείναντος
3579 5245 3721 5317 Χρῗ-

2127 5340 2258 5394 στοῦ
2292 5340 2386 5394 τοῦ
2428 5339 2564 5393 Θεοῦ
2596 5343 2628 5409 ἡ
2639 5339 2758 5409 μῶν
2780 5358 2793 5370 ·
2848 5340 2969 5410 μεθ’
3013 5333 3075 5393 οὗ
3105 5338 3183 5410 τῷ
3215 5338 3390 5410 Πατρὶ
3425 5335 3575 5402 δόξα,
3601 5337 3724 5408 ἃμα

2127 5433 2206 5502 τῷ
2243 5433 2386 5502 ἁγίῳ
2419 5431 2539 5503 [καὶ
2574 5431 2852 5504 ζωοπιῷ]
2891 5431 3196 5504 Πνεύματι,
3226 5431 3322 5486 νῦν
3358 5431 3453 5485 καὶ
3478 5431 3585 5494 ἀεὶ,
3625 5431 3723 5482 καὶ

2127 5529 2209 5588 εἰς
2228 5527 2353 5589 τοὺς
2385 5525 2592 5588 αἰῶνας
2620 5524 2728 5577 τῶν
2751 5525 2983 5580 αἰώνων.
3037 5526 3228 5597 Ἀμήν.

432 5627 488 5696 et
517 5616 736 5673 Domini
764 5615 936 5670 nostri
973 5629 1141 5669 :cum
1181 5628 1311 5684 quo,
1341 5611 1486 5670 Patri
1529 5631 1632 5669 una
1669 5631 1792 5669 cum
1832 5627 2025 5672 sancto
2067 5618 2395 5690 viviticoquc
2430 5618 2638 5689 Spiritu
2670 5620 2741 5675 sit
2769 5620 2964 5690 gloria,
3019 5637 3165 5678 nunc
3188 5661 3203 5687 ,
3269 5629 3320 5676 et
3383 5635 3638 5691 semper,
3667 5627 3725 5672 et

434 5701 488 5770 in
521 5715 721 5771 saecula
763 5714 1114 5770 Saeculorum.
1149 5711 1343 5764 Amen.

505 5895 550 5928 ³⁸
578 5894 787 5953 Coloss.
829 5913 910 5965 ιιι,
1075 5897 1120 5927 ³³
1156 5894 1342 5949 Matth.
1373 5911 1501 5962 xxv,
1564 5895 1647 5950 l2.

1728 5893 1770 5924 ³⁸
1808 5891 1826 5944 l
1872 5891 2014 5946 Mue.
2053 5907 2136 5957 ιιι,
2170 5892 2224 5945 6.

2303 5891 2348 5922 ¹⁶
2400 5891 2600 5960 Matth.
2646 5908 2749 5947 xxv
2820 5893 2912 5948 54.
