4040 6574
359 454 463 520 300

1312 457 1914 522 COMMENTARIUS
1956 459 2037 521 IN
2077 461 2607 525 APOCALYPSIN.

3497 450 3601 525 310

358 568 416 623 δὲ
445 566 538 620 καὶ
578 564 818 636 ἑτέρως’
867 567 949 621 ὅτι
982 566 1215 640 ἐπείπερ
1244 569 1399 638 ἀγιος
1443 571 1545 637 ὢν,
1593 570 1694 641 τῆς
1734 573 1907 644 πείρα.

2032 588 2139 644 que
2166 574 2314 629 illata
2342 574 2549 647 ﬂagella
2582 577 2857 647 excipient
2890 592 2904 632 ε
2939 606 3006 618 --
3041 577 3249 650 Exponi
3279 577 3436 634 aliter
3466 594 3603 650 quo-

357 659 467 713 τῶν
505 657 760 730 πονηρῶν
808 659 1063 730 πράξεων
1096 660 1197 714 οὐκ
1241 660 1523 729 ἐγεύσατο,
1571 662 1659 716 διὰ
1705 663 1804 731 τῆς
1834 661 1928 716 τοῦ

358 754 568 825 βιϐλίου
623 754 1017 821 καταπόσεως,
1062 755 1157 809 τοῦ
1207 756 1309 819 τὰς
1367 756 1599 827 πράξεις
1653 757 1763 811 τῶν
1810 758 1931 812 ἀνο-

355 846 626 916 σιουργῶν
674 846 1043 917 περιέχοντος,
1087 846 1150 900 τὸ
1192 849 1251 901 ἐν
1297 847 1496 918 ἀρχαῖς
1523 848 1621 917 τῆς
1654 848 1930 919 ἁμαρτίας

353 939 550 1007 γλυκὺ,
584 938 782 1009 πικρὸν
814 938 871 991 δὲ
907 939 1045 1010 μετὰ
1078 939 1179 1010 τὴν
1213 940 1412 1014 πρᾶξιν
1447 939 1534 994 διὰ
1560 940 1659 1012 τὴν
1691 939 1928 1011 ἀμοιϐὴν

350 1030 685 1086 διδάσκεται.

350 1134 635 1194 peccatum
723 1126 881 1183 initio
940 1126 1129 1188 ollert.
1192 1134 1319 1195 post
1364 1138 1503 1195 opus
1562 1128 1837 1194 patratum
1898 1118 1952 1176 in

350 1223 507 1278 verti.

411 1313 521 1368 Kal
552 1314 773 1368 ἔλαϐον
817 1314 883 1369 τὸ
908 1312 1289 1382 βιϐλαρίδιον
1324 1311 1394 1367 ἐκ
1437 1310 1546 1379 τῆς
1574 1308 1771 1379 χειρὸς
1813 1306 1920 1361 τοῦ

346 1406 641 1477 ἀγγέλου·
680 1407 779 1463 καὶ
798 1406 1136 1477 κατέφαγον
1153 1406 1319 1461 αὐτό.
1347 1405 1454 1461 Kal
1485 1400 1565 1475 ἦν
1591 1403 1671 1469 τῷ
1699 1402 1922 1470 στόμα-

348 1492 406 1543 τί
428 1508 550 1560 μου
578 1491 661 1558 ὡς
701 1492 843 1561 μέλι
874 1492 1068 1562 γλυκύ
1094 1508 1109 1523 ·
1154 1490 1250 1545 καί
1303 1489 1401 1543 ὅτε
1463 1488 1691 1559 ἔφαγον
1749 1486 1919 1552 αὐτὸ,

346 1580 677 1649 ἐπικράνθη
710 1582 750 1650 ὴ
779 1582 980 1636 κοιλία
1004 1600 1145 1652 μου.

414 1673 522 1727 Kal
554 1672 652 1728 ὅτε
679 1675 905 1745 ἔφαγον
932 1676 1099 1739 αὐτὸ,
1123 1674 1453 1744 ἐπικράνθη
1488 1675 1526 1741 ἡ
1552 1675 1749 1729 κοιλία
1771 1692 1910 1744 μου.

343 1764 654 1819 -Γλυκεῖα
684 1769 717 1836 ἠ
735 1766 914 1837 βίϐλος
929 1768 985 1820 ἐν
1006 1770 1120 1830 τοῖς
1145 1768 1471 1838 προοιμίοις,
1485 1767 1574 1821 διὰ
1597 1766 1664 1820 τά
1684 1768 1883 1838 φαιδρὰ
1897 1785 1910 1797 ·

344 1857 605 1922 ἐπίπονος
630 1857 688 1911 δὲ
725 1858 862 1929 πρὸς
895 1859 972 1929 τῷ
1004 1859 1167 1921 τέλει.
1198 1859 1286 1913 διά
1320 1860 1417 1923 τὰς
1450 1858 1696 1928 πληγάς-
1727 1857 1914 1929 ὥσπερ

344 1947 437 2001 καὶ
469 1949 504 2018 ἡ
530 1917 784 2020 ἁμαρτία·
807 1917 1033 2018 γλυκεῖα
1069 1917 1167 2021 μὲν
1194 1953 1261 2021 τῇ
1289 1917 1496 2017 γεύσει,
1540 1917 1716 2021 ¹τιέικιρά
1743 1949 1800 2002 δὲ
1842 1917 1908 2020 cii
1949 1917 1989 1972 Β

343 2037 507 2108 πὲψει
535 2038 631 2095 καὶ
663 2042 731 2111 τῇ
768 2041 1037 2106 ἀναδύσει,
1085 2041 1266 2106 καθὼς
1311 2043 1547 2113 εἴρηται.
1597 2042 1911 2114 Συμπαθεῖς

339 2130 398 2186 δὲ
429 2132 583 2197 ὄντες
634 2135 682 2188 οί
735 2135 902 2204 ἅγιοι,
956 2138 1096 2207 μετά
1136 2138 1438 2209 χαιρόντων
1491 2138 1766 2210 χαίρουσι,
1816 2139 1911 2193 καὶ

343 2224 483 2293 μετά
518 2223 817 2279 κλαιόντων
869 2226 1165 2294 κλαίουσιν,
1196 2227 1297 2301 [ὥς
1330 2245 1496 2300 φησιν
1526 2231 1554 2284 ό
1584 2228 1725 2294 θεῖος
1752 2229 1910 2283 Ἀπό-

343 2312 575 2388 στολος.]

412 2492 525 2548 Kal
564 2492 729 2565 λέγει
763 2512 895 2565 μοι’
924 2495 1027 2551 Δεῖ
1053 2513 1127 2552 σε
1151 2498 1341 2552 πάλιν
1372 2499 1784 2569 προφητεῦσαι
1812 2500 1910 2556 ἐπί

339 2587 512 2655 λαοῖς
552 2588 652 2643 καί
695 2590 918 2656 ἔθνεσι,
946 2591 1044 2645 καί
1078 2590 1405 2661 γλώσσαις,
1442 2594 1538 2647 καὶ
1571 2594 1916 2658 βασιλεῦσι

339 2679 613 2747 πολλοῖς.
965 2731 972 2737 .

410 2768 521 2827 Kal
542 2772 705 2841 λέγει
726 2791 848 2842 μοι’
869 2773 970 2828 Δεῖ
984 2788 1059 2830 σε
1087 2774 1277 2831 πάλιν
1292 2776 1908 2846 προφητεῦσαι.-Διά

338 2863 545 2917 τούτων
580 2864 876 2931 δείκνυται,
909 2864 942 2936 ἢ
974 2867 1034 2920 τὺ
1080 2868 1156 2939 μὴ
1186 2867 1389 2933 εὐθέως
1436 2868 1601 2941 [μετά
1631 2871 1732 2939 τὴν
1774 2870 1907 2940 ὅρα-

341 2951 448 3025 σιν]
477 2956 578 3023 τῆς
631 2954 779 3018 θείας
818 2958 1244 3029 ’Λποκαλύψεως
1289 2960 1360 3014 τὰ
1408 2961 1673 3032 ὁραθέντα
1733 2964 1931 3033 ’κέρας’

341 3042 595 3112 δέχεσθαι
623 3058 639 3076 ο
668 3044 802 3099 ἀλλά
833 3046 945 3101 δεῖν
982 3048 1072 3102 τδν
1106 3050 1377 3121 μακάριον
1400 3051 1488 3106 διά
1508 3068 1565 3105 τε
1596 3052 1691 3106 τοῦ
1724 3051 1907 3120 Εὐαγ-

338 3134 525 3203 γελίου
559 3135 749 3202 αὐτοῦ,
793 3136 883 3190 διά
911 3155 970 3192 τε
998 3140 1100 3210 τῆς
1146 3141 1430 3212 παρούσης
1481 3143 1902 3214 ἀποκαλύψεως,

2030 680 2136 735 que
2165 666 2253 722 hic
2280 666 2435 723 locus
2477 677 2677 737 potest.
2711 669 2922 731 Etenim
2965 687 3091 726 cum
3136 672 3473 744 evangelista
3522 674 3604 726 vir

2031 772 2239 828 magna:
2272 760 2579 816 sanctitatis
2627 772 2791 827 esset,
2831 764 3079 832 improba
3132 764 3272 820 facta
3306 780 3400 835 per
3433 782 3600 835 expe-

2028 850 2278 905 rientiam
2312 868 2421 906 non
2479 863 2791 923 gustaverat
2825 874 2839 910 :
2872 872 3062 911 verum
3114 857 3206 912 ubi
3252 859 3474 923 librum,
3508 859 3600 927 qui

2029 941 2402 1011 improborum
2438 955 2492 1000 et
2526 962 2762 1017 nequam
2819 948 3103 1003 hominum
3163 949 3307 1007 facta
3355 953 3601 1006 contine-

2026 1031 2140 1098 bal,
2175 1033 2551 1101 devoraverat,
2605 1038 2834 1094 edoctus
2868 1049 2974 1104 est,
3032 1040 3371 1097 dulcedinem
3431 1058 3601 1112 quam

2029 1122 2471 1189 amaritudinem,
2525 1128 2629 1184 hoc
2672 1138 2773 1195 est,
2822 1130 2876 1184 in
2924 1145 3139 1201 poenam
3180 1141 3235 1187 et
3274 1134 3601 1198 cruciatum,

2096 1302 2161 1367 X,
2198 1306 2284 1361 10.
2328 1307 2395 1361 Et
2430 1310 2606 1379 accepi
2630 1309 2823 1365 librum
2861 1312 2925 1365 de
2952 1329 3109 1366 manu
3136 1312 3332 1384 angeli,
3366 1324 3415 1368 et
3444 1314 3601 1369 dero-

2026 1396 2141 1450 ravi
2180 1397 2369 1462 illum;
2402 1409 2451 1452 et
2477 1410 2591 1454 erat
2618 1403 2671 1454 in
2699 1417 2788 1455 ore
2814 1418 2926 1456 mea
2973 1413 3227 1473 tanquam
3259 1406 3359 1458 mel
3402 1406 3555 1460 dulce
3578 1423 3599 1460 :

2023 1494 2075 1540 et
2124 1502 2243 1539 cum
2299 1486 2632 1545 devorassem
2683 1507 2842 1559 eum,
2911 1496 3241 1548 amariealus
3294 1506 3371 1549 est
3422 1506 3613 1551 venter-

2024 1594 2191 1634 meus.

2096 1668 2281 1726 Dulcis
2335 1673 2636 1743 apparebat
2672 1675 2813 1732 liber
2856 1678 2909 1732 in
2941 1679 3186 1743 exordio,
3224 1689 3443 1751 pr0pter
3473 1682 3597 1739 la’ta

2022 1778 2143 1833 qua:
2175 1765 2495 1831 tractabat;
2543 1767 2805 1824 molestus
2853 1777 3038 1824 autem
3090 1779 3143 1824 et
3183 1772 3493 1829 laboriosus
3526 1776 3593 1829 ad

2024 1854 2208 1919 linem,
2250 1865 2471 1925 propter
2506 1857 2689 1926 plagas
2730 1874 2869 1929 quas
2919 1859 3374 1917 interminabatur
3407 1883 3419 1918 :
3454 1882 3593 1934 quc-

2019 1946 2372 2001 madmodum
2416 1957 2700 2017 peccatum
2738 1966 2959 2020 quoque
3002 1952 3159 2008 dul’ce
3187 1964 3272 2009 est
3303 1957 3509 2024 gustui,
3540 1966 3616 2012 at'

2019 2053 2265 2093 atnarum
2298 2041 2527 2095 sortitur
2560 2044 2799 2111 exitum;
2838 2060 2939 2114 nec
2987 2057 3147 2101 cortu
3183 2062 3403 2117 quoque
3433 2049 3607 2104 facile

2017 2134 2121 2182 est.
2146 2127 2282 2183 Cum
2306 2138 2487 2184 autem
2512 2133 2688 2187 sancti
2708 2133 2819 2187 sint
2843 2134 3245 2199 misericordes,
3265 2138 3593 2210 miserisque

2017 2220 2254 2288 compati
2289 2221 2521 2287 soleant,
2572 2224 2734 2279 sicuti
2774 2240 2899 2279 cum
2931 2227 3298 2297 gaudentibus
3327 2230 3590 2300 gaudent,

2016 2311 2091 2366 ita
2140 2329 2263 2367 cutn
2312 2314 2660 2385 plorantibus
2712 2328 2766 2374 et
2806 2319 3064 2378 ﬂentibus
3111 2324 3243 2378 llent
3286 2340 3505 2395 quoque
3536 2336 3586 2382 et

2018 2403 2251 2475 plorant.
2283 2405 2381 2478 [l‘t
2412 2407 2543 2463 dicit
2569 2407 2728 2465 divus
2752 2412 3094 2485 Apostolus]

2086 2495 2155 2562 X,
2200 2498 2287 2554 ll.
2322 2499 2387 2553 Et
2417 2502 2555 2554 dixit
2594 2505 2721 2557 milii
2758 2521 2777 2559 :
2820 2505 3038 2575 Oportet
3070 2520 3123 2563 te
3144 2511 3333 2563 iterum
3363 2515 3588 2583 proprae-

2018 2595 2133 2639 tare
2184 2589 2464 2656 gentibus,
2518 2602 2567 2646 et
2615 2595 2862 2664 populis,
2907 2607 2969 2651 et
3011 2598 3240 2670 linguis,
3290 2603 3603 2672 et‘regibua

2015 2678 2221 2733 multis.

2086 2765 2189 2823 Per
2218 2769 2332 2826 haec
2356 2772 2681 2830 alterutrum
2718 2776 3064 2847 insinuatur;
3112 2797 3308 2852 nempe
3336 2800 3461 2855 quae
3489 2801 3599 2856 per

2014 2860 2255 2915 divinam
2287 2864 2655 2937 Apocalypsin
2704 2877 2921 2925 ostensa
2958 2882 3087 2928 sunt
3113 2878 3481 2945 evangelista},
3521 2894 3585 2935 ea

2014 2954 2254 3008 nondum
2291 2956 2451 3011 linem
2494 2960 2709 3026 sortita,
2743 2978 2918 3033 neque
2943 2966 3127 3021 statim
3166 2984 3385 3038 quoque
3416 2973 3586 3027 sorti-

2016 3052 2169 3111 tura;
2219 3047 2314 3102 sed
2372 3060 2625 3118 oportere
2678 3052 2896 3109 beatum
2949 3057 3098 3112 illum
3150 3062 3325 3116 virum
3385 3066 3601 3133 partinr

2012 3134 2231 3204 quidem
2287 3153 2383 3207 per
2433 3139 2815 3210 Evangelium,
2868 3149 3351 3221 quod‘scripsit;
3385 3157 3593 3223 partim

339 3225 502 3295 μέχρι
554 3228 867 3294 συντελείας
919 3234 1290 3303 προφητεύειν
1346 3234 1414 3288 τὰ
1475 3235 1739 3305 μέλλοντα
1791 3241 1905 3302 τοῖς

2012 3225 2174 3280 etiam
2200 3242 2298 3298 per
2325 3235 2821 3299 przesentemvltunc
2852 3237 3077 3307 librum,
3113 3257 3286 3313 usque
3308 3246 3373 3300 ad
3395 3247 3594 3303 saeculi

337 3318 805 3387 ἀναγινώσκουσιν
827 3338 842 3353 ·
879 3322 913 3393 ἢ
943 3324 1004 3376 τὸ
1036 3324 1203 3395 μήπω
1226 3327 1415 3380 τοῦτον
1441 3326 1674 3382 θανάτου
1708 3329 1907 3398 γεύσας

337 3409 482 3477 σθαι,
514 3411 610 3465 ἐπὶ
631 3412 777 3467 τέλει
808 3413 865 3467 δὲ
884 3413 1221 3480 ἐλεύσεσθαι,
1249 3420 1348 3490 τῆς
1366 3419 1583 3492 ἀπάτης
1609 3421 1703 3475 τοῦ
1738 3423 1909 3478 Ἄντι-

334 3502 558 3573 χρίστου
589 3503 688 3577 τὴν
720 3506 1038 3579 παραδοχὴν
1077 3506 1408 3566 κωλύσοντα.

403 3769 511 3825 Kal
559 3769 736 3839 ἐδόθη
764 3788 866 3840 μοι
895 3772 1178 3843 κάλαμος·
1209 3775 1412 3844 ὅμοιος
1448 3778 1669 3846 ῥάϐδῳ,
1711 3780 1906 3852 λέγων

321 3878 427 3930 μοι
448 3877 463 3893 ·
499 3863 759 3932 Ἕτειραι
787 3863 891 3919 καὶ
917 3868 1225 3935 μέτρησον
1257 3868 1365 3922 τὸν
1406 3870 1557 3924 ναὸν
1586 3873 1695 3927 τοῦ
1730 3874 1901 3941 Θεοῦ,

326 3952 430 4007 καί
472 3953 540 4006 τὸ
570 3955 1028 4025 θυσιαστήριον,
1071 3959 1168 4013 καί
1216 3959 1358 4026 τοὺς
1402 3966 1904 4034 προσκυνοῦντας

323 4044 397 4097 ἐν
421 4043 584 4109 αὐτῷ
617 4045 714 4099 καὶ
753 4046 869 4114 τὴν
910 4046 1111 4115 αὐλὴν
1154 4048 1268 4117 τὴν
1301 4049 1525 4115 ἔξωθεν
1575 4055 1683 4109 τοῦ
1725 4058 1900 4124 ναοῦ,

324 4133 549 4188 ἔκϐαλε
568 4133 687 4198 ἔξω
710 4151 724 4166 ·
753 4136 854 4189 καί
878 4134 965 4204 μὴ
1014 4136 1209 4203 αὐτὴν
1232 4139 1565 4209 μετρήσῃς,
1600 4141 1689 4196 ὅτι
1718 4144 1899 4216 ἐδόθη

322 4224 454 4291 τοῖς
473 4225 677 4281 ἔθνεσι
695 4243 709 4259 ·
738 4228 835 4281 καί
865 4227 981 4295 τὴν
1003 4229 1187 4282 πόλιν
1212 4229 1327 4298 τὴν
1350 4230 1531 4300 ἁγίαν
1555 4234 1902 4305 πατήσουσι

314 4314 524 4387 μῆνας
557 4318 1008 4385 τεσσαράκοντα
1040 4318 1188 4394 [καί]
1218 4322 1349 4377 δύο.

394 4409 496 4462 Διά
522 4408 578 4462 δὲ
609 4409 717 4463 τοῦ
749 4412 1024 4481 καλάμου
1074 4414 1288 4481 τούτου,
1334 4415 1614 4473 δείκνυται
1671 4419 1899 4495 [πάντα]

321 4503 491 4571 νοερά
518 4497 659 4558 εἶναι
686 4503 756 4557 τὰ
785 4505 843 4557 ὲν
876 4505 1093 4577 οὐρανῷ
1146 4510 1473 4581 φαινόμενα,
1510 4514 1604 4566 καὶ
1650 4515 1718 4567 τὰ
1766 4516 1899 4586 παρ’

2011 3317 2194 3385 linem,
2228 3336 2350 3391 qua:
2390 3321 2582 3379 futura
2604 3337 2732 3381 sunt
2759 3328 3054 3387 lectoribus
3076 3336 3405 3391 annuntiare
3436 3356 3448 3392 :
3476 3334 3594 3394 ‘aut'

2010 3418 2260 3466 sanctum
2292 3424 2440 3469 certe
2463 3418 2769 3485 apostolum
2793 3431 3021 3477 nim-tem
3048 3426 3293 3481 necdum
3308 3440 3580 3499 gustasse,

2008 3500 2106 3558 sed
2134 3502 2238 3557 sub
2263 3506 2450 3560 saeculi
2483 3512 3012 3569 consummationem
3046 3528 3361 3584 venturum,
3402 3530 3460 3575 ut
3488 3522 3582 3576 int-

2007 3605 2361 3665 posturarum
2389 3599 2710 3659 Antichristi
2742 3604 3004 3677 impetum
3036 3609 3392 3683 sistat'atque
3424 3630 3588 3670 (θεν-ι

2007 3698 2147 3744 ceat.

2074 3781 2169 3849 Xl,
2202 3784 2255 3851 l,
2275 3785 2328 3840 2.
2362 3786 2433 3840 Et
2454 3789 2611 3843 datus
2643 3800 2717 3844 est
2740 3792 2870 3845 mihi
2900 3793 3140 3850 calamus
3172 3798 3365 3853 similis
3395 3802 3583 3871 virgae,

2004 3882 2055 3927 et
2076 3874 2275 3929 dictum
2298 3888 2374 3933 est
2390 3878 2498 3953 45
2524 3881 2653 3935 mihi
2667 3897 2686 3936 :
2709 3881 2898 3955 Surge,
2914 3895 2964 3940 et
2984 3889 3164 3942 metire
3182 3890 3428 3959 templum
3459 3893 3577 3958 Dei,

2003 3975 2053 4019 et
2082 3968 2270 4033 altare,
2314 3979 2362 4037 e_t
2404 3972 2686 4027 adorantes
2721 3976 2776 4028 in
2818 3991 2878 4029 eo
2907 3992 2925 4030 :
2958 3980 3170 4033 Atrium
3218 3992 3393 4035 autem
3436 3985 3584 4052 quod

2003 4065 2082 4109 est
2111 4056 2245 4125 foris
2284 4062 2566 4128 templum,
2598 4066 2727 4134 ejice
2757 4067 2943 4135 foras;
2972 4078 3023 4123 et
3052 4086 3115 4124 ne
3143 4074 3377 4128 metiaris
3417 4076 3574 4141 illud,

2003 4146 2129 4215 quia
2158 4146 2344 4200 datum
2373 4157 2452 4201 est
2479 4152 2757 4219 gentibus;
2783 4163 2833 4208 et
2864 4156 3134 4211 civitatem
3182 4171 3424 4215 sanctam
3464 4167 3574 4217 cal-

2003 4239 2196 4293 cabunt
2233 4242 2496 4296 mensibus
2526 4244 2883 4316 quadraginta
2911 4247 3134 4306 duabus.

2071 4419 2176 4474 Per
2224 4421 2494 4477 calamum
2541 4424 2688 4480 hunc
2734 4427 3068 4493 ostenditur,
3126 4432 3311 4486 omnia
3362 4450 3483 4502 qum
3521 4438 3589 4489 itr

2000 4511 2152 4566 caelo
2171 4523 2491 4579 cernuntur,
2523 4517 2739 4573 etiamsi
2784 4517 3056 4588 ejusmodi
3094 4538 3182 4578 res
3209 4539 3372 4579 sensu
3402 4536 3456 4580 ct
3488 4544 3580 4580 ra‘

319 4595 457 4665 ἡμῖν
496 4594 710 4664 ἀψυχω
745 4595 937 4667 ὥσπερ
966 4595 1060 4651 οὖν
1088 4601 1194 4667 ,καὶ
1235 4602 1297 4655 τὸ
1330 4602 1715 4676 θυσιαστήριον
1744 4608 1840 4659 καὶ
1867 4608 1896 4659 ό

2011 4604 2150 4660 tione
2183 4606 2325 4675 apud
2356 4622 2455 4663 nos
2483 4618 2731 4677 careant,
2764 4617 2835 4665 ut
2853 4614 3195 4681 suntaltare,
3232 4618 3488 4685 thronus,
3520 4632 3584 4674 et-

321 4685 533 4755 θρόνος,
563 4687 657 4741 καί
688 4705 810 4743 τινα
832 4689 1030 4761 ἔτερα·
1062 4692 1183 4745 ἐπεὶ
1210 4693 1328 4757 πῶς
1357 4697 1387 4747 δ
1416 4695 1588 4760 δοθεὶς
1614 4698 1764 4768 αύτῷ
1796 4699 1896 4753 κά-

318 4776 493 4847 λαμος
528 4778 747 4847 ἐλεγενο
778 4782 1060 4850 Ἕγειραι,
1087 4784 1185 4838 καί
1239 4785 1549 4855 μέτρησον
1602 4789 1710 4843 τὸν
1740 4791 1895 4845 ναὸν

318 4871 427 4926 τοῦ
459 4870 652 4937 Θεοῦ;
692 4871 783 4945 [δι’
815 4867 876 4928 οὗ
919 4874 1194 4929 δείκνυται
1230 4878 1495 4950 ἀγγελικῇ
1529 4882 1745 4935 συνέσει
1796 4886 1890 4938 ἐκ·

320 4967 545 5035 μετρεῖν
572 4964 663 5017 τὸν
693 4968 820 5019 ναὸν
843 4965 937 5020 τοῦ
966 4967 1151 5041 Θεοῦ.]
1175 4968 1236 5023 El
1264 4970 1329 5024 δέ·
1355 4988 1440 5037 τις
1472 4974 1634 5044 φήσει
1661 4976 1768 5030 ὑπὸ
1793 4977 1888 5031 τοῦ

320 5053 540 5127 [αὑτοῦ]
590 5053 824 5125 ἀγγὲλου
860 5060 953 5112 καὶ
993 5062 1086 5113 τὸν
1134 5062 1379 5133 κάλαμον
1424 5064 1671 5120 δεδόσθαι
1717 5069 1887 5141 αὐτῷ,

314 5146 417 5201 καὶ
428 5147 901 5222 ἀκηκοέναιη[παρ⁹
922 5152 1136 5225 αὐτοῦ]ο
1163 5155 1442 5225 Ἕγειραι,
1468 5159 1564 5213 καί
1582 5161 1893 5232 μέτρησον

313 5237 426 5290 τὸν
462 5238 621 5292 ναὸν
646 5240 757 5294 τοῦ
788 5242 956 5297 Θεοῦ.
1003 5242 1203 5298 Τοῦτόν
1243 5265 1433 5318 φαμεν
1470 5250 1563 5303 τὸν
1615 5252 1891 5325 κάλαμον

317 5329 519 5397 μέτρον
546 5330 746 5401 δηλοῦν
775 5332 1052 5401 γνώσεως,
1082 5337 1383 5407 ἀναλογοῦν
1410 5341 1489 5410 τῷ
1519 5341 1847 5413 λαμϐάνοντι
1869 5365 1897 5381 ι

313 5413 386 5488 ἧς
416 5418 699 5484 ἀξιοῦνται
744 5424 793 5476 οῑ
828 5426 981 5497 παρά
1005 5426 1142 5490 Θεοῦ
1176 5429 1271 5483 καὶ
1302 5430 1410 5484 τῶν
1442 5431 1602 5488 θείων
1638 5437 1887 5506 ἀγγέλων

312 5509 388 5565 δι’
416 5510 595 5583 ἔργων
619 5516 841 5583 ἀγαθῶν
868 5520 1283 5591 γινωσκόμενοι.
1318 5526 1500 5594 Ἔγνω
1537 5529 1646 5599 γὰρ
1682 5531 1887 5601 Κύριος

311 5604 444 5669 τοὺς
486 5606 646 5671 ὄντας
677 5609 865 5676 αὐτοῦ,
907 5612 1047 5666 θεῖόν
1079 5632 1213 5684 φησι
1245 5615 1448 5685 λόγιον.
1495 5621 1693 5676 ’ἰστέον
1726 5625 1782 5677 δὲ
1811 5625 1886 5690 ὠς

310 5694 459 5788 τινες
487 5696 596 5750 τὸν
614 5699 715 5768 μὲν
740 5701 847 5756 τοῦ
870 5702 1031 5758 Θεοῦ·
1050 5706 1200 5761 ναὸν
1228 5709 1328 5780 τὴν
1351 5712 1594 5767 Παλαιὰν
1607 5714 1885 5788 Διαθήκην

313 5784 583 5855 ἐνόησαν⁸
616 5788 732 5857 τὴν
763 5791 819 5845 δὲ
847 5791 1068 5858 ἔξωθεν
1114 5799 1337 5868 αὐλὴν,
1371 5804 1469 5874 τὴν
1512 5803 1665 5871 νέαν,
1697 5784 1786 5862 διά
1824 5784 1885 5864 τὸ

314 5874 516 5946 πλῆθος
548 5879 658 5934 τῶν
699 5884 755 5936 ὲν
787 5886 921 5957 αὐτῇ
958 5886 1300 5959 σωζομένων,
1330 5893 1495 5949 οὖσαν
1530 5898 1837 5970 ἀμέτρητον
1866 5920 1879 5936 ·

2001 4697 2107 4751 alia
2139 4697 2192 4751 id
2220 4713 2394 4769 genus
2434 4700 2739 4771 complura,
2778 4703 3046 4773 spiritalia
3086 4722 3243 4763 esse..
3262 4709 3397 4764 Nam
3429 4725 3580 4781 quo-

2003 4790 2166 4844 modo
2222 4791 2488 4855 calamus,
2531 4792 2625 4861 qui
2672 4794 3019 4865 evangelista:
3068 4798 3229 4853 datus
3273 4802 3587 4868 scribitur;

1999 4881 2182 4938 dicere
2228 4893 2459 4953 poterat.
2505 4884 2704 4956 Surge,
2740 4897 2791 4941 et
2834 4890 3021 4944 metire
3068 4892 3313 4961 templum
3362 4892 3478 4958 Dei,
3512 4906 3572 4949 ut

1999 4981 2287 5029 contextus
2316 4985 2469 5029 sonat
2494 5016 2509 5041 ,
2539 4977 2642 5032 nisi
2674 4989 2853 5033 mente
2878 4989 2931 5033 et
2962 4982 3174 5037 ratione
3200 4982 3395 5039 luisset
3427 5002 3600 5057 praem

1998 5065 2186 5121 ditus?
2215 5066 2371 5132 Quod
2398 5067 2444 5123 si
2471 5069 2596 5138 quis
2642 5069 2840 5126 dixerit
2867 5072 2936 5126 ab
2965 5088 3075 5127 uno
3120 5073 3431 5145 eodemque
3471 5094 3583 5131 an»

1997 5158 2116 5229 gelo
2142 5167 2194 5213 et
2227 5159 2502 5214 calamum
2553 5162 2852 5234 accepisse,
2880 5172 2933 5218 et
2959 5179 3147 5219 vocem
3182 5166 3342 5231 hanc,
3376 5166 3579 5237 Surge;-

1996 5258 2046 5305 et
2074 5251 2324 5320 templum
2345 5250 2443 5304 Ιιοο
2466 5252 2669 5315 metire,
2700 5252 2979 5309 audivisse
2995 5293 3009 5317 ,
3046 5270 3140 5323 per
3159 5257 3425 5310 culmum
3449 5273 3576 5310 cer~

1996 5352 2106 5399 tam
2139 5344 2381 5400 scientias
2410 5360 2748 5411 mensuram,
2780 5361 2905 5416 quae
2938 5346 3258 5414 accipientis
3312 5346 3569 5416 qualitati

1995 5445 2537 5499 consentanea‘erat,
2582 5435 2881 5507 significari
2932 5437 3201 5505 dicimus;
3253 5438 3568 5508 cnjnsmodi

1993 5537 2420 5598 consequuntur.
2449 5528 2564 5592 illi,
2622 5529 2715 5598 qui
2765 5544 2797 5585 a
2839 5530 2952 5585 Deo
2994 5530 3304 5600 divinisque
3357 5531 3574 5598 angelis

1993 5629 2213 5691 propter
2264 5629 2451 5676 sancta
2520 5631 3131 5693 operaragnoscuntur.
3192 5621 3569 5677 Novit‘cnim

1993 5712 2279 5777 Dominus,
2315 5714 2561 5784 quisunt
2591 5715 2673 5770 sui
2696 5731 2711 5779 ;
2738 5714 2900 5785 juxta
2934 5712 3231 5784 Scriptura:
3256 5712 3568 5784 eloquium,

1990 5804 2223 5860 Adverte
2236 5814 2417 5860 autem
2436 5822 2542 5861 non
2565 5806 2753 5863 deesse
2774 5808 2865 5876 qui
2889 5822 2985 5879 per
3008 5806 3101 5861 Dei
3125 5808 3375 5878 templum
3394 5806 3568 5865 Vetus

1991 5896 2399 5955 Testamentum
2432 5898 2760 5970 intelligant;
2804 5914 2897 5969 per
2922 5898 3101 5955 aulam
3137 5909 3314 5957 autem
3343 5900 3584 5955 emtum
