4034 6570
408 394 510 460 311

1579 399 1906 464 ΑΝΒΒΕίΕ
1956 398 2478 466 CESARIENSIS

3568 397 3675 468 3i?

415 532 542 581 rem,
573 509 805 580 Novum,
845 519 1068 583 propter
1101 511 1442 567 innumeram
1478 513 1692 568 illorum
1749 517 1991 570 multitu-

2099 517 2237 582 τοὺς
2279 517 2336 568 δὲ
2365 513 2820 582 τεσσαράκοντα
2851 507 2995 584 [καὶ]
3027 505 3138 566 δύο
3162 513 3383 581 μῆνας,
3414 528 3677 583 σημαντι-

411 607 594 662 dinem
628 605 718 675 qui
750 605 977 660 salutem
1006 605 1057 658 in
1087 620 1152 659 eo
1184 603 1584 673 adipiscuntur.
1613 605 1988 676 Quadraginta

411 709 592 752 autem
624 699 756 752 duos
794 713 1016 762 menses,
1051 698 1308 767 temporis
1339 697 1683 765 brevitatem,
1711 715 1821 770 quo
1851 699 1986 754 Novi

412 788 747 845 Testamenti
782 791 1040 861 mysteria
1067 806 1096 843 a
1129 790 1306 862 primo
1329 789 1529 845 Christi
1557 791 1787 845 adventu
1817 807 1989 859 usque

411 885 477 937 ad
524 883 826 939 secundum
877 883 1232 945 obtinebunt,
1293 883 1600 952 exprimere
1653 884 1827 937 aiunt.
1879 881 1988 938 Nos

411 984 592 1030 autem
639 976 1011 1040 arbitramur,
1048 975 1143 1028 Dei
1188 973 1450 1046 [viventis]
1506 973 1756 1041 templum
1797 973 1988 1027 Eccle-

413 1069 552 1125 siam
582 1069 867 1139 appellari,
904 1069 956 1121 in
1001 1082 1108 1138 qua
1148 1065 1446 1121 rationales
1491 1064 1679 1119 hostiae
1715 1064 1822 1119 Deo
1855 1064 1988 1120 oﬂ'c-

411 1175 608 1218 runtur
629 1182 642 1217 :
663 1143 859 1217 atrium
878 1170 1056 1216 autem
1077 1160 1331 1218 exterius,
1353 1162 1596 1228 gentium
1616 1166 1667 1212 et
1688 1157 1984 1212 inﬁdelium

409 1256 721 1315 Iudaeorum
754 1255 1092 1328 Synagngam
1116 1272 1129 1320 ;
1154 1263 1364 1321 utpote,
1393 1261 1613 1322 propter
1631 1252 1987 1320 impietatem,

411 1365 520 1420 qua
570 1349 830 1404 obstricta
889 1356 1142 1408 tenetur,
1187 1347 1464 1416 indignam
1515 1359 1636 1414 qua:
1678 1345 1746 1398 ab
1796 1343 1989 1414 angelo

411 1449 779 1496 mensnrelur.
817 1435 977 1492 Novit
1019 1437 1162 1490 enim
1201 1437 1454 1491 Dominus
1493 1437 1583 1506 qui
1633 1445 1754 1490 sunt
1783 1437 1888 1490 sui.
1922 1443 1985 1489 ut

412 1529 572 1585 modo
603 1531 905 1584 dicebatur.
957 1529 1180 1599 iniquos
1222 1540 1404 1585 autem
1435 1539 1488 1583 ct
1518 1530 1986 1598 praevaricatores.

411 1625 459 1679 is
485 1624 576 1694 qui
623 1623 758 1678 alias
789 1625 973 1679 omnia
1031 1625 1222 1690 norit,
1274 1626 1522 1694 ignorare
1571 1623 1808 1684 dicitur:
1859 1622 1987 1692 quia

410 1713 630 1768 «lorum
670 1713 809 1768 facta
842 1730 949 1769 non
975 1715 1190 1784 probat.
1222 1714 1380 1780 Quod
1415 1725 1595 1768 autem
1631 1723 1822 1769 saneta
1852 1715 1988 1769 civi-

412 1817 518 1871 tas,
550 1807 664 1862 sive
691 1822 884 1862 novam
909 1806 1237 1875 Jerusalem,
1263 1810 1379 1864 sive
1413 1807 1711 1862 Ecclesium
1743 1806 1986 1862 Catholi-

2094 609 2224 670 κους
2257 609 2355 676 τῆς
2383 606 2477 660 τοῦ
2508 607 2702 677 χρόνου
2739 605 3106 676 βραχύτητος,
3137 604 3196 657 ὃν
3224 607 3454 676 κρατεῖν
3484 606 3551 659 τὰ
3576 605 3674 675 τῆς

2090 702 2238 763 Νέας
2274 701 2552 770 Διαθήκης
2585 700 2880 770 μυστήρια,
2907 699 3068 770 μέχρι
3125 699 3223 768 τῆς
3254 699 3510 768 δευτέρας
3538 699 3672 769 Χρι·

2094 793 2221 846 στοῦ
2254 792 2553 860 παρουσίας
2585 790 2857 844 ὑπέλαϐον
2881 807 2893 820 ⁸
2927 793 3092 860 ἡμεῖς
3121 790 3177 842 δὲ
3205 789 3499 860 νομίζομεν
3527 790 3676 843 ναὸν

2094 883 2241 938 Θεοῦ
2266 882 2526 956 [ζῶντος]
2559 883 2656 954 τὴν
2688 883 3017 954 Ἐκκλησίαν
3047 882 3585 954 προσαγορεύεσθαιο
3616 883 3675 934 ἐν

2089 972 2123 1051 ᾖ
2157 977 2348 1040 θυσίας
2391 976 2615 1043 λογικὰς
2645 975 2720 1046 τῷ
2768 976 2886 1045 Θεῷ
2915 977 3300 1048 προσφέρομεν
3322 993 3336 1007 ·
3386 976 3585 1042 αὐλὴν
3616 975 3673 1026 δὲ

2089 1069 2404 1138 ἐξωτέραν,
2437 1068 2535 1140 τὴν
2571 1069 2679 1122 τῶν
2723 1069 2970 1122 ἀπίστων
3014 1068 3185 1121 ἐθνῶν
3237 1067 3333 1120 καὶ
3403 1067 3673 1120 Ἰουδαίων

2091 1163 2424 1231 Συναγωγήν
2453 1179 2467 1194 ο
2502 1161 2578 1224 ὡς
2628 1160 2856 1226 ἀναξίαν
2887 1161 2978 1213 ὑπ’
3024 1160 3256 1228 ἀγγέλου
3313 1160 3670 1230 μετρηθῆναι,

2088 1255 2176 1308 διὰ
2201 1254 2298 1323 τὴν
2334 1254 2591 1307 ἀσέϐειαν
2639 1253 2892 1325 [abiciam]
2944 1253 3142 1321 Ἔγνω
3170 1250 3225 1304 δὲ
3271 1252 3488 1318 Κύριος
3529 1250 3672 1316 τοὺς

2090 1346 2270 1410 ὄντας
2298 1339 2512 1409 αὑτοῦ,
2546 1344 2622 1407 ὡς
2669 1345 2912 1414 εἴρηταιο
2943 1344 3070 1406 τοὺς
3114 1342 3172 1396 δὲ
3219 1343 3573 1414 παρανόμους
3621 1342 3672 1416 [ό

2091 1436 2292 1508 πάντα]
2342 1435 2516 1500 εἰδὼς,
2561 1436 2802 1504 ἀγνοεῖν
2854 1435 3094 1504 λέγεται.
3144 1436 3218 1488 Τὸ
3269 1435 3323 1488 δὲ
3384 1436 3670 1488 πατεῖσθαι

2090 1528 2188 1598 τὴν
2231 1528 2393 1596 ἁγίαν
2442 1528 2620 1592 πόλιν,
2654 1530 2763 1582 εἴτε
2807 1527 2906 1598 τὴν
2953 1528 3079 1581 νέαν
3123 1527 3506 1598 Ἰερουσαλὴμ,
3561 1527 3669 1579 εἴτε

2089 1620 2188 1692 τὴν
2231 1619 2524 1692 καθολικὴν
2563 1620 2908 1690 Ἐκκλησίαν,
2958 1620 3156 1690 μῆνας
3219 1606 3674 1689 τεσσαράκοντα

2089 1711 2235 1784 [καὶ]
2265 1712 2373 1765 δύο
2422 1711 2528 1764 ὑπὸ
2570 1711 2680 1764 τῶν
2729 1711 2920 1778 ἐθνῶν,
2973 1711 3260 1782 σημαίνειν
3313 1709 3468 1781 οἶμαι
3504 1712 3560 1763 ἐν
3601 1711 3668 1779 τῇ

2091 1804 2363 1876 παρουσίᾳ
2404 1803 2498 1858 τοῦ
2561 1804 2953 1874 ’Λντιχρίστου,
3010 1805 3134 1878 τρία
3179 1806 3350 1876 ἥμισυ
3405 1804 3501 1875 έτη
3544 1803 3671 1866 τοὺς

413 1914 532 1954 eam
573 1916 668 1967 per
691 1915 810 1955 eam
843 1900 1099 1969 accipias.
1149 1915 1349 1953 menses
1398 1898 1754 1969 quadraginta
1786 1898 1918 1951 duos
1950 1914 1980 1952 a

2096 1898 2312 1960 πιστοὺς
2343 1897 2436 1948 καὶ
2468 1895 2723 1966 δοκίμους
2752 1896 3041 1950 πατεῖσθαι
3069 1898 3162 1950 καὶ
3199 1896 3514 1950 διώκεσθαι.

413 1991 663 2060 gentibus
703 1991 963 2045 calcanda
1029 1991 1128 2047 hoc
1196 1991 1314 2045 loco
1389 1991 1675 2053 asseritur,
1710 1989 1838 2043 illud
1891 1987 2216 2051 subiudicat,
2281 1986 2387 2040 nisi
2435 1985 2615 2049 fallor,
2687 1984 2876 2040 ﬁdeles
2919 1987 3290 2056 probatosque
3335 1986 3518 2051 viros,
3560 1995 3678 2041 tres

411 2097 587 2137 annos
634 2097 753 2136 cum
805 2082 1052 2147 dimidio,
1102 2083 1304 2152 quibus
1347 2081 1722 2138 Antichristus
1775 2081 1982 2146 saeviet,
2027 2095 2278 2152 magnam
2353 2078 2793 2149 persecutionem
2834 2093 3192 2148 perpessuros

1001 2215 1227 2274 CAPUT
1265 2213 1435 2273 XXX.

895 2330 970 2388 De
1002 2331 1219 2388 Enocho
1250 2342 1300 2387 et
1333 2333 1475 2388 Elia.

485 2467 578 2536 Xl,
610 2467 663 2534 3.
697 2471 752 2526 4.
787 2470 855 2524 Et
885 2471 1024 2526 dabo
1063 2471 1268 2526 duobus
1319 2470 1538 2525 testibus
1585 2471 1750 2534 meis;
1789 2480 1837 2526 et
1868 2485 1992 2540 pro-

413 2565 698 2634 phetabunt
729 2564 913 2618 diebus
967 2562 1110 2618 mille
1157 2563 1398 2617 ducentis
1451 2563 1752 2632 sexaginta.
1805 2563 1990 2616 amicti

415 2659 607 2712 saccis.
643 2654 716 2710 Hi
759 2666 880 2710 sunt
926 2657 1045 2709 dua:
1088 2655 1276 2718 olivw,
1315 2664 1363 2708 et
1406 2653 1510 2707 duo
1562 2654 1904 2718 candelabra,
1933 2655 1988 2706 in

415 2760 694 2820 conspectu
727 2749 940 2804 Domini
973 2758 1126 2804 terrm
1155 2749 1376 2804 stantia.

484 2928 587 2982 Per
637 2927 738 2983 bos
792 2936 957 2984 testes
1008 2927 1256 2998 plerique
1310 2925 1598 2981 doctorum
1656 2931 1991 2995 acceperunt.

412 3016 694 3072 Enochum
747 3027 800 3072 et
842 3017 1052 3084 Etiam;
1099 3017 1192 3086 qui
1254 3016 1358 3070 sub
1403 3015 1587 3070 saeculi
1627 3014 1788 3069 tinem
1822 3031 1850 3068 a
1879 3014 1990 3068 Deo

414 3109 697 3180 accepturi
738 3117 868 3164 sunt
900 3108 1067 3163 trium
1112 3123 1381 3164 annorum
1435 3121 1559 3161 cum
1595 3107 1825 3162 semisse
1861 3121 1990 3175 spa-

2706 2214 2956 2269 ΚΕΦΑΛ.
2983 2211 3062 2267 Λ’.

2506 2329 2645 2400 Περὶ
2691 2329 2873 2397 Ἑνὼχ
2910 2328 3007 2383 καὶ
3041 2328 3236 2383 ἰῙλία.

2156 2469 2269 2530 Καὶ
2294 2469 2466 2525 δώσω
2494 2468 2620 2534 τοῖς
2647 2467 2789 2523 δυσί
2835 2466 3102 2536 μάρτυσι
3129 2483 3270 2535 μου,
3314 2463 3411 2519 καὶ
3438 2478 3672 2536 προφηο

2089 2567 2421 2620 τεύσουσιν
2459 2562 2684 2632 ἡμέρας
2735 2561 2936 2629 χιλίας
2977 2559 3294 2625 διακοσίας
3347 2558 3668 2626 ἐξήκοντα,

2087 2654 2574 2725 περιϐεϐλημένοι
2639 2652 2925 2717 σάκκους.
2981 2645 3157 2705 Οὗτοί
3207 2653 3365 2704 εἰσιν
3427 2655 3488 2705 αἱ
3546 2651 3658 2704 δύο

2088 2747 2305 2813 ἐλαῖαι,
2340 2747 2436 2802 καί
2456 2749 2514 2801 αἱ
2543 2744 2652 2800 δύο
2679 2745 2924 2813 λυχνίαι
2946 2747 3002 2798 ai
3033 2741 3294 2798 ἐνώπιον
3313 2744 3419 2798 τοῦ
3448 2743 3672 2812 Κυρίου

2088 2831 2196 2900 τῆς
2219 2833 2329 2902 m’q
2351 2833 2633 2886 ἑστῶσαι.

2163 2925 2404 2991 Τούτους
2437 2927 2588 2999 [τοὺς
2631 2926 2726 2981 δύο
2785 2925 3090 2998 μάρτυρας]
3127 2925 3296 2995 Ἑνὼχ
3339 2923 3433 2978 καὶ
3459 2923 3670 2989 Ἠλίαν,

2094 3019 2280 3072 πολλοὶ
2311 3019 2418 3072 τῶν
2456 3019 2798 3074 διδασκάλων
2839 3019 3089 3089 ἐνόησαν⁹
3127 3019 3321 3088 καιρὸν
3353 3017 3537 3070 θεόθεν
3574 3015 3670 3068 τοῦ

2091 3113 2459 3184 προφητεύειν
2503 3112 2620 3185 [τὰ]
2653 3114 2712 3166 ἐν
2745 3115 2813 3184 τῇ
2856 3111 3140 3180 συντελείᾳ
3183 3110 3540 3180 ληψομένους,
3575 3107 3670 3162 ἐπὶ

413 3203 580 3266 tium;
639 3209 907 3270 quantum
962 3199 1226 3254 nimirum
1297 3213 1363 3253 ex
1415 3198 1564 3253 milia
1627 3197 1988 3252 ducentorum

2096 3205 2191 3274 ἐτη
2220 3206 2346 3277 τρία
2367 3206 2475 3260 ἀπὸ
2509 3206 2838 3276 τριακοσίων
2866 3205 3132 3276 ἐξήκοντα
3161 3203 3383 3274 ἡμερῶν
3405 3202 3671 3272 ἀριθμού-

411 3293 693 3362 sexaginta
725 3292 936 3347 dicrum
980 3306 1206 3346 numero
1241 3289 1546 3353 conﬂatur,
1586 3289 1652 3343 ad
1689 3289 1991 3343 vaticinati.

413 3384 543 3439 dum
589 3391 643 3437 et
675 3380 1106 3451 praedicandum.
1156 3379 1498 3434 Amicieutur
1557 3389 1738 3434 autem
1792 3378 1990 3440 saccis;

416 3490 527 3545 quo
561 3473 780 3544 planum
816 3472 1019 3527 iaciant
1045 3485 1341 3527 mterorem
1381 3479 1436 3524 et
1467 3470 1693 3530 luctum,
1726 3483 1836 3537 quo
1866 3483 1992 3536 pro-

414 3577 535 3638 pter
563 3583 660 3624 eos
710 3566 1125 3630 sauciabuntur,
1179 3564 1272 3634 qui
1311 3572 1424 3617 tum
1458 3560 1719 3631 temporis
1751 3561 1803 3614 in
1837 3561 1990 3614 Anti-

413 3662 607 3718 christi
636 3675 880 3715 errorem
905 3658 1127 3714 abducti
1147 3656 1573 3726 comperientur.
1606 3655 1758 3724 Apud
1781 3653 1991 3708 Zacha-

412 3757 548 3812 riam
609 3756 664 3810 lti
730 3757 838 3811 duo
885 3754 989 3809 sub
1049 3754 1278 3806 duarum
1335 3751 1595 3805 olivarum
1660 3752 1994 3818 totidemque

416 3848 856 3904 candelabrorum
889 3848 1168 3902 schemate
1198 3845 1542 3899 deliueantur
1568 3862 1582 3898 :
1610 3845 1680 3898 ob
1706 3844 1757 3899 id
1785 3843 1990 3907 forsan,

416 3947 562 4013 quod
613 3943 879 3997 bonorum
926 3941 1146 4008 Deoque
1197 3935 1527 4006 placentium
1580 3951 1807 4006 operum
1851 3937 1990 4000 oleo,

418 4035 750 4106 cognitionis
771 4033 964 4088 lumini
991 4031 1297 4087 fomentum
1323 4039 1636 4102 suggerent,
1666 4030 1994 4099 veritatique

416 4125 664 4181 vehicula
692 4125 983 4180 exsistant.

487 4218 710 4292 “XI,
744 4220 797 4285 5,
832 4219 886 4276 6.
927 4219 992 4272 Et
1020 4220 1068 4275 si
1101 4219 1217 4290 quis
1251 4217 1473 4274 voluerit
1518 4219 1585 4272 iis
1616 4228 1819 4280 nocere,
1854 4212 1992 4286 ignis

416 4315 554 4368 (πίει
578 4313 641 4366 de
674 4329 763 4366 ore
798 4313 1055 4382 ipsorum,
1089 4321 1136 4365 et
1178 4311 1448 4366 devorabit
1490 4311 1733 4364 inimicos
1762 4325 1941 4363 eorum
1975 4324 1994 4361 :

417 4418 467 4461 et
495 4408 541 4461 si
567 4407 682 4476 quis
710 4405 931 4459 voluerit
956 4406 1076 4460 illos
1095 4405 1302 4469 lwdere,
1327 4406 1402 4459 sic
1426 4413 1628 4472 oportet
1655 4417 1770 4456 eum
1805 4401 1991 4454 occidi.

420 4497 494 4552 lli
541 4497 731 4552 habent
774 4507 1080 4565 potestatem
1135 4497 1416 4550 claudendi
1469 4495 1691 4557 eiciunt,
1735 4509 1799 4545 ne
1847 4490 1996 4560 plnat

2098 3314 2233 3367 μενα
2255 3315 2267 3326 ·
2313 3297 2408 3351 καὶ
2431 3296 2521 3350 διὰ
2547 3296 2647 3366 τῆς
2669 3295 2962 3366 περιϐολῆς
2988 3295 3106 3350 τῶν
3133 3289 3400 3356 σάκκων,
3431 3293 3492 3346 τὸ
3533 3309 3670 3347 σκυ-

2094 3389 2121 3443 0
2131 3389 2311 3459 ρωπον
2345 3391 2438 3442 καὶ
2465 3388 2698 3452 πένθους
2718 3389 2868 3452 ἄξιον
2890 3387 2984 3440 ἐπὶ
3008 3389 3122 3450 τοῖς
3149 3385 3532 3452 ἀπατωμένοις
3567 3386 3668 3454 ἐμ-

2094 3481 2406 3549 φαίνοντας,
2442 3482 2535 3533 καὶ
2568 3482 2695 3544 τοὺς
2717 3481 2837 3533 τότε
2877 3479 3309 3549 εὑρισκομένους
3332 3477 3433 3545 τῆς
3461 3476 3668 3546 πλάνης

2093 3571 2187 3624 τοῦ
2226 3573 2598 3643 Ἀντιχρίστου
2631 3573 2946 3640 ἀπάγοντας
2975 3589 2990 3602 ·
3022 3571 3118 3633 οὓς
3153 3571 3430 3640 Ζαχαρίας
3454 3569 3504 3640 [ὁ
3535 3585 3671 3637 προ-

2096 3664 2299 3735 φήτης]
2348 3665 2405 3716 ἐν
2452 3663 2582 3717 είδει
2639 3662 2761 3717 τῶν
2805 3663 2914 3718 δύο
2952 3661 3171 3717 ἐλαιῶν
3226 3662 3321 3715 καὶ
3372 3661 3501 3732 [τῶν
3554 3657 3668 3732 δύο]

2094 3757 2364 3828 ,λυχνιῶν
2394 3757 2632 3828 ᾐνίξατο,
2668 3757 2756 3810 διὰ
2788 3756 2850 3810 τὸ
2881 3757 2980 3827 τὴν
3005 3757 3212 3828 τροφὴν
3240 3755 3334 3810 τοῦ
3363 3754 3538 3824 φωτὸς
3571 3754 3670 3821 τῆς

2096 3848 2350 3919 γνώσεως
2381 3851 2458 3921 τῷ
2493 3849 2659 3920 ἐλαίῳ
2703 3849 2810 3904 τῶν
2839 3849 3148 3920 θεαρέστων
3194 3847 3446 3920 πράξεων
3479 3844 3674 3914 ἐπιφέ-

2101 3941 2312 4010 ρεσθαι.

2169 4205 2280 4264 Καὶ
2307 4207 2453 4274 εἴτις
2501 4206 2722 4274 αὐτοὺς
2755 4206 2915 4263 θέλει
2970 4202 3275 4276 ἀδικῆσαι,
3326 4206 3446 4277 πῦρ
3493 4207 3672 4262 ἐκπο-

2094 4301 2329 4368 ρεύεται
2375 4299 2444 4351 ἐκ
2492 4298 2600 4352 τοῦ
2627 4300 2930 4367 στόματος
2959 4299 3177 4364 αὐτῶν,
3227 4300 3324 4355 καί
3372 4301 3674 4355 κατεσθίει

2099 4389 2241 4456 τοὺς
2285 4389 2539 4459 ἐχθροὺς
2575 4390 2806 4445 αὐτῶν
2858 4393 2957 4446 καὶ
3019 4393 3166 4459 εἴτις
3220 4393 3444 4458 αὐτοὺς
3513 4392 3675 4446 θέλει

2099 4481 2470 4545 ἀποκτεῖναι,
2491 4479 2680 4548 οὕτως
2699 4483 2794 4538 δεῖ
2806 4483 2994 4537 αὐτὸν
3013 4483 3481 4550 ἀποκτανθῆναι.
3499 4478 3674 4536 Οὗτοι
3720 4544 3732 4556 t

420 4590 601 4646 diebus
635 4591 924 4660 prophetia:
952 4593 1186 4655 ipsarum
1214 4603 1232 4640 :
1262 4597 1311 4641 et
1340 4597 1646 4656 potestatem
1687 4584 1877 4637 habent
1907 4599 1991 4637 su-

2102 4575 2355 4643 ἕχουσιν
2383 4574 2677 4638 ἐξουσίαν
2718 4575 2956 4631 κλεῖσαι
2996 4577 3103 4630 τὸν
3130 4576 3414 4644 οὐρανὸν,
3458 4576 3559 4628 ἵνα
3591 4573 3673 4640 μὴ

419 4703 511 4753 per
532 4700 722 4756 aquas,
752 4684 1190 4739 convertendicas
1215 4683 1268 4734 in
1294 4680 1622 4750 sanguinem,
1652 4687 1700 4731 et
1729 4688 1997 4746 percutere

423 4789 617 4832 terram
650 4778 792 4832 οιηηὶ
822 4778 1000 4847 plaga,
1033 4775 1437 4846 quotiescunque
1475 4771 1748 4825 coluerint.

496 5038 542 5099 Ο
570 5041 894 5097 immensam
930 5041 1022 5094 Dei
1056 5037 1475 5106 benignitatem!
1510 5035 1604 5105 qui
1653 5033 1864 5094 vulneri
1913 5034 1999 5090 in-

425 5135 570 5191 ﬂicto
591 5133 861 5189 eliicacem
881 5132 1065 5187 statim
1092 5129 1440 5194 medicinam,
1471 5126 1761 5197 infusoque
1790 5141 2000 5182 veneno

425 5228 665 5282 salutare
698 5240 822 5279 mox
870 5222 1178 5278 antidotum
1227 5219 1468 5274 adhibet.
1497 5219 1635 5274 Cum
1664 5221 1810 5274 enim
1842 5222 1998 5275 Anti-

426 5320 666 5375 cliristus
697 5319 751 5371 in
769 5315 1026 5372 omnibus
1047 5312 1314 5383 prodigiis
1342 5313 1622 5382 signisque
1644 5313 2000 5370 mendacibus

426 5407 796 5463 veneticorum
829 5403 1075 5458 omnium
1110 5402 1386 5472 princeps,
1411 5403 1769 5473 omniumque
1798 5405 2002 5473 praesti-

429 5501 700 5570 giatorum
741 5497 1066 5568 coryphaaus
1102 5495 1314 5551 futurus
1356 5497 1453 5564 sit;
1511 5507 1696 5568 utpote
1743 5499 1999 5554 universa

429 5591 630 5646 diaboli
677 5588 870 5644 fraude
893 5597 949 5643 et
981 5589 1203 5660 energia
1252 5587 1485 5660 perfecte
1533 5591 1812 5659 imbutus;
1856 5591 2002 5647 Deus

430 5691 544 5753 opt.
579 5697 723 5736 max.
759 5690 980 5738 sanctos
1025 5682 1148 5738 illos
1197 5699 1452 5738 verorum
1499 5683 1784 5754 signorum
1835 5692 2001 5754 atque

433 5775 827 5832 miraculorum
860 5775 1058 5830 virtute
1085 5777 1322 5831 armabit
1350 5794 1364 5840 ;
1400 5794 1510 5846 quu
1539 5777 1784 5832 veritatis
1817 5785 2001 5831 osten-

432 5869 586 5922 sione
618 5869 980 5935 mendacium,
1033 5869 1283 5940 lucisque
1335 5870 1694 5940 patefactione
1743 5870 1997 5925 tenebras

2095 4665 2293 4734 βρέχῃ
2316 4666 2489 4731 ὑετὸς
2517 4666 2624 4733 τὰς
2653 4668 2876 4737 ἡμέρας
2900 4668 3008 4735 τῆς
3034 4668 3399 4738 προφητείας
3433 4666 3634 4720 αὐτῶν
3655 4681 3672 4696 ·

2100 4756 2200 4812 καὶ
2230 4756 2518 4821 ἐξουσίαν
2546 4758 2797 4827 ἔχουσιν
2835 4759 2933 4812 ἐπὶ
2978 4759 3096 4814 τῶν
3119 4758 3355 4814 ὑδάτων
3395 4759 3676 4826 στρέφειν

2100 4850 2250 4904 αὐτὰ
2277 4852 2364 4916 είς
2406 4846 2570 4919 uiua,
2629 4852 2728 4904 καὶ
2768 4851 3025 4916 πατάξαι
3055 4852 3171 4920 τὴν
3221 4851 3339 4922 γῆν
3387 4853 3456 4906 ὲν
3505 4852 3674 4920 πάσῃ

2102 4939 2326 5010 πληγῇ,
2360 4941 2574 5008 ὁσάκις
2599 4943 2706 4996 ἐὰν
2735 4943 3064 5011 θελήσωσι.

2171 5035 2282 5088 Καὶ
2308 5036 2363 5087 εί
2391 5051 2481 5100 τις
2511 5035 2732 5101 αὐτοὺς
2764 5036 2924 5090 θέλει
2963 5035 3358 5104 ἀδικῆσαι.--
3385 5037 3558 5090 Βαὸαὶ
3577 5039 3677 5106 τῆς

2106 5125 2256 5190 θείας
2278 5127 2611 5198 ἀγαθότητος
2632 5127 2644 5180 l
2668 5129 2750 5182 ὅτι
2768 5129 3098 5200 ἀντίρροπον
3119 5133 3182 5200 τῇ
3211 5129 3394 5201 πληγῇ
3422 5131 3676 5200 ἐπιφέρει

2102 5219 2201 5290 τὴν
2233 5220 2398 5274 ἴασιν.
2433 5220 2651 5291 Ἐπειδὴ
2681 5221 2789 5291 γὰρ
2823 5223 2882 5274 ἐν
2915 5223 3050 5275 πᾶσι
3085 5223 3335 5292 σημείοις
3360 5223 3455 5274 καὶ
3483 5223 3676 5293 τέρασι

2101 5312 2329 5383 ψεύδους
2368 5313 2586 5368 πάντων
2614 5313 2722 5366 τῶν
2758 5313 3066 5383 φαρμακῶν
3098 5314 3192 5368 καὶ
3221 5315 3486 5371 ὲπαοιδῶν
3525 5315 3676 5368 ἔσται

2104 5409 2132 5461 ὀ
2163 5406 2550 5477 ψευδόχριστος
2570 5407 3060 5480 περιφανέστερος,
3094 5408 3191 5462 ἆτε
3219 5409 3400 5461 πᾶσαν
3429 5406 3524 5460 τοῦ
3563 5407 3679 5460 διασ-

2105 5499 2259 5553 εόλου
2288 5499 2579 5569 δεχόμενος
2599 5499 2697 5570 τὴν
2719 5500 3029 5571 ἐνέργειαν,
3059 5501 3117 5553 ἐν
3151 5501 3380 5569 δυνάμει
3408 5499 3680 5569 ἀληθινῶν

2107 5593 2350 5662 σημείων
2383 5607 2446 5645 τε
2482 5593 2582 5646 καὶ
2617 5595 2873 5664 τεράτων.
2897 5595 3026 5659 τοὺς
3073 5595 3261 5662 ἁγίους
3287 5593 3515 5656 τούτους
3544 5592 3679 5648 καθ-

2103 5685 2314 5738 οπλίσει
2353 5687 2382 5738 ὁ
2409 5683 2564 5749 Θεὸς,
2598 5688 2662 5757 τῇ
2713 5685 3015 5755 παραθέσει
3045 5685 3432 5756 τῆςῖάληθείας
3466 5685 3560 5738 καί
3582 5681 3678 5737 τοῦ

2105 5775 2283 5844 φωτὸς
2315 5775 2399 5848 [τὸ
2431 5775 2626 5844 ψεῦδος
2653 5776 2768 5849 καί]
2793 5777 2854 5830 τὸ
2885 5779 3090 5841 σκότος.
3111 5777 3512 5847 ἀπελέγξοντας
3535 5792 3548 5805 ·
3579 5775 3677 5828 καὶ

2104 5870 2226 5933 τοὺς
2261 5869 2358 5939 μὲν
2394 5868 2843 5940 πεπλανημένους
2882 5871 3333 5944 ἐπιστρέψοντας,
3373 5871 3460 5924 διά
3491 5889 3548 5925 τε
3589 5870 3678 5923 λόο-
