4040 6582
325 445 431 507 313
1287 447 1892 509 COMMENTARIES

1997 450 2017 509 ί
2058 451 2588 516 APOCALYPSIN.
3471 461 3536 526 3i
3555 463 3582 525 «ί

325 577 420 628 γου
453 557 857 621 διδασκαλικοῧ,
907 559 994 612 διά
1046 577 1103 612 τε
1149 561 1428 628 μαςτίγων
1498 559 1886 624 παιδευτικῶν,

1997 563 2356 632 ι·οκιοιέιιειιιι;
2403 575 2457 620 οι
2511 567 2765 622 seductos
2816 565 3012 636 partim
3082 569 3302 637 quidem
3357 573 3578 624 erntlito

325 648 631 719 ἀνομϐρίας
670 651 762 703 καὶ
815 651 1012 720 πυρὸς,
1046 652 1140 706 καὶ
1187 657 1286 723 τῆς
1331 652 1440 705 τῶν
1481 654 1762 721 στοιχείων
1804 673 1902 724 με-

323 743 693 812 ταποιήσεως,
727 742 820 796 καὶ
867 744 977 796 τῶν
1007 743 1210 812 ὁμοίων
1232 759 1247 776 ο
1288 743 1378 796 τὸν
1401 744 1454 796 δὲ
1487 744 1690 798 πλάνον
1730 764 1903 816 παραυ

323 835 806 904 διιγματίσοντας,
846 837 940 890 καὶ
975 837 1142 906 μηδὲν
1177 839 1314 906 μήτε
1353 836 1445 889 ὑπ’
1485 838 1719 902 ἐκείνου,
1765 841 1902 909 μήτε

328 925 413 994 ὑφ’
455 925 646 998 ἑτέρου
673 927 1056 996 πεισομένους,
1082 927 1212 996 ἄχρι
1253 926 1346 980 τοῦ
1382 927 1482 996 τῆς
1520 928 1728 990 οἰκείας
1771 944 1902 998 προ·

324 1019 552 1088 φητείας
582 1019 840 1090 πέρατος.

2003 657 2336 725 dOt-toreqtte
2368 657 2532 726 digno
2565 673 2846 724 sermone;
2883 659 3080 727 partim
3113 676 3241 717 vero
3267 663 3418 716 omni
3458 663 3582 730 pla-

2002 763 2191 817 garum
2211 759 2265 804 et
2282 751 2658 805 calamitatum
2679 768 2897 821 genere,
2925 764 2981 807 ut
3007 764 3131 807 sunt
3154 766 3310 808 terra:
3331 757 3577 819 siccitas,

2001 843 2144 897 aeris
2164 843 2530 913 intemperies,
2554 845 2717 898 noxia
2740 847 3136 900 elementorum
3168 849 3578 914 transmutatio,

2000 941 2054 985 et
2077 933 2184 986 alia
2215 933 2485 1002 ejusmodi
2523 937 2830 1003 complura,
2865 937 2930 990 ad
2963 939 3205 992 veritatis
3241 939 3414 992 lucem
3447 956 3580 994 con-

1999 1034 2246 1089 vertant;
2300 1027 2477 1095 ipsum
2533 1039 2714 1082 autem
2757 1031 3110 1098 itnpostoretn
3176 1031 3584 1086 Antichristum-

325 1115 499 1180 palam
577 1113 896 1172 revincam.
951 1112 1277 1182 publiceque
1334 1112 1695 1167 confundant.
1765 1112 1910 1167 Nihil
1978 1115 2197 1171 interim
2253 1119 2613 1184 incommodi,
2691 1137 2867 1191 neque
2899 1123 2968 1176 ab
3003 1123 3126 1187 illo,
3162 1138 3339 1187 neque
3373 1124 3440 1176 ab
3471 1127 3580 1178 ullo

324 1202 451 1274 alio,
493 1203 668 1254 donec
687 1201 1026 1272 prophetiam
1058 1211 1108 1254 et
1138 1201 1500 1255 ministerium
1525 1217 1685 1255 suum
1714 1203 2073 1271 expleverint,
2111 1211 2445 1273 perpessuri.

390 1293 501 1350 Kal
533 1293 630 1348 ὅτε
671 1292 990 1346 τελέσουσι
1028 1292 1143 1360 τὴν
1167 1294 1503 1360 μαρτυρίαν
1561 1291 1781 1355 αὐτῶν,
1830 1293 1894 1347 τὸ

321 1389 530 1454 θηρίον
568 1386 634 1439 τὸ
673 1385 1002 1439 ἀναϐαῖνον
1066 1385 1133 1437 ἐκ
1170 1384 1275 1452 τῆς
1321 1386 1595 1438 ἀϐύσσου
1655 1386 1898 1454 ποιήσει

320 1481 588 1547 πόλεμον
641 1477 769 1546 μετ’
806 1477 1026 1539 αὐτῶν,
1079 1476 1175 1528 καί.
1225 1475 1458 1540 νικήσει
1509 1477 1752 1542 αὐτοὺς,
1799 1479 1897 1530 καὶ

316 1569 874 1634 ἀποκτενεῖαύτούς
897 1586 907 1597 ·
940 1569 1034 1620 καὶ
1061 1569 1132 1621 τὰ
1149 1568 1430 1638 πτώματα
1459 1568 1656 1620 αὐτῶν
1683 1568 1895 1640 [ἑιίσει]

315 1660 416 1714 ἐπὶ
471 1659 582 1728 τῆς
645 1659 934 1723 πλατείας
998 1657 1110 1726 τῆς
1165 1660 1400 1723 πόλεως
1453 1656 1565 1725 τῆς
1625 1659 1899 1728 μεγάλης

317 1751 618 1827 [ἀταφαο]
684 1752 817 1820 ἣτις
874 1751 1140 1805 καλεῖται
1195 1749 1607 1819 πνευματικῶς
1664 1753 1899 1822 Σόδομα

315 1844 414 1897 καὶ
453 1844 781 1914 Αιγυπτος,
807 1842 960 1897 ὅπου
981 1842 1129 1915 [καὶ]
1163 1846 1195 1898 ό
1218 1845 1436 1912 Κύριος
1453 1842 1653 1896 αὐτῶν
1675 1844 1896 1899 ἐσταυ-

311 1934 491 2004 ρώθη.

385 2027 543 2082 Μετὰ
577 2027 688 2098 γὰρ
720 2027 780 2080 τὸ
822 2027 1298 2099 διαμαρτύρασθαι
1333 2030 1550 2093 αὐτοὺς,
1588 2031 1770 2104 [φησι]
1803 2031 1899 2104 τὴν

311 2120 414 2188 τῆς
452 2120 674 2190 ἀπάτης
706 2121 1020 2191 ἀποφυγὴν,
1051 2121 1112 2174 τὸ
1146 2121 1356 2192 θηρίον,
1403 2123 1602 2194 δηλαδὴ
1635 2125 1662 2177 ὁ
1721 2124 1898 2177 Ἀντίο

312 2229 557 2284 χρ.στος,
589 2214 618 2266 ὁ
649 2214 714 2266 ὲκ
764 2212 873 2266 τῶν
918 2213 1213 2266 σκοτεινῶν
1267 2217 1361 2268 καὶ
1395 2215 1596 2286 βυθίων
1649 2217 1745 2286 τῆς
1793 2218 1898 2286 γῆς

313 2303 532 2374 χωρίων
580 2303 762 2371 ἐξιὼν,
811 2304 870 2356 ὲν
907 2300 986 2367 οἷς
1037 2305 1064 2356 ὁ
1117 2304 1360 2367 διάϐολος
1412 2306 1892 2372 καταδεδίκασται,

314 2395 497 2448 ἀνελεῖ
534 2395 733 2459 αὐτοὺς
782 2395 922 2447 κατά
969 2394 1120 2449 Θείαν
1154 2395 1526 2466 συγχώρησιν,
1576 2398 1668 2449 καὶ
1713 2397 1894 2467 ἄταφα

313 2485 496 2538 αὐτῶν
531 2485 850 2555 καταλείψει
875 2485 941 2538 τὰ
983 2485 1234 2556 σώματα,
1267 2488 1324 2538 ἐν
1351 2489 1488 2557 αὐτῇ
1518 2491 1582 2558 τῇ
1625 2489 1892 2560 Ἰερουσα-

312 2577 449 2648 λὴμ,
485 2577 686 2648 δηλαδὴ
730 2580 795 2648 τῇ
844 2577 1050 2647 παλαιᾷ
1086 2579 1177 2630 καὶ
1222 2595 1707 2654 κατεστραμμενῃ,
1762 2585 1821 2636 ὲν

313 2670 412 2724 καὶ
434 2673 462 2724 ὁ
504 2671 708 2741 Κύριος
742 2671 1009 2724 πέπονθεν
1044 2687 1056 2700 ⁸
1091 2670 1192 2744 [ὲν]
1229 2672 1423 2744 ταύτῃ,
1455 2673 1528 2736 ὡς
1561 2675 1726 2739 ἔοικε,
1757 2676 1893 2729 καθ-

315 2763 478 2816 ιστῶν
505 2763 573 2816 τὰ
625 2763 871 2833 βασίλεια
919 2763 1060 2816 κατὰ
1094 2765 1329 2834 μίμησιν
1372 2766 1538 2818 Δαϐὶδ
1562 2808 1576 2830 ,
1607 2760 1668 2821 οὗ
1698 2770 1724 2821 ὁ
1778 2769 1893 2830 υἱὸς

313 2854 552 2926 Χριστὸς
587 2858 616 2909 ὁ
640 2855 896 2926 ἀληθινὸς
927 2857 1059 2920 Θεὸς
1101 2859 1282 2928 ἡμῶν,
1331 2859 1474 2912 κατά
1507 2861 1684 2930 σάρκα
1729 2861 1889 2928 γεγέ-

310 2963 470 3017 νηται
491 2962 507 2978 ο
541 2946 632 3000 ἵνα
661 2948 768 3000 κάν
795 2947 970 3018 τούτῳ
995 2948 1186 3000 ἑαυτὸν
1219 2945 1358 3002 εἶναι
1410 2950 1499 3002 τὸν
1532 2953 1766 3019 Χριστὸν
1798 2969 1890 3004 πι-

317 3040 616 3108 στώσηται,
636 3038 953 3108 πληροῦντα
985 3038 1192 3112 Ῑδῆθεν]
1221 3041 1281 3093 τὸ
1311 3043 1656 3112 προφητικὸν
1685 3043 1886 3110 λόγιον,

309 3131 372 3185 τὸ
402 3131 652 3200 φάσκον·
709 3130 1063 3198 Ἀναστήσω
1101 3131 1214 3198 τὴν
1264 3133 1508 3202 σκηνὴν
1551 3135 1727 3188 Δαϐίδ
1776 3134 1892 3204 τὴν

1924 1917 1973 1980 Β

2068 1295 2160 1362 XI,
2197 1297 2246 1363 7,
2269 1298 2321 1352 8.
2349 1299 2556 1354 Etcum
2583 1303 2849 1370 ﬁniverint
2903 1305 3265 1357 testimonium
3296 1319 3467 1362 suum.
3492 1305 3582 1358 be-

2000 1392 2105 1443 stia
2137 1408 2256 1460 quia
2286 1396 2519 1448 ascendit
2544 1396 2606 1449 de
2641 1397 2851 1466 abysso,
2887 1397 3045 1466 faciet
3067 1398 3315 1450 adversus
3345 1414 3430 1450 eos
3468 1396 3580 1450 bet-

1998 1476 2129 1542 lum,
2153 1490 2201 1532 et
2235 1482 2400 1534 vincet
2430 1499 2538 1545 eos,
2571 1493 2619 1536 et
2657 1483 2856 1538 occidet
2885 1485 3039 1551 illos;
3067 1495 3116 1539 et
3149 1503 3368 1555 corpora
3394 1503 3579 1540 eorum

1989 1570 2244 1638 jacebunt
2278 1575 2328 1625 in
2351 1573 2526 1640 platea
2559 1577 2788 1629 civitatis
2831 1595 3054 1646 magum.
3084 1595 3198 1648 qua:
3231 1587 3449 1632 vocatur
3472 1580 3580 1646 spi-

2001 1663 2272 1718 ritualiter
2300 1665 2531 1720 Sodoma
2547 1676 2595 1721 et
2615 1667 2902 1738 Afgyplus,
2934 1670 3021 1722 ubi
3042 1678 3090 1723 et
3115 1670 3372 1724 Dominus
3394 1687 3573 1724 eorum

2005 1759 2296 1828 cruciﬁxus
2318 1769 2416 1815 est.

2073 2023 2438 2094 Posteaquam
2467 2025 2783 2094 impostoris
2833 2025 3079 2079 fraudem
3127 2008 3450 2091 detexerint,
3487 2026 3574 2082 in-

2002 2115 2156 2184 quit,
2213 2133 2442 2186 eamque
2498 2118 2672 2170 ιιιοιίίε
2724 2118 2982 2171 omnibus
3052 2119 3330 2172 vitandam
3397 2121 3575 2189 palam

2003 2207 2364 2270 ostenderint,
2396 2209 2588 2272 bestia,
2621 2225 2813 2278 nempe
2853 2210 3249 2274 Antichristus,
3280 2227 3344 2265 ex
3379 2213 3577 2266 obscur-

2001 2301 2078 2353 ris
2150 2299 2499 2370 humidisque
2549 2310 2706 2354 terrae
2763 2301 2918 2364 locis,
2975 2302 3271 2371 inquibus
3327 2304 3579 2358 diabolus

2001 2393 2206 2447 versari
2265 2395 2459 2448 solitus
2501 2403 2605 2451 est.
2653 2409 2928 2462 egressus,
2983 2397 3286 2450 secundum
3337 2397 3578 2451 divinam

1998 2486 2417 2554 permissionem
2456 2485 2746 2539 interticie:
2782 2488 2941 2551 illos;
2967 2488 3324 2558 ipsorumque
3349 2505 3578 2560 corpora

1995 2591 2094 2645 per
2127 2577 2332 2645 plateas
2378 2579 2575 2632 veteris
2607 2587 2658 2631 et
2681 2579 2794 2648 jam
2826 2595 3028 2634 eversa:
3079 2579 3487 2652 llierosolyttur.
3525 2582 3578 2634 in

1998 2685 2103 2738 qua
2133 2668 2385 2722 Christus
2419 2685 2643 2738 quoque
2697 2671 2960 2725 Dominus
3009 2682 3196 2726 noster
3240 2689 3437 2742 passus
3473 2681 3578 2738 est,

1999 2758 2141 2810 ultro
2176 2760 2428 2828 citroque
2474 2761 2674 2828 iactata
2729 2763 3003 2832 insepulta
3059 2765 3350 2833 relinquet.
3389 2762 3444 2817 In
3479 2765 3581 2818 hac

1995 2867 2232 2920 namque
2282 2852 2540 2916 civitate,
2593 2855 2658 2906 atl
2708 2855 3063 2908 imitationem
3118 2857 3370 2920 Datitlis,
3424 2858 3578 2926 regni

1997 2944 2204 3008 sedem,
2236 2956 2294 2997 ttt
2329 2946 2610 3014 probabile
2642 2949 2698 2998 lit
2723 2985 2738 3008 ,
2787 2947 3087 3000 constituet
3125 2967 3135 3000 :
3169 2949 3222 3001 in
3260 2949 3414 3014 cujus
3451 2964 3582 3018 quo-

1995 3051 2097 3103 que
2123 3036 2358 3090 conﬁnio
2391 3035 2550 3091 Jesus
2589 3037 2845 3092 Christus
2895 3039 3036 3093 Deus
3069 3049 3121 3092 et
3151 3039 3416 3094 Dominus
3469 3056 3574 3094 no-

1995 3137 2108 3182 ster
2167 3137 2328 3182 natus
2381 3137 2464 3184 est
2514 3131 2812 3184 secundum
2875 3146 3132 3196 carnem;
3197 3147 3306 3198 qtto
3363 3131 3443 3184 vel
3480 3132 3581 3186 hac

310 3223 717 3288 πεπτωκυῖαν,
753 3223 850 3278 καὶ
880 3223 953 3277 τὰ
985 3227 1478 3294 κατεστραμμένα
1505 3226 1696 3294 αὐτῆς
1723 3228 1888 3281 ἀνοι-

1997 3217 2208 3272 ratione
2256 3217 2410 3270 [idem
2457 3218 2619 3273 faciat
2662 3235 2720 3274 se
2748 3236 2934 3274 verum
2984 3236 3104 3274 esse
3133 3221 3437 3284 Christum,
3473 3222 3576 3274 itu-

311 3315 661 3386 κοόομήσω·
693 3317 830 3386 ὅπερ
858 3316 1202 3386 πλανώμενοι
1260 3318 1310 3369 οἱ
1353 3318 1620 3382 Ἰουδαῖοι,
1667 3319 1748 3383 είς
1791 3320 1890 3389 τὴν

312 3411 522 3464 ἐκείνου
550 3409 857 3482 παρουσίαν
893 3409 1023 3464 ἔκλα
1032 3409 1238 3480 μϐάνου
1247 3426 1317 3463 σι.

381 3587 490 3640 Kal
519 3586 870 3650 ,βλέπουσιν
901 3587 969 3640 ἐκ
999 3585 1115 3638 τῶν
1145 3587 1313 3640 λαῶν
1369 3586 1465 3640 καὶ
1514 3587 1746 3657 φυλῶν,
1793 3589 1891 3642 καί

308 3679 610 3749 γλωσσῶν
639 3680 736 3733 καὶ
778 3678 989 3745 ἐθνῶν,
1027 3678 1098 3733 τὰ
1137 3679 1418 3748 πτώματα
1444 3681 1642 3734 αὐτῶν
1669 3681 1891 3751 mitione

312 3772 472 3839 τρεῖς
502 3771 722 3840 ἧμισυ’
775 3771 872 3824 καὶ
937 3772 1008 3824 τὰ
1056 3770 1336 3840 πτώματα
1375 3770 1573 3825 αὐτῶν
1618 3775 1725 3826 οὐκ
1773 3774 1886 3842 ἀφ-

310 3861 538 3928 ήσουσι
570 3857 809 3927 τεθῆναι
856 3860 944 3924 εἱς
966 3858 1198 3929 μνῆμα.
1233 3861 1340 3914 Kal
1381 3863 1435 3913 οἱ
1460 3862 1884 3926 κατοικοῦντες

308 3951 406 4005 ἐπὶ
435 3951 546 4018 τῆς
568 3949 702 4020 τῆς,
739 3949 1106 4020 χαρήσονται
1126 3949 1218 4001 ἐπ’
1241 3949 1464 4014 αὐτοῖς,
1501 3950 1596 4003 καὶ
1632 3953 1890 4020 εὐφραν-

309 4042 625 4109 θήσονται,
692 4042 789 4096 καὶ
826 4041 983 4108 δῶρα
1043 4039 1354 4094 δώσουσιν
1410 4041 1748 4107 ἀλλήλοις·
1800 4046 1889 4098 ὅτι

309 4132 474 4192 οὗτοι
502 4138 555 4188 οἱ
577 4135 687 4188 δύο
720 4131 1016 4202 προφῆται
1068 4133 1444 4188 ἐϐασάνισαν
1499 4133 1640 4200 τοὺς
1697 4152 1890 4189 κατοι-

309 4228 572 4294 κοῦντας
597 4227 694 4280 ἐπὶ
723 4226 829 4294 τῆς
855 4225 989 4298 γῆς.

381 4322 484 4376 Kal
500 4320 700 4385 ,ϐλέπω
709 4334 848 4373 υσιν
863 4319 929 4372 ἐκ
947 4317 1064 4371 τῶν
1077 4319 1243 4372 λαῶν
1257 4317 1356 4371 καὶ
1372 4317 1584 4387 φυλῶν
1608 4335 1682 4372 κα
1698 4321 1891 4389 γλωσ-

307 4414 455 4470 σῶν.
485 4446 558 4456 -
591 4413 837 4478 Οἱᾶπαξ,
873 4413 1028 4483 φησι,
1062 4411 1597 4482 προκατειλημμένοι
1618 4413 1729 4474 τοῖς
1758 4410 1889 4480 ψευ-

308 4507 422 4560 δέσι
457 4507 552 4559 τοῦ
593 4503 961 4576 Ἀντιχρίστου
980 4503 1297 4572 τέρασι,καὶ
1316 4502 1375 4555 τὸ
1399 4501 1690 4570 θεοστυγὲς
1720 4501 1886 4555 αὑτοῦ

2001 3311 2263 3382 plcreque
2311 3313 2688 3380 prOpheticnm
2739 3313 2869 3366 illud
2906 3330 2920 3366 :
2957 3312 3282 3366 Instaurabo
3328 3316 3577 3366 taberna-

1999 3403 2177 3458 culum
2239 3403 2454 3456 Davidis
2511 3403 2807 3472 collapsum
2855 3404 2932 3469 '7;
2981 3403 3124 3472 quod
3167 3401 3576 3466 Jutltni,err0t‘e

1999 3496 2234 3564 decepti.
2269 3494 2336 3550 ad
2373 3496 2520 3549 illius
2550 3496 2844 3549 adventum
2875 3494 3240 3549 transferunt.

2071 3587 2163 3652 XI,
2201 3588 2254 3651 9.
2292 3588 2377 3642 l0.
2415 3586 2482 3640 Et
2527 3587 2772 3641 ridebunt
2801 3587 2864 3640 de
2899 3587 3160 3648 tribubus,
3191 3595 3240 3639 et
3268 3585 3498 3657 populis,
3525 3594 3577 3640 et

2002 3681 2215 3750 linguis,
2249 3689 2296 3732 et
2328 3679 2566 3747 gentibus
2602 3694 2824 3747 corpora
2866 3680 3096 3746 ipsorum
3119 3693 3210 3745 per
3244 3686 3347 3728 tres
3378 3676 3487 3728 dies
3527 3685 3576 3727 et

2000 3774 2310 3836 dimidium;
2339 3781 2384 3824 et
2410 3788 2629 3839 corpora
2661 3787 2839 3824 eorum
2877 3787 2980 3824 non
3012 3771 3184 3823 sinent
3227 3769 3348 3837 poni
3376 3769 3429 3820 in
3469 3784 3580 3819 mo-

2000 3867 2286 3920 numentis.
2331 3865 2398 3918 Et
2447 3865 2801 3918 inhabitantes
2853 3875 3046 3916 terram
3096 3860 3389 3930 gaudebunt
3424 3875 3578 3925 super

1998 3957 2128 4022 illis,
2157 3965 2204 4008 et
2228 3956 2690 4024 jucundabuntur,
2731 3964 2778 4007 et
2812 3971 3033 4007 munera
3072 3953 3277 4005 mittent
3319 3950 3532 4004 inricem
3557 3965 3575 4002 ξ

1997 4050 2242 4120 quoniam
2268 4049 2323 4100 lii
2345 4048 2448 4100 duo
2477 4050 2738 4118 propheta:
2760 4047 3129 4100 cruciaverunt
3147 4061 3231 4097 eos
3247 4047 3335 4113 qui
3365 4041 3578 4094 habita-

1999 4140 2122 4194 bant
2157 4155 2313 4210 super
2347 4149 2569 4194 terram.

2067 4313 2172 4380 Qui
2200 4313 2554 4368 mendacibus
2603 4313 2925 4368 Antichristi
2977 4311 3243 4383 prodigiis
3299 4326 3573 4380 praeoccu-

1996 4407 2128 4478 pati,
2166 4423 2362 4460 nomen
2396 4406 2543 4461 illius
2577 4408 2684 4461 Deo
2719 4423 2944 4462 exosum
2976 4407 3237 4461 cordibus
3265 4406 3377 4462 suis
3406 4405 3573 4459 semel

2000 4499 2419 4568 inscripserunt,
2454 4499 2666 4568 inquit:
2703 4499 2817 4553 sive
2848 4499 2923 4552 illi
2951 4515 3015 4552 ex
3046 4498 3152 4569 47
3185 4497 3387 4552 ,Ιιιιὶιιιίε
3413 4497 3577 4568 origi-

311 4601 482 4670 δνομα
505 4597 910 4662 ἀνεξαλείπτως
1072 4598 1192 4658 ταῖς
1219 4595 1468 4666 καρδίαις
1505 4594 1887 4667 ἐγγράψαντες

1998 4610 2118 4648 nem
2150 4593 2425 4653 duxerint,
2475 4592 2589 4645 sive
2627 4606 2690 4644 ex
2719 4590 2960 4658 gentium
3018 4591 3233 4644 natione
3282 4591 3569 4656 venerint;

311 4692 373 4744 ἐκ
402 4709 460 4744 τε
510 4689 806 4752 Ἰουδαίων,
855 4688 916 4740 ἔκ
945 4705 1003 4740 τε
1047 4686 1237 4753 ἐθνῶν,
1261 4687 1500 4754 ταφῆναι
1536 4687 1633 4756 μὲν
1667 4687 1735 4739 τὰ
1763 4686 1893 4755 ἅγια

315 4783 545 4852 σώματα
585 4781 923 4835 κωλύσουσιν
945 4795 959 4808 °
991 4780 1085 4830 ἐπὶ
1126 4778 1182 4832 δὲ
1216 4781 1282 4847 τῇ
1316 4778 1608 4848 ἀπαλλαγῇ
1641 4780 1752 4831 τῶν
1786 4797 1893 4848 μα-

318 4878 538 4944 στίγων,
569 4873 633 4934 ἃς
664 4873 756 4925 ἐπὶ
780 4873 1084 4942 ἐπιστροφῇ
1108 4871 1368 4941 ἔπασχον,
1395 4870 1892 4941 εὐφρανθήσονται·

322 4967 394 5037 μὴ
424 4963 770 5034 λογιζόμενοι
815 4964 920 5026 ὅτι,
983 4961 1058 5031 ὃν.
1092 4963 1277 5031 ἀγαπᾷ
1331 4961 1556 5032 Κύριος,
1611 4961 1892 5014 ιπαιδεὺειο

307 5057 593 5128 μαστιγοῖ
627 5055 694 5108 δὲ
742 5053 990 5127 [πάντα]
1040 5055 1174 5108 υἱὸν
1226 5053 1296 5108 ὃν
1321 5053 1753 5122 παραδέχεται·
1795 5055 1888 5107 καὶ

312 5148 368 5198 ἐν
409 5143 577 5214 κημῴ
611 5143 706 5195 καὶ
729 5140 933 5212 χαλινῷ
971 5141 1124 5208 ἅγξει
1150 5141 1277 5205 τοὺς
1312 5143 1386 5213 μὴ
1409 5141 1724 5209 ἐγγίζοντας
1755 5142 1888 5213 πρὸς

314 5237 505 5290 αὐτόν·
551 5237 697 5298 ὅπως
734 5233 838 5288 κάν
872 5234 932 5300 ἐξ
967 5234 1209 5305 ἀνάγκης
1232 5234 1369 5304 πρὸς
1392 5233 1489 5302 τὴν
1525 5232 1739 5286 εὐθεῖαν
1767 5233 1888 5285 ὁδὸν

313 5325 721 5398 ἐπιστρέψωσιν
743 5343 758 5357 ·
795 5322 863 5397 ἧς
897 5327 1273 5397 ἁπατηθέντες
1303 5325 1708 5396 ἐξετράπησαν.
1746 5324 1887 5378 Ἀλλ’

312 5419 455 5486 ἡμᾶς
480 5417 734 5488 εὔχεσθαι
766 5417 893 5488 χρὴ,
919 5416 1064 5470 οὕτω
1086 5417 1276 5487 Κυρίῳ
1305 5417 1564 5484 λέγοντας
1583 5439 1597 5448 ·
1647 5418 1896 5485 Ἀγαθὸν

312 5509 457 5577 ἡμῖν
482 5509 573 5562 ὅτι
603 5510 1010 5575 ἐταπείνωσας
1053 5507 1208 5577 ἡμᾶς
1233 5525 1245 5538 °
1275 5510 1308 5561 ὅ
1344 5525 1469 5575 πως
1500 5509 1576 5564 ἂν
1608 5510 1890 5578 μάθωμεν

309 5601 380 5652 τὰ
426 5599 788 5668 δικαιώματά
833 5616 970 5655 σου.
1010 5601 1411 5670 Ἐπίστρεψον
1471 5603 1649 5671 ἡμᾶς,
1684 5606 1716 5656 ὁ
1752 5603 1895 5671 Θεὸς,-

312 5689 426 5745 τῶν
454 5693 767 5760 σωτηρίων
791 5690 959 5760 ἡμῶν
979 5708 992 5721 ·
1015 5691 1133 5759 [καί
1155 5693 1552 5765 ἁπόστρεψον
1579 5696 1683 5748 τὸν
1705 5695 1896 5764 θυμόν

382 5873 426 5906 ³⁷
466 5875 637 5930 Amos
682 5889 758 5937 ιχ,
789 5873 875 5929 ll.
975 5873 1018 5906 ’⁸
1053 5871 1192 5929 llebr
1251 5887 1346 5937 xu,
1381 5871 1411 5927 6

1998 4686 2074 4739 illi
2111 4693 2299 4740 sancta
2331 4684 2419 4737 illa
2450 4698 2678 4754 corpora
2712 4683 2766 4736 in
2795 4691 3211 4736 monumentum
3242 4682 3443 4735 inlcch
3466 4699 3574 4736 non

1997 4778 2214 4844 sinent;
2253 4791 2464 4839 verum,
2508 4774 2652 4844 quod
2697 4790 2726 4827 a
2773 4772 3032 4842 ﬂagellis,
3086 4789 3207 4843 qua:
3243 4772 3309 4825 ad
3355 4773 3575 4826 illorum

1996 4870 2226 4923 salutem
2273 4878 2327 4922 et
2370 4866 2784 4921 conversionem
2832 4866 3164 4928 intulerant,
3216 4863 3482 4918 liberatos
3519 4879 3578 4918 se

1994 4961 2235 5026 videant,
2272 4961 2450 5014 lietqu
2498 4957 2809 5028 festumque
2837 4959 2979 5012 diem
3017 4969 3206 5030 agent;
3243 4958 3384 5012 haud
3417 4959 3571 5028 cogi-

1997 5062 2174 5108 tantes
2205 5067 2363 5121 (ιιιιιιιι
2409 5050 2669 5104 Dominus
2701 5060 2866 5115 amat,
2905 5066 3027 5105 eum
3058 5062 3111 5106 et
3141 5051 3410 5120 castigare
3431 5066 3570 5120 quo-

1995 5161 2102 5215 que
2155 5144 2330 5199 solere
2371 5161 2384 5210 ;
2425 5143 2660 5212 ﬂagellat
2730 5145 2869 5196 enim
2932 5160 3137 5198 onmem
3194 5143 3379 5212 lilium,
3425 5158 3576 5210 quem

1990 5238 2212 5307 suscipit
2247 5237 2312 5300 ’⁸,
2349 5251 2614 5305 camoque
2642 5244 2695 5289 et
2724 5236 2875 5290 freno
2912 5236 3127 5290 illorum
3165 5236 3411 5290 maxillas
3445 5251 3575 5288 con-

1994 5328 2282 5398 stringere,
2319 5327 2412 5397 qui
2438 5342 2496 5381 se
2519 5327 2584 5380 ad
2613 5327 2791 5396 ipsum
2843 5326 3147 5398 adjungere
3197 5334 3569 5391 cunctantur;

1996 5435 2104 5488 quo
2133 5419 2215 5473 vel
2258 5419 2585 5473 necessitate
2632 5418 2829 5481 coacti,
2864 5418 2929 5471 ad
2971 5417 3110 5472 viam
3145 5425 3371 5478 rectam,
3402 5431 3430 5469 a
3463 5431 3570 5482 qua

1994 5511 2203 5566 seducti
2263 5511 2622 5577 aberrarant,
2668 5510 2961 5580 aliquando
3023 5518 3382 5562 revertantur.
3455 5505 3567 5560 Nos

1993 5613 2174 5658 autem
2231 5619 2388 5657 orare
2432 5619 2532 5676 par
2580 5615 2664 5658 est
2702 5613 2754 5658 et
2783 5603 3006 5666 dicere;
3041 5600 3247 5653 Boium
3291 5608 3367 5653 est
3413 5599 3567 5666 mihi,

1995 5693 2239 5765 Domine,
2260 5696 2384 5766 quia
2409 5695 2704 5751 humiliain
2733 5711 2841 5762 me;
2864 5705 2918 5748 ut
2941 5693 3571 5764 discamjustiﬁcationcs
