4034 6572
399 438 508 506 315

1578 433 1899 495 ANDRE/E
1950 433 2474 497 CESARIENSIS

3567 427 3672 494 316

398 566 519 612 tuas
549 558 613 608 υ.
645 552 894 609 Converte
910 567 1026 614 nos,
1061 548 1197 604 Deus
1221 549 1477 602 salutaris
1509 557 1705 611 noster,
1737 557 1784 601 et
1816 557 1989 602 averte

2105 566 2208 604 του
2236 550 2340 620 ἀφ’
2370 547 2595 620 ἡμῶν]
2629 548 2731 603 ἵνα
2751 547 2838 618 μὴ
2874 531 3156 617 εἰσέλθῃς
3176 532 3268 614 είς
3298 547 3500 617 κρίσιν
3522 550 3675 617 μετά

397 650 535 701 iram
567 654 715 700 tuam
741 661 773 698 α
805 644 949 697 nobis
982 643 1051 697 ³⁸.
1082 640 1264 711 Neque
1295 642 1461 694 intres
1495 642 1546 694 in
1566 639 1836 710 judicium
1864 656 1983 694 cum

398 736 560 790 servis
610 734 717 787 tuis
744 773 760 800 ,
811 732 1034 786 Domine
1065 732 1131 785 ³⁸.
1160 730 1398 787 Judicati
1446 732 1593 785 enim
1617 732 1741 786 'abs
1772 738 1824 785 te
1845 771 1860 797 ,
1889 731 1983 801 qui

400 828 642 882 clemens
686 834 738 880 et
785 825 1057 895 benignus
1104 839 1186 891 es,
1237 824 1541 889 erudimur,
1590 840 1659 879 ne
1705 840 1829 879 cum
1883 824 1987 879 hoc

402 916 609 971 tnundo
653 916 1118 982 condemnemur;
1171 915 1264 971 sed
1299 931 1397 985 per
1428 917 1564 970 levia
1604 916 1851 986 quaedam
1888 916 1987 970 lla-

403 1006 541 1077 gella
578 1004 869 1073 admattiti,
898 1005 1298 1076 sempiternum
1325 1004 1631 1060 cruciatum
1663 1005 1983 1061 evadamus.

403 1101 677 1167 Quoniam
708 1100 860 1155 dives
892 1115 952 1155 es
992 1099 1044 1153 in
1082 1099 1553 1165 miserationibus,
1589 1098 1808 1155 Christe
1844 1098 1988 1155 Deus

403 1202 615 1249 noster.
638 1190 810 1259 Quem
843 1191 1076 1262 proinde
1104 1190 1259 1245 decet
1287 1189 1468 1245 omnis
1491 1189 1788 1260 gratiarum
1818 1188 1986 1255 actio,

402 1296 456 1339 et
487 1284 679 1354 gloria,
712 1293 767 1338 et
797 1285 998 1349 honor,
1035 1291 1091 1338 et
1119 1282 1386 1348 adoratio,
1440 1297 1547 1336 una
1581 1296 1706 1337 cum
1742 1280 1902 1337 Patre
1933 1290 1989 1337 et

402 1375 620 1431 vivillco
670 1384 971 1445 sanctoque
1021 1374 1255 1445 Spiritu,
1306 1390 1455 1431 nunc
1491 1382 1545 1431 et
1585 1390 1821 1446 semper,
1849 1383 1904 1431 et
1932 1375 1986 1430 in

403 1466 603 1523 saecula
636 1468 985 1524 sazculorum.
1013 1470 1207 1525 Amen.

750 1601 977 1659 CAPUT
1019 1603 1213 1671 XXXI,
1261 1604 1495 1662 SEIllIO
1530 1606 1625 1661 XI.

411 1730 479 1787 Ut
509 1734 614 1787 duo
655 1737 748 1789 isti
786 1735 880 1791 Dei
919 1738 1185 1811 propheta:
1227 1739 1293 1793 ab
1324 1740 1653 1797 Amic/crista
1696 1744 1985 1811 trucidati,

903 1809 1073 1863 denuo
1118 1814 1471 1866 surrexerint.

476 1942 572 2009 XI,
603 1945 689 2011 II,
726 1945 811 2000 ιε.
846 1945 912 2001 Et
939 1957 1056 2016 post
1079 1950 1189 2003 dies
1222 1959 1324 2002 tres
1353 1959 1402 2003 et
1432 1951 1735 2017 dimidium,
1756 1950 1989 2020 Spiritus

406 2034 527 2087 vita
551 2049 582 2085 α
619 2032 725 2087 Deo
766 2036 986 2089 intravit
1034 2038 1087 2090 in
1117 2054 1245 2103 eos;
1274 2050 1320 2093 ct
1354 2050 1611 2093 steterunt
1654 2057 1811 2110 super
1838 2042 1990 2111 pedes

404 2139 526 2176 suos
553 2138 571 2176 :
602 2132 650 2175 et
675 2125 834 2177 (imor
871 2142 1091 2197 magnus
1124 2131 1308 2183 cecidit
1342 2149 1499 2201 super
1520 2148 1606 2187 eos
1628 2135 1717 2203 qui
1746 2136 1989 2190 viderunt

404 2230 513 2267 eos.
547 2212 611 2266 Et
641 2216 957 2271 audiverunt
991 2235 1165 2274 vocem
1198 2240 1443 2294 magnam
1465 2240 1530 2279 ex
1554 2225 1703 2291 caelo,
1735 2228 1991 2283 dicentem

404 2308 477 2362 eis
522 2324 540 2362 :
583 2308 863 2364 Ascendite
912 2311 1033 2368 huc.
1088 2315 1158 2372 Et
1209 2320 1559 2374 ascenderunt
1599 2322 1653 2376 itt
1704 2322 1893 2376 caelum
1937 2324 1991 2377 in

406 2407 560 2458 nube.

481 2585 869 2660 Posteaquam,
903 2588 1099 2661 inquit,
1132 2598 1212 2645 tot
1240 2590 1358 2646 dies
1388 2591 1642 2647 exstincti
1673 2590 1989 2663 iacuerunt,

408 2689 545 2750 quot
584 2695 759 2737 annos
800 2681 1083 2738 vaticinati
1136 2682 1377 2749 fuerant,
1416 2682 1673 2739 nimirum
1728 2695 1836 2741 tres
1868 2700 1989 2739 cum

410 2773 664 2841 dimidio,
693 2774 875 2831 denuo
898 2785 1277 2842 surrexerunt,
1314 2774 1711 2847 Dominicoqne
1739 2776 1993 2832 vehiculo

411 2866 580 2937 (nube
605 2868 879 2940 videlicet)
932 2869 1206 2937 subvecti,
1245 2869 1312 2923 ad
1345 2869 1546 2923 caelum
1580 2870 1989 2936 ascenderunt;

409 2955 630 3011 timoris
652 2957 817 3013 simul
842 2968 897 3015 et
924 2960 1167 3031 stupmis
1199 2975 1368 3016 causa
1400 2960 1508 3016 illis
1537 2959 1714 3016 cIchti
1746 2960 1993 3031 quiante

409 3047 535 3104 illos
560 3048 831 3106 viderant.

482 3139 575 3206 XI,
604 3140 689 3207 12,
722 3144 789 3199 13
843 3143 909 3199 Et
958 3146 1195 3198 viderunt
1220 3145 1341 3199 illos
1370 3146 1577 3201 inimici
1603 3162 1806 3201 eorum.
1843 3145 1905 3200 Et
1938 3147 1993 3200 in

409 3229 508 3285 illa
543 3230 675 3286 Itora
706 3234 883 3303 factus
930 3246 1005 3290 est
1034 3248 1189 3291 terra:
1220 3247 1390 3291 ntotus
1423 3254 1682 3308 magnus;
1712 3247 1759 3292 et
1790 3238 1994 3291 decima

2087 639 2207 695 τῶν
2234 640 2473 695 δούλων
2500 656 2619 695 σου
2643 657 2657 673 ·
2683 640 2999 711 κρινόμενοι
3028 639 3138 710 γὰρ
3169 637 3275 692 ὑπὸ
3304 638 3398 691 σοῦ
3426 637 3522 691 τοῦ
3551 641 3672 708 φιλ-

2090 731 2381 804 ανθρώπου
2410 730 2761 805 [Δεσπότου,]
2793 731 3187 803 παιδευόμεθα,
3234 730 3323 785 ἴνα
3358 730 3433 802 μὴ
3464 731 3562 784 σὺν
3593 731 3670 801 τῷ

2089 824 2282 895 κόσμῳ
2334 823 2784 894 κατακριθῶμεν,
2834 822 2972 878 ἀλλά
3021 823 3087 877 δι’
3137 822 3337 893 ὀλίγων
3386 821 3673 894 μαστίγων

2089 914 2309 969 αἰώνιον
2340 913 2737 985 ὲκφευξὼμεθα
2767 913 2991 968 κόλασιν
3012 928 3024 942 ’
3055 914 3138 967 ὅτι
3193 912 3453 976 πλούσιος
3495 912 3676 984 ὕπαρ-

2090 1022 2208 1077 χεις
2256 1008 2315 1061 ὲν
2352 1006 2683 1078 οίκτιρμοῖς,
2718 1005 2926 1077 Χριστὲ
2970 1007 2999 1060 ό
3043 1006 3179 1070 Θεὸς
3212 1006 3394 1077 ήμῶν.
3426 1006 3539 1059 Kal
3588 1005 3674 1058 σοὶ

2090 1098 2292 1170 πρέπει
2315 1099 2468 1154 πᾶσα
2499 1097 2898 1171 [εὐχαριστία,]
2934 1098 3086 1166 δόξα,
3116 1099 3275 1170 τιμὴ,
3306 1098 3402 1155 καὶ
3424 1098 3670 1169 προσκύ-

2090 1210 2268 1265 νησις,
2310 1193 2427 1264 ἅμα
2454 1192 2532 1264 τῷ
2585 1194 2781 1263 Πατρὶ,
2814 1194 2910 1248 καὶ
2936 1192 3015 1265 τῷ
3055 1192 3308 1265 ζωοποιῷ
3355 1192 3665 1263 Πνεύματι,

2090 1287 2185 1343 νῦν
2240 1288 2333 1341 καὶ
2380 1287 2490 1352 ἀεὶ,
2553 1288 2647 1341 καὶ
2700 1288 2779 1353 είς
2846 1287 2975 1352 τοὺς
3014 1287 3221 1351 αίῶνας
3272 1286 3383 1342 τῶν
3434 1283 3673 1341 αἰώνων.

2101 1381 2158 1436 Ἀ
2169 1380 2301 1452 μήν.

2510 1604 2763 1661 ΚΕΦΑΔ.
2799 1603 2925 1660 AA'.
2957 1606 3178 1660 ΛΟΓΟΣ
3210 1606 3316 1660 IA'.

2093 1746 2285 1817 Ὅπως
2319 1743 2762 1817 ηὰναιρεθέντες
2805 1742 2927 1798 ὑπὸ
2951 1740 3100 1817 ’τοῦ-
3127 1699 3546 1817 ’ᾼντιγίρίστου
3595 1742 3675 1817 [οι

2134 1811 2441 1871 δύοοῦτοι
2466 1811 2575 1867 τοῦ
2600 1812 2750 1868 Θεοῦ
2774 1812 3100 1885 προφῆται]
3132 1811 3612 1879 ἀναστήσονται.

3473 1906 3601 1922 -ιιν-ση

2018 1937 2067 1997 Β
2168 1949 2275 2005 Kal
2290 1949 2440 2020 μετὰ
2477 1948 2586 2015 τὰς
2616 1946 2775 2016 τρεῖς
2806 1946 2903 2000 καί
2935 1946 3127 2016 ἥμισυ
3154 1946 3401 2017 ἡμέρας,
3432 1912 3679 2020 ῘΙῖὲῐμα

2101 2041 2248 2110 ζωῆς
2271 2042 2339 2096 ἐκ
2362 2040 2467 2096 τοῦ
2501 2037 2650 2095 Θεοῦ
2679 2037 2969 2107 εἰσῆλθεν
2997 2040 3085 2105 είς
3109 2040 3359 2105 αὐτούς·
3379 2040 3477 2094 καί
3497 2040 3678 2109 ἕστη-

2100 2122 2350 2188 σαννέπί
2407 2130 2552 2198 τοὺς
2593 2131 2785 2197 πόδας
2826 2128 3028 2184 αὐτῶν
3052 2147 3067 2161 ·
3125 2129 3225 2185 καί
3265 2130 3451 2199 φόϐος
3496 2130 3680 2187 ἔπεσε

2094 2224 2283 2295 μέγας
2310 2222 2408 2278 ἐπὶ
2443 2223 2584 2285 τοὺς
2628 2219 2999 2291 θεωροῦντας
3031 2222 3274 2288 αὐτούς.
3310 2220 3419 2275 Kal
3443 2220 3687 2289 ἥκουσα

2098 2316 2307 2389 φωνῆς
2332 2316 2602 2388 μεγάλης
2654 2316 2724 2370 ἐκ
2765 2314 2871 2369 τοῦ
2917 2314 3181 2383 οὐρανοῦ
3217 2314 3525 2383 λεγούσης
3572 2316 3679 2370 αὺι

2100 2411 2226 2478 τοῖς
2245 2428 2258 2441 ·
2312 2409 2589 2479 Ἀνὰὄητε
2610 2405 2727 2463 ὧδε
2748 2424 2760 2437 ·
2792 2406 2892 2462 καί
2919 2407 3229 2476 ἀνέδησαν
3252 2409 3342 2474 εις
3362 2406 3471 2461 τὸν
3503 2408 3683 2476 οὐρα-

2099 2504 2211 2558 νόν
2233 2503 2303 2555 ἐν
2329 2498 2449 2575 [τῇ]
2476 2500 2721 2571 νεφέλῃ.

2182 2593 2529 2664 ’ἰσαρίθμους
2560 2592 2780 2663 ἡμέρας
2805 2593 2919 2655 τοῖς
2944 2591 3092 2645 ἔτεσι
3117 2592 3217 2663 τῆς
3252 2588 3433 2646 αὐτῶν
3463 2608 3681 2663 προφη-

2100 2686 2274 2749 τείας,
2337 2686 2491 2756 φησὶ,
2540 2682 2927 2755 νεκρωθέντες,
2992 2681 3204 2755 [πάλιν]
3259 2683 3681 2754 ἀναστήσονται,

2100 2778 2197 2829 καὶ¹
2268 2777 2348 2839 είς
2397 2774 2625 2844 οὐρανὸν
2689 2772 2792 2846 [ὲν]
2840 2773 2920 2841 τῷ
2972 2772 3290 2843 Δεσποτικῷ
3322 2772 3563 2843 ὀχήματι
3614 2774 3683 2842 τῇ

2100 2870 2298 2942 νεφέλῃ
2358 2868 2777 2935 ἀνελεύσονται,
2839 2865 3006 2936 φόϐος
3053 2866 3148 2920 καὶ
3200 2864 3540 2936 κατάπληξις
3570 2866 3684 2929 τοῖς

2101 2964 2272 3037 ὁρῶσι
2305 2963 2604 3034 γινόμενοι.
3478 2970 3481 2973 ·

2174 3146 2283 3201 Kal
2314 3143 2660 3213 ἐθεώρησαν
2691 3141 2914 3209 αὐτοὺς
2944 3144 2997 3197 οἱ
3045 3140 3245 3211 ἐχθροί
3300 3137 3520 3194 αὐτῶν.
3574 3136 3687 3192 Kal

2106 3236 2218 3313 [ἐν]
2271 3238 2473 3305 ἐκείνῃ
2515 3236 2589 3303 τῇ
2624 3234 2815 3305 ἡμέρᾳ
2865 3233 3104 3303 ἐγένετο
3166 3232 3422 3303 σεισμὸς
3461 3230 3682 3302 μέγας·

409 3340 537 3393 pars
567 3324 802 3379 civitatis
855 3327 1081 3392 cecidit;
1107 3339 1157 3382 et
1205 3330 1376 3383 occisa
1405 3339 1527 3384 sunt
1568 3331 1622 3384 in
1668 3340 1823 3385 terra:
1853 3340 1993 3385 motu

2105 3328 2202 3383 καί
2244 3328 2309 3382 τὸ
2335 3328 2591 3383 δέκατον
2618 3326 2726 3394 τῆς
2764 3326 2995 3393 πόλεως
3014 3325 3199 3379 ἔπεσε
3219 3340 3233 3353 ⁸
3268 3323 3368 3378 καί
3388 3322 3685 3379 ἀπεκτάν-

413 3414 630 3469 nomina
664 3416 936 3469 hominum
967 3428 1161 3487 septem
1188 3419 1379 3473 millia.

484 3587 681 3646 Isthmo
714 3590 902 3647 forsan
937 3592 1124 3648 scnsili
1162 3592 1324 3648 modo
1352 3593 1644 3663 evenient;
1688 3594 1997 3651 sublimiori

415 3694 599 3737 autem
651 3699 821 3740 sensu
868 3701 966 3756 per
1012 3696 1169 3740 teme
1219 3696 1443 3751 motum,
1486 3703 1670 3743 rerum
1713 3688 1998 3743 mobiliutu

413 3784 578 3846 atque
610 3776 881 3833 llttxarum
904 3779 970 3833 ad
995 3778 1331 3834 stabiliorem
1358 3779 1767 3851 ﬁrmioremque
1794 3790 1998 3837 statum

415 3868 704 3925 translatio
742 3869 1086 3941 designatur.
1114 3866 1277 3937 'Quod
1316 3882 1499 3927 autem
1532 3872 1600 3928 tle
1625 3872 1830 3927 decima
1869 3873 1999 3928 civi-

416 3962 545 4016 tatis
581 3974 733 4031 parte
785 3963 1122 4034 ejusdemque
1170 3966 1331 4018 ruina
1382 3964 1471 4020 ltic
1515 3966 1738 4029 dicitur,
1788 3966 1891 4021 hoc
1930 3966 1999 4022 ad

417 4053 723 4125 impietatis
750 4070 939 4111 casum
970 4055 1321 4111 referendum
1362 4057 1615 4114 videtur:
1651 4060 1851 4130 quippe
1877 4075 2000 4130 qua:

415 4161 518 4204 nec
542 4147 944 4216 admonitione,
973 4164 1153 4219 neque
1168 4160 1485 4205 sanctorum
1503 4150 1568 4205 ad
1587 4151 1786 4208 cmlum
1817 4163 1995 4224 raptu,

414 4238 485 4294 ad
528 4224 717 4295 sanam
759 4249 997 4295 mentem
1040 4239 1222 4297 redire
1268 4241 1515 4296 animum
1569 4243 1868 4315 aliquando
1912 4244 1999 4297 in-

415 4331 666 4398 duxerit;
701 4348 824 4388 cum
850 4333 1031 4388 caeteri
1060 4343 1267 4396 tamen,
1301 4341 1358 4387 ut
1379 4335 1544 4404 paulo
1576 4343 1697 4405 post
1729 4334 1997 4403 iuttuitur,

414 4423 526 4479 huc
576 4423 861 4480 redierint.
895 4423 1105 4497 Septem
1152 4425 1388 4495 denique
1436 4425 1610 4479 millia
1660 4427 1856 4491 occisa,
1904 4441 1999 4481 eos

417 4516 729 4587 signitlcare
797 4519 1153 4585 arbitramur,
1203 4518 1297 4588 qui
1333 4518 1386 4572 in
1420 4516 1651 4587 septima
1717 4516 2000 4586 praesentis

413 4612 541 4666 vitae
568 4619 727 4667 aztate
761 4612 1231 4682 obtorpescentes,
1263 4609 1329 4664 ad
1359 4618 1607 4663 octavam
1638 4609 1999 4663 resurrectio-

417 4706 504 4760 nis
535 4721 645 4760 non
685 4704 976 4772 anhelant;
1009 4720 1148 4774 quos
1179 4702 1410 4775 proinde
1440 4712 1661 4755 mortem
1683 4702 1995 4768 secundam,

418 4799 524 4854 Itoc
553 4807 638 4855 est
666 4809 934 4854 aeternum
981 4798 1245 4869 gehennae
1284 4794 1635 4865 supplicium,
1678 4795 1867 4849 subire
1909 4810 2003 4850 tte-

418 4908 635 4948 cessum
675 4901 778 4948 est.
814 4894 923 4947 Aut
954 4902 1158 4962 septem
1188 4890 1358 4944 millia
1390 4890 1513 4943 illos
1544 4888 1685 4945 forte
1715 4890 2002 4956 denotant,

417 4986 511 5057 qui
541 5002 605 5043 ex
635 4986 842 5042 Iudaeis
871 4984 1211 5040 Anticltristo
1237 4982 1607 5037 crediderant.
1684 5052 1687 5055 γ

485 5080 599 5153 48
626 5079 722 5144 XI,
755 5080 843 5146 I5,
876 5079 961 5132 14.
998 5076 1068 5131 Et
1100 5075 1293 5146 reliqui
1324 5076 1379 5127 in
1404 5075 1647 5128 timorem
1676 5082 1801 5128 sunt
1832 5074 2000 5139 missi,

416 5184 466 5230 et
495 5174 755 5229 dederunt
781 5172 1009 5243 gloriam
1043 5168 1152 5223 Deo
1182 5167 1317 5221 caeli.
1358 5166 1441 5222 γω
1466 5166 1754 5221 secundum
1777 5167 1933 5230 abiit,
1954 5176 2004 5222 et

416 5285 534 5324 ecce
571 5284 648 5323 va:
683 5268 896 5321 tertium
925 5265 1092 5318 veniet
1122 5264 1249 5317 cito.

492 5360 808 5417 lnlidelibus
857 5356 1033 5423 caesis,
1081 5355 1401 5426 Christique
1445 5348 1782 5425 martyribus
1824 5353 1997 5425 gloria

419 5455 670 5517 donatis,
729 5458 1000 5523 quotquot
1055 5448 1233 5505 salute
1287 5464 1392 5502 non
1474 5447 1678 5518 indigni
1734 5446 1999 5518 comperti

421 5560 572 5611 sunt,
626 5542 824 5611 inquit,
865 5556 1057 5595 omnes
1090 5541 1257 5595 Deum
1296 5538 1551 5594 laudibus
1589 5540 1909 5593 extulerunt
1946 5546 2004 5591 et

421 5638 817 5709 gloriﬁcat-unt.
858 5633 989 5690 Post
1019 5634 1129 5690 duo
1173 5642 1357 5688 autem
1410 5649 1507 5698 ναι,
1560 5633 1778 5689 tertium
1828 5630 1997 5698 venit,

421 5744 521 5802 per
546 5730 834 5801 septimam
868 5731 1052 5787 tubam
1084 5732 1492 5788 adumbratam.

2102 3427 2301 3491 θησαν
2331 3421 2401 3475 ἐν
2423 3418 2504 3487 τῷ
2532 3419 2766 3490 σεισμῷ
2793 3420 3055 3489 ὀνόματα
3074 3418 3403 3487 ἀνθρώπων
3418 3414 3689 3486 χιλιάδες

2101 3515 2274 3573 ἑπτά.

2170 3606 2283 3661 Καὶ
2315 3607 2375 3660 έν
2416 3604 2603 3677 ἐκείνῃ
2634 3605 2701 3675 τῇ
2732 3592 2921 3674 ἡμέρα
2963 3602 3188 3673 σεισμὸς
3226 3601 3399 3672 μέγας
3447 3599 3689 3669 εγένετο.

2110 3700 2274 3763 Ἴσως
2303 3698 2404 3770 μιν
2425 3695 2818 3768 καὶαίσθητῶς
2846 3693 3014 3768 [τότε]
3040 3694 3212 3749 ταῦτα
3240 3695 3690 3765 γενήσεταιονοη-

2101 3793 2211 3856 τῶς
2243 3792 2301 3846 δὲ
2334 3791 2425 3847 τὸν
2451 3789 2735 3859 σεισμὸν,
2768 3787 2869 3857 τὴν
2895 3786 3008 3841 τῶν
3044 3784 3426 3857 σαλευομένων
3461 3785 3693 3856 μετάθε-

2104 3903 2188 3938 σιν
2217 3884 2311 3938 tul.
2338 3883 2399 3937 τὸ
2426 3879 2690 3953 σταθερὸν
2720 3880 2821 3935 καὶ
2864 3878 3084 3950 βέϐαιον
3132 3875 3329 3949 δηλοῦν
3369 3878 3685 3949 νομίζομεν.

2106 3976 2181 4031 Τὸ
2204 3975 2458 4030 δέκατον
2489 3973 2559 4027 δὲ
2590 3972 2702 4041 τῆς
2751 3975 2987 4039 πόλεως
3032 3972 3298 4036 πίπτειν,
3338 3972 3400 4025 τὸ
3423 3972 3522 4042 τῆς
3560 3972 3691 4025 ἀσε-

2103 4068 2258 4132 σείας
2289 4066 2516 4138 πτῶμα,
2544 4066 2684 4136 μήτε
2712 4066 2778 4136 τῇ
2820 4063 3050 4117 ἐκείνων
3086 4063 3310 4134 ἁρπαγῇ
3354 4062 3689 4134 σωφρονιζό-

2107 4176 2290 4231 μενον,
2322 4158 2399 4221 ὡς
2441 4155 2551 4210 τῶν
2588 4153 2794 4209 λοιπῶν
2837 4152 3258 4226 σωθησομένων.
3281 4156 3351 4208 Al
3376 4152 3485 4222 γὰρ
3538 4152 3691 4206 ἑπτὰ

2103 4250 2375 4321 χιλιάδες
2422 4249 2872 4319 ἁναιρούμεναι,
2920 4247 3047 4310 τοὺς
3094 4244 3171 4316 τῷ
3222 4243 3563 4314 ἑὸδοματικῷ
3595 4242 3690 4296 τοῦ

2104 4343 2375 4415 παρόντος
2413 4341 2539 4411 βίου
2567 4339 2743 4411 χρόνῳ
2770 4338 3233 4411 προστετηκότας,
3252 4336 3350 4389 καὶ
3368 4334 3466 4407 τὴν
3496 4335 3691 4406 ὀγδόην

2104 4436 2203 4505 τῆς
2238 4432 2593 4496 ἀναστάσεως
2626 4431 2701 4503 μὴ
2730 4430 3123 4503 ἁναμένοντας,
3144 4428 3436 4500 σημαίνειν
3469 4430 3691 4499 φαίνον-

2102 4542 2195 4578 ται
2219 4541 2233 4556 ·
2268 4523 2361 4588 οὓς
2394 4524 2488 4577 καὶ
2511 4522 2924 4591 ἀποκτανθῆναι
2951 4523 3267 4589 ἐπάναγκες
3292 4521 3384 4574 τὸν
3412 4521 3470 4572 ὲν
3497 4520 3693 4592 γεέννῃ

2106 4617 2389 4684 δεύτερον
2426 4616 2705 4681 θάνατον,
2737 4615 2902 4690 [ἦτοι]
2938 4616 3039 4687 τὴν
3080 4612 3300 4668 αἰώνιον
3340 4612 3585 4667 κόλασιν.
3622 4614 3692 4666 Ἠ

2105 4709 2267 4780 τυχὸν
2315 4708 2546 4773 ἑπτάκις
2600 4709 2761 4780 χίλιοι
2797 4709 3014 4763 ἔσονται
3076 4709 3125 4761 οἱ
3178 4705 3239 4772 ἐξ
3289 4704 3559 4760 Ἰουδαίων
3618 4705 3695 4777 τῷ

2116 4804 2473 4875 Ἀντιχρίστῳ
2497 4805 2834 4876 πειθόμενοι.

2178 5070 2285 5126 Kal
2315 5072 2370 5126 οι
2418 5071 2621 5126 λοιποί
2650 5070 2896 5140 ἔμφοϐοι
2946 5068 3227 5140 ἐγένοντο
3251 5084 3265 5100 ⁸
3318 5067 3415 5123 καί
3462 5066 3696 5121 ἔδωκαν

2108 5166 2303 5231 δόξαν
2341 5165 2422 5232 τῷ
2452 5163 2575 5230 Θεῷ
2605 5162 2713 5218 τοῦ
2760 5163 3044 5233 οὐρανοῦ.
3100 5163 3162 5217 Ἡ
3206 5162 3341 5217 οὐαί
3379 5162 3417 5229 ἠ
3443 5159 3696 5228 δευτέρα

2108 5259 2410 5329 ἀπῆλθεν·
2447 5260 2485 5329 ἠ
2515 5257 2649 5313 οὐαί
2679 5258 2716 5326 ή
2748 5257 2911 5326 τρίτη
2942 5257 3074 5311 ίδοὺ
3106 5257 3339 5325 ἔρχεται
3374 5254 3548 5324 ταχύ.

2179 5358 2290 5410 Καὶ
2332 5357 2546 5411 ἔδωκαν
2596 5356 2757 5423 δόξαν
2804 5356 2883 5427 τῷ
2907 5356 3026 5427 Θεῷ
3056 5374 3069 5387 ο
3109 5354 3531 5427 μαστιζομένων
3581 5353 3692 5406 τῶν

2105 5447 2374 5515 ἀπίστων,
2407 5448 2503 5502 καὶ
2531 5447 2907 5518 δοξαζομένων
2934 5447 3045 5501 τῶν
3092 5445 3393 5519 μαρτύρων
3417 5446 3511 5501 τοῦ
3557 5447 3691 5516 Χρι-

2101 5539 2252 5603 στοῦ,
2279 5542 2329 5594 οί
2353 5541 2514 5608 ἄξιοι,
2552 5541 2708 5612 φησι,
2741 5540 2841 5612 τῆς
2890 5540 3186 5611 σωτηρίας,
3215 5540 3307 5595 τὸν
3351 5539 3487 5593 Θεὸν
3537 5536 3694 5603 δοξά-

2110 5636 2286 5699 ζουσι.
2311 5636 2466 5692 Μετὰ
2487 5636 2544 5689 δὲ.
2574 5636 2670 5699 τὰς
2692 5634 2802 5702 δύο,
2826 5637 2992 5705 φησὶν
3011 5676 3026 5698 ,
3048 5632 3215 5701 Οὐαί,
3251 5634 3289 5704 ἠ
3336 5633 3501 5704 τρίτη
3529 5630 3697 5702 ἔρχεο-

2108 5748 2201 5785 ται
2232 5733 2265 5803 ἡ
2304 5730 2391 5784 διὰ
2435 5730 2532 5802 τῆς
2558 5730 2794 5801 ἑϐδόμης
2835 5729 3158 5799 σάλπιγγος.

498 5912 544 5946 ”
569 5910 711 5971 Psal.
742 5926 933 5983 CW",
960 5914 1047 5972 7!.
1131 5915 1175 5947 ³ο
1206 5912 1348 5972 Psal.
1381 5926 1601 5979 Luxtv,
1637 5912 1688 5968 5.
1768 5910 1807 5943 ³¹
1839 5907 1985 5965 Psal.
2025 5924 2190 5977 cxut,
2213 5908 2267 5966 2.
