4040 6578
354 486 451 559 317

933 600 1182 655 ΚΕΦΑΛ.
1208 598 1330 656 ΛΒ’.

349 712 486 786 Περι
508 710 900 786 animum.
918 710 1281 786 σά-ἒπρτηοςν
1304 708 1402 786 ἰρὲ
1428 707 1546 786 τῶν
1572 710 1927 786 ὑμνούντων

467 778 578 837 τὸν
605 781 756 837 Θεὸν
776 778 978 851 ’ἁγίων
1004 779 1103 833 ἐπὶ
1130 778 1208 848 τῇ
1242 779 1561 848 μελλούσῃ
1599 781 1817 847 κρίσει.

420 892 529 947 Καὶ
552 895 585 947 ὁ
615 890 864 960 ἕϐδομος
885 887 1140 958 ἄγγελος
1168 887 1502 942 ἐσάλπισε·
1529 885 1625 940 καὶ
1645 886 1925 954 ἐγένοντο

347 984 538 1055 φωναὶ
560 983 816 1052 μεγάλαι
831 982 901 1036 ἐν
926 980 1007 1045 τῷ
1027 978 1281 1048 οὐρανῷ,
1298 978 1590 1048 λέγουσαι
1612 996 1626 1011 ·
1655 976 1925 1047 Ἐγένετο

345 1077 387 1145 ἡ
412 1074 703 1139 ,βασιλεία
737 1072 843 1127 τοῦ
884 1072 1139 1140 κόσμου,
1178 1069 1283 1125 τοῦ
1333 1068 1555 1138 Κυρίου
1591 1066 1779 1138 ἡμῶν,
1824 1070 1922 1123 καὶ

346 1166 454 1221 τοῦ
508 1165 764 1234 Χριστοῦ
820 1165 1005 1219 αὑτοῦ
1027 1177 1041 1192 ⁸
1083 1161 1183 1215 καί
1236 1161 1598 1226 βασιλεύσει
1641 1160 1728 1226 εὶς
1780 1158 1924 1226 τοὺς

354 1257 582 1325 αἰῶνας
608 1255 727 1312 τῶν
754 1256 986 1310 αίώνων
1005 1272 1021 1288 ·
1046 1255 1143 1309 καί
1169 1258 1223 1310 οί
1253 1255 1745 1323 εἰκοσιτέσσαρες
1786 1269 1925 1321 πρε-

353 1353 639 1419 σϐύτεροι
668 1352 722 1404 οί
739 1347 997 1403 ἐνώπιον
1021 1347 1128 1402 τοῦ
1161 1346 1310 1401 Θεοῦ
1329 1345 1651 1415 καθήμενοι
1677 1345 1776 1401 ἐπὶ
1803 1346 1924 1400 τῶν

346 1443 579 1510 θρόνων
610 1439 828 1505 αὐτῶν,
881 1439 1114 1493 ἔπεσαν
1134 1437 1233 1492 ἐπὶ
1274 1437 1346 1491 τὰ
1388 1436 1682 1505 πρόσωπα
1724 1436 1924 1491 αὐτῶν

345 1531 449 1586 καί
484 1531 954 1599 προσεκύνησαν
989 1528 1071 1595 τῷ
1107 1527 1247 1594 Θεῷ,
1299 1526 1585 1596 λέγοντες
1608 1543 1622 1558 ’
1674 1530 1925 1597 Εὐχαρι-

345 1622 617 1693 στοῦμέν
650 1637 771 1688 σοι,
806 1623 982 1691 Κύριε
1032 1624 1065 1676 ό
1100 1623 1245 1687 Θεὸς
1276 1617 1491 1692 [ἡμῶν]
1525 1623 1557 1674 ὁ
1591 1619 1924 1688 παντοκρά-

344 1730 485 1782 τωρ,
519 1715 553 1767 ό
573 1710 657 1765 ὢν
676 1711 774 1766 καί
800 1713 833 1766 ὸ
861 1707 941 1782 ἦν
963 1709 1085 1783 [καὶ
1116 1713 1149 1764 ὁ
1163 1709 1532 1782 ἐρχόμενος,]
1555 1709 1645 1763 ὅτι
1665 1711 1924 1780 εἴληφας

345 1804 467 1873 τὴν
485 1805 744 1874 δύναμιν
764 1820 881 1860 σου
898 1804 1013 1873 τὴν
1031 1802 1304 1874 μεγάλην
1320 1820 1333 1833 ·
1358 1802 1458 1857 καί
1480 1803 1887 1873 ἐϐασίλευσας
1904 1822 1919 1836 ο

345 1897 448 1952 καὶ
480 1897 552 1951 τὰ
576 1897 723 1965 ἔθνη
755 1897 1161 1966 ὠργίσθησαν.

412 1962 720 2043 Κάνταῦθα
750 1962 913 2042 πάλιν
944 1962 1087 2060 [καὶ]
1128 1988 1256 2052 τοὺς
1288 1987 1479 2056 ἁγίους
1517 1990 1787 2059 ἀγγέλους
1829 1990 1925 2044 καὶ
1954 1962 1997 2016 Β

338 2082 472 2145 τοὺς
507 2080 817 2149 ἀγγελικῶς
851 2080 1342 2150 πολιτευσαμένους
1403 2082 1758 2154 εὐχαριστίαν
1786 2084 1922 2137 ἀνα-

341 2174 588 2244 πέμπειν
620 2171 697 2244 τῷ
744 2172 863 2243 Θεῷ
892 2189 1058 2244 φησιν
1078 2187 1093 2204 '
1149 2174 1234 2227 ὅτι
1276 2175 1343 2246 ἥν
1375 2173 1435 2241 ἐξ
1482 2174 1657 2245 ἀρχῆς
1686 2174 1761 2239 ὡς
1790 2174 1924 2239 Θεὸς

344 2264 631 2336 βασιλείαν
667 2259 951 2334 ἐκέκτητο,
1006 2264 1192 2320 λαϐεῖν
1231 2266 1299 2320 δι’
1324 2268 1472 2337 ἡμᾶς
1516 2266 1593 2330 ὼς
1635 2266 1924 2337 ἄνθρωπος

341 2356 585 2426 ἠξίωσεο
617 2358 733 2419 τοῖς
777 2356 835 2410 δὲ
873 2356 1127 2422 ἀπίστοις
1155 2356 1364 2413 ἔθνεσιν
1406 2359 1501 2412 ἐπὶ
1546 2359 1724 2431 τούτῳ
1766 2359 1921 2431 ὀργι-

343 2448 553 2503 σθεῖσιν
594 2448 744 2503 ὡσάν
777 2450 1076 2521 προσφάτῳ
1116 2452 1211 2505 καὶ
1242 2450 1370 2523 ξένῃ
1414 2451 1604 2523 διδαχῇ
1641 2453 1920 2525 μακροθυ-

343 2541 558 2612 μήσας,
590 2540 684 2594 ἐπὶ
710 2540 854 2595 τέλει
882 2542 983 2613 τὴν
1009 2541 1167 2613 δίκην
1208 2544 1475 2613 ἐπήγαγε.
1515 2543 1606 2597 Διό
1632 2559 1785 2616 φησι·
1809 2547 1919 2601 Kal

338 2627 531 2703 ἦλθεν
553 2633 593 2701 ἡ
614 2632 759 2704 ὀργή
779 2646 918 2700 σου,
946 2633 1045 2687 καί
1064 2635 1095 2687 ὸ
1120 2635 1326 2703 καιρὸς
1361 2633 1481 2689 τῶν
1510 2633 1763 2704 νεκρῶν.

1306 489 1909 554 υΟΜΜΕΝΤΑΡιΙΗΒ
1949 491 2030 553 IN
2074 491 2605 555 APOCALYPSIN.

1955 607 2002 662 A

2573 492 2605 555 ί.
3499 487 3606 562 318

2573 597 2800 654 CAPUT
2844 598 3056 654 χχχιι.

2031 712 2107 766 De
2141 712 2364 782 septima
2410 710 2559 775 tuba,
2597 720 2646 763 et
2674 712 2871 764 sanctis
2912 712 3003 779 qui
3045 710 3213 766 Deum
3256 712 3319 766 ob
3364 712 3604 782 futurum

2511 799 2779 869 judicium
2812 799 3099 855 celebrant.

2097 914 2190 979 XI,
2230 914 2420 970 15-18.
2469 912 2534 967 Et
2578 912 2830 981 septimus
2874 912 3094 981 angelus
3133 913 3260 968 tuba
3298 915 3515 981 cecinit,
3552 924 3602 969 et

2028 1010 2185 1078 factm
2219 1018 2341 1063 sunt
2377 1023 2522 1063 voces
2554 1023 2761 1077 magum
2790 1008 2845 1058 in
2878 1004 3028 1069 rtelo,
3064 1007 3295 1060 dicentes
3324 1022 3344 1061 :
3373 1005 3601 1061 Factum

2025 1110 2103 1156 est
2152 1116 2371 1171 regnum
2418 1096 2578 1168 hujus
2627 1098 2811 1151 mundi
2855 1097 3071 1151 Domini
3109 1099 3280 1151 nostri
3318 1108 3369 1152 et
3402 1098 3605 1152 Christi

2023 1192 2160 1262 ejus,
2211 1200 2261 1246 et
2292 1191 2528 1261 regnabit
2572 1191 2623 1242 in
2660 1188 2859 1243 stecula
2907 1188 3220 1242 surculorum
3256 1204 3275 1242 :
3307 1187 3491 1241 Amen.
3535 1186 3602 1241 Et

2023 1283 2211 1352 uiginti
2240 1291 2472 1352 quatuor
2499 1281 2754 1344 seniores,
2787 1281 2878 1349 qui
2908 1282 2961 1333 in
2984 1289 3261 1347 conspectu
3300 1278 3396 1333 Dei
3419 1279 3601 1334 sedent

2024 1376 2078 1429 in
2107 1374 2320 1429 sedibus
2348 1375 2481 1435 suis,
2507 1374 2803 1427 ceciderunt
2824 1374 2877 1426 in
2909 1374 3069 1441 facies
3096 1389 3245 1436 suas,
3272 1385 3321 1429 et
3344 1374 3605 1427 adorave-

2025 1476 2145 1520 runt
2176 1466 2367 1531 Deum,
2402 1467 2633 1519 dicentes
2668 1482 2686 1519 :
2718 1464 2935 1519 Gratias
2965 1467 3171 1535 agimus
3201 1466 3318 1532 tibi,
3359 1464 3600 1529 Domine,

2025 1557 2169 1613 Deus
2200 1559 2555 1629 omnipotens,
2586 1558 2676 1629 qui
2699 1574 2773 1622 es,
2802 1566 2850 1612 et
2884 1558 2975 1627 qui
2999 1574 3118 1611 eras
3144 1566 3191 1611 et
3218 1558 3309 1628 qui
3352 1566 3602 1611 venturus

2024 1652 2271 1719 es:quia
2316 1649 2564 1718 accepisti
2612 1649 2866 1701 virtutem
2914 1657 3059 1701 tuam
3109 1663 3394 1718 magnam,
3435 1654 3487 1701 et
3521 1662 3602 1700 re-

2025 1739 2221 1808 gnasti.
2259 1736 2325 1790 Et
2360 1738 2515 1791 irata:
2545 1746 2668 1790 sunt
2702 1744 2894 1806 gentes.

2099 2006 2199 2062 llic
2233 2022 2452 2062 rursum
2500 2007 2659 2062 docet
2692 2017 2916 2064 sanctos
2961 2008 3232 2078 angelos,
3258 2016 3314 2063 et
3345 2009 3603 2066 homines

2027 2099 2119 2168 qui
2156 2098 2460 2166 angelicam
2492 2099 2657 2153 vitam
2690 2098 2919 2162 ducunt,
2954 2114 3059 2152 una
3093 2100 3248 2168 quasi
3280 2115 3408 2155 voce
3435 2109 3602 2170 atque

2025 2205 2295 2245 consensu
2328 2190 2494 2244 Deum
2538 2189 2781 2255 laudare,
2816 2190 3154 2260 gratiamque
3182 2191 3357 2246 eidem
3393 2195 3601 2260 persol-

2022 2296 2172 2344 vere,
2203 2288 2261 2335 ut
2289 2280 2383 2349 qui
2425 2295 2651 2350 regnum
2682 2280 2837 2344 illud,
2868 2279 3013 2350 quod
3042 2280 3154 2349 jam
3186 2280 3313 2336 inde
3344 2283 3413 2337 ab
3438 2283 3601 2339 initio

2023 2371 2080 2427 in
2117 2386 2306 2427 omnes
2361 2382 2619 2442 tanquam
2678 2372 2820 2426 Deus
2875 2371 3216 2438 obtinuerat,
3283 2374 3602 2430 novissimis

2022 2464 2361 2533 temporibus
2390 2479 2420 2519 a
2453 2464 2564 2519 Deo
2594 2464 2768 2519 nostri
2805 2479 2971 2520 causa
2997 2471 3257 2533 tanquam
3290 2466 3456 2520 homo
3476 2480 3604 2521 sus-

2022 2556 2205 2626 cipere
2239 2572 2349 2612 non
2388 2557 2751 2623 recusaverit,
2799 2555 3134 2627 perﬁdisque
3173 2557 3444 2625 gentibus,
3477 2572 3602 2628 quae

2024 2647 2129 2719 ipsi
2161 2659 2420 2720 tanquam
2456 2651 2659 2705 recenti
2689 2665 2938 2720 novaque
2964 2660 3016 2703 et
3041 2652 3322 2720 peregrina
3349 2650 3600 2706 doctrina

343 2726 541 2792 ntenti,
577 2727 795 2784 infestis
814 2728 1014 2783 animis
1030 2728 1428 2799 repugnabant,
1456 2737 1578 2799 post
1605 2729 1919 2788 diuturnam
1959 2740 2302 2807 patientiam,
2344 2742 2552 2812 justam
2630 2740 2848 2796 tandem
2914 2742 3217 2813 aliquando
3245 2740 3441 2812 judicii
3471 2754 3603 2795 con-

342 2816 820 2891 demnationisque
852 2834 1070 2891 penam
1095 2820 1375 2877 inﬂixerit.
1398 2821 1577 2888 Quare
1594 2823 1759 2878 etiam
1786 2840 1910 2880 mox
1950 2829 2231 2903 subjungil
2254 2851 2278 2888 ,-

414 2914 526 2971 Καὶ
559 2911 748 2988 ἦλθεν
777 2915 817 2984 ἠ
868 2915 1014 2986 ὀργή
1049 2928 1167 2972 σου
1219 2915 1319 2972 καί
1366 2918 1401 2972 ό
1428 2917 1633 2987 καιρὸς
1663 2917 1785 2973 τῶν
1829 2935 1922 2974 νε-

2101 2925 2194 2991 Χι,
2230 2926 2318 2982 10.
2353 2925 2423 2982 Et
2457 2926 2667 2982 advenit
2697 2928 2780 2981 ira
2812 2937 2926 2995 tua,
2961 2937 3011 2983 et
3044 2936 3242 2994 tempus
3271 2933 3599 2979 mortuorum

342 3010 527 3080 κρῶν,
557 3009 831 3080 κριθῆναι
867 3009 965 3065 καί
992 3010 1203 3065 δοῦναι
1246 3009 1353 3064 τὸν
1390 3011 1614 3080 μισθὸν
1637 3012 1763 3078 τοῖς
1786 3012 1922 3066 δὀὐ⁴

2022 3018 2281 3087 judicari,
2311 3027 2363 3073 et
2398 3019 2611 3073 reddere
2638 3020 2925 3073 mercedem
2961 3020 3124 3073 seruis
3175 3018 3280 3071 tuis
3310 3016 3596 3086 prophetis,

343 3107 480 3170 λοις
510 3117 629 3157 σου
661 3101 785 3169 τοῖς
826 3102 1179 3172 προφήταις,
1227 3103 1324 3157 καὶ
1356 3103 1479 3170 τοῖς
1514 3104 1725 3173 ἁγίοις,
1749 3103 1919 3176 [καί]

2026 3118 2075 3162 et
2121 3108 2356 3173 sanctis,
2398 3118 2447 3162 et
2486 3107 2790 3162 timentibus
2834 3124 3023 3162 nomen
3070 3116 3251 3173 tuum,
3288 3106 3499 3175 pusillis
3546 3112 3599 3159 et

344 3194 472 3263 τοῖς
498 3195 893 3265 φοϐουμένοις
910 3196 976 3250 τὸ
1007 3194 1195 3265 ὄνομά
1216 3208 1357 3260 σου,
1399 3196 1523 3260 τοῖς
1558 3195 1791 3265 μικροῖς
1819 3195 1918 3249 καὶ

2026 3199 2270 3269 magnis;
2302 3209 2351 3254 et
2408 3200 2800 3255 exterminandi
2851 3217 2937 3255 eos
2966 3200 3059 3270 qui
3088 3208 3436 3269 corruperunt
3492 3208 3598 3252 ter-

344 3286 475 3353 τοῒς
522 3285 844 3356 μεγάλοιςο
887 3285 986 3340 καὶ
1023 3285 1358 3355 διαφθεῖραι
1388 3283 1529 3351 τοὺς
1564 3286 1918 3355 φθείροντας
1950 3283 1991 3297 “
2028 3308 2163 3347 ram.

345 3377 465 3447 τὴν
494 3376 633 3448 γῆν.

418 3467 640 3535 Καιρὸν
675 3464 795 3521 τῶν
821 3466 1052 3535 νεκρῶν
1082 3466 1277 3538 δηλῶν,
1325 3467 1418 3522 τὸν
1458 3467 1649 3540 καιρὸν
1686 3468 1786 3538 τῆς
1814 3466 1923 3521 τῶν

347 3557 563 3629 νεκρῶν
611 3558 990 3621 ἀναστάσεως·
1058 3560 1115 3611 ὲν
1177 3551 1223 3627 ᾧ
1283 3560 1501 3630 ἑκάστῳ
1573 3559 1922 3628 καταλλήλως

345 3652 639 3723 δοθήσεται
669 3650 739 3705 τὰ
778 3651 1054 3724 ἐπίχειρα.
1092 3652 1192 3705 Διά
1227 3651 1283 3706 δὲ
1307 3651 1429 3706 τῶν
1466 3651 1788 3722 προφητῶν
1826 3653 1924 3706 καὶ

346 3740 469 3796 τῶν
494 3741 679 3811 ἁγίων
704 3740 797 3794 καὶ⁵
821 3738 942 3794 τῶν
973 3740 1361 3810 φοϐουμένων
1380 3742 1487 3795 τὸν
1518 3742 1687 3808 Θεὸν,
1705 3743 1774 3796 τά
1794 3743 1925 3813 τρία

346 3833 499 3897 εἰκὸς
524 3832 761 3888 νοεῖσθαι
795 3833 1074 3904 τάγματα,
1104 3833 1214 3886 τῶν
1244 3832 1351 3905 [ὲν]
1398 3834 1593 3889 ἑκατὸν
1644 3853 1923 3905 καρποφο-

350 3924 612 3995 ρούντων,
642 3925 739 3977 καὶ
771 3923 878 3997 [ὲν]
901 3926 1166 3995 ἐξήκοντα
1224 3924 1321 3979 καὶ
1349 3926 1647 3997 τριάκοντα
1668 3926 1775 3980 τῶν
1798 3928 1924 3981 ἀπο-

346 4013 557 4067 στόλων
617 4013 1067 4084 ὁμολογουμένως
1120 4014 1222 4085 τῆς
1285 4016 1510 4089 πρώτης
1581 4016 1921 4086 τευξομένων

343 4104 575 4177 λήξεως.
629 4105 724 4159 καὶ
783 4106 882 4175 τῆς
932 4106 1025 4159 ἐπὶ
1090 4106 1301 4161 δώδεκα
1356 4107 1566 4179 θρόνων
1636 4107 1917 4179 ἱδρύσεως.

342 4196 615 4266 Μικροὺς
635 4196 691 4251 δὲ
716 4197 814 4251 καί
826 4197 1149 4267 μεγάλους,
1173 4200 1283 4254 εἴτε
1311 4201 1438 4264 τοὺς
1457 4201 1688 4273 ἥττονας
1710 4201 1918 4270 ἁγίους,

345 4289 595 4353 καὶτοὺς
625 4290 826 4360 μᾶλλον
859 4289 1066 4345 τούτων
1087 4292 1483 4364 ὑπερέχονταςο
1515 4293 1625 4347 εἴτε
1643 4294 1920 4364 μικροὺς,

344 4381 421 4443 ὡς
478 4380 950 4453 ὲξουδενωμένους
994 4384 1122 4446 τοὺς
1168 4385 1523 4456 ἁμαρτωλούς
1547 4401 1562 4417 ·
1615 4386 1921 4457 μεγάλους

344 4469 423 4541 δὲ,
443 4473 573 4538 τοὺς
593 4473 836 4539 δικαίους
870 4474 1165 4547 νομίζομεν
1204 4477 1481 4545 λέγεσθαι.

909 4672 1159 4727 ΚΕΦΑΛ.
1201 4672 1321 4726 AI".

345 4780 483 4852 Περὶ
504 4782 623 4836 τῶν
649 4781 920 4861 διωγμῶν
938 4782 1049 4861 τῆς
1079 4785 1446 4861 Eleusino/aq
1470 4785 1588 4838 τῶν
1612 4785 1920 4859 προτέρων

662 4852 759 4906 καὶ
786 4852 906 4906 τῶν
924 4853 1022 4906 ἐπὶ
1045 4853 1151 4907 τοῦ
1191 4852 1614 4923 Ἄντιχρίστου.

415 4987 521 5041 Καὶ
576 4986 791 5056 ἠνοίγη
821 4989 855 5042 ὁ
901 4986 1048 5054 ναὸς
1092 4988 1198 5041 τοῦ
1239 4988 1387 5042 Θεοῦ
1424 4989 1495 5043 ἐν
1525 4988 1604 5055 τῷ
1647 4991 1914 5059 οὐρανῷ·

349 5078 445 5133 καί
474 5078 643 5147 ὤφθη
675 5079 713 5145 ἠ
736 5078 978 5145 κιϐωτὸς
1010 5078 1120 5146 τῆς
1146 5078 1439 5149 διαθήκης
1467 5080 1572 5134 τοῦ
1605 5081 1826 5149 Κυρίου
1849 5083 1919 5136 ἐν

347 5168 426 5235 τῷ
441 5169 564 5236 ναῷ
579 5169 767 5225 αὐτοῦ
781 5187 794 5202 ο
823 5171 921 5224 καί
952 5170 1229 5239 ἐγένοντο
1251 5172 1572 5240 ἀστραπαί,
1589 5173 1684 5228 καί
1702 5177 1914 5243 φωναί,

348 5262 446 5319 καὶ
471 5262 748 5332 βρονταὶ,
782 5263 883 5318 καὶ
916 5264 1186 5333 σεισμὸς,
1222 5264 1319 5318 καί
1346 5263 1574 5334 χάλαζα
1592 5266 1850 5336 μεγάλη.

415 5356 516 5410 Διά
534 5355 646 5425 τῆς
677 5356 962 5423 ἀνοιξεως
982 5356 1086 5410 τοῦ
1103 5354 1385 5426 οὐρανοῦ.
1403 5356 1506 5410 καί
1516 5356 1626 5426 τῆς
1650 5357 1917 5426 ὁράσεως

346 5446 455 5514 τῆς
473 5448 747 5512 κιϐωτοῦ,
774 5448 883 5500 τῶν
900 5449 1317 5518 ἡτοιμασμένων
1339 5448 1560 5519 ἀγαθῶν
1580 5453 1693 5514 τοῖς
1718 5451 1912 5519 ἁγίοις,

344 5536 600 5606 δηλοῦται
630 5539 664 5608 ἡ
703 5536 1073 5607 ἀποκάλυψις·
1118 5539 1260 5610 ἅπερ
1301 5542 1358 5593 ἐν
1388 5539 1465 5610 τῷ
1506 5541 1746 5613 Χριστῷ,
1782 5543 1839 5597 ὲν
1871 5536 1916 5612 ᾧ

344 5630 637 5703 κατῴκησε
676 5633 785 5685 πᾶν
815 5632 879 5684 τὸ
922 5631 1197 5703 ’πλήρωμα
1234 5633 1333 5701 τῆς
1375 5632 1631 5704 θεότητος
1679 5651 1916 5706 σωματι-

345 5721 477 5788 κῶς,
504 5724 682 5777 πάντα
723 5723 1055 5795 κέκρυπται,
1089 5724 1231 5777 κατὰ
1259 5724 1348 5779 τὸν
1390 5725 1745 5780 ’Λπὸστολονο
1795 5727 1913 5780 τότε

346 5813 403 5866 δὲ
431 5813 973 5885 ἀποκαλυφθήσεται,
1020 5815 1110 5868 ὅτε
1154 5817 1267 5879 τοῖς
1299 5815 1525 5887 ἀνόμοις
1565 5819 1660 5871 καὶ
1693 5817 1914 5872 ἀσεϐέσι

350 5907 521 5973 ςωναὶ
583 5906 1028 5978 καταπληκτικαὶ
1083 5909 1179 5962 καὶ
1224 5910 1503 5981 ἀστραπαὶ⁷
1546 5913 1639 5966 καὶ
1694 5912 1915 5985 βρονταὶ

2097 3470 2319 3541 Tempus
2391 3481 2719 3527 mortuorum
2750 3513 2765 3539 ,
2834 3472 3110 3542 generalis
3156 3452 3601 3529 resurrectimiis

2024 3571 2239 3632 tempus
2284 3563 2542 3633 appellat,
2577 3564 2632 3618 in
2668 3578 2778 3634 quo
2808 3563 3108 3633 unicuique
3142 3578 3241 3633 pro
3280 3563 3598 3618 meritorum

2023 3655 2254 3719 ratione,
2303 3662 2399 3709 aut
2443 3656 2663 3723 praemia
2716 3656 3124 3726 persolventur,
3182 3665 3279 3711 aut
3329 3655 3597 3725 supplicia

2024 3747 2429 3816 irrogahuntur.
2470 3746 2573 3802 Per
2613 3748 2896 3818 prophetas
2943 3757 3125 3804 autem
3150 3790 3167 3813 ,
3210 3756 3265 3805 et
3299 3756 3512 3801 sanctos
3543 3755 3599 3800 et

2027 3835 2191 3889 Deum
2224 3836 2488 3902 timentes,
2540 3845 2671 3902 tres,
2706 3848 2766 3892 ut
2798 3838 3014 3909 opinor,
3068 3839 3348 3893 hominum
3376 3838 3602 3892 ordines

2021 3928 2263 3998 assignat
2305 3943 2319 3980 :
2355 3944 2548 3993 unum,
2579 3944 2770 3985 eorum
2816 3931 2908 4001 qui
2943 3930 3302 3987 centesimum
3356 3928 3597 3984 fructum

2023 4019 2305 4074 reddidere
2336 4038 2349 4073 :
2376 4020 2634 4087 alterum,
2664 4022 2759 4093 qui
2806 4022 3213 4094 sexagesimum
3241 4038 3255 4076 :
3291 4020 3511 4077 tertium
3542 4028 3600 4074 et

2023 4116 2396 4177 postremum,
2450 4108 2542 4178 qui
2595 4110 2931 4182 trigesimum
2969 4129 2983 4167 :
3017 4126 3049 4166 ε
3095 4111 3297 4179 quibus
3352 4109 3597 4181 Apostoli

2023 4199 2291 4268 potiorem
2322 4199 2463 4254 citra
2517 4202 2950 4257 controversiam
2983 4211 3187 4257 sortem
3222 4203 3400 4271 adepti
3450 4208 3598 4266 sunt,

2022 4297 2075 4343 et
2120 4286 2277 4344 sedes
2327 4297 2590 4359 praeterea
2634 4290 2973 4360 judiciarias.
3030 4291 3270 4346 Pusillos
3322 4301 3501 4345 autem
3546 4298 3602 4345 et

2022 4395 2264 4450 magnos,
2315 4381 2499 4436 minus
2549 4382 2834 4454 magisque
2880 4392 3100 4439 sanctos
3147 4382 3416 4454 appellare
3445 4389 3603 4452 puta-

2023 4489 2179 4539 mus;
2208 4483 2301 4529 aut
2321 4491 2511 4545 parvos
2538 4487 2705 4541 certe,
2732 4477 3068 4546 rejectaneos
3088 4484 3402 4547 peceatores
3418 4481 3601 4540 vocat;

1952 4593 1999 4652 ι)
2026 4586 2245 4641 magnos
2279 4578 2481 4638 autem,
2509 4569 2690 4641 justos
2718 4580 2770 4624 et
2801 4578 3043 4625 sanctos.

2555 4683 2778 4740 CAPUT
2820 4681 3061 4739 XXXIII.

2021 4798 2101 4854 De
2127 4800 2393 4866 prioribus
2416 4808 2465 4854 et
2511 4799 2814 4852 novissimis
2840 4797 3091 4852 Ecclesia:
3122 4795 3598 4869 persecutionibns.

2090 4996 2183 5062 Xl,
2222 4998 2302 5052 l9.
2332 4996 2399 5050 Et
2444 5006 2682 5066 apertum
2728 5006 2806 5051 est
2848 4997 3096 5067 templum
3134 4996 3234 5049 Dei
3266 4996 3320 5049 in
3363 4996 3513 5061 caelo,
3546 5005 3598 5051 et

2020 5091 2134 5144 visa
2163 5100 2240 5145 est
2265 5076 2393 5142 arca
2440 5091 2734 5143 testamenti
2768 5089 2880 5158 ejus
2903 5090 2956 5142 in
2982 5087 3171 5156 templo
3207 5087 3346 5156 ejus,
3371 5098 3420 5141 et
3450 5089 3595 5156 facta

2019 5194 2138 5239 sunt
2193 5182 2448 5253 fulgura,
2494 5191 2546 5235 et
2595 5198 2760 5248 voces,
2792 5193 2843 5236 et
2880 5190 3032 5236 terra:
3062 5182 3265 5246 motus,
3302 5190 3351 5233 et
3390 5180 3593 5250 grando

2021 5292 2233 5345 magna.

2092 5366 2195 5421 Per
2223 5366 2410 5421 caelum
2462 5368 2811 5438 patefactum,
2850 5378 2899 5421 et
2948 5383 3130 5420 arcam
3182 5365 3484 5420 testamenti
3531 5363 3588 5418 in

2020 5460 2160 5516 coelo
2193 5460 2390 5525 visam,
2422 5461 2711 5524 bonorum,
2738 5476 2860 5531 qua:
2894 5461 3099 5517 sanctis
3127 5460 3249 5514 istic
3290 5468 3592 5527 prmparata

2019 5558 2165 5613 sunt,
2201 5547 2573 5602 manifestatio
2596 5549 2961 5616 signiﬁcatur;
2984 5548 3173 5619 “ea
3195 5556 3374 5602 autem
3404 5545 3589 5599 omnia

2019 5640 2073 5694 in
2112 5639 2326 5694 Christo
2375 5648 2503 5693 sunt
2549 5640 2832 5711 reposita:
2870 5640 2923 5693 in
2980 5641 3075 5694 illo
3125 5655 3381 5707 namque,
3432 5639 3591 5708 juxta

2016 5728 2362 5798 Apostolum,
2391 5729 2602 5786 habitat
2628 5730 2809 5787 omnis
2824 5730 3105 5801 plenitudo
3135 5731 3436 5786 divinitatis
3465 5746 3591 5785 cor-

2018 5822 2471 5890 poraliter:tum
2528 5836 2707 5880 autem
2774 5824 2916 5879 bona
2970 5825 3087 5878 [nec
3131 5823 3250 5879 orbi
3309 5824 3588 5895 pateﬁent,

2017 5915 2238 5984 quando
2293 5916 2544 5972 terriﬁca:
2579 5932 2765 5988 voces,
2812 5928 2865 5977 et
2898 5918 3137 5989 fulgura,
3170 5926 3223 5975 ct
3256 5917 3497 5974 tonitrua
3532 5916 3591 5969 in
