4034 6574
389 404 498 472 319

1549 419 1879 481 ANDREFE
1923 421 1977 481 C.

2081 423 2438 485 ARIENSIS
3557 427 3664 492 320

384 523 582 591 impios
615 521 846 590 irruent,
883 525 1254 595 gehennzeque
1303 534 1573 583 tormenta
1600 532 1764 585 veluti
1799 532 1966 587 densa

2079 539 2165 591 καὶ
2224 539 2436 609 χάλαζα
2477 539 2831 609 ὲπομϐροῦσα
2885 537 3096 602 τούτοις
3151 538 3218 591 τά
3274 539 3375 610 τῆς
3428 541 3656 614 γεέινης

385 615 631 681 quaedam
663 618 871 687 grando
900 620 1123 673 eosdem
1167 621 1418 675 obruent.
1456 621 1560 676 Der
1589 632 1741 678 terra:
1772 634 1968 677 motum

385 715 590 771 autem,
624 717 684 760 ut
717 708 879 776 paulo
909 719 1032 762 ante
1056 713 1360 781 expositum
1390 724 1489 779 est,
1526 731 1708 770 rerum
1743 731 1971 786 praesen-

388 799 521 850 tium
563 802 790 852 Inutatio
828 800 1101 858 innuitur.
1177 861 1190 879 δ

455 890 524 944 Et
540 893 746 960 signum
767 910 1014 964 maguum
1039 899 1284 966 apparuit
1304 898 1357 951 in
1375 900 1504 953 σιινίο
1525 915 1544 962 ;
1567 901 1754 954 mulier
1771 903 1970 954 amicta

385 981 512 1044 sole,
544 992 592 1036 et
647 984 775 1037 luna
825 987 920 1038 sub
958 988 1174 1055 pedibus
1223 989 1336 1058 ejus
1379 1006 1401 1054 ;
1457 992 1596 1044 etin
1648 993 1815 1061 capite
1857 993 1971 1061 ejus

385 1089 578 1127 corona
604 1078 885 1130 stellarum
917 1081 1212 1134 duodecim.

460 1257 610 1313 Hanc
643 1261 910 1315 mulierem
931 1262 1173 1316 nonnulli
1201 1261 1289 1316 Dei
1311 1263 1638 1322 Genitricem
1663 1269 1972 1340 Virginem-

387 1367 494 1418 que
548 1351 766 1406 Matrem
801 1367 895 1420 per
952 1355 1134 1406 omnia
1171 1356 1575 1413 sanctissimam
1625 1363 1971 1431 interpretati

388 1452 551 1509 sunt;
578 1459 739 1512 quam
775 1446 1200 1515 eaomnia,qu:e
1237 1450 1427 1504 ordine
1454 1452 1580 1507 hinc
1622 1470 1974 1524 consequun-

389 1545 493 1595 tur,
524 1537 676 1604 prius
699 1551 1012 1606 perpessam
1049 1550 1358 1604 autumant,
1393 1559 1558 1612 quam
1597 1547 1798 1602 divinis
1830 1549 1973 1602 illius

387 1638 576 1697 partus
599 1631 836 1699 perfecte
866 1643 1319 1701 cognosceretur.
1359 1637 1428 1688 At
1476 1654 1703 1708 magnus
1756 1640 1970 1694 Metho-

389 1721 511 1773 dius
543 1722 610 1774 ad
669 1721 968 1777 Ecclesium
1029 1725 1234 1789 retulit,
1271 1727 1322 1779 in
1364 1726 1658 1784 Dominica‘.
1713 1733 1972 1785 nativita—

391 1811 461 1863 tis
487 1811 804 1880 my~teriuiu
837 1827 1030 1880 parum
1068 1827 1130 1867 ea
1192 1817 1484 1870 convenite
1528 1829 1681 1873 ratus
1719 1835 1839 1888 quae
1870 1821 1973 1874 hoc

390 1901 512 1955 loco
534 1902 598 1956 de
628 1902 719 1956 illo
752 1913 1084 1972 narrantur;
1113 1909 1349 1961 maxime
1381 1924 1507 1962 vero
1530 1913 1672 1978 quod
1710 1911 1972 1966 Dominus

389 2004 574 2048 noster
603 1996 806 2049 dudum
839 2006 966 2051 ante
995 1999 1318 2066 patefactam
1351 2000 1472 2053 libri
1538 2001 1697 2071 hujus
1730 2005 1971 2072 prophe-

391 2087 520 2140 tiam
562 2097 721 2142 natus
780 2089 962 2146 fuerit.
995 2092 1063 2144 At
1110 2091 1342 2160 ipsamet
1383 2092 1640 2147 Methodii
1691 2096 1854 2150 verba
1917 2096 1970 2150 iu

389 2179 626 2232 medium
678 2178 875 2234 afferre
929 2181 1098 2235 lubet.
1153 2183 1202 2236 ls
1262 2198 1392 2251 ergo
1440 2185 1493 2239 in
1524 2195 1780 2250 tractatu,
1811 2203 1970 2257 quem

391 2268 725 2339 Symposium
756 2271 1058 2341 inscripsit,
1099 2288 1165 2327 ex
1197 2289 1434 2342 persona
1465 2275 1685 2330 Procles
1748 2277 1973 2346 virginis

391 2362 462 2417 ita
481 2363 733 2433 scripsit:
771 2382 790 2416 ι
825 2364 1021 2420 Mulier
1048 2367 1162 2421 sole
1188 2367 1396 2431 induta,
1425 2378 1506 2422 est
1525 2369 1785 2423 Ecclesia.
1815 2369 1972 2434 Quod

391 2463 569 2508 autem
594 2456 754 2509 nobis
780 2458 945 2513 vestis
977 2466 1081 2524 est,
1115 2459 1217 2514 hoc
1249 2459 1326 2512 illi
1360 2459 1448 2513 lux
1488 2469 1590 2513 est.
1638 2459 1757 2513 Pari
1808 2463 1972 2514 modo

393 2546 539 2614 quod
582 2548 738 2603 nobis
765 2557 848 2604 est
899 2565 1091 2604 aurum
1129 2559 1182 2604 et
1219 2552 1440 2620 pretiosi
1476 2552 1705 2621 lapides,
1743 2555 1846 2608 hoc
1896 2555 1972 2608 illi

393 2650 522 2692 sunt
558 2640 746 2704 stellae,
780 2649 834 2694 et
864 2642 1083 2710 quidem
1111 2644 1322 2697 ezeteris
1379 2646 1786 2712 przestantiores
1814 2654 1866 2699 et
1908 2646 1974 2698 il-

395 2729 705 2785 lustriores.
737 2733 997 2786 Ascendit
1029 2734 1141 2787 lure
1172 2744 1352 2787 autem
1384 2749 1548 2804 super
1595 2735 1815 2800 lunam;
1850 2735 1972 2802 quia

400 2822 741 2892 Synagogam
779 2824 883 2877 sul)
942 2825 1168 2893 pedibus
1207 2835 1534 2895 prostratam
1586 2826 1769 2880 habet.
1801 2826 1975 2881 Cirte-

400 2931 520 2970 rum
556 2931 651 2984 per
701 2917 884 2970 lunam
946 2932 1133 2972 eorum
1177 2919 1332 2973 (idem
1370 2920 1773 2990 metaphorieos
1826 2920 1975 2974 desi-

395 3007 552 3075 gnari.
585 3013 869 3074 putamus,
913 3009 1006 3077 qui
1059 3024 1156 3078 per
1208 3012 1640 3079 regenerationis
1690 3011 1972 3065 lavacrum

397 3111 429 3150 a
484 3098 853 3166 corruptionis
901 3100 1043 3152 malo
1068 3101 1266 3169 expiati
1326 3110 1489 3167 sunt;
1542 3101 1813 3171 siquidem
1875 3102 1976 3155 hu-

398 3188 540 3242 mida
587 3200 641 3243 et
666 3207 839 3259 aquea
888 3201 1079 3246 natura
1106 3209 1171 3246 ex
1212 3194 1338 3247 luna
1373 3194 1642 3263 praecipue
1674 3195 1967 3262 dependet.
1999 3233 2043 3292 Ο

407 3282 529 3337 liae-2'
553 3295 734 3338 autem
759 3287 994 3355 parturit
1025 3297 1077 3341 et
1108 3296 1414 3357 regenerat,
1452 3287 1809 3356 hominesque
1831 3301 1976 3340 eras-

403 3389 496 3429 sos
533 3385 585 3428 rt
623 3377 885 3433 animales
913 3379 963 3431 in
1000 3380 1249 3434 caslestes
1283 3389 1336 3433 et
1396 3379 1667 3447 spiritales
1710 3381 1978 3435 transfor-

403 3483 574 3528 mare,
613 3468 853 3537 idea-que
903 3479 957 3524 et
1007 3471 1352 3524 similitudini
1382 3470 1586 3526 Christi
1631 3470 1980 3526 conformare

401 3559 601 3612 s'u-Jet.
649 3578 665 3610 ι
709 3562 773 3614 Et
802 3561 993 3629 paucis
1021 3562 1318 3630 interiectis
1351 3578 1595 3616 rursum:
1625 3580 1642 3611 ι
1678 3558 1793 3614 Non
1813 3575 1978 3630 opor-

401 3652 745 3705 tetarbitrari
772 3653 837 3706 de
867 3653 1086 3707 Christo
1127 3669 1317 3707 recens
1339 3653 1448 3721 jam
1496 3662 1622 3705 nato
1657 3652 1822 3705 verba
1891 3651 1980 3705 hic

404 3742 540 3795 ﬁeri.
582 3741 698 3795 Jam
728 3743 855 3796 olim
892 3744 1036 3797 enim
1071 3753 1193 3798 ante
1214 3743 1441 3799 Joannis
1472 3743 1854 3813 Apocalypsin,
1886 3743 1970 3796 iu-

402 3834 611 3887 curuati
639 3833 787 3887 verbi
819 3826 1234 3889 Sacramentum
1271 3834 1598 3902 completum
1625 3841 1780 3900 erat;
1815 3831 1982 3885 Joan-

404 3924 490 3977 nis
520 3932 699 3979 autein
739 3924 1091 3995 Apocalypsis
1125 3925 1192 3979 de
1215 3924 1374 3979 rebus
1404 3923 1776 3993 priesentibus,
1819 3922 1980 3974 olim-

401 4027 510 4080 que
543 4011 764 4077 l‘uturis,
787 4012 1137 4068 vaticinatur.
1163 4031 1182 4064 ι
1213 4011 1276 4064 Et
1308 4021 1430 4082 post
1451 4013 1554 4065 alia
1573 4011 1780 4066 denuo:
1818 4028 1835 4060 ι
1861 4006 1978 4062 Non

404 4117 696 4173 possumus
713 4103 938 4172 proinde
966 4119 1070 4157 non
1091 4103 1336 4158 confiteri
1368 4102 1667 4157 Ecclesium
1697 4116 1814 4155 eam
1835 4114 1979 4163 esse,

403 4211 522 4264 qua:
554 4196 785 4264 parturit
817 4203 870 4250 et
890 4206 1112 4265 generat
1146 4197 1577 4267 regenerationis
1632 4194 1786 4248 fonte
1813 4191 1975 4247 ablu-

403 4298 510 4343 tos.
553 4288 732 4355 Quare
761 4290 815 4343 in
843 4289 980 4344 Isaia
1018 4289 1254 4360 Spiritus
1278 4290 1428 4353 dicit,
1468 4289 1791 4357 Priusquam
1849 4300 1980 4354 par-

403 4383 613 4447 turiret,
637 4382 818 4452 eﬂ'ugit
855 4391 911 4435 ut
949 4393 1192 4452 pareret;
1219 4395 1267 4437 et
1327 4383 1528 4453 peperit
1570 4379 1863 4433 masculum
1909 4377 1974 4429 ".

2081 631 2438 702 κολαστήρια,
2478 634 2535 684 ἐν
2564 629 2642 700 τῷ
2672 629 2904 699 σεισμῷ
2937 630 3036 700 τῆς
3065 630 3174 683 τῶν
3229 633 3511 702 παρόντων
3560 651 3657 704 με·

2080 719 2374 785 ταθέσεως.

2151 899 2263 955 Καὶ
2292 899 2542 968 σημεῖον
2574 899 2729 968 μέγα
2766 899 2931 968 ὤφθη
2962 900 3032 954 ἐν
3079 901 3160 966 τῷ
3213 903 3469 969 οἰιρανῷο
3503 905 3662 974 γυνὴ

2079 991 2547 1059 περιϐεϐλημένη
2596 991 2702 1042 τὸν
2740 990 2937 1057 ἣλιον·
2993 991 3092 1046 καὶ
3148 991 3186 1060 ἡ
3237 993 3473 1062 σελήνη
3518 997 3663 1048 ὐπο-

2080 1081 2235 1135 κάτω
2286 1079 2403 1133 τῶν
2444 1077 2644 1132 ποδῶν
2692 1079 2902 1146 αὐτῆς·
2941 1080 3038 1133 καὶ
3086 1081 3185 1135 ἐπὶ
3236 1081 3346 1148 τῆς
3391 1083 3662 1152 κεφαλῆς

2079 1172 2270 1239 αὐτῆς
2303 1172 2604 1240 στέφανος
2639 1169 2758 1242 [δι’]
2792 1171 3064 1240 ἀστέρων
3095 1172 3378 1228 δεκαδύο.

2150 1263 2422 1318 Γυναῖκα
2458 1264 2515 1316 δὲ
2552 1263 3031 1334 περιϐεϐλημένην
3059 1267 3150 1318 τὸν
3178 1265 3349 1337 ῆλιον,
3383 1263 3529 1330 τινὲς
3562 1269 3660 1337 μὲν

2079 1355 2145 1409 δι’
2184 1357 2302 1409 ὅλου
2335 1354 2432 1426 τὴν
2462 1353 2782 1427 [παναγίαν]
2837 1355 3102 1408 Θεοτόκον
3145 1356 3456 1425 νενοήκασι,
3493 1359 3659 1428 πρινὴ

2080 1447 2388 1518 γνωσθῆναι
2416 1448 2586 1516 αὐτῆς
2614 1449 2706 1500 τὸν
2739 1448 2884 1500 θεῖον
2917 1448 3096 1510 τόκον,
3133 1448 3411 1502 παθοῦσαν
3444 1449 3513 1502 τά
3541 1451 3662 1520 ἐχό-

2083 1555 2239 1608 μενα.
2278 1539 2334 1592 Ὀ
2356 1538 2411 1591 δὲ
2439 1537 2612 1606 μέγας
2633 1537 2895 1602 Μεθόδιος
2924 1539 3002 1600 είς
3029 1537 3127 1606 τὴν
3146 1537 3306 1606 ἁγίαν
3335 1538 3660 1610 Ἐκκλησίαν

2081 1630 2354 1696 ἐξέλαϐεν·
2379 1629 2697 1700 ἀνάρμοστα
2721 1631 2785 1700 τῇ
2819 1631 3126 1699 Δεσποτικῇ
3156 1630 3406 1698 γεννήσει
3438 1629 3505 1680 τὰ
3533 1629 3662 1698 περὶ

2081 1723 2251 1791 αὐτῆς
2279 1722 2650 1793 ἡγησάμενος,
2684 1721 2773 1775 διὰ
2811 1721 2870 1774 τὸ
2902 1722 3004 1791 ἤδη
3045 1722 3150 1792 πρὸ
3178 1720 3376 1774 πολλοῦ
3412 1721 3659 1792 τετέχθαι

2080 1815 2172 1870 τὸν
2211 1816 2410 1887 Κύριον
2443 1814 2669 1887 [ἡμῶν]
2705 1813 2870 1868 καλὸν
2904 1814 2960 1866 δὲ
2996 1815 3091 1867 καὶ
3123 1814 3302 1867 αὐτῶν
3334 1814 3442 1867 τῶν
3477 1815 3659 1884 ῥημά-

2006 1899 2046 1954 Β
2075 1927 2182 1962 των
2218 1908 2307 1960 τοῦ
2343 1907 2615 1978 μακαρίου
2650 1906 2912 1959 Μεθοδίου
2951 1906 3279 1976 μνησθῆναι’
3318 1907 3376 1970 ὃς
3408 1923 3574 1976 φησιν
3603 1909 3672 1958 ὲν

2074 1999 2151 2071 τῷ
2214 1999 2492 2068 λεγομένῳ
2557 1998 2882 2067 Συμποσίῳ
2937 2000 3002 2051 ὲκ
3049 1997 3344 2069 προσώπου
3411 1998 3662 2070 Πρόκλης

2076 2094 2348 2165 παρθένου
2397 2091 2588 2154 οὕτως’
2648 2112 2665 2142 ι
2718 2091 2780 2143 Ἦ
2828 2091 2967 2161 γυνὴ
3011 2093 3044 2162 η
3095 2090 3536 2162 περιϐεϐλημένη
3571 2091 3670 2144 τὸν·

2073 2185 2246 2257 ἥλιον,
2278 2183 2425 2237 ἔστιν
2458 2185 2490 2254 ἡ
2536 2183 2853 2253 Ἐκκλησία.
2908 2185 2973 2236 Ὃ
3007 2182 3063 2236 δὲ
3102 2185 3237 2254 ἡμῖν
3269 2182 3452 2253 ἐσθὴς,
3506 2183 3672 2236 τοῦτο

2076 2276 2259 2347 ἐκείνῃ
2299 2273 2435 2344 φῶς
2487 2272 2514 2325 ὃ
2548 2272 2604 2326 δὲ
2653 2274 2784 2342 ἡμῖν
2820 2273 3022 2343 χρυσὸς
3077 2274 3110 2342 ἢ
3171 2273 3447 2340 διαφανεῖς
3491 2272 3660 2334 λίθοι,

2074 2370 2232 2422 τοῦτο
2260 2370 2443 2442 ἐκείνη
2473 2368 2540 2422 τὰ
2597 2367 2794 2438 ἄστρα’
2834 2367 2946 2440 [τὰ]
2995 2368 3170 2439 ἄστρα
3211 2368 3266 2421 δὲ
3298 2368 3535 2438 κρείττω
3564 2369 3660 2420 καὶ

2077 2461 2481 2532 ἐμφανέστερα.
2537 2458 2865 2529 Ἐπιϐέϐηκε
2900 2459 2956 2512 δὲ
2994 2460 3086 2513 ἐπὶ
3133 2459 3381 2530 σελήνης.
3425 2461 3661 2529 Σελήνην

2075 2554 2131 2606 δὲ
2175 2552 2451 2623 τροπικῶς
2481 2549 2745 2622 ἠγοῦμαι,
2780 2551 2877 2622 τὴν
2923 2551 3107 2604 πίστιν
3146 2551 3254 2604 τῶν
3289 2551 3662 2622 ἀποκαθαιρο-

2081 2645 2256 2715 μὲνων
2292 2645 2389 2716 τὴν
2433 2643 2637 2715 φθορὰν
2668 2644 2743 2714 τῷ
2785 2644 3016 2715 λουτρῷ·
3050 2643 3127 2715 τῷ
3181 2646 3243 2697 ἐκ
3289 2645 3386 2714 τῆς
3431 2644 3662 2716 σελήνης

2076 2738 2346 2808 ἠρτῆσθαι
2393 2739 2494 2808 τὴν
2529 2736 2707 2806 ὑγράν
2744 2737 2955 2788 οὐσίαν·
2993 2734 3256 2788 ὠδίνουσα
3289 2735 3386 2788 καὶ
3430 2737 3662 2804 ἀναγεν-

2077 2829 2223 2882 νῶσα
2253 2829 2376 2891 τοὺς
2406 2827 2674 2897 ψυχικοὺς
2704 2829 2783 2890 εἰς
2819 2828 3249 2897 πνευματικοὺς,
3287 2827 3383 2880 καὶ
3413 2828 3509 2896 τὴν
3539 2827 3664 2879 καθ’

2077 2919 2336 2988 ὁμοίωσιν
2379 2917 2525 2970 ἰδέαν
2569 2916 2766 2978 αὐτοὺς
2797 2915 2891 2968 καὶ
2934 2917 3219 2986 μόρφωσιν
3253 2914 3536 2987 μορφοῦσα
3569 2913 3662 2967 τοῦ

2078 3009 2333 3079 Χριστοῦ.
2379 3028 2394 3060 ι
2432 3009 2541 3061 Καὶ
2578 3009 2740 3062 πάλιν
2776 3008 2964 3079 φησίνο
2999 3026 3018 3059 ι
3057 3009 3131 3060 Οὐ
3162 3007 3268 3079 χρὴ
3297 3006 3388 3060 τὸν
3429 3006 3664 3075 Χριστὸν

2079 3103 2242 3157 αὑτὸν
2272 3097 2408 3154 εἶναι
2433 3101 2675 3172 νομίζειν
2701 3101 2792 3153 τὸν
2817 3098 3180 3171 γεννώμενονο
3215 3099 3384 3153 πάλαι
3415 3098 3526 3169 γὰρ
3556 3097 3664 3168 πρὸ

2077 3195 2178 3266 τῆς
2217 3193 2521 3266 [Ἰωάννου]
2540 3193 2965 3262 Ἀποκαλύιίεως
2998 3191 3355 3262 ἐπεπλήρωτο
3379 3190 3437 3243 τὸ
3458 3189 3664 3260 μυστήο

2082 3303 2194 3355 ριον
2250 3286 2350 3356 τῆς
2400 3285 2869 3355 ὲνανθρωπήσεως
2906 3283 3000 3336 τοῦ
3052 3281 3250 3354 [θείου]
3281 3282 3479 3349 Λόγου·
3527 3281 3557 3333 ὁ
3605 3280 3663 3333 δὲ

2091 3378 2341 3446 Ἰωάννης
2375 3378 2501 3446 περὶ
2532 3376 2818 3448 παρόντων
2853 3374 2948 3428 καὶ
2979 3374 3284 3443 μελλόντων
3310 3373 3601 3443 θεσμῳδεῖ.
3636 3390 3658 3423 ι

2078 3471 2188 3524 Kal
2227 3469 2344 3540 μεθ’
2379 3468 2562 3538 ἕτερασ
2602 3485 2619 3518 ι
2663 3467 2827 3519 Ὥστε
2859 3466 3074 3538 ἀνάγκῃ
3105 3465 3388 3535 ὁμολογεῖν
3432 3465 3532 3529 δεῖ,
3562 3465 3664 3535 τὴν

2090 3560 2420 3630 Ἐκκλησίαν
2454 3557 2593 3612 εἶναι
2636 3558 2734 3629 τὴν
2769 3557 3071 3611 ὠδίνουσαν
3105 3557 3203 3610 καὶ
3231 3555 3510 3625 γεννῶσαν
3538 3557 3665 3619 τοὺς

2080 3653 2651 3725 ἀπολελυτρωμένους,
2679 3652 2754 3715 ὥς
2791 3668 2955 3720 φησιν
2994 3652 3051 3703 ὲν
3089 3650 3288 3720 Ἡσαΐᾳ
3313 3648 3373 3700 τὸ
3407 3647 3658 3717 Πνεῦμαο

2079 3747 2226 3817 Πρὶν
2257 3747 2372 3815 τὴν
2400 3746 2742 3800 ὠδίνουσαν
2770 3743 2985 3809 τεκεῖν,
3015 3742 3292 3813 ἐξέφυγε,
3333 3741 3432 3795 καί
3459 3740 3668 3794 ἔτεκεν

2078 3841 2287 3910 ἄρσεν.
2330 3840 2466 3892 Τίνα
2509 3839 2811 3907 ὲξέφυγεν;
2865 3837 2935 3889 Ἦ
2975 3836 3194 3898 πάντως
3230 3835 3320 3888 τὸν
3347 3834 3621 3904 δράκοντα
3645 3849 3662 3864 ⁸

2081 3933 2170 3985 ἵνα
2216 3932 2451 4001 γεννήσῃ
2497 3929 2586 3981 τὸν
2630 3927 2759 3979 λαὸν
2799 3927 2830 3996 ή
2865 3924 3030 3995 νοητὴ
3057 3923 3196 3976 Σιὼν
3239 3923 3332 3975 τὸν
3373 3922 3597 3993 ἄρρενα.
3637 3938 3658 3972 ι

2081 4025 2190 4078 Kal
2248 4023 2390 4093 ἑξῆς·
2433 4042 2451 4074 ‹
2501 4023 2665 4073 Ὥστε
2725 4021 2781 4071 ὲν
2813 4019 3028 4087 ἑκάστῳ
3060 4019 3227 4087 γεννᾶ
3246 4015 3371 4067 σθαι
3405 4014 3493 4066 τον
3523 4014 3664 4082 Χρι-

2089 4115 2210 4168 στδν
2242 4113 2470 4184 νοητῶς.
2508 4113 2617 4166 Kal
2647 4112 2734 4164 δια
2765 4110 2923 4164 τοῦτο
2951 4112 2983 4179 ἠ
3026 4107 3326 4177 Ἐκκλησία
3359 4104 3666 4174 σπαργανοῐ

2086 4207 2181 4262 καὶ
2209 4207 2387 4260 ὠδίνει
2417 4207 2574 4276 ἄχρις
2599 4205 2664 4259 ἂν
2688 4205 2715 4257 ὁ
2740 4201 2976 4273 Χριστὸς
3011 4199 3274 4271 μορφωθῇ
3303 4199 3361 4249 ὲν
3383 4198 3516 4266 ἡμῖν
3545 4211 3668 4262 γεν-

2089 4301 2292 4423 νηθείςο
2318 4299 2466 4358 ὅπως
2495 4298 2724 4361 ἕκαστος
2755 4293 2833 4364 τῷ
2867 4292 3117 4364 μετέχειν
3141 4289 3401 4362 Χριστοῦ,
3429 4285 3666 4358 Χριστὸς

2089 4388 2124 4423 γ
2155 4387 2334 4423 νηται.
2374 4387 2393 4421 ι

2089 4387 2334 4440 γενηται.
2374 4387 2393 4421 ι

404 4477 464 4531 Et
497 4450 879 4551 triremedugit
937 4450 1200 4549 spiritalis
1253 4450 1398 4533 Sion
1424 4477 1527 4531 nisi
1565 4471 1898 4529 draconem?
1927 4482 2036 4538 quo
2075 4464 2333 4518 nimirum
2389 4474 2652 4528 generare
2684 4460 2858 4529 possit
2890 4459 3150 4529 populum
3183 4456 3512 4512 masculum.
3553 4471 3572 4505 ι
3601 4450 3670 4506 Et

406 4577 623 4627 tandem
671 4575 853 4629 subdit
888 4591 902 4630 :
938 4593 956 4626 ι
993 4573 1066 4626 Ea
1129 4583 1350 4643 pr0pter
1407 4573 1459 4624 in
1498 4569 1853 4639 unoquolibet
1902 4561 2216 4635 spiritaliter
2283 4557 2530 4612 nascitur
2595 4555 2882 4620 Christus;
2943 4555 3186 4608 Ecclesia
3253 4561 3432 4606 autem
3476 4557 3667 4620 partu-

406 4669 474 4718 rit
506 4666 798 4736 lasciiSque
835 4666 1061 4722 involvit
1105 4669 1277 4722 donec
1325 4666 1578 4720 Christus
1611 4675 1772 4718 natus
1825 4662 1878 4715 in
1949 4656 2110 4712 nobis
2167 4653 2474 4712 formetur;
2538 4659 2702 4721 atque
2741 4651 2814 4704 ita
2863 4648 3242 4717 unusquilibet
3286 4645 3490 4701 Christi
3538 4658 3670 4714 par-

406 4759 722 4826 ticipatione
749 4761 997 4815 Christus
1026 4758 1434 4829 quodammodo
1470 4757 1724 4811 eilicitur.
1769 4775 1786 4807 ι

478 4849 715 4906 Ecclesia
753 4852 955 4920 itaque,
985 4851 1264 4906 Christum
1291 4851 1519 4919 iustitiae
1550 4850 1718 4904 solem
1765 4847 1974 4910 induta,
2011 4846 2057 4904 υ

405 4944 629 5014 legalem
658 4954 818 4999 nocte
859 4944 1090 4998 lucentis
1130 4943 1274 4998 luna:
1303 4943 1480 4996 lucem
1511 4945 1786 5010 vitamque
1820 4955 1978 4993 mun-

403 5038 625 5099 danam,
647 5037 950 5107 quaeinslar
967 5037 1110 5091 luuze
1140 5036 1418 5090 mutabilis
1434 5047 1484 5088 et
1501 5036 1814 5088 inconstans
1836 5031 1980 5085 exsi-

404 5131 518 5193 stit,
552 5129 656 5184 sub
688 5131 914 5199 pedibus
954 5138 1276 5200 prostratam
1324 5137 1487 5191 tenet,
1524 5126 1822 5196 capitisque
1854 5140 1976 5178 ver-

404 5230 421 5274 t
448 5237 478 5274 c
498 5236 563 5274 im
592 5221 1014 5287 apostolicorum
1043 5221 1352 5289 dogmatum
1381 5219 1746 5286 virtutumque
1777 5231 1978 5270 corona

403 5313 714 5367 redimitum
769 5314 949 5368 habet.
1005 5312 1146 5366 Idem
1205 5321 1397 5366 auctor
1435 5312 1592 5365 docet
1643 5327 1736 5380 per
1775 5309 1976 5378 lunam,

403 5421 526 5475 quire
555 5404 785 5459 humida:
811 5403 1129 5458 substantize
1146 5403 1481 5469 dominatur,
1515 5403 1803 5473 baptisma,
1830 5401 1980 5454 Mare

406 5497 805 5567 metaphoricos
835 5495 1184 5564 appellatum,
1218 5495 1511 5566 designari,
1554 5497 1696 5566 quod
1733 5512 1864 5552 sane
1888 5512 1979 5551 sa-

402 5594 833 5657 craiueutummt
867 5591 1196 5660 regeneratis
1239 5601 1320 5648 cst
1359 5592 1618 5656 salutare,
1666 5591 1738 5647 ita
1777 5591 1978 5648 da:in-

406 5684 568 5740 nibus
599 5683 815 5738 exitiale
840 5693 921 5739 est
965 5699 1210 5754 prorsus.

477 5865 524 5899 ³³
555 5864 661 5924 lsa.
688 5866 776 5933 67,
800 5869 851 5925 7.

2161 4838 2228 4890 Ἡ
2271 4833 2566 4905 Ἐκκλησία
2614 4830 2836 4905 [τοίνυν]
2897 4830 2989 4884 τὸν
3055 4831 3245 4884 Ἥλιον
3295 4829 3398 4895 τῆς
3457 4826 3668 4880 δικαιο-

2087 4930 2252 5000 σύνης
2306 4925 2584 5000 [Χριστὸν]
2645 4924 3054 4994 περιδέϐληται.
3119 4921 3228 4974 Kal
3276 4919 3385 4990 γὰρ
3444 4917 3669 4986 νομικὸν

2087 5023 2202 5094 φῶς
2233 5024 2329 5092 τῆς
2364 5019 2704 5089 ν’)κτοφαοῦς
2751 5019 3004 5089 σελήνης,
3053 5018 3147 5069 καὶ
3185 5014 3284 5084 τὴν
3318 5013 3392 5077 ὡς
3435 5011 3666 5081 σελήνην

2087 5115 2478 5185 ἀλλοιουμένην
2525 5112 2800 5182 κοσμικὴν
2847 5110 3012 5182 ζωὴν,
3065 5109 3170 5161 ὑπὸ
3198 5107 3326 5169 τοὺς
3357 5105 3522 5166 πόδας
3571 5103 3666 5156 κέ-

2087 5226 2305 5279 κτηται.
2342 5208 2451 5261 Kal
2485 5208 2577 5260 ἐπὶ
2623 5207 2722 5276 τῆς
2755 5205 2996 5274 κεφαλῆς
3029 5203 3122 5256 τὸν
3149 5201 3259 5254 τῶν
3288 5195 3665 5253 ἀποστολικῶν

2085 5301 2368 5371 δογμάτων
2403 5317 2460 5352 τε
2505 5301 2599 5353 καὶ
2645 5299 2856 5371 ἀρετῶν
2907 5297 3222 5366 περίκειται
3263 5291 3552 5361 στέφανον.
3606 5287 3666 5340 '0

2088 5393 2250 5456 αὐτὸς
2285 5391 2342 5444 δὲ
2375 5393 2468 5446 καὶ
2517 5391 2590 5456 ὡς
2638 5392 2702 5443 ὲκ
2747 5390 2849 5459 τῆς
2900 5389 3152 5459 σελήνης,
3200 5383 3518 5458 ὴρτημένης
3565 5381 3668 5449 τῆς

2089 5487 2259 5558 ὑγρᾶς
2292 5487 2510 5552 οὐσίας,
2551 5483 2844 5555 δηλοῦσθαί
2873 5499 3007 5554 φησι
3040 5481 3126 5534 διὰ
3169 5481 3270 5551 τῆς
3299 5475 3574 5545 σελήνης
3607 5471 3668 5526 τὸ

2091 5580 2397 5651 βάπτισμα,
2430 5579 2754 5634 θάλασσαν
2785 5575 3056 5648 τροπικῶς
3086 5571 3512 5643 ὀνομαζόμενον·
3554 5567 3666 5627 τοῖς

2094 5671 2192 5742 μὲν
2224 5670 2689 5743 ἀναγεννωμένοις
2717 5668 3008 5740 σωτήριον,
3041 5668 3153 5730 τοῖς
3178 5664 3234 5718 δὲ
3263 5662 3512 5734 δαίμοσιν
3545 5655 3666 5711 6λὲ-

2089 5767 2256 5838 θριον.
