4040 6572
343 409 444 476 391

1303 405 1916 466 COMMENTARIUS
1959 405 2040 466 IN
2080 404 2616 466 APOCALYPSIN.

3507 406 3620 471 3‘22

411 521 513 578 Καὶ
565 521 632 574 ἐν
664 518 871 589 γαστρὶ
905 515 1136 585 ἔχουσα
1188 513 1434 582 ἔκραζεν
1479 513 1786 568 ὠδίνουσα
1837 514 1934 568 καί

2110 512 2223 580 XII,
2251 513 2306 566 2.
2347 511 2412 566 Et
2446 514 2499 566 in
2533 520 2680 565 utero
2708 510 2942 577 habens;
2973 521 3022 567 et
3051 512 3245 569 clamat
3272 520 3620 586 parturiens;

333 612 776 685 βασανιζομένη
807 609 1020 663 τεκεῖν.

410 729 430 762 ι
479 708 705 760 Ὠδίνειν
731 705 787 758 δέ
824 721 1006 774 φαμεν
1037 703 1136 774 τὴν
1179 702 1508 772 Ἐκκλησίαν
1537 701 1662 754 καθ’
1685 700 1917 754 ἕκαστον

335 806 441 860 τῶν
469 801 935 870 ἀναγεννωμένων
957 799 1023 854 δι’
1046 799 1237 861 ὓδατος
1261 797 1354 851 καὶ
1378 797 1720 866 Πνεῦματος,
1759 796 1920 865 ἄχρις

336 891 399 949 οὗ
445 893 708 966 μορφωθῇ
740 893 974 964 Χριστὸς
1016 892 1074 943 ἐν
1116 891 1318 953 αὐτοῖς.
1353 889 1428 952 ὥς
1475 905 1642 960 φησιν
1669 892 1696 941 ὁ
1727 887 1919 960 [θεῖος]

349 984 670 1045 Ἀπόστολος
718 982 806 1035 διὰ
855 981 915 1034 τὸ
967 979 1319 1051 spernax;
1367 978 1509 1032 εἶναι
1556 978 1683 1040 τοὺς
1717 977 1782 1028 ἐκ
1827 975 1921 1027 τοῦ

337 1077 591 1147 ἀληθινοῦ
623 1075 805 1144 φωτὸς
839 1073 1080 1143 Χριστοῦ
1118 1071 1512 1132 ἐκπίπτοντας,
1562 1069 1656 1123 καὶ
1695 1069 1922 1138 σύνδρο-

335 1188 436 1240 μον
470 1171 538 1240 τῇ
569 1169 682 1240 ζωῇ
715 1169 804 1221 τὸν
833 1167 902 1220 δι’
921 1165 1178 1229 ἀπιστίας
1206 1165 1574 1235 ὑπομένοντας
1607 1163 1857 1218 θάνατον.
1897 1181 1914 1213 ι

406 1361 517 1414 Kal
543 1357 706 1429 ὤφθη
729 1356 882 1411 ἄλλο
909 1354 1165 1424 σημεῖον
1181 1356 1253 1408 ἐν
1281 1353 1359 1421 τῷ
1381 1353 1634 1424 οὐρανῷ’
1664 1353 1762 1407 καί
1796 1351 1924 1407 ἰδοὺ

335 1450 575 1519 δράκων
608 1446 832 1517 πυρρὸς
870 1446 1079 1516 μέγας,
1127 1446 1284 1516 ἔχων
1324 1445 1594 1514 κεφαλὰς
1631 1444 1782 1498 ἑπτὰ
1827 1443 1926 1497 καὶ

336 1541 557 1610 κέρατα
599 1541 766 1593 δέκα·
814 1538 912 1593 καί
957 1538 1056 1592 ἐπὶ
1111 1538 1216 1604 τὰς
1249 1539 1521 1608 κεφαλὰς
1557 1537 1746 1592 αὐτοῦ
1775 1532 1928 1590 ἑπτὰ

335 1631 691 1700 διαδήματα.

404 1727 516 1780 Kal
557 1725 723 1794 ὤφθη
762 1723 917 1777 ἄλλο
951 1722 1211 1793 σημεῖον
1246 1722 1316 1776 ἐν
1345 1719 1598 1790 οὐρανῷ.
1636 1750 1705 1760 -
1739 1722 1926 1787 Οὐρα-

333 1818 448 1871 νὸν
477 1816 712 1870 ἐνταῦθα
733 1816 972 1869 νοεῖσθαι
1000 1816 1091 1868 τὸν
1113 1817 1251 1886 ἀέρα
1272 1814 1590 1884 νομίζομενσ
1625 1812 1923 1880 δράκοντα

2045 617 2090 660 et
2133 606 2402 659 cruciatur
2428 605 2698 673 utpariat.

2100 716 2118 749 ι
2158 697 2399 752 Ecclesia
2434 695 2923 765 nnumquemlihet,
2950 700 3040 764 qui
3072 715 3136 755 ex
3175 716 3315 771 aqua
3335 710 3389 757 et
3409 702 3619 772 Spiritu

2024 799 2215 844 sancto
2271 799 2646 859 regeneratur,
2706 792 2977 860 tantisper
3030 795 3302 861 parturire
3365 795 3568 850 dicitur
3603 837 3618 859 ,

2030 882 2206 936 donec
2253 880 2509 937 Christus
2543 881 2595 934 in
2633 882 2739 935 illis
2791 881 3077 948 formetur,
3116 895 3174 938 ut
3223 886 3516 954 Apostolus
3545 887 3574 939 ι.
3599 917 3624 928 -

2038 977 2248 1045 quitur.
2286 977 2393 1046 50
2421 976 2850 1046 Comperiuntur
2881 978 3026 1030 enim
3064 978 3292 1032 abortivi
3324 980 3571 1034 nonnulli
3607 997 3621 1045 ;

2033 1071 2348 1138 cujusmodi
2400 1078 2530 1124 sunt
2563 1070 2655 1139 qui
2687 1085 2716 1124 a
2749 1086 2874 1124 vera
2924 1071 3068 1134 luce,
3103 1072 3196 1140 qui
3229 1071 3483 1126 Christus
3517 1085 3623 1135 est,

2030 1163 2390 1229 exciderunt;
2421 1164 2508 1232 qui
2565 1179 2674 1217 una
2725 1164 2888 1218 etiam
2923 1179 3050 1218 cum
3109 1164 3218 1218 vita
3271 1165 3615 1221 inﬁdelitatis

2043 1267 2273 1313 mortem
2311 1260 2603 1314 sustinent.
2638 1279 2656 1312 ι

2099 1349 2211 1411 XII,
2241 1352 2292 1405 5.
2325 1351 2391 1404 Et
2419 1353 2584 1405 visum
2617 1362 2694 1406 est
2733 1353 2881 1406 aliud
2913 1354 3122 1424 signant
3146 1356 3199 1408 in
3235 1356 3385 1422 caelo,
3415 1366 3466 1411 et
3509 1374 3626 1412 ecce

2026 1446 2190 1496 draco
2222 1460 2466 1514 magnus,
2514 1445 2687 1514 rufus,
2717 1445 2911 1499 habens
2941 1448 3118 1516 capita
3162 1458 3377 1518 septem,
3411 1459 3462 1504 et
3505 1468 3623 1506 cor-

2027 1550 2134 1586 nua
2171 1533 2366 1601 decem,
2403 1544 2452 1588 et
2484 1536 2538 1588 in
2571 1536 2830 1603 capitibus
2854 1536 2968 1606 ejus
3027 1538 3334 1594 diademata
3388 1551 3614 1612 septem.

2103 1711 2303 1766 Caelum
2341 1713 2443 1767 hoc
2493 1713 2615 1766 loco
2669 1728 2850 1768 aerem
2898 1714 3210 1786 Stguilicare
3257 1714 3626 1782 arbitramur;

2032 1804 2311 1858 draconem
2351 1815 2534 1860 autem
2568 1804 2772 1874 rufum,
2830 1815 3140 1876 serpentem
3195 1806 3350 1861 illum
3405 1809 3498 1879 qui
3557 1809 3630 1862 ob

333 1909 388 1961 δὲ
451 1907 702 1976 πυρρὸν,
745 1907 836 1960 τὸν
886 1905 1200 1958 πλασθέντα
1253 1900 1760 1971 ἐγκαταπαίζεσθαι
1821 1900 1926 1954 ὑπὸ

2054 1902 2085 1956 d
2121 1902 2378 1957 conditus
2407 1903 2551 1972 apud
2577 1900 2778 1957 Jobum
2831 1903 3115 1967 scribitur,
3146 1917 3257 1972 quo
3317 1903 3386 1957 ab
3421 1903 3630 1973 angelis

334 2001 451 2054 τῶν
481 2000 734 2070 ἀγγέλων
777 1999 871 2052 τοῦ
906 1997 1066 2064 Θεοῦ,
1102 1998 1178 2061 ὡς
1230 2001 1288 2050 ἐν
1321 1995 1397 2067 τῷ
1441 1995 1563 2048 ’1ὼὸ
1595 1995 1928 2065 γέγραπται.

335 2096 580 2166 Πυρῤὲν
608 2094 667 2148 δέ
706 2092 920 2158 τοῦτον,
955 2093 988 2162 ἢ
1023 2092 1114 2145 διὰ
1139 2091 1200 2145 τὸ
1250 2089 1473 2159 φονικὸν
1513 2087 1679 2142 αὐτοῦ
1722 2086 1818 2140 καὶ
1852 2089 1931 2140 al-

339 2187 605 2260 μοχαρὲς,
633 2187 666 2257 ἦ
700 2186 789 2240 διὰ
818 2186 881 2238 τὸ
912 2184 1166 2256 πυρῶδες
1191 2184 1291 2255 τῆς
1317 2181 1622 2251 ἁγγελικῆς
1647 2181 1858 2245 οὐσίας,
1884 2180 1933 2233 εί

337 2278 434 2331 καὶ
462 2277 572 2330 τῶν
607 2274 855 2345 ἀγγέλων
884 2274 1263 2328 ἐκπέπτωκεν.
1315 2273 1501 2328 Ἑπτὰ
1539 2273 1596 2326 δέ
1630 2273 1931 2341 κεφαλὰς,

338 2368 441 2432 τὰς
485 2369 628 2422 ἑπτὰ
676 2368 1054 2438 πονηροτάτας
1112 2365 1279 2420 αὑτοῦ
1331 2365 1615 2436 δυνάμεις,
1667 2367 1762 2419 καὶ
1813 2367 1934 2428 ταῖς

339 2461 743 2530 πνευματικαῖς
771 2458 1078 2528 ἐνεργείαις
1110 2458 1383 2520 ἐναντίας·
1416 2456 1450 2529 ἢ
1485 2456 1554 2511 τὰ
1588 2457 1729 2510 ἑπτὰ
1764 2457 1934 2510 πνεῦ-

343 2568 516 2624 ματν
547 2550 691 2623 ἅπερ
719 2551 777 2604 ἐν
805 2549 1160 2619 Εὑαγγελίοις
1193 2551 1220 2602 ὁ
1246 2547 1482 2619 Χριστὸς
1515 2549 1737 2620 εἴρηκεν
1767 2549 1934 2601 είσοι-

341 2644 594 2710 κίξεσθαι
619 2643 696 2711 τῷ
728 2643 1002 2713 ἀνθρώπῳ
1044 2642 1124 2712 τῷ
1153 2641 1550 2713 σεσαρωμένην
1578 2642 1676 2713 τὴν
1709 2641 1936 2712 καρδίαν

343 2739 442 2791 καὶ
470 2739 635 2808 κενὴν
673 2737 733 2802 ἐξ
766 2735 984 2805 ἀγαθῶν
1019 2735 1240 2789 ἐννοιῶν
1283 2735 1378 2788 καὶ
1423 2732 1678 2806 πράξεων
1725 2733 1932 2804 ἔχοντι·

343 2829 376 2900 ἦ
403 2829 544 2882 ἑπτὰ
572 2828 792 2893 κακίας,
821 2828 886 2891 ἃς
908 2844 1042 2898 φησι
1069 2827 1322 2898 Σολομῶν
1340 2829 1397 2880 ἐν
1570 2827 1771 2898 καρδίᾳ
1796 2821 1938 2880 εἶναι

344 2920 441 2974 τοῦ
478 2917 698 2991 ἐχθροῦ·
727 2921 877 2982 ὅστις
909 2919 1124 2990 μεγάλῃ
1176 2921 1240 2990 τῇ
1276 2921 1428 2990 φωνῇ
1455 2918 1565 2972 τῶν
1598 2919 1939 2988 πειθομένων

346 3015 514 3070 δεῖται
545 3013 670 3068 καθ’
692 3013 1006 3083 ὑπόκρισιν.
1045 3012 1127 3064 Τὰ
1154 3012 1209 3065 δὲ
1236 3011 1384 3066 δέκα
1413 3012 1631 3080 κέρατα
1659 3011 1937 3083 δηλοῦσιν,

347 3107 378 3176 ἢ
410 3104 480 3159 τὰ
519 3105 1069 3174 ἀντιδιαστελλόμενα
1097 3107 1218 3168 ταῖς
1253 3104 1388 3158 δέκα
1412 3107 1664 3174 νομικαῖς
1696 3104 1940 3169 ἐντολαῖς

352 3196 835 3268 πλημμελήματα,
890 3197 923 3267 ἢ
973 3195 1072 3260 τὰς
1125 3196 1422 3266 διαιρέσεις
1476 3196 1577 3266 τῆς
1626 3195 1940 3266 βασιλείας,

350 3290 502 3359 αὐτῷ
535 3290 744 3358 κόσμον
791 3287 1088 3359 φερούσας,
1125 3289 1200 3352 ὡς
1245 3290 1365 3351 ταῖς
1395 3287 1767 3359 διχοστασίαις
1818 3289 1943 3360 χαί-

351 3397 524 3452 ροντι.
557 3379 746 3432 Ἑπτὰ
773 3379 829 3432 δὲ
863 3377 1199 3447 διαδήματα
1247 3380 1317 3432 ἐν
1348 3378 1478 3444 ταῖς
1508 3379 1801 3448 κεφαλαῖς
1836 3381 1944 3434 αὐ-

352 3473 483 3526 τοῦ.
528 3472 676 3525 Διότι
725 3473 774 3524 ol
813 3473 916 3535 τὰς
971 3471 1298 3543 δαιμονικὰς
1350 3471 1634 3543 ἐνεργείας
1689 3472 1951 3536 νικῶντες

354 3565 566 3619 ἐκεῖθεν
592 3565 720 3628 τοὺς
743 3565 1047 3635 στεφάνους
1079 3564 1206 3638 [τῆς
1238 3565 1420 3639 νίκης]
1452 3566 1794 3636 κομίζονται,
1828 3566 1950 3621 ὅθεν

355 3664 544 3724 πόνοις
570 3660 666 3713 καὶ
715 3659 904 3730 ἱδρῶσι
935 3660 1035 3731 τὴν
1073 3659 1230 3731 νίκην
1276 3660 1500 3732 ἤραντο.
1551 3661 1687 3730 Περὶ
1723 3661 1780 3714 δὲ
1823 3659 1949 3714 τού-

353 3772 464 3808 των
494 3755 588 3807 καὶ
619 3754 646 3806 ὁ
684 3753 956 3825 μακάριος
988 3753 1252 3818 Μεθόδιός
1301 3769 1468 3824 φησιν
1517 3752 1689 3817 οὕτως
1739 3755 1832 3807 ἐπὶ
1869 3755 1956 3807 λέ·-

355 3849 512 3914 ξεως·
555 3845 608 3899 Ὀ
636 3846 870 3915 δράκων
905 3851 937 3901 ό
953 3847 1145 3918 μέγας
1173 3849 1205 3900 ὁ
1236 3847 1486 3916 πιυόρὸς,
1536 3851 1569 3902 ό
1620 3848 1957 3918 ἐπτακέφα-

353 3945 486 4006 λος,
519 3942 552 3994 ό
581 3940 786 4008 σύρων
813 3939 876 3992 τὸ
906 3938 1108 4007 τρίτον
1127 3937 1246 3992 τῶν
1272 3940 1565 4008 ἀστέρων,
1595 3939 1663 4005 ὃς
1694 3939 1957 4008 ἕστηκεν

357 4028 698 4098 ἐφεδρεύων
734 4028 836 4081 ἵνα
875 4027 942 4080 τὸ
984 4027 1202 4082 τέκνον
1241 4029 1351 4097 τῆς
1390 4029 1729 4096 ὼδινούσης
1774 4048 1956 4085 κατα-

359 4118 545 4188 φάγῃ,
593 4121 625 4171 δ
684 4116 966 4183 διάϐολός
1013 4117 1210 4184 ἐστιν,
1264 4118 1384 4191 ικαι
1438 4119 1507 4173 τὰ
1563 4119 1734 4192 ἑξῆς]
1803 4106 1959 4176 Ἀλλ’

361 4211 618 4281 ἁστοχεῖ
637 4211 734 4264 καὶ
759 4210 1098 4280 σφάλλεται
1117 4211 1228 4280 τῆς
1252 4211 1457 4280 ἄκρας,
1480 4211 1602 4266 ἄνω
1625 4213 1775 4282 πρὸς
1800 4213 1961 4282 ὕψος

363 4302 788 4372 ἁρπαζομένων
816 4302 935 4356 τῶν
960 4304 1608 4373 ἀναγεννωμένων.Καὶ
1642 4305 1760 4376 μετ’
1781 4305 1957 4374 ὀλίγον

372 4397 579 4463 Τρίτον
607 4395 674 4448 δὲ
715 4395 834 4449 τῶν
884 4395 1157 4464 ἀστέρων
1204 4395 1432 4465 ἐκλήθη
1468 4397 1672 4467 μέρος,
1723 4400 1777 4452 οἱ
1829 4398 1963 4468 περὶ

364 4487 473 4540 ἕνα
503 4487 609 4540 τοῦ
640 4489 891 4557 ἀριθμοῦ
928 4487 1038 4557 τῆς
1071 4489 1246 4557 ἁγίας
1282 4489 1322 4542 Τ
1317 4489 1530 4558 ριιίδος
1563 4491 1960 4560 ἐσφαλμένοι·

1970 3244 2020 3308 C

2036 1995 2132 2050 Dei
2161 1995 2472 2051 deludetur.
2527 1995 2701 2051 Vocat
2750 2006 2934 2051 autem
3002 1996 3154 2050 illum
3216 1996 3421 2065 rufum,
3482 1997 3628 2066 quod

2036 2089 2169 2146 caedi
2199 2099 2255 2145 et
2283 2089 2537 2160 sanguini
2570 2089 2790 2145 deditus
2836 2089 2938 2154 sit;
2971 2098 3066 2144 aut
3094 2090 3241 2160 quod
3297 2088 3622 2158 angelorum

2035 2193 2232 2238 natura
2277 2183 2547 2238 habeatur
2596 2165 2795 2254 ignea,
2825 2181 3037 2237 etiamsi
3082 2192 3305 2254 peccato
3362 2182 3634 2236 contami-

2037 2284 2164 2330 nata
2187 2275 2278 2332 sit.
2310 2273 2414 2330 Per
2463 2283 2657 2343 septem
2682 2275 2882 2344 capita,
2911 2283 3120 2345 septem
3155 2274 3448 2345 nequiores
3483 2271 3633 2327 illius

2035 2369 2272 2425 virtutes
2334 2367 2681 2439 spiritalibus
2715 2365 2928 2424 viribus
2980 2378 3034 2424 et
3069 2367 3487 2439 Operationibus
3531 2367 3633 2422 ad-

2037 2476 2227 2516 versas
2258 2459 2619 2531 intelligimus
2652 2477 2665 2514 :
2706 2469 3036 2530 autseptem
3070 2459 3194 2514 illos
3231 2475 3472 2530 nequam
3523 2458 3631 2530 spi-

2039 2550 2201 2618 ritus,
2227 2568 2368 2623 quos
2385 2552 2639 2608 Christus
2667 2552 2722 2607 in
2753 2552 3050 2630 Evangelio
3082 2552 3136 2606 in
3161 2551 3388 2606 homine
3421 2551 3515 2606 illo
3534 2552 3636 2606 ha-

2041 2649 2243 2704 bitasse
2274 2649 2538 2714 asseruit,
2565 2647 2660 2718 qui
2693 2647 2877 2702 cordis
2907 2646 3245 2702 domicilium
3274 2644 3458 2715 scopis
3479 2659 3640 2698 mun-

2040 2741 2228 2796 datum
2267 2740 2526 2806 habebat,
2578 2741 2683 2794 hoc
2711 2748 2795 2795 est
2850 2755 2879 2794 a
2916 2739 3080 2794 bonis
3129 2738 3562 2814 cogitationibus
3584 2743 3642 2792 et

2042 2827 2302 2899 operibus
2342 2843 2599 2882 vacuum.
2629 2831 2738 2882 Aut
2775 2839 2982 2898 septem
3030 2828 3331 2898 nequitias,
3360 2842 3498 2899 quas
3533 2826 3640 2882 Sa-

2045 2923 2228 2976 lomon
2255 2921 2310 2975 in
2342 2921 2511 2977 corde
2560 2921 2770 2976 inimici
2813 2921 3080 2976 exsistere
3112 2921 3375 2985 ostendit,
3404 2921 3498 2992 qui
3545 2936 3643 2991 per

2046 3013 2458 3067 simulationem
2489 3029 2620 3068 voce
2652 3029 2850 3083 magna
2911 3013 3142 3082 supplex
3184 3012 3293 3068 illis
3334 3011 3558 3082 ﬁtquos
3584 3011 3641 3065 in

2046 3104 2374 3159 sententiam
2408 3120 2563 3159 suam
2581 3105 2775 3159 callide
2806 3104 3096 3176 pertraxit.
3125 3104 3310 3158 Decem
3342 3119 3503 3175 porro
3521 3120 3639 3157 cor-

2046 3213 2176 3260 nua,
2206 3195 2390 3251 decem
2426 3207 2648 3266 peccata
2672 3197 2860 3251 decem
2893 3197 3160 3265 legalibus
3186 3195 3474 3266 praeceptis
3515 3210 3646 3250 con-

2053 3286 2222 3341 traria
2235 3286 2493 3341 denotare
2511 3296 2766 3356 putamus
2783 3286 3215 3357 :gAutimundani
3236 3287 3388 3356 regni
3414 3285 3642 3342 divisio-

2052 3395 2200 3446 nem,
2230 3394 2352 3449 quae
2385 3379 2484 3448 ipsi
2517 3390 2778 3448 tanquam
2807 3376 3173 3431 seditionibus
3201 3376 3459 3447 gaudenti
3483 3375 3645 3431 volu-

2053 3479 2257 3541 ptatem
2275 3469 2416 3540 parit
2433 3485 2542 3524 non
2559 3469 2859 3540 vulgarem.
2882 3468 3091 3540 Septem
3110 3477 3293 3524 autem
3315 3469 3645 3534 diademata,

2055 3563 2111 3619 in
2133 3564 2354 3619 totidem
2378 3563 2523 3618 illius
2540 3563 2896 3633 capitibusob
2916 3563 2970 3618 id
2990 3563 3250 3619 dicuntur
3277 3561 3478 3635 posita,
3498 3563 3644 3634 quod

2058 3657 2311 3712 homines
2364 3656 2664 3711 diabolicas
2715 3657 2860 3712 vires
2898 3664 2951 3712 et
3003 3654 3642 3727 suggestionesimpigre

2057 3757 2458 3818 expugnantes,
2497 3763 2736 3803 coronas
2782 3747 2909 3803 inde
2950 3748 3281 3818 deportent,
3344 3747 3490 3801 unde
3547 3762 3650 3817 per

2059 3839 2282 3894 labores
2339 3848 2504 3909 atque
2576 3838 2811 3894 sudores
2863 3839 3150 3894 victoriam
3213 3837 3530 3892 retulerant.
3573 3835 3651 3891 De

2063 3931 2147 3986 his
2187 3933 2380 3987 beatus
2432 3932 2742 3988 Methodius
2794 3931 2862 3987 ad
2922 3933 3068 3987 hunc
3133 3931 3360 3985 modum
3417 3928 3646 3984 scribit:

2062 4026 2239 4079 Draco
2274 4043 2517 4096 magnus,
2553 4027 2728 4096 rufus,
2759 4036 2810 4080 et
2847 4026 3131 4094 septiceps,
3164 4025 3256 4095 qui
3283 4024 3493 4078 tertiam
3525 4023 3654 4078 stel-

2065 4120 2238 4172 larum
2264 4129 2469 4189 partem
2490 4118 2674 4183 trahit,
2701 4120 2892 4189 quique
2923 4119 2976 4171 in
3005 4117 3238 4182 insidiis,
3261 4126 3315 4171 ut
3345 4116 3653 4185 parturien-

2067 4216 2135 4269 tis
2166 4215 2337 4284 [ilium
2368 4215 2597 4276 devoret.
2631 4215 2895 4281 consistit,
2930 4212 3176 4267 diabolus
3204 4221 3302 4266 est.
3339 4211 3407 4266 Et
3463 4211 3656 4282 paucis

2067 4309 2372 4378 interiectis
2406 4327 2418 4362 :
2448 4307 2553 4362 Sed
2585 4307 2820 4377 fallitur,
2854 4306 3152 4376 prazdazque
3201 4321 3293 4375 spe
3350 4305 3657 4375 frustratur

2066 4402 2386 4471 regeneratis
2401 4416 2493 4469 per
2515 4400 2834 4468 baptismum
2869 4415 3078 4452 sursum
3107 4399 3160 4450 in
3193 4396 3418 4452 sublime
3460 4397 3652 4467 raptis.

2066 4495 2133 4548 Et
2164 4494 2329 4564 paulo
2359 4503 2482 4564 post
2515 4483 2770 4548 rursunt':
2798 4491 2976 4545 Tertia
3009 4500 3184 4544 autem
3210 4490 3482 4544 stellarum
3507 4504 3654 4557 pars,

365 4582 408 4649 ἢ
434 4580 503 4634 δὲ
536 4581 759 4649 ἕρημος
784 4584 868 4643 είς
894 4579 973 4648 ῆν
998 4581 1265 4636 ἐλθοῦσα
1298 4583 1592 4651 τρέφεται,
1624 4584 1662 4651 ἠ
1705 4583 1945 4650 Ἐκκλη·

2066 4588 2318 4641 dicuntur
2357 4586 2438 4640 illi
2497 4588 2586 4656 qui
2631 4587 2685 4639 in
2711 4592 2914 4638 sancta:
2948 4582 3230 4636 Trinitatis
3263 4595 3479 4634 numero
3511 4579 3656 4632 circa

365 4675 475 4729 σία
499 4675 540 4742 ὴ
576 4673 779 4728 κακῶν
821 4675 1061 4743 ἕρημος,
1098 4675 1195 4728 καὶ
1240 4675 1446 4743 στεῖρα
1493 4673 1741 4744 φθορᾶς.
1789 4676 1863 4731 Τὰ
1891 4676 1958 4729 δὲ

366 4767 554 4836 χίλια,
613 4767 782 4838 φησὶ,
818 4769 926 4821 τὸν
989 4767 1444 4822 ἐνέκατοντάσι
1493 4773 1960 4824 πολλαπλασια-

370 4861 597 4916 σθέντα
624 4862 863 4916 τέλειον
887 4863 1139 4932 ἀριθμὸν
1170 4863 1270 4915 καὶ
1307 4862 1509 4929 πλήρη
1537 4861 1819 4930 περιέχει.
1853 4862 1963 4915 Καὶ

373 4956 497 5027 ἑξῆς
525 4974 660 5028 φησι
697 4958 826 5029 περὶ
859 4957 968 5010 τῶν
1003 4956 1287 5025 στεφάνων
1332 4955 1521 5009 αὑτοῦ·
1569 4957 1628 5012 Ἡ
1666 4953 1745 5008 δὲ’
1782 4973 1962 5009 κατα-

375 5048 755 5119 γωνισαμένη
784 5049 935 5105 κατὰ
965 5051 1070 5104 τοῦ
1101 5050 1386 5104 διαϐόλου
1413 5051 1705 5118 πρότερον
1730 5049 1827 5103 καί
1869 5067 1965 5102 νε-

376 5135 665 5202 κρώσασα
698 5136 803 5204 τὰς
833 5138 984 5192 ἑπτὰ
1012 5139 1303 5207 κεφαλὰς,
1326 5137 1444 5191 τῶν
1469 5137 1618 5192 ἑπτὰ
1649 5141 1966 5209 στεφάνων

378 5227 488 5297 τῆς
516 5229 736 5298 ἀρετῆς
764 5231 1059 5298 ἐγκρατὴς
1087 5231 1334 5300 γίνεται.

447 5325 556 5378 Καὶ
580 5326 617 5393 ή
650 5328 798 5393 οὐρὰ
827 5327 1013 5380 αὑτοῦ
1041 5327 1210 5395 σύρει
1237 5326 1302 5379 τὸ
1331 5325 1531 5394 τρίτον
1554 5325 1672 5380 τῶν
1697 5325 1968 5395 ἀστέρων

380 5413 506 5485 [τοῦ
541 5417 854 5489 οὐρανοῦ·]
902 5418 998 5472 καὶ
1031 5419 1249 5471 ἔϐαλεν
1293 5417 1517 5484 αὐτοὺς
1555 5424 1642 5484 εις
1680 5419 1796 5486 τὴν
1831 5418 1964 5489 γῆν.

449 5509 560 5564 Kal
589 5510 628 5579 ἦ
662 5511 809 5580 οὐρὰ
837 5512 1059 5576 αὑτοῦ,
1091 5513 1260 5579 σύρει
1300 5512 1364 5565 τὸ
1400 5513 1601 5579 τρίτον
1639 5512 1756 5565 τῶν
1794 5511 1966 5567 ἀστέ·

377 5616 517 5666 ρων.
550 5631 620 5640 —-
652 5602 752 5654 Διὰ
785 5602 999 5663 τούτου,
1033 5601 1126 5654 δύο
1158 5601 1280 5654 τινὰ
1314 5601 1607 5672 δηλοῦσθαι
1650 5602 1966 5674 νομίζομεν·

381 5692 412 5762 ἦ
443 5693 542 5766 τὴν
567 5696 841 5765 προτέραν
877 5696 1042 5749 αὑτοῦ
1077 5695 1137 5760 ἐξ
1169 5695 1398 5765 οὐρανοῦ
1437 5696 1669 5762 πτῶσιν,
1719 5701 1816 5765 τὴν
1845 5699 1970 5761 τοὶς

387 5787 480 5838 σὺν
511 5787 663 5858 αὐτῷ
695 5789 1013 5852 ἀποστάτας
1043 5789 1312 5858 ἀγγέλους
1353 5788 1442 5842 διὰ
1471 5789 1564 5842 τοῦ
1612 5787 1842 5859 ἐσχάτοῦ
1887 5808 1971 5842 κι-

384 5882 622 5954 νήματος
652 5883 744 5936 τοῦ
777 5883 972 5952 φθόνου
1006 5881 1167 5955 [πρδς
1199 5881 1324 5955 γῆν]
1350 5886 1759 5956 κατασύραταψ
1801 5885 1974 5956 [πρῶ-

2063 4697 2226 4732 unum
2247 4688 2450 4734 errant.
2493 4677 2562 4730 At
2591 4677 2879 4742 desertum,
2909 4677 2962 4728 in
2985 4675 3122 4746 quod
3156 4671 3396 4727 Ecclesia
3432 4672 3656 4726 commi-

2065 4790 2223 4844 grans
2246 4773 2504 4838 nutritur,
2530 4780 2605 4826 est
2649 4772 2795 4825 locus
2818 4787 2850 4824 a
2887 4768 3040 4823 malis
3073 4768 3354 4829 immunis,
3383 4766 3657 4836 anulisque

2066 4869 2420 4937 corruptionis
2439 4882 2642 4935 expers.
2675 4863 2855 4918 Millia
2876 4873 3050 4918 autem
3068 4879 3161 4933 per
3197 4869 3412 4915 centena
3470 4859 3658 4912 multi-

2066 4963 2292 5032 plicata,
2324 4978 2599 5015 numerum
2631 4960 2896 5013 continent
2936 4958 3225 5028 perfectum
3249 4965 3299 5009 et
3317 4954 3552 5024 plenum.
3586 4951 3662 5006 De

2072 5053 2295 5106 coronis
2324 5067 2488 5121 porro
2528 5051 2716 5106 isthaee
2759 5051 3030 5120 subjungit
3057 5067 3074 5105 :
3103 5047 3229 5103 lla'c
3258 5055 3434 5100 autem
3469 5045 3523 5098 in
3544 5059 3660 5097 cer-

2074 5148 2269 5201 tamine
2288 5146 2536 5200 adversus
2555 5144 2826 5199 diabolum
2842 5144 3156 5213 praevalens,
3175 5150 3470 5210 septemque
3486 5137 3662 5206 capita

2072 5239 2219 5293 illius
2249 5239 2406 5292 morti
2432 5239 2646 5305 dedens,
2685 5238 2913 5307 septenis
2933 5238 3188 5291 virtutum
3207 5233 3414 5288 coronis
3433 5230 3656 5301 potitur.

2145 5334 2262 5400 XII,
2288 5336 2342 5389 4.
2378 5333 2446 5386 Et
2476 5333 2651 5386 cauda
2707 5331 2854 5386 illius
2888 5332 3128 5386 trahebat
3188 5327 3400 5380 tertiam
3443 5331 3652 5392 partem

2073 5428 2354 5482 stellarum
2378 5426 2517 5490 cali,
2558 5435 2606 5479 et
2642 5425 2786 5478 misit
2808 5439 2896 5478 eas
2934 5424 2991 5476 in
3017 5431 3232 5475 terram.

2149 5516 2249 5570 Per
2272 5515 2385 5570 haec
2408 5515 2734 5569 alterutrum
2784 5528 2813 5567 c
2841 5512 3058 5566 duobus
3087 5505 3386 5579 signiﬁcari
3423 5505 3621 5580 opinor
3643 5545 3663 5572 ,

2074 5609 2157 5663 vel
2187 5609 2425 5679 primum
2475 5606 2691 5662 luciferi
2742 5622 2772 5662 e
2827 5606 2967 5662 caalo
3004 5618 3214 5667 casum,
3257 5615 3368 5672 quo
3421 5599 3667 5670 angelos.

2075 5703 2166 5774 qui
2205 5718 2300 5773 per
2327 5713 2632 5757 extremum
2684 5699 2903 5755 invidia:
2931 5708 3142 5753 motum
3198 5710 3300 5748 una
3359 5709 3485 5748 cum
3548 5695 3666 5763 ipso

2077 5811 2106 5850 a
2138 5794 2246 5850 Deo
2274 5795 2643 5860 desciverunt,
2677 5795 2937 5849 deorsum
2981 5789 3182 5857 traxit;
3217 5789 3454 5860 (primus
3518 5790 3666 5842 enim

2077 5888 2322 5942 omnium
2349 5897 2531 5943 motus
2564 5888 2765 5943 mentis
2800 5896 2917 5942 erat
2947 5883 3141 5955 elatio)
3179 5891 3316 5952 ;aut
3354 5891 3478 5952 post
3511 5891 3669 5953 eaput
