4040 6586
353 364 464 427 3Ξ3

1516 349 1846 413 ΑΝΟΒΕ.¹Ε
1871 341 2421 416 ICIESARIENSIS

3524 338 3632 404 32!

353 485 501 540 illius
529 480 848 549 contritum,
876 476 1065 533 caudae
1117 472 1363 544 ejusdem
1400 471 1781 542 agitationem.
1811 468 1935 524 llwc

2065 484 2130 520 ὀν
2174 465 2281 538 γάρ
2331 468 2364 537 ἡ
2401 460 2679 537 ἔπαρσις]
2722 462 2755 535 ἦ
2798 462 2896 535 τὴν
2944 460 3083 533 μετὰ
3116 459 3179 514 τὸ
3207 458 3504 531 θλασθῆναι
3533 462 3633 531 τὴν

351 576 499 633 enim
530 573 780 630 homines
794 570 980 626 animo
996 566 1304 634 instabiles,
1322 580 1387 620 ex
1414 563 1516 635 51
1534 563 1744 619 caelesti
1769 576 1934 618 sensu

353 680 407 726 et
436 665 855 725 conversatione
875 662 1134 717 deorsum
1158 659 1226 715 ad
1249 668 1466 714 terrena
1491 655 1713 727 abripit.
1746 653 1939 709 Nomi-

355 759 625 818 nanturhi
659 766 840 812 autem
866 752 1270 824 metaphoricos
1292 750 1483 815 stellio,
1517 759 1735 819 propter
1758 746 1939 816 splen-

354 858 540 911 dorem
568 866 728 923 quem
762 865 827 904 ex
882 857 1076 902 sancto
1124 844 1451 915 baptismate
1499 843 1825 896 hauserunt.
1861 839 1940 892 Ita

356 957 593 1012 namque
626 940 889 1011 propheta
924 936 1115 991 Daniel
1150 935 1219 990 de
1258 933 1552 995 Antiocho,
1592 931 1685 1002 qui
1723 929 1939 986 venturi

356 1037 484 1091 olim
518 1031 844 1087 Antichristi
876 1040 1061 1101 typum
1104 1027 1345 1100 gerebat,
1380 1025 1712 1081 vaticinatus
1728 1035 1832 1079 est.

426 1123 491 1177 Et
527 1123 691 1177 draco
731 1122 872 1177 stetit
916 1132 1036 1173 ante
1074 1119 1341 1172 mulierem
1380 1133 1495 1187 qute
1527 1126 1642 1170 erat
1672 1116 1939 1185 paritura,

355 1232 432 1285 u',
469 1236 585 1273 cum
613 1220 915 1287 peperisset,
935 1218 1105 1286 ﬁlium
1134 1216 1247 1285 ejus
1264 1214 1563 1271 devoraret.

427 1392 703 1448 Continuo
757 1407 995 1461 namque
1025 1401 1272 1462 apostata
1319 1394 1586 1447 adversus
1636 1389 1942 1447 Ecclesium

358 1488 409 1538 in
444 1482 613 1537 armis
644 1483 932 1548 consistit,
986 1483 1110 1539 illos
1150 1483 1242 1553 qui
1288 1498 1388 1553 pro
1439 1492 1684 1554 tempore
1743 1485 1795 1539 in
1854 1484 1943 1539 illa

359 1585 769 1644 regi-nerantur,
822 1574 874 1628 in
918 1590 1097 1629 escam
1151 1590 1306 1629 suam
1357 1584 1569 1630 vertere
1602 1574 1761 1630 enixe
1809 1590 1945 1630 con-

356 1669 605 1723 tendens.
642 1668 749 1721 Ant
780 1666 963 1722 verius
993 1682 1091 1736 per
1125 1665 1425 1721 Ecclesium
1450 1666 1729 1723 Christum
1766 1669 1944 1739 ipsum

360 1760 707 1830 persequitur
737 1768 997 1829 tanquam
1037 1760 1183 1815 illius
1214 1771 1412 1831 caput;
1450 1761 1542 1831 qui
1576 1762 1799 1831 proinde
1824 1777 1946 1833 qua:

2024 559 2287 629 ,κεφαλὴν
2319 557 2509 613 αὑτοῦ.
2544 558 2790 627 Οὐραίαν
2817 556 3056 627 κίνησιν,
3103 554 3230 619 τοὺς
3260 553 3633 628 ἀστηρίκτους

2043 651 2487 721 κατενεγκοῦσαν
2513 651 2578 705 ὲκ
2607 650 2702 703 τοῦ
2742 648 2998 720 οὐρανίου
3026 650 3399 721 φρονήματος,
3448 648 3631 703 dats-

2037 762 2151 813 ρας
2182 744 2459 815 τροπικῶς
2487 741 2915 812 ὀνομασθέντας,
2946 741 3037 795 διὰ.
3064 739 3163 813 τὴν
3196 743 3261 794 ὲκ
3289 738 3386 794 τοῦ
3423 739 3627 813 [ἀγίου]

2046 836 2427 908 βαπτίσματος
2475 835 2863 907 λαμπρότητα.
2905 834 3062 891 Οὖτω
3118 833 3228 906 γάρ
3290 834 3386 887 καὶ
3430 832 3634 903 Δανιὴλ

2044 931 2175 998 περὶ
2219 929 2498 999 Ἀντιόχου
2531 929 2967 999 προεφήτευσεν,
3018 925 3108 991 ὡς’
3147 926 3417 997 ἐσομένου
3464 928 3631 981 τόπου

2042 1020 2145 1091 τῆς
2176 1019 2270 1073 τοῦ
2312 1018 2688 1089 ’Δντιχρίστου
2720 1018 3010 1082 ἐλεύσεως.

2115 1114 2226 1168 Kal
2258 1116 2291 1168 ὁ
2320 1111 2558 1180 δράκων
2587 1110 2852 1179 ἕστηκεν
2878 1110 3140 1165 ἐνώπιον
3189 1109 3300 1177 τῆς
3344 1106 3633 1179 γυναικὸς

2042 1205 2155 1274 τῆς
2178 1206 2533 1275 μελλούσης
2582 1204 2780 1259 τεκεῖν
2809 1221 2823 1234 ·
2879 1204 2983 1257 ἵνα
3022 1203 3170 1257 ὅταν
3202 1205 3369 1271 τέκῃ,
3406 1201 3472 1255 τὸ
3524 1198 3620 1254 τέ-

2046 1316 2197 1354 κνον
2223 1298 2413 1367 αὐτῆς
2439 1297 2775 1371 καταφάγῃ.

2117 1390 2230 1446 Kal
2262 1394 2295 1445 ὁ
2324 1390 2561 1461 δράκων
2590 1392 2850 1460 ἕστηκεν
2878 1389 3140 1444 ἐνώπιον
3170 1386 3279 1457 τῆς
3313 1386 3620 1457 γυναικός.

2046 1514 2117 1526 --
2159 1483 2271 1537 Ἀεὶ
2301 1483 2410 1556 γὰρ
2466 1486 2494 1537 6
2526 1484 2843 1556 ἀποστάτης
2885 1482 3114 1553 ἀντικρὺ
3153 1480 3255 1551 τῆς
3301 1479 3630 1548 Ἐκκλησίας

2047 1576 2353 1643 όπλίξεται,
2414 1577 2541 1641 τοὺς
2598 1574 3082 1644 ἀναγεννωμένους
3132 1571 3276 1626 κατά
3331 1569 3524 1642 καιρὸν
3573 1564 3636 1633 ἐξ

2048 1670 2241 1740 αὐτῆς,
2269 1670 2469 1725 οίκεϊον
2500 1668 2695 1740 βρῶμα
2729 1666 3002 1722 ποιεῖσθαι
3031 1665 3361 1737 ὀρεγόμενος
3390 1682 3403 1695 ·
3431 1664 3634 1735 μᾶλλον

2050 1763 2132 1826 δὲ,
2178 1763 2266 1817 διὰ
2297 1764 2396 1835 τῆς
2439 1762 2768 1833 Ἐκκλησίας
2800 1760 2895 1815 καὶ
2930 1759 3093 1814 αὐτὸν
3116 1759 3213 1812 τὸν
3238 1759 3472 1830 Χριστὸν
3499 1756 3632 1812 διώ-

361 1852 601 1906 lidelium
630 1861 759 1908 sunt
793 1852 1034 1923 propria,
1070 1852 1171 1906 sibi
1200 1852 1462 1907 vindicat.
1496 1851 1678 1919 Quare
1704 1854 1771 1908 ad
1809 1852 1948 1907 Snu-

2065 1874 2188 1923 ιιων,
2221 1855 2297 1920 ὡς
2353 1855 2599 1927 κεφαλὴν
2627 1856 2818 1924 αὐτῆς,
2869 1853 2936 1907 τὰ
2968 1852 3078 1906 τῶν
3136 1849 3347 1905 πιστῶν
3398 1848 3635 1905 οἰκειού⁹

361 1946 474 1999 lum
500 1944 721 2000 aiebat:
760 1943 943 2010 Saule,
977 1942 1161 2011 Saule,
1191 1946 1317 2015 quid
1350 1962 1431 2000 me
1466 1948 1785 2016 persequeris
1809 1947 1891 2001 ”?

427 2034 544 2101 XII,
581 2037 635 2092 5.
670 2036 736 2091 Et
770 2036 972 2107 peperit
1003 2036 1176 2104 ﬁlium
1215 2038 1537 2103 masculum,
1584 2038 1674 2108 qui
1705 2047 1944 2094 recturus

356 2138 471 2181 erat
498 2143 677 2182 omnes
710 2137 887 2199 gentes
919 2128 971 2180 in
1003 2127 1153 2198 virga
1180 2127 1375 2196 ferrea.

432 2220 672 2276 Ecclesia
712 2236 806 2291 per
855 2234 950 2275 eos
982 2219 1076 2290 qui
1127 2219 1402 2291 baptismo
1446 2221 1757 2288 initiantur,
1809 2224 1947 2278 citra

360 2310 829 2367 intermissionem
876 2320 1103 2382 generat
1159 2312 1478 2381 Christum;
1526 2322 1717 2385 utp0te
1748 2317 1802 2371 in
1842 2316 1948 2372 illis

362 2403 711 2460 formandum
739 2420 914 2474 usque
941 2404 1007 2459 ad
1030 2417 1467 2460 consummatam
1491 2406 1753 2472 spiritalis
1772 2408 1948 2463 aetatis

360 2498 781 2567 plenitudinem.
832 2496 1090 2552 Ecclesia:
1143 2508 1323 2552 autem
1362 2498 1615 2569 populus,
1649 2500 1692 2554 is
1726 2500 1946 2557 demum

365 2588 510 2642 ﬁlius
551 2588 829 2642 masculus
865 2596 1011 2641 recte
1044 2587 1368 2657 appellatur,
1416 2587 1509 2657 qui
1548 2588 1731 2643 carnis
1792 2588 1949 2643 volu-

364 2681 606 2752 ptatibus
633 2696 1006 2751 sensuumque
1038 2679 1307 2735 illecebris
1324 2694 1431 2733 non
1463 2678 1752 2750 frangitur,
1774 2695 1950 2749 neque

365 2774 642 2843 dejicitur,
677 2774 767 2829 sed
798 2772 984 2827 animo
1008 2771 1245 2826 infracto
1274 2772 1326 2824 in
1357 2770 1533 2825 ollieio
1559 2770 1820 2839 persistit.
1852 2770 1951 2825 Per

367 2882 531 2938 quem
585 2882 729 2920 nunc
777 2864 995 2933 quidem
1047 2862 1302 2918 Christus
1364 2864 1506 2918 Deus
1544 2862 1947 2927 Romanorum,

366 2961 621 3015 manibus
656 2958 814 3029 quasi
846 2956 1050 3013 ferrum
1115 2957 1381 3022 robustis,
1418 2967 1604 3028 gentes
1648 2957 1825 3027 regit;
1860 2972 1949 3012 re-

365 3061 557 3107 cturus
579 3051 795 3105 easdem
833 3058 954 3120 post
984 3065 1332 3105 communem
1355 3064 1575 3119 quoque
1607 3058 1947 3104 mortuorum

366 3141 849 3198 resurrectionem.
886 3139 1202 3195 Constituet
1243 3138 1390 3193 enim
1420 3138 1635 3208 judices
1674 3138 1779 3193 [ide
1810 3139 1949 3193 vali-

2052 1964 2238 2019 μενον.
2257 1948 2349 2001 Διὸ
2368 1948 2484 2011 καὶ,
2504 1946 2724 2011 Σαῦλε,
2745 1945 2967 2011 Σαῦλε,
2985 1946 3043 1999 τί
3059 1960 3136 2014 με
3155 1941 3387 2007 διώκεις
3407 1958 3423 2005 ;
3457 1941 3633 2009 ἔλεγε.

2119 2040 2230 2096 Kal
2254 2040 2461 2095 ἔτεκεν
2486 2038 2621 2094 υἱὸν
2645 2038 2867 2108 ἄρρενα
2898 2054 2913 2068 ·
2947 2036 3015 2105 ὃς
3042 2035 3261 2107 μέλλει
3293 2033 3638 2105 ποιμαίνειν

2049 2133 2246 2190 πάντα
2276 2136 2350 2188 τὰ
2376 2133 2522 2201 ἔθνη
2547 2131 2754 2201 ῥάϐδῳ
2778 2130 3019 2201 σιδηρᾷ.

2119 2226 2229 2281 Kal
2250 2224 2457 2279 ἔτεκεν
2476 2224 2612 2279 υἱὸν
2643 2222 2884 2292 ἀρῤενα.
2920 2251 2987 2263 -
3007 2220 3282 2292 Διηνεκῶς
3314 2220 3349 2290 ἡ
3409 2215 3639 2286 Ἐκκλη-

2053 2316 2145 2372 σία
2175 2317 2264 2370 διὰ
2294 2317 2405 2369 τῶν
2435 2314 2853 2387 βαπτιζομένων
2878 2312 2969 2367 τδν
2997 2313 3233 2385 Χριστὸν
3258 2312 3445 2382 γεννᾷ,
3475 2308 3551 2372 ὡς
3578 2310 3638 2361 ἐν

2052 2408 2283 2471 ἐκείνοις
2315 2407 2699 2479 μορφούμενον
2746 2406 2876 2479 ἀχρι
2908 2407 3008 2477 τῆς
3057 2402 3511 2476 συμπληρώσεως
3536 2398 3639 2470 τῆς

2051 2499 2429 2571 πνευματικῆς
2454 2500 2693 2571 ἡλικίας,
2719 2501 2865 2553 κατά
2894 2499 2987 2552 τὸν
3024 2496 3371 2551 Ἀπόστολον.
3411 2495 3640 2564 Ἀρῤην

2050 2592 2108 2647 δὲ
2136 2592 2285 2660 υίὸς,
2325 2593 2354 2646 6
2390 2592 2494 2663 τῆς
2540 2593 2877 2665 Ἐκκλησίας
2911 2591 3062 2659 λαὸς,
3113 2592 3208 2646 καὶ
3249 2593 3371 2652 ταῖς
3420 2588 3639 2659 ἡδοναῖς

2051 2684 2349 2755 ἀθήλυντος
2374 2703 2389 2717 ·
2419 2685 2488 2739 δι’
2520 2677 2582 2738 οὗ
2614 2684 2756 2758 [καὶ]
2782 2685 2884 2757 ήδη
2918 2684 3019 2756 μὲν
3050 2686 3172 2747 ταῖς
3226 2682 3337 2735 τῶν
3393 2680 3638 2733 δυνατῶν

2064 2776 2353 2847 Ῥωμαίων
2387 2778 2548 2850 χερσὶ
2576 2781 2698 2843 ταῖς
2737 2780 3032 2849 κραταιαῖς
3075 2776 3149 2840 ὡς
3192 2778 3221 2829 6
3280 2775 3521 2846 σίδηρος,
3570 2773 3640 2825 τὰ

2053 2868 2180 2941 ἔθνη
2203 2869 2465 2941 ὲποίμανε
2499 2871 2735 2942 Χριστὸς
2756 2873 2784 2925 6
2816 2870 2970 2934 Θεός.
2995 2870 3263 2939 Ποιμανεί
3293 2867 3349 2919 δὲ
3380 2865 3475 2920 καὶ
3498 2862 3637 2935 μετά

2053 2962 2150 3033 τὴν
2198 2964 2263 3017 ὲκ
2295 2962 2508 3033 νεκρῶν
2559 2962 2879 3030 ἀνάστασιν,
2930 2962 3126 3032 κριτὰς
3182 2958 3458 3014 καθιστῶν
3509 2955 3637 3017 τοὺς

2057 3054 2312 3125 ἰσχυροὺς
2326 3058 2391 3127 τῇ
2420 3055 2605 3109 πίστει
2624 3055 2770 3109 κατά
2789 3055 2882 3109 τὸν
2905 3054 3146 3126 σίδηρον,
3174 3052 3284 3105 τῶν
3314 3048 3635 3121 εὐθρύπτων

2056 3147 2150 3200 καί⁹
2178 3146 2422 3201 ἀσθενῶν
2451 3149 2662 3203 σκευῶν
2682 3148 2791 3203 τῶν
2818 3148 3013 3214 ἐθνῶν,
3040 3147 3076 3202 ἀ
3125 3147 3194 3200 δι’
3253 3144 3512 3199 ἀπιστίαν
3548 3140 3640 3195 τὸν

366 3236 488 3298 dos,
526 3234 618 3304 qui
660 3241 869 3303 gentes,
908 3246 1032 3302 qua:
1059 3240 1278 3301 propter
1311 3229 1684 3285 inﬁrmitatem
1725 3237 1781 3284 et
1826 3229 1948 3285 inll-

2065 3230 2324 3305 μυστικὸν
2356 3240 2500 3315 [καὶ]
2525 3240 2646 3296 νέον
2674 3237 2817 3296 οἶνον
2840 3241 2941 3296 οὐκ
2971 3241 3280 3314 ἐχώρησαν.

365 3327 645 3382 delitatem
681 3324 970 3396 mysticum
1004 3322 1133 3378 illud
1163 3332 1219 3377 et
1262 3335 1466 3377 novum
1493 3321 1684 3375 vinum
1718 3334 1826 3377 non
1852 3325 2100 3395 capiunt,
2132 3338 2192 3386 nt
2252 3331 2459 3388 ferrum
2520 3347 2652 3389 vasa
2723 3332 2907 3388 ﬁctilia
2938 3339 2994 3388 ει
3059 3331 3277 3386 inﬁrma
3320 3327 3481 3393 εοιθι,
3511 3339 3643 3382 con-

368 3429 563 3475 terent.

441 3517 507 3570 Et
550 3522 732 3582 ruptus
764 3522 839 3567 est
869 3511 1013 3580 ﬁlius
1043 3510 1158 3580 ejus
1198 3509 1266 3563 ad
1294 3509 1484 3573 Deum,
1518 3517 1567 3562 et
1603 3508 1671 3561 ad
1709 3508 1957 3564 thronum

375 3610 511 3679 ejus.

444 3700 751 3771 Rapiuntur
785 3699 875 3754 hic
916 3712 1138 3769 quoque
1169 3713 1233 3753 ex
1266 3696 1613 3767 gravioribus
1646 3698 1961 3752 Ientationi-

371 3792 475 3847 bus
504 3793 779 3846 interdum
808 3789 1007 3856 sancti,
1047 3805 1114 3845 ne
1140 3788 1281 3843 forte
1316 3789 1701 3845 afﬂictionibus
1738 3800 1792 3845 et
1822 3790 1961 3845 ditii-

371 3881 690 3945 cultatibus,
722 3896 844 3951 qua:
870 3881 1013 3935 vires
1045 3880 1265 3935 illorum
1298 3881 1591 3947 excedunt,
1624 3881 1961 3937 absorbean~

376 3984 484 4029 tur.
523 3974 824 4044 liapientur
861 3982 918 4029 et
963 3973 1093 4029 olim
1137 3974 1191 4028 in
1219 3988 1510 4030 occursum
1541 3974 1777 4043 Domini,
1806 3977 1963 4031 nubi«

374 4066 477 4120 bus
502 4066 662 4136 quasi
696 4064 965 4121 vehiculis
1008 4066 1336 4135 quibusdam
1373 4067 1427 4122 in
1461 4082 1643 4123 aerem
1682 4068 1962 4137 subvecti;

373 4175 497 4216 cum
530 4160 639 4214 Deo
666 4159 1022 4230 ejusdemque
1056 4161 1291 4225 thronis,
1334 4161 1438 4218 hoc
1464 4172 1567 4227 est,
1604 4164 1837 4219 summis
1868 4179 1968 4218 an-

374 4251 620 4323 gelnrum
656 4252 974 4321 virtutibus,
1011 4252 1198 4309 felices
1228 4270 1444 4326 semper
1479 4258 1696 4313 victuri.

446 4344 563 4409 XII,
604 4346 658 4401 6.
696 4350 762 4400 At
793 4347 984 4425 mulier
1024 4347 1160 4418 fugit
1197 4349 1250 4401 in
1291 4350 1655 4415 solitudinem,
1688 4352 1775 4403 ubi
1803 4350 1962 4403 Imbe-

374 4436 463 4491 bat
498 4437 669 4489 locum
702 4450 950 4507 paratum
977 4456 1008 4492 a
1041 4439 1182 4505 Deo;
1213 4456 1263 4493 ut
1294 4441 1366 4494 ibi
1388 4451 1606 4509 pascant
1627 4458 1741 4495 eam
1777 4442 1959 4495 diebus

378 4529 524 4583 mille
561 4529 798 4583 ducentis
825 4533 1128 4600 sexaginta.

451 4706 685 4771 Quando
749 4708 973 4779 (inquit)
1040 4707 1293 4763 diabolus
1342 4709 1435 4779 qui
1520 4711 1573 4765 in
1631 4709 1972 4765 Antieltt'isto

380 4797 574 4853 eﬂicax
608 4799 750 4862 erit,
793 4799 968 4853 aciem
998 4816 1089 4870 per
1122 4801 1301 4869 ipsum
1329 4809 1519 4855 contra
1554 4800 1851 4856 Ecclesium
1885 4802 1970 4856 di-

386 4890 611 4954 rexerit,
663 4898 795 4946 tunc
837 4891 984 4947 illius
1013 4890 1196 4959 electi,
1236 4907 1561 4962 summaque
1605 4892 1849 4961 ejusdem
1881 4908 1972 4950 ca-

387 4982 522 5053 pita,
555 4983 803 5037 civilibus
827 4985 1153 5038 tumultibus
1177 4984 1577 5054 mundanisqne
1598 4984 1969 5055 voluptatibus

385 5076 735 5143 contemptis,
778 5076 830 5128 in
867 5076 1144 5130 desertum
1175 5076 1243 5131 ab
1276 5076 1425 5131 omni
1466 5078 1670 5131 malitia
1703 5078 1968 5144 alienum,

386 5169 621 5238 vitaeque
669 5170 1118 5225 consuetudinem
1152 5170 1302 5224 omni
1339 5169 1599 5225 virtutum
1639 5187 1835 5243 genere
1884 5173 1970 5228 lu-

386 5270 624 5325 centem,
657 5278 776 5318 sese
807 5264 1092 5333 recipient,
1133 5262 1291 5332 juxta
1324 5264 1504 5334 magni
1536 5262 1792 5320 Methodii
1839 5282 1965 5322 sen-

387 5354 610 5407 tentiam
641 5373 654 5409 :
684 5355 997 5424 ibidemque
1023 5355 1459 5425 impugnantium
1493 5356 1821 5422 dwmonum,
1856 5372 1973 5411 ma-

391 5446 778 5519 lignorumque
830 5448 1115 5503 hominum
1171 5450 1406 5519 impetus
1483 5459 1651 5521 atque
1704 5452 1971 5518 insultus,

394 5540 822 5610 subtet'fuglent.
879 5540 1171 5598 Probabile
1220 5542 1279 5597 Iit
1309 5559 1525 5615 quoque
1558 5547 1815 5601 scnsilem
1848 5562 1974 5601 ere-

400 5648 547 5687 mom
595 5649 691 5689 eos
721 5645 1186 5706 conscrvaturam,
1221 5639 1313 5709 qni
1357 5638 1409 5692 in
1454 5638 1732 5695 montibus
1761 5649 1813 5695 et
1848 5655 1975 5709 spe-

465 5814 515 5851 ³⁸
544 5818 664 5871 Act.
701 5833 776 5884 tx,
812 5820 863 5874 4.

2127 3511 2239 3567 Καὶ
2266 3511 2552 3582 ἡρπάσθη
2577 3512 2643 3568 τὸ
2674 3512 2893 3568 τέκνον
2926 3511 3122 3581 αὐτῆς
3152 3512 3303 3581 πρὸς
3332 3511 3440 3566 τὸν
3495 3515 3645 3569 Θεὸν

2059 3606 2156 3659 καὶ
2193 3604 2387 3678 [πρὸς]
2420 3606 2526 3659 τὸν
2552 3607 2771 3675 θρόνον
2796 3604 3005 3661 αὑτοῦ.

2132 3698 2239 3752 Kal
2265 3697 2551 3767 ἡρπάσθη
2588 3697 2652 3751 τὸ
2678 3696 2896 3751 τέκνον
2928 3697 3121 3766 αὐτῆς
3154 3696 3304 3767 πρὸς
3330 3697 3439 3752 τὸν
3470 3698 3642 3753 Θεόν.

2061 3819 2127 3830 --
2172 3787 2541 3857 ’Δρπάζονται
2575 3788 2675 3858 μὲν
2706 3787 2814 3859 γάρ
2846 3787 3133 3842 κάνταῦθα
3162 3790 3219 3842 ὲν
3244 3790 3575 3859 πειρασμοῖς
3592 3790 3642 3841 οί

2069 3876 2236 3945 ἅγιοι,
2271 3876 2413 3930 ὥστε
2458 3878 2534 3947 μὴ
2563 3876 3017 3949 καταπονηθῆναι
3070 3879 3180 3942 τοῖς
3213 3877 3502 3949 δυσχερέσι
3532 3880 3648 3942 τοῖς

2069 3970 2212 4041 ὑπὲρ
2234 3969 2497 4041 δύναμιν·
2554 3970 2969 4041 ἀρπαγήσονται
3002 3970 3059 4025 δὲ
3090 3969 3206 4043 [καὶ
3233 3970 3377 4043 τότε]
3406 3972 3463 4023 ὲν
3492 3973 3650 4040 νεφέ-

2061 4064 2181 4128 λαις
2202 4065 2281 4128 είς
2335 4063 2663 4135 συνάντησιν
2694 4062 2787 4117 τοῦ
2819 4063 3023 4137 Κυρίου
3053 4067 3133 4128 είς
3186 4062 3326 4133 ἀέρα
3355 4081 3369 4097 ο
3421 4067 3518 4118 καὶ
3551 4067 3649 4119 σὺν

2061 4158 2140 4229 τῷ
2155 4157 2275 4229 Θεῷ
2298 4159 2392 4211 καὶ
2419 4157 2499 4227 τῷ
2524 4156 2699 4229 θρόνῳ
2717 4156 2904 4225 αὐτοῦ,
2927 4157 3141 4230 [ἡγουν]
3170 4162 3291 4223 ταῖς
3316 4158 3651 4231 ὑπερτάταις

2066 4252 2388 4319 ἀγγελικαῐς
2416 4250 2683 4323 δυνάμεσι
2706 4248 3043 4308 συνέσονται.

2140 4344 2247 4398 Καὶ
2281 4343 2318 4410 ἠ
2346 4343 2501 4413 γυνὴ
2535 4344 2758 4413 ἔφυγεν
2785 4347 2873 4411 είς
2900 4343 3016 4414 τὴν
3038 4344 3265 4414 ἔρημον
3291 4361 3305 4375 ⁸
3338 4346 3492 4399 ὅπου
3522 4343 3651 4413 ἔχει

2071 4434 2245 4507 [ἐκεῖ]
2274 4437 2466 4490 τόπον
2512 4438 2962 4509 ἡτοιμασμένον
2998 4440 3118 4494 ὐπὸ
3152 4436 3306 4512 ιτοῦ]
3355 4437 3524 4503 Θεοῦ,
3553 4439 3654 4491 ἵνα

2069 4525 2199 4579 ἐκεῖ
2235 4525 2533 4597 τρέφωσιν
2587 4529 2783 4597 αὐτὴν
2808 4529 3030 4601 ἡμέρας
3079 4531 3284 4600 χιλίας
3338 4530 3654 4597 διακοσίας

1991 4609 2039 4667 D
2070 4619 2138 4683 ἐξ
2148 4618 2387 4685 ἠκοντιι.

2148 4712 2257 4766 Kal
2287 4712 2325 4781 ή
2354 4713 2510 4783 γυνὴ
2532 4716 2856 4786 ἔφυγενεὶς
2887 4715 3000 4784 τὴν
3027 4716 3271 4785 ἔρημον.
3304 4746 3373 4755 -
3403 4716 3529 4769 Ὅτε
3550 4733 3655 4785 φη·

2078 4804 2163 4857 σὶν
2185 4805 2213 4857 6
2247 4806 2306 4858 ἐν
2329 4805 2407 4876 τῷ
2441 4806 2796 4879 ’Δντιχρίστῳ
2827 4806 3069 4881 ἐνεργῶν
3115 4806 3363 4870 διάϐολος
3393 4806 3461 4859 δι’
3491 4805 3657 4860 αὑτοῦ

2075 4894 2216 4949 κατὰ
2244 4896 2344 4967 τῆς
2392 4896 2722 4969 Ἐκκλησίας
2768 4897 3174 4970 παρατάξηται,
3208 4899 3256 4951 οί
3304 4899 3510 4968 ταύτης
3560 4900 3657 4951 ἐκ-

2073 4989 2258 5044 λεκτοὶ
2287 4991 2381 5044 καὶ
2410 4993 2861 5064 κορυφαιότατοι,
2914 4994 3027 5047 τῶν
3057 4993 3356 5048 πολιτικῶν
3410 4992 3661 5063 θορύϐων

2075 5084 2173 5137 καὶ
2224 5083 2335 5138 τῶν
2368 5086 2653 5158 κοσμικῶν
2698 5087 2907 5158 ἡδονῶν
2961 5088 3397 5154 καταπτύοντες,
3428 5090 3506 5151 είς
3560 5088 3662 5157 τὴν

2075 5179 2283 5252 ἔρημον
2321 5182 2505 5254 πάσης
2532 5183 2754 5249 κακίας,
2785 5186 3075 5255 πάμφορον
3120 5184 3177 5238 δὲ
3225 5186 3403 5252 πάσης
3458 5184 3664 5254 ἀρετῆς

2083 5272 2362 5327 πολιτείαν
2420 5274 2729 5344 φεύξονται,
2786 5276 2931 5330 κατά
2994 5276 3085 5329 τὸν
3124 5276 3297 5347 μέγαν
3352 5273 3660 5329 Μεθόδιον·

2081 5365 2242 5416 κάκεῖ
2268 5365 2378 5419 τῶν
2429 5366 2813 5437 πολεμούντων
2860 5368 3135 5439 δαιμόνων
3163 5386 3222 5422 τε
3278 5368 3371 5421 καὶ⁸
3406 5366 3660 5437 πονηρῶν

2082 5458 2385 5529 ἀνθρώπων
2418 5461 2517 5524 τὶς
2556 5461 2865 5532 προσϐολὰς
2911 5460 3319 5532 διαφεύξονται.
3386 5460 3548 5524 Εἰκὸς
3610 5458 3666 5512 δὲ

2082 5550 2177 5602 καὶ
2206 5550 2306 5621 τὴν
2328 5551 2595 5623 αἰσθητὴν
2626 5552 2833 5623 ἔρημον
2875 5553 3071 5619 σώζειν
3100 5556 3226 5618 τοὺς
3264 5556 3321 5607 ἐν
3365 5554 3520 5625 ὄρεσι
3573 5552 3669 5605 καὶ⁸

2086 5642 2373 5713 σπηλαίοις
2404 5645 2499 5700 καὶ
2525 5647 2644 5709 ταῖς
2676 5646 2841 5710 ὀπαῖς
2869 5646 2969 5719 τῆς
2993 5647 3119 5723 γῆς,
3150 5647 3237 5702 διά
3281 5648 3381 5730 τὴν
3410 5644 3505 5710 ττέῦ
3535 5645 3671 5699 ἀπο·
