4034 6578
304 403 404 465 3‘25

1266 389 1883 455 COMMENTARIUS
1922 388 2005 450 IN
2045 386 2579 449 APOCALYPSIN.

3466 386 3575 452 326

302 515 492 570 στάτου
560 509 683 585 [καὶ
732 507 1152 582 ψευδοχρίστου]
1201 506 1499 577 ἐπιϐουλὴν
1548 502 1874 575 φεύγοντας,

2006 499 2162 555 uncis
2201 508 2257 553 et
2282 499 2533 555 cavernis
2564 507 2743 564 terrae,
2776 506 2996 569 propter
3030 506 3294 568 apostatte
3325 506 3379 552 et
3408 500 3573 555 Anti-

300 607 437 661 καθά
466 605 564 659 καὶ
594 603 789 675 πρώην
819 602 949 667 τοὺς
977 601 1285 672 μάρτυρας.
1333 598 1458 652 Ἐπὶ
1507 598 1613 663 ἐτη
1644 596 1700 649 δὲ
1727 596 1881 663 τρία,

303 700 512 769 ἥμισυ,
534 696 606 750 τά
631 695 737 749 ὑπὸ
764 694 877 749 τῶν
898 692 1090 764 χιλίων
1116 690 1411 745 διακοσίων
1454 688 1718 760 ἐξήκοντα
1748 689 1885 758 ἡμε-

300 790 406 859 ρῶν
444 787 750 859 δηλούμενα
775 804 790 819 ο
824 788 884 839 ἐν
927 780 1008 850 οἷς
1040 784 1307 855 κρατήσει
1335 784 1367 854 ἡ
1416 780 1728 836 ἀποστασία
1750 796 1764 811 ·
1815 776 1886 853 ἦς

300 881 445 950 ἡμᾶς
479 881 507 932 ό
533 879 706 951 μέτας
731 876 1100 947 ἀγωνοθέτης,
1151 875 1180 928 ό
1223 874 1298 945 μὴ
1335 872 1642 945 συγχωρῶν
1683 888 1882 943 usrpa—

304 971 496 1041 σθῆναί
525 987 645 1023 τινα
670 969 813 1041 ὑπὲρ
841 968 869 1021 ὃ
891 967 1138 1033 δύναται,
1164 966 1553 1039 λυτρούμενος,
1572 965 1882 1035 δωρήσεται

300 1064 432 1132 ημῖν
456 1060 728 1132 καρτερὸν
750 1059 1013 1130 λογισμὸν
1041 1059 1135 1112 καὶ
1165 1061 1287 1121 ταῖς
1331 1057 1607 1120 ἐναντίαις
1640 1056 1882 1127 προσϐο-

298 1152 416 1215 λαῖς
442 1150 741 1221 ἀθήλυντον
767 1167 781 1181 ·
820 1152 907 1205 ἴνα
932 1152 1181 1221 νομίμως
1214 1149 1352 1221 πρὸς
1400 1150 1500 1213 τὰς
1553 1148 1731 1219 ἀρχὰς
1787 1145 1884 1200 τοῦ

304 1240 533 1304 σκότους
565 1243 661 1295 καὶ
682 1241 780 1304 τὰς
812 1240 1062 1307 ἐξουσίας
1100 1240 1461 1311 ἀθλήσαντες,
1492 1237 1572 1309 τῷ
1634 1238 1886 1308 στεφάνῳ

299 1335 399 1404 τῆς
420 1332 775 1404 δικαιοσύνης
806 1335 1345 1405 κατακοσμηυῶμεν,
1381 1334 1478 1385 καὶ
1499 1332 1569 1386 τά
1599 1330 1700 1402 τῆς
1728 1331 1886 1401 νίκης

298 1426 536 1499 βραδεῖα
566 1425 852 1497 δεξώμεθα
880 1443 894 1456 ’
925 1428 1007 1480 ὅτι
1045 1425 1197 1497 αὐτῷ
1226 1426 1427 1497 πρέπει
1456 1425 1546 1479 διά
1592 1424 1699 1478 τῶν
1726 1423 1890 1477 ἀσοε-

297 1520 406 1573 νῶν
442 1519 809 1591 τροπουμένῳ
839 1520 964 1582 τοὺς
998 1519 1257 1590 ἰσχυροὺς
1286 1516 1567 1587 ἑναερίους
1594 1514 1885 1587 ἄρχοντας,

297 1612 330 1680 ἡ
354 1610 481 1681 νίκη
506 1609 601 1663 καὶ
628 1609 689 1663 τὸ
719 1608 943 1680 κράτος,
964 1610 1080 1680 ἀμα
1101 1609 1181 1681 τῷ
1210 1607 1388 1678 Πατρὶ
1414 1607 1508 1661 καὶ
1526 1605 1605 1676 τῷ
1636 1605 1887 1677 ζωοποιῷ

296 1703 605 1774 Πνεύματι,
637 1702 756 1776 [νῦν
791 1703 886 1757 καὶ
907 1704 1017 1771 ἀεὶ,
1050 1701 1171 1776 καὶ]
1222 1703 1306 1767 εἰς
1350 1701 1480 1766 τοὺς
1514 1700 1718 1764 αἰῶνας
1752 1698 1885 1773 [τῶν

298 1794 559 1868 attintwa
577 1796 776 1867 Ἀμήν.

1983 593 2174 648 cltristi
2213 592 2440 648 insidias
2478 591 2835 662 confugient;
2866 592 3330 662 quemadmodum
3361 592 3573 662 primos

1984 702 2203 757 quoque
2238 695 2505 758 martyres
2539 685 2604 740 ad
2646 686 2918 756 ejusmodi
2968 686 3193 742 latibula
3229 702 3371 757 saepe
3396 700 3457 741 se
3486 701 3573 741 rc-

1983 780 2219 849 cepisse,
2270 788 2616 850 mortemque
2664 779 2732 834 ad
2778 786 2993 849 tempus
3036 780 3279 836 evasisse
3318 788 3571 846 constat;

1984 872 2150 943 idque
2175 873 2242 928 ad
2279 890 2447 927 annos
2478 881 2582 928 tres
2610 887 2729 927 cum
2773 872 3019 938 dimidio,
3060 888 3154 940 per
3192 874 3339 929 mille
3368 874 3577 929 ducen-

1996 976 2180 1021 torum
2208 967 2493 1037 sexaginta
2512 967 2726 1023 dierum
2747 981 3037 1021 numerum
3060 966 3407 1036 designatos;
3435 966 3579 1020 inter

1992 1075 2133 1131 quos
2180 1059 2285 1130 52
2321 1076 2544 1131 regnum
2590 1059 2863 1116 obtinebit
2901 1060 3177 1129 apostasia
3208 1078 3221 1114 :
3265 1076 3294 1115 a
3320 1075 3427 1130 qua
3463 1076 3579 1114 ma-

1993 1170 2134 1225 gnus
2168 1156 2258 1209 ille
2286 1156 2629 1226 Agonotheta
2659 1172 2756 1211 nos
2793 1157 3008 1220 liberet,
3041 1156 3134 1226 qui
3164 1170 3269 1210 non
3306 1155 3579 1225 permittit

1996 1246 2165 1301 ullum
2201 1248 2428 1303 omnino
2469 1249 2667 1305 tentari
2700 1264 2869 1320 supra
2902 1249 2952 1305 id
2998 1249 3144 1320 quod
3172 1257 3371 1319 potest;
3406 1247 3579 1304 idem-

1994 1354 2102 1410 que
2135 1339 2482 1410 impertiatur
2530 1342 2691 1398 nobis
2742 1342 2990 1398 animum
3022 1342 3337 1401 robustum.
3380 1348 3434 1395 et.
3482 1340 3580 1395 ad-

1987 1432 2370 1487 versariorum
2404 1433 2644 1489 insultus
2681 1434 3010 1503 infractum;
3034 1434 3354 1505 utlegititne
3384 1442 3579 1488 contra

1989 1525 2268 1595 principes
2294 1535 2347 1581 et
2379 1535 2677 1595 potestates
2726 1527 3074 1583 tenebrarum
3100 1531 3466 1589 decertantes,
3491 1524 3581 1595 ju-

1986 1616 2149 1673 Stitite
2172 1631 2374 1673 corona
2397 1632 2751 1683 exornemur,
2784 1618 3133 1689 victoriaeque
3168 1618 3414 1672 bravium
3443 1631 3580 1671 cou-

1986 1723 2306 1777 sequamur.
2349 1708 2488 1764 Eum
2542 1724 2801 1778 namque,
2836 1708 2929 1779 qui
2980 1724 3075 1779 per
3119 1710 3337 1763 inlirma
3386 1705 3579 1762 mundi

1987 1812 2244 1872 potentes
2270 1803 2416 1859 aeris
2442 1811 2743 1873 potestates
2786 1801 2841 1856 in
2876 1801 3212 1872 triumphum
3248 1814 3411 1868 agere
3438 1812 3576 1853 con-

297 1888 499 1955 suerit,
534 1888 691 1945 decet
720 1888 953 1945 victoria
1003 1898 1061 1945 et
1104 1890 1419 1962 imperium,
1469 1907 1596 1948 cum
1648 1892 1807 1949 Patre
1836 1902 1890 1949 et
1920 1894 2135 1954 viviﬂco
2165 1897 2397 1969 Spiritu,
2442 1912 2588 1954 nunc
2637 1906 2693 1953 et
2741 1912 2976 1966 semper,
3032 1897 3172 1953 etin
3243 1895 3443 1952 szecula
3482 1907 3584 1949 sa:-

297 1984 578 2041 culorum.
611 1985 809 2041 Amen.

692 2118 946 2175 ΚΕΦΔΛ.
980 2118 1103 2177 ΔΔ’.
1142 2121 1365 2176 ΛΟΓΟΣ
1394 2121 1497 2179 IB'.

299 2254 441 2325 Περὶ
461 2256 572 2311 τοῦ
601 2256 879 2331 ποτιέμουᾼ
894 2256 1029 2331 τῶιε
1056 2259 1329 2331 ἁγγέᾳων
1365 2259 1636 2331 καίᾼτῶν
1665 2261 1883 2331 δαιμό-

368 2344 497 2380 νων
527 2343 542 2358 ’
598 2328 699 2383 καί
729 2326 914 2401 [περὶ]
956 2328 1068 2399 τῆς
1106 2326 1225 2385 ’τοῦ
1264 2329 1504 2387 Σατανᾶ
1569 2326 1888 2387 καταπτώ-

370 2411 554 2463 σεως.

367 2554 481 2611 Kal
506 2554 747 2625 ἐγένετο
773 2555 1039 2627 πόλεμος
1060 2556 1131 2611 ἐν
1158 2555 1239 2623 τῷ
1262 2557 1501 2626 οὐραγῷ
1522 2574 1535 2589 ·
1570 2561 1604 2615 ὁ
1628 2562 1885 2629 Μιχαὴλ

299 2648 403 2703 καί
433 2651 488 2703 ol
518 2648 761 2717 ἄγγελοι
791 2650 979 2704 αὐτοῦ
1009 2650 1356 2720 πολεμῆσαι
1404 2653 1557 2721 μετά
1606 2655 1713 2709 τοῦ
1748 2655 1889 2724 δρά-

300 2758 544 2808 κοντος.
572 2742 680 2796 Kal
704 2741 994 2810 όδράκων
1013 2742 1378 2813 ἐπολέμησε,
1418 2745 1519 2799 καί
1556 2749 1610 2801 ol
1642 2746 1890 2819 ἄγγελοι

297 2832 496 2889 αὐτοῦ
523 2850 538 2864 ·
560 2834 659 2889 καί
681 2836 793 2889 οὐκ
826 2835 1119 2903 ισχυσαν,
1160 2836 1305 2891 οὐδὲ
1332 2838 1520 2905 τόπος
1545 2838 1748 2893 αὐτῶν
1790 2845 1892 2896 εὐ·

296 2927 448 2997 ρὲθη
483 2926 573 2980 ἔτι
602 2926 673 2981 ἐν
704 2924 784 2991 τῷ
810 2925 1066 2995 οὐρανῷ.

374 3042 491 3097 Καὶ
517 3042 688 3096 ταῦτα
716 3045 782 3114 τῇ
804 3060 862 3097 τε
882 3041 1074 3115 πρώτῃ
1094 3042 1188 3097 τοῦ
1217 3044 1465 3098 διαϐόλου
1486 3044 1544 3112 ἐξ
1573 3044 1893 3110 ἀλαζονείας

302 3137 397 3189 καὶ
430 3135 629 3205 φθόνου
661 3135 937 3189 ὲκπτὼσει
965 3136 1068 3206 τῆς
1106 3136 1409 3209 ἀηελικῆς
1434 3138 1663 3204 τάξεως,
1724 3142 1792 3211 τῇ
1826 3156 1886 3192 τε

302 3227 393 3281 διὰ
444 3226 543 3281 τοῦ
587 3228 924 3282 Δεσποτικοῦ
982 3229 1216 3302 σταυροῦ
1251 3231 1573 3303 καθαιρέσει
1626 3231 1893 3303 ἁρμόζειν

303 3317 534 3372 δύναται
569 3335 583 3349 ·
621 3319 732 3385 ὅτε,
768 3318 951 3383 καθώς
988 3337 1157 3391 φησιν
1198 3324 1227 3375 ό
1256 3321 1484 3394 Κύριος,
1512 3324 1540 3376 ό
1573 3323 1759 3395 ἄρχων
1796 3322 1892 3377 τοῦ

304 3411 516 3481 κόσμου
550 3410 744 3466 τούτου
779 3410 1053 3483 κέκριται,
1079 3412 1177 3465 καὶ
1194 3413 1295 3485 τῆς
1309 3413 1547 3486 ἀρχαίας
1576 3416 1893 3487 τυραννίδος

2316 2119 2543 2177 CAPUT
2573 2119 2819 2187 XXXIV,
2853 2120 3090 2177 SERMO
3124 2120 3237 2177 XII.

2000 2256 2075 2313 De
2108 2254 2414 2327 angelorum
2442 2264 2491 2311 et
2520 2259 2819 2311 dwmonum
2850 2257 3058 2325 pralio,
3080 2265 3130 2311 et
3165 2256 3382 2312 Satantr
3427 2272 3577 2312 casu.

2072 2562 2191 2626 XII,
2236 2560 2293 2627 7,
2349 2560 2402 2616 8.
2459 2560 2526 2615 Et
2578 2561 2777 2631 factum
2820 2569 2900 2615 est
2937 2560 3181 2631 praelium
3230 2578 3477 2629 magnum
3528 2563 3583 2616 in

1999 2654 2125 2708 caelo
2149 2672 2168 2719 ;
2212 2653 2441 2707 Michael
2465 2662 2513 2706 et
2545 2652 2720 2723 angeli
2750 2653 2867 2724 ejus
2889 2654 3271 2722 prwliabantur
3309 2669 3425 2705 cum
3454 2653 3584 2706 dra-

1998 2763 2158 2809 cone;
2193 2756 2242 2800 et
2278 2746 2440 2799 draco
2466 2746 2757 2816 pugnabat,
2794 2755 2839 2799 et
2883 2744 3055 2816 angeli
3089 2745 3245 2814 ejus;
3271 2756 3319 2799 et
3351 2762 3450 2798 non
3492 2763 3586 2799 va-

1998 2838 2234 2903 luerunt,
2268 2853 2429 2905 neque
2467 2836 2612 2891 locus
2658 2838 2895 2892 inventus
2924 2847 2999 2891 est
3043 2852 3224 2891 eorum
3261 2837 3488 2905 amplius
3532 2837 3585 2890 in

2000 2932 2149 2986 cwlo.

2073 3045 2267 3104 lstlta'c
2297 3046 2477 3118 primo
2511 3044 2711 3101 diaboli
2747 3045 2948 3115 lapsui,
2982 3060 3093 3115 quo
3128 3058 3195 3099 ex
3225 3043 3472 3114 angelico
3495 3058 3588 3099 or-

2000 3141 2127 3195 dine
2155 3150 2376 3211 propter
2404 3140 2715 3209 superbiam
2746 3150 2801 3195 et
2830 3139 3087 3193 invidiam
3113 3139 3458 3209 proscriptus
3478 3147 3582 3203 est,

2001 3232 2402 3290 accommodari
2429 3240 2662 3303 possunt
2686 3249 2699 3286 :
2731 3240 2786 3287 et
2816 3230 3071 3286 secunda:
3097 3246 3318 3286 rursum
3342 3228 3587 3297 ejusdem

2002 3329 2207 3392 ruinae,
2241 3340 2350 3397 qua
2383 3340 2482 3396 per
2529 3323 2866 3379 Dominicam
2904 3338 3124 3380 crucem
3175 3321 3388 3377 fractus
3424 3330 3591 3391 atque

2002 3418 2242 3489 dejectus
2272 3427 2389 3481 est;
2439 3414 2663 3486 quando
2696 3414 2955 3469 nimirum
3001 3413 3194 3490 mundi
3229 3412 3393 3482 hujus
3434 3412 3588 3482 prin-

306 3502 661 3572 ὲκσέσληται.
687 3497 761 3558 Ub
789 3503 890 3575 τὴν
912 3503 1232 3569 ἀλαζονείαν
1259 3507 1386 3571 τοὺς
1419 3507 1597 3571 Θείους
1627 3508 1891 3577 ἀγγέλους

2001 3488 2149 3577 ceps,
2169 3506 2325 3575 juxta
2358 3503 2565 3559 Christi
2594 3501 2813 3557 Domini
2843 3500 3146 3567 oraculum,
3171 3488 3459 3571 judicatus
3484 3539 3499 3563 ,
3531 3505 3588 3553 et

306 3594 426 3668 ἀμα
450 3594 529 3665 τῷ
574 3594 804 3668 [αὐτῶν]
835 3597 1266 3668 ἀρχιστρατήγῳ
1316 3599 1538 3671 Μιχαὴλ
1575 3600 1651 3672 μὴ
1696 3600 1893 3671 φέρον-

305 3702 428 3749 τας,
460 3685 610 3747 εἰκὸς
640 3685 804 3739 αὑτὸν
824 3686 922 3755 τῆς
947 3686 1156 3749 οἰκείας
1182 3688 1569 3759 ωνδιατριῦἧς
1590 3688 1896 3761 ἀπορρίψαι

307 3776 578 3847 πρότερον
607 3790 622 3805 ⁸
658 3774 839 3841 καθώς
871 3793 1036 3848 φησιν
1082 3777 1348 3849 Ἰεζεκιηλ
1391 3779 1498 3833 ὐπδ
1548 3777 1659 3833 τῶν
1697 3796 1895 3851 κερου-

308 3869 442 3941 6εὶμ
485 3870 852 3937 ὶκσεόλῆσθαι
899 3872 1065 3927 αὐτὸν
1129 3874 1196 3927 ἐκ
1226 3874 1394 3945 μέσου
1437 3874 1684 3945 πυρίνων
1732 3875 1896 3928 λίθων

260 3973 272 3983 ’
305 3964 417 4017 τῶν
445 3964 781 4033 ἀγγελικῶν,
802 3960 980 4038 οἶμαι,
1014 3967 1247 4034 τάξεων,
1280 3966 1369 4021 διά
1398 3966 1458 4021 τὸ
1496 3968 1792 4039 εὑρεθῆναι
1840 3970 1897 4021 ὲν

308 4056 458 4128 αὐτῷ
485 4055 601 4131 [τὰ]
629 4057 965 4131 ἀδικήματα.
1004 4059 1092 4113 Ἐν
1116 4060 1174 4114 δὲ
1202 4063 1268 4132 τῇ
1300 4059 1443 4133 [τοῦ]
1476 4059 1716 4132 Χριστοῦ
1750 4076 1825 4113 πα
1835 4080 1897 4133 ρ-

308 4149 473 4220 ουσίᾳ.
522 4150 652 4213 τοὺς
703 4150 1159 4223 διακονουμένους
1194 4153 1344 4223 αὐτῷ
1388 4152 1530 4224 μετὰ
1561 4154 1653 4207 τὸν
1707 4168 1901 4224 πειρα-

312 4240 453 4311 σμὸν
468 4240 548 4304 ὡς
566 4243 913 4314 ἠτιμωμένον
928 4243 1113 4297 δοῦλον
1128 4244 1288 4299 πάλιν
1308 4242 1685 4315 βδελύξασθαι.
1704 4244 1901 4297 ’ἰστέον

310 4333 367 4386 δὲ
416 4333 528 4399 ὅτι,
564 4333 747 4398 καθὼς
784 4339 897 4400 τοῖς
926 4336 1177 4409 Πατρὰσι
1203 4337 1474 4404 δέδοκται,
1521 4338 1660 4409 μετά
1676 4336 1776 4408 τὴν
1803 4336 1898 4391 τοῦ

311 4424 577 4495 αἰσθητοῦ
601 4425 810 4495 κόσμου
838 4427 1228 4501 δημιουργίαν,
1278 4429 1451 4494 οὕτως
1489 4429 1561 4483 δι’
1606 4430 1899 4501 ὑπερηφα-

312 4517 433 4581 νίας
456 4517 556 4571 καὶ
590 4517 787 4588 φθόνου
817 4521 1249 4593 καταϐέϐληται,
1302 4522 1402 4594 τὴν
1462 4523 1651 4593 ἀέριον
1682 4521 1901 4593 πρῶτον

315 4608 757 4679 πεπιστευμένος
786 4610 980 4683 ἀρχὴν,
1017 4611 1203 4676 καθώς
1243 4630 1409 4684 φησιν
1462 4613 1491 4667 ό
1555 4612 1899 4676 Ἀπόστο).ος.

317 4700 424 4754 Καὶ
459 4700 728 4767 Παππίας
751 4702 808 4757 δὲ
843 4702 1017 4768 οὕτως
1048 4707 1141 4759 ἐπὶ
1178 4704 1395 4770 λέξεων
1435 4706 1661 4770 Ἐνιοις
1697 4705 1765 4759 δὲ
1797 4708 1902 4760 αὺ-

2000 3615 2031 3654 a
2074 3596 2395 3669 tyrannide,
2430 3608 2595 3665 quam
2637 3599 2765 3647 ante
2798 3592 3131 3655 exercebat,
3182 3590 3445 3661 depulsus
3483 3598 3586 3644 est.

2003 3693 2295 3746 Enimvero
2320 3702 2446 3745 cum
2480 3686 2647 3743 divini
2682 3686 2859 3756 angeli
2884 3699 3009 3739 cum
3034 3684 3173 3739 duce
3196 3698 3297 3739 suo
3327 3682 3592 3739 Michacle

2004 3783 2155 3836 illius
2189 3780 2503 3850 superbiam
2537 3787 2591 3834 et
2619 3777 2992 3848 arrogantiam
3026 3774 3173 3832 l'erre
3198 3789 3307 3829 non
3341 3784 3588 3844 possent,

2002 3876 2177 3942 ipsum
2211 3888 2276 3927 ex
2320 3886 2421 3927 suo
2451 3871 2730 3927 consortio
2759 3880 2812 3925 et
2844 3867 3268 3934 consuetudine,
3298 3878 3362 3921 ut
3394 3866 3592 3935 proha-

2004 3968 2109 4022 hile
2142 3967 2222 4031 tit,
2250 3966 2434 4019 statim
2461 3964 2805 4034 abjecerunt.
2838 3964 3018 4030 Atque
3045 3961 3150 4016 huc
3178 3968 3410 4030 spectat,
3442 3960 3591 4030 quod

2003 4053 2264 4123 propheta
2310 4051 2561 4107 Ezechiel
2612 4050 2767 4105 illum
2813 4066 2881 4105 ex
2918 4052 3254 4106 Cherubinis
3298 4050 3592 4121 mediaque

2005 4151 2296 4221 ignitorutn
2326 4147 2597 4217 lapidum,
2634 4148 2737 4201 hoc
2775 4151 2879 4207 est,
2911 4144 3284 4213 angelicorum
3311 4144 3590 4209 ordinum,

2004 4243 2239 4299 statione
2278 4240 2513 4309 ejectum
2569 4238 2806 4301 asserit;
2856 4249 2918 4289 ea
2962 4236 3219 4287 nimirum
3270 4236 3337 4288 de
3391 4248 3589 4298 causa,

2004 4336 2151 4408 quod
2186 4334 2501 4406 iniquitates
2538 4331 2590 4385 iu
2623 4330 2717 4385 illo
2745 4336 3043 4398 compertre
3070 4333 3275 4381 essent.
3300 4324 3356 4379 la
3384 4323 3591 4379 Christi

2004 4446 2166 4504 porro
2201 4430 2438 4485 adventu
2468 4424 2644 4497 angeli
2684 4423 2784 4487 illi,
2814 4423 2907 4493 qui
2944 4430 3068 4489 post
3107 4418 3419 4474 absolutum
3444 4415 3591 4486 jeju-

2005 4529 2180 4592 nium,
2220 4525 2660 4590 intentatamque
2699 4532 2727 4571 a
2765 4515 2968 4570 Satana
3003 4511 3360 4567 tentationem
3386 4552 3400 4575 ,
3439 4524 3594 4565 acce-

2004 4618 2197 4674 dentes
2228 4610 2615 4669 ministrabant
2649 4608 2697 4664 ei
2725 4649 2739 4673 ,
2772 4605 3052 4661 diabolum
3096 4603 3260 4658 veluti
3294 4603 3400 4658 vile
3437 4602 3590 4672 abjc-

2006 4720 2267 4780 etumque
2301 4704 2628 4774 mancipium
2674 4716 2782 4757 non
2831 4699 3043 4769 absque
3080 4696 3462 4752 exsecratione
3493 4696 3592 4749 de-

317 4790 455 4858 τῶν,
486 4792 729 4864 δηλαδὴ
753 4794 874 4851 τῶν
901 4797 1089 4852 πάλαι
1118 4799 1294 4853 θείων
1327 4798 1621 4870 ἀγγέλων,
1648 4798 1747 4853 καί
1794 4796 1891 4867 τῆς

2008 4816 2119 4856 nuo
2168 4798 2576 4871 propulsarunt.
2625 4796 2859 4849 Adverte
2908 4802 3093 4846 autem
3141 4788 3396 4844 Patribus
3450 4801 3592 4841 non-

319 4887 447 4955 περὶ
468 4888 590 4957 τὴν
619 4888 741 4960 γῆν
779 4891 1243 4963 διακοσμήσεως
1271 4866 1497 4948 ἔδωκεν
1524 4894 1763 4964 ἄρχεινο
1806 4866 1891 4947 ira}

2012 4866 2182 4950 nullis
2224 4866 2401 4948 visum
2443 4904 2567 4946 esse
2618 4898 2741 4958 post
2794 4884 3145 4957 aspectabilis
3192 4882 3379 4937 mundi
3430 4880 3595 4944 hujus

319 4979 520 5046 καλῶς
549 4981 761 5051 ἄρχειν
788 4988 1207 5057 παρηγγύησε.
1262 4988 1370 5041 Καὶ
1404 4986 1531 5058 ἑξῆς
1561 5005 1727 5058 φησιν
1753 5005 1765 5018 ⁸
1800 4992 1891 5055 Εἰς

2013 4986 2291 5058 opificium
2330 4983 2610 5038 diabolum
2643 4989 2863 5052 propter
2897 4977 3215 5050 superbiam
3246 4982 3302 5031 et
3330 4973 3592 5028 invidiam

281 5150 285 5153 γ
320 5072 504 5127 οὐδὲν
527 5073 640 5148 [δὲ]
684 5078 914 5147 συνέϐη
945 5077 1310 5147 τελευτῆσαι
1338 5078 1454 5148 τὴν
1484 5079 1657 5145 τάξιν
1678 5080 1899 5139 αὐτῶν.

2010 5095 2042 5135 e
2072 5080 2212 5135 caelo
2240 5078 2475 5148 ejectum
2494 5119 2510 5142 ,
2540 5083 2869 5147 potestatem
2897 5087 3064 5144 quam
3106 5071 3159 5126 in
3193 5084 3410 5125 aeream
3451 5067 3596 5120 hanc

271 5163 282 5191 ¹
324 5175 599 5245 regionem
683 5186 811 5232 aute
858 5176 1071 5248 lapsum
1124 5187 1449 5249 acceperat,
1488 5189 1612 5249 post
1664 5177 1881 5249 lapsum
1934 5178 1987 5232 in
2031 5186 2241 5249 partem
2300 5175 2480 5230 adhuc
2536 5172 2853 5230 retinuisse.
2912 5169 3058 5223 Sane
3095 5165 3392 5237 Apostolus
3449 5158 3597 5217 haud

320 5276 554 5331 obscure
586 5276 829 5331 insinuat
872 5276 1036 5341 illud,
1067 5276 1195 5331 dum
1237 5276 1437 5331 luctam
1485 5276 1645 5332 nobis
1681 5293 1787 5333 non
1851 5278 2115 5333 adversus
2180 5288 2401 5331 carnem
2450 5282 2504 5328 et
2568 5269 2915 5341 sanguinem,
2965 5264 3059 5322 sed
3110 5264 3374 5319 adversus
3406 5274 3599 5317 aereas

322 5382 625 5443 potestates
661 5388 805 5438 esse,
849 5373 1046 5428 scribit
1081 5391 1095 5427 :
1140 5373 1440 5429 Conﬁrmat
1484 5382 1666 5429 autem
1714 5372 1913 5445 Papias
1949 5374 2008 5428 Β.
2037 5372 2269 5428 Joannis
2298 5369 2612 5441 discipulus
2667 5368 2873 5422 diserte
2937 5363 3085 5418 hisce
3108 5359 3331 5416 verbis:
3368 5358 3500 5410 Aliis
3534 5372 3600 5409 ex

324 5465 487 5534 ipsis,
522 5478 701 5531 nempe
732 5465 954 5533 angelis,
994 5464 1279 5536 quamdam
1313 5466 1453 5520 circa
1480 5474 1635 5520 terra
1693 5465 2205 5520 administrationem
2236 5472 2547 5529 potestatem
2606 5470 2654 5516 et
2719 5461 3149 5530 procurationem
3209 5453 3429 5514 tribuit;
3469 5454 3601 5506 rite-

321 5572 419 5626 que
450 5573 643 5611 munus
677 5556 976 5627 iiijunctum
1009 5558 1389 5613 administrare
1409 5560 1599 5629 jussit.
1628 5558 1693 5613 Et
1727 5560 1919 5629 paucis
1996 5557 2360 5629 interpositis,
2394 5555 2677 5627 subjuugit
2707 5570 2721 5609 :
2792 5551 2997 5606 Accidit
3039 5558 3235 5611 autem,
3268 5554 3323 5597 ut
3364 5544 3604 5597 ordinem

321 5653 420 5709 sibi
448 5655 776 5723 pra-ﬁnitum
812 5656 1135 5712 absolverent
1170 5674 1273 5712 non
1306 5667 1364 5711 ut
1396 5657 1632 5712 decebat.

397 5776 507 5831 Kal
538 5775 765 5844 ἐϐλήθη
798 5777 831 5829 δ
862 5774 1105 5843 δράκων
1138 5776 1171 5829 δ
1210 5774 1424 5844 μέγας,
1453 5770 1534 5844 [δ]
1574 5770 1715 5841 ὄψις
1749 5773 1781 5825 ό
1811 5772 1912 5839 ἀρ-

2092 5765 2214 5832 Xll,
2255 5764 2311 5820 9.
2360 5762 2424 5815 Et
2454 5760 2722 5832 projectus
2772 5767 2850 5813 est
2886 5757 3049 5809 draco
3094 5754 3185 5809 ille
3230 5771 3451 5826 magnus
3496 5772 3605 5808 ser-

327 5870 494 5941 καῖος
522 5873 553 5925 ό
584 5870 963 5941 καλούμενος
993 5866 1276 5935 διάϐολος
1308 5867 1403 5921 καί
1440 5865 1524 5940 [ὁ]
1558 5864 1845 5933 Σατανᾶς,
1876 5884 1891 5919 ι

2020 5878 2143 5933 pcns
2166 5860 2437 5929 antiquits,
2478 5856 2566 5925 qui
2609 5860 2826 5908 vocatur
2853 5848 3096 5904 diabolus
3121 5861 3169 5904 et
3217 5847 3483 5912 Satanas;
3514 5848 3605 5907 qui
