4034 6566
417 389 522 453 3'27

1576 384 1904 444 ΑΝῡΙῖΕίΕ
1941 381 2460 444 (ΙίΕΞΑῙὶΙΕΝδίὃ

3578 384 3684 450 3ξὸ

415 511 614 566 seducit
641 508 934 562 universum
958 506 1131 558 orbem
1155 520 1171 558 :
1199 515 1246 560 et
1273 504 1538 575 proiectus
1568 507 1715 558 estin
1756 514 1952 558 terram
1979 518 1997 566 ;

2117 503 2356 557 πλανῶν
2371 504 2484 572 τὴν
2500 503 2860 573 οἰκουμένην
2873 503 3046 571 ὅλην,
3063 503 3287 572 ἐὸλήθη
3309 505 3397 570 εις
3414 521 3442 558 r
3453 505 3530 573 ὴν
3542 505 3681 575 τῆν’

418 615 468 658 et
509 603 684 671 angeli
717 600 834 668 ejus
867 613 984 650 cum
1019 596 1112 649 illo
1145 597 1292 650 missi
1324 609 1467 652 sunt.

487 693 682 749 Merito
715 694 836 745 hoc.
867 689 1058 757 Neque
1089 689 1233 743 enim
1263 690 1433 744 ullum
1466 698 1742 743 terrenum
1771 702 1996 740 sensum

419 791 560 842 ferre
587 793 762 856 potest
794 783 990 837 coelum
1021 797 1200 852 neque
1229 783 1340 836 ulla
1374 782 1567 835 lumini
1603 796 1730 834 cum
1761 779 1998 832 tenebris

417 887 498 932 est
529 875 976 930 communicatio.
1008 874 1177 928 Porro
1226 881 1405 926 autem
1459 873 1600 941 quod
1651 885 1845 925 ﬂOtltell
1896 870 2000 922 hoc

421 969 654 1025 Satanas
699 967 987 1020 articulum
1030 966 1132 1019 hoc
1167 966 1288 1018 loco
1314 963 1661 1032 gadjunctum
1715 961 1909 1024 habet;
1944 959 1997 1012 id

423 1077 529 1116 non
567 1061 746 1130 arguit
773 1060 937 1114 alium
971 1073 1092 1112 esse
1138 1057 1417 1118 Satanam,
1462 1056 1630 1108 alium
1683 1053 1995 1118 diabolum;

424 1154 655 1220 (etiamsi
683 1153 1040 1219 hyperbatum
1070 1149 1122 1201 in
1159 1157 1412 1202 contextu
1436 1148 1618 1210 lateat)
1642 1144 1881 1199 ostendit
1907 1153 2001 1198 aut

424 1245 706 1313 antiquum
739 1244 889 1295 illum
913 1251 1216 1309 serpentem
1238 1240 1348 1293 duo
1372 1239 1589 1293 nomina
1623 1237 1809 1292 sortiri
1833 1255 1846 1291 :
1873 1237 2004 1291 alte-

423 1351 542 1388 rum
573 1335 681 1404 53
713 1334 920 1386 Diaboli
940 1349 957 1396 ;
978 1333 1124 1402 quod
1151 1331 1378 1386 virtutes
1403 1331 1775 1400 virtutumque
1794 1330 2003 1383 studio-

423 1441 516 1482 sos
537 1467 552 1492 ,
585 1433 640 1478 et
665 1427 842 1493 ipsum
866 1425 1030 1478 etiam
1066 1427 1231 1480 Deum
1259 1424 1398 1491 apud
1431 1423 1680 1476 homines
1703 1421 2004 1476 calumnie-

425 1528 552 1581 tur;
598 1516 869 1585 siquidem
901 1516 1044 1583 apud
1090 1515 1358 1567 Adamunt
1403 1514 1619 1567 invidiae
1663 1514 1814 1566 illum
1865 1511 2004 1564 insi-

425 1607 632 1662 mulare
673 1623 778 1661 non
818 1607 1109 1660 dubitavit.
1141 1606 1384 1659 Alterum
1421 1621 1568 1670 vero,
1605 1604 1841 1669 Satanas,
1881 1614 2006 1657 tan-

424 1714 585 1767 quam
636 1699 879 1766 pertinax
935 1697 1140 1752 Christi
1193 1695 1403 1749 Domini
1457 1705 1509 1750 ct
1557 1711 1840 1750 servorum
1887 1695 2008 1764 ejus

2111 595 2209 649 καί
2267 599 2320 650 οἱ
2359 596 2598 665 ἄγγελοι
2629 594 2817 650 αὑτοῦ
2844 594 2990 667 [μετ’
3022 596 3208 650 αὑτοῦ
3249 595 3648 672 ἐϐλήθησαν]

2181 685 2289 738 Καὶ
2313 685 2540 752 ἐϐλήθη
2567 689 2600 739 o'
2627 685 2864 753 δράκων
2891 688 2924 738 ό
2957 684 3148 754 μέγας
3189 687 3276 752 εις
3302 685 3418 753 τὴν
3450 685 3585 756 γῆν.
3615 719 3687 730 -

2106 775 2344 838 Εἰκότως
2375 792 2386 804 ·
2420 775 2481 828 οὑ
2513 776 2618 845 γάρ
2644 776 2672 827 ό
2697 773 2924 845 οὐρανὸς
2957 775 3119 846 ἔφερε
3148 777 3339 846 γήϊνον
3395 779 3684 848 φρόνημαο

2105 869 2187 920 ὅτι
2210 869 2288 938 τῷ
2321 867 2460 936 φωτὶ
2483 867 2542 919 τὸ
2582 867 2774 929 σκότος
2808 867 3196 935 ἀκοινώνητον,
3231 868 3293 920 El
3321 867 3378 920 δὲ
3426 871 3564 934 μετὰ
3590 869 3686 924 τοῦ

2107 959 2310 1031 ἄρθρου
2345 961 2542 1022 κεῖται,
2583 961 2615 1012 ό
2647 957 2940 1024 Σατανᾶς,
2985 959 3082 1028 οὐχ
3114 959 3190 1022 ὡς
3219 959 3377 1022 ἄλλος
3410 959 3484 1012 ῶν
3534 962 3687 1032 παρὰ

2107 1053 2199 1105 τὸν
2227 1052 2496 1116 διάϐολον,
2534 1054 2582 1105 εί
2608 1052 2702 1104 καὶ
2749 1055 2927 1105 κεῖται
2962 1051 3084 1106 καθ’
3127 1051 3470 1124 ὑπερϐατόνο
3504 1047 3617 1108 οἷον
3659 1055 3688 1107 ὀ

2109 1145 2357 1206 διάϐολος
2392 1148 2420 1198 ὁ
2455 1145 2550 1198 καὶ
2581 1145 2826 1208 Σατανᾶς
2851 1161 2866 1175 ·
2919 1143 3035 1198 ἀλλ’
3072 1143 3144 1209 ὡς
3175 1147 3242 1198 τά
3295 1143 3388 1197 δύο
3417 1145 3688 1215 καλούμε-

2108 1256 2196 1302 νος
2221 1256 2234 1269 ο
2278 1239 2336 1292 τὸ
2369 1239 2488 1308 μὲν,
2526 1238 2614 1291 διὰ
2641 1238 2701 1290 τὸ
2727 1237 3036 1290 διαὸάλλειν
3067 1238 3165 1300 τὰς
3199 1238 3403 1308 ἀρετάς
3435 1237 3529 1291 καὶ
3559 1237 3688 1302 τοὺς

2111 1330 2316 1383 τούτων
2353 1331 2590 1400 ἐραστάς
2614 1347 2628 1360 ο
2675 1330 2770 1382 καὶ
2805 1329 2970 1383 αὑτδν
3007 1329 3098 1382 τὸν
3139 1330 3273 1383 Θεὸν
3311 1333 3423 1393 τοῖς
3479 1331 3689 1403 ἀνθρὼ-

2111 1440 2254 1486 ποις,
2285 1422 2360 1484 ὡς
2384 1422 2457 1490 τῷ
2518 1422 2691 1493 ’Λδὰμ
2721 1421 2881 1475 αὑτὸν
2915 1422 3188 1492 βάσκανον
3238 1422 3524 1494 ὑπέγραψε
3553 1439 3568 1455 ·
3625 1423 3688 1477 τὸ

2111 1517 2190 1578 δὲ,
2223 1515 2297 1578 ὡς
2325 1516 2700 1586 ἀντικείμενος
2737 1516 2832 1570 καὶ
2863 1517 2941 1587 τῷ
2977 1519 3228 1591 Δεσπότῃ
3266 1520 3362 1573 καὶ
3401 1523 3515 1583 τοῖς
3566 1518 3689 1573 δού-

2118 1608 2230 1671 λοις
2263 1605 2499 1680 [αὐτοῦ].
2533 1607 2728 1662 Ἰστέον
2757 1608 2813 1661 δὲ
2862 1609 2945 1662 ὅτι
2981 1611 3080 1682 οὐχ
3113 1609 3256 1686 οὕτω
3297 1611 3496 1681 τοπικὴ
3550 1611 3689 1682 μετὰ

2113 1699 2204 1753 τὸν
2243 1701 2478 1772 σταυρὸν
2503 1702 2534 1772 ή
2566 1699 2662 1754 τοῦ
2690 1701 2938 1754 διαϐόλου
2965 1704 3157 1770 γέγονε
3188 1703 3562 1768 κατάπτωσις,
3613 1703 3690 1767 ὡς

427 1790 796 1845 adversarius.
846 1788 1262 1844 Observandum
1300 1799 1384 1842 est
1431 1797 1637 1851 autem,
1676 1788 1878 1842 diaboli
1913 1803 2003 1842 ca-

2117 1796 2176 1864 τῇ
2213 1793 2322 1847 τῶν
2356 1794 2723 1864 προπατόρων
2750 1795 3137 1868 άνενεργησίᾳ,
3173 1794 3357 1858 καθὼς
3382 1794 3477 1848 καὶ
3521 1795 3690 1858 αὐτὸς

429 1897 546 1936 sum
597 1890 721 1949 post
759 1881 961 1936 Christi
1013 1895 1232 1935 crucem
1281 1894 1388 1933 non
1434 1879 1602 1934 fuisse
1648 1879 1912 1943 localem,
1951 1890 2008 1934 ut

428 1973 532 2027 fuit
571 1975 803 2043 primus.
862 1973 1073 2026 Dicitur
1103 1981 1281 2025 tamen
1323 1981 1444 2040 post
1473 1971 1748 2025 Christum
1786 1986 2007 2039 passum

427 2063 724 2128 cecidisse;
774 2064 901 2132 quia
951 2063 1196 2132 pristina:
1245 2063 1390 2117 illius
1443 2064 1624 2127 vires,
1680 2073 1802 2140 post
1857 2063 2006 2116 illunt

427 2163 639 2224 tempus
665 2162 792 2209 sunt
824 2155 1105 2209 diminutze
1127 2196 1141 2219 ,
1175 2163 1227 2209 et
1258 2155 1413 2224 quasi
1445 2156 1630 2210 fractae
1660 2173 1672 2207 :
1707 2165 1764 2208 ιιι
1801 2155 1914 2224 ipse
1946 2156 2006 2208 Β.

425 2249 662 2299 Antonio
693 2249 943 2303 conﬁteri
978 2266 1085 2304 non
1111 2251 1353 2316 erubuit,
1383 2251 1510 2304 illml
1545 2252 1823 2321 prephcta:
1860 2253 1912 2305 in
1947 2267 2010 2307 se

427 2339 705 2406 impletum
759 2341 1052 2395 ostendens
1095 2357 1108 2392 :
1144 2340 1358 2394 Inimici
1398 2341 1563 2410 gladii
1598 2342 1897 2410 defecerunt
1957 2343 2010 2396 in

428 2431 617 2500 ﬁne“.
653 2435 816 2502 Igitur
840 2436 993 2486 ruina
1021 2435 1166 2488 illius
1201 2435 1347 2488 aliud
1379 2435 1516 2488 nihil
1549 2443 1652 2498 est,
1693 2449 1855 2504 quam
1890 2450 2009 2490 ma-

428 2524 698 2593 lignorum
766 2539 1059 2580 conatuum
1115 2526 1259 2581 illius
1302 2525 1626 2591 inﬁrmatio,
1656 2538 2010 2596 posteaquam

428 2617 598 2671 semel
621 2633 651 2670 e
699 2618 840 2672 coelo
875 2618 1232 2688 dominioque
1271 2622 1417 2688 quod
1449 2619 1752 2682 obtinebat,
1787 2618 2007 2674 decidit.

429 2706 661 2760 Adrerte
699 2723 937 2770 rursum,
969 2709 1110 2777 apud
1141 2708 1199 2761 Β.
1231 2706 1510 2762 Justinum
1540 2710 1924 2779 philosophum
1960 2720 2013 2764 et

433 2813 723 2870 martyrem
772 2802 896 2872 legi,
956 2802 1233 2856 diabolum
1282 2815 1406 2873 post
1441 2804 1643 2859 Christi
1694 2808 2009 2870 adventum,

429 2890 704 2959 latamque
728 2893 990 2947 adversus
1029 2895 1180 2949 illurn
1209 2897 1469 2966 gehennae
1495 2896 1634 2964 ignis
1659 2897 2010 2962 sententiam,

430 2984 667 3036 maxime
700 2986 1078 3052 blasphemum
1111 2989 1386 3054 evasisse;
1421 2987 1707 3057 primoque
1738 2987 1896 3040 initio
1947 3003 2009 3040 ca

430 3075 764 3144 impudentia
797 3078 964 3132 Deum
997 3094 1105 3132 non
1137 3079 1544 3148 blasphetnasse
1585 3094 1691 3149 qua
1717 3079 1900 3134 modo.
1936 3077 2011 3132 Ea

2112 1884 2189 1956 τῷ
2223 1884 2494 1957 [μεγάλῳ]
2535 1885 2807 1956 Ἀντωνίῳ
2845 1887 3126 1958 ὁμολογῶν
3180 1886 3242 1939 τὸ
3280 1885 3556 1956 ψαλμικὸν
3601 1887 3690 1939 ἐπ’

2114 1977 2276 2030 αὑτὸν
2321 1975 2717 2048 πεπληρῶσθαι
2747 1978 2929 2045 λόγιον
2957 1993 2972 2010 ·
3016 1977 3126 2032 Τοῦ
3159 1977 3380 2046 ἐχθροῦ
3405 1976 3692 2041 ἐξέλιπον

2113 2072 2170 2123 αι
2196 2070 2482 2138 ,ὸομςοαῖαι
2510 2072 2598 2136 είς
2626 2072 2823 2136 τέλος.
2853 2071 3169 2134 Ἐκπτωσις
3197 2067 3294 2124 οὖν
3329 2069 3517 2136 αὐτοῦ,
3547 2067 3688 2143 [κάη

2111 2163 2274 2232 ἡτῶν
2307 2145 2559 2232 πονηρῶν
2590 2161 2757 2216 αὐτοῦ
2793 2163 3216 2233 ἐγχειρημάτων
3236 2163 3517 2233 ἀθέτησις,
3549 2162 3690 2232 μετὰ

2111 2253 2204 2306 τοῦ
2250 2253 2358 2304 τῶν
2387 2253 2633 2324 οὐρανῶν
2687 2255 2780 2308 καὶ
2836 2254 2939 2324 τῆς
2970 2253 3180 2317 οἰκείας
3218 2255 3393 2324 ἀρχῆς
3441 2250 3690 2324 [τελέως]

2115 2347 2550 2416 ἀποϐεὸλῆσθαι,
2592 2349 2667 2411 ὡς
2695 2347 2933 2418 εἴρηται.
2962 2347 3227 2400 Λέλεκται
3245 2345 3301 2400 δὲ
3323 2345 3402 2417 τῷ
3435 2343 3693 2415 μακαρίῳ

2114 2441 2390 2512 ’Ῑουστίνῳ
2434 2440 2511 2511 τῷ
2556 2440 2857 2512 [φιλοσόφῳ
2889 2438 3008 2512 καὶ]
3085 2440 3345 2510 μάρτυρι,
3405 2437 3546 2508 μετὰ
3589 2437 3691 2508 τὴν

2115 2531 2255 2604 [τοῦ]
2295 2531 2535 2602 Χριστοῦ
2596 2531 2899 2602 παρουσίαν
2939 2531 3045 2583 ’καὶ
3087 2529 3187 2600 τὴν
3219 2530 3340 2582 κατ’
3397 2526 3566 2582 αὐτοῦ
3625 2529 3689 2581 ὲν

2113 2624 2306 2697 γεέννῃ
2341 2624 2638 2693 ἀπόφασιν,
2672 2623 2992 2694 βλάσφημον
3018 2621 3254 2693 μάλιστα
3286 2619 3574 2689 γεγονέναι
3598 2618 3694 2673 τδν

2113 2716 2358 2770 διάὗολον
2388 2731 2401 2745 ·
2439 2716 2643 2785 καίπερ
2678 2715 2754 2786 μὴ
2804 2715 3074 2785 πρότερον
3099 2711 3272 2776 οὕτως
3309 2711 3545 2775 ἀναιδῶς
3594 2709 3689 2764 τὸν

2114 2809 2246 2862 Θεὸν
2283 2809 2757 2878 βλασφημήσαντα
2780 2824 2793 2836 ·
2818 2807 2898 2860 διὸ
2927 2806 3056 2876 περὶ
3083 2805 3247 2859 αὑτοῦ
3277 2803 3584 2867 εὐθυϐόλως
3615 2805 3694 2858 εί-

2119 2917 2278 2970 ρηται
2309 2915 2324 2932 °
2397 2900 2466 2954 ’11
2501 2899 2713 2967 καρδία
2740 2898 2929 2953 αὐτοῦ
2959 2897 3231 2966 πέπηγεν
3249 2895 3455 2964 ὥσπερ
3478 2896 3649 2961 λίθος
3673 2912 3688 2928 ο

2118 2990 2206 3042 διὰ
2230 2990 2290 3043 τὸ
2337 2993 2436 3061 τῆς
2471 2989 2736 3060 πονηρίας
2783 2989 3088 3044 ἁνένδοτον.
3133 2989 3196 3042 El
3229 2987 3286 3041 δὲ
3319 2989 3353 3058 ἠ
3397 2987 3692 3059 προσδοκία

2115 3081 2211 3151 τῆς
2249 3081 2526 3144 κολάσεως
2561 3080 2928 3150 πονηρότερον
2951 3078 3112 3132 αὑτὸν
3141 3076 3542 3150 ἀπειργάσατο,
3575 3075 3692 3138 πῶς

429 3177 654 3236 propter
693 3176 840 3222 recte
880 3167 944 3222 de
982 3170 1101 3238 ipso
1137 3171 1414 3240 proditum
1448 3181 1669 3225 exstare
1711 3189 1724 3224 :
1765 3170 1866 3225 Cor
1898 3170 2010 3239 ejus

2117 3137 2592 3242 aiataiatiopevo;
2641 3137 2884 3242 ﬂuuii-cii;
2942 3170 2975 3242 ἢ
3029 3171 3080 3222 ol
3133 3137 3360 3240 ἐργάται
3418 3137 3586 3222 αὐτοῦ
3637 3137 3695 3220 ὲν

428 3258 765 3312 indurabitur
793 3273 843 3312 ut
873 3259 1008 3331 lapis
1037 3262 1106 3329 5';
1151 3279 1346 3332 nempe
1407 3274 1629 3334 propter
1660 3262 2012 3317 durissitnant

430 3349 576 3402 illam
614 3351 884 3420 planeque
937 3369 1155 3406 saxeam
1197 3353 1249 3406 in
1303 3355 1507 3406 malitia
1566 3353 2011 3408 obstinationem.

430 3436 586 3507 Quod
637 3441 680 3495 si
729 3445 838 3496 sola
897 3445 1292 3514 suppliciorum
1341 3447 1681 3515 exspectatio
1732 3446 2013 3500 diabolum

433 3534 838 3587 sceleratiorent
883 3535 1079 3599 reddit,
1125 3537 1401 3604 quomodo
1437 3538 1518 3591 vel
1572 3538 1711 3606 ipse,
1751 3537 1830 3590 vel
1868 3537 2014 3590 illius

2112 3264 2326 3334 γεέννῃ,
2359 3263 2446 3317 διὰ
2485 3263 2592 3331 τῆς
2625 3261 2925 3332 πυρώσεως
2958 3259 3065 3314 τῶν
3095 3260 3280 3332 ρὑων
3301 3261 3399 3330 τῆς
3420 3257 3696 3330 ἁμαρτίας

2113 3356 2578 3426 ἑκπλυνθὴσονται
2605 3371 2618 3419 ς
2647 3356 2838 3408 τούτου
2862 3353 2916 3407 δὲ
2951 3353 3026 3423 μὴ
3057 3353 3337 3420 τυχόντες,
3376 3351 3492 3414 πῶς
3523 3352 3696 3422 πέρας

2111 3444 2295 3508 ἕξουσι
2325 3446 2424 3516 τῆς
2465 3447 2761 3512 κολάσεως,
2793 3447 2936 3500 κατὰ
2961 3446 3090 3509 τοὺς
3142 3444 3551 3516 ματαιδφρονας
3580 3441 3692 3516 [αἱ-

2116 3539 2365 3606 ρετικούς
2388 3539 2426 3610 ;]

433 3626 670 3681 ministri
710 3627 968 3695 gehennie
1010 3628 1149 3698 ignis
1195 3630 1389 3682 ardore
1443 3629 1787 3694 inllanunati,
1825 3629 2048 3699 direque
2100 3632 2315 3698 puniti,
2383 3642 2730 3702 peccatorum
2765 3631 2954 3687 sordes
2991 3631 3222 3686 cluent?
3267 3629 3417 3684 lianc
3449 3636 3632 3684 autem
3665 3643 3696 3680 at

433 3719 670 3786 peccatis
725 3735 820 3788 per
879 3721 1054 3789 ignem
1103 3721 1468 3790 expiationem
1526 3738 1633 3776 non
1688 3724 2007 3790 consecuti;
2049 3725 2350 3794 quomodo,
2378 3725 2679 3780 secundum
2732 3725 2954 3780 stultam
3004 3723 3374 3795 quorumdam
3410 3722 3667 3778 heretico

433 3828 556 3866 rum
597 3814 944 3879 sententiam,
981 3816 1256 3871 cruciatus
1290 3817 1505 3870 illorum
1547 3817 1708 3872 ﬁnem
1741 3821 1868 3873 olint
1900 3822 2244 3876 sortientur!

507 3902 624 3967 Xll,
668 3903 753 3958 10.
791 3904 854 3958 Ει
886 3908 1062 3960 audivi
1095 3925 1263 3962 vocem
1294 3928 1540 3981 magnam
1568 3914 1621 3966 in
1653 3914 1798 3979 coelo,
1839 3918 2015 3968 dicen-

435 4003 578 4048 tem:
607 3993 763 4048 Nunc
803 3996 946 4065 facta
982 4009 1054 4051 est
1103 4001 1268 4065 salus,
1298 4011 1345 4055 et
1379 4004 1566 4070 virtus,
1595 4014 1642 4058 et
1673 4023 1884 4075 regnum
1919 4006 2013 4062 Dei

434 4087 622 4153 nostri,
655 4098 700 4140 ct
747 4098 974 4158 potestas
1009 4090 1208 4144 Christi
1253 4093 1367 4163 ejus
1416 4097 1590 4164 :quia
1629 4098 1890 4166 projectus
1940 4113 2014 4154 est

437 4188 720 4230 accusator
775 4179 1000 4248 fratrum
1055 4194 1376 4251 nostrorum,
1431 4190 1519 4256 qui
1563 4194 1844 4246 accusabat
1896 4192 2013 4246 illo:

438 4280 560 4326 ante
589 4285 921 4341 conspectum
963 4273 1058 4328 Dei
1092 4281 1257 4331 nostri
1290 4279 1374 4334 die
1404 4297 1467 4333 ac
1509 4292 1674 4337 nocte.

503 4445 610 4500 Per
649 4450 1033 4504 accusationem
1075 4453 1369 4522 falsamque
1423 4455 1767 4520 calumniam,
1815 4457 2014 4526 quibus

443 4543 693 4598 homines
729 4545 1082 4614 impetuntur,
1120 4548 1294 4617 ipsunt
1323 4550 1600 4602 diabolum
1631 4550 1908 4621 designat,
1943 4554 2018 4614 si:

440 4634 658 4703 quidem
707 4635 811 4690 hoc
854 4637 1096 4692 studium
1147 4640 1389 4693 nominis
1434 4639 1553 4708 ejus
1589 4642 1748 4705 ratio,
1797 4652 1854 4696 ut
1899 4656 2024 4698 ante

439 4724 647 4777 dictum
703 4734 806 4788 est,
866 4725 1129 4780 insinuat.
1185 4727 1462 4781 Laetantur
1515 4736 1692 4781 autem
1745 4728 1920 4798 angeli
1959 4729 2024 4782 de

442 4812 584 4865 illius
620 4812 913 4882 ejectione,
965 4818 1090 4886 quia
1138 4819 1287 4872 nulla
1338 4827 1420 4871 est
1467 4832 1594 4888 pars
1650 4819 1852 4874 infideli
1899 4838 2020 4877 cum

441 4901 715 4956 lidelibtts.

512 4993 629 5060 XII,
672 4997 751 5061 ll,
790 4997 876 5050 l2.
909 4996 973 5050 Et
1017 4999 1114 5064 ipsi
1146 5001 1376 5052 vicerunt
1408 5017 1523 5053 cum
1557 5012 1772 5072 propter
1797 5006 2015 5075 sangui-

444 5104 557 5140 nem
582 5089 736 5158 Agui,
765 5100 810 5142 et
835 5099 1046 5158 propter
1072 5092 1279 5143 verbum
1304 5095 1589 5146 testimonii
1611 5099 1715 5160 sui;
1741 5107 1787 5150 et
1816 5113 1915 5150 non
1941 5099 2020 5150 tli-

444 5179 681 5233 (exerunt
714 5183 919 5233 animas
958 5199 1082 5235 suas
1121 5194 1280 5252 usque
1338 5187 1406 5237 ad
1454 5197 1692 5242 mortem.
1737 5188 2023 5258 Propterea

448 5271 728 5333 (tutamini,
781 5272 919 5334 (teli,
950 5281 997 5324 et
1029 5273 1116 5339 qui
1159 5273 1412 5329 habitatis
1438 5277 1489 5328 in
1524 5279 1616 5330 eis.
1662 5276 1750 5332 Va:
1780 5290 1933 5332 terra:
1977 5290 2022 5332 et

446 5366 620 5429 mari;
667 5367 792 5434 quia
821 5365 1087 5418 descendit
1125 5366 1364 5421 diabolus
1408 5369 1476 5422 ad
1503 5386 1588 5423 vos
1650 5373 1842 5427 habens
1889 5373 2022 5426 iram

447 5471 714 5529 magnam,
747 5458 913 5511 sciens
939 5459 1078 5526 quod
1101 5460 1358 5514 modicum
1394 5471 1590 5531 tempus
1616 5464 1786 5519 habet.

520 5633 583 5686 Et
617 5633 812 5696 sancti,
861 5632 1059 5702 inquit,
1104 5639 1341 5701 tametsi,
1379 5641 1574 5696 acriter
1603 5645 1742 5714 apud
1785 5662 2013 5713 omnes,

523 5811 565 5844 ³⁸
593 5809 735 5866 l'sal.
766 5829 840 5881 ιχ,
871 5814 923 5870 7.
1001 5818 1042 5848 ³η
1074 5817 1175 5874 .lub
1219 5836 1324 5884 ut,
1359 5821 1442 5876 l3.

2196 3917 2302 3970 Kal
2325 3916 2563 3986 ἥκουσα
2586 3915 2795 3986 φωνῆς
2817 3915 3088 3985 μεγάλης
3116 3915 3188 3970 ἐν
3215 3913 3295 3980 τῷ
3333 3910 3569 3980 οὐρανῷ
3595 3915 3700 3966 λε·
3757 3941 3766 3949 -

2123 4011 2376 4080 γούσης·
2424 4011 2582 4076 ’Ἄρτι
2616 4007 2855 4078 ἐγένετο
2894 4009 2932 4074 η
2957 4007 3220 4076 σωτηρία
3255 4005 3352 4059 καὶ
3381 4007 3419 4073 η
3448 4003 3699 4073 δύναμις

2122 4103 2219 4156 καὶ
2255 4103 2292 4170 ή
2323 4102 2612 4166 βασιλεία
2639 4099 2742 4155 τοῦ
2799 4101 2948 4155 Θεοῦ
2979 4099 3166 4170 ἡμῶν,
3200 4098 3300 4152 καί
3350 4098 3388 4164 η
3442 4097 3702 4162 ἐξουσία

2122 4194 2226 4246 τοῦ
2263 4192 2522 4260 Χριστοῦ
2555 4191 2742 4246 αὐτοῦ
2775 4207 2789 4221 ⁸
2825 4190 2912 4244 ὅτι
2943 4189 3285 4258 κατεϐλήοη
3310 4193 3343 4243 ό
3371 4187 3703 4257 κατήγορος

2124 4286 2239 4338 τῶν
2286 4284 2568 4352 ἀδελφῶν
2619 4283 2811 4353 ἡμῶν,
2863 4286 2896 4337 ό
2947 4281 3296 4352 κατηγορῶν
3337 4281 3557 4347 αὐτοὺς
3598 4281 3702 4336 ἐν·

2119 4377 2306 4430 ὡπιον
2326 4379 2430 4430 τοῦ
2465 4376 2614 4430 Θεοῦ
2636 4375 2863 4444 ἡμέρας
2897 4375 2995 4429 καὶ
3027 4376 3274 4440 νυκτός.

2195 4468 2322 4519 "0n
2375 4466 2712 4534 κατεᾶιηθη
2757 4470 2788 4520 ὀ
2851 4466 3183 4535 κατήγορος
3241 4464 3362 4518 τῶν
3419 4461 3702 4532 ἀδελφῶν

2125 4556 2312 4625 ἡμῶν.
2339 4588 2407 4596 —
2451 4557 2512 4609 'll
2549 4558 2871 4625 κατηγορία
2902 4558 3048 4626 καὶὴ
3079 4554 3332 4622 διαϐολὴ
3364 4556 3398 4625 ὴ
3431 4554 3572 4608 κατὰ
3593 4552 3701 4605 τῶν

2123 4647 2451 4719 ἀνθρώπων,
2489 4649 2578 4701 τὸν
2627 4649 2892 4712 διάϐολον,
2931 4651 3067 4720 ὅπερ
3100 4646 3242 4712 ἐστὶ,
3298 4646 3593 4716 κέκληκεν,
3623 4645 3700 4710 ὡς

2125 4740 2361 4810 εἴρηται.
2399 4740 2798 4810 Εὑφραίνονται
2823 4741 2880 4793 δὲ
2915 4741 2964 4792 οἱ
3008 4739 3233 4809 ἄγγελοι
3268 4738 3365 4791 ἐπὶ
3395 4741 3460 4809 τῇ
3505 4736 3698 4792 τούτου

2125 4833 2318 4903 ἐκϐολῇ
2355 4849 2367 4862 ·
2405 4833 2632 4903 οἰδεμία
2680 4834 2788 4905 γὰρ
2827 4834 2984 4904 μερὶς
3049 4830 3227 4903 πιστῴ
3259 4833 3400 4903 μετὰ
3437 4832 3692 4885 ἀπίστου.

2190 5013 2296 5065 Καὶ
2340 5011 2526 5065 αὐτοῦ
2559 5013 2858 5080 ἐνίκησαν
2907 5012 3097 5066 αὐτὸν
3155 5011 3254 5066 διὰ
3301 5011 3366 5066 τὸ
3417 5007 3560 5082 talpa
3599 5011 3702 5064 τοῦ

2133 5106 2379 5174 Ἀρνίου,
2413 5105 2509 5158 καὶ
2553 5105 2650 5159 διὰ
2697 5105 2802 5158 τὸν
2849 5106 3038 5173 λόγον
3069 5103 3180 5173 τῆς
3223 5105 3554 5174 μαρτυρίας
3595 5107 3700 5158 αὐ-

2122 5200 2239 5252 τῶν
2265 5216 2277 5228 ·
2311 5199 2408 5252 καὶ
2438 5202 2548 5253 οὐκ
2579 5199 2909 5270 ἠγάπησαν
2933 5199 3048 5267 τὴν
3097 5198 3310 5268 ψυχὴν
3335 5197 3536 5252 αὐτῶν
3565 5199 3700 5267 ἄχρι

2126 5287 2408 5342 θανάτου.
2446 5290 2547 5342 Διὰ
2579 5289 2753 5344 τοῦτο
2781 5291 3201 5358 εὐφραίνεσθε,
3232 5291 3286 5342 οἱ
3308 5288 3580 5355 οὐρανοὶ,
3604 5290 3694 5340 καὶ

2125 5378 2265 5432 οιὲν
2298 5379 2504 5446 αὐτοῖς
2538 5381 2935 5446 σκηνοῦντες.
2977 5381 3122 5435 Οὐαὶ
3148 5379 3221 5448 τῇ
3263 5379 3340 5450 γῇ
3370 5379 3468 5434 καί
3490 5377 3566 5447 τῇ
3602 5384 3704 5434 θα-

2124 5469 2356 5536 λάσσῃ,
2384 5469 2469 5522 ὅτι
2504 5471 2721 5536 κατέϐη
2750 5473 2781 5523 ὀ
2803 5470 3080 5536 διάϐολος
3120 5469 3269 5538 πρὸς
3297 5469 3448 5538 ὑμᾶς
3487 5467 3568 5542 [0']
3597 5467 3700 5546 pe-

2124 5577 2238 5628 γαν
2268 5561 2426 5629 ἔχων
2452 5563 2659 5630 θυμὸν,
2688 5562 2859 5630 εἰδὼς
2890 5563 2975 5617 ὅτι
3001 5566 3213 5634 ὀλίγον
3239 5565 3451 5634 καιρὸν
3482 5564 3628 5632 ἔχει.

2196 5654 2301 5706 lia}.
2325 5654 2492 5709 (ιε-τοὶ
2523 5655 2819 5724 ἐνίκησαν
2841 5658 3030 5712 αὐτὸν
3059 5658 3155 5715 διὰ
3192 5659 3253 5712 τὸ
3282 5653 3424 5729 alita
3460 5657 3567 5712 τοῦ
3606 5655 3704 5725 ἀρ·
