4034 6658
436 443 544 512 331

1599 447 1932 509 unum
1962 449 2479 512 casamsusrs
2557 525 2560 528 λ

3603 445 3714 510 332

439 565 687 620 ﬂuminis
713 581 743 618 a
787 574 938 635 tergo
969 563 1113 620 illius
1147 564 1438 631 eruetavit,
1469 565 1570 620 hoc
1609 578 1712 632 est.
1749 568 2013 638 ingentem

2131 567 2348 640 ύδρους]
2380 567 2482 638 τὴν
2513 564 2606 620 τοῦ
2634 563 2837 618 πλάνου
2871 563 3075 633 Ξτοδον,
3103 565 3166 621 ἐκ
3198 565 3288 620 τοῦ
3325 568 3584 638 στόματο.
3619 570 3717 622 cti-

443 658 738 727 impiornm
801 657 1064 720 virorum,
1124 668 1218 712 aut
1267 661 1629 729 malignorum
1683 661 2020 725 daemonum,

439 760 535 804 aut
565 750 887 803 infestarunt
915 749 1276 805 tentationum
1303 753 1730 818 lliUllllUdlnCﬂl,
1761 752 2025 809 adversus

438 841 590 894 illam
618 843 884 908 armavit;
927 859 1038 912 quo
1071 843 1173 897 hac
1206 843 1418 900 ratione
1446 862 1589 911 eam,
1637 847 1682 901 si
1728 855 1925 916 queat,
1969 846 2024 900 in

439 932 764 988 servitutem
808 932 1038 1004 redigat.
1092 937 1162 989 At
1227 947 1392 1000 terra,
1435 937 1632 1007 inquit,
1661 937 1803 1008 jnvit
1851 939 2021 994 illam.

436 1020 586 1077 Jnvit
610 1033 790 1078 autem
819 1036 910 1079 aut
935 1026 1032 1079 via:
1063 1026 1426 1095 longitudine,
1461 1040 1556 1082 aut
1585 1027 1828 1082 locorum
1860 1044 2024 1098 squa-

438 1115 558 1172 lore
590 1129 643 1173 et
685 1119 965 1181 siccitate,
1016 1120 1392 1190 improborum
1442 1121 1728 1176 hominum
1785 1122 2024 1192 impetus

430 1209 691 1274 sistens,
749 1209 1224 1279 tentationumque
1300 1209 1500 1265 tlunten
1558 1211 1678 1281 ejus
1727 1214 1802 1267 rei
1857 1229 2024 1270 causa

438 1303 671 1371 ejectum
704 1304 1027 1368 absorbens,
1067 1313 1122 1358 et
1159 1312 1474 1358 sanctorum
1510 1304 1749 1377 denique
1779 1307 2019 1363 submis-

438 1395 616 1459 sinite,
665 1394 916 1463 quivere
971 1403 1229 1463 recteque
1274 1395 1456 1451 dicere
1500 1395 1714 1451 solent:
1744 1395 1857 1468 Ego
1906 1414 2021 1452 sunt

441 1495 580 1540 terra
632 1497 683 1539 et
729 1487 959 1552 cinis",
1016 1502 1209 1542 omnes
1259 1488 1482 1558 superbi
1536 1489 1739 1544 diaboli
1795 1491 2023 1562 laqueos

437 1595 709 1635 enervans
737 1599 750 1635 :
792 1581 934 1634 nihil
963 1580 1134 1642 enim,
1165 1589 1224 1635 ut
1253 1581 1438 1635 divino
1459 1580 1700 1636 Antonio
1732 1581 1800 1636 ab
1829 1581 2022 1652 angelo

437 1672 736 1727 indicatum
768 1683 874 1740 est,
905 1673 1107 1729 diaboli
1139 1673 1285 1728 vires
1314 1673 1386 1727 ita
1411 1671 1617 1745 frangit
1643 1674 1808 1730 sicuti
1841 1672 2022 1728 humi-

432 1765 589 1820 liras.

506 1854 617 1926 55
634 1853 751 1923 XII,
774 1858 858 1912 l7.
884 1855 949 1910 Et
979 1857 1148 1911 iratus
1164 1865 1239 1910 est
1273 1854 1434 1909 draco
1453 1856 1700 1911 adversus
1718 1857 2012 1924 mulierem,

435 1959 484 2002 et
519 1949 649 2002 abut
683 1959 740 2003 ut
768 1949 965 2018 faceret
993 1949 1238 2018 prcelium
1289 1965 1408 2001 cum
1464 1932 1773 2019 reliquis-de
1820 1950 2015 2004 semine

435 2041 549 2110 ejus
571 2041 662 2110 qui
728 2041 1037 2095 custodiunt
1085 2040 1343 2094 mandata
1378 2039 1494 2104 Dei,
1527 2051 1575 2093 et
1637 2039 1823 2094 habent
1856 2041 2005 2095 testi-

435 2134 671 2185 monium
694 2129 824 2186 Iesu
866 2131 1088 2186 Christi.

509 2224 909 2281 lllustriorihus
944 2223 1206 2280 Ecclesia:
1248 2224 1545 2294 magistris,
1577 2224 1750 2294 iisque
1783 2225 1876 2294 qui
1903 2233 2014 2280 ter-

434 2333 552 2371 ram
581 2330 778 2386 resque
793 2325 1042 2371 terrenas
1065 2315 1344 2385 despectui
1367 2315 1658 2380 habebant,
1687 2316 1750 2370 ad
1769 2331 2013 2371 crcmum

434 2405 607 2460 veluti
653 2404 720 2459 ad
759 2418 1130 2459 aerumnosum
1177 2405 1431 2458 exsilium
1489 2403 1788 2468 translatis,
1827 2405 1916 2458 ita”
1957 2412 2016 2459 ut

431 2499 632 2552 tuarum
663 2510 887 2566 compos
917 2495 1031 2550 ﬁeri
1060 2495 1295 2566 amplius
1331 2512 1436 2550 non
1480 2495 1674 2561 valeat,
1733 2496 1899 2551 draco
1932 2497 2014 2552 vel

435 2591 813 2646 Antichristus
851 2588 968 2659 ipse
997 2597 1190 2644 contra
1237 2603 1333 2643 eos
1355 2589 1528 2643 aciem
1566 2604 1691 2643 mox
1715 2599 2012 2658 convertet,

435 2681 635 2751 inquit,
657 2681 753 2751 qui
805 2679 1024 2735 Christo
1063 2679 1115 2733 in
1151 2689 1289 2733 terra
1324 2678 1425 2734 hac
1448 2679 1702 2734 militant.
1729 2677 1839 2735 llos
1867 2682 2012 2736 enim

435 2771 602 2829 veluti
625 2784 843 2827 terreno
876 2771 1102 2841 pulvere
1121 2771 1226 2825 olei
1260 2770 1626 2825 lubrieitatem
1653 2782 2015 2842 exasperante

437 2881 714 2935 aspcrsos,
749 2865 980 2934 viaeque
1015 2863 1181 2934 hujus
1215 2864 1450 2934 negotiis
1479 2863 1742 2934 curisque
1787 2865 2014 2920 immer-

435 2973 549 3022 sos,
574 2956 821 3027 adeoque
845 2968 1005 3026 captu
1058 2955 1248 3011 faciles
1285 2956 1589 3024 inveniens,
1621 2958 1853 3028 pedibus
1899 2959 2015 3013 suis

433 3052 780 3106 substernere
802 3049 1112 3105 contendet.
1134 3049 1233 3105 Ast
1265 3065 1373 3104 non
1405 3064 1598 3104 omnes
1631 3059 1858 3105 sternet.
1877 3047 2013 3104 Nam

434 3143 592 3196 multi
638 3156 705 3196 ex
755 3141 861 3195 illis
914 3155 1156 3210 quoque,
1192 3155 1258 3195 eo
1293 3139 1441 3210 quod
1490 3139 1769 3194 Christum
1798 3138 2015 3194 sincero

432 3250 619 3290 altiore
641 3233 914 3306 prosecuti
937 3242 1085 3298 sunt,
1112 3233 1395 3288 victoriam
1421 3247 1487 3288 ex
1509 3231 1727 3288 diabolo
1759 3231 2015 3290 referent.
2043 3249 2089 3315 ο

973 3368 1200 3425 CAPUT
1247 3368 1487 3426 XXXVI.

403 3538 407 3542 ~
499 3506 577 3561 De
614 3504 780 3562 bestia
803 3523 920 3577 qua:
965 3505 1186 3561 habebat
1228 3522 1426 3590 cornua
1453 3506 1628 3562 decem
1679 3514 1730 3561 et
1754 3513 1949 3576 septem

1147 3587 1344 3645 capita.

507 3708 742 3772 Xll,18.
777 3709 923 3776 ΧΙΠ,
959 3712 1004 3766 l.
1051 3711 1117 3765 Et
1152 3715 1275 3767 steti
1300 3730 1455 3782 super
1502 3731 1717 3770 arenam
1749 3719 1932 3782 maris,
1963 3727 2014 3772 et

434 3802 542 3855 ridi
580 3801 643 3854 de
675 3805 810 3856 mari
840 3804 1062 3857 bestiam
1100 3808 1488 3872 ascendentem,
1524 3806 1798 3862 habentem
1834 3812 2011 3880 capita

435 3904 632 3946 sentem
689 3903 737 3946 et
768 3910 965 3948 cornua
989 3896 1184 3960 decem,
1213 3907 1261 3950 et
1287 3913 1441 3966 super
1479 3914 1678 3951 cornua
1704 3903 1816 3966 ejus
1837 3901 2012 3954 decem

431 3987 740 4040 diademata
783 4005 794 4040 :
821 3997 867 4042 et
899 4005 1055 4058 super
1075 3990 1250 4058 capita
1275 3989 1387 4058 ejus
1415 3991 1629 4045 nomina
1652 3992 2008 4061 blasphemia'.

503 4165 735 4230 Quidam
796 4180 892 4236 per
959 4165 1098 4220 hanc
1154 4165 1374 4220 bestiam
1429 4169 1702 4239 accipiunt
1753 4171 2008 4227 virtutem

432 4257 729 4326 quamdam
772 4255 984 4311 viribus
1013 4268 1068 4311 et
1127 4257 1368 4328 nequitia
1411 4257 1610 4314 Satana
1669 4259 2008 4330 inferiorem,

431 4350 646 4403 exteris
671 4360 853 4403 autem
881 4348 1225 4405 daemonibus
1267 4361 1501 4419 utroque
1532 4367 1730 4420 genere
1764 4354 2014 4408 eminen-

426 4440 628 4493 tiorem
656 4457 671 4493 :
700 4454 800 4508 per
825 4438 1058 4494 bestiam
1103 4455 1230 4494 vero
1289 4455 1412 4510 qua:
1438 4440 1602 4510 paulo
1648 4451 1770 4510 post
1809 4448 2009 4495 eterra

429 4529 1106 4602 emergit,Antichristum
1165 4532 1366 4601 ipsum.
1416 4533 1482 4586 At
1535 4541 1762 4585 sanctus
1799 4529 2011 4586 Metho-

2128 658 2245 722 τοῦ,
2275 655 2477 726 anteet;
2523 657 2586 708 ἐκ
2623 655 3049 726 προστάγματος
3085 655 3274 720 αὐτοῦ,
3309 655 3486 709 ὀπίσω
3537 657 3712 726 αὐτῆς

2129 745 2361 821 [βάλλει]
2394 747 2539 818 ὕδωρ
2563 746 2876 817 ποταμηδόν
2903 761 2916 775 ·
2944 748 3244 811 τουτέστιν,
3269 746 3447 801 ἀθέων
3479 733 3710 824 ἀνδρῶν,

2127 841 2160 914 ἦ
2185 842 2434 912 πονηρῶν
2457 840 2749 910 δαιμόνων,
2781 840 2813 910 ἦ
2851 839 3110 893 ποικίλων
3129 839 3456 910 πειρασμῶν
3482 840 3708 910 πλῆθος,

2126 933 2247 986 κατ’
2301 932 2473 1001 αὐτῆς
2519 930 2885 997 ἐξελεύσεται,
2934 931 3084 992 ὅπως
3133 930 3303 1001 αὐτὴν
3353 930 3710 1003 δουλώσηται.

2137 1025 2201 1078 'lI
2233 1025 2288 1079 δὲ
2314 1024 2405 1096 γῆ,
2443 1024 2633 1094 φησὶν,
2667 1023 2967 1093 ἐϐοήθησεν
3023 1024 3182 1093 αὐτῇ,
3237 1022 3374 1094 ῆτῷ
3417 1023 3520 1093 τῆς
3577 1023 3703 1076 ὀδοῦ

2129 1118 2318 1188 μήκει,
2339 1118 2434 1170 καὶ
2471 1117 2538 1186 τῇ
2563 1116 2670 1168 τῶν
2693 1116 2875 1169 τόπων
2905 1114 3133 1186 ἀνυδρίᾳ
3172 1113 3267 1168 καὶ
3316 1113 3576 1185 ξηρότητι
3613 1115 3712 1178 τὰς

2124 1210 2232 1263 τῶν
2257 1207 2515 1280 πονηρῶν
2543 1208 2721 1279 ὁρμὰς
2749 1208 3044 1278 ἐπέχουσα,
3077 1206 3172 1260 καὶ
3203 1207 3293 1259 τὸν
3335 1209 3401 1259 ἐκ
3449 1207 3559 1260 τῶν
3588 1225 3708 1261 πει-

2129 1302 2355 1373 ρασμῶν
2387 1301 2631 1373 ποταμὸν
2656 1301 2852 1355 τούτου
2884 1301 3048 1372 χάριν
3100 1300 3479 1355 καταπίνουσα
3499 1315 3514 1330 ⁸
3561 1298 3595 1372 ἢ
3636 1300 3706 1372 τῇ

2130 1393 2240 1445 τῶν
2263 1392 2436 1462 ἁγίων
2470 1394 2963 1464 ταπεινοφροσύνῃ,
3000 1391 3324 1456 ἐνδιαθέτως
3380 1390 3650 1460 λεγόντων
3686 1408 3702 1423 °

2125 1482 2274 1552 Ἐγώ
2295 1485 2412 1554 εἰμι
2436 1482 2512 1553 γῆ
2542 1483 2641 1538 καὶ
2675 1484 2930 1550 σποδὸς,
2965 1482 3148 1547 πάσας
3183 1483 3276 1536 τοῦ
3325 1481 3577 1537 διαϐόλου
3608 1481 3710 1545 τὰς

2124 1577 2362 1644 παγίδας
2413 1577 2791 1650 καταργοῦσα,
2847 1579 2922 1643 ὡς
2955 1577 3099 1652 [καὶ]
3137 1577 3216 1650 τῷ
3258 1576 3389 1648 θείῳ
3435 1573 3709 1645 ’Δντωνίῳ

2123 1669 2360 1740 εἴρηται.

2192 1849 2302 1903 Kal
2355 1849 2617 1920 ὠργίσθη
2669 1854 2703 1907 ὁ
2739 1851 2975 1920 δράκων
3022 1853 3122 1906 ἐπὶ
3177 1851 3252 1922 τῇ
3303 1851 3563 1923 γυναικί’
3604 1849 3706 1905 καὶ

2120 1939 2357 2012 ἀπῆλθε
2396 1942 2642 2013 ποιῆσαι
2675 1946 2943 2016 πόλεμον
2972 1947 3124 2016 μετὰ
3153 1947 3273 2002 τῶν
3317 1945 3547 2001 λοιπῶν
3597 1942 3706 1998 τοῦ

2116 2033 2459 2103 σπέρματος
2493 2035 2704 2104 αὐτῆς,
2759 2037 2880 2092 τῶν
2913 2038 3262 2110 τηρούντων
3308 2039 3415 2105 τὰς
3447 2036 3706 2102 ἐντολὰς

2115 2125 2224 2180 τοῦ
2253 2128 2422 2194 Θεοῦ,
2450 2128 2548 2182 καὶ
2575 2128 2839 2199 ἐχόντων
2861 2130 2974 2199 τὴν
2997 2133 3329 2200 μαρτιιοίαν
3367 2130 3589 2197 Ἰησοῦ.

2190 2220 2299 2274 Kal
2331 2218 2609 2288 ἀπῆλθεν
2637 2223 2671 2274 ό
2703 2220 2942 2289 δράκων
2986 2222 3232 2290 ποιῆσαι
3264 2225 3536 2293 πόλεμον
3553 2225 3705 2294 μετὰ

2114 2311 2235 2366 τῶν
2259 2311 2510 2366 λοιπῶν.
2544 2342 2615 2354 -
2649 2313 2771 2366 Τῶν
2806 2315 3076 2384 ἐκκρίτων
3107 2315 3210 2384 τῆς
3261 2315 3592 2387 Ἐκκλησίας
3620 2317 3702 2371 δι-

2116 2402 2402 2458 δασκάλων
2464 2401 2647 2476 [φησι]
2695 2403 2791 2458 καὶ
2837 2406 2948 2458 τῶν
2977 2404 3078 2474 τῆς
3129 2404 3235 2474 γῆς
3281 2404 3701 2477 ὑπερορῶντων,

2117 2496 2255 2566 πρὸς
2282 2495 2382 2567 τὴν
2409 2497 2469 2549 ἐν
2502 2496 2694 2568 ἐρήμῳ
2735 2496 3151 2568 μεθισταμένων
3191 2498 3594 2569 ταλαιπωρίαν,
3647 2501 3699 2553 εἰ

2119 2585 2371 2660 [τούτων]
2419 2588 2712 2658 διαμάρτοι
2761 2590 2789 2643 ὁ
2854 2589 3221 2659 Ἀντίχριστος
3276 2591 3418 2646 κατὰ
3470 2591 3580 2645 τῶν
3639 2593 3701 2644 ἐν

2117 2679 2308 2750 κόσμῳ
2341 2681 2787 2752 στρατευομένων
2811 2681 2888 2753 τῷ
2918 2682 3159 2754 Χριστῷ,
3181 2683 3400 2748 ἐξοίσει,
3425 2685 3581 2755 φησι,
3607 2685 3700 2737 τὸν

2119 2771 2379 2843 πόλεμον,
2425 2774 2574 2837 ὅπως
2618 2773 2874 2844 καθάπερ
2917 2775 3064 2828 κόνει
3096 2774 3438 2847 τραχυνούσῃ
3476 2777 3574 2846 τὴν
3601 2774 3700 2829 τοῦ

2114 2863 2298 2918 ἐλαίου
2321 2864 2576 2934 λειότητα
2589 2867 2714 2930 ,ταῖς
2736 2865 2832 2922 τοῦ
2855 2866 2992 2936 βίου.
3019 2865 3210 2938 ιφημὶ]
3260 2868 3692 2938 πραγματείαις.

2115 2955 2338 3020 τούτους
2388 2956 2707 3020 εὐαλώτους
2749 2956 2952 3028 εὑρὼν,
3003 2959 3366 3028 τροπάσηταιο
3406 2958 3592 3014 πολλοὶ
3638 2958 3696 3011 δὲ

2117 3048 2212 3102 καὶ
2251 3049 2316 3101 ἐκ
2354 3047 2560 3103 τούτων
2593 3051 2777 3114 αὑτὸν,
2822 3050 2912 3105 διὰ
2958 3051 3021 3105 τὸ
3063 3051 3304 3123 γνησίως
3349 3050 3701 3123 ἠγαπηκέναι

2115 3139 2207 3194 τὸν
2233 3139 2488 3210 Χριστὸν,
2530 3143 2839 3214 νικήσουσι.

2695 3359 2948 3418 unum.
2990 3357 3132 3430 Λσο.

2123 3495 2259 3564 Περὶ
2285 3495 2392 3552 τοῦ
2423 3497 2630 3567 θηρίου
2658 3498 2765 3554 τοῦ
2809 3499 3210 3624 δὶκακερὰτου
3231 3498 3337 3556 καὶ
3363 3496 3696 3570 exempti-

2881 3587 2977 3624 ου.

2881 3587 2977 3625 0v.

2191 3706 2299 3761 Kal
2327 3705 2595 3776 ἐστάθην
2613 3707 2711 3761 ἐπὶ
2736 3707 2850 3775 τὴν
2870 3706 3068 3778 ἅμμον
3093 3707 3204 3776 τῆς
3227 3706 3564 3776 θαλάσσης-⁸
3595 3707 3694 3760 καί

2119 3795 2284 3854 εἶδον
2316 3801 2525 3868 θηρίον
2565 3799 2894 3855 ἀναϐαῖνον
2923 3801 2997 3854 ἐκ
3023 3799 3130 3870 τῆς
3176 3799 3517 3868 θαλάσσης,
3548 3803 3697 3869 ἕχον

2116 3891 2340 3962 κέρατα
2367 3891 2514 3946 δέκα
2553 3892 2651 3946 καὶ
2691 3893 2962 3961 κεφαλὰς
2993 3891 3163 3946 ἑπτά·
3199 3891 3296 3944 καί
3320 3891 3420 3944 ἐπὶ
3443 3890 3559 3944 τῶν
3596 3907 3697 3944 κε-

2113 3984 2314 4053 ράτων
2341 3985 2529 4039 αὐτοῦ
2554 3985 2700 4039 δέκα
2733 3984 3089 4054 διαδήματα·
3121 3985 3219 4038 καὶ
3245 3983 3341 4038 ἐπί
3369 3984 3476 4050 τὰς
3516 3999 3700 4052 κεφα-

2118 4080 2233 4143 λὰς
2269 4078 2457 4132 αὐτοῦ
2484 4077 2670 4146 ὄνομα
2687 4078 3113 4147 βλασφημίας.

2191 4171 2346 4234 Τινὲς
2393 4170 2492 4240 μέν
2536 4170 2596 4222 τὸ
2637 4170 2845 4238 θηρίον
2895 4169 3054 4222 τοῦτο
3099 4168 3525 4240 δευτερεύουσάν
3571 4183 3698 4220 τινα

2117 4263 2347 4334 δύναμιν
2373 4262 2466 4316 τοῦ
2513 4263 2728 4316 Σατανᾶ
2759 4261 2866 4314 τῶν
2892 4261 3096 4315 λοιπῶν
3121 4261 3394 4331 δαιμόνων
3416 4262 3699 4332 ἄρχουσαν

2118 4355 2454 4426 ἐξειλήφασιο
2486 4354 2546 4407 τὸ
2579 4354 2635 4407 δὲ
2671 4355 2788 4425 μετ’
2831 4354 2963 4408 αὐτὸ
3000 4355 3066 4407 ἐκ
3104 4357 3203 4424 τῆς
3237 4354 3339 4424 γῆς
3382 4354 3554 4418 ἀνιὸν,
3600 4354 3702 4405 τὶν

2118 4448 2510 4518 Ἀντίχριστον·
2535 4450 2646 4510 τοῖς
2671 4446 2728 4500 δὲ
2760 4446 2958 4516 ἁγίοις,
2989 4446 3236 4517 Μεθοδίῳ
3261 4447 3357 4499 καὶ
3394 4445 3703 4517 Ἱππολύτῳ

2120 4541 2215 4594 καὶ
2245 4540 2486 4610 ἑτέροις,
2522 4538 2601 4600 είς
2648 4536 2856 4612 [αὐτὸν]
2886 4540 2977 4592 τὸν
3013 4537 3383 4609 Ἀντίχριστον
3412 4537 3474 4604 τὸ
3519 4537 3704 4608 παρὸν

428 4624 558 4676 dius
601 4633 655 4676 et
703 4621 1051 4694 Hippolytus,
1083 4632 1136 4676 et
1176 4623 1267 4677 alii
1325 4633 1558 4684 veteres,
1595 4621 1662 4675 de
1712 4621 1832 4692 ipso
1854 4621 2008 4676 Anti-

2120 4631 2302 4702 θηρίον
2349 4629 2686 4701 ἐξείληπται·
2738 4634 2802 4686 ἐκ
2849 4632 2948 4703 τῆς
2999 4630 3380 4702 πολυταράχου
3427 4628 3522 4682 τοῦ
3575 4629 3702 4699 βίου

431 4716 641 4770 ehristo
671 4724 988 4786 preesentem
1015 4715 1195 4771 locum
1227 4713 1568 4784 interpretati
1617 4726 1775 4780 sunt;
1811 4723 1867 4768 ut
1911 4716 2005 4784 qui

428 4822 494 4860 ex
529 4806 847 4862 turbulento
875 4806 1283 4878 plurimumque
1313 4805 1526 4859 undoso
1549 4804 1851 4874 vitmhnjus
1875 4805 2008 4859 mari

427 4913 756 4969 egressurus
794 4899 886 4955 sit.
923 4899 1028 4955 Per
1084 4901 1261 4952 decent
1305 4908 1484 4952 autem
1525 4913 1725 4951 cornua
1788 4898 2008 4953 totidem

429 4989 754 5046 diadematis
784 5001 1072 5055 exornata,
1104 5001 1154 5044 et
1191 5000 1384 5057 septem
1410 4989 1588 5058 capita
1619 5029 1635 5054 ,
1671 4989 2010 5045 familiarita—

427 5095 539 5138 tem
591 5084 744 5138 illam
797 5083 1044 5139 denotari
1090 5082 1299 5148 volunt,
1357 5097 1480 5150 qua:
1533 5082 1673 5136 inter
1725 5083 1902 5152 ipsum
1957 5092 2012 5136 et

422 5177 708 5231 diabolum
741 5175 1038 5231 intercedet
1092 5175 1239 5246 (nam
1291 5175 1404 5228 haec
1434 5173 1509 5227 illi
1543 5171 1730 5228 adfore
1754 5173 1866 5241 jam
1885 5185 2011 5228 ante

428 5284 651 5339 quoque
712 5267 1008 5323 indicatum
1047 5266 1172 5333 est),
1217 5265 1480 5336 regnique
1509 5264 1708 5319 terreni
1735 5265 1788 5318 in
1822 5265 2007 5319 decem

425 5372 612 5432 partes
641 5362 974 5423 sectionem;
1000 5367 1056 5412 et
1081 5373 1304 5427 regnum
1353 5369 1614 5428 praeterea
1640 5356 2006 5428 septenarium

429 5456 618 5510 mundi
667 5456 828 5523 hujus
864 5452 1051 5506 cursui
1080 5451 1506 5515 conformatum,
1530 5462 1739 5523 septem
1779 5450 2004 5522 quidem

427 5550 642 5603 dierum
663 5546 843 5617 spatio
867 5544 1199 5608 dimensum,
1232 5552 1285 5600 et
1309 5544 1362 5598 in
1386 5553 1594 5612 septem
1631 5560 1847 5600 rursum
1873 5559 2004 5601 suc-

421 5636 1098 5705 cessionesdistributum;
1127 5646 1287 5706 prout
1316 5638 1368 5691 in
1393 5638 1745 5706 sequentibus
1763 5637 1924 5695 latius
1950 5639 2002 5695 id

388 5734 810 5806 explicabitur.
842 5730 1158 5786 SeCundum
1218 5733 1366 5803 quod
1425 5733 1610 5787 mutuli
1658 5731 1820 5802 hujus
1848 5735 2001 5802 prin-

566 5909 704 5965 Geu.
739 5923 890 5972 xvnt,
926 5907 1015 5962 Ξῖ.

2111 4723 2302 4777 τούτου
2331 4722 2608 4792 θαλάσσης
2638 4723 2731 4778 καὶ
2777 4723 3154 4794 πολυκὺμονος
3199 4723 3578 4794 ἐξερχόμενον.
3609 4721 3704 4776 Τὰ

2111 4815 2167 4868 δέ
2193 4815 2336 4869 δέκα
2382 4813 2599 4883 κέρατα
2631 4815 2728 4868 σὺν
2776 4817 2885 4878 τοῖς
2932 4813 3248 4886 διαδήμασι,
3291 4813 3388 4866 καὶ
3439 4813 3496 4866 al
3544 4811 3707 4866 ἑπτὰ

2110 4906 2388 4976 κεφαλαί,
2412 4907 2514 4976 τήν
2549 4922 2610 4959 τε
2643 4906 2738 4960 τοῦ
2765 4905 3013 4960 διαϐόλου
3044 4905 3179 4976 πρὸς
3212 4904 3376 4958 αὑτὸν
3409 4903 3525 4977 [τὸν
3568 4905 3705 4956 Ἀνο

2107 4998 2404 5071 τίχριστον]
2432 5001 2627 5055 ἕνωσιν
2655 5001 2952 5055 αἰνίττεται
2997 4999 3190 5073 (ταῦτα
3215 4999 3322 5070 γὰρ
3363 4997 3508 5070 [καὶ]
3543 4997 3708 5070 αὐτῷ

2110 5089 2383 5159 προσόντα
2422 5090 2683 5160 ἀνωτέρω
2722 5089 3132 5162 ἡρμήνευται),
3187 5091 3290 5162 τήν
3327 5107 3384 5144 τε
3427 5091 3509 5153 είς
3552 5089 3703 5143 δὲκα.

2110 5183 2208 5253 τῆς
2234 5183 2429 5255 γηῖνης
2459 5183 2736 5254 βασιλείας
2766 5186 2852 5238 ἐπ’
2883 5183 3129 5255 ἐσχάτων
3149 5182 3438 5254 διαίρεσιν,
3472 5182 3568 5236 καὶ
3591 5182 3708 5251 τὴν

2109 5270 2186 5342 τῷ
2219 5273 2410 5344 κόσμῳ
2445 5273 2621 5345 τούτῳ
2656 5275 2940 5345 σύστοιχον
2981 5274 3350 5346 ἐϐδοματικὴν
3390 5272 3707 5343 βασιλείαν,

2109 5364 2248 5420 ἑπτὰ
2281 5365 2380 5436 μὲν
2405 5367 2641 5440 ἡμέραις
2663 5365 3134 5440 ἐκμετρουμένην,
3167 5365 3308 5420 ἑπτὰ
3334 5363 3390 5419 δέ
3415 5363 3710 5434 διαδοχαῖς

2101 5456 2508 5532 διαιρουμένην,
2546 5459 2621 5524 ὡς
2669 5461 2728 5514 ἐν
2772 5462 2884 5522 τοῖς
2923 5459 3049 5530 ἑξῆς
3083 5459 3408 5531 ῥηθήσεται.
3440 5455 3580 5510 Καθ’
3623 5458 3713 5528 ἣν

2101 5549 2304 5621 ἅρχων
2332 5553 2438 5607 τοῦ
2472 5553 2686 5620 αἰῶνος
2724 5555 2940 5608 τούτου
2969 5553 3233 5624 κέκληται
3275 5553 3306 5605 ὁ
3348 5550 3589 5622 ἐνεργῶν
3635 5551 3714 5606 ἐν

2101 5642 2249 5715 αὐτῷ
2315 5645 2580 5708 Σατανᾶς.
2631 5647 2857 5716 Ὄνομιι
2910 5646 2967 5700 δὲ
3017 5643 3420 5715 ,βλασφημίας
3463 5642 3533 5696 ἐν
3560 5641 3718 5708 ταῖς

2101 5735 2398 5805 κεφαλαῖς
2442 5736 2631 5804 αὑτοῦ,
2674 5738 2878 5811 δηλαδὴ
2924 5741 3037 5801 τοῖς
3073 5737 3449 5800 ὑπασπισταῖς
3496 5732 3716 5792 αὐτοῦ.
