4034 6572
387 372 491 446 347
1585 380 1910 442 ANDREE
1945 383 2466 445 C.’ES.\RIENSIS
3553 378 3658 442 343

464 483 648 538 Futuri
699 485 886 539 saeculi
945 492 1188 551 statum,
1221 483 1276 541 in
1337 504 1448 558 quo
1504 491 1702 562 impios
1754 496 1958 548 nullam

2137 494 2246 548 Καὶ
2278 497 2389 549 οὐκ
2407 495 2659 564 ἔχουσιν
2678 493 3030 548 ἀνάπαυσιν
3053 491 3276 562 ἡμέρας
3297 491 3394 544 καί
3417 494 3661 572 νυκτος.

385 577 629 645 requiem
667 578 948 633 habituros
973 580 1241 650 praedicit,
1278 583 1416 635 diem
1456 600 1518 636 ac
1547 595 1746 638 noctem
1778 599 1966 654 vocat;

386 687 495 725 non
552 670 711 739 quasi
755 669 830 724 ibi
880 679 1057 726 exstet
1092 672 1331 742 spatium
1386 676 1534 743 quod
1583 677 1784 732 diurno
1841 680 1972 735 solis

386 769 538 815 motu
582 771 968 828 mensuretur;
1019 764 1114 818 sed
1142 765 1269 832 quia
1293 765 1358 819 ad
1391 769 1674 829 praesentis
1709 773 1972 839 temporis

385 854 866 917 consuetudinem,
907 855 1050 924 quod
1081 871 1179 925 per
1207 868 1392 912 noctes
1417 869 1468 913 et
1516 861 1630 914 dies
1659 862 1968 929 coniicitur,

389 954 861 1000 numeraturzaut
881 961 973 1016 per
991 947 1154 1010 diem,
1194 949 1316 1002 νίιιι·
1346 951 1484 1002 ratio
1515 967 1679 1020 quam
1699 955 1870 1007 sancti
1894 963 1975 1008 te-

384 1044 538 1103 nent,
563 1035 884 1104 denotatur;
909 1054 1005 1107 per
1025 1048 1228 1092 nectent
1263 1049 1444 1092 autem
1480 1041 1770 1109 impiorum
1797 1044 1973 1098 horni-

386 1141 518 1180 num
543 1127 857 1187 eruciatus:
884 1143 1021 1197 quos
1045 1143 1155 1197 prae
1177 1133 1387 1183 caeteris
1418 1132 1560 1196 apud
1595 1132 1802 1186 inferos
1823 1134 1974 1188 luent

387 1215 465 1270 illi
505 1215 601 1287 qui
637 1233 732 1286 per
759 1233 825 1271 ea
859 1233 980 1286 quae
1008 1226 1341 1287 perpetrant,
1376 1218 1578 1275 diaboli
1603 1223 1844 1277 studium
1871 1241 1940 1279 ne

385 1307 663 1379 [ariasque
692 1310 942 1377 eiusdem
975 1318 1166 1364 contra
1216 1311 1499 1367 Christum
1559 1313 1969 1384 blasphenrias,

384 1402 543 1469 quasi
569 1403 634 1456 ad
685 1402 869 1455 vivum
923 1402 1258 1470 exprimunt,
1295 1405 1503 1475 quique
1558 1407 1862 1476 pessimum
1915 1417 1970 1462 et

389 1492 594 1546 infame
662 1492 792 1548 illud
863 1493 1189 1549 Antichristi
1241 1511 1476 1561 nomen,
1535 1508 1794 1570 tanquam
1857 1517 1970 1556 rem

384 1584 683 1654 pretiosam
707 1585 969 1641 cordibus
995 1587 1112 1642 suis
1143 1588 1474 1643 inscribunt.

459 1673 596 1740 XIV,
633 1677 718 1731 Ii.
757 1675 856 1729 ilic
878 1679 1139 1746 patientia
1184 1691 1487 1734 sanctorum
1535 1692 1634 1747 est,
1669 1683 1760 1752 qui
1791 1694 1972 1737 custo-

385 1764 538 1819 diunt
569 1767 824 1821 mandata
859 1769 955 1823 Dei
1026 1780 1074 1824 et
1103 1769 1262 1838 ﬁdem
1287 1770 1440 1826 Jesu.

457 1946 638 2016 Impii,
666 1949 761 2014 ait,
792 1958 915 2019 post
943 1951 1084 2006 hanc
1103 1952 1266 2006 vitam
1304 1952 1355 2006 in
1376 1969 1538 2008 omne
1558 1971 1732 2009 :evum
1753 1963 1975 2026 torque-

386 2034 610 2090 huntur.
645 2039 714 2091 At
776 2041 953 2094 sancti
1005 2055 1158 2105 vero,
1201 2041 1294 2110 qui
1327 2041 1415 2094 hic
1448 2043 1726 2110 patientia:
1760 2044 1976 2097 iur-titu-

386 2127 570 2182 dinem
599 2131 914 2196 ostendunt,
941 2141 995 2189 et
1027 2142 1271 2201 tempore
1306 2133 1410 2187 hoc
1440 2135 1587 2200 quod
1630 2135 1741 2188 cito
1778 2145 1974 2206 pheta-

386 2217 481 2286 rit,
515 2220 695 2273 divina
753 2231 1019 2292 pr-recepta
1061 2223 1294 2278 ﬁdeliter
1343 2226 1684 2290 custodiunt,
1721 2237 1775 2280 et
1815 2229 1974 2283 Iidem

385 2326 508 2380 quae
564 2313 616 2366 in
669 2312 951 2368 Christum
1013 2324 1117 2376 est.
1153 2316 1468 2370 inviolatam
1536 2330 1888 2384 conservant,
1922 2319 1974 2374 in

384 2413 654 2456 a-ternum
690 2418 814 2458 cum
845 2404 940 2460 illo
975 2407 1303 2476 regnabunt.

457 2513 596 2580 XIV,
632 2516 714 2569 15.
757 2515 822 2569 Et
849 2517 1030 2572 mntiri
1057 2535 1229 2572 vocem
1253 2521 1315 2573 de
1349 2520 1478 2574 caelo
1509 2521 1766 2575 direntem
1796 2522 1927 2575 mihi
1956 2538 1974 2576 :

387 2605 570 2661 Scribe
599 2623 618 2662 :
658 2607 813 2664 Beati
863 2612 1058 2664 mortui
1100 2613 1189 2680 qui
1224 2614 1278 2664 in
1315 2613 1538 2666 Domino
1590 2615 1908 2678 moriuntur,
1943 2632 1976 2668 a

389 2699 564 2753 modo.
595 2698 755 2763 Sane,
788 2701 916 2754 dicit
942 2701 1174 2770 Spiritus
1205 2719 1222 2756 :
1250 2711 1305 2756 ut
1351 2705 1680 2772 requiescant
1705 2723 1736 2760 ιι
1775 2705 1976 2760 labori-

386 2790 481 2844 bus
504 2808 525 2858 ;
550 2808 705 2862 opera
729 2803 902 2848 autem
937 2794 1148 2848 illorum
1186 2807 1478 2867 sequuntur
1524 2798 1669 2853 illos.

460 2971 572 3028 Vox
600 2973 667 3030 de
691 2974 846 3029 'caelo
886 2975 1033 3045 lapsa
1057 3017 1073 3042 ,
1110 2991 1218 3030 non
1253 2990 1444 3030 omnes
1491 2987 1737 3031 mortuos
1784 2976 1975 3034 beatos

387 3065 670 3134 ιιιοιυιιίοειι,
719 3066 814 3121 sed
857 3067 980 3122 illos
1006 3066 1272 3123 duntaxat
1307 3071 1404 3139 qui
1478 3071 1530 3124 in
1566 3071 1795 3127 Domino
1851 3073 1977 3128 vitze

2075 616 2146 625 —
2183 585 2437 655 Ἠμέραν
2454 584 2552 639 καὶ
2575 586 2763 638 νύκτα
2793 585 2965 652 λέγει,
2999 584 3096 653 οὐχ
3125 583 3202 644 ὼς
3227 581 3368 652 ἡλίῳ
3416 597 3652 650 μετρου-

2080 677 2251 746 μὲνην
2290 675 2388 746 τὴν
2417 675 2512 729 τοῦ
2559 675 2845 748 μέλλοντος
2871 673 3066 737 αἰῶνος
3102 672 3458 734 κατάστασιν,
3514 672 3573 724 ὲν

2080 771 2153 840 μὴ
2188 770 2330 839 ἔχειν
2356 770 2661 823 ἀνάπαυσιν
2687 769 2816 831 τοὺς
2841 768 3060 829 ἀσεδεῐς
3105 763 3473 836 προαγορεύει
3499 781 3514 796 ·
3543 763 3661 816 ἀλλ’

2076 861 2108 932 ἦ
2140 864 2276 934 πρὸς
2306 861 2403 931 τὴν
2437 863 2496 915 ἐν
2520 861 2596 932 τῷ
2633 861 2864 930 παρόντι
2897 859 3076 930 χρόνῳ
3117 856 3410 927 συνήθειαν
3434 855 3514 925 τῷ
3544 854 3663 920 νυξὶ

2076 957 2170 1010 καί¹
2204 956 2443 1027 ἡμέραις
2485 955 2878 1028 ἀριθμουμένῳ
2899 969 2913 984 ο
2943 953 2976 1024 ἢ
3013 951 3233 1021 ἡμέρας
3275 950 3396 1020 μὲν,
3422 951 3523 1018 τῆς
3552 951 3661 1002 τῶν

2078 1047 2250 1115 ἁγίων
2276 1047 2422 1116 ζωῆς
2447 1048 2770 1117 νοουμένης·
2799 1044 3024 1110 νυκτὸς
3046 1044 3123 1106 δὲ,
3155 1043 3256 1112 τῆς
3277 1041 3393 1094 τῶν
3413 1041 3659 1111 βεϐήλων

2079 1138 2377 1202 κολάσεως·
2404 1133 2472 1212 ἦς
2494 1138 2776 1205 τεύξονται
2800 1138 2849 1190 οἱ
2869 1138 2968 1200 τάς
2985 1135 3299 1199 διαϐολικὰς
3323 1136 3552 1205 πράξεις
3566 1137 3662 1188 καὶ

2076 1230 2173 1293 τὰς
2209 1231 2352 1283 κατὰ
2383 1230 2622 1301 Χριστοῦ
2659 1228 3031 1298 βλασφημίας,
3057 1228 3127 1280 δι’
3180 1220 3257 1279 ῶν
3305 1227 3662 1296 πράττουσιν,

2077 1318 2455 1384 εἰκονίζοντες,
2487 1321 2585 1392 τὴν
2615 1321 2802 1374 εἰκόνα
2822 1319 2917 1372 τοῦ
2939 1317 3246 1372 ἀποστάτου
3283 1317 3451 1388 θηρὸς
3476 1321 3570 1371 καὶ
3599 1317 3662 1370 τὸ

2076 1410 2267 1464 τούτου
2319 1411 2492 1480 ὄνομα
2535 1413 2658 1474 ταῖς
2699 1410 2908 1464 ἑαυτῶν
2939 1408 3192 1479 καρδίαις
3230 1408 3313 1480 [τὸ
3341 1407 3558 1481 ἄτιμον]
3583 1408 3662 1472 ὡς

2076 1504 2257 1574 τίμιον
2275 1505 2728 1574 ἐγχαράττοντες.

2147 1677 2288 1736 Ὧδε
2316 1685 2353 1750 ἡ
2397 1683 2674 1750 ὑπομονὴ
2706 1681 2824 1735 τῶν
2868 1682 3053 1750 ἁγίων
3081 1681 3254 1735 ἐστίν
3278 1695 3292 1710 ο
3319 1675 3436 1734 ὧδε
3471 1682 3524 1734 οι
3563 1697 3659 1746 τη-

2073 1776 2327 1844 ροῦντες
2363 1773 2466 1838 τὰς
2497 1773 2753 1839 ἐντολὰς
2787 1771 2917 1844 [toﬁ
2948 1771 3119 1843 Θεοῦ]
3153 1773 3249 1825 καί
3282 1771 3396 1839 τὴν
3449 1771 3661 1824 πίστιν

2011 1853 2049 1907 υ
2092 1868 2292 1932 Ἰησοῦ
2345 1865 2627 1936 [Χριστοῦ
2645 1863 2679 1934 l.

2147 1955 2285 2011 Ὧδε
2313 1958 2345 2024 ἡ
2370 1955 2640 2025 ὑπομονὴ
2661 1953 2779 2008 τῶν
2800 1955 2984 2024 ἁγίων
3005 1956 3199 2009 ἐστίν.
3232 1987 3296 1997 --
3313 1955 3378 2008 Oi
3410 1954 3510 2022 μὲν
3537 1955 3658 2006 ἀσε-

2078 2049 2214 2111 δεῖς.
2248 2047 2400 2117 φησὶ,
2442 2046 2707 2115 διηνεκῶς
2739 2048 2798 2097 ἐν
2837 2046 2914 2116 τῷ
2945 2046 3194 2114 μέλλοντι
3225 2047 3382 2099 αἰῶνι
3431 2046 3660 2114 βασανι-

2078 2140 2368 2210 σθήσονται
2395 2155 2409 2167 ·
2434 2139 2481 2191 οἱ
2504 2138 2560 2190 δὲ
2595 2137 2763 2206 ἅγιοι,
2796 2132 2898 2190 ὧδε
2925 2139 3025 2206 τὴν
3051 2140 3149 2206 τῆς
3191 2139 3470 2208 ὑπομονῆς
3525 2155 3661 2206 καρ-

2076 2230 2264 2300 τερίαν
2317 2229 2747 2290 ἐπιδείκνυνται.
2813 2230 2875 2282 ὲν
2927 2230 3105 2300 χρόνῳ
3159 2231 3374 2300 ταχέως
3443 2231 3659 2300 παραρ-

2079 2322 2281 2393 ρέοντι,
2340 2321 2440 2385 τὰς
2470 2319 2622 2383 θείας
2656 2321 2875 2385 ἐντολὰς
2911 2322 3004 2375 καὶ
3029 2323 3126 2391 τὴν
3165 2323 3241 2385 εἰς
3286 2322 3524 2392 Χριστδν
3567 2322 3662 2374 πί-

2079 2429 2196 2466 στιν
2217 2413 2413 2468 ἄσυλον
2445 2414 2825 2483 φυλάττοντες.

2145 2526 2252 2581 Καὶ
2304 2525 2545 2595 ἤκουσα
2578 2525 2783 2596 φωνῆς
2820 2530 2889 2582 ἐκ
2925 2529 3031 2583 τοῦ
3070 2527 3332 2596 οὐρανοῦ
3351 2528 3660 2596 λεγούσης

2070 2636 2190 2688 μοι·
2233 2619 2502 2687 Γράψον·
2559 2619 2848 2686 Μακάριοι
2889 2622 2943 2673 οἱ
2988 2620 3189 2688 νεκροί
3240 2623 3295 2673 oi
3343 2619 3412 2672 ἐν
3465 2621 3660 2685 Κυρίῳ

2075 2710 2566 2777 ἀποθνήσκοντες
2587 2709 2826 2779 antiret.
2853 2711 2987 2774 Nai,
3010 2710 3170 2781 λέγει
3194 2710 3538 2780 τύδηνεῦμα·
3558 2711 3659 2762 ἵνα

2075 2802 2543 2856 ἀναπαύσωνται
2567 2803 2637 2856 ἐκ
2673 2801 2791 2855 τῶν
2823 2805 3027 2856 κόπων
3055 2802 3272 2858 αὐτῶν.
3308 2807 3382 2857 Τὰ
3419 2803 3486 2855 δὲ
3513 2803 3657 2871 ἔργα

2074 2891 2274 2945 αὐτῶν
2304 2892 2630 2947 ἀκολουθεῖ
2649 2895 2778 2961 μετ’
2810 2893 3028 2949 αὐτῶν.

2163 2987 2226 3039 'II
2254 2986 2310 3038 δὲ
2346 2989 2408 3039 ἐκ
2443 2986 2537 3039 τοῦ
2590 2984 2820 3057 ούρανοῦ
2858 2985 3008 3056 φωνὴ
3033 2985 3092 3039 οὐ
3119 2985 3327 3048 πάντας
3361 2983 3656 3056 μακαρίζει

2076 3077 2205 3141 τοὺς
2236 3077 2483 3147 νεκροὺς.
2513 3075 2649 3130 ἀλλὰ
2683 3076 2812 3139 τοὺς
2853 3077 2910 3128 ἐν
2941 3077 3130 3146 Κυρίῳ
3186 3076 3654 3145 ἀποθνήσκοντας,

387 3157 559 3211 linem
595 3157 804 3214 faciunt
833 3173 848 3209 :
882 3159 1193 3228 cuiusmodi
1231 3159 1373 3213 inter
1409 3170 1636 3216 caeteros
1687 3173 1834 3228 sunt,
1874 3163 1968 3232 qui

2077 3166 2204 3227 τοὺς
2239 3163 2618 3234 νεκρωθέντας
2659 3163 2736 3235 τῷ
2763 3167 2973 3236 κόσμῳ,
3010 3167 3105 3218 καὶ
3138 3166 3237 3236 τὴν
3267 3167 3535 3236 νέκρωσιν
3561 3165 3656 3219 τοῦ

379 3245 493 3316 jam
522 3258 650 3302 ante
681 3249 884 3304 mundo
902 3250 1129 3316 mortui,
1163 3251 1362 3305 Christi
1398 3249 1530 3306 Jesu
1585 3253 1972 3308 mortiﬁcatio-

384 3354 508 3394 nem
538 3340 590 3396 in
629 3357 857 3413 corpore
892 3358 993 3398 suo
1026 3344 1336 3413 portabant,
1376 3359 1658 3415 unamque
1698 3361 1824 3399 cum
1878 3345 1971 3400 illo

385 3443 603 3486 rruccm
637 3432 1120 3488 circumferebant.
1145 3431 1361 3488 Talium
1399 3449 1635 3506 namque
1658 3451 1723 3490 ex
1746 3451 1972 3506 corpore

380 3523 583 3587 exitus,
618 3539 800 3579 veram
859 3539 890 3580 a
939 3525 1218 3580 laboribus
1275 3528 1528 3596 requiem
1582 3527 1766 3583 affert.
1815 3527 1970 3594 Quod

381 3624 563 3667 antem
587 3632 655 3671 ex
689 3617 947 3687 operibus
971 3616 1240 3682 nascitur,
1263 3617 1396 3671 illud
1427 3617 1969 3676 irnmarceseibilium

380 3720 711 3762 coronarum
747 3708 1230 3778 gloriosorumque
1262 3708 1611 3778 praemiorum
1636 3724 1802 3765 carrsa
1822 3711 1971 3766 exsi-

382 3797 498 3854 stit.
530 3798 660 3864 Quae
692 3801 910 3869 quidem
947 3815 1166 3855 corona:
1192 3809 1247 3854 et
1287 3801 1508 3869 praemia
1578 3803 1765 3858 multis
1799 3803 1970 3873 parti-

385 3890 489 3944 bus
542 3893 816 3945 excedunt
857 3893 1159 3947 certamina
1210 3901 1264 3946 ct
1301 3907 1497 3963 pugnae
1553 3894 1792 3961 labores,
1824 3911 1966 3966 qrros

384 3982 594 4038 Christi
631 3983 723 4038 Dei
747 3987 922 4040 nostri
957 3985 1158 4041 milites
1187 3997 1378 4041 contra
1403 3974 1633 4041 virtutes
1657 3997 1710 4041 et
1734 3997 1970 4057 potesta-

389 4084 470 4131 tes
496 4091 618 4146 quae
641 4076 743 4130 sub
763 4086 1047 4147 aspectum
1070 4094 1175 4130 non
1209 4078 1432 4140 cadunt.
1467 4077 1758 4132 desudant.
1782 4076 1972 4149 Neque

379 4171 528 4223 enim
579 4169 861 4239 praesentis
889 4169 1013 4224 vitae
1049 4170 1334 4240 passiones
1389 4171 1677 4240 condigna:
1713 4181 1844 4226 sunt
1899 4170 1967 4224 ad

391 4261 638 4323 futuram
687 4261 940 4332 gloriam,
983 4277 1106 4333 quae
1147 4264 1200 4317 in
1243 4264 1372 4329 illis,
1405 4263 1563 4334 juxta
1617 4265 1968 4334 Apostolum,

383 4355 744 4421 revelabitur,
775 4357 869 4426 qui
920 4357 1027 4412 Deo
1055 4356 1397 4428 placuerunt.
1435 4359 1608 4426 Quam
1660 4359 1704 4412 si
1761 4373 1861 4412 nos
1902 4374 1968 4411 ex

380 4447 568 4502 animo
594 4447 996 4514 desideramus,
1024 4451 1159 4505 citra
1179 4451 1642 4505 intermissionem
1671 4450 1967 4503 Dominum

383 4553 698 4608 precemur,
733 4541 834 4597 hac
889 4543 970 4596 vel
1007 4541 1110 4597 alia
1170 4541 1337 4595 simili
1397 4541 1647 4595 oratione
1705 4551 1964 4595 utentes:

381 4629 607 4698 lnclina,
635 4632 881 4698 Domine,
898 4649 992 4688 cor
1014 4649 1194 4688 meum
1215 4634 1266 4688 in
1288 4632 1600 4688 testimonia
1628 4639 1750 4697 tua;
1779 4639 1963 4686 averte

382 4722 454 4776 ab
508 4723 658 4777 omni
710 4725 952 4778 vanitate
996 4727 1190 4783 oculos
1247 4733 1504 4788 nostros;
1563 4737 1736 4789 neque
1779 4722 1960 4776 intres

383 4814 438 4868 in
475 4815 746 4884 judicium
802 4833 925 4880 cum
986 4819 1159 4874 servis
1191 4818 1316 4883 tuis,
1359 4815 1626 4879 Domine;
1671 4815 1798 4884 quia
1859 4831 1963 4870 non

380 4898 774 4982 justiti'cabitur
805 4910 859 4970 iu
893 4918 1190 4978 conspectu
1237 4919 1330 4962 tuo
1359 4906 1547 4967 DIIIIIIS
1577 4906 1789 4969 vivens,
1827 4906 1960 4975 quin

386 4999 570 5067 potius
603 5002 874 5070 opulentis
903 5004 1010 5058 tuis
1051 5001 1491 5056 miserationilnrs
1536 5013 1635 5052 nos
1692 4999 1880 5054 visites
1913 5009 1967 5054 et

380 5104 632 5164 protegas
666 5112 680 5153 :
708 5097 970 5168 quoniam
997 5107 1173 5159 tuum,
1199 5095 1305 5166 63
1338 5093 1514 5160 Pater,
1530 5101 1582 5147 et
1612 5091 1735 5156 Fili,
1762 5101 1814 5146 et
1842 5091 1965 5162 Spi-

2086 3256 2261 3327 Ἰησοῦ
2303 3259 2361 3309 ἐν
2407 3255 2484 3327 τῷ
2513 3255 2727 3327 σώματι
2767 3259 3189 3331 περιφέροντας,
3228 3261 3321 3312 καὶ
3354 3259 3475 3331 inp]
3530 3261 3658 3328 Χριο

2075 3347 2185 3418 στῷ
2212 3347 2658 3419 συμπάσχοντας.
2704 3349 2965 3413 Ἐκείνοις
3006 3352 3116 3423 γὰρ
3143 3352 3313 3415 ὅντως
3352 3354 3383 3423 ἡ
3418 3353 3512 3405 τοῦ
3550 3353 3658 3406 σῶ-

2078 3455 2248 3509 ματος
2299 3439 2500 3504 ἔξοδος,
2536 3439 2724 3516 κόπων
2773 3439 3082 3506 ἀνάπαυσις
3107 3457 3123 3473 ·
3167 3444 3200 3513 ἡ
3239 3442 3297 3494 δὲ
3330 3443 3438 3495 τῶν
3481 3442 3660 3512 ἔργων

2075 3533 2460 3604 ἀκολούθησις,
2513 3535 2797 3603 στεφάνων
2847 3536 3182 3606 ἁμαράντων
3243 3536 3338 3587 καὶ
3389 3536 3659 3606 βραδείων

2071 3622 2230 3692 δόξης
2289 3623 2544 3688 ὑπόθεσις
2578 3641 2592 3655 ο
2652 3625 2832 3697 πολλῷ
2875 3626 2954 3697 τῷ
2999 3628 3183 3698 μέτρῳ
3240 3627 3659 3698 ὖπερνικὼντων

2074 3717 2180 3770 τῶν
2216 3717 2468 3770 ἐπάθλων
2496 3718 2620 3780 τοῦς
2649 3718 2866 3784 ἄθλους,
2917 3719 3012 3783 οὓς
3053 3720 3188 3790 πρδς
3232 3720 3330 3782 τὰς
3391 3720 3658 3790 ἀοράτους

2073 3807 2337 3876 δυνάμεις
2363 3809 2412 3860 oi
2448 3809 2688 3880 Χριστοῦ
2724 3809 2818 3861 τοῦ
2875 3809 3010 3862 Θεοῦ
3060 3809 3217 3878 ἡμῶν
3247 3807 3548 3875 ἀγωνισταὶ
3580 3807 3659 3858 διο

2075 3898 2343 3970 ἡθλησαν.
2382 3901 2464 3954 Οὐ
2491 3901 2600 3970 γὰρ
2634 3900 2775 3964 ἄξια
2801 3900 2872 3954 τὰ
2900 3899 3218 3969 παθήματα
3244 3900 3349 3953 τοῦ
3380 3900 3494 3954 νῦν
3532 3918 3660 3952 και-

2066 3989 2200 4059 ροῦ,
2232 3991 2379 4059 πρὸς
2427 3991 2542 4056 τὴν
2567 3991 2928 4059 μέλλουσαν
2979 3991 3175 4055 δόξαν
3231 3992 3657 4045 ἀποκαλύπτε-

2073 4087 2212 4139 σθαι
2245 4084 2368 4150 τοῖς
2418 4082 2493 4150 τῷ
2526 4083 2646 4150 Θεῷ
2693 4083 3116 4154 εὐαρεστοῦσι,
3168 4084 3354 4148 καθώς
3409 4101 3575 4153 φησιν
3630 4085 3658 4136 ὁ

2086 4178 2408 4241 Ἀπόστολος
2437 4195 2450 4210 ’
2480 4173 2548 4250 ἧς
2602 4179 2699 4232 καὶ
2740 4180 2890 4248 ἡμᾶς
2938 4179 3321 4250 ὀρεγομένους,
3365 4176 3659 4237 ἀπαύστως

2072 4270 2156 4323 δεῖ
2205 4269 2284 4340 τῷ
2327 4269 2447 4339 Θεῷ
2499 4270 2925 4341 προσεύχεσθαι,
2977 4270 3238 4339 λέγοντας
3271 4285 3285 4299 ·
3321 4270 3515 4322 Κλίνον
3558 4267 3659 4329 τὰς

2073 4361 2300 4430 καρδίας
2351 4361 2531 4431 ἡμῶν,
2579 4361 2772 4431 Κύριε,
2809 4364 2890 4426 είς
2949 4362 3017 4415 τὰ
3053 4361 3330 4432 μαρτύριά
3365 4377 3456 4414 σου
3495 4375 3508 4390 ·
3563 4359 3658 4411 καὶ

2073 4453 2419 4522 ἁπόστρεψον
2445 4453 2573 4516 τοὺς
2600 4452 2916 4525 ὀφθαλμοὺς
2946 4454 3105 4525 ἡμῶν
3137 4455 3202 4507 ἑκ
3222 4453 3404 4523 πάσης
3430 4451 3659 4523 ματαιόο

2077 4560 2240 4611 τητος
2267 4560 2282 4574 ⁹
2319 4543 2413 4596 καὶ
2452 4545 2526 4614 μὴ
2551 4545 2801 4618 εἰσέλθῃς
2829 4548 2909 4609 εἰς
2938 4547 3124 4618 κρίσιν
3154 4546 3295 4616 μετὰ
3323 4546 3430 4598 τῶν
3453 4543 3657 4598 δούλων

2077 4649 2172 4684 σου
2206 4649 2220 4664 ·
2263 4633 2344 4687 ὅτι
2374 4633 2434 4686 οὐ
2490 4634 2919 4703 δικαιωθήσεται
2978 4636 3208 4690 ὲνὼπιὸν
3243 4654 3335 4690 σου
3369 4637 3476 4699 πᾶς
3506 4633 3614 4698 ζῶν
3637 4646 3656 4664 ⁶

2067 4722 2205 4776 ἀλλὰ
2237 4727 2348 4787 τοῖς
2372 4724 2650 4790 πλουσίοις
2679 4745 2772 4780 σου
2800 4729 3109 4800 οίκτιρμοῖς
3137 4725 3440 4796 ἐπίσκεψαι
3465 4725 3613 4794 ἡμᾶς
3635 4735 3652 4751 ⁸

2064 4817 2146 4870 ὅτι
2182 4817 2274 4870 σὺν
2312 4815 2395 4890 [τὸ
2427 4819 2578 4882 ἕλεος
2618 4819 2736 4892 καὶ]
2802 4820 2864 4872 τὺ
2916 4820 3120 4889 κράτος
3178 4819 3274 4873 καὶ
3298 4819 3332 4888 ἡ
3383 4813 3652 4887 βασιλεία.

2066 4908 2162 4961 καὶ
2196 4910 2229 4978 ὴ
2257 4908 2485 4978 δύναμις
2511 4909 2605 4962 καὶ
2627 4912 2657 4979 ὴ
2683 4909 2837 4976 δόξα,
2865 4910 2962 4963 τοῦ
2997 4910 3211 4980 [ἰατρὸς
3241 4909 3335 4962 καὶ
3371 4905 3464 4960 τοῦ
3522 4903 3653 4957 Υἰοῦ

2067 5001 2276 5054 καὶτοῦ
2301 5001 2458 5070 ἁγίου
2508 5001 2847 5072 Πνεύματος,
2885 5002 2982 5056 νῦν
3020 5001 3116 5056 καὶ
3148 5002 3234 5056 ἀεὶ
3271 5001 3367 5054 καὶ
3400 5001 3479 5061 εἰς
3527 4996 3654 5058 τοὺς

2065 5093 2267 5155 αἰῶνας
2297 5093 2405 5146 τῶν
2432 5092 2665 5151 αἰώνων,
2707 5095 2902 5166 Ἀμήν.
2943 5121 2950 5127 ·

387 5187 527 5249 ritus
557 5198 766 5256 sancte,
800 5199 884 5248 est
917 5191 1234 5262 imperium,
1287 5199 1342 5244 ct
1398 5204 1647 5258 regnum,
1679 5199 1733 5245 et
1763 5189 1958 5257 virtus,
1993 5197 2047 5245 ct
2074 5190 2267 5261 gloria,
2306 5206 2451 5245 nunc
2488 5199 2543 5246 et
2584 5206 2820 5263 semper,
2846 5201 2901 5248 et
2947 5191 3005 5246 in
3051 5191 3249 5247 szecula
3302 5187 3648 5245 saeculorum.

387 5280 587 5340 Anien.

735 5395 972 5455 CAPUT
1003 5396 1187 5455 XLIII.
1229 5397 1462 5454 SERMO
1493 5397 1612 5456 XV.

389 5507 460 5564 Ut
495 5509 540 5563 is
569 5511 660 5581 qui
691 5528 848 5583 super
875 5512 1063 5596 nubem
1083 5512 1325 5596 sedebat,
1351 5512 1486 5582 [uice
1512 5530 1573 5569 ea
1596 5517 1824 5570 demetat
1847 5531 1964 5585 quia

919 5593 1164 5637 oriuntur
1197 5601 1222 5638 e
1249 5594 1412 5639 terra.

458 5711 598 5774 XIV.
637 5715 719 5768 II.
757 5713 822 5770 Et
893 5717 1020 5780 vidi,
1060 5728 1110 5770 ct
1157 5735 1271 5772 ecce
1330 5718 1516 5773 nubent
1583 5720 1887 5784 candidam,
1919 5732 1970 5776 et

387 5822 534 5878 super
571 5808 753 5864 nubent
781 5812 1038 5866 sedentem
1067 5813 1288 5868 similem
1315 5811 1462 5868 Filio
1487 5813 1738 5884 hominis,
1766 5816 1963 5872 haben.

2455 5401 2706 5454 ΚΕΦᾹΛ.
2739 5399 2874 5456 Ml".
2907 5398 3128 5454 ΛΟΓΟΣ
3169 5395 3268 5450 IE'.
3333 5395 3336 5400 ’

2075 5519 2268 5581 Ὅπως
2320 5518 2353 5569 ό
2407 5515 2478 5569 ἐν
2504 5513 2578 5584 τῇ
2607 5513 2848 5584 νεφέλη
2873 5512 3210 5584 καθήμενος
3267 5509 3348 5584 τῷ
3379 5485 3653 5577 δρεπάνῳ

2211 5579 2572 5640 συγ-τελέσει’
2598 5579 2761 5640 τιῖἐιι
2789 5579 2898 5655 τῆς
2927 5579 3040 5656 γῆξ
3064 5579 3523 5650 ,ϐλαστάνον-τα.

2140 5724 2246 5781 Καὶ
2292 5721 2460 5779 εἶδον
2491 5740 2506 5755 ο
2539 5725 2640 5779 και
2670 5724 2801 5778 Mai)
2848 5724 3073 5794 νεφέλη
3118 5719 3312 5788 .levmi
3350 5736 3364 5750 ο
3415 5719 3511 5771 καὶ
3553 5717 3651 5771 ἐπὶ

2073 5818 2177 5888 τῆς
2220 5817 2480 5886 νεφέλης
2535 5817 2871 5888 medriam-cc
2923 5817 3125 5888 ὅμοιος
3173 5811 3278 5879 Υὲᾠ
3311 5810 3646 5880 ἀνθρώπων,
