4042 6582
346 397 442 460 357

1296 382 1907 450 COMMENTARIUS
1950 380 2034 442 ΙΝ
2073 377 2609 442 APOCALYPSIN.

3494 379 3607 456 358

409 504 505 561 Διὰ
535 503 593 558 δὲ
624 500 721 558 τοῦ
749 499 986 556 καπνοῦ
1051 499 1112 553 τὸ
1152 499 1385 572 φοϐερὸν
1425 500 1517 555 καὶ
1544 496 1919 568 καταπληκτι-

2094 491 2198 546 Per
2233 492 2425 546 dirime
2455 495 2549 547 ira:
2579 495 2805 564 fumum,
2841 507 2950 563 quo
2977 489 3198 546 cmleste
3222 489 3480 560 templum
3510 495 3612 546 im-

343 598 434 652 κὺν
456 597 572 669 [καὶ
604 592 951 665 κολαστικὸν]
982 592 1080 661 τῆς
1132 591 1285 654 θείας
1308 589 1480 661 ὀργῆς
1527 589 1869 660 μανθάνομεν
1895 601 1910 616 ·

342 689 407 764 ἦς
437 686 780 759 πληροῦσθαι
821 685 912 738 τὸν
946 684 1070 739 ναὸν
1097 681 1489 754 διδασκόμεθα,
1512 681 1608 735 καὶ
1636 680 1780 733 κατὰ
1804 679 1914 730 τῶν

343 784 507 848 ἀξίων
542 778 714 848 αὐτῆς
747 780 948 851 χωρεῖν
974 780 1032 832 ἐν
1054 776 1132 848 τῷ
1165 777 1345 848 καιρῷ
1368 777 1468 846 τῆς
1511 773 1748 844 κρίσεως
1772 787 1785 801 ·
1822 771 1916 824 καὶ

341 872 446 930 πρὸ
494 871 701 939 ταύτης
722 871 778 924 δὲ
819 871 960 924 κατὰ
993 869 1101 923 τῶν
1130 869 1209 940 τῷ
1251 867 1609 940 Ἀντιχρίστιρ
1660 863 1918 932 πειθομέ-

341 984 463 1026 νων,
503 965 596 1016 καὶ
627 964 693 1017 τὰ
722 964 820 1033 τῆς
864 955 1203 1026 ἀποστασίας
1236 961 1374 1034 ἔργα
1407 957 1773 1032 πραττόντων.
1809 953 1919 1008 Καὶ

341 1058 493 1111 τοῦτο
517 1059 631 1120 τοῖς
665 1055 790 1127 ἑξῆς
822 1055 1121 1109 δείκνυται.
1153 1055 1290 1124 Φησὶ
1324 1053 1455 1126 γάρ·

411 1235 516 1288 Kx-l
569 1234 769 1299 οὐδεὶς
813 1235 1080 1304 ἠδύνατο
1138 1237 1440 1291 εἰσελθεῖν
1473 1237 1562 1302 εις
1608 1233 1716 1288 τὸν
1743 1251 1916 1301 ναον,

339 1326 472 1395 ἄχρι
513 1327 887 1381 τελεσθῶσιν
909 1329 968 1380 al
1014 1327 1164 1382 ἑπτὰ
1211 1328 1435 1397 πληγαί
1476 1327 1594 1381 τῶν
1625 1326 1917 1397 ἀγγέλων.

427 1417 720 1470 Ἐντεῦθεν
773 1419 1182 1490 στοχαζόμεθα,
1213 1420 1356 1491 ,ἄχρι
1414 1419 1768 1488 διασταλῆναι
1818 1419 1922 1473 τῶν

337 1506 562 1559 δικαίων
590 1511 687 1578 τὴν
722 1508 873 1561 θείαν
924 1510 1066 1562 κατὰ
1101 1511 1211 1565 τῶν
1263 1511 1479 1565 ἀσεὸῶν
1521 1515 1920 1584 ἀγανάκτησιν,

341 1598 610 1668 μηδαμῶς
640 1600 766 1664 τοὺς
807 1600 997 1668 ἁγίους
1037 1603 1136 1674 τῆς
1190 1603 1251 1657 ἐν
1300 1605 1365 1675 τῇ
1408 1604 1522 1658 ἄνω
1568 1603 1925 1676 Ἰερουσαλὴμ

336 1695 526 1768 τυχεῖν
558 1692 788 1762 λήξεως,
821 1695 914 1747 καὶ¹
946 1694 1046 1765 τῆς
1074 1697 1133 1748 ἐν
1169 1694 1250 1766 τῷ
1276 1694 1390 1766 ναῷ
1421 1696 1514 1749 τοῦ
1544 1695 1679 1750 Θεοῦ
1704 1697 1921 1768 ἱερουρ-

338 1783 460 1851 ¹γξας
490 1784 589 1838 καὶ
639 1785 1027 1850 ἀναπαύσεως.
1072 1787 1443 1856 Τελεσθῆναι
1481 1789 1589 1860 γὰρ
1626 1789 1727 1852 δεῖ,
1764 1789 1922 1858 φησὶ,

2021 584 2224 657 pietur,
2262 596 2524 638 terrorem
2552 585 2700 637 illum
2742 595 3132 654 stuporcmque
3166 593 3215 636 et
3245 598 3459 652 pmnam
3489 598 3613 651 quae

2023 680 2103 735 ira
2144 679 2263 750 ejus
2302 677 2503 732 inferre
2539 687 2660 731 nata
2679 687 2784 741 est,
2813 677 3192 746 intelligimus.
3229 677 3358 742 Quae
3387 675 3609 746 quidem

2025 773 2351 829 universalis
2379 772 2574 843 judicii
2619 780 2865 840 tempore
2900 770 3242 824 horribiliter
3288 779 3486 824 contra
3518 785 3614 823 eos

2025 867 2299 932 desaeviet,
2335 865 2424 936 qtti
2455 865 2534 919 ira
2589 864 2680 918 illa
2710 863 2860 933 digni
2907 861 3345 933 comperientur;
3383 871 3436 917 et
3486 870 3614 916 ante

2027 959 2158 1014 illud
2213 959 2478 1012 adversus
2536 973 2674 1024 eos,
2734 957 2826 1026 qui
2893 955 3237 1010 Antichristo
3288 964 3612 1025 paruerunt,

2025 1066 2304 1122 operaque
2357 1050 2650 1120 apostasia:
2701 1049 2848 1103 illius
2903 1059 3274 1103 consentanea
3336 1057 3615 1117 perpetra-

2026 1153 2175 1199 ruut.
2209 1143 2386 1214 Atque
2413 1142 2601 1197 isthmc
2624 1141 2910 1210 sequentia
2937 1140 3143 1194 clarius
3164 1147 3470 1209 exponunt.

2107 1235 2172 1289 Et
2197 1251 2346 1289 nemo
2381 1245 2588 1304 poterat
2620 1235 2839 1288 introire
2881 1233 2937 1286 in
2983 1233 3254 1302 templum,
3299 1231 3460 1285 donec
3488 1242 3617 1284 con-

2027 1339 2422 1385 summarentur
2444 1337 2638 1398 septem
2669 1325 2842 1396 plaga:
2871 1335 3068 1394 septem
3107 1322 3438 1393 angelorum.

2100 1421 2209 1492 67
2230 1419 2368 1474 Ilinc
2387 1420 2704 1488 conjectura
2731 1419 3025 1474 litsanctos
3046 1416 3289 1472 caelestis
3309 1415 3614 1470 Jerusalem

2030 1511 2403 1567 lnereditatem
2457 1524 2561 1563 non
2623 1509 2772 1579 prius
2836 1510 3170 1578 adepturus;
3225 1523 3404 1577 neque
3466 1506 3617 1576 prius

2029 1617 2250 1658 rursum
2304 1616 2523 1656 sacrum
2569 1601 2933 1655 ministerium
2976 1601 3030 1654 in
3074 1599 3272 1669 templo
3309 1598 3400 1654 Dei
3430 1599 3616 1653 obitu-

2031 1709 2158 1761 ros;
2219 1709 2396 1764 neque
2433 1693 2586 1763 prius
2643 1693 2862 1746 tandem
2910 1691 3148 1762 perfecta
3184 1690 3365 1761 quiete
3412 1690 3617 1762 potitu-

2035 1801 2148 1853 ros,
2177 1801 2342 1856 quam
2393 1785 2575 1840 divina
2628 1784 2930 1855 indignatio
2963 1794 3155 1838 contra
3191 1783 3388 1852 impios
3420 1797 3618 1838 conce-

338 1873 441 1936 τὰς
476 1874 720 1943 πληγὰς
749 1875 816 1929 δι’
838 1869 914 1929 ὧν
940 1877 1008 1931 τὰ
1052 1877 1310 1948 ἐπίχειρα
1351 1879 1449 1949 τῆς
1493 1877 1772 1948 ἁμαρτίας
1808 1879 1924 1942 τοῖς

2033 1889 2141 1948 pta,
2177 1876 2318 1932 inter
2349 1877 2532 1947 juslos
2567 1886 2620 1931 et
2669 1875 2905 1946 iniustos
2945 1877 3266 1930 secreverit.
3296 1875 3385 1928 Ait
3430 1875 3575 1930 enim
3597 1913 3615 1938 ,

338 1965 515 2029 ἀξίοις
548 1967 889 2038 παρέρχεται
915 1985 928 1999 ·
959 1968 1054 2021 καὶ
1096 1969 1324 2030 τούτους
1353 1969 1452 2039 τῆς
1479 1953 1793 2040 αἱρεθείᾶης
1824 1969 1926 2022 αύ-

338 2060 449 2120 τοίς
479 2060 667 2127 τυχεῖν
690 2059 1022 2128 ἀποφάσεως
1046 2076 1059 2090 ·
1083 2054 1184 2112 εἷθ’
1203 2060 1346 2114 οὕτω
1367 2060 1588 2130 δοθῆναι
1610 2062 1719 2122 τοῖς
1750 2060 1927 2128 ἁγίοις

339 2148 436 2215 τὴν
467 2147 572 2217 τῆς
602 2149 715 2202 ἄνω
747 2150 1138 2220 μητροπόλεως
1169 2151 1402 2221 οἴκησιν.
1436 2150 1557 2203 Τῶν
1588 2149 1644 2204 δὲ
1680 2149 1928 2218 πληγῶν

341 2239 587 2310 ἑκάστην
622 2243 734 2302 τοῖς
765 2241 826 2294 ἐν
874 2244 942 2313 τῇ
982 2243 1266 2314 συντελείᾳ
1296 2241 1716 2314 εὑρισκομένοις
1753 2259 1926 2314 προσ-

341 2329 604 2401 αρμόζων
627 2348 736 2395 τις,
772 2333 874 2386 οὐκ
905 2333 971 2387 ἂν
995 2333 1088 2387 τοῦ
1123 2336 1450 2405 πρέποντος,
1479 2329 1658 2405 οἶμαι,
1689 2333 1927 2405 διαμάρ-

340 2439 442 2475 τοι.
485 2421 881 2495 Φιλάνθρωπος
908 2425 1019 2496 γὰρ
1051 2423 1127 2478 ὢν
1148 2427 1176 2478 ὁ
1207 2424 1368 2489 Θεὸς,
1402 2423 1541 2496 πρὸς
1567 2423 1628 2478 τὸ
1657 2442 1926 2495 σμικρυν-

347 2514 512 2584 θῆναι
538 2515 640 2578 τὰς
678 2517 736 2570 ἐν
765 2515 845 2586 τῷ
892 2516 1141 2587 μέλλοντι
1201 2515 1598 2587 ἀτελευτήτους
1655 2515 1926 2584 κολάσεις,

344 2609 439 2662 καὶ
467 2609 530 2660 ἐν
556 2611 625 2678 τῇ
663 2608 912 2680 παρούσῃ
945 2608 1082 2680 ζωῇ,
1112 2612 1226 2674 τοῖς
1263 2609 1436 2675 ἀξίοις
1467 2609 1773 2679 ἐπαχθῆναι
1806 2626 1931 2678 συγ-

345 2699 590 2768 χωρήσει
627 2698 714 2750 διά.
737 2717 795 2751 τε
827 2698 1000 2770 Ἑνὼχ
1031 2702 1130 2754 καὶ
1172 2700 1356 2754 Ἠλιοῦ
1387 2700 1494 2754 τῶν
1522 2702 1819 2772 προφητῶν
1846 2719 1928 2754 τι-

351 2792 680 2861 μωρητικὰς
704 2791 998 2861 μάστιγας,
1041 2793 1132 2847 διά
1158 2810 1214 2846 τε
1249 2793 1358 2847 τῶν
1387 2795 1450 2847 ἐκ
1479 2795 1735 2866 πολέμων
1787 2811 1850 2847 συ
1860 2812 1930 2865 μ-

348 2883 665 2937 πιπτόντων
686 2884 975 2953 ἀλγεινῶν,
995 2886 1132 2956 πρὸς
1150 2886 1380 2957 μετρίαν
1397 2887 1505 2940 τῶν
1521 2888 1930 2959 ἡμαρτημένων

349 2973 584 3028 ἔκτισιν.
633 2976 772 3029 Ἀλλ’
802 2978 966 3046 ἡμεῖς
1001 2977 1356 3032 παιδεύεσθαι
1382 2979 1687 3049 πατρικῶς,
1719 2979 1833 3032 ἀλλ’
1868 2979 1928 3030 οὐ

353 3069 757 3139 μαστιγοῦσθαι
778 3070 1115 3132 κολαστικῶς
1142 3072 1198 3123 ἐν
1225 3071 1362 3140 ὀργῇ
1386 3069 1587 3142 [παρὰ]
1609 3071 1701 3122 τοῦ
1724 3069 1930 3140 Κυρίου

351 3161 687 3232 εύεώμεθα’
743 3163 804 3216 οὐ
861 3161 970 3233 γὰρ
1023 3162 1174 3216 ἐστιν
1228 3164 1389 3226 ἴασις,
1449 3163 1604 3233 φησὶ,
1643 3164 1710 3233 τῇ
1765 3160 1932 3233 σαρκῖ¹

353 3253 516 3324 ἡμῶν
549 3253 660 3306 ἀπὸ
719 3253 1008 3325 προσώπου
1055 3255 1153 3325 τῆς
1184 3254 1354 3326 ὀργῆς
1399 3252 1566 3307 αὑτοῦ
1592 3269 1605 3282 '
1655 3254 1804 3318 ὅπως
1834 3253 1933 3319 τὰς

355 3345 708 3416 ρυπωθεὶσας
737 3345 893 3416 ἡμῶν
938 3347 1132 3411 στολὰς
1175 3349 1294 3408 ταῖς
1343 3347 1662 3417 ἁμαρτίαις,
1698 3345 1932 3417 δάκρυσι

355 3437 653 3506 μετανοίας
688 3437 1077 3505 ἐκπλύναντες,
1145 3438 1240 3491 καὶ
1272 3436 1558 3507 νυμφικῶς
1592 3436 1932 3508 ἐσταλμένοι,

354 3531 434 3591 εἰς
463 3529 559 3584 τὸν
607 3530 951 3585 ἀκατάλυτον
983 3530 1082 3601 τῆς
1107 3529 1448 3601 εὐφροσύνης
1493 3527 1762 3600 νυμφῶνα
1803 3532 1929 3582 εἰσ-

352 3617 604 3688 ἔλθωμεν
653 3619 889 3692 Χριστοῦ
919 3618 1014 3672 τοῦ
1049 3619 1183 3671 Θεοῦ
1214 3617 1373 3690 ἡμῶν
1398 3634 1412 3647 ·
1451 3611 1496 3686 ᾧ
1548 3621 1750 3688 πρέπει
1785 3619 1934 3671 πᾶσα

347 3709 508 3774 δόξα,
531 3710 691 3781 τιμὴ,
724 3711 819 3764 καὶ
855 3712 1249 3784 προσκύνησις,
1271 3712 1389 3782 ἅμα
1419 3711 1497 3781 τῷ
1526 3710 1699 3782 [la-cpi
1732 3711 1827 3764 καὶ
1856 3709 1934 3782 τῷ

356 3803 501 3873 ἁγίῳ
529 3803 830 3874 Πνεύματι,
863 3803 981 3876 [νῦν
1010 3806 1106 3859 καὶ
1157 3806 1267 3872 ἀεὶ,
1305 3802 1422 3876 καὶ]
1465 3805 1544 3868 είς
1570 3804 1697 3866 τοὺς
1727 3803 1933 3866 αἰῶνας

357 3894 493 3969 [τῶν
519 3896 782 3970 αἰώνων].
817 3899 1008 3970 Ἀμήν.

2031 1969 2205 2023 Donec
2243 1967 2564 2038 impleantur
2616 1968 2820 2038 plagae,-
2854 1983 2950 2038 per
2979 1983 3117 2038 quas
3147 1983 3248 2023 ceu
3299 1983 3485 2038 pmnas
3518 1982 3618 2036 pro

2029 2061 2240 2116 meritis
2264 2061 2470 2132 peccati
2497 2061 2770 2129 stipendia
2796 2059 3204 2130 persolvuntur.
3242 2057 3428 2114 Donec
3453 2059 3618 2128 igitur

2037 2153 2192 2223 impii
2217 2153 2696 2209 roudemuationis
2719 2153 3013 2214 sententia,
3040 2153 3094 2206 in
3129 2167 3295 2222 quam
3330 2167 3430 2206 sua
3456 2151 3616 2222 culpa

2032 2246 2366 2310 inciderunt,
2429 2245 2727 2308 feriantur,
2786 2246 2962 2299 sancti
3010 2260 3263 2315 superna:
3298 2245 3615 2314 metropolis

2035 2336 2379 2394 habitatione
2407 2353 2516 2392 non
2537 2338 2909 2393 donabuntur.
2943 2336 3209 2392 Ca‘terum
3235 2339 3422 2409 plagas
3450 2338 3617 2394 hasce

2031 2437 2222 2499 septem
2267 2429 2410 2499 quod
2450 2435 2682 2498 spectat,
2715 2428 2968 2498 quisquis
3019 2429 3139 2484 illas
3180 2429 3247 2482 iis
3294 2443 3612 2484 accommo-

2031 2521 2270 2583 daverit,
2299 2521 2391 2591 qui
2423 2521 2525 2575 sub
2561 2519 2745 2575 saeculi
2779 2521 2942 2574 tinem
2989 2521 3044 2573 in
3077 2519 3215 2573 vix-is
3246 2518 3616 2585 invenientur,

2034 2612 2082 2666 is
2116 2627 2146 2666 a
2186 2627 2376 2682 scopo,
2408 2600 2478 2666 ιη’
2507 2612 2768 2677 arbitror,
2809 2610 2958 2665 haud
2994 2611 3226 2665 multum
3257 2611 3614 2666 aberraverit.

2029 2704 2165 2759 Nam
2201 2721 2327 2759 cum
2364 2705 2506 2758 Deus
2531 2704 2604 2759 sit
2643 2704 2917 2774 benignus
2963 2711 3017 2758 et
3051 2704 3314 2770 clemens,
3348 2718 3459 2774 quo
3483 2718 3617 2774 sup-

2031 2797 2194 2867 plicia
2219 2797 2332 2862 illa,
2350 2811 2470 2865 qua:
2493 2797 2542 2850 in
2568 2795 2755 2850 futuro
2777 2796 2979 2850 sasculo
3002 2795 3122 2850 sine
3145 2794 3254 2850 line
3285 2795 3614 2862 iufercnlur,

2033 2891 2280 2946 nonnihil
2335 2891 2734 2955 dimimtantnr,
2805 2891 2860 2944 in
2911 2889 3166 2960 praesenti
3231 2890 3341 2943 vita
3395 2903 3613 2959 pmnam

2033 2982 2368 3052 promeritos
2396 2998 2492 3052 per
2527 2984 2808 3037 Euoclzum
2845 2992 2896 3036 et
2941 2981 3116 3036 Ellam
3148 2982 3480 3052 prophetas:
3520 2999 3617 3054 per

2035 3074 2430 3129 elementorum
2466 3090 2689 3128 rursum
2716 3073 3118 3144 intemperiem,
3149 3085 3203 3128 et
3234 3075 3417 3130 clades
3451 3087 3616 3145 atque

2035 3167 2386 3222 calamitates
2421 3183 2543 3237 qum
2579 3182 2674 3237 per
2706 3169 2845 3221 bella
2879 3169 3237 3238 contingunt;
3273 3184 3368 3238 per
3395 3184 3458 3223 ea
3482 3171 3612 3226 olim

1959 3228 2004 3292 Ο
2037 3257 2277 3329 denique
2311 3259 2495 3313 omnia
2537 3259 2883 3313 incommoda
2913 3269 2966 3312 et
2990 3261 3156 3320 mala.
3188 3275 3310 3330 quae
3341 3262 3619 3318 Antichri-

2035 3360 2157 3409 stus
2207 3351 2394 3420 infert,
2442 3352 2624 3420 puniri
2681 3360 2734 3406 et
2788 3350 3047 3422 ﬂagellari
3096 3353 3398 3423 prrmittel,
3452 3354 3616 3411 sicuti

2032 3447 2264 3503 subinde
2317 3461 2537 3517 quoque
2583 3445 2848 3516 permittit
2894 3463 2908 3501 :
2947 3445 3216 3512 siquidem
3270 3448 3385 3503 hmo
3434 3447 3616 3502 omnia

2031 3551 2096 3592 eo
2149 3544 2416 3606 spectant,
2473 3545 2532 3589 ut
2581 3535 2865 3604 mitigetur
2917 3551 3075 3605 pmna
3138 3537 3418 3592 sceleratis
3473 3538 3616 3608 apud

2033 3627 2244 3684 inferos
2281 3627 2605 3683 constituta.
2639 3625 2706 3681 At
2738 3642 2837 3682 nos
2863 3635 3084 3696 paterno
3117 3643 3148 3681 τι
3180 3628 3409 3684 Domino
3438 3631 3608 3683 casti-

2036 3720 2143 3788 gati
2174 3720 2448 3775 submisse
2479 3735 2804 3790 precemur:
2843 3718 3092 3783 Domine,
3125 3734 3191 3774 ne
3225 3720 3276 3773 in
3309 3720 3489 3774 furore
3517 3729 3612 3774 tuo

2038 3811 2280 3881 ﬂagelles
2316 3826 2418 3866 nos
2467 3830 2482 3866 :
2540 3826 2718 3881 neque
2757 3811 2901 3865 enim
2951 3820 3035 3866 est
3083 3813 3291 3866 sanitas
3341 3813 3396 3865 in
3453 3827 3619 3866 rarae

2037 3911 2225 3956 nostra
2258 3917 2286 3953 τι
2325 3900 2462 3956 faeie
2495 3901 2589 3956 irae
2625 3913 2731 3956 tua:
2762 3918 2775 3956 :
2815 3911 2874 3956 ut
2905 3902 3076 3957 stolas
3110 3911 3324 3957 nostras
3367 3914 3606 3972 peccatus

355 3989 770 4044 contaminatas
801 3990 1054 4061 lacrymis
1100 3990 1440 4060 pmnitentia:
1482 3990 1748 4056 eluentes,
1785 3989 2124 4060 honesteque
2183 3993 2499 4062 nuptiarum
2533 4004 2684 4049 veste
2738 3995 2933 4057 induti,
2983 3993 3035 4047 in
3091 4002 3358 4048 mternum
3418 4011 3618 4064 perpe-

357 4091 466 4137 tua:
497 4082 699 4136 laetitia!
733 4083 1032 4137 thalamum
1059 4082 1264 4138 Christi
1297 4082 1391 4137 Dei
1428 4092 1482 4137 et
1511 4083 1726 4136 Domini
1759 4083 1928 4138 nostri
1971 4083 2342 4153 ingrediamur
2372 4104 2386 4140 :
2448 4103 2614 4156 quem
2661 4088 2818 4142 decet
2864 4087 3045 4142 onmis
3108 4089 3298 4158 gloria,
3330 4099 3384 4143 et
3417 4089 3614 4153 honor.

355 4185 412 4229 et
441 4175 718 4238 adoratio,
770 4192 874 4229 una
915 4191 1038 4230 cum
1098 4173 1260 4229 Patre
1305 4184 1358 4228 et
1402 4173 1607 4245 Spiritu
1643 4185 1834 4229 sancto
1875 4175 1928 4228 in
1971 4175 2168 4230 smcula
2199 4177 2554 4232 saculorum.
2587 4180 2782 4232 Amen.

713 4309 966 4362 ΚΕΦΑΔ.
1008 4311 1160 4378 atqu
1193 4309 1413 4364 ΛΟΓΟΣ
1454 4309 1572 4377 ις’.

357 4422 565 4488 Ὅπως
615 4420 729 4490 τῆς
775 4421 1022 4512 ξτριίζτηςι
1054 4422 1302 4505 φιάλης-
1323 4425 1698 4512 ἐκχεθείσης,
1750 4423 1933 4488 ἕλκος

658 4494 809 4546 κατὰ
839 4494 958 4546 τῶν
989 4494 1350 4550 ἀποστατῶν
1374 4499 1630 4566 γίνεται.

433 4624 542 4680 Kal
595 4624 836 4694 ἤκουσα
872 4625 1074 4694 φωνῆς
1106 4627 1378 4696 μεγάλης
1401 4627 1468 4682 ἐκ
1499 4627 1605 4682 τοῦ
1631 4627 1803 4693 ναοῦ,
1833 4630 1934 4681 λε-

363 4720 601 4789 γούσης
632 4716 760 4783 τοῖς
788 4717 939 4770 ἑπτὰ
973 4719 1282 4788 ἀγγέλοις-ο
1325 4717 1612 4787 Ὑπάγετε
1648 4717 1796 4790 [καὶ]
1837 4718 1937 4771 ἐκ.

367 4809 544 4878 χέατε
581 4808 690 4876 τὰς
711 4808 908 4881 [ἑπτὰ]
937 4809 1160 4878 φιάλας
1190 4810 1294 4865 τοῦ
1323 4810 1513 4879 θυμοῦ
1549 4809 1654 4864 τοῦ
1684 4809 1830 4863 Θεοῦ
1853 4811 1940 4876 εἰς

368 4901 484 4969 τὴν
507 4900 646 4972 γῆν.
687 4901 795 4955 Καὶ
826 4901 1102 4970 ἀπῆλθεν
1138 4905 1171 4957 ὁ
1215 4899 1444 4971 πρῶτος
1491 4900 1790 4974 [ἅγγελος]
1842 4901 1939 4955 καί

371 4995 579 5065 ἐξέχεε
635 4995 753 5062 τὴν
790 4993 1019 5064 φιάλην
1060 4992 1292 5065 [αὑτοῦ]
1352 4993 1452 5046 ἐπὶ
1502 4991 1616 5061 τὴν
1658 4991 1812 5060 γῆν·
1844 4991 1942 5045 καὶ

371 5083 612 5154 ἐγένετο
639 5084 822 5150 ἕλκος
854 5083 1068 5157 {narrar
1094 5081 1215 5156 καὶ]
1249 5083 1514 5152 πονηρ‹’γ
1537 5086 1623 5149 εὶς
1657 5083 1796 5148 τοὺς
1835 5082 1943 5136 άν-

374 5177 643 5245 θρὼπους
676 5177 818 5242 τοὺς
858 5176 1112 5246 ἔχοντας
1156 5177 1220 5230 τὸ
1260 5176 1532 5247 χάραγμα
1575 5176 1680 5230 τοῦ
1715 5176 1943 5246 θηρίου,

374 5269 471 5321 καὶ
500 5269 644 5336 τοὺς
676 5267 1170 5336 προσκυνοῦντας
1193 5267 1305 5335 τὴν
1321 5269 1526 5322 εικόνα
1560 5268 1768 5323 αὑτοῦ.

456 5358 520 5412 ἸΙ
558 5358 748 5427 φιάλη
791 5357 1050 5426 ἐνταῦἿα,
1082 5357 1334 5430 καθάπερ
1369 5356 1512 5430 [καὶ]
1541 5359 1600 5411 τὸ
1638 5345 1946 5427 ποτήριον,

379 5452 471 5504 ἐπὶ
503 5452 833 5520 κολαστικῆς
878 5451 1160 5520 ἐνεργείας
1187 5450 1590 5521 ἐκλαμϐάνεται
1616 5467 1629 5480 '
1680 5446 1747 5522 ἧς
1787 5468 1950 5521 φησιν

382 5544 484 5596 ὑπὸ
537 5543 634 5596 τοῦ
669 5544 902 5612 ἀγγέλου
944 5543 1286 5614 ἐκχεθεὶσης,
1332 5543 1513 5611 ἕλκος
1551 5544 1823 5611 πονηρὸν
1859 5559 1954 5611 γε-

381 5635 644 5706 νήσεσθαι
668 5653 684 5668 ο
717 5637 813 5709 τὴν
845 5639 899 5690 ἐν
924 5637 1123 5708 καρδίᾳ
1147 5636 1282 5690 πύου
1315 5635 1472 5705 δίκην
1502 5635 1811 5705 σφύζουσαν
1841 5635 1955 5689 ὀδύ-

383 5747 480 5799 νην
525 5731 915 5800 αἰνιττόμενον,
947 5730 1044 5800 τὴν
1083 5732 1439 5800 ἐγγινομὲνην
1497 5731 1615 5793 ταῖς
1661 5729 1768 5782 τῶν
1816 5731 1953 5784 ἀπο-

390 5822 600 5877 στατῶν
634 5823 905 5894 καρδίαις,
931 5824 1058 5878 ὅταν
1095 5822 1378 5894 θεηλάτοις
1419 5822 1654 5896 πληγαῖς
1693 5823 1945 5894 μαστιζό-

1963 4516 2010 4577 D

2357 4310 2592 4366 CAPUT
2630 4307 2812 4367 XLVI.
2841 4311 3073 4368 SlillMO
3112 4313 3251 4371 XVI.

2046 4423 2136 4494 Ut,
2170 4427 2346 4495 prima
2369 4426 2550 4494 phiala
2573 4427 2972 4549 emunxit/cera
3009 4439 3135 4482 nata
3170 4429 3275 4482 sint
3309 4430 3362 4483 in
3386 4429 3618 4486 deserto-

2732 4514 2777 4549 ri
2816 4513 2902 4549 as.

2732 4513 2902 4552 τινας.

2110 4626 2248 4692 XVI,
2288 4628 2341 4695 Ι,
2368 4628 2425 4684 2.
2459 4628 2526 4683 Ει
2567 4631 2746 4684 audivi
2795 4645 2968 4687 vocem
3017 4648 3263 4701 magnam
3305 4633 3368 4686 de
3397 4632 3613 4702 templo,

2037 4723 2292 4776 dicentem
2339 4732 2535 4791 septem
2586 4725 2789 4794 angelis
2836 4723 2988 4789 :lte,
3027 4734 3077 4779 et
3125 4725 3380 4794 e/I'umlite
3427 4737 3621 4795 septem

2039 4811 2249 4878 phialas
2281 4814 2378 4866 ira?
2413 4812 2507 4866 Dei
2541 4813 2594 4866 in
2631 4822 2850 4868 terram.
2883 4813 2950 4867 Et
2977 4816 3110 4868 abiit
3142 4818 3345 4885 primus
3381 4816 3620 4885 angelus,

2042 4912 2091 4957 et
2130 4903 2318 4972 e/fudit
2348 4903 2585 4974 phialam
2629 4921 2779 4958 suam
2836 4907 2890 4960 in
2946 4917 3182 4974 terram;
3225 4919 3272 4962 et
3314 4909 3514 4977 factum
3549 4917 3625 4962 est

2047 4994 2199 5048 ulcus
2240 5012 2441 5050 sa'vum
2476 5007 2523 5050 et
2569 4999 2856 5066 pessimum
2893 4998 2948 5052 in
2976 5001 3210 5054 homines
3248 5001 3337 5070 qui
3367 5002 3626 5055 habebant

2047 5087 2400 5142 characterem
2449 5089 2650 5153 bestiaz,
2686 5101 2736 5145 et
2777 5091 2831 5144 in
2858 5107 2945 5145 eos
2990 5093 3078 5161 qui
3109 5094 3462 5148 adorarerunt
3493 5093 3632 5146 inta-

2047 5179 2218 5251 ginem
2244 5181 2377 5247 ejus.

2140 5353 2333 5407 t’hiula
2388 5352 2490 5407 hoc
2525 5353 2667 5416 loco,
2703 5351 3168 5422 quemadmodum
3201 5352 3344 5405 calix
3389 5364 3630 5422 quoque,

2052 5463 2151 5518 pro
2182 5448 2230 5500 vi
2284 5445 2518 5518 quadam
2567 5447 2776 5500 caelesti
2818 5447 3122 5500 cruciatum
3181 5443 3384 5498 inferre
3440 5443 3632 5496 idonea

2055 5553 2373 5611 usurpatur.
2419 5541 2545 5594 Haec
2591 5526 2920 5612 igitur-cum
2970 5554 3064 5608 per
3116 5537 3370 5608 angelum
3430 5535 3629 5592 luisset

2057 5633 2253 5698 cll'usa,
2286 5643 2538 5687 exortum
2574 5641 2656 5687 est
2687 5633 2835 5685 ulcus
2870 5631 3162 5700 malignum
3196 5631 3250 5684 in
3285 5630 3351 5686 iis
3379 5630 3472 5702 qui
3499 5630 3634 5684 ado-

2038 5717 2314 5783 Iravcrant
2339 5727 2611 5793 bestiam;
2660 5727 2810 5780 illum
2844 5726 3030 5794 utique
3056 5724 3300 5779 dolorem
3327 5732 3383 5778 et
3421 5724 3630 5795 crucia~

2057 5829 2173 5876 tum
2201 5820 2534 5890 exprimens,
2558 5819 2650 5888 qui
2683 5818 2735 5872 in
2763 5818 2926 5872 corde
2958 5817 3175 5872 illorum
3209 5816 3434 5880 inlutus,
3467 5814 3638 5870 instar
