4042 6610
322 422 420 490 ιιι

1278 417 1887 506 COMMENTARIUS
1927 416 2006 475 ΙΝ
2050 416 2089 473 Α
2101 414 2577 476 POCALYPSIN.

3455 409 3564 474 362

319 541 405 591 λον
429 534 779 589 ὑπασπιστῶν
834 532 1293 604 ἀναιρουμένους·
1345 533 1379 604 ἢ
1432 531 1539 605 [τὸ]
1586 532 1714 596 τοὺς
1768 530 1878 585 τῶν

2002 543 2342 593 tecm-suros,
2366 528 2460 598 qui
2491 536 2709 597 propter
2738 524 3070 597 singularem
3096 525 3151 579 in
3174 522 3278 579 lide
3302 531 3565 579 constan-

319 628 467 681 θείων
498 623 805 694 προφητῶν
844 622 1360 692 ἀποστρεφομένους
1388 623 1451 675 τὸ
1478 624 1764 693 κήρυγμα,
1789 622 1887 674 καὶ

2002 620 2115 674 iam
2148 619 2450 690 prophetia:
2475 620 2682 672 donum
2706 626 3119 687 consequentur
3144 616 3274 687 ;qui
3302 630 3368 671 ea
3396 614 3565 670 etiam

316 716 649 780 δικαιοῦντας
716 714 900 769 αὐτῶν
939 716 1040 785 τὴν
1107 716 1213 768 ὑπὸ
1262 715 1373 768 τῶν
1432 711 1884 785 σκληροκαρδίων

2002 711 2051 765 le
2095 725 2264 765 causa
2323 725 2352 763 a
2404 709 2606 764 diaboli
2659 709 2918 762 satellitio
2970 707 3435 763 trucidabuntur:
3473 717 3569 761 aut

326 809 585 878 Ἐϐραίων
620 809 926 879 ἀναίρεσιν,
961 808 1259 872 κοινωνοὺς
1297 808 1398 877 τῆς
1450 806 1632 860 αὐτῶν
1665 804 1885 872 σφαγῆς

2002 818 2078 857 ξος
2127 817 2263 856 sane
2296 801 2390 871 qui
2437 802 2751 857 divinorum
2794 802 3183 870 prophetarum
3220 799 3571 871 praedicatio-

315 903 375 971 τῇ
406 898 659 969 προθέσει
688 901 941 969 γίνεσθαι
964 917 979 931 ⁸
1010 900 1156 954 καθά
1190 901 1284 954 καὶ
1305 902 1333 953 ὁ
1371 899 1573 970 Κύριος
1598 901 1709 959 τοῖς
1749 898 1882 950 ’1ου-

315 992 472 1055 δαίοις
528 992 734 1061 ἔλεγεν,
775 996 858 1049 ὅτι
913 992 1009 1075 [ei]
1043 993 1455 1064 οἰκοδομοῦντες
1489 991 1557 1046 τὰ
1609 991 1717 1044 τῶν
1747 1004 1884 1058 προσ

316 1083 491 1153 φητῶν
522 1085 811 1156 μνήματα,
846 1086 1234 1139 συνευδοκοῦσι
1266 1087 1333 1157 τῇ
1364 1085 1649 1155 ἀναιρέσει
1678 1079 1880 1136 αὐτῶν.

1985 910 2109 949 nem
2146 895 2552 950 aversabuntur
2575 910 2589 957 ;
2615 895 2789 947 caedes
2828 904 3033 958 autem,
3068 908 3207 962 quas
3233 893 3356 946 duri
3387 891 3573 947 cordis

1992 985 2254 1055 duraeque
2273 986 2505 1041 cervicis
2542 983 2755 1039 llcbrtei
2789 985 3013 1039 Christo
3040 994 3092 1039 et
3125 985 3404 1054 prophetis
3428 994 3574 1039 attu-

1991 1075 2193 1144 lerunt,
2218 1079 2386 1134 veluti
2405 1078 2584 1149 justas
2610 1077 2935 1148 approbant,
2956 1078 3198 1131 autolim
3222 1076 3573 1147 approbaturi

314 1187 449 1241 sunt,
478 1180 554 1233 ob
583 1181 781 1236 mentis
811 1183 1149 1251 propositum
1180 1181 1325 1234 inter
1358 1180 1479 1235 illos
1529 1179 1678 1249 ipsos
1734 1172 2038 1230 homicidas
2090 1174 2417 1229 censendos.
2479 1173 2595 1229 lluc
2626 1175 2772 1228 enim
2842 1184 3076 1243 spectat,
3117 1173 3264 1243 quod
3323 1174 3577 1229 Christus

314 1269 574 1326 Dominus
615 1270 681 1324 ad
724 1270 943 1327 Judaeos
981 1270 1242 1326 dicebat:
1294 1270 1382 1325 Vra
1434 1268 1614 1327 vobis.
1668 1268 1768 1330 ait,
1798 1263 1886 1335 qui
1952 1261 2235 1331 trdiﬁcatis
2301 1273 2638 1317 monumenta
2692 1263 3102 1331 prapltetarum,
3171 1274 3349 1335 patres
3398 1278 3577 1322 autent

310 1363 456 1418 uestri
485 1362 793 1418 occiderunt
828 1364 951 1420 illos
980 1380 999 1419 :
1031 1365 1267 1435 profecto
1313 1362 1701 1432 testi/immitti,
1749 1356 1889 1430 quod
1926 1356 2237 1409 consentitis
2275 1355 2516 1424 operibus
2546 1366 2760 1423 patrnm
2789 1366 3079 1409 vestrorum
3112 1356 3178 1411 δ’.

383 1460 487 1516 Καὶ
532 1462 774 1530 ἤκουσα
810 1462 879 1515 ἐκ
913 1461 1023 1515 τοῦ
1064 1461 1507 1529 θυσιαστηρίου
1556 1457 1847 1529 λέγοντος
1874 1472 1887 1486 ·

310 1556 435 1621 Ναὶ,
464 1556 649 1623 Κύριε
676 1556 709 1607 ό
748 1554 893 1618 Θεὸς
920 1557 953 1608 ὀ
981 1553 1431 1622 παντοκράτωρ,
1458 1550 1741 1620 ἀληθιναὶ
1792 1551 1890 1604 καὶ

310 1651 531 1705 δίκαιαι
558 1651 617 1703 αὶ
652 1649 883 1715 κρίσεις
902 1665 1041 1703 σου.

377 1741 487 1795 Καὶ
524 1740 765 1808 ἤκουσα
811 1739 880 1794 ἐκ
929 1738 1037 1793 τοῦ
1076 1740 1533 1809 θυσιαστηρίου.
1578 1769 1644 1779 -
1682 1739 1749 1792 Τὸ
1793 1740 1895 1791 θυι

2066 1448 2206 1513 χιι,
2242 1448 2294 1505 7.
2341 1448 2408 1503 Et
2462 1450 2641 1505 audivi
2691 1449 2916 1504 alterum
2944 1467 3010 1505 ea:
3060 1453 3226 1507 altari
3268 1454 3523 1508 dicentem
3559 1471 3577 1508 :

1995 1538 2199 1606 Etiam,
2238 1540 2455 1594 Domine
2484 1539 2620 1594 Dens
2652 1542 3002 1612 omnipotens,
3037 1557 3157 1597 vera
3187 1554 3237 1599 et
3260 1544 3577 1615 justajudi-

1992 1634 2075 1686 cia
2116 1643 2229 1687 tua.

2065 1725 2179 1797 69
2214 1726 2319 1780 Per
2363 1726 2539 1781 altare
2593 1725 2869 1780 interdum
2922 1726 3242 1798 designatur
3300 1728 3579 1795 Christus,

312 1833 691 1902 σιιιστήριον,
733 1834 867 1885 ποτὲ
900 1831 1000 1902 μὲν
1053 1831 1145 1885 τὸν
1211 1832 1449 1902 Χριστὸν
1507 1831 1677 1901 δηλοῖ,
1711 1828 1786 1891 ὡς
1834 1830 1892 1882 ἐν

2002 1822 2141 1890 quod
2169 1821 2224 1875 in
2253 1819 2373 1891 ipso
2392 1828 2446 1875 et
2462 1836 2555 1891 per
2578 1820 2755 1891 ipsum
2776 1820 2987 1876 ratione
3024 1821 3262 1891 praedita:
3295 1821 3405 1878 Deo
3435 1823 3581 1877 Patri

312 1925 451 1997 αὐτῷ
487 1926 591 1979 καὶ
639 1923 708 1978 δι’
748 1922 915 1976 αὐτοῦ
957 1923 1419 1996 προσφερομένων
1452 1923 1532 1993 τῷ
1564 1922 1742 1993 Ila-rp!
1778 1922 1890 1977 τῶν

312 2017 546 2085 λογικῶν
572 2010 1008 2085 όλοκαρπώσεων
1058 2014 1150 2067 καὶ
1177 2014 1287 2068 τῶν
1330 2013 1522 2078 ζωσῶν
1566 2013 1791 2080 θυσιῶν,
1825 2010 1892 2075 ἃς

314 2108 650 2181 προσφέρειν
698 2108 763 2159 ἐκ
795 2104 891 2158 τοῦ
954 2104 1285 2159 Ἀποστόλου
1328 2104 1689 2175 δεδιδάγμεθα
1713 2121 1725 2134 ·
1763 2105 1891 2157 ποτέ

311 2205 364 2257 δὲ
411 2202 518 2265 τὰς
553 2199 849 2269 ἀγγελικὰς
906 2200 1190 2269 δυνάμεις,
1238 2198 1313 2262 ὡς
1377 2200 1728 2267 ἀναγωγικέις
1784 2198 1894 2251 τῶν

314 2291 599 2362 ἡμετέρων
635 2289 955 2360 προσευχῶν
990 2288 1214 2341 καὶτῶν
1244 2287 1633 2357 πνευματικῶν
1660 2287 1893 2357 όλοκαρ-

313 2384 563 2437 πώσεων.
592 2384 689 2444 “At;
711 2383 791 2444 είς
829 2380 1107 2436 διακονίαν
1144 2380 1619 2449 ἀποστελλομένοις
1653 2380 1742 2433 διὰ
1766 2380 1894 2444 τοὺς

314 2475 609 2545 μέλλοντας
660 2474 1023 2545 κληρονομεῖν
1083 2471 1362 2541 σωτηρίαν
1408 2471 1747 2543 ⁴ἠκούσαμεν.
1798 2471 1894 2525 Ἐκ

315 2569 505 2622 τούτου
559 2569 743 2620 τοίνυν
778 2565 874 2619 τοῦ
900 2564 1284 2636 λειτουργικοῦ
1338 2564 1730 2635 θυσιαστηρίου
1762 2565 1896 2633 φησι

314 2659 403 2730 τὴν
436 2659 635 2728 φωνὴν
678 2656 1054 2728 ἐξενεχθῆναι,
1089 2655 1411 2711 δικαιοῦσαν
1438 2657 1509 2710 τὰ
1538 2660 1720 2711 πάντα
1770 2656 1895 2710 νοῦν

316 2753 406 2807 καὶ¹
436 2751 605 2820 λόγον
649 2750 1054 2823 ὑπερϐαίνοντα
1102 2752 1197 2806 τοῦ
1232 2751 1368 2805 Θεοῦ
1423 2751 1692 2822 κρίματα.
1743 2751 1897 2805 Ἐπεὶ

316 2838 746 2910 τοίνυνχαίρειν
776 2838 877 2908 μὲν
902 2839 997 2893 καὶ
1026 2839 1310 2910 ἑορτάζειν
1349 2840 1451 2903 τὰς
1483 2840 1677 2912 νοεράς
1730 2841 1895 2897 δυνά-

318 2948 434 3000 μεις
468 2933 567 2984 ἐπὶ
590 2934 659 3002 τῇ
696 2931 806 2986 τῶν
828 2933 892 2985 ἐκ
931 2932 1220 3003 μετανοίας
1248 2934 1688 3003 ἐπιστρεφόντων
1717 2952 1897 3006 σωτη-

319 3022 406 3095 ρίᾳ
424 3025 546 3086 τοῖς
577 3023 961 3092 εὐαγγελικοῖς
987 3023 1167 3091 λόγοις
1199 3025 1577 3096 ἐδιδάχθημεν,
1610 3025 1897 3081 λυπεῖσθαι

265 3137 269 3144 ν
315 3115 370 3168 δὲ
398 3115 497 3168 ἐπὶ
526 3118 596 3186 τῇ
651 3116 859 3171 τούτων
898 3117 996 3186 τῆς
1030 3117 1245 3181 εὐθείας
1275 3118 1398 3172 ὁδοῦ
1424 3122 1774 3190 παρατροπῇ,
1816 3120 1899 3172 εὑο

1995 1911 2297 1967 oti‘erantur
2344 1912 2564 1977 hostiae,
2612 1913 2996 1983 sacriticiaque
3042 1921 3097 1968 et
3135 1914 3369 1969 vietimze
3411 1916 3582 1977 vivae;

1994 2002 2185 2073 quales
2240 2002 2347 2074 ipsi
2389 2003 2577 2059 offerri
2623 2004 2739 2059 vult
2788 2005 3104 2075 Aposnolus.
3178 2004 3582 2078 Nonnunquam

1997 2111 2125 2150 vero
2170 2095 2431 2165 angelicae
2470 2096 2725 2161 virtutes,
2761 2108 2816 2151 ut
2850 2113 2970 2167 quzc
3007 2108 3225 2153 nostras
3260 2114 3450 2168 preces
3483 2115 3585 2155 no-

1996 2199 2253 2260 strasque
2314 2189 2591 2260 spiritales
2635 2191 2942 2245 oblationes
2988 2192 3041 2244 in
3085 2192 3322 2247 sublime
3347 2196 3584 2250 evehant

1998 2281 2219 2353 Deoque
2250 2282 2484 2338 offerant
2521 2300 2535 2336 :
2568 2281 2840 2352 siquidem
2878 2283 3042 2337 hasce
3086 2295 3308 2354 propter
3344 2302 3441 2341 eos
3490 2290 3582 2358 qui

1998 2373 2376 2429 haereditatem
2405 2374 2603 2430 salutis
2626 2374 2871 2444 capiunt,
2897 2374 2951 2428 in
3007 2374 3381 2432 ministerium
3417 2380 3584 2443 mitti,

1996 2480 2061 2518 ex
2089 2465 2284 2519 eodem
2323 2465 2587 2536 Apostolo
2614 2465 2817 2522 diserte
2848 2465 3138 2523 discimus.
3178 2467 3255 2521 Ex
3291 2469 3396 2525 hoc
3424 2471 3589 2540 igitur

1999 2558 2233 2626 mystico
2280 2558 2438 2613 altari
2473 2572 2662 2614 vocem
2719 2557 2957 2613 delatam
3015 2559 3214 2629 inquit,
3252 2576 3372 2631 qua:
3402 2563 3588 2618 omnia

1998 2647 2094 2704 Dei
2144 2649 2355 2721 judicia
2381 2650 2529 2722 justa
2574 2666 2641 2706 ac
2667 2664 2887 2707 omnem
2917 2661 3153 2708 mentem
3186 2661 3242 2709 et
3277 2656 3587 2711 orationem

1999 2742 2314 2809 superantia
2342 2742 2692 2811 prmdieabat.
2722 2742 2861 2810 Quia
2886 2759 3018 2814 ergo
3041 2760 3105 2800 ex
3137 2747 3315 2804 sacris
3348 2747 3588 2803 oraculis

2000 2828 2377 2900 intelligimus,
2401 2833 2769 2906 intelligentes
2790 2836 2912 2891 illas
2936 2837 3322 2910 spiritalesque
3350 2842 3583 2898 virtutes

2000 2925 2067 2976 de
2100 2924 2319 2979 illorum
2375 2928 2553 2982 salute
2584 2928 2826 2996 gaudere
2858 2928 3172 2999 festumque
3220 2932 3365 2988 dietn
3404 2946 3587 3002 agere,

1999 3016 2092 3084 qui
2158 3032 2255 3086 per
2303 3019 2690 3087 pmnilenliatn
2768 3026 3210 3087 convertuntur;
3265 3025 3588 3081 contristari

2011 3122 2140 3161 vero
2170 3120 2223 3164 et
2252 3124 2485 3164 manere
2525 3112 2591 3166 dc
2633 3112 2854 3167 illorum
2885 3112 3216 3184 perditione,
3253 3115 3347 3185 qui
3381 3130 3586 3172 rectam

316 3209 601 3276 χαριστείν
628 3206 784 3277 δέτῷ
815 3207 935 3278 Θεῷ
965 3209 1058 3262 ἐπὶ
1082 3210 1151 3280 τῇ
1181 3209 1290 3263 τῶν
1316 3210 1767 3280 παραϐαινόντων
1796 3210 1895 3273 τὰς

2004 3201 2145 3255 viam
2179 3201 2473 3268 deserunt;
2504 3219 2569 3258 ac
2588 3204 2793 3274 gratias
2824 3204 3064 3276 denique
3109 3207 3324 3262 cmlesti
3359 3205 3587 3264 Numini

315 3298 466 3364 θείας
522 3300 745 3364 ἐντολὰς
811 3301 1053 3364 κολάσει,
1081 3301 1158 3367 ὡς
1208 3302 1275 3356 ἂν
1316 3304 1550 3374 μερικὴν
1581 3302 1691 3356 τῶν
1734 3302 1901 3374 ὀφλη-

318 3392 507 3461 μάτων
536 3393 875 3464 ποιήσωνται
903 3394 1133 3459 ἔκτισιν,
1170 3396 1566 3466 σπουδάσωμεν
1590 3394 1689 3467 τὴν
1717 3396 1814 3450 ἐπὶ
1831 3399 1899 3469 τῇ

312 3484 626 3554 ἐπιστροφῇ
654 3482 816 3555 ἡμῶν
838 3483 1048 3547 τούτοις
1071 3480 1407 3554 προξενῆσαι
1434 3484 1782 3555 εὐφροσύνην
1806 3486 1902 3537 καὶ

317 3574 683 3643 ἁγαλλίασινο
735 3576 1045 3637 ἐννοοῦντες
1092 3576 1310 3647 ἑκάστῳ
1350 3576 1506 3647 ἡμῶν
1551 3576 1697 3631 θεῖον
1752 3594 1900 3647 παρ·-

317 3670 592 3740 επόμενον
612 3667 869 3737 ἄγγελον,
902 3667 1152 3740 [ἀρρήτῳ
1192 3672 1302 3722 τινὶ
1342 3669 1508 3742 λόγῳ]
1541 3673 1609 3725 τά
1648 3671 1899 3742 πρακτέα

315 3762 476 3831 ἡμῶν
500 3761 869 3833 εἰσηγεῖσθαι,
908 3762 1003 3815 ﬁt:
1030 3761 1156 3816 νοῦν
1189 3763 1412 3833 ἀφανῶς
1438 3765 1515 3835 τῷ
1537 3766 1796 3836 ἡμετέρῳ
1820 3764 1903 3818 νοτ

315 3851 780 3923 προσομιλοῦντα,
815 3856 909 3907 καὶ
955 3854 1041 3924 ἐφ’
1090 3854 1172 3919 οἷς
1215 3856 1314 3927 μὲν
1362 3857 1622 3912 ἀκούεται
1665 3860 1903 3930 συμϐου-

313 3942 493 3998 λεύων
526 3944 791 4015 χαίροντα
817 3962 831 3977 ο
873 3944 961 4016 ἐφ’
992 3943 1073 4010 οἷς
1102 3947 1158 4001 δέ
1194 3948 1596 4020 παρακοΰεται,
1624 3951 1899 4022 θεομιμή-

313 4052 424 4100 τως
450 4036 821 4107 λυπούμενον,
850 4038 925 4101 ὡς
956 4037 1097 4112 [καὶ]
1141 4041 1207 4093 ἐκ
1236 4041 1574 4112 ψυχωφελῶν
1619 4043 1784 4114 διηγη
1794 4045 1897 4114 μά-

312 4146 424 4184 των
461 4132 735 4200 ἔγνωμεν.
793 4133 973 4203 Ἀνδρὶ
1001 4136 1110 4205 γάρ
1158 4153 1264 4187 τινι
1312 4137 1634 4206 μελανθέντι
1682 4137 1902 4202 πολλοῖς

315 4221 747 4293 ⁴διἀρασιττιὶιμιασι
801 4224 896 4277 καὶ
927 4226 1007 4287 εἰς
1037 4224 1136 4295 τὴν
1165 4227 1466 4298 ἐκκλησίαν
1494 4230 1739 4295 εἰσιόντι,
1766 4246 1899 4283 σκυ-

314 4311 542 4383 θρωπὺν
575 4316 855 4387 μακρόθεν
893 4317 987 4371 τὸν
1033 4320 1266 4388 ἄγγελον
1296 4319 1562 4375 ἕπεσθαι·
1608 4323 1801 4376 τούτου
1844 4324 1902 4378 δέ

315 4407 722 4473 κατανυγέντος
745 4406 908 4479 [πρὸς
935 4411 1295 4484 ἐπιστροφὴν]
1342 4416 1438 4467 καί
1466 4414 1545 4485 τῷ
1574 4413 1772 4486 θελητῇ
1804 4414 1901 4469 τοῦ

315 4497 505 4561 ἐλέους
526 4499 1002 4571 ἐπαγγειλαμένου
1035 4504 1099 4557 ἐκ
1120 4504 1298 4576 ψυχῆς
1324 4505 1423 4577 τὴν
1444 4506 1539 4559 ἐπὶ
1567 4508 1635 4560 τὰ
1655 4507 1900 4577 βελτίονα

318 4589 632 4661 μετασολὴν
659 4593 755 4647 καὶ
778 4593 877 4663 τῆς
907 4596 1180 4666 προτέρας
1211 4598 1354 4667 ζωῆς
1378 4600 1630 4670 ἄρνησιν,
1663 4600 1900 4667 ἐξιόντος

319 4679 440 4751 [τοῦ
471 4683 791 4757 ἀνθρώπου]
825 4686 1034 4740 ἐκεῖθεν
1081 4690 1445 4760 προηγεῖσθαι
1477 4689 1650 4762 [αὐτῷ
1678 4692 1771 4745 τὸν
1802 4693 1901 4761 ἀγα

318 4774 506 4848 γελον]
536 4777 767 4848 φαιδρὸν
807 4780 903 4831 καὶ
941 4780 1215 4851 γεγηθότα
1241 4798 1255 4811 ο
1301 4782 1394 4836 τὸν
1435 4782 1492 4835 δὲ
1520 4783 1759 4855 πονηρὸν
1786 4784 1904 4839 δαίς

319 4884 461 4935 μονα
496 4873 963 4943 κατῃσχυμμένον
997 4874 1313 4929 ἀκολουθεῖν
1342 4875 1629 4947 πόρρωθεν
1654 4893 1670 4907 ο
1704 4876 1778 4949 [εἰ
1810 4880 1906 4931 καὶ

317 4958 429 5027 πρὸ
478 4960 578 5029 τῆς
632 4960 927 5032 θεαρέστου
980 4963 1074 5017 τοῦ
1131 4963 1422 5036 ἀνθρώπου
1495 4966 1905 5038 συναισθήσεως

316 5046 557 5121 ἔχαιρε]
593 5050 814 5106 Γένοιτο
834 5053 890 5106 δὲ
916 5055 1015 5125 τὴν
1048 5054 1234 5110 ἔνθεον
1260 5056 1424 5126 ἡμῶν
1466 5057 1763 5124 πολιτείαν,
1790 5062 1904 5123 τοίς

318 5140 425 5208 μὲν
448 5142 667 5213 δαίμοσι
699 5146 1022 5217 κατηφείας,
1054 5150 1167 5212 τοῖς
1192 5149 1248 5203 δὲ
1279 5151 1533 5220 ἀγγέλοις
1555 5152 1901 5223 εὐφροσύνης

315 5232 573 5298 γενέσθαι
609 5235 900 5291 ὑπόθεσιν·
940 5240 1026 5294 ἵνα
1097 5246 1250 5316 κοινῇ
1283 5246 1380 5299 σὺν
1421 5247 1608 5310 αὐτοῖς
1654 5248 1714 5301 ἐν
1744 5251 1899 5318 φωνῇ

316 5325 697 5394 ἀγαλλιάσεως
732 5332 1286 5407 καὶέξομολογήσεως
1320 5339 1455 5409 ἤχου
1511 5339 1861 5409 ἑορτάζοντες
1885 5382 1901 5406 ,

314 5416 542 5491 Χριστῷ
590 5421 671 5492 τῷ
724 5423 845 5494 Θεῷ
885 5426 1045 5495 ἡμῶν
1096 5430 1189 5482 ἐπὶ
1225 5433 1292 5500 τῇ
1321 5431 1444 5502 νίκῃ
1478 5431 1590 5486 τῶν
1644 5432 1903 5503 πονηρῶν

314 5507 601 5582 δυνάμεων
635 5516 1156 5589 εὐχαριστήσωμεν·
1192 5523 1313 5592 μεθ’
1342 5517 1403 5575 οὗ
1434 5522 1512 5595 τῷ
1538 5526 1713 5597 Πατρὶ
1744 5526 1904 5600 [πρέ-

318 5620 418 5656 πει
447 5605 582 5680 ἅμα]
625 5610 721 5663 καὶ
756 5611 831 5683 τῷ
854 5614 994 5684 ἁγίῳ
1024 5615 1300 5685 Πνεῦματι
1330 5617 1480 5683 δόξα,
1517 5616 1635 5689 [νῦν
1663 5620 1758 5674 καὶ
1786 5620 1897 5686 ἀεὶ,

319 5694 444 5770 καὶ]
475 5701 552 5764 είς
585 5703 712 5765 τοὺς
738 5705 940 5771 αἰῶνας
976 5706 1105 5779 [τῶν
1136 5710 1393 5782 αἰώνωνι.
1437 5711 1629 5786 Ἀμήν.

393 5856 441 5894 ⁸⁸
462 5856 593 5921 Luc.
622 5878 702 5935 ιι,
731 5862 823 5925 47.

722 5962 992 6029 Pyrno!"
1025 5965 1139 6025 GR.
1183 5959 1343 6027 CVI.

2003 3310 2165 3367 agere
2215 3296 2282 3351 de
2338 3312 2531 3351 eorum
2588 3298 2875 3367 punitione
2916 3297 3013 3369 qui
3077 3297 3264 3353 divina
3316 3308 3589 3372 praecepta

2004 3390 2458 3459 przevarieantur,
2493 3406 2604 3461 quo
2632 3390 2717 3445 vel
2746 3399 2956 3461 partem
2992 3400 3405 3448 contractorum
3433 3393 3586 3449 debl-

2006 3492 2185 3538 torum
2219 3499 2315 3554 per
2347 3483 2621 3555 ejusmodi
2650 3485 2959 3541 crueiatum
2992 3487 3047 3541 in
3080 3486 3185 3541 hac
3226 3485 3449 3542 mortali
3477 3487 3590 3545 vita

2006 3576 2361 3645 persolvant:
2422 3592 2522 3647 par
2571 3586 2675 3641 est,
2722 3586 2780 3631 ut
2814 3586 3002 3633 nostra
3036 3578 3106 3634 ad
3141 3576 3313 3633 Deum
3356 3594 3591 3634 conver-

2006 3670 2163 3726 sione
2229 3682 2284 3725 et
2331 3671 2651 3741 pmnitemia
2704 3672 3023 3728 nonnullam
3076 3673 3183 3729 illis
3240 3672 3486 3728 laetitiam
3535 3678 3593 3728 et

2004 3764 2433 3820 exsultationem
2465 3765 2828 3821 conciliemus
2855 3784 2868 3820 :
2895 3767 3199 3835 cogitantes
3231 3775 3592 3834 unumquem-

2016 3856 2148 3911 libet
2225 3868 2475 3913 nostrum
2526 3859 2773 3913 divinum
2841 3859 3094 3927 angelum
3153 3857 3430 3922 comitari,
3493 3858 3588 3928 qui

2006 3948 2174 4002 veluti
2212 3964 2369 4003 mens
2397 3950 2673 4019 quaedam,
2701 3958 2907 4004 nostra:
2933 3948 3101 4003 tuenti
3121 3963 3325 4003 arcano
3350 3949 3585 4018 quodam

2007 4041 2171 4095 tnodo
2219 4055 2342 4097 sese
2370 4041 2656 4111 adjungat,
2694 4039 3074 4110 salutariaque
3105 4040 3337 4095 consilia
3371 4041 3593 4097 assidue

2005 4142 2285 4204 suggerat,
2318 4142 2374 4189 et
2403 4149 2527 4204 quae
2554 4134 2734 4189 facere
2759 4134 3027 4189 debemus
3060 4134 3351 4189 ostendat:
3385 4144 3437 4189 ct
3463 4135 3591 4205 qui-

2003 4224 2128 4279 dem
2159 4225 2424 4297 gaudere,
2456 4242 2581 4281 eum
2613 4226 2886 4291 consiliis,
2909 4241 3033 4299 quae
3072 4225 3335 4297 suggerit,
3367 4228 3592 4298 acquie-

2006 4319 2252 4385 scimus;
2285 4320 2355 4375 ad
2383 4321 2478 4376 Dei
2502 4329 2684 4375 autem
2710 4322 3021 4390 exemplum
3046 4335 3282 4376 manere
3309 4330 3363 4376 et
3389 4322 3589 4378 contri-

2005 4412 2164 4477 stari,
2198 4429 2324 4467 cum
2365 4429 2561 4484 parere
2608 4414 3013 4479 detrectamus;
3040 4413 3503 4483 quemadmodum
3532 4415 3587 4471 id

2005 4520 2069 4560 ex
2118 4506 2437 4563 salubribus
2502 4507 2811 4577 animaeque
2887 4508 3117 4563 utilibus
3179 4508 3592 4564 narrationibus

2006 4599 2387 4668 cognovimus.
2438 4597 2635 4654 Fertur
2670 4615 2908 4669 namque
2956 4599 3134 4654 virum
3170 4601 3465 4670 quemdam
3495 4602 3591 4671 qui

2005 4693 2194 4748 multis
2260 4694 2504 4764 peccatis
2531 4704 2650 4749 erat
2682 4695 3117 4759 contaminatus,
3149 4710 3274 4749 cum
3326 4695 3378 4748 in
3415 4694 3592 4750 eccle-

2006 4788 2145 4839 siam
2203 4787 2626 4856 ingrederetur,
2681 4787 2941 4858 angelum
3002 4797 3260 4843 tumstum
3321 4788 3593 4859 planeque

2009 4878 2219 4933 tristem
2273 4880 2497 4951 alonge
2549 4881 2806 4951 subsequi
2859 4881 3063 4936 visum.
3098 4881 3238 4936 Cum
3287 4892 3472 4936 autem
3522 4881 3589 4935 ad

2013 4973 2391 5042 pmnitentiam
2427 4984 2825 5043 compunctus,
2865 4974 2943 5028 illi
3001 4974 3094 5045 qui
3144 4980 3433 5045 mysticam
3480 4976 3595 5030 vult

2017 5067 2137 5119 vita:
2165 5065 2523 5120 mutationem
2573 5066 2886 5136 priorisque
2929 5066 3190 5135 nequitiae
3244 5066 3590 5127 missionem,

2010 5171 2075 5210 ex
2110 5156 2298 5210 animo
2332 5155 2697 5225 promisisset,
2723 5171 2896 5224 eaque
2915 5164 3099 5210 mente
3123 5170 3155 5210 e
3177 5155 3379 5224 templo
3409 5154 3593 5209 denuo

2009 5252 2291 5316 exivisset,
2325 5252 2577 5321 angelum
2619 5252 2803 5306 statim
2855 5251 3149 5322 prodiisse,
3198 5251 3493 5319 laetumque
3538 5258 3592 5301 et

2002 5344 2368 5398 exsultantem
2432 5352 2560 5397 ante
2621 5343 2801 5412 ipsum
2870 5342 3223 5407 ambulasse;
3282 5340 3587 5398 lltalitrttum

2004 5443 2196 5489 contra
2231 5432 2537 5489 daarnonem
2579 5433 2873 5488 confusum
2905 5433 3096 5503 procul
3132 5448 3163 5487 a
3199 5440 3354 5500 tergo
3388 5429 3585 5484 subse-

2003 5536 2231 5592 cutum;
2266 5527 2387 5597 qui,
2420 5536 2547 5581 ante
2578 5526 2687 5582 Deo
2734 5537 2945 5597 gratam
3002 5524 3244 5580 hominis
3270 5521 3590 5578 conversio-

2004 5635 2151 5685 nem,
2176 5620 2467 5690 gestiebat.
2488 5620 2649 5676 Faxit
2681 5620 2827 5677 Deus
2858 5619 3113 5690 Optimus
3145 5617 3374 5674 Manut
3405 5625 3590 5671 nostra

2004 5715 2352 5770 conversatio
2388 5716 2621 5786 vitaeque
2668 5715 2809 5771 ratio
2840 5716 2912 5770 sit
2945 5712 3242 5784 ejusmodi,
3296 5720 3358 5768 ut
3386 5709 3594 5766 daemo-

3103 5968 3180 6029 12
