4042 6618
472 398 578 466 363
1628 404 1959 469 ANDREE
1995 404 2068 464 Cl

2142 401 2514 462 lARIENSIS
2745 427 2748 431 ν
3300 406 3323 420 ⁵
3630 400 3738 465 εει

475 513 639 570 nibus
685 514 903 585 quidem
962 515 1307 573 confusionis
1366 518 1798 591 dejet‘lionisqtte
1878 533 2043 575 causa
2080 516 2334 582 exsistat,
2371 515 2581 586 angelis
2632 522 2815 569 autem
2887 513 3090 569 laetitia!
3132 516 3481 571 occasionem
3505 516 3732 585 offerat;

473 627 581 681 quo
613 626 719 667 una
744 626 869 666 cum
904 610 1011 665 illis
1046 612 1099 665 in
1133 626 1266 668 voce
1313 614 1702 670 exsultationis
1757 625 1813 670 et
1875 610 2241 667 confessionis
2311 624 2449 663 sono
2511 607 2710 664 festum
2801 609 3162 675 celebremus,
3232 612 3564 681 Christoque
3623 612 3733 669 lico

472 713 660 759 nostro
718 704 786 759 de
873 703 1103 758 victoria
1155 704 1422 761 adversus
1478 707 1752 774 malignos
1805 705 2081 760 daemones
2154 702 2405 764 obtenta,
2456 701 2662 767 gratias
2717 716 2988 773 agamus,
3047 717 3172 757 cum
3231 719 3342 774 quo
3405 703 3631 761 Patren
3681 712 3737 761 et

472 795 734 867 Spiritum
765 805 1018 852 sanctum
1050 798 1205 853 decet
1229 796 1423 867 gloria,
1460 813 1607 854 nunc
1634 808 1688 854 et
1718 812 1955 868 semper,
1990 805 2045 853 et
2086 794 2141 849 in
2168 794 2366 848 saacula
2403 793 2756 849 saeculorum.
2786 795 2984 849 Amen.

854 907 1006 964 CAP.
1038 906 1222 964 XLIX.
1252 906 1481 963 suuuo
1509 907 1673 962 xvn.
2074 893 2118 949 A
2495 907 2750 962 ΚΕΦΑΛ.
2810 904 2945 961 non
2996 904 3217 960 soror:
3274 905 3377 963 lZ'.

475 1023 539 1078 L’t
567 1040 659 1094 per
711 1034 961 1094 quartam
987 1021 1201 1093 plagam
1225 1020 1417 1075 ardore
1442 1022 1743 1075 crucientur
1790 1020 2045 1073 homines.

2152 1024 2355 1090 Ὅπως
2384 1022 2482 1077 διὰ
2508 1023 2618 1092 τῆς
2646 1023 2928 1092 τετάρτης
2954 1021 3240 1094 [πληγῆς]
3278 1024 3730 1093 καυματίζονται

2734 1098 2785 1148 ol
2813 1094 3133 1148 ἅνθρωποι.

2734 1099 2785 1148 ol
2813 1099 3133 1161 ἅνθρωποι.

536 1203 680 1269 XVI,
736 1204 789 1270 8,
826 1205 880 1260 9.
938 1202 1005 1257 Et
1046 1210 1268 1273 quartus
1309 1200 1521 1271 angelus
1571 1199 1757 1269 effudit
1812 1198 2048 1269 phialam

2218 1206 2327 1259 Kal
2361 1208 2394 1261 ό
2444 1206 2724 1277 τέταρτος
2769 1208 3029 1279 ἄγγελος
3073 1207 3277 1276 ἐξέχεε
3336 1208 3453 1275 τὴν
3500 1208 3731 1279 φιάλην

463 1302 519 1353 in
547 1299 747 1363 solem;
780 1306 828 1351 et
859 1296 1043 1349 datum
1076 1304 1152 1348 est
1184 1294 1264 1346 illi
1313 1302 1444 1347 wstu
1475 1292 1702 1362 afﬂigere
1731 1291 1967 1345 homines
1997 1298 2044 1344 et

2147 1300 2337 1353 αὐτοῦ
2367 1299 2462 1352 ἐπὶ
2493 1300 2598 1354 τὸν
2626 1300 2839 1369 ἣλιον·
2892 1300 2989 1353 καὶ
3022 1300 3201 1367 ἐδόθη
3254 1300 3416 1368 αὐτῷ
3445 1304 3731 1372 καυματί-

463 1394 580 1462 ign'e
604 1407 621 1444 :
644 1400 693 1445 et
727 1397 1025 1445 a'stuarunt
1055 1386 1291 1438 homines
1320 1392 1454 1439 wstu
1481 1400 1674 1454 magno
1692 1393 1776 1448 ;et
1807 1383 2046 1452 blasphe-

2148 1405 2253 1443 σαι
2308 1390 2451 1456 τοὺς
2490 1390 2840 1458 ἀνθρώπους
2884 1391 2953 1442 ἐν
2999 1392 3178 1458 πυρί’
3246 1391 3345 1445 καὶ
3406 1392 3727 1460 ἐκαυματί-

462 1493 677 1538 marunt
731 1496 917 1535 nomen
976 1478 1071 1532 Dei
1098 1477 1338 1531 habentis
1391 1485 1701 1539 potestatem
1744 1490 1896 1543 super
1946 1475 2043 1529 has

2146 1486 2394 1548 σθησαν
2420 1486 2473 1537 ol
2505 1481 2801 1549 ἄνθρωποι
2836 1483 3035 1550 καῦμα
3070 1484 3251 1553 μέγαδ
3282 1484 3380 1538 καὶ
3416 1482 3726 1553 ἐϐλασφή-

462 1577 698 1646 plagas:
742 1587 903 1642 neque
932 1577 1150 1640 egerunt
1186 1566 1572 1637 panitentiam,
1622 1572 1681 1617 ut
1715 1563 1904 1617 darent
1962 1562 2044 1615 illi

2139 1587 2352 1641 μησαν
2404 1574 2471 1627 τὸ
2516 1575 2702 1643 ὄνομα
2752 1574 2860 1627 τοῦ
2923 1576 3073 1629 Θεοῦ
3113 1576 3220 1629 τοῦ
3273 1577 3523 1645 ἔχοντος
3568 1573 3728 1649 [τὴν]

460 1667 708 1738 gloriam.
2144 1664 2439 1730 ἐξουσίαν
2474 1665 2573 1718 ἐπὶ
2614 1667 2722 1732 τὰς
2761 1667 3002 1735 πληγὰς
3027 1668 3283 1733 ταύτας’
3328 1668 3429 1722 καὶ
3479 1671 3552 1724 οὐ
3582 1685 3729 1740 μετ-

2144 1757 2411 1823 ενόησαν
2437 1755 2649 1810 δοῦναι
2671 1755 2833 1821 αὐτῷ
2862 1756 3068 1822 δόξαν.

534 1846 738 1902 Forsan
770 1842 990 1899 sensilis
1017 1840 1145 1895 solis
1179 1839 1373 1893 ardore
1399 1837 1648 1893 homines
1680 1846 1809 1889 tunc
1834 1845 2043 1905 tempo-

2223 1848 2385 1910 Ἴσως
2417 1848 2516 1917 μὲν
2569 1850 2662 1901 καὶ
2702 1849 2979 1916 αἰσθητῶς
3004 1848 3081 1919 τῷ
3126 1848 3220 1902 τοῦ
3260 1851 3440 1917 ἡλίου
3473 1854 3728 1923 φλογμῷ

460 1941 537 1995 ris
586 1938 979 2001 incendentur;
1047 1934 1317 1988 clemente
1373 1930 1484 1983 Deo
1538 1943 1696 1984 camo
1759 1936 1813 1983 et
1871 1926 2041 1981 l'rzeno

2142 1933 2515 2003 τοτηνικαῢτα
2562 1937 3103 2006 καυματισθήσονται
3153 1940 3203 1991 οἱ
3258 1940 3559 2010 ἅνθρωποι,
3619 1941 3728 1997 τοῦ

458 2030 711 2086 maxillas
745 2027 853 2097 70
882 2040 1071 2081 eorum
1108 2022 1539 2092 constringente,
1571 2027 1625 2075 et
1678 2027 1888 2072 tantum
1930 2032 2037 2071 non

2144 2024 2532 2096 φιλανθρώπου
2547 2026 2685 2080 Θεοῦ
2704 2029 2761 2080 ὲν
2791 2028 2955 2099 κημῷ
2978 2029 3073 2081 καὶ
3108 2030 3315 2101 χαλινῷ
3340 2031 3437 2094 τὰς
3464 2035 3726 2101 σιαγόνας

460 2126 510 2179 vi
553 2123 789 2193 quadam
849 2119 1182 2188 impellente,
1234 2115 1328 2186 qui
1377 2113 1730 2168 cunctantius
1765 2110 1832 2165 ad
1887 2110 2038 2163 illum

2142 2118 2253 2171 τῶν
2286 2117 2361 2189 μὴ
2412 2119 2743 2187 ἐγγιζόντων
2795 2120 2932 2191 πρὸς
2956 2122 3119 2174 αὑτὸν
3146 2123 3429 2191 ἄγχοντος,
3462 2124 3547 2177 ἵνα
3587 2125 3726 2196 πρὸς

456 2216 766 2281 accedunt;
800 2228 909 2282 quo
941 2212 1043 2265 bac
1070 2209 1262 2264 saltem
1293 2207 1508 2262 ratione
1544 2205 1787 2271 excitati,
1821 2204 2037 2258 tandem

2146 2209 2437 2279 μετάνοιαν
2463 2210 2647 2264 ίδωσιν
2672 2228 2685 2242 ·
2720 2213 2769 2265 εί
2819 2214 2912 2265 καὶ
2960 2212 3054 2284 [οἱ]
3082 2215 3159 2272 είς
3192 2212 3355 2282 βάθος
3399 2215 3582 2268 κακῶν
3621 2219 3724 2287 ὲμ-

459 2308 763 2379 aliquando
795 2306 863 2360 ad
900 2302 1280 2375 pmnitentiam
1309 2308 1559 2371 spectent
1590 2319 1604 2354 :
1656 2299 1760 2353 etsi
1789 2297 1866 2352 illi
1902 2296 2037 2351 inte-

2145 2303 2430 2367 πεσόντες,
2459 2298 2517 2357 ού
2554 2304 2689 2375 πρὸς
2713 2306 3077 2376 ἐπιστροφὴν,
3113 2306 3251 2359 ἀλλὰ
3298 2308 3435 2378 πρὸς
3470 2307 3718 2380 βλασφη·

460 2402 587 2466 ritu,
620 2408 806 2468 utpote
854 2396 911 2451 in
947 2393 1281 2466 profundum
1328 2391 1595 2446 malorum
1638 2389 1871 2460 delapsi,
1929 2402 2035 2441 nou

2148 2396 2276 2464 μίαν
2310 2396 2585 2468 μοχθηρίᾳ
2617 2397 2842 2468 γνώμης
2866 2397 3334 2469 ὲξενεχθήσονται.
3370 2402 3530 2464 Ἴσως
3551 2401 3606 2454 δὲ
3631 2403 3722 2456 διὰ

461 2492 527 2544 ad
561 2490 985 2546 conversionem
1026 2484 1344 2555 rcSpiciant,
1389 2482 1481 2537 sed
1519 2481 1803 2552 impotenti
1852 2480 2037 2534 animo

2140 2487 2231 2540 τοῦ
2264 2488 2444 2556 ἡλίου
2473 2488 2566 2541 καὶ
2592 2488 2685 2542 τὸν
2714 2489 2813 2559 τῆς
2841 2488 3053 2559 ἡμέρας
3080 2489 3280 2559 δρόμον
3310 2491 3635 2544 αἰνίττεται·
3661 2493 3724 2544 ὃν

460 2583 822 2653 improbaque
864 2587 1042 2633 mente
1075 2580 1127 2631 in
1181 2575 1577 2646 blasphemiam
1634 2588 1755 2628 sese
1784 2572 2033 2627 eli'erant.

2141 2577 2361 2632 ἅπαντα
2376 2578 2454 2649 τῷ
2479 2578 2588 2632 τῶν
2611 2580 2932 2650 πειρασμῶν
2957 2580 3199 2633 καύσωνι
3226 2582 3349 2645 τοὺς
3378 2582 3563 2647 ἀξίους
3604 2601 3714 2654 μα-

459 2673 601 2728 Fieri
646 2685 867 2740 quoque
914 2676 1120 2737 potest,
1173 2674 1233 2721 ut
1279 2680 1377 2736 per
1433 2663 1597 2719 solem
1648 2663 1754 2717 diei
1811 2676 2031 2718 cursum

2144 2670 2343 2737 στίγων
2391 2674 2525 2741 φησὶ
2558 2671 3022 2742 καυματίζεσθαι,
3072 2672 3159 2725 ἵνα
3196 2675 3259 2743 τῇ
3289 2673 3401 2726 τῶν
3457 2674 3725 2743 ἀλγεινῶν

461 2764 771 2829 adumbret,
822 2764 1071 2831 adeoque
1121 2759 1397 2813 variarum
1454 2754 1814 2812 tentationum
1846 2753 2046 2808 ardore

2140 2762 2428 2832 ἐπαγωγῇ,
2467 2762 2567 2831 τὴν
2605 2764 2819 2834 μητέρα
2850 2764 3056 2816 τούτων
3084 2766 3184 2836 τὴν
3237 2766 3517 2835 ἁμαρτίαν
3552 2767 3718 2837 μισήο

464 2858 609 2911 bnnc
648 2871 745 2910 cos
778 2853 1105 2908 adusturum
1149 2849 1482 2912 subindicet,
1516 2846 1610 2917 qui
1642 2844 1866 2915 ﬂagellis
1894 2843 2044 2914 digni

2138 2870 2327 2909 σωσιν.
2379 2854 2523 2907 Ἀλλ’
2547 2857 2597 2908 οἱ
2621 2855 2874 2925 ἄφρονες,
2900 2856 3022 2911 ἀντὶ
3038 2858 3135 2927 τῆς
3173 2858 3280 2910 τῶν
3298 2858 3512 2911 οἰκείων
3561 2876 3718 2912 πται-

457 2948 723 3019 comperti
770 2947 1006 3014 iuerint;
1045 2955 1318 3016 quatenus
1349 2943 1610 2997 nimirum
1646 2953 1936 3011 poenarum
1986 2947 2040 2993 et

2138 2946 2365 3016 σμάτων
2398 2947 2868 3017 ὲπιγνωμοσύνης,
2894 2948 3036 3001 κατὰ
3052 2946 3145 3001 τοῦ
3176 2950 3311 3002 θεοῦ
3342 2951 3442 3020 τὴν
3471 2951 3720 3020 γλῶτταν

456 3045 807 3101 cruciatuum
844 3056 1012 3097 sensu
1056 3038 1349 3103 admoniti,
1384 3051 1574 3091 earum
1623 3050 1804 3089 rerum
1839 3047 2037 3104 paren-

2137 3038 2531 3108 ἁκονήσουσιν·
2564 3038 2640 3102 ὡς
2666 3041 2759 3091 καὶ
2796 3040 2891 3091 νῦν
2920 3041 3053 3111 όρᾷν
3078 3040 3255 3105 ἔξεστι
3305 3042 3555 3107 πολλοὺς,
3603 3044 3716 3107 τοῖς

459 3148 591 3201 tem,
626 3150 823 3205 nempe
856 3141 1167 3205 peccatum,
1208 3130 1337 3185 odio
1376 3128 1578 3183 habere
1608 3126 1894 3197 incipiant.
1927 3122 2036 3179 Ve-

2138 3124 2487 3180 κυκλώσασιν
2518 3128 2665 3196 ἡμᾶς
2701 3129 2765 3181 ὲκ
2819 3129 3172 3201 βαρϐαρικῶν
3206 3129 3409 3201 χειρῶν
3454 3130 3714 3203 ἀρῤήτοις

457 3245 577 3285 rum
612 3227 790 3283 insani
826 3226 1096 3287 homines,
1126 3238 1223 3295 pro
1251 3223 1503 3295 lapsuum
1530 3228 1584 3274 et
1610 3220 1880 3274 scelerum
1906 3228 2040 3270 suo-

2136 3214 2331 3278 δεινοῖς
2356 3216 2747 3286 ἀσχάλλοντας,
2775 3218 2873 3289 τὴν
2896 3218 3045 3271 θείαν
3066 3219 3349 3283 αἰτιᾶσθαι
3375 3220 3712 3292 ἁγαθότητα,

455 3340 577 3379 rum
648 3321 926 3392 agnitione
979 3329 1033 3375 et
1095 3317 1501 3379 detestatione,
1586 3314 1827 3383 linguam
1880 3323 2037 3365 suam

2137 3307 2369 3370 ὅτι,τάς
2416 3308 2688 3374 τοσαύτας
2731 3309 3004 3373 κακώσεις
3054 3304 3131 3381 τῇ
3163 3310 3408 3382 ἡμετέρᾳ
3432 3312 3594 3382 γενεᾷ
3615 3328 3710 3364 τε-

456 3422 644 3467 contra
676 3413 847 3466 Deum
870 3416 1174 3474 cxacuent;
1202 3405 1665 3479 quemadmodum
1692 3404 1795 3457 hac
1818 3414 2039 3471 quoque
2136 3399 2401 3470 τήρηκεν.

455 3516 611 3559 aetate
663 3503 867 3558 multos
926 3501 1217 3555 ostendere
1270 3499 1416 3560 licet,
1480 3496 1575 3566 qui
1639 3492 1875 3549 nefanda
1946 3490 2036 3544 illa
2073 3488 2239 3554 mala,
2295 3504 2419 3557 qua:
2467 3504 2531 3543 ex
2594 3488 2850 3545 Barbaris
2898 3491 2992 3560 qui
3055 3492 3111 3545 in
3205 3492 3437 3547 circuitu
3510 3492 3715 3563 degunt

456 3596 786 3660 inieruutur,
819 3611 964 3664 aegro
992 3602 1044 3648 et
1076 3592 1264 3663 iniquo
1294 3593 1480 3645 animo
1505 3589 1761 3651 ferentes,
1823 3585 2063 3641 divinam
2141 3582 2437 3636 bonitatem
2505 3583 2813 3654 iniquitatis
2866 3585 3188 3640 insimulare
3256 3599 3363 3639 non
3420 3596 3712 3648 verentur;

454 3691 610 3761 quasi
654 3697 731 3742 tut
782 3687 905 3741 illas
958 3692 1251 3753 tantasque
1308 3682 1633 3737 alllictioues
1668 3689 1868 3735 nostrze
1908 3677 2036 3731 huic
2074 3675 2409 3743 generalioni
2443 3692 2724 3732 reservare
2754 3692 2863 3730 non
2900 3676 3171 3731 debuerit.

1108 3794 1261 3852 CAP.
1316 3795 1381 3849 L.
2059 3774 2105 3836 C

2059 3774 2105 3836 C
2714 3770 2990 3843 ΚΕΦΑΛ.
3024 3785 3107 3841 N'.

456 3915 528 3971 (It
580 3930 671 3986 per
719 3914 960 3985 quintam
1002 3909 1215 3980 plagam
1270 3907 1449 3989 hestia:
1512 3920 1730 3976 regnum
1780 3903 2035 3957 obscura-

1112 3990 1224 4033 tum
1260 3987 1350 4032 sit.

2143 3904 2344 3969 Ὅπως
2392 3903 2493 3959 διὰ
2550 3904 2674 3985 τῆς
2703 3904 2981 3973 πέμπτης
3019 3903 3311 3977 [πληγῆς]
3354 3904 3392 3973 ἠ
3420 3905 3710 3971 βασιλεία

2570 3992 2678 4028 του
2712 3976 2920 4041 θηρίου
2941 3974 3290 4034 σκοτίζεται.

528 4115 667 4183 XVI,
705 4115 793 4181 10,
838 4114 925 4170 Η.
965 4111 1033 4165 Et
1071 4112 1287 4182 quintus
1333 4107 1547 4179 angelus
1576 4106 1762 4175 e/Tudit
1796 4104 2035 4175 phialam

2208 4107 2320 4161 Kal
2372 4109 2406 4160 ό
2457 4106 2723 4175 πέμπτος
2775 4105 3031 4175 ἅγγελος
3070 4104 3277 4174 ἐξέχεε
3315 4106 3432 4175 τὴν
3482 4106 3711 4181 φιάλην

456 4228 610 4266 suam
640 4225 796 4279 super
816 4208 991 4262 sedem
1020 4204 1307 4266 bestiam“
1335 4201 1537 4271 factum
1570 4210 1646 4255 est
1679 4214 1895 4269 mgnum
1920 4198 2034 4267 ejus

2135 4196 2326 4253 αὐτοῦ
2361 4197 2459 4251 ἐπι
2500 4197 2605 4251 τοῦ
2659 4198 2875 4265 θρόνου
2907 4197 3014 4251 τοῦ
3058 4199 3298 4266 θηρίον’
3334 4199 3431 4255 καί
3476 4199 3711 4271 ἐγένετο

458 4305 826 4368 tenebrosum;
856 4312 906 4356 et
933 4296 1507 4354 commanducaverunt
1543 4294 1751 4363 linguas
1781 4310 1907 4347 suas
1927 4307 2037 4361 pra:

2137 4293 2176 4359 ἡ
2196 4291 2487 4356 ,ϐασιλεία
2518 4290 2707 4346 αὐτοῦ
2754 4291 3155 4361 ἐσκοτωμένη
3174 4308 3189 4323 ο
3224 4292 3323 4346 καὶ
3354 4294 3708 4363 ἐμασσῶντο

456 4401 660 4461 dolore,
688 4406 736 4449 et
769 4386 1261 4463 blasphemaueruut
1287 4388 1455 4442 Deum
1486 4386 1604 4441 caeli
1630 4402 1742 4454 pra'
1765 4384 2037 4439 doloribus

2137 4383 2245 4449 τὰς
2270 4381 2555 4450 γλώσσας
2584 4380 2784 4436 αὐτῶν
2809 4382 2877 4436 ἐκ
2931 4383 3034 4438 τοῦ
3076 4385 3298 4437 πόνου’
3345 4385 3442 4439 καὶ
3492 4385 3710 4441 ἐϐλασ-

456 4494 567 4545 suis
616 4502 663 4544 et
713 4487 977 4541 ulceribus
1009 4487 1160 4550 suis;
1190 4494 1240 4538 et
1285 4499 1390 4538 non
1428 4489 1644 4552 egerunt
1675 4478 2036 4547 plenilunium

2138 4472 2433 4540 φήμησαν
2454 4471 2560 4525 τὸν
2587 4473 2736 4525 Θεὸν
2763 4473 2870 4527 τοῦ
2914 4475 3180 4542 οὐρανοῦ
3230 4474 3299 4528 ἐκ
3350 4475 3470 4528 τῶν
3510 4478 3712 4535 πόνων

458 4587 521 4636 de
558 4580 803 4651 operibus
834 4579 968 4632 suis.

2138 4560 2339 4614 αὐτῶν
2365 4561 2465 4614 καὶ
2496 4560 2609 4633 [ἐκ]
2661 4562 2780 4617 τῶν
2820 4563 3016 4617 ἑλκῶν
3057 4562 3291 4618 αὐτῶν’
3326 4566 3425 4621 καὶ
3475 4568 3548 4620 οὐ
3573 4581 3709 4635 μετ-

2136 4653 2406 4718 ενόησαν
2440 4652 2509 4707 ἐκ
2542 4652 2656 4708 τῶν
2678 4653 2868 4725 ἔργων
2891 4654 3112 4711 αὐτῶν.

533 4756 729 4811 Phiala
757 4769 923 4824 super
946 4752 1136 4808 bestia:
1168 4749 1353 4807 sedem
1378 4746 1571 4811 eiiusa,
1603 4741 1869 4813 ejusmodi
1898 4740 2034 4795 iram

2209 4746 2283 4808 Τὸ
2324 4746 2643 4818 ὲπιχεθῆναι
2697 4748 2797 4816 τὴν
2852 4747 3084 4817 φιάλην
3111 4748 3206 4802 ἐπὶ
3244 4750 3339 4803 τὸν
3369 4748 3464 4803 τοῦ
3518 4749 3708 4819 θηρίου

461 4865 628 4920 super
676 4846 1002 4903 Antichristi
1036 4858 1268 4914 regnum
1303 4849 1593 4897 venturam
1647 4836 1871 4898 iudicat,
1913 4848 2038 4904 quae

2139 4838 2352 4911 θρόνον,
2382 4838 2641 4909 σημαίνει
2687 4837 2749 4891 τὸ
2776 4838 2870 4891 ἐπὶ
2923 4838 3022 4909 τὴν
3054 4837 3332 4908 βασιλείαν
3371 4839 3468 4892 τοῦ
3531 4840 3708 4893 Ἀντι-

462 4943 595 4997 illud
624 4942 841 5013 penitus
860 4941 1247 5003 obscuratum,
1274 4934 1562 5005 palamque
1578 4931 1833 4988 omnibus
1853 4938 2037 4984 osten-

2138 4930 2359 5001 χρίστου
2392 4930 2489 5002 τὴν
2520 4928 2779 4998 τοιαύτην
2810 4926 2980 4999 ὀργὴν
3010 4928 3319 4999 ἐκκεῖσθαι,
3352 4930 3448 4982 καὶ
3495 4929 3711 4983 ὲσκοτι-

459 5049 590 5091 sura
645 5037 738 5100 sit,
794 5032 941 5089 Solis
986 5031 1216 5100 iustitiae
1264 5029 1387 5082 luce
1448 5040 1675 5095 prorsus
1712 5022 2033 5079 destitutum

2144 5020 2351 5093 σμένην
2379 5018 2715 5083 δείκνυσθαι,
2751 5019 2845 5072 ἆτε
2878 5018 3097 5089 ἀφεγγῆ
3128 5018 3207 5087 τῷ
3234 5020 3332 5090 τῆς
3363 5018 3711 5089 δικαιοσύνης

457 5145 599 5186 esse.
637 5128 807 5187 Porro
834 5136 1017 5181 autem
1055 5124 1359 5195 linguarum
1390 5117 1865 5176 commanducatio,
1898 5114 2033 5169 emi-

2149 5114 2316 5184 Ἡλίῳ
2340 5114 2733 5184 τυγχάνουσαν.
2776 5112 2840 5166 Ἡ
2862 5112 2921 5165 δὲ
2950 5110 3070 5165 τῶν
3100 5111 3398 5181 γλωσσῶν
3438 5111 3712 5181 μάσησις

467 5230 686 5278 rientem
720 5220 932 5276 doloris
971 5215 1404 5287 magnitudinem
1441 5212 1680 5268 denotat.
1723 5207 1821 5263 llic
1846 5214 2028 5261 autem

2140 5206 2240 5279 τὴν
2275 5204 2583 5278 ὑπερϐολὴν
2620 5203 2717 5273 τῆς
2746 5202 2937 5273 ὀδύνης
2968 5201 3141 5273 δηλοῖ,
3268 5203 3318 5254 οἱ
3350 5201 3712 5272 πλανηθέντες

459 5315 580 5369 ideo
612 5311 867 5378 infertur,
902 5325 1013 5381 quo
1055 5308 1125 5363 ab
1162 5312 1411 5377 apostata
1474 5300 1705 5364 seducti,
1744 5298 1916 5370 plagis
1952 5297 2032 5351 di-

2142 5299 2234 5354 ὑπ’
2262 5298 2427 5352 αὑτοῦ
2456 5295 2979 5367 κατασχεθήσονται,
3006 5294 3113 5347 ὑπὸ
3134 5293 3245 5346 τῶν
3275 5292 3552 5361 θεηλάτων
3571 5292 3710 5365 πλη-

459 5410 664 5465 vinitus
708 5408 877 5464 illatis
925 5404 1193 5461 admoniti
1236 5400 1666 5460 confundantur,
1702 5391 2032 5463 confusique

2138 5392 2251 5461 γῶν
2281 5388 2669 5462 μαστιζόμενοι
2696 5403 2710 5419 ⁸
2746 5389 2893 5450 ὅπως
2926 5387 3014 5452 ἃν,
3055 5386 3277 5453 γνόντες
3320 5385 3403 5439 ὅτι
3432 5384 3711 5456 ἀπατηλός

461 5504 817 5574 impostorem
847 5510 904 5556 et
931 5500 1281 5557 seductorem
1305 5495 1525 5551 tandem
1555 5489 1849 5562 aliquando
1878 5489 2028 5543 illum

2140 5484 2286 5536 ἐστιν
2317 5484 2345 5535 ὁ
2377 5481 2509 5551 παρ’
2536 5479 2716 5533 αὐτῶν
2743 5479 2818 5543 ὼς
2849 5478 2983 5543 Θεὸς
3034 5478 3418 5548 δοξαζόμενος,
3443 5476 3544 5549 τῆς
3571 5476 3711 5531 πλά-

461 5612 586 5677 esse
611 5605 931 5667 agnoscant,
964 5608 1127 5665 quem
1160 5591 1254 5645 Dei
1289 5589 1410 5646 loco
1435 5586 1722 5645 coluerant
1751 5592 1806 5637 et
1842 5580 2032 5635 obser-

2140 5592 2237 5650 νης
2271 5573 2611 5627 παύσωνται.
2648 5572 2712 5625 Οἱ
2748 5572 2829 5635 δὲ,
2886 5570 3008 5625 οὐδὲ
3052 5569 3305 5623 ἐντεῦθεν
3364 5568 3501 5640 πρὸς
3545 5568 3710 5637 μετά-

2616 5662 2630 5677 .
2724 5662 2773 5677 ,μ
2991 5662 3002 5677 .
3102 5659 3118 5677 τ
3178 5661 3256 5677 ..μ
3331 5659 3351 5677 1
3512 5660 3659 5677 _.__,

459 5659 703 5755 vlt-rant;
736 5703 911 5759 eaque
938 5686 1152 5742 ratione
1183 5683 1255 5738 ab
1283 5695 1470 5736 errore
1511 5677 1796 5733 desistant.
1830 5672 2029 5727 Verum

2139 5682 2307 5730 νοιαν,
2364 5662 2501 5718 ἀλλὰ
2535 5662 2672 5732 πρὸς
2722 5662 3074 5732 βλασφημίαν
3102 5659 3351 5732 [μᾶλλον]
3397 5660 3714 5730 τραπήσοκ-

463 5782 535 5836 ita
568 5780 870 5851 comparati
902 5788 1064 5835 erunt
1101 5774 1307 5835 miseri.
1354 5781 1413 5827 ut
1448 5771 1578 5825 hinc
1606 5768 1670 5822 ad
1706 5765 1952 5822 convicia
1977 5772 2033 5818 et

2136 5775 2248 5811 ται.
2303 5754 2389 5827 [El
2430 5754 2487 5807 δὲ
2533 5747 2678 5807 οὗτοι
2734 5754 2794 5806 ὲν
2823 5756 2891 5824 τῇ
2935 5753 3046 5806 τῶν
3112 5753 3397 5823 μαστίγων
3443 5750 3708 5819 ἐπαγωγῇ

461 5872 628 5927 verba
658 5872 715 5927 in
753 5870 919 5926 Deum
953 5867 1269 5940 biaspbema
1317 5863 1500 5935 potius
1533 5875 1656 5918 sese
1684 5863 2028 5919 convertant,

2138 5850 2276 5921 πρὸς
2300 5846 2650 5919 βλασφημίαν
2677 5844 3104 5918 τραπήσονται,]
3135 5846 3227 5899 καὶ
3262 5846 3313 5898 oi
3348 5846 3404 5897 ἐν
3438 5844 3552 5905 τοῖς
3576 5857 3707 5895 κατι-
