4034 6574
391 353 492 418 36Ἰ
1545 351 1875 413 ANDRE/E
1911 351 2430 415 CIESARIENSIS
2947 350 2963 368 '
3545 350 3651 414 368

389 478 527 532 tare,
555 465 940 534 da'monesque
970 463 1236 534 malignos
1261 462 1501 531 vincere,
1532 465 1783 533 adeoque
1815 475 1972 520 teter—

2086 467 2430 524 i-xteirwc'tr
2445 472 2499 524 οι
2516 469 2729 524 δίκαιοι
2747 469 2816 524 ἐν
2830 468 3106 539 ἀνομίαις
3121 467 3327 537 χεῖρας
3341 467 3420 522 αὐ
3431 464 3563 530 τῶν.
3576 467 3651 532 ὼς

391 561 475 614 nis
505 560 663 614 bonis
694 559 881 629 potiri,
938 557 990 611 id
1023 558 1076 611 iu
1123 557 1278 612 nobis
1308 566 1391 612 est
1432 559 1692 628 positum.
1748 562 1817 614 At
1875 559 1970 629 qui

2086 555 2306 623 ὶμίκτου
2332 557 2498 630 οὔσης
2533 559 2715 614 αὐτῶν
2742 561 2842 630 τῆς
2864 558 3012 629 ζωῆς
3032 575 3046 591 ο
3075 559 3136 611 οὐ
3167 558 3328 628 μόνον
3353 558 3440 612 διὰ
3456 559 3519 611 τὸ
3541 557 3652 612 τῶν

389 655 697 706 ιΙιιιιιιυιιιιιιι
749 650 1048 704 insultihus
1102 649 1494 716 succumbunt,
1537 651 1661 705 illos
1713 651 1872 704 dolor
1919 659 1973 704 ct

2086 648 2204 701 Βίων
2258 651 2459 720 ἀμιγὲς
2511 653 2607 705 καὶ
2659 651 3058 722 ἀκατάλληλον,
3095 651 3173 713 ὡς
3204 651 3436 714 ἕκαστος
3469 653 3650 704 ἐπολι-

361 751 598 800 ‘mmror
627 745 820 812 ingens
851 759 954 796 'ton
993 751 1170 812 potest
1197 758 1303 795 tton
1329 742 1600 796 comitari.
1631 741 1828 794 Verum
1859 755 1974 810 p03-

2086 738 2332 807 ιεύσατο·
2370 739 2506 794 ἀλλὰ
2529 741 2625 793 καὶ
2657 740 2833 794 διὰ-τὸ
2864 740 3071 811 ἀραρὸς
3099 741 3158 792 ὲν
3190 740 3268 811 τῷ
3309 740 3502 812 ἀγαθῷ
3549 743 3644 794 καὶ

391 838 621 890 nitentia
655 847 706 888 et
744 835 921 889 threri
975 833 1116 903 apud
1175 850 1270 887 eos
1307 832 1400 903 qui
1447 832 1799 902 sempiternis
1841 847 1970 887 cru-

2086 831 2292 897 πάγιον,
2322 831 2462 902 μήτε
2493 834 2559 903 τῇ
2589 833 2844 904 ἐπιμιξία
2873 831 2967 886 τοῦ
2999 833 3243 904 χείρονος
3279 834 3419 904 πρὸς
3461 835 3650 905 ἁμαρο

388 927 624 981 eiatilms
660 927 772 996 jam
808 925 1102 994 mancipati
1142 924 1435 989 habemur,
1471 939 1696 992 prorsus
1741 921 1968 979 inutiles

388 1029 535 1076 smit.
571 1019 702 1073 Nam
736 1019 877 1089 apud
923 1017 1128 1073 inferos
1183 1018 1328 1070 nulla
1363 1025 1445 1071 est
1485 1015 1810 1085 redemptio,
1868 1031 1969 1072 nec

393 1113 538 1168 ullus
567 1113 641 1166 ibi
673 1111 989 1176 Dominum,
1015 1111 1167 1180 juxta
1215 1107 1590 1170 Psalmi~tam,
1633 1108 1967 1171 conﬁtetur;

2074 922 2196 975 τίαν
2239 922 2632 994 ἑρεθιζομένης
2668 925 2768 995 τῆς
2813 925 3019 978 τούτων
3062 925 3462 996 προαιρέσεως,
3512 930 3650 995 μήτε

2073 1010 2332 1082 ἀσθενείᾳ
2371 1013 2575 1082 σαρκὸς
2621 1015 2655 1088 ἦ
2709 1013 2920 1085 τροπῆς
2969 1015 3121 1085 φόϐῳ
3157 1015 3256 1085 τὴν
3310 1015 3652 1086 εὐφροσύνην

2071 1103 2430 1174 ὲλαττούσης,
2463 1105 2602 1160 ἀλλὰ
2629 1105 2848 1176 βέϐαιον
2875 1105 3016 1160 κατὰ
3041 1107 3176 1159 Θεὸν
3206 1107 3652 1178 κληρονομούσης

389 1209 592 1278 quippe
640 1223 766 1261 cum
828 1205 1064 1275 Spiritus
1114 1203 1286 1256 sancti
1347 1201 1682 1267 subsidium,
1724 1203 1872 1272 quod
1912 1202 1968 1256 in

2086 1196 2130 1248 ιο
2149 1197 2438 1265 ἄτρεπτον.
2468 1199 2577 1250 Καὶ
2602 1197 2776 1251 ταῦτα
2802 1199 2902 1268 μὲν
2929 1197 3090 1269 μέχρι
3117 1199 3307 1252 τούτου
3335 1199 3472 1268 πρὸς
3488 1200 3652 1271 ἔτερα

393 1304 493 1356 hac
547 1301 760 1354 mortali
816 1299 924 1352 vita
987 1295 1182 1349 adesse
1212 1295 1373 1357 solet,
1430 1294 1811 1350 condemnatis
1849 1309 1969 1348 am-

2086 1289 2164 1340 τοῦ
2194 1288 2356 1356 λόγου
2389 1291 2700 1360 τρέχοντος,
2733 1290 2878 1360 ἅπερ
2929 1291 3310 1362 καθυπέσχετο
3331 1308 3344 1321 ⁸
3397 1293 3562 1362 ἡμεῖς
3593 1291 3651 1344 δὲ

392 1395 533 1460 phus
559 1408 666 1444 non
702 1392 862 1444 adsit.
897 1388 1218 1441 Divideutur
1248 1389 1419 1450 enim,
1468 1396 1527 1440 ut
1561 1387 1639 1440 ait
1690 1386 1966 1449 Christus,

2086 1386 2180 1440 τῶν
2214 1387 2341 1457 ἑξῆς
2363 1387 2641 1458 ἐχώμεθα.

388 1507 416 1542 a
456 1488 672 1542 viviﬁco
710 1488 800 1540 illo
856 1486 1084 1556 Spiritu,
1119 1499 1281 1555 quem
1317 1485 1419 1554 ipsi
1467 1483 1667 1554 injuria
1728 1494 1781 1538 et
1823 1484 2155 1538 contumelia
2223 1484 2543 1551 all'ecerant,
2605 1499 2869 1556 perpetuo
2930 1486 3128 1542 avulsi.
3179 1488 3354 1556 Atque
3410 1486 3477 1541 ad
3511 1485 3656 1540 hunc

390 1599 608 1635 sensum
639 1579 1121 1648 Psalmographum
1169 1587 1445 1648 spectasse
1486 1578 1840 1639 arbitramur,
1887 1591 2012 1630 cum
2053 1576 2164 1631 ait:
2205 1576 2468 1643 Quoniam
2523 1594 2625 1632 non
2654 1579 2914 1650 relinquet
2965 1579 3218 1632 Dominus
3273 1579 3477 1648 virgam
3530 1592 3654 1647 pec-

389 1681 627 1725 catorum
651 1687 810 1742 super
847 1678 1039 1724 sortem
1057 1669 1352 1739 justorum,
1384 1685 1447 1722 ne
1469 1669 1753 1722 extendant
1780 1665 1916 1736 justi
1955 1666 2025 1719 ad
2072 1668 2407 1738 iniquitatem
2460 1685 2648 1722 manus
2687 1686 2830 1724 suas.
2889 1668 3074 1740 Neque
3119 1671 3263 1724 enim
3303 1670 3496 1723 horum
3528 1677 3654 1722 cum

391 1766 608 1819 illorum
651 1764 757 1816 vita
791 1762 1006 1817 misceri
1053 1770 1269 1830 potest;
1310 1777 1416 1813 non
1485 1761 1660 1813 solum
1719 1762 1849 1830 quia
1879 1761 2137 1830 operibus
2169 1761 2310 1814 inter
2373 1777 2432 1816 se
2500 1777 2609 1816 non
2673 1765 3103 1829 communicant,
3160 1779 3335 1832 neque
3389 1761 3656 1827 morilms,

389 1863 592 1932 quibus
624 1859 858 1930 quisque
898 1857 1089 1919 utitur.
1125 1855 1512 1917 consentiunt;
1553 1869 1742 1908 verum
1792 1853 1957 1908 etiam
1998 1854 2126 1924 quia
2156 1854 2292 1924 justi
2319 1856 2587 1910 concinne
2657 1856 3097 1926 inconcusscque
3157 1857 3302 1910 bono
3333 1856 3656 1919 adhaerent,

391 1975 566 2027 neque
591 1958 808 2011 illorum
863 1953 1117 2007 voluntas
1199 1949 1442 2018 cujusvis
1502 1950 1632 2004 muli
1685 1948 2014 2003 admistione
2051 1950 2120 2004 ad
2189 1961 2477 2020 peccatum
2527 1951 2816 2018 irritatur;
2875 1967 3050 2022 neque
3099 1952 3286 2006 carnis
3338 1952 3658 2005 inﬁrmitate

388 2053 694 2122 frangitur,
738 2063 915 2118 neque
983 2043 1308 2100 mutationis
1365 2041 1660 2096 formidine
1717 2041 1960 2096 laetitiam
2037 2041 2380 2099 diminueute
2439 2045 2715 2105 turbatur.
2748 2045 2842 2100 sed
2902 2045 3295 2100 immutabilem
3337 2043 3391 2098 iu
3425 2044 3533 2098 Deo
3569 2045 3660 2098 lir-

388 2152 634 2204 mitatem
692 2145 940 2199 sortitur.
992 2141 1058 2195 Et
1109 2141 1224 2196 haec
1273 2139 1563 2209 hactenus,
1603 2139 1854 2194 oratione
1887 2139 1955 2194 ad
1995 2139 2102 2195 alia
2143 2141 2352 2212 dilapsa
2397 2159 2410 2195 :
2456 2156 2604 2196 nunc
2644 2140 2852 2211 reliqua
2900 2139 3094 2195 ordine
3133 2153 3548 2210 persequamur.

946 2279 1054 2350 72
1081 2275 1308 2334 CAPUT
1365 2276 1448 2331 LI.

395 2400 460 2457 Ut
489 2417 580 2470 per
605 2406 815 2470 sextam
843 2393 1196 2470 phialumpia
1220 2390 1508 2470 Euphratis
1541 2391 1809 2460 pandetur
1837 2392 1944 2460 regi
1963 2420 1976 2430 -

800 2463 894 2520 bus
918 2470 982 2518 ab
1021 2465 1222 2518 oriente
1256 2463 1601 2516 venientibus.

461 2665 607 2732 XVI,
645 2667 729 2720 12.
775 2663 838 2718 Et
869 2674 1052 2718 sextus
1083 2661 1301 2732 angelus
1330 2659 1520 2729 effudit
1554 2658 1791 2726 phialam
1826 2674 1977 2711 suam

395 2762 451 2814 iu
482 2760 680 2830 ﬂumen
728 2756 864 2810 illud
917 2770 1167 2824 magnum
1203 2751 1527 2820 Euphratem
1553 2767 1572 2813 ;
1599 2763 1645 2804 et
1677 2751 1875 2804 siccata
1899 2758 1978 2806 est

393 2872 532 2924 aqua
586 2853 720 2922 ejus,
785 2862 841 2903 ut
901 2858 1299 2919 prwpararetur
1343 2847 1426 2899 via
1473 2844 1682 2916 regibus
1733 2845 1800 2897 ab
1856 2854 1978 2898 ortu

393 2947 548 3003 solis.

467 3038 694 3094 Flumen
730 3035 1037 3105 Euphrates
1063 3032 1251 3088 divino
1295 3041 1432 3085 nutu
1477 3029 1550 3083 ita
1589 3026 1850 3082 fortassis
1880 3041 1977 3081 va-

393 3136 590 3188 dosum
623 3144 917 3185 evasurutn
946 3136 1050 3194 est,
1084 3136 1144 3181 ut
1175 3125 1421 3196 gentium
1473 3122 1698 3194 regibus
1742 3121 1810 3175 ad
1851 3135 1978 3174 mu-

396 3237 546 3280 tuam
596 3223 835 3290 cmdem,
907 3222 1260 3292 aliorumque
1320 3217 1605 3273 hominum
1671 3213 1977 3279 interitum,

395 3316 744 3373 commodum
778 3315 1066 3369 transitum
1102 3312 1359 3382 pra-heat.
1391 3310 1669 3376 Quantum
1697 3317 1881 3361 autem
1909 3320 1976 3359 ex
2015 3299 2030 3311 ’

399 3411 467 3466 iis
498 3426 621 3482 quae
650 3408 791 3464 infra
813 3424 876 3462 ea
909 3409 975 3462 de
1003 3423 1063 3462 re
1092 3407 1147 3460 in
1177 3403 1504 3475 Apocalypsi
1533 3403 1852 3462 traduntur,
1893 3398 1979 3453 di-

397 3501 638 3556 vinando
666 3498 928 3569 consequi
975 3513 1296 3566 possumus,
1349 3494 1688 3550 arbitramur
1728 3491 1980 3546 h0mines

2644 2283 2898 2336 ΚΕΦΛΛ.
2959 2280 3091 2335 NA'.

2081 2397 2282 2476 Ὅίτςυς
2306 2396 2404 2476 «Σιά
2432 2397 2543 2465 τῆς
2567 2398 2774 2476 ῥίζης
2824 2394 3112 2476 [scitust
3129 2397 3168 2465 ἡ
3192 2393 3332 2476 ῥξρς
3373 2393 3517 2476 [ἔτει]
3547 2395 3656 2449 τοῦ

2145 2468 2464 2549 Ισξὺέορὰτου
2496 2464 2621 2549 τοῖς
2657 2464 2776 2522 ἀπὸ
2827 2464 3163 2522 ’ἀνατολῶν
3199 2464 3428 2537 [villae]
3467 2464 3656 2530 ,βασι-

2149 2539 2370 2593 λεῦσιν
2391 2539 2714 2608 ἀνοίγεται.

2151 2670 2260 2726 Kal
2290 2669 2463 2735 ἕκτος
2494 2669 2748 2740 ἄγγελος
2799 2669 3004 2740 ἐξέχεε
3051 2669 3167 2738 τὴν
3210 2668 3442 2738 φιάλην
3464 2667 3657 2722 αὐτοῦ

2078 2763 2178 2816 ἐπὶ
2209 2763 2317 2816 τὸν
2341 2763 2613 2831 ποταμὸν
2642 2764 2750 2817 τὸν
2779 2762 2972 2833 μέγαν
3017 2763 3125 2817 τὸν
3162 2761 3485 2832 Εὐφράτην
3504 2779 3521 2794 ·
3557 2761 3655 2814 καὶ

2079 2853 2381 2924 ἐξηράνθη
2428 2853 2496 2908 τὸ
2535 2854 2691 2922 ὕδωρ
2719 2853 2928 2918 αὑτοῦ,
2957 2855 3058 2908 ἵνα
3100 2852 3425 2923 ἑτοιμασθῇ
3451 2853 3490 2920 ὴ
3518 2852 3654 2918 ὁδὸς

2080 2945 2201 3001 τῶν
2220 2945 2534 3011 βασιλέων
2563 2945 2680 2998 τῶν
2705 2946 2822 2999 ἀπὸ
2843 2945 3150 3014 ἀνατολῆς
3174 2945 3375 3012 ἡλίου.

2153 3037 2313 3100 Εἰκὸς
2337 3038 2430 3091 τὸν
2472 3037 2768 3108 Εὐφράτην
2812 3037 3060 3108 ποταμὸν
3098 3037 3240 3092 κατὰ
3271 3037 3424 3090 θείαν
3449 3037 3658 3106 συγχὼο

2084 3145 2242 3198 ρησιν
2287 3127 2661 3199 ὀλιγούμινον.
2710 3131 2822 3192 τοῖς
2863 3127 3146 3198 βασιλεῦσι
3178 3127 3290 3182 τῶν
3323 3128 3493 3183 ἐθνῶν
3521 3129 3661 3182 διδό-

2081 3238 2168 3271 ναι
2210 3219 2444 3290 πάροδον
2479 3219 2560 3283 εἰς
2595 3219 2698 3290 τὴν
2726 3219 2851 3273 κατ’
2905 3218 3157 3292 ἀλλήλων
3189 3220 3283 3273 καὶ
3314 3221 3522 3274 λοιπῶν
3564 3222 3660 3275 ἀν-

2082 3311 2318 3380 θρώπων
2349 3311 2724 3382 ὲξολὸθρευσιν
2745 3327 2762 3344 ·
2796 3311 2893 3374 οὒς
2923 3313 2989 3366 ὲκ
3013 3312 3124 3366 τῶν
3153 3311 3439 3366 Σκυθικῶν
3473 3313 3664 3385 μερῶν

2082 3404 2146 3458 ὲκ
2178 3404 2276 3474 τῆς
2304 3403 2398 3458 τοῦ
2423 3404 2558 3472 Γὼγ
2577 3403 2674 3458 καὶ
2704 3402 2922 3474 Martin-
2946 3404 3170 3474 μνήμης
3207 3405 3479 3458 κινεῖσθαι
3501 3405 3659 3475 νομι-

2083 3496 2271 3565 ζομεν,
2304 3494 2446 3549 κατὰ
2474 3495 2536 3548 τὸ
2573 3497 2632 3548 ὲν
2664 3496 2777 3559 τοῖς
2807 3496 3040 3549 κατόπιν
3086 3497 3146 3548 ἐν
3179 3499 3244 3566 τῇ
3291 3497 3663 3566 Ἀποκαλύψει

401 3594 524 3648 illos
551 3591 662 3662 Gog
691 3601 744 3644 et
773 3590 967 3660 Magog
1001 3588 1319 3643 nominibus
1352 3586 1694 3655 designatos,
1725 3599 1790 3636 ex
1843 3580 1980 3653 Scy-

2086 3586 2406 3656 φερόμενον.
2459 3584 2618 3648 Εἰκὸς
2651 3585 2709 3639 δὲ
2757 3585 2852 3639 καὶ
2904 3584 2998 3639 τὸν
3041 3585 3412 3657 Ἀντῑχριστον
3438 3587 3504 3640 ἐκ
3548 3587 3659 3639 τῶν

403 3689 621 3740 tharum
685 3683 904 3750 regione
936 3690 1200 3734 tnnturos.
1234 3678 1377 3744 Quin
1422 3691 1551 3730 vero
1593 3688 1814 3745 quoque
1847 3687 1982 3728 con-

402 3787 722 3831 sentancum
781 3773 1119 3826 arbitramur
1172 3770 1569 3823 Antichristum
1614 3783 1681 3821 ex
1729 3765 1982 3822 orientali

404 3868 642 3933 Perside,
698 3866 762 3918 ad
805 3879 970 3932 quam
1021 3863 1196 3917 tribus
1241 3861 1375 3924 Dan,
1431 3877 1461 3914 c
1492 3875 1598 3930 qua
1657 3868 1839 3914 ortum
1895 3858 1984 3912 ille

401 3963 671 4015 ducturus
695 3958 918 4022 dicitur,
961 3957 1208 4024 ablegata
1235 3965 1340 4015 est.
1371 3970 1479 4008 una
1501 3970 1625 4007 cum
1658 3953 1784 4007 aliis
1835 3952 1981 4021 regi-

402 4053 506 4107 bus
529 4063 576 4104 et
608 4049 952 4122 principibus
1000 4048 1209 4116 regium
1245 4060 1443 4099 nomen
1472 4043 1703 4111 adeptis,
1734 4041 1987 4112 Euphra-

405 4156 512 4200 tem
559 4142 1014 4198 transmissurum
1065 4140 1372 4208 animmque
1437 4136 1517 4189 vel
1553 4137 1802 4203 corporis
1838 4150 1984 4188 mor-

407 4248 514 4290 tem
551 4233 867 4289 hominibus
895 4232 1174 4285 illaturum
1224 4244 1239 4281 :
1295 4230 1436 4283 hanc
1484 4227 1730 4296 quidem,
1764 4233 1986 4295 propter

405 4330 529 4385 ﬁdei
577 4325 946 4382 constantiam
995 4323 1274 4394 animique
1327 4321 1748 4385 fortitudinem;
1833 4319 1982 4373 illam

404 4437 556 4485 vero,
597 4431 817 4491 propter
847 4418 1117 4488 ignaviam
1146 4416 1423 4484 animique
1447 4415 1754 4469 mollitiem.

477 4510 619 4576 XVI,
654 4510 738 4566 l5.
777 4509 843 4564 Et
869 4509 976 4563 vidi
1001 4524 1066 4563 ea:
1092 4524 1181 4562 ore
1208 4506 1479 4571 draconis,
1515 4515 1564 4558 et
1591 4519 1657 4558 ea:
1694 4517 1782 4556 ore
1809 4499 1987 4554 bestia:

405 4617 535 4660 etes
553 4620 642 4658 ore
655 4601 1143 4672 pseudoprophetw,
1173 4599 1317 4654 exire
1368 4609 1472 4652 tres
1499 4595 1720 4665 spiritus
1755 4593 1987 4646 immun-

404 4698 502 4752 dos
529 4697 582 4750 in
614 4695 824 4748 modum
858 4709 1134 4747 ranarum.

2089 3677 2427 3732 ἀνατολικῶν
2453 3677 2639 3748 μερῶν
2666 3679 2769 3746 τῆς
2818 3678 3096 3749 Περσικῆς
3130 3678 3254 3748 γῆς,
3287 3678 3417 3732 ἔνθα
3457 3679 3490 3748 ἡ
3518 3679 3662 3749 φυλὴ

2089 3769 2186 3822 τοῦ
2218 3768 2345 3833 Adv,
2375 3769 2440 3821 ὲκ
2471 3767 2628 3838 ῥίζης
2683 3767 2950 3838 Ἐϐραίων
2993 3766 3372 3839 ὲξερχόμενον,
3402 3769 3519 3839 ἅμα
3549 3770 3666 3823 ἑτέ-

2093 3876 2209 3930 ροις
2242 3858 2554 3930 βασιλεῦσιν
2581 3857 2614 3929 ἢ
2645 3859 2938 3928 μεγιστᾶσι
2971 3858 3250 3930 βασιλικὸν
3266 3859 3665 3932 κληρουμένοις

2091 3953 2284 4023 ὄνομα,
2325 3952 2416 4004 τὸν
2462 3951 2756 4022 Εὐφράτην
2795 3951 3175 4024 περαιοῦσθαι,
3219 3954 3253 4024 ἢ
3283 3952 3596 4023 σωματικὸν
3627 3952 3662 4024 ἢ

2090 4043 2325 4114 ψυχικὸν
2381 4043 2612 4097 θάνατον
2657 4044 2770 4108 τοῖς
2824 4043 3135 4114 ἀνθρώποις
3186 4045 3494 4110 ἑπάξονταο
3551 4047 3666 4108 τοῖς

2096 4135 2196 4202 μὲν
2238 4134 2329 4188 διὰ
2374 4135 2612 4199 πίστεως
2662 4135 2756 4188 καὶ
2793 4134 3114 4206 καρτερίας,
3157 4139 3269 4200 τοῖς
3297 4135 3357 4188 δὲ
3395 4136 3464 4190 δι’
3504 4139 3665 4191 ἀναν-

2089 4227 2244 4299 δρίας
2270 4232 2361 4283 καὶ
2391 4230 2683 4295 ἐκλύσεως.

2161 4481 2270 4536 Kal
2295 4477 2462 4536 εἶδον
2488 4481 2556 4536 ἐκ
2591 4481 2698 4536 τοῦ
2727 4484 3027 4552 στόματος
3049 4481 3155 4537 τοῦ
3178 4480 3532 4550 δράκοντος,
3564 4481 3664 4536 καὶ

2092 4573 2160 4627 ἐκ
2183 4573 2290 4627 τοῦ
2319 4575 2617 4643 στόματος
2635 4574 2741 4629 τοῦ
2761 4575 2996 4644 θηρίου,
3022 4574 3124 4629 καὶ
3147 4574 3214 4628 ἐκ
3240 4573 3349 4628 τοῦ
3369 4575 3669 4645 στόματος

1995 4707 2012 4726 ,
2094 4666 2200 4720 τοῦ
2249 4666 2757 4736 ψευδοπροφήτου
2799 4669 3110 4737 πνεύματα
3160 4668 3294 4735 τρια
3341 4666 3669 4736 ἀκάθαρτα,

1935 4758 2011 4808 ψ’
2093 4761 2238 4814 ὡσεὶ
2264 4758 2559 4829 βάτραχοι
2588 4759 3096 4832 [ἐκπορευθέντα].

476 4875 698 4930 Ethinc
745 4888 964 4944 quoque
1035 4868 1350 4924 ostenditur
1402 4864 1681 4920 diabolum
1724 4870 1984 4932 tauquam

2179 4852 2277 4904 Ἐκ
2301 4851 2357 4904 δὲ
2410 4850 2506 4905 τοῦ
2555 4852 2685 4906 ἰδεῖν
2719 4853 2784 4906 ὲκ
2829 4851 2940 4905 τῶν
2983 4851 3153 4924 τριῶν
3200 4850 3492 4922 πνεύματα
3542 4852 3671 4921 τρια

403 4972 733 5027 draconem.
789 4980 841 5020 ct
880 4943 1302 5019 rAntichristum
1357 4969 1615 5028 tanquam
1645 4957 1897 5019 bestiam,
1934 4963 1983 5006 et

2096 4943 2405 5016 ἀκάθαρτα,
2435 4943 2712 4999 δεξκνυται
2743 4944 2804 4997 ἐν
2836 4944 2953 5016 ἰδίῳ
2998 4943 3298 5015 προσώπῳ,
3343 4945 3436 4998 τόν
3464 4961 3526 4998 τε
3553 4944 3669 4997 διά-

405 5059 950 5132 psendoprophetam
981 5065 1244 5124 tanquam
1272 5051 1440 5106 alium
1471 5048 1788 5120 (prerupiam
1812 5045 1883 5102 ah
1932 5045 1989 5100 ilo

2097 5039 2255 5093 ϐολον
2281 5039 2353 5102 ὡς
2383 5037 2674 5109 δράκοντα,
2703 5037 2797 5091 τόν
2838 5053 2899 5090 τε
2961 5037 3332 5107 Ἀντίχριστον
3353 5036 3430 5099 ὡς
3459 5035 3670 5106 θηρίον,

414 5158 480 5211 iis
532 5156 835 5215 diversum,
895 5165 988 5219 per
1031 5165 1091 5202 se
1146 5160 1398 5200 seorsum
1460 5141 1901 5197 continen’mrari.
1950 5143 1983 5197 E

2095 5130 2188 5183 τόν
2239 5146 2300 5183 τε
2360 5129 2819 5200 ψευδοπροφήτην
2877 5127 2953 5192 ὡς
3005 5127 3194 5198 ἕτερον
3240 5125 3396 5198 παρὰ
3448 5125 3672 5189 τούτους

395 5249 616 5320 quibus
637 5246 814 5301 tribus
855 5253 965 5295 tres
1008 5238 1276 5293 immundi
1317 5235 1549 5306 spiritus
1607 5235 1754 5287 ranis
1786 5233 1983 5288 similes

2101 5219 2558 5292 μνημονεύεσθαι.
2629 5219 2717 5286 Ἐξ
2765 5215 2840 5274 ὧν
2894 5235 3061 5291 φησιν
3115 5217 3332 5271 ἐοικότα
3381 5216 3674 5287 βατράχοις

408 5341 659 5396 exibant.
695 5334 1086 5389 Assimilantur
1113 5338 1301 5384 autem
1364 5326 1536 5389 ranis,
1571 5335 1795 5396 propter
1841 5325 1995 5378 viru-

415 5438 646 5493 lentum,
669 5431 1015 5487 obscoenum,
1032 5432 1085 5477 et
1106 5421 1446 5476 immundum
1469 5421 1688 5474 illorum
1719 5417 1995 5482 affectum,

2101 5309 2275 5385 [τρία]
2311 5310 2706 5382 ἐκπορεύεσθαι
2740 5309 3029 5381 πνεύματα
3055 5326 3069 5342 ο
3102 5309 3190 5363 διὰ
3220 5310 3282 5362 τὸ
3309 5307 3462 5372 ἰῶδες
3491 5308 3674 5362 αὐτῶν

2101 5405 2197 5458 καὶ
2246 5404 2580 5475 βορϐορῶδες
2613 5405 2711 5460 καὶ
2748 5402 3078 5474 ἀκάθαρτον,
3137 5402 3237 5456 καὶ
3265 5401 3404 5473 πρὸς
3449 5400 3550 5465 τὰς
3589 5399 3674 5454 δι-

416 5537 629 5582 necnon
688 5522 758 5574 ob
786 5515 1164 5585 serpentinum
1224 5513 1587 5578 malignarum
1617 5511 1879 5565 virtut-um
1930 5524 1980 5563 οι

2101 5500 2301 5570 ύγρους
2327 5497 2518 5571 ἡδονὰς
2551 5497 2883 5568 ὲρπυστικδν
2921 5496 3031 5550 τῶν
3068 5497 3321 5568 πονηρῶν
3350 5495 3636 5566 δυνάμεων
3655 5509 3669 5524 ο

406 5628 671 5672 caenosas
698 5582 1008 5676 voluptates
1052 5603 1318 5658 studium.
1353 5601 1420 5656 lli
1481 5615 1646 5672 porro
1683 5599 1914 5662 diaboli,
1945 5614 1983 5653 el

2097 5591 2154 5647 αἳ
2186 5593 2298 5654 τοῖς
2343 5589 2440 5643 τοῦ
2479 5587 2725 5643 διαϐόλου
2772 5589 2866 5641 καὶ
2903 5587 2998 5642 τοῦ
3042 5587 3417 5658 ’Λντιχρίστου
3448 5587 3544 5639 καὶ
3578 5582 3671 5637 τοῦ

417 5701 842 5780 pseudoehristi,
910 5707 962 5750 et
1020 5695 1506 5767 pseudoprophctte
1557 5692 1824 5762 spiritus,
1881 5690 1996 5744 sola

417 5799 683 5876 fossione,
718 5811 840 5868 qua-
871 5808 964 5865 per
990 5807 1044 5846 os
1067 5790 1432 5862 signiﬁcatur,
1463 5786 1646 5842 fucata
1689 5787 1846 5856 signa
1890 5783 1994 5838 fal-

2095 5684 2544 5756 ψευδοπροφήτου
2573 5681 2962 5752 προστάγμασι
2991 5683 3103 5744 τοῖς
3135 5679 3557 5751 σημαινομένοις
3587 5675 3673 5731 διὰ

2095 5777 2189 5832 τοῦ
2225 5777 2512 5847 στόματος,
2546 5773 2803 5846 ἀπατηλὰ
2842 5776 3045 5846 σημεῖα
3079 5773 3174 5828 καὶ
3194 5773 3400 5845 τέρατα
3428 5773 3540 5834 τοῖς
3569 5770 3663 5823 ἀνι
