4042 6632
333 511 440 575 369

1288 489 1894 567 COMMENTARIUS
1933 501 2017 564 IN
2056 496 2601 562 APOCALYPSIN.

3479 471 3588 550 '370

332 627 574 701 θρώποις
610 626 896 692 δείξουσιν,
961 624 1036 688 1b.;
1101 623 1191 677 διὰ
1239 623 1350 678 τῶν
1391 622 1518 693 ἑξῆς
1559 619 1904 691 γνωσόμεθα.

2034 632 2182 689 taque
2216 615 2466 688 prodigia
2531 612 2717 680 edent,
2778 609 3211 680 hominibusque
3257 605 3588 663 ostendent.

406 799 543 854 Εἰσὶ
589 799 700 868 τὰρ
736 799 1048 867 πνεύματα
1089 797 1424 866 δαιμόνων,
1465 797 1754 851 ποιοῦντα
1797 815 1909 864 ση-

333 891 470 962 μεῖα
489 903 503 914 ·
538 889 578 944 d
601 889 987 956 ἐκπορεύεται
1010 887 1108 942 ἐπὶ
1143 887 1286 952 τοὺς
1309 888 1594 955 βασιλεῖς
1615 886 1751 959 [τῆς
1775 888 1907 960 γῆς]

337 981 450 1051 τῆς
486 981 847 1049 οἰκουμένης
899 979 1072 1047 ὅλης,
1127 978 1498 1049 συναγαγεῖν
1549 979 1775 1047 αὐτοὺς
1821 983 1910 1047 εὶς

337 1071 492 1144 [τὸν]
533 1075 804 1141 πόλεμον
827 1068 940 1139 τῆς
970 1069 1198 1138 ἡμέρας
1245 1069 1484 1138 ἐκείνης
1512 1069 1621 1138 τῆς
1638 1070 1912 1140 percitur;

339 1165 454 1220 τοῦ
482 1165 632 1220 Θεοῦ
658 1164 764 1219 τοῦ
789 1163 1289 1231 παντοκράτορος.

414 1255 497 1309 Τά
520 1255 629 1326 γάρ
684 1255 773 1308 διὰ
804 1254 912 1308 τῶν
964 1253 1260 1324 δαιμόνων,
1289 1254 1478 1325 φησιν,
1538 1251 1912 1324 ἐνεργούμενα

339 1349 514 1421 ψευδῆ
547 1351 772 1420 σημεῖα,
805 1349 932 1412 τοὺς
965 1345 1324 1418 πειθομένους
1345 1346 1532 1410 αὐτοῖς
1555 1346 1638 1409 εἰς
1670 1345 1912 1414 πόλεμον

343 1441 487 1496 κατά
509 1441 611 1512 τῆς
637 1440 876 1511 μεγάλης
902 1440 998 1493 καὶ
1025 1436 1327 1508 ἐπιφανοῦς
1361 1435 1480 1511 [τοῦ
1509 1435 1667 1507 Θεοῦ]
1701 1436 1916 1506 ἡμέρας

343 1531 438 1586 τοῦ
482 1530 689 1603 Κριτοῦ
724 1531 943 1596 ζώντων
973 1533 1068 1585 καὶ
1103 1530 1314 1604 νεκρῶν
1356 1528 1874 1602 ὲπιστρατεύσονσιν
1898 1545 1912 1562 ο

343 1619 616 1698 ᾗπάντως
632 1627 681 1678 οἱ
708 1623 1306 1695 θεομάχοιήττώμενοι,
1331 1623 1564 1695 ἀνόνητα
1596 1621 1914 1687 κλαύσουσι,

341 1716 445 1786 τὴν
472 1715 745 1787 προτέραν
773 1716 980 1786 πλάνην
1013 1716 1351 1788 ὀδυρόμενοι.

425 1892 571 1946 Ἰδοὺ
597 1891 841 1963 ἔρχομαι
866 1893 938 1959 ὠς
979 1893 1246 1960 κλέπτης
1266 1908 1280 1922 ·
1316 1891 1609 1962 μακάριος
1635 1893 1669 1946 ὁ
1704 1906 1920 1962 γρηγο-

2010 708 2474 781 quemadmodum
2502 721 2568 762 ex
2621 702 2978 775 sequentibus
3031 715 3365 771 cognoscere
3393 699 3581 756 datur.

2081 799 2224 866 XVI,
2256 800 2339 856 M.
2377 797 2511 855 Sunt
2533 798 2673 852 enim
2694 797 2917 866 spiritus
2950 795 3355 859 damoniorum,
3384 792 3590 862 facien-

2013 906 2089 951 tes
2119 895 2272 965 signa
2295 908 2316 958 ,'
2347 901 2396 947 et
2426 890 2716 961 procedunt
2746 889 2816 944 ad
2868 904 3012 957 reges
3043 887 3208 942 totius
3261 895 3417 940 terra:
3464 900 3593 938 ron-

2012 986 2369 1059 gregareillos
2398 986 2453 1041 in
2477 983 2722 1057 praelium
2767 982 2838 1038 ad
2881 980 3022 1037 diem
3055 994 3306 1050 magnum
3346 977 3616 1059 omnipo-g
3661 1014 3664 1017 .

2014 1081 2170 1135 tentis
2207 1079 2323 1135 Dei.
3629 1074 3634 1084 ’

2086 1257 2246 1314 Falsa
2281 1256 2401 1312 haec
2446 1262 2757 1311 daemonum
2787 1253 2966 1324 signa,
2997 1260 3060 1307 ut
3098 1259 3153 1307 et
3180 1263 3345 1322 opera
3375 1262 3597 1320 quoque

2018 1360 2251 1424 patrata,
2312 1364 2505 1405 omnes
2551 1357 2826 1420 quotquot
2879 1347 3039 1401 Iidem
3097 1345 3208 1401 illis
3273 1343 3591 1408 habuerint,

2016 1451 2210 1500 contra
2261 1457 2524 1512 magnum
2574 1450 2632 1496 et
2670 1439 3029 1496 manifestum
3092 1437 3187 1493 Dei
3246 1437 3496 1492 vivorum
3539 1443 3596 1490 et

2019 1541 2364 1590 mortuorum
2404 1531 2616 1590 Iudicis
2644 1533 2790 1588 diem
2855 1532 2910 1587 in
2945 1529 3194 1600 praelium
3253 1526 3592 1594 armabunt;

2020 1629 2073 1682 in
2107 1642 2218 1698 quo
2250 1639 2384 1681 sane
2412 1625 2654 1680 universi
2681 1625 2790 1680 Deo
2813 1623 3064 1689 rebelles,
3103 1636 3230 1678 cum
3265 1635 3388 1676 sese
3429 1633 3594 1689 supe-

2021 1730 2174 1778 ratos
2199 1719 2709 1785 animadverterint,
2758 1721 3035 1773 incassum
3091 1716 3375 1787 lugebant,
3417 1713 3599 1768 nullo-

2020 1829 2128 1886 que
2163 1814 2342 1869 iructu
2367 1813 2580 1884 priores
2611 1825 2829 1866 errores
2851 1807 3238 1879 deplorabant.

2095 1906 2236 1974 XVI,
2276 1907 2365 1972 l5,
2404 1907 2490 1962 l6.
2518 1905 2662 1960 Ecce
2690 1904 2835 1960 venio
2867 1913 3120 1973 tauquam
3142 1901 3249 1970 fur.
3285 1899 3477 1954 Beatus
3509 1897 3600 1966 qui

341 1985 467 2054 ρῶν
495 1985 596 2038 καὶ
624 1985 819 2054 τηρῶν
851 1987 921 2038 τὰ
949 1984 1148 2054 lucina
1191 1983 1400 2050 αὑτοῦ,
1439 1984 1540 2038 ἵνα
1574 1983 1659 2053 μὴ
1695 1984 1922 2054 γυμνὸς

2034 2000 2207 2072 vigilat
2229 2009 2278 2056 et
2297 1999 2525 2055 custodit
2553 1999 2864 2053 uestimenta
2885 2012 3004 2062 sua,
3033 2011 3096 2049 ne
3129 1992 3301 2048 nudus
3342 1987 3598 2051 ambulet,

344 2077 663 2146 περιπατῇ,
688 2077 786 2133 καί
805 2077 1082 2142 βλέπωσι
1105 2076 1220 2145 τὴν
1233 2077 1681 2146 ἀσχημοσύνην
1706 2075 1916 2132 αὐτοῦ.

348 2172 453 2226 Kal
479 2170 828 2239 συνήγαγεν
853 2169 1077 2235 αὐτοὺς
1100 2171 1187 2236 είς
1209 2168 1317 2223 τὸν
1348 2169 1537 2224 τόπον
1561 2169 1671 2224 τὸν
1697 2169 1921 2224 καλού-

347 2279 536 2333 μενον
566 2261 866 2330 Ἐϐραιῖγτὶ
900 2261 1296 2332 Ἀρματεδών.

415 2357 488 2408 To
516 2355 572 2408 δὲ
628 2353 939 2424 γρηγορεῖν
990 2354 1088 2408 καὶ
1123 2352 1452 2423 φυλάττειν
1485 2353 1556 2408 τὰ
1596 2354 1793 2424 ἱμάτια
1829 2355 1924 2427 δηο

348 2447 436 2501 λοι
465 2445 527 2500 τδ
559 2447 935 2515 ἐπαγρυπνεῖν
983 2447 1107 2508 ταῖς
1150 2444 1384 2514 ἀγαθαῖς
1429 2445 1720 2516 πράξεσιν.
1752 2441 1924 2502 Δῦται

348 2537 460 2608 γάρ
480 2537 612 2610 [εἰσι
634 2535 726 2608 τὰ]
758 2535 867 2590 τῶν
882 2535 1053 2604 ἁγίων
1077 2535 1267 2607 ἱμάτια
1288 2553 1303 2569 ·
1325 2529 1401 2591 ῶν
1441 2537 1532 2592 τὸν
1563 2539 1927 2610 ἐστερημένον

350 2630 569 2699 ἀνάγκη
597 2628 672 2692 ὡς
700 2628 908 2698 γυμνὸν
940 2629 1036 2682 καὶ
1075 2627 1465 2699 ἀσχημοσύνης
1495 2628 1927 2701 πεπληρωμένον

350 2721 729 2793 αἰσχύνεσθαι.
789 2720 860 2775 Τὸ
892 2721 950 2775 δὲ
1002 2719 1408 2790 Ἀρμαγεδὼν,
1444 2719 1704 2790 διακοπὴ
1738 2723 1771 2793 ἢ
1805 2722 1929 2778 δια-

353 2813 692 2884 κοπτομένη
714 2812 1093 2884 ἑρμηνεύεται.
1127 2813 1272 2866 Ἐκεῖ
1291 2813 1402 2885 γάρ
1419 2813 1546 2883 ἔθνη
1565 2815 1928 2886 συναγόμενα,

354 2906 718 2960 ὲκκόπτεσθαι
748 2907 888 2959 νοεῖν
911 2906 1200 2961 ἀκόλουθον
1223 2906 1328 2958 ὑπῦ
1345 2905 1438 2959 τοῦ
1461 2905 1712 2961 διαϐόλιυ
1735 2925 1929 2978 στρατ-

355 2998 662 3070 ηγούμενα,
695 2997 788 3053 τοῦ
847 3001 960 3061 τοῖς
990 2999 1350 3069 ἀνθρωπίνοις
1380 2999 1579 3070 αἵμασι
1625 3000 1926 3071 χαίροντος.

369 3092 528 3145 Ἐπεὶ
553 3091 609 3145 δὲ
643 3090 938 3146 κάντεῦθεν
967 3092 1250 3162 ἀπευκτὴν
1301 3092 1410 3146 τῶν
1437 3093 1534 3162 τῆς
1567 3094 1768 3164 ἀρετῆς
1803 3095 1932 3164 ίμα-

356 3184 492 3238 τίων
516 3184 617 3253 τὴν
646 3183 948 3255 γύμνωσιν,
986 3185 1082 3237 καὶ
1107 3185 1169 3237 ὲκ
1195 3184 1298 3254 τῆς
1339 3185 1704 3256 abundauit;
1751 3204 1930 3258 παρα-

2023 2103 2074 2150 et
2098 2094 2306 2149 uideant
2331 2092 2709 2163 turpitudinem
2728 2089 2865 2159 ejus.
2901 2087 2970 2143 Et
3017 2085 3351 2157 congregabit
3392 2083 3514 2138 illos
3546 2083 3602 2136 in

2023 2187 2197 2242 locum
2225 2187 2316 2258 qui
2341 2195 2558 2242 vocatur
2580 2182 2839 2240 Ilebraicc
2865 2179 3222 2252 Armagedon.

2107 2361 2336 2433 Vigilare
2367 2371 2658 2432 uestemque
2713 2361 2977 2415 custodire
3024 2357 3168 2414 aliud
3207 2355 3341 2412 nihil
3367 2370 3488 2412 esse
3519 2355 3603 2410 vi-

2026 2455 2206 2518 detur,
2229 2469 2392 2524 quam
2433 2453 2591 2510 bonis
2623 2451 2878 2522 operibus
2905 2450 3138 2520 impigre
3189 2448 3443 2502 insistere
3480 2464 3493 2500 :
3531 2460 3598 2500 ea

2029 2546 2134 2617 73
2164 2547 2312 2602 enim
2361 2554 2677 2601 sanctorum
2719 2551 2852 2599 sunt.
2901 2542 3282 2596 indumentum
3340 2551 3396 2593 et
3431 2553 3602 2593 orna-

2031 2648 2252 2703 menta;
2303 2639 2506 2708 quibus
2550 2637 2778 2707 proinde
2830 2635 2922 2705 qui
2983 2633 3210 2688 orbatus
3262 2639 3374 2697 est,
3423 2632 3602 2686 nudus

2029 2730 2465 2801 conlusioneque
2529 2737 2586 2785 et
2665 2727 3006 2799 turpitudine
3083 2727 3278 2796 plenus
3347 2731 3610 2794 appareat

2030 2830 2264 2891 oportet.
2289 2823 2369 2877 Ad
2403 2838 2600 2877 nomen
2626 2831 2806 2877 autem
2843 2818 3174 2889 Armagedon
3197 2819 3343 2888 quod
3389 2816 3604 2880 attinet,

2033 2915 2163 2970 illud
2216 2915 2604 2968 intercisionem
2656 2914 2741 2968 vel
2794 2913 3180 2982 separationem
3228 2910 3446 2962 denotat
3511 2917 3612 2962 :et

2033 3007 2245 3061 merito.
2271 3007 2350 3062 Ad
2378 3022 2502 3061 eum
2539 3020 2773 3074 namque
2812 3005 2990 3058 locum
3025 3011 3214 3074 gentes
3245 3000 3520 3063 adducite,
3546 3009 3604 3052 et

2035 3114 2064 3154 a
2088 3099 2308 3154 diabolo
2331 3099 2384 3152 in
2417 3099 2664 3168 praelium
2703 3096 3011 3159 concitatae,
3047 3094 3285 3163 penitus,
3321 3101 3379 3145 ut
3407 3092 3608 3160 proba-

2036 3194 2145 3248 bile
2169 3203 2273 3258 ρει,
2298 3193 2619 3248 excideutur
2647 3210 2662 3247 :
2705 3191 2904 3263 gaudet
2933 3190 3076 3244 enim
3100 3190 3191 3242 ille
3227 3187 3374 3242 tta-de
3410 3188 3606 3240 Imma-

354 3277 524 3346 ϐολῆς
548 3275 642 3329 τοῦ
662 3275 950 3344 νυμφῶνος
979 3273 1286 3346 ἀπόϐλητον
1329 3274 1423 3328 τὸν
1455 3276 1658 3346 ταύτης
1701 3277 1929 3347 ἐστερη-

2038 3300 2213 3354 noque
2245 3284 2530 3354 sanguine.
2569 3283 2707 3349 Quia
2739 3297 2864 3336 vero
2909 3297 2973 3337 es
3021 3281 3125 3335 hoc
3181 3279 3301 3334 loco
3340 3278 3609 3333 discimus

361 3370 526 3439 μένον
557 3367 980 3438 μεμαθήκαμεν,
1014 3368 1109 3420 καὶ
1137 3367 1201 3420 ὲκ
1226 3368 1325 3435 τῆς
1358 3365 1722 3439 ἀποστολικῆς
1743 3367 1798 3421 δὲ
1833 3369 1930 3439 pl)-

359 3474 520 3520 σεως,
565 3459 602 3528 ἦ
655 3474 788 3527 φησι
833 3457 963 3528 περὶ
991 3456 1088 3527 τῆς
1141 3456 1450 3528 ἀφθαρσίας
1477 3475 1490 3487 ·
1529 3458 1663 3527 ΟΖγε
1709 3460 1934 3524 ταύτην

356 3549 782 3618 ἐνδυσάμενοι,
825 3551 898 3605 οὐ
949 3549 1163 3619 γυμνοὶ
1213 3551 1653 3620 εὑρεθησόμεθα
1676 3589 1691 3615 ,
1731 3551 1932 3621 δηλαδὴ

359 3640 470 3692 τῶν
504 3639 727 3709 ἀγαθῶν
756 3640 1040 3710 πράξεωνο
1090 3641 1326 3706 ἐκτενῶς
1364 3643 1456 3696 τὸν
1491 3643 1692 3715 Κύριον

363 3731 734 3800 ἱκετεύσωμεν
764 3730 999 3784 ἐνταῦθα
1052 3731 1208 3802 ἡμῶν
1260 3732 1522 3786 ἐκπλῦναι
1553 3734 1652 3797 τὰς
1693 3733 1931 3803 ψυχικάς

364 3820 586 3884 στολὰς,
648 3820 791 3873 ὥστε
854 3820 998 3892 ὑπὲρ
1053 3822 1207 3890 χιόνα
1242 3820 1629 3892 λευκανθῆναι,
1682 3824 1828 3877 κατὰ
1875 3822 1937 3876 τὸ

363 3914 637 3984 ψαλμικδν
696 3913 911 3982 λόγιονο
973 3913 1185 3983 μήποτε
1240 3912 1573 3976 ἀκούσαντες
1598 3952 1614 3980 ,
1674 3914 1896 3982 Ἑταῖρε
1918 3955 1934 3981 ,

361 4004 491 4073 πῶς
525 4004 809 4072 εισῆλθες
835 3998 971 4068 ὧδε,
1000 4003 1086 4072 μὴ
1140 4002 1298 4072 ἔχων
1315 4002 1544 4074 ἔνδυμα
1590 4003 1817 4074 γάμου;
1849 4005 1938 4059 62-

363 4095 554 4158 θέντες
593 4097 780 4165 χεῖρας
805 4096 902 4148 καὶ
929 4093 1119 4158 πόδας,
1154 4092 1404 4165 ριφῶμεν
1444 4093 1526 4155 εἰς
1567 4095 1629 4146 τὸ
1664 4096 1852 4158 σκότος
1877 4095 1940 4148 τὸ

365 4188 633 4259 ἐξώτερον
659 4202 676 4218 '
726 4187 864 4242 άλλά
917 4190 1060 4240 κατά
1107 4185 1199 4238 τὸν
1249 4183 1463 4258 [σοφὸν]
1510 4186 1855 4257 Σολομῶντα,
1881 4189 1940 4242 ὲν

367 4281 534 4335 παντὶ⁵
570 4279 746 4351 καιρῷ
777 4278 944 4332 λευκὰ
969 4277 1040 4337 τὰ
1072 4278 1262 4348 ἱμάτια
1294 4277 1533 4349 ἔχοντες,
1567 4279 1664 4333 καὶ
1708 4280 1942 4351 φαιδράς

365 4375 466 4438 τάς
492 4372 784 4444 λαμπάδας
811 4373 910 4443 τῆς
944 4370 1199 4442 ἐναρέτου
1226 4369 1500 4435 πολιτείας
1527 4374 1594 4442 τῇ
1624 4373 1943 4444 συμπαθείᾳ

366 4467 792 4538 κεκοσμημένας
816 4465 1223 4536 ἐπιφερόμενοι,
1252 4463 1331 4533 τῷ
1354 4463 1580 4535 καθαρῷ
1603 4465 1698 4518 καὶ
1724 4465 1943 4538 ἀμώμῳ

368 4561 479 4615 τῶν
506 4559 682 4628 ἀγίων
710 4557 898 4629 ψυχῶν
925 4557 1144 4628 νυμφίῳ
1179 4557 1402 4628 Χριστῷ
1429 4555 1507 4627 τῷ
1533 4556 1652 4628 Θεῷ
1680 4559 1712 4629 ἡ
1722 4559 1838 4628 μῶν
1859 4561 1942 4623 είς

2037 3387 2194 3446 turpe
2225 3375 2480 3446 quiddam
2513 3387 2566 3430 et
2622 3374 2825 3430 inlame
2881 3373 3090 3436 haberi,
3147 3373 3408 3426 virtutum
3449 3371 3611 3424 indu-

2036 3477 2220 3521 mento
2251 3467 2544 3536 spoliatum
2561 3479 2723 3534 esse;
2749 3479 2813 3520 ex
2844 3462 3118 3534 Evangelii
3150 3473 3330 3517 autem
3354 3461 3609 3531 parabola

2037 3574 2145 3613 non
2179 3559 2314 3615 citra
2350 3557 2702 3629 ignominiam
2738 3557 3015 3627 enuptialt
3060 3555 3306 3610 thalamo
3338 3555 3609 3622 abjecttnn

2038 3651 2205 3706 fuisse
2244 3651 2395 3704 illum
2433 3651 2528 3716 qui
2580 3650 2808 3719 nuptiali
2855 3659 3004 3703 veste
3055 3650 3315 3714 carebat;
3358 3663 3421 3700 ex
3469 3647 3614 3715 Apoc

2037 3741 2160 3796 stoli
2192 3739 2410 3794 tandem
2442 3741 2590 3795 dicto
2626 3738 2770 3809 quod
2801 3739 2868 3793 de
2891 3738 3300 3807 incorruptimte
3321 3737 3452 3802 agit.
3480 3737 3608 3790 dan-

2037 3832 2160 3885 dam
2192 3844 2315 3884 esse
2346 3843 2568 3898 operam
2623 3845 2690 3883 ne
2736 3827 2866 3882 nudi
2915 3828 3286 3891 inveniamur,
3338 3839 3531 3894 nempe
3577 3839 3611 3879 a

2040 3923 2198 3976 bonis
2225 3923 2483 3992 operibus
2519 3938 2532 3976 :
2564 3919 2833 3975 indefesso
2865 3919 3098 3974 Domino
3123 3927 3309 3972 nostro
3334 3915 3612 3987 supplice‘

2041 4031 2184 4080 mus,
2235 4023 2293 4070 ιιι
2349 4013 2438 4068 hic
2491 4014 2798 4068 animarum
2851 4025 3168 4068 n05traruut
3219 4010 3389 4064 stolas
3433 4009 3611 4073 «luat;

2039 4123 2171 4178 quo,
2215 4107 2369 4178 juxt-i
2437 4106 2740 4162 Psalmistte
2797 4105 3146 4170 sententiam,
3203 4118 3366 4171 supra
3430 4102 3612 4156 nivem

2039 4199 2354 4256 dealbentur
2380 4200 2455 4264 δ’,
2513 4215 2582 4254 ne
2610 4198 2826 4269 quando
2872 4199 3161 4253 audiamus
3201 4214 3214 4250 :
3249 4197 3450 4258 Amice,
3480 4210 3612 4266 quae

2040 4292 2195 4347 modo
2228 4291 2328 4345 huc
2374 4291 2588 4345 intrasti
2631 4307 2732 4344 non
2762 4289 2955 4344 habent
2985 4299 3174 4343 vestem
3211 4287 3502 4358 nuptialem
3525 4285 3612 4337 ⁸⁸2

2042 4384 2332 4455 ligatisque
2357 4383 2610 4437 manibus
2637 4391 2692 4437 et
2744 4381 2972 4452 pedibus
3008 4380 3334 4448 abjicianntr
3365 4379 3417 4431 in
3463 4388 3616 4432 tene-

2043 4473 2168 4527 bras
2199 4473 2501 4528 exteriores
2534 4493 2549 4526 :
2590 4487 2807 4535 verum,
2854 4471 3009 4539 jus'a
3069 4469 3384 4524 Salomonis
3421 4468 3619 4522 doctri-

2045 4579 2191 4630 nam,
2220 4562 2369 4618 omni
2397 4573 2640 4633 tempore
2674 4563 2905 4619 candida
2955 4562 3281 4616 vestimenta
3333 4561 3619 4618 trahentes.

370 4653 464 4706 τὸν
499 4651 766 4724 νυμφῶνα
812 4649 1270 4720 συνεισέλθωμενο
1335 4650 1455 4719 μεθ’
1497 4643 1560 4702 οὗ
1615 4652 1814 4721 πρέπει
1863 4653 1929 4724 τᾷ

2048 4656 2323 4725 laetasque,
2363 4655 2465 4710 hoc
2501 4663 2607 4716 est.
2637 4654 3117 4710 commiseratione
3143 4661 3197 4707 et
3223 4652 3466 4706 studiosa
3487 4667 3620 4704 con-

374 4747 547 4814 Πατρὶ
570 4744 688 4814 ἅμα
714 4742 794 4813 τῷ
818 4743 960 4814 ἁγίῳ
1009 4741 1286 4813 Πνεῦματι
1316 4742 1463 4808 δόξα,
1498 4741 1741 4815 [apd-ro;
1781 4747 1940 4816 τιμὴ,

371 4836 467 4892 νῦν
497 4837 596 4890 καὶ
624 4835 737 4899 ἀεὶ,
769 4832 885 4906 καὶ]
940 4834 1023 4897 είς
1076 4833 1203 4898 τοὺς
1254 4833 1456 4897 αἰῶνας
1491 4831 1623 4906 [τῶν
1675 4835 1939 4908 αἱώνων].

383 4928 578 5000 Ἀμήν.

2049 4749 2357 4804 versatione
2385 4758 2604 4804 ornatas
2634 4747 2913 4818 lampades
2948 4747 3124 4817 palam
3146 4745 3475 4810 delet-entes,
3499 4758 3622 4796 cum

2050 4849 2204 4894 casto
2243 4839 2627 4909 inculpatoque
2677 4848 2992 4894 sanctarum
3063 4839 3372 4893 animarum
3421 4849 3626 4905 sponso

2051 4932 2271 4987 Christo
2307 4933 2414 4986 Deo
2431 4943 2485 4986 ct
2517 4932 2746 4986 Domino
2769 4944 2960 4987 nostro
3006 4932 3060 4986 in
3090 4931 3393 4986 thalamum
3442 4930 3624 4998 ingre-

373 5025 594 5080 diamur
627 5041 641 5079 :
676 5037 800 5079 cum
829 5036 937 5092 quo
965 5031 1017 5077 et
1045 5019 1251 5091 Spiritu
1298 5030 1490 5078 sancto
1547 5021 1761 5078 Patrem
1812 5023 1971 5082 decet
2025 5027 2221 5098 gloria,
2281 5027 2593 5098 imperium,
2641 5028 2840 5093 honor,
2887 5044 3034 5084 tiune
3097 5037 3153 5082 et
3196 5039 3432 5092 semper,
3483 5031 3539 5078 et
3568 5021 3623 5074 in

376 5121 574 5177 sarcula
593 5121 938 5176 saeculorum.
968 5121 1161 5174 Amen.

730 5213 981 5267 ΚΕΦΛΛ.
1039 5213 1166 5268 NB‘.
1219 5213 1436 5267 ΛΟΓΟΣ
1485 5212 1588 5268 Ill'.

377 5331 577 5397 Ὅπως
606 5330 706 5384 διὰ
726 5329 833 5397 τῆς
859 5329 1116 5397 ἑϐδόμης
1140 5327 1384 5398 πληγῆς
1405 5326 1630 5397 χάλαζα
1683 5326 1781 5382 καὶ
1819 5343 1946 5382 σει·

586 5401 744 5471 σμὸς
771 5401 924 5455 κατὰ
947 5399 1112 5473 [τῶν]
1135 5398 1460 5468 ἀνθρώπων
1484 5400 1730 5468 γίνεται.

443 5516 556 5570 Kal
608 5518 643 5571 ὁ
695 5516 945 5584 ἕϐδομος
989 5514 1244 5585 ἄγγελος
1298 5514 1502 5583 ἐξέχεε
1545 5513 1662 5583 τὴν
1723 5513 1950 5584 φιάλην

379 5609 563 5662 αὑτοῦ
601 5609 692 5675 εις
715 5608 825 5663 τὸν
869 5607 1016 5675 ἀέρα
1041 5623 1056 5638 ο
1099 5607 1196 5662 καὶ
1233 5606 1454 5676 ἐξῆλθε
1485 5606 1655 5676 φωνή
1709 5606 1944 5678 μεγάλη

379 5699 447 5753 ἐκ
478 5695 613 5772 [τοῦ
645 5698 817 5771 ναοῦ]
864 5699 970 5753 τοῦ
1013 5699 1273 5766 οὐρανοῦ
1301 5698 1555 5753 ἀπὸ⁶τοῦ
1584 5698 1822 5766 θρόνου,
1848 5697 1946 5753 λέ-

381 5807 603 5858 γουσα·
622 5791 862 5861 Γέγονε.
899 5791 1005 5846 Kal
1033 5790 1310 5861 ἐγένοντο
1343 5789 1554 5862 [φωναὶ
1577 5788 1698 5862 καί]
1725 5791 1934 5859 ἁστραι

451 5949 500 5981 δ’
539 5947 682 6004 Psal.
709 5964 782 6012 LI,
815 5949 866 6002 9.
965 5950 1006 5982 ⁸⁵³
1038 5948 1223 6004 Matth.
1248 5964 1378 6013 uti,
1418 5947 1501 6003 12.

2374 5206 2603 5261 CAPUT
2641 5208 2749 5263 LII.
2778 5207 3009 5264 SEIIIIO
3038 5205 3224 5262 XVIII.

2051 5317 2118 5374 Ut
2145 5333 2236 5388 per
2277 5325 2554 5393 septimam
2584 5325 2798 5395 plagam
2857 5325 3060 5394 grando
3104 5333 3152 5377 et
3194 5331 3521 5395 terrmniotus
3569 5323 3624 5376 in

2331 5397 2600 5452 hominum
2623 5394 2900 5466 perniciem
2933 5395 3192 5449 excitatus
3235 5394 3322 5448 sit.

2116 5513 2369 5579 XVl,l7,
2397 5512 2480 5567 l8.
2521 5508 2857 5577 Etseptintus
2899 5506 3115 5574 angelus
3145 5504 3332 5573 e/fudit
3385 5501 3621 5570 phialam

2053 5624 2200 5662 suam
2230 5607 2283 5660 in
2321 5620 2494 5658 aerem
2525 5618 2544 5657 :
2574 5610 2623 5656 et
2652 5601 2813 5655 exivit
2836 5614 2934 5654 vox
2965 5614 3156 5667 magna
3179 5600 3243 5649 de
3289 5594 3481 5664 templo
3507 5595 3621 5648 τιειὶ

2054 5717 2086 5753 ιι
2120 5699 2324 5762 throno,
2350 5697 2529 5751 dicens
2551 5711 2570 5750 :
2611 5694 2834 5748 Factum
2856 5702 2952 5746 est.
2988 5690 3054 5744 Et
3081 5691 3224 5759 facta
3247 5700 3368 5744 sunt
3406 5687 3621 5758 fulgura

2055 5801 2102 5846 et
2121 5799 2350 5856 voces,et
2371 5790 2630 5854 tonitrua,
2667 5797 2716 5842 et
2747 5793 3074 5841 terrwmotus
3093 5783 3262 5852 {actus
3282 5791 3358 5837 cst
3379 5797 3620 5852 magnus,
