4042 6584
350 427 467 491 373

1321 420 1929 484 COMMENTARIUS
1964 420 2046 481 IN
2068 420 2603 483 APOCALYPSIN.

3521 414 3629 479 374

431 539 541 594 Kal
592 537 764 595 πᾶσα
822 536 1018 607 νῆσος
1083 535 1289 605 ἔφυγε,
1337 535 1437 588 καὶ
1475 535 1624 603 ὄργι’
1676 537 1776 589 καὶ
1834 540 1947 603 οὐχ

2125 536 2267 600 XVI,
2306 538 2397 593 (2.0.
2434 536 2502 591 Et
2533 535 2703 591 omnis
2748 535 2925 590 insula
2982 534 3140 604 fugit,
3167 540 3217 587 et
3275 543 3474 587 montes
3527 549 3633 588 non

357 630 722 697 εὑρέθησαν.

427 716 744 788 Νήσουςδὲ
772 719 871 780 τὰς
893 715 1102 789 [ἁγίας]
1137 716 1465 788 Ἐκκλησίας
1489 756 1506 782 ,
1534 718 1629 771 usti.
1649 718 1780 786 ὅρη,
1807 719 1937 781 τοὺς

358 816 421 866 ἐν
450 813 643 875 αὐταῖς
667 810 1003 882 προῦχοντας
1052 810 1241 883 [νοεῖν]
1269 813 1334 865 ὲκ
1385 812 1485 882 τῆς
1520 811 1674 876 θείας
1722 812 1946 883 Γραφῆς

357 904 746 974 διδασκόμεθα.
777 904 1006 973 Φεύγειν
1038 905 1096 957 δὲ
1128 904 1357 967 τούτους
1402 906 1461 957 ἐν
1495 903 1573 975 τῷ
1612 905 1796 976 καιριῖ)
1842 906 1945 973 τῆς

360 998 473 1050 τῶν
505 996 932 1069 προρρηθέντων
980 998 1302 1066 ἐπαγωγῆς,
1336 998 1399 1050 ὲκ
1447 996 1542 1050 τοῦ
1566 997 1772 1069 Κυρίου
1804 999 1945 1067 ἀκη-

360 1091 591 1159 κόαμεν,
627 1090 877 1159 λέγοντος
896 1107 911 1120 ·
939 1091 1077 1143 Τότε
1107 1093 1161 1143 οι
1186 1090 1307 1144 ἀπὸ
1339 1089 1658 1144 ἀνατολῶν
1688 1090 1944 1159 φεύξον-

361 1198 459 1235 ται
479 1182 578 1235 ἐπί
596 1180 835 1251 δυσμάς
852 1198 867 1212 ο
890 1181 987 1235 καὶ
1009 1183 1063 1235 οι
1078 1181 1198 1236 ἀπὸ
1215 1180 1486 1249 δυσμῶν,
1510 1181 1912 1248 ειςάνατονιάς
1927 1200 1942 1214 ο

358 1273 534 1326 ἔσται
588 1273 699 1343 γὰρ
725 1273 935 1341 θλίψις
980 1272 1216 1342 μεγάλη
1272 1274 1373 1326 οἵα
1394 1274 1468 1327 οὐ
1515 1272 1765 1343 γέγονεν
1826 1274 1947 1328 ἀπὸ

360 1362 699 1432 καταϐολῆς
726 1365 981 1434 κόσμου,
1004 1365 1131 1420 οὐδ’
1162 1367 1236 1421 οὐ
1260 1365 1347 1436 μὴ
1382 1365 1624 1435 γένηται
1649 1366 1785 1420 ’τῶν
1822 1367 1943 1438 μὲν,

358 1458 430 1510 δι’
458 1457 738 1528 ἁμαρτίας
794 1459 1179 1529 κολαζομένων
1211 1475 1227 1491 ο
1258 1459 1368 1512 τῶν
1421 1460 1502 1526 δὲ,
1539 1460 1676 1529 πρὸς
1715 1460 1947 1531 δοκιμὴν

360 1548 588 1621 ἀρετῆς,
614 1551 997 1621 ὑπομενόντων
1032 1551 1102 1604 τὰ
1137 1551 1396 1622 δυσχερῆο
1432 1552 1492 1605 οὐ
1529 1552 1693 1621 μόνον
1735 1553 1795 1605 ὲν
1822 1554 1943 1615 ταῖς

358 1640 456 1693 τοῦ
535 1641 913 1711 ’Δντιχρίστου
964 1642 1108 1711 ὑπὲρ
1158 1641 1395 1712 Χριστοῦ
1445 1641 1755 1709 κολάσεσιν,
1806 1642 1941 1696 ἀλλὰ

356 1736 456 1786 καὶ
480 1734 540 1785 ιν
565 1733 689 1796 ταῖς
725 1735 929 1802 φυγαῖς
960 1734 1055 1787 καὶ
1090 1733 1174 1804 [ἐν
1230 1734 1373 1803 ταῖς]
1403 1734 1463 1786 ἐν
1512 1735 1629 1796 τοῖς
1654 1733 1808 1804 ὄρεσι
1848 1734 1947 1788 καὶ

361 1820 654 1892 σπηλαίοις
693 1823 1117 1886 κακοπαθείαις’
1150 1824 1217 1886 ἃς
1253 1822 1351 1891 τῆς
1401 1824 1458 1875 ὲν
1482 1822 1597 1895 [τῇ]
1629 1824 1782 1878 πόλει
1812 1825 1934 1878 δια-

2051 641 2173 684 sunt
2202 632 2417 685 inventi.

2123 718 2341 777 Insulas
2421 732 2580 778 vocat
2646 730 2864 778 sanctas
2920 720 3246 785 Ecclesias;
3322 735 3417 791 per
3478 734 3630 772 mon-

2053 827 2127 870 tes
2190 828 2368 871 autem
2452 831 2622 872 sacrae
2684 814 2899 870 Litterae
2985 815 3275 883 designant
3358 812 3634 868 Ecclesia-

2052 922 2171 962 rum
2200 916 2449 979 pastores
2473 917 2527 964 et
2559 908 2832 971 doctores,
2865 916 3201 977 cmterosque
3221 906 3314 977 qui
3338 905 3632 975 primatum

2054 1000 2196 1055 inter
2249 1000 2373 1056 illos
2401 1009 2607 1055 tenent.
2650 992 2948 1069 Ejusmodi'
2971 1008 3150 1053 autem
3210 1007 3474 1068 tempore,
3526 1011 3636 1067 quo

2054 1092 2310 1162 praedicta
2342 1092 2483 1147 mala
2512 1093 2930 1162 grassabuntur,
2973 1090 3155 1160 fugam
3185 1089 3421 1145 inituros
3472 1088 3632 1142 Chri-

2053 1194 2171 1240 stus
2198 1184 2313 1253 ipse
2339 1183 2479 1238 Deus
2501 1193 2555 1238 et
2578 1184 2841 1238 Dominus
2878 1191 3063 1236 noster
3095 1179 3436 1251 praemanit.
3475 1176 3633 1239 Tum,

2054 1278 2247 1345 inquit,
2275 1277 2363 1347 qui
2397 1278 2453 1330 in
2477 1276 2669 1331 Iudaea
2706 1284 2848 1339 sunt,
2882 1276 3089 1346 fugiant
3122 1275 3191 1327 ad
3224 1284 3445 1327 montes.
3510 1271 3632 1325 Erit

2052 1368 2191 1422 enim
2214 1375 2336 1420 tunc
2357 1367 2627 1421 tribulatio
2657 1384 2871 1438 magna,
2912 1367 3084 1437 qualis
3121 1383 3225 1420 non
3256 1366 3357 1435 fuit
3384 1365 3448 1419 ab
3483 1366 3633 1418 initio

2053 1458 2236 1512 mundi
2266 1473 2425 1529 usque
2445 1459 2619 1527 modo,
2653 1476 2745 1512 nec
2767 1462 2865 1514 erit
2896 1459 2966 1512 ".
3021 1458 3300 1529 Siquidem
3357 1457 3449 1511 alii
3504 1471 3636 1525 pro-

2055 1558 2177 1623 pter
2194 1563 2413 1622 peccata
2431 1567 2550 1622 quae
2576 1563 2980 1622 perpetrarunt,
2999 1552 3165 1607 variis
3191 1551 3554 1606 incommodis
3580 1555 3636 1602 et

2058 1643 2345 1713 suppliciis
2374 1643 2705 1698 adicientur:
2737 1643 2831 1697 alii
2857 1643 2925 1698 ad
2991 1643 3211 1698 virtutis
3254 1640 3629 1713 probationem

2054 1736 2237 1805 gravia
2268 1749 2634 1806 perpessuque
2663 1734 2898 1789 difﬁcilia
2932 1734 3169 1805 perferre
3188 1734 3585 1803 compellantur
3616 1746 3633 1786 :

2054 1842 2231 1898 neque
2260 1827 2402 1881 enim
2434 1828 2521 1881 illa
2547 1837 2755 1882 tantum
2776 1827 2916 1882 mala
2932 1820 2985 1883 et
3001 1825 3343 1882 incommoda
3366 1838 3462 1882 eos
3479 1839 3634 1878 exerv

358 1912 556 1984 τριϐῆς
614 1915 1039 1986 προτιμήσουσι,
1068 1915 1158 1970 διὰ
1207 1916 1306 1984 τὴν
1364 1915 1462 1985 τῆς
1513 1916 1793 1981 εὐσεσείας
1846 1918 1943 1988 τή-

2063 1922 2268 1985 :ebunt,
2297 1935 2419 1990 quae
2438 1921 2806 1976 Antichristus
2826 1920 2879 1975 in
2903 1920 3014 1975 veri
3043 1918 3247 1975 Christi
3274 1918 3461 1974 odium
3488 1914 3628 1971 infc-

362 2022 541 2076 ρησιν.

2051 2020 2155 2077 ret,
2184 2026 2371 2066 verum
2399 2026 2462 2066 ea
2489 2012 2652 2067 etiam
2684 2026 2809 2082 qua:
2853 2020 2975 2081 post
3003 2010 3187 2081 fugam
3237 2011 3293 2065 in
3349 2008 3625 2063 montibus

358 2107 415 2151 et
454 2099 754 2167 speluncis,
797 2100 906 2155 imo
960 2101 1010 2154 in
1036 2100 1151 2171 ipsa
1170 2103 1332 2156 etiam
1371 2099 1494 2170 fuga
1515 2116 1635 2156 sese
1672 2100 1944 2157 oB‘erent:
1980 2118 2104 2173 qua:
2138 2112 2322 2160 tamen
2354 2103 2541 2159 omnia
2585 2104 2651 2159 ad
2702 2102 3135 2159 conservandam
3185 2102 3307 2159 ﬁdei
3336 2111 3389 2158 et
3416 2100 3634 2171 pictatis

360 2192 757 2255 sinceritatem,
809 2194 956 2247 civili
1011 2194 1353 2265 politicaque
1391 2196 1519 2251 vita:
1558 2196 1888 2252 anteferent.

434 2286 543 2341 Kal
576 2286 806 2355 χάλαζα
824 2287 1058 2358 μεγάλη
1086 2289 1167 2356 ὡς
1195 2291 1551 2346 ταλαντιαίά
1603 2291 1949 2345 καταϐαίνει

350 2380 433 2433 ἐκ
458 2379 564 2434 τοῦ
585 2381 849 2448 οὐρανοῦ
873 2382 972 2435 ἐπὶ
1003 2382 1146 2449 τοὺς
1169 2382 1544 2452 ἀνθρώπους-ο
1586 2384 1688 2437 καὶ
1717 2384 1944 2438 ἐϐλασ-

354 2471 659 2542 φήμησαν
703 2477 758 2528 οι
798 2474 1098 2543 ἄνθρωποι
1154 2474 1260 2528 τὸν
1295 2476 1446 2529 Θεὸν
1466 2474 1534 2529 ἐκ
1570 2474 1678 2544 τῆς
1709 2476 1952 2546 πληγῆς

2128 2284 2269 2354 XVI,
2294 2286 2385 2342 21.
2417 2286 2485 2342 Et
2506 2286 2712 2357 grando
2739 2303 2931 2357 magna
2946 2286 3084 2342 sicut
3115 2286 3393 2353 talentum,
3418 2289 3636 2345 descen—

2048 2380 2131 2435 dit
2161 2382 2226 2435 de
2268 2380 2397 2435 caelo
2422 2382 2478 2434 in
2513 2380 2748 2434 homines
2770 2394 2794 2433 ς
2818 2392 2870 2434 et
2917 2378 3405 2447 blasphemaverunt
3468 2380 3634 2435 Dauni

2049 2474 2283 2527 homines
2310 2482 2523 2542 propter
2538 2472 2751 2543 plagam
2772 2473 3050 2542 grandinis
3076 2474 3238 2543 :quia
3265 2489 3458 2544 magna
3480 2472 3626 2543 facta

364 2564 479 2633 τῆς
504 2564 793 2635 χαλάζης,
820 2567 911 2621 ὅτι
953 2566 1192 2637 μεγάλη
1218 2568 1391 2622 ἐστίν
1421 2569 1460 2638 ἡ
1487 2569 1694 2639 πληγὴ
1754 2568 1946 2637 αὐτῆς

2063 2576 2126 2621 est
2152 2566 2313 2637 plaga
2341 2566 2456 2635 ejus
2490 2566 2831 2620 vehementer.

352 2657 630 2727 σφόδρα.

444 2748 564 2817 Τὴν
608 2748 911 2817 χάλαζαν,
958 2751 1054 2805 ἆτε
1101 2754 1434 2819 οὐρανόθεν
1481 2752 1948 2823 καητερχομένην,

362 2842 465 2911 τὴν
495 2842 754 2914 Θεήλατον
785 2844 958 2916 ὀργὴν
990 2842 1132 2916 [καὶ]
1174 2845 1385 2899 ἄνωθεν
1410 2848 1717 2917 ἐρχομένην
1764 2848 1950 2917 νενοή-

362 2950 548 3004 καμεν
582 2949 598 2964 ⁶
621 2933 685 2987 τὸ
706 2933 763 2987 δὲ
790 2934 1133 2990 ταλαντιαῖον
1151 2936 1321 3008 αὐτῆς
1344 2936 1405 2990 τὸ
1445 2937 1676 3002 τέλειον,
1703 2936 1796 2992 διὰ
1848 2938 1949 3006 τὴν

364 3028 567 3091 sumi;
591 3026 890 3097 ἁμαρτίαις
933 3026 1195 3100 [τελείαν]
1224 3028 1505 3101 ἀκρότητα
1531 3030 1627 3083 καὶ
1668 3028 1951 3099 βαρύτητα

364 3114 438 3191 ἧς
470 3120 970 3191 χαρακτηριστικδν
1001 3121 1063 3175 τὸ
1091 3122 1379 3188 τάλαντον,
1404 3122 1480 3187 ὡς
1524 3122 1666 3195 [καὶ]
1721 3122 1800 3191 τῷ
1844 3124 1943 3176 Ζα·

366 3214 541 3284 χαρία
582 3214 844 3285 ἑώραται.
872 3214 945 3268 Τὸ
966 3215 1024 3268 δὲ
1069 3215 1144 3286 μὴ
1172 3215 1311 3285 πρὸς
1340 3215 1659 3286 μετάνοιαν,
1696 3214 1811 3267 ἀλλ’
1871 3215 1951 3277 εἰς

370 3305 728 3375 βλασφημίαν
753 3307 1005 3378 χωρῆσαι
1042 3309 1171 3371 τοὺς
1194 3307 1286 3361 ὑπ’
1320 3306 1490 3376 αὐτῆς
1524 3304 1955 3377 πληττομένους,

366 3398 433 3451 τὸ
456 3398 691 3470 σκληρὸν
726 3399 820 3453 καὶ
851 3399 1131 3453 ἁνένδοτον
1160 3399 1262 3470 τῆς
1316 3400 1498 3454 αὐτῶν
1529 3399 1760 3469 καρδίας
1808 3416 1954 3470 παρ-

361 3490 557 3561 ίστησι
585 3507 603 3524 ο
628 3491 711 3546 διὸ
743 3492 883 3545 κατὰ
913 3491 1004 3546 τὸν
1031 3493 1232 3564 Φαραὼ
1261 3492 1478 3547 ἔσονται
1504 3508 1518 3524 ·
1542 3491 1744 3563 μᾶλλον
1774 3491 1831 3544 δὲ
1864 3494 1961 3545 καὶ

368 3580 564 3634 τούτου
625 3581 1020 3655 σκληρότεροι⁸
1060 3583 1176 3653 εἴγε
1232 3584 1445 3640 ἐκείνου
1493 3584 1677 3647 ποσῶς
1722 3585 1840 3647 ταῖς
1870 3582 1963 3636 θε-

363 3672 593 3741 ηλάτοις
634 3672 871 3742 πληγαῖς
921 3673 1332 3743 μαλασσομένου
1361 3674 1457 3727 καὶ
1481 3674 1580 3745 τὴν
1603 3672 1812 3727 οἰκείαν
1840 3673 1972 3741 ὁμο·

369 3764 661 3833 λογοῦντος
704 3765 984 3833 ἀσέϐειαν,
1012 3766 1168 3821 αὐτοὶ
1196 3769 1291 3823 καὶ
1333 3770 1395 3821 ἐν
1441 3767 1523 3838 τῷ
1553 3766 1953 3838 μαστιγοῦσθαι

373 3857 816 3929 βλασφημοῦσιν.

2118 2743 2226 2801 Per
2250 2745 2561 2815 grandinem
2595 2743 2798 2799 caelitus
2845 2744 3063 2799 missam
3094 2743 3185 2800 Dei
3234 2745 3372 2800 iram
3430 2746 3637 2817 signifi-

2046 2847 2230 2893 catam
2262 2849 2518 2907 putamus
2545 2854 2559 2889 :
2594 2838 2709 2892 hinc
2737 2836 2883 2892 enim
2909 2851 2941 2891 e
2962 2836 3216 2906 supernis
3239 2837 3426 2892 venire
3468 2839 3628 2892 solet.

2051 2930 2205 2997 Quod
2238 2929 2353 2984 haec
2391 2937 2573 2983 autem
2610 2927 2796 2982 talenti
2829 2927 3260 2997 magnitudinem
3287 2927 3477 2983 sortita
3517 2927 3640 2983 fue-

2053 3023 2145 3086 rit,
2167 3022 2216 3077 id
2236 3020 2539 3091 perfectum
2569 3020 2715 3074 illius
2743 3019 2993 3074 ardorem
3026 3018 3286 3083 denotat;
3318 3027 3371 3073 et
3410 3019 3498 3074 hic
3514 3035 3640 3073 rur-

2057 3131 2179 3170 sum
2198 3129 2468 3171 summam
2491 3112 2695 3182 peceati
2719 3112 3002 3175 malitiam,
3020 3111 3459 3180 eminentemque
3491 3112 3642 3181 ejus-

2054 3209 2174 3263 dem
2196 3207 2513 3277 gravitatem
2547 3223 2562 3259 :
2601 3204 2762 3275 hujus
2784 3203 2891 3274 75
2917 3218 3152 3273 namque
3188 3206 3265 3259 rei
3308 3203 3638 3274 symbolum,

2058 3302 2326 3357 talentum
2363 3300 2596 3363 exstitit,
2615 3297 3077 3368 quemadmodum
3114 3294 3392 3350 Zachariae
3418 3311 3637 3366 quoque

2055 3389 2384 3463 patefactum
2416 3389 2709 3458 aliquando
2756 3385 2879 3442 fuit.
2942 3386 3096 3452 Quod
3123 3386 3199 3439 illi
3250 3386 3485 3456 denique
3544 3386 3637 3456 qui

2058 3484 2153 3540 icti
2208 3482 2430 3552 laesique
2454 3480 2524 3535 ab
2561 3480 2651 3535 illa
2705 3478 2943 3543 fuerant,
2991 3478 3057 3531 ad
3112 3477 3487 3547 pwnitentiam
3531 3493 3640 3532 non

2059 3576 2425 3647 respexerint,
2458 3574 2551 3631 sed
2576 3573 2643 3628 ad
2669 3572 3065 3643 blasphemiam
3092 3586 3214 3626 sese
3251 3571 3640 3636 converterint,

2074 3666 2799 3726 istudexcellentemcordis
2829 3665 3047 3720 illorum
3090 3664 3348 3718 duritiam
3392 3678 3645 3718 saxeam~

2062 3775 2169 3831 que
2201 3756 2621 3813 obstinationem
2640 3756 2897 3810 insinuat.
2940 3754 3124 3821 Quare
3176 3754 3338 3807 etiam
3371 3754 3639 3809 Pharaoni

2063 3849 2360 3909 assimilari
2383 3856 2672 3919 poterunt,
2703 3857 2796 3903 aut
2822 3848 2914 3902 illo
2953 3862 3176 3917 quoque
3239 3846 3492 3901 duriores
3544 3846 3646 3901 oli-

361 3950 798 4021 stinatioresque
826 3952 1081 4017 censeri,
1129 3951 1400 4023 siquidem
1431 3952 1541 4017 ille,
1589 3950 1793 4007 divinis
1824 3949 1995 4018 plagis
2030 3944 2389 4006 admonitus,
2434 3940 2846 4011 quodammodo
2894 3940 3275 4001 emoliebatur,
3340 3939 3646 4008 propriam-

373 4060 489 4113 que
514 4043 860 4114 iniquitatem
890 4045 1192 4112 fatebatur;
1220 4045 1309 4100 isti
1330 4054 1516 4099 autem
1570 4043 1713 4098 inter
1762 4042 1973 4113 ﬂagella
2003 4040 2120 4095 dire
2147 4034 2545 4105 blasphemant.

963 4164 1218 4217 ΚΕΦΑΛ.
1250 4161 1379 4217 ΝΡ.

379 4280 522 4345 Περὶ
567 4278 679 4333 τοῦ
707 4280 848 4350 erce
889 4278 1009 4333 τῶν
1039 4279 1193 4332 ἑπτὰ
1234 4275 1465 4350 [ἁγίων]
1490 4275 1809 4350 angitur,
1842 4271 1959 4325 δει-

447 4344 709 4417 κνύντος
739 4344 1120 4419 τῷμακαρίῳ
1161 4344 1409 4413 ἰὠάννη
1442 4344 1562 4419 τὴν
1588 4344 1960 4419 τῆςΑπόρνης

446 4416 693 4487 πόλεως
717 4416 1070 4488 καθαίρεσιν
1090 4437 1103 4450 ·
1136 4420 1235 4473 καὶ
1278 4419 1413 4487 περὶ
1439 4417 1559 4472 τῶν
1589 4416 1742 4471 ἑπτὰ
1774 4430 1957 4483 κεφα-

444 4491 573 4546 λῶν
602 4491 697 4545 καὶ
723 4489 885 4564 [τῶν]
917 4490 1064 4543 δέκα
1094 4489 1375 4560 κεράτιον.

2634 4146 2862 4204 CAPUT
2914 4145 3046 4201 Llil.

2062 4264 2137 4318 De
2150 4276 2256 4318 uno
2281 4279 2308 4315 e
2324 4270 2519 4332 septem
2556 4267 2861 4332 sanctorum
2888 4258 3194 4327 angelorum
3216 4260 3556 4332 numero,_qui
3580 4260 3646 4332 Β.

2126 4334 2326 4389 Joanni
2356 4330 2613 4386 adultera:
2642 4330 2871 4383 civitatis
2924 4332 3240 4383 eversionem
3275 4330 3534 4384 ostendit:
3556 4330 3650 4384 de-

2129 4421 2227 4476 que
2244 4415 2439 4473 septem
2470 4400 2756 4455 meretricis
2795 4400 3078 4522 capitibus,
3108 4408 3158 4453 et
3204 4401 3378 4454 decem
3411 4400 3650 4469 ejusdem

2738 4487 2884 4522 corn:
2927 4487 3008 4522 us.

2738 4487 2985 4524 cornwus
2995 4510 3008 4524 ο

449 4609 561 4662 Kal
590 4602 781 4677 ἦλθεν
815 4602 903 4674 εἷς
930 4606 1000 4659 ἐκ
1025 4605 1143 4659 τῶν
1170 4604 1321 4658 ἑπτὰ
1350 4603 1623 4674 ἀγγέλων
1648 4600 1768 4655 τῶν
1788 4599 1951 4669 ἐχόν-

2141 4587 2306 4655 XVH,
2344 4588 2457 4644 1-5.
2494 4587 2561 4641 Ει
2603 4586 2738 4640 venit
2790 4600 2926 4637 unus
2951 4584 3014 4637 de
3042 4592 3235 4651 septem
3290 4581 3512 4652 angelis,
3559 4582 3651 4653 qui

280 4736 285 4739 -
373 4719 494 4756 των
520 4702 628 4768 τὰς
656 4699 848 4773 [ἑπτὰ]
883 4700 1138 4768 φιάλας·
1178 4698 1275 4753 καὶ
1318 4696 1589 4764 ἐλάλησε
1606 4695 1734 4766 μετ’
1767 4693 1913 4764 ἐμοῦ
1937 4734 1952 4759 ,

376 4792 572 4859 λέγων
610 4809 712 4861 μοι
732 4807 748 4822 ·
780 4790 986 4858 Δεῦρο,
1009 4789 1185 4853 δείξω
1218 4804 1317 4841 σοι
1340 4788 1409 4841 τὸ
1449 4788 1631 4856 κρῖμα
1663 4785 1773 4855 τῆς
1821 4786 1964 4852 πόρ-

376 4904 489 4954 νης
526 4884 636 4953 τῆς
680 4886 976 4956 μεγάλης.
1025 4883 1135 4953 τῆς
1186 4882 1531 4952 καθημένης
1569 4882 1667 4934 ἐπὶ
1727 4878 1967 4936 ὑδάτων

377 4980 661 5033 πολλῶν·
711 4981 840 5049 μεθ’
874 4974 949 5049 ἧς
987 4978 1371 5043 ἐπόρνευσαν
1415 4977 1470 5029 οι
1504 4974 1792 5039 βασιλεῖς
1854 4970 1963 5038 τῆς

377 5071 512 5141 γῆς,
546 5072 647 5125 καί·
670 5071 1097 5141 ἐμεθύσθησαν
1130 5071 1188 5124 οἱ
1237 5067 1662 5132 κατοικοῦντες
1701 5063 1819 5132 τὴν
1845 5063 1963 5134 γῆν

368 5165 447 5218 ἐκ
472 5166 576 5219 τοῦ
602 5162 774 5217 οἴνου
796 5161 903 5231 τῆς
930 5162 1216 5231 πορνείας
1244 5158 1436 5228 αὐτῆς
1463 5174 1477 5189 ·
1512 5158 1612 5212 καὶ
1658 5154 1966 5224 ἀπήνεγκέ

375 5273 454 5326 με
487 5258 576 5323 εις
624 5256 850 5326 ἔρημον
886 5258 955 5310 ἐν
995 5256 1311 5326 πνεύματι.
1356 5252 1468 5309 Καὶ
1495 5251 1661 5306 εἶδον
1710 5248 1969 5319 γυναῖκα

381 5348 733 5417 καθημένην
750 5347 847 5402 ἐπὶ
874 5349 1086 5418 θηρίον
1110 5348 1415 5404 κόκκινον,
1441 5344 1628 5414 γέμον
1655 5337 1973 5408 ὀνομάτων·

376 5441 798 5511 βλασφημίας,
838 5441 987 5513 ἔχον
1039 5440 1309 5511 κεφαλὰς
1364 5438 1534 5504 ἑπτὰ,
1592 5434 1685 5490 καὶ
1748 5431 1967 5500 κέρατα

383 5535 551 5588 δέκα.

454 5625 676 5697 Ταύτην
724 5624 823 5695 τὴν
876 5627 1109 5693 πόρνην
1140 5624 1288 5689 τινὲς
1318 5626 1396 5689 είς
1441 5622 1685 5678 παλαιὰν
1718 5620 1963 5692 Ῥώμην,

374 5720 460 5784 ὡς
488 5718 675 5774 ἐπάνω
727 5717 868 5772 ἑπτὰ
897 5717 1072 5789 ὀρέων
1111 5718 1397 5789 κειμένην,
1437 5716 1692 5783 ἐξέλαϐον
1717 5730 1732 5746 ο
1782 5714 1882 5780 τὰς
1908 5714 1968 5768 δὲ

522 5882 566 5913 ⁸⁸
596 5880 814 5935 Mattth.
846 5896 994 5944 sxw,
1025 5880 1113 5934 ‘21.

2064 4684 2326 4740 habebant
2356 4693 2553 4753 septem
2582 4679 2790 4750 phialas
2824 4694 2841 4732 :
2870 4687 2919 4730 et
2947 4677 3153 4730 locutus
3182 4685 3259 4731 est
3326 4693 3528 4729 mecum
3566 4676 3653 4728 di-

2068 4798 2187 4836 cens
2244 4779 2371 4834 mihi
2413 4794 2431 4832 :
2478 4775 2627 4840 Veni,
2665 4783 2717 4829 et
2774 4772 3051 4826 ostendant
3110 4769 3205 4822 tibi
3252 4769 3650 4823 damnationem

2067 4874 2356 4930 meretricis
2384 4884 2749 4941 magnar,qua:
2797 4866 2937 4919 sedet
3000 4878 3157 4931 super
3216 4878 3382 4933 aquas
3434 4862 3651 4924 multas.

2069 4984 2187 5023 eum
2217 4984 2319 5037 qua
2344 4963 2596 5035 fornicati
2628 4971 2753 5016 sunt
2783 4975 2926 5029 reges
2961 4968 3133 5021 terra},
3159 4965 3208 5009 et
3242 4955 3486 5009 inebriati
3530 4963 3655 5008 sunt

2065 5060 2155 5131 qui
2189 5054 2558 5111 inhabitabant
2587 5063 2779 5105 terram
2804 5049 2866 5102 de
2923 5048 3041 5099 vino
3087 5043 3478 5112 prostitut'ionis
3511 5044 3648 5111 ejus.

2070 5151 2139 5205 Et
2166 5147 2388 5204 abstulit
2419 5160 2497 5198 me
2520 5145 2574 5196 in
2607 5142 2797 5211 spiritu
2824 5140 2879 5193 in
2907 5143 3190 5192 desertum.
3221 5135 3286 5189 Et
3312 5136 3416 5189 vidi
3468 5133 3650 5187 mulie-

2071 5254 2180 5296 rem
2211 5242 2470 5294 sedentem
2499 5248 2655 5303 super
2684 5231 2905 5286 bestiam
2941 5229 3259 5288 coccineam,
3314 5228 3521 5295 plenam
3561 5240 3652 5281 no-

2074 5334 2304 5390 minibus
2334 5328 2688 5401 blasphemiw,
2725 5325 2996 5379 habentem
3019 5322 3197 5391 capita
3230 5330 3427 5388 septem
3454 5326 3507 5371 et
3533 5330 3656 5370 cor-

2081 5445 2185 5482 nua
2211 5427 2407 5480 decem.

2157 5614 2307 5669 Hanc
2334 5609 2654 5666 meretricem
2679 5603 2902 5676 quidam
2970 5610 3205 5655 veterem
3238 5595 3470 5649 Romam
3512 5592 3657 5648 desi-

2078 5724 2243 5781 gnare
2265 5713 2485 5777 putant,
2520 5712 2580 5755 ut
2615 5713 2737 5772 qua:
2754 5711 2917 5767 super
2948 5703 3158 5764 septem
3199 5688 3378 5744 colles
3412 5682 3662 5743 exanime
