4042 6598
366 385 475 467 375
1533 387 1867 451 ANDRE/E
1906 389 2430 457 CASSARIENSIS
3516 387 3627 453 376

366 509 490 556 cata
519 500 785 556 tradatur.
848 499 1055 570 Septem
1100 509 1283 555 autem
1356 501 1535 571 capita
1589 502 1792 566 bestitv,
1824 519 1946 573 qua:

2065 507 2187 562 ἑπτὰ
2217 510 2463 579 κεφαλὰς
2484 508 2579 565 τοῦ
2611 508 2782 579 αὐτὴν
2829 507 3195 578 βαστάζοντος
3228 503 3442 578 θηρίου,
3488 504 3631 558 ἑπτὰ

370 591 519 646 illam
573 601 902 658 sustentant,
963 600 1169 661 septem
1223 593 1601 647 eminentioris
1653 594 1950 663 impietatis

2065 599 2290 664 Βασιλεῖς
2321 602 2450 665 τοὺς
2476 600 2872 671 ἀσεϐεστέρους
2896 598 3141 662 πάντων,
3166 599 3293 662 τοὺς
3315 596 3427 651 ἀπὸ
3456 598 3630 665 Aous.

372 685 669 755 principes,
712 700 906 754 nempe
944 699 1136 738 omnes
1164 700 1193 738 a
1228 685 1445 740 Caesare
1498 684 1812 741 Domitiano
1863 702 1952 742 us-

2065 691 2236 747 ειανοῦ
2256 692 2417 765 μέχρι
2434 693 2820 765 Διοκλητιανοῦ
2838 693 2939 763 τὴν
2955 690 3286 758 Ἐκκλησίαν
3302 688 3625 755 διώξαντας·

324 838 327 839 ν
371 791 478 848 que
504 776 569 831 ad
596 776 1010 831 Diocletianum.
1044 774 1103 828 Ili
1128 776 1273 832 enim
1303 792 1495 831 omnes
1535 776 1626 830 Dei
1655 776 1951 834 Ecclesiam

2065 784 2213 854 ἡμεῖς
2236 782 2318 849 δὲ,
2352 784 2478 838 ὅσον
2504 786 2569 839 ἐκ
2590 785 2691 855 τῆς
2717 784 2827 838 τῶν
2857 786 3144 854 ἑπομένων
3194 779 3523 843 ἀκολουθίας
3542 779 3629 832 ὁδ-

371 868 716 923 atrocissime
748 880 877 923 sunt
907 870 1203 937 pus-cuti.
1244 867 1356 924 Nos
1382 878 1561 923 autem
1580 884 1648 923 ex
1671 869 1741 925 iis
1764 871 1955 940 conje-

2065 877 2355 948 ηγούμεθα,
2382 876 2589 947 ταύτην
2612 874 2754 931 εἶναι
2781 878 2879 948 τὴν
2915 876 3145 931 καθόλου
3187 877 3432 944 ἐπίγειον
3478 872 3631 945 βασιο

370 972 580 1016 etur.un
611 959 868 1015 facientes
895 975 1019 1029 quae
1053 960 1178 1013 hinc
1204 968 1531 1029 sequuntur,
1562 976 1658 1029 per
1682 963 1822 1014 hanc
1872 964 1957 1017 vel

2065 969 2231 1031 λείαν,
2260 966 2408 1040 [τὴνῖ
2436 969 2513 1031 ὡς
2541 965 2650 1039 ξὲν]
2683 970 2764 1021 ἐνὶ
2817 968 3032 1038 σώματι
3059 984 3074 1001 ο
3106 967 3140 1037 ἢ
3182 966 3281 1039 τὴν
3310 965 3475 1035 μέχρι
3528 961 3631 1031 τῆς

373 1051 681 1109 universale
713 1052 869 1109 orbis
894 1059 1053 1107 terrae
1085 1066 1336 1121 regnum,
1367 1049 1420 1104 in
1455 1065 1623 1104 unum
1646 1051 1808 1117 quasi
1828 1068 1953 1107 cor-

2065 1055 2156 1110 τοῦ
2199 1057 2577 1128 Ἀντιχρίστου
2598 1059 2931 1130 παρουσίας,
2990 1055 3417 1129 βασιλευομένην
3475 1051 3635 1107 πόλιν

373 1162 475 1216 pus
499 1146 816 1210 conflatum,
839 1147 1174 1201 insinuatum
1202 1143 1603 1198 existimamus:
1628 1155 1719 1198 aut
1741 1158 1956 1214 prmno-

2065 1148 2303 1220 οίόμεθαο
2334 1151 2369 1221 ή
2409 1151 2519 1222 γὰρ
2570 1151 2781 1206 παλαιὰ
2852 1150 3039 1223 Ῥώμη
3102 1153 3169 1205 ἐκ
3209 1148 3406 1204 πολλοῦ
3435 1146 3497 1201 τὸ
3533 1146 3636 1216 τῆς

376 1239 537 1292 bilem
586 1253 650 1293 ac
673 1246 1063 1309 praepotentem
1101 1238 1410 1305 quampiam
1455 1237 1753 1300 civitatem,
1812 1254 1960 1310 qua},

2065 1240 2338 1310 βασιλείας
2383 1244 2586 1314 κράτος
2625 1243 2931 1297 ἀπέϐαλενσ
2984 1245 3034 1297 εί
3083 1243 3159 1313 μὴ
3192 1238 3528 1311 ὑποθώμεθα
3556 1239 3637 1302 είς

373 1346 550 1404 usque
591 1332 655 1386 ad
686 1330 1002 1386 Antichristi
1033 1330 1347 1393 adventum,
1368 1329 1730 1399 principatum
1751 1331 1806 1387 in
1836 1340 1962 1386 ter-

2065 1330 2227 1404 αὐτὴν
2258 1332 2323 1386 τὸ
2375 1335 2607 1405 ἀρχαῖον
2632 1334 2798 1390 πάλιν
2827 1335 3189 1405 ἀναστρέφειν
3228 1332 3469 1401 ἀξίωμα.
3497 1328 3639 1383 Ἀλλ’

374 1439 558 1479 rarum
595 1423 813 1479 orbesit
846 1423 1134 1478 obtentura
1161 1463 1176 1488 ,
1219 1420 1490 1490 siquidem
1521 1422 1743 1491 antiqua
1787 1421 1960 1479 Roma

2065 1423 2108 1475 εἰ
2158 1422 2315 1477 τοῦτο
2369 1423 2637 1496 δώσομεν,
2682 1424 3258 1497 προκαθαιρεθήσεται
3292 1425 3327 1494 ἡ
3361 1419 3642 1493 κρατοῦσα

370 1517 491 1585 jam
517 1516 643 1573 olim
678 1515 889 1586 imperii
932 1515 1271 1585 majestatem
1288 1514 1494 1569 amisit.
1514 1512 1632 1569 Nisi
1658 1514 1785 1585 quis
1845 1514 1959 1569 for-

2065 1516 2305 1589 σήμερον
2328 1532 2344 1549 ο
2371 1520 2507 1588 φησὶ
2536 1519 2645 1591 γὰρ
2672 1518 2707 1589 ἠ
2750 1517 3142 1588 Ἀποκάλυψιςο

373 1631 471 1670 san
495 1613 791 1668 arbitretur
830 1611 1116 1683 pristinam
1157 1611 1477 1681 dignitatem
1537 1620 1593 1666 et
1622 1611 1967 1679 maiestatem
1994 1627 2102 1667 suo
2126 1620 2311 1681 postea
2340 1623 2585 1683 tempore
2636 1614 2818 1670 denuo
2866 1621 3335 1684 recuperaturam.
3408 1608 3639 1673 Verum,

376 1709 480 1769 hoc
501 1707 768 1771 admisso,
802 1706 995 1761 civitas
1038 1705 1128 1759 illa
1180 1718 1543 1776 magna,qua:
1599 1704 1757 1760 hodie
1790 1704 2088 1775 primatum
2141 1705 2373 1774 obtinet,
2397 1722 2434 1763 ο
2506 1708 2685 1764 medio
2720 1707 2953 1764 lacessat
2993 1714 3228 1778 oportet.
3263 1704 3399 1760 Nam
3425 1703 3641 1774 Apocac

378 1800 546 1873 lypsis
576 1799 737 1854 verba
764 1810 927 1853 sunt:

450 1894 740 1952 Etmulicr
765 1911 922 1966 quam
966 1894 1169 1958 vidisti,
1223 1903 1301 1950 est
1356 1895 1541 1950 civitas
1574 1910 1788 1965 magna,
1836 1910 1953 1965 qum

2141 1891 2211 1947 Ἦ
2234 1891 2397 1963 γυνὴ
2427 1890 2513 1959 ἦν
2545 1886 2725 1957 εἶδες,
2756 1889 2932 1945 ἐστιν
2968 1888 3011 1956 ἡ
3059 1888 3239 1955 πόλις
3298 1888 3341 1957 ὴ
3379 1887 3646 1958 perdta,

378 1986 532 2043 habet
562 1987 839 2056 imperium
874 2001 1028 2054 super
1042 2000 1182 2054 reges
1214 1993 1390 2039 terrae.

2065 1985 2149 2059 [ἦ]
2177 1988 2410 2056 ἔχουσα
2463 1984 2579 2054 τὴν
2630 1983 2963 2052 βασιλείαν
3020 1981 3121 2036 ἐπὶ
3172 1981 3292 2037 τῶν
3330 1982 3648 2048 ,ϐασιλέων

2059 2076 2172 2147 τῆς
2199 2075 2335 2148 γῆςο

448 2189 651 2247 Verum
677 2189 745 2245 de
768 2190 873 2246 hoc
911 2190 964 2244 in
995 2190 1375 2260 sequentibus,
1420 2190 1466 2245 si
1492 2188 1634 2244 Deus
1697 2190 1960 2261 permise-

376 2286 471 2353 rit,
504 2286 815 2342 accuratius
851 2305 863 2340 :
908 2299 1056 2339 nunc
1085 2293 1267 2339 autem
1329 2293 1697 2355 opportunum
1746 2283 1961 2340 videtur

379 2376 638 2445 indagare
684 2374 995 2445 cuiusmodi
1025 2374 1096 2428 sit
1121 2376 1398 2429 desertum
1441 2375 1572 2429 illud
1608 2374 1665 2429 in
1700 2376 1846 2446 quod
1865 2391 1961 2447 per

379 2467 633 2537 spiritum
676 2483 736 2522 se
764 2466 1062 2521 abductum
1091 2466 1376 2535 profitetur
1403 2465 1497 2522 ille
1516 2467 1608 2537 qui
1639 2467 1754 2523 haec
1808 2468 1960 2525 vide-

381 2558 495 2614 bat.
530 2556 810 2612 Desertum
842 2556 1075 2627 proinde
1130 2558 1181 2612 in
1224 2558 1387 2613 rebus
1443 2558 1785 2627 spiritalibus
1842 2574 1961 2614 om-

383 2665 507 2706 nem
546 2650 846 2716 civitatem,
879 2658 974 2705 aut
1005 2664 1356 2706 numerosam
1389 2650 1629 2715 turbam,
1658 2660 1753 2706 aut
1780 2650 1960 2706 homi-

383 2757 514 2798 num
544 2740 952 2798 multitudinem
987 2741 1253 2796 denotare
1282 2750 1560 2811 putamus,
1588 2756 1711 2812 quze
1738 2741 1810 2797 ob
1840 2742 1961 2795 ani-

382 2850 486 2892 ma:
512 2834 911 2895 temulentiam.
944 2841 1040 2888 aut
1073 2842 1286 2903 turpem
1312 2848 1341 2886 a
1372 2832 1482 2888 Deo
1514 2832 1958 2897 fornicationem,

380 2936 476 2983 aut
506 2926 610 2981 alia
642 2926 913 2997 ejusmodi
972 2925 1230 2990 erimina,
1283 2925 1425 2992 apud
1475 2925 1645 2980 Deum
1708 2926 1761 2980 iu
1816 2941 1960 2981 noxa

378 3029 482 3074 est.
512 3017 632 3072 Alio
658 3018 820 3072 modo
849 3015 954 3071 dici
988 3022 1188 3086 potest,
1214 3014 1520 3084 apostolum
1548 3013 1816 3070 Joannem
1847 3016 1959 3086 spi-

378 3109 522 3164 ritali
552 3108 753 3165 mentis
780 3108 940 3163 oculo
966 3108 1185 3178 plenam
1217 3106 1493 3176 praedicta:
1517 3108 1820 3163 meretricis
1858 3107 1957 3164 de-

378 3202 705 3257 solationem
734 3201 1075 3256 observasse.
1151 3197 1301 3254 Vidit
1328 3209 1508 3254 autem
1562 3215 1683 3254 eam
1714 3201 1960 3255 muliebri

2132 2192 2244 2245 Καὶ
2273 2191 2402 2262 περὶ
2432 2189 2532 2260 μὲν
2556 2178 2857 2253 τούτου,’ὲν
2882 2189 2997 2251 τοίς
3029 2185 3290 2257 καθεξῆς,
3330 2184 3407 2250 ὡς
3437 2184 3505 2240 ἂν
3550 2203 3643 2256 χο-

2064 2284 2335 2357 ρηγήσηὸ
2383 2282 2538 2345 Θεὸς,
2574 2280 2993 2353 ἁκριϐὡσομεν·
3042 2280 3341 2347 ἀναγκαίον
3391 2277 3447 2330 δὲ
3501 2276 3644 2349 [νῦν]

2061 2380 2237 2432 εἰπεῖν
2272 2377 2395 2431 τίνα
2444 2377 2550 2447 χρὴ
2607 2376 2828 2444 νομίσαι
2863 2374 2960 2446 τὴν
2989 2373 3195 2445 ἔρημον
3223 2374 3307 2437 είς
3326 2373 3393 2443 ἢν
3436 2371 3647 2443 ἀπηνέ-

2061 2468 2187 2539 χθαι
2209 2466 2375 2538 φησὶν
2409 2468 2467 2519 ἐν
2500 2466 2773 2536 πνεύματι
2806 2464 2855 2538 [ό
2878 2463 3051 2518 ταῦτα
3093 2461 3354 2535 multum].
3380 2465 3650 2532 Ἕρημοθν

2059 2561 2243 2614 τοίνυν
2275 2562 2333 2613 ἐν
2361 2562 2472 2623 τοῖς
2503 2560 2897 2629 πνευματικοῖς
2920 2556 3227 2629 ἡγούμεθα,
3273 2558 3455 2610 πᾶσαν
3488 2554 3647 2609 πόλιν

2061 2651 2095 2724 ἢ
2128 2650 2337 2721 πληθὺν
2362 2649 2764 2723 [πολυάριθμον
2793 2648 2910 2720 καὶ]
2932 2648 3359 2717 πολυάνθρωπον
3380 2647 3474 2700 ἐπὶ
3505 2646 3644 2717 μέθῃ

2060 2741 2241 2812 ψυχῆς
2273 2740 2368 2793 καὶ
2398 2744 2462 2810 τῇ
2494 2742 2559 2793 ὲκ
2588 2740 2725 2793 Θεοῦ
2760 2740 2987 2811 πορνείᾳ
3013 2741 3105 2793 καὶ
3133 2739 3340 2809 ἑτέροις
3380 2739 3644 2801 τοιούτοις

2063 2831 2477 2904 ὲγκαλουμένην
2507 2832 2844 2902 τολμήμασι.
2881 2833 2991 2886 Καὶ
3018 2830 3221 2900 ἑτέρως
3254 2830 3311 2883 δὲ
3339 2828 3559 2899 νοητὲον
3576 2831 3645 2900 τῇ

2071 2924 2281 2996 θεωρίᾳ
2297 2924 2391 2979 τοῦ
2410 2924 2723 2995 πνεύματος
2752 2925 2881 2979 ἰδεῖν
2898 2925 2990 2977 τὸν
3009 2923 3306 2978 ἀπόστολον
3330 2922 3345 2995 [
3368 2917 3651 2993 Ἰωάννην]

2061 3018 2161 3087 τῆς
2188 3018 2597 3089 προρῤηθείσης
2619 3018 2825 3088 πόρνης
2865 3019 2963 3088 τὴν
2995 3018 3277 3087 ἐρήμωσιν
3298 3029 3311 3044 ⁸
3340 3018 3408 3087 ἣν
3438 3014 3515 3079 ὡς
3543 3031 3644 3083 γυ-

2061 3110 2242 3165 ναῖκα
2274 3110 2513 3181 ἑώρακε,
2553 3111 2641 3165 διὰ
2664 3112 2727 3164 τὸ
2751 3110 3169 3181 τεθηλυμμένον
3194 3108 3332 3181 πρὸς
3361 3106 3642 3179 ἁμαρτίαν

2065 3203 2161 3257 καὶ
2201 3202 2486 3273 ἄνανδρον.
2510 3202 2845 3273 Καθημένην
2900 3202 2957 3255 δὲ
2988 3202 3082 3254 ἐπὶ
3136 3200 3327 3271 θηρίου
3364 3198 3640 3261 κοκκίνου,

379 3293 645 3350 schemate
699 3303 968 3357 ornatam,
1004 3300 1288 3363 propterea
1338 3292 1482 3361 quod
1535 3292 1607 3347 sit
1650 3293 1959 3350 elfeminata

2065 3292 2153 3346 διὰ
2180 3292 2239 3345 τὸ
2268 3292 2345 3362 τῷ
2373 3292 2606 3362 διαϐόλῳ
2641 3292 2721 3364 τῷ
2747 3293 2915 3362 φονίῳ
2952 3292 3045 3344 καὶ
3073 3292 3387 3361 αίμοχαρεῖ,
3416 3287 3639 3357 ταύτην,

378 3394 437 3441 ot
460 3388 527 3443 ad
550 3394 831 3459 peccatum
866 3399 1155 3455 propensa,
1189 3383 1441 3453 virilique
1462 3385 1659 3439 robore
1682 3386 1961 3442 destituta.

382 3478 530 3535 Vidit
554 3479 805 3535 eamdem
840 3494 995 3548 aeque
1027 3494 1183 3547 super
1212 3478 1439 3532 bestiam
1463 3480 1759 3533 coccineum
1777 3481 1963 3533 sedem.

380 3578 506 3637 tem,
524 3572 632 3642 76
644 3573 713 3627 ob
728 3571 786 3626 id
800 3570 984 3626 forsan
1003 3572 1144 3640 quod
1165 3578 1380 3641 propter
1397 3570 1601 3625 nefaria
1627 3586 1786 3642 opera
1803 3587 1965 3642 super

383 3662 779 3733 tliabolum,qui
812 3662 961 3718 caede
990 3670 1045 3717 et
1095 3662 1364 3733 sanguine
1414 3663 1635 3732 gaudet,
1677 3664 1965 3732 quiescere

380 3752 573 3808 soleat.
607 3752 710 3807 Per
734 3768 855 3822 quae
881 3752 1043 3807 etiam
1068 3768 1231 3823 opera
1258 3752 1510 3808 idoneam
1536 3761 1797 3823 apostatte
1823 3754 1968 3810 blas-

384 3844 725 3913 phemiarum
759 3853 951 3899 contra
996 3843 1164 3897 Deum
1214 3844 1498 3899 materiam
1556 3844 1957 3901 subministrat.

382 3932 748 3991 lmtnanitatis
783 3950 1020 4001 namque
1040 3942 1095 3989 et
1131 3934 1363 3990 feritatis
1402 3936 1715 4006 mentisque
1752 3936 1957 3993 caedem

2062 3383 2151 3437 διὰ
2176 3383 2429 3456 πονηρῶν
2455 3385 2709 3455 πράξεων
2752 3386 3237 3440 ἐπαναπαύεσθαι·
3270 3385 3352 3439 διὸ
3384 3385 3649 3452 συνεργὸς

2063 3476 2123 3526 ὲν
2147 3476 2268 3538 ταῖς
2298 3476 2443 3529 κατὰ
2469 3476 2605 3530 Θεοῦ
2639 3476 3016 3548 βλασφημίαις
3059 3476 3139 3547 τῷ
3180 3477 3467 3549 ἀποστάτῃ
3504 3476 3648 3544 γίνε-

2063 3584 2171 3621 ται.
2218 3568 2513 3640 Ὠμότητος
2558 3569 2669 3639 γὰρ
2723 3570 2817 3623 καὶ
2874 3569 3208 3640 ἀγριότητος
3266 3569 3364 3622 καὶ
3417 3565 3648 3638 φονικῆς

2065 3660 2291 3731 γνώμης
2336 3661 2398 3714 τό
2450 3679 2510 3715 τε
2568 3661 2761 3733 θηρίον
2814 3662 2910 3716 καὶ
2970 3662 3034 3716 τὸ
3080 3662 3334 3715 κόκκινον
3365 3656 3642 3733 ΙχρῶμαῙ,

2077 3753 2367 3825 γνώρισμα
2392 3770 2404 3784 ·
2439 3754 2569 3826 περὶ
2615 3755 2671 3809 δὲ
2694 3755 2803 3809 τῶν
2826 3755 2967 3808 ἑπτὰ
2996 3753 3251 3825 κεφαλῶν
3273 3754 3368 3807 καὶ
3392 3752 3525 3807 δέκα
3553 3768 3650 3804 κε-

2071 3848 2273 3921 ράτων,
2302 3849 2359 3901 ὲν
2388 3852 2499 3913 τοῖς
2528 3849 2655 3920 ἑξῆς
2686 3848 2807 3922 [σὺν
2835 3848 2981 3922 Θεῷ]
3011 3850 3075 3903 ὲκ
3113 3846 3209 3902 τοῦ
3238 3847 3385 3902 θείου
3408 3844 3645 3916 ἀγγέλου

2070 3939 2448 4010 μαθησόμεθα.

384 4025 645 4095 spirantis
675 4025 937 4081 indicium
968 4035 1073 4087 est,
1111 4041 1236 4081 cum
1267 4025 1437 4081 bestia
1479 4026 1618 4095 ipsa,
1650 4036 1761 4081 tttm
1791 4030 2082 4084 coccineus
2111 4047 2332 4102 quoque
2396 4032 2645 4101 ejusdem
2713 4034 2883 4089 color.
2945 4033 3118 4089 Porro
3168 4033 3236 4090 de
3263 4042 3470 4105 septem
3500 4030 3650 4103 capi-

386 4120 530 4175 tibus
548 4128 602 4174 et
633 4118 819 4174 decem
846 4118 1130 4182 cornibus,
1158 4117 1320 4188 paulo
1347 4126 1492 4189 post,
1523 4117 1636 4174 Deo
1667 4118 1805 4175 bene
1834 4122 2092 4192 propitio,
2130 4138 2225 4192 per
2256 4125 2506 4196 angelum
2540 4126 2901 4181 instruemur.

452 4237 781 4305 XVll,4.Et
804 4239 993 4294 mulier
1008 4239 1338 4293 circumdata
1363 4247 1732 4309 eralpurpura
1765 4250 1814 4294 et
1849 4256 1963 4294 cocv

382 4334 525 4400 cina;
545 4344 595 4388 et
625 4334 875 4387 inaurata
896 4348 1052 4397 auro,
1104 4342 1154 4387 et
1204 4334 1380 4404 lapide
1402 4334 1652 4402 pretioso,
1676 4342 1725 4387 et
1748 4348 1959 4403 marga-

382 4428 524 4484 ritis.

453 4540 803 4599 Circumdata
831 4549 915 4595 est
938 4556 1174 4609 purpura
1194 4549 1243 4595 et
1290 4544 1523 4604 coccino,
1584 4556 1707 4611 quae
1749 4540 1960 4610 imperii
1998 4571 2044 4628 ο

382 4638 516 4689 sunt
542 4630 809 4705 symbola,
848 4630 916 4685 ad
951 4630 1363 4699 exprimendum
1388 4631 1749 4695 dominatum,
1803 4646 1964 4700 quem

386 4725 441 4779 in
466 4739 661 4778 omnes
679 4731 915 4778 exercet.
945 4721 1090 4778 ldem
1122 4739 1341 4794 quoque
1371 4738 1467 4793 per
1494 4724 1727 4792 lapidem
1773 4725 1969 4794 pretio-

384 4833 529 4883 sum,
546 4824 601 4872 et
625 4815 972 4887 margaritas,
1005 4817 1209 4886 quibus
1227 4824 1549 4879 exornatur,
1606 4816 1964 4887 significatur.

457 4904 672 4962 Habeas
717 4906 963 4976 poculum
1015 4922 1234 4963 aureum
1294 4907 1349 4961 in
1388 4921 1551 4959 manu
1593 4921 1712 4970 sua,
1758 4905 1969 4976 pienum

384 4997 776 5055 abominatioue
807 5007 855 5052 et
888 4996 1248 5053 immunditia.

1821 5070 1896 5097 ‘5-

458 5207 562 5267 Per
588 5202 859 5276 poculum,
903 5215 1192 5271 pravorum
1249 5215 1501 5271 operum,
1553 5204 1687 5259 dum
1729 5206 1966 5276 primum

385 5309 698 5375 sustantur,
717 5294 951 5354 dulcedo
973 5292 1328 5363 exprimitur;
1386 5310 1483 5365 per
1514 5313 1706 5351 aurum
1755 5314 1962 5364 autem,

385 5393 595 5466 praemii
635 5389 959 5461 amplitudo,
991 5386 1074 5441 vel
1127 5401 1301 5456 pmnm
1347 5402 1566 5458 quoque
1617 5390 1696 5460 (ut
1745 5394 1964 5462 quidam

384 5501 665 5558 exponens
696 5482 829 5539 illud
861 5480 965 5537 Job
987 5497 1001 5538 :
1022 5479 1212 5534 Bibeus
1240 5479 1558 5536 derisionem
1599 5484 1771 5537 instar
1791 5502 1961 5556 aqum,

386 5581 666 5653 opinatur)
694 5575 1054 5646 magnitudo:
1080 5575 1162 5629 vel
1204 5590 1365 5630 manu
1406 5585 1553 5631 certe
1592 5578 1846 5647 poculum
1880 5589 1965 5635 te-

388 5683 505 5741 net,
527 5682 588 5728 ut
610 5675 835 5744 ptimum
868 5672 957 5727 fiat
988 5668 1252 5741 malitiam
1287 5668 1506 5733 sectari,
1572 5686 1682 5725 non
1726 5678 1785 5727 ut
1839 5673 1965 5730 inde

387 5768 638 5830 satietur,
671 5767 762 5821 sed
798 5776 855 5820 ut
882 5765 1205 5835 perditionis
1247 5763 1393 5818 illius
1449 5764 1689 5817 studium
1742 5775 1794 5820 ct
1841 5768 1963 5824 sitis

389 5862 790 5924 manifestum.
826 5863 966 5920 Suas
1035 5860 1263 5934 proinde
1306 5858 1765 5926 abominationes,
1826 5879 1963 5934 quas

2144 4238 2253 4293 Kal
2279 4238 2317 4306 ἠ
2355 4239 2515 4309 γυνὴ
2552 4236 2631 4311 ἦν
2680 4239 3160 4310 περιϐεϐλημένη
3192 4238 3510 4308 πορφύραν
3546 4236 3645 4292 καί

2074 4330 2379 4395 κόκκινον,
2407 4329 2557 4403 [καὶ]
2600 4330 3034 4401 κεχρυσωμένη
3081 4330 3318 4401 χρυσίῳ
3352 4329 3455 4384 καί
3496 4330 3647 4397 λίθῳ

2072 4423 2243 4490 τιμίῳ
2274 4421 2374 4476 καὶ
2402 4423 2815 4491 μαργαρίταις.

2142 4536 2439 4591 Κόκκινον
2451 4535 2521 4590 δὲ
2544 4537 2639 4591 καὶ
2659 4540 2974 4609 πορφύραν
2999 4539 3408 4611 περιϐέϐληται,
3439 4537 3517 4603 ὡς
3550 4537 3650 4610 τῆς

2071 4632 2365 4700 ἠγεμονίας
2398 4630 2499 4701 τῆς
2556 4633 2701 4686 κατὰ
2740 4636 2957 4687 πάντων
2988 4633 3270 4705 σύμϐολαο
3292 4633 3374 4687 διὸ
3398 4632 3532 4704 λίθῳ
3560 4649 3647 4687 τι·

2072 4724 2181 4795 μίῳ
2208 4724 2301 4777 καὶ
2330 4725 2699 4796 μαργαρίταις
2733 4726 3093 4798 κεκόσμηται.

2145 4909 2421 4975 Ἔχουσα
2445 4908 2725 4977 χρυσοῦν
2757 4909 3051 4979 ποτήριον
3073 4908 3142 4963 ἐν
3162 4908 3239 4979 τῇ
3265 4911 3413 4980 χειρί
3436 4909 3650 4979 αὐτῆς,

2069 5000 2254 5071 γέμον
2284 5002 2723 5074 ,βδελυγμάτων
2742 5020 2756 5035 ο
2790 5003 2885 5057 καὶ
2924 5003 2997 5058 τὰ
3026 5001 3332 5072 ἀκάθαρτα
3371 5003 3482 5073 τῆς
3508 5021 3649 5075 πορ-

2070 5096 2237 5161 νείας
2263 5093 2472 5162 αὐτῆς.

2142 5212 2242 5263 Διὰ
2278 5209 2380 5281 μὲν
2426 5208 2524 5263 τοῦ
2569 5211 2864 5278 ποτηρίου
2918 5210 2981 5265 τὸ
3014 5210 3151 5282 πρὸς
3180 5210 3340 5264 πόσιν
3384 5209 3484 5281 ἡδὺ
3538 5208 3651 5262 τῶν

2070 5304 2323 5375 πονηρῶν
2352 5303 2643 5375 πράξεων,
2693 5303 2784 5358 διὰ
2831 5303 2890 5357 δὲ
2922 5302 3018 5358 τοῦ
3081 5303 3317 5372 χρυσοῦ
3365 5303 3426 5356 τὸ
3466 5301 3649 5372 τίμιον

2068 5398 2421 5462 ἐνδείκνυται,
2466 5395 2541 5460 ὥς
2580 5397 2713 5468 φησι
2757 5415 2842 5461 τις
2894 5399 3022 5469 περὶ
3062 5396 3161 5450 τοῦ
3230 5395 3392 5449 ’ἰώόο
3447 5396 3648 5450 Πίνων

2062 5491 2484 5564 μυκτηρισμὸν
2533 5491 2641 5547 ἴσα
2668 5491 2829 5558 ποτῷ
2856 5534 2870 5557 ,
2905 5494 2984 5556 εἰς
3021 5489 3251 5557 ἔνδειξιν
3279 5491 3363 5544 ὃτι
3430 5490 3492 5543 οὐ
3521 5490 3646 5544 δια-

2068 5586 2265 5656 κόρως,
2281 5584 2399 5640 ἀλλ’
2423 5586 2480 5637 ὲν
2505 5584 2650 5652 δίψει
2666 5583 2767 5653 τῆς
2784 5583 2993 5645 οίκείας
3017 5582 3298 5645 ἀπωλείας
3318 5582 3417 5653 τὴν
3443 5581 3645 5636 κακίαν

2069 5679 2412 5751 μετέρχεται.
2448 5678 2539 5731 Διὸ
2563 5678 2765 5750 ἑαυτῆς
2802 5677 2875 5730 τὰ
2906 5676 3273 5746 βδελύγματα,
3302 5676 3549 5730 τουτέστι
3577 5674 3649 5728 τὰ.

2068 5771 2333 5844 βδελυκτὰ
2358 5772 2434 5844 τῷ
2473 5773 2593 5843 Θεῷ
2621 5772 3051 5843 ἐπιτηδεύματα,
3109 5769 3412 5839 ἐπλήθυνεν
3438 5785 3452 5799 °
3500 5762 3580 5831 οἷς
3610 5770 3643 5838 ὴ

2067 5866 2407 5939 ςιλάμαρτος
2437 5866 2639 5939 πληθὺς
2674 5865 2975 5932 ποτίζεται,
3010 5864 3082 5928 ὡς
3136 5864 3233 5935 ἡδὶ)
3273 5863 3421 5935 πόμα
3456 5863 3657 5919 amitae.
