4042 6572
398 383 502 451 3'77

1354 386 1966 453 COMMENTARIUS
2000 389 2084 453 IN
2117 388 2651 452 APOCALYPSIN.

3558 370 3673 454 318

394 500 496 568 τὴν
548 494 861 567 βδελυκτὴν.
891 496 993 567 τῆς
1035 496 1312 569 ἁμαρτίας
1375 500 1572 572 μέθην,
1624 504 1721 557 καὶ
1776 505 1879 576 τῆς
1914 508 1978 567 ὲκ

2103 505 2226 559 lens
2254 505 2489 560 subinde
2516 511 2855 568 exsecratur,
2885 501 3237 573 multiplicat,
3274 501 3477 571 quibus
3550 513 3670 555 tur-

395 586 534 642 Θεοῦ
566 588 825 657 πορνείας
856 588 958 659 τὴν
987 588 1316 659 βεϐήλωσιν.

2088 599 2210 651 bam
2241 613 2456 668 quoque
2485 596 2722 666 peccatis
2768 596 3005 650 deditam
3065 595 3320 661 inebriat,
3365 610 3669 663 earumque

394 692 814 747 abominabilem
856 689 1062 762 peccati
1098 688 1468 745 temulentiam
1500 689 1902 763 profanamque
1928 708 1960 747 a
2002 691 2113 748 Deo
2132 694 2544 759 scortatiouem,
2589 692 2747 747 avide
2804 690 2971 746 veluti
3019 691 3177 747 dulce
3227 690 3503 761 poculum,
3527 687 3671 741 hanc

393 785 506 839 rire
536 783 694 839 solet.

465 881 573 936 Kal
605 879 704 933 ἐπὶ
734 878 797 932 τὸ
817 877 1095 947 μέτωπον
1112 877 1304 946 αὐτῆς
1327 876 1517 947 ὄνομα
1540 878 1975 948 γεγραμμένον,

399 970 784 1038 Μυστήριον·
845 967 1137 1024 Βαϐυλὼν
1186 968 1226 1036 ή
1268 968 1502 1039 μεγάλη
1536 970 1575 1038 ἡ
1623 968 1823 1040 μήτηρ
1862 969 1982 1024 τῶν

397 1060 642 1130 πορνῶν
678 1061 777 1115 καί
809 1060 929 1114 τῶν
950 1059 1391 1130 βδελυγμάτων
1414 1058 1525 1128 τῆς
1551 1061 1686 1130 γῆς.

478 1154 545 1207 Ἦ
576 1154 634 1208 δὲ
665 1152 755 1206 τοῦ
774 1152 1053 1222 μετώπου
1100 1152 1321 1221 γραφὴ,
1368 1152 1429 1205 τὸ
1462 1152 1982 1224 ἀπηρυθριασμένον

400 1245 524 1319 [τῆς
570 1245 786 1308 ἀδικίας
831 1243 951 1316 καὶ]
995 1244 1097 1314 τῆς
1129 1243 1239 1297 τῶν
1284 1244 1778 1315 πλημμελημάτων
1825 1244 1980 1313 δηλοῖ

399 1335 826 1407 ἑκπληρὼσεως,
851 1338 948 1390 καὶ
981 1334 1083 1405 τῆς
1112 1335 1413 1407 καρδωκῆς
1464 1335 1785 1407 συγχύσεως
1812 1353 1827 1368 ο
1854 1338 1889 1406 ὴ
1918 1335 1978 1389 δὲ

394 1429 620 1498 μήτηρ,
655 1428 717 1483 τὸ
741 1429 840 1499 τῆς
877 1429 1120 1499 ψυχικῆς
1148 1429 1407 1499 πορνείας
1449 1423 1591 1482 εἶναι
1643 1428 1850 1497 ταύτην
1902 1429 1981 1482 δι-

400 1520 670 1575 δάσκαλον
689 1523 813 1585 ταῖς
842 1521 1175 1593 ἁρχομέναις
1196 1522 1409 1587 πόλεσι,
1433 1522 1534 1586 τὰς
1575 1522 1877 1593 βδελυκτὰς
1903 1524 1983 1595 τῷ

400 1609 524 1683 Θεῷ
546 1611 883 1684 παρανομίας
901 1612 1212 1667 τίκτουσαν.

995 1812 1246 1868 ΚΕΦΑΛ.
1282 1814 1406 1868 NA’.

488 1922 681 1997 Ὅπως
711 1926 744 1978 ό
781 1924 1037 1995 ἅγγελος
1102 1925 1171 1980 τὸ
1199 1926 1417 1996 ὀραθέν
1460 1926 1621 1993 αὐτῷ
1642 1927 1984 1997 μυστήριον

407 1994 779 2061 ἡρμήνευσε.

479 2105 588 2158 Καί
612 2101 779 2159 εἶδον
800 2105 918 2175 τὴν
935 2106 1191 2176 γυναῖκα
1218 2108 1570 2177 μεθύουσαν
1592 2111 1659 2165 ἐκ
1686 2112 1793 2166 τοῦ
1816 2114 1987 2183 utpa-

408 2213 509 2263 τος
536 2196 657 2251 τῶν
685 2197 871 2268 ἁγίων
904 2199 1000 2251 καί
1018 2199 1085 2253 ἐκ
1108 2198 1216 2253 τοῦ
1240 2200 1489 2269 αἵματος
1515 2202 1633 2255 τῶν
1646 2206 1983 2273 μαρτύρων

409 2291 506 2343 καί
534 2289 865 2359 ἐθαύμασα.
921 2290 1067 2345 ίδὼν
1111 2290 1379 2365 [αὐτὴν,]
1419 2294 1615 2363 θαῦμα
1670 2298 1845 2366 μέγα.
1880 2298 1989 2352 Καὶ

409 2381 543 2434 είπέ
580 2398 684 2450 μοι
719 2384 751 2435 ό
789 2380 1065 2451 ἄγγελος-ο
1109 2385 1273 2435 Διατί
1320 2384 1707 2453 ἐθαύμασας;
1739 2387 1853 2457 ἐγὼ
1888 2404 1989 2442 σοι

409 2470 524 2541 ἐρῶ
544 2472 611 2547 τὸ
638 2471 976 2540 μυστήριον
1021 2470 1135 2541 τῆς
1165 2475 1473 2542 γυναικὸς,
1502 2477 1599 2529 καί
1640 2478 1748 2533 τοῦ
1780 2480 1990 2547 θηρίου

412 2564 520 2619 τοῦ
543 2563 956 2630 βαστάζοντος
999 2564 1215 2633 αὐτὴν,
1256 2565 1399 2639 [καὶ]
1444 2568 1550 2623 τοῦ
1587 2570 1840 2640 ἔχοντος
1888 2573 1993 2640 τὰς

411 2656 564 2710 ἑπτὰ
585 2656 857 2726 κεφαλὰς
878 2658 975 2711 καί
1002 2658 1074 2711 τὰ
1107 2657 1254 2711 δέκα
1288 2658 1527 2727 κέρατα.

483 2748 562 2803 Τὸ
584 2749 918 2820 φερωνύμως
974 2752 1097 2814 ταῖς
1156 2752 1418 2821 πράξεσιν
1461 2754 1805 2813 ἐπιτίθεσθαι
1856 2774 1994 2827 γρα-

417 2842 594 2910 φικῶς
627 2842 699 2895 τὰ
729 2842 972 2912 ὀνόματα
1008 2845 1132 2907 ταῖς
1161 2845 1405 2910 πόλεσιν,
1438 2848 1503 2899 ὲκ
1552 2847 1767 2900 πολλῶν
1797 2850 1994 2919 μαθεῖν

417 2934 624 2999 ἔξεστιν
646 2949 665 2964 ⁶
698 2934 821 2989 ὅθεν
855 2935 951 2988 καὶ
976 2938 1008 2997 ἡ
1062 2935 1269 2989 παλαιὰ
1300 2938 1590 2992 Βαϐυλὼν
1652 2939 1829 3004 οὕτως
1859 2940 2000 2995 ὠνό-

421 3044 645 3096 μασται,
675 3027 770 3081 καὶ
818 3028 991 3099 πόρνη
1018 3028 1291 3100 ἑπιχαρὴς
1334 3031 1614 3103 ἡγουμένη
1662 3032 1997 3102 Φαρμακὼν

418 3119 607 3189 ﬂuens.
639 3120 751 3173 Καὶ
779 3121 813 3189 ἠ
861 3119 1071 3175 παλαιὰ
1106 3120 1164 3174 δὲ
1202 3122 1568 3193 Ἰερουσαλήμ
1597 3141 1611 3154 ·
1656 3126 1836 3193 "Op-tg-
1858 3126 1999 3193 πόρ-

419 3228 530 3277 νης
551 3210 793 3280 ἐγένετό
816 3226 915 3265 σοι
940 3229 955 3244 ο
997 3214 1091 3266 καὶ¹
1140 3214 1173 3283 ἡ
1237 3214 1588 3285 πρεσϐυτέρα
1625 3214 1729 3287 [δὲ]
1785 3214 1995 3286 Ῥώμη,

422 3300 710 3354 Βαϐυλὼν
753 3302 811 3354 ὲν
840 3304 909 3372 τῇ
955 3303 1213 3373 ἐπιστολῇ
1272 3303 1479 3373 Πέτρου
1532 3306 1997 3376 προσηγόρευται.

422 3391 784 3463 κυριωτέρως
843 3394 921 3458 δὲ,
973 3396 1070 3447 καὶ
1128 3395 1162 3465 ἡ
1216 3396 1371 3465 παρὰ
1409 3397 1647 3466 Πέρσαις
1691 3398 1753 3450 τὸ
1798 3399 1999 3469 κράτος

423 3487 637 3553 ἔχουσι,
664 3485 759 3537 καὶ
792 3486 1087 3540 Βαϐυλὼν
1114 3489 1210 3541 καὶ
1247 3489 1442 3556 πόρνη
1496 3490 1961 3558 προσαγορεύεται
1982 3508 1998 3524 ο

424 3578 513 3631 καὶ
536 3579 689 3632 πᾶσςι⁵
720 3578 873 3642 πόλις
902 3580 1068 3651 ἑτέρα
1103 3582 1285 3650 φόνοις
1321 3582 1417 3635 καὶ
1458 3582 1657 3653 αἵμασι
1707 3583 1998 3654 χαίρουσα.

424 3668 641 3722 Τούτων
680 3669 859 3724 τοίνυν
886 3671 1017 3741 μίαν
1059 3674 1089 3725 ό
1122 3672 1520 3745 εὐαγγελιστὴς
1552 3674 1777 3745 θεωρῶν
1827 3693 2002 3746 μεμο-

428 3762 705 3833 λυσμένην
732 3766 846 3828 τοίς
876 3764 986 3818 τῶν
1024 3764 1199 3833 ἁγίων
1224 3766 1445 3837 αἵμασι,
1476 3766 1882 3837 κατεπλήττετο
1910 3768 2005 3822 καὶ

425 3856 575 3924 παρὰ
599 3855 694 3908 τοῦ
721 3856 956 3924 ἀγγέλου
982 3857 1052 3910 τὰ
1086 3858 1211 3911 κατ’
1238 3858 1409 3929 αὐτὴν
1440 3858 1769 3929 ἐμάνθανεν,
1801 3855 1890 3913 οἷα
1920 3860 2005 3914 δεῖ

424 3946 637 4012 παθεῖν,
671 3949 759 4019 ἐφ’
795 3943 877 4012 οἷς
907 3948 1373 4019 πλημμελήμασι,
1420 3949 1525 4021 τὴν
1571 3952 1666 4004 ἐπὶ
1720 3952 2003 4022 συντελείᾳ

422 4038 517 4093 τοῦ
555 4039 751 4112 χρόνου
804 4041 903 4112 τῆς
932 4042 1207 4113 κωμικῆς
1259 4042 1538 4113 βασιλείας
1568 4043 1629 4096 τὸ
1657 4044 1859 4116 κράτος
1912 4047 2007 4115 φέ-

427 4149 661 4203 ρουσαν·
710 4132 821 4187 εἴτε
886 4135 991 4205 τὴν
1025 4136 1177 4206 παρὰ
1208 4137 1446 4208 Πέρσαις
1492 4138 1839 4209 κρατοῦσαν·
1891 4139 2003 4193 εἴτε

423 4225 521 4297 τὴν
555 4225 789 4279 παλαιὰν
828 4225 1047 4296 Ῥώμην
1081 4221 1257 4301 [αὖθις
1288 4228 1352 4282 τὸ
1384 4230 1611 4300 ἀρχαῖον
1640 4229 1843 4300 κράτος
1873 4232 2006 4285 ἀνα-

422 4318 870 4393 λαμϐάνουσαν]·
920 4322 1031 4375 εἶτε
1084 4321 1182 4392 τὴν
1208 4323 1371 4376 νέαν’
1415 4323 1525 4376 εἴτε
1555 4323 1655 4395 τὴν
1702 4324 1778 4388 ὡς
1835 4325 1892 4377 ὲν
1927 4324 2007 4376 ἑνὶ

426 4412 636 4481 σώματι
670 4414 905 4480 γενικῶς
958 4412 1321 4482 ὲκληφθεῖσαν
1365 4412 1642 4482 βασιλείαν
1695 4414 1883 4485 νοῆσαί
1924 4431 2007 4479 τις

2016 1828 2067 1888 Β

2148 876 2315 937 XVII.
2352 876 2405 928 5.
2437 875 2501 929 Et
2527 876 2577 928 in
2618 875 2791 944 fronte
2812 873 2926 942 ejus
2945 888 3130 927 nomen
3153 874 3426 943 scriptum,
3460 876 3664 943 Myste-

2078 972 2212 1024 riunt
2244 986 2264 1024 :
2300 970 2534 1039 Babylon
2574 984 2789 1038 magna,
2829 974 2999 1020 mater
3022 967 3414 1020 scortationum
3453 975 3503 1020 et
3533 968 3666 1020 aboo

2079 1064 2432 1116 minationum
2465 1071 2648 1115 teme.

2152 1150 2369 1205 Frontis
2394 1151 2690 1219 inscriptio,
2734 1149 3007 1221 signiﬁcat
3042 1148 3192 1203 omni
3220 1147 3428 1202 malitia
3473 1156 3527 1201 et
3560 1147 3664 1201 im-

2079 1244 2358 1316 pudentia,
2381 1244 2638 1313 omnith
2663 1243 2937 1297 scelerum
2970 1256 3167 1313 genere
3198 1248 3254 1295 ct
3275 1238 3445 1293 animi
3474 1238 3673 1293 confu-

2081 1337 2238 1393 sione
2269 1336 2523 1391 refertam
2560 1350 2700 1391 esse.
2736 1333 2976 1390 Vocatur
3002 1344 3184 1388 autem
3234 1341 3400 1386 mater
3439 1331 3673 1401 fornica-

2085 1432 2319 1494 tionum,
2350 1429 2478 1498 quia
2508 1429 2687 1483 omnis
2730 1428 2992 1498 spiritalis
3049 1426 3430 1481 fornicationis
3473 1425 3673 1479 anima:

2091 1519 2348 1586 magistra
2377 1528 2431 1574 et
2451 1533 2618 1572 causa
2650 1519 2866 1573 exsistit
2893 1534 2911 1585 ;
2947 1526 3005 1572 ut
3049 1534 3172 1588 quze
3202 1517 3467 1587 subjectis
3527 1529 3673 1585 quo-

2091 1627 2201 1682 que
2220 1611 2466 1666 dominio
2488 1625 2589 1665 suo
2621 1610 2938 1665 civitatibus
2991 1610 3192 1666 multas
3241 1606 3675 1665 Deoexsecrabi-

2093 1707 2173 1763 les
2212 1704 2682 1777 prtevaricationes
2709 1703 2995 1774 pepererit.

2645 1816 2875 1873 CAPUT
2928 1816 3062 1871 LIV.

2092 1931 2161 1988 Ut
2195 1931 2414 2003 angelus
2432 1932 2763 2001 mysterium,
2787 1930 2929 1999 quod
2943 1930 3168 1996 viderat,
3192 1931 3567 2002 interpretatus
3584 1933 3681 1989 sit.

2161 2112 2328 2177 XVII,
2350 2113 2401 2180 6,
2430 2114 2481 2169 7.
2513 2113 2579 2168 Et
2613 2115 2719 2169 vidi
2750 2114 3021 2169 mulierem
3060 2114 3258 2168 ebriam
3285 2114 3351 2168 de
3412 2116 3672 2185 sanguine

2088 2220 2413 2271 sanctorum,
2445 2221 2493 2260 et
2521 2207 2585 2259 de
2613 2208 2870 2276 sanguine
2899 2216 3196 2276 martyrum
3210 2206 3364 2260 Iesu.
3404 2206 3471 2259 Et
3504 2208 3671 2260 mira-

2093 2312 2174 2356 tus
2210 2318 2327 2355 sum
2355 2317 2475 2353 cum
2506 2300 2729 2353 viderem
2763 2300 2912 2353 illaut
2956 2298 3312 2354 admiratione
3363 2316 3579 2368 magna.
3610 2298 3681 2351 Et

2092 2394 2226 2448 dixit
2251 2394 2377 2446 mihi
2401 2393 2620 2462 angelus
2673 2390 2911 2455 :Quare
2963 2390 3223 2443 miraris?
3274 2388 3680 2445 Sacramentum

2093 2503 2185 2556 ego
2208 2486 2378 2538 dicam
2411 2485 2503 2538 tibi
2536 2483 2791 2546 mulieris,
2821 2492 2870 2536 et
2918 2482 3098 2535 bestia:
3144 2497 3261 2551 qua:
3303 2490 3480 2549 portat
3530 2497 3677 2545 eam,

2094 2579 2385 2649 quahabet
2409 2580 2583 2647 capita
2610 2588 2827 2645 septem,
2858 2586 2907 2630 et
2931 2591 3130 2629 cornua
3158 2576 3357 2629 decem.

2169 2757 2397 2813 Nomina
2426 2772 2492 2812 ex
2530 2770 2589 2811 re
2616 2754 2698 2809 vel
2722 2763 2918 2810 eventu
2952 2751 3139 2807 multis
3169 2766 3314 2822 saepe
3368 2751 3685 2807 civitatibus

2097 2852 2522 2922 esseimposita,
2558 2865 2624 2902 ex
2657 2848 2893 2903 diversis
2947 2844 3245 2915 Scriptura:
3305 2844 3438 2899 locis
3499 2845 3682 2914 colligi

2098 2956 2281 3018 potest
2305 2962 2317 2998 :
2354 2960 2478 2998 nam
2502 2951 2553 2997 ot
2584 2942 2827 3010 Babylon
2856 2939 3082 3007 antiqua
3110 2937 3235 2991 inde
3259 2952 3454 2990 nomen
3483 2936 3686 3005 adepta

2100 3050 2183 3095 est
2211 3057 2224 3093 :
2252 3046 2306 3092 et
2334 3037 2518 3090 nobile
2547 3033 2821 3103 quoddam
2847 3039 3115 3090 scortum,
3149 3026 3507 3079 Pharmacum
3534 3027 3681 3095 apud

2103 3137 2317 3183 veteres
2354 3125 2685 3195 appellatum
2716 3123 2930 3192 legitur.
2959 3120 3023 3173 Et
3048 3119 3115 3173 ad
3149 3122 3432 3187 antiquam
3455 3115 3685 3171 Jerusa-

2105 3222 2206 3276 lem
2245 3219 2448 3274 dicitur
2480 3215 2817 3272 :Meretricis
2868 3214 3017 3284 frons
3072 3213 3166 3266 tibi
3196 3213 3336 3282 facta
3386 3220 3461 3265 est
3496 3211 3587 3265 “z
3628 3219 3684 3264 et

2102 3321 2259 3367 vetus
2290 3309 2483 3373 Roma,
2515 3312 2566 3362 iu
2599 3307 2872 3363 Canonica
2902 3306 2962 3360 Il.
3006 3305 3146 3360 Petri
3190 3303 3481 3374 Babylonis
3522 3319 3689 3358 voca-

2104 3403 2232 3457 bqu
2264 3401 2602 3472 designatur.
2641 3396 2837 3452 Verius
2863 3406 3045 3450 tamen
3074 3409 3269 3449 nomen
3303 3395 3434 3448 illud
3462 3393 3515 3447 in
3557 3408 3681 3447 eam

2104 3496 2295 3550 urbem
2326 3491 2582 3549 convenit
2600 3505 2721 3561 qua:
2749 3490 2887 3560 apud
2921 3488 3118 3544 Persas
3151 3488 3439 3557 itnpcrium
3487 3486 3685 3539 tenuit.

2103 3589 2284 3656 Quare
2323 3584 2643 3641 familiarius
2685 3598 2903 3654 quoque
2922 3592 2976 3637 et
3014 3579 3257 3651 Babylon
3318 3587 3374 3633 et
3437 3576 3689 3631 meretrix

2104 3698 2268 3753 quam
2303 3689 2512 3735 caaterze
2537 3678 2873 3733 nominatur.
2907 3675 3055 3742 Quin
3086 3672 3296 3744 qumvis
3323 3671 3549 3726 omnino
3582 3669 3687 3723 alia

2104 3776 2321 3836 civitas,
2349 3787 2471 3844 quae
2492 3770 2761 3841 sanguine
2791 3777 2846 3824 et
2875 3767 3119 3822 caedibus
3137 3765 3462 3828 delectatur,
3491 3778 3557 3817 eo
3588 3778 3689 3816 no-

2106 3869 2255 3923 mine
2271 3866 2525 3935 appellari
2552 3870 2747 3933 potest.
2768 3859 2845 3914 Ex
2894 3859 2982 3915 bis
3008 3857 3195 3928 itaque
3217 3872 3406 3916 uuam.
3432 3869 3691 3925 quxcun-
3775 3859 3781 3866 '

2105 3976 2214 4031 que
2237 3958 2455 4013 tandem
2491 3955 2581 4009 illa
2612 3954 2796 4019 fuerit,
2815 3967 2941 4008 cum
2984 3950 3320 4020 evangelista
3372 3957 3688 4002 sanctorum

2108 4052 2213 4124 77
2255 4048 2521 4120 sanguine
2551 4046 2962 4115 coinquinatam
3025 4040 3275 4106 vidisset,
3339 4040 3691 4094 vehementer

2105 4142 2405 4211 obstupuit.
2435 4137 2634 4192 Verum
2672 4152 2794 4206 quze
2827 4137 2893 4190 ad
2932 4143 3136 4189 statum
3167 4134 3317 4189 illius
3358 4130 3691 4195 attinebant,

2106 4250 2172 4290 ea
2200 4235 2268 4288 ab
2289 4233 2481 4300 angelo
2512 4247 2637 4285 mox
2670 4229 2869 4284 haurit.
2895 4227 3061 4281 Audit
3088 4236 3269 4281 autem
3315 4239 3438 4294 qum
3457 4230 3512 4278 et
3546 4237 3694 4291 qua-

2109 4328 2177 4381 lia
2215 4341 2334 4380 eam
2363 4333 2581 4394 propter
2626 4320 2832 4375 nefaria
2891 4319 3101 4375 scelera
3168 4316 3378 4387 perpeti
3419 4322 3695 4384 oporteat,

2109 4434 2233 4489 qum
2286 4414 2548 4470 mundani
2606 4413 2759 4483 regni
2820 4412 3114 4482 imperium
3166 4423 3343 4479 usque
3391 4407 3458 4461 ad
3507 4406 3696 4459 szceuli

423 4504 616 4567 ἕλοιτο,
673 4505 857 4568 καθὼς
920 4504 1163 4577 εἴρηται.
1223 4507 1311 4561 Ἑν
1356 4508 1565 4581 ἑκάστῃ
1615 4509 1723 4578 γὰρ
1773 4508 1996 4574 τούτων,

2110 4509 2272 4563 ﬁnem
2301 4506 2737 4570 obtinebit;sive
2785 4502 3071 4573 praevisam
3121 4500 3190 4554 ab
3224 4497 3483 4568 Apostolo
3546 4496 3697 4551 illam

425 4598 798 4669 ἁμαρτήματα
834 4597 1085 4669 διάφορα,
1109 4601 1205 4651 καὶ
1244 4600 1491 4669 αἱμάτων
1521 4601 1692 4666 ἁγίων
1722 4602 2001 4671 ἐκχύσετς,

426 4687 504 4759 πὴ
536 4690 634 4758 μὲν
664 4688 849 4754 πλέον,
877 4690 955 4760 πὴ
981 4690 1036 4743 δὲ
1063 4690 1282 4743 ἔλαττον
1312 4690 1642 4759 γεγενῆσθαι
1672 4690 2001 4760 μεμαθήκαο

430 4798 548 4851 μεν.
574 4782 684 4836 Καὶ
716 4782 782 4835 τὰ
808 4784 905 4852 μὲν
934 4783 1093 4852 μέχρι
1129 4781 1271 4855 [τοῦ]
1306 4782 1690 4852 Διοκλητιανοῦ
1715 4784 1821 4836 τῶν
1858 4801 2003 4852 μαρ-

427 4871 607 4941 τύρων
631 4872 861 4942 αἵματα,
892 4874 925 4944 ἦ
952 4874 1044 4925 καὶ
1061 4876 1156 4936 τὰς
1178 4875 1236 4926 ὲν
1263 4873 1479 4944 Περσίδι
1502 4873 1705 4926 τούτων
1728 4872 2000 4936 κολάσεις,

431 4966 511 5027 τίς
528 4963 595 5017 ἂν
625 4964 1084 5036 ὲξαριθμήσαιτο;
1108 4965 1176 5017 τὰ
1191 4965 1247 5017 δὲ
1269 4965 1361 5017 ἐπὶ
1391 4964 1681 5018 Ἰουλιανοῦ
1703 4966 1998 5036 λαθραίως,

431 5054 524 5108 καὶ
549 5056 619 5110 τὰ
659 5057 716 5110 ὲν
743 5056 900 5129 [τοῖς]
938 5060 1149 5129 καιροῖς
1178 5057 1331 5130 [τῶν]
1377 5058 1672 5130 ’Λρειανῶν
1707 5059 1847 5112 κατὰ
1894 5058 2004 5111 τῶν

430 5146 726 5216 όρθοδόξων
759 5151 817 5203 ὲν
847 5154 914 5221 τῇ
944 5152 1041 5224 νέᾳ
1070 5151 1411 5223 τολμηθέντα
1454 5152 1665 5225 Ῥώμῃ,
1686 5153 1743 5206 αί
1775 5153 2006 5222 ἱστορίαι

435 5241 743 5309 παριστῶσι
771 5245 883 5306 τοῖς
908 5244 1318 5313 ἐντυγχάνουσι.

2109 4601 2369 4671 accipias.
2394 4614 2517 4669 qua:
2536 4598 2665 4651 olim
2704 4596 2846 4667 apud
2879 4594 3073 4649 l‘ersas
3114 4592 3359 4663 regnavit
3406 4600 3460 4646 et
3492 4589 3691 4645 etiam-

2114 4710 2242 4749 num
2278 4693 2637 4763 regnat-,sive
2657 4698 2892 4745 veterem
2917 4686 3145 4741 Romam
3176 4685 3465 4754 antiquum
3510 4681 3603 4749 jus
3642 4689 3698 4733 ct

2111 4788 2372 4841 ditionem
2435 4784 2613 4838 demto
2689 4781 2975 4849 adeptam;
3048 4777 3163 4831 sive
3186 4789 3380 4829 novam
3458 4770 3693 4824 Romam

2109 4878 2224 4933 sive
2250 4876 2400 4930 orbis
2431 4872 2716 4943 imperium
2740 4887 2805 4925 ex
2834 4868 3000 4923 variis
3026 4865 3424 4937 principatibus
3453 4862 3506 4918 in
3527 4877 3701 4915 unmn

2113 4964 2268 5035 quasi
2298 4978 2498 5031 corpus
2521 4960 2799 5015 redactum
2830 4975 2845 5024 ;
2902 4956 3173 5025 siquidem
3208 4954 3260 5008 in
3307 4952 3551 5023 qualibet
3602 4964 3693 5002 ca-

2113 5070 2235 5110 rum
2265 5053 2548 5107 civitatum
2578 5052 2791 5105 diversa
2821 5055 3065 5118 peccata,
3103 5045 3443 5113 diversaeque
3506 5040 3698 5094 iusmt-

2116 5152 2254 5205 tium
2287 5147 2484 5211 caedes,
2506 5154 2560 5198 et
2587 5144 2803 5212 iujuslze
2831 5141 3163 5212 sanguinnm
3197 5137 3497 5192 ctl‘usiones
3545 5131 3693 5187 acci-

2116 5238 2488 5304 derunt;etsi
2546 5236 2761 5290 interim
2798 5234 2924 5288 alibi
2950 5234 3157 5303 plures.
3213 5230 3339 5285 alibi
3396 5226 3685 5299 pauciores

435 5333 923 5388 accidissecertuut
955 5335 1045 5389 sit.
1082 5337 1145 5390 Et
1171 5337 1390 5407 quidem
1443 5352 1726 5392 numerum
1788 5346 2087 5407 martyrum
2142 5342 2198 5388 ct
2256 5330 2540 5400 sanguinis
2608 5326 2852 5388 modum,
2889 5325 2981 5394 qui
3047 5339 3077 5377 a
3144 5321 3375 5377 Neronis
3436 5327 3684 5386 tempore

435 5421 488 5476 in
521 5421 761 5477 Romana
797 5423 929 5479 urbe
966 5434 1020 5480 et
1068 5427 1270 5481 ditionc
1328 5428 1533 5482 ellusus
1576 5438 1654 5482 est
1710 5444 1882 5495 usque
1942 5430 2009 5481 ad
2050 5423 2482 5486 Diocletianum;
2540 5430 2857 5475 sanctorum
2914 5432 3134 5471 rursum
3194 5414 3470 5468 cruciatus
3496 5420 3692 5480 etpte-

435 5529 556 5579 nas,
588 5531 727 5581 quas
755 5516 1088 5583 pertulerunt
1118 5517 1169 5570 iu
1221 5514 1460 5580 Perside,
1495 5519 1621 5589 quis
1680 5533 2003 5572 enumerare
2028 5518 2206 5572 valeat
2234 5517 2261 5571 ?
2284 5514 2418 5581 Quae
2439 5522 2619 5567 autem
2681 5509 2785 5565 sub
2844 5510 3105 5579 Apostata
3171 5504 3394 5562 Juliauo
3436 5513 3490 5559 ct
3540 5503 3696 5559 Aria-

438 5624 632 5665 norum
668 5610 1000 5677 temporibus
1030 5620 1230 5665 tcutata
1254 5624 1381 5668 sunt
1411 5625 1600 5670 contra
1658 5613 2009 5670 Ortbodoxos
2064 5616 2116 5670 iu
2153 5630 2293 5670 nova
2339 5613 2532 5681 Roxna,
2563 5620 2617 5669 ct
2651 5607 2836 5667 multis
2860 5604 2985 5661 aliis
3016 5603 3173 5671 locis,
3207 5616 3269 5656 ea
3298 5601 3461 5656 variae
3516 5600 3691 5654 histu-

442 5702 621 5767 ἠθικοί
660 5703 783 5772 quis
807 5718 899 5755 eas
939 5704 1115 5772 legere
1170 5706 1423 5771 voluerit,
1481 5708 1780 5765 luculenter
1842 5717 2140 5779 exponunt.
2944 5694 2951 5707 ’

545 5840 590 5871 δκ
631 5838 826 5897 .lerem.
862 5858 941 5903 Ill,
975 5844 1029 5897 5.
