4034 6622
331 399 444 465 3'r9
455 345 457 347 Ι

1530 391 1864 458 manu:
1897 375 2420 456 οαεειιιιιιινειε

3504 389 3612 452 380

401 508 572 578 XVII,
597 509 651 566 8.
680 509 866 565 Bestia
907 522 1077 579 quam.
1115 506 1319 573 uidisti,
1353 506 1456 577 fuit
1481 514 1533 562 et
1575 522 1678 562 non
1699 516 1781 562 est
1814 522 1832 567 :
1871 514 1920 560 et

2101 503 2175 559 Τὸ
2197 503 2407 572 θηρίον
2429 500 2462 556 ὃ
2490 498 2669 567 εἶδες.
2698 496 2793 571 ἦν,
2819 503 2915 572 καὶ
2947 501 3060 556 οὐκ
3085 501 3218 556 ἐστι
3240 513 3254 529 ·
3279 500 3382 556 καὶ
3400 501 3608 569 μέλλει

336 620 618 660 ascensura
634 612 719 657 est-
732 603 794 658 de
817 601 1010 671 abysso
1028 609 1076 656 et
1103 601 1158 654 in
1183 599 1455 655 interitum
1485 598 1600 654 ibit.

408 778 532 833 Haec
559 777 725 832 bestia
765 786 849 834 est
881 776 1153 845 diabolus,
1176 777 1269 849 qui
1313 791 1595 848 nunquam
1629 791 1735 831 non
1767 789 1918 844 quac-

332 868 412 924 rit
445 882 605 937 quem
629 867 937 922 absorbent.
971 867 1069 923 Hie
1102 884 1193 938 per
1215 867 1418 924 Christi
1451 882 1666 922 crucem
1694 865 1918 930 fractus,

334 959 430 1014 sub
457 959 638 1014 sweuli
663 959 823 1027 liuent
848 959 1018 1012 denuo
1051 972 1355 1014 reversurus
1391 959 1617 1025 dicitur;
1648 958 1919 1027 siquidem

337 1065 434 1118 per
453 1049 699 1119 prodigia
726 1057 780 1104 et
801 1064 1028 1104 erronea
1061 1050 1237 1120 signa,
1259 1065 1378 1118 quae
1397 1064 1492 1119 per
1515 1049 1918 1103 Autichristum

332 1141 672 1212 operabitur,
709 1140 912 1197 Christi
949 1141 1255 1195 Servatoris
1313 1141 1659 1211 negationem
1711 1151 1919 1210 quanta

333 1236 387 1290 vi
418 1236 610 1302 poterit
639 1244 1033 1304 procuratur-us
1061 1240 1163 1288 est.
1197 1232 1426 1302 Propter
1485 1233 1588 1289 hoc
1614 1248 1746 1305 ergo
1793 1246 1930 1290 ante.

329 1329 630 1384 salutarem
668 1343 884 1382 crucem
917 1339 968 1381 et
1006 1335 1258 1390 mortem,
1309 1336 1365 1381 et
1417 1335 1561 1393 erat,
1614 1339 1669 1382 et
1728 1336 1921 1397 potens

335 1431 490 1488 erat;
522 1430 642 1492 post
675 1420 820 1474 illam
863 1429 1070 1484 autem,
1105 1435 1396 1490 superesse
1421 1421 1830 1492 negatur;quia
1870 1423 1918 1474 vi

330 1510 426 1563 illa
454 1519 506 1564 et
538 1517 829 1578 potestate,
870 1525 976 1578 qua
1005 1518 1131 1565 ante
1162 1510 1418 1579 pollebat,
1470 1520 1768 1582 gentesque
1828 1527 1922 1580 per

331 1603 706 1658 idololatrian)
733 1602 786 1656 in
820 1617 991 1672 suam
1018 1602 1340 1657 servitutem
1393 1603 1690 1675 redigebat,
1724 1614 1924 1660 exutus

325 1695 599 1751 cernitur.
643 1694 1150 1752 Consummationis
1195 1704 1377 1749 autem
1419 1705 1666 1766 tempore
1719 1712 1922 1751 secun-

336 1790 464 1843 dum
514 1788 736 1842 modum
769 1803 930 1858 quem
969 1786 1352 1851 indicavimus,
1375 1801 1441 1841 ex
1471 1787 1691 1858 abysso,
1717 1798 1812 1843 aut
1851 1805 1916 1843 ex

2021 595 2371 652 ἀναϐαίνειν
2417 593 2486 647 ἐκ
2535 592 2646 660 τῆς
2696 593 2999 658 ἀϐύσσου,
3027 593 3130 648 καῖ
3174 594 3264 661 εις
3305 591 3613 649 ἀπώλειαν

2023 688 2262 758 ὑπάγει.

2097 777 2174 832 Τὸ
2199 778 2266 832 δὲ
2283 778 2492 846 θηρίον
2511 778 2544 832 ὃ
2569 773 2746 843 εἶδες,
2780 772 2880 847 ἦν,
2911 774 3007 830 καὶ
3033 775 3146 830 οὐκ
3171 776 3329 830 ἔστι.
3355 773 3528 830 Τοῦτο
3547 775 3612 830 τδ

2023 871 2231 939 θηρίον
2263 871 2297 924 6
2339 873 2586 935 Σατανᾶς
2630 872 2780 924 ἐστιν
2828 886 2844 902 ο
2900 869 2962 934 ὃς
3013 869 3380 932 ἀποκτανθεὶς
3404 868 3483 940 τῷ
3509 869 3610 923 τοῦ

2023 963 2260 1034 Χριστοῦ
2294 963 2534 1034 σταυρῷ,
2567 963 2734 1016 πάλιν
2771 961 2871 1016 ἐπὶ
2899 961 3227 1029 συντελείᾳ
3251 959 3480 1029 ἀναζῇν
3521 961 3612 1014 λέ-

2022 1071 2201 1126 γεται,
2232 1056 2472 1126 ἐνεργῶν
2511 1058 2568 1109 ἐν
2623 1056 2874 1127 σημείοις
2908 1054 3004 1107 καὶ
3045 1053 3238 1124 τέρασι
3282 1052 3490 1124 πλάνης
3521 1054 3612 1106 διὰ

2022 1146 2117 1201 τοῦ
2181 1148 2554 1218 Ἀντιχρεστου
2593 1149 2696 1217 τὴν
2761 1146 2856 1200 τοῦ
2918 1145 3156 1216 σταυροῦ
3205 1145 3457 1217 ἄρνησιν.
3511 1146 3610 1198 Διὰ

2021 1240 2180 1294 τοῦτο
2210 1236 2280 1312 ἦν
2327 1243 2423 1313 μὲν
2462 1243 2557 1296 καὶ
2589 1242 2765 1312 ῐσχυε,
2801 1241 2906 1311 πρὸ
2933 1241 3027 1296 τοῦ
3058 1239 3296 1310 σταυροῦ
3318 1255 3336 1270 ο
3366 1239 3468 1292 ουκ
3493 1237 3612 1291 ἔστι

2021 1333 2099 1394 δέ.
2139 1333 2278 1404 μετὰ
2303 1334 2363 1386 τὸ
2415 1335 2685 1405 σωτήριον
2735 1333 2909 1399 πάθος
2954 1332 3340 1404 ἐκνευρωθεθις,
3379 1335 3477 1384 καὶ
3509 1331 3610 1398 τῆς

2023 1425 2271 1491 ἐξουσίας
2319 1423 2536 1498 [αὐτοῦ]
2571 1424 2854 1492 ἐξωσθεὶς,
2908 1427 2977 1497 ἢν
3013 1424 3154 1480 κατὰ
3181 1422 3288 1477 τῶν
3327 1422 3498 1476 ἐθνῶν
3521 1421 3614 1473 δια

2021 1518 2121 1588 τῆς
2150 1518 2566 1586 εἰδωλολατρίας
2589 1518 2856 1588 ἐκέκτητο
2873 1533 2889 1549 ·
2914 1517 3188 1588 παρέσται
3212 1513 3270 1569 δὲ
3298 1517 3364 1569 ἐν
3384 1515 3451 1584 τῇ
3487 1529 3612 1566 συν-

2021 1608 2225 1678 τελείᾳ,
2262 1611 2404 1663 κατα
2435 1608 2526 1662 τὸν
2580 1609 2780 1680 τρόπον
2823 1609 2884 1662 ὃν
2929 1609 3258 1679 εἰρήκαμεν,
3297 1605 3612 1660 ἀναϐαίνων

2023 1702 2086 1752 ἐκ
2119 1700 2219 1770 τῆς
2251 1699 2514 1768 ἀϐύσσου,
2542 1700 2575 1770 ἢ
2605 1700 2728 1754 ὅθεν
2753 1698 3143 1770 κατεδικάσθη’
3163 1692 3224 1752 οὗ
3252 1698 3327 1770 μὴ
3351 1696 3607 1766 πεμφθῆ-

2025 1811 2132 1857 ναι,
2163 1792 2276 1846 ἀλλ’
2305 1795 2386 1858 εἰς
2415 1794 2544 1857 τοὺς
2583 1794 2824 1864 χοίρους,
2880 1794 2931 1846 οἱ
2960 1790 3321 1861 ἐκϐληθέντες
3355 1789 3612 1860 δαίμονες

334 1896 404 1935 eo
424 1881 554 1935 loco
585 1880 652 1934 ad
683 1896 845 1950 quem
870 1880 1270 1935 condemnatus
1328 1879 1503 1933 fuerat
1560 1880 1707 1950 (nam
1740 1897 1807 1935 ne
1864 1881 1916 1935 in

2041 1884 2110 1936 ςὸν
2139 1885 2371 1955 Χριστὸν
2407 1884 2670 1939 ἱκέτευον.
2697 1886 2768 1937 Ἢ
2799 1886 2864 1938 ἐκ
2883 1883 2978 1937 τοῦ
3008 1882 3276 1952 παρόντος
3300 1879 3442 1950 βίου,
3481 1896 3610 1949 τρο-

340 1968 601 2036 abyssum
633 1965 869 2029 abirent,
906 1966 1000 2019 sed
1033 1965 1085 2018 in
1121 1975 1326 2033 porcos
1358 1963 1617 2018 invadere
1645 1966 1924 2034 permitte-

338 2067 548 2122 rentur,
581 2057 854 2111 dannones
885 2056 1105 2110 Christo
1133 2056 1474 2126 supplieasse
1497 2056 1799 2129 leguntur),
1831 2058 1928 2112 de-

339 2167 455 2205 nuo
479 2159 741 2222 emerget.
769 2151 879 2207 Aut
905 2159 1051 2206 certe
1072 2166 1137 2204 ex
1165 2151 1417 2221 presenti
1444 2150 1576 2215 vita,
1623 2165 1747 2221 quae
1804 2168 1930 2222 pro-

341 2253 460 2311 pter
476 2243 680 2313 peccati
715 2242 1166 2312 profunditatem,
1195 2258 1316 2313 qua:
1345 2244 1398 2298 in
1429 2258 1490 2299 ea
1515 2255 1786 2308 versatur,
1829 2245 1931 2299 llu-

337 2342 570 2408 ctusque
618 2335 1112 2406 perturbationum,
1145 2337 1346 2406 quibus
1400 2337 1550 2391 varie
1574 2337 1817 2407 ja-ctatur
1870 2348 1924 2394 et

343 2427 584 2496 agitatur
612 2466 628 2492 ,
651 2428 1025 2498 metaphorice
1052 2430 1270 2499 abyssns
1322 2431 1646 2500 appellatur.
1680 2429 1756 2485 Ex
1815 2447 1920 2502 qua

2025 1975 2201 2040 πικῶς
2230 1976 2471 2031 ἀϐύσσου
2503 1976 2919 2047 ὀνομασθέντος,
2946 1974 3036 2028 διὰ
3056 1974 3118 2028 τὸ
3139 1974 3240 2044 τῆς
3259 1972 3613 2040 ἐμπολιτευο-

2029 2068 2195 2138 μένης
2235 2069 2512 2139 ἁμαρτίας
2551 2069 2734 2140 βάθος,
2774 2067 2879 2140 [τὸ]
2914 2070 3026 2130 τοῖς
3063 2066 3180 2120 τῶν
3213 2065 3401 2119 παθῶν
3443 2065 3612 2117 πνεύ-

2029 2177 2162 2230 μασι
2210 2162 2560 2231 ῥιπιζόμενον
2592 2162 2698 2222 καὶ,
2748 2158 3200 2230 κυματούμενονο
3243 2157 3396 2210 ἐνθεν
3439 2157 3546 2225 γὰρ
3587 2157 3616 2207 ὁ

2036 2251 2407 2323 Ἀντίχριστος
2455 2253 2546 2306 τὸν
2591 2253 2837 2306 Σατανᾶν
2879 2250 2960 2323 [ἐν
3007 2248 3212 2321 ἐαυτῷ]
3266 2248 3468 2319 φέρων,
3528 2246 3615 2300 ἐπ’

2029 2343 2235 2416 ὀλέθρῳ
2299 2345 2602 2415 ἀνθρώπων
2656 2342 3040 2414 παραγίνεται,
3094 2340 3330 2394 ὁδεύσων
3387 2338 3466 2402 εἰς
3510 2337 3621 2390 ἀπ-

2029 2435 2227 2492 ώλειαν
2256 2440 2314 2492 ἐν
2347 2439 2425 2508 τῷ
2461 2439 2619 2494 αἰῶνι
2647 2439 2725 2510 τῷ
2759 2437 3026 2508 μέλλοντι.

342 2521 459 2590 ipse
488 2523 651 2577 etiam
687 2524 1076 2592 Antichristus,
1101 2527 1192 2595 qui
1228 2526 1488 2582 Satanam
1529 2527 1597 2581 ad
1641 2528 1921 2584 hominum
1950 2531 2228 2589 interitum
2263 2539 2316 2591 in
2379 2554 2438 2593 se
2467 2546 2662 2608 gestat,
2724 2542 3002 2606 exsurget,
3059 2533 3125 2589 ad
3171 2542 3428 2589 aeternam
3495 2545 3619 2600 per-

341 2612 606 2670 ditionem
637 2616 802 2686 paulo
822 2625 948 2686 post
989 2617 1260 2674 abiturus.

421 2715 486 2768 Et
521 2715 864 2768 mirabuntur
892 2714 1251 2769 inhabitantes
1273 2725 1492 2780 terram,
1549 2732 1772 2786 quorum
1832 2736 1934 2773 non

343 2816 468 2862 sunt
523 2807 723 2876 scripta
769 2807 986 2860 nomina
1044 2808 1099 2860 in
1145 2807 1278 2860 libro
1325 2812 1444 2863 vim:
1483 2826 1515 2862 a
1564 2813 1940 2865 constitutione

347 2898 553 2966 mundi,
611 2901 844 2955 videntes
893 2900 1115 2956 bestiam
1163 2918 1280 2973 qum
1317 2913 1524 2970 erat,et
1584 2921 1687 2958 non
1729 2916 1827 2973 est,
1889 2916 1939 2961 et

350 2993 523 3047 adest.

416 3084 852 3139 Admirabuntur
886 3085 1074 3141 bestia:
1109 3088 1190 3142 vel
1220 3087 1537 3144 Antichristi
1565 3092 1931 3160 praesentiam,

2107 2717 2214 2772 Kal
2244 2716 2650 2787 θαυμάσονται
2673 2717 2728 2770 ol
2748 2714 3172 2781 κατοικοῦντες
3198 2714 3296 2768 ἐπὶ
3329 2713 3441 2783 τῆς
3468 2715 3603 2786 γῆς,

2035 2803 2122 2864 ὧν
2151 2812 2222 2864 οὐ
2252 2809 2576 2880 γέγραπται
2621 2809 2695 2861 τὰ
2739 2807 3003 2874 ὀνόματα
3029 2807 3130 2860 ἐπὶ
3159 2805 3240 2872 τῷ
3256 2807 3477 2874 ,βιϐλίῳ
3505 2806 3618 2877 τῆς

2034 2899 2178 2972 ζωῆς
2212 2903 2331 2958 ἀπὸ
2357 2900 2700 2969 καταϐολῆς
2741 2903 2996 2972 κόσμου,
3027 2901 3397 2966 βλεπόντων
3431 2900 3498 2956 τὸ
3523 2905 3610 2970 θη-

2027 2996 2165 3065 ρίον
2202 2993 2290 3048 ὅτι
2320 2988 2419 3066 ἦν,
2450 2994 2546 3048 καὶ
2570 2995 2681 3049 οὐκ
2706 2992 2858 3059 ἐστι,
2887 2993 2987 3046 καὶ
3014 2991 3328 3061 παρέσται.

2118 3086 2509 3156 Θαυμάσονται
2550 3085 2627 3152 δὲ,
2669 3086 2827 3158 φησὶ,
2862 3085 2961 3158 τὴν
3012 3085 3105 3154 τοῦ
3159 3085 3348 3157 θηρίου
3409 3102 3619 3156 παρου-

340 3174 593 3245 falsaque
650 3176 894 3246 ejusdem
943 3178 1208 3248 prodigia,
1248 3179 1323 3232 illi
1353 3181 1672 3252 (inquit)qui
1705 3183 1757 3237 in
1796 3185 1933 3238 libro

2041 3177 2179 3243 σίαν,
2209 3177 2297 3231 διὰ
2325 3177 2394 3232 τὰ
2417 3177 2515 3248 τῆς
2546 3177 2765 3246 ἀπάτης
2791 3175 3026 3246 τέρατα,
3055 3177 3106 3230 οἱ
3133 3175 3209 3247 μὴ
3238 3177 3620 3246 γεγραμμένοι

347 3274 610 3321 aeternum
646 3269 942 3323 viventium
981 3285 1086 3324 non
1121 3280 1248 3327 sunt
1281 3272 1553 3344 inscripti,
1582 3291 1760 3345 neque
1813 3293 1934 3346 quae

333 3359 608 3416 Christus
626 3361 692 3415 de
721 3361 816 3415 illo
847 3363 1194 3431 praedixerat.
1222 3365 1396 3420 solide
1422 3367 1556 3421 satis
1574 3369 1757 3423 animo
1775 3385 1931 3423 com-

351 3452 491 3522 plexi
516 3463 694 3508 erant.
730 3452 1077 3523 Reputabunt
1101 3471 1337 3527 namque
1378 3472 1484 3512 non
1520 3459 1728 3528 absque
1758 3459 1936 3514 adrui-

352 3547 564 3602 ratione
595 3547 733 3614 apud
767 3562 845 3610 se,
875 3549 1154 3617 quomodo
1177 3550 1467 3619 pristinum
1497 3551 1834 3608 dominatum
1884 3563 1938 3610 et

346 3639 482 3702 vim,
509 3651 671 3708 quam
705 3638 985 3702 amiserat,
1015 3638 1193 3694 denuo
1215 3642 1568 3710 recuperarit.

423 3729 588 3794 XVII,
628 3718 687 3784 9..
708 3729 779 3782 Et
819 3730 903 3783 hic
929 3740 1014 3784 est
1047 3747 1231 3785 sensus
1272 3732 1362 3802 qui
1394 3732 1546 3787 habet
1588 3735 1932 3804 sapientiam.

424 3815 584 3878 Cum,
619 3815 814 3884 inquit,
849 3829 970 3884 qua:
995 3815 1098 3868 hoc
1159 3815 1280 3870 loco
1319 3817 1610 3870 traduntur
1663 3828 1716 3870 el
1767 3836 1936 3888 expo-

347 3913 582 3967 atuntur,
609 3905 720 3960 sint
743 3904 1031 3975 spiritalia,
1065 3915 1125 3961 ut
1153 3906 1445 3961 salubriter
1464 3909 1768 3976 capiantur,
1823 3912 1939 3980 spi-

357 3998 522 4061 ritali,
566 4012 672 4051 non
704 3997 1000 4062 mundana,
1029 4013 1166 4068 opus
1193 4009 1277 4054 est
1302 3999 1592 4067 sapientia.

430 4089 542 4160 78
568 4089 774 4159 Septem
805 4089 1005 4160 capita,
1031 4099 1227 4158 septem
1268 4099 1466 4143 montes
1483 4099 1605 4144 sunt
1644 4107 1940 4162 superque:

361 4182 551 4235 mulier
577 4180 719 4236 sedet
744 4197 763 4247 ;
795 4189 846 4236 et
873 4197 1014 4252 reges
1042 4193 1236 4251 septem
1271 4193 1417 4236 sunt.

431 4275 536 4330 Per
567 4283 757 4344 septem
780 4273 960 4344 capita
1001 4275 1335 4344 totidemque
1365 4286 1564 4331 montes
1588 4287 1793 4348 septem
1824 4277 1940 4332 loca

347 4367 632 4438 designari
667 4379 943 4438 putamus,
978 4384 1099 4438 qua:
1118 4370 1390 4424 mundana
1417 4371 1652 4440 potentia
1688 4380 1742 4424 et
1762 4371 1942 4426 excel-

362 4461 527 4516 lentia
562 4463 773 4517 castoris
801 4463 1163 4532 praestabant;
1196 4464 1248 4516 in
1279 4465 1482 4534 quibus
1528 4465 1760 4520 diversis
1814 4475 1944 4520 tem-

353 4557 589 4625 poribus
637 4556 822 4611 mundi
877 4556 1038 4626 hujus
1071 4571 1295 4626 regnum
1346 4558 1618 4610 ﬁrmatum
1669 4555 1939 4609 novimus.

362 4649 630 4715 Primum,
683 4649 913 4718 exempli
950 4665 1138 4712 causa,
1168 4648 1513 4718 Assyriorum
1574 4647 1644 4702 sit
1693 4662 1942 4716 regnum,

362 4743 508 4811 quod
538 4743 590 4796 in
624 4742 814 4797 Ninive
845 4743 1127 4796 exordium
1189 4741 1378 4795 habuit
1415 4757 1428 4793 :
1464 4739 1787 4801 secundum,
1835 4739 1945 4792 Me-

351 4838 585 4902 ‘dorum,
611 4838 663 4894 in
685 4839 971 4894 Ecbatanis
999 4838 1101 4892 sub
1124 4837 1369 4906 principe
1394 4836 1623 4890 Arbace.
1656 4833 1753 4890 llic
1774 4835 1941 4897 enim,

355 4940 425 4984 νι
458 4930 697 4986 historiae
759 4930 1000 4994 tradunt,
1061 4927 1432 4996 Sardanapalo
1469 4943 1592 4996 rege
1643 4937 1946 4997 perempto,

366 5023 710 5095 Assyriorum
744 5039 909 5092 regno
948 5023 1149 5090 potitus
1173 5029 1274 5074 est.
1306 5018 1435 5073 Post
1467 5019 1563 5073 hos
1595 5019 1644 5072 in
1677 5018 1948 5090 Babylone

353 5117 744 5175 Chaldaeorum
785 5117 1074 5188 imperium
1106 5113 1319 5167 initium
1369 5112 1531 5179 fecit;
1589 5113 1790 5183 quibus
1840 5110 1951 5167 Na-

371 5207 796 5274 buchodonosor
829 5205 1139 5278 imperavit.
1166 5203 1260 5260 llis
1289 5219 1454 5275 porro
1478 5203 1670 5259 deletis
1698 5219 1763 5259 ac
1786 5203 1952 5259 dissi-

370 5298 607 5372 patis,in
631 5299 785 5354 Susis
810 5298 1095 5355 Persarum
1136 5297 1452 5354 dominatus
1481 5297 1584 5352 sub
1613 5297 1755 5369 Cyro
1775 5313 1954 5354 emer-

378 5395 471 5450 sit.
502 5393 687 5448 lsthoc
717 5407 936 5448 rursum
971 5391 1040 5447 ab
1061 5391 1373 5447 Alexandro
1434 5389 1628 5462 Magno
1661 5392 1952 5460 exstincto,

365 5478 732 5550 Macedonum
795 5500 1021 5555 regnum
1091 5485 1376 5540 successit.
1429 5483 1557 5539 Post
1593 5481 1692 5540 hos
1747 5493 1954 5549 autem,

385 5577 758 5632 Romanorum
788 5576 1027 5631 roburin
1066 5576 1288 5646 antiqua
1324 5577 1494 5630 Roma
1526 5576 1775 5640 emicuit,
1810 5577 1956 5647 quod

365 5668 585 5723 ‘sensim
616 5680 788 5735 usque
817 5664 952 5718 adeo
983 5664 1172 5733 crevit,
1209 5675 1267 5719 ttt
1304 5666 1406 5721 sub
1454 5667 1705 5737 Augusto
1743 5668 1958 5721 t'aesarc

374 5770 509 5830 spost
548 5759 754 5828 primos
790 5757 934 5814 illius
965 5775 1118 5831 rcges
1152 5768 1206 5814 et
1235 5759 1512 5824 consules,
1579 5757 1956 5814 monarebiam

368 5851 708 5916 'obtinuet‘il;
741 5867 863 5922 qua:
899 5852 1001 5908 sub
1054 5853 1233 5923 impiis
1291 5851 1628 5924 principibus
1681 5851 1771 5905 diu
1817 5850 1959 5904 Inul-

1979 4528 2022 4582 Ι)

2035 3271 2093 3324 ἐν
2124 3272 2188 3341 τῇ
2223 3268 2392 3342 βίϐλῳ
2411 3270 2519 3324 τῶν
2547 3271 2782 3332 αἰωνίως
2828 3269 3066 3334 ζώντων,
3108 3269 3205 3322 καὶ
3250 3269 3300 3322 οἱ
3355 3268 3431 3340 μὴ
3480 3285 3617 3338 προ-

2037 3361 2471 3431 στοιχειωθέντες
2497 3360 2754 3430 ἀσφαλῶς
2769 3363 2889 3425 ταῖς
2911 3361 3005 3414 τοῦ
3035 3359 3275 3432 Χριστοῦ
3300 3359 3430 3430 περὶ
3446 3359 3620 3413 αὑτοὸ

2037 3451 2396 3522 προρρήσεσι,
2419 3449 2760 3523 λογιζόμενοι
2777 3449 2893 3515 πῶς
2913 3449 3012 3523 τὴν
3033 3449 3270 3522 ἀρχαίαν
3293 3449 3620 3505 δυναστείαν

2037 3543 2330 3598 ἀπέλαϐεν.

2112 3719 2250 3780 Ὧδε
2273 3727 2307 3780 ὁ
2327 3725 2470 3792 νοῦς
2500 3728 2534 3780 ό
2558 3727 2715 3793 ἔχων
2737 3727 2984 3794 σοφίαν.

2117 3817 2509 3888 Πνευματικῶν
2563 3818 2733 3871 ὄντων
2779 3818 2888 3870 τῶν
2925 3815 3403 3888 ἑρμηνευομένων,
3452 3831 3586 3867 πνευ

2044 3910 2279 3982 ματικῆς
2313 3910 2526 3979 σοφίας,
2553 3909 2646 3962 καὶ
2675 3909 2734 3961 οὐ
2767 3907 3061 3978 κοσμικῆς,
3092 3906 3271 3978 χρεία,
3298 3907 3456 3977 φησὶ,
3482 3904 3620 3976 πρὸς

2041 4007 2101 4057 τὸ
2130 4007 2319 4074 νοῆσαι
2347 4002 2416 4055 τὰ
2449 4001 2740 4072 λεγόμενα.

2104 4099 2173 4151 Al
2201 4093 2351 4150 ἑπτὰ
2384 4096 2661 4164 κεφαλαὶ,
2692 4094 2843 4147 ἑπτὰ
2865 4093 2970 4162 ὄρη
2997 4092 3176 4154 εἰσιν,
3205 4093 3361 4146 ὅπου
3398 4089 3618 4161 ﬁxura

2043 4189 2290 4256 κάθηται
2318 4183 2439 4260 [ἐπ’
2479 4185 2723 4258 uimine]-
2775 4187 2872 4241 καὶ
2906 4185 3191 4252 βασιλεῖς
3237 4183 3387 4238 ἐπτά
3437 4186 3617 4237 εἰσιν.

2124 4281 2297 4334 Ἑπτὰ
2321 4281 2377 4334 δὲ
2436 4279 2678 4347 κεφαλὰς
2711 4279 2806 4331 καὶ
2840 4278 2983 4333 ἐπτὰ
3016 4278 3120 4348 ὅρη
3153 4276 3437 4349 ἡγούμεθα
3483 4277 3622 4329 νοεῖ-

2047 4371 2192 4437 σθαι,
2220 4371 2361 4424 ἐπτὰ
2387 4371 2586 4434 τόπους
2629 4371 2686 4422 ἐν
2719 4369 2962 4440 ὑπεροχῇ
2992 4368 3134 4422 κατὰ
3162 4367 3487 4421 δυναστείαν
3519 4384 3618 4421 κο-

2049 4465 2249 4534 σμικὴν
2270 4464 2377 4516 τῶν
2408 4461 2612 4515 λοιπῶν
2643 4460 2928 4532 ἐξέχοντας
2947 4477 2962 4492 ·
2995 4462 3079 4530 ἐφ’
3108 4458 3190 4525 οἷς
3225 4459 3366 4514 κατὰ
3392 4459 3620 4530 καιροὺς

2051 4555 2144 4624 τὴν
2167 4551 2262 4606 τοῦ
2295 4552 2503 4621 κόσμου
2533 4552 2811 4622 βασιλείαν
2837 4553 3160 4624 ἐστηρίχθαι
3187 4552 3440 4622 ἔγνωμεν
3465 4569 3478 4583 ⁸
3509 4545 3621 4604 οἷον

2046 4645 2284 4716 πρῶτον,
2313 4647 2369 4697 ἐν
2399 4646 2586 4699 Νινευῒ
2605 4646 2714 4700 τῶν
2755 4647 3056 4718 Ἀσσυρίων
3081 4647 3263 4717 ἀρχὴν
3283 4661 3296 4675 ⁸
3343 4645 3622 4717 δεύτερον,

2047 4739 2105 4792 ἐν
2173 4737 2527 4802 Ἐκϐατάνοις
2581 4740 2680 4810 τὴν
2729 4737 2884 4812 [τῶν]
2921 4740 3122 4810 Μήδων
3155 4739 3478 4793 δυναστείαν
3516 4738 3625 4791 ἀπὸ

2060 4828 2329 4899 Ἀρϐάκου
2358 4831 2709 4902 κρατήσασαν
2732 4831 2841 4883 τῶν
2884 4831 3186 4901 Ἀσσυρεων
3215 4848 3228 4862 ο
3268 4826 3345 4884 ὧν
3388 4830 3481 4884 τὸν
3527 4830 3626 4901 βα-

2051 4922 2201 4978 σιλέα
2237 4924 2653 4995 Σαρδανάπαλον
2698 4924 2949 4977 καθεῖλεν
2979 4927 3007 4978 ὁ
3043 4924 3338 4994 Ἀρσάκης,
3361 4924 3435 4988 ὼς
3480 4922 3627 4977 ἱστό-

2053 5035 2232 5088 ρηται.
2257 5019 2308 5070 Μ
2319 5016 2410 5070 ετὰ
2435 5017 2491 5070 δὲ
2523 5017 2671 5080 τοὺς,
2695 5019 2754 5069 ἐν
2776 5015 3056 5069 Βαϐυλῶνι
3085 5016 3145 5070 τὸ
3175 5017 3442 5070 Χαλδαῖον
3487 5014 3627 5086 κρά-

2049 5127 2141 5175 τος
2171 5112 2199 5163 ὁ
2233 5107 2701 5181 Ναϐουχοδονόσορ
2726 5108 3072 5162 ἐϐασίλευσεν
3099 5123 3113 5137 ·
3146 5109 3340 5162 ἔπειτα
3363 5107 3501 5179 μετὰ
3528 5108 3636 5173 τὴν»

2051 5201 2257 5257 τούτων
2293 5201 2608 5264 κατάλυσιν,
2668 5203 2726 5255 ἐν
2776 5201 2998 5266 Σούσοις
3032 5201 3132 5270 τὴν
3188 5199 3346 5273 [τῶν]
3403 5200 3629 5273 Περσῶν

2056 5291 2330 5366 βασιλείαν
2359 5291 2466 5345 ὑπὸ
2492 5290 2676 5362 Κύρου
2705 5289 3044 5344 κτισθεῖσαν.
3077 5289 3239 5344 Μετὰ
3265 5289 3322 5342 δέ
3356 5288 3454 5358 τὴν
3493 5285 3630 5340 ταύ-

2053 5403 2153 5457 της
2181 5384 2286 5438 ὑπὸ
2325 5381 2674 5454 Ἀλεξάνδρου
2713 5381 3058 5453 καθαίρεσιν,
3115 5382 3213 5454 τὴν
3242 5381 3352 5436 τῶν
3382 5380 3632 5435 Μακεδό-

2054 5497 2161 5536 νων
2198 5477 2475 5550 βασιλείαν
2499 5492 2515 5508 ο
2551 5475 2688 5547 μετὰ
2709 5476 2765 5530 δέ
2793 5476 3039 5539 τούτους,
3072 5475 3130 5528 ἐν
3177 5476 3244 5546 τῇ
3279 5473 3636 5545 ,πρεσϐυτέρα

2067 5567 2253 5638 Ῥώμῃ
2283 5567 2380 5638 τὴν
2412 5565 2521 5619 τῶν
2558 5565 2840 5636 Ῥωμαίων
2871 5565 3042 5636 ἰσχὺν,
3064 5566 3156 5619 ἐπὶ
3189 5565 3288 5636 μὲν
3320 5563 3633 5630 Αὐγούστου

2057 5662 2335 5732 Καίσαρος
2372 5659 2510 5731 μετὰ
2541 5659 2666 5721 τοὺς
2692 5657 2882 5730 πρώην
2910 5657 3150 5728 βασιλεῖς
3173 5658 3346 5728 αὐτῆς
3380 5656 3474 5709 καὶ
3495 5656 3635 5709 ὑπα-
3665 5703 3676 5712 ,

2071 5773 2183 5819 τους
2230 5754 2677 5826 μοναρχήσασαν,
2708 5751 2814 5805 ὑπὸ
2839 5751 2895 5806 δέ
2917 5751 3131 5833 άσεθῶν
3163 5751 3324 5822 μέχρι
3351 5750 3634 5803 Κωνσταν-

2057 5847 2202 5902 τίνου
2263 5845 2353 5900 τοῦ
2392 5843 2644 5914 Μεγάλου
2689 5843 3145 5914 κατασχεθείσανν
3199 5841 3274 5898 ὧν
3353 5838 3492 5914 μετᾶ
3540 5841 3640 5911 τὴν
