4034 6602
361 438 458 512 38!

1301 439 1910 506 COMMENTARIUS
1949 443 2039 506 IN"
2071 443 2606 509 APOCALYPSIN.

3521 445 3628 511 382

361 553 670 617 κατάλυσιν,
701 554 781 618 είς
806 553 907 626 τὴν
928 553 1057 609 νέαν
1093 553 1334 627 Ῥώμην,
1360 556 1432 611 τὰ
1445 558 1560 613 τῶν
1572 558 1934 630 φιλόχρίστων

2043 567 2270 630 maxime
2323 559 2565 626 detenta,
2624 560 2850 616 tandem
2882 560 2954 618 ad
2990 569 3246 632 magnum
3311 553 3633 615 Constanti-

362 647 626 721 βασιλέων
652 647 962 720 μετηνέχθη
980 648 1252 720 βασίλεια.
1297 650 1414 722 Τὴν
1439 649 1498 705 δὲ
1523 651 1697 722 αὐτὴν
1727 651 1938 706 ἔννοιαν

359 741 450 795 καὶ
479 740 606 803 τοὺς
661 737 848 813 [ἑπτά]
882 740 1125 811 βασιλεῖς
1178 742 1471 813 ὶμφαίνειν
1530 744 1781 813 οἰόμεθα,
1838 747 1940 816 τῆς

356 827 656 898 ἐναλλαγῆς
677 827 787 882 τῶν
815 828 992 897 γενῶν
1020 828 1286 901 μηδαμῶς
1321 831 1842 904 παρεμποδιζούσης
1869 835 1935 904 τῇ

353 918 455 990 τῆς
479 919 716 985 διανοίας
747 921 1038 992 ταυτότητι
1062 933 1077 953 ‘°
1113 923 1162 976 ei
1188 922 1428 976 καὶηὲκεῖ
1463 923 1562 995 μὲν
1591 924 1732 978 ὲπτά
1764 941 1937 995 κεφα-

352 1011 448 1074 λάς
474 1011 726 1082 θηλυκῶς
769 1013 864 1066 καὶ
915 1014 1055 1068 ἑπτά
1095 1014 1198 1085 ὅρη
1237 1014 1558 1086 οὐδετέρως,
1607 1014 1844 1070 ἐνταῦθα
1878 1015 1936 1071 δὲ

352 1105 494 1158 ἑπτά
525 1104 767 1175 βασιλεῖς
812 1108 1094 1177 ἐσήμανεο
1148 1107 1411 1172 πολλάκις
1461 1107 1572 1180 γὰρ
1624 1109 1936 1181 ἀδιαφόρως

349 1192 472 1248 ἀντὶ
503 1191 758 1263 θηλυκῶν
784 1195 1056 1266 ἀρρενικὰ
1078 1196 1136 1248 ἐν
1150 1198 1216 1268 τῇ
1250 1197 1442 1268 Γραφῇ
1469 1201 1646 1252 κεῖται
1671 1198 1932 1269 ὀνόματα.

358 1284 456 1339 καὶ
491 1284 555 1338 τὸ
585 1284 862 1355 ἔμπαλιν·
923 1281 1072 1348 οἷον.
1129 1289 1372 1358 Ἐφρατμ
1422 1289 1682 1360 δάμαλις
1730 1307 1935 1360 uapor.

347 1376 618 1445 στρῶσα·
635 1378 732 1432 καὶ⁵
748 1378 934 1440 πάλιν.
959 1379 1212 1448 Ἐφρατμ
1234 1381 1554 1450 περιστερὰ
1575 1383 1692 1436 οὐκ
1703 1380 1935 1450 ἔχουσα

288 1527 298 1540 .
346 1467 631 1538 καρδίαν*
663 1467 757 1522 καὶ
781 1467 924 1522 κατά
952 1467 1044 1522 τὸν
1067 1469 1352 1539 Θεολόγον,
1383 1470 1542 1540 Τρεῖς
1560 1471 1932 1540 μαρτυροῦσι

345 1559 427 1626 τῷ
449 1558 682 1630 Χριστῷ
701 1575 718 1594 ο
744 1561 814 1614 τὸ
840 1556 1003 1631 αἷμα,
1030 1562 1127 1616 καὶ
1154 1562 1222 1617 τὸ
1243 1562 1420 1630 ὕδωρ,
1443 1555 1538 1616 καὶ
1560 1563 1627 1616 τὸ
1655 1560 1894 1631 πνεῦμα
1920 1579 1933 1594 ·

343 1653 444 1708 καὶ
470 1653 544 1708 τὰ
569 1653 702 1723 τρία
722 1653 794 1708 ἐν
813 1655 932 1708 εισι
954 1695 971 1719 ,
1009 1655 1151 1709 κατὰ
1182 1655 1275 1709 τὸν
1307 1655 1654 1725 Σολομῶντα,
1706 1655 1931 1724 τράγος,

343 1746 441 1801 καὶ
472 1746 747 1818 ἀλέκτωρ,
779 1749 872 1802 καὶ
912 1748 1165 1818 βασιλεὺς
1192 1746 1596 1820 [δημηγορῶν.]
1627 1747 1726 1802 Διά
1753 1748 1932 1802 τοίνυν

2045 667 2179 706 num
2205 654 2476 722 pervenit.
2512 652 2612 709 llic
2641 663 2828 708 autem
2897 654 3154 725 tyrannis
3213 654 3471 709 omnibus
3517 653 3630 721 jam

2046 743 2264 812 deletis,
2298 746 2596 802 Christiani
2631 748 2784 816 regni
2819 757 3142 802 ornamenta
3171 748 3223 801 in
3257 761 3453 800 novam
3521 744 3630 798 ﬂo-

2048 852 2192 892 mam
2225 837 2523 900 transtulit.
2565 839 2765 893 Eadem
2828 841 3098 895 sententia
3152 848 3359 909 Septem
3411 852 3633 908 quoque

2040 928 2260 998 regibus
2290 931 2686 986 accommodari
2713 940 2914 1000 potest,
2941 936 3198 1000 generum
3225 930 3469 999 enallage
3497 944 3632 983 neu.-

2040 1009 2530 1089 tiquam'obstante
2559 1030 2656 1076 aut
2700 1022 2988 1075 sententim
3049 1021 3316 1074 identitati
3373 1017 3629 1088 pra-judi-

2037 1121 2218 1167 cante.
2259 1110 2393 1168 Nam
2443 1113 2547 1169 etsi
2591 1113 2826 1182 κεφαλαὶ
2864 1114 3065 1176 capita,
3116 1111 3184 1166 ad
3243 1126 3412 1180 genus
3476 1108 3631 1164 femi-

2039 1215 2198 1255 neum
2226 1203 2638 1275 spectant;6p-q
2691 1213 2873 1258 autem
2934 1203 3159 1265 montes,
3209 1202 3276 1255 ad
3340 1208 3628 1265 neutrum;

2037 1293 2277 1365 βασιλεῖς
2308 1312 2436 1350 vero
2472 1313 2634 1367 reges,
2675 1297 2738 1350 ad
2768 1295 3128 1361 masculeum,
3158 1295 3260 1347 hoc
3303 1302 3483 1346 tamen
3535 1305 3627 1344 ve-

2038 1387 2251 1441 ritalem
2291 1401 2397 1440 non
2433 1388 2698 1456 infringit.
2737 1387 3123 1456 Smpenumero
3183 1385 3328 1439 enim
3372 1383 3426 1437 in
3478 1382 3628 1435 Scri-

2039 1481 2212 1552 pturis
2243 1496 2340 1551 pro
2376 1479 2659 1536 femininis
2684 1482 3030 1535 collocantUr
3071 1477 3399 1541 masculina,
3431 1475 3628 1531 etedi-

2037 1589 2212 1629 verso.
2262 1569 2523 1642 Ephraim'
2575 1573 2745 1627 vitula
2789 1582 3134 1626 constemens
3165 1570 3232 1626 ".
3277 1568 3340 1622 Et
3383 1583 3574 1622 rursus
3609 1584 3622 1620 :

2037 1665 2293 1735 Epltraim
2334 1665 2579 1720 columba
2639 1681 2741 1718 non
2782 1664 2976 1718 habens
3033 1679 3125 1718 cor
3191 1663 3257 1716 ⁸⁸.
3299 1661 3498 1716 Notum
3543 1667 3626 1713 est

2037 1761 2187 1816 enim
2222 1759 2352 1815 illud
2410 1759 2696 1829 ThCOIOgi:
2727 1753 2852 1812 Tres
2913 1766 3056 1820 sunt,
3123 1757 3216 1826 qui
3263 1754 3624 1808 testimonium

342 1839 454 1893 τῶν
483 1841 627 1894 ἑπτὰ
650 1841 927 1910 κεφαλῶν,
981 1841 1170 1905 πόλεις
1226 1841 1482 1910 θηλυκῶς
1515 1841 1766 1913 δηλώσας
1789 1854 1808 1873 ··
1837 1843 1933 1896 καὶ

2043 1850 2160 1903 dant
2187 1849 2242 1902 in
2288 1859 2452 1914 terra,
2480 1847 2734 1917 Spiritus,
2765 1861 2924 1918 aqua,
2994 1856 3043 1900 et
3079 1845 3316 1913 sanguis,
3340 1854 3388 1897 et
3427 1843 3480 1894 hi
3523 1852 3624 1894 tres

342 1933 432 1988 διὰ
449 1933 561 1987 τῶν
595 1933 740 1986 ἑπτὰ
772 1934 968 2005 ὀρέων,
1002 1934 1144 1987 ἑπτά
1193 1934 1559 2005 ἀναστήματα
1603 1934 1926 2006 οὐδετέρως,

2043 1958 2194 1996 unum
2223 1951 2365 1997 sunt.
2403 1941 2469 1996 Et
2502 1942 2634 1997 illud
2656 1957 2871 1996 rursum
2897 1934 3233 1995 Salomonis:
3291 1935 3416 1990 Tria
3469 1945 3620 1996 sunt,

340 2025 436 2080 τοῦ
470 2025 663 2079 λοιποῦ
686 2026 786 2096 τῆς
823 2027 926 2097 γῆς
955 2025 1207 2096 σώματος
1259 2027 1400 2081 κατά
1453 2027 1644 2098 καιρὸν
1692 2027 1934 2098 ὑπεραν-

342 2117 563 2190 ὶχοντα,
610 2118 673 2172 οὐ
697 2121 898 2190 τοπικῇ
940 2119 1086 2172 θέσει
1139 2118 1257 2191 [καὶ
1294 2119 1558 2193 musam]
1597 2120 1733 2174 ἀλλὰ
1777 2119 1936 2191 δόξης

339 2211 642 2282 ἀξιώματι.
679 2213 787 2265 Καὶ
819 2212 1061 2283 βασιλεῖς
1090 2212 1298 2283 ὁμοίως
1326 2209 1504 2279 εἶπεν,
1548 2215 1623 2278 ὼς
1675 2217 1938 2284 νενοήκα-

345 2321 471 2371 μεν,
499 2304 534 2375 ἢ
566 2305 693 2365 τοὺς
731 2304 1091 2370 δοξασθέντος
1137 2306 1339 2371 τόπους
1379 2309 1446 2378 τῇ
1497 2307 1752 2378 βασιλικῇ
1803 2323 1942 2377 προ-

341 2397 522 2468 apta,
553 2397 588 2468 ἢ
619 2399 750 2462 τοὺς
786 2399 1020 2468 πρώτως
1044 2400 1103 2452 ὲν
1135 2399 1346 2472 ἑκάστῃ
1372 2400 1482 2452 τῶν
1523 2398 1930 2470 προλεχθεισῶν

342 2488 812 2561 βασιλεύσαντας·
863 2491 1097 2544 ἑκάστου
1151 2490 1343 2563 [κατὰ]
1377 2491 1716 2563 περίφρασιν
1747 2492 1934 2545 πᾶσαν

338 2578 441 2650 τὴν
468 2579 752 2649 βασιλειαν
787 2582 1191 2654 περιορίζοντος
1213 2598 1228 2612 °
1264 2579 1397 2648 οἷον,
1429 2568 1617 2648 Νίνου,
1653 2582 1756 2653 τῆς
1806 2583 1932 2635 Ἀσ-

342 2671 588 2743 συρίωνο
656 2673 951 2744 Ἀρϐάκου,
1003 2676 1104 2744 τῆς
1157 2675 1387 2746 Μήδων·
1438 2675 1931 2745 Ναϐουχοδονόσορ,

341 2768 443 2836 τῆς
487 2765 811 2830 Βαϐυλῶνος
832 2782 845 2796 ·
887 2767 1098 2838 Κύρου,
1122 2767 1223 2837 τῆς
1248 2766 1474 2837 Περσῶν
1497 2781 1510 2795 ·
1554 2765 1930 2837 Ἀλεξάνδρου,

341 2857 440 2928 τῆς
475 2859 833 2913 Μακεδόνων·
879 2861 1184 2930 Ῥωμύλου,
1220 2859 1322 2930 τῆς
1374 2859 1613 2922 παλαιᾶς
1663 2859 1884 2932 Ῥώμης
1913 2876 1928 2893 ο

347 2951 789 3012 Κωνσταντξνου,
811 2953 911 3022 τῆς
929 2953 1076 3016 νέας.

2036 2033 2244 2094 hircus,
2273 2043 2329 2086 et
2365 2032 2558 2102 gallus,
2615 2041 2670 2086 et
2708 2045 2796 2086 rex
2834 2030 3194 2084 concinnans.
3229 2027 3400 2098 Igitur
3434 2040 3626 2096 persc-

2037 2131 2179 2190 ptem
2209 2123 2412 2192 capita,
2437 2132 2641 2192 septem
2677 2123 2924 2176 civitates
2981 2120 3242 2174 feminine
3267 2118 3620 2172 denotamur:

2038 2226 2134 2285 per
2156 2224 2361 2284 septem
2383 2223 2563 2269 autem
2587 2225 2823 2278 montes,
2845 2224 3048 2283 septem
3080 2210 3443 2267 eminentiora
3466 2217 3625 2262 terra:

2040 2307 2296 2361 locanou
2349 2306 2508 2361 locali
2542 2307 2674 2369 situ,
2705 2305 2798 2360 sed
2857 2304 3171 2374 praestantia
3225 2312 3280 2358 et
3351 2300 3616 2370 dignitate

2036 2398 2395 2454 neutraliter:
2427 2408 2520 2453 aut
2545 2408 2750 2468 septem
2780 2413 2935 2469 reges
2957 2439 2970 2462 ,
2999 2398 3066 2451 ad
3097 2395 3317 2450 modum
3373 2395 3484 2465 jam
3534 2409 3628 2446 ex.

2040 2491 2304 2559 positum,
2351 2491 2690 2555 masculine;
2777 2488 3089 2558 cuiusmodi
3145 2487 3331 2542 haberi
3394 2490 3628 2555 possunt

2041 2582 2142 2648 illi,
2179 2582 2273 2653 qui
2303 2582 2443 2638 locis
2503 2581 2586 2636 vel
2647 2580 2868 2636 sedibus
2908 2580 3053 2651 regia
3100 2579 3367 2648 dignitate
3417 2575 3628 2630 ornatis

2036 2675 2200 2745 primi
2243 2673 2613 2744 praefuerunt;
2650 2673 2723 2728 ita
2772 2681 2955 2727 tamen
3002 2679 3062 2725 ut
3104 2667 3500 2741 synecdochice
3546 2673 3631 2719 to-

2035 2776 2150 2822 tum
2177 2783 2407 2837 regnum
2437 2767 2655 2821 illorum
2681 2766 2902 2820 nomine
2925 2763 3263 2834 designetur.
3288 2759 3394 2816 Per
3418 2757 3622 2814 Ninum

2035 2861 2220 2930 itaque
2247 2861 2551 2930 accipiatur
2581 2859 2816 2929 primum
2852 2873 3106 2928 regnum,
3139 2869 3335 2923 nempe
3377 2850 3629 2923 Assyrio-

2035 2965 2180 3008 rum:
2216 2967 2311 3024 per
2347 2953 2637 3016 Arliaceln,
2663 2949 2947 3006 Medorum
3009 2967 3022 3003 :
3057 2963 3154 3019 per
3207 2943 3632 3000 Nabuchodono-

344 3053 553 3108 sorem,
576 3045 952 3100 Chaldaeorum
984 3060 1081 3102 seu
1112 3046 1536 3118 Babyloniorum
1577 3062 1591 3100 :
1630 3059 1726 3114 per
1776 3043 2004 3115 Cyrum,
2044 3045 2380 3104 Persarum:
2413 3061 2510 3117 per
2537 3043 2912 3102 Alexandrum
2964 3041 3217 3112 Magn-um
3270 3036 3628 3093 Macedonum

342 3137 931 3206 VelGraecorumzper
991 3139 1282 3210 Romulum
1354 3142 1440 3198 vel
1498 3142 1808 3212 Augustum
1868 3139 2164 3213 Caesarem,

339 3236 706 3293 Orientalium
738 3247 833 3292 aut
853 3254 1008 3294 novas
1045 3238 1252 3296 Romae.

400 3332 473 3385 οι
498 3331 702 3394 πέντε,
732 3330 985 3386 ἔπεσον·
1013 3335 1045 3387 ό
1071 3327 1178 3399 εἷς,
1209 3332 1416 3387 ἔστιν·
1446 3335 1479 3387 ό
1507 3332 1722 3401 ἄλλος,
1756 3334 1924 3388 οὔπω
1950 3328 1998 3397 C.

343 3417 571 3494 ἦλθενο
597 3424 695 3478 καὶ
726 3423 874 3481 ὅταν
915 3425 1090 3493 ἔλθῃ,
1114 3426 1325 3495 ὀλίγον
1355 3427 1543 3481 αὑτὸν
1581 3425 1679 3480 δεῖ
1706 3427 1928 3498 μεῖναι.

414 3602 590 3676 [Τοὺς
616 3603 674 3658 δὲ
701 3602 810 3656 ἀπὸ
843 3601 953 3655 τῶν
979 3602 1118 3656 ἑπτὰ
1146 3599 1412 3672 βασιλέων
1456 3598 1725 3663 πεσόντας
1769 3598 1932 3651 πέντε

347 3693 642 3766 βασιλεῖς,]
689 3697 718 3748 ὁ
750 3692 1026 3765 μακάριος
1089 3692 1405 3756 Ἱππόλυτος
1453 3690 1658 3754 αἰῶνας
1707 3689 1933 3754 τούτους

348 3787 635 3854 ἐξέλαϐεν·
663 3782 740 3842 ῶν
767 3788 898 3851 τοὺς
945 3787 1046 3858 μὲν
1087 3786 1252 3840 πέντε
1291 3784 1708 3857 παρῳχηκέναι,
1759 3785 1852 3837 τὸν
1877 3783 1933 3837 δὲ

346 3870 508 3934 ἕκτον
563 3879 789 3932 ἑστάναι
812 3894 828 3909 ·
865 3878 924 3931 ἐν
942 3871 988 3946 ᾧ
1017 3875 1192 3930 ταῦτα
1219 3877 1466 3948 ἑώρακεν
1493 3877 1522 3929 ό
1567 3875 1891 3939 ’Λπόστολος
1916 3890 1931 3905 ·

347 3975 440 4028 τὸν
473 3973 530 4027 δὲ
549 3972 799 4043 ἕϐδομον,
833 3971 924 4027 τὸν
952 3972 1090 4042 μετὰ
1119 3972 1187 4026 τὰ
1215 3977 1267 4037 ς’
1297 3971 1416 4040 ἐτη,
1463 3971 1629 4042 μήπω
1659 3970 1762 4040 μὲν
1808 3969 1936 4039 stu-

349 4063 572 4118 λυθέναι
591 4079 606 4096 ο
635 4063 930 4135 ἐρχόμενον
961 4063 1040 4128 δὲ,
1073 4061 1252 4131 ὀλίγον
1282 4061 1364 4115 δεῖ
1394 4064 1595 4131 μεῖναι.
1625 4059 1737 4114 Καὶ
1761 4058 1937 4112 ταῦτα

353 4157 454 4228 μὲν
484 4156 658 4219 οὕτως
679 4155 910 4228 [ἐκεῖνος
1030 4156 1078 4208 εἰ
1113 4155 1194 4217 δὲ,
1232 4153 1307 4217 ὥς
1339 4169 1504 4224 φησιν
1536 4152 1564 4205 ὁ
1612 4147 1936 4224 ίμακάριος]

352 4251 666 4321 Εἰρηναῖος,
708 4247 898 4319 ὥσπερ
950 4248 1092 4300 ἑπτα
1143 4247 1351 4318 ἡμέραι
1418 4245 1935 4316 δεδημιούργηνται,

349 4339 498 4394 οὕτω
535 4339 630 4393 καὶ
659 4339 801 4393 ἑπτὰ
831 4339 1074 4409 οὐρανοὶ,
1107 4339 1203 4391 καὶ
1247 4337 1388 4390 ἑπτά
1427 4336 1650 4405 ἄγγελοι
1689 4336 1799 4388 τῶν
1827 4335 1939 4388 λοιο

352 4432 475 4487 πῶν
505 4430 862 4504 προῦχοντες,
888 4431 983 4485 καὶ
1014 4431 1175 4501 ἡμῶν
1215 4430 1488 4499 λεγόντων
1526 4428 1938 4500 εὐπαράδεκτον

352 4525 465 4589 τοῖς
493 4523 760 4578 ἀκούουσι
798 4522 1051 4592 φαίνεται
1079 4521 1142 4574 τὸ
1189 4521 1282 4575 καὶ
1313 4521 1454 4574 ἑπτὰ
1484 4519 1762 4586 βασιλείας
1793 4509 1938 4574 εἴναι

353 4616 454 4680 τὰς
479 4615 577 4670 ἀπ’
608 4616 782 4686 ἀρχῆς
813 4613 982 4686 μέχρι
1011 4614 1152 4688 [τοῦ]
1178 4614 1273 4669 νῦν
1312 4614 1670 4686 περιϐοήτους
1689 4630 1705 4644 ο
1735 4605 1809 4666 ὧν
1839 4613 1940 4677 τὰς

2273 3144 2698 3200 Romanorum:
2750 3153 2848 3212 per
2885 3137 3308 3194 Constantinum
3359 3132 3619 3201 denique,

2098 3323 2266 3394 XVII,
2291 3327 2346 3391 9,
2379 3324 2466 3380 10.
2491 3317 2562 3379 Et
2607 3339 2751 3393 reges
2778 3331 2971 3389 septem
2996 3329 3142 3373 sunt:
3171 3317 3398 3389 quinque
3418 3313 3629 3369 cecide-

2033 3429 2178 3485 runt,
2206 3429 2255 3475 et
2272 3433 2406 3472 unus
2426 3426 2522 3483 est,
2547 3416 2686 3470 alius
2713 3414 2944 3468 uoudu-u
2991 3412 3130 3466 venit
3155 3429 3174 3468 :
3203 3419 3251 3464 et
3274 3424 3390 3462 cum
3415 3406 3631 3469 venerit,

2033 3523 2234 3588 Oportet
2264 3512 2417 3568 illum
2449 3512 2598 3565 breve
2621 3519 2823 3579 tempus
2863 3523 3094 3561 mmiere.

2105 3608 2304 3664 Beatus
2336 3603 2660 3675 Hippolytus
2703 3617 2800 3671 per
2827 3602 2991 3656 hosce
3027 3615 3184 3671 reges
3229 3599 3430 3654 smeula
3473 3613 3632 3654 acce-

2037 3702 2151 3772 pit:
2189 3715 2222 3756 e
2247 3699 2450 3770 quibus
2477 3697 2723 3766 quinque
2767 3693 2880 3763 jam
2933 3692 3312 3763 prtetericrunt
3343 3707 3357 3744 :
3395 3700 3630 3754 sextum,

2037 3789 2090 3848 in
2133 3808 2243 3863 quo
2286 3789 2568 3861 apostolus
2619 3789 2733 3841 haec
2761 3786 2916 3853 vidit,
2961 3785 3142 3840 adhuc
3192 3783 3484 3839 decurrit:
3526 3765 3642 3853 79'

2037 3887 2330 3957 septimum
2387 3891 2595 3948 autem,
2630 3893 2692 3938 ut
2731 3882 2824 3938 ille
2858 3880 3120 3949 opinatur
3151 3886 3278 3948 post
3326 3875 3508 3946 elapsa
3535 3891 3632 3930 sex

2037 3991 2306 4033 annorum
2321 3977 2495 4031 millia
2511 3978 2730 4032 tandem
2744 3991 2802 4030 se
2817 3972 3030 4044 prodet:
3051 3969 3141 4023 ubi
3160 3977 3343 4023 autem
3363 3982 3482 4022 sese
3498 3982 3622 4036 pro-

2036 4070 2253 4136 diderit,
2267 4081 2460 4140 parum
2479 4069 2716 4124 durabit.
2734 4067 2799 4121 Et
2814 4068 2926 4120 haec
2942 4063 3160 4132 quidem
3177 4060 3243 4115 ad
3259 4075 3384 4114 eum
3406 4058 3627 4112 modum

2038 4161 2146 4216 ille.
2183 4160 2415 4225 Forsan,
2453 4171 2513 4214 ut
2561 4158 2834 4215 B.lrenaei
2859 4154 3382 4222 scutentia,septem
3422 4150 3630 4205 conditi

2039 4262 2167 4308 sunt
2181 4253 2320 4310 dies.
2335 4261 2603 4321 ctseptem
2623 4250 2837 4312 coeli,et
2855 4255 3062 4316 septem
3083 4242 3259 4312 angeli
3273 4241 3486 4296 caeteris
3507 4255 3638 4308 pra:-

2041 4344 2334 4399 stautiores
2367 4363 2380 4398 :
2417 4343 2487 4397 ita
2511 4343 2623 4413 jam
2649 4340 2775 4395 inde
2799 4339 2867 4394 ab
2883 4335 3112 4391 exordio
3135 4349 3309 4404 usque
3348 4331 3413 4385 ad
3447 4330 3633 4384 sa‘culi

2043 4439 2203 4491 linem
2223 4444 2431 4506 septem
2466 4449 2634 4504 regna
2665 4431 2878 4487 ueteris
2891 4428 3195 4485 celebriora
3217 4425 3352 4480 citra
3373 4421 3595 4477 absurdi
3611 4449 3630 4460 ν

2043 4535 2204 4582 tatem
2241 4536 2479 4581 statuere
2507 4523 2726 4579 licebit:
2754 4539 2784 4577 e
2811 4520 3012 4591 quibus
3067 4519 3309 4588 quinque
3362 4513 3475 4584 jam
3521 4522 3638 4566 tmn

2042 4620 2430 4676 conciderant:
2463 4627 2700 4680 sextum,
2727 4629 2852 4670 eum
2888 4608 3241 4682 Apocalypsis
3291 4603 3646 4668 cernebatur,

358 4709 654 4776 μὲνπέντε
711 4707 811 4780 ήδη
863 4707 1374 4779 πεπτωκέναιοτὴν
1417 4707 1472 4760 δὲ
1510 4706 1696 4778 ἕκτην,
1742 4705 1827 4776 ἐφ’
1874 4701 1937 4778 ἦς

2049 4713 2227 4767 :nlliue
2273 4713 2632 4775 consistebat,
2664 4718 2718 4762 et
2768 4705 2986 4777 quidem
3025 4705 3078 4758 in
3128 4702 3351 4771 antiqua
3407 4697 3580 4750 Roma
3621 4714 3637 4752 :

351 4799 547 4871 ῶράθη
574 4801 608 4870 ἡ
639 4799 1004 4869 ἀποκάλυψις,
1039 4797 1265 4853 ἑστάναι
1304 4799 1511 4868 ταύτην
1547 4799 1604 4850 ὲν
1637 4799 1704 4868 τῇ
1731 4797 1939 4867 παλαιᾷ

366 4890 593 4965 Ῥώμῃ·
623 4891 724 4962 τὴν
750 4892 809 4946 δὲ
855 4891 1092 4963 ἑϐδόμην
1127 4892 1296 4962 μήπω
1340 4889 1683 4961 ἐληλυθέναι,
1742 4889 1842 4958 τὴν
1883 4891 1940 4941 ἐν

359 4985 424 5055 τῇ
457 4985 554 5054 νέᾳ
583 4979 832 5057 [Ῥώμῃ]
859 4996 873 5012 ⁶
904 4979 965 5038 εὖ
1149 4983 1215 5038 ἄν
1249 4982 1363 5054 ἔχοι
1389 4985 1416 5037 ὁ
1442 4985 1542 5054 τῆς
1596 4980 1940 5052 παγκοσμίου

360 5078 681 5144 Βαϐυλῶνος
733 5079 893 5150 λόγος
953 5081 1034 5145 εἰς
1061 5081 1160 5150 τὴν
1214 5081 1374 5152 μέχρι
1416 5079 1510 5133 τοῦ
1574 5072 1940 5150 Ἀντιχρῐστου

361 5171 754 5242 βασιλεύουσαν
776 5171 932 5226 πόλιν
954 5171 1475 5243 ὲναπαρτιζόμενος,
1511 5170 1691 5238 ὀλίγον
1720 5167 1947 5240 κρατοῦ-

359 5271 484 5332 ῦιν,
520 5265 597 5329 ὡς
624 5265 762 5336 πρὸς
782 5265 882 5328 τὰς
907 5265 1178 5335 πρότερον
1200 5283 1214 5296 ·
1256 5258 1333 5318 ὧν
1358 5264 1414 5317 αι
1454 5266 1551 5335 μὲν
1590 5259 1764 5332 ἧρξαν
1803 5261 1944 5332 ὑπὲρ

361 5360 432 5413 τά
456 5360 793 5413 πεντακόσια
815 5358 948 5428 ἔτηο
982 5357 1038 5411 αἱ
1063 5358 1142 5423 δὲ,
1187 5358 1327 5426 ὑπὲρ
1364 5357 1434 5410 τά
1471 5355 1616 5427 χίλια
1637 5371 1650 5385 ·
1679 5353 1855 5417 άλλως
1885 5371 1943 5406 τε

361 5452 417 5506 δὲ
451 5452 548 5506 καὶ
576 5453 684 5516 πᾶς
717 5451 950 5524 ἀριθμὸς
972 5451 1220 5522 χρονικὸς
1264 5449 1443 5518 ὀλίγος
1487 5445 1652 5520 [ἐστὶ]
1686 5447 1820 5517 πρὸς
1849 5446 1945 5518 τὴν

367 5546 667 5614 μέλλουσαν
692 5547 801 5600 τῶν
834 5545 1006 5615 ἀγίων
1038 5543 1314 5616 βασιλείαν
1343 5543 1442 5612 τὴν
1459 5540 1834 5610 ἀτελεύτητον.

2037 4807 2324 4878 septimum
2358 4819 2523 4876 porro
2586 4819 2680 4873 per
2711 4802 2762 4855 id
2790 4795 3253 4870 tempusnecdum
3305 4795 3639 4861 advenerat;

2039 4903 2153 4955 sive
2185 4914 2280 4969 per
2304 4898 2434 4952 illud
2467 4897 2842 4950 insinuaretur
2870 4908 3021 4946 norm
3073 4887 3263 4943 Romae
3309 4884 3599 4954 imperium
3625 4914 3656 4969 ,‘

2038 4994 2154 5050 sive
2180 4991 2324 5047 aliud
2363 4989 2732 5060 quodcunque
2801 5000 3047 5054 regnum.
3101 4982 3204 5036 Sed
3252 4993 3426 5049 neque
3485 4976 3646 5030 abso-

2043 5099 2172 5140 num
2205 5091 2421 5155 qttothe
2449 5082 2631 5147 fuerit,
2701 5080 2747 5134 si
2780 5079 2928 5133 orbis
2983 5073 3220 5130 universi
3283 5071 3644 5142 principatum

2058 5193 2231 5247 usque
2247 5174 2992 5243 adAntichristiadventum,
3026 5183 3192 5223 unam
3219 5173 3535 5234 regnantem
3563 5159 3646 5214 ci-

2052 5270 2271 5325 vitalem
2357 5269 2792 5332 constituamus;
2873 5273 3205 5336 postremam
3259 5266 3438 5310 autem
3488 5251 3646 5305 Anti-

2053 5364 2244 5420 christi
2271 5363 2635 5436 tyrannidem,
2661 5376 2782 5430 quae
2818 5357 3029 5414 modico
3053 5365 3315 5424 tempore,
3348 5347 3391 5402 si
3441 5345 3650 5436 priores

2055 5435 2402 5513 monarebias
2428 5463 2755 5524 spectemus,
2787 5453 3044 5507 duratura
3075 5457 3195 5510 est;
3226 5441 3494 5513 siquidem
3520 5435 3644 5488 alia}

2055 5562 2119 5599 ex
2159 5546 2263 5602 illis
2285 5563 2448 5616 supra
2504 5544 2832 5616 quingentos
2881 5555 3055 5595 annos
3095 5539 3435 5606 imperarunt
3468 5545 3480 5582 :
3516 5525 3640 5578 alia:

363 5639 509 5695 ultra
543 5640 712 5695 mille.
736 5640 840 5695 Sed
869 5649 923 5695 et
966 5639 1148 5694 omnis
1198 5653 1416 5709 quoque
1464 5634 1724 5706 temporis
1782 5649 2055 5694 mensura.
2085 5639 2128 5694 si
2176 5657 2301 5696 cum
2355 5639 2539 5695 futura
2574 5647 2891 5695 sanctorum
2948 5634 3081 5700 vita,
3128 5643 3249 5701 qua:
3275 5635 3359 5682 est
3406 5627 3641 5690 aeterna,

362 5745 737 5806 comparetur,
772 5733 954 5789 brevis
986 5741 1090 5790 est.

439 5899 485 5935 "
519 5899 619 5955 Isa.
651 5914 740 5963 xv,
774 5897 824 5952 5.
921 5894 967 5928 "
992 5894 1130 5951 Osce
1156 5909 1254 5955 vn,
1286 5894 1368 5949 ll.
