4042 6636
330 424 439 491 383

1518 432 1852 499 ANDRE/E
1864 434 2407 500 'CESARIENSIS

3495 436 3604 503 384

405 520 779 612 χνιι,ιι.“Ἐι
804 545 968 601 bestia
998 563 1116 617 qua:
1169 556 1308 615 erat,
1361 558 1410 604 et
1445 567 1549 605 non
1594 562 1698 618 est,
1724 552 1909 621 et‘ipse

2078 552 2188 606 Kal
2218 551 2286 607 τὸ
2315 552 2524 621 θηρίον
2550 550 2581 603 ὃ
2606 545 2705 621 ἦν,
2731 549 2876 623 [καὶ]
2903 552 3014 604 οὐκ
3056 553 3227 605 ἐστιν
3262 550 3603 627 [οὐδόλως.]

333 648 677 701 octavusest;
715 649 764 692 et
788 640 852 693 de
868 648 1065 707 septem
1086 650 1165 694 est
1188 680 1204 705 ,
1235 652 1285 696 et
1326 643 1377 696 in
1438 643 1713 698 interitum
1748 639 1915 698 vadit.

405 816 529 871 llmc
565 817 729 871 bestia
794 824 878 877 est
927 818 1339 886 Autichristus;
1408 832 1620 876 octavus
1671 822 1917 892 quidem,

332 909 458 977 quia
491 918 611 976 post
657 922 862 978 septem
913 926 1079 980 regna
1110 912 1176 965 ad
1224 913 1531 967 mortalium
1591 914 1911 982 perniciem,

331 1000 727 1068 ilvceptioneru,
753 1010 806 1054 et
832 1010 992 1055 terra:
1039 1003 1432 1057 desolationem
1484 1014 1708 1058 exortus
1743 1021 1919 1059 :unns

332 1105 463 1142 vero
486 1105 551 1143 ex
572 1100 790 1157 septem,
811 1090 938 1160 quia
954 1091 1021 1145 ab
1042 1108 1151 1145 uno
1171 1108 1234 1147 ex
1257 1092 1361 1145 illis
1392 1101 1712 1163 prognatus.
1736 1092 1922 1163 Neque

331 1180 479 1234 enim
498 1190 757 1250 tauquam
783 1189 1074 1236 extraneas
1108 1183 1404 1251 quispiam,
1436 1193 1531 1235 aut
1568 1183 1707 1239 alius
1727 1199 1756 1238 a
1781 1201 1917 1255 pra:—

332 1270 497 1326 tlictis
526 1282 815 1341 exsurget;
849 1271 944 1325 secl
998 1281 1257 1341 tanquam
1287 1273 1654 1329 Romanorum
1712 1292 1828 1343 rex,
1851 1276 1918 1330 ad

336 1362 555 1416 illorqu
583 1363 861 1417 interitum
898 1373 951 1417 et
1000 1363 1450 1429 internecionem,
1486 1366 1579 1434 qui
1632 1367 1790 1421 iidem
1820 1368 1920 1437 ipsi

335 1452 632 1517 habebunt,
666 1454 717 1506 in
761 1454 1000 1507 medium
1032 1470 1153 1509 sese
1179 1454 1387 1508 etTeret.
1415 1454 1604 1510 Postea
1650 1474 1799 1522 vero,
1830 1460 1920 1513 ubi

335 1543 593 1595 nimirum
622 1543 687 1596 ad
712 1543 874 1597 breve
900 1554 1113 1613 tempus
1154 1543 1452 1599 bacchatus
1499 1546 1679 1610 luerit,
1741 1548 1793 1601 in
1830 1566 1922 1619 ge-

335 1634 529 1688 hennae
563 1635 923 1703 perditionem
964 1651 1204 1705 praeceps
1233 1646 1371 1691 ruet.

404 1723 575 1787 XVII,
606 1726 693 1779 12.
730 1725 793 1780 Et
819 1727 994 1780 decem
1022 1743 1220 1781 cornua
1253 1744 1370 1796 qua;
1406 1729 1605 1795 vidisti,
1631 1730 1805 1785 decem
1843 1749 1924 1787 re-

2028 644 2129 698 καὶ
2176 646 2361 711 αὐτὸς
2391 644 2603 714 ὄγδοός
2644 645 2775 698 ἐστι
2817 661 2830 675 ⁸
2868 645 3055 698 καὶέκ
3096 644 3214 699 τῶν
3266 645 3415 699 ἐπτά
3448 646 3602 715 ἐστι,

2028 735 2125 789 καὶ
2148 738 2236 801 εις
2263 734 2567 790 ἀπώλειαν
2590 737 2826 804 ὑπάγει.

2106 826 2176 879 T6
2208 826 2265 879 δὲ
2298 830 2485 893 θηρον
2521 828 2548 879 ὁ
2585 825 2954 896 ’Λντίχριστός
2989 826 3157 878 ἐστιν’
3213 823 3428 893 ὄγδοος
3478 824 3601 894 μὲν,

2028 917 2102 980 ὡς
2136 918 2273 987 μετά
2304 919 2401 979 τὰς
2433 917 2571 971 ἑπτὰ
2608 917 2915 988 βασιλείας,
2942 918 3035 969 ἐπὶ
3102 916 3287 986 ἀπάτῃ
3341 917 3437 970 καὶ
3470 918 3603 986 ἐρη-

2033 1007 2204 1078 μώσει
2244 1009 2341 1078 τῆς
2367 1008 2472 1079 γῆς
2512 1009 2876 1079 ἀνιστάμενος
2910 1024 2925 1039 ·
2968 1008 3037 1061 ἐκ
3068 1006 3187 1060 τῶν
3233 1005 3385 1060 ἑπτὰ
3417 1007 3496 1069 δὲ,
3527 1006 3605 1069 ὡς

2028 1102 2093 1153 ὲκ
2122 1102 2250 1169 μιᾶς
2280 1100 2459 1154 αὐτῶν
2483 1100 2797 1170 βλαστάνων
2833 1115 2848 1130 ο
2883 1099 2943 1151 οὑ
2979 1098 3088 1168 γὰρ
3131 1098 3189 1164 ἐξ
3222 1098 3384 1153 ἄλλου
3415 1098 3605 1161 ἔθνους
3626 1132 3638 1141 -

2028 1190 2216 1264 [μετὰΙ
2235 1191 2303 1247 τὰ
2319 1192 2689 1263 προλεχθέντα
2712 1234 2726 1255 ,
2760 1191 2874 1245 ἀλλ’
2897 1190 2973 1255 ὡς
3005 1190 3292 1257 Ῥωμαίων
3325 1189 3603 1259 βασιλεὺς,

2028 1284 2122 1337 ἐπὶ
2179 1283 2472 1337 καταλύσει
2498 1284 2592 1335 καὶ
2634 1284 2878 1355 ἀπωλείᾳ
2906 1282 3013 1335 τῶν
3058 1280 3209 1351 αὑτῴ
3255 1279 3601 1350 πειθομένων

2028 1376 2307 1432 ἐλεύσεται
2340 1394 2355 1407 ’
2392 1380 2487 1431 καὶ
2522 1376 2661 1447 μετὰ
2689 1376 2844 1429 τοῦτο
2877 1379 2953 1440 εἰς
2978 1375 3075 1447 τὴν
3113 1374 3213 1441 τῆς
3242 1375 3467 1445 γεέννης
3499 1392 3605 1445 χω-

2034 1472 2187 1541 ρήσει
2227 1469 2527 1524 ἀπώλειαν.

2104 1733 2213 1788 Kal
2264 1734 2333 1787 τὰ
2377 1731 2524 1785 δέκα
2563 1730 2782 1798 κέρατα
2823 1728 2861 1783 ἄ
2910 1725 3086 1796 εἶδες.
3128 1728 3277 1783 δέκα
3315 1730 3606 1797 βασιλεῖς

334 1833 421 1885 ges
452 1828 595 1881 sunt,
623 1820 712 1887 qui
746 1835 956 1888 regnum
989 1821 1222 1873 nondum
1258 1834 1589 1889 acceperunt,
1632 1823 1723 1877 sed
1773 1836 1919 1892 pote-

2028 1826 2188 1878 εισιν
2219 1839 2233 1856 ο
2289 1822 2508 1885 οἵτινες
2555 1819 2892 1883 ,βασιλειαν
2940 1819 3106 1872 οὔπω
3157 1820 3410 1883 ἔλαϐον,
3463 1819 3604 1873 ἀλλ’

337 1919 530 1964 statem
567 1919 819 1977 tanquam
876 1927 1020 1980 reges
1061 1929 1167 1965 una
1219 1913 1349 1966 liora
1391 1916 1649 1982 accipient
1688 1926 1801 1984 post
1838 1918 1919 1971 be-

2028 1914 2321 1981 ἐξουσίαν
2348 1914 2428 1978 ὡς
2477 1911 2765 1978 βασιλεῖς
2809 1912 2958 1981 μίαν
3000 1910 3162 1980 ὥραν
3198 1911 3605 1978 λαμϐάνουσι,

338 2002 524 2055 stiam.

2024 2009 2174 2079 μετὰ
2202 2006 2307 2061 τοῦ
2334 2008 2564 2073 θηρίου.

418 2092 604 2148 Decem
634 2094 747 2149 lucc
768 2110 967 2148 cornua
999 2111 1091 2149 seu
1122 2112 1276 2166 reges
1328 2098 1508 2154 Daniel
1534 2117 1749 2171 quoque
1767 2102 1919 2165 vidit.

2097 2102 2202 2154 Kal
2234 2100 2303 2153 τὰ
2350 2098 2497 2151 δέκα
2538 2098 2595 2152 δὲ
2646 2097 2865 2166 κέρατα
2922 2098 3018 2149 καὶ
3066 2095 3265 2166 Δανιὴλ
3325 2095 3607 2165 ἐθεώρησε

338 2188 430 2257 qui
459 2186 855 2242 Antieltristum
889 2190 1229 2257 prlecedeut;
1263 2207 1324 2243 ex
1383 2194 1583 2261 quibus
1637 2204 1745 2250 tres
1798 2212 1919 2250 nios

2027 2190 2140 2264 [τὰ]
2169 2189 2263 2243 τοῦ
2310 2190 2676 2259 Ἀντιχρξστου
2707 2187 3115 2259 προηγούμενσθ
3148 2187 3207 2250 ἐξ
3243 2180 3318 2238 ὧν
3349 2189 3416 2238 τὰ
3452 2187 3604 2257 τρία,

338 2277 599 2332 radicitus
626 2280 841 2341 evellet,
864 2281 1105 2349 reliquos
1133 2293 1315 2337 autem
1342 2285 1607 2339 scelestus
1640 2287 1728 2339 ille
1754 2286 1919 2357 impe-

2028 2281 2268 2356 [φησὶη]
2306 2280 2565 2349 ὲκριζῶν,
2593 2280 2721 2344 τοὺς
2752 2280 2975 2341 λοιποὺς
3007 2277 3264 2343 ὑποτάξει
3294 2278 3323 2330 6
3362 2280 3606 2348 κατάρα-

338 2370 421 2424 rio
453 2385 554 2425 suo
584 2371 863 2440 subjiciet.
903 2372 1077 2426 Unam
1102 2377 1508 2439 antemhoram,
1531 2380 1689 2433 breve
1719 2391 1919 2450 tempo-

2027 2372 2157 2441 τος(
2179 2376 2335 2428 Μίαν
2367 2374 2424 2427 δὲ
2473 2372 2633 2441 inpar
2664 2374 2697 2443 ἦ
2736 2372 2795 2425 τὸ
2831 2372 3004 2442 βραχῦ
3036 2371 3130 2423 τοῦ
3158 2371 3353 2440 χρόνου
3412 2370 3602 2439 φησὶν.

340 2464 416 2517 ris
442 2463 677 2531 spatium
724 2476 919 2530 vocat;
986 2475 1081 2519 aut
1125 2483 1287 2520 unam
1348 2478 1495 2523 certe
1552 2470 1677 2523 anui
1722 2480 1919 2541 tempe-

2028 2471 2061 2541 ἦ
2092 2470 2191 2539 τὴν
2223 2469 2352 2537 μιαν
2381 2466 2474 2519 τοῦ
2491 2465 2737 2520 ἐνιαυτοῦ
2760 2464 2929 2536 ὥραν,
2952 2466 3119 2534 ἦγουν
3137 2463 3367 2533 τροπὴν,
3403 2461 3603 2531 δηλαδὴ

336 2562 556 2620 Statem,
603 2570 727 2625 qua:
785 2556 1052 2610 trimestri
1086 2558 1218 2612 solis
1249 2570 1397 2612 motu
1429 2561 1768 2615 absolvitur:
1805 2571 1919 2632 post

2026 2559 2291 2631 τρίμηνον
2320 2572 2337 2588 ⁸
2374 2557 2494 2629 μεθ’
2526 2558 2595 2630 ἢν
2640 2556 2720 2628 τῷ
2770 2556 3126 2626 Ἀντιχρίπτῳ
3171 2553 3246 2616 ὼς
3280 2553 3605 2626 ὑπερέχοντι

336 2664 502 2716 quam
564 2664 756 2704 omnes
808 2650 1148 2706 Antichristo
1205 2660 1462 2721 tauquam
1508 2655 1923 2723 prrecelleutiori

338 2739 805 2809 subjugabuulur.

408 2830 572 2895 XVII,
606 2831 692 2897 13,
735 2832 821 2888 Η.
859 2831 932 2886 lli
963 2850 1124 2888 unum
1157 2837 1436 2891 consilium
1471 2837 1769 2902 habent;et
1822 2841 1926 2895 vir-

338 2930 504 2976 tutem
536 2931 586 2976 et
623 2931 932 2991 potestatem
962 2942 1115 2978 suam
1144 2926 1321 2982 bestia:
1380 2928 1610 2983 tradent.
1674 2932 1746 2985 Ili
1804 2948 1925 2986 cum

337 3016 487 3084 Agna
532 3014 859 3085 pugnabunt,
888 3026 939 3070 et
970 3018 1147 3085 Agnus
1175 3020 1341 3073 vincet
1401 3021 1520 3075 illos
1542 3039 1560 3085 ,'
1584 3023 1710 3092 quia
1746 3023 1925 3078 Domi-

335 3121 435 3159 nus
462 3104 794 3160 dominorum
833 3118 945 3173 est,
969 3120 1019 3162 et
1046 3108 1154 3163 Rex
1198 3128 1376 3181 regum
1427 3129 1448 3178 ;
1476 3124 1525 3168 et
1564 3116 1657 3185 qui
1682 3132 1800 3169 cum
1832 3116 1926 3171 illo

334 3202 482 3263 sunt,
512 3196 705 3261 vocati,
732 3206 783 3251 et
818 3197 992 3264 electi,
1014 3210 1063 3252 et
1086 3201 1290 3268 ﬁdeles.

411 3376 603 3432 Merito
636 3376 687 3431 1ιί
726 3394 849 3433 cum
888 3381 1042 3450 Aguo
1087 3392 1366 3453 pugnant;
1420 3402 1581 3443 nemo
1607 3389 1751 3444 enim
1794 3392 1926 3446 duo-

341 3466 442 3520 bus
475 3467 716 3523 dominis
739 3470 946 3524 servire
980 3481 1175 3541 potest.
1215 3473 1515 3547 Eapropter
1546 3479 1641 3549 qui
1673 3480 1922 3551 improba

338 3558 741 3627 conspiratione
774 3560 918 3615 inter
946 3578 1003 3617 se
1022 3573 1243 3629 coeunt,
1269 3583 1537 3638 suamque
1564 3586 1788 3641 operam
1815 3575 1926 3630 An-

339 3647 591 3705 tichristo
626 3652 910 3720 atldieunt,
946 3670 1055 3710 non
1087 3669 1315 3726 possunt
1346 3676 1473 3716 vero
1496 3663 1714 3719 Clu-isto
1735 3684 1795 3722 se
1818 3684 1923 3723 nou

337 3754 630 3811 opponere.
668 3743 866 3799 Verum
903 3746 1087 3802 vincet.
1130 3748 1388 3820 illos,qui
1430 3755 1599 3809 nostri
1631 3772 1797 3812 causa
1836 3760 1927 3827 ju-

336 3831 552 3900 gulatus
573 3844 629 3887 et
652 3834 967 3893 immolatus
985 3849 1070 3893 est
1087 3839 1275 3910 Agnus
1304 3841 1414 3896 Dci.
1437 3842 1553 3898 Non
1571 3846 1715 3900 cuitu
1739 3850 1926 3903 adem-

335 3935 490 3991 ptum
525 3935 608 3981 est
639 3926 714 3982 illi
743 3943 971 4000 regnum
1005 3941 1060 3987 et
1084 3933 1443 4005 principatus,
1466 3952 1628 4005 quem
1660 3939 1713 3993 iu
1737 3956 1927 3998 omnes

334 4016 639 4084 obtinebat,
702 4031 1061 4093 posteaquam
1110 4023 1288 4082 factus
1343 4038 1429 4083 est
1486 4029 1692 4097 homo;
1734 4047 1928 4105 nempe

335 4123 447 4175 quo
506 4111 714 4168 electos
759 4128 891 4169 suos
958 4116 1112 4186 regni
1158 4120 1242 4173 sui
1290 4122 1471 4178 socios
1529 4132 1926 4197 consortesque

340 4197 596 4255 alliceret.

401 4292 515 4363 ευ
544 4291 707 4360 XVII,
741 4295 927 4351 15-18.
966 4296 1031 4350 Et
1076 4299 1212 4353 dixit
1246 4301 1374 4356 mihi
1417 4318 1434 4353 :
1465 4304 1628 4373 Aquae
1669 4322 1800 4375 quas
1851 4310 1924 4363 ri-

330 4383 481 4448 disti,
518 4386 607 4440 ubi
638 4390 887 4442 meretrix
917 4393 1080 4456 sedet,
1124 4395 1306 4463 populi
1360 4406 1506 4460 sunt,
1536 4407 1586 4450 et
1648 4402 1838 4462 turbat,
1872 4410 1923 4454 et

330 4487 529 4548 gentes,
559 4489 608 4532 et
652 4480 865 4549 lingua’.
908 4481 974 4537 Et
1003 4485 1181 4539 decem
1243 4504 1443 4541 cornua
1473 4506 1592 4558 ante
1624 4491 1804 4545 vidisti
1871 4492 1923 4543 in

2030 2654 2059 2706 ὑ
2070 2654 2492 2722 ποταγήσονται.

2103 2828 2279 2889 Οὗτοι
2329 2831 2477 2901 μίαν
2506 2831 2721 2900 ἔχουσι
2751 2832 2995 2901 γνώμην
3018 2846 3032 2860 ⁸
3071 2830 3169 2884 καὶ
3205 2828 3320 2897 τὴν
3345 2828 3603 2896 δύναμιν

2028 2926 2127 2981 καὶ
2183 2926 2298 2994 τὴν
2349 2925 2644 2989 ἐξουσίαν
2694 2922 2894 2978 αὐτῶν
2945 2920 3026 2987 τῷ
3058 2921 3240 2989 θηρίῳ
3283 2919 3597 2974 διδόασιν·

2026 3012 2194 3073 οὗτοι
2226 3016 2378 3085 μετὰ
2419 3013 2526 3069 τοῦ
2585 3014 2823 3082 Ἀρνιόυ
2872 3011 3296 3081 πολεμήσουσι
3331 3026 3347 3041 ·
3382 3010 3480 3063 καὶ
3525 3010 3597 3063 τὸ

2041 3109 2280 3177 Ἀρνιόν
2328 3106 2567 3173 νικήσει
2635 3105 2855 3171 αὐτούς
2887 3118 2902 3134 ο
2953 3103 3042 3158 ὅτι
3102 3102 3317 3170 Κύριος
3380 3102 3603 3168 κυρίων

2028 3200 2183 3265 ἐστὶ,
2204 3198 2301 3252 καὶ
2329 3195 2947 3262 Βασιλεὺςβασιλέων
2983 3210 2998 3227 ο
3038 3193 3132 3247 καὶ
3157 3195 3209 3246 ol
3234 3192 3362 3261 μετ’
3387 3190 3599 3258 αὐτοῦ,

2030 3290 2261 3359 κλητοὶ,
2291 3291 2385 3345 καὶ
2426 3289 2722 3353 ἐκλεκτοὶ,
2759 3287 2856 3341 καὶ
2890 3286 3118 3341 πιστοί.

2103 3378 2275 3438 Οὗτοι
2304 3382 2453 3451 μίαν
2510 3378 2751 3448 γνώμην
2800 3379 3072 3447 ἔχουσιν.
3109 3377 3345 3441 Εἰκότως
3375 3394 3390 3408 ο
3426 3374 3600 3438 οὐδεὶς

2028 3474 2137 3545 γὰρ
2164 3473 2284 3527 δυσὶ
2330 3472 2539 3541 κυρίοις
2572 3469 2855 3523 δουλεῦσαι
2896 3469 3140 3523 δύναται.
3174 3470 3265 3523 Διὸ
3292 3470 3343 3523 οἱ
3378 3468 3476 3539 τὴν
3503 3486 3601 3521 κα-

2029 3567 2131 3637 κὴν
2160 3566 2514 3636 ὁμονοοῦντες
2540 3564 2823 3635 ὁμόνοιαν,
2859 3563 2953 3616 καὶ
2979 3563 3056 3633 τῷ
3090 3563 3443 3633 Ἀντιχρίστῳ
3472 3579 3601 3615 συν-

2026 3656 2371 3726 τασσόμενοι,
2413 3653 2556 3728 [καὶ]
2592 3654 2670 3726 τῷ
2718 3653 3003 3726 [ἀληθινῷ]
3035 3653 3255 3725 Χριστῷ
3285 3652 3600 3719 ἀντιτάξον-

2028 3766 2138 3802 ται.
2184 3747 2344 3799 Ἀλλὰ
2393 3747 2605 3817 νικήσει
2638 3747 2836 3810 αὐτοὺς
2884 3749 2912 3799 6
2934 3745 3002 3799 δι’
3036 3747 3182 3817 ἡμᾶς
3216 3746 3600 3816 σφαγιασθεὶς,

2027 3844 2055 3895 6
2096 3841 2291 3912 ’Δμνδς
2312 3840 2402 3894 τοῦ
2432 3840 2568 3893 Θεοῦ
2605 3858 2621 3873 ο
2646 3840 2705 3893 οὐ
2731 3841 2839 3912 γὰρ
2865 3838 3260 3909 ἀφῄρηταιτὴν
3291 3840 3428 3893 κατὰ
3462 3838 3601 3891 πάν-

2026 3951 2136 3989 των
2167 3934 2444 4006 βασιλείαν
2475 3933 2568 3986 καὶ
2590 3931 2885 4003 κυριότητα
2914 3930 2992 3998 τῷ
3027 3931 3358 4001 γεγενῆσθαι
3377 3930 3600 4001 ἄνθρω-

2028 4043 2150 4093 πος,
2190 4028 2275 4080 ἵνα
2304 4027 2399 4079 καὶ
2435 4025 2564 4086 τοὺς
2616 4022 2905 4085 ἐκλεκτοὺς
2944 4021 3236 4086 κοινωνοὺς
3282 4020 3383 4092 τῆς
3432 4020 3599 4075 αὑτοῦ

2030 4119 2309 4191 βασιλείας
2348 4122 2643 4189 κτήσηται.

2102 4299 2209 4355 Kal
2237 4298 2396 4368 λέγει
2416 4312 2517 4367 μοι
2545 4308 2560 4325 ⁶
2592 4294 2665 4350 Τὰ
2704 4294 2891 4349 ὕδατα
2929 4292 2967 4348 ἂ
2996 4292 3174 4359 εἶδες,
3211 4289 3282 4349 οὗ
3316 4293 3354 4360 ἡ
3406 4294 3600 4361 πόρνη

2028 4388 2299 4456 κάθηται,
2322 4387 2457 4441 λαοὶ
2484 4387 2580 4440 καὶ
2610 4387 2781 4455 ὄχλοι
2810 4386 2949 4450 εἰσὶ,
2990 4387 3086 4439 καὶ
3106 4386 3251 4453 ἔθνη
3274 4386 3371 4440 καὶ
3404 4384 3599 4454 γλῶσ-

2027 4492 2156 4531 σαιο
2186 4477 2283 4531 καὶ
2310 4474 2382 4529 τὰ
2406 4475 2555 4529 δέκα
2580 4475 2797 4545 κέρατα
2831 4474 2870 4529 ἁ
2906 4472 3084 4541 εἶδες,
3119 4476 3217 4529 καὶ
3256 4476 3323 4529 τὸ
3370 4476 3599 4543 θηρίον.

330 4572 517 4635 bestia,
537 4571 592 4625 Iti
618 4573 738 4626 odio
757 4586 1133 4643 persequentur
1149 4580 1519 4646 [ornicariam,
1551 4592 1599 4635 et
1626 4582 1919 4636 desolatam

2025 4564 2193 4624 οὗτοι
2217 4567 2558 4637 μισήσουσι
2611 4570 2723 4637 τὴν
2759 4570 3014 4638 πόρνην,
3060 4568 3158 4622 καὶ
3197 4567 3601 4637 ἠρημωμένην

331 4663 528 4731 facient
552 4663 702 4716 illaut
724 4675 773 4719 et
802 4666 1020 4732 nudam,
1048 4678 1097 4721 ct
1135 4687 1320 4725 carnes
1354 4671 1469 4739 ejus
1502 4674 1916 4739 munducabunt,

327 4762 377 4805 et
397 4754 564 4821 ipsam
593 4754 644 4806 in
678 4754 796 4824 igne
823 4759 1251 4815 concremabunt.
1306 4761 1441 4815 Deus
1464 4763 1605 4816 enim
1662 4764 1808 4816 dedit
1863 4766 1917 4818 iu

328 4845 491 4896 corda
515 4860 719 4909 eorum,
756 4856 813 4899 ut
844 4849 1047 4918 faciant
1071 4852 1206 4920 quod
1253 4853 1513 4921 placitunt
1566 4864 1645 4909 est
1705 4856 1824 4919 illi;
1864 4868 1915 4912 et

330 4943 388 4987 stt
413 4950 573 4989 unam
601 4937 803 5006 faciant
833 4939 1180 5009 voluntatem,
1214 4953 1263 4997 et
1306 4944 1430 4999 dent
1486 4962 1707 5017 regnum
1761 4966 1916 5005 suum

332 5024 531 5091 bestiae,
574 5028 737 5082 donec
797 5042 1230 5085 consummentur
1291 5033 1446 5088 verba
1480 5035 1598 5091 Dei.
1626 5037 1691 5091 Et
1717 5040 1909 5096 mulier

328 5134 487 5187 quam
521 5121 719 5186 uidisti,
748 5132 824 5176 est
855 5123 1041 5178 civitas
1094 5141 1307 5195 magna,
1354 5143 1470 5198 qua:
1521 5129 1672 5185 habet
1699 5149 1914 5203 regnum

328 5226 489 5281 super
509 5229 651 5283 reges
672 5225 848 5270 teme.

399 5388 538 5446 Cum
565 5392 795 5462 angelus
820 5405 1073 5450 accurate
1100 5394 1290 5451 istlirec
1320 5398 1501 5452 omnia
1563 5405 1904 5471 cxpusus-rit,

331 5497 792 5551 supervacaneam
849 5500 1048 5542 censeo
1098 5503 1315 5544 omnem
1359 5491 1522 5546 aliam
1565 5493 1909 5563 explanatio-

330 5590 495 5631 nem:
528 5577 745 5631 interim
786 5580 982 5633 mirqu
1012 5580 1181 5636 videri
1240 5594 1423 5653 queat,
1489 5601 1589 5639 cur
1651 5586 1913 5647 diabolus

334 5665 649 5720 mortalium
716 5667 891 5723 hostis
940 5671 1315 5741 scelerumque
1346 5673 1600 5728 iuccnsor
1637 5685 1691 5730 et
1747 5679 1908 5742 ultor,

328 5761 518 5815 «locem
553 5761 641 5816 illa
668 5779 873 5821 cornua
897 5764 998 5820 sibi
1034 5766 1293 5830 obnoxia,
1319 5768 1594 5837 iuqmllcre
1624 5782 1678 5825 et
1709 5770 1912 5826 Sullam.

336 5868 493 5907 mare
514 5854 769 5924 voluerit,
794 5875 900 5914 non
951 5860 1109 5915 moan
1161 5870 1214 5913 ut
1251 5860 1305 5913 in
1354 5860 1535 5914 Ounis
1591 5860 1805 5916 virtutis
1860 5870 1913 5915 ct

2020 4658 2361 4726 ποιήσωσιν
2378 4659 2573 4728 αὐτὴν
2587 4659 2712 4732 [καὶ
2724 4659 2982 4733 γυμνὴν]
2992 4704 3005 4725 ,
3021 4663 3116 4715 καὶ
3133 4662 3240 4727 τὰς
3250 4660 3481 4729 σάρκας
3495 4662 3601 4715 αὐ-

2020 4748 2134 4819 τῆς
2172 4750 2431 4821 φάγωσι·
2463 4753 2561 4807 καὶ
2587 4752 2789 4821 αὐτὴν
2815 4754 3318 4808 κατακαύσουσιν
3340 4754 3411 4806 ἐν
3432 4753 3598 4820 πυρίο

2019 4846 2054 4900 ό
2072 4846 2179 4914 γὰρ
2204 4844 2349 4911 Θεὸς
2365 4844 2591 4899 ἔδωκεν
2612 4846 2700 4911 εις
2729 4845 2836 4911 τὰς
2857 4846 3109 4915 καρδίας
3124 4843 3326 4900 αὐτῶν
3345 4844 3598 4912 ποιῆσαι

2019 4938 2135 5006 τὴν
2164 4936 2407 5008 γνώμην
2435 4938 2644 5002 αὑτοῦ,
2675 4937 2797 5009 [καὶ
2830 4937 3084 5006 ποιῆσαι
3113 4938 3263 5006 μίαν
3304 4935 3596 5007 Manta]

2018 5030 2115 5084 καὶ
2134 5028 2345 5084 δοῦναι
2375 5028 2489 5097 τὴν
2510 5030 2840 5095 ,ϐασιλειαν
2869 5029 3070 5084 αὐτῶν
3108 5028 3212 5102 [τῷ
3239 5027 3440 5100 θηρίῳ]
3461 5028 3600 5096 ἄχρι

2017 5122 2492 5190 τελεσθήσονται
2522 5124 2576 5175 οι
2596 5123 2768 5192 λόγοι
2791 5121 2897 5175 τοῦ
2930 5119 3100 5177 Θεοῦ.
3134 5119 3243 5175 Kal
3272 5120 3309 5187 ή
3342 5120 3495 5191 γυνὴ
3520 5119 3600 5186 ἢν

2016 5210 2191 5282 εἶδες,
2216 5214 2391 5269 ἔστιν
2431 5214 2470 5283 ἡ
2499 5214 2679 5279 πόλις
2709 5214 2746 5282 ή
2769 5211 3025 5283 μεγάλη,
3058 5213 3095 5282 ή
3116 5212 3349 5282 ἔχουσα
3408 5213 3597 5277 ,ϐασιο

2015 5310 2191 5364 λείαν
2205 5306 2303 5361 ἐπὶ
2330 5305 2449 5360 τῶν
2468 5305 2783 5371 βασιλέων
2808 5305 2918 5371 τῆς
2938 5304 3074 5375 γῆς.

2086 5400 2196 5456 Kal
2236 5400 2401 5468 λέγει
2424 5416 2525 5468 μοι
2557 5412 2571 5427 °
2606 5397 2681 5451 Τὰ
2731 5396 2919 5450 ὕδατα
2949 5393 3182 5461 ἇεῖὃες,
3219 5390 3293 5452 οὗ
3322 5396 3359 5464 ἡ
3403 5396 3599 5465 πόρνη

2016 5492 2287 5559 κάθηται,
2317 5488 2456 5545 λαοὶ
2475 5488 2571 5542 καὶ
2598 5489 2768 5557 ὄχλοι
2790 5488 2931 5556 εἰσὶ,
2952 5488 3050 5542 καὶ
3091 5489 3237 5555 ἔθνη
3261 5488 3360 5541 καὶ
3405 5487 3596 5558 γλῶσο

2013 5603 2140 5641 σαι.
2171 5584 2278 5639 Τοῦ
2334 5582 2569 5651 ἀγγέλου
2609 5579 2834 5654 [τοίνυν]
2875 5580 3052 5635 ταῦτα
3104 5580 3293 5650 σαφῶς
3320 5580 3597 5652 ἑρμηνεύ-

2017 5695 2231 5742 σαντος.
2264 5674 2501 5747 περισσὴ
2531 5676 2563 5745 ἡ
2596 5675 2960 5747 ἀκριϐεστέρα
3002 5671 3209 5727 τοῦτων
3252 5674 3551 5738 ἁνάπτυξις
3578 5689 3592 5703 ·

2016 5772 2139 5843 ἐμοὶ
2165 5772 2219 5824 δὲ
2241 5768 2521 5838 θαυμάσαι
2547 5767 2745 5831 ἔπεισι,
2776 5767 2892 5831 πῶς
2917 5770 3065 5821 ἐστιν
3099 5766 3296 5837 ἐχθρὸς
3326 5766 3421 5819 καὶ
3444 5767 3587 5819 ἐκδι-

2018 5859 2187 5932 κητὴς
2235 5862 2263 5912 6
2318 5856 2562 5923 διάϐολος
2592 5874 2605 5888 ·
2637 5856 2717 5910 διδ
2764 5857 3088 5928 συνεργήσει
3144 5859 3255 5922 τοίς
3289 5856 3380 5910 ὑπ*
3423 5856 3587 5911 αὑτοῦ
