4042 6562
309 373 415 436 385

1265 371 1873 434 COMMENTARIUS
1908 370 1989 431 IN
2028 370 2559 432 APOCALYPSIN.

3454 369 3567 433 386

312 470 721 555 ὴνίοχουμένοις
754 486 885 540 δέκα
928 488 1145 555 κέρασι.
1176 488 1255 557 τῷ
1288 488 1389 557 μὲν
1444 487 1733 557 φιλαγάοῳ
1786 489 1881 539 καὶ

2008 485 2292 539 touestatis
2313 496 2591 539 auctorem
2617 485 2898 540 Christum
2948 487 3116 540 Deum
3156 494 3407 539 nostrum
3470 500 3569 552 pa-

310 577 583 647 φιλαρέτῳ
624 579 847 648 Χριστῷ
881 578 959 646 τῷ
984 580 1100 648 θεῷ
1138 578 1295 648 ἡμῶν
1326 579 1710 642 ἀντιτάξασθαι
1743 594 1756 607 ⁸
1785 578 1883 649 τὴν

308 667 367 721 δὲ
395 669 843 738 ὲκπορνεύσασαν
869 670 932 721 ὲκ
952 670 1061 722 τῶν
1094 669 1253 723 θείων
1286 671 1516 721 ἐντολῶν
1536 670 1886 741 πολυάνθρω-

309 776 410 813 πον
466 760 624 813 πόλιν
673 762 764 813 καὶ
798 765 919 825 ταῖς
966 760 1132 815 αὑτοῦ
1180 762 1398 831 ἡδοναῖς
1459 762 1885 832 ὑπηρετήσασαν

308 852 619 922 ἐρημῶσαι.
645 854 739 907 καί
785 853 942 925 δίκην
989 852 1283 923 αίμοὸόρου
1319 852 1510 923 θηρίου
1554 854 1665 905 τῶν
1718 853 1886 922 αὐτῆς

308 944 559 1010 αἱμάτων
605 944 911 1014 πλησθῆναι
939 960 954 974 ·
1005 944 1093 996 ὅτε
1160 944 1258 1014 τὴν
1299 944 1501 1014 ταύτης
1543 944 1888 1014 πυρπόλησιν

309 1035 653 1105 εὐφροσύνης
688 1037 968 1099 ὑπόθεσιν,
1005 1035 1102 1089 καὶ
1132 1035 1239 1088 τῶν
1265 1035 1623 1106 ἀνθρωπίνων
1667 1036 1889 1106 σαρκῶν

309 1125 411 1193 τὴν
450 1127 794 1196 κατατομὴν,
821 1126 1031 1197 τροφὴν
1060 1127 1272 1179 οἰκείαν
1298 1126 1584 1195 ἡγήσεταισ
1618 1126 1715 1179 καὶ
1751 1129 1779 1179 ὁ
1800 1124 1890 1178 ἀεὶ

310 1217 380 1284 τῇ
437 1214 676 1285 διχονοίᾳ
706 1215 938 1285 χαίρων,
972 1216 1297 1286 συμφωνίαν
1345 1218 1459 1277 τοῖς
1505 1216 1889 1278 ἀποστατικῶς

317 1305 455 1357 δέκα
490 1305 798 1375 δωρήσεται
820 1308 1033 1375 κέρασι.
1059 1309 1100 1359 Τ
1104 1309 1132 1359 ὸ
1158 1307 1215 1360 δὲ
1241 1308 1604 1376 ἐπαγόμενον.
1648 1306 1749 1379 [τὸ]
1790 1310 1891 1378 τὴν

308 1396 639 1467 ἑωραμένην
661 1401 893 1465 γυναῖκα
918 1400 1155 1451 νοεῖσθαι
1180 1399 1279 1470 τὴν
1315 1400 1581 1469 μεγίστην
1610 1401 1765 1453 πόλιν
1792 1402 1892 1467 τὴν

312 1490 506 1542 ἐπάνω
542 1491 653 1542 τῶν
698 1491 963 1560 βασιλέων
996 1492 1097 1560 τῆς
1138 1491 1243 1561 γῆς
1288 1492 1348 1545 τὸ
1391 1492 1592 1562 κράτος
1637 1492 1889 1562 ἔχουσα-ι,

315 1581 702 1650 ἀναμφίὸολον
730 1586 875 1635 ποιεῖ
907 1583 967 1637 τὸ
993 1584 1093 1653 τῆς
1132 1584 1275 1637 κατά
1317 1584 1445 1647 τοὺς
1472 1584 1697 1654 καιροὺς
1743 1584 1889 1637 ὲκεί-

312 1686 442 1733 νους
467 1672 779 1743 κρατούσης
806 1673 1128 1739 δυναστείας
1150 1676 1220 1728 τὰ
1242 1675 1388 1746 πάθη
1408 1676 1851 1747 προφητεύεσθαι
1874 1691 1889 1709 ⁸

312 1755 392 1814 ὧν
426 1762 524 1832 τῆς
558 1764 752 1835 πείρας
789 1766 817 1817 ὁ
850 1764 1230 1836 φιλάνθρωπος
1261 1767 1392 1830 Θεὸς
1435 1766 1639 1840 [ἡμῶν]
1668 1767 1894 1837 λυτρού-

317 1870 484 1921 μενος
540 1857 728 1925 ήμᾶς,
786 1860 853 1927 τῇ
910 1860 1219 1928 ἐπουρανίῳ
1277 1858 1611 1928 μητροπόλει
1666 1861 1731 1929 τῇ
1780 1860 1893 1912 ἀνω

327 1944 693 2015 Ἰερουσαλὴμ
716 1947 1074 2014 ὲγκαταλέξοι
1098 1964 1113 1977 ο
1146 1951 1206 2001 ὲν
1245 1944 1371 2021 ᾖτά
1416 1953 1597 2004 πάντα
1637 1951 1696 2003 ὲν
1726 1949 1893 2003 πᾶσιν

314 2037 475 2089 ἔσται
522 2038 709 2100 αὐτὸς,
743 2040 888 2093 κατὰ
948 2042 1041 2095 τὸν
1073 2040 1218 2094 θεῖον
1258 2042 1559 2095 ἀπόστολον
1586 2058 1601 2072 ο
1633 2044 1723 2096 ὅτε
1759 2060 1895 2096 κατ-

317 2129 557 2199 ἀργήσει
608 2132 791 2185 πᾶσαν
833 2132 1010 2204 ἀρχὴν
1051 2132 1272 2204 (δηλαδὴ
1298 2133 1715 2205 ἀποστατικὴν),
1742 2134 1895 2199 ὲξου·

321 2220 449 2273 σίαν
487 2223 583 2274 καὶ
624 2222 855 2293 δύναμιν
888 2239 902 2255 ο
945 2225 1191 2288 καὶτοὺς
1237 2226 1448 2287 πιστῶς
1490 2226 1586 2278 καί
1613 2227 1899 2297 φρονίμως

320 2310 559 2364 ἐνταῦθα
596 2313 745 2383 αὐτῷ
788 2312 1204 2378 δουλεύσαντας,
1244 2313 1543 2376 ἀνακλινεῖ,
1573 2314 1668 2367 καὶ
1713 2313 1899 2367 διακοο

322 2402 482 2472 νήσει
534 2404 718 2467 αὐτοῖς
752 2421 765 2435 ο
794 2406 1039 2459 τουτέστι
1080 2409 1263 2459 πᾶσαν
1302 2406 1401 2476 τὴν
1432 2406 1540 2459 ἀπὸ
1593 2405 1900 2475 καταϐολῆς

1988 579 2092 631 Iam
2137 578 2503 645 insurgerent,
2533 594 2719 632 verum
2755 580 2918 632 etiam
2959 580 3036 633 uti
3071 578 3389 647 populosam
3422 578 3570 632 illam

1998 668 2295 734 civitatem,
2319 684 2349 723 a
2381 670 2585 725 divinis
2618 673 2902 741 praeceptis
2928 672 3345 736 esl’nruicatatu,
3375 674 3577 742 ipsius-

1987 776 2093 831 qtte
2113 760 2375 815 voluntati
2400 772 2454 816 et
2484 762 2744 832 voluptati
2777 763 2965 818 sedqu
2993 763 3455 819 obsecundantem
3480 807 3494 828 ,
3516 765 3573 819 in

1987 851 2335 906 solitudinem
2366 852 2611 923 redigere
2639 891 2653 917 ,
2688 854 3041 923 ejusdemque
3090 856 3354 923 sanguine
3403 855 3576 909 instar

1986 943 2288 996 carnivora:
2323 943 2513 997 bellua:
2543 959 2664 998 sese
2692 945 2944 1013 explere,
2984 960 3194 998 necnon
3235 962 3299 999 cx
3326 947 3576 999 vastitate

1987 1045 2041 1089 et
2067 1036 2490 1104 depopulatione
2523 1037 2662 1104 ejus
2700 1037 2897 1091 laetitia:
2940 1038 3218 1091 materiam
3266 1052 3481 1106 capere,
3522 1032 3583 1091 ρι’

1991 1143 2187 1180 carnes
2213 1130 2481 1182 humanas
2505 1128 2560 1180 in
2590 1127 2760 1183 Irttsta
2788 1129 3061 1190 concisas,
3098 1130 3150 1181 iu
3185 1144 3364 1182 escam
3398 1140 3452 1183 et
3472 1129 3576 1182 ali—

1995 1228 2237 1272 mentum
2268 1230 2494 1286 vertere,
2522 1222 2763 1273 animuin
2796 1220 3130 1274 inducerent.
3156 1220 3398 1289 Denique
3440 1236 3579 1290 quo-

1995 1311 2157 1364 modo
2185 1312 2233 1363 is
2270 1312 2364 1375 qui
2388 1309 2636 1365 dissitliis
2710 1312 3113 1381 discordiisque
3141 1312 3371 1366 tuirilice
3401 1312 3579 1381 pasci-

1994 1411 2113 1467 tur,
2166 1402 2306 1456 inter
2361 1404 2548 1457 decem
2611 1404 2700 1456 illa
2759 1405 3061 1473 apostatica
3123 1420 3329 1459 cernua
3390 1420 3575 1475 pacem

1992 1496 2454 1565 concordiamque
2484 1495 2779 1549 conciliare
2822 1498 3079 1566 potuerit,
3119 1506 3212 1551 aut
3261 1497 3425 1551 etiam
3490 1513 3581 1550 vo-

1996 1583 2176 1637 luerit.
2234 1582 2409 1638 Porro
2461 1596 2644 1638 autem
2690 1600 2815 1639 cum
2873 1586 3177 1656 subiungit,
3230 1596 3577 1655 conspectam

1995 1673 2273 1727 mulierem
2313 1673 2588 1728 civitatem
2642 1674 2787 1727 illam
2819 1690 3068 1743 magnam
3097 1690 3240 1737 esse,
3268 1692 3388 1744 quae
3416 1691 3583 1745 super

1997 1779 2150 1834 reges
2180 1775 2336 1819 term:
2393 1765 2678 1833 imperium
2719 1764 2969 1829 obtinet,
3029 1767 3097 1817 tle
3150 1766 3582 1833 impendentibus

1925 1829 1968 1886 Β
1995 1856 2200 1909 civitati
2228 1858 2303 1909 illi
2339 1858 2602 1911 aerumnis
2627 1867 2683 1910 et
2713 1857 2975 1911 crucibus
3006 1856 3169 1909 verba
3221 1857 3334 1910 ﬂeri
3396 1870 3582 1927 aperte

1999 1947 2281 2012 insinuat;
2314 1962 2438 2016 qua:
2469 1962 2565 2015 per
2606 1947 2740 2002 illud
2773 1955 2989 2017 tempus
3027 1964 3204 2002 rerum
3234 1949 3487 2017 potietur.
3539 1953 3584 2003 Α

1998 2054 2229 2107 quarum
2264 2039 2663 2103 calamitatum,
2692 2056 2944 2103 crucum,
2972 2052 3029 2093 et
3062 2056 3429 2095 aerumnarum
3483 2057 3583 2096 ev-

2001 2132 2286 2201 per'tcutia,
2314 2132 2552 2185 clemens
2593 2139 2647 2184 et
2695 2130 2965 2199 benignus
3008 2129 3151 2185 Deus
3204 2147 3303 2187 nos
3362 2133 3579 2197 liberet,

1999 2222 2349 2292 cwlestisque
2385 2220 2846 2291 MetrttpolisJioc
2877 2231 2962 2275 cst
3000 2236 3250 2290 superna:
3275 2220 3582 2277 Jerusalem

2001 2314 2209 2369 ('iVIIlllS
2246 2329 2344 2367 nos
2380 2325 2683 2367 acccnseat.
2717 2312 2774 2367 ltt
2808 2330 2912 2383 qua
2944 2328 3077 2367 sane
3124 2314 3328 2368 ctelesti
3364 2314 3585 2369 Jerusa.

2004 2406 2130 2468 lem,
2188 2406 2345 2473 juxta
2417 2405 2646 2474 apostoli
2693 2405 2998 2459 doctrinam
3028 2443 3042 2465 .
3090 2406 3219 2474 ipse
3253 2408 3357 2461 erit
3399 2412 3583 2463 omnia

324 2493 540 2565 κόσμου
580 2497 986 2566 ἡτοιμασμένην
1014 2498 1124 2549 τῶν
1154 2496 1388 2550 αἰωνίων
1428 2496 1652 2565 ἀγαθῶν
1696 2497 1903 2566 προθή-

2008 2497 2060 2550 ἰιι
2114 2496 2373 2550 omnibus
2418 2534 2433 2560 ,
2493 2496 2712 2565 quando
2771 2496 3030 2549 nimirum
3071 2506 3275 2551 evertet
3322 2508 3379 2553 et
3427 2516 3587 2555 ener-

327 2601 419 2639 σει
458 2589 645 2652 αὐτοῖς
676 2589 998 2644 ἀπόλαυσιν.
1027 2583 1133 2653 Ἶις
1159 2590 1255 2643 καί
1288 2591 1453 2661 ἡμᾶς,
1471 2587 1772 2659 ἀξιωθῆναι
1806 2588 1903 2657 γέ-

2008 2586 2153 2642 vabit
2226 2600 2445 2639 omnem
2523 2595 2800 2641 terrenum
2868 2586 3233 2656 principatum
3266 2628 3282 2654 ,
3336 2605 3589 2646 omnem-

326 2695 498 2744 νοιτο,
533 2681 592 2732 ὲν
616 2681 840 2752 Χριστῷ
883 2681 959 2752 τῷ
987 2682 1200 2753 Σωτῆρι
1226 2683 1321 2736 καὶ
1349 2683 1611 2753 Λυτρωτῇ
1649 2680 1759 2733 τῶν
1800 2679 1904 2747 ψυ-

2008 2679 2503 2747 queapostaticam
2564 2677 2859 2745 potentiam
2906 2686 2961 2731 et
3017 2678 3312 2747 virtutem;
3375 2697 3586 2738 necnon

330 2770 445 2841 χῶν
467 2772 647 2841 ἡμῶν⁸
687 2773 809 2843 μεθ’
838 2768 900 2827 οὗ
930 2774 1007 2843 τῷ
1036 2774 1213 2842 Πατρὶ
1232 2775 1266 2843 ἡ
1293 2772 1421 2836 δόξα
1449 2774 1543 2826 καὶ
1576 2771 1638 2824 τὸ
1682 2772 1904 2841 κράτος,

2010 2770 2129 2824 illos
2156 2769 2249 2838 qui
2283 2768 2508 2823 litleliter
2550 2777 2604 2823 ct
2667 2770 2962 2837 prudenter
2991 2769 3079 2823 hic
3123 2770 3199 2824 illi
3256 2774 3590 2836 servierunt,

328 2864 450 2931 ἅμα
484 2864 562 2934 τῷ
608 2865 858 2936 παναγίῳ
888 2868 983 2919 καὶ
1036 2865 1287 2936 ζωοποιῷ
1327 2864 1629 2934 Πνεύματι,
1664 2863 1759 2917 νῦν
1811 2863 1904 2917 καὶ

2009 2861 2077 2913 ad
2140 2875 2389 2915 mensam
2459 2875 2612 2913 suam
2678 2860 3001 2914 accumbere
3054 2860 3251 2926 fat-iet,
3308 2874 3591 2934 totumque

328 2952 443 3017 ἀεὶ,
468 2954 565 3006 καὶ
592 2958 669 3019 εἰς
698 2958 820 3019 τοὺς
844 2956 1047 3019 αἰῶνας
1083 2956 1192 3010 τῶν
1222 2956 1461 3009 αἰώνων.
1500 2956 1695 3025 ’Δμήν.

2010 2965 2340 3006 :uternnrum
2404 2950 2670 3004 honorum
2730 2960 3048 3019 apparatum
3121 2968 3151 3006 a
3200 2954 3591 3008 entistitutione

330 3046 518 3097 mundi
550 3055 931 3116 praeparatum,
957 3048 1112 3117 quasi
1135 3050 1381 3103 omnium
1414 3049 1687 3113 minister,
1715 3046 1768 3102 in
1808 3060 1968 3100 usum
1995 3054 2047 3097 ct
2073 3042 2386 3097 fruitionetn
2421 3041 2554 3111 ipsis
2572 3052 2827 3111 apponet.
2846 3041 3088 3107 Quarum
3118 3059 3302 3097 rerum
3322 3060 3587 3114 apparatu

329 3141 774 3195 ett’ruitiouenos
811 3160 1031 3213 quoque
1070 3146 1218 3212 digni
1271 3143 1594 3209 habeamur,
1615 3158 1710 3213 per
1730 3142 2008 3197 Christum
2041 3139 2226 3194 Jesutu
2259 3137 2569 3191 animarum
2595 3148 2908 3189 noStrarum
2932 3148 3290 3201 assertorem;
3323 3152 3446 3191 cum
3477 3153 3590 3207 quo

332 3230 551 3287 Patrem
591 3245 645 3288 et
673 3236 939 3305 Spiritum
969 3248 1219 3291 sanctum
1250 3236 1405 3292 decet
1427 3237 1596 3306 gloria
1630 3234 2010 3304 etimperium,
2043 3246 2184 3287 nunc
2203 3239 2258 3287 et
2276 3244 2514 3300 semper.
2544 3238 2597 3282 et
2634 3228 2688 3283 itt
2726 3227 2928 3282 saecula
2949 3228 3293 3283 saeculorum.
3320 3229 3516 3285 Amen.

720 3394 971 3448 ΚΕΨΛΛ.
998 3391 1125 3447 NE'.
1148 3394 1366 3447 ΛΟΓΟΣ
1395 3392 1495 3448 ΙΘ’.

334 3504 478 3576 Περὶ
517 3506 727 3573 ἐτέρου
775 3505 1041 3574 ἀγγέλου
1102 3506 1217 3573 τὴν
1269 3504 1506 3576 πτῶσιν
1550 3505 1908 3576 Βαϐυλῶνος

407 3574 750 3642 δηλοῦντος
776 3591 788 3604 ·
817 3576 914 3646 καὶ
956 3578 1242 3646 οὐρανίου
1283 3575 1512 3645 φωνῆς,
1539 3577 1653 3643 τὴν
1694 3576 1762 3628 ὲιι
1798 3574 1908 3646 τῆς

402 3650 638 3711 πόλεως
680 3644 885 3715 φυγὴν
930 3644 1371 3714 ἐντελλομένιις
1397 3662 1413 3677 ⁸
1452 3648 1551 3700 καί
1610 3645 1743 3714 περὶ
1797 3644 1909 3713 τῆς

395 3716 709 3785 ἀποϐολῆς
748 3715 867 3769 τῶν
890 3716 1163 3786 τερπνῶν
1185 3715 1275 3772 ὧν
1293 3717 1437 3786 πρὶν
1458 3715 1765 3784 ἐκέκτητο.

406 3852 566 3927 [Kal]
592 3855 741 3924 μετὰ
779 3854 965 3907 ταῦτα
1000 3854 1167 3909 εἶδον
1206 3855 1403 3909 ἄλλον
1452 3854 1715 3923 ἄγγελον
1737 3867 1913 3904 κατα-

337 3951 627 4006 ϐαίνοντα
653 3949 721 4001 ἐκ
759 3948 866 4002 τοῦ
907 3946 1191 4016 οὐρανοῦ,
1230 3950 1449 4017 ἔχοντα
1479 3946 1773 4010 ἐξουσίαν
1805 3960 1911 4011 με·

339 4044 540 4115 Tum
562 4059 578 4074 ο
606 4042 703 4096 καί
732 4043 771 4110 ή
798 4043 871 4113 γῆ
904 4043 1200 4113 ἐφωτίσθη
1238 4044 1307 4097 ἐκ
1353 4040 1463 4108 τῆς
1492 4041 1677 4106 δόξης
1704 4038 1913 4094 αὐτοῦ.

412 4134 726 4188 Κάντεῦθεν
755 4135 817 4187 τὸ
875 4136 1136 4204 cpta-rstva
1172 4135 1267 4189 καί
1291 4134 1544 4204 λαμπρὸν
1597 4134 1707 4188 τῶν
1744 4133 1914 4199 ἁγίων

346 4222 629 4279 δείκνυται
662 4227 978 4297 Δυνάμεων,
1012 4225 1192 4296 πολλῷ
1221 4226 1299 4297 τῷ
1350 4226 1536 4297 μέτρῳ
1581 4225 1643 4277 τὸ
1672 4222 1916 4294 ἀστρῴον

345 4320 439 4369 καὶ
470 4318 818 4389 φωστηρικδν
844 4318 1149 4389 ὑπερνικῶν
1178 4318 1393 4390 [κάλλος
1420 4315 1537 4388 καὶ]
1579 4316 1760 4376 σέλας.

418 4589 528 4642 Kal
580 4586 837 4654 ἔκραξεν
864 4584 1087 4654 ἰσχυρᾷ
1130 4585 1301 4655 φωνῇ
1345 4583 1649 4658 [perdiu],
1680 4586 1877 4655 λέγων
1903 4600 1917 4614 ’

352 4683 642 4744 Ἔπεσεν,
686 4680 910 4732 ἔπεσεν
963 4678 1050 4751 [ἡ]
1104 4678 1395 4734 Βαϐυλὼν
1427 4681 1460 4747 ἡ
1490 4678 1722 4748 μεγάλη
1748 4696 1762 4709 ·
1820 4678 1919 4731 καί

2425 3381 2656 3440 CAPUT
2689 3380 2797 3438 LV.
2834 3380 3064 3438 SERMO
3090 3381 3233 3442 XIX.

2014 3501 2090 3555 De
2128 3500 2235 3553 alia
2274 3500 2458 3570 angelo
2487 3498 2772 3568 Babylonis
2819 3500 3030 3552 ruinam
3075 3499 3419 3555 denuntiante
3448 3516 3468 3555 :
3496 3502 3591 3556 de-

2084 3587 2181 3640 que
2217 3571 2411 3625 cwlesti
2455 3586 2592 3633 race,
2631 3570 2941 3640 quosancti
2968 3570 3231 3624 civitatem
3277 3572 3514 3627 deserere
3536 3584 3590 3628 et

2085 3642 2374 3763 zoluplales
2392 3642 2578 3712 quibus
2596 3650 2716 3693 ante
2730 3639 3062 3707 fruebantur,
3082 3640 3272 3695 missas
3307 3641 3479 3710 facere
3494 3643 3592 3713 ju-

2120 3722 2297 3765 entur.

2087 3842 2274 3909 XVIII,
2325 3842 2377 3897 ί.
2425 3841 2494 3896 Et
2524 3852 2641 3913 post
2704 3844 2817 3898 lucc
2849 3844 2956 3899 vidi
3001 3844 3170 3898 alium
3210 3844 3457 3914 angelum
3494 3847 3594 3901 de-

2024 3940 2354 3994 scendente»:
2389 3938 2456 3991 de
2490 3938 2639 4001 (telo,
2669 3938 2944 3993 habentem
2969 3949 3280 4009 potestatem
3312 3958 3592 4012 magnam,

2021 4044 2069 4087 et
2087 4043 2225 4086 terra
2243 4031 2547 4083 illuminata
2568 4041 2647 4084 est
2679 4049 2711 4084 a
2750 4032 2923 4101 gloria
2957 4034 3095 4102 ejus.

2090 4125 2197 4194 ει
2226 4121 2303 4175 Ex
2335 4122 2436 4177 hoc
2462 4122 2607 4175 clare
2639 4123 2965 4185 ostenditur.
3002 4118 3245 4192 Quantus
3273 4140 3593 4182 sanctarum

2030 4212 2301 4266 Virtutum
2334 4211 2405 4264 sit
2434 4211 2691 4279 splendor
2710 4222 2765 4264 et
2796 4212 2885 4265 lux
2914 4230 2927 4265 :
2969 4213 3157 4267 multis
3192 4230 3431 4285 namque
3466 4231 3593 4286 par-

2024 4304 2172 4357 tibus
2220 4302 2433 4355 illarum
2477 4300 2854 4369 pulchritudo,
2906 4313 3169 4357 venustas
3212 4314 3267 4359 et
3314 4305 3596 4375 splendor,

2026 4394 2307 4452 stellarum
2338 4393 2503 4463 juhar
2531 4405 2585 4445 et
2615 4393 2977 4449 luminatium
3019 4396 3142 4450 cadi
3170 4397 3517 4465 splendorem
3543 4408 3601 4454 et

2028 4495 2370 4540 venustatem
2402 4484 2636 4539 excedit.

2102 4576 2291 4640 XVIII,
2314 4576 2368 4638 2,
2398 4575 2449 4627 3.
2480 4573 2544 4628 Et
2568 4573 2885 4627 exclamat-it
2917 4575 2971 4629 in
3007 4576 3342 4645 fortitudine,
3376 4579 3553 4635 dicens
3578 4596 3601 4633 :

2030 4671 2253 4734 Cecidit,
2279 4667 2463 4722 ceCtdit
2487 4665 2730 4735 Babylon
2752 4683 2981 4736 magna;
3003 4680 3047 4721 et
3073 4669 3218 4739 [acta
3236 4680 3312 4723 est
3340 4672 3601 4726 habitatio

349 4775 589 4845 ἐγένετο
630 4741 1099 4838 ’κατοικητήρίον
1161 4741 1507 4839 δαιμόνωνξ
1541 4741 1635 4823 καὶ
1678 4741 1904 4840 ςρυλακὶ

2029 4765 2437 4826 da-ntont'orum,
2468 4770 2516 4815 et
2548 4761 2788 4813 custodia
2831 4764 3001 4815 onmis
3049 4764 3269 4832 spiritus
3319 4766 3602 4829 immundi,

352 4866 581 4929 παντὸς
619 4865 956 4932 πνεύματος
983 4863 1319 4932 ἀκαθάρτου
1350 4863 1447 4915 καί
1471 4862 1885 4931 μεμισημένου
1909 4876 1925 4891 ·

353 4958 442 5012 ὅτι
478 4958 551 5012 ἐκ
583 4957 691 5011 τοῦ
727 4956 917 5025 θυμοῦ
948 4955 1054 5010 τοῦ
1086 4955 1257 5009 οἴνου
1311 4955 1424 5024 τῆς
1461 4957 1743 5025 πορνείας
1795 4954 1928 5027 [αὑ-

353 5050 501 5123 τῆς]
524 5050 839 5104 πεπτώκασι
868 5047 1066 5101 πάντα
1098 5050 1169 5102 τὰ
1196 5048 1363 5116 ἔθνη.

425 5163 564 5234 Περί
601 5162 659 5215 δὲ
695 5161 796 5231 τῆς
832 5159 1114 5214 Χαλδαίων
1144 5160 1528 5233 μητροπόλεως
1559 5157 1924 5232 [Βαδυλῶνος]

355 5256 453 5327 τῆς
480 5255 587 5308 ὑπὸ
617 5252 801 5324 Κύρου
831 5253 926 5306 καί
961 5254 1185 5323 Περσῶν
1222 5253 1481 5324 ἀλούσης,
1505 5254 1599 5308 καὶ
1631 5255 1689 5305 ὲν
1727 5253 1926 5324 Ἡσαΐᾳ

360 5348 602 5419 συγγενῆ
651 5345 863 5410 τούτοις
923 5346 1370 5417 προεφητεύετοο
1412 5346 1505 5400 at;
1568 5345 1774 5415 θηρίων
1831 5346 1931 5397 καὶ

359 5440 691 5509 πνευμάτων
722 5438 1049 5508 ἀκαθάρτων
1082 5438 1425 5509 πληροῦσθαι
1467 5438 1793 5508 μελλούσης,
1842 5436 1932 5490 διὰ

364 5531 507 5604 [τὴν]
534 5530 772 5601 παντελῆ
804 5531 1102 5600 ἐρήμωσιν.
1140 5531 1300 5594 Ἔθος
1329 5530 1438 5600 γὰρ
1482 5532 1594 5594 τοῖς
1626 5547 1686 5583 τε
1714 5530 1931 5601 θηρίοις

364 5628 472 5688 τοῖς
499 5641 557 5676 τε
590 5624 846 5693 πονηροῖς
868 5622 1108 5693 δαίμοσι,
1137 5630 1236 5686 τας
1267 5624 1504 5694 ἐρήμους
1541 5621 1757 5676 διώκειν
1793 5635 1807 5651 ⁸
1844 5622 1932 5676 διά

363 5732 422 5768 τε
457 5715 557 5784 τὴν
588 5712 742 5765 θείαν
781 5713 1115 5779 οἰκονομίαν,
1164 5712 1261 5783 τῆς
1308 5713 1490 5766 αὐτῶν
1551 5712 1757 5784 βλάϐης
1804 5713 1930 5776 τοὺς

367 5804 689 5875 ἀνθρώπους
720 5802 1111 5874 ὲλευθεροῦσαν
1144 5842 1159 5868 ,
1195 5802 1281 5859 διά
1319 5820 1377 5856 τε
1427 5804 1488 5858 τὸ
1514 5805 1714 5858 οἰκεῖον
1740 5803 1933 5874 μισάν-

2025 4868 2075 4912 et
2122 4857 2364 4910 custodia
2413 4855 2585 4907 omnis
2648 4852 2879 4907 volucris
2927 4855 3219 4910 immunda:
3260 4867 3310 4911 et
3355 4857 3603 4924 odibtlis;

2024 4949 2148 5018 quia
2184 4949 2248 5001 de
2280 4947 2395 5000 vino
2433 4946 2529 4999 ira:
2577 4943 2918 4998 scortationis
2967 4944 3083 5011 eius
3138 4947 3378 5002 biberunt
3424 4964 3604 5004 attines

2026 5049 2222 5112 gentes.

2048 5176 2053 5177 ί
2108 5158 2206 5214 His
2235 5170 2490 5231 cognata,
2521 5162 2903 5218 Chaldaeorum
2926 5172 3147 5231 quoque
3182 5156 3471 5227 metropoli
3501 5156 3608 5211 Ba-

2036 5250 2241 5323 byloni.
2275 5270 2399 5321 quae
2426 5270 2454 5309 a
2480 5254 2625 5325 Cyro
2660 5254 2951 5311 Persarqu
2985 5266 3111 5319 rege
3137 5260 3297 5319 capta
3332 5259 3437 5315 est,
3465 5248 3608 5304 Deus

2027 5360 2124 5417 per
2152 5344 2348 5401 Isaiam
2381 5348 2748 5404 comminatur
2780 5364 2793 5399 :
2826 5345 3097 5415 siqttidetn
3127 5344 3194 5398 ad
3216 5341 3605 5411 designandam

2029 5435 2325 5505 perfectam
2394 5438 2539 5493 illius
2588 5436 2990 5494 desolationem
3026 5445 3081 5489 et
3127 5433 3439 5488 vastitatem
3489 5429 3609 5484 fore

2028 5530 2293 5599 praedicit,
2323 5529 2534 5586 utieris
2562 5528 2967 5598 immundisque
2988 5523 3270 5595 spiritibus
3299 5522 3607 5592 impleatur.

2035 5618 2225 5674 Solent
2283 5635 2519 5690 namque
2556 5619 2683 5676 feras
2738 5618 2934 5675 bellua:
2965 5615 3302 5685 malignique
3329 5613 3611 5669 daemones

2041 5713 2257 5768 deserta
2302 5712 2420 5768 loca
2486 5712 2830 5779 consectari;
2896 5710 3094 5782 partim
3154 5708 3415 5779 quidem.
3465 5707 3611 5777 quod

2042 5804 2265 5861 celeste
2321 5820 2526 5861 numen
2583 5805 2836 5861 homines
2896 5818 3009 5858 non
3061 5802 3273 5871 alisque
3344 5800 3613 5871 singulari
