4042 6572
384 383 494 447 389

1365 385 1974 452 COMMENTARIUS
2010 385 2094 447 IN
2131 383 2662 447 APOCALYPSIN.

3539 387 3661 452 390

386 498 559 570 θύμίᾳ
591 494 792 565 λέγειν,
847 496 896 548 εί
934 496 1011 568 μὴ
1055 494 1202 560 θείος
1241 497 1441 566 αὐτοῖς
1475 497 1737 568 πρόσεστι
1783 496 1967 564 φόϐος,

2083 495 2412 565 transigunt,
2451 496 2554 550 nisi
2575 497 2764 550 forsan
2787 495 3006 550 divinus
3037 495 3199 550 timor
3233 496 3378 566 ipsos
3406 507 3658 553 coerceat

388 593 472 644 Οὐ
492 589 580 660 μὴ
601 588 881 643 σαλευθῶ
900 589 990 656 είς
1012 587 1120 642 τὸν
1137 587 1346 643 αἰῶνα.
1375 590 1442 642 Ὃ
1470 589 1567 655 καὶ
1593 590 1768 661 ταύτῃ
1794 605 1970 660 προσ-

387 680 840 752 μεμαρτύρηκεν.

455 855 560 910 Διά
586 855 760 910 τοῦτο
782 854 978 925 ἐνμιᾷ
1002 856 1196 926 ἡμέρᾳ
1236 856 1502 924 ἥξουσιν
1530 859 1590 910 αι
1621 857 1847 928 πληγαὶ
1869 860 1974 914 αὺ-

383 949 516 1018 τῆς,
546 948 799 1014 θάνατος
834 950 933 1002 καὶ
967 951 1190 1014 πένθος
1223 949 1323 1002 καὶ
1345 950 1524 1018 λιμός
1549 967 1565 983 ⁸
1598 950 1698 1006 καὶ
1734 952 1805 1005 ἐν
1828 951 1970 1022 πυρὶ

385 1042 919 1108 κατακαυθήσεται
948 1057 963 1074 ε
997 1042 1085 1095 ὅτι
1110 1042 1367 1110 ίσχυρός
1394 1043 1612 1110 Κύριος
1664 1047 1698 1097 ό
1751 1047 1896 1112 Θεὸς
1940 1049 1974 1100 ὀ

383 1136 597 1202 κρίνας
631 1133 849 1199 αὐτήν.

450 1228 614 1281 Μίαν
636 1226 699 1279 δὲ
744 1225 975 1295 ἡμέραν
1002 1227 1170 1297 φησὶν
1191 1267 1207 1289 .
1247 1227 1280 1298 ἢ
1313 1227 1377 1283 τὸ
1399 1227 1606 1298 ἀθρόον
1638 1227 1734 1281 καὶ
1787 1226 1972 1295 ὀλίγον

380 1315 478 1370 τοῦ
505 1317 722 1386 καιροῦ,
759 1318 817 1369 ἐν
912 1317 974 1369 ἐκ
1004 1333 1064 1370 τε
1101 1320 1402 1388 ῥομφαίας,
1439 1319 1504 1371 ἐκ
1540 1336 1598 1370 τε
1628 1317 1820 1388 λοιμοῦ
1877 1319 1973 1372 καὶ

381 1413 565 1483 λιμοῦ,
603 1413 800 1477 πένθος
831 1415 970 1488 αὐτῇ
1015 1415 1497 1486 προσγενήσεσθαι
1548 1416 1643 1471 καὶ
1689 1417 1970 1486 φθαρήσε-

383 1506 510 1558 σθαι
552 1505 649 1558 καὶ
694 1506 833 1574 πυρὶ
872 1509 1393 1579 κατακαυθήσεσθαι
1425 1526 1441 1539 ο
1473 1509 1506 1578 ἢ
1539 1509 1633 1562 καὶ
1661 1509 1833 1578 αὐτῆς
1871 1507 1972 1578 τῆς

381 1597 601 1668 ἡμέρας
625 1595 720 1650 τὸν
740 1597 965 1668 δρόμον,
1001 1599 1065 1651 ἐν
1095 1593 1128 1673 ᾗ
1181 1601 1356 1654 ταῦτα
1415 1601 1584 1671 αὐτὴν
1634 1599 1971 1672 προφητεύει

381 1688 694 1743 πείσεσθαι.
739 1689 894 1743 Μετὰ
951 1691 1062 1761 γὰρ
1112 1692 1175 1744 τὸ
1222 1694 1516 1766 ἐγκρατεῖς
1577 1692 1832 1762 γενέσθαι
1871 1693 1973 1764 τῆς

380 1779 594 1841 πόλεως
623 1780 754 1844 τοὺς
783 1781 1036 1853 ἐχθροὺς,
1068 1783 1292 1854 ἐξαρκεῖ
1308 1786 1400 1838 καὶ
1420 1785 1520 1857 μία
1551 1785 1757 1856 ἡμέρα,
1788 1787 1969 1839 πᾶσαν

2078 595 2243 655 atque
2271 588 2565 652 contineat,
2586 587 2766 642 dicere
2789 606 2803 642 ε
2826 587 2948 641 Non
2975 589 3292 642 moveborin
3311 598 3562 644 (sternunt
3585 591 3658 658 'I;

2079 677 2132 732 id
2173 679 2319 749 quod
2357 680 2476 734 haec
2507 680 2627 749 ipsa
2659 694 2879 750 quoque
2911 682 3108 736 mulier
3135 680 3380 741 adultera
3406 682 3510 738 sibi
3541 683 3658 754 prd--

2076 767 2308 834 licetur;
2341 769 2436 824 sed
2469 784 2629 825 vane.

2146 859 2333 925 XVIII,
2357 863 2409 916 8.
2441 861 2571 917 Ideo
2593 864 2645 917 in
2671 880 2775 917 una
2796 864 2883 918 die
2903 863 3103 918 venient
3134 864 3306 936 plaga:
3324 865 3463 936 ejus,
3489 881 3656 930 mors,

2075 962 2124 1005 et
2155 954 2349 1018 luctus,
2379 963 2428 1007 et
2465 955 2669 1024 farnes;
2707 965 2759 1009 et
2793 957 2911 1025 igne
2939 956 3316 1022 comburetur;
3345 959 3470 1029 quia
3499 959 3657 1029 fortis

2075 1058 2148 1099 est
2185 1047 2444 1102 Dominus
2486 1049 2649 1112 Deus,
2675 1050 3047 1122 qnijndicabit
3081 1049 3258 1109 illam.

2154 1228 2258 1283 Per
2280 1245 2441 1284 unum
2470 1231 2608 1286 diem
2638 1231 2882 1287 insinuat
2899 1232 2983 1287 vel
3013 1232 3281 1302 temporis
3309 1233 3655 1301 brevitatem,

2080 1323 2161 1376 vel
2216 1324 2484 1378 malorum
2538 1335 2762 1394 repente
2814 1325 3143 1380 irruentium
3196 1326 3653 1396 magnitudinem.

2079 1412 2254 1468 Simul
2291 1429 2527 1484 namque
2550 1430 2614 1470 ex
2643 1416 2824 1485 gladio
2852 1425 2906 1471 et
2932 1416 3075 1471 fame
3105 1417 3286 1472 luctus
3307 1418 3381 1472 illi
3410 1418 3653 1484 accedet;

2065 1514 2230 1574 speste
2278 1503 2468 1559 adhaee
2499 1517 2625 1560 ante
2671 1516 2901 1573 tentata,
2949 1507 3074 1578 igne
3124 1510 3502 1566 comburetur.
3541 1512 3654 1567 Aut

2067 1609 2172 1664 per
2200 1610 2370 1651 unum
2401 1596 2544 1651 diem
2577 1596 2752 1666 ipsam
2789 1598 2896 1653 diei
2947 1599 3253 1668 periodum,
3283 1599 3336 1654 in
3370 1617 3477 1670 qua
3508 1601 3652 1655 mala

2074 1687 2263 1742 istlitec
2293 1704 2412 1743 eam
2447 1689 2704 1758 obruent,
2753 1690 3034 1761 designat;
3075 1691 3344 1761 siquidem
3403 1691 3494 1746 ubi
3532 1692 3652 1746 ini-

2072 1781 2202 1835 mici
2233 1781 2454 1837 civitate
2501 1782 2661 1852 potiti
2703 1781 2926 1848 fuerint,
2961 1795 3046 1836 sat
3079 1793 3162 1838 est
3195 1784 3277 1838 vel
3305 1799 3410 1837 una
3437 1784 3554 1839 dies
3581 1785 3650 1838 ad

377 1875 493 1937 τοῖς
523 1873 844 1944 ἡττηθεῖσιν
867 1876 1176 1944 ἐπαγαγεῖν
1233 1877 1479 1931 κάκωσιν
1523 1881 1622 1931 καὶ
1670 1878 1966 1941 πολυειδεῖς

2073 1873 2417 1929 inferendum
2457 1874 2654 1929 Iethale
2696 1875 3088 1930 detrimentum
3145 1876 3402 1931 omnibus
3444 1877 3513 1931 iis
3557 1876 3650 1946 qui

384 1965 620 2020 θανάτου
641 1966 928 2036 ιτρόπουςο
971 1968 1252 2039 ἰσχύοντος
1296 1969 1390 2022 τοῦ
1447 1968 1583 2022 Θεοῦ
1615 1967 1806 2040 ὥσπερ
1855 1967 1968 2041 [re]

382 2055 580 2121 σώζειν
603 2057 732 2120 τοὺς
761 2059 1193 2131 εὐαρεστοῦντας
1230 2060 1404 2132 αὐτῷ,
1430 2059 1573 2115 οὕτω
1599 2061 1692 2117 καὶ
1717 2061 1968 2129 κολάζειν

383 2148 516 2212 τοὺς
542 2149 931 2221 ἁμετανοήτως
951 2151 1046 2216 ἐξα
1055 2151 1455 2222 μαρτάνοντας.

458 2415 569 2470 Kal
595 2416 969 2470 κλαύσονται
999 2417 1220 2484 αὐτὴν,
1257 2417 1356 2471 καὶ
1395 2420 1688 2487 κόψονται
1723 2419 1825 2474 ἀπ’
1853 2421 1963 2473 αὺ-

375 2504 490 2575 τῆς
511 2509 566 2561 οί
589 2507 878 2574 ,βασιλεῖς
905 2509 1016 2576 τῆς
1050 2507 1186 2578 γῆς,
1227 2513 1283 2562 οἱ
1321 2511 1445 2578 μετ’
1472 2509 1664 2577 αὐτῆς
1715 2510 1967 2578 πορνεύ-

377 2613 607 2662 σαντες
661 2597 760 2650 κιιὶ
798 2597 1301 2666 στρηνιάσαντες,
1349 2597 1496 2651 ὅταν
1523 2599 1805 2662 ,βλέπωσι
1858 2597 1968 2651 τὸν

376 2689 619 2743 καπνὸν
671 2687 782 2758 τῆς
840 2688 1166 2757 πυρώσεως
1226 2688 1439 2757 αὐτῆς,
1489 2690 1609 2746 ἀπὸ
1659 2689 1966 2759 μακρόθεν

375 2784 727 2850 ἑστηκότες,
766 2783 864 2836 διὰ
889 2783 996 2836 τὸν
1027 2783 1218 2852 φόϐον
1267 2782 1378 2837 τοῦ
1407 2783 1807 2852 βασανισμοῦ
1856 2786 1964 2838 αὑ·

376 2873 490 2942 τῆς
519 2913 534 2936 ,
563 2873 848 2943 λέγοντες
878 2889 894 2905 ο
929 2874 1098 2938 Οὐαὶ,
1134 2874 1293 2938 οὐαὶ,
1343 2876 1381 2948 ἠ
1413 2876 1591 2940 πόλις
1629 2875 1668 2942 ἡ
1725 2874 1961 2945 μεγάλη

379 2969 691 3032 Βαϐυλὼν,
726 2971 764 3038 ή
803 2972 982 3036 πόλις
1011 2972 1048 3040 ἠ
1081 2969 1304 3039 ισχιψά
1332 2986 1349 3003 ⁸
1403 2971 1493 3024 ὅτι
1548 2971 1619 3024 ἐν
1665 2969 1776 3040 μιᾷ
1835 2969 1961 3039 ὥρᾳ

374 3061 568 3134 ἦλθεν
597 3063 636 3130 ἡ
665 3065 868 3133 κρίσις
905 3080 1044 3120 σου.

451 3157 734 3223 Βασιλεῖς
783 3157 840 3210 δὲ
887 3159 988 3228 τῆς
1047 3158 1155 3229 γῆς
1205 3158 1488 3230 ἡγούμεθα
1521 3157 1805 3231 [ἐνταῦθα]
1836 3159 1962 3221 τοὺς

377 3247 650 3320 ἄρχοντας
664 3249 940 3318 λέγεσθαι,
968 3251 1044 3314 ὡς
1067 3252 1311 3322 περὶτῆς
1340 3252 1695 3324 Ἰερουσαλὴμ
1713 3255 1741 3306 ὁ
1765 3253 1888 3306 Ψαλ
1897 3271 1964 3322 μ-

377 3341 514 3410 ῳδός
563 3359 732 3412 φησιν
761 3359 778 3373 ⁸
815 3341 940 3414 [ὅτι]
983 3342 1129 3398 Ἰδοὺ
1178 3346 1234 3397 οἱ
1253 3343 1540 3409 βασιλεῖς
1569 3344 1761 3412 αὐτῆς
1808 3358 1962 3398 συν-

376 3431 684 3501 ήχθησαν.
724 3433 960 3494 Τούτους
989 3432 1047 3486 δὲ
1087 3433 1237 3501 λέγει
1264 3434 1366 3504 τὴν
1389 3437 1453 3488 ἐκ
1477 3435 1587 3488 τῶν
1617 3434 1780 3488 θείων
1811 3435 1962 3488 ἐντο-

377 3521 488 3577 λῶν
511 3522 798 3593 ,πορνείαν
824 3525 882 3576 ὲν
912 3525 1050 3595 αὐτῇ
1089 3524 1430 3594 πράξαντας,
1463 3524 1820 3590 κλαύσεσθαι,
1859 3527 1961 3597 τὴν

378 3614 554 3684 αὐτῆς
584 3615 831 3685 ὁρῶντας
862 3617 894 3688 ἢ
928 3617 1230 3680 ἀκούοντας
1262 3618 1610 3689 πυρπόλησίν
1633 3635 1691 3671 τε
1717 3619 1808 3672 καὶ
1835 3619 1964 3690 ἐρή-

383 3725 581 3778 μωσιν,
616 3709 1179 3780 καταπληττομένους
1235 3711 1337 3783 τὴν
1393 3710 1599 3782 ἀθρόαν
1636 3712 1962 3783 μεταϐολὴν,

377 3799 498 3863 πῶς
527 3801 588 3855 ὲν
607 3801 885 3872 ἀκαριαίῳ
910 3801 1088 3873 καιρῷ
1115 3803 1366 3871 γέγονεν.

2071 1966 2270 2020 devicti
2307 1967 2680 2031 succubuere,
2726 1967 3201 2038 tnultiformcsque
3233 1969 3425 2023 mortis
3463 1968 3652 2023 modos

2069 2067 2122 2112 et
2151 2059 2408 2113 rationes.
2449 2057 2518 2114 Ut
2543 2060 2686 2113 enim
2716 2059 2859 2114 Deus
2883 2060 3136 2114 homines
3159 2060 3252 2130 qui
3281 2060 3380 2128 ipsi
3406 2061 3646 2135 placent,

2070 2149 2150 2203 vel
2181 2149 2446 2218 temporis
2499 2159 2702 2223 puncto
2751 2166 2974 2206 servare
3022 2159 3241 2220 potest,
3271 2152 3342 2207 ita
3385 2152 3647 2222 insipien-

2067 2250 2151 2296 tes
2184 2257 2406 2312 quoque
2459 2243 2804 2313 prccutisque
2853 2245 3264 2300 contaminatos
3298 2255 3474 2298 morte
3507 2241 3649 2304 mul-

2067 2341 2206 2386 tare.

2137 2423 2326 2489 XVIII,
2359 2426 2412 2488 9,
2448 2426 2536 2482 10.
2576 2425 2646 2485 Et
2676 2426 2878 2496 ﬂebunt
2909 2427 3083 2490 illaut,
3118 2438 3165 2481 et
3197 2427 3446 2497 plangent
3473 2444 3528 2482 se
3552 2443 3649 2482 su-

2065 2536 2158 2589 per
2197 2519 2346 2575 illam
2369 2537 2516 2591 reges
2551 2530 2726 2584 terrrc,
2759 2523 2988 2590 quicum
3018 2520 3112 2573 illa
3146 2522 3400 2589 fornicati
3431 2531 3576 2587 sunt,
3595 2530 3649 2576 et

2065 2611 2120 2664 in
2153 2611 2362 2666 deliciis
2396 2614 2677 2677 vixerunt,
2723 2630 2842 2665 cum
2887 2612 3114 2670 uiderint
3165 2613 3372 2682 funium
3420 2612 3650 2667 incendii

2065 2705 2202 2774 ejus,
2239 2705 2392 2776 longe
2429 2715 2632 2758 stantes
2681 2715 2893 2773 propter
2943 2706 3184 2758 timorem
3228 2704 3475 2756 tormenti
3507 2703 3647 2772 ejus,

2065 2795 2294 2848 dicentes
2312 2810 2330 2847 :
2361 2794 2466 2856 γω,
2487 2810 2586 2854 rte.
2609 2795 2796 2847 civitas
2823 2794 2920 2846 illa
2948 2810 3141 2863 magna
3172 2793 3431 2862 Babylon,
3460 2793 3651 2846 civitas

2069 2885 2168 2938 illa
2233 2884 2434 2954 fortis;
2491 2887 2745 2956 quoniam
2810 2903 2916 2944 una
2979 2885 3112 2939 liora
3173 2886 3312 2941 venit
3377 2883 3649 2954 judicium

2066 2986 2240 3032 tuum.

2138 3152 2244 3208 Per
2286 3168 2467 3222 reges,
2516 3153 2622 3206 hoc
2676 3154 2797 3207 loco
2847 3151 3129 3223 principes
3185 3151 3648 3223 sublimioresquo

2071 3254 2366 3316 potestates
2399 3255 2456 3300 et
2502 3246 2854 3316 magistratus
2909 3244 3161 3299 denotari
3200 3257 3476 3314 putamus.
3532 3245 3648 3300 Hoc

2068 3339 2214 3394 enim
2245 3319 2407 3394 sensu
2432 3337 2720 3394 Psalmista
2755 3352 2939 3392 vocem
2974 3347 3222 3407 usurpat,
3251 3352 3375 3392 cum
3400 3338 3466 3392 de
3486 3335 3648 3391 Jeru-

2069 3432 2238 3486 salem
2271 3432 2521 3501 loquens,
2561 3430 2631 3483 ita
2663 3430 2843 3485 canit:
2883 3431 3176 3484 Astiterunt
3218 3446 3359 3500 reges
3386 3441 3563 3496 teme,
3592 3437 3644 3484 et

2063 3525 2325 3594 principes
2349 3533 2699 3578 convenerunt
2732 3525 2784 3577 in
2812 3539 2976 3577 unum
3003 3525 3069 3577 “.
3095 3524 3162 3578 Et
3191 3525 3300 3577 alio
3324 3525 3476 3580 Ioco:
3504 3523 3636 3577 Ecce

2065 3635 2209 3689 reges
2244 3627 2403 3671 terra:
2431 3618 2732 3686 congregati
2771 3625 2894 3670 sunt
2930 3615 2998 3670 ⁸³.
3035 3614 3212 3672 IIosce
3249 3617 3497 3687 proinde,
3524 3626 3615 3672 tan

2065 3725 2228 3780 (piam
2266 3724 2376 3779 prae
2409 3709 2622 3764 caeteris
2656 3725 2686 3763 a
2713 3710 2912 3765 divinis
2951 3710 3236 3780 prmecptis
3276 3712 3327 3765 in
3366 3709 3456 3765 illa
3485 3725 3638 3765 scor-

2067 3813 2232 3866 tatos,
2286 3801 2509 3855 ﬂeturus
2561 3801 2902 3871 pronuntiat,
2935 3811 2990 3855 ut
3024 3802 3258 3870 primum
3300 3801 3447 3856 illius
3476 3803 3645 3870 depo-

381 3893 732 3959 pulationem
771 3904 1186 3965 extremamque
1237 3894 1634 3951 desolationem
1687 3895 1926 3950 viderint
1998 3895 2081 3950 vel
2144 3895 2477 3949 audiverint.
2536 3894 2745 3948 Etenim
2838 3879 3175 3964 repentinam
3234 3894 3379 3948 illam
3429 3895 3646 3949 confer-

381 4001 603 4061 tamque
650 4006 832 4045 rerum
891 3993 1253 4048 mutationem
1317 3993 1503 4047 animo
1554 3993 1960 4062 expendentes,
1992 3993 2356 4060 obstupefacti
2401 4008 2509 4047 non
2569 4000 2823 4062 poterunt
2857 3989 2998 4049 intra
3019 4006 3078 4044 se
3111 4006 3219 4048 non
3263 3991 3480 4045 dicere:
3507 3989 3644 4059 lleu,

380 4101 439 4143 ut
461 4091 729 4158 temporis
755 4091 912 4160 quasi
946 4100 1225 4146 momento
1257 4099 1404 4144 tanta
1437 4090 1524 4143 illa
1559 4089 1817 4158 rnajestas
1839 4097 1951 4142 tota
1991 4089 2157 4142 simul
2182 4089 2458 4143 concidit!
2701 4081 2703 4084 ’

448 4184 560 4235 Kal
581 4185 636 4235 οἱ
667 4182 911 4252 ἔμποροι
934 4181 1042 4251 τῆς
1059 4181 1172 4253 γῆς
1194 4183 1476 4235 κλαίουσι
1507 4180 1604 4233 καὶ
1628 4180 1964 4235 πενθοῦσιν

382 4275 474 4344 ἐφ’
512 4274 778 4341 ἑαυτοῖς,
814 4274 903 4328 ὅτι
933 4274 1042 4327 τὸν
1092 4276 1282 4344 τόμον
1331 4271 1533 4326 αὐτῶν
1564 4272 1766 4339 οὐδεὶς
1825 4272 1965 4342 ἄγκος

379 4367 569 4434 ριίζει·
626 4369 827 4422 οὐκέτι
872 4368 1061 4437 γόμον
1111 4367 1348 4435 χρυσοῦ
1383 4367 1482 4420 καὶ
1536 4366 1822 4436 ἀργύρου,
1865 4364 1964 4418 καὶ

2137 4180 2326 4244 XVII],
2371 4183 2456 4248 II,
2495 4183 2578 4237 19..
2620 4182 2684 4236 Et
2733 4185 3087 4254 negotiatores
3129 4193 3285 4235 terra:
3329 4179 3552 4250 ﬂebunt,
3593 4191 3648 4242 et

2070 4272 2318 4342 lugebant
2353 4289 2513 4342 super
2534 4273 2687 4327 illam
2708 4290 2727 4338 ;
2751 4276 2998 4344 quoniam
3028 4289 3224 4326 merces
3255 4272 3466 4326 illorum
3495 4288 3647 4326 nemo

2069 4372 2201 4419 emet
2237 4365 2494 4435 amplius.
2540 4365 2737 4420 .Ilerces
2798 4368 2919 4420 auri
2961 4375 3010 4421 et
3065 4365 3294 4436 argenti,
3349 4374 3398 4424 et
3446 4365 3646 4435 lapidis

381 4461 558 4514 λίθου
597 4461 795 4530 τιμίου
825 4461 923 4514 καὶ
975 4462 1366 4530 μαργαρίτου,
1424 4459 1521 4513 καὶ
1561 4460 1815 4524 βύσσου
1863 4461 1960 4514 καὶ

2070 4461 2310 4528 pretiosi,
2340 4469 2390 4514 et
2422 4465 2748 4531 margaritae,
2777 4470 2826 4514 et
2853 4460 2996 4529 byssi
3013 4470 3061 4514 et
3086 4473 3355 4528 purpurat,
3387 4467 3438 4514 et
3467 4457 3646 4528 serici,

383 4552 715 4622 πορφυροῦ,
741 4553 839 4605 καὶ
872 4553 1164 4606 κοκκίνου
1187 4552 1283 4612 καὶ
1315 4549 1594 4630 σηρικοῦ.

456 4645 567 4697 Kal
594 4645 651 4697 cl
683 4643 933 4712 ἔμποροι
962 4641 1070 4710 τῆς
1101 4641 1216 4712 γῆς
1247 4644 1557 4698 κλαίουσι.
1586 4674 1656 4684 -—
1686 4643 1809 4696 Τῶν
1858 4644 1967 4714 γὰρ

386 4736 444 4788 ὲν
471 4735 769 4808 δυναστείᾳ.
810 4736 907 4789 καὶ
938 4737 1122 4807 τρυφῇ
1177 4735 1582 4807 φθειρομένων,
1643 4735 1876 4807 περιττὴ
1934 4737 1968 4807 ἡ

384 4827 590 4882 τούτων
619 4827 736 4898 ὠνὴ
776 4827 871 4881 καὶ
899 4825 1261 4897 κατάχρησις.

454 4920 566 4976 Kal
587 4919 712 4975 πᾶν
737 4921 930 4985 ξύλον
950 4923 1181 4984 θύινον,
1197 4919 1294 4976 καὶ
1321 4918 1444 4974 πᾶν
1471 4919 1694 4985 σκεῦος
1718 4919 1972 4988 ἐλεφάν-

386 5028 584 5078 τινον,
606 5011 706 5065 καὶ
735 5011 861 5066 πᾶν
890 5012 1113 5078 σκεῦος
1139 5013 1208 5065 ἐκ
1239 5012 1433 5076 ξύλου
1461 5011 1833 5081 τιμιωτάτου,
1867 5011 1967 5065 καὶ

387 5102 622 5170 χαλκοῦ
651 5104 750 5156 καὶ
785 5102 1066 5172 σιδήρου,
1099 5104 1198 5158 καὶ
1241 5103 1594 5172 μαρμάρου·
1641 5104 1739 5156 καὶ
1797 5103 1966 5157 κινά-

382 5211 590 5264 μωμον
618 5195 719 5248 καὶ
749 5197 1038 5266 θυμίαμα,
1076 5195 1178 5256 καὶ,
1202 5197 1485 5265 σμύρναν
1531 5196 1631 5250 καὶ
1690 5197 1965 5262 λίϐανον,

388 5288 486 5340 καὶ
519 5283 693 5342 οἷνον
719 5288 817 5342 καὶ
842 5289 1074 5352 ἔλαιον,
1115 5289 1225 5342 παὶ
1267 5288 1589 5358 σεμίδαλιν
1614 5289 1710 5342 καὶ
1765 5285 1962 5353 σῖτον,

387 5379 482 5432 καὶ
516 5379 709 5447 κτήνη
734 5380 836 5434 καὶ
865 5381 1151 5450 πρόϐατα.

456 5473 948 5544 Προσυπακούεται
1006 5473 1222 5537 τούτοις
1299 5473 1396 5538 τὸ,“
1435 5471 1647 5540 οὐδεὶς
1674 5471 1963 5544 ἀγοράζει.

390 5565 620 5619 Σκοπεῖν
643 5565 701 5619 δὲ
728 5567 878 5636 ἡμᾶς
908 5565 1014 5637 χρὴ
1039 5566 1145 5619 τίνι
1177 5581 1284 5619 των
1335 5564 1546 5620 πόλεων
1588 5564 1696 5637 ἄρα
1729 5567 1764 5634 ἡ
1811 5563 1968 5638 [τῶν]

390 5659 648 5714 τοιούτων
671 5660 831 5715 εἰδῶν
852 5659 967 5735 ὠνὴ
993 5661 1254 5731 συνήθης,
1279 5659 1376 5714 καὶ
1405 5659 1514 5713 τίσι
1543 5659 1745 5729 μᾶλλον
1760 5659 1972 5732 ἀνθρώ.

463 5820 508 5855 ⁶¹
538 5818 684 5876 Psal.
717 5835 829 5886 xw,
857 5819 910 5876 5.

985 5820 1033 5854 δ’
1062 5819 1204 5876 Ρεςιι.
1239 5835 1302 5887 n,
1337 5821 1393 5878 2.
1468 5819 1515 5853 ⁸³
1556 5818 1697 5875 Psal.
1742 5835 1912 5886 van,
1946 5821 1999 5877 5.

2067 4554 2118 4611 et
2151 4553 2375 4608 caecini.

2141 4646 2562 4714 Supervacanca
2615 4661 2855 4716 namque
2908 4661 3098 4699 earum
3137 4660 3316 4699 rerum
3359 4644 3566 4714 emptio
3595 4653 3653 4700 et

2069 4755 2202 4794 usus
2229 4749 2311 4793 est
2340 4739 2408 4794 iis
2436 4738 2528 4809 qui
2554 4737 2664 4808 jam
2701 4754 2798 4808 per
2825 4739 3015 4794 luxum
3049 4750 3102 4792 et
3129 4738 3384 4812 potentiae
3412 4738 3648 4792 abusum

2069 4831 2367 4901 perierunt.

2141 4921 2330 4988 XVIII,
2372 4924 2458 4988 I2,
2496 4925 2580 4979 l3.
2610 4923 2677 4977 Et
2703 4941 2856 4979 omne
2883 4925 3082 4994 lignum
3111 4923 3371 4994 tltyinum,
3401 4931 3448 4977 et
3472 4921 3654 4978 omnia

2070 5034 2198 5070 vasa
2221 5017 2412 5081 eboris,
2445 5028 2494 5070 et
2523 5018 2700 5070 omnia
2723 5034 2849 5070 vasa
2873 5017 2935 5069 de
2956 5017 3134 5086 lapide
3159 5017 3414 5085 pretioso,
3439 5026 3489 5069 et
3517 5032 3628 5070 tera

2071 5120 2245 5164 mento
2270 5122 2318 5163 et
2349 5109 2513 5179 ferro,
2556 5118 2604 5162 et
2638 5125 2921 5164 marmore.
2964 5107 3030 5161 Et
3047 5109 3404 5161 cinamontum
3430 5119 3477 5161 et
3507 5123 3654 5159 amo-

2069 5217 2232 5265 mum,
2267 5209 2316 5254 et
2350 5201 2598 5272 unguenti
2632 5211 2681 5255 et
2714 5197 2903 5266 thuris,
2932 5211 2981 5254 et
3013 5202 3120 5254 ι·ἰηὶ
3152 5213 3200 5256 et
3229 5201 3355 5264 olei,
3385 5210 3432 5256 et
3459 5199 3652 5252 simila:

2067 5300 2115 5350 et
2144 5293 2329 5359 tritici,
2368 5302 2416 5350 et
2439 5293 2798 5363 jumentorum
2832 5303 2880 5345 et
2907 5294 3102 5347 ovium.

2147 5470 2257 5545 83
2293 5473 2352 5525 In
2389 5473 2474 5527 IIIS
2505 5473 2764 5528 omnibus
2804 5473 3132 5529 subauditur
3163 5472 3476 5545 praecedens
3500 5451 3653 5527 elati;

2081 5568 2222 5633 sula,
2276 5565 2457 5622 nullus
2504 5568 2630 5622 emit
2671 5567 2922 5638 amplius.
2958 5565 3431 5623 Considerandum
3490 5579 3655 5637 porro

2082 5661 2242 5717 nobis
2265 5659 2370 5717 hoc
2399 5659 2520 5718 loco
2548 5665 2893 5732 proponitur,
2919 5661 3202 5718 cccuinam
3227 5660 3434 5717 civitati
3468 5659 3656 5721 istiusm-
