4034 6580
393 379 497 446 391
1586 386 1914 448 ANDREIE
1944 385 2462 450 C/ESARIENSIS
3545 391 3655 455 392

396 498 544 551 modi
570 513 750 552 rerum
775 500 983 569 eruptio
1006 501 1075 555 sit
1110 501 1400 567 usitatior;
1428 514 1482 558 et
1512 504 1713 572 quibus
1749 519 1965 557 rursum

2077 520 2200 565 ποις
2230 504 2265 573 ἡ
2295 504 2406 557 τῶν
2461 503 2739 575 περισσῶν
2785 503 2978 574 κτῆσις
3036 502 3501 575 περισπούδαστος
3557 503 3652 559 διὰ

396 588 711 644 hominibus
742 592 930 646 istluec
980 608 1517 661 supervacaneorum
1570 595 1870 666 possessio,
1899 595 1965 648 ob

2079 594 2291 665 τρυφὴν
2318 595 2580 667 ἄμετρον.

396 679 815 735 immoderatum
872 685 1171 753 voluptatis
1222 686 1487 755 studium,
1513 686 1586 741 sit
1621 686 1970 740 familiarior.

471 798 782 869 [Probabile
823 802 880 855 lit
925 817 1057 856 sane
1126 804 1272 859 hunc
1302 804 1478 860 locum
1528 819 1638 859 non
1693 817 1855 873 agere
1899 800 1968 857 de
2028 801 2203 871 prisca
2283 799 2580 872 Babylone,
2640 799 2725 855 vel
2773 799 2843 855 de
2889 800 3058 855 veteri
3111 808 3206 856 aut
3263 815 3402 856 nova
3451 801 3648 865 Roma,

395 903 491 947 aut
513 894 578 946 tle
608 900 799 964 quavis
847 897 952 951 alia
989 899 1249 967 peculiari
1297 900 1546 963 civitate;
1599 898 1693 953 scd
1725 898 1793 953 de
1853 898 1989 952 orbe
2060 897 2339 961 universo,
2390 895 2749 966 ejusdemque
2783 895 3089 967 inquilinis,
3156 896 3251 968 qui
3299 897 3452 953 varia
3495 898 3553 954 in
3584 913 3653 955 eo

396 988 611 1055 ttegmia
665 997 941 1055 tractant,
998 992 1478 1061 nundinarumque
1551 990 1744 1045 mundi
1808 988 1974 1060 hujus
2010 990 2172 1045 linem
2195 1004 2320 1045 cum
2351 989 2499 1045 luctu
2524 996 2580 1042 et
2607 987 2733 1043 ﬂetu
2765 987 3105 1063 cxcipieuL]

2138 1105 2248 1160 Kal
2278 1106 2482 1159 ἳππων
2511 1105 2607 1159 καί
2626 1104 2825 1173 ῥέδων
2848 1104 2947 1158 καί
2983 1103 3298 1173 σωμάτων.

2140 1200 2250 1253 Kal
2284 1199 2484 1253 ἵππων
2504 1197 2603 1251 καί
2624 1196 2822 1265 ῥέδων
2865 1197 2963 1250 καὶ
3002 1196 3313 1265 σωμάτων,
3367 1198 3558 1269 φησὶν,
3610 1199 3648 1270 ἡ

472 1103 541 1156 Et
572 1120 846 1171 equorum,
877 1117 924 1158 et
957 1106 1264 1171 rhedarum,
1297 1116 1348 1160 et
1388 1108 1797 1175 mancipiorum.

470 1191 537 1245 Et
573 1196 766 1247 horum
818 1195 1003 1248 itidem
1048 1212 1180 1249 usus
1236 1196 1456 1265 (inquit)
1490 1198 1595 1250 erit
1645 1212 1977 1266 supervaca-

400 1299 561 1338 neus.
619 1285 720 1338 Per
772 1287 957 1339 rhedas
1015 1297 1197 1339 autem
1261 1288 1641 1358 signiﬁcantur
1674 1289 1965 1355 vehicula;

2069 1292 2269 1363 χρῆσις
2298 1291 2534 1362 περισσή
2566 1307 2581 1321 ο
2615 1290 2704 1344 διὰ
2737 1289 2796 1343 δὲ
2825 1288 2919 1345 τοῦ
2960 1288 3157 1357 ρἐων
3199 1289 3267 1342 τὰ
3294 1289 3547 1359 ὀχήματα
3570 1292 3651 1344 εί.

399 1377 561 1429 rheda
616 1378 759 1429 enim
843 1378 984 1431 idem
1039 1388 1200 1432 sonat
1254 1379 1520 1436 Romanis
1580 1380 1725 1449 quod
1778 1380 1965 1437 Graeci:

2078 1384 2174 1447 κὸς
2202 1381 2568 1453 σημαίνεσθαι
2596 1399 2611 1414 θ
2651 1381 2997 1453 ρεδιοὺμγὰρ
3028 1381 3328 1451 Ῥωμαϊστὶ
3349 1381 3410 1434 τὸ
3455 1382 3653 1451 ὄχημα

398 1464 606 1534 ὄχημα,
642 1467 746 1519 hoc
794 1477 897 1530 est,
950 1468 1188 1521 essedum
1233 1480 1328 1522 aut
1369 1470 1683 1524 vehiculum.
1728 1470 1772 1523 A
1806 1470 1965 1524 rheda

2077 1472 2387 1546 [λέγεται
2427 1474 2543 1543 ἡδὲ
2589 1473 2782 1527 τούτου
2842 1475 3041 1543 γενικὴ
3089 1472 3199 1525 τῶν
3246 1472 3647 1543 πληθυντικῶν,

398 1556 644 1608 nascitur
673 1558 945 1622 genitivus
1002 1558 1227 1627 pluralis
1258 1559 1537 1630 ρεδάρουμ
1588 1559 1894 1627 rhedarum,
1923 1568 1965 1615 el

2076 1566 2386 1638 ρεδιώρουμ
2408 1581 2424 1596 ·
2462 1566 2584 1636 ἥτις
2609 1565 2753 1618 κατὰ
2785 1564 3066 1634 συγκοπὴν
3100 1562 3270 1634 ῥέδων
3292 1565 3505 1633 γέγονε.

398 1659 496 1715 per
522 1660 798 1714 syncopen
833 1646 1036 1718 ῥεδῶμ.

465 1733 656 1800 XVIII,
696 1738 779 1800 Η,
833 1739 914 1791 ιέὶ.
954 1737 1019 1790 Et
1052 1739 1356 1793 animarum
1386 1740 1682 1794 hominum.
1718 1738 1786 1793 Et
1812 1756 1971 1809 poma

2145 1745 2252 1801 Kal
2285 1744 2491 1814 ψυχὰς
2522 1743 2851 1811 ἀνθρώπων
2885 1758 2900 1773 ο
2943 1743 3040 1796 καί
3074 1744 3112 1811 ἠ
3140 1741 3341 1812 ὀπώρα
3378 1742 3491 1811 τῆς
3519 1742 3651 1799 ἐπι-

395 1826 645 1880 desiderii
668 1828 862 1882 animte
889 1839 993 1883 tua:
1012 1831 1362 1883 discesserunt
1385 1848 1416 1883 a
1439 1840 1523 1893 te;
1553 1832 1730 1885 omnia
1754 1832 1965 1901 pinguia

2076 1838 2289 1907 θυμίας
2312 1836 2421 1905 τῆς
2448 1834 2657 1905 ψυχῆς
2696 1853 2816 1890 σου
2864 1834 3142 1904 ἀπῆλθεν
3169 1834 3289 1889 ἀπὸ
3337 1835 3455 1890 σοῦ
3484 1852 3498 1867 ·
3550 1836 3652 1891 και

392 1928 446 1971 et
475 1918 735 1987 prwclara
783 1922 1054 1986 perierunt
1086 1938 1117 1972 ιι
1151 1930 1231 1985 te;
1261 1931 1311 1975 et
1340 1920 1572 1990 antplitts
1603 1920 1697 1974 illa
1718 1921 1836 1991 jam
1877 1938 1971 1976 ne-~

396 2022 663 2077 quaquam
691 2010 941 2062 invenies.

470 2097 529 2150 In
565 2110 870 2165 posterum,
891 2099 990 2163 ait,
1023 2100 1336 2153 titortaliunt
1360 2102 1574 2154 animas
1601 2114 1710 2155 non
1739 2102 1974 2171 amplius

393 2200 567 2249 emes,
602 2202 779 2256 neque
810 2187 1011 2243 liberos
1038 2189 1286 2242 homines
1306 2189 1357 2242 in
1385 2191 1704 2244 servitutem
1727 2192 1970 2262 rediges;

396 2293 574 2345 neque
627 2278 680 2331 iu
723 2278 1020 2348 pinguibus
1062 2280 1172 2335 illis
1219 2289 1275 2334 et
1324 2281 1650 2350 splendidis,
1683 2282 1739 2336 in
1771 2283 1974 2352 quibus

393 2368 525 2423 olim
558 2370 914 2437 volutabaris,
949 2374 1175 2440 posthac
1200 2372 1536 2441 volutabere,
1553 2381 1648 2428 aut
1672 2374 1971 2444 quidquam

392 2451 463 2514 ex
492 2461 558 2514 iis
587 2461 653 2513 ad
684 2477 842 2514 usum
875 2463 1125 2518 habebis.

469 2549 658 2613 XVIII,
693 2551 881 2606 1547.
925 2551 1249 2607 Mercatorcs
1282 2553 1489 2621 horum,
1522 2554 1613 2625 qui
1634 2554 1822 2609 divites
1841 2556 1971 2625 lacti

396 2652 541 2706 sunt,
564 2642 627 2693 ab
662 2659 721 2695 en
752 2643 903 2712 longe
930 2646 1174 2707 stabunt,
1214 2655 1427 2714 propter
1461 2646 1702 2699 timorem
1738 2656 1969 2701 tormen-

397 2742 568 2786 torum
591 2733 725 2802 ejus,
751 2734 957 2802 ﬂentes,
987 2745 1035 2789 et
1065 2737 1319 2808 lugentes,
1347 2747 1397 2792 et
1425 2738 1658 2793 dicentes
1679 2755 1698 2793 :
1731 2738 1845 2805 Vw,
1870 2756 1969 2808 vat,

395 2826 582 2879 civitas
617 2826 714 2879 illa
763 2845 979 2897 magna,
1015 2845 1132 2899 qua:
1163 2832 1363 2883 amicta
1399 2839 1514 2883 erat
1551 2829 1729 2901 bysso,
1758 2840 1807 2883 et
1839 2846 1969 2899 pur-

394 2933 550 2984 pura.
576 2927 623 2970 et
645 2934 798 2972 cocco
818 2933 837 2982 ,'
856 2919 1117 2973 deaurata
1136 2930 1249 2973 erat
1276 2937 1432 2987 auro,
1451 2932 1500 2975 et
1526 2920 1699 2989 lapide
1716 2924 1967 2991 pretioso,

390 3015 445 3059 et
494 3009 798 3078 margaritis
829 3024 847 3064 :
875 3012 1125 3080 quoniam
1171 3028 1284 3067 una
1342 3012 1474 3067 hora
1526 3013 1796 3069 destituta:
1845 3024 1968 3069 sunt

394 3106 559 3152 tanta:
596 3098 820 3153 divitiae.

463 3293 547 3348 0b
574 3293 770 3347 oculos
804 3294 957 3365 ponit
1006 3296 1272 3367 insignem
1325 3298 1616 3370 Babylonis
1664 3300 1829 3371 hujus
1850 3302 1965 3359 cla-

392 3382 515 3437 dem
547 3392 601 3438 et
634 3383 1024 3451 alllictionem;
1075 3401 1173 3455 per
1222 3388 1403 3443 luctus
1443 3398 1497 3442 et
1527 3390 1964 3458 lamentationes,

391 3474 745 3540 calamitatis,
797 3490 963 3544 quam
1012 3490 1340 3545 perpessura
1400 3479 1489 3533 illa
1549 3497 1672 3550 qua:
1720 3493 1847 3538 ante
1896 3486 1968 3541 ob

392 3564 601 3633 regiam
631 3564 951 3634 dignitatem
984 3575 1039 3619 et
1074 3567 1437 3636 majesmtetn,
1472 3570 1613 3626 elato
1647 3573 1788 3628 collo
1814 3574 1966 3630 ince-

391 3655 575 3721 debat,
611 3656 1049 3725 magnitudinem
1085 3661 1336 3729 apposite
1367 3662 1676 3720 dclineans.

463 3745 653 3813 XVIII,
692 3747 881 3801 I7-I9.
921 3745 989 3800 Et
1019 3750 1188 3804 omnis
1226 3750 1569 3818 gubernator,
1602 3764 1648 3806 et
1676 3769 1852 3810 onmes
1877 3758 1968 3827 qni

390 3840 449 3892 in
503 3838 677 3892 larunt
712 3840 981 3909 navigant,
1032 3850 1081 3894 et
1114 3850 1313 3908 nautte,
1361 3851 1412 3896 et
1438 3844 1527 3912 qui
1558 3845 1612 3897 in
1660 3847 1800 3900 mari
1854 3865 1967 3918 ope-

392 3940 619 3996 rantur,
665 3929 818 3999 longe
868 3939 1169 3997 steterunt,
1200 3943 1250 3985 et
1288 3932 1686 4001 clamauerunt,
1737 3938 1966 3994 videntes

394 4022 599 4089 funium
635 4022 865 4075 incendii
895 4022 1038 4092 ejus,
1067 4025 1300 4079 dicentes
1326 4041 1346 4080 :
1383 4025 1514 4093 Qua:
1545 4029 1735 4082 similis
1766 4032 1968 4086 civitati

391 4112 512 4165 huic
541 4114 787 4181 magna?
811 4113 877 4168 Et
908 4116 1161 4169 miserunt
1185 4116 1447 4186 pulverem
1464 4136 1621 4189 super
1644 4124 1823 4191 cupita
1844 4141 1965 4187 sua.

390 4211 440 4256 et
459 4204 815 4259 clamauerunt
840 4207 1045 4275 ﬂentes,
1073 4221 1121 4263 et
1154 4210 1409 4281 lugentes,
1438 4213 1707 4270 dicentes:
1738 4216 1845 4283 ναι,
1872 4237 1966 4286 rat,

392 4295 583 4349 civitas
616 4295 712 4349 illa
746 4315 960 4367 magna,
993 4299 1049 4353 in
1080 4318 1183 4370 qua
1218 4302 1406 4357 divites
1451 4304 1585 4374 facti
1619 4318 1741 4361 sunt
1790 4327 1965 4365 omnes

2075 1927 2274 1983 πάντα
2306 1930 2378 1982 τὰ
2405 1928 2631 1996 λιπαρὰ
2678 1926 2776 1981 καί
2806 1926 2924 1999 [τὰ]
2942 1926 3186 1996 λαμπιὰ
3234 1926 3503 1997 όπῴχετο
3528 1928 3649 1982 ἀπὸ

2074 2018 2191 2074 σοῦ
2221 2035 2236 2051 ·
2261 2020 2360 2073 καὶ
2392 2020 2501 2073 οὐκ
2531 2019 2619 2072 ἔτι
2646 2020 2718 2072 οὐ
2741 2017 2826 2087 μὴ
2860 2018 3042 2085 εὕρῃς
3063 2016 3237 2071 αὐτά.

2145 2109 2253 2163 Kal
2276 2110 2479 2177 ψυχὰς
2504 2108 2849 2177 ἀνθρώπων.
2884 2138 2953 2149 -
2982 2110 3119 2163 Οῠτε
3144 2109 3322 2179 ψυχὰς
3343 2106 3648 2179 ἀνθρώπων

2073 2198 2414 2271 ὲμπορεύσῃ,
2476 2200 2631 2269 φησὶ,
2675 2199 2769 2253 τοῦ
2815 2198 3005 2252 λοιποῦ
3063 2199 3471 2253 καταδουλοῦσα
3519 2200 3649 2263 τοὺς

2072 2288 2389 2360 ἐλευθέρους
2420 2306 2435 2321 ·
2467 2289 2590 2344 οὔτε
2622 2291 2733 2344 τῶν
2767 2291 2937 2346 πάλαι
2971 2290 3219 2363 λιπαρῶν
3244 2292 3339 2347 καὶ
3366 2290 3641 2363 λαμπρῶν

2072 2378 2214 2445 ιξεις
2243 2381 2347 2452 τὴν
2370 2380 2697 2436 ἀπόλαυσιν.

2146 2556 2212 2607 Ol
2232 2553 2476 2622 ἔμποροι
2508 2556 2754 2621 τούτων,
2804 2559 2858 2610 ol
2890 2556 3352 2624 πλουτήσαντες
3397 2556 3499 2611 ἀπ’
3529 2559 3643 2611 αὐ-

2070 2645 2203 2712 τῆς.
2236 2646 2357 2701 ἀπὸ
2390 2648 2690 2715 μακρόθεν
2742 2648 3099 2715 στήσονται,
3147 2649 3245 2704 διὰ
3290 2650 3397 2703 τὸν
3454 2651 3646 2720 φόϐον

2073 2738 2179 2792 τοῦ
2196 2739 2591 2809 βασανισμοῦ
2622 2741 2834 2808 αὐτῆς,
2864 2743 3184 2806 κλαίοντες
3229 2741 3328 2795 καὶ
3364 2743 3648 2797 πενθοῦν-

2072 2846 2189 2895 τες,
2209 2830 2305 2882 καὶ
2333 2830 2615 2899 λέγοντες
2634 2849 2649 2863 ο
2668 2832 2835 2898 Οὐαὶ,
2868 2833 3024 2897 οὐαί,
3049 2833 3087 2901 ἠ
3114 2833 3293 2899 πόλις
3322 2832 3360 2899 ἡ
3384 2833 3641 2903 μεγάλη.

2071 2921 2110 2990 ἦ
2136 2922 2605 2991 περιϐεϐλημένη
2630 2923 2885 2987 βύσσον
2915 2923 3014 2977 καὶ
3040 2925 3357 2993 πορφύραν
3383 2925 3481 2977 καὶ
3501 2927 3643 2979 κόκ-

2071 3030 2263 3077 κινον,
2298 3014 2395 3067 καὶ
2429 3014 2855 3085 κεχρυσωμένη
2883 3015 2953 3070 ἐν
2982 3015 3191 3087 χρυσῷ
3234 3016 3332 3070 καὶ
3371 3018 3518 3083 λίθῳ
3558 3033 3644 3071 τι-

1996 3115 2038 3173 c
2066 3103 2183 3173 μίφ
2214 3103 2311 3157 καὶ
2354 3106 2748 3174 μαργαρίταις
2775 3120 2794 3140 °
2850 3106 2942 3161 ὅτι
2974 3105 3083 3177 μιᾷ
3128 3107 3248 3177 ὥρᾳ
3289 3107 3569 3178 ἠρημώθη
3605 3108 3644 3162 δ

2067 3196 2356 3263 τοσοῦτος
2384 3196 2673 3265 πλοῦτος.
2760 3261 2774 3275 _

2142 3311 2308 3375 Οὐαί.
2349 3311 2504 3375 οὐαὶ,
2550 3312 2588 3380 ἡ
2635 3313 2815 3379 πόλις
2856 3313 2896 3381 ἡ
2926 3314 3181 3384 μεγάλη.
3227 3345 3298 3356 -
3335 3316 3461 3371 ’Υπ⁹
3517 3316 3642 3385 ὄψιν

2067 3404 2193 3473 ἄγει
2218 3404 2288 3458 τὰ
2317 3405 2418 3475 τῆς
2447 3404 2763 3471 Βαϐυλῶνος
2808 3407 3015 3477 ταύτης
3060 3408 3230 3480 πάθη.
3282 3408 3370 3463 διὰ
3413 3410 3523 3463 τῶν
3554 3409 3643 3463 ἐπ’

2067 3496 2204 3566 αὐτῇ
2227 3496 2440 3567 θρήνων
2462 3497 2523 3551 τὸ
2546 3500 2646 3568 τῆς
2702 3501 2988 3570 συμφορᾶς
3015 3500 3333 3570 διαγράφων
3365 3500 3597 3570 μέγεθος
3621 3518 3637 3533 ο

2067 3586 2205 3659 ὅπερ
2230 3589 2480 3644 πείσεται
2511 3591 2544 3657 ἡ
2565 3590 2629 3643 τὸ
2656 3590 2785 3660 πρὶν
2802 3590 3043 3661 αὑχοῦσα
3070 3592 3162 3645 ἐπὶ
3189 3591 3451 3664 βασιλικῷ
3472 3590 3639 3659 ἁξιιῖι-

2074 3695 2227 3749 ματι.

2138 3769 2250 3822 Kal
2290 3767 2410 3836 πᾶς
2440 3768 2834 3839 κυϐερνήτης,
2896 3772 2995 3825 καὶ
3057 3772 3177 3837 πᾶς
3227 3772 3308 3846 [όῖ
3364 3773 3462 3828 ἐπὶ
3520 3772 3641 3828 τῶν

2068 3861 2298 3914 πλοίων
2321 3862 2546 3927 πλέων,
2561 3862 2659 3916 καὶ
2680 3863 2894 3919 ναῦται
2913 3864 3011 3917 καὶ
3033 3864 3163 3919 ὅσοι
3183 3864 3298 3933 τὴν
3317 3866 3642 3923 θάλασσαν

2067 3952 2424 4022 ἐργάζονται,
2470 3953 2588 4009 ἀπὸ
2630 3958 2937 4023 μακρόθεν
2988 3956 3313 4025 ἑστηκότες
3366 3956 3636 4027 ἔκραζον,

2062 4041 2403 4107 ,ϐλέποντες
2433 4041 2540 4095 τὸν
2585 4042 2823 4097 καπνὸν
2869 4043 2982 4113 τῆς
3032 4045 3359 4114 πυρώσεως
3398 4047 3590 4115 αὐτῆς
3618 4088 3635 4112 .

2070 4131 2195 4204 [καὶ
2218 4132 2434 4201 ἔλεγον
2460 4149 2474 4165 ⁸
2515 4135 2610 4200 Τίς
2631 4136 2806 4203 όμοία
2825 4133 2901 4203 τῇ
2922 4136 3095 4189 πόλει
3131 4135 3205 4204 τῇ
3226 4138 3501 4207 μεγάλω
3533 4139 3634 4193 καὶ

2066 4223 2286 4277 ἔϐαλον
2319 4223 2474 4293 χοῦν
2504 4224 2603 4278 ἐπὶ
2643 4227 2748 4291 τὰς
2770 4228 3042 4295 κεφαλὰς
3069 4226 3270 4281 αὐτῶν
3292 4245 3307 4260 ·
3341 4229 3441 4283 καὶ
3460 4229 3637 4297 ἔκρα-

2067 4312 2186 4380 ζον,
2215 4316 2530 4381 κλαίοντες
2584 4317 2683 4371 καὶ
2718 4319 3102 4384 πενθοῦντες,
3158 4317 3279 4390 καὶ]
3310 4320 3593 4391 λέγοντες
3616 4338 3634 4353 ⁸

390 4387 482 4455 qui
507 4386 763 4441 habebant
783 4407 939 4444 naves
966 4392 1019 4444 in
1044 4394 1201 4458 mari,
1228 4394 1291 4449 de
1316 4397 1501 4466 pretiis
1529 4397 1684 4462 eius;
1712 4402 1961 4468 quoniam

2070 4403 2237 4470 Οὐαὶ,
2265 4404 2421 4471 οὐαὶ,
2447 4406 2484 4473 ἠ
2515 4408 2694 4473 πόλις
2721 4409 2759 4475 ἠ
2777 4410 3009 4479 μεγάλη
3031 4425 3045 4439 ⁸
3076 4411 3148 4464 ἐν
3175 4406 3214 4482 ᾗ
3246 4386 3639 4481 ἐπλούτησαν

389 4493 499 4532 una
531 4478 664 4534 hora
687 4480 929 4535 desolata
960 4493 1061 4539 est.

462 4680 578 4735 Etsi
612 4696 856 4751 praesens
891 4686 999 4741 vita
1032 4703 1179 4742 mare
1237 4704 1334 4758 per
1368 4691 1738 4758 metaphoram
1775 4694 1965 4765 appel-

390 4770 569 4838 latur,
607 4784 669 4828 ut
702 4792 824 4845 qua}
857 4776 1112 4833 ﬂuctibus
1140 4789 1194 4833 et
1224 4781 1635 4849 tempestatibus
1659 4785 1730 4839 sit
1768 4786 1961 4853 plena;

388 4873 443 4917 et
475 4874 746 4934 quotquot
781 4868 834 4921 iu
867 4869 988 4938 ipsa
1022 4871 1393 4941 negotiantur,
1426 4873 1576 4926 curis
1605 4884 1659 4929 et
1692 4877 1964 4939 sollicitu-

389 4952 635 5020 dinibus,
665 4971 804 5026 quas
830 4957 946 5027 ipsa
976 4960 1156 5029 alIcrt,
1191 4960 1334 5016 haud
1367 4978 1528 5017 secus
1556 4964 1667 5018 fere
1688 4965 1963 5035 jactentur

390 5052 555 5111 atque
603 5042 807 5113 pisces,
855 5047 946 5115 qui
989 5047 1041 5101 in
1076 5049 1264 5119 pelago
1318 5061 1591 5117 natantes,
1645 5057 1806 5111 undis
1835 5073 1962 5127 pro-

387 5133 654 5205 cellisque
708 5136 907 5205 jactari
964 5139 1179 5205 solent,
1235 5149 1477 5197 attamen
1511 5160 1617 5199 non
1668 5156 1803 5202 csta
1837 5164 1963 5204 vero

388 5225 649 5286 alienum.
705 5228 1001 5294 civitatem,
1060 5247 1182 5298 qua:
1229 5232 1421 5290 istlnec
1470 5235 1813 5293 incommoda
1852 5258 1963 5311 pcr-

389 5332 612 5385 pessura
646 5321 731 5375 hic
758 5321 1011 5386 traditur,
1045 5326 1357 5394 quampiam
1391 5344 1455 5383 ex
1486 5346 1673 5384 earum
1720 5350 1955 5390 numero

387 5425 530 5474 esse,
581 5429 702 5483 qua!
748 5430 877 5469 vero
909 5418 1043 5471 mari
1092 5419 1372 5488 adjacens,
1407 5440 1469 5478 ea
1511 5442 1632 5495 qua:
1668 5445 1815 5484 mare
1847 5432 1960 5486 sul.

388 5511 578 5555 cantes
612 5506 930 5573 important,
966 5509 1248 5578 suscipere
1278 5524 1495 5569 assueta
1528 5528 1647 5572 erat
1674 5537 1687 5574 :
1718 5537 1837 5590 qua:
1861 5540 1959 5579 sua

392 5592 615 5660 proinde
633 5596 932 5652 solitudine
948 5608 1004 5653 et
1020 5588 1270 5657 vastitate
1296 5604 1479 5659 nautis
1492 5618 1544 5662 ct
1559 5588 1961 5671 mercatoribus

390 5683 595 5753 justam
630 5686 810 5740 luctus
861 5692 1148 5747 materiam
1182 5696 1251 5750 sit
1288 5700 1554 5765 paritura.
1598 5701 1764 5769 Idem,
1796 5706 1964 5760 velint

392 5778 594 5844 nolint,
655 5779 944 5837 mundana:
995 5786 1157 5857 hujus
1208 5788 1499 5862 Babylonis
1529 5804 1581 5848 et
1619 5795 1960 5850 confusionis

1989 4479 2042 4539 D
2068 4494 2292 4562 πάντες
2320 4498 2374 4550 οι
2401 4496 2647 4566 ἔχοντες
2672 4500 2855 4554 πλοῖα
2887 4502 2956 4554 ἐν
2992 4501 3067 4570 τῇ
3090 4479 3395 4573 θαλάσσῃ.
3431 4479 3508 4558 se
3523 4503 3635 4575 τῆς

2062 4587 2400 4655 τιμιότητος
2422 4588 2614 4658 αὐτῆς
2642 4607 2657 4622 ο
2699 4591 2791 4646 ὅτι
2814 4588 2925 4666 [ἐν]
2952 4593 3060 4663 μιᾷ
3079 4594 3198 4665 ὥρᾳ
3224 4595 3526 4666 ἠρημώθη.

2124 4700 2191 4754 Ol
2221 4700 2467 4770 ἔχοντες
2512 4704 2696 4759 πλοῖα
2752 4706 2822 4760 ἐν
2886 4706 2961 4775 τῇ
2994 4709 3303 4777 θαλάσσῃ.
3341 4738 3412 4749 —-
3444 4710 3506 4763 El
3538 4710 3634 4765 καὶ

2059 4792 2346 4850 θάλασσα
2383 4797 2661 4866 τροπικῶς
2703 4799 2731 4851 ὁ
2779 4799 2973 4870 παρὼν
3006 4800 3121 4870 βίος
3169 4801 3247 4864 ὡς
3302 4802 3631 4871 πολυκύμων

2060 4885 2276 4957 εἴρηται
2308 4923 2325 4951 ,
2355 4887 2451 4942 καὶ
2478 4889 2528 4941 οἱ
2563 4890 2622 4941 ὲν
2660 4889 2797 4961 αὐτῇ
2833 4893 3290 4963 ἐμπορευόμενοι,
3316 4896 3364 4947 οί
3390 4893 3471 4963 τῷ
3501 4894 3631 4963 βιω-

2061 4977 2198 5055 τικῷ
2225 4978 2302 5041 ὡς
2338 4979 2518 5050 ἰχθύες
2548 4982 2837 5051 νηχόμενοι
2868 4983 3100 5037 κλύδωνι
3130 5003 3143 5016 ·
3182 4984 3299 5037 ἀλλ’
3340 4988 3484 5049 εἰκὸς
3534 4986 3632 5039 καὶ

2059 5069 2158 5139 τὴν
2182 5068 2354 5124 ταῦτα
2391 5070 2705 5140 πάσχουσαν
2735 5072 2911 5137 πόλιν,
2941 5074 3173 5145 αἰσθητῇ
3203 5074 3446 5147 θαλάσσῃ
3480 5092 3630 5143 γειτ-

2060 5160 2282 5225 νιῶσαν,
2314 5159 2453 5233 [καὶ]
2489 5164 2555 5215 τὰ
2579 5164 2734 5233 παρὰ
2765 5166 2873 5217 τῶν
2894 5167 2968 5231 λέν
3008 5167 3147 5238 αύτῇ
3178 5168 3452 5222 πλεόντων
3476 5169 3630 5238 δεχο-

2067 5251 2256 5322 μένην,
2288 5253 2517 5316 πένθους
2550 5254 2759 5317 τούτοις
2796 5255 2885 5308 διὰ
2912 5257 3011 5327 τῆς
3038 5258 3247 5321 οἰκείας
3298 5258 3632 5329 ἐρημώσεως

2072 5342 2325 5395 ὑπόθεσιν
2354 5343 2592 5400 ἔσεσθαι.
2618 5347 2825 5398 Ταυτὸν
2846 5346 2904 5400 δὲ
2940 5349 3131 5401 παθεῖν
3178 5348 3488 5418 ἐπάναγκες
3535 5351 3634 5404 καὶ

2062 5435 2187 5499 τοὺς
2217 5435 2316 5505 τῆς
2350 5439 2697 5507 παγκοσμίου
2740 5438 3055 5502 Βαϐυλῶνος
3103 5441 3275 5510 ἤγουν
3315 5441 3630 5511 συγχύσεως

2060 5526 2360 5599 ἐμπόρους,
2394 5529 2452 5580 ἐν
2483 5530 2548 5599 τῇ
2578 5531 2856 5603 συντελείᾳ
2895 5532 3004 5585 τῶν
3034 5533 3352 5603 ὁρωμένων,
3412 5532 3633 5605 θρηνεῖν

2061 5620 2492 5690 ἀπαραμύθητα,
2524 5620 2630 5673 τῶν
2666 5622 2834 5690 ἡδέων
2878 5623 2974 5677 τοῦ
3008 5626 3275 5693 παρόντος
3327 5624 3441 5696 βίου
3470 5625 3633 5680 ἁϐου-

2062 5706 2238 5774 tam;
2267 5708 2666 5777 χωριζομένους
2694 5712 2787 5764 καὶ
2818 5716 3209 5785 κεντουμὲνους
3234 5716 3339 5770 ὑπὸ
3371 5715 3464 5772 τού
3499 5733 3625 5770 συν-

2069 5798 2273 5861 ειδότος
2339 5802 2427 5851 ἐπὶ
2458 5802 2576 5865 ταῖς
2607 5802 2838 5866 οἰκείαις
2868 5807 3151 5876 πράξεσιν.
