4042 6630
427 393 539 457 395

1623 392 1948 454 ANDRElE
2007 390 2523 452 CAESARIENSIS

3578 391 3686 456 396

432 503 573 556 banc
603 516 722 554 eam
763 501 939 570 ipsam
973 514 1115 562 esse,
1173 514 1294 570 qua:
1329 499 1600 568 superbiae
1627 513 1683 556 et
1707 502 1992 556 insolentia

2115 499 2459 555 διδασκάλων
2491 496 2631 552 κατὰ
2666 497 2764 569 τῆς
2809 498 2960 570 παρὰ
3016 497 3306 569 Ῥωμαίοις
3366 498 3684 566 Βαϐυλῶι.ο;

432 594 699 648 adversus
733 592 1010 646 Christum
1043 600 1096 644 et
1123 605 1310 646 servos
1337 591 1458 660 ejus
1480 590 1766 647 declarata:
1789 608 2000 662 poenas,

430 683 498 736 de
528 682 728 751 quibus
780 683 987 737 dictum
1041 691 1144 745 est,
1183 682 1319 736 luat.
1356 680 1558 736 Verum
1594 682 1724 737 huic
1757 681 2004 752 opinioni

431 774 709 829 adversari
759 774 994 837 videtur,
1031 775 1177 844 quod
1216 775 1460 845 plerique
1505 783 1716 829 veteres
1745 773 2005 828 Ecclesia:

429 866 681 919 doctores
720 864 836 919 lnec
864 875 1056 920 contra
1087 881 1208 921 eam
1238 864 1564 936 Babylonem
1601 865 1860 934 praedicta
1894 875 2004 920 tra-

428 955 582 1017 dant,
605 970 726 1024 qua}
757 955 900 1024 apud
927 955 1206 1010 Romanos
1226 967 1401 1010 exstat
1427 974 1442 1022 ;
1477 971 1602 1010 eum
1631 956 1701 1009 ob
1730 956 1859 1020 alia,
1888 965 2001 1010 tum

428 1062 557 1098 vero
594 1046 828 1100 maxime
853 1087 867 1111 ,
922 1046 1067 1115 quod
1113 1047 1164 1100 in
1213 1056 1408 1115 quarta
1463 1047 1633 1100 bestia
1663 1085 1678 1110 ,
1713 1061 1910 1114 nempe
1946 1045 2000 1100 in

427 1135 678 1190 Romano
727 1136 836 1206 85
871 1136 1119 1206 imperio,
1148 1137 1279 1190 ‘visa
1321 1137 1427 1190 sint
1480 1137 1667 1190 decem
1711 1149 1939 1195 cornua,
1971 1148 2002 1200 ο

425 1227 626 1296 quibus
661 1244 826 1282 unum
849 1228 974 1282 inde
1004 1236 1248 1290 enatum,
1285 1229 1384 1282 tria
1412 1244 1536 1281 mox
1570 1228 1834 1283 radicitus
1859 1242 2005 1281 ever-

425 1320 510 1382 tit,
537 1330 733 1374 cictcra
775 1335 901 1373 vero
935 1321 1038 1374 sibi
1084 1320 1361 1390 subjugat.
1416 1319 1552 1374 Tum
1587 1336 1803 1375 rursum
1855 1318 2000 1390 quod

421 1410 814 1475 Antichristus,
865 1411 954 1466 ubi
1015 1412 1244 1477 venerit,
1295 1420 1553 1482 tanquam
1590 1427 1680 1466 rex
1721 1410 1998 1466 Romano-

421 1518 543 1557 rutn
581 1504 630 1556 in
673 1503 908 1556 medium
949 1503 1264 1573 proditurus
1300 1503 1390 1567 sit,
1437 1518 1505 1558 eo
1549 1503 1770 1572 quidem
1807 1503 1990 1558 colore

417 1605 473 1649 et
519 1603 781 1666 prmtcxtu
833 1597 988 1663 quasi
1041 1595 1256 1648 illorum
1306 1595 1592 1664 ἡμιτονίου]
1626 1595 1755 1649 velit
1793 1595 2001 1648 instau-

420 1702 545 1741 rare
590 1695 644 1740 et
689 1685 1003 1748 confovere,
1055 1701 1266 1740 necnon
1319 1685 1582 1740 adversus
1637 1685 1824 1739 hostes
1871 1699 1995 1739 cum

425 1779 533 1834 illis
563 1778 916 1847 conspirare;
950 1792 1073 1833 cum
1106 1791 1164 1832 re
1197 1776 1311 1846 ipsa
1339 1785 1518 1830 tamen
1553 1782 1991 1830 consummatam

2105 593 2276 646 ταῦτα
2309 592 2476 660 φάναι
2506 591 2981 662 προφητεύεσθαι·
3017 590 3106 644 διὰ
3140 592 3198 644 τὸ
3221 592 3278 643 ἐν
3323 589 3402 660 τῷ
3435 591 3680 662 τετάρτῳ

2105 684 2278 754 θηρίῳ
2318 683 2598 754 ἑωρᾶσθαι
2631 682 2700 736 τὰ
2726 683 2858 735 δέκα
2915 683 3144 752 κέρατα,
3181 682 3460 735 τουτέστιν
3509 685 3566 735 ἐν
3610 685 3676 752 τῇ

2115 774 2402 844 Ῥωμαίων
2425 776 2565 844 ἀρχῇ
2594 787 2608 803 ⁸
2642 773 2735 826 καὶ
2757 773 2815 838 ἐξ
2842 773 3014 842 αὐτῆς
3043 775 3102 825 τὸ
3120 772 3177 824 ἓν
3207 772 3503 843 βλαστάνον
3528 776 3680 844 ἐκρι-

2104 863 2234 928 ζοῦν
2261 863 2327 917 τὰ
2357 864 2508 935 τρία,
2541 863 2634 917 καὶ
2663 863 2733 916 τὰ
2773 863 2935 916 λοιπὰ
2970 864 3312 930 ὑποτάττειν,
3348 868 3440 918 καὶ
3472 866 3547 930 ὡς
3577 866 3677 936 βα-

2104 955 2255 1008 σιλέα
2315 957 2604 1027 Ῥωμαίων
2672 954 2984 1009 ἐλεύσεσθαι
3047 958 3394 1028 προσχήματι
3432 958 3529 1027 μὲν
3578 958 3674 1012 τοῦ

2103 1046 2325 1101 θάλπειν
2358 1049 2450 1100 καὶ
2502 1049 2823 1119 συγκροτεῖν
2867 1047 2967 1118 τὴν
3023 1046 3200 1119 ἀρχὴν
3252 1048 3468 1101 αὐτῶν·
3521 1052 3585 1120 τῇ
3616 1049 3675 1102 δὲ

2100 1137 2350 1210 ἀληθείᾳ,
2386 1140 2480 1192 τοῦ
2517 1141 2614 1211 τὴν
2633 1139 2848 1193 τελείαν
2878 1140 3048 1210 αὐτῆς
3095 1139 3250 1194 λύσιν
3302 1141 3667 1212 ἐργάσασθαι.

2101 1230 2214 1292 Διὸ,
2249 1229 2321 1292 ὡς
2337 1229 2572 1300 εἴρηται,
2599 1230 2700 1299 τὴν
2723 1229 2798 1292 ὡς
2822 1232 2880 1282 ἐν
2902 1229 2982 1282 ἑνὶ
3006 1228 3217 1299 σώματι
3249 1231 3486 1302 ἀρχῆθεν
3508 1231 3675 1304 μέχρι

2101 1321 2195 1373 τοῦ
2233 1320 2327 1372 νῦν
2379 1322 2734 1391 κρατήσασαν
2783 1321 3061 1391 βασιλείαν
3118 1321 3324 1391 ταύτην
3369 1338 3454 1384 τις
3511 1324 3674 1375 ἐκλα-

2102 1411 2234 1479 ϐὼν,
2263 1412 2361 1482 τὴν
2394 1413 2470 1476 ὼς
2519 1413 2736 1483 άληθῶς
2766 1412 3081 1466 ἀποστόλων
3106 1412 3201 1466 καὶ
3241 1411 3537 1482 προφητῶν
3577 1413 3672 1466 καὶ

2105 1503 2400 1575 μαρτύρων
2434 1505 2704 1575 ὲκχέασαν
2732 1504 2962 1573 αἵματα,
2997 1503 3097 1557 οὐκ
3131 1503 3196 1557 ἂν
3237 1503 3523 1575 διαμάρτοι
3574 1501 3671 1558 τοῦ

2102 1596 2471 1665 προσήκοντος
2493 1610 2508 1626 ·
2540 1595 2636 1648 καὶ
2674 1594 2782 1663 γὰρ
2824 1593 3013 1665 ὥσπερ
3040 1587 3121 1656 εἷς
3153 1593 3312 1663 χορὸς
3348 1594 3444 1646 καὶ
3501 1608 3670 1664 στρα-

2099 1688 2190 1747 τὸς
2219 1688 2315 1742 καὶ
2347 1689 2443 1758 μία
2477 1689 2629 1752 πόλις
2651 1687 2892 1756 λέγεται,
2919 1687 3023 1740 κᾶν
3051 1685 3436 1753 ὑπαλλαγῶσιν
3461 1686 3513 1738 οἱ
3541 1685 3667 1738 ἀνα-

2099 1780 2435 1852 πληροῦντες
2461 1781 2664 1834 τούτων
2693 1781 2944 1842 ἕκαστον,
2979 1778 3122 1832 οὕτω
3151 1779 3243 1832 καὶ
3266 1777 3511 1849 βασιλεία
3539 1777 3658 1847 μία,

423 1869 571 1922 illius
647 1867 986 1924 eversionem
1044 1876 1098 1922 et
1148 1868 1458 1922 vastitatem
1535 1867 1828 1921 moliturus
1899 1865 1992 1920 sit.

2099 1845 2317 1936 κᾶν-είς
2352 1873 2578 1938 πολλοὺς
2619 1873 2846 1944 χρόνους
2902 1873 2998 1926 καὶ
3053 1845 3277 1934 τόπους-
3309 1845 3666 1941 κατακερμα-

419 1959 741 2030 Eapropter,
779 1971 837 2016 ut
869 1970 996 2015 ante
1031 1975 1249 2030 quoque
1290 1960 1495 2013 dirtnm
1526 1966 1630 2022 est,
1663 1958 1864 2012 rectius
1898 1971 1994 2026 per

415 2069 646 2122 regnum
696 2053 802 2108 boc
852 2052 1117 2120 accipitur
1171 2050 1321 2106 orbis
1373 2050 1688 2119 imperium,
1726 2048 1780 2101 in
1819 2063 1990 2103 unum

2097 1963 2339 2030 τίζηται.

415 2148 575 2216 quasi
609 2162 807 2215 corpus
831 2162 897 2201 ex
931 2146 1095 2201 variis
1131 2146 1414 2213 membris,
1458 2160 1577 2216 quzr
1604 2144 1717 2214 jam
1756 2143 1882 2198 inde
1933 2143 2002 2197 ab
2041 2141 2201 2199 initio
2255 2157 2428 2214 usque
2474 2141 2638 2197 modo
2655 2142 3004 2208 exstiterunt,
3055 2145 3345 2200 conﬂatum
3376 2158 3667 2214 rerumque

416 2241 675 2304 potitum.
713 2238 828 2294 lloc
870 2238 1016 2293 enim
1049 2239 1180 2293 illud
1241 2247 1349 2301 est,
1418 2237 1565 2308 quod
1601 2250 1789 2291 revera
1858 2235 2232 2305 apostolorum
2282 2246 2335 2290 et
2417 2237 2805 2304 prophetarum
2858 2245 2912 2290 et
2967 2245 3266 2306 martyrum
3335 2236 3656 2306 sanguinem

416 2330 610 2385 elIudit
657 2338 712 2385 et
765 2347 871 2384 non
913 2346 1017 2384 una
1053 2330 1234 2398 aliqua
1287 2328 1582 2398 singularis
1623 2328 1841 2384 civitas.
1884 2325 1987 2392 Qui
2029 2326 2193 2396 igitur
2217 2326 2406 2380 urbem
2436 2325 2576 2378 banc
2637 2341 2887 2392 magnam
2940 2326 3042 2381 hoc
3071 2342 3234 2382 sensu
3269 2328 3662 2395 interpretatus

418 2421 604 2482 fuerit,
646 2420 790 2474 haud
825 2419 980 2475 facile
1021 2421 1109 2476 ille
1140 2435 1171 2475 a
1202 2435 1370 2488 scopo
1429 2429 1524 2472 aut
1589 2419 1790 2473 decoro
1845 2417 2202 2472 aberraverit.
2240 2417 2452 2470 Etenim
2483 2425 2539 2469 ut
2601 2431 2745 2470 unus
2794 2417 3019 2482 chorus,
3051 2424 3105 2472 et
3171 2434 3312 2472 unus
3361 2419 3662 2485 exercitus,

418 2520 474 2564 et
503 2527 610 2565 una
626 2511 819 2567 civi-tas
840 2513 1060 2574 dicitur,
1089 2512 1301 2567 etiamsi
1328 2510 1640 2574 multitudo,
1669 2524 1790 2580 qua:
1840 2512 2268 2580 unumquodque
2301 2510 2529 2562 istorum
2591 2507 2959 2562 membrorum
3029 2510 3333 2576 constituit,
3368 2509 3660 2564 identidem

419 2601 782 2669 nmtetur;ita
805 2618 970 2656 unum
993 2603 1155 2657 etiam
1175 2617 1400 2671 regnum
1423 2600 1528 2656 dici
1549 2609 1747 2671 potest,
1776 2600 1992 2658 etiamsi
2024 2600 2081 2655 in
2147 2599 2316 2654 multa
2362 2598 2481 2653 loca
2530 2607 2584 2653 et
2634 2607 2879 2669 tempora
2931 2597 3302 2670 distinguatur
3340 2607 3394 2654 et
3451 2600 3663 2656 discin-

419 2694 602 2750 datur.

985 2803 1216 2863 CAPUT
1256 2807 1389 2863 LVI.

418 2941 496 2995 De
531 2951 836 2995 sanctorum
877 2942 1084 3010 hymnis
1129 2952 1178 2994 et
1209 2941 1476 3003 laudibus,
1513 2940 1811 3010 triplicique
1842 2939 1988 2994 Alle-

489 3013 624 3077 luia,
654 3014 1040 3092 qrcodqrropter
1071 3011 1374 3064 subversam
1415 3010 1738 3080 Babylonem
1785 3013 1989 3065 cecine-

488 3093 611 3134 ι·ιυιι
647 3093 841 3135 sancti.

484 3238 628 3302 XIX,
675 3239 780 3293 1-4.
821 3237 944 3292 Post
989 3239 1099 3294 [nec
1129 3241 1310 3295 audivi
1339 3240 1494 3311 quasi
1532 3255 1703 3294 vocem.
1741 3239 1990 3294 tubarum

415 3335 706 3386 multarunt
736 3332 786 3385 iu
811 3333 938 3385 cozlo
956 3333 1264 3398 dicentium,
1303 3332 1554 3397 Alleluia,
1609 3333 1724 3385 laus
1747 3340 1795 3386 et
1818 3331 1990 3401 gloria

415 3436 466 3476 et
495 3425 660 3476 virtus
690 3424 793 3476 Deo
833 3431 1011 3476 nostra
1041 3433 1117 3475 est
1146 3438 1164 3476 :
1211 3424 1335 3492 quia
1383 3439 1503 3476 vera
1528 3433 1576 3477 et
1597 3423 1747 3492 justa
1778 3423 1990 3492 judicia

416 3517 554 3581 ejus,
595 3517 684 3585 qui
709 3515 976 3584 judicavit
1007 3515 1070 3568 de
1103 3517 1372 3569 meretrice
1420 3533 1630 3585 magna,
1665 3531 1780 3579 qua:
1807 3531 1991 3569 corru-

417 3607 494 3673 pit
550 3615 749 3658 terram
794 3606 848 3657 in
889 3605 1263 3674 prostitutione
1305 3621 1441 3668 sua;
1477 3613 1526 3658 et
1561 3605 1843 3658 vindicavit
1873 3620 1994 3658 san-

416 3697 628 3766 guinem
677 3702 946 3750 servorum
1005 3712 1226 3750 suorum
1298 3696 1362 3750 de
1430 3696 1672 3750 manibus
1743 3697 1877 3760 eius.
1920 3696 1989 3750 Et

416 3789 608 3841 iterant
651 3789 923 3850 dixerunt,
983 3787 1218 3840 Alleluia
1253 3803 1270 3840 :
1305 3797 1353 3841 et
1387 3788 1563 3857 fumus
1599 3788 1710 3856 ejus
1753 3790 1990 3843 ascendit

417 3881 471 3933 in
507 3879 702 3932 sa'cnla
738 3879 1076 3933 liaculorum.
1121 3877 1188 3930 Et
1217 3881 1514 3932 reciderunt
1543 3881 1723 3950 viginti
1761 3891 1990 3949 quatuor

417 3976 688 4038 seniores,
756 3983 804 4025 et
866 3980 1097 4042 quatuor
1157 3972 1452 4038 animalia,
1527 3984 1574 4025 et
1637 3974 1987 4026 adoraveruut

418 4065 585 4116 Deum
641 4065 902 4116 sedentem
956 4077 1114 4133 super
1154 4061 1420 4128 thronum,
1461 4064 1720 4130 dicentes,
1770 4065 1932 4117 Amen
1969 4078 1989 4118 :

416 4155 670 4210 Alleluia.

489 4439 602 4494 Vox
641 4437 891 4502 Alleluia,
916 4438 1154 4492 divinam
1184 4437 1435 4505 laudem;
1463 4453 1567 4492 vox
1591 4445 1770 4492 autem
1800 4439 1983 4499 Amen,

417 4547 554 4594 vere,
621 4539 715 4584 aut
781 4530 899 4598 fiat,
945 4530 1266 4599 signiﬁcat:
1307 4540 1536 4598 utraque
1568 4533 1716 4596 {vero
1769 4537 1987 4596 pmpter

416 4607 582 4675 unam
614 4619 874 4673 Deitatem
905 4620 960 4674 in
995 4620 1171 4674 tribus
1201 4619 1474 4688 personis,
1509 4619 1683 4674 Patris
1706 4617 1989 4684 nimirum,

412 4725 474 4770 et
509 4711 654 4778 Filii,
692 4721 747 4766 et
778 4711 1016 4782 Spiritus
1043 4711 1238 4776 sancti,
1271 4711 1664 4766 subsistentem
1699 4707 1989 4776 trifariam,

420 4821 546 4860 eum
585 4807 652 4859 ab
695 4806 955 4876 angelicis
1015 4806 1333 4868 virtutibus,
1396 4812 1508 4856 tttm
1557 4803 1626 4856 ab
1677 4802 1990 4859 hominibus

420 4914 642 4970 quoque
666 4900 926 4968 angelica:
947 4898 1204 4970 puritatis
1247 4895 1478 4959 aemulis,
1509 4895 1576 4950 ad
1605 4894 1775 4950 Deum
1807 4906 1989 4952 trans-

421 4992 677 5045 mittitur.
731 4989 977 5044 Laudant
1014 5000 1199 5043 autem
1265 4988 1340 5040 illi
1379 4985 1571 5049 Deum,
1603 4986 1748 5058 quod
1799 5003 1986 5042 servo-

419 5100 540 5138 rum
571 5097 795 5138 suorum
829 5081 1150 5152 sanguinem
1185 5079 1250 5133 de
1279 5093 1442 5131 manu
1477 5076 1772 5149 Babylonis
1808 5080 1987 5133 vindi-

420 5176 646 5240 caverit,
696 5173 1056 5242 ejusdemque
1099 5171 1435 5226 lmbitatores
1470 5185 1565 5238 per
1594 5172 1985 5239 temporarium

420 5267 721 5320 cruciatum
771 5263 1037 5317 benelicie
1085 5260 1350 5326 all‘ecerit,
1405 5261 1605 5331 quippe
1625 5263 1716 5331 qui
1743 5263 1854 5332 jam
1884 5263 1986 5317 ali-

419 5367 689 5426 quatenus
745 5354 944 5423 puniti,
981 5353 1401 5406 moderatiorem
1444 5353 1497 5407 in
1549 5353 1731 5408 futuro
1785 5356 1986 5410 sterulo

419 5463 635 5517 umnam
670 5444 852 5501 daturi
882 5453 1025 5507 sunt,
1059 5451 1320 5496 arternant
1352 5453 1531 5498 tamen
1562 5462 1575 5510 ;
1614 5444 1872 5512 peccandi
1905 5445 1986 5499 la-

419 5541 619 5591 cultate
637 5550 862 5606 prorsus
883 5534 1082 5589 orbati.
1108 5533 1262 5600 Quod
1285 5543 1465 5589 autem
1488 5549 1733 5590 accensae
1751 5535 1987 5591 civitatis

419 5627 598 5696 fumus
627 5629 680 5680 in
702 5627 897 5681 swcula
923 5627 1234 5680 sa‘culorum
1259 5627 1494 5680 ascettdil
1513 5668 1529 5694 ,
1561 5626 1692 5682 illud
1717 5637 1986 5683 tormenta

418 5718 540 5786 ejus
569 5733 848 5786 nunquam
886 5717 1046 5772 linem
1081 5718 1350 5783 habitura,
1385 5734 1564 5788 neque
1590 5719 1704 5773 ullo
1736 5735 1984 5789 unquam

421 5819 665 5880 tempore
691 5811 744 5866 in
779 5810 1104 5867 oblivionem
1142 5820 1392 5879 ventura,
1429 5812 1628 5866 innuit.

2653 2799 2907 2853 ΚΕΦΑΛ.
2935 2796 3081 2865 Ner.

2091 2932 2230 3001 Περὶ
2264 2931 2376 3000 τῆς
2410 2929 2532 2983 τῶν
2560 2931 2744 3001 ᾀγιων
2781 2930 3097 3001 ,ὑμνῳδίας
3135 2929 3250 3001 καί-
3272 2929 3380 2983 τοῦ
3412 2931 3663 2992 τριπλοῦ

2163 2999 2529 3065 (tumcum,
2564 3000 2709 3068 ὅπερ
2764 2999 2862 3052 ἐπὶ
2903 2999 2976 3068 τῇ
3009 2999 3349 3067 καθαιρέσει
3385 3001 3662 3053 Βαϐυλώ-

2159 3090 2266 3139 νος
2288 3071 2544 3139 ᾄδουσιν
2581 3067 2655 3140 [οι
2681 3069 2882 3140 arma]

2165 3227 2272 3284 Καὶ
2297 3229 2449 3297 μετὰ
2478 3227 2664 3281 ταῦτα
2695 3225 2932 3294 ἤκουσα
2963 3223 3163 3294 φωνῆς
3202 3227 3389 3296 ὄχλου
3422 3233 3540 3283 πολ
3554 3231 3656 3284 λοῦ

2093 3319 2160 3372 ἐν
2186 3317 2264 3384 τῷ
2285 3318 2520 3387 οὐρανῷ
2556 3317 2861 3387 λεγόντων
2888 3331 2902 3346 '
2955 3317 3323 3383 Ἀλληλοὺΐα
3346 3335 3360 3349 ο
3393 3319 3430 3387 ἡ
3473 3334 3635 3387 σωτη
3660 3352 3663 3353 ν

2085 3405 2190 3474 pla
2219 3407 2315 3458 καὶ
2353 3405 2391 3472 ή
2421 3403 2589 3468 δόξα,
2628 3403 2746 3476 [καί
2769 3405 2807 3472 ἡ
2840 3402 3002 3475 τιμὴ]
3036 3403 3132 3456 καὶ
3165 3405 3203 3472 ἡ
3237 3404 3488 3476 δύναμις
3518 3407 3661 3480 [Κυ-

2085 3495 2195 3562 ρίῳ
2225 3493 2304 3558 τῷ
2336 3492 2455 3558 Θεῷ
2488 3491 2654 3561 ἡμῶν
2761 3493 2848 3546 ὅτι
2879 3493 3153 3558 ἀληθιναὶ
3193 3495 3290 3548 καί
3334 3494 3550 3550 δίκαιαι
3597 3500 3662 3550 al

2090 3584 2321 3652 κρίσεις
2349 3583 2536 3637 αὐτοῦ
2557 3601 2570 3614 ·
2605 3583 2692 3636 ὅτι
2721 3584 2918 3651 ἔκρινε
2941 3581 3055 3649 τὴν
3081 3583 3315 3650 πόρνην
3340 3584 3455 3653 τὴν
3480 3586 3660 3656 μεγά-

2091 3679 2228 3743 λην,
2260 3675 2392 3743 ἣτις
2423 3675 2718 3744 διέφθειρε
2749 3673 2863 3742 τὴν
2893 3672 3011 3742 γῆν
3029 3673 3097 3726 ἐν
3139 3673 3213 3742 τῇ
3243 3678 3489 3744 πορνείᾳ
3547 3680 3656 3732 αὑ-

2092 3768 2202 3837 τῆς
2223 3785 2236 3798 ·
2267 3767 2363 3821 καί
2392 3766 2710 3834 ἐξεδίκησε
2737 3766 2804 3819 τὸ
2828 3763 2971 3834 αἷμα
2994 3764 3112 3819 τῶν
3127 3767 3363 3820 δούλων
3381 3769 3568 3824 αὐτοῦ
3588 3771 3658 3824 ἐκ

2091 3859 2200 3928 τῆς
2224 3859 2422 3926 χειρὸς
2457 3847 2674 3924 αὐτῆς.
2701 3855 2807 3910 Καὶ
2839 3855 3122 3922 δεύτερον
3157 3855 3488 3924 εἰρήκασιν·
3525 3859 3662 3912 Ἀλο

2091 3952 2374 4017 ληλούΐα.
2421 3947 2529 4003 Καὶ
2582 3951 2615 4002 ὁ
2670 3947 2900 4012 καπνὸς
2937 3945 3170 4018 [αὐτῆς]
3215 3948 3519 4003 ἀναϐαίνει
3571 3954 3663 4016 εἰς

2090 4043 2233 4109 τοὺς
2252 4042 2468 4108 αἰῶνας
2507 4040 2626 4095 τῶν
2650 4040 2878 4094 αἰώνων
2900 4055 2916 4070 ο
2946 4040 3044 4094 καὶ
3075 4040 3305 4094 ἔπεσον
3341 4043 3396 4094 οἱ
3432 4045 3623 4096 εἰκοσι
3639 4071 3659 4082 -η

2090 4137 2387 4204 τέσσαρες
2409 4136 2798 4203 πρεσὸύτεροι
2846 4134 3044 4188 καὶτὰ
3073 4135 3348 4202 τέσσαρα
3370 4126 3500 4200 ζῶα,
3553 4138 3660 4191 καὶ

2090 4225 2562 4290 προσεκύνησαν
2610 4223 2690 4290 τῷ
2726 4221 2846 4289 Θεῷ
2894 4224 2973 4288 τῷ
3012 4224 3322 4292 καθημένῳ
3351 4224 3446 4279 ἐπὶ
3503 4223 3661 4300 [τοῦ]

2090 4316 2328 4382 θρόνου.
2350 4315 2638 4384 λέγοντες
2657 4330 2670 4344 ⁸
2711 4315 2908 4384 Ἀμὴν,
2946 4316 3301 4382 ἀλληλούϊα,

2161 4406 2233 4458 Τὸ
2268 4406 2366 4476 μὲν
2440 4408 2826 4475 Ἀλληλούὶίι,
2869 4406 3012 4460 θεῖον
3069 4403 3214 4461 αἶνον
3259 4409 3514 4478 σημαίνει
3544 4425 3558 4440 ο
3597 4411 3661 4462 τὸ

2019 4479 2067 4538 D
2093 4496 2148 4548 δὲ
2195 4496 2402 4566 Ἀμὴν,
2469 4498 2726 4566 ἀληθῶς,
2760 4498 2792 4569 ἢ
2832 4499 3063 4567 γένοιτο
3090 4517 3103 4530 ο
3141 4501 3284 4570 ειπερ
3307 4500 3498 4564 κοινῶς
3521 4501 3581 4554 ἐκ
3595 4519 3662 4554 τε

2091 4587 2200 4640 τῶν
2229 4589 2539 4656 ἀγγελικῶν
2571 4591 2874 4664 δυνάμεων,
2904 4591 2966 4645 ἔκ
3001 4610 3058 4646 τε
3086 4593 3196 4646 τῶν
3230 4591 3532 4662 ίσαγγέλων
3559 4595 3662 4648 ἀν-

2093 4677 2349 4748 θρώπων,
2383 4679 2459 4750 τῷ
2485 4679 2602 4751 Θεῷ
2627 4698 2794 4752 φησιν
2823 4681 3244 4754 ἀναπέμπεσθαι
3283 4683 3537 4754 τρισσῶς,
3572 4685 3664 4739 διὰ

2091 4772 2190 4842 τὴν
2219 4773 2652 4842 τρισυπόστατον
2689 4772 2833 4847 [τοῦ]
2860 4775 3069 4844 [ἰατρὸς
3095 4774 3209 4846 [καὶ
3235 4773 3354 4847 τοῦ]
3402 4764 3529 4829 Ῡίοῦ
3565 4779 3665 4832 καὶ

2090 4864 2244 4932 ἁγίου
2281 4863 2597 4935 ηνεύματος
2631 4866 2838 4917 ἑνιαίαν
2865 4864 3095 4937 θεότητα
3127 4881 3141 4896 ⁸
3168 4868 3249 4920 ὅτι
3287 4866 3384 4920 καὶ
3425 4867 3486 4920 τὸ
3518 4862 3664 4937 αἷμα

2089 4956 2194 5009 τῶν
2223 4957 2421 5009 δούλων
2452 4955 2620 5010 αὐτοῦ
2667 4959 2729 5009 ἐκ
2785 4955 2930 5028 [τῆς]
2971 4959 3154 5029 χειρός
3220 4958 3534 5022 Βαὸυλῶνος
3575 4961 3664 5026 ἐξ·

2096 5046 2336 5116 εδίκησε,
2364 5048 2456 5100 καὶ
2487 5048 2614 5110 τοὺς
2643 5047 2812 5117 αὐτῆς
2831 5047 3123 5117 οἰκήτορας
3153 5046 3239 5100 διὰ
3261 5046 3359 5117 τῆς
3389 5047 3664 5111 κολάσεως

2088 5139 2476 5210 εὐηργέτησεν,
2509 5138 2750 5209 ἐκκοπὴν
2795 5143 2893 5209 τῆς
2944 5140 3220 5211 ἁμαρτίας
3262 5140 3662 5210 ἐργασάμενος.

2087 5232 2185 5284 Διὰ
2209 5231 2262 5284 δὲ
2293 5230 2386 5283 τοῦ
2443 5233 2529 5295 εἰς
2552 5230 2771 5297 αἰῶνας
2817 5230 3047 5284 αἰώνων
3075 5230 3183 5285 τὸν
3235 5231 3472 5286 καπνὸν
3516 5233 3664 5287 ἀνα·

2089 5321 2313 5374 σαίνειν
2333 5321 2434 5392 τῆς
2475 5322 2701 5388 πόλεως,
2742 5321 2997 5393 δηλοῦται
3044 5322 3078 5393 ἦ
3130 5322 3188 5375 τὸ
3218 5324 3296 5386 είς
3323 5323 3384 5375 τὸ
3410 5323 3664 5394 διηνεκὲς

2088 5414 2196 5466 τῶν
2226 5413 2570 5466 ἐπελθουσῶν
2598 5415 2735 5484 αὐτῇ
2765 5414 3042 5468 κολάσεων
3086 5415 3444 5486 ἁνεπίληστον
3467 5431 3480 5445 ·
3529 5415 3563 5487 ἢ
3600 5416 3666 5469 τὸ

2092 5505 2334 5574 μερικῶς
2389 5505 2561 5575 αὐτὴν
2599 5497 2815 5558 ’δοῦσαν
2886 5506 3061 5573 δίκας,
3129 5506 3499 5576 μετριωτέρας
3535 5507 3664 5577 μὲν,

2091 5596 2327 5659 αἰωνίως
2355 5597 2409 5649 δὲ
2447 5598 2596 5668 ὅμως
2627 5598 2683 5648 ἐν
2708 5595 2784 5666 τῷ
2809 5596 3054 5668 μέλλοντι
3089 5597 3548 5670 κολασθήσεσθαι.
