4042 6598
431 433 536 501 405

1379 435 1986 498 COMMENTARIUS
2027 433 2108 494 IN
2145 433 2670 494 APOCALYPSIN.

3554 425 3666 488 408

425 550 524 600 xiii
549 545 785 614 λέγεται,
806 545 900 599 καὶ
929 544 1142 598 δεῖπνον
1173 543 1321 614 αὐτῷ
1354 547 1739 616 περιπόθητον,
1771 544 1852 616 [τὸ
1877 545 2007 597 πάν-

2112 551 2166 597 ct
2199 542 2437 596 voluntas
2467 541 2653 610 placiti
2685 537 3019 610 appellatur;
3068 545 3121 591 ct
3152 550 3306 590 omna
3342 550 3499 604 quam
3535 539 3679 589 desi-

422 636 546 708 τας]
567 635 882 707 ἀνθρώπους
916 631 1331 707 σωθῆναί[ὲστι]
1349 636 1442 689 καὶ
1466 639 1544 700 είς
1563 637 1853 704 ἐπίγνωσιν
1875 635 2008 704 ἀλη-

425 730 576 791 θείας
611 729 808 792 ὲλθείν,
850 727 946 781 καὶ
970 728 1296 798 ἐπιστρέψαι
1326 730 1418 782 καὶ
1460 729 1558 798 ζῇν
1585 729 1801 791 αὐτούς.
1838 727 1909 780 Τὸ
1950 729 2008 780 δὲ

420 821 697 889 δεύτερον,
726 819 788 872 τὸ
821 819 1149 888 κολασθῆναι
1185 821 1310 882 τοὺς
1337 821 1548 884 ἑαυτοῖς
1589 819 2007 888 ὲπισπωμένους

421 913 524 983 τὴν
561 913 806 966 κόλασιν.
836 913 910 966 Τὸ
933 914 1114 967 τοίνυν
1145 915 1411 986 πατρικδν
1441 911 1654 982 θέλημα
1693 913 1720 964 6
1773 911 2007 982 Χριστὸς

413 1003 654 1072 βρῶσιν
701 1004 931 1058 οἰκείαν
981 1006 1231 1060 ἐκάλεσε.
1281 1006 1452 1058 Τοῦτο
1504 1005 1683 1056 τοίνυν
1738 1005 2003 1068 ἐνταῦθα,

421 1095 671 1148 δεῖπνον
705 1095 853 1149 Θεοῦ
891 1095 1217 1164 ὀνομάζεται
1244 1111 1258 1125 ο
1311 1094 1685 1164 τυγχανόντων
1731 1093 1884 1166 [τῶν]
1916 1097 2008 1148 ἁν-

423 1185 685 1255 θρώττων,
727 1179 801 1240 ῶν
831 1186 1061 1250 ἕκαστος
1104 1186 1172 1240 δι’
1195 1186 1374 1257 ἔργων
1420 1186 1822 1257 ἐπεθύμησενῆ
1855 1187 2009 1257 βασι-

423 1274 578 1340 λείας
606 1277 639 1346 ἢ
670 1277 958 1348 τιμωρίας.
992 1279 1092 1330 Διά
1116 1277 1172 1330 δὲ
1201 1278 1299 1348 τῆς
1331 1275 1586 1347 βρώσεως
1617 1277 1725 1330 τῶν
1785 1277 2006 1347 σαρκῶν

425 1368 755 1438 σημαίνεται
788 1369 817 1420 ό
850 1368 956 1420 τῶν
987 1369 1267 1438 σαρκικῶν
1299 1369 1517 1424 πάντων
1549 1369 1873 1439 ἀφανισμὸς,
1911 1370 2004 1422 καὶ

420 1461 458 1530 ὴ
491 1461 596 1521 τῶν
625 1462 869 1531 ἀρχικῶν
905 1463 998 1515 ἐπὶ
1032 1464 1132 1532 γῆς
1171 1463 1450 1533 ὀνομάτων
1477 1463 1737 1534 ἔκλειψις.
1775 1465 2002 1517 Ἵππων

418 1551 478 1604 δὲ
506 1553 799 1623 μέμνηται,
840 1553 937 1624 οὐχ
966 1553 1040 1617 ώς
1079 1555 1258 1608 αὐτῶν
1292 1555 1747 1626 ἀναστησομένων
1793 1553 1850 1627 [ἦ
1880 1573 2005 1625 κρι-

418 1642 782 1716 θησομένων,]
806 1645 940 1698 ἀλλὰ
961 1646 1051 1700 διὰ
1075 1647 1173 1717 μὲν
1196 1647 1420 1713 τούτων,
1443 1647 1476 1719 ἢ
1502 1649 1626 1711 τοὺς
1649 1647 2000 1717 θηλυμανεῖς,

417 1737 454 1806 ἢ
480 1736 605 1800 τοὺς
639 1737 1050 1806 ὑποϐεϐηκότας
1081 1741 1144 1809 τῇ
1186 1739 1440 1811 πονηρία,
1475 1739 1508 1811 ἦ
1543 1740 1637 1792 καὶ
1669 1740 1955 1811 ἀμφότερα
1983 1780 1997 1804 ,

416 1827 504 1879 διὰ
528 1828 583 1880 δὲ
614 1828 721 1880 τῶν
749 1830 1044 1884 ἐπιϐατῶν
1069 1830 1271 1893 αὐτῶν,
1295 1833 1420 1894 τοὺς
1449 1834 1505 1884 ὲν
1529 1833 1698 1903 κακίᾳ
1732 1830 1998 1902 προῦχον-

422 1936 516 1980 ta;
575 1921 966 1990 αἰνιττόμενος.
1025 1923 1090 1974 ⁸⁵0
1130 1923 1222 1975 καὶ
1262 1924 1616 1993 παρακατιὼν
1668 1925 1997 1994 ἐσαφήνισεν
2033 1929 2035 1986 ί

414 2009 588 2062 εἰπών
613 2027 628 2041 ο
677 2011 1038 2078 Ἐλευθέρων
1070 2029 1134 2065 τε
1161 2013 1256 2066 καί
1290 2013 1558 2080 δούλων,
1587 2015 1864 2082 μεγάλων
1901 2013 1998 2067 καί

417 2101 640 2168 μικρῶν
660 2117 675 2130 ’
707 2101 795 2155 διὰ
822 2102 923 2173 μὲν
961 2103 1068 2155 τῶν
1100 2103 1428 2172 ἐλευθέρων
1452 2105 1544 2158 καὶ
1571 2105 1676 2158 τῶν
1699 2105 1995 2176 μεγάλων,

422 2192 540 2254 τοὺς
593 2192 792 2260 μᾶλλον
853 2192 1272 2258 ὲξουσιαστικῶς
1318 2196 1769 2265 ἁμαρτάνονταςο
1808 2197 1896 2249 διὰ
1941 2197 1999 2249 δὲ

422 2281 526 2334 τῶν
555 2281 790 2335 δούλων
830 2284 924 2335 καὶ
967 2283 1075 2337 τῶν
1109 2283 1358 2353 μικρῶν,
1389 2288 1512 2348 τοὺς
1547 2280 1708 2356 ἦττον
1741 2286 1998 2356 πλημμε-

419 2373 642 2437 Αοῦντας
662 2414 678 2438 ,
709 2375 742 2446 ἢ
787 2375 928 2430 κατὰ
972 2375 1197 2448 γνώμην
1219 2417 1235 2445 ,
1276 2377 1309 2448 ἦ
1359 2377 1481 2432 καθ’
1511 2378 1760 2451 ἠλικίαν,
1793 2379 1825 2449 ἦ
1861 2378 2000 2432 κατά

419 2465 720 2522 ἀσθένειαν.

493 2817 602 2872 Kal
624 2813 789 2872 εἶδον
803 2818 868 2872 τὸ
892 2819 1118 2887 θηρίον,
1141 2819 1238 2875 καί
1263 2819 1404 2886 τοὺς
1419 2820 1701 2888 ,ϐασιλεῖς
1731 2821 1840 2889 τῆς
1868 2820 2000 2891 γῆς,

423 2905 521 2958 καί
553 2905 626 2960 τὰ
653 2907 1066 2976 στρατεύματα
1113 2907 1315 2964 αὐτῶν
1352 2911 1708 2980 συνηγμένα
1753 2911 2002 2979 ποιῆσαι

423 2997 692 3065 πόλεμον
714 2997 865 3066 μετὰ
892 2997 999 3053 τοῦ
1025 2998 1366 3068 καθημένου
1391 3001 1490 3054 ἐπὶ
1523 3001 1630 3055 τοῦ
1661 3003 1871 3068 ἵππου,
1905 3002 2003 3055 καὶ

420 3087 573 3157 μετὰ
600 3087 704 3142 τοῦ
728 3090 1172 3159 στρατεύματος
1197 3091 1405 3146 αὐτοῦ.
1559 3093 1562 3097 ’

499 3178 639 3243 Τοὺς
670 3179 728 3234 δὲ
751 3180 829 3252 τῷ
865 3181 1096 3252 διαϐόλῳ
1131 3183 1662 3254 συστρατευομένους
1722 3183 2004 3256 [στρατεύ-

433 3268 604 3341 ματα]
631 3270 1006 3342 πληθυντικῶς
1029 3273 1328 3346 ὀνομάσας,
1353 3274 1442 3327 διὰ
1472 3274 1534 3328 τὸ
1567 3274 1882 3346 πολυσχιδὲς
1912 3276 2009 3347 τῆς

430 3360 710 3432 ἁμαρτίας
753 3363 847 3416 καὶ
877 3363 1210 3437 διῃρημένον
1249 3366 1342 3418 καὶ
1376 3365 1733 3436 πολύγνωμον
1759 3381 1774 3397 ⁸
1807 3368 2008 3438 καίπερ

429 3450 715 3521 ἐλάχιστον
765 3453 928 3525 μέρος
959 3453 1066 3506 τῶν
1097 3454 1405 3523 ἀγγελικῶν
1452 3455 1734 3526 δυνάμεων
1769 3459 1863 3510 καὶ
1901 3458 2008 3510 τῶν

433 3543 735 3614 ισαγγέλων
769 3544 1074 3618 ἀνθρώπων
1107 3547 1477 3617 ὑπάρχοντας,
1517 3549 1643 3614 τοὺς
1674 3548 1752 3620 τῷ
1790 3550 2010 3622 Χριστῷ

429 3635 752 3705 ἑπομένους,
783 3635 980 3700 ἑνικῶς
1011 3637 1327 3709 στράτευμα
1363 3639 1799 3710 προσηγόρευσε,
1830 3641 1918 3695 διὰ
1949 3642 2011 3695 τὸ

427 3725 528 3795 τῆς
547 3724 772 3797 γνώμης
794 3727 994 3783 ἑνιατον
1021 3727 1234 3801 θέλημα
1260 3728 1357 3801 τῆς
1394 3729 1529 3800 πρὸς
1553 3729 1646 3784 τὸν
1676 3730 1808 3786 Θεὸν
1837 3733 2010 3801 Λόγον

431 3815 860 3890 εὐαρεστήσεως.

500 3997 608 4053 Kal
629 3997 885 4066 ἐπιάσθη
908 3996 974 4052 τὸ
994 3999 1222 4068 θηρίον,
1249 3999 1347 4054 καί
1367 4001 1497 4069 μετ’
1520 4001 1706 4055 αὑτοῦ
1731 4004 1762 4056 ό
1791 4001 2011 4070 ψευδο-

430 4089 774 4160 προφήτης,
802 4093 835 4144 ό
865 4090 1128 4159 ποιήσας
1152 4092 1222 4145 τὰ
1251 4091 1470 4158 σημεῖα
1507 4093 1766 4147 ἐνώπιον
1802 4095 2010 4160 αὐτοῦ,

429 4178 500 4233 ἐν
535 4175 625 4245 οἷς
652 4179 964 4248 ἐπλάνησεν
988 4181 1132 4249 τοὺς
1169 4183 1467 4248 λαϐόντας
1491 4185 1558 4237 τό
1599 4183 1871 4254 χάραγμα
1906 4185 2012 4238 τοῦ

432 4271 640 4339 θηρίου
668 4272 768 4326 καί
796 4273 937 4338 τοὺς
963 4274 1464 4342 προσκυνοῦντας
1490 4274 1565 4343 τῇ
1595 4276 1780 4329 εικόνι
1805 4275 2010 4330 αὐτοῦ.

433 4362 495 4420 El
543 4367 640 4415 καὶ
692 4362 770 4434 τῷ
802 4363 1013 4434 Σωτῆρι
1047 4365 1266 4436 Χριστῷ
1296 4358 1442 4419 οὗτοι
1473 4368 1568 4419 σὺν
1624 4369 1738 4430 τοῖς
1787 4366 2016 4437 πειθαρ-

431 4453 665 4524 χήσασιν
697 4454 880 4518 αὐτοῖς
905 4455 1183 4526 βασιλεῦσι
1213 4459 1308 4511 καὶ
1337 4459 1597 4528 ἄρχουσιν
1629 4459 2011 4523 ἀντετάξαντοο

2114 636 2264 689 derat
2312 633 2391 687 vel
2448 632 2714 697 maxime,
2760 639 2842 685 est
2883 637 2945 685 ut
2998 645 3188 684 omnes
3246 628 3494 682 homines
3540 627 3677 680 salvi

2114 726 2263 789 ﬁant,
2295 735 2349 779 ct
2381 725 2444 778 ad
2482 724 2726 778 veritatis
2757 721 3083 794 agnitionem
3115 720 3364 782 veniant,
3402 719 3683 774 conversi-

2111 833 2217 886 que
2247 817 2310 871 ad
2341 815 2510 870 Deum
2546 823 2808 870 mternum
2863 813 3067 868 vivant.
3112 812 3442 868 Secundaria
3500 821 3681 865 autent

2109 915 2163 960 et
2193 905 2348 975 quasi
2379 920 2720 974 consequens
2754 912 2854 965 est,
2889 903 3024 956 velle
3053 917 3145 957 eos
3181 903 3392 970 punire,
3423 901 3515 969 qui
3547 913 3682 967 sup-

2110 999 2256 1069 plicii
2287 1013 2510 1053 causam
2551 997 2789 1066 sibiipsis
2826 995 2970 1050 ultro
3007 995 3338 1048 asciverunt.
3379 991 3546 1060 Igitur
3581 1005 3678 1058 pa.

2111 1099 2318 1142 ternum
2371 1088 2700 1142 voluntatem
2759 1085 3014 1141 Christus
3059 1083 3229 1137 cibum
3280 1098 3431 1134 suum
3486 1089 3680 1141 vocat;

2108 1181 2354 1233 eamdem
2398 1187 2578 1232 autem
2609 1178 2712 1232 hoc
2761 1177 2883 1232 loco
2933 1191 3091 1230 caena:
3145 1173 3366 1228 nomine
3413 1171 3683 1238 designat.

2109 1270 2414 1325 Mortalium
2445 1285 2606 1340 porro
2636 1268 3010 1339 unusquilibet
3054 1266 3106 1322 id
3139 1263 3512 1334 consequitur,
3542 1260 3687 1333 quod

2109 1377 2205 1432 per
2238 1377 2401 1432 opera
2435 1371 2683 1430 expetere
2711 1360 2973 1427 visusest
2996 1399 3010 1424 ,
3044 1372 3270 1428 regnum
3306 1355 3562 1410 nimirum
3592 1362 3687 1408 aut

2107 1453 2434 1524 supplicium
2465 1461 2748 1507 aeternum.
2786 1451 3052 1507 Caeterum
3085 1465 3180 1520 per
3229 1465 3400 1504 escam
3447 1449 3688 1500 carnium

2107 1543 2410 1600 carnalium
2437 1544 2681 1598 omnium
2705 1544 2960 1598 interitus
2983 1543 3273 1607 indicatur,
3295 1540 3688 1608 nominumqne

2107 1636 2469 1705 principatum
2506 1634 2558 1688 in
2595 1643 2735 1688 terra
2768 1633 3130 1688 obtinentium
3163 1632 3415 1687 defectio.
3447 1629 3691 1684 Meminit

2107 1734 2284 1780 autem
2316 1742 2566 1796 equorum
2592 1765 2606 1789 ,
2653 1739 2758 1778 non
2810 1725 2953 1794 quod
2992 1726 3094 1793 ipsi
3129 1724 3259 1777 olim
3296 1723 3405 1778 sint
3434 1722 3688 1776 exsusei‘

2108 1817 2258 1871 tandi
2296 1826 2390 1872 aut
2431 1817 2742 1888 judicandi;
2775 1817 2868 1872 sed
2917 1818 3176 1886 quoniam
3221 1832 3315 1886 per
3347 1817 3470 1870 illos
3511 1817 3685 1870 deno-

2105 1917 2291 1964 lantnr
2314 1911 2561 1966 homines
2581 1911 2754 1966 instar
2771 1911 3128 1980 petulantium
3151 1924 3417 1980 equorum
3444 1909 3688 1970 salaces;

2107 2010 2202 2055 aut
2233 2002 2472 2071 nequitia
2503 2017 2633 2057 sane
2673 2017 2779 2056 non
2820 2003 2891 2056 ita
2925 2001 3168 2070 insignes
3190 2043 3204 2069 ,
3243 2012 3335 2055 aut
3368 2000 3585 2070 utrique
3617 2001 3691 2055 si-

2108 2093 2241 2146 mul.
2273 2092 2374 2146 Per
2411 2109 2710 2146 ascensores
2742 2103 2921 2146 autem
2963 2093 3176 2146 illorum
3251 2091 3324 2145 illi
3363 2091 3690 2144 adumbran-

2108 2191 2220 2248 tur,
2252 2184 2345 2253 qui
2373 2184 2778 2254 prmeminentis
2810 2184 3030 2238 malitia:
3070 2182 3417 2238 exstiterunt.
3457 2180 3512 2234 Id
3545 2182 3691 2250 quod

2108 2273 2209 2329 hoc
2244 2274 2361 2342 ipso
2387 2289 2604 2343 quoque
2634 2273 2832 2339 innuit,
2856 2275 2983 2328 dum
3021 2289 3143 2328 mox
3183 2272 3370 2327 addit:
3405 2271 3690 2325 liberorum

2106 2374 2156 2419 et
2195 2381 2484 2428 servorum,
2519 2381 2828 2432 magnorum
2875 2376 2922 2418 et
2958 2377 3259 2431 parcorum.
3318 2362 3421 2418 Per
3472 2377 3689 2429 magnos

2107 2450 2252 2505 enim
2285 2460 2338 2506 et
2367 2451 2558 2506 liberos
2615 2453 2738 2507 illos
2772 2453 3009 2507 insinuat
3040 2453 3132 2522 qui
3165 2453 3356 2522 majori
3383 2461 3605 2521 peccato
3636 2460 3693 2505 et

2109 2551 2418 2612 contemptu
2451 2555 2806 2613 peccaverunt
2843 2562 2855 2598 :
2888 2559 2980 2614 per
3006 2560 3181 2598 servos
3207 2552 3386 2597 autem
3409 2552 3459 2598 ct
3482 2559 3690 2610 parvos,

2109 2632 2200 2701 qui
2237 2633 2452 2698 minori,
2490 2634 2571 2688 vel
2613 2644 2834 2704 propter
2875 2644 3086 2689 aetatem
3114 2676 3128 2699 ,
3162 2643 3256 2688 aut
3283 2644 3504 2704 promer
3537 2635 3692 2688 inlir-

2111 2722 2378 2787 mitatem,
2408 2723 2493 2776 vel
2528 2723 2688 2777 etiam
2723 2734 2945 2794 propter
2978 2724 3143 2777 animi
3175 2723 3468 2793 judicium.

2180 2812 2326 2875 XIX,
2361 2813 2447 2869 l9.
2480 2813 2542 2868 Et
2573 2816 2678 2868 ridi
2715 2814 2933 2869 bestiam
2966 2827 3012 2868 et
3053 2832 3196 2885 reges
3238 2825 3422 2878 terrw,
3450 2824 3500 2868 et
3531 2830 3688 2868 exer-

2110 2906 2245 2958 citus
2274 2922 2450 2959 eorum
2485 2917 2826 2978 congregatos
2862 2909 2930 2960 ad
2960 2908 3259 2976 faciendum
3288 2909 3531 2976 prta/ium
3571 2925 3690 2961 cum

2110 2995 2204 3049 illo
2233 2997 2322 3066 qui
2350 2996 2561 3051 sedebat
2597 2999 2650 3051 in
2684 3015 2834 3068 equo,
2864 3008 2911 3052 et
2940 3015 3056 3052 cum
3078 3001 3309 3051 exercitu
3339 2999 3473 3066 ejus.

2184 3171 2284 3237 Qui
2315 3171 2416 3227 sub
2451 3171 2670 3227 diabolo
2701 3171 2968 3242 stipendia
3007 3172 3241 3237 faciunt,
3280 3171 3400 3226 illos
3441 3171 3688 3226 mllllllu-

2113 3261 2256 3316 dinis
2275 3277 2505 3316 numero
2533 3262 2684 3317 eﬂ'erl
2708 3274 2930 3333 propter
2954 3264 3198 3317 diversas
3225 3262 3432 3332 peccati
3461 3261 3689 3326 formas,

2111 3354 2575 3425 multiplicemque
2606 3357 2946 3426 peccantium
2983 3358 3310 3411 sententiam.
3354 3365 3408 3410 ct
3441 3357 3693 3409 volunta-

2113 3455 2220 3502 tem
2248 3466 2262 3516 ;
2295 3464 2416 3504 cum
2451 3458 2633 3504 tamen
2666 3449 3036 3519 angelicarum
3071 3449 3351 3513 Virtutum,
3377 3449 3693 3502 hominum-

2112 3555 2219 3610 que
2257 3540 2573 3611 angelorunt
2623 3542 2914 3611 puritatem
2962 3541 3370 3607 aemulantium,
3410 3541 3690 3594 minimam

2111 3641 2319 3701 partem
2350 3642 2655 3703 cxmquent.
2686 3633 2884 3704 90M
2913 3648 3006 3688 eos
3038 3633 3132 3703 qui
3155 3633 3430 3687 Christum
3460 3647 3696 3702 sequun-

2116 3733 2224 3789 tur,
2251 3725 2515 3796 singulari
2550 3741 2780 3781 numero
2807 3727 3094 3780 exercitum
3123 3733 3301 3788 vocat,
3334 3732 3553 3794 propter
3581 3724 3696 3779 sine

2114 3816 2356 3884 gularem
2391 3818 2730 3872 voluntatum
2790 3818 3212 3872 consensionem
3241 3855 3256 3882 ,
3304 3816 3697 3871 sententiaque

2115 3906 2208 3961 Dei
2239 3905 2418 3963 Verbo
2445 3918 2609 3979 gratae
2635 3908 3100 3979 conjuncrionem.

2184 3999 2327 4066 XIX,
2355 4001 2444 4056 20.
2475 4001 2542 4055 Et
2565 4002 2883 4071 apprehensa
2913 4013 2987 4056 est
3012 4002 3197 4067 bestia,
3221 4010 3269 4054 et
3291 4017 3406 4054 cum
3440 4016 3501 4054 ea
3537 4015 3696 4068 pseu-

2115 4092 2457 4163 dopropheta,
2489 4095 2578 4163 qui
2608 4095 2730 4154 fecit
2773 4096 2925 4164 signa
2958 4110 3137 4146 coram
3169 4093 3320 4162 ipsa;
3349 4108 3443 4160 per
3464 4107 3581 4161 qua:
3614 4107 3696 4144 se-

2115 4185 2268 4238 duxit
2300 4201 2385 4238 eos
2417 4188 2506 4254 qui
2534 4198 2842 4252 acceperunt
2879 4185 3235 4239 characterem
3280 4183 3459 4238 bestiae
3481 4223 3494 4248 ,
3525 4191 3574 4236 et
3606 4183 3696 4252 qui

2118 4275 2466 4330 adoraverunt
2505 4265 2780 4347 imaginem
2805 4277 2940 4342 eius.

2189 4366 2300 4421 Etsi
2336 4368 2565 4424 istl-duo
2594 4385 2716 4423 cum
2743 4369 2960 4438 regibus
2993 4377 3045 4421 et
3075 4366 3411 4436 principibus
3441 4365 3533 4434 qui
3563 4365 3696 4434 ipsis

2117 4458 2516 4528 obsequuntur,
2536 4460 2751 4515 Christo
2775 4459 3050 4514 Servatori
3097 4458 3385 4523 obsistunt,
3414 4458 3696 4526 aciemque

431 4546 545 4600 ἀλλ’
576 4547 877 4618 ἀμφότεροι
907 4549 1231 4620 ἡττηθέντες
1254 4592 1266 4614 ,
1297 4552 1326 4604 ὃ
1348 4569 1407 4604 τε
1454 4552 1818 4623 ’Δντίχριστος
1857 4552 1953 4606 καὶ
1985 4554 2007 4605 ό

2119 4561 2307 4606 contra
2342 4551 2492 4604 illum
2525 4551 2766 4620 dirigant
2799 4569 2814 4616 ;
2854 4551 3014 4604 ambo
3045 4559 3248 4614 tamen,
3292 4563 3486 4618 nempe
3537 4564 3698 4618 pseu-

429 4637 904 4712 ψευδοπροφήτης,
937 4641 964 4694 6
1013 4643 1264 4712 σημείοις
1304 4643 1397 4696 καὶ
1429 4643 1618 4713 τέρασι
1653 4646 1887 4711 ποιήσας
1921 4646 2015 4697 τόν

376 4727 386 4735 ’
433 4729 724 4783 ἀπατεῶνα
751 4731 1181 4802 εὐπαράδεκτον,
1218 4733 1323 4788 ὑπὸ
1351 4735 1446 4802 τῆς
1480 4734 1627 4798 θείας
1653 4737 1821 4806 ὀργῆς
1856 4753 2016 4788 κατα·

433 4820 824 4892 λαμϐάνονται.

505 5004 737 5072 Ζῶντες
759 5005 1178 5074 ,ϐληθήσονται
1198 5010 1250 5062 οἱ
1273 5006 1382 5060 δύο
1406 5007 1494 5071 είς
1513 5004 1627 5074 τὴν
1653 5007 1879 5076 λίμνην
1908 5007 2010 5061 τοῦ

436 5097 647 5164 πυρὸς.
672 5098 788 5165 τὴν
813 5098 1138 5168 καιομένην
1157 5099 1226 5154 ἐν
1255 5098 1382 5172 [τῷ]
1413 5101 1569 5164 θείῳ.

507 5192 668 5254 Εἰκὸς
709 5191 806 5260 μὲν
840 5191 932 5244 οὖν
953 5234 967 5256 ,
1003 5192 1078 5255 ώς
1116 5187 1261 5246 οὗτοι
1291 5194 1382 5246 τὸν
1427 5195 1605 5247 κοινὸν
1636 5195 1738 5246 οὐκ
1773 5193 2011 5265 ἀποθνή-

441 5298 628 5336 σκουσι
661 5282 910 5347 θάνατον,
943 5283 1056 5336 ἀλλ’
1092 5286 1148 5337 ὲν
1190 5287 1321 5354 ῥιπῇ
1353 5283 1632 5354 ὀφθαλμοῦ
1669 5284 2010 5339 ἀπαθανατι-

440 5371 676 5444 ζόμενοι,
716 5375 795 5446 τῷ
839 5375 1078 5448 δευτέρῳ
1125 5376 1339 5446 θανάτῳ
1390 5379 1456 5448 τῇ
1507 5376 1673 5448 λίμνῃ
1715 5377 1808 5430 τοῦ
1841 5378 2012 5448 πυρὸς

439 5466 909 5530 καταδικάζονταιο
937 5467 1013 5532 ῶς
1039 5484 1202 5538 φησιν
1225 5471 1253 5521 6
1297 5467 1621 5530 Ἀπόστολος
1656 5470 1784 5540 περὶ
1813 5469 2012 5539 ἐτέρων

439 5559 503 5614 οὐ
558 5559 1049 5631 κοιμηθησομένων
1091 5560 1220 5630 μὲν,
1268 5560 1825 5631 μεταλλαγησομένων
1855 5561 1910 5614 δὲ
1956 5564 2012 5614 έν

437 5650 626 5721 ἀτόμῳ
655 5648 756 5722 Ιὲν]
785 5653 916 5722 ῥιπῇ
967 5650 1267 5720 ὀφθαλμοῦ.
1302 5651 1412 5705 Καὶ
1439 5645 1583 5706 οὗτοι
1645 5651 1744 5720 μὲν
1820 5649 2008 5724 [εἰκὸς]

441 5737 520 5799 είς
545 5738 727 5809 κρίσιν
758 5737 1087 5793 ἐλεύσονται·
1119 5741 1167 5792 οἱ
1200 5739 1256 5793 δὲ
1289 5741 1552 5811 παρόντες
1580 5739 1743 5812 [δύο],
1782 5742 1857 5805 ώς
1882 5742 2010 5794 δυσο

447 5827 627 5894 σεϐεῖς
669 5830 762 5885 καὶ
804 5829 1060 5900 ἀντίθεοι,
1095 5831 1196 5887 οὐκ
1225 5834 1304 5898 εἰς
1335 5835 1549 5905 κρίσιν,
1583 5833 1696 5887 ἀλλ’
1732 5835 1810 5898 είς
1839 5834 2010 5889 κατά-

2117 4641 2426 4696 dochristus
2472 4650 2525 4696 et
2572 4641 3084 4710 pseudopropheta,
3141 4640 3232 4709 qui
3294 4653 3388 4708 per
3437 4637 3592 4706 signa
3643 4646 3697 4690 cl.

2117 4740 2364 4800 portenta
2389 4731 2673 4801 imposlori
2708 4731 3043 4786 Antichristo
3066 4730 3230 4793 viam,
3261 4739 3316 4782 ut
3339 4729 3693 4796 reciperetur.

2118 4821 2478 4888 muniveram,
2510 4823 2771 4892 superati,
2809 4836 2837 4876 a
2875 4822 3056 4876 divina
3102 4823 3180 4876 ira
3223 4820 3697 4891 comprehendun-

2119 4922 2228 4966 ΙυΓ.

2198 5003 2312 5057 γίιεὶ
2358 5005 2504 5057 missi
2535 5014 2654 5058 sunt
2688 5004 2740 5057 hi
2787 5004 2892 5059 duo
2928 5005 2981 5057 in
3015 5016 3257 5074 stagnant
3290 5005 3427 5074 ignis
3461 5004 3696 5057 ardentis

2116 5095 2386 5163 sulphure.

2186 5186 2390 5241 Forsan
2424 5188 2476 5242 hi
2503 5186 2609 5242 duo
2630 5203 2975 5244 communem
3006 5196 3234 5242 mortem
3268 5203 3374 5241 non
3401 5195 3691 5258 oppetent;

2115 5295 2303 5333 verum
2331 5279 2382 5332 in
2418 5288 2690 5334 momento
2720 5280 2898 5334 ictuve
2927 5279 3070 5334 oculi
3101 5279 3381 5343 exstincti,
3413 5287 3694 5345 morteque

2116 5372 2355 5426 secunda
2388 5370 2754 5435 condemnati,
2793 5372 2857 5424 ad
2887 5371 3130 5426 ardentis
3159 5370 3296 5440 ignis
3333 5370 3509 5424 lacum
3549 5369 3694 5421 ahrt-

2117 5465 2365 5532 piantur;
2410 5464 2870 5534 quemadmodum
2922 5465 3217 5534 Apostolus
3262 5463 3329 5517 de
3362 5461 3694 5531 quihusdam

2116 5556 2381 5626 loquitur,
2441 5557 2533 5626 qui
2586 5572 2692 5610 non
2739 5564 2867 5611 sunt
2921 5555 3247 5618 dormituri,
3290 5553 3383 5608 sed
3431 5553 3693 5622 temporis

2114 5651 2270 5720 quasi
2308 5661 2508 5719 puncto
2538 5662 2592 5705 et
2632 5650 2772 5704 oeuli
2807 5650 2954 5704 uictu
2992 5649 3336 5703 immutandi.
3387 5647 3603 5702 Interim
3637 5645 3692 5702 Ιιί

2115 5743 2178 5796 ad
2198 5742 2463 5810 judicium
2490 5742 2702 5796 venturi
2730 5751 2885 5806 sunt;
2921 5742 3030 5796 duo
3071 5756 3199 5796 vero
3229 5749 3544 5811 praesentes,
3571 5749 3693 5795 tan.

2113 5850 2276 5905 quant
2309 5833 2457 5904 impii
2482 5833 2697 5905 Dcoque
2723 5835 2969 5902 rebelles,
3002 5849 3108 5890 non
3136 5835 3187 5889 in
3209 5833 3475 5905 judicium
3503 5847 3690 5887 exsur-
