4034 6600
1047 14 1484 28 “*_.#
1503 13 1670 22 -σ-έ-ι--ρ-
1691 16 1704 20 .-
1725 16 1732 18 -
1753 17 1820 22 .___

417 470 522 536 411

1617 472 1942 532 ΑΝΒΒΕίΕ
1972 471 2226 531 CAESAR
2244 470 2491 531 lENSIS

3570 469 3676 532 612

493 581 614 647 llic,
644 579 985 650 magistrates
1039 577 1314 632 cathedra:
1337 577 1478 632 datae
1523 576 1743 633 fuerunt
1783 578 1990 631 sanctis

2167 578 2272 628 Καὶ
2301 577 2401 647 ἤδη
2446 576 2544 646 μὲν
2577 575 2686 640 τοῖς
2735 576 2912 644 ἁγίοις
2953 576 3271 641 ἀποστόλοις
3304 577 3678 632 διδασκαλικοὶ

420 673 707 739 apostolis,
743 685 839 740 per
865 685 1003 739 quos
1033 679 1221 737 gentes
1251 668 1373 722 fidei
1411 668 1590 722 lumen
1623 676 1949 736 acceperunt
1976 680 1991 720 :

418 764 494 817 ibi
531 773 736 824 autem.
777 777 969 832 nempe
1006 762 1059 815 in
1104 761 1288 815 futuro
1311 760 1528 818 sarculo.
1566 759 1721 828 juxta
1752 758 1992 812 divinam

421 856 878 924 promissionem,
928 855 1047 909 alia:
1097 854 1204 907 illis
1253 853 1684 920 assignabuntnr
1725 850 1902 914 sedes,
1943 851 1994 904 in

415 960 608 998 eorum
653 945 920 1013 judicium
945 953 1000 998 et
1030 943 1540 997 condemnationem
1593 939 1684 1008 qui
1724 941 2000 1009 evangeli-

421 1053 541 1086 vam
579 1036 1021 1103 pra-dicationem
1041 1036 1485 1104 repudiaverunt.
1508 1033 1610 1095 Ibi,
1629 1033 1775 1086 canit
1802 1035 1992 1096 David,

419 1125 764 1177 ascenderunt
840 1125 1048 1188 tribus,
1112 1125 1278 1175 tribus
1337 1122 1569 1184 Domini,
1639 1123 1996 1174 testimonium

426 1214 603 1269 Israel
631 1219 696 1270 ’⁵⁹.
753 1217 816 1270 Et
849 1228 1034 1285 postea
1055 1255 1070 1279 ,
1103 1214 1365 1280 Quoniam
1416 1214 1524 1266 illic
1558 1215 1801 1266 sederunt
1850 1214 1994 1266 sedes

424 1308 478 1360 in
495 1308 704 1376 judicio
737 1309 802 1363 ‘°.
837 1307 976 1372 Quin
1011 1306 1234 1374 reliquis
1264 1320 1481 1374 quoque
1508 1305 1718 1360 sanctis
1744 1305 1997 1374 martyri-

425 1400 550 1458 bus.
583 1399 677 1466 qui
710 1414 808 1464 pro
841 1397 1062 1451 Christo
1097 1407 1325 1450 mortem
1363 1397 1601 1466 perpessi
1639 1408 1786 1461 sunt,
1819 1413 1998 1466 neque

424 1490 670 1557 tnystieze
699 1487 905 1549 bestiaz,
935 1487 1028 1555 qui
1053 1486 1306 1541 diabolus
1337 1497 1443 1552 est,
1471 1489 1865 1552 characterem,
1893 1489 1996 1544 hoc

421 1588 509 1631 est
549 1578 845 1646 imaginem
882 1578 1173 1648 apostasia:
1225 1578 1392 1643 illius,
1436 1587 1816 1648 susceperunt,
1850 1579 1994 1648 judi-

423 1667 585 1722 eandi
639 1677 878 1737 potestas
937 1668 1062 1722 data
1097 1680 1217 1734 est;
1276 1685 1563 1740 perquam
1604 1672 1899 1735 daemones,
1937 1679 1996 1723 ut

424 1757 496 1812 ob
533 1759 724 1812 oculos
780 1758 1046 1826 videmus,
1094 1757 1343 1825 judicare
1375 1776 1480 1814 non
1515 1760 1790 1823 desinunt,
1826 1775 1998 1827 usque

423 1846 494 1901 ad
523 1848 808 1917 praesentis
843 1849 1022 1903 saeculi
1059 1851 1588 1905 consummationem
1619 1867 1742 1905 enm
1777 1851 1995 1906 Christo

422 1939 746 2007 glorificati;
801 1956 831 1992 a
899 1940 1001 2008 piis
1063 1957 1278 1994 rursum
1343 1943 1562 2010 regibus
1641 1943 1995 2012 fidelibusque
2031 1923 2068 1976 Β

424 2030 766 2099 principibus
796 2031 1045 2092 adorati;
1076 2040 1130 2092 et
1153 2032 1339 2085 divina
1371 2034 1606 2102 denique
1637 2035 1834 2088 virtute
1861 2049 1996 2089 con-

425 2131 508 2175 tra
543 2137 759 2175 omnem
785 2137 1074 2190 corporum
1103 2123 1377 2184 morbum.
1416 2124 1774 2196 fraudemque
1805 2137 1859 2181 et
1889 2128 1994 2180 vim

424 2212 735 2267 daantonutn
781 2215 1080 2282 conspicuo
1119 2215 1326 2269 donati.
1381 2216 1644 2271 Caeterum
1677 2219 1823 2288 quod
1876 2220 1996 2273 dia-

422 2304 584 2360 holus
610 2313 664 2359 et
694 2305 1064 2361 Antichristus
1095 2318 1147 2360 et
1180 2308 1658 2378 psendOpropheta
1692 2312 1999 2366 communi-

425 2405 552 2451 cent
580 2411 689 2452 non
727 2400 890 2454 modo
917 2401 1194 2468 operibus,
1244 2416 1430 2454 verum
1463 2401 1622 2454 etiam
1659 2403 1994 2468 nominibus,

425 2488 558 2544 illud
592 2505 656 2542 ex
703 2505 768 2544 eo
798 2490 1150 2544 manifestum
1188 2499 1291 2556 est,
1327 2492 1470 2560 quod
1502 2494 1870 2562 unusquilibet
1902 2496 1999 2549 llO-

424 2596 549 2635 rum
602 2581 906 2651 appelletur
957 2582 1154 2648 bestia,
1206 2582 1484 2651 similique
1533 2584 1717 2637 habitu
1768 2597 1996 2640 ornatus

426 2683 711 2729 cernatur.
745 2671 880 2727 Nam
915 2683 968 2727 et
1002 2674 1162 2726 draco
1195 2674 1310 2729 sive
1353 2672 1610 2738 Satanas,
1648 2687 1851 2742 septem
1903 2693 1997 2732 ca-

426 2765 538 2833 pita
573 2774 623 2819 et
654 2765 840 2825 decem
878 2779 1104 2830 cornua,
1131 2781 1252 2819 cum
1288 2773 1372 2819 tot
1433 2765 1755 2821 diadematis
1787 2765 1998 2822 deferre

425 2857 651 2922 visitur;
686 2865 738 2911 et
765 2857 952 2921 bestia,
991 2871 1112 2926 qua:
1148 2871 1212 2909 ea:
1252 2858 1388 2910 mari
1421 2857 1692 2920 ascendit,
1739 2857 1996 2912 nimirum

424 2948 825 3010 Anticliristus.
864 2947 1029 3002 simili
1067 2950 1346 3002 schemate
1383 2950 1617 3003 vestitus
1658 2949 1712 3002 in
1760 2949 1996 3003 medium

425 3039 651 3110 prodire
702 3041 1091 3110 conspicitur:
1147 3051 1195 3095 el
1246 3040 1722 3110 pseudopmpheta
1775 3041 1996 3094 tandem

421 3130 672 3184 eamdem
705 3146 831 3184 cum
866 3140 1104 3201 utroque
1130 3141 1365 3185 mentem
1399 3141 1452 3184 et
1478 3131 1585 3184 vim
1626 3130 1693 3184 ad
1733 3132 1999 3185 scducen-

424 3222 555 3276 dum
596 3233 649 3276 et
679 3223 1012 3292 perdendum
1059 3223 1259 3279 afferre
1303 3223 1751 3294 depreltemlitur.
1791 3222 1996 3274 Abbo-

2099 664 2279 734 θρόνοι
2321 665 2601 731 δέδονται,
2631 666 2700 719 δι’
2741 659 2817 719 ὧν
2860 665 2926 720 τὰ
2965 666 3092 736 ἔθνη
3133 667 3675 738 πεφωταγὼγηνται·

2097 757 2410 827 δοθήσονται
2457 757 2512 810 δὲ
2561 757 2700 810 κατὰ
2728 757 2827 827 τὴν
2871 758 3020 811 θείαν
3052 758 3346 830 ὑπόσχεσιν
3392 761 3486 814 καὶ
3514 763 3571 814 ὲν
3601 763 3676 831 τῷ

2101 846 2346 915 μέλλοντι
2371 845 2573 918 [αἰῶνι]
2600 849 2678 909 είς
2704 847 3034 916 κατάκρισιν
3063 851 3178 911 τοῖς
3202 850 3587 920 ἁπωσαμένοις
3616 853 3679 904 τδ

2097 938 2453 1005 εὐαγγελικδν
2477 943 2768 1008 κήρυγμα,
2814 939 2992 1000 καθώς
3022 957 3188 1010 φησιν
3217 943 3245 993 6
3277 942 3438 994 Δαυῖδ
3458 959 3472 973 ο
3523 943 3686 996 Ἐκεῖ

2096 1029 2207 1098 γὰρ
2233 1030 2540 1096 ἀνέϐησαν
2589 1034 2648 1084 at
2681 1031 2898 1099 φυλαὶ,
2943 1033 3128 1100 φυλαὶ
3161 1034 3383 1100 Κυρίου
3408 1075 3423 1097 ,
3455 1035 3680 1102 μαρτύ-

2089 1138 2228 1188 ριον
2265 1121 2342 1186 τῷ
2385 1123 2650 1191 Ἰσραήλ.
2692 1123 2802 1176 Kal.
2844 1123 3006 1190 ἐξῆς’
3053 1126 3178 1177 Ὅτι
3221 1125 3348 1178 ἐκεῖ
3387 1125 3685 1180 ἐκάθισαν

2098 1213 2296 1279 θρόνοι
2330 1215 2417 1278 εις
2449 1215 2670 1280 κρίσιν.
2703 1215 2813 1268 Ka't
2860 1217 2971 1277 τοῖς
3000 1215 3205 1278 λοιποῖς
3235 1216 3291 1268 δὲ
3321 1217 3497 1284 ἁγίοις
3539 1217 3683 1288 μάρ-

2097 1322 2241 1366 τυσι,
2275 1307 2386 1367 τοῖς
2410 1305 2550 1374 ὑπὲρ
2574 1304 2810 1374 Χριστοῦ
2838 1305 3090 1370 παθοῦσι,
3125 1307 3219 1359 καὶ
3255 1307 3331 1377 μὴ
3361 1307 3703 1377 δεξαμένοις·

2097 1395 2159 1448 τὸ
2182 1395 2270 1448 τοῦ
2307 1395 2498 1463 νοητοῦ
2529 1396 2718 1466 θηρίου
2756 1395 2850 1449 τοῦ
2880 1396 3132 1450 διαϐόλου
3163 1397 3448 1468 χάραγμα,
3479 1399 3679 1472 δηλαδὴ

2097 1485 2194 1555 τὴν
2232 1485 2414 1538 εἰκόνα
2464 1486 2562 1555 τῆς
2611 1486 2776 1538 αὐτοῦ
2829 1486 3200 1548 ἀποστασίας,
3257 1487 3411 1558 ἐδόθη
3462 1490 3675 1558 κρῖμα·

2097 1577 2377 1629 τουτέστιν
2411 1577 2626 1643 ἐξουσία
2655 1577 2750 1631 τοῦ
2783 1577 3010 1647 κρίνειν⁸
3038 1578 3104 1631 δι’
3130 1572 3192 1632 οῦ
3219 1578 3480 1648 δαίμονας
3513 1580 3678 1650 μέχρι

2096 1667 2190 1720 τοῦ
2243 1667 2354 1732 νῦν,
2394 1667 2468 1730 ὡς
2522 1668 2756 1737 ὁρῶμεν,
2786 1668 3064 1738 κρίνουσι,
3116 1667 3563 1738 συνδοξαζόμενοι
3602 1669 3682 1740 τῷ

2097 1757 2316 1827 Χριστῷ
2350 1758 2511 1829 μέχρι
2539 1757 2683 1830 [τῆς]
2719 1759 3030 1821 συντελείας
3053 1757 3144 1811 τοῦ
3175 1759 3442 1827 παρόντος
3465 1759 3678 1824 αἰῶνος,

2100 1850 2204 1903 ὑπ’)
2239 1852 2508 1919 βασιλέων
2539 1851 2776 1904 εὐσεϐῶν
2827 1852 2922 1905 καὶ
2965 1851 3240 1920 ἀρχόντων
3268 1853 3472 1905 πιστῶν
3511 1869 3682 1923 προσο

2101 1941 2456 2008 κυνούμενοι’
2490 1940 2757 1994 καὶκατὰ
2809 1941 2988 2010 πάσης
3039 1942 3358 2010 σωματικῆς
3407 1944 3560 1995 νόσου
3588 1942 3684 1995 καὶ

2101 2032 2419 2102 δαιμονικῆς
2465 2033 2747 2101 ἐνεργείας
2804 2031 2902 2103 τὴν
2952 2032 3230 2085 θεόσδοτον
3287 2032 3516 2100 δύναμιν
3565 2035 3686 2086 ἐπι-

2100 2123 2458 2190 δεικνύμενοι.
2497 2125 2617 2176 ὐτι
2641 2123 2697 2174 δὲ
2724 2123 3072 2176 κοινωνοῦσιν
3104 2124 3352 2193 ἀλλήλοις
3387 2125 3414 2176 6
3437 2123 3683 2186 διάϐολος

2104 2213 2242 2285 [καὶ]
2266 2217 2293 2268 6
2335 2215 2702 2284 ’Λντίχριστος
2729 2256 2742 2279 ,
2785 2215 2878 2266 καὶ
2907 2215 2934 2266 6
2963 2214 3418 2285 ψευδοπροφήτης
3439 2255 3453 2280 ,
3494 2214 3685 2284 ὥσπερ

2101 2310 2221 2370 ταῖς
2253 2309 2536 2376 πράξεσιν,
2581 2306 2724 2361 οὕτω
2757 2308 2850 2360 καὶ
2887 2310 2998 2370 τοῖς
3037 2308 3287 2376 ὀνόμασι,
3313 2307 3470 2377 δῆλον
3512 2307 3571 2372 ἐξ
3609 2301 3684 2362 ὧν

2103 2400 2310 2466 θηρίον
2339 2399 2568 2462 ἕκαστος
2599 2397 2805 2451 τούτων
2837 2401 3328 2469 προσαγορεύεται,
3376 2399 3468 2452 καὶ
3496 2399 3559 2451 ὲκ
3588 2397 3683 2452 τοῦ

2099 2491 2192 2544 τὸν
2221 2490 2488 2559 δράκοντα
2523 2489 2599 2554 δὲ,
2629 2489 2829 2560 δηλαδὴ
2861 2489 2949 2542 τὸν
2978 2491 3245 2554 Σατανᾶν,
3278 2489 3416 2542 ἐπτὰ
3441 2488 3684 2558 κεφαλὰς

2103 2583 2196 2636 καὶ⁵
2223 2583 2354 2636 δέκα
2379 2581 2584 2650 κέρατα
2622 2582 2718 2634 σὺν
2753 2580 3022 2644 τοσούτοις
3053 2581 3348 2650 διαδήμασι
3383 2581 3685 2650 πεφηνέναι

2103 2675 2518 2744 ἐπιφερόμενον.
2555 2675 2663 2726 Καὶ
2707 2672 2767 2726 τὸ
2795 2673 2862 2726 ἐκ
2900 2671 3010 2740 τῆς
3053 2672 3357 2739 θαλάττης
3391 2673 3682 2726 ἀναϐαῖνον

2103 2765 2343 2834 θηρίον,
2369 2764 2566 2834 δηλαδὴ
2585 2763 2675 2815 τὸν
2717 2763 3111 2833 Ἀντίχριστον,
3143 2762 3220 2834 τῷ
3246 2763 3416 2834 ὁμοίῳ
3446 2761 3686 2831 φανῆναι

2104 2857 2364 2924 σχήματι,
2381 2855 2478 2926 τὴν
2499 2854 2666 2924 αὐτὴν
2692 2857 3109 2925 προσμαρτυρεῖ
3125 2853 3379 2925 [τούτοις]
3403 2853 3601 2924 βουλήν
3619 2869 3683 2906 τε

2103 2947 2194 2998 καὶ
2226 2945 2505 3014 ἐνέργειαν
2543 2945 2678 3013 πρὸς
2710 2945 2804 3012 τὴν
2836 2943 2944 2996 τῶν
2974 2945 3352 3013 ἁπατωμένων
3383 2941 3682 2999 ἀπώλειαν.

2103 3029 2208 3098 Ἷις
2237 3037 2286 3088 οἱ
2333 3035 2803 3106 ὲλευθεριάζοντες
2824 3075 2840 3100 ,
2873 3035 2950 3106 τῷ
2992 3036 3215 3106 Χριστῷ
3247 3035 3387 3090 κατὰ
3431 3036 3519 3090 τὸν
3553 3053 3686 3106 προ-

2101 3129 2360 3199 λεχθέντα
2381 3129 2580 3201 τρόπον
2595 3129 2755 3200 μέχρι
2773 3129 2872 3198 τῆς
2897 3129 3159 3199 δευτέρας
3183 3129 3348 3182 αὑτοῦ
3375 3129 3680 3200 παρουσίας

2105 3220 2631 3290 συμϐασιλεύσουσι,
2689 3221 2828 3291 μετὰ
2867 3221 3073 3292 ταύτην
3118 3223 3521 3294 περισσοτέρως
3568 3222 3680 3278 τῶν

425 3330 548 3368 rum
582 3323 764 3369 autem
811 3317 1090 3370 consortio
1135 3327 1189 3370 et
1221 3314 1412 3369 fraude
1453 3315 1633 3384 quise
1677 3321 1995 3368 exemerunt

2106 3312 2265 3366 θείων
2297 3313 2639 3382 ἐπαγγελιῶν
2665 3313 3084 3378 ἀπολαύσοντες.

424 3419 480 3464 et
526 3411 894 3476 vindicarunt,
937 3427 1064 3466 cum
1113 3412 1334 3466 Christo
1385 3410 1542 3480 juxta
1595 3409 1814 3464 modum
1867 3407 2030 3478 paulo
2053 3415 2180 3462 ante
2201 3410 2533 3478 expositum,
2576 3408 2844 3478 usquead
2892 3408 3193 3464 secundum
3215 3408 3362 3464 illius
3385 3409 3680 3464 adventum

425 3501 767 3572 regnabunt;
805 3513 926 3572 post
951 3502 1100 3556 illum
1129 3511 1334 3569 autem,
1365 3501 1564 3556 divinis
1597 3499 2060 3571 promissionibus
2099 3500 2468 3556 abundantius
2504 3502 2802 3570 potientur.

1041 3617 1272 3672 CAPUT
1303 3616 1462 3670 LXII.

425 3727 534 3799 93
571 3728 702 3795 Qua:
729 3729 796 3784 sit
829 3731 1005 3800 prima
1046 3731 1382 3852 resitr‘ti'ectio,
1409 3747 1528 3801 qua:
1568 3730 1692 3783 item
1736 3746 1877 3786 mors
1912 3747 1995 3785 se-

1086 3816 1185 3852 cun
1228 3817 1282 3852 a.

1086 3816 1282 3854 cunaa.

495 3909 619 3975 XX,
649 3908 700 3976 5,
734 3911 786 3965 6.
837 3909 1026 3966 Ceteri
1071 3926 1187 3964 vero
1227 3920 1552 3964 mortuorum
1589 3927 1690 3964 non
1735 3912 1998 3978 vixerunt,

425 4002 588 4056 donec
613 4012 1105 4056 consummarentur
1135 4002 1278 4055 mitte
1307 4004 1457 4057 anni.
1493 4002 1619 4057 llwc
1655 4013 1732 4057 est
1764 4020 1997 4057 resurre-

425 4095 532 4148 ctio
559 4095 753 4163 prima.
793 4093 991 4148 Beatus
1025 4105 1072 4147 et
1116 4105 1352 4158 sanctus,
1393 4096 1485 4164 qui
1511 4095 1662 4148 habet
1701 4107 1904 4164 partem
1942 4097 1996 4149 in

425 4185 808 4239 resurrectione
853 4186 1047 4249 prima.
1091 4184 1154 4238 In
1189 4187 1267 4238 Itis
1323 4202 1462 4238 mors
1492 4185 1722 4238 secunda
1756 4201 1859 4237 nun
1901 4184 1997 4237 Ita-

425 4275 506 4327 bet
536 4283 846 4343 potestatem
871 4289 890 4337 ,°
929 4272 1020 4326 sed
1047 4282 1198 4326 erunt
1223 4273 1517 4326 sacerdotes
1554 4271 1649 4324 Dei
1675 4278 1725 4324 et
1767 4269 1992 4334 Christi,

423 4373 474 4419 et
511 4363 800 4435 regnabant
819 4381 937 4418 cum
970 4364 1063 4418 illo
1089 4365 1232 4419 mille
1257 4367 1432 4418 annis.

497 4538 571 4593 Ex
617 4539 818 4596 divinis
867 4541 1084 4594 Litteris
1117 4542 1252 4594 duas
1302 4551 1514 4595 exstare
1558 4541 1718 4600 ritas,
1768 4546 1822 4592 et
1863 4538 1997 4590 duas

2682 3618 2933 3672 ΚΕΦΑΛ.
2975 3616 3092 3673 EB’.

2105 3731 2201 3796 Τίς
2227 3729 2399 3785 ἐστιν
2430 3729 2467 3798 ἡ
2501 3727 2699 3797 πρώτη
2726 3729 3080 3802 ἀνάστασις,
3116 3729 3214 3784 καί
3243 3730 3332 3798 τις
3355 3732 3388 3785 ό
3405 3729 3681 3802 δεύτερος

2749 3800 3026 3865 θάνατος.

2173 3917 2276 3971 Kal
2327 3920 2381 3972 οί
2425 3918 2625 3974 λοιποί
2682 3915 2802 3971 τῶν
2837 3911 3069 3983 νεκρῶν
3119 3915 3228 3970 οὐκ
3263 3913 3489 3984 ἔζησαν
3538 3915 3680 3986 ἄχρι

2095 4005 2353 4075 τελεσθῇ
2418 4008 2490 4062 τὰ
2545 4007 2709 4075 χίλια
2767 4005 2892 4072 ἐτη.
2951 4004 3112 4071 Αὕτη
3164 4005 3200 4071 ἡ
3253 4005 3592 4070 ἀνάστασις
3645 4006 3678 4072 ἡ

2096 4097 2314 4165 πρώτη·
2353 4097 2499 4169 [καὶ]
2519 4095 2810 4167 μακάριος
2840 4094 2938 4148 καί
2961 4093 3126 4162 ἅγιος
3161 4097 3193 4148 ό
3221 4095 3378 4164 ἔχων
3399 4094 3580 4164 μέρος
3611 4096 3681 4147 ἐν

2096 4187 2171 4256 τῇ
2193 4188 2525 4242 ἀναστάσει
2555 4187 2629 4255 τῇ
2661 4187 2878 4256 πρώτῃ.
2917 4186 3048 4239 Ἐπὶ
3079 4186 3304 4238 τούτων
3337 4189 3371 4239 d
3401 4185 3679 4252 δεύτερος

2097 4279 2353 4345 θάνατος
2382 4281 2493 4332 οὐκ
2525 4279 2648 4345 ἔχει
2685 4277 3012 4341 ἐξουσίαν’
3045 4276 3182 4330 ἀλλ’
3229 4276 3469 4330 ἔσονται
3503 4277 3678 4344 ιερεῖς

2105 4369 2213 4422 τοῦ
2259 4370 2405 4423 Θεοῦ
2453 4369 2550 4422 καὶ
2601 4369 2707 4423 τοῦ
2757 4367 3041 4438 Χριστοῦ,
3078 4365 3176 4421 καί
3225 4367 3679 4432 ,βασιλεύσουσι

2101 4461 2229 4529 μετ’
2257 4460 2442 4514 αὑτοῦ
2464 4461 2628 4528 χίλια
2653 4462 2778 4528 ἐτη.

2178 4552 2291 4605 Δύο
2338 4551 2483 4618 ζωὰς
2516 4554 2606 4604 καὶ
2643 4553 2751 4606 δύο
2793 4551 3137 4620 νεκρώσεις,
3187 4552 3355 4622 ἤγουν
3391 4550 3620 4605 θανάτου
3636 4569 3673 4614 τ,

423 4631 612 4688 itidem
655 4641 846 4685 mortes
887 4633 1198 4687 didicimus.
1238 4633 1420 4685 Prima
1468 4635 1573 4685 vita
1610 4641 1694 4685 est
1721 4631 1835 4694 illa,
1869 4648 1993 4700 qua:

2099 4647 2162 4698 ἐκ
2193 4643 2294 4712 τῆς
2336 4610 2486 4707 θείας
2528 4645 2752 4715 Γραφῆς
2793 4610 3178 4713 διδασκόμεθα.
3209 4610 3380 4696 ’Ἔστι
3427 4644 3608 4696 τοίνυν

423 4731 545 4793 post
577 4735 905 4794 prmceptum
950 4728 1019 4778 ab
1042 4725 1250 4777 Adamo
1287 4725 1540 4777 violatmn
1591 4723 1799 4791 reliqua
1857 4724 1990 4786 fuit,

421 4814 659 4870 carnalis
693 4815 878 4884 utique
916 4824 969 4868 et
1012 4815 1360 4884 temporaria.
1417 4815 1596 4869 Altera
1655 4824 1856 4869 aeterna
1891 4825 1993 4882 est,

423 4920 548 4975 quae.
579 4917 701 4975 post
741 4906 1054 4960 divinorum
1108 4893 1498 4974 praceptorum
1530 4906 1991 4973 observationem,

425 4998 634 5052 sanctis
661 4999 713 5052 in
744 4999 918 5052 altero
949 4997 1150 5051 sacculo
1176 4997 1533 5064 promittitur.
1569 4997 1712 5050 Mors
1743 4997 1994 5052 similiter

424 5091 628 5160 duplex
664 5101 748 5146 est
789 5109 804 5146 :
849 5108 978 5157 una,
1026 5089 1263 5146 carnalis
1294 5099 1348 5143 et
1377 5089 1703 5157 temporaria
1751 5108 1763 5142 :
1795 5091 1990 5154 altera,

422 5183 778 5250 Sempitcrna,
839 5199 961 5252 quae
1017 5183 1070 5236 in
1131 5191 1484 5251 peccatorum
1546 5180 1838 5235 vindictam
1898 5198 1993 5252 per

422 5275 738 5345 gehennam
775 5275 938 5345 ignis,
974 5274 1188 5342 aliaque
1215 5271 1269 5325 id
1306 5287 1478 5342 genus
1534 5281 1798 5325 tormenta
1849 5273 1988 5342 apud

424 5365 636 5421 inferos
666 5375 790 5436 post
840 5365 984 5418 hanc
1013 5365 1180 5418 vitam
1217 5362 1468 5418 infertur.
1518 5365 1654 5418 llinc
1695 5364 1805 5434 jam
1841 5381 1989 5418 mor-

425 5469 646 5512 tuorum
693 5458 987 5513 discrimen
1047 5457 1341 5526 colligitur.
1395 5457 1498 5509 Alii
1533 5456 1678 5510 enim
1738 5468 1865 5510 sunt
1905 5457 1984 5509 vi-

424 5548 612 5611 tandi,
671 5549 736 5602 ad
787 5563 928 5617 quos
962 5547 1092 5602 illud
1126 5549 1276 5603 Isaia:
1322 5557 1530 5618 spectat
1585 5567 1597 5602 :
1655 5546 1759 5612 Qui
1815 5560 1990 5601 autem

421 5641 617 5695 mortui
641 5651 788 5703 sunt,
829 5629 986 5693 vitam
1012 5657 1113 5695 non
1152 5642 1356 5694 videant
1387 5642 1452 5694 ⁶¹.
1515 5639 1800 5710 Ejusmodi
1859 5647 1988 5695 sunt

423 5734 517 5805 qui
555 5749 652 5804 per
699 5733 840 5790 fmda
897 5748 1062 5803 opera
1113 5733 1443 5789 cadaverum
1480 5731 1722 5798 fetorem,
1761 5747 1873 5800 prce
1925 5748 1984 5787 se

491 5877 541 5913 ⁸⁹
590 5876 732 5935 Psal.
794 5893 936 5947 cxx),
971 5877 1020 5933 4.
1132 5877 1176 5911 ⁶⁰
1206 5878 1336 5934 ibid.
1386 5876 1436 5932 5.
1517 5880 1556 5910 ⁵³
1591 5874 1694 5932 lsa.
1733 5892 1875 5946 xxvi,
1919 5876 1998 5932 M.

2099 4738 2199 4806 μὲν
2234 4736 2424 4807 πρώτη
2456 4735 2591 4808 ζωὴ,
2623 4740 2654 4809 ή
2682 4739 2818 4808 μετὰ
2841 4739 2940 4807 τὴν
2969 4738 3068 4806 τῆς
3088 4736 3308 4805 ἐντολῆς
3339 4735 3672 4806 παράϐασιν,

2097 4829 2430 4900 πρόσκαιρος
2463 4832 2557 4884 καὶ
2588 4832 2852 4901 σαρκική·
2893 4831 2925 4900 ή
2959 4829 3015 4882 δὲ
3053 4830 3192 4899 μετὰ
3237 4829 3337 4899 τὴν
3369 4827 3480 4881 τῶν
3514 4827 3674 4880 θείων

2092 4917 2185 4970 τοῦ
2238 4919 2472 4989 Χριστοῦ
2535 4920 2765 4972 ἐντολῶν
2820 4920 3051 4988 τήρησιν
3113 4917 3502 4987 ὲπηγγελμένη
3558 4919 3672 4980 τοῖς

2093 5009 2267 5077 ἁγίοις
2293 5008 2405 5080 ζωὴ
2453 5010 2691 5073 αἰώνιος.
2727 5010 2838 5062 Καὶ
2865 5009 3106 5064 θάνατοι
3133 5010 3189 5062 δὲ
3213 5011 3476 5074 ὡσαύτως
3501 5009 3616 5062 δύο·
3643 5013 3670 5064 6

2095 5101 2193 5168 μὲν
2229 5100 2327 5169 τῆς
2361 5101 2580 5170 σαρκὸς,
2616 5101 2944 5170 πρόσκαιρος
2968 5116 2981 5130 ·
3016 5103 3043 5154 6
3070 5101 3129 5154 δὲ
3157 5101 3225 5154 δι’
3253 5102 3670 5173 ἁμαρτημάτων

2091 5190 2294 5245 ἔκτισιν
2319 5193 2656 5261 ἐπαγόμενος
2685 5194 2741 5245 ὲν
2769 5191 2848 5262 τῷ
2880 5193 3165 5262 μέλλοντι,
3223 5194 3461 5258 αἰώνιος,
3496 5195 3670 5263 ὅσπερ

2088 5283 2232 5336 ἐστὶν
2266 5285 2298 5353 ή
2330 5283 2424 5337 τοῦ
2467 5285 2637 5354 πυρὸς
2663 5285 2878 5352 γέεννα.
2912 5286 3021 5338 Καὶ
3064 5284 3278 5356 νεκρῶν
3303 5285 3360 5339 δὲ
3399 5285 3667 5355 διαφορὰν

2086 5374 2446 5445 γινώσκομεν.
2502 5377 2564 5429 0i
2611 5377 2708 5446 μὲν
2753 5377 2863 5447 γὰρ
2900 5379 3123 5446 φευκτολ⁸
3181 5377 3335 5447 (περὶ
3377 5371 3452 5430 ὧν
3502 5394 3668 5444 φησιν

2103 5464 2347 5527 Ἡσαΐας·
2384 5465 2447 5517 Oi
2475 5464 2542 5518 δὲ
2568 5466 2766 5534 νεκροί
2822 5465 2974 5534 ζωὴν
3000 5467 3072 5520 οὐ
3102 5465 3188 5536 μὴ
3245 5467 3436 5520 ιὸωσιο
3468 5466 3666 5538 δηλαδὴ

2095 5554 2144 5606 οἱ
2176 5557 2293 5616 ταῖς
2324 5553 2551 5624 πράξεσι
2580 5556 2679 5622 τὴν
2704 5556 2967 5611 δυσωδίαν
2994 5560 3088 5610 καὶ
3119 5558 3216 5628 τὴν
3247 5559 3513 5628 νέκρωσιν
3547 5563 3666 5612 ἑπι-

2096 5645 2406 5717 φερόμενοι)
2429 5663 2442 5678 °
2471 5649 2519 5701 οἱ
2551 5648 2608 5701 δὲ
2651 5650 2955 5716 ὲπαινετοὶ,
2985 5652 3032 5702 οἱ
3063 5651 3119 5702 ἐν
3152 5649 3371 5721 Χριστῷ
3402 5650 3499 5714 τὰς
3529 5651 3666 5719 πρᾶο

2093 5732 2198 5799 ξεις
2232 5737 2323 5790 τοῦ
2359 5737 2606 5810 σώματος
2645 5738 3002 5805 θανατοῦντες
3022 5782 3036 5807 ,
3069 5741 3164 5795 καὶ
3193 5742 3242 5796 οἱ
3275 5740 3497 5814 Χριστῷ
3536 5758 3662 5794 συν-
