4042 6584
283 455 387 521 413

1227 447 1828 524 COMMENTARIUS
1871 465 1951 524 1N
1994 465 2521 527 APOCALYPSIN.

3413 469 3520 534 4M

279 570 680 639 εσταυρωμένοι
728 568 822 624 καὶ
869 568 948 640 τῷ
997 567 1184 638 κόσμῳ
1233 569 1605 639 νεκρούμενοι.
1654 573 1715 624 Οί
1755 571 1849 625 οὖν

1962 572 2160 626 ferunt.
2193 573 2298 626 Alii
2333 581 2512 625 autem
2549 570 2706 624 laude
2750 571 2895 641 digni
2932 581 3085 627 sunt.
3130 573 3264 643 Ejus
3318 580 3537 645 generis

278 662 718 729 ἀπηγορευμένοι
749 661 932 730 νεκροὶ
956 703 970 722 ,
1003 661 1051 713 οί
1088 659 1161 730 μὴ
1206 662 1571 729 συνταφέντες
1601 664 1696 714 καὶ
1728 679 1857 714 συν-

277 753 610 815 ἀναστάντες
639 751 759 823 [rip]
795 733 1015 822 Χριστῷ
1044 752 1130 804 διὰ
1156 750 1249 804 τοῦ
1280 751 1654 822 βαπτίσματος
1680 794 1694 815 ,
1722 752 1861 806 ἀλλά

278 847 342 912 τῇ
375 843 641 914 νεκρὼσει
660 844 768 896 τῶν
794 844 1206 912 ἁμαρτημάτων
1235 845 1614 912 ἐμμείναντες,
1638 847 1698 898 οὐ
1725 845 1860 908 ζῶσι

281 935 378 987 σὺν
423 934 571 1003 αὐτῷ
618 934 746 1004 ἄχρι
779 933 1077 987 τελεσθῶοι
1128 935 1272 1004 χίλια
1319 935 1449 1004 ἐτη*
1502 936 1779 987 τουτέστιν
1831 936 1861 988 ὁ

278 1024 483 1087 τέλειος
513 1025 766 1094 ἀριθμὸς,
797 1027 826 1078 ὁ
848 1025 954 1077 ἀπὸ
979 1026 1077 1093 τῆς
1105 1025 1329 1096 πρώτης
1360 1026 1522 1078 αὑτοῦ
1554 1027 1860 1096 παρουσίας

284 1113 445 1182 μέχρι
492 1113 592 1184 τῆς
635 1115 892 1182 δευτέρας
943 1116 1155 1181 ἐνδόξου
1195 1115 1382 1186 [αὑτοῦ
1425 1116 1747 1188 παρουσίας]
1787 1117 1862 1170 δι-

280 1207 450 1271 ήκων,
473 1204 549 1267 ὡς
577 1206 832 1276 ἀνωτέρω
861 1205 1076 1276 εἴρηται
1096 1207 1237 1259 ’ἀλλ’
1258 1209 1320 1259 ἐκ
1345 1207 1446 1274 γῆς
1479 1208 1644 1277 μόνης
1673 1225 1863 1278 γεννη-

281 1297 484 1359 θέντες,
518 1299 613 1350 καὶ
647 1298 748 1350 οὐκ
773 1299 836 1350 ὲκ
869 1298 1199 1366 πνεύματος,
1231 1301 1309 1361 είς
1339 1300 1443 1368 γῆν
1467 1299 1566 1370 τὴν
1593 1301 1860 1370 ἀποστρο-

281 1387 386 1454 ςὴν
414 1387 653 1457 ἔχουσιν.
699 1387 758 1441 Ὀ
782 1388 889 1458 γὰρ
928 1389 1152 1452 Θάνατος
1191 1389 1368 1442 αὐτῶν
1428 1390 1569 1460 ἀρχὴ
1599 1390 1698 1457 τῆς
1733 1390 1856 1458 μελ.

281 1478 480 1546 λούσης
530 1480 713 1542 αὐτοῖς
742 1480 1015 1543 κολάσεως
1046 1481 1280 1548 γίνεται.
1310 1481 1373 1532 Oi
1405 1480 1460 1532 δὲ
1494 1479 1658 1551 μέρος
1698 1481 1755 1531 ὲν
1790 1482 1858 1550 τῇ

281 1568 476 1641 πρώτῃ
497 1571 789 1624 ἀναστάσει
810 1570 1022 1641 ἔχοντες
1038 1611 1052 1634 ,
1077 1571 1354 1624 τουτέστιν
1383 1573 1440 1623 ὲν
1463 1574 1528 1640 τῇ
1555 1572 1767 1640 ὲγέρσει
1793 1573 1858 1640 τῇ

280 1663 344 1714 ἐκ
362 1661 472 1713 τῶν
501 1660 844 1714 θανατουσῶν
870 1661 1087 1715 ἐννοιῶν
1110 1661 1218 1733 [τε]
1240 1662 1332 1715 καὶ
1355 1663 1605 1732 πράξεων
1629 1662 1856 1732 νεκρῶν,

279 1746 424 1806 οὗτοι
446 1753 728 1823 μακάριοιο
750 1754 808 1807 οὐ
828 1754 934 1822 γάρ
958 1752 1067 1817 ἔξει
1089 1756 1180 1806 ἐπὶ
1200 1753 1406 1807 τούτων
1422 1754 1669 1820 ἐξουσίαν
1695 1756 1723 1806 ὁ
1744 1753 1860 1806 δεύ-

277 1861 434 1915 τερος
453 1843 704 1907 θάνατος,
731 1845 1006 1897 τουτέστιν
1027 1847 1059 1913 η
1083 1845 1432 1914 ἀτελεύτητος
1464 1846 1707 1907 κόλασιςο
1739 1844 1855 1898 ἀλλ’

283 1934 621 2006 ίερατεύουσι
646 1936 739 1988 καὶ
769 1935 1109 2006 βασιλεύουσι
1144 1937 1282 2004 μετά
1311 1935 1452 2008 [τοῦ]
1485 1937 1742 2007 Χριστοῦ,
1783 1936 1856 2001 ὡς
1890 1915 1932 1970 Β

279 2027 521 2099 ὁρῶμεν,
556 2028 625 2080 τά
659 2029 918 2094 νοηθέντα
951 2031 1083 2098 ἡμῖν
1113 2029 1260 2098 χίλια
1289 2029 1382 2098 ἔτη
1408 2071 1422 2094 ,
1455 2029 1616 2100 μέχρι
1645 2030 1736 2082 τοῦ
1766 2031 1856 2081 λυο

281 2117 440 2188 θῆναι
471 2120 564 2170 τὸν
599 2120 844 2172 Σατανᾶν
887 2120 978 2174 καὶ
1013 2119 1286 2188 πλανῆσαι
1337 2119 1560 2192 Ιπάντα]
1600 2121 1666 2174 τά
1697 2120 1819 2189 ἔθνη
1841 2137 1854 2152 ·

279 2210 378 2278 οὐχ
419 2209 498 2272 ὡς
545 2210 665 2263 τότε
709 2211 808 2281 τὴν
856 2210 1132 2280 βασιλείαν
1178 2212 1602 2281 ἀφαιρούμενοι·
1638 2212 1751 2265 ἀλλ’
1785 2213 1861 2275 ὼς

285 2300 649 2372 βεϐαιοτέρως
697 2303 866 2370 αὐτὴν
915 2304 1008 2355 καὶ
1055 2304 1476 2373 ὲμςςανεστέρως
1527 2304 1859 2374 κτησάμενοι

281 2393 347 2460 τῇ
399 2391 728 2462 παραδρομῇ
775 2391 884 2444 τῶν
926 2391 1309 2462 προσκαίρων,
1358 2394 1452 2446 καὶ
1504 2393 1721 2458 καθέξει
1754 2393 1860 2446 τῶν

283 2483 538 2536 αἰωνίων.
579 2483 786 2551 Ὀλίγος
813 2483 922 2552 γάρ
959 2486 987 2536 ὁ
1019 2483 1207 2552 χρόνος
1241 2483 1268 2536 ὁ
1300 2484 1436 2552 μετὰ
1463 2484 1560 2554 τὴν
1607 2484 1702 2536 τοῦ
1742 2483 1861 2537 δια-

283 2571 440 2624 ϐόλου
463 2571 618 2624 λύσιν
644 2573 806 2642 μέχρι
829 2574 926 2641 τῆς
959 2573 1080 2626 κατ’
1105 2572 1268 2626 αὑτοῦ
1293 2575 1616 2642 ἀποφάσεως
1645 2574 1739 2626 καὶ
1760 2574 1860 2642 τῆς

284 2663 344 2716 ἐν
370 2663 568 2736 γεέννῃ
595 2664 888 2726 κολάσεως.
923 2665 1086 2716 Ὥστε
1120 2665 1199 2728 τὸ,
1235 2667 1510 2718 Ἔσονται
1552 2666 1726 2732 Ιερεῖς
1753 2665 1860 2719 τοῦ

287 2754 434 2808 Θεοῦ
479 2755 576 2806 καί
616 2755 720 2808 τοῦ
775 2755 1061 2822 Χριστοῦ,
1107 2755 1441 2824 ἐπανάληψιν
1493 2756 1710 2826 νοητέον
1749 2756 1860 2808 τῶν

286 2844 598 2915 προτέρων·
627 2846 723 2899 καὶ
755 2847 862 2914 γάρ
907 2847 970 2899 τά
996 2846 1090 2898 νῦν
1124 2847 1212 2899 διὰ
1253 2847 1350 2915 τῆς
1383 2847 1579 2916 πείρας
1625 2849 1718 2899 καὶ
1761 2847 1860 2916 τῆς

286 2936 392 2990 τῶν
423 2937 765 3004 πραγμάτων
791 2937 1070 2999 ὲκΰάσεως
1099 2936 1351 3007 ὁρώμενα
1383 2937 1490 2990 τῶν
1522 2938 1691 3006 ἁγίων
1720 2937 1860 3006 γέρα

286 3029 381 3080 καὶ
405 3029 679 3098 θαύματα,
705 3029 897 3097 ἔμελλε
921 3031 1038 3082 τότε
1067 3031 1154 3082 ὅτε
1181 3030 1254 3098 τῷ
1281 3030 1640 3100 εὐαγγελιστῇ
1670 3029 1860 3082 ῶπτά-

286 3138 426 3185 veto,
453 3121 529 3185 ὡς
558 3123 1000 3193 εἴρηται.Τοίνυν
1031 3122 1124 3175 δύο
1148 3122 1394 3175 θανάτων
1423 3123 1612 3186 ὄντων,
1642 3122 1856 3192 ἀνάγκη

1963 673 2090 717 sunt
2112 663 2205 731 qui
2237 672 2459 731 propter
2477 661 2758 715 Christum
2787 677 2954 731 opera
2982 663 3164 718 carnis
3194 667 3530 720 mortiﬁcati-

1962 764 2065 816 tes,
2095 769 2303 808 necnon
2336 769 2461 807 cum
2494 753 2684 808 eodem
2715 753 2936 808 Christo
2965 770 3083 808 sese
3112 755 3519 824 cruciﬁgentes,

1963 848 2169 901 mundo
2215 849 2395 900 vivere
2430 845 2732 900 desierunt.
2783 845 2980 900 Mortui
3041 848 3208 914 igitur
3236 849 3529 915 deplorati,

1963 939 2154 1007 quales
2189 945 2318 992 sunt
2349 937 2442 1006 qui
2492 952 2588 1006 per
2635 936 2905 1005 baptisma
2957 952 3080 990 cum
3138 938 3360 993 Christo
3422 956 3528 994 non

1964 1039 2095 1085 sunt
2129 1029 2348 1098 sepulti,
2382 1043 2557 1097 neque
2586 1043 2712 1080 cum
2747 1042 2813 1080 eo
2848 1029 3182 1091 resuscitati,
3209 1028 3302 1082 sed
3328 1029 3380 1082 in
3409 1046 3535 1099 pec-

1963 1130 2208 1177 calorum
2254 1129 2427 1173 morte
2461 1133 2633 1186 usque
2663 1119 2730 1171 ad
2782 1119 2905 1171 vita:
2937 1121 3098 1172 liuent
3150 1120 3530 1188 perstiterunt,

1962 1228 2070 1266 non
2107 1212 2286 1264 vivent
2327 1225 2450 1262 cum
2505 1209 2624 1278 ipso
2658 1209 2834 1263 donec
2887 1209 3148 1262 liniantur
3199 1210 3345 1263 mille
3378 1211 3530 1273 anni,

1962 1303 2067 1357 hoc
2095 1311 2174 1356 est
2212 1299 2486 1370 perfectus
2541 1299 2633 1353 ille
2671 1314 2942 1352 annorum
3009 1315 3293 1363 numerus,
3357 1301 3451 1368 qui
3500 1316 3530 1355 a

1962 1395 2140 1465 primo
2168 1395 2315 1448 illius
2346 1393 2577 1446 adventu
2617 1407 2792 1459 usque
2824 1393 2891 1445 ad
2941 1391 3240 1446 secundum
3293 1408 3532 1462 etnuque

1962 1487 2257 1557 gloriosum
2308 1483 2579 1554 pertingit,
2631 1483 2793 1537 sicuti
2845 1498 3008 1552 supra
3055 1484 3358 1540 iudicatum
3421 1493 3526 1540 est.

1963 1579 2163 1632 Verum
2202 1587 2256 1629 ut
2302 1592 2366 1630 ex
2398 1585 2539 1629 terra
2588 1583 2795 1628 tantum
2858 1575 2968 1627 nati
3022 1584 3170 1638 sunt,
3213 1586 3268 1629 et
3305 1591 3413 1629 non
3464 1591 3532 1630 ex

1962 1669 2188 1737 spiritu,
2235 1667 2308 1720 ita
2359 1664 2411 1717 in
2468 1673 2668 1717 terram
2721 1663 2903 1716 denuo
2931 1673 3291 1718 revertentur.
3347 1663 3533 1732 Neque

1960 1761 2107 1816 enim
2165 1758 2309 1812 aliud
2365 1756 2578 1809 illorum
2630 1769 2779 1808 mors
2821 1763 2926 1818 est,
2986 1770 3150 1824 quam
3217 1753 3527 1808 futurorqu

1962 1851 2353 1920 suppliciorum
2388 1847 2625 1900 initium.
2657 1845 2726 1899 At
2756 1846 2846 1915 qni
2882 1845 3072 1915 prima:
3101 1846 3524 1900 resurrectionis

1964 1941 2258 2012 participes
2290 1945 2602 2000 evaserunt,
2631 1938 2731 1991 hoc
2759 1946 2863 1998 est,
2909 1941 3002 2006 qui
3043 1952 3110 1991 cx
3147 1937 3402 1991 letalibus
3436 1951 3532 1989 co-

1963 2031 2320 2103 gitationibus
2372 2037 2425 2082 et
2455 2028 2717 2095 operibus
2765 2037 3204 2092 resurrexerunt,
3262 2026 3335 2081 illi
3390 2027 3532 2080 beati

1962 2133 2111 2180 sunt.
2169 2121 2379 2176 Nullam
2431 2119 2576 2173 enim
2636 2127 2960 2187 potestatem
3013 2117 3066 2171 in
3126 2117 3251 2171 illos
3311 2115 3532 2170 habebit

1963 2230 2112 2269 mors
2131 2212 2393 2274 secunda,
2421 2225 2613 2278 nempe
2633 2210 2876 2264 inlinitus
2903 2208 3200 2264 inferorum
3229 2209 3528 2271 cruciatus,

1963 2307 2057 2361 sed
2093 2303 2481 2360 saerilicahunt
2526 2312 2576 2356 et
2620 2302 2924 2371 regnabunt
2955 2317 3079 2356 cum
3113 2301 3332 2356 Christo
3382 2300 3531 2355 mille

1961 2413 2154 2460 annos,
2179 2397 2244 2451 ad
2279 2397 2498 2449 modum
2528 2404 2651 2448 ante
2683 2393 3037 2462 explicatum,
3066 2393 3239 2447 donec
3273 2392 3528 2445 nimirqu

1962 2491 2208 2545 solvatur
2239 2489 2491 2550 Satanas,
2528 2494 2588 2540 ut
2639 2486 2863 2540 εοιιυιτιιι
2907 2493 3129 2555 gentes;
3165 2499 3270 2538 non
3304 2483 3446 2552 quod
3479 2481 3533 2535 hi

1964 2587 2098 2634 tunc
2125 2593 2293 2648 regno
2324 2577 2726 2646 spoliabuntur.
2763 2577 2905 2630 sicut
2932 2591 3032 2630 nec
3055 2575 3126 2629 illi
3165 2590 3380 2644 quoque
3407 2583 3534 2628 tunc

1965 2672 2228 2741 temporis
2261 2686 2289 2724 a
2317 2671 2494 2735 ptenis
2531 2669 2919 2733 absolventur;
2952 2669 3043 2723 sed
3071 2667 3215 2736 quod
3243 2675 3373 2719 tunc
3399 2666 3532 2719 illud

1964 2764 2234 2821 illustrius
2280 2772 2334 2816 et
2381 2762 2593 2816 ﬁrmius
2649 2761 3042 2830 possidebunt,
3080 2761 3242 2813 rebus
3286 2757 3447 2812 ﬂuxis
3479 2767 3534 2811 et.

1965 2853 2311 2924 temporariis
2339 2852 2451 2920 jam
2482 2850 2824 2920 proscriptis,
2859 2849 3081 2902 :etcrnis
3113 2859 3292 2902 autem
3322 2856 3375 2900 et
3407 2847 3534 2900 soli-

1962 2947 2047 3001 dis
2082 2943 2469 3014 prtesentibns.
2525 2942 2722 2994 Parum
2759 2940 2903 2992 enim
2956 2937 3216 3006 temporis
3256 2953 3285 2990 a
3333 2936 3534 2991 diaboli

1962 3035 2234 3091 Solutione
2264 3045 2438 3099 usque
2471 3029 2537 3082 ad
2564 3029 2912 3090 sententiam,
2964 3042 3083 3096 qua:
3127 3036 3315 3081 contra
3353 3026 3531 3094 ipsqu

1965 3126 2190 3188 feretur,
2225 3123 2580 3192 ejusdemque
2634 3121 2686 3174 in
2723 3119 2969 3188 gehenna
2997 3117 3532 3179 condemnationem,

288 3214 381 3266 καὶ
449 3215 747 3279 τοσαύτας
813 3213 1176 3279 ἀναστάσεις
1247 3212 1581 3278 ἐνδέξασθαι.
1637 3212 1859 3282 Πρῶτος

1964 3215 2280 3271 intercedet.
2318 3213 2496 3279 Quare
2528 3212 2685 3274 illud,
2731 3210 2797 3263 Et
2847 3219 3000 3264 erunt
3029 3210 3328 3263 sacerdotes
3366 3207 3460 3262 Dei
3485 3216 3534 3260 et

287 3302 466 3356 τοίνυν
495 3307 524 3356 ὁ
556 3305 864 3374 σωματικὸς
889 3305 1137 3368 θάνατος,
1163 3307 1229 3373 τῇ
1258 3303 1576 3375 ἀνθρωπίνῃ
1605 3306 1858 3375 παρακοῇ

1965 3301 2182 3366 Christi,
2229 3302 2296 3354 ad
2331 3310 2571 3368 tempora
2607 3300 2811 3354 dudum
2839 3309 2962 3354 ante
2993 3307 3266 3352 transacta
3295 3295 3533 3351 referen-

289 3393 464 3456 δοθεὶς
503 3393 778 3463 ἐπιτίμιον
803 3410 818 3425 ·
865 3393 937 3466 [ὁ]
982 3393 1255 3464 δεύτερος,
1291 3395 1324 3464 ή
1372 3393 1588 3456 αἰώνιος
1621 3394 1860 3457 κόλασις.

292 3480 486 3550 ΙΙρὼτη
522 3480 626 3553 [δὲ]
655 3483 1020 3554 ἀνάστασις,ἡ
1048 3486 1112 3536 ἐκ
1147 3483 1356 3553 νεκρῶν
1390 3483 1567 3554 ἔργων
1593 3481 1864 3554 ζωοποιη-

290 3587 374 3632 σις
410 3585 424 3600 ⁸
452 3571 682 3642 δευτέρα
727 3571 830 3644 [δὲ]
865 3574 899 3641 ἡ
931 3576 994 3626 ὲκ
1044 3573 1247 3644 φθορᾶς
1298 3572 1406 3626 τῶν
1459 3572 1726 3644 σωμάτων
1786 3575 1866 3636 εἰς

290 3662 600 3734 ἀφθαρσίαν
631 3664 1010 3734 μεταποίησις.

1960 3392 2089 3447 dum
2141 3399 2242 3446 est.
2281 3389 2490 3442 Etenim
2527 3405 2648 3456 qua:
2689 3404 2836 3443 nunc
2888 3405 2987 3458 per
3025 3387 3412 3457 experientiam
3450 3401 3531 3440 re-

1961 3495 2193 3550 rumque
2241 3487 2495 3550 eventum
2554 3479 2809 3534 videntur
2867 3467 3181 3534 sanctorum
3233 3477 3519 3539 miracula,

1962 3573 2391 3634 meritorumque
2452 3573 2706 3640 praemia;
2763 3573 2983 3639 quando
3037 3570 3380 3640 evangelistae
3421 3569 3533 3624 haec

1963 3663 2316 3734 pateﬁebant,
2339 3663 2518 3717 adhuc
2536 3661 2723 3716 futura
2755 3672 2935 3725 erant,
2962 3672 3021 3716 ut
3050 3662 3257 3716 dictum
3281 3668 3362 3713 est
3385 3667 3533 3733 ante.

289 3753 424 3809 Cum
455 3772 585 3823 ergo
618 3757 739 3811 dum
772 3758 883 3812 sint
932 3766 1158 3824 mOrtes,
1194 3758 1312 3813 dure
1383 3772 1601 3829 quoque
1651 3756 2058 3811 resurrectiones
2088 3757 2202 3811 sint
2261 3764 2498 3824 oportet.
2537 3756 2720 3808 Prima
2789 3770 2938 3808 mors
2988 3762 3073 3807 est
3105 3749 3422 3821 corporalis,
3458 3749 3512 3801 in

296 3850 544 3900 humana:
604 3847 983 3902 inobedientia:
1034 3864 1250 3916 pinnam
1293 3851 1551 3918 irrogata.
1590 3847 1842 3902 Secunda
1883 3857 1966 3902 est
2006 3845 2278 3916 gehenna,
2335 3860 2429 3898 seu
2460 3854 2698 3898 aeternus
2776 3843 2916 3912 apud
2963 3841 3188 3911 '_inl'eros
3219 3838 3526 3894 cruciatus.

294 3935 469 3990 Prima
505 3941 830 3993 resurrectio
860 3949 943 3994 est
998 3941 1288 3996 vividi-atio
1334 3957 1399 3995 ex
1447 3941 1705 4010 operibus
1733 3939 2002 4006 mortuis;
2073 3937 2313 3994 secunda
2341 3945 2426 3991 est
2458 3951 2524 3990 ex
2555 3950 2848 4004 corporum
2882 3933 3232 4003 corruptione
3257 3930 3311 3985 in
3342 3929 3530 3983 incor-

294 4031 606 4100 ruptionem
644 4037 1052 4089 transmutatio.

873 4151 1098 4204 ΚΕΦΔΛ
1110 4193 1122 4204 .
1157 4149 1273 4205 El".

647 4262 786 4330 Περὶ
827 4262 933 4316 τοῦ
971 4261 1104 4332 Γὼγ
1140 4262 1239 4316 καὶ
1277 4261 1508 4332 Μαγώγ.

362 4393 469 4448 Καὶ
499 4395 644 4448 ὅταν
672 4396 930 4465 τελεσθῇ
961 4397 1030 4450 τὰ
1065 4399 1231 4466 χίλια
1260 4397 1433 4468 Iern],
1472 4397 1804 4463 λυθήσεται
1831 4393 1867 4451 δ

293 4488 566 4553 Σατανᾶς
586 4489 654 4542 ἐκ
683 4488 792 4558 τῆς
818 4489 1096 4557 φυλακῆς
1119 4490 1324 4544 αὐτοῦ’
1355 4490 1453 4541 καί
1479 4489 1866 4552 ἐξελεύσεται

2535 4137 2764 4194 CAPUT
2807 4138 2992 4193 LXIII.

2383 4253 2493 4325 94
2537 4251 2608 4306 De
2645 4251 2753 4322 Cog
2781 4263 2828 4306 et
2878 4251 3090 4321 Maqog.

2033 4390 2152 4456 XX,
2183 4392 2239 4446 7.
2282 4391 2348 4444 Et
2391 4408 2510 4444 cum
2555 4392 2904 4444 consummati
2949 4389 3145 4457 fuerint
3197 4387 3338 4442 mille
3385 4389 3534 4454 anni,

1966 4481 2193 4539 solvetur
2215 4481 2444 4536 Satanas
2470 4483 2532 4535 de
2553 4498 2761 4535 carcere
2791 4497 2918 4543 sua;
2953 4490 3000 4533 et
3025 4480 3205 4543 exibit,
3243 4489 3290 4535 et
3329 4480 3534 4533 seducet

294 4573 605 4642 ,πλανῆσαι
646 4576 719 4629 τὰ
752 4578 894 4644 ἔθνη
924 4577 994 4630 τὰ
1037 4578 1105 4631 ἐν
1143 4578 1270 4644 ταῖς
1302 4579 1593 4644 τέσσαρσι
1625 4579 1864 4646 γωνίαις

1967 4585 2160 4644 gentes,
2197 4590 2312 4642 quae
2349 4583 2470 4626 sunt
2503 4589 2658 4641 super
2694 4582 2925 4642 quatuor
2968 4571 3185 4641 angulos
3220 4582 3392 4634 terrm,
3429 4571 3534 4640 συθ

294 4665 402 4733 τῆς
433 4669 566 4736 γῆς,
593 4669 736 4741 [καὶ]
767 4670 872 4723 τὸν
897 4669 1031 4740 Γὼγ
1057 4671 1152 4724 καί
1179 4671 1284 4722 τὸν
1313 4673 1554 4739 May-chr
1587 4671 1684 4724 xui.
1714 4687 1866 4724 συν-

292 4758 539 4826 αγαγεῖν
565 4760 786 4825 αὐτοὺς
822 4764 908 4826 είς
936 4762 1202 4830 πόλεμον
1221 4777 1234 4791 ·
1261 4754 1346 4812 ὧν
1375 4763 1406 4813 ό
1435 4760 1672 4828 ἀριθμὸς
1705 4760 1785 4824 ὡς
1827 4759 1866 4827 ἡ

293 4847 486 4917 ἄμμος
512 4849 626 4917 τῆς
657 4851 995 4916 θαλάσσης.

365 4940 469 4992 Τὸν
502 4943 879 5012 προρρηθέντα
902 4944 1001 5013 τῆς
1021 4945 1302 5011 χιλιετίας
1331 4943 1551 5010 χρόνον
1598 4943 1743 5004 τινὲς
1769 4942 1867 5012 μὲν

294 5033 364 5082 τά
407 5031 529 5102 τρία
564 5030 783 5104 [ἥμισυ]
835 5033 928 5102 έτη
971 5036 1038 5086 τὰ
1070 5035 1176 5087 ἀπὸ
1219 5035 1314 5087 τοῦ
1349 5032 1723 5103 βαπτίσματος
1768 5035 1864 5086 τοῦ
1901 5041 1911 5049 ’

296 5122 534 5191 Χριστοῦ
587 5125 746 5194 μέχρι
785 5125 881 5194 τῆς
924 5125 1087 5178 αὑτοῦ
1133 5129 1211 5188 είς
1243 5127 1505 5194 οὐρανοὺς
1547 5124 1866 5186 ἀναϐάσεως

297 5213 394 5265 οὐκ
424 5209 519 5266 οἶδ’
551 5215 700 5277 ὅπως
748 5215 1062 5284 ὲξειλήφασι
1087 5233 1101 5246 ’
1147 5215 1264 5284 μεθ’
1288 5215 1322 5268 ά
1351 5215 1578 5284 λυθῆναι
1627 5215 1716 5268 τὶν
1749 5215 1864 5268 διάη

298 5305 452 5358 ϐολον
481 5307 809 5376 ὑπενόησαν.
838 5309 1052 5377 ’Έτεροι
1081 5308 1136 5360 δὲ
1187 5307 1322 5377 μετά
1347 5309 1445 5378 τὴν
1476 5307 1865 5377 συμπλήρωσιν

299 5396 409 5447 τῶν
438 5396 817 5466 ἑξακισχιλίων
847 5399 982 5450 ἐτῶν
1020 5399 1118 5468 τὴν
1163 5399 1386 5467 πρώτην
1427 5398 1720 5450 ἀνάστασιν
1753 5396 1862 5470 [ἐκ]

299 5486 406 5539 τῶν
433 5489 641 5559 νεκρῶν
684 5487 922 5541 δίδοσθαι
956 5489 1132 5558 μόνοις
1163 5490 1274 5550 τοῖς
1302 5488 1476 5554 ἁγίοις
1507 5487 1714 5556 ἔφασαν
1733 5503 1746 5517 ·
1779 5488 1864 5540 ἵνα

300 5579 358 5630 ἐν
397 5581 456 5649 τῇ
488 5581 558 5648 γῇ
585 5579 720 5650 αὐτῇ
749 5573 861 5652 ὲνῇ
889 5579 988 5650 τὴν
1013 5578 1306 5649 καρτερίαν
1338 5577 1700 5644 ἐπεδείξαντο,
1732 5595 1864 5649 τρυ-

301 5672 405 5741 φῆς
456 5672 552 5724 καί⁸
597 5670 758 5741 δόξης
811 5670 1155 5724 ἀπολαύσωσι
1209 5671 1353 5740 χίλια
1403 5668 1520 5740 ἔτη’
1576 5672 1669 5722 καὶ
1728 5669 1864 5738 μετά
1900 5686 1912 5698 ·

300 5761 455 5815 τοῦτο
495 5762 596 5832 τὴν
640 5762 868 5816 καθόλου
913 5762 1159 5831 γίνεσθαι
1197 5763 1512 5826 ἀνάστασιν,
1539 5761 1600 5813 οὐ
1638 5760 1864 5814 δικαίων

305 5853 486 5922 μόνον,
507 5854 642 5908 ἀλλὰ
670 5856 759 5909 καί
791 5855 1144 5928 ἁμαρτωλῶν.
1172 5855 1291 5908 ’Ὁτι
1319 5855 1417 5925 μὲν
1447 5851 1537 5907 03v
1566 5853 1715 5908 οὐδὲν
1741 5855 1863 5907 τοὺ·

1911 4673 1916 4678 “
1965 4673 2016 4717 et
2061 4663 2286 4732 .Ilagog;
2335 4671 2391 4715 ut
2421 4670 2691 4729 congreget
2739 4679 2825 4714 eos
2876 4661 2929 4714 in
2981 4660 3264 4729 prndium;
3313 4676 3534 4730 quarunt

1969 4771 2216 4809 numerus
2249 4761 2326 4807 est
2353 4754 2489 4806 sicut
2521 4769 2682 4806 arena
2715 4753 2900 4807 maris.

2035 4936 2357 4991 Przedictum
2393 4933 2531 4987 mil'e
2557 4948 2820 4986 annorum
2853 4941 3052 4998 tempus
3091 4930 3316 5000 quidam
3355 4928 3538 4984 nescio

1967 5028 2244 5097 quomodo
2307 5027 2372 5080 ad
2410 5026 2642 5093 spatium
2691 5024 2836 5093 quod
2876 5039 2905 5078 a
2947 5023 3150 5078 Christi
3215 5022 3537 5092 baptismate

1967 5135 2143 5190 usque
2178 5121 2243 5173 ad
2278 5120 2422 5172 illius
2454 5118 2505 5170 in
2535 5117 2732 5171 cadum
2760 5131 3045 5172 ascensum
3072 5116 3251 5180 ﬂuxit,
3271 5114 3537 5176 referunt,

1967 5211 2215 5280 adeoque
2270 5209 2414 5263 mille
2449 5224 2622 5262 annos
2669 5209 2720 5262 in
2759 5209 3093 5263 trieteridem
3127 5223 3250 5261 cum
3285 5209 3412 5260 anni
3449 5221 3535 5259 sc-

1969 5305 2130 5358 iuisse
2184 5303 2550 5368 contrahunt;
2600 5313 2727 5372 post
2765 5317 2931 5372 quam
2983 5303 3256 5356 diabolum
3298 5302 3537 5354 solutqu

1967 5406 2241 5452 asserunt.
2298 5396 2405 5449 Alii
2457 5411 2586 5450 vero
2643 5405 2766 5466 post
2817 5396 3094 5465 expletum
3155 5409 3248 5448 sex
3301 5393 3533 5446 milliqu

1967 5502 2235 5542 annorqu
2276 5486 2641 5548 intervallum,
2687 5487 2916 5555 primam
2967 5501 3033 5540 ex
3069 5485 3300 5539 mortuis
3349 5498 3538 5537 resur-

1969 5580 2290 5643 rectionem,
2341 5579 2471 5633 solis
2501 5579 2708 5634 sanctis
2760 5579 3061 5649 propriam,
3101 5577 3339 5630 futuram
3382 5574 3539 5628 dixe-

1967 5682 2129 5738 runt;
2164 5687 2274 5742 quo
2334 5671 2593 5726 nimirum
2627 5671 2682 5726 in
2741 5673 2842 5726 hac
2891 5686 3076 5726 crassa
3128 5677 3184 5724 et
3233 5667 3540 5738 caliginosa

1967 5773 2144 5826 terra,
2198 5763 2400 5831 inqua
2442 5762 2670 5816 illustria
2730 5761 3068 5818 fortitudinis
3133 5768 3186 5816 et
3252 5757 3536 5830 patientia:

1966 5855 2265 5928 spz‘citttitta
2298 5854 2600 5922 ediderant,
2645 5856 2794 5913 mille
2835 5857 2997 5912 anuis
3027 5855 3202 5928 gloria
3236 5864 3288 5912 ct
3321 5854 3534 5911 honoro
