4034 6562
465 336 571 404 419
1666 328 1997 390 ΑΝΟΠΕῘΕ
2036 326 2549 389 (ἋΕΞΑΒΙΕΝΒΙΞ
3638 321 3742 386 4Ξῧ

476 456 636 508 bona:
681 448 1033 505 conscientiae
1066 443 1437 500 testimonium
1467 457 1564 513 pro
1592 443 1801 496 ririhus
1831 444 2059 496 illa‘sttm

2183 443 2284 511 καὶ
2333 441 2602 512 ζωοποεῷ]
2654 441 2929 511 Πνεῦμα-ιι
2955 484 2968 506 ,
3011 443 3168 508 δόξα,
3211 441 3410 511 κράτος
3436 481 3450 504 ,
3485 437 3620 510 τιμὴ
3652 442 3744 492 καὶ

472 549 887 603 conservantes,
914 550 1124 590 necnon
1151 549 1248 604 per
1275 533 1416 587 bona
1439 547 1600 601 opera
1629 531 1906 586 incensam
1930 546 2056 599 erga

2183 536 2536 603 nposxbv-qat;
2560 576 2574 595 ,
2603 532 2697 586 νῦν
2730 535 2824 588 καὶ
2855 535 2941 586 ἀεὶ
2961 573 2976 599 ,
3003 535 3098 587 καὶ
3140 535 3220 597 εἰς
3249 535 3375 596 τοὺς
3406 531 3608 595 αίῶνας
3635 530 3746 583 τῶν

475 635 625 688 illutn
680 630 1030 686 dilectionem
1086 625 1473 687 ostendentes,
1521 623 1614 692 qui
1649 623 1886 692 pretioso
1931 636 2057 675 san-

2183 622 2394 676 ιίώνων.
2434 625 2489 676 Ἀ
2502 625 2628 694 μήν.

474 732 636 799 guine
665 742 765 781 suo
795 741 894 780 nos
927 733 1204 777 mercatus
1251 728 1370 782 est,
1419 729 1745 773 aeternorum
1789 718 2056 772 bonorum
2111 717 2424 772 l'ruitionem
2485 734 2789 787 speremus;
2856 718 3124 787 opulentis
3148 718 3348 773 Christi
3381 714 3751 772 miserationi.

476 823 576 874 bus
609 818 674 871 ad
714 818 815 870 huc
844 813 1182 869 corroborati
1217 822 1270 864 et
1293 809 1603 864 conﬁrmati
1633 827 1644 862 :
1675 824 1797 877 qua!
1857 809 2065 860 utinatn
2096 823 2191 876 per
2219 805 2563 861 Servatorem
2614 817 2666 861 et
2724 807 3138 878 itedemptoretn
3189 820 3434 861 nostrum
3467 805 3748 860 Christum

477 925 924 980 consequamur;
965 923 1090 961 cum
1135 922 1244 975 quo
1285 905 1496 957 Patrem
1555 918 1660 955 una
1710 917 1834 955 cum
1877 907 2070 954 sancto
2090 912 2142 955 et
2169 900 2386 954 viviﬁco
2419 901 2625 969 Spiritu
2685 901 2840 956 decet
2891 901 3086 970 gloria,
3142 909 3198 955 et
3228 900 3538 969 imperium,
3567 907 3623 954 et
3653 899 3752 953 ho-

477 1020 600 1069 nor,
643 1013 697 1056 et
733 1001 1014 1064 adoratio,
1059 1014 1206 1052 nunc
1253 1006 1308 1050 et
1341 1011 1575 1064 semper,
1629 1003 1683 1047 et
1732 992 1786 1046 in
1839 993 2036 1046 saecula
2069 981 2423 1048 seculorum.
2459 994 2652 1048 Amen.

795 1133 1024 1192 CAPUT
1064 1130 1246 1185 LXIV.
1306 1127 1542 1183 SERMO
1579 1127 1745 1183 XXII.

479 1254 556 1308 De
579 1252 787 1307 sedente
807 1264 960 1318 super
980 1247 1247 1308 thronum,
1277 1253 1324 1296 et
1355 1243 1622 1295 communi
1665 1239 2064 1294 resurrectione.

548 1449 668 1515 XX,
703 1449 788 1502 ll.
821 1445 888 1500 Et
935 1445 1041 1498 ridi
1073 1444 1316 1497 thronum
1362 1457 1609 1511 magnum
1651 1439 1967 1502 candidum,
2018 1446 2069 1492 et

480 1545 741 1598 sedentem
774 1555 932 1608 super
955 1551 1109 1599 eum;
1138 1553 1168 1588 α
1198 1533 1348 1602 cujus
1380 1543 1655 1600 conspectu
1687 1533 1820 1603 fugit
1847 1541 1987 1585 terra
2015 1540 2063 1584 et

480 1635 670 1690 cmlum
692 1673 706 1696 ,
742 1641 790 1684 et
817 1631 964 1683 locus
998 1644 1100 1680 non
1129 1635 1205 1679 est
1238 1627 1474 1676 inventus
1508 1623 1604 1676 eis.

2556 1127 2810 1181 ΚΕΦΑΛ.
2842 1121 2959 1182 ΞΔ’.
2991 1123 3209 1180 ΛΟΓΟΣ
3239 1117 3366 1180 κη’.

2169 1239 2309 1307 Περὶ
2351 1239 2457 1292 τοῦ
2509 1238 2989 1309 καθημένουνέαί
3039 1238 3145 1309 τοῦ
3175 1239 3448 1309 θρόνου,
3502 1233 3602 1309 καί
3644 1234 3755 1304 τῆς

2404 1309 2617 1377 κοινῆς
2647 1305 3039 1375 ἀναστάσεως
3069 1306 3190 1380 [καὶ
3220 1305 3524 1376 κρίσεωςζ]

2236 1447 2342 1503 Καὶ
2381 1443 2548 1502 εἶδον
2576 1447 2795 1512 θρόνον
2823 1441 3052 1497 λευκὸν
3080 1439 3277 1510 μέγαν
3308 1438 3408 1492 καί
3469 1439 3580 1492 τὸν
3609 1441 3756 1492 καθ-

2172 1540 2397 1610 ήμενον
2427 1538 2520 1590 ἐπ’
2551 1535 2730 1601 αὐτῷ’
2751 1530 2822 1590 οὗ
2857 1533 2976 1588 ἀπὸ
3013 1532 3336 1601 προσώπου
3362 1529 3588 1600 ἔφυγεν
3609 1530 3650 1598 ἡ
3675 1529 3755 1602 τῇ

2175 1632 2274 1686 καὶ
2307 1633 2339 1685 ό
2375 1632 2632 1698 οὐρανός
2655 1645 2668 1657 ’
2693 1628 2789 1680 καὶ
2823 1628 3006 1692 τόπος
3037 1627 3150 1694 οὐχ
3179 1623 3389 1692 εὑρέθη
3422 1621 3649 1688 αὐτοῖς.

553 1722 658 1778 Per
679 1719 968 1776 candidum
1011 1719 1278 1780 thronum,
1304 1713 1504 1768 Christi
1537 1711 1865 1766 resurrectio
1897 1709 2069 1764 deno-

2247 1723 2345 1776 Διὰ
2371 1721 2465 1774 τοῦ
2493 1721 2709 1788 θρόνου
2740 1716 2833 1770 τοῦ
2853 1717 3076 1772 λευκοῦ
3104 1715 3355 1787 δηλοῦται
3387 1715 3421 1784 ἡ
3451 1715 3761 1777 ἀνάπαυσις

485 1829 669 1884 tatur;
707 1826 819 1873 tuzn
855 1815 1010 1884 quies
1055 1811 1146 1866 illa
1177 1824 1341 1878 quam
1379 1806 1520 1861 Deus
1551 1807 1604 1859 in
1669 1805 1875 1859 sanctis
1906 1803 2069 1872 capit,

487 1909 584 1980 qui
615 1908 875 1961 virtutum
917 1899 1258 1955 ornamentis
1290 1896 1596 1965 Splendeat.
1627 1894 1696 1948 At
1719 1909 1848 1947 vero
1881 1892 1996 1946 caeli
2023 1901 2073 1945 et

489 2011 631 2055 terra
659 1999 807 2067 fuga,
857 1995 1070 2050 illorum
1108 1989 1486 2044 transitionem
1507 2027 1522 2051 ,
1555 1997 1607 2040 et
1639 1987 1691 2039 itt
1722 1985 1918 2039 melius
1950 2000 2072 2038 tnu-

491 2092 751 2146 tationem
780 2085 1074 2156 signiﬁcat.
1107 2081 1164 2136 In
1187 2081 1386 2150 quibus
1419 2078 1646 2148 proinde
1677 2085 1860 2147 postea
1893 2076 2074 2132 nullus

490 2173 1140 2251 ampliusconrersionis
1169 2179 1259 2224 aut
1291 2169 1614 2224 mutationis
1647 2167 1797 2221 locus
1831 2165 2076 2220 invenie-

492 2285 600 2328 tur.
627 2273 684 2327 Si
707 2273 850 2327 enim
883 2267 1058 2323 nostri
1087 2264 1444 2332 causa,justa
1473 2260 1716 2332 Apostoli
1745 2259 2073 2322 doctrinam,

490 2377 746 2425 creatura
771 2362 1060 2418 mutationi
1094 2369 1148 2416 et
1173 2356 1507 2428 corruptioni
1539 2353 1778 2409 obnoxia
1803 2351 1942 2406 facta
1971 2361 2074 2418 est,

494 2460 656 2515 nobis
693 2459 746 2512 in
802 2457 1108 2511 libertatem
1149 2452 1335 2522 gloria:
1373 2449 1605 2504 ﬁliorum
1646 2445 1738 2499 Dei
1769 2445 1992 2499 mutatis
2025 2452 2079 2498 et

494 2550 797 2613 translatis,
823 2535 876 2602 et
900 2548 1016 2617 ipsa
1048 2543 1233 2599 itidem
1265 2541 1638 2601 innovahitur,
1661 2538 1786 2592 etin
1817 2537 2075 2590 laetiorem

497 2644 730 2700 formam
764 2637 1246 2695 transformahitur
1279 2653 1294 2689 :
1346 2634 1400 2687 in
1448 2631 1722 2685 interitum
1755 2640 1935 2682 autent
1971 2641 2076 2680 non

499 2743 766 2797 vertetur,
829 2745 1040 2800 neque,
1087 2727 1164 2781 uti
1222 2725 1478 2789 Irenaaus,
1535 2721 1838 2788 Antipater,
1889 2727 1941 2771 et
1987 2717 2078 2770 alii

498 2828 671 2882 sancti
709 2825 811 2878 viri
845 2829 990 2875 recte
1038 2817 1414 2876 tradiderunt,
1464 2814 1518 2866 in
1560 2811 1790 2865 solidum
1829 2823 2078 2862 corrum-

497 2929 675 2986 petur.
713 2913 883 2967 \‘erha
918 2909 1104 2964 Irenaei
1144 2908 1215 2960 ita
1251 2912 1448 2960 sonant
1483 2921 1496 2956 :
1529 2901 1802 2956 Creatnra:
1835 2901 2079 2954 substan-

499 3009 574 3060 tia
617 3015 664 3058 et
696 3004 970 3075 quitltlitas
1003 3000 1308 3068 neutiquam
1343 2997 1624 3050 interitura
1661 3004 1736 3048 est
1768 3010 1784 3047 :
1830 3009 1976 3046 verus
2003 3001 2078 3045 est

2175 1814 2268 1866 τοῦ
2314 1811 2470 1865 Θεοῦ·
2512 1810 2579 1880 ἢν
2629 1810 2687 1862 ὲν
2712 1815 2823 1871 τοῖς
2855 1807 3127 1877 λαμπροῐς
3173 1807 3292 1868 ταῖς
3331 1805 3551 1874 ἀρεταῖς
3579 1802 3759 1871 ἁγίοις

2175 1907 2483 1974 ποιήσεται,
2500 1901 2710 1964 τούτοις
2732 1899 3190 1970 ὲνθρονιζόμενος.
3208 1898 3270 1950 Ἠ
3291 1897 3346 1951 δὲ
3363 1896 3524 1966 φυγὴ
3538 1894 3646 1950 τοῦ
3658 1896 3761 1950 οῦο

2170 1997 2363 2067 ρανοῦ
2384 1996 2478 2050 καὶ
2509 1993 2617 2062 τῆς
2640 1993 2751 2065 γῆς
2781 1994 2881 2064 τὴν
2897 1992 3104 2046 τούτων
3134 1990 3386 2062 σημαίνει
3403 1989 3760 2060 παρέλευσιν,

2177 2092 2269 2145 καὶ
2299 2092 2378 2152 εἰς
2404 2089 2466 2142 τὸ
2513 2088 2722 2158 βέλτιον
2754 2085 3075 2140 ἀνανέωσιν.
3124 2085 3212 2138 Ἐν
3243 2079 3325 2146 οἷς
3357 2082 3521 2146 τόπος
3547 2081 3764 2154 τροπῆς

2177 2185 2274 2255 οὐχ
2301 2183 2676 2253 εὑρεθήσεται.
2707 2181 2771 2233 Ei
2801 2181 2908 2249 γὰρ
2936 2180 2968 2249 ὴ
3005 2179 3180 2242 κτίσις
3206 2177 3274 2231 δι’
3305 2177 3455 2248 ἡμᾶς
3483 2179 3549 2248 τῇ
3580 2175 3759 2247 φθορᾷ

2180 2275 2454 2344 ὑπετάγη,
2482 2272 2622 2326 κατὰ
2653 2269 3100 2334 τδνἊπόστολον,
3136 2267 3630 2340 μεταποιηθήσεται
3657 2268 3759 2322 σὺν

2181 2371 2311 2438 ἡμῖν
2343 2370 2422 2430 εἰς
2459 2367 2557 2436 τὴν
2592 2364 2904 2434 ἐλευθερίαν
2940 2364 3048 2415 τῶν
3085 2363 3291 2415 τέκνων
3324 2362 3423 2430 τῆς
3469 2360 3628 2430 δόξης
3660 2359 3758 2413 τοῦ

2181 2459 2340 2524 Θεοῦ,
2388 2455 2848 2525 ἀνακαινιζομένη
2888 2453 2981 2507 ἐπὶ
3018 2453 3079 2506 τδ
3127 2451 3515 2522 φαιδρότερον,
3561 2448 3660 2504 καὶ
3693 2449 3759 2503 οὐ

2181 2546 2420 2614 παντελῆ
2463 2545 2770 2614 ἀφανισμὸν
2806 2542 3147 2614 ὑπομένουσα
3171 2583 3186 2607 ,
3217 2540 3399 2604 καθὼς
3431 2543 3543 2602 τοῖς
3581 2556 3761 2610 μακα-

2183 2636 2318 2709 ρίοις
2359 2636 2630 2707 Εἰρηναίῳ
2659 2633 2797 2707 [καὶ]
2838 2633 3182 2704 ’Λντιπάτρῳ
3210 2632 3304 2687 καὶ
3347 2633 3553 2703 ἑτέροις
3578 2631 3761 2700 ἁγίοις

2180 2729 2377 2792 ἔδοξεν.
2449 2729 2505 2780 '0
2565 2727 2663 2797 μὲν
2713 2727 2823 2797 γὰρ
2876 2726 3142 2795 μακάριος
3213 2724 3497 2795 Εἰρηναῖὸς
3553 2736 3755 2793 φησιν·

2185 2821 2330 2890 Οὐχὶ
2377 2820 2414 2886 ἡ
2451 2820 2811 2884 ὑπόστασις,
2861 2817 3004 2872 οὐδὲ
3045 2818 3083 2885 ἠ
3115 2817 3328 2878 οὐσία,
3361 2813 3469 2883 τῆς
3504 2816 3761 2880 κτίσεως

2185 2912 2592 2983 ἐξαφανίζεται
2613 2927 2625 2940 ·
2654 2909 2889 2978 ἀληθὴς
2918 2911 3027 2979 γὰρ
3056 2909 3153 2962 καί
3189 2907 3436 2973 βέϐαιος
3464 2909 3496 2960 ό
3527 2921 3761 2975 συστη-

2182 3005 2445 3075 σάμενος
2497 3000 2718 3069 αὑτήν·
2765 3002 2927 3056 ἀλλὰ
2976 3001 3040 3054 τὸ
3091 2999 3301 3070 σχῆμα
3349 2998 3598 3068 παράγει
3650 2997 3761 3052 τοῦ

497 3115 721 3167 namque
760 3105 808 3149 et
839 3092 1075 3154 stabilis,
1107 3091 1196 3161 qui
1229 3089 1381 3142 illam
1424 3087 1671 3156 formarit
1707 3095 1754 3139 et
1791 3084 2022 3138 condidit
2057 3097 2074 3134 :

2183 3099 2412 3165 κόσμου
2444 3095 2658 3149 τούτου
2683 3109 2697 3124 °
2729 3092 3041 3147 τουτέστιν
3066 3131 3081 3156 ,
3110 3092 3179 3146 ἐν
3217 3087 3306 3157 οἷς
3349 3092 3386 3159 ἡ
3420 3089 3761 3159 παράϐασις

496 3189 586 3242 sed
631 3188 842 3252 specit's,
875 3195 922 3238 et
957 3200 1082 3254 pars
1118 3182 1214 3236 illa
1263 3179 1445 3233 mundi
1490 3181 1542 3232 in
1582 3196 1682 3249 qua
1731 3177 2076 3247 transgressio

497 3279 713 3343 accidit,
740 3286 786 3330 et
818 3278 969 3330 homo
1013 3275 1333 3327 inveteratus
1363 3280 1461 3333 est,
1500 3269 1769 3323 transibit.
1804 3268 2077 3322 Enimvero

495 3386 616 3423 cum
645 3369 778 3422 Deus
800 3366 1015 3420 humani
1039 3364 1217 3430 lapsus
1238 3362 1489 3432 prwscius
1511 3369 1663 3423 esset,
1691 3359 1853 3413 voluit
1874 3366 2076 3424 partem

498 3461 648 3514 illaut
684 3458 1047 3513 universitatis
1073 3497 1087 3518 ,
1118 3471 1234 3527 qute
1281 3452 1524 3508 humanis
1560 3451 1738 3505 usibus
1777 3450 1845 3503 ad
1879 3460 2077 3517 tempus

499 3555 748 3617 serviret,
804 3550 1178 3620 temporariam
1245 3557 1295 3601 et
1360 3546 1570 3600 omnino
1626 3543 1886 3614 ejusmodi
1934 3557 2076 3604 esse,

500 3663 603 3717 qua
647 3647 700 3698 in
741 3644 1007 3697 meliorem
1055 3649 1103 3695 et
1136 3639 1463 3693 stabiliorem
1513 3645 1708 3689 statum
1748 3633 1939 3687 mutari
1972 3632 2078 3684 ali-

499 3737 709 3808 quando
738 3745 928 3803 posset.
962 3732 1027 3785 Et
1062 3745 1290 3800 magnus
1323 3727 1633 3799 patriarcha
1672 3720 2079 3788 Methodiusﬁn

502 3841 757 3883 sermone
807 3826 875 3878 de
917 3821 1322 3878 resurrecﬁone
1365 3859 1379 3883 ,
1440 3820 1507 3872 de
1553 3817 1636 3872 his
1686 3816 1756 3870 ita
1806 3815 2024 3870 disserit
2062 3831 2076 3866 :

504 3915 628 3970 Non
678 3915 849 3984 placet
907 3912 1045 3983 quod
1087 3909 1328 3964 nonnulli
1363 3918 1638 3970 asserunt,
1675 3921 1853 3974 nempe
1907 3919 2080 3957 rerum

500 4008 897 4063 universitatem
947 4013 1112 4056 totam
1164 4001 1323 4055 simul
1376 4000 1743 4063 interituram,
1797 3995 2082 4064 emlumque

501 4113 551 4155 et
614 4109 810 4153 terram
869 4107 917 4151 et
963 4111 1141 4149 aerem
1195 4092 1424 4161 amplius
1468 4092 1670 4160 reliqua
1721 4106 1822 4143 non
1876 4089 2079 4158 futura.

503 4190 942 4262 lnﬂammabitnr
1008 4202 1136 4240 sane
1199 4186 1267 4238 ad
1329 4183 1747 4254 repurgationem
1813 4179 2082 4233 universus

502 4285 668 4345 orbis,
705 4283 824 4352 igne
859 4280 1012 4350 quasi
1062 4278 1262 4331 diluvio
1313 4276 1537 4347 quodam
1584 4273 1903 4336 inundatus;
1939 4281 2082 4324 atta-

501 4393 620 4430 men
669 4392 771 4429 non
831 4374 1078 4428 transibit
1138 4375 1193 4427 in
1245 4373 1601 4428 omnimodum
1651 4370 1941 4432 interitum,
1993 4377 2082 4421 aut

2182 3189 2418 3260 ἐγένετο
2443 3203 2456 3218 ο
2507 3186 2595 3240 ὅτι
2621 3184 2958 3252 ἐπαλαιώθη
3003 3187 3035 3239 ό
3072 3184 3381 3251 ἄνθρωπος
3407 3182 3478 3235 ἐν
3516 3181 3758 3247 αὐτοῖς’

2183 3281 2280 3335 καὶ
2335 3279 2432 3332 διὰ
2489 3277 2663 3331 τοῦτο
2721 3276 2788 3330 τὸ
2847 3275 3055 3346 σχῆμα
3106 3275 3284 3329 τοῦτο
3348 3275 3499 3343 πρὸς
3552 3274 3763 3342 καιρὸν

2181 3372 2449 3442 ἐγένετο,
2502 3371 2847 3440 προειδότος
2889 3373 2963 3424 τὰ
2999 3370 3196 3423 πάντα
3239 3369 3345 3422 τοῦ
3379 3367 3548 3423 Θεοῦ.
3613 3366 3672 3420 Ὀ
3699 3367 3760 3421 δὲ

2187 3463 2406 3536 [μέγας]
2459 3464 2719 3526 Μεοόδιος
2761 3465 2819 3515 ὲν
2865 3463 2942 3533 τῷ
2987 3462 3120 3530 Περί
3178 3459 3570 3526 ἀναστάσεως
3615 3458 3761 3530 λόγῳ

2185 3555 2398 3629 [αὐτοῦ]
2443 3555 2654 3620 ἐξέθετο
2681 3553 2872 3616 οὕτως·
2891 3555 3008 3606 οὐκ
3039 3551 3298 3620 ἀρεστὸν
3323 3550 3392 3604 δὲ
3417 3550 3544 3604 οὐδ’
3567 3549 3763 3604 ἐκεῖνο

2185 3647 2251 3699 τὸ
2279 3645 2484 3715 λέγειν
2519 3649 2606 3710 εὶς
2640 3644 2830 3713 ἄρδην
2851 3643 3204 3698 ἀπολεῖσθαι
3230 3642 3297 3695 τὸ
3339 3640 3481 3707 πᾶν,
3517 3640 3616 3695 καὶ
3645 3641 3762 3710 γῆν

2188 3740 2285 3792 καὶ
2314 3738 2458 3807 ἀέρα
2480 3739 2574 3791 καὶ
2597 3737 2856 3804 οὐρανὸν
2872 3738 2956 3806 μὴ
2983 3737 3249 3789 ἐσεσθαι-
3273 3733 3761 3801 ἐκπυρωθήσεται

2181 3830 2297 3900 μὲν
2324 3831 2432 3900 γὰρ
2461 3831 2610 3898 πρὸς
2641 3829 2937 3898 κάθαρσιν
2968 3828 3066 3880 καὶ
3119 3825 3559 3894 ἁνακαινισμὸν
3588 3823 3762 3896 [κατὰ

2188 3920 2530 3992 Βασίλειον]
2555 3920 2672 3986 πᾶς
2694 3917 3260 3990 κατακ.1υζό[με]νος
3276 3919 3308 3971 ό
3332 3917 3560 3986 κόσμος
3575 3916 3719 3984 πυρί
3742 3927 3761 3947 ⁸

2188 4017 2260 4069 οὐ
2314 4015 2441 4086 μὴν
2485 4017 2573 4080 είς
2620 4012 2922 4067 ἀπώλειαν
2972 4011 3286 4064 ἐλεύσεται
3337 4007 3608 4076 παντελῆ
3662 4007 3765 4062 καί

2187 4105 2437 4174 φθοράν.
2472 4103 2580 4157 Καὶ
2613 4102 2820 4173 προϊών
2851 4119 3002 4173 φησιο
3038 4101 3146 4154 Kal
3183 4103 3216 4156 ό
3263 4100 3506 4166 Παῦλος
3552 4099 3765 4169 σαφῶς

2185 4195 2477 4267 μαρτυρεῖ
2502 4195 2716 4265 λέγων·
2762 4194 2831 4248 'Il
2858 4197 2963 4265 γὰρ
3003 4192 3455 4258 ἀποκαραδοκία
3499 4191 3608 4260 τῆς
3635 4194 3763 4245 κτί-

2190 4303 2346 4354 σεως
2392 4287 2507 4354 τὴν
2539 4286 2930 4354 ἀποκάλυψιν
2969 4283 3088 4338 τῶν
3124 4283 3269 4339 υἱῶν
3312 4284 3416 4338 τοῦ
3469 4283 3617 4337 Θεοῦ
3649 4285 3766 4338 ἀπο

2189 4378 2515 4446 εκδέχεται·
2547 4375 2642 4448 [τῇ
2675 4378 2783 4447 γὰρ
2797 4377 3138 4446 ματαιότητι
3162 4377 3200 4444 ἡ
3228 4377 3421 4441 κτίσις
3449 4375 3762 4448 ὑπετάγη,]

501 4471 558 4524 in
582 4469 793 4522 omnino
821 4469 1065 4521 nihilum.
1101 4469 1164 4522 Et
1185 4468 1323 4522 infra
1351 4479 1598 4520 l'lll'SllttI'.
1629 4465 1696 4519 Et
1722 4463 1926 4518 Paulus
1958 4481 2078 4534 quo-

2189 4475 2299 4540 οὐχ
2338 4446 2564 4523 ἑκοῦσα
2589 4512 2602 4535 ,
2638 4446 2797 4524 ἀλλὰ
2825 4470 2922 4524 διὰ
2955 4469 3063 4524 τὸν
3093 4469 3476 4534 ὑποτάξαντα
3519 4446 3764 4541 [αὐτὴν]

501 4580 603 4632 que
628 4561 824 4614 diserte
855 4570 1101 4624 testatur,
1138 4561 1312 4613 dicens
1358 4576 1376 4613 :
1423 4557 1764 4626 Exspcetatio
1830 4567 2088 4612 creatura:

502 4654 1128 4721 reuelationemﬁliorum
1182 4651 1274 4705 Dei
1336 4659 1641 4718 exspectat:
1695 4650 2086 4702 uanitatienim

499 4745 608 4814 97
633 4755 878 4798 creatura
903 4745 1139 4808 subiecta
1169 4752 1246 4796 est
1275 4759 1376 4795 non
1403 4741 1597 4805 volens,
1620 4742 1708 4793 sed
1733 4749 1944 4810 propter
1968 4757 2086 4793 eum

501 4838 590 4906 qui
617 4837 836 4906 subjecit
857 4855 972 4891 eam
999 4839 1053 4891 in
1085 4852 1174 4906 spe
1201 4852 1219 4890 :
1250 4837 1374 4905 quia
1404 4845 1452 4888 ct
1484 4835 1598 4896 ipsa
1627 4843 1866 4888 creatura
1889 4833 2084 4888 libera-

502 4928 648 4982 bitur
704 4947 735 4982 a
780 4931 1028 4984 servitute
1071 4929 1430 4997 corruptionis
1475 4928 1529 4979 in
1570 4926 1864 4980 libertatem
1904 4926 2086 4997 gloria:

503 5021 740 5088 filiorum
779 5021 871 5074 Dei
905 5021 988 5087 ⁸⁸,
1035 5027 1090 5075 et
1136 5035 1264 5089 qua
1321 5026 1645 5086 sequuntur.
1697 5018 1760 5072 Et
1813 5028 1938 5074 ante
1986 5020 2088 5074 hos

503 5126 726 5168 sanctos
757 5113 946 5168 beatus
985 5112 1153 5166 David
1186 5127 1400 5182 quoque
1427 5152 1441 5178 ,
1488 5127 1612 5166 eum
1644 5112 1932 5166 Dominum
1971 5113 2090 5166 lau-

502 5208 633 5262 dare
673 5207 852 5271 vellet,
904 5206 978 5260 ita
1007 5205 1185 5259 aiebat
1213 5221 1225 5258 :
1257 5203 1485 5258 Emittes
1540 5203 1801 5274 Spiritum
1837 5216 2004 5271 tuum,
2038 5217 2086 5260 et

502 5303 856 5364 creabantur;
881 5309 929 5353 et
967 5299 1237 5351 renovabis
1261 5297 1450 5365 [aciem
1479 5308 1636 5351 tet-rte
1665 5298 1730 5354 “.
1761 5300 1857 5352 Cui
1893 5315 2090 5369 cogna-

505 5407 620 5448 tum
665 5404 748 5449 est
779 5393 910 5448 illud
952 5391 1134 5446 lsaizez
1171 5390 1304 5444 Ecce
1331 5408 1423 5458 ego
1451 5408 1572 5445 creo
1612 5393 1766 5446 calas
1809 5410 1964 5448 novos
1987 5433 2000 5456 .
2031 5403 2080 5448 et

502 5493 702 5538 terram
741 5499 966 5546 novam;
995 5491 1044 5536 et
1075 5498 1183 5534 non
1221 5493 1371 5535 erunt
1413 5483 1464 5536 in
1500 5485 1752 5538 memoria
1789 5487 1967 5552 priora
1991 5505 2008 5551 ;
2031 5497 2078 5540 et

503 5593 609 5631 non
634 5581 909 5631 ascendent
934 5591 1090 5644 super
1109 5591 1228 5641 cor;
1253 5577 1342 5629 sed
1365 5577 1658 5648 gaudebitis
1681 5590 1726 5633 et
1749 5581 2078 5636 exsultabitis

580 5753 624 5785 δ’
663 5751 824 5807 Rom.
856 5768 977 5823 xm,
1013 5753 1098 5820 l9,
1128 5753 1219 5813 2|.
1296 5757 1341 5788 "
1372 5756 1516 5813 Psal.
1557 5772 1671 5824 cm,
1709 5758 1792 5813 50.

2184 4565 2276 4616 ἐπ’
2299 4565 2522 4622 ἐλπίδι.
2550 4567 2705 4620 Διότι
2733 4565 2832 4622 και
2869 4563 3022 4632 αὑτὴ
3065 4565 3102 4633 ἠ
3136 4563 3334 4629 κτίσις
3363 4562 3766 4631 ἐλευθερωθήο

2183 4674 2350 4712 σεται
2377 4659 2494 4712 άπὸ
2518 4659 2626 4726 τῆς
2655 4658 2934 4723 δουλείας
2965 4655 3074 4726 τῆς
3117 4653 3365 4726 φθορᾶς,
3397 4657 3492 4708 καὶ
3520 4658 3589 4708 τὰ
3610 4655 3763 4725 ἑξῆς.

2183 4747 2296 4819 Πρὸ
2340 4749 2398 4802 δὲ
2438 4749 2548 4803 τῶν
2582 4748 2870 4820 μακαρίων
2905 4747 3112 4801 τούτων
3182 4745 3321 4818 [καὶ]
3356 4748 3382 4799 ὁ
3415 4745 3568 4814 ἅγιος
3595 4746 3765 4800 Διυῖδ

2180 4840 2396 4910 ψάλλων
2443 4841 2580 4912 πρὸς
2637 4841 2840 4911 Κύριον
2898 4839 3118 4907 ἔλεγενο
3193 4837 3654 4904 Ἐξαποστελεῖς
3694 4839 3767 4892 τὸ

2183 4933 2423 5003 Πνεῦμα
2452 4949 2568 4987 σου
2588 4975 2601 4998 ,
2645 4933 2740 4986 καί
2773 4932 3231 4999 κτισθήσονταιο
3266 4931 3362 4984 καὶ
3397 4930 3766 4997 ἀνακαινιεῑς

2184 5025 2252 5077 τὸ
2281 5025 2606 5092 πρόσωπον
2639 5023 2749 5092 τῆς
2789 5023 2920 5094 γῆς.
2969 5024 3079 5076 Καὶ
3121 5024 3149 5076 ὁ
3204 5021 3427 5083 Ἡσαΐας
3473 5021 3528 5074 δέ
3563 5037 3760 5091 φησιν·

2187 5115 2392 5167 Ἔσται
2417 5117 2448 5168 ό
2481 5116 2729 5182 οὐρανὸς
2766 5115 2993 5180 καινὸς,
3026 5113 3124 5166 καὶ
3151 5115 3188 5182 ἠ
3216 5111 3290 5182 γῆ
3323 5111 3497 5178 καινή
3519 5127 3535 5144 ·
3562 5113 3660 5164 καί
3689 5114 3765 5165 οὑ

2178 5207 2265 5277 μὴ
2303 5207 2620 5277 μνησθῶσι
2651 5206 2770 5261 τῶν
2800 5207 3136 5276 προτέρων,
3177 5206 3273 5259 καί
3315 5207 3387 5259 οὐ
3423 5207 3504 5274 μὴ
3536 5205 3766 5274 ἐπέλθῃ

2182 5301 2279 5353 ἐπὶ
2322 5301 2435 5366 τὴν
2479 5301 2730 5369 καρδίαν
2767 5300 2966 5354 αὐτῶν
3005 5299 3260 5373 [πόνος]⁶
3291 5299 3428 5352 ἀλλ’
3461 5299 3767 5366 εὐερριισύα

2190 5410 2306 5458 νην
2335 5394 2432 5446 καί
2475 5394 2842 5460 ἀγαλμίίασιν
2878 5392 3252 5462 εὑρήσουσιν
3286 5392 3354 5445 ἐν
3394 5389 3566 5458 αὐτῇ.
3606 5387 3766 5460 [Κεὶ]

2188 5486 2432 5549 εἰκότως·
2462 5489 2527 5558 τῇ
2559 5486 2829 5557 ὑπερϐολῇ
2861 5488 2971 5557 γὰρ
3001 5487 3098 5557 τῆς
3127 5486 3365 5556 ἀλήκτου
3401 5483 3760 5554 εὐφροσύνης,

2189 5580 2281 5634 καὶ
2313 5579 2390 5650 τῷ
2445 5579 2662 5649 μεγέθει
2710 5579 2818 5633 τῶν
2853 5579 3122 5648 ἐπάθλων,
3159 5579 3266 5632 τῶν
3310 5581 3365 5632 ὲν
3417 5580 3526 5643 τοῖς
3559 5573 3768 5644 ἀγῶσιν
