4042 6614
340 339 445 402 421

1307 333 1915 398 COMMENTARIUS
1951 336 2038 395 IN
2078 336 2605 400 APOCALYPSIN.

3487 337 3600 404 422

337 454 514 507 ἄθλων
543 452 638 506 καὶ
667 452 845 506 πόνων
875 451 1242 522 ἐπιλήσονται.
1275 452 1385 504 Καὶ
1424 451 1652 522 ἑτέρωθι
1679 451 1733 503 δὲ
1763 451 1790 502 ὁ
1821 451 1917 532 αρ-

2021 465 2182 517 usque
2230 450 2283 501 in
2319 451 2692 520 sempiternum
2725 452 2777 504 in
2822 453 2902 506 liis
2945 469 3062 521 qua:
3102 468 3194 521 ego
3233 468 3349 506 creo
3373 451 3438 504 "'.
3473 451 3595 507 llaec

335 546 431 607 τός
461 560 646 616 φησιν·
685 545 795 596 ’ον
824 545 1047 612 τρόπον
1083 545 1115 596 ό
1158 543 1414 610 οὐρανὸς
1446 541 1688 607 καινὸς,
1736 542 1834 594 καὶ
1875 543 1914 611 ὴ

335 635 414 706 γῆ
444 633 646 701 καινὴ,
673 633 712 687 ἂ
732 634 846 704 ἐγὼ
873 631 1040 700 ποιῶ,
1067 632 1240 702 μενεῖ
1263 631 1518 684 ἐνώπιόν
1539 649 1658 700 μου
1686 649 1697 662 ·
1729 631 1916 697 οὕτως

335 728 509 782 ἔσται
539 727 605 781 τὸ
635 727 873 795 σπέρμα
895 725 1084 795 ὑμῶν,
1111 724 1207 778 καί
1241 725 1306 778 τὸ
1336 723 1520 792 ὄνομα
1541 721 1724 791 ὑμῶν.
1753 723 1915 776 Ὥστε

333 820 436 890 τὴν
487 821 557 874 δι’
593 821 743 891 ἡμᾶς
790 817 1167 888 γεγενημένην
1202 816 1378 870 κτίσιν
1402 854 1417 879 ,
1466 814 1584 885 μεθ’
1627 814 1786 885 ἡμῶν
1820 815 1918 885 τὴν

334 911 431 964 ἐπὶ
478 911 541 964 τὸ
587 912 835 982 κρεῖττον
877 909 1166 962 ἀλλοίωσιν
1205 906 1492 961 ἀκόλουοον
1529 905 1801 976 δέχεσθαι,
1843 906 1917 976 μὴ

334 1004 624 1075 χωροῦσαν
654 1005 730 1068 εἰς
775 1001 1136 1074 ἁνυπαρξίαν,
1169 1000 1358 1071 ὥσπερ
1394 999 1514 1053 οὐδὲ
1565 1000 1727 1070 ἡμεῖς
1781 998 1919 1069 μετὰ

335 1095 592 1150 θάνατον.

2024 544 2132 609 ille,
2174 554 2227 598 ct
2279 545 2505 611 merito;
2555 545 2822 614 siquidem
2877 562 3091 601 summa
3139 562 3414 614 nunquam
3466 548 3596 600 deti-

2024 637 2218 691 cientis
2247 637 2443 692 laetitia}
2475 647 2527 691 ct
2560 637 2846 706 voluptatis
2878 639 3176 706 afﬂuentia,
3215 641 3594 710 prmmiorntn-

2017 743 2122 796 que
2172 744 2235 781 ex
2293 728 2550 798 legitimis
2603 730 2992 786 certaminibus
3051 741 3230 787 ortum
3279 733 3598 786 ducentium

2016 819 2337 887 magnitudo
2359 858 2372 881 ,
2405 818 2647 871 omnium
2684 819 2930 872 laborum
2965 832 3018 874 et
3053 821 3425 874 molestiarum
3471 832 3596 872 ante

2017 918 2392 978 susceptorum
2460 910 2785 964 oblivionem
2849 910 3007 966 facile
3085 913 3313 966 inducit.
3371 911 3434 963 Et
3486 913 3594 964 alio

2016 1015 2235 1054 rursum
2267 1001 2388 1053 loco
2420 1000 2558 1054 idem
2593 1024 2606 1055 ι
2655 1000 2805 1056 Sicut
2834 1003 2951 1056 εωίί
2981 1005 3098 1056 nari
3120 1044 3132 1067 ,
3168 1016 3212 1055 el
3251 1017 3390 1055 terra
3433 1019 3595 1064 nova,

2014 1108 2130 1163 qnw
2169 1108 2260 1160 ego
2297 1093 2435 1162 facio
2483 1105 2625 1147 stare
2669 1109 2847 1146 coram
2881 1112 2978 1162 me,
3015 1097 3142 1148 dicit
3183 1096 3484 1148 Dominus:
3520 1093 3595 1143 sic

331 1184 499 1238 stabit
531 1201 706 1239 semen
746 1193 994 1249 vestrum,
1033 1191 1082 1238 et
1119 1199 1304 1236 nomen
1350 1181 1672 1236 vestrum”.
1737 1180 1953 1236 Rationi
1993 1182 2226 1251 proinde
2295 1183 2516 1236 illorum
2580 1184 2846 1238 sententia
2911 1195 3274 1240 consmtanea
3329 1193 3445 1246 est,
3503 1182 3594 1250 qui

333 1287 672 1343 creaturam,
703 1292 825 1346 quae
855 1276 1022 1332 nostri
1056 1291 1222 1330 causa
1255 1275 1394 1329 facta
1422 1283 1525 1335 est,
1555 1275 1907 1328 mutationem
1949 1274 2166 1343 quidem
2225 1275 2290 1328 ad
2323 1275 2600 1330 meliorem
2656 1282 2856 1330 statum
2921 1292 3028 1330 una
3082 1278 3365 1330 nobiscum
3409 1287 3597 1330 susce-

335 1380 558 1441 pturam
588 1377 861 1435 asserunt,
892 1368 946 1422 in
975 1367 1204 1422 nihilum
1240 1377 1420 1422 autem
1453 1379 1794 1436 nequaquam
1829 1379 2255 1432 concessuram;
2296 1365 2440 1421 sicut
2493 1382 2669 1439 neque
2733 1383 2834 1422 nos
2888 1382 3105 1440 quoque
3136 1378 3258 1439 post
3285 1376 3510 1421 mortem
3542 1365 3596 1420 in

333 1461 472 1517 illud
506 1461 860 1515 transibimus
899 1460 1041 1531 quod
1073 1475 1182 1514 non
1216 1469 1318 1514 est.

411 1551 521 1606 Kal
562 1547 726 1605 εἶδον
775 1551 918 1617 τοὺς
979 1550 1230 1618 νεκροὺς
1273 1549 1417 1616 τοὺς
1455 1549 1760 1619 μεγάλους
1810 1549 1909 1602 καὶ

331 1641 484 1706 τοὺς
519 1641 801 1712 μικροὺς,
839 1640 1101 1707 ἑστῶτας
1149 1640 1407 1696 ἐνώπιον
1444 1641 1550 1694 τοῦ
1593 1641 1775 1695 Θεοῦο
1811 1640 1910 1694 καὶ

2087 1541 2206 1608 XX,
2239 1542 2326 1596 l2.
2356 1541 2420 1595 Et
2454 1542 2558 1596 vidi
2589 1553 2818 1595 mortuos
2847 1558 3063 1612 magnos
3085 1552 3134 1595 et
3163 1543 3405 1608 pusillos,
3429 1555 3584 1601 stan-

2019 1643 2092 1688 tes
2126 1636 2178 1687 in
2209 1642 2484 1701 conspectu
2513 1633 2724 1697 throni;
2745 1642 2794 1686 et
2831 1632 2956 1685 libri
2980 1635 3149 1702 aperti
3171 1645 3303 1691 sunt,
3329 1651 3348 1688 :
3373 1645 3420 1688 et
3443 1637 3586 1692 alius

329 1735 546 1799 βιϐλία
591 1733 962 1802 ἠνοίγησανο
1010 1733 1108 1786 καὶ
1150 1731 1304 1786 ἄλλο
1331 1733 1574 1797 βιϐλίον
1615 1731 1848 1802 ἠνοίγη,
1880 1731 1913 1784 ὅ

2018 1724 2144 1778 liber
2170 1734 2381 1793 apertus
2421 1736 2520 1788 est,
2557 1726 2746 1794 quiest
2776 1726 2896 1778 vitae
2919 1741 2937 1778 :
2967 1734 3016 1777 et
3048 1725 3270 1778 indicati
3295 1735 3418 1778 sum
3452 1744 3594 1780 inor-

334 1827 476 1880 ἐστι
503 1827 613 1894 τῆς
663 1824 844 1894 ζωῆς*
883 1826 982 1879 καί
1015 1826 1346 1894 ἐκρίθησαν
1376 1827 1430 1878 οί
1457 1824 1655 1892 νεκροὶ
1699 1827 1766 1877 ἐκ
1798 1824 1914 1877 τῶν

334 1918 756 1988 γεγραμμένων
807 1917 878 1971 ἐν
930 1916 1053 1983 τοῖς
1101 1918 1384 1983 βιϐλίοις,
1439 1915 1590 1969 κατὰ
1641 1917 1710 1970 τὰ
1769 1917 1914 1986 ἔργα

337 2007 564 2062 αὐτῶν.

410 2098 670 2167 Νεκροὺς
710 2098 766 2150 δέ
810 2115 992 2168 φησιν,
1041 2098 1074 2169 ἢ
1109 2098 1317 2162 πάντας
1341 2098 1678 2168 ἀνθρώπους,
1717 2097 1791 2160 ὡς
1815 2097 1913 2168 τὴν

337 2189 433 2246 τοῦ
466 2190 713 2259 σώματος
741 2190 1004 2258 νέκρωσιν
1037 2191 1466 2260 ὑπομείνανταςο
1493 2190 1524 2260 ἢ
1555 2190 1678 2251 τοὺς
1705 2206 1912 2260 νεκρω-

340 2286 535 2349 οέντας
591 2289 700 2348 τοῖς
761 2285 1185 2356 παραπτώμασι.
1231 2284 1547 2354 Μεγάλους
1592 2283 1774 2336 δὲκαὶ
1818 2302 1913 2352 μι-

339 2379 542 2447 κροὺς,
579 2377 795 2450 [καθὼς
822 2375 1206 2448 προὲφημεν,]
1232 2377 1263 2445 ἢ
1298 2377 1423 2440 τοὺς
1450 2379 1514 2448 τῇ
1547 2376 1730 2446 ἡλικίᾳ
1757 2375 1914 2427 τοῦτο

340 2471 528 2533 ὄντας·
571 2470 603 2540 ῆ
640 2469 769 2532 τοὺς
824 2469 1023 2538 μᾶλλον
1069 2467 1231 2540 [καὶ]
1263 2463 1424 2540 ἦττον
1461 2468 1530 2521 τὰ
1566 2467 1665 2536 τῆς
1703 2464 1910 2536 νεκρὼ-

345 2578 483 2624 σεως
509 2561 649 2630 ἔργα
679 2561 1009 2630 πράξαντας,
1046 2561 1139 2614 καὶ
1185 2560 1462 2627 ἀναλόγως
1508 2563 1629 2623 ταῖς
1679 2559 1912 2627 πράξεσι

340 2651 881 2722 κολασθησομένους·
927 2650 959 2720 ἤ
1014 2650 1144 2724 [τὸ]
1182 2651 1478 2720 μεγάλους
1514 2651 1633 2720 μὲν,
1682 2653 1804 2714 τοὺς
1832 2652 1912 2704 δι-

343 2745 532 2805 καίους
553 2761 566 2774 ·
589 2743 840 2812 μικροὺς
869 2743 925 2796 δὲ
955 2743 1066 2814 [τῷ
1091 2742 1237 2814 ὄντι]
1268 2745 1360 2795 καὶ
1393 2743 1747 2813 μηδαμινοὺς,
1789 2743 1913 2804 τοὺς

344 2834 724 2904 ἁμαρτωλοὺς,
773 2833 1040 2906 Stal-rip]
1084 2836 1180 2904 τῆς
1211 2833 1390 2904 ψυχῆς
1442 2833 1537 2906 [ἐξ
1593 2831 1910 2904 ἁμαρτιῶν]

341 2927 638 2978 εὐτέλειαν.
675 2925 756 2976 Τὰ
782 2924 838 2977 δὲ
861 2926 1072 2990 βιϐλία
1100 2924 1172 2977 τὰ
1196 2925 1570 2994 ἀνοιγόμενα,
1604 2923 1915 2992 σημαντικά

342 3014 458 3065 ἐστι
516 3012 626 3064 τῶν
659 3012 891 3064 ἑκάστου
940 3011 1210 3082 πράξεων,
1253 3015 1346 3066 καὶ
1392 3013 1491 3082 τῆς
1524 3013 1754 3065 ἑκάστου
1785 3030 1911 3065 σνν-
1942 3046 1986 3108 C

342 3101 618 3171 ειδήσεως.
665 3101 730 3152 Ἥ
759 3100 815 3154 δὲ
840 3101 934 3170 pi;
962 3101 1166 3180 βίϐλος,
1198 3100 1414 3173 [wish]
1447 3102 1545 3168 τῆς
1571 3101 1712 3170 ζωῆς
1752 3102 1917 3166 ἐστιν,

342 3188 471 3266 ᾖ’τὰ
504 3193 614 3246 τῶν
649 3193 819 3260 ἁγίων
845 3193 1153 3262 γέγραπται
1182 3195 1440 3263 ὀνόματα.

410 3365 522 3420 Καὶ
545 3365 770 3419 ἔδωκεν
799 3366 838 3433 ἡ
871 3367 1152 3420 θάλασσα
1193 3367 1332 3433 τοὺς
1361 3368 1430 3420 ἐν
1451 3368 1605 3437 αὐτῇ
1626 3371 1880 3438 νεκρούς
1901 3387 1914 3402 ο

343 3456 437 3511 καὶ
471 3460 505 3510 ὁ
549 3456 802 3522 θάνατος
845 3457 940 3510 καί
980 3459 1012 3510 ὀ
1045 3458 1195 3525 ᾅδης
1226 3459 1460 3512 ἔδωκαν
1493 3461 1632 3525 τοὺς
1667 3462 1921 3531 νεκροὺς

343 3546 484 3613 τοὺς
518 3547 590 3601 ἐν
623 3548 848 3614 αὐτοῖς·
889 3549 988 3602 καὶ
1013 3550 1362 3619 ἐκρίθησαν,
1383 3552 1639 3619 ἕκαστος
1676 3555 1824 3644 tanta
1849 3555 1920 3609 τὰ

343 3640 485 3708 ἔργα
515 3639 721 3694 αὐτοῦ.

415 3755 687 3807 Ἔκαστον
719 3754 799 3818 δὲ,
837 3755 998 3825 φησὶ,
1042 3755 1199 3826 σῶμα
1235 3757 1310 3820 εἰς
1340 3757 1482 3829 ἅπερ
1516 3757 1825 3822 ἀναλύεται,
1861 3758 1920 3822 ἐξ

344 3845 567 3898 ἐκείνων
593 3848 687 3897 καὶ
720 3838 1038 3898 συνίσταται
1079 3848 1172 3899 καὶ⁴
1201 3846 1529 3911 ἀναδίδοται,
1566 3849 1672 3899 εἴτε
1707 3850 1776 3918 γῇ
1808 3847 1917 3899 εἴτε

351 3932 599 4002 θαλάσσῃ
645 3933 950 4004 παραδοθῇ.
988 3934 1256 3999 Θάνατος
1285 3935 1338 3987 δὲ
1380 3937 1472 3988 καὶ
1503 3935 1670 4002 ᾅδης,
1704 3937 1763 3988 οὐ
1805 3937 1920 4001 ζῶα

345 4023 588 4094 ἔμψυχα,
639 4024 714 4087 ὡς
755 4026 858 4079 ὑπό
890 4043 1054 4078 τινων
1108 4027 1443 4095 γράφονται·
1496 4029 1631 4082 ἀλλὰ
1666 4027 1920 4094 θάνατος

348 4118 468 4186 μὲν,
498 4117 776 4187 χωρισμὸς
802 4117 978 4188 ψυχῆς
1015 4119 1110 4171 καὶ
1146 4117 1392 4188 σώματος
1419 4135 1432 4149 ·
1469 4119 1618 4187 ᾅδης
1638 4120 1726 4183 δὲ,
1753 4121 1918 4182 τόπος

346 4207 358 4277 |
394 4209 526 4277 ἡμῖν
573 4206 788 4273 ἀειδής,
827 4206 1033 4279 ἤγουν]
1090 4208 1302 4277 ἀφανὴς
1337 4207 1467 4278 [καὶ
1498 4207 1844 4280 ἄγνωστος,]
1890 4210 1918 4262 ὁ

343 4295 440 4358 τὰς
468 4296 644 4365 ψυχὰς
673 4295 875 4368 [ἡμῶν]
919 4297 1170 4349 ἐντεῦθεν
1211 4295 1552 4365 ὲκδημούσας
1602 4297 1911 4366 δεχόμενος.

2017 1817 2094 1869 tui
2115 1833 2178 1870 ex
2197 1817 2278 1870 Itis
2301 1833 2414 1886 quze
2441 1817 2638 1886 scripta
2666 1825 2816 1870 erant
2846 1816 2900 1869 in
2922 1815 3094 1880 libris,
3126 1816 3411 1870 secundum
3439 1833 3595 1887 opera

2014 1907 2271 1976 ipsorum.
3258 1962 3278 1990 ,

2089 2081 2325 2136 Jlortuos
2357 2092 2513 2137 vocat
2551 2093 2644 2137 aut
2682 2098 2874 2138 omnes
2903 2083 3128 2137 omnino
3171 2084 3443 2150 homines,
3473 2096 3596 2139 tan-

2015 2189 2178 2243 quam
2223 2175 2313 2241 qui
2357 2175 2601 2243 corporis
2647 2185 2875 2229 mortem
2911 2175 3325 2240 sustinuerant;
3361 2185 3454 2230 aut
3494 2192 3591 2231 eos

2014 2267 2104 2334 qui
2156 2266 2304 2320 vitiis
2352 2276 2406 2320 et
2460 2268 2696 2334 peccatis
2747 2266 3005 2319 nuntium
3058 2266 3347 2320 miserant.
3408 2267 3594 2338 Magni

2015 2364 2196 2409 autem
2226 2367 2278 2411 et
2311 2359 2461 2426 parvi
2494 2358 2568 2410 illi
2600 2357 2958 2410 nominantur
2989 2357 3075 2425 (ut
3105 2364 3234 2409 ante
3261 2371 3482 2426 quoque
3506 2358 3594 2411 in-

2014 2448 2340 2516 dieavimus)
2363 2450 2454 2519 qui
2485 2458 2641 2503 mtate
2668 2459 2720 2502 et
2749 2457 2956 2503 statura
2983 2448 3163 2517 pusilli
3193 2446 3373 2503 adhuc
3393 2459 3548 2503 erant
3577 2468 3592 2504 :

2015 2548 2109 2592 aut
2143 2539 2176 2593 ii
2200 2549 2346 2594 certe
2384 2540 2475 2608 qui
2501 2539 2701 2594 minori
2723 2546 3040 2614 contemptu
3079 2539 3274 2593 mortis
3300 2553 3464 2608 opera
3493 2540 3592 2594 de-

2015 2624 2314 2696 signarant,
2343 2627 2587 2696 adeoque
2615 2641 2841 2696 operum
2872 2627 3086 2682 ratione
3126 2626 3369 2682 minores
3399 2644 3590 2698 pinnas

2015 2715 2191 2771 daturi
2227 2727 2403 2772 erant.
2435 2719 2544 2772 Aut
2587 2736 2803 2791 magnos
2835 2721 3071 2791 appellat
3115 2721 3332 2792 justos,
3371 2721 3595 2792 pusillos

2015 2819 2215 2874 autem,
2255 2822 2572 2879 peccatores
2611 2827 2624 2864 :
2677 2812 2729 2865 bi
2779 2813 2922 2866 enim
2969 2823 3193 2882 propter
3227 2815 3426 2868 anima:
3463 2816 3592 2868 vili-

2017 2910 2180 2955 tatem
2227 2916 2292 2954 ex
2331 2901 2569 2970 peccatis
2598 2910 2795 2966 ortam,
2826 2902 3029 2956 nullius
3067 2918 3125 2956 re
3159 2904 3274 2972 ipsa
3311 2913 3438 2958 sunt
3471 2920 3593 2958 mo-

2016 2993 2206 3047 menti.
2259 2991 2403 3044 Libri
2434 3001 2613 3046 autem
2665 2991 2832 3059 aperti
2881 2993 3314 3063 uniuscujusque
3337 3009 3499 3063 opt-ra
3534 3005 3594 3051 et

2019 3084 2311 3151 cujuslibet
2340 3097 2559 3136 rursum
2587 3082 2980 3137 conscientiam
3011 3085 3294 3138 denotant.
3319 3085 3420 3139 Ast
3448 3102 3591 3140 unus

2019 3175 2107 3228 ille
2152 3174 2307 3239 liber,
2365 3184 2423 3227 ut
2463 3173 2579 3242 ipse
2618 3172 2842 3239 fatetur,
2888 3182 2971 3228 est
3003 3173 3141 3228 liber
3191 3174 3336 3244 vitaz,
3375 3175 3428 3228 in
3480 3191 3593 3244 quo

2019 3273 2332 3318 sanctorum
2365 3263 2587 3317 nomina
2619 3263 2820 3332 scripta
2851 3272 3000 3317 sunt.

2089 3356 2206 3420 ΧΧ,
2240 3357 2328 3410 15.
2362 3355 2431 3409 Et
2463 3355 2603 3410 dedit
2635 3373 2779 3410 mare
2819 3365 3050 3409 mortuos
3087 3354 3178 3426 qui
3211 3355 3265 3408 in
3294 3372 3352 3409 eo
3397 3367 3592 3424 erant;

2017 3459 2065 3502 et
2098 3466 2236 3502 mors
2254 3458 2301 3502 et
2327 3449 2566 3518 infernus
2595 3449 2849 3502 dederunt
2874 3457 3106 3500 mortuos
3135 3463 3257 3501 suos
3281 3447 3370 3518 qui
3392 3448 3443 3500 in
3463 3448 3594 3516 ipsis

2017 3552 2201 3604 erant;
2238 3549 2286 3593 et
2323 3539 2621 3606 judicatum
2650 3549 2726 3594 est
2762 3541 2826 3594 de
2859 3539 3083 3609 singulis
3114 3539 3395 3593 secundum
3428 3555 3593 3610 opera

2019 3634 2273 3702 ipsorum.

2091 3748 2530 3818 Unumquodque
2580 3760 2781 3815 corpus
2819 3762 2884 3802 ex
2957 3747 3097 3813 illis,
3141 3746 3342 3817 inquit,
3375 3744 3595 3802 instan-

2018 3841 2228 3895 rabitur
2293 3851 2347 3894 et
2385 3841 2749 3910 reparabitur,
2791 3842 2844 3896 in
2883 3857 3003 3911 qua»
3039 3844 3164 3896 dum
3215 3841 3594 3898 resolvebatur

2018 3932 2258 3998 abierat;
2302 3933 2416 3985 sive
2448 3933 2578 3986 illud
2614 3933 2668 3987 in
2710 3942 2908 3987 terram
2943 3933 3177 3998 illatum,
3208 3936 3324 3988 sive
3357 3933 3596 3992 inmare

2019 4026 2286 4094 abjcctntn
2330 4035 2464 4080 erat.
2498 4025 2645 4080 Mors
2689 4035 2872 4082 autem
2902 4034 2956 4079 et
3001 4027 3238 4096 infernus
3288 4042 3398 4082 non
3466 4037 3597 4084 sunt

2017 4119 2140 4170 viva
2186 4117 2464 4180 animalia,
2517 4118 2660 4172 sicut
2709 4133 2738 4171 a
2786 4119 3110 4187 quibusdam
3169 4119 3592 4186 describuntur;

2019 4207 2112 4262 sed
2140 4223 2278 4261 mors
2324 4221 2407 4263 est
2453 4210 2726 4278 separatio
2760 4210 2956 4264 animae
2984 4226 3012 4263 a
3045 4225 3275 4278 corpore
3312 4228 3325 4264 :
3354 4211 3593 4280 infernus

2020 4308 2200 4354 autem
2246 4311 2326 4354 est
2367 4301 2520 4356 locus
2560 4302 2826 4356 obscurus
2892 4301 3158 4371 nobisque
3226 4302 3591 4372 incognitus:

345 4387 562 4455 Νεκραὶ
591 4387 646 4439 δὲ
696 4389 885 4458 ψυχαὶ,
926 4388 982 4440 αἱ
1029 4387 1124 4450 τὰς
1155 4387 1508 4456 νεκροποιοὶις
1539 4388 1768 4456 πράξεις
1799 4389 1918 4439 ἐπι-

2024 4406 2198 4458 neque
2223 4393 2368 4445 enim
2403 4393 2551 4446 locus
2575 4392 2662 4446 ille
2683 4395 2784 4448 sub
2815 4407 3037 4447 sensum
3066 4392 3236 4457 venit,
3269 4393 3364 4462 qui
3385 4393 3595 4463 excipit

345 4480 664 4550 φερόμεναι.
715 4481 966 4534 Δικαίων
1009 4480 1117 4549 γὰρ
1163 4480 1394 4548 ψυχαὶ,
1442 4479 1511 4532 ἐν
1558 4480 1707 4548 χειρί
1747 4478 1918 4542 Θεοῦ,

344 4573 527 4636 καθὼς
573 4574 737 4642 σοφός
765 4590 848 4636 τις
872 4573 1056 4641 ἔλεγεο
1084 4573 1180 4625 καὶ
1224 4573 1296 4626 οὐ
1333 4570 1416 4641 μὴ
1466 4571 1688 4640 ἅψηται
1721 4570 1920 4626 αὐτῶν

343 4668 644 4735 βάσανος.

413 4851 523 4907 Καὶ
553 4854 597 4918 ςδ
630 4849 888 4915 θάνατος
926 4849 1023 4902 καὶ
1061 4851 1094 4903 ό
1133 4848 1283 4916 ᾅδης
1316 4847 1664 4915 ἐϐλήθησαν
1692 4851 1777 4914 είς
1804 4849 1917 4917 τὴν

343 4944 571 5014 λίμνην
597 4941 704 4994 τοῦ
730 4941 939 5007 πυρός.
970 4934 1159 5004 Οὗτος
1190 4942 1222 4992 ὁ
1251 4938 1506 5002 θάνατός
1529 4938 1698 4990 ἐστιν
1718 4941 1750 4991 ό
1782 4937 1916 4990 δεύ-

345 5051 534 5101 τερος,
563 5035 600 5101 ἠ
624 5034 810 5102 λίμνη
841 5032 948 5086 τοῦ
985 5033 1196 5100 πυρός.
1222 5031 1329 5086 Καὶ
1360 5031 1416 5084 εἴ
1436 5048 1527 5096 τις
1566 5032 1678 5099 οὐχ
1704 5030 1918 5100 εὑρεθῇ

347 5127 415 5180 ἐν
455 5125 528 5193 τῇ
554 5125 749 5190 βίϐλῳ
772 5123 882 5191 τῆς
907 5122 1055 5192 ζωῆς
1085 5122 1502 5192 γεγραμμένος,
1538 5119 1804 5190 ἐμϐληθῇ
1832 5123 1918 5188 είς

347 5221 459 5289 τὴν
483 5221 711 5289 λίμνην
737 5214 843 5272 τοῦ
877 5219 1085 5286 πυρός.

415 5312 489 5365 Τὸ
532 5312 590 5364 δὲ
618 5313 724 5364 τὸν
748 5311 1008 5364 θάνατον
1029 5308 1126 5362 καὶ
1149 5309 1254 5361 τὸν
1273 5307 1426 5374 ᾅδην
1449 5308 1535 5372 είς
1561 5305 1675 5374 τὴν
1702 5307 1926 5376 λίμνην

350 5404 453 5459 τοῦ
491 5404 680 5472 πυρὸς
713 5402 1077 5468 βάλλεσθαι,
1128 5400 1278 5470 δηλοῖ
1323 5398 1356 5470 ἢ
1400 5398 1462 5452 τὸ
1502 5399 1922 5469 γεγραμμένον·

355 5499 651 5566 Ἐσχατυς
689 5494 903 5564 ἐχθρὸς
945 5492 1318 5562 καταργεῖται
1348 5494 1380 5546 ό
1412 5491 1666 5557 θάνατος
1697 5507 1710 5519 ο
1743 5491 1776 5562 ἢ
1825 5492 1924 5555 τὰς

2027 4484 2236 4538 animas
2276 4493 2521 4554 mortuas
2562 4483 2688 4538 hinc
2733 4483 3085 4557 emigrantes.
3141 4482 3370 4538 Mortua:
3406 4493 3590 4538 autem

2026 4576 2131 4630 illa:
2162 4577 2434 4637 dicuntur,
2470 4591 2590 4643 quae
2618 4576 2865 4629 aetiones
2900 4573 3207 4630 mortiferas
3230 4590 3414 4630 secum
3449 4576 3594 4631 defe-

2025 4676 2151 4722 runt
2183 4686 2195 4720 :
2228 4668 2580 4736 Atjustorum
2607 4667 2817 4730 animw,
2852 4675 2912 4720 ut
2935 4665 3168 4733 Sapiens
3198 4665 3293 4731 ait,
3336 4668 3390 4719 in
3430 4682 3592 4720 manu

2031 4761 2131 4814 Dei
2165 4771 2308 4822 sunt,
2338 4771 2385 4814 et
2429 4777 2530 4813 non
2568 4769 2741 4828 tanget
2782 4759 2903 4812 illas
2941 4767 3258 4812 tormentum
3308 4760 3492 4812 mortis
3525 4761 3591 4810 “.

2089 4855 2209 4917 XX,
2242 4855 2330 4920 Η,
2365 4853 2454 4907 l5.
2512 4852 2578 4905 Et
2627 4869 2768 4906 mors
2815 4859 2864 4905 et
2913 4851 3147 4918 infernus
3190 4850 3335 4903 missi
3378 4858 3501 4904 sunt
3538 4851 3595 4903 in

2018 4958 2261 5019 stagnum
2292 4948 2447 5017 ignis.
2488 4944 2619 4998 Hazc
2639 4954 2714 4998 est
2744 4960 2883 4998 mors
2912 4944 3238 5007 secunda;et
3263 4943 3354 5012 qui
3390 4959 3491 4995 non
3516 4951 3594 4996 est

2019 5042 2257 5094 inventus
2290 5041 2344 5093 in
2369 5038 2501 5092 libro
2523 5037 2640 5091 vita:
2661 5036 2912 5105 scriptus,
2943 5036 3133 5088 missus
3162 5044 3237 5088 est
3266 5037 3318 5088 in
3347 5045 3592 5105 stagnum

2018 5131 2172 5202 ignis.

2095 5307 2208 5377 98
2241 5303 2466 5359 Mortem
2491 5312 2538 5358 et
2570 5304 2835 5372 infernum
2853 5302 2906 5355 in
2929 5310 3170 5370 stagnum
3199 5300 3332 5370 ignis
3355 5299 3589 5368 conjecta

2021 5413 2156 5460 esse,
2194 5395 2276 5448 vel
2303 5393 2431 5448 illud
2461 5392 2889 5464 signiﬁcatqnod
2915 5393 3176 5458 scriptum
3214 5396 3317 5451 est,
3356 5403 3548 5456 nempe
3572 5430 3589 5455 ,

2027 5485 2324 5540 Novissime
2362 5500 2480 5538 vero
2511 5483 2724 5538 inimica
2754 5480 3054 5534 destruetur
3090 5495 3227 5530 mors
3256 5477 3302 5507 '°
3335 5494 3346 5530 :
3372 5484 3466 5530 aut
3497 5492 3593 5530 ue-

353 5585 639 5656 ττροξένους
670 5584 766 5638 τοῦ
805 5584 907 5654 τῆς
941 5582 1217 5656 ἁμαρτίας
1249 5581 1594 5654 [βαρυτάτου
1629 5582 1724 5636 καὶ
1757 5600 1921 5654 πονη-

2021 5594 2184 5651 quam
2239 5578 2484 5648 spiritus.
2541 5575 2604 5630 lli
2663 5575 2809 5632 enim
2861 5581 3010 5640 sunt,
3063 5570 3156 5642 qui
3207 5568 3587 5640 gravissimam

422 5763 465 5796 ⁸⁷
508 5758 610 5816 lsa.
637 5777 759 5827 ων,
796 5760 884 5829 l7,
918 5760 1002 5813 18.
1081 5758 1125 5792 ⁸⁸
1159 5757 1259 5813 lsa.
1294 5773 1441 5824 vat,
1473 5758 1564 5812 ‘22.
1644 5759 1688 5792 θ’
1719 5756 1849 5829 Sap.
1879 5773 1960 5825 nt,
1989 5757 2038 5814 l.

2116 5758 2161 5790 "°
2195 5756 2213 5809 l
2244 5755 2370 5811 Cor.
2409 5772 2496 5824 xv,
2529 5757 2617 5812 26.
