4034 6580
467 367 569 429 42¹1

541 477 651 548 Ego
683 475 880 528 sitienti
903 471 1041 525 dabo
1074 471 1138 524 de
1177 471 1321 539 [ante
1350 482 1503 538 nquw
1529 467 1647 520 vita:
1685 467 1874 519 aratis.

543 677 702 746 100
721 671 1225 742 Siticntijustitiam
1253 666 1451 723 viviﬁci
1476 665 1713 737 Spiritus
1730 664 1959 731 gratiam
1994 676 2054 717 se

470 773 727 825 daturqu
759 767 1268 837 pollicetur;quam
1289 762 1344 816 in
1373 759 1672 829 Evangelio
1705 771 1926 826 quoque
1949 755 2054 808 illis

473 860 762 933 promittit,
794 858 888 928 qui
925 857 979 911 in
1012 857 1190 926 ipsum
1226 852 1488 910 credituri
1523 859 1730 906 essent.
1761 847 1938 900 Gratis
1956 862 2056 899 au-

474 970 584 1011 tem
610 964 664 1010 et
696 955 835 1008 hanc
861 963 914 1007 et
943 965 1067 1021 quae
1110 951 1252 1004 hanc
1299 955 1607 1016 sequuntur
1654 943 1902 1011 largitur,
1929 940 2055 1009 quia

475 1047 756 1119 praesentis
779 1044 1045 1114 temporis
1072 1039 1397 1096 aﬁlirtioucs
1432 1052 1538 1090 non
1576 1044 1705 1089 sunt
1733 1035 1910 1103 dign:e
1935 1047 2058 1101 quae

476 1157 602 1196 eum
639 1139 820 1194 futura
863 1137 1078 1202 gloria,
1115 1149 1234 1203 qua:
1283 1131 1488 1186 sanctis
1521 1127 1794 1190 Obveniet,
1837 1141 2060 1195 compa-

478 1243 688 1287 rentur.
713 1230 822 1282 Aut
849 1227 1046 1296 gratis;
1080 1224 1209 1294 quia
1233 1219 1482 1292 pecuniis
1512 1218 1698 1289 parari
1729 1217 1938 1286 nequit,
1963 1215 2059 1270 sed

475 1326 639 1379 bonis
664 1332 873 1376 tantum
905 1316 1189 1387 operibus,
1215 1313 1446 1385 ejusque
1477 1308 1766 1366 clementia
1794 1309 1887 1378 qui
1926 1321 2063 1378 pra:-

477 1416 645 1470 bcbit.

548 1523 691 1588 XXI,
726 1523 779 1576 ’7.
835 1522 940 1588 Qui
971 1519 1174 1584 vicerit,
1219 1516 1507 1588 possidebit
1558 1517 1706 1579 lucc;
1748 1524 1798 1568 et
1846 1529 1936 1568 ero
1979 1513 2062 1566 illi

480 1619 639 1683 Deus,
667 1627 714 1672 et
742 1615 822 1670 illi
847 1616 944 1670 erit
985 1613 1113 1667 mihi
1149 1613 1313 1680 ﬁlius.

549 1755 676 1822 Qui,
711 1752 910 1822 inquit,
957 1749 1245 1805 victoriam
1291 1748 1558 1802 adversus
1604 1745 1791 1800 hostes
1823 1742 1917 1814 qui
1957 1742 2064 1798 sub

1677 351 2006 412 ANDREzE
2043 349 2560 411 CESARIENSIS

2085 475 2128 528 Α
2171 463 2313 531 Ἐγὼ
2341 463 2420 530 τῷ
2442 461 2696 532 διψῶντι
2722 459 2893 516 δώσω
2923 461 2992 513 ἐκ
3020 457 3130 526 τῆς
3159 455 3356 527 πηγῆς
3389 459 3493 512 τοῦ
3523 456 3735 524 ὕδατος

3628 344 3741 407 4Ξό

2159 555 2270 624 τῆς
2309 554 2458 622 ζὶυῆς
2496 553 2749 623 δωρεάν.

2229 667 2320 738 Τῷ
2343 668 2397 721 δὲ
2425 667 2649 737 διψῶντι
2701 667 2798 738 τὴν
2843 665 3207 736 δικαιοσύνην,
3261 660 3517 737 παρέξειν
3568 666 3743 734 ἐπαγ-

2159 761 2408 828 γέλλεται
2437 762 2536 833 τὴν
2566 762 2725 832 χάριν
2760 759 2854 812 τοῦ
2892 757 3160 823 ζωοποιοῦ
3204 757 3546 828 Πνεῦματος,
3590 757 3658 829 ἢν
3682 759 3743 812 ἐν

2159 857 2272 919 τοῖς
2307 853 2659 923 Εὐαγγελίοις
2686 852 2952 922 ὑπέσχετο
2973 853 3084 915 τοῖς
3107 851 3184 913 εἰς
3209 849 3373 903 αὑτὸν
3399 849 3741 904 πιστεύουσι.

2159 948 2391 1016 Δωιεὰν
2421 948 2498 1012 δὲ,
2529 947 2611 1000 ὅτι
2641 948 2740 1000 οὐκ
2780 945 2906 1010 ἄξια
2939 945 3005 998 τά
3039 944 3340 1016 παθήματα
3378 942 3472 997 τοῦ
3500 943 3594 996 νῦν
3621 958 3746 997 και-

2164 1040 2259 1112 ροῦ
2295 1041 2429 1111 πρὸς
2459 1040 2556 1111 τὴν
2590 1040 2894 1110 μέλλουσαν
2921 1039 3081 1104 δόξαν
3110 1040 3222 1100 τοῖς
3257 1037 3432 1105 ἁγίοις
3465 1031 3744 1089 ἀποκαλύ⁸

2163 1134 2418 1188 πτεσθαι.
2468 1134 2539 1186 Ἦ
2570 1132 2802 1203 δωρεὰν,
2833 1133 2914 1186 ὅτι
2940 1132 3040 1185 οὐκ
3069 1130 3186 1182 ἐστι
3210 1128 3416 1200 ταύτην
3443 1129 3745 1201 χρήμασιν,

2164 1226 2277 1280 ἀλλ’
2323 1225 2508 1296 ἔργοις
2562 1226 2787 1294 ἀγαθοῖς
2833 1224 3162 1297 κτήσασθαι,
3219 1224 3314 1277 καὶ
3359 1219 3747 1293 φιλανθρωπίᾳ.

2162 1319 2258 1372 τοῦ
2292 1318 2641 1391 παρέξοντος.

2254 1523 2304 1574 Ὀ
2349 1519 2533 1576 νικῶν
2582 1525 3032 1594 κληρονομήσει
3087 1526 3270 1579 ταῦτα
3302 1542 3316 1556 ο
3377 1523 3478 1577 καί
3535 1521 3748 1591 ἔσομαι

2168 1613 2326 1680 αὐτῷ
2360 1615 2523 1680 Θεὸς,
2555 1615 2650 1669 καὶ
2683 1617 2866 1683 αὐτὸς
2889 1617 3056 1671 ἔσται
3091 1636 3193 1687 μοι
3227 1618 3377 1682 υἱός.

2252 1747 2311 1801 '0
2333 1746 2390 1800 δὲ
2422 1747 2611 1814 νικῶν,
2641 1748 2800 1818 φησὶ,
2827 1749 2920 1800 τὸν
2949 1749 3086 1820 πρὸς
3111 1751 3237 1813 τοὺς
3267 1750 3534 1820 ἀοράτους
3562 1750 3754 1821 δαίμο-

481 1854 762 1915 aspectum
805 1859 910 1896 uon
949 1841 1195 1902 veniunt,
1231 1837 1564 1899 obtinuerit,
1603 1835 1744 1890 bona
1773 1834 1839 1889 dc
1865 1834 2066 1903 quibus

2170 1857 2266 1903 νας
2310 1839 2571 1911 πόλεμον,
2621 1840 2729 1894 τῶν
2763 1839 2987 1908 ἀγαθῶν
3041 1840 3248 1894 τούτων
3292 1840 3584 1907 τεύξεται,
3637 1842 3752 1905 υἰὸς

483 1939 570 1992 hic
597 1951 778 1992 sermo
804 1943 908 1997 est,
948 1940 1338 2001 consequetur,
1366 1928 1461 1984 Dei
1506 1927 1765 1981 nimirum
1799 1923 1944 1981 ﬁlius
1981 1924 2062 1980 ei-

481 2030 680 2092 fectus,
718 2026 988 2094 bonisque
1032 2021 1275 2092 paternis
1338 2029 1504 2090 atque
1554 2017 1771 2074 deliciis
1804 2025 1922 2078 tuto
1957 2032 2063 2087 po-

483 2123 634 2176 litus.

550 2251 694 2317 XXI,
732 2250 783 2306 8.
825 2247 1046 2302 Timirlis
1076 2254 1272 2310 autem,
1312 2253 1360 2298 et
1395 2241 1706 2307 incredulis,
1740 2251 1790 2296 et
1816 2255 2060 2294 exsecra-

484 2347 574 2406 tis.
613 2353 660 2398 et
702 2340 1003 2402 Itomicidis,
1047 2348 1095 2391 et
1141 2334 1592 2407 fornicatoribus,
1633 2343 1682 2388 et
1720 2333 1981 2400 veneﬁcis,
2014 2343 2060 2385 et

483 2434 810 2496 idololatris,
837 2441 882 2485 et
910 2429 1150 2482 omnibus
1184 2427 1543 2489 mendacibus,
1574 2442 1698 2495 pars
1729 2425 1941 2478 illorum
1965 2423 2062 2476 erit

489 2529 545 2582 in
571 2535 756 2594 stagno
790 2521 997 2577 ardenti
1027 2521 1143 2591 igne
1172 2530 1219 2574 et
1246 2519 1515 2589 sulphure,
1544 2518 1682 2588 quod
1712 2527 1787 2571 est
1818 2533 1957 2570 mors
1982 2531 2062 2570 se-

488 2620 684 2675 cauda.

560 2838 701 2892 Deus
731 2835 964 2891 salutem
994 2826 1235 2886 noStram
1271 2829 1426 2882 avide
1470 2828 1685 2896 sitiens,
1728 2827 1795 2882 ad
1843 2827 2060 2880 illorum

487 2931 754 2984 honorum
781 2922 1172 2984 hazreditatem,
1207 2934 1328 2989 qua:
1359 2920 1472 2988 ipse
1515 2919 1674 2974 nobis
1715 2920 2061 2990 pra'paravit,

489 3019 682 3090 partim
709 3015 929 3087 quidem
963 3011 1202 3084 perlaeta
1233 3019 1287 3064 et
1313 3011 1579 3079 jucunda,
1614 3011 1812 3081 partim
1844 3023 2062 3063 rursum

487 3128 583 3182 per
609 3109 784 3166 tristia
815 3119 868 3163 et
890 3107 1107 3174 acerba,
1137 3107 1203 3162 ad
1224 3106 1460 3162 ofﬁcium
1490 3103 1800 3159 iaciendum
1833 3102 2064 3157 subinde

2171 1931 2304 1984 Θεοῦ
2344 1931 2636 2003 γενόμενος
2663 1970 2678 1997 ,
2725 1931 2821 1986 καὶ
2869 1934 2984 1996 τοῖς
3028 1937 3420 2003 πνευματικοῖς
3469 1933 3752 2005 ἐντρυφῶν

2169 2025 2412 2093 ἀγαθοῖς.

2247 2243 2372 2310 Τοῖς
2413 2242 2481 2296 δὲ
2526 2243 2750 2309 δειλοῖς
2795 2243 2893 2297 καί
2923 2243 3204 2310 ἀπίστοις
3232 2243 3352 2316 [καὶ
3380 2242 3752 2312 ἁμαρτωλοῖς

2170 2335 2292 2407 καὶ]
2321 2335 2779 2406 ἐϐδελυγμένοις
2813 2335 2910 2388 καί
2942 2335 3197 2404 φονεῦσι
3241 2335 3338 2389 καὶ
3365 2337 3610 2403 πόρνοις
3654 2334 3755 2388 και

2169 2428 2503 2499 φαρμακοῖς
2553 2427 2650 2480 καὶ
2705 2427 3191 2496 εἰδωλολάτραις,
3253 2429 3353 2482 καί
3413 2427 3564 2482 πᾶσι
3627 2421 3756 2491 τοῖς

2170 2521 2449 2590 ψευδέσι,
2485 2518 2551 2573 τὸ
2579 2520 2762 2588 μέρος
2796 2516 2994 2574 aeui»?
3038 2519 3108 2573 ἐν
3147 2519 3222 2589 τῇ
3267 2521 3450 2589 λίμνῃ
3486 2517 3558 2586 τῇ
3588 2535 3752 2572 καιο-

2166 2611 2340 2681 μένῃ,
2403 2610 2545 2678 πυρὶ
2580 2610 2676 2662 καὶ
2711 2609 2868 2676 θείῳ·
2902 2609 2934 2662 ὅ
2983 2609 3153 2663 ἐστιν
3191 2611 3269 2682 [0']
3325 2611 3600 2678 δεύτερος
3647 2607 3752 2664 θά-

2170 2720 2372 2767 νατος.

2256 2835 2313 2887 '0
2343 2834 2451 2904 γὰρ
2477 2834 2647 2904 διψῶν
2679 2835 2773 2905 τὴν
2814 2835 3089 2905 σωτηρίαν
3120 2834 3277 2905 ἡμῶν
3303 2834 3454 2899 Θεὸς,
3488 2833 3756 2888 πάντοθεν

2173 2928 2318 2999 ἡμᾶς
2354 2929 2432 2990 εἰς
2460 2928 2557 2998 τὴν
2591 2927 2954 2998 κληρονομίαν
2997 2928 3107 2980 τῶν
3158 2929 3250 2981 ἀπ’
3287 2927 3452 2981 αὑτοῦ
3505 2926 3752 2996 ἀγαθῶν,

2171 3021 2259 3075 διά
2280 3019 2621 3091 τεχρηστῶν
2646 3019 2732 3072 διά
2766 3037 2823 3072 τε
2856 3020 3196 3090 σκυθρωπῶν
3236 3020 3628 3090 προτρέπεται·
3658 3018 3753 3072 ὑπ’

2172 3115 2294 3184 δψιν
2325 3115 2455 3184 ἡμῖν
2488 3115 2636 3181 ἄγων
2679 3113 2780 3184 ’τὴν
2815 3114 2912 3182 τῆς
2952 3114 3064 3167 ἂνω
3111 3112 3470 3183 Ἰερουσαλὴμ
3507 3111 3757 3183 λαμπρο-

486 3220 588 3260 nos
639 3203 912 3258 hortatur.
958 3197 1118 3254 Modo
1168 3214 1409 3269 namque
1458 3212 1710 3267 superna:
1759 3194 2060 3250 Jerusalem

2170 3223 2323 3274 τητα,
2354 3203 2496 3276 ικαὶ]
2529 3204 2628 3274 τῆς
2659 3205 2888 3273 γεέννης
2923 3203 3018 3258 τοῦ
3053 3204 3223 3276 πυρὸς
3257 3205 3356 3276 τὴν
3397 3206 3610 3275 ἀφεγγῆ
3658 3205 3756 3259 καὶ

488 3297 832 3368 splendorem
866 3292 938 3348 ob
995 3293 1185 3347 oculos
1224 3291 1385 3346 nobis
1418 3290 1672 3362 proponit
1705 3307 1717 3343 :
1754 3289 1917 3343 moth
1945 3303 2063 3341 rur-

487 3405 609 3445 sum
656 3388 947 3443 obscuram
990 3384 1309 3455 dolorisque
1368 3385 1585 3454 plenam
1627 3382 1887 3452 gehennae
1927 3379 2069 3451 ignis

488 3481 839 3536 acerbitatem
874 3480 929 3534 in
986 3481 1314 3534 memoriam
1347 3477 1590 3543 reducit;
1614 3491 1724 3546 quo
1742 3475 1826 3529 vel
1854 3485 2070 3528 aeternae

489 3573 678 3645 gloria:
712 3572 1038 3639 ;desiderio,
1082 3571 1167 3626 vel
1208 3570 1435 3624 inﬁnitae
1479 3567 1822 3623 confusionis
1879 3577 2024 3622 metu
2053 3610 2067 3635 ,

489 3669 618 3720 dum
662 3676 874 3734 tempus
913 3664 1064 3728 sinit,
1095 3677 1383 3732 operemur
1400 3662 1625 3716 bonum.
1649 3659 1784 3715 Cum
1819 3659 2073 3729 repudia-

490 3759 562 3814 tis
585 3767 641 3814 et
676 3757 998 3818 exsecratis,
1027 3756 1349 3825 carterisque
1378 3753 1471 3825 qui
1506 3752 1572 3807 ad
1602 3753 1898 3808 secundam
1925 3765 2070 3805 mor-

491 3861 599 3905 tem
652 3851 1109 3913 condemnamur,
1167 3847 1389 3901 timidos
1435 3859 1673 3916 quoque,
1723 3844 1828 3898 hoc
1876 3853 1982 3906 est,
2017 3844 2068 3896 in

493 3943 731 4000 ferendis
773 3942 1054 3998 laboribus
1099 3950 1154 3995 et
1198 3939 1469 3994 molestiis
1529 3935 1905 3999 elieminatos,
1944 3948 2070 3989 ncc-

491 4052 600 4093 non
633 4035 687 4090 in
719 4035 864 4090 lucta
885 4043 1080 4088 contra
1111 4031 1389 4087 diabolum
1418 4030 1642 4100 ignavos
1684 4038 1739 4083 et
1773 4027 1931 4097 quasi
1963 4025 2072 4080 fra-

492 4141 612 4185 ctos
671 4135 940 4183 recenset.
980 4124 1200 4181 Utinam
1249 4139 1397 4192 eum,
1431 4123 1522 4194 qui
1556 4120 1823 4177 sacriﬁt-io
1857 4118 2073 4175 miseri.

492 4222 732 4277 cordiam
764 4230 1094 4287 anteponere
1119 4217 1425 4279 consuevit,
1454 4224 1910 4285 peccatorumque
1940 4227 2071 4266 con-

493 4313 798 4368 versionem
833 4310 1006 4381 magis
1050 4323 1214 4379 quam
1255 4308 1470 4361 illorum
1520 4314 1747 4359 mortem
1781 4301 2068 4366 desiderat,

495 4405 654 4462 bouis
691 4404 950 4473 operibus
988 4403 1061 4456 ita
1099 4401 1382 4472 placemus
1426 4397 1838 4468 propitiumque
1875 4393 2073 4448 redda-

494 4509 639 4559 mus,
671 4500 730 4547 ut
756 4491 900 4546 dona
932 4491 1023 4545 illa
1053 4499 1108 4545 et
1159 4488 1446 4552 beneﬁcia,
1481 4503 1604 4556 qua:
1630 4501 1738 4539 non
1769 4483 1948 4539 solum
1978 4497 2074 4552 per

2174 3297 2444 3368 ὀδυνηρὰν
2472 3296 2928 3365 σκυθρωπότητα·
2957 3296 3043 3350 ἵνα
3069 3297 3104 3366 ἢ
3157 3295 3282 3368 [τῷ]
3321 3296 3470 3367 πόθῳ
3495 3297 3592 3364 τῆς
3625 3297 3758 3350 αἰω·

2172 3391 2286 3444 νίου
2334 3389 2512 3459 δόξης,
2545 3388 2576 3459 ἢ
2613 3389 2761 3458 φόϐῳ
2808 3389 2904 3458 τῆς
2953 3390 3263 3459 ἀπεράντου
3315 3388 3599 3458 αἰσχύνης,
3650 3387 3756 3451 ἕως

2173 3481 2366 3551 καιρός
2395 3481 2534 3544 ἐστι,
2561 3479 2621 3531 τὸ
2645 3478 2848 3548 ἀγαθὸν
2873 3479 3256 3550 ἐργασώμεθαο
3283 3480 3358 3544 ώς
3381 3481 3506 3542 τοὺς
3531 3479 3756 3542 λοιποὺς

2173 3572 2680 3643 ἀπηγορευμένους,
2716 3575 2810 3626 καὶ
2839 3572 2966 3636 τοὺς
2997 3573 3206 3635 δειλοὺς
3236 3575 3330 3625 καὶ
3371 3573 3668 3643 ἀνάνδρους
3697 3574 3754 3626 ἐν

2174 3667 2241 3736 τῇ
2291 3665 2430 3718 κατὰ
2476 3663 2570 3716 τοῦ
2613 3663 2861 3717 διαϐόλου
2905 3664 3070 3735 πάλῃ,
3118 3663 3196 3734 τῷ
3253 3665 3495 3736 δευτέρῳ
3538 3665 3755 3734 θανάτῳ

2175 3760 2354 3836 φήσας
2396 3757 2991 3827 καταδικασθήσεσθαι.
3027 3758 3242 3811 Γένοιτο
3272 3759 3328 3812 δὲ
3373 3759 3520 3829 ἡμᾶς
3547 3758 3637 3810 τὸν
3668 3757 3758 3810 θε-

2173 3850 2333 3921 λετὴν
2355 3849 2446 3903 τοῦ
2467 3849 2674 3913 ἐλέους,
2695 3850 2788 3902 τὸν
2815 3851 2888 3921 μὴ
2913 3850 3006 3903 τὸν
3031 3851 3261 3905 θάνατον
3285 3850 3384 3904 τοῦ
3402 3850 3754 3922 άμαρτωλοῦ,

2174 3939 2309 3992 ἀλλὰ
2338 3939 2437 4010 τὴν
2473 3939 2821 4010 ὑποςτροφὴν
2854 3939 3076 3994 θέλοντα
3101 3980 3116 4002 ,
3152 3941 3356 4008 ἐξιλεου
3371 3943 3568 4011 μένους
3613 3941 3757 4008 ἀγα-

2175 4030 2294 4093 οαῖς
2321 4029 2573 4101 πράξεσι,
2600 4029 2706 4083 τῶν
2729 4030 2894 4084 αὑτοῦ
2921 4034 3104 4102 τυχεῖν
3160 4033 3406 4104 δωρεῶν,
3440 4033 3504 4096 ἃς
3532 4035 3664 4102 ἡμῖν
3693 4033 3754 4085 οὐ

2179 4125 2338 4194 μόνον
2369 4125 2490 4187 ταῖς
2523 4123 2609 4177 διὰ
2653 4123 2827 4191 λόγων
2867 4127 3278 4194 παραινέσεσιν,
3313 4125 3453 4178 ἀλλά
3492 4124 3585 4178 καὶ
3631 4126 3754 4188 ταῖς

2174 4214 2242 4266 δι’
2274 4212 2449 4285 ἔργων
2484 4214 2580 4268 καὶ
2620 4213 2809 4268 παθῶν
2849 4215 3236 4285 προύξένησεν.
3297 4215 3448 4280 Ἐξδν
3473 4216 3581 4286 γάρ
3605 4215 3757 4285 αὐτῷ

2175 4305 2510 4375 ἀρκεσθῆναι
2544 4307 2736 4375 μόναις
2766 4310 2886 4371 ταῖς
2924 4308 3019 4361 τοῦ
3069 4306 3278 4376 ἀγαθοῦ
3311 4306 3417 4380 [τε]
3451 4309 3545 4360 καὶ
3582 4306 3756 4362 κακοῦ

2176 4383 2514 4468 προτρθιαῖς
2548 4399 2630 4471 [τε
2679 4402 2774 4455 καὶ
2807 4399 3194 4473 άποτροπαῖς,]
3226 4402 3318 4454 καὶ
3366 4401 3503 4471 μετὰ
3534 4401 3691 4454 τοῦτο
3723 4400 3758 4470 ἢ

2176 4489 2401 4542 κολάσαι
2429 4489 2461 4558 ἢ
2495 4490 2727 4562 τιμῆσαι
2759 4492 2888 4555 τοὺς
2916 4491 3098 4556 ἀξίους
3124 4492 3155 4562 ἢ
3185 4492 3460 4554 κολάσεως
3491 4492 3522 4562 ἢ
3553 4490 3713 4560 δόξης
3738 4529 3755 4552 .

493 4601 777 4640 sermones
803 4585 1230 4649 exhortatorios,
1272 4595 1464 4636 verum
1513 4578 1676 4632 etiam
1710 4592 1805 4646 per
1831 4590 1995 4644 opera
2023 4585 2066 4628 et

2181 4582 2208 4631 ὁ
2232 4580 2287 4632 δέ
2346 4581 2442 4634 καὶ
2476 4583 2668 4637 παθεῖν
2697 4585 2764 4638 δι’
2794 4587 2942 4655 ἡμᾶς
2974 4587 3076 4639 οὐκ
3121 4584 3454 4655 ἀπηξίωσεν·
3489 4586 3576 4637 ἵνα
3615 4585 3758 4654 μήτε

493 4675 818 4732 amictiencs
869 4676 1029 4730 nobis
1055 4673 1350 4729 conciliare
1407 4669 1636 4732 studuit,
1681 4667 1910 4720 feliciter
1943 4681 2072 4719 con-

492 4782 806 4839 sequamur.
841 4767 978 4822 Cum
1013 4765 1160 4821 enim
1194 4773 1279 4819 sat
1311 4762 1385 4816 illi
1411 4776 1534 4816 csse
1570 4759 1840 4828 potuisset
1878 4758 1944 4811 ad
1974 4757 2073 4810 bo-

494 4875 624 4915 num
673 4869 881 4913 tantum
929 4871 1030 4910 nos
1058 4853 1361 4915 exhortari,
1408 4860 1460 4904 et
1502 4865 1531 4903 a
1562 4849 1706 4903 malo
1730 4851 2071 4910 absterrere,

491 4961 546 5006 et
583 4962 707 5022 post
744 4951 845 5003 hoc
891 4947 1064 5017 gloria
1091 4953 1186 4999 aut
1221 4958 1380 5013 paena
1413 4943 1630 5010 dignos,
1667 4942 1941 4994 honorare
1979 4949 2075 4993 aut

497 5045 688 5112 punire
711 5082 726 5108 ,
768 5056 876 5094 non
909 5039 1014 5094 fuit
1043 5037 1195 5091 hisce
1221 5043 1545 5098 contentus;
1579 5048 1764 5088 verum
1799 5035 1908 5102 pati
1939 5047 2075 5102 quo-

494 5151 600 5199 que
627 5133 801 5190 nostri
823 5147 987 5188 causa
1022 5129 1230 5195 voluit;
1268 5143 1378 5198 quo
1403 5128 1504 5182 hac
1539 5127 1749 5181 ratione
1778 5141 1956 5196 neque
1980 5143 2067 5182 vo-

495 5230 720 5283 luntatis
744 5235 947 5282 nostra:
970 5223 1276 5278 libertatem
1311 5219 1548 5285 laederet,
1575 5235 1748 5288 neque
1767 5220 2065 5288 quidquam

493 5335 682 5376 eorum
715 5331 834 5387 qua;
869 5316 935 5370 ad
986 5321 1231 5368 nostram
1269 5311 1593 5367 medicinam
1631 5319 1685 5364 et
1731 5308 2067 5364 emendatio-

493 5426 616 5465 nem
656 5409 916 5471 l'acerent,
964 5402 1380 5476 praetermisisse
1416 5403 1592 5473 palam
1642 5410 1945 5470 appareret.
1990 5399 2067 5454 Nc

2171 4671 2251 4740 τῷ
2287 4670 2619 4744 αὑτεξουσίῳ
2665 4672 2996 4746 λυμήνηται,
3041 4677 3180 4747 μήτε
3229 4678 3371 4746 φανῇ
3423 4692 3478 4727 τι
3514 4673 3761 4745 παριδὼν

2173 4763 2270 4831 τῆς
2319 4763 2477 4833 ἡμῶν
2525 4765 2764 4834 ἰατρείας
2795 4769 2888 4819 καὶ
2936 4765 3359 4836 ἐπανορθώσεως
3406 4766 3614 4819 ἕνεκεν.
3664 4765 3761 4830 Μὴ

2174 4854 2352 4908 τοίνυν
2379 4857 2458 4919 εἰς
2488 4858 2645 4910 κενὸν
2677 4858 2776 4928 τὴν
2806 4859 2966 4929 χάριν
3000 4859 3094 4913 τοῦ
3130 4859 3265 4912 Θεοῦ
3299 4857 3607 4928 δεξώμεθα,
3639 4857 3760 4911 ἀλλ’

2176 4947 2532 5018 ἐμπράκτους
2582 4950 2748 5004 αὑτοῦ
2798 4953 2897 5014 τὰς
2935 4951 3259 5020 εὐεργεσίας
3298 4951 3366 5003 δι’
3417 4951 3766 5020 ἐπιστροφῆς

2176 5039 2270 5092 καὶ
2301 5040 2480 5111 ἔργων
2509 5041 2730 5110 ἀγαθῶν
2758 5043 3071 5110 ἐπιδείξεως
3105 5047 3442 5116 ποιήσωμεν,
3473 5045 3620 5108 ὅπως
3647 5044 3763 5096 τῶν

2175 5133 2603 5203 ἐπηγγελμένων
2623 5136 2846 5205 ἀγαθῶν
2867 5138 3215 5208 ἐπιτύχωμεν
3237 5140 3292 5191 ἐν
3319 5137 3516 5210 [αὐτῷ]
3537 5135 3766 5204 Χριστῷ

2175 5224 2252 5294 τῷ
2280 5225 2399 5296 Θεῷ
2425 5226 2600 5297 ἡμῶν·
2635 5228 2753 5298 μεθ’
2779 5221 2840 5281 οὗ
2870 5228 2948 5299 τῷ
2973 5231 3148 5299 Πατρὶ
3176 5230 3293 5301 ἅμα
3318 5229 3396 5301 τῷ
3423 5230 3563 5300 ἁγίῳ
3588 5229 3768 5282 Πνεύο

2179 5333 2330 5385 ματι,
2361 5316 2456 5370 νῦν
2490 5320 2584 5373 καὶ
2609 5320 2697 5374 ἀεὶ
2728 5321 2822 5374 καὶ
2857 5323 2936 5385 εἰς
2975 5323 3102 5385 τοὺς
3128 5322 3329 5385 αἰῶνας
3363 5321 3494 5395 [τῶν
3518 5321 3762 5394 αἰώνων]

2173 5408 2321 5472 δόξα,
2357 5411 2578 5480 κράτος.
2621 5413 2816 5484 Ἀμήν.

493 5506 798 5575 proin-.lein
832 5518 1028 5557 vanum
1049 5501 1144 5556 Dei
1194 5500 1425 5572 gratiam
1482 5499 1873 5567 suscipiamus,
1914 5513 2100 5552 verum
2142 5517 2241 5571 per
2282 5508 2697 5564 conversionem
2768 5512 3149 5583 bonorumque
3191 5528 3416 5583 operum
3479 5512 3759 5568 exercita-

495 5599 720 5658 tionem,
747 5594 1005 5649 beneﬁcia
1031 5590 1178 5647 illius
1223 5591 1462 5647 eﬁicacia
1502 5590 1554 5643 in
1619 5589 1779 5644 nobis
1839 5587 2144 5656 iaciamus;
2181 5607 2292 5662 quo
2337 5598 2730 5665 promissorum
2773 5602 3041 5656 bonorum
3095 5605 3359 5657 thesauro
3405 5603 3618 5656 tandem
3657 5617 3760 5671 ρο-

495 5689 718 5748 tiamur,
758 5685 811 5738 in
846 5685 964 5755 ipso
991 5684 1210 5741 Christo
1237 5686 1344 5742 Dco
1371 5693 1580 5747 nostro,
1631 5698 1755 5736 cum
1816 5697 1925 5751 quo
1951 5679 2066 5735 Patr

2170 5695 2202 5738 rt
2269 5702 2458 5746 sancto
2499 5693 2822 5764 vivilicoquc
2879 5695 3106 5765 Spiritui
3156 5699 3223 5751 sit
3265 5698 3463 5766 gloria,
3499 5713 3666 5760 nurtc,
3697 5705 3759 5750 et

495 5792 734 5848 semper,
769 5778 901 5833 etin
941 5779 1138 5833 szecula
1179 5781 1522 5834 sajculorum.
1553 5779 1746 5832 Amen.
