4042 6572
501 291 603 358 ιδι
1708 287 2038 349 ΑΝΒΒΕΑΞ
2076 289 2591 354 ΟιῈΒΑΒίΕΝΞΙΒ
3656 305 3766 368 433

505 408 793 475 eidemque
814 402 1099 470 assistunt,
1118 400 1213 474 qui
1238 399 1429 469 majori
1456 397 1666 470 praediti
1695 407 1823 456 sunt
1854 401 2080 456 scientia

2185 401 2411 456 ἕπεσθαι
2443 402 2659 472 φύλακα
2704 406 3176 480 πεπιστεύκαμεν.
3207 409 3388 482 πολλῷ
3419 410 3620 482 μᾶλλον
3649 417 3764 478 τοῖς

507 507 561 554 et
614 494 1034 564 sanctimonia).
1090 491 1148 546 Si
1197 492 1344 546 enim
1403 491 1558 560 102
1614 491 2080 564 unumquentlibet

2187 491 2545 562 θεμελιωταῖς
2579 495 2681 568 τῆς
2737 499 3065 570 Ἐκκλησίας
3116 502 3211 555 καὶ
3255 503 3351 558 τοῦ
3399 503 3762 575 εὐαγγελικοῦ

509 588 783 643 hominem
826 586 1036 641 ﬁdelem
1087 584 1378 655 angelum,
1441 584 1535 653 qui
1584 584 1832 639 custodis
1883 583 2080 654 ﬁdique

2184 581 2345 653 λόγου
2379 585 2662 657 σπορεῦσι,
2697 589 2821 654 τοὺς
2847 591 2904 644 ὲν
2936 590 3190 660 ἀγγέλοις
3223 593 3604 663 πρωτεύοντας
3638 587 3766 652 συνὲ

509 679 777 750 paedagogi
811 693 1012 732 munus
1044 677 1228 740 obeat,
1261 676 1512 730 sortitum
1543 675 1837 740 credimus,
1878 685 2080 746 quanto

2182 675 2378 746 εργούς
2421 677 2556 747 πρὸς
2603 678 2663 732 τὸ
2703 680 3057 750 εὐαγγελικδν
3098 681 3284 758 [εἶναι]
3323 687 3588 758 κήρυγμα
3619 691 3762 744 νοεῖ·

503 773 708 842 justius
756 768 980 824 credere
1029 768 1292 822 debemus
1339 765 1547 836 primos
1581 762 1839 820 Ecclesia:
1883 764 2080 820 funda-

2184 767 2310 822 σθαι
2359 769 2675 826 ἀκόλουθον.
2729 774 2810 828 Τὰ
2856 775 2911 828 δὲ
2941 776 3206 847 ὀνόματα
3251 779 3368 836 τῶν
3401 780 3617 850 φυλῶν
3649 781 3758 836 τοῦ

509 876 674 928 tores,
701 861 962 930 verbique
987 857 1285 928 evangelici
1311 856 1788 926 proseminatores,
1813 855 1879 911 ad
1906 854 2080 912 Evan-

2181 856 2403 927 νοητοῦ
2437 860 2684 929 Ἰσραὴλ
2725 862 2825 918 ἐπὶ
2859 866 2991 934 ταῖς
3029 869 3466 937 ἀποστολικαῖς
3492 872 3758 940 εἰσόδοις

507 955 632 1026 gelii
673 952 1117 1026 praedicationem
1149 965 1242 1004 eos
1287 965 1351 1003 ex
1381 949 1589 1018 angelis
1621 948 1880 1003 habuisse
1926 949 2080 1019 adju-

2181 951 2512 1022 γέγραπται·
2549 956 2738 1028 ἐπειδὴ
2784 959 2881 1014 καὶ
2928 961 2998 1015 τὰ
3029 961 3122 1017 τοῦ
3157 963 3416 1032 αἰσθητοῦ
3446 966 3504 1019 ἐν
3541 967 3607 1036 τῇ
3661 966 3760 1020 ἐπ-

509 1057 678 1108 tores,
705 1043 797 1114 qui
829 1043 1032 1111 primas
1060 1040 1198 1096 inter
1222 1052 1409 1092 onmes
1435 1035 1792 1090 obtinebant?
1812 1034 2080 1091 Caeterum

2181 1041 2340 1112 ωμίδι
2369 1043 2464 1098 τοῦ
2487 1046 2654 1101 πάλαι
2689 1049 2831 1104 κατὰ
2863 1051 3057 1122 καιρὸν
3089 1053 3392 1124 ἀρχιερέως
3419 1034 3752 1127 ἐγέγραπτοο

508 1138 721 1193 nomine
765 1134 995 1188 tribuum
1051 1127 1309 1199 spiritalis
1372 1124 1592 1179 Israelis
1657 1124 1957 1192 apostolicis
1997 1124 2082 1177 in-

508 1229 770 1302 gressibus
795 1226 1051 1292 iuscripta
1094 1222 1371 1276 dicuntur.
1402 1216 1536 1272 Nam
1577 1216 1765 1272 eadem
1794 1216 1848 1270 in
1871 1216 2080 1272 externi

508 1320 839 1386 sensilisque
868 1311 1140 1385 pontificis
1167 1307 1416 1381 epomide
1472 1307 1600 1363 olim
1633 1322 1851 1377 quoque
1879 1321 2077 1362 secun-

505 1415 634 1468 dum
657 1422 873 1479 tempus
902 1405 1162 1474 inscripta
1190 1400 1632 1458 continebantur.
1655 1401 1733 1456 Ad
1755 1408 2075 1471 praisetttem

503 1515 684 1560 autem
731 1500 1015 1556 nominum
1074 1492 1488 1565 inscriptionem
1525 1491 1669 1563 quod
1710 1501 1938 1562 spectat.
1984 1492 2073 1547 illa”

503 1597 822 1668 praeclarum
842 1607 984 1648 curre
1006 1598 1059 1644 et
1084 1586 1461 1651 sollicitudini,
1484 1601 1644 1654 quam
1671 1585 1899 1654 apostoli
1925 1585 2071 1639 circa

2179 1131 2274 1184 uol.
2301 1131 2462 1204 γὰρὴ
2500 1136 2692 1210 Γραφὴ
2729 1139 2824 1192 νῦν
2855 1140 2944 1195 διὰ
2971 1142 3080 1196 τῶν
3105 1144 3388 1215 ὀνομάτων
3419 1146 3626 1201 τούτων
3656 1147 3758 1219 τὴν

2179 1223 2308 1294 περὶ
2329 1224 2436 1279 τῶν
2460 1228 2665 1281 πιστῶν
2692 1231 2961 1303 μέριμναν
2984 1237 3096 1296 τοῖς
3117 1237 3435 1302 ἀποστόλοις
3467 1256 3757 1309 προσμαρ-

2183 1319 2357 1387 τυρεῖ*
2394 1318 2577 1384 καθὼς
2611 1324 2638 1376 ό
2675 1323 2889 1390 Παῦλός
2936 1344 3100 1398 φησιν
3150 1329 3293 1401 ἔχειν
3349 1330 3448 1403 τὴν
3479 1333 3759 1405 μέριμναν

2183 1406 2376 1460 πασῶν
2402 1409 2510 1462 τῶν
2552 1411 2909 1487 Ἐκκλησιῶν,
2945 1418 3039 1470 καὶ
3069 1418 3167 1492 τὴν
3192 1419 3421 1492 καρδίαν
3450 1421 3613 1473 αὐτοῦ
3649 1438 3752 1476 πι-

2184 1497 2506 1568 πλατύνθαι,
2558 1505 2651 1557 καὶ
2700 1506 2906 1572 πάντας
2957 1514 3153 1583 χωρεῖν
3183 1511 3276 1576 οὓς
3323 1513 3485 1577 αὐτὸς
3534 1513 3622 1566 διὰ
3658 1513 3756 1567 τοῦ

2182 1589 2515 1660 Εὐαγγελῐου
2544 1595 2822 1670 ἐγέννησε.

504 1690 690 1744 tideles
715 1688 976 1751 habuere,
1014 1681 1383 1737 testimonium
1415 1679 1716 1750 perhibent.
1751 1678 1858 1733 Sed
1900 1695 2073 1748 neque
2111 1683 2386 1750 apostolus
2439 1686 2643 1746 Paulus
2677 1709 2896 1767 quoque
2949 1696 3226 1752 incassum
3253 1697 3496 1754 omnium
3565 1696 3756 1753 Ectle-

507 1789 710 1842 sisrum
751 1798 881 1839 cura
931 1797 991 1836 se
1044 1778 1218 1850 tangi.
1269 1790 1541 1846 suumque
1583 1789 1698 1842 εον,
1738 1789 1848 1844 quo
1888 1789 2079 1830 omnes
2109 1793 2249 1846 quos
2305 1796 2401 1851 per
2429 1781 2780 1858 Evangelium
2841 1801 3103 1860 genuerat
3163 1807 3355 1862 capere
3381 1801 3583 1864 posset,
3618 1793 3758 1847 dilav

506 1884 608 1937 tari
650 1878 996 1952 prmdicabat.

572 1975 714 2037 XXI,
752 1972 838 2026 15.
898 1971 974 2023 Ab
1025 1972 1224 2021 oriente
1269 1975 1436 2036 ρον-ια’
1485 1974 1618 2028 tres.
1655 1975 1698 2017 et
1741 1966 1804 2016 ab
1837 1963 2081 2034 aquilone
2114 1971 2154 2025 Β

501 2079 668 2137 portm
716 2074 852 2128 tres,
898 2070 945 2116 et
992 2059 1058 2114 ob
1091 2069 1273 2113 austro
1317 2067 1483 2128 porta:
1532 2066 1654 2121 tres,
1708 2060 1853 2108 etab
1891 2071 2077 2110 occasu

500 2171 667 2230 portae
702 2168 825 2210 tres.

573 2328 986 2401 Quadripartita
1014 2336 1298 2400 portarum
1330 2323 1526 2394 ﬁgura,
1552 2331 1609 2378 et
1632 2323 1830 2394 triplex
1860 2337 2078 2380 earum-

504 2427 629 2482 dem
652 2421 964 2494 explicatio,
995 2419 1356 2474 sanctissima:
1377 2417 1775 2486 adorandaaque
1795 2415 2080 2475 Trinitatis

507 2519 838 2589 agnitionem
864 2528 964 2583 per
1001 2509 1460 2583 quadripartitum
1490 2509 1676 2565 orbem
1703 2508 1960 2565 diﬂ'usam
2001 2509 2080 2564 si-

505 2611 726 2682 gniﬁcat
760 2626 774 2662 :
809 2621 931 2677 qua:
978 2620 1108 2660 sane
1151 2603 1356 2674 agnitio
1410 2617 1507 2673 per
1553 2601 1826 2658 viviﬁcam
1861 2617 2076 2658 crucem

506 2700 701 2771 obtigit
747 2697 946 2752 nobis:
996 2695 1262 2764 siquidem
1311 2703 1592 2764 portarum
1643 2695 1972 2765 compositio
2022 2701 2078 2750 et

505 2792 794 2864 dispositio
825 2789 1096 2860 ejusmodi
1139 2796 1258 2851 est,
1288 2797 1349 2841 ut
1399 2787 1582 2841 crucis
1609 2786 1844 2857 speciem
1878 2802 1989 2856 pra:
2017 2801 2078 2841 se

504 2887 664 2942 ferat.
724 2883 864 2938 Sunt
921 2879 1065 2935 etaim
1125 2880 1350 2949 digesta
1394 2879 1460 2934 ad
1501 2876 1735 2932 formam
1785 2878 2073 2933 duodecim

503 2980 691 3040 boum,
737 2973 831 3043 qui
880 2986 1030 3026 mare
1075 2985 1288 3024 aeneum
1339 2985 1370 3024 a
1423 2969 1712 3025 Salomone
1764 2969 2076 3024 conlectum

501 3067 911 3129 sustentabant,
964 3063 1407 3133 tripartitumque
1449 3061 1822 3132 apostolorum
1858 3071 2076 3132 quater-

501 3163 744 3225 nionem,
778 3169 980 3214 sancta:
1009 3155 1293 3210 Trinitatis
1323 3169 1649 3226 prteconem,
1679 3156 2070 3226 designabant;

497 3255 554 3301 ct
579 3254 812 3316 quatuor
841 3244 1026 3298 itidem
1062 3243 1519 3314 evangelisturutn
1550 3243 1617 3299 ad
1646 3255 1886 3314 quatuor
1915 3253 2072 3300 terra:

2267 1962 2411 2018 Ἀπὸ
2442 1965 2782 2039 ἀνατολῆς,
2819 1968 3099 2039 πυλῶνες
3143 1971 3321 2040 τρεῐςο
3366 1974 3484 2030 ἀπὸ
3525 1976 3755 2048 βορρᾶ.

2181 2055 2458 2124 πυλῶνες
2491 2059 2665 2130 τρεῖςο
2699 2062 2821 2117 ἀπὸ
2865 2066 3066 2132 νότου,
3104 2063 3382 2134 πυλῶνες
3429 2070 3605 2138 τρεῖς·
3636 2073 3758 2126 ἀπὸ

2179 2147 2449 2220 δυσμῶν,
2499 2153 2780 2224 πυλῶνες
2823 2157 3000 2226 τρεῖςο
3054 2160 3151 2214 καὶ
3195 2160 3315 2215 ἀπὸ
3360 2166 3754 2239 μεσημϐρίας,

2178 2240 2457 2310 πυλῶνες
2482 2245 2659 2314 τρεῖς.

2253 2334 2324 2389 Τὸ
2375 2335 2432 2390 δὲ
2486 2341 2828 2411 τετραμερὲς
2881 2345 3067 2414 σχῆμα
3098 2347 3207 2400 τῶν
3251 2348 3534 2415 πυλώνων,
3579 2353 3673 2406 καὶ
3719 2356 3752 2425 ἡ

2179 2427 2378 2496 τρισσὴ
2408 2428 2588 2484 αὐτῶν
2630 2430 2951 2500 ἀνάπτυξις,
2983 2434 3084 2505 τὴν
3128 2436 3191 2489 ὲκ
3219 2437 3320 2508 τῆς
3347 2443 3754 2510 τετραπεράτου

2178 2520 2504 2592 οἰκουμένης
2565 2526 2663 2595 τῆς
2714 2528 3096 2598 προσκυνητῆς
3152 2527 3470 2604 [παναγίας]
3526 2535 3758 2605 Τριάδος

2177 2610 2372 2682 δηλοῦν
2405 2612 2549 2686 [τὴν]
2583 2616 2901 2686 ἐπίγνωσιν,
2944 2619 3010 2692 ἣν
3036 2620 3122 2675 διὰ
3155 2621 3248 2674 τοῦ
3285 2622 3548 2688 ζωοποιοῦ
3585 2644 3753 2680 σταυ-

2183 2696 2277 2767 ροῦ
2329 2699 2654 2772 εἰλήφαμεν,
2711 2705 3048 2773 ὲξείληπται.
3125 2710 3477 2780 Σταυροειδὲς
3531 2715 3639 2785 γὰρ
3695 2716 3757 2769 τὺ

2182 2789 2365 2859 σχῆμα
2387 2790 2484 2861 τῆς
2511 2794 2621 2846 τῶν
2653 2794 2912 2851 πυλώνων
2946 2798 3167 2865 θέσεως,
3217 2802 3359 2855 κατὰ
3388 2803 3449 2859 τδ
3482 2799 3616 2869 εἶδος
3643 2805 3754 2859 τῶν

2182 2878 2250 2949 ιβ’
2277 2879 2439 2950 βοῶν,
2481 2883 2532 2938 οἳ
2572 2886 2671 2956 τὴν
2705 2886 2812 2940 ὑπὸ
2850 2889 3197 2959 Σολομῶντος
3235 2896 3756 2968 κατεσκευασμένην

2180 2971 2454 3027 θάλασσαν
2487 2975 2808 3045 ἐϐάσταζον,
2859 2983 3358 3054 χαρακτηρίζοντες
3405 2986 3503 3059 τὴν
3541 2988 3755 3058 τριαδι-

2178 3061 2280 3135 κὴν
2311 3064 2420 3118 τῶν
2443 3066 2755 3122 ἀποστόλων
2783 3073 3110 3142 τετρακτὺν,
3141 3075 3241 3145 τὴν
3270 3075 3368 3146 τῆς
3396 3078 3556 3149 ἁγίας
3584 3081 3754 3154 Τριά-

2179 3154 2267 3219 δος
2290 3158 2528 3230 κήρυκα·
2559 3164 2654 3215 καὶ
2680 3163 2779 3232 τὴν
2817 3164 2924 3218 τῶν
2957 3167 3242 3237 τεσσάρων
3272 3169 3626 3239 Εὐαγγελίων
3655 3175 3750 3227 ἐκ-

2181 3247 2406 3318 πομπὴν
2439 3249 2519 3313 είς
2546 3251 2614 3304 τὰ
2654 3253 2896 3323 τέσσαρα
2925 3256 3024 3326 τῆς
3061 3257 3163 3327 γῆς
3219 3259 3460 3329 πέρατα⁶
3509 3262 3576 3315 δι’
3608 3259 3676 3336 ἧς
3717 3266 3754 3338 ἡ

506 3339 643 3395 lines
683 3337 1055 3394 emissionem.
1087 3333 1192 3390 Per
1245 3336 1391 3405 quod
1449 3335 1614 3391 etiam
1649 3337 1892 3406 spiritale
1934 3337 2071 3393 sacri

2181 3339 2341 3412 νοητὴ
2367 3341 2612 3398 Θάλασσα
2642 3344 2735 3398 τοῦ
2775 3344 2981 3420 [ἁγίου]
3028 3348 3426 3422 βαπτίσματος,
3459 3356 3492 3422 ἠ
3541 3333 3754 3410 annua;

502 3431 848 3504 baptismatis
871 3443 1044 3494 mare,
1078 3429 1226 3500 quod
1259 3429 1523 3484 mundum
1546 3443 1576 3482 a
1604 3431 1845 3499 peccatis
1863 3431 2072 3499 expiat,

501 3539 598 3593 per
630 3520 920 3592 mysticum
952 3517 1302 3574 Salomonetn
1349 3520 1708 3574 constitutum
1752 3528 1808 3575 et
1855 3519 2077 3574 institu-

503 3621 642 3677 tum,
667 3611 1119 3666 adumbrabatur.

571 3703 720 3769 XXI,
755 3705 840 3757 14.
874 3702 939 3759 Et
985 3718 1167 3756 murus
1211 3702 1441 3757 civitatis
1474 3699 1698 3756 habebat
1730 3701 2076 3770 fundamenta

503 3795 798 3860 duodecim,
832 3803 882 3849 et
924 3795 979 3846 iu
1034 3793 1162 3858 ipsis
1211 3792 1485 3847 duodecim
1515 3792 1750 3859 nomina,
1801 3791 2075 3846 duodecim

505 3885 864 3956 apostolorum
891 3883 1046 3954 Agni.

575 3975 951 4030 Fundamenta
987 3972 1166 4036 muri,
1203 3971 1415 4039 inquit,
1449 3972 1592 4028 beati
1641 3983 1769 4030 sunt
1809 3976 2072 4046 apostoli;

501 4086 664 4140 super
695 4067 794 4122 hos
822 4065 967 4120 enim
1014 4063 1215 4120 Christi
1257 4063 1498 4120 Ecclesia
1546 4065 1765 4121 fundata
1792 4077 1894 4124 est.
1924 4068 2074 4134 Quo-

500 4178 621 4218 rum
656 4160 874 4216 nomina
917 4158 972 4214 in
1024 4158 1130 4213 illis
1182 4158 1350 4213 veluti
1400 4159 1456 4213 in
1499 4159 1680 4215 tabula
1715 4163 1950 4232 quadam
1987 4163 2075 4216 in-

498 4255 703 4323 scripta
744 4257 906 4314 sunt,
962 4248 1027 4302 ad
1079 4248 1422 4304 commodam
1463 4263 1656 4306 eorum
1709 4251 1802 4320 qui
1859 4250 2072 4320 legunt,

497 4358 591 4404 aut
624 4347 803 4414 legere
841 4346 1063 4408 volunt,
1099 4343 1540 4398 instructionem.

566 4439 713 4503 XXI,
752 4439 840 4494 15.
883 4437 950 4490 Et
975 4438 1063 4506 qui
1093 4437 1400 4506 loquebatur
1430 4451 1650 4499 mecum,
1680 4434 1898 4488 habebat
1931 4450 2076 4486 men-

499 4549 682 4588 suram
722 4532 1072 4583 arundineam
1110 4545 1347 4594 auream,
1394 4536 1450 4580 ut
1487 4528 1759 4579 metiretur
1789 4525 2074 4590 civitatem,

499 4637 546 4680 et
571 4632 755 4695 portas
783 4623 896 4691 ejus
927 4631 974 4675 et
1005 4637 1233 4674 murum.

580 4714 830 4768 Mensura
859 4728 1019 4765 aurea
1052 4721 1365 4779 utrumque,
1406 4710 1459 4762 et
1492 4706 1860 4762 mensurantis
1888 4707 2078 4777 (quem
2114 4687 2156 4740 Ῑ)

2181 3430 2444 3502 θαίρουσα
2473 3439 2564 3488 τὸν
2597 3437 2800 3507 κόσμον
2834 3441 2895 3491 ὲκ
2939 3440 3046 3492 τῶν
3086 3442 3394 3512 ἁμαρτιῶν,
3439 3443 3520 3519 [ἡ]
3548 3449 3612 3499 ἐκ
3659 3448 3756 3504 τοῦ

2180 3526 2373 3595 νοητοῦ
2405 3529 2648 3582 συστᾶσα
2679 3530 3044 3602 Σολομῶντος,
3078 3534 3424 3598 εἰκονίξεται.

2254 3709 2365 3765 Kal
2396 3709 2463 3764 τὸ
2492 3710 2690 3780 τεῖχος
2718 3709 2827 3779 τῆς
2855 3713 3086 3780 πόλεως
3117 3713 3263 3784 ἕχον
3293 3719 3605 3786 θεμελίους
3642 3720 3758 3774 δώ-

2177 3805 2342 3862 δεκα·
2374 3810 2472 3861 καὶ
2505 3806 2596 3860 ἐπ’
2619 3805 2819 3862 αὐτῶν
2841 3807 3071 3864 δώδεκα
3096 3811 3358 3880 ὀνόματα
3382 3811 3501 3867 τῶν
3528 3814 3759 3870 δώδεκα

2179 3898 2541 3952 ἀποστόλων
2567 3899 2675 3953 τοῦ
2715 3901 2969 3968 Ἀρνίου.

2251 3987 2505 4058 Θεμέλιοι
2529 3988 2586 4044 δὲ
2621 3989 2716 4045 τοῦ
2739 3991 2974 4062 τείχους,
3014 3991 3219 4066 [καθώς
3247 3996 3463 4070 quam]
3491 3999 3538 4052 oi
3582 3999 3760 4069 μακάο

2185 4079 2290 4152 ριοί
2320 4083 2455 4134 εἰσιν
2479 4081 2790 4137 ἀπόστολον
2835 4085 2924 4154 ἐφ’
2947 4079 3026 4150 οἷς
3051 4088 3083 4157 ἡ
3119 4088 3212 4143 τοῦ
3243 4090 3481 4160 Χριστοῦ
3530 4092 3759 4161 Ἐκκλη-

2184 4172 2274 4226 σία
2304 4172 2710 4244 τεθεμελίωται·
2749 4167 2824 4229 ὧν
2847 4177 2914 4230 τὰ
2945 4177 3203 4248 ὀνόματα,
3232 4180 3309 4244 ὡς
3338 4182 3394 4233 ὲν
3436 4187 3753 4254 προγραφῇ.

2178 4264 2390 4320 τούτοις
2416 4265 2838 4337 ἐπιγέγραπται,
2862 4269 2999 4342 πρὸς
3022 4271 3122 4341 τὴν
3143 4272 3252 4325 τῶν
3272 4274 3756 4342 ἀναγινωσκόντων

2179 4356 2497 4426 εὐμάθειαν.

2247 4449 2354 4502 Καὶ
2390 4451 2422 4502 d
2458 4451 2666 4505 λαλῶν
2685 4455 2810 4521 μετ’
2845 4454 3013 4525 ἐμοῦ.
3036 4452 3161 4526 εἶχε
3195 4456 3454 4530 [μέτρον]
3481 4461 3757 4530 κάλαμον

2183 4539 2476 4606 χρυσοῦν,
2519 4543 2617 4596 ἵνα
2640 4545 2912 4614 μετρήσῃ
2944 4547 3058 4614 τὴν
3093 4551 3294 4609 πόλιν,
3345 4551 3441 4605 καὶ
3472 4551 3613 4618 τοὺς
3645 4567 3758 4608 πυ·

2184 4627 2384 4695 ,λῶνας
2421 4630 2654 4706 [αὐτῆς]
2695 4636 2793 4689 καὶ
2827 4636 2893 4689 τὸ
2926 4637 3122 4707 τεῖχος
3155 4640 3365 4708 αὐτῆς.

2270 4720 2330 4773 '0
2370 4725 2641 4792 χρυσοῦς
2669 4726 2725 4780 δὲ
2753 4728 3026 4797 κάλαμος
3079 4730 3232 4798 δηλοῖ
3259 4731 3318 4784 τὸ
3347 4733 3527 4801 τίμιον
3555 4733 3650 4788 τοῦ
3696 4751 3757 4788 τε

507 4809 561 4861 in
596 4804 838 4859 hominis
878 4817 1098 4873 quoque
1151 4802 1330 4872 specie
1377 4799 1673 4869 cernebat)
1705 4799 2080 4856 excellentiam

2189 4815 2509 4887 μετροῦντος
2529 4819 2784 4887 ἀγγέλου,
2807 4821 2866 4873 ὃν
2881 4822 3296 4894 ἀνθρωποειδῶς
3326 4799 3626 4895 ἐθεώρησε,
3665 4829 3758 4882 καὶ

503 4908 557 4954 et
582 4895 902 4964 dignitatem
924 4935 938 4958 ,
971 4904 1024 4949 et
1065 4901 1392 4948 mensurata:
1421 4906 1639 4946 rursum
1681 4891 1918 4947 civitatis
1947 4909 2082 4962 pra:-

2183 4905 2284 4975 τῆς
2319 4910 2694 4978 μετρουμένης
2721 4911 2954 4978 πόλεως,
2983 4911 3049 4985 ἦς
3075 4919 3252 4985 τεῖχος
3295 4917 3385 4972 τὸν
3413 4919 3648 4985 Χριστὸν
3670 4919 3762 4987 ἑξ-

506 4988 788 5053 stantiam,
815 4986 1117 5057 signiﬁcat;
1155 4983 1314 5051 cujus
1369 4979 1583 5037 murum
1633 4983 1909 5039 Christum
1963 5000 2080 5040 esse

2187 4998 2472 5067 ελάεομεν·
2505 5002 2603 5069 οὐχ
2649 5002 2753 5053 ὑπὸ
2785 4979 3108 5074 ἀνθρώπων,
3158 4979 3262 5059 ὐπὸ
3304 4979 3616 5074 δὲάγγέλον
3662 4979 3761 5077 μὲ-

500 5085 612 5155 jam
657 5090 786 5136 ante
820 5079 1205 5134 indicavimus.
1255 5076 1598 5131 Mensuratur
1629 5085 1806 5130 autem
1855 5075 1967 5132 haec
2005 5076 2082 5131 ci-

503 5179 663 5240 vitas,
687 5190 797 5229 non
823 5173 891 5228 ab
919 5173 1194 5233 omnibus,
1226 5171 1318 5226 sed
1342 5171 1409 5225 ab
1435 5170 1671 5241 angelis;
1697 5171 1762 5222 ad
1789 5169 2074 5241 designan-

503 5271 628 5325 dam
693 5267 1026 5339 singularem
1108 5273 1428 5317 naturarum
1502 5263 2069 5332 supermundanarum

499 5359 822 5416 munditiam
875 5368 927 5411 et
979 5357 1322 5427 sapientiam.
1360 5354 1454 5410 Est
1507 5367 1765 5426 praeterea
1819 5372 2070 5427 supernae

498 5455 644 5510 illius
679 5451 914 5507 civitatis
943 5451 1262 5521 magnitudo
1287 5463 1339 5506 et
1385 5453 1651 5522 elegantia
1696 5468 1805 5522 pra:
1834 5452 2067 5515 caeteris.

2187 5091 2510 5161 τρουμένης,
2551 5091 2637 5146 διὰ
2681 5093 2742 5148 τὸ
2785 5096 3024 5168 καθαρὸν
3063 5100 3157 5152 καὶ
3188 5101 3350 5168 σοφὸν
3390 5099 3496 5151 τῶν
3525 5101 3761 5170 ὑπερκο-

2189 5183 2364 5252 σμίων
2407 5183 2643 5252 φύσεων’
2693 5181 2818 5255 αἷς,
2859 5189 2934 5254 ὡς
2977 5191 3144 5255 εἰκὸς,
3188 5192 3456 5258 ἔγνωσται
3497 5195 3594 5261 τῆς
3647 5193 3761 5246 ἄνω

2186 5272 2394 5335 πόλεως
2420 5273 2480 5325 τό
2507 5291 2564 5326 τε
2599 5275 2850 5344 μέγεθος,
2875 5278 2910 5350 ἦ
2944 5296 3001 5332 τε
3039 5281 3363 5353 εὐπρέπεια·
3393 5280 3677 5351 ἡγούμεθα
3703 5281 3761 5336 δι

2185 5361 2381 5431 τεῖχος
2429 5364 2664 5418 ἐνταῦθα
2713 5368 2806 5420 καὶ
2853 5368 2950 5439 τὴν
2989 5369 3138 5426 θείαν
3169 5372 3460 5441 περιϐολὴν
3495 5370 3588 5424 καὶ
3631 5369 3762 5424 σιέ-

2184 5471 2296 5526 πην
2318 5455 2576 5519 νοεῖσθαι,
2608 5459 2665 5510 ἐν
2758 5460 2808 5512 οἱ
2838 5459 2983 5531 ἅγιοι
3013 5462 3469 5534 φυλαχθήσονται.

497 5559 557 5602 ιιι
603 5549 878 5603 versimile
920 5549 998 5614 ﬁt,
1049 5549 1154 5604 illis
1203 5550 1440 5619 cognita.
1490 5548 1593 5604 Per
1619 5567 1826 5603 murum
1865 5559 2047 5605 autem
2087 5550 2285 5606 divina:
2333 5554 2656 5609 munitionis
2697 5567 2860 5627 atque
2903 5560 3260 5628 protectionis
3302 5572 3541 5630 septum,
3565 5557 3756 5629 inquo

500 5648 680 5701 sancti
712 5655 824 5700 tute
855 5645 1254 5711 custodientur,
1286 5647 1455 5716 accipi
1501 5646 1602 5700 hoc
1634 5647 1754 5700 loco
1802 5663 1963 5716 posse
1994 5647 2348 5702 arbitramur.

573 5741 728 5813 103
770 5740 910 5810 XXl,
954 5742 1039 5797 16.
1088 5742 1154 5796 Ει
1189 5741 1376 5796 civitas
1422 5741 1474 5793 in
1510 5738 1712 5808 quadro
1754 5741 1927 5809 posita
1960 5751 2076 5806 est,-

2259 5743 2371 5797 Καὶ
2416 5745 2453 5813 ἠ
2478 5747 2655 5813 πόλις
2694 5747 3057 5818 τετράγωνος
3089 5747 3271 5803 κεῖται
3293 5765 3305 5777 ·
3340 5747 3438 5803 καί
3473 5749 3537 5804 τό
3563 5749 3763 5820 μῆκος
