4042 6564
291 548 364 614 33
1228 547 1832 610 COMMENTARIUS
1874 549 1955 610 [Ν
1989 547 2516 611 APOCALYPSIN.

3408 551 3517 615 434

246 660 448 729 αὐτῆς
478 660 629 715 ὅσον
656 659 720 716 τὸ
758 660 1017 729 πλάτος·
1051 661 1148 715 καί
1179 661 1471 731 ἐμέτρησε
1502 660 1618 727 τὴν
1652 661 1824 715 πόλιν

1937 673 1983 715 et
2018 659 2288 732 longitudo
2340 662 2451 730 ejus
2486 669 2635 715 tanta
2672 670 2781 728 est,
2824 673 3022 733 quanta
3055 673 3103 719 et
3136 662 3388 718 latitudo.
3449 665 3515 718 l’t

246 755 328 806 ἐν
352 753 430 818 τῷ
458 754 710 823 καλάμῳ
740 751 838 807 ἐπὶ
861 751 1128 808 σταδίων
1163 753 1393 807 δώδεκα
1420 752 1728 821 χιλιάδων·
1754 752 1829 806 τὸ

240 846 453 913 μῆκος
480 845 691 914 αὐτῆς,
743 844 840 900 καί
884 845 952 900 τὸ
1002 846 1231 913 πλάτος
1270 845 1366 899 καὶ
1405 847 1469 899 τὸ
1501 845 1679 914 ὕψος,
1728 846 1836 899 ἶσα

246 937 411 989 ἐστι.

336 1026 709 1096 Τετράγωνος
738 1028 793 1083 δὲ
822 1029 859 1095 ἠ
887 1030 1063 1093 πόλις
1095 1029 1289 1087 κεῖται,
1307 1025 1471 1081 διὰτὸ
1494 1024 1708 1097 ἑδραῖον
1740 1025 1834 1078 καὶ

248 1124 455 1190 πάγιον
476 1140 490 1153 ·
518 1124 579 1176 τὸ
608 1125 715 1195 γὰρ
743 1126 884 1177 κατὰ
902 1143 960 1177 τε
987 1124 1149 1193 βάθος
1181 1125 1273 1177 καὶ
1306 1124 1479 1193 μῆκος
1507 1124 1602 1176 καὶ
1634 1122 1834 1184 πλάτος

251 1215 578 1286 ἰσόπλευρον
640 1218 816 1282 κύϐος
864 1218 1005 1270 τισὶν
1051 1216 1391 1286 ὠνόμασταιο
1427 1216 1747 1285 ἑδραιότητα
1778 1214 1834 1266 δὲ

246 1306 452 1375 δηλοῦν
484 1307 719 1375 λέγεται.
762 1309 824 1359 Αἱ
860 1308 916 1360 δὲ
947 1307 1189 1371 ,δώδεκα
1223 1304 1493 1375 χιλιάδες
1531 1304 1649 1359 τῶν
1690 1319 1834 1357 στα·

246 1398 423 1460 δίων,
457 1396 522 1461 ἃς
554 1397 697 1469 ἔχειν
720 1394 854 1469 φησὶ
880 1400 979 1467 τὴν
1007 1394 1183 1462 πόλιν,
1212 1398 1343 1460 ἴσως
1381 1395 1479 1467 μὲν
1508 1394 1832 1466 σημαίνουσι

246 1486 319 1538 τὸ
364 1484 569 1555 ταύτης
611 1486 872 1557 μέγεθος·
904 1485 1042 1560 ὑπὲρ
1081 1487 1190 1557 γὰρ
1219 1487 1469 1557 ψάμμον,
1514 1484 1589 1549 ὣς
1618 1503 1781 1556 φησιν
1806 1485 1833 1538 ὁ

246 1577 438 1639 Δαυῒδ,
484 1581 532 1631 οἱ
575 1576 778 1649 ταύτης
821 1578 1105 1651 οἰκήτορες
1142 1577 1649 1650 πληθυνθὴσονταιο
1702 1578 1833 1640 iam;

244 1669 311 1722 δὲ
330 1670 423 1722 καὶ
449 1670 533 1724 διὰ
556 1671 645 1724 τὸν
672 1670 903 1741 ἀριθμὸν
929 1671 1036 1724 τῶν
1060 1671 1268 1725 δώδεκα
1300 1670 1631 1733 ἀποστόλων,
1663 1667 1729 1723 δι’
1756 1662 1831 1721 ὧν

245 1758 394 1831 αῦτη
418 1761 802 1826 κατοικίζεται.
842 1762 947 1815 Καὶ
983 1760 1387 1832 δὲϐδοματικδς
1414 1758 1540 1833 [δὲ]
1568 1758 1821 1831 ἀριθμὸς,

252 1855 519 1923 μυστικὸς
544 1854 639 1916 ὢν,
671 1855 756 1907 διά
782 1873 926 1927 τινος
952 1854 1266 1918 ἀναλύσεως
1312 1850 1610 1924 παρίστησι
1643 1852 1703 1905 τὺ
1729 1850 1827 1921 ζη-

245 1944 533 2015 τούμενον.
576 1946 641 1998 Δί
680 1947 787 2017 γὰρ
838 1947 1087 2017 ρηθεῖσαι
1145 1947 1379 2020 χιλιάδες
1418 1947 1526 1999 τῶν
1576 1946 1824 2010 σταδίων,

1942 768 2147 807 mensus
2192 763 2270 808 est
2318 754 2581 808 civitatem
2626 754 2690 808 de
2734 756 2991 809 arundine
3020 773 3182 809 aurea
3216 772 3308 825 per
3336 756 3512 809 stadia

1938 842 2211 897 duodecim
2246 842 2451 909 millia;
2476 856 2525 898 et
2559 843 2831 914 longitudo
2860 856 2909 899 et
2935 843 3167 901 latitudo
3201 856 3250 902 et
3282 846 3514 901 altitudo

1938 935 2051 1003 ejus
2076 938 2303 1006 wqualia
2326 948 2468 991 sunt.

2013 1028 2289 1093 Quadrato
2314 1030 2424 1086 haec
2445 1031 2627 1085 civitas
2649 1029 2998 1099 describitur,
3026 1034 3092 1088 ad
3119 1033 3513 1103 designandum

1940 1121 2220 1176 immotam
2259 1120 2405 1178 illius
2450 1123 2784 1180 ﬁrmitatem.
2818 1124 2973 1192 Quod
3025 1126 3167 1181 enim
3209 1126 3512 1182 secundum

1938 1214 2365 1282 profunditatem
2390 1223 2439 1268 et
2465 1215 2805 1270 altitudinem
2833 1228 2887 1272 et
2918 1217 3311 1287 longitudinem
3340 1219 3513 1288 tequi-

1936 1305 2166 1358 laterum
2213 1312 2318 1369 est,
2370 1305 2498 1359 illud
2534 1308 2693 1361 rubus
2746 1323 2775 1361 a
2817 1308 3143 1378 quibusdam
3180 1310 3508 1380 appellatur.

1935 1392 2139 1448 Cubica
2174 1402 2354 1448 autem
2390 1393 2558 1463 ﬁgura
2615 1411 2725 1465 pra!
2767 1399 2977 1453 caneris
3027 1399 3181 1453 ﬁrma
3215 1407 3268 1454 et
3294 1400 3508 1454 stabilis

1936 1486 2186 1541 habetur.
2220 1487 2286 1541 At
2336 1501 2463 1543 vero
2506 1488 2778 1543 duodecim
2810 1490 2979 1545 millia
3007 1492 3341 1555 stadiorum',
3373 1503 3509 1563 quot

1934 1578 2144 1644 civitas,
2183 1577 2250 1633 de
2278 1594 2384 1648 qua
2420 1577 2511 1634 bic
2555 1579 2756 1650 agitur,
2806 1580 3006 1636 habere
3045 1584 3329 1647 asseritur,
3365 1582 3510 1638 illius

1936 1670 2074 1726 forte
2122 1672 2547 1739 magnitudinem
2608 1673 2888 1730 denotant.
2936 1672 3093 1739 Nam,
3136 1685 3194 1729 ut
3246 1675 3510 1744 propheta

1936 1762 2100 1818 David
2127 1763 2472 1831 vaticinatur,
2505 1763 2648 1818 illius
2674 1765 2862 1820 incola:
2891 1782 3051 1833 super
3082 1782 3304 1821 arenam
3342 1766 3510 1821 maris

1935 1853 2463 1925 multiplicabuntur.
2518 1855 2792 1911 Fortassis
2836 1872 2929 1927 per
2956 1857 3244 1912 duodecim
3283 1866 3508 1926 aposto-

1936 1948 2109 2002 lorum
2159 1963 2477 2011 numerum,
2536 1962 2630 2017 per
2677 1962 2813 2017 quos
2869 1948 2985 2017 ipsa
3048 1948 3414 2011 iubabitatur,
3459 1956 3513 2003 et

248 2011 471 2105 σημεῖα
499 2011 907 2092 ἀποτελοῦσι
935 2011 1205 2110 λεγόμενα
1246 2040 1433 2108 (illia,
1466 2035 1621 2111 ,αψιδ
1644 2052 1659 2068 ·
1714 2037 1824 2091 τῶν

1929 2038 2319 2107 srptenarium,
2372 2039 2463 2106 qui
2499 2011 2613 2107 ipse
2661 2011 2845 2093 itidem
2891 2011 3163 2111 Imysticus
3208 2048 3313 2105 est,
3368 2039 3508 2093 facta

250 2126 355 2195 μὲν
402 2130 613 2197 χιλίων
668 2129 971 2199 δηλούντων
1024 2132 1125 2201 τῆς
1174 2133 1480 2203 ἀπεράντου
1542 2131 1686 2200 ζωῆς
1729 2132 1824 2200 τὴν

1928 2126 2160 2198 quadam
2190 2126 2548 2180 calenlatione
2594 2136 2646 2181 et
2684 2128 3040 2193 resolutione,
3072 2129 3214 2199 quod
3245 2129 3509 2198 qumritur

245 2219 597 2291 τελειότηταο
632 2222 740 2274 τῶν
794 2221 849 2274 δὲ
890 2218 1290 2288 ἑπτακοσίων,
1330 2223 1390 2275 τὸ
1434 2225 1490 2275 ὲν
1524 2220 1824 2275 ἀναπαύσει

1928 2220 2251 2275 invenietur.
2304 2217 2513 2275 Etenim
2564 2221 2819 2290 praedicta
2864 2222 3154 2276 duodecim
3205 2222 3505 2277 stadiorum

244 2312 486 2365 τέλειον·
523 2314 631 2368 τῶν
680 2314 737 2367 δὲ
785 2314 1267 2385 δεκατεσσάρων,
1299 2317 1390 2368 τὸν
1434 2313 1656 2369 διπλοῦν
1692 2312 1824 2367 σασ-

1928 2311 2126 2378 millia,
2168 2313 2315 2367 mille
2362 2313 2707 2383 septingenta
2770 2320 2824 2367 et
2874 2304 3287 2384 quattuordecim
3331 2315 3506 2385 signa,

244 2403 514 2472 δατισμδν
580 2406 679 2476 τῆς
730 2404 907 2477 ψυχῆς
950 2406 1045 2460 καὶ
1088 2406 1183 2460 τοῦ
1238 2406 1511 2477 σώματος.
1566 2407 1659 2470 Δὶς
1714 2401 1823 2475 γὰρ

242 2496 411 2560 ama,
447 2497 844 2571 δεκατέσσαρα.

1925 2417 2043 2471 qua:
2093 2403 2256 2473 vulgo
2314 2404 2549 2455 miliaria
2634 2403 2994 2471 appellantur,
3065 2403 3381 2457 conﬁciunt.
3469 2401 3509 2454 E

1924 2496 2124 2565 quibus
2158 2494 2318 2561 mille,
2345 2493 2766 2549 interminabilis
2796 2495 2919 2548 vitae
2952 2492 3340 2563 perfectionem
3372 2493 3508 2548 iusi-

238 2600 465 2643 nuant:
515 2592 841 2660 septingenta
899 2601 1104 2653 autem,
1171 2592 1465 2661 perfectam
1512 2588 1755 2659 requiem
1790 2605 1801 2642 :
1836 2585 2231 2659 quatunrdecim
2286 2600 2434 2649 vero,
2497 2586 2768 2653 duplicem
2818 2583 3252 2649 Sabbatismum,
3312 2583 3509 2637 anima:

241 2681 506 2734 nimirum
554 2692 606 2736 et
652 2680 897 2751 corporis
931 2682 1188 2750 quietem.
1241 2681 1333 2737 Bis
1387 2683 1531 2735 enim
1570 2690 1777 2750 septem
1826 2677 2165 2733 constituunt
2193 2677 2627 2739 quatuordecim.

320 2771 427 2824 Καὶ
454 2771 743 2839 ἐμέτρησε
781 2771 843 2824 τὸ
875 2770 1070 2838 τεῖχος
1113 2769 1305 2838 αὐτῆς
1348 2771 1567 2824 ἑκατὸν
1599 2784 1825 2823 τεσσα-

229 2864 748 2932 ρακοντεσσιὶρων
802 2861 1047 2931 πηχῶνο
1102 2863 1326 2932 μέτρον
1391 2861 1728 2932 ἀνθρώπου,
1794 2861 1828 2915 ὅ

235 2956 417 3009 ἐστιν
444 2954 726 3025 ἀγγέλου.

313 3048 391 3102 Τὸ
426 3049 623 3119 μέτρον
649 3048 742 3102 τοῦ
776 3047 971 3119 βάθους
1005 3051 1097 3103 τοῦ
1132 3050 1366 3119 τείχους,
1406 3048 1595 3119 πηχῶν
1630 3047 1826 3101 ἑκατὸν

166 3173 171 3181 ι
238 3142 656 3209 τεσσαράκοντα
702 3141 1017 3211 τεσσάρων
1068 3140 1367 3204 δωδεκάκις
1414 3139 1522 3210 γὰρ
1560 3138 1822 3192 ὀδώδεκα

236 3230 479 3301 ἀριθμὸς
527 3234 938 3303 συντιθέμενος,
975 3236 1002 3287 ὁ
1042 3233 1140 3299 τὴν
1170 3231 1536 3301 ἀποστολικὴν
1564 3231 1822 3286 διδασκα-

238 3326 362 3378 λίαν
390 3328 693 3395 ὲμφαίνων,
714 3324 903 3379 τοῦτον
926 3327 1179 3381 ἀποτελεῖ
1210 3325 1301 3379 τὸν
1326 3325 1579 3397 ἀριθμόν.

315 3509 425 3564 Καὶ
452 3503 527 3575 ἦν
550 3508 588 3575 ἡ
614 3508 939 3578 ἐνδόμησις
963 3508 1067 3562 τοῦ
1088 3508 1326 3576 τείχους
1353 3506 1561 3573 αὐτῆς,
1590 3509 1818 3573 ἴασπις·

238 3603 340 3657 καὶ
370 3603 405 3671 ἡ
440 3602 617 3668 πόλις
651 3602 911 3670 χρυσίον
941 3602 1225 3669 καθαρὸν,
1261 3599 1469 3671 ὅμοιον
1503 3598 1673 3665 ὑάλῳ
1720 3619 1823 3654 κα-

237 3695 419 3764 capo.

326 3787 391 3837 Ἦ
417 3785 472 3839 δὲ
503 3784 788 3855 ἐνδόμησις
822 3782 916 3836 τοῦ
945 3784 1179 3853 τείχους,
1215 3783 1421 3847 ἴασπις,
1450 3784 1549 3854 τὴν
1591 3781 1821 3853 ἀειθαλῆ

238 3878 337 3931 καὶ
376 3877 693 3945 ἀμάραντον
728 3876 873 3946 ζωὴν
905 3876 1014 3928 τῶν
1045 3875 1218 3944 ἁγίων
1247 3876 1605 3940 ἐνδείκνυται,
1638 3874 1821 3939 καθὼς

235 3970 506 4031 πολλάκις
554 3970 788 4037 εἴρηται.
835 3968 1109 4034 Καθαρόν
1144 3964 1199 4020 δὲ
1246 3969 1306 4020 τὸ
1357 3968 1613 4037 χρυσίον
1649 3966 1821 4036 αὐτῆς

232 4065 320 4130 ὡς
354 4062 568 4127 ὕαλος,
618 4060 705 4114 διὰ
750 4062 810 4113 τὸ
848 4059 1066 4129 διαυγὲς
1109 4058 1200 4113 καὶ
1230 4061 1483 4132 λαμπρδν
1514 4060 1621 4114 τῶν
1647 4060 1820 4130 αὐτῆς

231 4156 565 4226 οἰκητόρων.

309 4332 421 4386 Καὶ
451 4336 505 4387 οι
538 4334 795 4402 θεμέλιοι
819 4332 925 4388 τοῦ
947 4333 1184 4402 τείχους
1219 4329 1327 4401 τῆς
1356 4332 1608 4397 πόλεως,
1637 4333 1817 4387 παντὶ

228 4424 387 4489 λίθῳ
413 4425 584 4491 τιμίῳ
609 4422 1069 4493 κεκοσμημένοι.

312 4520 377 4569 Ui
428 4516 483 4569 δὲ
520 4515 726 4571 δώδεκα
760 4514 1019 4586 θεμέλιοι,
1069 4516 1273 4571 δώδεκα
1302 4518 1439 4573 λίθοι
1490 4516 1684 4589 τίμιοι,
1742 4512 1817 4572 ὧν

231 4613 284 4664 οἱ
316 4608 465 4662 ὀκτὼ
516 4613 573 4664 ὲν
622 4609 700 4679 τῷ
732 4610 900 4681 λογίῳ
942 4609 1036 4664 τοῦ
1081 4610 1382 4681 ἀρχιερέως
1413 4613 1579 4665 πάλαι
1618 4611 1816 4681 ἀνεφέ-

1999 2765 2137 2825 XXI.
2180 2765 2263 2819 17.
2304 2765 2364 2817 Et
2400 2783 2607 2818 mensus
2632 2777 2704 2821 est
2741 2782 2947 2819 murum
2977 2767 3109 2836 ejus,
3140 2777 3345 2819 centum
3378 2783 3481 2835 qun

1924 2858 2175 2928 dragiuta
2205 2868 2433 2927 quatuor
2464 2860 2797 2925 cubitorum;
2836 2876 3077 2913 mensura
3108 2861 3358 2924 hominis,
3390 2877 3508 2931 qua:

1924 2960 2000 3003 est
2033 2949 2229 3019 angeli.

2000 3039 2253 3094 Mensura
2280 3039 2662 3109 profunditatis
2690 3041 2829 3094 muri
2859 3049 2976 3095 erat
3026 3042 3332 3095 cubitorum
3362 3043 3508 3098 mille

1931 3131 2290 3202 quadraginta
2338 3140 2616 3201 quatuor:
2654 3134 3021 3189 duodeuarius
3065 3135 3209 3189 enim
3247 3150 3505 3188 numerus

1934 3225 1987 3278 in
2022 3223 2259 3292 seipsum
2298 3222 2729 3290 multiplicatus,
2763 3225 2854 3293 qui
2896 3225 3207 3294 apostolicae
3245 3225 3506 3280 docti-inte

1855 3330 1899 3391 ο
1932 3313 2233 3370 ubertatem
2281 3313 2350 3369 ob
2389 3314 2578 3369 oculos
2624 3314 2780 3370 nobis
2817 3315 2987 3385 ponit,
3036 3316 3183 3371 hunc
3216 3331 3502 3369 numerum

1930 3406 2182 3461 absolvit.

1998 3497 2142 3563 XXI,
2184 3499 2267 3553 18.
2311 3497 2376 3551 Et
2410 3509 2523 3553 erat
2557 3508 2828 3552 structura
2878 3500 3016 3552 muri
3061 3499 3173 3567 ejus
3213 3514 3276 3550 ex
3334 3496 3508 3567 lapide

1930 3588 2175 3659 jaspide;
2228 3590 2341 3658 ipsa
2376 3607 2492 3645 vero
2544 3591 2730 3645 civitas
2790 3606 2981 3643 aurum
3032 3591 3307 3658 mundum,
3336 3590 3506 3643 simile

1928 3681 2062 3735 vitro
2089 3681 2304 3736 mundo.
2680 3733 2691 3745 ,

2001 3771 2284 3826 Structura
2334 3773 2474 3827 muri
2518 3773 2638 3841 ejus
2664 3772 2871 3842 jaspis;
2906 3785 3028 3842 quae
3092 3772 3306 3827 beatam
3356 3787 3505 3827 sem-

1931 3881 2133 3936 perque
2167 3876 2483 3920 veruantem
2517 3874 2830 3920 sanctorum
2860 3866 3025 3919 vitam
3051 3866 3410 3927 demonstrat,
3447 3872 3507 3918 ut

1928 3974 2070 4028 saepe
2098 3957 2210 4025 jam
2243 3965 2369 4011 ante
2404 3959 2608 4011 dictum
2656 3970 2760 4014 est.
2812 3960 3014 4011 Aurum
3049 3968 3229 4013 autem
3274 3960 3394 4027 ejus
3424 3959 3507 4011 di-

1926 4048 2069 4103 citur
2095 4063 2285 4117 purum
2326 4057 2578 4118 tanquam
2618 4051 2843 4115 vitrum;
2881 4052 2947 4104 ad
2977 4049 3397 4121 signiﬁcandum
3438 4051 3502 4103 il-

1926 4142 2101 4196 lorum
2134 4139 2477 4210 splendorem
2506 4143 2971 4212 conspicuamqne
2997 4143 3299 4196 claritatem
3332 4145 3424 4212 qui
3450 4144 3502 4196 in

1923 4247 1987 4287 ea
2022 4233 2290 4287 habitant.

1998 4327 2140 4394 ΧΧΙ,
2178 4329 2262 4391 19,
2296 4329 2384 4382 9.0.
2421 4328 2487 4381 Et
2525 4329 2867 4398 fundamenta
2911 4329 3051 4383 muri
3080 4330 3327 4394 civitatis,
3359 4331 3504 4382 omni

1924 4419 2102 4489 lapide
2131 4421 2356 4489 pretioso
2384 4432 2597 4473 ornata.

1997 4510 2291 4567 Duodecim
2347 4510 2699 4566 fundamenta
2765 4518 2894 4567 sunt
2954 4512 3241 4567 duodecim
3297 4512 3503 4582 lapides

1926 4605 2185 4674 pretiosi;
2217 4620 2246 4659 c
2281 4604 2485 4674 quibus
2519 4612 2644 4659 octo
2675 4604 2729 4659 in
2762 4605 2962 4660 summi
2996 4606 3299 4660 sacerdotis
3335 4606 3503 4659 ratio-

237 4721 424 4773 ροντο·
479 4706 527 4755 οἱ
577 4704 633 4756 δὲ
678 4705 943 4775 τέσσαρες
1004 4703 1451 4774 πηαρηλλαγμὲνοι
1500 4706 1670 4758 είσίν’
1730 4707 1815 4760 ἵνα

1927 4698 2028 4752 nali
2054 4699 2182 4753 olim
2207 4697 2395 4752 inserti
2416 4704 2608 4765 erant;
2638 4709 2875 4766 quatuor
2897 4707 3078 4751 autem
3113 4698 3310 4751 unitati
3338 4706 3501 4760 sunt;

234 4799 488 4866 ἀναφανῇ
541 4794 707 4868 [καὶ]
744 4796 803 4849 τὸ
866 4796 1157 4866 σύμφωνον
1210 4797 1310 4866 τῆς
1368 4797 1494 4859 νέας
1539 4796 1673 4868 πρὸς
1714 4798 1813 4870 τὴν

238 4889 501 4950 παλαιάν,
532 4889 624 4943 καὶ
649 4889 711 4942 τὸ
759 4889 1026 4960 ὑπερέχον
1060 4888 1167 4941 τῶν
1182 4872 1260 4942 ’ἐν
1302 4888 1437 4959 αὐτῇ
1473 4889 1813 4960 διαλαμψάν-

232 5000 365 5035 των.
395 4982 462 5034 υἱ
492 4983 668 5036 τοίνυν
685 4984 971 5037 ἀπόστολοι
1001 4984 1148 5055 πάσῃ
1176 4984 1344 5053 ἀρετῇ
1370 4982 1457 5037 διὰ
1488 4982 1595 5035 τῶν
1619 4982 1814 5053 τιμίων

232 5074 401 5127 λίθων
432 5076 813 5147 ἐκφαινόμενοι
841 5075 1229 5147 κεκόσμηνται.

319 5255 385 5307 '0
411 5257 682 5323 θεμέλιος
707 5260 739 5309 ὀ
770 5257 1019 5325 πρῶτος,
1055 5258 1284 5323 ἴασπις.

308 5350 410 5402 Διά
440 5349 539 5419 τῆς
585 5352 850 5415 ίάσπιδος,
900 5352 1269 5421 χλωριζούσης
1310 5352 1408 5421 τὴν
1462 5350 1632 5420 χρόαν
1679 5350 1819 5404 κατά

232 5441 338 5510 τὴν
390 5443 725 5512 σμάραγδον,
774 5444 922 5510 εἰκδς
966 5444 1058 5497 τὸν
1111 5447 1408 5514 κορυφαῖον
1468 5445 1669 5513 Πέτρον
1724 5445 1819 5515 δη-

232 5532 493 5586 λοῦσθαι·
532 5535 626 5588 ἆτε
657 5537 754 5607 τὴν
788 5537 1054 5609 νέκρωσιν
1082 5538 1176 5592 τοῦ
1211 5538 1447 5610 Χριστοῦ
1475 5540 1821 5609 βαστάσαντα

232 5626 296 5678 ἐν
345 5627 426 5697 τῷ
470 5628 714 5699 σώματι,
761 5629 946 5686 καὶτὸ
991 5632 1239 5697 ἀειθαλὲς
1275 5634 1371 5687 καὶ
1428 5633 1616 5700 νεάζον
1652 5636 1709 5687 ὲν
1751 5634 1819 5706 τῇ

234 5720 376 5789 πρὸς
413 5720 575 5773 αὐτὸν
603 5724 791 5795 ἀγάπῃ
824 5724 1195 5796 ἐνδειξάμενον
1214 5742 1228 5757 ο
1259 5726 1315 5790 ὃς
1346 5725 1512 5799 [καὶ]
1540 5728 1820 5800 ὡδήγησεν

238 5811 391 5880 ἡμᾶς
417 5811 497 5875 είς
526 5814 689 5867 τόπον
718 5815 880 5885 χλόης
904 5818 989 5870 διὰ
1015 5817 1158 5889 [τῆς]
1189 5818 1397 5893 θερμῆς
1424 5820 1676 5884 πίστεως.

324 5984 385 6035 't)
409 5984 702 6055 δεύτερος,
738 5987 1091 6059 σάπφειρος.

1921 4799 1979 4844 ut
2010 4790 2136 4844 hinc
2164 4799 2419 4859 appareat
2451 4790 2575 4843 novi
2623 4804 2746 4843 cum
2796 4799 2976 4845 vetere
3018 4799 3343 4845 testamento
3372 4805 3503 4843 con-

1920 4881 2123 4947 seusio,
2161 4881 2429 4951 simulque
2475 4882 2692 4936 illorum
2743 4882 3062 4938 excellentia
3114 4884 3352 4950 pateﬁat,
3405 4884 3500 4950 qui

1919 4975 1974 5027 in
2013 4988 2155 5029 novo
2192 4974 2430 5029 illustres
2460 4977 2814 5030 exstiterunt.
2846 4975 3091 5045 Apostoli
3142 4976 3307 5045 igitur
3348 4978 3496 5028 onuri

1920 5070 2183 5137 virtutum
2216 5084 2412 5140 genere
2460 5074 2638 5124 ornati
2668 5083 2762 5140 per
2790 5068 2997 5140 lapides
3031 5070 3300 5139 pretiosos
3329 5069 3504 5122 deno-

1922 5170 2125 5221 tantur.

1994 5254 2420 5312 Fundamentum
2448 5260 2697 5327 primunt,
2726 5256 2923 5327 jaspis.

1995 5349 2096 5405 Per
2132 5351 2420 5420 jaspidem,
2472 5352 2567 5423 qui
2618 5354 2682 5406 ad
2738 5353 3014 5421 smaragdi
3052 5349 3498 5406 similitudinem.

1926 5444 1991 5499 ad
2019 5444 2347 5501 viriditatem
2379 5445 2573 5512 tendit,
2612 5446 2887 5517 probabile
2940 5452 2997 5500 ﬁt
3045 5448 3229 5499 divum
3282 5443 3500 5497 Petrum

1923 5536 2292 5605 apostolorum
2325 5537 2672 5610 corypbzuum
2707 5539 3039 5609 signiﬁcari;
3078 5547 3134 5589 ut
3168 5535 3261 5606 qui
3299 5534 3498 5590 Christi

1924 5629 2399 5687 mortiﬁcationem
2463 5633 2516 5687 iu
2574 5650 2676 5689 suo
2728 5650 2957 5703 corpore
3022 5647 3198 5702 usque
3250 5630 3502 5700 portarit,

1923 5731 2278 5793 vegetamque
2302 5734 2355 5778 et
2373 5734 2688 5780 vernantem
2713 5727 3029 5781 charitatem
3047 5741 3173 5797 erga
3202 5723 3347 5778 illum
3365 5739 3507 5777 sem—

1925 5828 2021 5882 per
2068 5815 2401 5881 ostenderit;
2444 5819 2535 5885 qui
2566 5820 2730 5871 etiam
2783 5835 2875 5887 per
2923 5816 3186 5873 fervidam
3244 5818 3399 5870 Iidem
3441 5819 3504 5868 ad

1926 5904 2041 5959 loca
2081 5921 2281 5973 pascua
2310 5906 2419 5959 dux
2446 5908 2604 5961 nobis
2633 5910 2859 5964 exstitit.

2003 5996 2325 6064 Secundum,
2358 5999 2665 6066 sapphirus.
