4042 6582
330 478 434 563 437

1291 493 1892 556 COMMENTARIUS
1932 492 2013 552 ΙΝ
2054 488 2586 551 APOCALYPSIN.
3480 485 3588 548 438

332 611 532 684 καρδίᾳ
569 609 1012 681 τυφλώττοντας,
1049 609 1147 663 καὶ
1177 607 1318 677 γάλα
1362 610 1490 674 τοὺς
1517 609 1825 680 ἀρτιγενεῖς
1847 611 1913 680 τῇ

2031 605 2369 676 Evangelium
2388 619 2484 659 eos
2509 602 2600 674 qui
2633 601 2798 658 corde
2827 600 3205 664 cmenliebant,
3231 597 3589 665 illuminaret,

333 705 515 758 πίστει
546 703 765 769 ποτίζου
777 720 864 757 σα.

413 794 478 847 *υ
507 792 775 858 δέκατος,
807 791 1260 860 χρυσόπρασος.

405 883 508 937 Διὰ
562 882 658 936 τοῦ
712 883 1185 952 χρυσοπράσου,
1244 881 1544 954 βαθυτέρου
1582 882 1682 954 τὴν
1724 900 1915 956 χροιαν

332 976 488 1046 παρὰ
526 975 619 1028 τὸν
651 975 853 1044 χρυσὸν
894 975 1255 1045 ὑπάρχοντος,
1299 974 1392 1028 τὸν
1420 973 1754 1046 [μακάρων]
1784 974 1916 1028 Θαδ-

331 1067 484 1120 δαῖον
535 1061 687 1135 οἶμαι
742 1063 1127 1134 σημαίνεσθαι,
1171 1063 1262 1117 τὸν
1306 1063 1384 1134 τῷ
1425 1063 1662 1134 Αύγάρῳ
1709 1062 1919 1133 βασιλεῖ

346 1143 1306 1227 ’Eﬁéammstlsiav,
1341 1155 1442 1226 τὴν
1473 1155 1560 1208 διὰ
1590 1155 1685 1208 τοῦ
1713 1154 1916 1225 χρυσοῦ

333 1248 693 1318 δηλουμένην,
729 1250 822 1300 καὶ
862 1248 958 1316 τὴν
983 1247 1070 1300 διὰ
1112 1247 1208 1300 τοῦ
1248 1247 1460 1318 πράσου
1512 1246 1918 1319 σημαινομένην

336 1334 485 1404 αὐτῷ
511 1334 801 1404 νέκρωσιν,
829 1335 1349 1405 εύαγγελισάμενον.

417 1445 481 1500 '0
504 1447 842 1514 ἑνδέκατος,
873 1451 1176 1515 ὑάκινθος.

412 1541 512 1594 Διά
540 1541 633 1594 τοῦ
659 1543 972 1608 ὑακίνθου,
1007 1545 1105 1613 τὴν
1143 1543 1286 1596 ἰδέαν
1320 1545 1690 1609 κυανιζοντος,
1753 1546 1920 1616 ἤγουν

335 1634 679 1705 ἀερίζοντος,
716 1637 808 1691 τὸν
863 1637 1104 1713 Σίμωνα,
1160 1637 1234 1701 ὡς
1300 1639 1549 1709 ζηλωτὴν
1606 1639 1716 1694 τῶν
1781 1639 1920 1712 [τοῦ]

338 1727 580 1801 Χριστοῦ
616 1731 995 1799 χαρισμάτων,
1028 1733 1122 1787 καὶ
1153 1733 1401 1801 οὐράνιον
1425 1731 1614 1805 ἔχοντα
1643 1733 1918 1806 φρόνημα,

342 1821 488 1895 εἰκὸς
516 1821 894 1891 σημαίνεσθαι.

422 1999 487 2052 '0
511 2000 868 2067 δωδέκατος,
899 2001 1223 2071 ἀμέθυσος.

412 2091 512 2146 Διά
542 2092 636 2146 τοῦ
667 2095 996 2162 ἀμεθύσου,
1025 2097 1092 2164 τῇ
1125 2097 1307 2165 μορφῇ
1341 2097 1794 2168 πορφυρίζοντος,
1819 2098 1914 2151 τὸν

342 2181 594 2234 Ματθίαν
623 2183 964 2257 amauit
997 2185 1381 2254 σημαίνεσθαι,
1418 2186 1512 2239 τοῦ
1543 2185 1690 2240 θείου
1750 2187 1920 2257 πυρὸς

343 2273 402 2324 ὲν
434 2276 499 2342 τῇ
540 2273 655 2325 τῶν
677 2274 935 2340 γλωσσῶν
966 2274 1192 2346 διανομῇ
1221 2273 1652 2341 καταξιωθέντα,
1685 2278 1777 2330 καὶ
1832 2276 1924 2331 τὸν

345 2365 440 2417 τοῦ
473 2367 895 2430 ἐπιπεπτωκότος
930 2369 1095 2421 τόπον
1127 2367 1618 2438 ἁναπληρώσαντα,
1673 2369 1774 2441 [τῷ
1802 2371 1921 2423 δια-

343 2453 528 2526 πύρῳ]
571 2456 722 2526 πόθῳ
761 2457 859 2526 τῆς
904 2457 1041 2528 πρὸς
1078 2458 1168 2512 τὸν
1223 2459 1584 2531 ἐκλεξάμενον
1627 2461 1924 2533 εὐαρεστή-

346 2562 504 2609 σεως·
543 2547 1072 2631 Teéze-_§§_£1.e§3
1105 2550 1185 2634 rei
1246 2550 1924 2634 divisimﬁeseeyia-959!

343 2637 510 2690 λίθων
555 2638 886 2719 εἰρημένων,
923 2641 1018 2694 καὶ
1039 2628 1397 2717 ἑτέρῖιῖῖῧπ
1426 2627 1760 2715 αύτῖῧτοῖξ

785 2620 968 2631 ...μ-ν-

346 2733 538 2807 ἀρχοις
582 2733 674 2786 τοῦ
714 2721 1924 2820 ΊΞΞ-ιλθῖτξρᾱσῆρμοσμένωνξ
1949 2721 1968 2724 ’-

348 2826 487 2910 πεξς
517 2816 1398 2906 γυμνασίανὲᾇξξῇτυγχἀνουσι
1447 2816 1560 2891 τοῖς
1615 2829 1921 2897 αἰνίγμασι,

347 2905 764 2986 τῆξ-’ἇλᾷλαίαζ
827 2905 1577 2988 καταστοχαξόμέῖῖοι’ξ’’τῆς
1636 2906 1924 2990 ἀκριϐείας

351 2994 1460 3085 εῑὶὖῖξὶἔῦἶῖιῖῖῡῷ’,ἱιῐῖῗᾶῗὲὁὶᾀκῦψαιτιο
1495 3010 1703 3073 Ὄντως
1733 3002 1791 3064 δὲ
1819 3010 1926 3064 seu:

349 3081 591 3170 θεμῖλίὀὶ
617 3095 668 3152 οἶ
695 3081 1134 3164 ἆάξὸέὶολάὶξεςὰι
1164 3100 1300 3154 λίθοι
1337 3101 1544 3171 τίμιοιο
1591 3104 1618 3155 ὁ
1662 3103 1758 3173 μὲν
1800 3103 1926 3157 τοῦ-

348 3193 446 3260 δε,
479 3193 507 3244 ὀ
558 3193 615 3246 δὲ
647 3191 835 3244 τοῦδε’
865 3192 957 3245 καὶ
1008 3193 1210 3256 πάντες
1276 3195 1428 3264 κοινῇ
1472 3194 1690 3248 πάντων
1745 3195 1806 3248 τὸ
1869 3196 1926 3251 ὲν

349 3283 464 3343 τοῖς
515 3279 699 3342 καλοῖς
765 3279 967 3343 ἰδιάζον
1029 3281 1124 3334 καὶ
1195 3281 1474 3352 ἐξαίρετον
1525 3282 1924 3349 ἀποσώζοντες.

349 3373 444 3425 Διὸ
476 3371 779 3442 παρακαλῶ
829 3373 1099 3444 ἀφεθῆναι
1129 3373 1227 3443 τῆς
1271 3375 1364 3427 ἐπὶ
1391 3377 1505 3438 τοῖς
1535 3377 1925 3447 παρατεθεῖσιν

351 3463 690 3536 [νοήμασιν,]
717 3465 790 3526 ὼς
818 3463 1220 3534 βιϐιασμένοις,
1255 3466 1535 3536 μέμψεως.
1565 3468 1640 3521 Οὐ
1681 3468 1788 3539 γὰρ
1847 3468 1927 3540 τῷ

353 3555 611 3619 ἰδιάζοντι
639 3556 738 3626 τῆς
781 3557 1017 3610 ἑκάστου
1051 3558 1158 3610 τῶν
1211 3558 1533 3612 ἀποστόλων
1581 3561 1780 3630 ἀρετῆς
1831 3561 1930 3632 τὴν

465 2899 698 2912 W

383 2993 542 3008 ,__.__..,

2012 699 2285 768 modoque
2313 698 2524 768 genitos
2552 695 2672 750 ﬁdei
2697 695 2836 750 lacte
2858 703 3094 766 potaret.

2083 785 2376 852 Decimum,
2407 785 2835 855 rhrysoprassus.

2084 879 2546 951 ClirgsOpi-assum,
2577 879 2670 949 qui
2699 878 2818 933 auri
2849 877 3085 932 colorem
3127 893 3262 933 auro
3295 878 3450 950 105
3483 878 3600 948 ipso

2015 973 2180 1028 altius
2229 973 2463 1038 imbibit,
2493 973 2710 1028 beatum
2736 971 3094 1036 Thaddazum,
3121 973 3212 1042 qui
3241 974 3456 1042 Abgaro
3483 974 3593 1044 regi

2018 1065 2235 1123 Edessa:
2263 1064 2464 1122 Christi
2495 1081 2721 1136 regnum
2749 1080 2846 1136 per
2881 1081 3100 1129 aurum,
3141 1064 3386 1136 ejusdem
3412 1078 3593 1122 autem

2019 1168 2249 1214 mortem
2283 1174 2378 1228 per
2406 1173 2661 1228 prassum
2692 1158 3032 1230 designatum
3062 1158 3395 1228 praulicavit,
3428 1159 3600 1229 signi-

2022 1248 2169 1303 ﬁcari
2197 1249 2474 1306 existimo.

2095 1448 2463 1508 Undecimum,
2500 1446 2845 1516 hyacinthus.

2094 1540 2478 1612 Hyacinthum,
2514 1538 2608 1609 qui
2635 1539 2854 1592 caerulei
2883 1538 3141 1608 neruique
3195 1538 3399 1593 coloris
3463 1550 3591 1608 spe-

2024 1632 2161 1689 ciem
2193 1647 2290 1702 per
2327 1646 2386 1687 se
2411 1630 2566 1700 gerit,
2604 1629 2671 1683 ad
2720 1628 3000 1684 Simonem
3071 1639 3330 1699 tanquam
3390 1629 3603 1684 charis-

2026 1731 2231 1778 matum
2263 1731 2317 1777 et
2342 1721 2642 1791 gratiarum
2694 1719 2898 1774 Christi
2933 1720 3251 1783 zelatorem,
3287 1719 3598 1774 cmlestcm-

2027 1829 2132 1887 que
2186 1813 2526 1884 prudentiam
2580 1811 2722 1867 haud
2770 1811 3047 1884 vulgarem
3107 1811 3384 1874 sortitum,
3453 1810 3595 1863 haud

2029 1906 2375 1962 incommode
2398 1905 2675 1960 retuleris.

1957 1986 1998 2040 Β
2098 1999 2499 2066 Duodecimum,
2530 1997 2885 2067 amethystus.

2105 2090 2211 2147 Per
2251 2092 2640 2161 amethystum,
2678 2090 2771 2161 qui
2808 2088 2957 2160 ignis
3013 2088 3246 2142 formam
3305 2087 3602 2158 spectanti-

2029 2185 2128 2241 bus
2153 2185 2396 2248 exhibet,
2440 2183 2718 2238 Matthiam
2764 2181 3059 2251 signiﬁcari
3098 2181 3373 2248 coniicio;
3416 2181 3598 2250 utqui

2029 2279 2082 2332 in
2116 2278 2422 2348 linguarum
2457 2275 2845 2330 distributione
2875 2274 3092 2329 cmlesti
3129 2275 3251 2343 igne
3281 2272 3485 2326 aﬂ‘atim
3532 2273 3603 2327 sit

2027 2369 2359 2434 alllatus;et
2392 2370 2463 2422 ob
2493 2366 2890 2422 inﬂammatum
2950 2365 3079 2429 Deo,
3138 2380 3167 2418 a
3214 2381 3324 2433 quo
3380 2365 3596 2420 electus

2025 2471 2162 2525 erat,
2215 2459 2492 2516 serviendi
2539 2467 2592 2514 et
2641 2456 2892 2528 placendi
2956 2455 3315 2519 desiderium,
3367 2455 3599 2512 idoneus

2026 2567 2223 2607 census
2271 2551 2366 2614 qui
2403 2551 2457 2606 in
2505 2550 2742 2620 prolapsi
2791 2547 2950 2604 Iudae
2992 2549 3172 2602 locum
3226 2547 3588 2604 suﬂiccretur.

2030 2644 2150 2700 llme
2171 2653 2356 2699 autem
2385 2659 2453 2698 ex
2486 2642 2552 2699 lis
2593 2643 2647 2697 in
2680 2641 2919 2696 medium
2977 2640 3285 2707 attulimus,
3313 2656 3436 2710 quae
3473 2655 3605 2694 san-

2027 2745 2147 2792 ctus
2160 2735 2495 2805 Epiphanius
2512 2732 2578 2788 de
2602 2733 2870 2804 lapidibus
2889 2733 3006 2789 istis
3031 2733 3309 2796 disseruit,
3338 2733 3610 2787 tribuum-

2029 2844 2134 2900 qne
2166 2829 2384 2883 lsraelis
2427 2827 2766 2898 principibus
2803 2825 3268 2892 accommodavit;
3307 2826 3471 2894 idque
3527 2827 3594 2880 ad

2032 2921 2247 2976 illorum
2278 2919 2731 2974 exercitationem
2765 2920 2856 2988 qui
2899 2919 2952 2972 in
2984 2918 3097 2972 haec
3123 2918 3280 2988 quasi
3316 2919 3605 2985 mnigmata

2031 3029 2131 3069 suo
2173 3012 2314 3067 forte
2368 3022 2611 3082 tempore
2670 3011 2964 3065 incident:
3012 3011 3080 3066 de
3099 3011 3329 3064 veritate
3383 3009 3605 3079 quidem

2029 3105 2347 3159 nonnullam
2411 3103 2785 3174 conjecturam
2844 3103 3124 3166 facientes,
3151 3111 3463 3158 accuratam
3497 3117 3596 3157 au-

2028 3205 2358 3250 tcmearum
2391 3208 2575 3248 rerum
2602 3192 2852 3247 notitiam
2911 3192 3010 3246 soli
3069 3191 3197 3252 Deo.
3254 3191 3349 3260 qui
3405 3191 3595 3246 istharc

2032 3285 2310 3357 patefecit,
2346 3287 2741 3356 relinquentes.
2779 3283 3001 3338 Interim
3034 3284 3265 3354 apostoli
3293 3294 3422 3338 sunt
3479 3298 3606 3338 vera

1984 3383 1998 3396 ’
2033 3378 2290 3436 Ecclesia:
2347 3378 2732 3444 fundamenta,
2783 3376 3100 3446 lapidesque
3175 3391 3301 3430 vere
3353 3374 3602 3445 pretiosi.

2034 3472 2104 3526 Et
2135 3471 2229 3528 hic
2269 3472 2488 3543 quidem
2531 3469 2716 3540 hujus,
2771 3470 2873 3524 iste
2905 3484 3036 3524 vero
3072 3469 3219 3523 illius
3252 3468 3417 3539 lapilli
3440 3468 3610 3522 virtu-

2035 3575 2144 3620 tem
2172 3573 2225 3619 et
2258 3565 2644 3634 proprietatem
2678 3561 2871 3628 refert;
2898 3575 3091 3618 omnes
3119 3571 3299 3616 autem
3352 3561 3406 3614 in
3455 3575 3611 3615 com-

351 3649 532 3703 αὐτῶν
564 3649 852 3701 κοινωνίαν
879 3649 974 3701 καὶ
997 3647 1357 3717 ἀλληλουχίαν
1385 3649 1719 3719 διεκόψαμεν
1739 3690 1755 3716 ,
1792 3650 1928 3706 ἀλλὰ

2032 3658 2203 3725 muni,
2230 3655 2494 3727 quidquid
2530 3656 2583 3711 in
2628 3655 2855 3726 singulis
2891 3655 3183 3725 pulchrum
3234 3661 3289 3708 et
3339 3653 3611 3709 excellens

349 3741 440 3794 διὰ
477 3743 579 3811 τῆς
614 3741 848 3811 μερικῆς
879 3740 1217 3810 ἐτερότητοςξ
1247 3741 1345 3812 τὴν
1372 3743 1557 3812 ὁλικὴν
1590 3743 1769 3796 αὐτῶν
1795 3760 1928 3798 ταυς-

2031 3749 2268 3813 exsistit,
2292 3749 2399 3803 hoc
2433 3756 2606 3804 totum
2646 3747 2749 3803 sibi
2786 3747 3090 3814 vindicant,
3128 3747 3227 3802 etsi
3266 3762 3373 3801 non
3418 3745 3608 3800 eodem

349 3833 551 3904 τὸτητα
596 3833 837 3900 δηλῶσαι
901 3832 1384 3906 προεθυμήθημεν,
1439 3835 1683 3906 ἀλλήλων
1737 3835 1928 3908 ἔχομέ-

2031 3853 2243 3907 scmper
2269 3839 2459 3910 gradu.
2497 3838 2797 3909 EaprOpter
2836 3839 2900 3892 ad
2949 3854 3116 3892 unum
3146 3851 3338 3892 omnes
3391 3847 3612 3907 rogatos

349 3943 469 3997 νην,
508 3926 669 3997 δίκην
695 3925 962 3990 ἁλύσεως.

2031 3931 2212 4000 cupio,
2245 3945 2312 3984 ne
2343 3931 2662 3996 sententias,
2691 3945 2828 4001 quas
2867 3931 2953 3985 hic
3007 3931 3386 4001 apposuimns,
3441 3929 3607 4001 quasi

348 4032 568 4076 coactas
597 4021 989 4089 reprehendant
1024 4037 1037 4075 :
1076 4036 1252 4090 neque
1329 4021 1475 4076 enim
1541 4022 1796 4077 virtutem
1859 4037 2020 4090 quam
2055 4023 2149 4077 uni
2200 4023 2362 4077 alicui
2415 4022 2676 4092 Apostolo
2741 4023 2897 4092 quasi
2957 4023 3232 4094 pr0priam
3293 4021 3610 4084 tribuimus.

350 4119 474 4174 aliis
506 4117 820 4182 adimimus,
866 4125 959 4172 aut
994 4128 1236 4172 mutuam
1269 4134 1458 4173 earum
1519 4119 1901 4175 cohaerentiam
1965 4120 2393 4189 amputavimus,
2461 4128 2556 4174 aut
2609 4119 3050 4174 communionem
3089 4133 3371 4187 negamus.
3407 4115 3608 4171 Verum

353 4225 448 4282 per
508 4212 849 4280 dispartitam
907 4210 1296 4273 diversitatem.
1369 4209 1662 4280 perfectam
1726 4226 1913 4266 earum
1973 4211 2372 4268 connexionem
2441 4219 2606 4282 atque
2666 4211 2980 4267 societatem
3027 4209 3271 4265 indicare
3307 4207 3610 4275 voluimus;

355 4320 414 4364 nt
446 4323 570 4378 quae
601 4308 769 4361 instar
791 4317 995 4363 catenze
1029 4309 1132 4362 sibi
1172 4318 1361 4363 mutuo
1389 4314 1718 4374 cohaereant,
1754 4325 1928 4381 neque
1965 4326 1994 4365 a
2025 4326 2083 4368 se
2108 4310 2336 4366 invicem
2370 4310 2549 4365 divelli
2579 4318 2802 4380 queant.

427 4403 534 4457 Καὶ
570 4405 622 4456 οἱ
652 4401 880 4456 δώδεκα
913 4401 1208 4469 πυλῶνες,
1252 4403 1481 4457 δώδεκα
1534 4404 1886 4474 μαργαρῖται
1907 4421 1920 4436 ·

355 4495 470 4550 ἀνὰ
499 4493 586 4561 εἷς
603 4494 864 4560 ἕκαστος
888 4490 1007 4545 τῶν
1032 4492 1326 4547 πυλώνων
1348 4490 1426 4564 ἦν
1454 4494 1524 4560 ἐξ
1539 4494 1678 4561 ἐνὸς
1702 4511 1925 4567 μαργα-

354 4590 541 4658 ρίτου.

2106 4405 2245 4469 XXI,
2267 4405 2357 4460 Ἡ.
2392 4404 2459 4458 Et
2480 4405 2756 4458 duodecim
2786 4413 2975 4473 ρον-ιω,
2997 4402 3269 4458 duodecim
3309 4403 3616 4474 margaritae

2035 4509 2190 4563 sunt;
2213 4508 2262 4552 et
2295 4499 2516 4570 singulae
2541 4509 2707 4567 porta:
2732 4506 2882 4551 erant
2915 4513 2980 4550 ea:
3015 4496 3242 4568 singulis
3275 4498 3610 4568 margaritis.

433 4703 516 4776 [Oi
545 4703 603 4757 δὲ
625 4700 878 4773 δώδεκα]
902 4699 1233 4766 πυλεῶνες,
1259 4701 1462 4772 δηλαδὴ
1479 4702 1529 4755 οἱ
1553 4700 1808 4774 [δώδεκα]
1838 4701 1928 4754 τοῦ

2114 4694 2291 4751 Porta:
2344 4694 2617 4749 duodecim
2667 4700 2794 4748 sunt
2847 4693 3135 4752 duodecim
3167 4691 3374 4748 Christi
3445 4693 3616 4750 disci-

360 4795 598 4866 Χριστοῦ
646 4794 912 4865 μαθηταὶ,
950 4793 1019 4847 δι’
1056 4789 1130 4845 ὧν
1175 4792 1272 4861 τὴν
1320 4793 1490 4862 θύραν
1539 4795 1632 4846 καὶ
1678 4793 1776 4864 τὴν
1814 4793 1935 4846 ὁδὸν

363 4889 679 4959 ἐπέγνωμεν
734 4887 856 4960 ίτῆς
923 4885 1101 4956 ξωῆςο
1163 4887 1360 4949 οἵτινες
1414 4884 1532 4958 καὶ]
1561 4886 1768 4947 δώδεκά
1829 4887 1936 4939 εἰσι

370 4982 722 5052 μαργαρῖται,
754 4979 814 5045 ἐξ
843 4978 959 5041 ἑνὸς
981 4979 1279 5048 πολυτίμου
1319 4977 1662 5049 μαργαρίτου
1686 4978 1779 5030 τοῦ
1802 4978 1936 5048 Χρι-

368 5072 489 5124 στοῦ
517 5072 616 5143 τὴν
644 5071 925 5138 διαύγειαν
957 5069 1312 5139 κτησάμενοι.

431 5183 540 5242 Καὶ
565 5183 604 5251 ἡ
638 5181 891 5238 πλατεῖα
913 5181 1022 5254 τῆς
1048 5183 1301 5249 πόλεως,
1340 5181 1598 5250 χρυσίον
1647 5181 1932 5251 καθαρὸν,

383 5275 460 5342 ὠς
487 5276 676 5341 ὕαλος
700 5275 838 5328 διαυ
848 5273 974 5342 γῆς.

447 5382 559 5435 Ἑνὶ
583 5382 990 5452 παραδείγματι
1023 5383 1080 5435 δὲ
1103 5381 1202 5453 τὴν
1230 5383 1517 5454 ἀκρίϐειαν
1549 5384 1659 5438 τῶν
1694 5385 1793 5456 τῆς
1823 5385 1937 5440 ἅνω

369 5475 571 5538 πόλεως
605 5474 826 5542 ἀγαθῶν
877 5476 1230 5546 παραστῆσαι
1287 5478 1348 5529 ού
1397 5477 1640 5532 δύναται.
1689 5478 1779 5531 Διὸ
1840 5479 1940 5546 τὴν

368 5568 624 5620 πλατεῖαν
655 5568 754 5637 τῆς
799 5567 1028 5633 πόλεως,
1083 5567 1169 5621 διὰ
1222 5568 1320 5637 μὲν
1371 5569 1431 5622 τὸ
1492 5569 1781 5633 πολυτελὲς
1843 5569 1942 5623 καὶ

369 5658 624 5730 εὖχρουν,
651 5659 726 5722 ὡς
757 5658 983 5730 χρυσίον
1005 5699 1018 5722 ,
1053 5659 1140 5712 διὰ
1168 5659 1222 5712 δὲ
1266 5660 1327 5712 τὸ
1363 5660 1622 5731 καθαρὸν,
1676 5660 1750 5722 ὼς
1803 5661 1939 5731 κρύ-

371 5755 595 5810 σταλλον
643 5754 935 5818 ἐθεάσατο,
977 5752 1117 5824 [ἦτοι
1149 5753 1223 5819 ὡς
1285 5753 1445 5808 ὕαλον
1508 5753 1762 5825 διαυγῆο]
1799 5753 1942 5824 ἅπερ

368 5847 654 5917 ἀμφότερα
695 5848 751 5898 ἐν
795 5847 875 5899 ἐνὶ
906 5847 1233 5918 συνδραμεῖν
1280 5849 1410 5920 παρ’
1457 5850 1612 5919 ἡμῖν,
1659 5847 1937 5902 ἀδύνατον.

371 5940 554 5995 Ταῦτα
583 5941 640 5994 δὲ
671 5940 847 5994 πάντα
880 5941 908 5991 ὀ
958 5941 1114 6010 ἅγιος
1143 5941 1422 6007 τεθέαται,
1469 5941 1650 6006 καθὼς
1681 5942 1939 6010 ἠδύνατοο

2037 4787 2181 4858 puli;
2217 4801 2309 4856 per
2349 4786 2514 4840 hosce
2571 4799 2808 4852 namque
2840 4792 2895 4838 et
2953 4784 3179 4850 ostium,
3211 4793 3267 4840 et
3306 4783 3448 4838 viam
3487 4784 3616 4840 vitae

2036 4878 2393 4948 cognovimus
2423 4895 2435 4930 :
2471 4877 2564 4947 qui
2599 4875 2818 4945 quidem
2855 4874 3147 4930 duodecim
3199 4883 3328 4930 sunt
3396 4891 3618 4947 marga-

2040 4976 2155 5028 rita:
2203 4987 2268 5024 ex
2321 4985 2426 5025 una
2459 4968 2695 5039 pretiosa
2760 4971 3080 5040 margarita,
3129 4984 3324 5039 nempe
3373 4968 3614 5038 Christo,

2039 5062 2384 5132 splendorem
2416 5063 2706 5133 lucemque
2729 5062 2933 5132 adepti.

2111 5179 2182 5233 Et
2201 5179 2378 5249 platea
2402 5179 2630 5232 civitatis
2675 5194 2866 5232 aurum
2895 5177 3178 5241 mundum,
3232 5188 3485 5245 tauquam
3537 5176 3617 5231 vi-

2043 5283 2182 5326 trum
2213 5270 2568 5341 perlucidum.

2111 5386 2247 5442 Cum
2277 5399 2385 5440 una
2417 5383 2776 5440 similitudine
2801 5391 2993 5438 exacta
3032 5381 3274 5438 cmlestis
3300 5381 3450 5436 illius
3472 5380 3609 5435 civi-

2043 5477 2169 5532 tatis
2204 5484 2463 5530 venustas
2483 5475 2754 5544 plenaque
2787 5474 3057 5528 honorum
3114 5469 3359 5541 ejusdem
3420 5470 3613 5525 notitia

2044 5567 2186 5622 tradi
2234 5582 2342 5623 non
2376 5566 2572 5636 possit,
2620 5564 2717 5622 sed
2749 5565 2814 5619 ad
2855 5578 2975 5619 eam
3007 5577 3122 5617 rem
3158 5560 3324 5616 variis
3372 5575 3513 5630 opus
3543 5561 3617 5614 sit

2041 5659 2308 5730 exemplis
2341 5667 2393 5713 et
2420 5656 2897 5716 similitudinibus.
2936 5661 3220 5724 propterea
3273 5651 3514 5706 civitatis
3548 5651 3613 5705 il-

2043 5754 2152 5809 lius
2186 5753 2392 5823 plateas
2453 5750 2714 5822 crystallo
2755 5763 3003 5818 auroque
3051 5746 3258 5800 mundo
3309 5745 3618 5811 assimilat;

2045 5864 2155 5918 quo
2195 5847 2324 5901 hinc
2363 5844 2582 5913 quidem
2605 5843 2726 5914 ejus
2752 5841 3123 5914 praestantiam
3170 5840 3479 5910 colorisque
3500 5839 3614 5895 ele-

2047 5937 2284 6009 gantiam
2334 5934 2686 6004 colligamus;
2745 5933 2871 5989 inde
2925 5946 3054 5989 vero
3094 5929 3341 6000 ejusdem
3400 5926 3623 5983 mundi-
