4034 6562
389 427 494 493 44⁸3

1587 436 1917 498 ΑΝΒΗΕίΕ
1954 436 2470 500 (ἷίΕΒᾹῐῖΙΕΝΒΙΞ

3537 439 3640 507 ill

388 549 657 614 oumium,
715 549 808 604 sed
845 548 948 602 alia
986 557 1068 605 est
1109 549 1281 620 gloria
1323 549 1478 615 solis,
1513 552 1619 606 alia
1661 553 1824 615 lunai,
1858 553 1961 608 alia

2069 551 2160 605 λαὶ
2217 553 2377 622 μοναὶ
2414 553 2565 624 παρὰ
2604 554 2681 626 τῷ
2725 557 2933 627 Πατρί·
2962 557 3053 611 τδν
3102 559 3200 630 μὲν
3251 559 3507 634 ἥττονος,
3556 560 3646 614 τὸν

391 643 695 695 stillarum.
734 641 796 695 Et
843 642 1027 698 multae
1059 659 1274 698 rursum
1318 645 1632 703 mansiones
1661 656 1790 703 sunt
1825 650 1965 716 aptt=l

385 726 638 796 Patrem;
695 725 927 801 quarum
960 733 1078 788 alia:
1119 734 1340 804 majori,
1385 735 1505 792 alia:
1545 737 1743 792 minori
1787 739 1966 808 splen-

388 823 521 876 dore
571 823 879 890 potiuntur,
925 826 1226 880 secundum
1268 841 1494 896 operum
1538 827 1968 898 tlniuscujusque

391 911 695 981 analogiam
745 921 802 969 et
852 916 1197 984 qualitatem.
1253 918 1377 972 Alio
1415 935 1582 974 sensu
1630 935 1725 990 per
1765 920 1962 990 lignum

390 1003 545 1070 uiue,
609 1006 748 1074 quod
799 1009 1061 1062 mensibus
1119 1009 1373 1063 duodenis
1431 1010 1635 1079 fructus
1691 1012 1966 1066 duodecim

390 1095 573 1163 aﬂ‘ert,
610 1097 839 1152 chorum
875 1101 1238 1168 apostolicum
1270 1101 1518 1170 accipere
1561 1103 1716 1164 licet.
1749 1114 1968 1174 propter

391 1188 721 1252 peculiarem
763 1192 1079 1245 societatem
1122 1201 1175 1246 et
1204 1193 1757 1251 communicationem
1799 1212 1964 1266 quam

391 1278 582 1334 habuit
613 1297 736 1336 cum
761 1282 909 1353 ligno
933 1299 1074 1338 verre
1105 1285 1252 1339 vitae.
1288 1283 1400 1340 Iloc
1427 1287 1572 1341 enim
1608 1297 1965 1359 posteaquam

390 1386 515 1426 eum
547 1387 712 1428 carne
759 1384 947 1430 nostra
980 1377 1147 1432 semel
1182 1379 1630 1445 communicavit,
1683 1397 1796 1438 sua:
1825 1383 1966 1437 divi-

390 1463 582 1520 nitatis
612 1466 906 1536 participes
941 1483 1044 1524 nos
1079 1469 1226 1526 fecit.
1281 1469 1487 1525 llorum
1530 1483 1711 1526 autem
1755 1473 1966 1529 fructus

389 1554 446 1608 in
484 1559 846 1614 centesimum
878 1572 1241 1631 excrescunt;
1271 1563 1399 1619 l'olia
1433 1581 1565 1620 vero
1592 1567 1695 1621 alia
1736 1568 1968 1621 reddunt

390 1647 818 1715 sexagesimum,
858 1650 964 1705 alia
999 1652 1384 1724 trigesimum;
1420 1672 1544 1726 qua:
1579 1659 1866 1713 sanitatem
1901 1660 1967 1712 iis

394 1735 555 1807 108
607 1738 844 1794 aderunt
885 1741 980 1810 qui
1028 1759 1092 1797 ex
1142 1746 1396 1814 gentibus
1435 1747 1486 1800 in
1538 1749 1704 1802 divini
1748 1750 1968 1804 luminis

389 1827 682 1896 splendore
747 1847 855 1885 non
923 1833 993 1886 ita
1049 1834 1282 1888 multum
1335 1837 1749 1904 excelluerunt;
1802 1855 1964 1907 qualn

2069 645 2124 698 δὲ
2179 645 2422 709 πλείονος
2461 647 2712 714 ἀξιοῦσαι
2766 651 3169 722 λαμπρότητος,
3209 652 3348 705 κατὰ
3387 654 3485 720 τὴν
3520 652 3651 704 ἑκά-

2071 754 2197 788 στου
2227 737 2520 804 ἀναλογίαν
2564 739 2671 791 τῶν
2701 740 2973 809 πράξεων.
3008 743 3117 794 Καὶ
3155 743 3358 811 ἑτέρως
3395 741 3451 801 δὲ
3491 741 3648 794 τοῦτο

2069 831 2324 899 νοητὲον.
2377 832 2569 895 ξύλον
2612 831 2763 901 ζὶυῆς
2816 835 3030 890 ποιοῦν
3078 835 3346 902 καρποὺς
3397 835 3505 900 ’β’
3557 834 3650 889 τὸν

2069 924 2422 978 ἀποστολικδν
2491 923 2649 996 χορὸν
2708 922 3008 998 [νοοῦμεν]
3067 927 3210 980 κατά
3267 925 3500 997 μετοχὴν
3553 927 3648 980 τοῦ

2068 1014 2236 1079 ὅντως
2264 1015 2420 1080 ξύλου
2441 1015 2542 1085 τῆς
2570 1015 2738 1084 ζωῆς,
2767 1015 2861 1068 τοῦ
2891 1017 2976 1070 διὰ
2999 1016 3100 1086 τῆς
3128 1018 3263 1087 πρὸς
3295 1017 3438 1089 [τὴν]
3469 1018 3649 1088 σάρκα

2070 1108 2354 1170 κοινωνίας
2375 1108 2770 1179 δωρησαμένου
2795 1110 2926 1178 ἡμῖν
2951 1108 3184 1179 μετοχὴν
3208 1109 3342 1178 πρὸς
3357 1109 3459 1179 τὴν
3483 1110 3649 1163 αὑτοῦ

2071 1199 2324 1271 θεότητα.
2375 1198 2592 1252 Τούτων
2624 1201 2858 1270 καρποὶ,
2889 1202 2936 1253 οἱ
2973 1203 3029 1252 ὲν
3061 1200 3256 1255 ἑκατὸν
3294 1204 3648 1274 καρποφορή-

2072 1309 2285 1354 σαντες.
2333 1292 2512 1346 Φύλλα
2549 1292 2637 1355 δὲ,
2673 1293 2722 1344 oi
2769 1294 2827 1351 ἐν
2873 1293 3173 1362 ἐξήκοντα·
3212 1292 3261 1345 οἳ
3307 1295 3548 1357 καὶτοῖς
3594 1296 3651 1346 ἐν

2070 1385 2363 1453 τριάκοντα
2395 1386 2507 1445 τοῖς
2535 1384 2597 1440 ὲκ
2631 1384 2740 1440 τῶν
2782 1383 2955 1437 ἐθνῶν
2989 1382 3129 1457 [τὴν]
3151 1384 3446 1455 θεραπείαν
3481 1403 3642 1455 προσ-ι

2069 1475 2307 1535 οἰσουσι,
2340 1479 2454 1538 τοῖς
2507 1475 2881 1544 ύποϐεϐηκόσι
2937 1477 3038 1528 τῶν
3089 1475 3246 1528 Οεὶων
3304 1475 3502 1545 φώτων
3554 1477 3651 1544 τὴν

2070 1567 2263 1637 αἴγλην
2293 1567 2815 1638 διαπορθμεύοντες,
2847 1570 2990 1638 ἆπερ
3033 1568 3119 1620 διά
3158 1567 3264 1620 τῶν
3294 1584 3650 1637 καρποφορη-

2073 1659 2278 1712 σάντων
2326 1661 2384 1712 ὲν
2417 1659 2612 1716 ἑκατὸν
2648 1659 2916 1723 ἐδέξαντο.
2951 1660 3088 1723 Ὀση
3137 1659 3245 1726 γὰρ
3285 1657 3498 1725 φύλλων
3559 1658 3650 1711 καὶ

2072 1752 2299 1821 καρπῶν
2331 1750 2502 1823 [ἐστιν
2651 1751 2922 1820 διαφορὰ,
2963 1749 3202 1818 τοσαύτη
3246 1752 3338 1801 καὶ
3379 1748 3486 1800 τῶν
3531 1749 3648 1801 τότε

2074 1843 2433 1913 σωζομένων
2466 1844 2575 1896 τῶν
2633 1845 2731 1912 μὲν
2783 1838 2980 1913 ἦττον,
3024 1844 3132 1895 τῶν
3184 1843 3239 1895 δὲ
3284 1843 3465 1893 πλεῖον
3501 1840 3651 1904 δοξα-

388 1916 609 1984 quidem
653 1920 940 1974 sanitatem
981 1937 1078 1990 per
1112 1923 1234 1977 illos
1273 1937 1654 1993 susceperunt,
1695 1927 1788 1996 qui
1838 1943 1961 1982 cen-

2075 1935 2353 2007 ζομένων,
2399 1938 2474 1999 ὡς
2524 1938 2851 2007 γέγραπται.
2906 1939 2964 1990 Ei
3009 1937 3064 1988 δὲ
3117 1937 3310 1997 ἑνικῶς
3343 1937 3408 1988 τὸ
3461 1936 3651 1998 ξύλον

391 2011 602 2074 tuplum
660 2008 1142 2066 lructilicaverant.
1204 2013 1481 2079 Quantum
1531 2017 1680 2070 enim
1737 2018 1968 2074 interest

387 2096 532 2152 inter
583 2098 706 2154 folia
751 2111 804 2154 et
840 2102 1082 2167 fructus,
1136 2114 1346 2158 tantum
1384 2106 1524 2160 inter
1565 2123 1659 2161 eos
1704 2110 1797 2178 qui
1839 2119 1966 2164 tunc

386 2189 780 2256 salvabuntur,
832 2193 1264 2250 intercessurum
1321 2198 1622 2265 putandum
1681 2212 1797 2267 est;
1843 2203 1966 2257 aliis

387 2279 606 2352 quidem
661 2283 893 2352 majori,
928 2286 1052 2342 aliis
1089 2303 1216 2342 vero
1251 2289 1447 2344 minori
1495 2291 1664 2361 gloria
1711 2295 1962 2363 pollenti-

386 2371 512 2438 bus,
545 2375 706 2430 sicuti
734 2387 860 2433 ante
898 2380 1076 2434 obiter
1107 2381 1406 2436 indicatum
1454 2394 1558 2441 est.
1589 2384 1744 2451 Quod
1780 2397 1962 2442 autem

2073 2027 2194 2079 ἀντὶ⁵
2221 2025 2338 2078 τῶν
2367 2026 2570 2090 ξύλων
2599 2027 2929 2095 γέγραπται,
2966 2026 3062 2094 τὴν
3099 2025 3307 2078 ἑνιαίαν
3339 2025 3447 2077 τῶν
3479 2025 3650 2090 ἁγίων

2065 2119 2214 2186 δηλοῖ
2253 2119 2622 2190 συνδιαίτησιν
2663 2120 2758 2171 καὶ
2796 2120 3068 2188 ὁμόνοιαν.
3107 2120 3266 2182 "Reor;
3303 2119 3358 2171 δὲ
3403 2117 3544 2190 [mil
3583 2120 3648 2190 τῇ

2068 2210 2252 2280 Γραφῇ
2303 2211 2569 2280 πολλαχοῦ
2607 2211 2728 2263 ἀντὶ
2775 2211 2944 2274 ξύλων
2997 2210 3208 2264 πολλῶν
3253 2211 3446 2272 ἑνικῶς
3493 2208 3650 2275 ξύλον

2064 2300 2248 2353 καλεῖν
2277 2318 2290 2332 ·
2342 2303 2435 2353 καὶ
2476 2301 2594 2354 ἀνθ’
2639 2301 2842 2372 ἑτέρων
2873 2301 3283 2372 πληθυντικῶν,
3329 2300 3482 2354 ἑνικὰ
3530 2300 3650 2353 ὀνό-

2070 2409 2213 2460 ματα
2245 2391 2489 2463 [λέγεινῖ.

383 2467 584 2536 lignum
641 2471 992 2543 singulariter
1047 2492 1144 2546 pro
1179 2478 1338 2548 lignis
1384 2481 1648 2549 scriptum
1690 2491 1804 2548 est,
1859 2485 1960 2539 hoc
1999 2495 2312 2541 sanctorum
2387 2490 2522 2541 inter
2558 2503 2617 2542 se
2692 2487 2948 2542 unionem
2985 2497 3038 2540 ct
3089 2488 3436 2543 concordiam
3479 2486 3647 2556 signi-

386 2562 533 2620 ﬁcat.
588 2563 692 2620 Sed
743 2575 797 2621 et
852 2585 1208 2626 numerorum
1263 2575 1533 2630 heterosis
1583 2577 1756 2631 sacris
1814 2576 2035 2634 Litteris
2078 2581 2372 2635 admodum
2446 2597 2666 2650 quoque
2736 2580 3018 2634 familiaris
3066 2589 3169 2633 est.
3232 2577 3457 2632 Constat
3509 2580 3647 2631 enim

387 2658 529 2729 ligna
587 2663 755 2718 multa
816 2665 1020 2731 lignum
1087 2684 1296 2732 unum,
1352 2679 1407 2723 et
1481 2671 1683 2726 multos
1755 2687 1927 2742 equos
2006 2690 2207 2744 equunt
2256 2692 2424 2728 unum
2497 2677 2805 2745 appellare,
2844 2675 3062 2744 aliaque
3139 2678 3188 2730 id
3238 2691 3408 2746 genus
3456 2675 3649 2742 singu-

386 2753 522 2808 laria
561 2771 658 2824 pro
707 2759 1021 2814 nominibus
1065 2761 1369 2831 pluralibus
1419 2762 1736 2832 frequenter
1790 2767 2062 2822 collocare
2101 2767 2297 2821 solere.

455 2844 622 2912 XXII,
652 2847 707 2902 5.
741 2847 809 2902 Et
844 2866 994 2904 omne
1019 2851 1360 2908 maledictum
1383 2871 1486 2910 non
1519 2857 1615 2910 erit
1644 2856 1894 2926 amplius.

453 2937 594 2994 Cum
647 2941 1004 2997 anathematis
1063 2959 1264 2999 nomen
1327 2945 1576 3002 bifariam
1633 2958 1963 3019 usurpetur,

385 3046 497 3086 uno
528 3032 688 3088 modo
710 3050 812 3104 pro
835 3050 902 3090 eo
929 3037 1072 3105 quod
1107 3037 1207 3091 soli
1236 3036 1346 3092 Deo
1374 3049 1750 3097 consecratum
1794 3051 1844 3095 et
1875 3042 1966 3096 de-

380 3124 622 3182 dicatum
657 3137 740 3181 est
765 3166 781 3191 ,
817 3128 882 3182 ad
912 3129 1057 3197 quod
1099 3130 1330 3198 proinde
1369 3132 1680 3200 promiscue
1719 3135 1967 3188 multitu-

2140 2861 2251 2914 Καὶ
2283 2859 2408 2914 πᾶν
2436 2861 2737 2929 κατάθεμα
2773 2864 2885 2917 οὐκ
2915 2862 3084 2916 ἔσται
3116 2857 3259 2912 ἐκεῖ.

2138 2952 2244 3005 Τοῦ
2277 2953 2645 3022 ἀναθέματος
2675 2955 2875 3019 δισσῶς
2909 2954 3199 3024 νοουμένου
3223 2971 3235 2983 ·
3269 2951 3362 3006 τοῦ
3394 2953 3490 3022 μὲν
3513 2993 3527 3017 ,
3573 2953 3648 3017 ὡς

2064 3048 2174 3110 τοῖς
2234 3046 2449 3108 πολλοῖς
2483 3047 2705 3100 ἀθίκτου
2731 3089 2744 3111 ,
2795 3048 2914 3117 Θεῷ
2947 3048 3002 3101 δὲ
3037 3047 3183 3116 μόνῳ
3219 3045 3609 3112 ἀνατιθεμένου
3630 3061 3644 3075 °

2063 3137 2154 3190 τοῦ
2173 3136 2250 3198 δὲ,
2271 3137 2344 3200 ὡς
2373 3137 2520 3206 πάσῃ
2555 3139 2619 3206 τῇ
2657 3137 2831 3190 κτίσει
2862 3138 2954 3190 καὶ
2982 3139 3099 3200 ταῖς
3143 3137 3324 3204 ἁγίαις
3355 3135 3647 3204 δυνάμεσιν

384 3214 497 3268 diui
556 3231 661 3270 non
714 3226 862 3286 patet
894 3233 1176 3284 accessus,
1227 3221 1334 3273 alio
1366 3223 1528 3275 modo
1580 3239 1680 3292 pro
1713 3239 1780 3280 eo
1816 3225 1960 3293 quod

2067 3227 2365 3298 ἀψαύστου,
2392 3229 2466 3291 ὡς
2491 3229 2565 3300 τῷ
2601 3230 2833 3298 διαῖῖόλῳ
2857 3229 3240 3299 ἀνακειμένου,
3263 3228 3457 3298 διᾶτὴν
3476 3229 3649 3296 ἀμιγῆ

383 3320 564 3374 ireque
619 3309 827 3364 sanctis
891 3310 999 3363 illis
1053 3311 1382 3378 virtutibus,
1438 3330 1612 3383 neque
1659 3315 1746 3367 ulli
1805 3316 1963 3371 alteri

381 3408 645 3456 creaturae
679 3412 1023 3457 contrectare
1051 3402 1135 3458 ias
1161 3413 1278 3471 est;
1327 3415 1520 3475 utpote
1573 3406 1794 3461 diabolo
1825 3425 1966 3463 nun-

383 3499 678 3559 cupatum,
712 3507 814 3551 nec
865 3509 972 3547 non
1003 3494 1072 3549 ab
1119 3496 1268 3549 omni
1317 3511 1546 3565 prorsus
1583 3498 1728 3550 bono
1761 3513 1814 3552 et
1865 3499 1967 3554 ho-

938 3601 1046 3648 non
1096 3597 1180 3645 est
1209 3587 1296 3643 hic
1326 3603 1511 3644 sermo
1539 3590 1606 3646 de
1640 3591 1809 3659 priori
1854 3591 1968 3657 illo,

382 3675 477 3729 sed
522 3675 590 3730 de
641 3677 976 3745 posteriori,
1024 3678 1172 3747 quod
1222 3681 1376 3749 gravi
1434 3681 1668 3750 quadam
1722 3683 1970 3753 emphasi

386 3590 546 3636 nesto
581 3583 819 3642 alienum
869 3604 882 3639 :

379 3771 674 3824 caratliema
723 3773 802 3826 vel
856 3775 1196 3835 maledictum
1252 3779 1354 3832 hoc
1407 3777 1528 3834 loco
1579 3788 1809 3834 vocatur

2071 3320 2164 3371 τοῦ
2191 3319 2354 3375 καλοῦ
2384 3321 2766 3389 ἀλλοτρίωσιν,
2795 3320 2953 3374 τοῦτο
2982 3320 3214 3374 ἐνταῦθα
3246 3320 3366 3372 κατ’
3398 3319 3648 3372 ἐπίτασιν

2067 3410 2318 3479 εἰρῆσθαι
2343 3411 2638 3481 νομίζομεν
2660 3411 2980 3480 κατάθεμα.
3009 3410 3100 3481 Τῷ
3129 3410 3367 3481 γὰρὸντι
3394 3409 3452 3462 τὸ
3480 3408 3648 3460 τοιοῦ-

2067 3519 2158 3555 τον
2193 3504 2292 3554 οὐκ
2335 3502 2672 3568 ἀνατίθεται,
2719 3503 2855 3556 ἀλλά
2896 3502 3270 3568 κατατίθεται,
3318 3501 3395 3571 τῷ
3419 3497 3651 3570 διαϐόλῳ

2070 3597 2503 3667 ὑποταττόμενον
2531 3599 2622 3651 καὶ
2655 3596 3259 3666 συγκαταδικαζόμενον
3282 3612 3294 3625 ·
3327 3596 3461 3664 ὅπερ
3493 3595 3549 3646 ὲν
3581 3594 3647 3663 τῇ

2071 3688 2224 3740 πόλει
2253 3687 2436 3760 ἐκείνῃ
2467 3689 2564 3741 οὐκ
2591 3688 2770 3742 ἔσται.

1855 3799 1867 3834 :
1906 3797 1964 3836 re
1995 3781 2112 3852 ipsa
2141 3785 2286 3838 enim
2322 3784 2428 3840 tale
2456 3786 2743 3839 anathema
2775 3784 2979 3839 ccrlesti
3004 3785 3213 3837 numini
3265 3797 3368 3833 non
3430 3779 3646 3833 dedica-

384 3875 489 3925 ων,
563 3881 759 3936 neque,
811 3878 869 3924 ut
941 3885 1028 3934 res
1073 3872 1265 3926 votivae
1315 3871 1528 3936 solent,
1593 3873 1702 3930 Deo
1755 3877 2150 3945 suspenditur;
2201 3877 2317 3941 sed,
2364 3887 2421 3932 ut
2474 3893 2561 3932 res
2596 3877 2814 3932 diabolo
2861 3877 3124 3945 subjecta,
3198 3873 3467 3939 simulque
3517 3887 3638 3932 rum

381 3955 935 4014 illoeondemuationi
1001 3963 1262 4027 obnoxia,
1297 3966 1612 4036 deponitur,
1676 3977 1731 4022 et
1788 3979 2045 4039 tanquam
2087 3970 2372 4041 profanum
2439 3969 2694 4040 quiddam
2753 3968 2980 4038 pedibus
3040 3968 3304 4021 ealca'ur.
3371 3962 3647 4031 Ejusmodi

377 4059 558 4103 autem
595 4052 899 4105 calathema
929 4053 987 4108 in
1017 4055 1238 4110 civitate
1268 4057 1358 4114 illa
1390 4073 1496 4112 non
1529 4060 1654 4114 erit.

449 4143 552 4196 Sed
575 4144 721 4198 sedes
757 4144 848 4200 Dei
871 4157 919 4201 et
956 4149 1091 4217 Agni
1114 4149 1166 4202 in
1196 4150 1293 4204 illa
1318 4163 1472 4206 erunt
1497 4167 1516 4205 :
1543 4155 1677 4207 servi
1707 4155 1821 4222 ejus
1846 4170 1957 4207 ser-

376 4235 511 4286 rient
546 4235 648 4298 illi,
687 4246 737 4292 et
767 4237 1014 4298 videbunt
1046 4239 1236 4308 faciem
1275 4243 1413 4310 eius,
1448 4252 1499 4299 et
1525 4261 1713 4303 nomen
1749 4245 1860 4313 ejus
1904 4247 1959 4301 in

377 4325 642 4392 frontibus
670 4329 803 4386 suis.

445 4510 572 4575 Qui,
613 4511 812 4581 inquit,
851 4513 975 4570 lacti
1011 4525 1141 4570 sunt
1173 4517 1403 4571 thronus
1434 4515 1529 4570 Dei
1559 4531 1654 4586 per
1685 4516 1955 4585 requiem,

375 4621 538 4672 quam
587 4607 848 4662 Dominus
880 4608 934 4661 in
981 4609 1089 4664 illis
1128 4609 1306 4678 capit,
1349 4609 1387 4662 ii
1424 4607 1672 4678 germani
1724 4607 1957 4661 civitatis

379 4697 528 4748 illius
567 4696 903 4752 habitatores
933 4699 1332 4762 censebantur;
1374 4698 1746 4765 videbuntque
1777 4697 1954 4766 ipsum

378 4805 484 4841 non
513 4805 606 4857 per
629 4791 938 4859 a'nigmata,
965 4793 1057 4844 sed
1087 4791 1223 4846 facie
1241 4793 1309 4846 ad
1337 4791 1530 4846 facient
1557 4830 1571 4855 ,
1597 4790 1955 4860 quemadmo-

374 4879 502 4933 dum
538 4881 684 4934 visus
714 4889 800 4937 est
849 4882 1056 4935 sanctis
1086 4881 1350 4950 apostolis
1395 4881 1447 4934 in
1493 4889 1696 4943 monte,
1738 4889 1798 4934 ut
1838 4896 1953 4934 ma-

375 4987 517 5040 gnus
541 4973 618 5024 ait
651 4971 977 5043 Dionysius;
1005 4973 1395 5042 babebuntque
1422 4990 1520 5043 pro
1542 4989 1705 5027 aurea
1730 4973 1952 5034 lamina.

373 5081 538 5134 quam
598 5082 850 5122 summus
916 5069 1174 5122 sacerdos
1227 5066 1357 5120 olim
1419 5064 1665 5131 ferebat,
1715 5066 1952 5120 divinth

374 5174 582 5223 nomen,
642 5174 748 5212 non
793 5167 900 5211 tam
962 5159 1015 5211 in
1056 5158 1330 5212 frontibus
1385 5157 1736 5226 descriptum,
1785 5173 1949 5226 quam

371 5253 426 5305 in
471 5252 717 5304 cordibus
772 5251 1106 5316 impressum.
1159 5251 1366 5305 Iudicat
1404 5251 1455 5304 id
1501 5261 1677 5304 autem
1713 5251 1949 5311 ﬁrmam,

374 5345 628 5407 liberam,
665 5349 721 5397 et
749 5341 1146 5396 immutabilem
1179 5341 1550 5405 dilectionem,
1579 5356 1682 5410 qua
1716 5342 1766 5394 in
1800 5341 1949 5394 illum

373 5436 643 5490 feruntur.
701 5434 912 5487 Etenim
999 5433 1283 5503 inscriptio
1350 5435 1403 5486 in
1463 5433 1640 5486 fronte
1719 5434 1954 5486 honestae

372 5527 664 5596 cujusdam
691 5526 964 5582 libertatis
995 5536 1378 5596 argumentum
1406 5535 1460 5580 et
1484 5526 1639 5580 iudex
1674 5535 1777 5581 est.

441 5617 613 5683 XXII,
643 5617 696 5672 5.
738 5615 808 5669 Et
843 5632 949 5669 nos;
992 5616 1136 5669 ultra
1168 5633 1270 5670 non
1298 5617 1397 5670 erit
1436 5616 1546 5680 ibi;
1582 5625 1629 5670 et
1662 5632 1767 5670 non
1804 5626 1948 5686 egent

372 5710 571 5765 lumine
610 5710 875 5774 lucerna,
917 5724 1080 5778 neque
1109 5709 1306 5762 lumine
1341 5709 1469 5764 solis
1491 5727 1509 5774 ;
1547 5709 1798 5779 quoniam
1848 5709 1948 5762 Do-

373 5800 549 5855 minus
580 5800 721 5856 Deus
756 5801 1028 5856 illuminat
1061 5802 1180 5856 illos
1210 5817 1226 5854 :
1265 5811 1312 5856 et
1351 5802 1636 5872 rcgnalmnt
1672 5803 1724 5854 in
1754 5803 1945 5854 sa'r'ula

369 5911 466 5949 διυι·
475 5896 558 5948 ιιίυ
568 5911 623 5950 ru
635 5911 703 5948 m.

2128 4151 2238 4205 Καὶ
2278 4156 2310 4205 ό
2366 4152 2579 4220 θρόνος
2622 4151 2728 4205 τοῦ
2775 4150 2922 4204 Θεοῦ
2978 4150 3072 4203 καὶ
3129 4150 3233 4204 τοῦ
3298 4152 3522 4220 Ἀρνίου
3580 4155 3649 4206 ἐν

2055 4243 2210 4311 αὐτῇ
2254 4243 2425 4297 ἔσται
2451 4260 2464 4273 ’
2507 4243 2606 4296 καὶ
2637 4246 2691 4296 οἱ
2725 4242 2930 4295 δοῦλοι
2969 4241 3157 4296 αὑτοῦ
3195 4245 3648 4311 λατρεύσουσιν

2055 4334 2250 4400 αὐτῷ,
2285 4335 2381 4388 καὶ
2419 4334 2672 4402 ὄψονται
2707 4336 2773 4388 τὸ
2817 4336 3360 4405 πρόσωπονναύτοῦ
3387 4353 3400 4368 ·
3452 4337 3546 4392 καί
3582 4343 3644 4394 τὸ

2059 4425 2244 4493 ὄνομα
2269 4423 2457 4477 αὐτοῦ
2489 4423 2588 4476 ἐπὶ
2616 4423 2735 4477 τῶν
2755 4424 3044 4494 μετώπων
3069 4425 3288 4480 αὐτῶν.

2131 4520 2192 4570 Οἱ
2217 4517 2274 4570 δὲ
2301 4516 2598 4586 γινόμενοι,
2633 4519 2790 4587 φησὶ,
2817 4518 3006 4609 θρόνος
3046 4519 3180 4572 Θεοῦ
3209 4520 3294 4572 διὰ
3331 4522 3433 4590 τῆς
3460 4524 3517 4575 ἐν
3549 4525 3644 4576 αύ-

1994 4588 2033 4644 D
2061 4611 2175 4671 τοῖς
2210 4606 2304 4661 τοῦ
2350 4608 2625 4662 Δεσπότου
2675 4588 3038 4673 ἁναπαύσεῗος
3063 4653 3076 4671 ,
3111 4613 3263 4664 αὐτοὶ
3295 4613 3393 4680 τῆς
3436 4615 3645 4678 πόλεως

2062 4701 2329 4773 [ἐκείνηςι
2354 4703 2637 4773 οἰκήτορες
2663 4701 2897 4767 ἔσονται,
2927 4705 3018 4757 καὶ
3036 4704 3258 4773 ὄψονται
3282 4707 3442 4759 αὑτὸν
3475 4705 3640 4776 πρόσ-

2057 4811 2204 4846 ωπον
2237 4795 2370 4863 πρὸς
2418 4795 2710 4863 πρόσωπον
2734 4812 2746 4824 “
2781 4795 2840 4848 οῦ
2873 4795 2940 4848 δι’
2986 4797 3348 4864 αἰνιγμάτων,
3388 4797 3502 4849 ἀλλ’
3533 4798 3641 4851 ὤσ-

2059 4902 2163 4954 περ
2205 4887 2319 4948 τοῖς
2365 4885 2542 4952 ἀγίοις
2589 4886 2907 4949 ἀποστόλοις
2954 4889 3012 4940 ἐν
3059 4889 3134 4956 τῷ
3175 4887 3360 4960 [ἁγίῳ]
3393 4890 3509 4959 ὄρει
3549 4908 3641 4942 τε-

2057 4976 2280 5035 θέαται,
2316 4975 2391 5038 ὥς
2446 4993 2611 5044 φησιν
2663 4979 2690 5029 ὁ
2736 4976 2908 5046 μέγας
2959 4977 3254 5041 Διονύσιος.
3309 4978 3531 5044 Ἕξουσι
3583 4978 3642 5032 δὲ
3693 5052 3696 5054 η

2057 5069 2177 5120 ἀντὶ
2211 5069 2304 5120 τοῦ
2333 5067 2536 5140 χρυσοῦ
2569 5057 2824 5134 πετάλδυ,
2850 5063 2912 5129 οὗ
2943 5069 3109 5124 πάλαι
3136 5073 3163 5123 ὁ
3190 5072 3481 5141 ἀρχιερεὺς
3513 5071 3640 5140 ὲφόυ

2059 5177 2162 5228 ρει,
2195 5160 2292 5211 οὐκ
2339 5161 2431 5212 ἐπὶ
2462 5161 2570 5212 τῶν
2606 5160 2870 5230 μετώπων
2909 5162 3086 5230 μόνων
3116 5163 3183 5216 τὸ
3224 5164 3385 5217 θεῖον
3423 5163 3633 5231 ὄνομα,

2056 5248 2190 5300 ἀλλὰ
2215 5249 2308 5300 καὶ
2331 5248 2401 5301 ἐν
2427 5248 2554 5313 ταῖς
2575 5248 2846 5316 καρδίαις
2870 5249 3406 5319 ἐγκεχαραῃιένον,
3433 5247 3633 5316 δηλοῦν

2054 5341 2149 5410 τὴν
2181 5340 2260 5402 εἰς
2307 5340 2469 5392 αὺτὸν
2499 5340 2705 5410 παγίαν
2748 5341 2845 5393 καὶ
2886 5341 3455 5412 πεπαρρησιασμένην
3488 5339 3632 5405 ἀγά-

2055 5451 2163 5501 πην
2211 5432 2306 5485 καὶ
2361 5431 2717 5502 ἀμετάθετον.
2787 5433 2850 5486 Ἠ
2906 5433 3014 5502 γὰρ
3075 5433 3168 5486 ἐπὶ
3228 5433 3322 5485 τοῦ
3379 5431 3637 5501 μετώπου

2054 5523 2239 5594 γραιρὴ
2271 5523 2360 5576 τὸν
2393 5524 2448 5576 ὲν
2480 5523 2762 5594 παρρησία
2797 5523 3186 5592 καλλωπισμόν
3213 5522 3531 5577 αἰνίττεται.

2123 5614 2230 5668 Καὶ
2251 5613 2368 5677 νὺξ
2387 5615 2497 5667 οὐκ
2517 5613 2687 5666 ἔσται
2715 5613 2866 5667 ἐκεῐο
2908 5613 3006 5667 καὶ
3030 5613 3242 5682 χρείαν
3267 5614 3377 5665 οὐκ
3419 5612 3638 5680 ἔχουσι

2052 5704 2290 5778 [φωτὸς]
2327 5705 2560 5773 λύχνου
2591 5703 2688 5758 καὶ
2723 5705 2919 5774 φωτὸς
2957 5705 3138 5771 ἡλίου
3164 5721 3178 5735 ο
3209 5703 3299 5757 ὅτι
3346 5705 3562 5772 Κύριος
3600 5705 3637 5758 ὁ

2053 5800 2198 5865 θεὸς
2230 5797 2434 5867 sciet/ei
2453 5797 2698 5864 αὐτοὺς,
2735 5799 2833 5852 καὶ
2861 5799 3353 5864 βασιλεύσουσιν
3376 5799 3462 5862 είς
3493 5795 3638 5861 τοὺς

2053 5894 2273 5955 αἰῶνας
2302 5888 2417 5942 τῶν
2446 5889 2694 5943 αίὼνων.
