4042 6632
491 528 592 594 ili}

1435 524 2036 587 COMMENTARIUS
2076 525 2157 586 IN
2198 526 2733 593 APOCALYPSIN.

3644 527 3748 595 446

559 641 621 694 Et
657 640 714 693 δὲ
752 639 804 694 οἰ
837 639 1072 705 δίκαιοι,
1107 636 1182 701 ὦς
1217 652 1379 706 φησιν
1403 636 1431 689 ὀ
1455 636 1708 706 Χριστὸς,
1743 637 1818 696 ὡς
1846 637 1875 689 6
1913 636 2064 705 ἥλιος

2239 638 2292 691 Si
2341 638 2512 707 justi,
2553 647 2614 692 ut
2658 636 2832 708 inquit
2875 638 3150 705 Christus,
3197 638 3478 711 fulgebunt
3511 651 3563 695 ut
3615 643 3735 707 sol;

491 735 760 804 λάμψουσι
781 775 796 794 ,
828 734 945 796 πῶς
974 731 1192 802 λυχνίας
1225 731 1257 800 ἢ
1295 730 1388 784 καὶ
1430 729 1656 798 ἡλιακοῦ
1689 729 1865 799 φωτὸς
1908 731 2060 782 ἔσται

491 827 679 898 χρεία,
725 829 838 888 τοῖς
889 825 982 877 τὸν
1032 823 1237 894 Κύριον
1286 823 1385 892 τῆς
1430 821 1588 891 δόξης
1643 821 1922 891 φωτισμὸν
1966 823 2063 874 καὶ

490 917 711 988 βασιλέα
753 917 998 986 ἔχουσιν,
1048 915 1137 984 ὑφ’
1167 909 1226 969 οὗ
1275 913 1693 987 [ἀτελευτήτως]
1731 915 1809 976 είς
1858 913 2062 976 αἰῶνας

489 1011 697 1065 αἰώνων
735 1009 1240 1078 βασιλευθήσονται,
1277 1007 1477 1078 μᾶλλον
1509 1007 1565 1060 δὲ
1608 1007 1758 1076 αύτῷ
1792 1006 2061 1078 συμϐασι-

489 1099 762 1165 λεύσουσι,
793 1100 934 1160 κατὰ
965 1100 1055 1158 τὸν
1084 1099 1223 1152 θεῖον
1261 1097 1620 1163 Ἀπόστολον;

1067 1237 1110 1288 Κ
1122 1237 1317 1289 ΕΦΛΛ.
1357 1235 1478 1289 ΞΘ’.

487 1350 611 1410 ’Ότι
645 1348 789 1420 Θεὸς
823 1349 941 1404 τῶν
969 1349 1291 1420 προφητῶν
1320 1353 1352 1404 ὁ
1376 1349 1648 1420 Χριστὸς,
1689 1351 1789 1406 καί
1835 1354 2062 1410 Δεσπό-

981 1419 1096 1490 τηςί
1117 1419 1234 1475 τῶν
1257 1419 1547 1492 ἀγγέλων.

563 1558 671 1611 Kal
700 1554 830 1614 εἶπέ
854 1573 984 1628 μοι’
1020 1553 1196 1615 Οὗτοι
1233 1559 1286 1612 ol
1315 1557 1486 1629 λόγοι
1533 1557 1734 1613 πιστοὶ
1781 1557 1878 1612 καὶ
1910 1557 2062 1626 άλη-

491 1651 664 1705 θινοί.

560 1741 768 1795 Πιστοὶ
809 1741 907 1794 καί
941 1741 1212 1809 ἀληθινοί
1250 1739 1324 1812 [οί
1353 1739 1572 1812 λόγοι].
1599 1741 1673 1804 ὠς
1703 1742 1767 1794 ὲκ
1800 1741 1898 1807 τῆς
1927 1740 2060 1811 ἀλη-

491 1833 640 1896 θείας
695 1833 1117 1903 προφερόμενοι.
1167 1832 1346 1901 Μέχρι
1393 1830 1496 1903 [δὲ]
1540 1831 1646 1884 τῶν
1681 1831 1918 1886 ἐνταῦθα
1965 1832 2062 1902 τὴν

491 1923 583 1977 τοῦ
615 1925 846 1993 ἀγγέλου
875 1923 1140 1978 ὀπτασίαν
1169 1924 1261 1976 καὶ
1287 1922 1430 1996 [τὴν]
1458 1923 1565 1976 τῶν
1589 1922 1934 1993 τεθεαμένων
1964 1925 2062 1994 τὴν

2170 748 2275 801 qua
2315 733 2526 786 ratione
2571 732 2834 786 lucernali
2869 740 2966 787 aut
3003 733 3171 788 solari
3207 733 3416 787 lumine
3459 747 3600 804 opus
3642 734 3749 787 erit

2171 826 2262 894 qui
2311 842 2340 878 a
2375 825 2605 880 Domino
2632 826 2820 896 gloria:
2873 836 2929 881 et
2961 826 3264 896 majestatis
3299 826 3649 880 illustrantur
3694 836 3750 880 tl

2171 926 2456 987 reguntur,
2487 927 2540 972 et
2568 919 2620 972 in
2649 933 2812 972 omne
2853 933 3030 972 aevum
3062 926 3336 986 regentur,
3381 929 3496 984 aut,
3539 927 3598 973 ut
3631 935 3750 974 ree-

2170 1010 2280 1064 tius
2307 1010 2608 1066 secundum
2633 1010 2958 1074 Apostolum
2979 1010 3184 1072 dicam.
3212 1012 3330 1067 sine
3362 1014 3466 1068 line
3491 1028 3595 1068 una
3623 1027 3746 1068 cum

2172 1101 2265 1156 illo
2291 1103 2592 1172 regnabunt
2616 1102 2640 1155 ?

2727 1238 2955 1295 CAPUT
2997 1238 3182 1302 LXIX.

2171 1351 2324 1418 Quod
2352 1351 2596 1408 Christus
2634 1355 2703 1409 sit
2739 1353 2872 1480 Dezs
2902 1354 3276 1435 prop/letarum
3297 1394 3312 1420 ,
3338 1363 3388 1408 et
3439 1350 3747 1424 angelorum

2856 1441 3082 1478 ommus.

2856 1441 3082 1478 ommus.

2243 1559 2417 1625 XXII,
2464 1560 2517 1614 6.
2557 1558 2626 1619 Et
2668 1560 2806 1615 tliait
2845 1562 3016 1616 mihi:
3050 1559 3177 1618 licet:
3225 1561 3382 1617 verba
3431 1559 3749 1630 ﬁdelissima

2170 1664 2292 1707 sunt
2321 1663 2369 1707 et
2400 1669 2542 1707 vera.

2246 1744 2405 1815 109
2441 1744 2649 1798 Ftrlelia
2678 1754 2726 1799 et
2775 1761 2894 1798 vera
2924 1753 3086 1811 sunt,
3121 1754 3309 1814 utpote
3353 1746 3420 1801 ab
3454 1746 3572 1812 ipsa
3604 1744 3747 1800 veri-

2174 1847 2281 1892 tate
2309 1837 2537 1906 prolata.
2576 1835 2695 1894 lluc
2723 1853 2898 1907 usque
2947 1839 3124 1907 angeli
3159 1839 3422 1892 visionem
3473 1840 3748 1893 visorum-

2172 1943 2278 1997 que
2309 1927 2809 1996 interpretationem
2835 1927 2885 1980 in
2910 1927 3147 1983 medium
3181 1929 3492 1998 proposuit;
3521 1929 3748 1998 posthac

491 2017 788 2086 ἑρμηνείαν
821 2015 1221 2088 παραθέμενος,
1249 2016 1436 2068 λοιπὸν
1459 2015 1534 2079 ὡς
1559 2014 1618 2082 ἐξ
1650 2015 1854 2069 οἰκείου
1889 2033 2063 2088 προσ⁴

2180 2025 2382 2083 autem,
2441 2016 2599 2085 quasi
2659 2031 2723 2070 ex
2779 2018 3000 2088 propria
3055 2033 3290 2088 persona
3350 2018 3592 2073 disserit.
3653 2017 3746 2071 Ait

491 2107 642 2161 ὡπου
671 2108 832 2178 φησί’

562 2201 671 2254 Καὶ
714 2202 926 2268 Κύριος
957 2205 989 2256 ὀ
1024 2203 1166 2270 Θεὸς
1214 2200 1333 2255 τῶν
1360 2201 1545 2271 ἁγίων
1597 2199 1917 2270 προφητῶν
1951 2199 2062 2254 ἀπ-

492 2290 727 2346 έστειλε
760 2295 866 2347 τὸν
898 2295 1153 2364 ἄγγελον
1198 2294 1406 2358 αὐτοῦ,
1448 2292 1638 2358 δεῖξαι
1670 2292 1793 2359 τοῖς
1821 2292 2064 2358 δούλοις

492 2386 678 2441 αὐτοῦ
708 2387 745 2441 d
776 2386 868 2440 δεῖ
899 2388 1176 2456 γενέσθαι
1207 2388 1276 2440 ἐν
1306 2385 1489 2456 τάχει.

562 2480 627 2533 El
655 2479 710 2532 δὲ
740 2479 882 2545 Θεὸς
921 2478 1038 2532 τῶν
1070 2477 1388 2547 προφητῶν
1408 2479 1436 2531 6
1467 2477 1720 2549 Χριστὸς,
1753 2479 1811 2540 ὃς
1841 2478 1930 2530 τὸν
1963 2477 2063 2545 ἅγ-

494 2571 650 2642 γελον
669 2570 885 2644 [αὐτοῦ]
915 2572 1225 2636 ἀπέστειλε,
1254 2571 1342 2624 διὰ
1366 2572 1530 2642 μέσου
1559 2571 1651 2626 τοῦ
1679 2572 1777 2642 τὴν
1799 2570 2064 2624 ὀπτασίαν

496 2664 800 2734 ἑωρακότος
848 2665 1121 2736 μακαρίου
1175 2664 1422 2717 Ἰωάννου
1472 2663 1641 2728 δεῖξαι
1691 2665 1806 2726 τοῖς
1856 2662 2065 2726 δούλοις

497 2757 662 2812 αὐτοῦ
693 2758 760 2811 τά
795 2757 1056 2829 μέλλοντα
1091 2756 1382 2825 γενέσθαι,
1411 2755 1634 2826 εὔδηλον
1677 2756 1758 2809 ὅτι
1790 2771 2064 2823 συγκατα-

498 2851 735 2914 ϐατικῶς
766 2851 890 2905 κατ’
939 2848 1251 2919 οἰκονομίαν
1281 2849 1360 2921 τῷ
1389 2849 1505 2919 Υἱῷ
1531 2850 1587 2902 ὲν
1615 2850 1728 2911 τοῖς
1759 2847 2066 2919 προοιμίοις

497 2944 600 3014 ἔφη
650 2942 897 2996 δεδόσθαι
947 2941 1035 2996 διὰ
1075 2943 1173 3013 τὴν
1216 2941 1397 3011 σάρκα
1435 2941 1532 3012 τὴν
1572 2941 1938 3011 ἀποκάλυψιν.
2007 2941 2067 2992 Ὀ

497 3037 565 3113 γὰ
575 3053 607 3107 ρ
632 3036 742 3089 τῶν
770 3034 1065 3106 προφητῶν
1090 3033 1242 3100 Θεὸς,
1268 3032 1342 3105 [6]
1375 3032 1469 3087 καὶ
1492 3033 1618 3096 τοὺς
1641 3033 1910 3100 ἀγγέλους
1933 3030 2069 3084 ἀπο-

501 3129 736 3182 στέλλων
802 3129 877 3190 ὠς
937 3128 1291 3199 λειτουργικὰ
1349 3125 1638 3192 πνεύματα
1669 3123 1840 3194 ,πρὸς
1905 3120 2070 3193 [τοὺς

500 3223 738 3287 οἰκείους
782 3221 1020 3293 δούλους]
1065 3219 1161 3291 τὴν
1199 3220 1306 3271 τῶν
1361 3219 1660 3289 μελλόντων
1693 3216 1899 3290 [αὐτοῖς
1937 3217 2070 3268 ἀπο-

498 3316 692 3390 δείξαι]
731 3317 1072 3392 φανέρωσιν,
1118 3315 1218 3368 οὐκ
1267 3313 1332 3368 ἂν
1377 3314 1618 3385 ἁγνοήσῃ
1663 3330 1749 3372 τι,
1802 3309 1924 3364 οὔτε
1969 3309 2070 3380 τὴν

501 3410 714 3488 ἡμέραν
751 3407 875 3460 οὔτε
920 3406 1018 3477 τὴν
1049 3405 1197 3476 ὥραν
1227 3404 1329 3473 τῆς
1359 3403 1666 3465 συντελείας
1690 3418 1704 3432 °
1741 3403 1829 3454 ἵνα
1859 3401 1945 3454 διὰ
1972 3401 2067 3452 τοῦ

2039 3368 2140 3424 :C

2165 2120 2344 2166 autem
2383 2129 2398 2166 ζ

2238 2204 2305 2260 Ει
2352 2204 2608 2261 Dominus
2660 2206 2799 2262 Deus
2839 2214 3140 2259 sanctorum
3183 2204 3555 2272 praplietarunt
3599 2203 3744 2256 misit

2166 2297 2409 2366 angelum
2441 2314 2616 2362 suum,
2654 2307 2708 2351 ut
2755 2298 2997 2351 ostendat
3031 2297 3190 2350 serrls
3223 2297 3354 2356 suis,
3401 2313 3516 2365 quo:
3543 2303 3746 2365 oportet

2165 2392 2284 2461 ﬁeri
2313 2392 2439 2446 cito.

2240 2483 2295 2538 Si
2341 2484 2597 2540 Christus
2625 2495 2709 2540 est
2746 2485 2882 2540 Deus
2921 2483 3324 2553 prop/telarum,
3362 2480 3454 2551 qui
3493 2480 3746 2548 angelum

2170 2595 2327 2634 suum
2361 2578 2560 2645 mittit,
2595 2589 2654 2634 ut
2686 2594 2780 2649 per
2826 2580 3071 2633 divinum
3104 2575 3369 2631 Joannem
3392 2617 3408 2641 ,
3448 2574 3540 2643 qui
3572 2574 3744 2627 visio'

2171 2687 2292 2726 nem
2350 2671 2489 2726 hanc
2536 2671 2690 2734 vidit,
2728 2671 2887 2741 quasi
2943 2685 3037 2740 per
3089 2668 3518 2728 internuntium,
3560 2664 3736 2720 servis

2169 2763 2306 2828 suis,
2351 2777 2472 2831 qua:
2501 2762 2631 2816 olim
2666 2761 2848 2816 futura
2878 2770 3026 2824 sunt,
3062 2760 3338 2825 ostendat,
3397 2760 3621 2828 planum
3667 2757 3744 2820 tit,

2169 2869 2293 2910 cum
2335 2855 2388 2908 in
2430 2853 2550 2907 libri
2595 2853 2757 2924 hujus
2793 2853 3020 2907 exordio
3075 2852 3270 2906 Filium
3327 2865 3506 2905 rerum
3554 2850 3747 2902 harum

2170 2945 2670 3001 manifestationem
2725 2958 2756 2997 a
2801 2942 2912 2998 Deo
2971 2942 3128 2996 Patre
3180 2943 3456 3012 accepisse
3507 2940 3748 3006 asserit,

2171 3038 2475 3092 orationem
2505 3036 2826 3092 oeconomia:
2866 3035 3015 3090 illius
3057 3032 3359 3088 secundum
3391 3046 3612 3086 carnem
3655 3045 3750 3086 ac-

2171 3129 2572 3190 commodasse,
2625 3125 2970 3197 quadamque
3005 3123 3414 3194 συγκαταϐάσει
3457 3133 3510 3178 et
3544 3123 3748 3177 conde-

2172 3222 2458 3276 scensione
2501 3235 2660 3275 usum
2693 3235 2834 3274 esse.
2869 3219 2969 3285 Qui
3007 3219 3151 3272 enim
3183 3217 3571 3288 prephetarum
3605 3215 3749 3269 Deus

2172 3323 2275 3378 est,
2310 3311 2644 3383 angelosque
2681 3321 2938 3380 tanquam
2981 3309 3208 3379 spiritus
3250 3307 3749 3362 administratorios

2171 3405 2238 3459 ad
2272 3420 2461 3461 servos
2504 3418 2632 3458 suos
2657 3443 2672 3467 ,
2711 3415 2769 3457 ut
2818 3419 2940 3473 qua:
2973 3402 3154 3456 futura
3186 3409 3348 3464 sunt,
3399 3398 3506 3454 illis
3533 3395 3742 3469 patefa-

502 3487 717 3572 Πατρὸς
749 3498 982 3552 ἐνταῦθα
1030 3497 1178 3569 μάθῃ
1204 3497 1232 3549 6
1267 3495 1470 3558 πάντας
1501 3493 1639 3565 ἔχων
1667 3494 1796 3553 τοὺς
1826 3492 2071 3562 ἀποκρύ-

2180 3497 2296 3560 riat,
2331 3497 2559 3552 subinde
2612 3494 2797 3559 mittit,
2852 3506 3060 3550 certum
3107 3502 3191 3548 est
3235 3506 3359 3545 eum
3410 3489 3545 3544 nihil
3591 3487 3754 3558 quid-

502 3611 633 3661 φους
665 3591 972 3662 θησαυροὺς
1003 3589 1100 3656 τῆς
1151 3585 1344 3655 σοφίας
1391 3584 1487 3637 atati.
1526 3584 1626 3654 τῆς
1659 3583 1912 3653 γνώσεως
1973 3582 2071 3654 [ὼς

2180 3605 2330 3658 quam
2366 3589 2556 3652 latere,
2601 3589 2848 3660 adeoque
2881 3588 3022 3643 diem
3058 3597 3114 3642 et
3158 3586 3352 3640 horam
3395 3597 3754 3638 consumma-

501 3681 681 3754 056;].
710 3676 893 3751 Οὗπερ
928 3679 1023 3733 νῦν
1053 3680 1131 3741 είς
1161 3677 1268 3749 [τὸ]
1299 3677 1590 3749 πρόσωπον
1621 3678 1647 3730 6
1678 3675 2072 3744 εὐαγγελιστὴς

2180 3678 2335 3734 tionis
2358 3678 2540 3733 szeculi
2573 3693 2678 3732 non
2715 3679 2986 3748 ignorare,
3027 3677 3100 3732 ita
3139 3687 3199 3730 ut
3238 3675 3426 3729 isthaac
3451 3687 3598 3726 nunc
3629 3679 3752 3724 tan-c

508 3774 828 3844 μετέρχεται
862 3761 1106 3843 [λέγων]⁶

2180 3772 2292 3826 dem
2336 3787 2428 3840 per
2452 3771 2672 3826 Patrem
2706 3787 2831 3826 eum
2875 3771 3088 3826 discere
3110 3778 3398 3840 oporteat;
3432 3767 3523 3837 qui
3560 3779 3752 3820 omnes

502 3867 781 3936 sapientiae
830 3873 884 3919 et
921 3862 1163 3917 scientia:
1189 3861 1496 3933 {thesauros
1538 3869 1795 3928 tanquam
1829 3858 1969 3915 Deus
2016 3861 2067 3915 in
2103 3876 2162 3916 se
2221 3863 2436 3917 abditos
2469 3864 2650 3918 habet.
2677 3863 2847 3931 Cujus
2911 3877 3198 3931 personam
3228 3857 3569 3930 Evangelista
3599 3871 3756 3912 assu~

505 3974 659 4012 turns
689 3958 742 4010 in
777 3954 1008 4009 medium
1046 3966 1193 4006 nunc
1222 3951 1444 4020 prodit,
1475 3957 1528 4002 et
1555 3949 1687 4004 dicit
1721 3966 1736 4003 :

574 4045 733 4120 [Kal]
778 4043 907 4099 ἰδοὺ
959 4045 1200 4112 ἔρχομαι
1249 4041 1435 4109 ταχύ·
1469 4039 1755 4109 μακάριος
1807 4042 1840 4094 ό
1881 4037 2076 4107 τηρῶν

510 4141 887 4206 τοὺςλόγους
914 4136 1021 4200 τῆς
1052 4132 1416 4203 προφητείας
1441 4132 1547 4185 τοῦ
1565 4131 1805 4194 ,ϐιϐλίου
1838 4132 2072 4183 τούτου.

580 4232 742 4294 Ἐθος
766 4231 876 4299 γὰρ
895 4227 1051 4280 τοῦτο
1068 4223 1206 4298 [καὶ]
1229 4226 1338 4286 τοῖς
1357 4223 1683 4293 προφήταις,
1702 4220 1777 4282 ὡς
1796 4220 1856 4288 ἐξ
1872 4220 2075 4273 οίκέίου

513 4321 804 4392 προσώπου
858 4317 928 4370 τὰ
969 4316 1086 4376 θεῖα
1136 4312 1480 4385 χρησμῳδεῖν
1519 4309 1818 4379 πανταχοῦ.
1870 4310 1944 4362 Τὸ
1993 4309 2074 4373 δὲ,

517 4411 668 4479 Ταχὺ
699 4411 942 4478 ἔρχομαι
963 4445 978 4469 ,
1009 4406 1040 4476 ἦ
1074 4404 1361 4474 δηλοῦντός
1390 4406 1504 4458 ἐστι
1534 4403 1634 4472 τὴν
1677 4401 1770 4454 τοῦ
1807 4402 2074 4474 παρόντος

509 4500 700 4570 καιροῦ
730 4497 1075 4570 βραχύτητα,
1112 4494 1396 4562 συγκρίσει
1424 4493 1518 4545 τοῦ
1552 4492 1868 4561 μέλλοντος⁰
1907 4492 1939 4562 ἢ
1975 4492 2075 4562 τῆς

511 4593 742 4653 ἑκάστου
770 4587 1023 4657 τελευτῆς
1057 4588 1116 4638 τὸ
1154 4587 1347 4655 ἀθρόον
1379 4585 1473 4640 καὶ
1499 4586 1782 4655 σύντομον.
1831 4585 2077 4655 Ἐκάστῳ

2251 4038 2420 4104 XXII,
2451 4042 2501 4094 7.
2541 4040 2678 4094 Ecce
2704 4042 2850 4094 venio
2881 4039 3124 4095 velociter
3153 4056 3171 4094 :
3202 4039 3383 4093 beatus
3409 4040 3498 4110 qui
3521 4037 3755 4094 custodit

2174 4131 2326 4185 verba
2357 4133 2643 4202 prophetia:
2669 4133 2793 4186 libri
2823 4133 3004 4202 hujus.

2249 4220 2436 4276 Solent
2461 4238 2694 4292 namque
2723 4225 2999 4292 propheta:
3025 4224 3207 4277 divina
3233 4225 3454 4277 oracula
3497 4233 3754 4293 tanquam

2177 4329 2243 4368 ex
2293 4314 2512 4384 propria
2559 4331 2791 4384 persona
2830 4331 3204 4384 smpenumero
3235 4317 3576 4384 depromere.
3615 4317 3750 4369 Illud

2180 4414 2393 4469 autem,
2449 4403 2582 4460 Ecce
2631 4407 2778 4458 venio
2820 4406 2960 4468 cito,
3015 4413 3112 4458 aut
3153 4406 3438 4474 prazsentis
3496 4404 3758 4472 temporis

2183 4496 2502 4551 brevitatem
2581 4497 2990 4566 comparatione
3043 4495 3214 4551 futuri
3291 4498 3603 4567 signiticat;
3663 4505 3758 4548 aut

2183 4601 2331 4642 certe
2364 4588 2800 4659 uniuscujusque
2851 4589 3010 4642 liuent
3046 4603 3214 4658 prope
3245 4589 3460 4651 adesse,
3489 4598 3542 4642 et
3594 4589 3758 4641 simul

509 4681 618 4751 γάρ
643 4679 797 4751 ἀνδρί
819 4679 993 4743 τέλος,
1018 4680 1050 4749 ἡ
1081 4677 1327 4734 ἐντεῦθεν
1347 4677 1511 4730 αὑτοῦ
1535 4677 1885 4746 μετάστασις.
1925 4677 2074 4733 Ἐπεὶ

2183 4694 2403 4748 quoque
2437 4679 2705 4733 incertum
2753 4693 2874 4733 esse
2916 4679 3192 4740 insinuat;
3239 4679 3516 4748 siquidem
3576 4682 3759 4733 transi

510 4776 689 4828 τοίνυν
742 4771 1044 4841 ἀγνοοῦμεν
1097 4769 1254 4822 ποίαν
1299 4768 1447 4839 ὤραν
1485 4771 1512 4821 6
1547 4769 1784 4840 κλέπτης
1821 4771 2076 4840 ἔρχεται,

515 4866 808 4936 γρηγορεῖν
855 4863 951 4915 καὶ
1000 4861 1099 4923 τὰς
1144 4859 1350 4928 ὀσφύας
1395 4859 1794 4928 περιεζῶσθαι,
1832 4863 1924 4914 καὶ
1957 4864 2083 4926 τοὺς

514 4957 738 5028 λύχνους
782 4955 925 5026 ἔχειν
959 4953 1282 5022 καιομένους
1312 4950 1410 5021 τῆς
1449 4953 1588 5004 κατὰ
1618 4951 1751 5004 Θεδν
1783 4953 2082 5019 πολιτείας,

517 5049 609 5100 καὶ
664 5049 778 5110 τοῖς
814 5044 1040 5114 πλησίον
1085 5043 1405 5113 φαίνοντας,
1434 5042 1800 5112 ὲντετάλμεθα
1824 5060 1837 5074 ⁸
1871 5043 1972 5116 [διὸ
2009 5047 2082 5116 μὴ

519 5136 879 5210 παυσώμεθα]
910 5139 967 5188 ἐν
1015 5133 1338 5204 συντριμμῷ
1390 5133 1615 5203 καρδίας
1661 5134 1751 5187 τὸν
1794 5134 1928 5188 Θεὸν
1974 5138 2086 5190 ἱκε-

519 5233 766 5294 τεύοντες
795 5229 1059 5298 ρυσθῆναι
1094 5230 1157 5279 ἐκ
1190 5227 1407 5280 πάντων
1435 5225 1544 5277 τῶν
1568 5225 1870 5282 διωκόντων
1900 5231 2047 5300 ἡμᾶς
2069 5247 2083 5262 ο

525 5322 734 5395 μήποτε
787 5317 996 5379 τούτοις
1048 5314 1389 5387 ἡττηθέντων
1443 5314 1634 5387 ἡμῶν,
1673 5317 1724 5368 οἰ
1769 5318 1869 5382 τὰς
1911 5319 2088 5390 ψυχὰς

522 5415 678 5484 ἡμῶν
723 5409 1172 5482 παραληψόμενοι
1231 5405 1504 5480 [ἄγγελοι]
1540 5409 1859 5479 ἁρπάσωσιν
1920 5412 2089 5477 αὐτὰς

523 5505 1014 5576 άνευτρεπίστους,
1064 5499 1184 5572 [ὡς]
1236 5500 1310 5571 μὴ
1353 5500 1503 5564 ὄντος
1549 5501 1913 5572 λυτρουμένου
1955 5506 2090 5576 μηδὲ

529 5595 790 5660 σώζοντος
815 5610 828 5623 ·
864 5593 1074 5662 μήποτε
1105 5590 1323 5658 δεσμοῖς
1367 5587 1475 5646 τῶν
1512 5591 1818 5660 χαμερπὼν
1849 5592 1942 5644 καὶ
1971 5592 2092 5663 γηΐ-

528 5704 632 5738 νων
678 5683 1016 5755 πραγμάτιον
1063 5682 1096 5751 ὴ
1136 5681 1366 5733 ἑκάστου
1417 5679 1621 5752 [ἡμῶν]
1665 5681 2090 5753 ἐμπεπλεγμένη

527 5777 708 5850 ψυχὴ,
745 5777 838 5828 καὶ
891 5774 981 5826 τὸν
1015 5773 1079 5825 ἐκ
1130 5772 1334 5825 τούτων
1380 5775 1658 5842 χωρισμὸν
1707 5770 1844 5845 [καὶ]
1880 5775 1954 5844 μὴ
1995 5775 2092 5842 φέ-

535 5886 729 5937 causa,
767 5866 892 5934 εἱκῆ
925 5865 1024 5935 μὲν
1057 5863 1193 5932 πρὸς
1240 5862 1378 5916 αὐτὰ
1415 5864 1891 5934 μεταστρὲφηται,
1926 5884 2093 5919 καταο

531 5959 702 6030 λεῖψαι
732 5958 789 6012 δὲ
823 5957 994 6012 ταῦτα
1031 5955 1464 6027 κατεπειγομὲνη
1493 5956 1758 6028 ἁγγελικῇ
1800 5960 2092 6030 ἐπιστασίᾳ

2185 4769 2318 4825 latio
2367 4786 2432 4825 ex
2472 4771 2574 4825 hac
2609 4770 2828 4824 mortali
2887 4770 2995 4823 vita
3055 4785 3192 4823 suus
3240 4769 3438 4838 cuique
3491 4769 3617 4822 linis
3653 4776 3758 4823 est.

2185 4859 2322 4928 Quia
2350 4876 2480 4931 ergo
2509 4877 2614 4930 qua
2648 4861 2783 4916 hora
2813 4859 2901 4915 fur
2930 4869 3190 4914 venturus
3220 4860 3292 4914 sit
3330 4859 3612 4926 explorate
3651 4874 3758 4912 non

2189 4963 2452 5015 tenemus,
2484 4962 2698 5021 oportet
2733 4970 2830 5008 nos
2860 4953 3105 5023 vigilare,
3136 4953 3456 5021 lumbosque
3483 4952 3763 5006 accinctos

2190 5045 2409 5108 habere,
2448 5053 2501 5097 et
2529 5047 2615 5112 pia
2665 5046 2881 5114 Dcoque
2917 5045 3080 5114 digna
3127 5043 3553 5100 conversatiOne
3586 5042 3761 5096 lucer-

2189 5150 2286 5193 nas
2333 5136 2608 5197 ardentes,
2647 5135 3010 5204 proximoque
3064 5136 3240 5190 lucem
3291 5134 3614 5203 prmbentes,
3663 5148 3761 5201 pa-

2190 5227 2295 5284 lam
2352 5229 2658 5282 ostendere.
2721 5228 3088 5292 Quamobrem
3147 5243 3214 5282 ne
3267 5241 3544 5282 cessemus
3597 5226 3763 5279 corde

2191 5321 2428 5377 contrito
2468 5319 2634 5374 Deum
2664 5320 2966 5389 deprecari,
3020 5329 3078 5376 ut
3110 5321 3180 5376 ab
3222 5319 3479 5376 omnibus
3522 5316 3616 5385 qui
3663 5331 3765 5371 nos

2193 5420 2625 5482 persequuntur,
2682 5428 2781 5466 nos
2833 5412 3061 5478 liberet;
3121 5426 3190 5467 ne
3244 5409 3465 5476 quando
3525 5407 3594 5460 ab
3656 5405 3764 5461 illis

2194 5505 2454 5575 superati,
2485 5503 2664 5574 angeli
2703 5504 2793 5573 qui
2827 5505 3040 5560 animas
3065 5503 3389 5574 corporibus
3426 5509 3618 5554 exutas
3645 5513 3767 5553 sus-

2193 5597 2373 5668 cipere
2429 5597 2628 5660 solent,
2679 5597 2806 5652 hinc
2849 5611 2951 5650 nos
2995 5596 3265 5664 abripiant
3315 5594 3650 5660 imparatos;
3691 5590 3764 5642 ita

2195 5693 2256 5739 ut
2295 5697 2402 5738 non
2433 5684 2504 5739 sit
2535 5685 2628 5754 qui
2666 5684 2920 5750 redimat,
2953 5698 3130 5752 neque
3173 5683 3265 5753 qui
3299 5680 3508 5736 salvum
3561 5679 3763 5745 faciat;

2196 5789 2265 5829 ne
2323 5773 2459 5829 forte
2512 5774 2660 5828 htttni
2707 5773 3007 5846 repentium
3068 5779 3519 5839 terrenarumque
3578 5783 3764 5822 rerum

2199 5867 2409 5937 laqueis
2432 5867 2675 5936 cujusvis
2703 5877 2947 5921 nostrum
2977 5865 3157 5919 anima
3193 5865 3466 5928 intricata,
3496 5875 3675 5931 neque
3701 5860 3768 5912 ab

2200 5960 2304 6014 illis
2334 5975 2392 6014 se
2423 5959 2576 6012 avelli
2606 5959 2901 6024 sustinens,
2937 5958 3141 6014 frustra
3165 5959 3228 6014 ad
3255 5974 3348 6014 cas
3380 5962 3764 6017 convertatur;
