4034 6630
262 506 366 581 iii

1468 512 1798 582 ANDRE/E
1838 511 2354 584 CESARIEYSIS

3419 521 3526 585 MS

264 637 454 698 utpote
517 627 764 697 angelico
795 627 1032 698 Impulsu
1063 633 1118 685 et
1144 630 1219 696 vi,
1255 629 1554 701 divinoque
1585 632 1840 686 mandato

1948 631 2035 686 καὶ
2087 632 2216 704 ϐείω
2265 634 2672 705 προστάγματι,
2719 633 2956 704 ἀνόνητα
3004 632 3101 687 τοῦ
3138 635 3528 707 παρῳχηκότος

262 722 512 775 celeriter
563 720 692 774 hinc
741 720 1039 784 excedere,
1071 721 1311 791 aliisque
1365 722 1487 777 illas
1535 722 1846 792 relinquere

264 819 489 873 coacta;
536 822 600 865 ac
637 819 750 864 tum
805 810 1025 866 demum
1077 815 1338 884 praeteriti
1373 817 1631 885 temporis
1676 816 1848 886 negli-

267 904 504 972 gentiam
557 903 824 958 inutiliter
869 906 1152 974 deplorare
1195 908 1438 977 inelpiat.
1473 907 1615 974 Quin
1667 910 1847 977 potius

263 991 398 1047 illud
455 991 773 1047 Davidicum
832 994 1116 1049 oraculum
1176 999 1439 1052 continuo
1497 998 1842 1061 meditemur,

262 1084 640 1153 concinneque
675 1085 1017 1139 modulemnr
1047 1105 1060 1140 :
1093 1086 1325 1142 Paratus
1356 1101 1491 1150 sum,
1527 1099 1575 1142 et
1599 1105 1695 1141 non
1726 1105 1842 1143 sum

265 1177 504 1228 turbatus
561 1178 629 1230 ad
677 1180 1078 1232 custodiendum
1118 1181 1294 1233 omnia
1345 1184 1602 1234 mandata
1645 1191 1736 1235 tua
1757 1183 1842 1245 ‘5;

267 1267 546 1336 hujusqne
580 1265 976 1323 observationis
1009 1272 1313 1326 mercedem
1339 1310 1353 1338 ,
1387 1274 1616 1342 gloriam
1661 1290 1690 1328 ει
1738 1274 1848 1330 Deo

263 1357 622 1428 accipiamus,
679 1352 906 1415 auribus
951 1362 1262 1416 haurientes
1317 1363 1655 1419 benedictam
1704 1365 1847 1419 illam

262 1465 450 1505 vocem
483 1469 496 1506 :
536 1451 704 1522 Euge,
751 1462 894 1508 serve
922 1456 1048 1508 boue
1089 1465 1136 1509 et
1181 1455 1376 1524 ﬁdelis,
1412 1459 1538 1526 quia
1577 1460 1628 1510 in
1665 1461 1850 1524 paucis

267 1543 420 1612 fuisti
465 1545 672 1613 ﬁdelis,
703 1558 860 1616 super
910 1549 1076 1600 multa
1121 1557 1168 1601 te
1215 1552 1582 1615 constituam;
1615 1551 1757 1603 intra
1798 1554 1852 1604 in

263 1637 523 1708 gaudium
557 1638 767 1692 Domini
820 1642 897 1694 tui
927 1634 970 1672 ⁷⁷

1948 724 2140 796 χρόνου
2167 725 2337 796 θρηνῇ
2362 726 2462 797 τὴν
2484 725 2745 797 ἀμέλειαν
2769 739 2784 757 ⁶
2814 724 2952 779 ἀλλὰ
2980 725 3182 796 μᾶλλον
3205 723 3530 790 ἐνδιαθέτως

1945 816 2008 869 τὸ
2036 817 2321 871 Δαϐιτικδν
2352 818 2720 889 μελῳδοῦντες
2755 818 2957 886 λόγιον
3003 813 3402 887 Ἠτοιμάσθην
3430 819 3528 873 και

1946 909 2058 962 οὐκ
2113 908 2452 979 ἐταράχθην
2509 911 2615 966 τοῦ
2669 909 3060 979 φυλάξασθαι
3111 909 3218 975 τὰς
3274 909 3530 975 ἐντολάς

1945 1015 2102 1058 σου·
2156 1003 2258 1074 τῆς
2304 1004 2513 1058 τούτων
2555 1005 2842 1076 τηρήσεως
2902 1002 3094 1074 μισθὸν
3148 1004 3247 1073 τὴν
3298 1003 3363 1056 ὲκ
3392 1001 3529 1055 Θεοῦ

1955 1093 2111 1160 δόξαν
2159 1095 2417 1166 λάσωμεν
2457 1097 2518 1150 τὸ
2541 1138 2555 1162 ,
2588 1084 2702 1161 Εὖ,
2737 1095 2923 1150 δοῦλε
2966 1089 3151 1164 ἀγηθέ
3180 1093 3278 1147 καὶ
3318 1090 3527 1145 πιστέ·

1955 1188 2053 1242 ἐπὶ
2081 1189 2252 1260 ὀλίγα
2277 1186 2351 1258 ἦς
2372 1189 2606 1255 πιστὸς,
2631 1189 2729 1243 ἐπὶ
2757 1187 3006 1242 πολλῶν
3028 1203 3102 1240 σε
3131 1183 3490 1249 καταστήσω
3512 1199 3526 1212 ·

1945 1281 2183 1334 εἴσελθε
2223 1284 2310 1347 είς
2341 1281 2456 1349 τὴν
2503 1283 2694 1350 χαρὰν
2721 1279 2826 1333 τοῦ
2869 1280 3091 1346 Κυρίου
3130 1293 3268 1330 σου.
3299 1275 3435 1329 Μεθ’
3468 1269 3529 1328 οὗ

1948 1370 2024 1440 τῷ
2061 1371 2237 1441 Πατρὶ
2291 1371 2410 1441 ἃμα
2449 1369 2526 1440 τῷ
2574 1372 2714 1441 ἁγίῳ
2784 1369 3062 1440 Πνεύματι
3126 1370 3327 1439 πρέπει
3367 1365 3526 1430 δόξα,

1949 1465 2108 1534 τιμὴ.
2145 1465 2365 1535 κράτος,
2404 1463 2498 1516 νῦν
2531 1467 2624 1517 καὶ
2657 1463 2764 1529 ἀεὶ,
2802 1466 2896 1516 καὶ
2924 1466 3003 1527 εἰς
3036 1464 3164 1526 τοὺς
3192 1462 3394 1524 αἰῶνας
3425 1458 3530 1513 τῶν

1953 1556 2185 1609 αιὼνων.
2237 1556 2430 1626 Ἀμήν.
2846 1568 2849 1569 ί
3280 1540 3282 1542 ’

1019 1658 1035 1695 :
1087 1657 1352 1713 cumquo
1399 1643 1612 1697 Patrem
1656 1644 1903 1700 simulet
1942 1657 2191 1704 sanctum
2240 1649 2504 1720 Spirituin
2552 1655 2706 1706 decet
2747 1651 2956 1720 gloria,
3006 1649 3210 1715 honor,
3261 1657 3315 1702 et
3356 1646 3531 1716 impc-

268 1736 442 1796 rium,
475 1743 655 1794 nunc,
695 1740 749 1786 et
785 1745 1034 1803 semper,
1084 1744 1138 1790 et
1175 1732 1460 1791 in'szecula
1494 1737 1842 1790 saeculorum.
1887 1738 2079 1795 Amen.

590 1840 823 1903 CAPUT
857 1843 1019 1902 LXX.
1063 1843 1300 1904 SERMO
1341 1844 1529 1902 XXIV.

2342 1852 2592 1913 ΚΕΦΑΛ.
2634 1846 2710 1911 o'.
2751 1853 2966 1909 ΛΟΓΟΣ
3006 1853 3131 1909 ΚΔ’.

272 1952 430 2032 ιιο
458 1961 609 2026 Quod
638 1980 699 2018 ea
731 1965 910 2017 omnia
931 1964 1345 2050 qut‘e‘apostolus
1372 1963 1524 2026 vidit,
1553 1963 1714 2034 digna
1743 1965 1844 2019 sint

1957 1971 2094 2040 Περὶ
2137 1971 2244 2026 τοῦ
2272 1971 2630 2036 ἀξιοπίστου
2678 1966 2796 2050 τῷν
2833 1968 3199 2039 τεθεαμένων
3246 1968 3325 2034 τῷ
3369 1970 3529 2024 Ἀπο-

994 2031 1119 2101 ﬁde.

336 2149 501 2215 XXII,
530 2151 584 2212 8,
617 2149 670 2205 9.
704 2147 767 2201 Et
797 2164 889 2218 ego
913 2145 1171 2210 Joannes,
1196 2147 1286 2216 qui
1310 2146 1413 2200 vidi
1438 2157 1485 2200 et
1514 2146 1694 2200 audivi
1720 2147 1847 2204 lucc.

269 2243 337 2297 Et
381 2253 724 2313 posteaquam
773 2239 1094 2292 audivissent
1145 2247 1194 2291 et
1249 2239 1528 2303 vidissem,
1582 2240 1747 2292 cecidi
1795 2250 1850 2292 ut

268 2336 546 2388 adorarent
589 2343 708 2386 ante
741 2334 894 2400 pedes
926 2329 1122 2397 angeli,
1166 2329 1256 2396 qui
1288 2328 1416 2382 mihi
1461 2327 1571 2382 huic
1607 2330 1849 2382 ostende-

268 2433 378 2480 bat.
431 2425 496 2480 Et
542 2427 680 2479 dixit
741 2425 870 2477 mihi
917 2432 936 2477 :
986 2422 1116 2476 Vide
1159 2437 1220 2474 ne
1276 2421 1463 2484 feceris
1505 2438 1522 2475 :
1574 2438 1848 2475 conservus

266 2521 404 2574 enim
443 2529 566 2573 tuus
599 2535 738 2582 sum,
775 2525 823 2570 et
864 2516 1095 2586 fratrum
1131 2525 1337 2569 tuorum
1375 2514 1770 2582 prophetarum,
1799 2525 1845 2568 et

268 2630 448 2666 eorum
509 2611 599 2682 qui
645 2620 856 2665 servant
901 2608 1057 2664 verba
1110 2607 1398 2678 prophetia:
1446 2607 1571 2661 libri
1621 2604 1779 2677 hujus
1829 2622 1847 2660 :

271 2703 436 2758 Deum
476 2702 664 2756 adora.

283 2854 286 2857 ,
335 2794 404 2848 Ει
455 2796 568 2850 haec
601 2807 821 2864 quoque
871 2791 1186 2864 apostolica:
1220 2793 1417 2848 anima:
1462 2791 1846 2863 pr0prietatcm

267 2895 525 2957 arguunt.
579 2887 816 2951 Etenim,
867 2895 927 2940 ut
968 2887 1026 2957 _in
1064 2885 1358 2953 Evangelia
1408 2882 1676 2954 ejusmodi
1721 2898 1847 2936 ora-

267 2953 414 3032 tione
443 2977 650 3031 utitur:
687 2973 751 3029 Et
782 2977 870 3046 qui
909 2953 1061 3043 vidit,
1092 2953 1448 3030 testimonium
1480 2972 1761 3043 perhibuit,
1798 2979 1847 3028 et

264 3083 440 3125 verum
472 3083 545 3124 est
581 3071 937 3125 testimonium
969 3070 1084 3140 ejus
1106 3070 1152 3100 ⁷⁸
1187 3086 1199 3122 :
1244 3065 1316 3122 ita
1358 3067 1447 3122 hic
1482 3083 1701 3136 quoque
1727 3082 1848 3133 qnzc

265 3163 524 3232 prmdicta
559 3172 714 3217 erant
743 3177 837 3231 per
871 3176 950 3225 se,
979 3169 1033 3216 et
1064 3157 1267 3215 vidisse
1301 3169 1354 3213 ct
1387 3157 1669 3212 audivisse
1711 3155 1846 3210 fate-

267 3263 379 3318 tur,
404 3269 579 3322 eaque
613 3253 824 3306 ratione
863 3253 978 3306 visa
1015 3248 1321 3306 conﬁrmat.
1349 3245 1599 3303 Ostendit
1628 3264 1847 3317 quoque

2631 2039 2852 2105 στόλῳ.

2024 2155 2196 2226 Κάγὼ
2241 2155 2526 2223 Ἰωάννης
2566 2157 2599 2208 ό
2632 2154 2871 2208 ἀκούων
2899 2153 2995 2206 καί
3025 2151 3278 2217 ,ϐλέπων
3312 2152 3530 2206 ταῦτα’

1953 2251 2048 2305 καὶ
2079 2250 2178 2303 ὅτε
2221 2243 2460 2317 ἤκουσα
2490 2246 2591 2300 καὶ
2623 2246 2886 2314 ἔϐλεψα,
2915 2245 3142 2298 ἔπεσον
3182 2241 3529 2312 προσκυνῆ-

1952 2356 2056 2396 σαι
2087 2341 2428 2410 ἔμπροσθεν
2455 2337 2575 2390 τῶν
2617 2336 2819 2390 ποδῶν
2849 2335 2956 2390 τοῦ
2996 2332 3256 2404 ἀγγέλου
3284 2333 3386 2386 τοῦ
3411 2333 3527 2386 δει-

1953 2433 2245 2498 κνύοντός
2291 2448 2391 2500 μοι
2443 2429 2652 2506 ταῦτα.
2685 2425 2794 2484 Καὶ
2845 2430 3006 2497 λέγει
3033 2443 3167 2495 μοι’
3211 2428 3362 2494 ’Ὅρα
3404 2424 3525 2492 μή·

1951 2524 2297 2589 σύνδουλός
2325 2523 2439 2577 σού
2476 2525 2614 2590 ειμι.
2655 2521 2756 2574 καὶ
2802 2519 2920 2572 τῶν
2952 2513 3232 2587 ιὶδε..ιερῶν
3262 2534 3377 2571 σου
3412 2515 3530 2569 τῶν

1951 2613 2309 2684 προφητῶν,
2365 2603 2508 2684 [καὶ]
2561 2610 2680 2664 τῶν
2720 2611 3064 2678 τηρούντων
3108 2607 3251 2669 τοὺς
3309 2607 3529 2676 λόγους

1949 2706 2056 2762 τοῦ
2081 2704 2323 2771 ,βιϐλίου
2352 2702 2567 2756 τούτου
2586 2718 2601 2733 ·
2628 2701 2706 2766 τῷ
2733 2700 2854 2766 Θεῷ
2881 2701 3335 2767 προσκύνησον.

2021 2797 2129 2850 Καὶ
2156 2794 2314 2850 τοῦτο
2342 2793 2444 2863 τῆς
2474 2791 2842 2861 ἀποστολικῆς
2869 2790 3048 2860 ψυχῆς
3083 2790 3276 2859 ἰδίωμα
3295 2804 3306 2817 ’
3339 2787 3527 2857 ὥσπερ

1949 2888 2058 2960 γὰρ
2107 2890 2165 2941 ὲν
2215 2888 2293 2958 τῷ
2326 2886 2650 2956 Εὐαγγελίῳ
2701 2884 3036 2953 πεποίηκεν,
3082 2879 3289 2945 εἰπὼν,
3341 2880 3451 2934 Kal
3493 2883 3527 2935 ό

1949 2981 2220 3052 ἑωρακὼς
2239 2982 2676 3052 μεμαρτύρηκε,
2714 2978 2812 3032 καὶ
2842 2976 3099 3044 ἀληθινή
3122 2971 3294 3030 ἐστιν
3321 2976 3357 3042 ἡ
3383 2992 3525 3042 μαρ·

1949 3079 2123 3146 τυρία
2151 3076 2400 3154 {animo}
2438 3075 2582 3130 οὕτω
2611 3072 2907 3135 κάνταῦθα,
2941 3073 3206 3142 αὐτήκοος
3241 3067 3383 3124 εἶναι
3431 3069 3526 3124 καὶ

1951 3171 2226 3240 αὐτόπτης
2293 3169 2402 3223 τῶν
2470 3165 2960 3238 προφήτευθέντων
3019 3163 3393 3233 ὁμολογήσας,
3457 3161 3523 3214 τὰ

1950 3261 2239 3332 ἑωραμένα
2271 3261 2634 3316 ἐπιστώσατο.
2668 3259 2876 3323 Ἐδειξε
2907 3257 2964 3309 δὲ
2997 3254 3207 3310 καὶτοῦ
3235 3255 3525 3308 τυπώσαν-

265 3343 466 3413 angeli,
513 3344 607 3412 qui
647 3343 937 3412 mysticam
973 3340 1119 3394 illam
1169 3337 1434 3392 visionem
1467 3337 1838 3406 impresserat,

1948 3370 2038 3415 τος
2070 3352 2306 3422 ἀγγέλου
2333 3351 2434 3424 τὴν
2459 3352 2651 3422 ὅρασιν
2677 3351 2738 3402 τὸ
2767 3340 3014 3413 εὐλαϐὲς,
3044 3345 3193 3410 ὅπως
3224 3343 3323 3416 τὴν
3357 3357 3525 3416 προσ-

265 3434 584 3503 gravitatem
612 3444 664 3486 et
694 3449 818 3504 erga
854 3428 1022 3485 Deum
1052 3431 1302 3500 pietatem
1330 3471 1343 3493 ,
1381 3437 1436 3481 ttt
1470 3428 1560 3496 qui
1592 3424 1842 3481 conservi

268 3527 638 3580 adorationetn
689 3540 795 3578 non
830 3520 1134 3588 admiserit,
1171 3520 1262 3576 sed
1312 3523 1396 3590 pie
1447 3521 1844 3590 prudenterque

267 3620 543 3676 communi
583 3616 808 3672 Domino
837 3613 984 3670 illam
1022 3612 1294 3670 detulerit.

835 3727 1064 3784 CAPUT
1095 3721 1278 3780 LXXI.

268 3838 339 3900 υι
381 3846 566 3916 jussus
594 3846 663 3899 sit
696 3858 760 3900 ne
792 3846 926 3898 hanc
973 3843 1330 3916 Apocalypsin
1371 3833 1702 3910 obsignaret,
1754 3834 1843 3894 sed

769 3917 946 3985 palum
980 3915 1313 3982 prtedicaret.

339 4040 502 4112 XXII,
533 4046 618 4101 10.
659 4041 725 4100 Et
755 4045 888 4099 dixit
921 4045 1084 4100 mihi:
1120 4040 1199 4100 Ne
1223 4046 1508 4115 signareris
1543 4044 1694 4098 tvcrba
1722 4061 1844 4114 pro-

267 4138 454 4204 phetico
489 4138 611 4192 libri
638 4139 796 4208 hujus
830 4154 847 4192 :
884 4149 1080 4208 tempus
1111 4139 1248 4192 enim
1276 4153 1434 4207 prope
1458 4149 1554 4193 est.

344 4315 619 4372 Hactenus
652 4319 926 4388 angelicas
961 4316 1262 4375 sententias
1291 4331 1343 4375 et
1387 4337 1545 4377 voces
1588 4320 1840 4386 adduxit;

269 4409 398 4464 hinc
426 4423 572 4464 nunc
599 4407 663 4463 ad
693 4408 1030 4465 Dominicam
1058 4410 1260 4467 Christi
1310 4423 1597 4481 personam
1627 4410 1841 4466 transit.

265 4498 428 4557 lubet
485 4501 600 4555 hzec
661 4511 886 4564 autem,
940 4517 1006 4557 ne
1070 4500 1369 4573 preplietim
1452 4503 1614 4572 hujus
1680 4500 1843 4556 verba

266 4592 553 4662 nbsignet;
607 4593 805 4664 quippe
855 4608 977 4650 eum
1033 4594 1168 4650 liber
1226 4594 1312 4649 hic
1344 4597 1434 4665 qui
1481 4593 1548 4648 ab
1593 4593 1843 4648 omnibus

1949 3444 2174 3514 κύνησιν
2206 3444 2299 3498 τοῦ
2345 3444 2627 3498 συνδούλου
2668 3441 2728 3494 οὐ
2784 3445 3120 3510 προσήκατο,
3166 3439 3282 3492 ἀλλ’
3310 3437 3516 3506 εὐγνωε

1952 3533 2126 3603 μόνως
2159 3532 2236 3603 τῷ
2271 3532 2434 3603 κοινῷ
2469 3531 2718 3605 Δεσπότῃ
2748 3528 3001 3603 [ταύτήνι
3036 3527 3416 3599 προσένειμεν.

2546 3729 2795 3782 ΚΕΦΛΛ.
2839 3728 2960 3782 UA’.

1949 3843 2142 3910 Ὅπως
2186 3845 2518 3908 ἐκελεύσθη
2557 3843 2642 3911 μὴ
2686 3841 3224 3912 σφραγίσαιΛλλὰ
3271 3842 3524 3909 κηρύξαι

2453 3915 2563 3981 τὴν
2606 3913 3030 3981 Ἀποκάλυψιν.

2017 4045 2124 4102 Καὶ
2176 4045 2338 4114 λέγει
2381 4055 2518 4112 μοι⁶
2579 4042 2676 4111 Μὴ
2719 4041 3062 4110 σφραγίσῃς
3112 4037 3252 4106 τοὺς
3305 4041 3524 4110 λόγους

1946 4130 2055 4208 τῆς
2074 4137 2437 4208 προφητείας
2467 4133 2574 4190 τοῦ
2596 4133 2842 4199 βιϐλίου
2871 4134 3085 4187 τούτου
3103 4147 3117 4164 ο
3148 4125 3238 4186 ὅτι
3265 4133 3298 4187 ὀ
3323 4134 3523 4202 καιρὸς

1946 4229 2125 4303 ἐγγύς
2152 4232 2342 4284 ἐστιν.

2017 4322 2199 4392 Μέχρι
2228 4321 2338 4375 τῶν
2381 4320 2613 4374 ἐνταῦθα
2651 4319 2749 4383 τὰς
2787 4319 3083 4389 ἀγγελικάς
3129 4319 3317 4390 ῥήσεις
3348 4335 3524 4388 παρα-

1947 4409 2208 4480 Θέμενος,
2255 4411 2333 4472 εἰς
2378 4409 2437 4461 τὸ
2491 4409 2819 4462 Δεσποτικὸν
2866 4408 3119 4462 ἐντεῦθεν
3170 4408 3379 4477 μέτεισι
3427 4406 3521 4461 τοῦ

1948 4500 2183 4576 Χριστοῦ
2215 4504 2525 4573 πρόσωπον,
2545 4502 2742 4570 λέγων·
2761 4497 2859 4571 Μὴ
2887 4500 3233 4572 σφραγίσῃς
3258 4501 3400 4567 τοὺς
3422 4503 3524 4555 λό-

1948 4611 2091 4666 γους
2120 4594 2230 4660 τῆς
2267 4594 2649 4662 προφητείας.
2685 4594 2795 4648 Καὶ
2819 4594 2929 4665 γὰρ
2977 4593 3104 4660 ἀξία
3138 4591 3170 4664 ἡ
3203 4592 3385 4663 βίϐλος
3423 4593 3520 4663 τῆς

267 4684 518 4744 ﬁdelibus
571 4687 779 4757 legatur
821 4689 1017 4758 dignus
1065 4687 1156 4744 sit.
1203 4688 1336 4743 Nam
1405 4700 1498 4756 per
1547 4685 1834 4755 supplicia,

1948 4686 2094 4757 παρὰ
2121 4679 2229 4740 τῶν
2257 4684 2869 4754 πιστῶντάναγνώσεως.
2895 4684 2993 4740 Διά
3016 4703 3075 4738 τε
3106 4683 3215 4755 γὰρ
3241 4685 3339 4755 τῆς
3373 4687 3520 4756 ἡτοι-

265 4795 386 4848 qua:
439 4781 821 4850 peccatoribus
869 4781 1276 4844 comminatur,
1321 4791 1373 4834 et
1420 4779 1680 4848 quietem,
1722 4791 1843 4846 quae

1948 4777 2227 4848 μασμένης
2277 4780 2395 4840 τοῖς
2441 4775 2786 4848 ἁμαρτωλοῖς
2833 4773 3144 4840 κολάσεως,
3184 4775 3275 4830 διὰ
3320 4791 3381 4828 τε
3423 4776 3518 4845 τῆς

262 4873 472 4927 sanctis
504 4873 590 4926 hic
627 4871 981 4942 promittitur,
1019 4867 1315 4925 lectoribus
1359 4867 1423 4924 ad
1463 4879 1642 4922 verum
1696 4865 1838 4922 illam

1948 4873 2355 4944 ἐπηγγελμένης
2386 4873 2496 4933 τοῖς
2525 4869 2700 4937 ἁγίοις
2735 4864 3121 4933 ἀναπαύσεως,
3158 4869 3346 4939 ὁδηγεῖ
3383 4868 3520 4939 πρὸς

264 4968 426 5019 vitam
469 4967 614 5019 viam
654 4966 911 5020 ostendit.

1948 4967 2036 5036 τὴν
2070 4966 2237 5027 ὅντως
2268 4963 2413 5035 ζωὴν
2443 4963 2570 5024 τοὺς
2606 4962 3056 5030 ἐντυγχάνοντας.

334 5057 494 5122 XXII,
539 5058 624 5124 ll,
679 5058 764 5113 I2.
811 5057 918 5123 Qui
975 5066 1140 5117 nocet,
1196 5063 1376 5108 οισι-ειη
1419 5053 1623 5116 aditur;
1669 5064 1717 5108 et
1748 5051 1839 5124 qui

2021 5059 2073 5111 Ὁ
2101 5055 2319 5113 ἀδικῶν
2347 5055 2690 5123 ἀδικησάτω
2717 5056 2804 5108 ἐτι
2831 5070 2844 5084 ·
2903 5050 3002 5107 καὶ
3052 5051 3085 5108 ό
3114 5053 3385 5122 ῥυπαρὸς
3408 5053 3518 5120 ρυο

261 5150 504 5204 sordidus
535 5158 633 5214 est,
679 5147 944 5203 sordesc‘at
979 5146 1180 5210 adhuc;
1225 5155 1273 5199 et
1298 5147 1386 5214 qui
1407 5146 1587 5212 justus
1613 5156 1705 5207 est,
1741 5146 1838 5214 ju-

1948 5151 2294 5222 παρευθήτω
2346 5150 2466 5203 ἐτι⁵
2519 5145 2657 5218 [καὶ
2709 5149 2743 5201 ό
2813 5141 3046 5213 δίκαιος
3117 5146 3520 5211 δικαιοσύνην

260 5241 522 5308 sti/iretur
577 5238 784 5305 adhuc;
853 5249 901 5293 et
968 5248 1182 5291 sanctus
1238 5236 1598 5304 sanctiﬁretnr
1643 5238 1833 5295 adhuc.

263 5330 396 5387 Ecce
433 5337 578 5388 venio
611 5335 736 5398 cito,
761 5340 808 5387 et
837 5343 1028 5386 merces
1049 5344 1157 5383 mea
1189 5341 1385 5382 "totum
1415 5340 1510 5395 cst,
1541 5341 1594 5384 ut
1622 5329 1835 5386 reddam

262 5423 541 5494 unicuique
574 5425 861 5480 secundum
901 5437 1056 5492 opera
1087 5436 1207 5476 sua.

333 5514 451 5573 Non
483 5513 786 5571 aii‘eruntur
817 5513 1006 5570 isthmc
1041 5515 1142 5568 hoc
1171 5511 1288 5568 loco
1320 5515 1474 5585 quasi
1521 5515 1586 5569 ad
1615 5511 1835 5584 injusti-

264 5613 394 5665 tiam
456 5618 552 5662 aut
624 5603 1030 5660 immunditiam
1094 5603 1327 5676 aliquem
1393 5607 1618 5661 incitare
1669 5608 1832 5674 velit;

1944 5239 2252 5311 ποιησάτω
2285 5241 2371 5295 ἔτι
2396 5253 2408 5271 ⁵
2439 5241 2538 5294 καὶ
2576 5242 2608 5293 ό
2636 5235 2800 5308 ἅγιος
2843 5238 3183 5309 ἁγιασθήτω
3239 5237 3326 5292 ἐτι
3350 5252 3365 5268 ⁸
3394 5234 3513 5308 καὶ]

1946 5332 2075 5388 ἰδοὺ
2106 5333 2358 5401 ἔρχομαι
2390 5330 2540 5398 ταχύ
2566 5341 2581 5358 ³
2618 5324 2715 5382 καὶ
2747 5331 2778 5382 ό
2807 5331 3030 5398 μισθός
3051 5345 3173 5397 μου
3195 5329 3324 5397 μετ’
3346 5327 3516 5398 ἐμοῦ,

1934 5425 2266 5483 ἀποδοῦναι
2296 5417 2528 5486 ἑκάστῳ
2556 5417 2634 5487 ὡς
2668 5419 2729 5474 τὸ
2760 5421 2936 5490 ἔργον
2964 5417 3152 5473 αὑτοῦ
3181 5416 3376 5472 ἔσται.

2005 5515 2118 5587 Οὐχ
2143 5511 2218 5579 ὡς
2247 5512 2325 5577 εἰς
2362 5511 2572 5566 ἀδικίαν
2599 5509 2654 5564 δὲ
2695 5511 2789 5565 καὶ
2836 5511 3112 5582 ῥυπαρίαν
3149 5507 3516 5582 προτρέπων,

1934 5608 2002 5662 τὰ
2057 5605 2432 5676 παρατεθέντα
2487 5602 2676 5674 εἴρηκε
2702 5616 2716 5633 ·
2781 5602 2857 5671 μή
2899 5601 3150 5670 γένοιτο·
3191 5599 3307 5654 ἀλλ’
3340 5601 3416 5664 ὡς
3457 5599 3518 5652 τὸ

264 5701 445 5767 absit;
493 5715 680 5754 vermn
735 5707 791 5751 ut
821 5699 1073 5752 ostendat
1118 5714 1178 5753 se
1216 5697 1451 5753 hominis
1497 5697 1834 5754 voluntatem

1948 5700 2034 5770 τῆς
2097 5698 2324 5769 γνώμης
2389 5695 2672 5764 φυλάττων
2735 5694 3259 5763 ἀκατανάγκαστον·
3319 5691 3393 5755 ὡς
3452 5691 3517 5746 ἓν

262 5789 490 5852 liberam
520 5800 574 5848 et
599 5791 668 5846 ab
688 5791 835 5847 omni
868 5794 1148 5850 coactione
1177 5794 1474 5850 immunem
1505 5809 1839 5850 conservare

340 5972 383 6002 ⁷⁸
417 5969 562 6026 Psal.
617 5987 781 6043 cxvii,
819 5970 908 6028 60.
985 5972 1028 6006 '"
1057 5969 1246 6028 Matth.
1301 5988 1423 6038 xxv,
1479 5974 1570 6034 22!,
1611 5972 1702 6026 ‘25.

1945 5792 2088 5846 εἴποι
2142 5784 2293 5864 [τις]⁶
2333 5787 2603 5852 Ἕκαστος
2638 5787 2698 5842 τὸ
2742 5787 2974 5858 ἀρέσκον
3005 5787 3154 5859 αὐτῷ
3196 5787 3513 5858 ποιησάτωο

1777 5969 1823 6003 ⁷⁸
1861 5971 2020 6025 Joan.
2055 5985 2108 6036 v,
2135 5969 2221 6023 55.
