4042 6568
384 277 484 343 451

1593 286 1924 348 ΑΝΠΒΕίΕ
1963 285 2478 354 C/ESARIENSIS

3534 302 3644 367 452

385 406 445 451 ιιι
465 392 559 464 qui
590 399 712 464 post
741 391 1053 448 triduauam
1083 403 1318 452 mortem
1364 411 1522 452 mane
1549 398 1706 454 nobis
1741 411 1959 456 exortus

2068 405 2146 474 τῷ
2176 404 2321 474 πρωῒ
2347 406 2632 470 ἀνατείλας
2663 409 2795 480 ἡμῖν
2818 411 3143 482 τριήμερος·
3177 413 3272 466 καὶ
3294 415 3353 468 ὲν
3381 418 3447 486 τῇ
3506 421 3644 487 μετὰ

385 487 584 553 l’uerit;
623 499 832 540 ncenon
860 494 982 556 post
1013 487 1298 555 przesentis
1321 487 1442 542 vitae
1470 497 1708 553 noctem,
1746 491 1799 543 in
1843 506 1962 544 Ina-

386 578 562 632 tntina
599 575 911 630 communis
944 577 1365 633 resurrectionis
1387 577 1520 633 hora
1542 581 1748 636 sanctis
1779 583 1961 636 cumi-

381 671 486 725 bus
503 668 860 738 conspicuum
895 684 1016 723 sese
1044 669 1358 737 exhibebit;
1393 673 1537 727 diem
1563 673 1657 743 qui
1683 689 1959 744 nunquam

381 759 669 814 habiturus
702 771 784 814 est
815 761 1001 826 tinent,
1035 770 1184 815 certo
1223 763 1579 819 adducturus.

456 847 619 912 XXII,
659 849 745 902 l7.
782 847 849 902 Et
901 849 1125 918 spiritus
1186 862 1235 906 et
1287 868 1478 922 sponsa
1526 854 1758 908 dicunt:
1812 855 1957 912 Veni.

387 935 456 990 Et
490 938 582 1008 qui
619 938 792 1002 audit,
833 937 975 992 dicat
1008 954 1026 993 ἰ
1069 938 1214 994 Veni.

455 1029 706 1084 Ecclesia
744 1030 890 1084 enim
929 1041 984 1085 et
1033 1031 1291 1102 Spiritus,
1322 1035 1412 1104 qui
1450 1034 1502 1090 in
1557 1037 1671 1106 ipsa
1730 1037 1959 1106 habitat,

377 1120 607 1173 etAbba
669 1120 834 1174 Pater
889 1123 942 1175 in
1002 1124 1261 1178 cordibus
1307 1125 1512 1179 nostris
1564 1127 1788 1192 clamat,
1829 1129 1952 1183 nni-

388 1213 554 1280 gcniti
585 1211 710 1267 Filii
759 1213 852 1268 Dei
876 1214 1169 1268 adventum
1203 1216 1426 1271 invocat
1457 1229 1511 1273 et
1539 1229 1709 1290 optat.
1745 1220 1850 1276 Sed
1909 1231 1962 1277 ct

381 1303 561 1358 cuncti
599 1319 818 1372 quoque
853 1306 1134 1371 mortales,
1170 1307 1262 1375 qui
1323 1308 1553 1362 lideliter
1610 1311 1846 1365 audiunt
1904 1321 1959 1368 ct

378 1399 693 1466 expendunt
723 1398 878 1457 illud,
933 1398 1191 1453 Adveniet
1226 1417 1443 1471 regnum
1471 1414 1639 1469 tuum,
1670 1407 1828 1474 quasi
1878 1406 1962 1461 di-

381 1492 588 1545 vinitus
634 1493 839 1556 edocti,
877 1494 1128 1546 eumdem
1162 1495 1311 1548 illum
1342 1497 1636 1551 adventum
1686 1514 1714 1552 a
1751 1500 1859 1554 Deo
1909 1509 1961 1555 et

378 1580 539 1636 Patre
567 1584 725 1637 enixe
752 1584 1111 1638 contendunt.

452 1673 520 1727 Et
560 1678 650 1746 qui
685 1677 820 1740 sitit,
862 1677 1073 1730 reniat:
1103 1687 1151 1730 et
1179 1679 1271 1748 qui
1313 1679 1442 1747 ruit,
1473 1683 1699 1752 accipiat
1767 1700 1962 1754 aquam

379 1767 501 1820 t'ittt'
525 1769 718 1836 gratis.

453 1859 555 1912 Siti
581 1843 822 1929 namque
853 1863 921 1915 ad
955 1865 1076 1918 vit-.e
1099 1864 1355 1934 poculum
1389 1867 1710 1937 tirmamque
1739 1878 1794 1922 et
1845 1880 1958 1924 sta-

380 1949 541 2004 bilem
597 1950 725 2005 boni
817 1956 1117 2023 comparati
1177 1954 1580 2024 possessionem
1644 1973 1784 2027 opus
1843 1967 1958 2025 cst;

381 2044 620 2097 maxime
661 2059 790 2098 vero
823 2061 947 2099 cum
975 2047 1179 2101 donum
1218 2048 1321 2103 hoc
1363 2049 1430 2104 iis
1457 2049 1809 2120 impenditur,
1865 2052 1960 2122 qui

379 2136 483 2189 etsi
519 2151 746 2204 prorsus
780 2139 940 2193 otiosi
970 2155 1076 2193 non
1110 2140 1360 2204 fuerunt,
1393 2150 1633 2195 attamen
1669 2143 1797 2196 doni
1845 2160 1963 2198 nta-

380 2229 671 2296 gnitudine
700 2245 878 2300 neque
907 2232 1070 2298 digna
1112 2249 1285 2302 neque
1338 2234 1490 2303 paria
1551 2237 1958 2305 prazsdtcrunt;

380 2321 558 2373 solum
581 2331 764 2376 autem
791 2337 890 2390 pro
923 2338 1059 2377 auro
1105 2334 1158 2378 ct
1184 2335 1430 2394 argento,
1479 2330 1830 2400 externisque
1880 2330 1963 2386 la-

382 2413 609 2470 boribus
643 2415 844 2470 bonam
902 2429 1164 2483 mentem,
1224 2419 1621 2491 incensumque
1659 2424 1826 2479 animi
1866 2425 1960 2480 tle-

379 2507 643 2560 siderium
672 2508 724 2560 in
766 2508 1003 2562 medium
1043 2511 1365 2568 attulerunt.

455 2598 614 2666 112
638 2596 801 2664 XXII,
827 2599 913 2665 l8,
943 2600 1028 2654 ll).
1053 2600 1331 2657 Coutestor
1363 2615 1540 2660 autem
1561 2611 1703 2662 omni
1723 2611 1962 2664 audienti

384 2688 539 2742 verba
590 2691 876 2760 prop/retire
932 2692 1054 2744 libri
1112 2694 1271 2762 hujus
1327 2711 1345 2749 :
1402 2694 1462 2750 Si
1501 2699 1618 2765 quis
1651 2702 1958 2768 a'pposuerit

381 2781 452 2832 ad
486 2780 616 2843 lucc,
669 2793 891 2850 apponet
953 2785 1090 2837 Deus
1140 2800 1296 2852 super
1327 2787 1473 2841 illum
1504 2790 1690 2859 plagas
1735 2795 1960 2861 scriptas

385 2872 438 2922 in
486 2871 620 2926 libro
664 2875 782 2925 isto.
823 2874 886 2926 Et
921 2875 1105 2945 siquis
1141 2877 1450 2932 diminuerit
1499 2883 1564 2934 de
1617 2885 1785 2937 verbis
1836 2886 1960 2940 libri

381 2965 664 3032 prophetia:
692 2966 869 3034 hujus,
914 2969 1117 3038 auferet
1174 2969 1311 3024 Deus
1352 2985 1555 3039 partem
1585 2975 1700 3044 ejus
1727 2979 1790 3030 de
1822 2977 1958 3031 libro

383 3055 522 3117 vita',
579 3066 626 3108 et
663 3057 725 3110 de
774 3060 984 3114 civitate
1013 3074 1224 3131 sancta,
1260 3069 1398 3119 etde
1458 3067 1522 3120 iis
1582 3085 1700 3137 qua:
1760 3071 1959 3139 scripta

381 3157 506 3200 sunt
539 3149 592 3202 in
618 3148 752 3204 libro
805 3152 926 3204 ista.

452 3405 836 3464 Formidabilis
895 3410 951 3466 in
989 3411 1110 3470 illos
1166 3415 1426 3471 desaeviet
1487 3421 1813 3487 exsecratio,
1861 3422 1952 3491 qui

385 3497 624 3554 divinam
661 3500 1000 3573 Scripturam
1032 3506 1344 3564 adulterare
1377 3525 1484 3564 non
1512 3510 1784 3566 dubitant.
1825 3512 1959 3569 Nam

385 3592 603 3646 illorum
641 3592 755 3649 haec
789 3599 1069 3653 temeritas
1103 3610 1186 3654 est
1218 3600 1381 3656 nimis
1411 3602 1591 3657 audax
1625 3613 1678 3658 et
1719 3614 1956 3662 temera-

384 3687 503 3754 ria;
537 3687 647 3741 imo
682 3704 807 3743 vero
837 3698 986 3744 tanta
1024 3701 1127 3756 cst,
1160 3701 1221 3747 ut
1252 3693 1332 3746 vel
1371 3695 1490 3749 sola
1541 3709 1864 3767 arrogantes
1910 3710 1964 3754 et

383 3780 707 3834 temerarios
762 3781 884 3835 illos
946 3797 974 3835 a
1008 3783 1179 3836 futuri
1213 3785 1395 3839 saeculi
1431 3784 1615 3852 bonis
1665 3790 1959 3847 excludere

384 3870 584 3924 valeat.
626 3871 780 3938 Quod
821 3874 1233 3928 incommodum
1259 3891 1326 3930 ne
1364 3877 1649 3948 nobisqui
1701 3881 1815 3938 haec
1866 3899 1963 3937 au-

381 3963 584 4026 dimus,
629 3981 730 4019 usu
787 3966 1118 4036 quandoque
1175 3969 1377 4036 veniat,
1434 3986 1542 4025 non
1573 3973 1779 4044 absque
1805 3991 1960 4031 com-

383 4056 684 4112 minatione
733 4068 1076 4113 contestatur
1108 4069 1162 4114 et
1203 4061 1544 4132 exhortatur,
1578 4081 1644 4122 ne
1673 4069 1805 4137 quid
1863 4085 1961 4140 ap-

379 4163 654 4218 ponamus
673 4159 768 4204 aut
791 4151 1100 4207 adimamus
1121 4171 1134 4208 :
1155 4169 1339 4209 vermn
1367 4155 1771 4228 Scripturarum
1798 4162 1962 4231 phra-

381 4256 473 4296 ses
501 4251 553 4295 et
586 4243 870 4309 idiomata,
903 4244 1083 4300 Attica
1125 4250 1396 4304 orationis
1427 4260 1701 4306 structura
1728 4262 1784 4308 et
1809 4269 1960 4308 Cont-

386 4334 662 4403 positione
686 4335 1135 4407 syllogismisque
1198 4339 1504 4398 dialecticis
1545 4345 1782 4412 potiora,
1841 4362 1960 4400 ecr-

2064 496 2163 568 τὴν
2186 498 2357 551 νύκτα
2389 499 2484 552 τοῦ
2513 503 2779 573 παρόντος
2806 503 2920 572 βίον
2949 506 3138 576 apud;
3171 508 3268 578 τῆς
3307 509 3492 579 κοινῆς
3521 513 3644 564 ἀναο

2066 591 2310 654 στάσεως
2339 596 2451 658 τοῖς
2479 595 2656 662 ἁγίοις
2707 599 3204 668 ἐπιφανησόμενος,
3265 602 3365 672 τὴν
3428 602 3642 674 ἡμέραν

2065 683 2211 750 ἄξων
2243 686 2342 755 τὴν
2375 686 2754 760 ἀτελεύτητον.

2135 866 2242 918 Kal
2271 865 2339 919 τὸ
2372 867 2607 935 πνεῦμα
2623 869 2717 920 καὶ
2744 867 2782 935 ἡ
2817 869 3020 938 νύμφη
3041 869 3356 939 λέγουσιν·
3394 872 3641 941 Ἔρχου.

2063 956 2172 1010 Καὶ
2205 960 2238 1010 ό
2270 957 2509 1012 ἀκούων
2535 959 2755 1012 εἰπάτω
2776 975 2789 989 ·
2825 961 3072 1028 Ἔρχου.

2149 1051 2210 1105 Ἣ
2234 1052 2422 1122 νύμφη
2439 1053 2514 1118 δὲ,
2540 1057 2570 1121 ἡ
2611 1053 2932 1124 Ἐκκλησία,
2962 1055 3056 1107 καὶ
3074 1055 3135 1108 τὸ
3159 1056 3217 1108 ἐν
3243 1055 3380 1126 αὐτῇ
3403 1053 3638 1124 πνεῦμα,

2065 1144 2363 1214 κράξουσιν
2389 1147 2447 1200 ὲν
2474 1149 2594 1210 ταῖς
2654 1147 2910 1220 καρδίαις
2942 1148 3119 1218 ἡμῶν,
3157 1146 3322 1204 Ἆϐὅᾶ
3353 1152 3383 1201 ό
3414 1147 3639 1215 Πατὴρ,

2065 1237 2160 1288 καὶ
2186 1236 2282 1307 τὴν
2314 1236 2408 1288 τοῦ
2463 1238 2788 1306 μονογενοῦς
2838 1237 2971 1290 Υἱοῦ
3005 1238 3095 1291 τοῦ
3159 1237 3294 1290 Θεοῦ
3339 1237 3640 1308 παρουσίαν

2064 1327 2468 1383 ἐπικαλοῦνται.
2506 1331 2612 1382 Καὶ
2647 1331 2756 1392 πᾶς
2786 1331 2841 1383 δὲ
2871 1331 3057 1392 πιστὸς
3083 1330 3318 1394 ἀκούων,
3351 1331 3447 1384 ατε
3495 1328 3637 1382 δεδι-

2063 1421 2354 1492 δαγμένος,
2427 1423 2747 1490 Ἐλθέτωὴ
2777 1423 3068 1487 ,βασιλεία
3088 1440 3227 1490 σου,
3255 1422 3333 1493 τῷ
3383 1422 3499 1492 Θεῴ
3544 1421 3639 1475 καὶ

2065 1511 2242 1582 Πατρὶ⁸
2297 1512 2681 1583 τροσεύχεται.
3233 1543 3249 1556 φ
3329 1548 3331 1550 ς

2135 1693 2242 1747 Καὶ
2285 1695 2317 1747 ὀ
2349 1692 2544 1762 διψῶν
2584 1693 2888 1762 ἐρχέσοω’
2929 1697 2961 1748 ὀ
2995 1692 3186 1749 θέλων
3211 1693 3439 1746 λαεέτω
3482 1689 3639 1758 ὕδωρ

1997 1777 2038 1830 Β
2065 1788 2217 1857 ζωῆς
2247 1790 2494 1858 δωρεάν.

2137 1881 2247 1935 Καὶ
2301 1885 2333 1934 ό
2379 1881 2580 1950 δι’ψῶν
2626 1879 2911 1950 ἐρχέσθω.
2951 1879 3123 1950 Δίψης
3149 1879 3259 1951 γὰρ
3288 1881 3446 1950 χρεία
3472 1880 3528 1931 ἐν
3562 1878 3640 1950 τῷ

2062 1976 2164 2045 τῆς
2191 1972 2336 2043 ζωῆς
2363 1974 2568 2042 πόματι
2605 1975 2741 2043 πρὸς
2775 1973 3004 2043 βεϐαίαν
3027 1973 3121 2025 τοῦ
3151 1973 3444 2042 κττδοέντος
3469 1973 3638 2025 κατὰ·

2067 2081 2281 2135 σχεσιψ
2320 2064 2556 2136 μάλιστα
2577 2065 2661 2118 ὃτι
2699 2066 2793 2118 καὶ
2837 2063 3009 2133 δῶρον
3047 2065 3368 2135 παρέχεται,
3418 2064 3477 2115 οὐ
3525 2064 3640 2124 τοῖς

2067 2159 2313 2228 μηδόὶως
2340 2158 2630 2227 καμοῦσιν,
2660 2156 2796 2210 ἀλλὰ
2866 2159 2978 2220 τοῖς
3033 2157 3133 2209 οὐκ
3175 2156 3302 2222 ἄξια
3539 2153 3638 2220 τῆς

2063 2250 2157 2303 τοῦ
2188 2249 2366 2320 δώρου
2395 2250 2837 2320 μεγαλειότητος,
2901 2251 3073 2319 μόνην
3121 2248 3181 2301 δὲ
3219 2245 3446 2317 γνώμην
3504 2252 3638 2312 γνη-

2067 2344 2189 2398 σίαν
2221 2345 2317 2397 καὶ
2348 2344 2612 2413 διάπυρον
2639 2343 2761 2396 ἀντὶ
2813 2343 3039 2413 χρυσίου
3075 2343 3170 2395 καὶ
3220 2339 3487 2412 ἀργυρίου
3541 2336 3640 2391 καὶ

2067 2439 2381 2509 σωματικὸν
2419 2437 2579 2489 πόνον
2609 2437 2948 2506 εἰσφέρουσι.

2135 2619 2427 2692 Μαρτυρῶ
2451 2619 2565 2689 ἐγὼ
2593 2619 2770 2674 παντὶ
2795 2616 2920 2690 [τῷ]
2945 2617 3226 2671 ἀκούοντι
3252 2612 3395 2678 τούς
3415 2612 3637 2680 λόγους

2062 2713 2174 2782 τῆς
2202 2713 2565 2781 προφητείας
2612 2710 2719 2764 τοῦ
2767 2710 3012 2774 ,ϐιϐλίου
3070 2708 3319 2762 τούτουο
3363 2703 3504 2757 Ἐάν
3547 2719 3640 2766 τις

2061 2797 2237 2864 ἐπιθῇ
2275 2796 2368 2850 ἐπ’
2402 2796 2586 2858 αὐτὰ,
2632 2793 2808 2862 ἐπιθῇ
2867 2794 2961 2848 ἐπ’
3016 2792 3204 2846 αὐτὸν
3256 2793 3288 2843 ὁ
3323 2789 3466 2854 Θεὸς
3527 2787 3638 2852 τὰς

2061 2888 2210 2942 ἑπτὰ
2225 2888 2464 2956 πληγὰς
2480 2892 2587 2953 τὰς
2598 2887 3006 2956 γεγραμμένας
3021 2887 3089 2939 ἐν
3101 2883 3180 2950 τῷ
3193 2885 3332 2946 βιϐλ
3348 2886 3404 2949 ’ῳ
3425 2883 3634 2943 τούτῳ·

2063 2981 2211 3055 [καὶ]
2240 2981 2350 3034 ἐάν
2379 2998 2467 3046 τις
2503 2981 2701 3050 ἀφέλῃ
2727 2980 2847 3034 ἀπὸ
2875 2978 2990 3032 τῶν
3017 2979 3216 3048 λόγων
3245 2975 3352 3029 τοῦ
3391 2974 3637 3038 ,βιΰλιόυ

2062 3072 2178 3140 τῆς
2206 3073 2567 3140 προφητείας
2607 3071 2850 3137 ταύτης,
2883 3070 3095 3138 ἀφέλοι
3121 3072 3153 3122 ό
3183 3068 3327 3132 Θεὸς
3365 3066 3431 3121 τὸ
3452 3065 3639 3133 μέρος

2066 3163 2252 3218 αὑτοῦ
2285 3164 2404 3216 ἀπὸ
2463 3163 2570 3218 τοῦ
2621 3164 2866 3228 ,ϐιϐλίου
2922 3163 3031 3230 τῆς
3063 3161 3230 3230 ζωῆς,
3273 3161 3370 3213 καὶ
3409 3161 3478 3212 ἐκ
3528 3157 3639 3226 τῆς

2067 3256 2299 3320 πόλεως
2322 3253 2431 3322 τῆς
2450 3255 2616 3324 ἁγίας
2635 3253 2753 3307 τῶν
2773 3253 3192 3324 γεγραμμένων
3219 3251 3290 3304 ἐν
3318 3248 3396 3314 τῷ
3413 3249 3639 3315 βιϐλίῳ

2065 3347 2270 3410 τούτῳ.

2133 3435 2344 3505 Φοϐερὶ
2375 3435 2429 3488 δὲ
2459 3437 2491 3504 ή
2525 3439 2668 3488 κατὰ
2694 3436 2800 3488 τῶν
2828 3433 3271 3505 παραχαρακτῶν
3317 3434 3424 3486 τῶν
3475 3431 3638 3485 Θεεων

2066 3528 2301 3598 Γραφῶν
2335 3530 2556 3598 κατάρα
2575 3546 2589 3560 ·
2623 3529 2809 3597 ἐπειδὴ
2829 3530 2920 3582 καὶ
2951 3528 3198 3600 τολμηρὰ
3223 3527 3481 3598 ήτούτων
3506 3543 3641 3596 προ-

2067 3621 2282 3682 πέτεια,
2323 3620 2690 3690 ἀλλοτριῶσαι
2733 3621 3006 3691 δυναμένη
3066 3622 3191 3683 τοὺς
3221 3619 3473 3682 αὐθάδεις
3527 3619 3640 3672 τῶν

2064 3711 2286 3780 ἀγαθῶν
2305 3711 2398 3764 τοῦ
2427 3712 2623 3774 αἰῶνος
2651 3711 2744 3765 τοῦ
2779 3711 3062 3782 μέλλοντος
3087 3727 3100 3742 ο
3131 3712 3269 3781 ὅπερ
3297 3711 3384 3763 ἴνα
3420 3710 3494 3781 μὴ
3523 3709 3633 3763 πά-

2065 3803 2270 3874 θωμεν,
2325 3803 2758 3876 διαμαρτύρεται
2790 3805 2922 3874 ἡμῖν
2983 3806 3096 3865 τοῖς
3147 3801 3426 3865 ἀκούουσι,
3501 3802 3636 3872 μήτε

2065 3896 2385 3965 προσθεῖναὶ
2407 3914 2481 3959 τι,
2513 3896 2640 3965 μήτ’
2671 3896 2912 3966 ἀφελεῖν,
2945 3894 3081 3948 ἀλλὰ
3105 3897 3171 3949 τὰ
3205 3895 3456 3964 Γραφικὰ
3489 3893 3636 3947 ἱδιὼ-

2069 4005 2235 4058 ματα,
2265 3989 2373 4042 τῶν
2417 3989 2681 4042 ’Λττικῶν
2713 3989 3042 4052 συντάξεων,
3073 3990 3167 4042 καὶ
3216 3989 3324 4041 τῶν
3363 3987 3639 4043 διαλεκτι-

2063 4080 2177 4135 κῶν
2215 4081 2594 4152 συλλογισμῶν
2630 4078 2929 4153 [ἡγεῖσθαι]
2959 4077 3374 4152 ἀξιοπιστότερα
3401 4081 3494 4132 καὶ¹
3546 4098 3636 4134 σε·

2066 4175 2322 4245 μνότεραο
2351 4176 2477 4229 ἐπεὶ
2506 4177 2600 4229 καὶ
2626 4178 2684 4228 ὲν
2713 4174 2942 4236 ἐκείνοις
2962 4172 3131 4225 πολλά
3154 4190 3235 4237 τις
3259 4174 3532 4243 εὑρίσκων
3558 4175 3636 4245 μὴ

2063 4266 2482 4336 κανονιςόμενα,
2517 4267 2610 4320 ἐπὶ
2631 4266 2691 4320 τὺ
2719 4265 3033 4332 ἀξιόπιστον
3057 4264 3164 4317 τῶν
3190 4265 3248 4318 ἒν
3273 4265 3453 4328 αὐτοῖς
3477 4281 3638 4335 ποιη-

2061 4357 2172 4409 τῶν
2194 4359 2288 4410 καὶ
2311 4357 2678 4427 συγγραφέων
2706 4356 3164 4428 παραπέμπεται.
3191 4357 3355 4409 Ὅσον
3375 4356 3432 4408 δὲ
3449 4357 3510 4408 τὸ
3535 4356 3635 4426 μέ·-

377 4429 542 4491 tiura,
577 4438 629 4481 et
660 4429 727 4481 ad
761 4428 921 4483 tidem
965 4430 1144 4499 majus
1179 4443 1515 4488 momentum
1576 4435 1778 4491 afferre
1831 4455 1958 4493 cen-

2069 4462 2159 4497 σον
2188 4445 2304 4498 τῶν
2331 4447 2463 4516 παρ’
2492 4447 2624 4516 ἡμῖν
2667 4449 2764 4500 καὶ
2789 4446 3020 4509 ἐκείνοις
3061 4445 3306 4510 ἐνδόξων,
3340 4445 3433 4497 καλ⁵
3479 4446 3538 4498 τὸ
3578 4447 3636 4498 ὲν

378 4535 626 4576 scatnus.
659 4518 794 4572 Nam
826 4529 879 4573 et
910 4521 962 4573 in
997 4522 1104 4576 illis
1129 4523 1302 4576 multa
1342 4524 1586 4579 invenire
1632 4527 1810 4592 liceat,
1842 4545 1964 4598 qua:

383 4613 584 4682 regula:
619 4620 672 4667 et
703 4612 947 4667 veritatis
976 4613 1075 4682 legi
1111 4629 1215 4667 non
1243 4616 1374 4669 satis
1402 4627 1768 4673 consentanea
1806 4633 1953 4689 sunt,

2072 4535 2146 4604 νῷ
2173 4536 2377 4602 λαϐεῖν,
2409 4539 2712 4608 ἀμήχανον.
2745 4533 2913 4609 Οἶμαι
2950 4536 3058 4608 γὰρ
3082 4532 3220 4590 εἶναι
3250 4536 3432 4600 πλέον,
3455 4535 3489 4607 ἢ
3514 4537 3637 4588 ὅσον

2068 4626 2182 4694 φῶς
2207 4629 2434 4692 σκότους
2457 4633 2736 4701 διέστηκε.

378 4714 432 4757 et
477 4713 656 4756 tamen
722 4713 943 4773 propter
1001 4705 1337 4775 scriptorum
1417 4710 1802 4767 auctoritatem
1860 4715 2302 4786 dissimulantur,
2354 4702 2632 4794 missaque
2683 4729 2839 4780 liunt.
2907 4722 3181 4789 Quantum
3233 4731 3412 4776 autem
3469 4721 3638 4779 inter-

381 4797 581 4851 "auum
603 4798 857 4854 ίηιιῖνθοδ
878 4801 969 4868 (illi
1005 4803 1146 4868 aDUd
1177 4813 1480 4866 "05.01005
1504 4821 1721 4861 rursum
1741 4812 1831 4879 qui
1852 4817 1994 4885 apud
2025 4817 2147 4873 illus
2194 4821 2434 4878 celebres
2470 4823 2794 4877 exstiterunt
2829 4818 3149 4885 intercedat,
3176 4821 3226 4874 id
3259 4831 3438 4876 mente
3487 4839 3638 4878 corn-

380 4896 536 4965 plecti
562 4895 648 4950 vix
680 4897 926 4952 valet‘nus
959 4915 974 4951 :
1009 4898 1249 4951 arbitror
1295 4909 1478 4953 autent
1531 4905 1654 4972 plus
1710 4909 2069 4980 intercedere,
2100 4933 2266 4986 quam
2296 4919 2441 4972 inter
2469 4921 2644 4974 lucem
2677 4929 2731 4974 et
2757 4921 3028 4974 tenebras.

457 4989 622 5055 XXII,
659 4990 749 5056 90,
783 4992 878 5049 21.
913 4991 1053 5045 Dicit
1088 4993 1180 5061 qui
1210 4995 1563 5050 testimonium
1587 5005 1815 5068 perhibet
1839 5007 1960 5062 isto-

382 5101 500 5137 rum
531 5100 550 5137 :
578 5083 757 5137 Etiam
789 5087 935 5138 venio
967 5085 1095 5137 cito.
1127 5086 1314 5139 Amen.
1363 5087 1506 5156 Veni,
1541 5091 1760 5150 Domine
1805 5098 1954 5156 Iesu.

380 5177 572 5231 Gratia
615 5177 826 5231 Domini
859 5179 1028 5230 nostri
1084 5175 1214 5231 Jesu
1272 5177 1493 5246 Christi,
1551 5201 1667 5238 cum
1715 5192 1954 5248 omnibus

377 5271 597 5324 sanctis.
639 5271 826 5324 Amen.
1867 5282 1872 5284 '

447 5363 514 5418 Et
545 5378 645 5434 ego
679 5363 902 5434 (inquit)
926 5363 1018 5431 qui
1049 5363 1164 5418 bare
1203 5365 1268 5418 ad
1296 5375 1366 5432 te,
1415 5371 1508 5437 qui
1531 5387 1588 5425 es
1635 5373 1766 5439 vita,
1808 5375 1950 5440 dico.

381 5457 577 5520 venio;
613 5465 665 5508 et
709 5464 762 5508 tu
796 5455 982 5507 itidem
1038 5456 1181 5511 veni.
1243 5456 1354 5512 Etsi
1403 5460 1511 5514 alio
1541 5478 1758 5534 quoque
1796 5482 1959 5522 sensu

383 5547 498 5600 haec
528 5562 593 5600 ex
626 5561 857 5615 persona
894 5545 1096 5604 Christi
1128 5550 1270 5604 dicta
1312 5552 1479 5606 videri
1525 5566 1746 5624 queant.
1815 5560 1958 5625 Qui,

385 5638 585 5707 inquit,
623 5639 736 5693 haec
803 5650 1096 5709 protestor,
1163 5643 1269 5698 cito
1305 5647 1539 5701 veniam.
1591 5647 1668 5702 Ex
1727 5666 1957 5719 persona

385 5743 565 5787 autem
626 5735 866 5805 Apostoli
923 5737 1148 5806 dicitur,
1201 5741 1348 5811 quod
1407 5756 1530 5796 mox
1588 5743 1955 5815 subjungitur,

2134 5014 2306 5082 Λέγει
2357 5017 2386 5067 ό
2433 5013 2749 5083 μαρτυρῶν
2789 5014 3009 5067 ταῦτα·
3051 5015 3161 5068 Nai
3192 4998 3436 5083 ἔρχομαι
3462 5015 3632 5082 ταχύ.

2076 5105 2280 5174 Ἀμήν.
2309 5108 2420 5160 Ναὶ
2449 5106 2653 5174 ἔρχου,
2686 5107 2861 5172 Κύριε
2897 5105 3104 5173 Ἰησοῦ
3126 5104 3359 5173 Χριστέ·
3394 5107 3432 5172 ἡ
3462 5105 3636 5173 χάρις

2063 5197 2170 5250 τοῦ
2202 5199 2422 5265 Κυρίου
2451 5196 2668 5269 [ἡμῶν]
2704 5198 2910 5265 Ἰησοῦ
2929 5197 3188 5266 Χριστοῦ
3211 5197 3362 5267 μετὰ
3395 5198 3638 5251 πάντων

2059 5289 2180 5342 τῶν
2199 5291 2299 5358 dri
2302 5307 2402 5341 ων.
2439 5290 2496 5342 Ἀ
2501 5289 2583 5358 μή
2593 5309 2647 5343 r.

2133 5381 2305 5449 Κάγὼ
2349 5382 2426 5447 δὲ,
2462 5381 2648 5450 φησιν,
2676 5383 2704 5435 ὁ
2735 5382 3031 5452 μαρτυρῶν
3079 5381 3273 5446 ταῦτα,
3306 5381 3450 5449 λέγω
3496 5381 3636 5449 πρὶς

2066 5476 2124 5528 σὲ
2151 5475 2252 5544 τὴν
2286 5473 2469 5546 ζωήνο
2510 5476 2812 5544 Ἔρχομαι.
2851 5477 2960 5529 Καὶ
3006 5476 3164 5539 αὐτὸς
3215 5475 3271 5528 δὲ
3318 5474 3634 5544 παραγενοῦ

2061 5565 2301 5637 [ΚύριεΙ.
2332 5568 2399 5620 Ἥ
2430 5568 2524 5620 καὶ
2553 5568 2755 5636 ἑτέρως
2780 5567 2935 5620 τοῦτο
2960 5571 3022 5620 ἐκ
3053 5566 3344 5638 προσώπου
3368 5566 3459 5619 τοῦ
3498 5569 3636 5638 Χρι-

2063 5655 2186 5707 στοῦ
2219 5657 2435 5726 εἴρηται
2461 5675 2473 5686 ·
2526 5657 2585 5710 '0
2602 5657 2919 5726 μαρτυρῶν
2948 5659 3153 5724 ταῦτα,
3189 5659 3390 5728 δηλαδὴ
3426 5659 3454 5711 ὁ
3489 5678 3632 5730 μαρο

2058 5750 2412 5820 τυρούμενος,
2453 5752 2694 5823 ἔρχομαι
2725 5758 2894 5821 ταχύ.
2950 5755 3045 5808 Ἐκ
3075 5755 3128 5808 δὲ
3153 5755 3243 5809 τοῦ
3274 5753 3634 5809 ἀποστολικοῦ
