  <div class='ocr_page' id='page_1' title='image "/cluster/home/n/w/nwhite01/storage/ocr_20150623/106/hvd.32044051727071/255.png"; bbox 0 0 4042 6568; ppageno 0'>
   <div class='ocr_carea' id='block_1_1' title="bbox 392 370 3666 448">
    <p class='ocr_par' dir='ltr' id='par_1_1' title="bbox 392 370 3666 448">
     <span class='ocr_line' id='line_1_1' title="bbox 392 370 3666 448; baseline -0.002 -9"><span class='ocrx_word' id='word_1_1' title='bbox 392 383 497 448; x_wconf 75' lang='grc'><strong>487</strong></span> <span class='ocrx_word' id='word_1_2' title='bbox 1487 378 1696 438; x_wconf 64' lang='lat' dir='ltr'><strong>JOAN.</strong></span> <span class='ocrx_word' id='word_1_3' title='bbox 1738 375 2113 437; x_wconf 65' lang='lat' dir='ltr'><strong>lIENTENIl</strong></span> <span class='ocrx_word' id='word_1_4' title='bbox 2156 373 2550 437; x_wconf 70' lang='lat' dir='ltr'><strong>PREFATIO</strong></span> <span class='ocrx_word' id='word_1_5' title='bbox 3558 370 3666 434; x_wconf 56' lang='lat'><strong>£33</strong></span> 
     </span>
    </p>
   </div>
   <div class='ocr_carea' id='block_1_2' title="bbox 2601 529 3555 544">
    <p class='ocr_par' dir='ltr' id='par_1_2' title="bbox 2601 529 3555 544">
     <span class='ocr_line' id='line_1_2' title="bbox 2601 529 3555 544; baseline -0.004 -2"><span class='ocrx_word' id='word_1_6' title='bbox 2601 532 2787 544; x_wconf 59' lang='grc' dir='ltr'><strong>φ’...-</strong></span> <span class='ocrx_word' id='word_1_7' title='bbox 2791 529 3555 544; x_wconf 47' lang='grc' dir='ltr'><strong>..ψ-Ἢ</strong></span> 
     </span>
    </p>
   </div>
   <div class='ocr_carea' id='block_1_3' title="bbox 2283 537 2596 546">
    <p class='ocr_par' dir='ltr' id='par_1_3' title="bbox 2283 537 2596 546">
     <span class='ocr_line' id='line_1_3' title="bbox 2283 537 2596 546; baseline -0.01 0"><span class='ocrx_word' id='word_1_8' title='bbox 2283 537 2596 546; x_wconf 73' lang='lat'><strong>..-————-—-</strong></span> 
     </span>
    </p>
   </div>
   <div class='ocr_carea' id='block_1_4' title="bbox 2013 539 2282 548">
    <p class='ocr_par' dir='ltr' id='par_1_4' title="bbox 2013 539 2282 548">
     <span class='ocr_line' id='line_1_4' title="bbox 2013 539 2282 548; baseline -0.007 0"><span class='ocrx_word' id='word_1_9' title='bbox 2013 539 2282 548; x_wconf 70' lang='lat'><strong>————————</strong></span> 
     </span>
    </p>
   </div>
   <div class='ocr_carea' id='block_1_5' title="bbox 2421 530 3591 562">
    <p class='ocr_par' dir='ltr' id='par_1_5' title="bbox 2421 530 3591 562">
     <span class='ocr_line' id='line_1_5' title="bbox 2421 530 3591 562; baseline -0.005 -1"><span class='ocrx_word' id='word_1_10' title='bbox 2421 530 3591 562; x_wconf 44' lang='lat' dir='ltr'><strong>ww</strong></span> 
     </span>
    </p>
   </div>
   <div class='ocr_carea' id='block_1_6' title="bbox 406 539 1784 572">
    <p class='ocr_par' dir='ltr' id='par_1_6' title="bbox 406 539 1784 572">
     <span class='ocr_line' id='line_1_6' title="bbox 406 539 1784 572; baseline -0.003 -4"><span class='ocrx_word' id='word_1_11' title='bbox 406 539 1784 572; x_wconf 51' lang='grc' dir='ltr'><em>Μ</em></span> 
     </span>
    </p>
   </div>
   <div class='ocr_carea' id='block_1_7' title="bbox 1755 697 2320 836">
    <p class='ocr_par' dir='ltr' id='par_1_7' title="bbox 1755 697 2320 836">
     <span class='ocr_line' id='line_1_7' title="bbox 1755 697 2320 836; baseline 0 -4"><span class='ocrx_word' id='word_1_12' title='bbox 1755 697 2320 836; x_wconf 85' lang='grc' dir='ltr'><strong>ΑΡΕΘΑ</strong></span> 
     </span>
    </p>
   </div>
   <div class='ocr_carea' id='block_1_8' title="bbox 881 905 3193 1040">
    <p class='ocr_par' dir='ltr' id='par_1_8' title="bbox 881 905 3193 1040">
     <span class='ocr_line' id='line_1_8' title="bbox 881 905 3193 1040; baseline -0.005 0"><span class='ocrx_word' id='word_1_13' title='bbox 881 905 1558 1040; x_wconf 82' lang='grc' dir='ltr'><strong>ΕΠΙΣΚΟΠΟΥ</strong></span> <span class='ocrx_word' id='word_1_14' title='bbox 1631 941 2276 1034; x_wconf 81' lang='grc' dir='ltr'><strong>ΚΑΙΣΑΡΕΙΑΣ</strong></span> <span class='ocrx_word' id='word_1_15' title='bbox 2371 937 3193 1030; x_wconf 82' lang='grc' dir='ltr'><strong>ΚΑΠΠΑΔΟΚΙΑΣ</strong></span> 
     </span>
    </p>
   </div>
   <div class='ocr_carea' id='block_1_9' title="bbox 1073 1129 3015 1190">
    <p class='ocr_par' dir='ltr' id='par_1_9' title="bbox 1073 1129 3015 1190">
     <span class='ocr_line' id='line_1_9' title="bbox 1073 1129 3015 1190; baseline -0.004 0"><span class='ocrx_word' id='word_1_16' title='bbox 1073 1135 1429 1190; x_wconf 80' lang='grc' dir='ltr'><strong>ΣΥΛΛΟΓΙῙ</strong></span> <span class='ocrx_word' id='word_1_17' title='bbox 1465 1130 1915 1187; x_wconf 83' lang='grc' dir='ltr'><strong>ΕΞΗΓΠΣΕΩΝ</strong></span> <span class='ocrx_word' id='word_1_18' title='bbox 1950 1133 2048 1186; x_wconf 83' lang='grc' dir='ltr'><strong>ΕΚ</strong></span> <span class='ocrx_word' id='word_1_19' title='bbox 2079 1130 2426 1184; x_wconf 77' lang='grc' dir='ltr'><strong>ΔΙΑΦΟΡΩΝ</strong></span> <span class='ocrx_word' id='word_1_20' title='bbox 2459 1129 2690 1183; x_wconf 70' lang='lat' dir='ltr'><strong>APION</strong></span> <span class='ocrx_word' id='word_1_21' title='bbox 2720 1129 3015 1183; x_wconf 82' lang='grc' dir='ltr'><strong>ΑΝΔΡΩΝ</strong></span> 
     </span>
    </p>
   </div>
   <div class='ocr_carea' id='block_1_10' title="bbox 1901 1287 2163 1338">
    <p class='ocr_par' dir='ltr' id='par_1_10' title="bbox 1901 1287 2163 1338">
     <span class='ocr_line' id='line_1_10' title="bbox 1901 1287 2163 1338; baseline -0.008 0"><span class='ocrx_word' id='word_1_22' title='bbox 1901 1289 2003 1338; x_wconf 83' lang='grc' dir='ltr'><strong>ΕΙΣ</strong></span> <span class='ocrx_word' id='word_1_23' title='bbox 2035 1287 2163 1336; x_wconf 76' lang='grc' dir='ltr'><strong>ΤΗΝ</strong></span> 
     </span>
    </p>
   </div>
   <div class='ocr_carea' id='block_1_11' title="bbox 1180 1433 2971 1505">
    <p class='ocr_par' dir='ltr' id='par_1_11' title="bbox 1180 1433 2971 1505">
     <span class='ocr_line' id='line_1_11' title="bbox 1180 1433 2971 1505; baseline 0 -14"><span class='ocrx_word' id='word_1_24' title='bbox 1180 1436 1493 1491; x_wconf 81' lang='grc' dir='ltr'><strong>ΙΩΑΝΝΟΥ</strong></span> <span class='ocrx_word' id='word_1_25' title='bbox 1533 1435 1672 1488; x_wconf 90' lang='grc' dir='ltr'><strong>ΤΟΥ</strong></span> <span class='ocrx_word' id='word_1_26' title='bbox 1712 1434 2201 1490; x_wconf 75' lang='grc' dir='ltr'><strong>ΗΓΛΠΠΜΕΝΟΥ</strong></span> <span class='ocrx_word' id='word_1_27' title='bbox 2238 1436 2361 1488; x_wconf 76' lang='grc' dir='ltr'><strong>ΚΑΙ</strong></span> <span class='ocrx_word' id='word_1_28' title='bbox 2401 1433 2916 1490; x_wconf 80' lang='grc' dir='ltr'><strong>ΕΥᾹΓΓΕΛΙΣΤΟΥ</strong></span> <span class='ocrx_word' id='word_1_29' title='bbox 2964 1446 2971 1505; x_wconf 65' lang='grc' dir='ltr'><em>ἴ</em></span> 
     </span>
    </p>
   </div>
   <div class='ocr_carea' id='block_1_12' title="bbox 1564 1598 2522 1690">
    <p class='ocr_par' dir='ltr' id='par_1_12' title="bbox 1564 1598 2522 1690">
     <span class='ocr_line' id='line_1_12' title="bbox 1564 1598 2522 1690; baseline -0.003 -2"><span class='ocrx_word' id='word_1_30' title='bbox 1564 1598 2522 1690; x_wconf 46' lang='grc' dir='ltr'><strong>ΛΠΟΚΑΛΥΨΠΨ</strong></span> 
     </span>
    </p>
   </div>
   <div class='ocr_carea' id='block_1_13' title="bbox 1546 1969 2525 2154">
    <p class='ocr_par' dir='ltr' id='par_1_13' title="bbox 1546 1969 2525 2154">
     <span class='ocr_line' id='line_1_13' title="bbox 1546 1969 2525 2154; baseline 0.005 -5"><span class='ocrx_word' id='word_1_31' title='bbox 1546 1969 2525 2154; x_wconf 78' lang='lat' dir='ltr'><strong>ARETH/E</strong></span> 
     </span>
    </p>
   </div>
   <div class='ocr_carea' id='block_1_14' title="bbox 801 2289 3275 2414">
    <p class='ocr_par' dir='ltr' id='par_1_14' title="bbox 801 2289 3275 2414">
     <span class='ocr_line' id='line_1_14' title="bbox 801 2289 3275 2414; baseline 0.001 -6"><span class='ocrx_word' id='word_1_32' title='bbox 801 2294 1533 2410; x_wconf 63' lang='lat' dir='ltr'><strong>CAESARE/Ii</strong></span> <span class='ocrx_word' id='word_1_33' title='bbox 1603 2292 2541 2410; x_wconf 72' lang='lat' dir='ltr'><strong>CAPPADOCUE</strong></span> <span class='ocrx_word' id='word_1_34' title='bbox 2626 2289 3275 2414; x_wconf 84' lang='lat' dir='ltr'><strong>EPISCOPI</strong></span> 
     </span>
    </p>
   </div>
   <div class='ocr_carea' id='block_1_15' title="bbox 1360 2517 2728 2584">
    <p class='ocr_par' dir='ltr' id='par_1_15' title="bbox 1360 2517 2728 2584">
     <span class='ocr_line' id='line_1_15' title="bbox 1360 2517 2728 2584; baseline 0 -3"><span class='ocrx_word' id='word_1_35' title='bbox 1360 2517 1972 2584; x_wconf 74' lang='lat' dir='ltr'><strong>COACERVATIO</strong></span> <span class='ocrx_word' id='word_1_36' title='bbox 2027 2520 2728 2584; x_wconf 81' lang='lat' dir='ltr'><strong>ENARRATIONUM</strong></span> 
     </span>
    </p>
   </div>
   <div class='ocr_carea' id='block_1_16' title="bbox 1611 2701 2458 2748">
    <p class='ocr_par' dir='ltr' id='par_1_16' title="bbox 1611 2701 2458 2748">
     <span class='ocr_line' id='line_1_16' title="bbox 1611 2701 2458 2748; baseline 0.004 -3"><span class='ocrx_word' id='word_1_37' title='bbox 1611 2701 1693 2745; x_wconf 70' lang='lat' dir='ltr'><strong>EX</strong></span> <span class='ocrx_word' id='word_1_38' title='bbox 1733 2702 1946 2747; x_wconf 73' lang='lat' dir='ltr'><strong>VARIIS</strong></span> <span class='ocrx_word' id='word_1_39' title='bbox 1981 2701 2240 2748; x_wconf 79' lang='lat' dir='ltr'><strong>SANCTIS</strong></span> <span class='ocrx_word' id='word_1_40' title='bbox 2289 2703 2458 2748; x_wconf 67' lang='lat' dir='ltr'><strong>VIRIS</strong></span> 
     </span>
    </p>
   </div>
   <div class='ocr_carea' id='block_1_17' title="bbox 998 2848 3078 2916">
    <p class='ocr_par' dir='ltr' id='par_1_17' title="bbox 998 2848 3078 2916">
     <span class='ocr_line' id='line_1_17' title="bbox 998 2848 3078 2916; baseline 0.001 -5"><span class='ocrx_word' id='word_1_41' title='bbox 998 2848 1082 2911; x_wconf 86' lang='lat' dir='ltr'><strong>IN</strong></span> <span class='ocrx_word' id='word_1_42' title='bbox 1125 2851 1455 2914; x_wconf 82' lang='lat' dir='ltr'><strong>JOANNIS</strong></span> <span class='ocrx_word' id='word_1_43' title='bbox 1528 2851 1854 2914; x_wconf 81' lang='lat' dir='ltr'><strong>DlLECTI</strong></span> <span class='ocrx_word' id='word_1_44' title='bbox 1899 2853 2292 2916; x_wconf 82' lang='lat' dir='ltr'><strong>DISCIPULI</strong></span> <span class='ocrx_word' id='word_1_45' title='bbox 2344 2854 2450 2914; x_wconf 86' lang='lat' dir='ltr'><strong>ET</strong></span> <span class='ocrx_word' id='word_1_46' title='bbox 2497 2852 3078 2914; x_wconf 62' lang='lat' dir='ltr'><strong>EVANGELISTEE</strong></span> 
     </span>
    </p>
   </div>
   <div class='ocr_carea' id='block_1_18' title="bbox 1521 3032 2562 3128">
    <p class='ocr_par' dir='ltr' id='par_1_18' title="bbox 1521 3032 2562 3128">
     <span class='ocr_line' id='line_1_18' title="bbox 1521 3032 2562 3128; baseline -0.001 -2"><span class='ocrx_word' id='word_1_47' title='bbox 1521 3032 2562 3128; x_wconf 83' lang='lat' dir='ltr'><strong>APOCALYPSIN.</strong></span> 
     </span>
    </p>
   </div>
   <div class='ocr_carea' id='block_1_19' title="bbox 403 3385 3678 3482">
    <p class='ocr_par' dir='ltr' id='par_1_19' title="bbox 403 3385 3678 3482">
     <span class='ocr_line' id='line_1_19' title="bbox 403 3385 3678 3482; baseline -0.001 -28"><span class='ocrx_word' id='word_1_48' title='bbox 403 3393 490 3454; x_wconf 81' lang='lat' dir='ltr'><strong>De</strong></span> <span class='ocrx_word' id='word_1_49' title='bbox 527 3391 623 3453; x_wconf 85' lang='lat' dir='ltr'><strong>his</strong></span> <span class='ocrx_word' id='word_1_50' title='bbox 668 3391 736 3453; x_wconf 80' lang='lat' dir='ltr'><strong>in</strong></span> <span class='ocrx_word' id='word_1_51' title='bbox 771 3388 1196 3482; x_wconf 78' lang='lat' dir='ltr'><strong>Apocalypsin</strong></span> <span class='ocrx_word' id='word_1_52' title='bbox 1260 3387 1754 3482; x_wconf 59' lang='lat' dir='ltr'><strong>commentariis,</strong></span> <span class='ocrx_word' id='word_1_53' title='bbox 1785 3395 1840 3446; x_wconf 81' lang='lat' dir='ltr'><strong>et</strong></span> <span class='ocrx_word' id='word_1_54' title='bbox 1894 3386 1967 3446; x_wconf 87' lang='lat' dir='ltr'><strong>de</strong></span> <span class='ocrx_word' id='word_1_55' title='bbox 2015 3386 2298 3482; x_wconf 42' lang='lat' dir='ltr'><strong>Joannis.</strong></span> <span class='ocrx_word' id='word_1_56' title='bbox 2339 3386 2720 3482; x_wconf 29' lang='lat' dir='ltr'><strong>iZtOIfatmu&#39;m</strong></span> <span class='ocrx_word' id='word_1_57' title='bbox 2783 3385 3185 3481; x_wconf 68' lang='lat' dir='ltr'><strong>relegatione,</strong></span> <span class='ocrx_word' id='word_1_58' title='bbox 3236 3389 3527 3468; x_wconf 81' lang='lat' dir='ltr'><strong>factaque</strong></span> <span class='ocrx_word' id='word_1_59' title='bbox 3591 3387 3678 3452; x_wconf 86' lang='lat' dir='ltr'><strong>ad</strong></span> 
     </span>
    </p>
   </div>
   <div class='ocr_carea' id='block_1_20' title="bbox 1040 3464 2636 3549">
    <p class='ocr_par' dir='ltr' id='par_1_20' title="bbox 1040 3464 2578 3549">
     <span class='ocr_line' id='line_1_20' title="bbox 1040 3464 2578 3549; baseline -0.003 -20"><span class='ocrx_word' id='word_1_60' title='bbox 1040 3464 1244 3549; x_wconf 66' lang='lat' dir='ltr'><strong>ipsum</strong></span> <span class='ocrx_word' id='word_1_61' title='bbox 1282 3465 1662 3548; x_wconf 80' lang='lat' dir='ltr'><strong>Apocalypsi</strong></span> <span class='ocrx_word' id='word_1_62' title='bbox 1699 3465 1826 3525; x_wconf 68' lang='lat' dir='ltr'><strong>sive</strong></span> <span class='ocrx_word' id='word_1_63' title='bbox 1866 3464 2241 3526; x_wconf 75' lang='lat' dir='ltr'><strong>recelatione</strong></span> <span class='ocrx_word' id='word_1_64' title='bbox 2258 3465 2578 3544; x_wconf 77' lang='lat' dir='ltr'><strong>judicium</strong></span> 
     </span>
    </p>
   </div>
   <div class='ocr_carea' id='block_1_21' title="bbox 1438 3464 3034 3549">
    <p class='ocr_par' dir='ltr' id='par_1_21' title="bbox 1438 3464 3034 3546">
     <span class='ocr_line' id='line_1_21' title="bbox 1438 3464 3034 3546; baseline 0.002 -19"><span class='ocrx_word' id='word_1_65' title='bbox 1438 3465 1662 3545; x_wconf 78' lang='lat' dir='ltr'><strong>:alypsi</strong></span> <span class='ocrx_word' id='word_1_66' title='bbox 1699 3465 1826 3525; x_wconf 68' lang='lat' dir='ltr'><strong>sive</strong></span> <span class='ocrx_word' id='word_1_67' title='bbox 1866 3464 2241 3526; x_wconf 75' lang='lat' dir='ltr'><strong>recelatione</strong></span> <span class='ocrx_word' id='word_1_68' title='bbox 2258 3465 2578 3544; x_wconf 77' lang='lat' dir='ltr'><strong>judicium</strong></span> <span class='ocrx_word' id='word_1_69' title='bbox 2638 3464 3034 3546; x_wconf 77' lang='lat' dir='ltr'><strong>Interprett&#39;s.</strong></span> 
     </span>
    </p>
   </div>
   <div class='ocr_carea' id='block_1_22' title="bbox 475 3619 3675 3708">
    <p class='ocr_par' dir='ltr' id='par_1_22' title="bbox 475 3619 3675 3708">
     <span class='ocr_line' id='line_1_22' title="bbox 475 3619 3675 3708; baseline -0.001 -18"><span class='ocrx_word' id='word_1_70' title='bbox 475 3637 616 3690; x_wconf 82' lang='lat' dir='ltr'><strong>Arte</strong></span> <span class='ocrx_word' id='word_1_71' title='bbox 645 3636 748 3693; x_wconf 87' lang='lat' dir='ltr'><strong>hos</strong></span> <span class='ocrx_word' id='word_1_72' title='bbox 783 3636 836 3692; x_wconf 90' lang='lat' dir='ltr'><strong>in</strong></span> <span class='ocrx_word' id='word_1_73' title='bbox 875 3633 1263 3708; x_wconf 65' lang='lat' dir='ltr'><strong>Apocalypsin]</strong></span> <span class='ocrx_word' id='word_1_74' title='bbox 1294 3619 1746 3697; x_wconf 81' lang='lat' dir='ltr'><strong>commentarios,</strong></span> <span class='ocrx_word' id='word_1_75' title='bbox 1784 3640 1838 3684; x_wconf 89' lang='lat' dir='ltr'><strong>te</strong></span> <span class='ocrx_word' id='word_1_76' title='bbox 1875 3644 2190 3700; x_wconf 84' lang='lat' dir='ltr'><strong>precamur,</strong></span> <span class='ocrx_word' id='word_1_77' title='bbox 2225 3630 2454 3685; x_wconf 74' lang='lat' dir='ltr'><strong>candide</strong></span> <span class='ocrx_word' id='word_1_78' title='bbox 2484 3630 2678 3685; x_wconf 81' lang='lat' dir='ltr'><strong>lector</strong></span> <span class='ocrx_word' id='word_1_79' title='bbox 2705 3673 2720 3697; x_wconf 94' lang='lat'><strong>,</strong></span> <span class='ocrx_word' id='word_1_80' title='bbox 2773 3639 3073 3688; x_wconf 85' lang='lat' dir='ltr'><strong>nlnostros</strong></span> <span class='ocrx_word' id='word_1_81' title='bbox 3127 3633 3228 3688; x_wconf 85' lang='lat' dir='ltr'><strong>hos</strong></span> <span class='ocrx_word' id='word_1_82' title='bbox 3274 3632 3490 3688; x_wconf 81' lang='lat' dir='ltr'><strong>labores</strong></span> <span class='ocrx_word' id='word_1_83' title='bbox 3547 3631 3675 3688; x_wconf 90' lang='lat' dir='ltr'><strong>boni</strong></span> 
     </span>
    </p>
   </div>
   <div class='ocr_carea' id='block_1_23' title="bbox 405 3717 3676 3794">
    <p class='ocr_par' dir='ltr' id='par_1_23' title="bbox 405 3717 3676 3794">
     <span class='ocr_line' id='line_1_23' title="bbox 405 3717 3676 3794; baseline -0.001 -15"><span class='ocrx_word' id='word_1_84' title='bbox 405 3725 691 3788; x_wconf 78' lang='lat' dir='ltr'><strong>consulas,</strong></span> <span class='ocrx_word' id='word_1_85' title='bbox 739 3741 915 3794; x_wconf 88' lang='lat' dir='ltr'><strong>neque</strong></span> <span class='ocrx_word' id='word_1_86' title='bbox 947 3725 1200 3794; x_wconf 77' lang='lat' dir='ltr'><strong>protinus</strong></span> <span class='ocrx_word' id='word_1_87' title='bbox 1231 3721 1484 3782; x_wconf 86' lang='lat' dir='ltr'><strong>damnes,</strong></span> <span class='ocrx_word' id='word_1_88' title='bbox 1521 3717 1567 3774; x_wconf 87' lang='lat' dir='ltr'><strong>si</strong></span> <span class='ocrx_word' id='word_1_89' title='bbox 1610 3732 1719 3772; x_wconf 90' lang='lat' dir='ltr'><strong>uno</strong></span> <span class='ocrx_word' id='word_1_90' title='bbox 1753 3725 1848 3771; x_wconf 87' lang='lat' dir='ltr'><strong>aut</strong></span> <span class='ocrx_word' id='word_1_91' title='bbox 1879 3717 2049 3773; x_wconf 90' lang='lat' dir='ltr'><strong>altero</strong></span> <span class='ocrx_word' id='word_1_92' title='bbox 2095 3718 2148 3772; x_wconf 89' lang='lat' dir='ltr'><strong>in</strong></span> <span class='ocrx_word' id='word_1_93' title='bbox 2199 3719 2319 3776; x_wconf 91' lang='lat' dir='ltr'><strong>loco</strong></span> <span class='ocrx_word' id='word_1_94' title='bbox 2355 3735 2461 3773; x_wconf 91' lang='lat' dir='ltr'><strong>non</strong></span> <span class='ocrx_word' id='word_1_95' title='bbox 2496 3721 2713 3789; x_wconf 90' lang='lat' dir='ltr'><strong>penitus</strong></span> <span class='ocrx_word' id='word_1_96' title='bbox 2761 3720 2951 3774; x_wconf 89' lang='lat' dir='ltr'><strong>animo</strong></span> <span class='ocrx_word' id='word_1_97' title='bbox 3001 3731 3095 3774; x_wconf 91' lang='lat' dir='ltr'><strong>tuo</strong></span> <span class='ocrx_word' id='word_1_98' title='bbox 3147 3719 3450 3776; x_wconf 79' lang='lat' dir='ltr'><strong>satisfaciat</strong></span> <span class='ocrx_word' id='word_1_99' title='bbox 3488 3731 3676 3776; x_wconf 89' lang='lat' dir='ltr'><strong>nostra</strong></span> 
     </span>
    </p>
   </div>
   <div class='ocr_carea' id='block_1_24' title="bbox 405 3805 3675 3878">
    <p class='ocr_par' dir='ltr' id='par_1_24' title="bbox 405 3805 3675 3878">
     <span class='ocr_line' id='line_1_24' title="bbox 405 3805 3675 3878; baseline -0.001 -13"><span class='ocrx_word' id='word_1_100' title='bbox 405 3812 607 3867; x_wconf 82' lang='lat' dir='ltr'><strong>versio.</strong></span> <span class='ocrx_word' id='word_1_101' title='bbox 637 3812 707 3867; x_wconf 84' lang='lat' dir='ltr'><strong>Ut</strong></span> <span class='ocrx_word' id='word_1_102' title='bbox 739 3814 880 3864; x_wconf 86' lang='lat' dir='ltr'><strong>enim</strong></span> <span class='ocrx_word' id='word_1_103' title='bbox 913 3827 1099 3865; x_wconf 83' lang='lat' dir='ltr'><strong>verum</strong></span> <span class='ocrx_word' id='word_1_104' title='bbox 1141 3811 1337 3874; x_wconf 83' lang='lat' dir='ltr'><strong>fatear,</strong></span> <span class='ocrx_word' id='word_1_105' title='bbox 1374 3818 1583 3862; x_wconf 90' lang='lat' dir='ltr'><strong>tantum</strong></span> <span class='ocrx_word' id='word_1_106' title='bbox 1622 3805 1819 3875; x_wconf 87' lang='lat' dir='ltr'><strong>negotii</strong></span> <span class='ocrx_word' id='word_1_107' title='bbox 1853 3805 2014 3860; x_wconf 90' lang='lat' dir='ltr'><strong>nobis</strong></span> <span class='ocrx_word' id='word_1_108' title='bbox 2043 3807 2409 3861; x_wconf 80' lang='lat' dir='ltr'><strong>exhibuerunt</strong></span> <span class='ocrx_word' id='word_1_109' title='bbox 2433 3807 2484 3860; x_wconf 91' lang='lat' dir='ltr'><strong>hi</strong></span> <span class='ocrx_word' id='word_1_110' title='bbox 2519 3809 2780 3877; x_wconf 73' lang='lat' dir='ltr'><strong>postremi</strong></span> <span class='ocrx_word' id='word_1_111' title='bbox 2807 3808 3185 3863; x_wconf 78' lang='lat' dir='ltr'><strong>commentarii</strong></span> <span class='ocrx_word' id='word_1_112' title='bbox 3220 3847 3234 3872; x_wconf 92' lang='lat'><strong>,</strong></span> <span class='ocrx_word' id='word_1_113' title='bbox 3273 3820 3330 3862; x_wconf 92' lang='lat' dir='ltr'><strong>ut</strong></span> <span class='ocrx_word' id='word_1_114' title='bbox 3369 3810 3675 3878; x_wconf 64' lang='lat' dir='ltr'><strong>praeteritos</strong></span> 
     </span>
    </p>
   </div>
   <div class='ocr_carea' id='block_1_25' title="bbox 411 3893 3674 3968">
    <p class='ocr_par' dir='ltr' id='par_1_25' title="bbox 411 3893 3674 3968">
     <span class='ocr_line' id='line_1_25' title="bbox 411 3893 3674 3968; baseline -0.002 -14"><span class='ocrx_word' id='word_1_115' title='bbox 411 3914 608 3954; x_wconf 88' lang='lat' dir='ltr'><strong>onmes</strong></span> <span class='ocrx_word' id='word_1_116' title='bbox 636 3899 850 3953; x_wconf 84' lang='lat' dir='ltr'><strong>labores</strong></span> <span class='ocrx_word' id='word_1_117' title='bbox 889 3907 1114 3968; x_wconf 88' lang='lat' dir='ltr'><strong>propter</strong></span> <span class='ocrx_word' id='word_1_118' title='bbox 1171 3898 1322 3966; x_wconf 90' lang='lat' dir='ltr'><strong>ipsos</strong></span> <span class='ocrx_word' id='word_1_119' title='bbox 1361 3895 1626 3949; x_wconf 80' lang='lat' dir='ltr'><strong>damnare</strong></span> <span class='ocrx_word' id='word_1_120' title='bbox 1651 3909 1714 3946; x_wconf 88' lang='lat' dir='ltr'><strong>ae</strong></span> <span class='ocrx_word' id='word_1_121' title='bbox 1743 3893 1980 3963; x_wconf 77' lang='lat' dir='ltr'><strong>spongia:</strong></span> <span class='ocrx_word' id='word_1_122' title='bbox 2011 3895 2351 3949; x_wconf 84' lang='lat' dir='ltr'><strong>committere</strong></span> <span class='ocrx_word' id='word_1_123' title='bbox 2377 3895 2690 3964; x_wconf 83' lang='lat' dir='ltr'><strong>frequenter</strong></span> <span class='ocrx_word' id='word_1_124' title='bbox 2713 3896 3102 3950; x_wconf 77' lang='lat' dir='ltr'><strong>meditaremur</strong></span> <span class='ocrx_word' id='word_1_125' title='bbox 3141 3915 3153 3951; x_wconf 89' lang='lat'><strong>:</strong></span> <span class='ocrx_word' id='word_1_126' title='bbox 3187 3897 3303 3950; x_wconf 82' lang='lat' dir='ltr'><strong>sire</strong></span> <span class='ocrx_word' id='word_1_127' title='bbox 3340 3897 3390 3950; x_wconf 88' lang='lat' dir='ltr'><strong>id</strong></span> <span class='ocrx_word' id='word_1_128' title='bbox 3421 3897 3674 3951; x_wconf 69' lang='lat' dir='ltr'><strong>librario-</strong></span> 
     </span>
    </p>
   </div>
   <div class='ocr_carea' id='block_1_26' title="bbox 414 3982 3673 4057">
    <p class='ocr_par' dir='ltr' id='par_1_26' title="bbox 414 3982 3673 4057">
     <span class='ocr_line' id='line_1_26' title="bbox 414 3982 3673 4057; baseline -0.002 -15"><span class='ocrx_word' id='word_1_129' title='bbox 414 4004 538 4042; x_wconf 89' lang='lat' dir='ltr'><strong>rum</strong></span> <span class='ocrx_word' id='word_1_130' title='bbox 578 3998 672 4040; x_wconf 88' lang='lat' dir='ltr'><strong>aut</strong></span> <span class='ocrx_word' id='word_1_131' title='bbox 707 3987 1174 4057; x_wconf 76' lang='lat' dir='ltr'><strong>typographorutu</strong></span> <span class='ocrx_word' id='word_1_132' title='bbox 1209 3984 1422 4038; x_wconf 88' lang='lat' dir='ltr'><strong>incuria</strong></span> <span class='ocrx_word' id='word_1_133' title='bbox 1448 3983 1762 4052; x_wconf 83' lang='lat' dir='ltr'><strong>c0ntigerit,</strong></span> <span class='ocrx_word' id='word_1_134' title='bbox 1790 3983 1933 4051; x_wconf 88' lang='lat' dir='ltr'><strong>quod</strong></span> <span class='ocrx_word' id='word_1_135' title='bbox 1971 3982 2203 4037; x_wconf 87' lang='lat' dir='ltr'><strong>subinde</strong></span> <span class='ocrx_word' id='word_1_136' title='bbox 2237 3993 2425 4053; x_wconf 87' lang='lat' dir='ltr'><strong>aperte</strong></span> <span class='ocrx_word' id='word_1_137' title='bbox 2448 3984 2942 4053; x_wconf 87' lang='lat' dir='ltr'><strong>deprehendentes,</strong></span> <span class='ocrx_word' id='word_1_138' title='bbox 2989 3985 3209 4038; x_wconf 88' lang='lat' dir='ltr'><strong>silentio</strong></span> <span class='ocrx_word' id='word_1_139' title='bbox 3249 3985 3673 4054; x_wconf 74' lang='lat' dir='ltr'><strong>przcterivimus,</strong></span> 
     </span>
    </p>
   </div>
   <div class='ocr_carea' id='block_1_27' title="bbox 407 4070 3674 4144">
    <p class='ocr_par' dir='ltr' id='par_1_27' title="bbox 407 4070 3674 4144">
     <span class='ocr_line' id='line_1_27' title="bbox 407 4070 3674 4144; baseline -0.002 -14"><span class='ocrx_word' id='word_1_140' title='bbox 407 4090 814 4144; x_wconf 88' lang='lat' dir='ltr'><strong>nonnunquam</strong></span> <span class='ocrx_word' id='word_1_141' title='bbox 849 4074 1015 4128; x_wconf 88' lang='lat' dir='ltr'><strong>etiam</strong></span> <span class='ocrx_word' id='word_1_142' title='bbox 1052 4081 1249 4126; x_wconf 86' lang='lat' dir='ltr'><strong>nostro</strong></span> <span class='ocrx_word' id='word_1_143' title='bbox 1284 4071 1491 4125; x_wconf 79' lang='lat' dir='ltr'><strong>nomini</strong></span> <span class='ocrx_word' id='word_1_144' title='bbox 1524 4071 1897 4136; x_wconf 78' lang='lat' dir='ltr'><strong>consulentes,</strong></span> <span class='ocrx_word' id='word_1_145' title='bbox 1948 4070 1998 4124; x_wconf 89' lang='lat' dir='ltr'><strong>id</strong></span> <span class='ocrx_word' id='word_1_146' title='bbox 2051 4073 2284 4142; x_wconf 80' lang='lat' dir='ltr'><strong>margini</strong></span> <span class='ocrx_word' id='word_1_147' title='bbox 2327 4073 2712 4128; x_wconf 81' lang='lat' dir='ltr'><strong>adnotavimus</strong></span> <span class='ocrx_word' id='word_1_148' title='bbox 2745 4092 2758 4128; x_wconf 93' lang='lat'><strong>:</strong></span> <span class='ocrx_word' id='word_1_149' title='bbox 2802 4075 2915 4128; x_wconf 82' lang='lat' dir='ltr'><strong>sire</strong></span> <span class='ocrx_word' id='word_1_150' title='bbox 2965 4074 3134 4127; x_wconf 69' lang='lat' dir='ltr'><strong>nostri</strong></span> <span class='ocrx_word' id='word_1_151' title='bbox 3165 4088 3386 4143; x_wconf 89' lang='lat' dir='ltr'><strong>quoque</strong></span> <span class='ocrx_word' id='word_1_152' title='bbox 3434 4073 3674 4127; x_wconf 79' lang='lat' dir='ltr'><strong>tenuitas</strong></span> 
     </span>
    </p>
   </div>
   <div class='ocr_carea' id='block_1_28' title="bbox 409 4160 3674 4233">
    <p class='ocr_par' dir='ltr' id='par_1_28' title="bbox 409 4160 3674 4233">
     <span class='ocr_line' id='line_1_28' title="bbox 409 4160 3674 4233; baseline -0.001 -15"><span class='ocrx_word' id='word_1_153' title='bbox 409 4163 619 4233; x_wconf 82' lang='lat' dir='ltr'><strong>ingenii</strong></span> <span class='ocrx_word' id='word_1_154' title='bbox 655 4163 972 4232; x_wconf 82' lang='lat' dir='ltr'><strong>frequenter</strong></span> <span class='ocrx_word' id='word_1_155' title='bbox 1002 4161 1054 4215; x_wconf 91' lang='lat' dir='ltr'><strong>in</strong></span> <span class='ocrx_word' id='word_1_156' title='bbox 1098 4177 1267 4215; x_wconf 82' lang='lat' dir='ltr'><strong>causa</strong></span> <span class='ocrx_word' id='word_1_157' title='bbox 1305 4161 1468 4215; x_wconf 82' lang='lat' dir='ltr'><strong>luerit</strong></span> <span class='ocrx_word' id='word_1_158' title='bbox 1504 4180 1516 4216; x_wconf 90' lang='lat'><strong>:</strong></span> <span class='ocrx_word' id='word_1_159' title='bbox 1551 4175 1712 4230; x_wconf 76' lang='lat' dir='ltr'><strong>qtiam</strong></span> <span class='ocrx_word' id='word_1_160' title='bbox 1743 4160 1905 4214; x_wconf 69' lang='lat' dir='ltr'><strong>(tiam</strong></span> <span class='ocrx_word' id='word_1_161' title='bbox 1940 4171 2355 4230; x_wconf 80' lang='lat' dir='ltr'><strong>cognoscentes,</strong></span> <span class='ocrx_word' id='word_1_162' title='bbox 2393 4161 2723 4230; x_wconf 86' lang='lat' dir='ltr'><strong>quibusdam</strong></span> <span class='ocrx_word' id='word_1_163' title='bbox 2759 4163 2812 4215; x_wconf 90' lang='lat' dir='ltr'><strong>in</strong></span> <span class='ocrx_word' id='word_1_164' title='bbox 2861 4161 3018 4220; x_wconf 82' lang='lat' dir='ltr'><strong>locis.</strong></span> <span class='ocrx_word' id='word_1_165' title='bbox 3049 4161 3177 4214; x_wconf 90' lang='lat' dir='ltr'><strong>dum</strong></span> <span class='ocrx_word' id='word_1_166' title='bbox 3237 4177 3303 4214; x_wconf 92' lang='lat' dir='ltr'><strong>ne</strong></span> <span class='ocrx_word' id='word_1_167' title='bbox 3349 4161 3506 4214; x_wconf 88' lang='lat' dir='ltr'><strong>nobis</strong></span> <span class='ocrx_word' id='word_1_168' title='bbox 3548 4161 3674 4230; x_wconf 90' lang='lat' dir='ltr'><strong>qui-</strong></span> 
     </span>
    </p>
   </div>
   <div class='ocr_carea' id='block_1_29' title="bbox 405 4247 3673 4317">
    <p class='ocr_par' dir='ltr' id='par_1_29' title="bbox 405 4247 3673 4317">
     <span class='ocr_line' id='line_1_29' title="bbox 405 4247 3673 4317; baseline -0.001 -14"><span class='ocrx_word' id='word_1_169' title='bbox 405 4253 530 4306; x_wconf 87' lang='lat' dir='ltr'><strong>detn</strong></span> <span class='ocrx_word' id='word_1_170' title='bbox 557 4251 905 4307; x_wconf 76' lang='lat' dir='ltr'><strong>satisfaceret</strong></span> <span class='ocrx_word' id='word_1_171' title='bbox 951 4268 1000 4303; x_wconf 81' lang='lat' dir='ltr'><strong>lit</strong></span> <span class='ocrx_word' id='word_1_172' title='bbox 1025 4260 1134 4305; x_wconf 83' lang='lat' dir='ltr'><strong>stra</strong></span> <span class='ocrx_word' id='word_1_173' title='bbox 1181 4251 1382 4314; x_wconf 78' lang='lat' dir='ltr'><strong>rersio,</strong></span> <span class='ocrx_word' id='word_1_174' title='bbox 1421 4251 1682 4304; x_wconf 82' lang='lat' dir='ltr'><strong>asterisco</strong></span> <span class='ocrx_word' id='word_1_175' title='bbox 1712 4250 1884 4306; x_wconf 82' lang='lat' dir='ltr'><strong>notari</strong></span> <span class='ocrx_word' id='word_1_176' title='bbox 1922 4247 2262 4312; x_wconf 72' lang='lat' dir='ltr'><strong>curavimus,</strong></span> <span class='ocrx_word' id='word_1_177' title='bbox 2296 4256 2470 4313; x_wconf 89' lang='lat' dir='ltr'><strong>tuum,</strong></span> <span class='ocrx_word' id='word_1_178' title='bbox 2507 4265 2539 4301; x_wconf 88' lang='grc' dir='ltr'><strong>ο</strong></span> <span class='ocrx_word' id='word_1_179' title='bbox 2572 4247 2785 4312; x_wconf 82' lang='lat' dir='ltr'><strong>Lector,</strong></span> <span class='ocrx_word' id='word_1_180' title='bbox 2813 4247 3084 4317; x_wconf 78' lang='lat' dir='ltr'><strong>judicium</strong></span> <span class='ocrx_word' id='word_1_181' title='bbox 3139 4247 3232 4302; x_wconf 89' lang='lat' dir='ltr'><strong>tibi</strong></span> <span class='ocrx_word' id='word_1_182' title='bbox 3275 4248 3673 4316; x_wconf 83' lang='lat' dir='ltr'><strong>relinquentes.</strong></span> 
     </span>
    </p>
   </div>
   <div class='ocr_carea' id='block_1_30' title="bbox 407 4335 3673 4407">
    <p class='ocr_par' dir='ltr' id='par_1_30' title="bbox 407 4335 3673 4407">
     <span class='ocr_line' id='line_1_30' title="bbox 407 4335 3673 4407; baseline -0.002 -14"><span class='ocrx_word' id='word_1_183' title='bbox 407 4338 558 4394; x_wconf 82' lang='lat' dir='ltr'><strong>Satis</strong></span> <span class='ocrx_word' id='word_1_184' title='bbox 590 4350 769 4392; x_wconf 88' lang='lat' dir='ltr'><strong>autem</strong></span> <span class='ocrx_word' id='word_1_185' title='bbox 805 4339 1046 4400; x_wconf 59' lang='lat' dir='ltr'><strong>conlidi»,</strong></span> <span class='ocrx_word' id='word_1_186' title='bbox 1091 4338 1176 4390; x_wconf 88' lang='lat' dir='ltr'><strong>ubi</strong></span> <span class='ocrx_word' id='word_1_187' title='bbox 1208 4337 1395 4392; x_wconf 82' lang='lat' dir='ltr'><strong>Graeca</strong></span> <span class='ocrx_word' id='word_1_188' title='bbox 1431 4349 1543 4392; x_wconf 84' lang='lat' dir='ltr'><strong>toto</strong></span> <span class='ocrx_word' id='word_1_189' title='bbox 1579 4340 1680 4390; x_wconf 86' lang='lat' dir='ltr'><strong>hoc</strong></span> <span class='ocrx_word' id='word_1_190' title='bbox 1712 4338 1849 4390; x_wconf 87' lang='lat' dir='ltr'><strong>libro</strong></span> <span class='ocrx_word' id='word_1_191' title='bbox 1873 4336 2111 4403; x_wconf 85' lang='lat' dir='ltr'><strong>pcuitius</strong></span> <span class='ocrx_word' id='word_1_192' title='bbox 2142 4336 2558 4406; x_wconf 62' lang='lat' dir='ltr'><strong>introspeacris,</strong></span> <span class='ocrx_word' id='word_1_193' title='bbox 2597 4349 2815 4394; x_wconf 77' lang='lat' dir='ltr'><strong>nostros</strong></span> <span class='ocrx_word' id='word_1_194' title='bbox 2862 4339 3076 4392; x_wconf 80' lang='lat' dir='ltr'><strong>labores</strong></span> <span class='ocrx_word' id='word_1_195' title='bbox 3133 4351 3479 4407; x_wconf 84' lang='lat' dir='ltr'><strong>nequaquam</strong></span> <span class='ocrx_word' id='word_1_196' title='bbox 3521 4335 3673 4390; x_wconf 67' lang='lat' dir='ltr'><strong>omni</strong></span> 
     </span>
    </p>
   </div>
   <div class='ocr_carea' id='block_1_31' title="bbox 401 4422 3672 4496">
    <p class='ocr_par' dir='ltr' id='par_1_31' title="bbox 401 4422 3672 4496">
     <span class='ocr_line' id='line_1_31' title="bbox 401 4422 3672 4496; baseline -0.002 -14"><span class='ocrx_word' id='word_1_197' title='bbox 401 4443 474 4482; x_wconf 73' lang='lat' dir='ltr'><strong>cx</strong></span> <span class='ocrx_word' id='word_1_198' title='bbox 503 4436 654 4496; x_wconf 88' lang='lat' dir='ltr'><strong>parte</strong></span> <span class='ocrx_word' id='word_1_199' title='bbox 690 4427 1006 4489; x_wconf 87' lang='lat' dir='ltr'><strong>damnabis,</strong></span> <span class='ocrx_word' id='word_1_200' title='bbox 1043 4435 1099 4479; x_wconf 90' lang='lat' dir='ltr'><strong>ut</strong></span> <span class='ocrx_word' id='word_1_201' title='bbox 1130 4426 1225 4494; x_wconf 85' lang='lat' dir='ltr'><strong>qui</strong></span> <span class='ocrx_word' id='word_1_202' title='bbox 1255 4426 1439 4478; x_wconf 79' lang='lat' dir='ltr'><strong>varias</strong></span> <span class='ocrx_word' id='word_1_203' title='bbox 1493 4423 1734 4492; x_wconf 87' lang='lat' dir='ltr'><strong>undique</strong></span> <span class='ocrx_word' id='word_1_204' title='bbox 1760 4422 2125 4487; x_wconf 85' lang='lat' dir='ltr'><strong>diliieultatcs,</strong></span> <span class='ocrx_word' id='word_1_205' title='bbox 2159 4425 2388 4478; x_wconf 83' lang='lat' dir='ltr'><strong>candido</strong></span> <span class='ocrx_word' id='word_1_206' title='bbox 2418 4425 2645 4480; x_wconf 75' lang='lat' dir='ltr'><strong>allectus</strong></span> <span class='ocrx_word' id='word_1_207' title='bbox 2691 4427 2897 4489; x_wconf 84' lang='lat' dir='ltr'><strong>animo,</strong></span> <span class='ocrx_word' id='word_1_208' title='bbox 2949 4428 3208 4496; x_wconf 53' lang='lat' dir='ltr'><strong>nulloque</strong></span> <span class='ocrx_word' id='word_1_209' title='bbox 3245 4425 3534 4479; x_wconf 77' lang='lat' dir='ltr'><strong>adversum</strong></span> <span class='ocrx_word' id='word_1_210' title='bbox 3571 4438 3672 4478; x_wconf 89' lang='lat' dir='ltr'><strong>nos</strong></span> 
     </span>
    </p>
   </div>
   <div class='ocr_carea' id='block_1_32' title="bbox 403 4507 3674 4585">
    <p class='ocr_par' dir='ltr' id='par_1_32' title="bbox 403 4507 3674 4585">
     <span class='ocr_line' id='line_1_32' title="bbox 403 4507 3674 4585; baseline -0.001 -18"><span class='ocrx_word' id='word_1_211' title='bbox 403 4515 577 4567; x_wconf 72' lang='lat' dir='ltr'><strong>allato</strong></span> <span class='ocrx_word' id='word_1_212' title='bbox 614 4513 934 4583; x_wconf 68' lang='lat' dir='ltr'><strong>praeiudicio</strong></span> <span class='ocrx_word' id='word_1_213' title='bbox 959 4553 973 4574; x_wconf 91' lang='lat'><strong>,</strong></span> <span class='ocrx_word' id='word_1_214' title='bbox 1010 4517 1230 4568; x_wconf 68' lang='lat' dir='ltr'><strong>visurus</strong></span> <span class='ocrx_word' id='word_1_215' title='bbox 1274 4513 1372 4567; x_wconf 88' lang='lat' dir='ltr'><strong>sis.</strong></span> <span class='ocrx_word' id='word_1_216' title='bbox 1427 4510 1613 4578; x_wconf 79' lang='lat' dir='ltr'><strong>Neque</strong></span> <span class='ocrx_word' id='word_1_217' title='bbox 1643 4510 1786 4561; x_wconf 87' lang='lat' dir='ltr'><strong>enim</strong></span> <span class='ocrx_word' id='word_1_218' title='bbox 1822 4507 2031 4560; x_wconf 86' lang='lat' dir='ltr'><strong>Zoilum</strong></span> <span class='ocrx_word' id='word_1_219' title='bbox 2068 4525 2276 4573; x_wconf 89' lang='lat' dir='ltr'><strong>moror,</strong></span> <span class='ocrx_word' id='word_1_220' title='bbox 2307 4512 2395 4564; x_wconf 91' lang='lat' dir='ltr'><strong>cui</strong></span> <span class='ocrx_word' id='word_1_221' title='bbox 2433 4529 2499 4565; x_wconf 91' lang='lat' dir='ltr'><strong>ne</strong></span> <span class='ocrx_word' id='word_1_222' title='bbox 2543 4512 2783 4568; x_wconf 78' lang='lat' dir='ltr'><strong>Minerva</strong></span> <span class='ocrx_word' id='word_1_223' title='bbox 2824 4515 3045 4585; x_wconf 70' lang='lat' dir='ltr'><strong>quidem</strong></span> <span class='ocrx_word' id='word_1_224' title='bbox 3088 4516 3200 4583; x_wconf 80' lang='lat' dir='ltr'><strong>ipsa</strong></span> <span class='ocrx_word' id='word_1_225' title='bbox 3233 4512 3382 4566; x_wconf 90' lang='lat' dir='ltr'><strong>omni</strong></span> <span class='ocrx_word' id='word_1_226' title='bbox 3414 4529 3476 4566; x_wconf 77' lang='lat' dir='ltr'><strong>ex</strong></span> <span class='ocrx_word' id='word_1_227' title='bbox 3521 4520 3674 4582; x_wconf 82' lang='lat' dir='ltr'><strong>parte</strong></span> 
     </span>
    </p>
   </div>
   <div class='ocr_carea' id='block_1_33' title="bbox 410 4595 3674 4666">
    <p class='ocr_par' dir='ltr' id='par_1_33' title="bbox 410 4595 3674 4666">
     <span class='ocr_line' id='line_1_33' title="bbox 410 4595 3674 4666; baseline -0 -13"><span class='ocrx_word' id='word_1_228' title='bbox 410 4600 767 4655; x_wconf 64' lang='lat' dir='ltr'><strong>satisfecerit.</strong></span> <span class='ocrx_word' id='word_1_229' title='bbox 803 4601 960 4666; x_wconf 81' lang='lat' dir='ltr'><strong>Quod</strong></span> <span class='ocrx_word' id='word_1_230' title='bbox 1005 4603 1151 4656; x_wconf 90' lang='lat' dir='ltr'><strong>hunc</strong></span> <span class='ocrx_word' id='word_1_231' title='bbox 1194 4611 1289 4654; x_wconf 89' lang='lat' dir='ltr'><strong>aut</strong></span> <span class='ocrx_word' id='word_1_232' title='bbox 1340 4600 1505 4652; x_wconf 90' lang='lat' dir='ltr'><strong>alium</strong></span> <span class='ocrx_word' id='word_1_233' title='bbox 1543 4595 1793 4666; x_wconf 75' lang='lat' dir='ltr'><strong>quemvis</strong></span> <span class='ocrx_word' id='word_1_234' title='bbox 1831 4611 1929 4649; x_wconf 90' lang='lat' dir='ltr'><strong>nec</strong></span> <span class='ocrx_word' id='word_1_235' title='bbox 1967 4595 2048 4649; x_wconf 89' lang='lat' dir='ltr'><strong>bis</strong></span> <span class='ocrx_word' id='word_1_236' title='bbox 2075 4597 2291 4665; x_wconf 66' lang='lat' dir='ltr'><strong>placare</strong></span> <span class='ocrx_word' id='word_1_237' title='bbox 2327 4601 2649 4666; x_wconf 87' lang='lat' dir='ltr'><strong>poterimus,</strong></span> <span class='ocrx_word' id='word_1_238' title='bbox 2691 4603 2744 4657; x_wconf 88' lang='lat' dir='ltr'><strong>id</strong></span> <span class='ocrx_word' id='word_1_239' title='bbox 2772 4604 2964 4657; x_wconf 82' lang='lat' dir='ltr'><strong>saltem</strong></span> <span class='ocrx_word' id='word_1_240' title='bbox 3000 4603 3203 4656; x_wconf 76' lang='lat' dir='ltr'><strong>nostris</strong></span> <span class='ocrx_word' id='word_1_241' title='bbox 3251 4601 3532 4655; x_wconf 85' lang='lat' dir='ltr'><strong>laboribus</strong></span> <span class='ocrx_word' id='word_1_242' title='bbox 3556 4599 3674 4653; x_wconf 80' lang='lat' dir='ltr'><strong>ciii-</strong></span> 
     </span>
    </p>
   </div>
   <div class='ocr_carea' id='block_1_34' title="bbox 399 4683 3669 4758">
    <p class='ocr_par' dir='ltr' id='par_1_34' title="bbox 399 4683 3669 4758">
     <span class='ocr_line' id='line_1_34' title="bbox 399 4683 3669 4758; baseline 0 -18"><span class='ocrx_word' id='word_1_243' title='bbox 399 4688 644 4753; x_wconf 76' lang='lat' dir='ltr'><strong>cicmus,</strong></span> <span class='ocrx_word' id='word_1_244' title='bbox 668 4697 728 4742; x_wconf 94' lang='lat' dir='ltr'><strong>ut</strong></span> <span class='ocrx_word' id='word_1_245' title='bbox 749 4689 837 4743; x_wconf 91' lang='lat' dir='ltr'><strong>his</strong></span> <span class='ocrx_word' id='word_1_246' title='bbox 861 4690 951 4758; x_wconf 88' lang='lat' dir='ltr'><strong>qui</strong></span> <span class='ocrx_word' id='word_1_247' title='bbox 972 4688 1262 4756; x_wconf 76' lang='lat' dir='ltr'><strong>peritiores</strong></span> <span class='ocrx_word' id='word_1_248' title='bbox 1280 4696 1405 4740; x_wconf 87' lang='lat' dir='ltr'><strong>sunt</strong></span> <span class='ocrx_word' id='word_1_249' title='bbox 1425 4686 1549 4738; x_wconf 88' lang='lat' dir='ltr'><strong>data</strong></span> <span class='ocrx_word' id='word_1_250' title='bbox 1587 4684 1659 4737; x_wconf 89' lang='lat' dir='ltr'><strong>sit</strong></span> <span class='ocrx_word' id='word_1_251' title='bbox 1689 4699 1841 4748; x_wconf 85' lang='lat' dir='ltr'><strong>ansa,</strong></span> <span class='ocrx_word' id='word_1_252' title='bbox 1863 4699 1970 4752; x_wconf 91' lang='lat' dir='ltr'><strong>quo</strong></span> <span class='ocrx_word' id='word_1_253' title='bbox 2002 4683 2055 4736; x_wconf 91' lang='lat' dir='ltr'><strong>in</strong></span> <span class='ocrx_word' id='word_1_254' title='bbox 2090 4700 2383 4740; x_wconf 86' lang='lat' dir='ltr'><strong>commune</strong></span> <span class='ocrx_word' id='word_1_255' title='bbox 2404 4688 2716 4758; x_wconf 78' lang='lat' dir='ltr'><strong>reipublica:</strong></span> <span class='ocrx_word' id='word_1_256' title='bbox 2737 4690 3064 4746; x_wconf 77' lang='lat' dir='ltr'><strong>Christiana:</strong></span> <span class='ocrx_word' id='word_1_257' title='bbox 3096 4687 3299 4742; x_wconf 88' lang='lat' dir='ltr'><strong>bonum</strong></span> <span class='ocrx_word' id='word_1_258' title='bbox 3333 4689 3669 4742; x_wconf 84' lang='lat' dir='ltr'><strong>absolutiora</strong></span> 
     </span>
    </p>
   </div>
   <div class='ocr_carea' id='block_1_35' title="bbox 404 4771 3667 4847">
    <p class='ocr_par' dir='ltr' id='par_1_35' title="bbox 404 4771 3667 4847">
     <span class='ocr_line' id='line_1_35' title="bbox 404 4771 3667 4847; baseline 0.001 -21"><span class='ocrx_word' id='word_1_259' title='bbox 404 4785 696 4844; x_wconf 68' lang='lat' dir='ltr'><strong>.prtestent.</strong></span> <span class='ocrx_word' id='word_1_260' title='bbox 732 4774 920 4843; x_wconf 77' lang='lat' dir='ltr'><strong>Neque</strong></span> <span class='ocrx_word' id='word_1_261' title='bbox 952 4775 1097 4827; x_wconf 84' lang='lat' dir='ltr'><strong>enim</strong></span> <span class='ocrx_word' id='word_1_262' title='bbox 1146 4777 1438 4843; x_wconf 79' lang='lat' dir='ltr'><strong>quisquam</strong></span> <span class='ocrx_word' id='word_1_263' title='bbox 1490 4771 1786 4842; x_wconf 86' lang='lat' dir='ltr'><strong>suggillare</strong></span> <span class='ocrx_word' id='word_1_264' title='bbox 1834 4775 2054 4826; x_wconf 70' lang='lat' dir='ltr'><strong>deberet</strong></span> <span class='ocrx_word' id='word_1_265' title='bbox 2083 4774 2315 4827; x_wconf 88' lang='lat' dir='ltr'><strong>aliorum</strong></span> <span class='ocrx_word' id='word_1_266' title='bbox 2365 4775 2602 4841; x_wconf 87' lang='lat' dir='ltr'><strong>labores,</strong></span> <span class='ocrx_word' id='word_1_267' title='bbox 2644 4779 2737 4847; x_wconf 91' lang='lat' dir='ltr'><strong>qui</strong></span> <span class='ocrx_word' id='word_1_268' title='bbox 2772 4779 2972 4841; x_wconf 82' lang='lat' dir='ltr'><strong>nollet,</strong></span> <span class='ocrx_word' id='word_1_269' title='bbox 3024 4789 3119 4832; x_wconf 88' lang='lat' dir='ltr'><strong>aut</strong></span> <span class='ocrx_word' id='word_1_270' title='bbox 3163 4779 3356 4831; x_wconf 76' lang='lat' dir='ltr'><strong>saltem</strong></span> <span class='ocrx_word' id='word_1_271' title='bbox 3411 4777 3501 4846; x_wconf 90' lang='lat' dir='ltr'><strong>qui</strong></span> <span class='ocrx_word' id='word_1_272' title='bbox 3562 4792 3667 4830; x_wconf 89' lang='lat' dir='ltr'><strong>non</strong></span> 
     </span>
    </p>
   </div>
   <div class='ocr_carea' id='block_1_36' title="bbox 409 4859 3667 4937">
    <p class='ocr_par' dir='ltr' id='par_1_36' title="bbox 409 4859 3667 4937">
     <span class='ocr_line' id='line_1_36' title="bbox 409 4859 3667 4937; baseline 0.001 -25"><span class='ocrx_word' id='word_1_273' title='bbox 409 4872 601 4930; x_wconf 79' lang='lat' dir='ltr'><strong>posset</strong></span> <span class='ocrx_word' id='word_1_274' title='bbox 629 4863 845 4916; x_wconf 82' lang='lat' dir='ltr'><strong>tradere</strong></span> <span class='ocrx_word' id='word_1_275' title='bbox 875 4863 1188 4922; x_wconf 78' lang='lat' dir='ltr'><strong>cxactiora,</strong></span> <span class='ocrx_word' id='word_1_276' title='bbox 1224 4860 1504 4927; x_wconf 85' lang='lat' dir='ltr'><strong>Quantum</strong></span> <span class='ocrx_word' id='word_1_277' title='bbox 1547 4871 1729 4913; x_wconf 88' lang='lat' dir='ltr'><strong>autem</strong></span> <span class='ocrx_word' id='word_1_278' title='bbox 1761 4859 2008 4914; x_wconf 68' lang='lat' dir='ltr'><strong>dirinare</strong></span> <span class='ocrx_word' id='word_1_279' title='bbox 2043 4861 2197 4926; x_wconf 90' lang='lat' dir='ltr'><strong>licet,</strong></span> <span class='ocrx_word' id='word_1_280' title='bbox 2232 4874 2350 4917; x_wconf 88' lang='lat' dir='ltr'><strong>erat</strong></span> <span class='ocrx_word' id='word_1_281' title='bbox 2384 4864 2470 4918; x_wconf 90' lang='lat' dir='ltr'><strong>hic</strong></span> <span class='ocrx_word' id='word_1_282' title='bbox 2523 4866 2725 4920; x_wconf 86' lang='lat' dir='ltr'><strong>Aretba</strong></span> <span class='ocrx_word' id='word_1_283' title='bbox 2758 4869 2946 4936; x_wconf 80' lang='lat' dir='ltr'><strong>ejusre</strong></span> <span class='ocrx_word' id='word_1_284' title='bbox 2991 4868 3366 4937; x_wconf 69' lang='lat' dir='ltr'><strong>pt‘mdeccssor</strong></span> <span class='ocrx_word' id='word_1_285' title='bbox 3399 4865 3667 4928; x_wconf 76' lang='lat' dir='ltr'><strong>Andreas,</strong></span> 
     </span>
    </p>
   </div>
   <div class='ocr_carea' id='block_1_37' title="bbox 404 4949 3672 5026">
    <p class='ocr_par' dir='ltr' id='par_1_37' title="bbox 404 4949 3672 5026">
     <span class='ocr_line' id='line_1_37' title="bbox 404 4949 3672 5026; baseline 0 -21"><span class='ocrx_word' id='word_1_286' title='bbox 404 4966 525 5005; x_wconf 68' lang='lat' dir='ltr'><strong>«non</strong></span> <span class='ocrx_word' id='word_1_287' title='bbox 564 4953 616 5004; x_wconf 92' lang='lat' dir='ltr'><strong>in</strong></span> <span class='ocrx_word' id='word_1_288' title='bbox 650 4950 848 5004; x_wconf 84' lang='lat' dir='ltr'><strong>divinis</strong></span> <span class='ocrx_word' id='word_1_289' title='bbox 883 4959 1118 5015; x_wconf 87' lang='lat' dir='ltr'><strong>tantum,</strong></span> <span class='ocrx_word' id='word_1_290' title='bbox 1159 4967 1349 5003; x_wconf 83' lang='lat' dir='ltr'><strong>verum</strong></span> <span class='ocrx_word' id='word_1_291' title='bbox 1377 4952 1539 5004; x_wconf 85' lang='lat' dir='ltr'><strong>etiam</strong></span> <span class='ocrx_word' id='word_1_292' title='bbox 1577 4950 1628 5004; x_wconf 89' lang='lat' dir='ltr'><strong>in</strong></span> <span class='ocrx_word' id='word_1_293' title='bbox 1662 4949 1916 5005; x_wconf 88' lang='lat' dir='ltr'><strong>humanis</strong></span> <span class='ocrx_word' id='word_1_294' title='bbox 1957 4950 2151 5007; x_wconf 77' lang='lat' dir='ltr'><strong>litteris</strong></span> <span class='ocrx_word' id='word_1_295' title='bbox 2185 4953 2506 5017; x_wconf 84' lang='lat' dir='ltr'><strong>instructus,</strong></span> <span class='ocrx_word' id='word_1_296' title='bbox 2537 4955 2589 5009; x_wconf 89' lang='lat' dir='ltr'><strong>in</strong></span> <span class='ocrx_word' id='word_1_297' title='bbox 2613 4957 2904 5010; x_wconf 89' lang='lat' dir='ltr'><strong>rhetoricis</strong></span> <span class='ocrx_word' id='word_1_298' title='bbox 2935 4972 3154 5026; x_wconf 87' lang='lat' dir='ltr'><strong>quoque</strong></span> <span class='ocrx_word' id='word_1_299' title='bbox 3193 4971 3257 5009; x_wconf 90' lang='lat' dir='ltr'><strong>ac</strong></span> <span class='ocrx_word' id='word_1_300' title='bbox 3296 4954 3536 5026; x_wconf 74' lang='lat' dir='ltr'><strong>physicis</strong></span> <span class='ocrx_word' id='word_1_301' title='bbox 3581 4967 3672 5022; x_wconf 75' lang='lat' dir='ltr'><strong>ap-</strong></span> 
     </span>
    </p>
   </div>
   <div class='ocr_carea' id='block_1_38' title="bbox 405 5037 3666 5112">
    <p class='ocr_par' dir='ltr' id='par_1_38' title="bbox 405 5037 3666 5112">
     <span class='ocr_line' id='line_1_38' title="bbox 405 5037 3666 5112; baseline -0 -20"><span class='ocrx_word' id='word_1_302' title='bbox 405 5040 590 5109; x_wconf 70' lang='lat' dir='ltr'><strong>prime</strong></span> <span class='ocrx_word' id='word_1_303' title='bbox 624 5037 893 5102; x_wconf 88' lang='lat' dir='ltr'><strong>eruditus,</strong></span> <span class='ocrx_word' id='word_1_304' title='bbox 953 5050 1012 5094; x_wconf 92' lang='lat' dir='ltr'><strong>ut</strong></span> <span class='ocrx_word' id='word_1_305' title='bbox 1048 5042 1092 5095; x_wconf 88' lang='lat' dir='ltr'><strong>si</strong></span> <span class='ocrx_word' id='word_1_306' title='bbox 1129 5039 1234 5094; x_wconf 91' lang='lat' dir='ltr'><strong>alia</strong></span> <span class='ocrx_word' id='word_1_307' title='bbox 1269 5041 1457 5094; x_wconf 70' lang='lat' dir='ltr'><strong>Grarca</strong></span> <span class='ocrx_word' id='word_1_308' title='bbox 1487 5038 1844 5109; x_wconf 75' lang='lat' dir='ltr'><strong>exemplaria,</strong></span> <span class='ocrx_word' id='word_1_309' title='bbox 1897 5049 1992 5093; x_wconf 87' lang='lat' dir='ltr'><strong>aut</strong></span> <span class='ocrx_word' id='word_1_310' title='bbox 2047 5041 2168 5111; x_wconf 88' lang='lat' dir='ltr'><strong>ejus</strong></span> <span class='ocrx_word' id='word_1_311' title='bbox 2209 5041 2306 5094; x_wconf 81' lang='lat' dir='ltr'><strong>viri</strong></span> <span class='ocrx_word' id='word_1_312' title='bbox 2359 5044 2809 5107; x_wconf 86' lang='lat' dir='ltr'><strong>commentarios,</strong></span> <span class='ocrx_word' id='word_1_313' title='bbox 2874 5053 3034 5112; x_wconf 87' lang='lat' dir='ltr'><strong>prout</strong></span> <span class='ocrx_word' id='word_1_314' title='bbox 3082 5042 3152 5096; x_wconf 86' lang='lat' dir='ltr'><strong>ab</strong></span> <span class='ocrx_word' id='word_1_315' title='bbox 3193 5042 3308 5110; x_wconf 85' lang='lat' dir='ltr'><strong>ipso</strong></span> <span class='ocrx_word' id='word_1_316' title='bbox 3339 5041 3467 5095; x_wconf 88' lang='lat' dir='ltr'><strong>editi</strong></span> <span class='ocrx_word' id='word_1_317' title='bbox 3503 5050 3666 5103; x_wconf 89' lang='lat' dir='ltr'><strong>sunt,</strong></span> 
     </span>
    </p>
   </div>
   <div class='ocr_carea' id='block_1_39' title="bbox 406 5128 3664 5200">
    <p class='ocr_par' dir='ltr' id='par_1_39' title="bbox 406 5128 3664 5200">
     <span class='ocr_line' id='line_1_39' title="bbox 406 5128 3664 5200; baseline -0.001 -16"><span class='ocrx_word' id='word_1_318' title='bbox 406 5130 562 5184; x_wconf 73' lang='lat' dir='ltr'><strong>nacti</strong></span> <span class='ocrx_word' id='word_1_319' title='bbox 594 5128 919 5198; x_wconf 74' lang='lat' dir='ltr'><strong>fuissemus,</strong></span> <span class='ocrx_word' id='word_1_320' title='bbox 953 5148 1059 5186; x_wconf 86' lang='lat' dir='ltr'><strong>non</strong></span> <span class='ocrx_word' id='word_1_321' title='bbox 1087 5132 1228 5186; x_wconf 87' lang='lat' dir='ltr'><strong>adeo</strong></span> <span class='ocrx_word' id='word_1_322' title='bbox 1262 5147 1364 5185; x_wconf 89' lang='lat' dir='ltr'><strong>nos</strong></span> <span class='ocrx_word' id='word_1_323' title='bbox 1406 5130 1697 5186; x_wconf 88' lang='lat' dir='ltr'><strong>torsisscnt</strong></span> <span class='ocrx_word' id='word_1_324' title='bbox 1736 5130 2022 5184; x_wconf 77' lang='lat' dir='ltr'><strong>innumera</strong></span> <span class='ocrx_word' id='word_1_325' title='bbox 2066 5129 2118 5183; x_wconf 93' lang='lat' dir='ltr'><strong>in</strong></span> <span class='ocrx_word' id='word_1_326' title='bbox 2159 5129 2258 5184; x_wconf 90' lang='lat' dir='ltr'><strong>hoc</strong></span> <span class='ocrx_word' id='word_1_327' title='bbox 2290 5130 2428 5185; x_wconf 88' lang='lat' dir='ltr'><strong>libro</strong></span> <span class='ocrx_word' id='word_1_328' title='bbox 2447 5132 2587 5184; x_wconf 89' lang='lat' dir='ltr'><strong>loca.</strong></span> <span class='ocrx_word' id='word_1_329' title='bbox 2623 5129 2822 5186; x_wconf 77' lang='lat' dir='ltr'><strong>Verum</strong></span> <span class='ocrx_word' id='word_1_330' title='bbox 2862 5133 3103 5200; x_wconf 88' lang='lat' dir='ltr'><strong>quando,</strong></span> <span class='ocrx_word' id='word_1_331' title='bbox 3164 5131 3330 5186; x_wconf 91' lang='lat' dir='ltr'><strong>nullis</strong></span> <span class='ocrx_word' id='word_1_332' title='bbox 3379 5137 3664 5200; x_wconf 86' lang='lat' dir='ltr'><strong>parcentes</strong></span> 
     </span>
    </p>
   </div>
   <div class='ocr_carea' id='block_1_40' title="bbox 401 5215 2916 5291">
    <p class='ocr_par' dir='ltr' id='par_1_40' title="bbox 401 5215 2916 5291">
     <span class='ocr_line' id='line_1_40' title="bbox 401 5215 2916 5291; baseline 0.002 -21"><span class='ocrx_word' id='word_1_333' title='bbox 401 5215 714 5282; x_wconf 61' lang='lat' dir='ltr'><strong>laboribus,</strong></span> <span class='ocrx_word' id='word_1_334' title='bbox 751 5218 804 5273; x_wconf 90' lang='lat' dir='ltr'><strong>id</strong></span> <span class='ocrx_word' id='word_1_335' title='bbox 837 5221 1054 5274; x_wconf 89' lang='lat' dir='ltr'><strong>tandem</strong></span> <span class='ocrx_word' id='word_1_336' title='bbox 1094 5221 1454 5290; x_wconf 58' lang='lat' dir='ltr'><strong>pt&#39;mstitimus</strong></span> <span class='ocrx_word' id='word_1_337' title='bbox 1477 5219 1622 5289; x_wconf 87' lang='lat' dir='ltr'><strong>quod</strong></span> <span class='ocrx_word' id='word_1_338' title='bbox 1649 5218 1948 5288; x_wconf 85' lang='lat' dir='ltr'><strong>potuimus,</strong></span> <span class='ocrx_word' id='word_1_339' title='bbox 1985 5233 2172 5288; x_wconf 88' lang='lat' dir='ltr'><strong>precor</strong></span> <span class='ocrx_word' id='word_1_340' title='bbox 2207 5220 2606 5291; x_wconf 71' lang='lat' dir='ltr'><strong>aequibonique</strong></span> <span class='ocrx_word' id='word_1_341' title='bbox 2635 5221 2916 5276; x_wconf 88' lang='lat' dir='ltr'><strong>consulas.</strong></span> 
     </span>
    </p>
   </div>
   <div class='ocr_carea' id='block_1_41' title="bbox 475 5305 3655 5381">
    <p class='ocr_par' dir='ltr' id='par_1_41' title="bbox 475 5305 3655 5381">
     <span class='ocr_line' id='line_1_41' title="bbox 475 5305 3655 5381; baseline 0 -21"><span class='ocrx_word' id='word_1_342' title='bbox 475 5305 655 5363; x_wconf 77' lang='lat' dir='ltr'><strong>Porro</strong></span> <span class='ocrx_word' id='word_1_343' title='bbox 693 5309 759 5364; x_wconf 88' lang='lat' dir='ltr'><strong>de</strong></span> <span class='ocrx_word' id='word_1_344' title='bbox 780 5309 881 5364; x_wconf 88' lang='lat' dir='ltr'><strong>hac</strong></span> <span class='ocrx_word' id='word_1_345' title='bbox 915 5311 1246 5381; x_wconf 82' lang='lat' dir='ltr'><strong>Apocalypsi</strong></span> <span class='ocrx_word' id='word_1_346' title='bbox 1286 5312 1366 5364; x_wconf 89' lang='lat' dir='ltr'><strong>ait</strong></span> <span class='ocrx_word' id='word_1_347' title='bbox 1398 5309 1946 5380; x_wconf 83' lang='lat' dir='ltr'><strong>divusilieronymus</strong></span> <span class='ocrx_word' id='word_1_348' title='bbox 1970 5308 2112 5378; x_wconf 88' lang='lat' dir='ltr'><strong>quod</strong></span> <span class='ocrx_word' id='word_1_349' title='bbox 2138 5317 2214 5362; x_wconf 89' lang='lat' dir='ltr'><strong>tot</strong></span> <span class='ocrx_word' id='word_1_350' title='bbox 2262 5308 2461 5363; x_wconf 83' lang='lat' dir='ltr'><strong>habeat</strong></span> <span class='ocrx_word' id='word_1_351' title='bbox 2485 5310 2743 5380; x_wconf 81' lang='lat' dir='ltr'><strong>mysteria</strong></span> <span class='ocrx_word' id='word_1_352' title='bbox 2776 5319 2910 5381; x_wconf 89' lang='lat' dir='ltr'><strong>quot</strong></span> <span class='ocrx_word' id='word_1_353' title='bbox 2945 5310 3129 5375; x_wconf 81' lang='lat' dir='ltr'><strong>verba,</strong></span> <span class='ocrx_word' id='word_1_354' title='bbox 3168 5309 3276 5365; x_wconf 91' lang='lat' dir='ltr'><strong>imo</strong></span> <span class='ocrx_word' id='word_1_355' title='bbox 3323 5308 3376 5363; x_wconf 91' lang='lat' dir='ltr'><strong>in</strong></span> <span class='ocrx_word' id='word_1_356' title='bbox 3425 5305 3655 5375; x_wconf 67' lang='lat' dir='ltr'><strong>singulis</strong></span> 
     </span>
    </p>
   </div>
   <div class='ocr_carea' id='block_1_42' title="bbox 401 5397 3668 5470">
    <p class='ocr_par' dir='ltr' id='par_1_42' title="bbox 401 5397 3668 5470">
     <span class='ocr_line' id='line_1_42' title="bbox 401 5397 3668 5470; baseline 0 -21"><span class='ocrx_word' id='word_1_357' title='bbox 401 5397 590 5451; x_wconf 64' lang='lat' dir='ltr'><strong>verbis</strong></span> <span class='ocrx_word' id='word_1_358' title='bbox 617 5397 948 5466; x_wconf 85' lang='lat' dir='ltr'><strong>multiplices</strong></span> <span class='ocrx_word' id='word_1_359' title='bbox 977 5399 1108 5453; x_wconf 87' lang='lat' dir='ltr'><strong>dicit</strong></span> <span class='ocrx_word' id='word_1_360' title='bbox 1143 5401 1313 5470; x_wconf 83' lang='lat' dir='ltr'><strong>latere</strong></span> <span class='ocrx_word' id='word_1_361' title='bbox 1345 5399 1762 5470; x_wconf 74' lang='lat' dir='ltr'><strong>intelligentiae.</strong></span> <span class='ocrx_word' id='word_1_362' title='bbox 1804 5397 1980 5470; x_wconf 81' lang='lat' dir='ltr'><strong>Atque</strong></span> <span class='ocrx_word' id='word_1_363' title='bbox 2007 5398 2078 5451; x_wconf 90' lang='lat' dir='ltr'><strong>ob</strong></span> <span class='ocrx_word' id='word_1_364' title='bbox 2115 5397 2165 5450; x_wconf 90' lang='lat' dir='ltr'><strong>id</strong></span> <span class='ocrx_word' id='word_1_365' title='bbox 2191 5398 2407 5467; x_wconf 87' lang='lat' dir='ltr'><strong>plurimi</strong></span> <span class='ocrx_word' id='word_1_366' title='bbox 2450 5414 2609 5453; x_wconf 90' lang='lat' dir='ltr'><strong>suum</strong></span> <span class='ocrx_word' id='word_1_367' title='bbox 2657 5415 2722 5454; x_wconf 88' lang='lat' dir='ltr'><strong>ac</strong></span> <span class='ocrx_word' id='word_1_368' title='bbox 2759 5401 2997 5456; x_wconf 81' lang='lat' dir='ltr'><strong>maxime</strong></span> <span class='ocrx_word' id='word_1_369' title='bbox 3027 5401 3240 5455; x_wconf 73' lang='lat' dir='ltr'><strong>varium</strong></span> <span class='ocrx_word' id='word_1_370' title='bbox 3274 5399 3341 5455; x_wconf 91' lang='lat' dir='ltr'><strong>de</strong></span> <span class='ocrx_word' id='word_1_371' title='bbox 3389 5400 3489 5454; x_wconf 90' lang='lat' dir='ltr'><strong>hac</strong></span> <span class='ocrx_word' id='word_1_372' title='bbox 3519 5397 3668 5468; x_wconf 88' lang='lat' dir='ltr'><strong>judi-</strong></span> 
     </span>
    </p>
   </div>
   <div class='ocr_carea' id='block_1_43' title="bbox 399 5466 3670 5557">
    <p class='ocr_par' dir='ltr' id='par_1_43' title="bbox 399 5466 3670 5557">
     <span class='ocr_line' id='line_1_43' title="bbox 399 5466 3670 5557; baseline 0.001 -20"><span class='ocrx_word' id='word_1_373' title='bbox 399 5485 556 5538; x_wconf 67' lang='lat' dir='ltr'><strong>cium</strong></span> <span class='ocrx_word' id='word_1_374' title='bbox 588 5486 977 5554; x_wconf 86' lang='lat' dir='ltr'><strong>protulerunt:</strong></span> <span class='ocrx_word' id='word_1_375' title='bbox 1015 5466 1262 5540; x_wconf 75' lang='lat' dir='ltr'><strong>nonnulli</strong></span> <span class='ocrx_word' id='word_1_376' title='bbox 1318 5488 1626 5557; x_wconf 89' lang='lat' dir='ltr'><strong>simplicem</strong></span> <span class='ocrx_word' id='word_1_377' title='bbox 1685 5487 1880 5541; x_wconf 74' lang='lat' dir='ltr'><strong>littera:</strong></span> <span class='ocrx_word' id='word_1_378' title='bbox 1935 5501 2180 5550; x_wconf 89' lang='lat' dir='ltr'><strong>sensum,</strong></span> <span class='ocrx_word' id='word_1_379' title='bbox 2231 5486 2581 5556; x_wconf 82' lang='lat' dir='ltr'><strong>primuinque</strong></span> <span class='ocrx_word' id='word_1_380' title='bbox 2631 5489 2890 5542; x_wconf 76' lang='lat' dir='ltr'><strong>corticem</strong></span> <span class='ocrx_word' id='word_1_381' title='bbox 2942 5489 3381 5547; x_wconf 83' lang='lat' dir='ltr'><strong>considerantes.</strong></span> <span class='ocrx_word' id='word_1_382' title='bbox 3406 5487 3499 5542; x_wconf 91' lang='lat' dir='ltr'><strong>alii</strong></span> <span class='ocrx_word' id='word_1_383' title='bbox 3541 5500 3670 5540; x_wconf 84' lang='lat' dir='ltr'><strong>vero</strong></span> 
     </span>
    </p>
   </div>
   <div class='ocr_carea' id='block_1_44' title="bbox 403 5572 3667 5648">
    <p class='ocr_par' dir='ltr' id='par_1_44' title="bbox 403 5572 3667 5648">
     <span class='ocr_line' id='line_1_44' title="bbox 403 5572 3667 5648; baseline 0.002 -25"><span class='ocrx_word' id='word_1_384' title='bbox 403 5572 668 5642; x_wconf 83' lang='lat' dir='ltr'><strong>mysticas</strong></span> <span class='ocrx_word' id='word_1_385' title='bbox 701 5573 1088 5643; x_wconf 88' lang='lat' dir='ltr'><strong>intelligentias</strong></span> <span class='ocrx_word' id='word_1_386' title='bbox 1120 5573 1360 5642; x_wconf 82' lang='lat' dir='ltr'><strong>penitius</strong></span> <span class='ocrx_word' id='word_1_387' title='bbox 1385 5583 1814 5644; x_wconf 89' lang='lat' dir='ltr'><strong>perscrutantes.</strong></span> <span class='ocrx_word' id='word_1_388' title='bbox 1850 5574 2029 5640; x_wconf 86' lang='lat' dir='ltr'><strong>Quare</strong></span> <span class='ocrx_word' id='word_1_389' title='bbox 2051 5591 2159 5629; x_wconf 91' lang='lat' dir='ltr'><strong>non</strong></span> <span class='ocrx_word' id='word_1_390' title='bbox 2194 5575 2300 5629; x_wconf 87' lang='lat' dir='ltr'><strong>erit</strong></span> <span class='ocrx_word' id='word_1_391' title='bbox 2329 5576 2634 5631; x_wconf 82' lang='lat' dir='ltr'><strong>absurdum</strong></span> <span class='ocrx_word' id='word_1_392' title='bbox 2669 5577 2714 5631; x_wconf 91' lang='lat' dir='ltr'><strong>si</strong></span> <span class='ocrx_word' id='word_1_393' title='bbox 2738 5586 2789 5631; x_wconf 93' lang='lat' dir='ltr'><strong>et</strong></span> <span class='ocrx_word' id='word_1_394' title='bbox 2817 5585 3062 5631; x_wconf 82' lang='lat' dir='ltr'><strong>nostrum</strong></span> <span class='ocrx_word' id='word_1_395' title='bbox 3087 5593 3308 5648; x_wconf 85' lang='lat' dir='ltr'><strong>quoque</strong></span> <span class='ocrx_word' id='word_1_396' title='bbox 3333 5575 3623 5632; x_wconf 65' lang='lat' dir='ltr'><strong>aderamus</strong></span> <span class='ocrx_word' id='word_1_397' title='bbox 3649 5593 3667 5630; x_wconf 90' lang='lat'>:</span> 
     </span>
    </p>
   </div>
   <div class='ocr_carea' id='block_1_45' title="bbox 400 5658 3671 5734">
    <p class='ocr_par' dir='ltr' id='par_1_45' title="bbox 400 5658 3671 5734">
     <span class='ocr_line' id='line_1_45' title="bbox 400 5658 3671 5734; baseline 0.002 -22"><span class='ocrx_word' id='word_1_398' title='bbox 400 5658 618 5712; x_wconf 69' lang='lat' dir='ltr'><strong>saniori</strong></span> <span class='ocrx_word' id='word_1_399' title='bbox 654 5675 868 5731; x_wconf 89' lang='lat' dir='ltr'><strong>semper</strong></span> <span class='ocrx_word' id='word_1_400' title='bbox 889 5661 1104 5728; x_wconf 81' lang='lat' dir='ltr'><strong>judicio</strong></span> <span class='ocrx_word' id='word_1_401' title='bbox 1134 5670 1443 5732; x_wconf 80' lang='lat' dir='ltr'><strong>sanetaeque</strong></span> <span class='ocrx_word' id='word_1_402' title='bbox 1477 5661 1740 5716; x_wconf 65' lang='lat' dir='ltr'><strong>“ornante</strong></span> <span class='ocrx_word' id='word_1_403' title='bbox 1769 5661 2019 5716; x_wconf 79' lang='lat' dir='ltr'><strong>Ecclesize</strong></span> <span class='ocrx_word' id='word_1_404' title='bbox 2043 5679 2141 5718; x_wconf 85' lang='lat' dir='ltr'><strong>nos</strong></span> <span class='ocrx_word' id='word_1_405' title='bbox 2175 5678 2238 5718; x_wconf 86' lang='lat' dir='ltr'><strong>ac</strong></span> <span class='ocrx_word' id='word_1_406' title='bbox 2268 5673 2455 5718; x_wconf 89' lang='lat' dir='ltr'><strong>nostra</strong></span> <span class='ocrx_word' id='word_1_407' title='bbox 2477 5665 2661 5718; x_wconf 86' lang='lat' dir='ltr'><strong>omnia</strong></span> <span class='ocrx_word' id='word_1_408' title='bbox 2704 5665 3113 5720; x_wconf 88' lang='lat' dir='ltr'><strong>submitteutes.</strong></span> <span class='ocrx_word' id='word_1_409' title='bbox 3162 5664 3519 5734; x_wconf 84' lang='lat' dir='ltr'><strong>Primumque</strong></span> <span class='ocrx_word' id='word_1_410' title='bbox 3566 5665 3671 5718; x_wconf 90' lang='lat' dir='ltr'><strong>hoc</strong></span> 
     </span>
    </p>
   </div>
   <div class='ocr_carea' id='block_1_46' title="bbox 407 5745 3665 5823">
    <p class='ocr_par' dir='ltr' id='par_1_46' title="bbox 407 5745 3665 5823">
     <span class='ocr_line' id='line_1_46' title="bbox 407 5745 3665 5823; baseline 0.002 -25"><span class='ocrx_word' id='word_1_411' title='bbox 407 5745 575 5800; x_wconf 82' lang='lat' dir='ltr'><strong>nobis</strong></span> <span class='ocrx_word' id='word_1_412' title='bbox 605 5748 845 5815; x_wconf 84' lang='lat' dir='ltr'><strong>videtur,</strong></span> <span class='ocrx_word' id='word_1_413' title='bbox 875 5748 1145 5805; x_wconf 85' lang='lat' dir='ltr'><strong>Joannem</strong></span> <span class='ocrx_word' id='word_1_414' title='bbox 1183 5752 1327 5805; x_wconf 91' lang='lat' dir='ltr'><strong>hunc</strong></span> <span class='ocrx_word' id='word_1_415' title='bbox 1357 5752 1664 5820; x_wconf 89' lang='lat' dir='ltr'><strong>apostolum</strong></span> <span class='ocrx_word' id='word_1_416' title='bbox 1691 5765 1756 5805; x_wconf 89' lang='lat' dir='ltr'><strong>ac</strong></span> <span class='ocrx_word' id='word_1_417' title='bbox 1785 5751 2199 5818; x_wconf 77' lang='lat' dir='ltr'><strong>evangelistam,</strong></span> <span class='ocrx_word' id='word_1_418' title='bbox 2237 5753 2409 5822; x_wconf 87' lang='lat' dir='ltr'><strong>quiet</strong></span> <span class='ocrx_word' id='word_1_419' title='bbox 2448 5751 2762 5821; x_wconf 87' lang='lat' dir='ltr'><strong>Theol0gus</strong></span> <span class='ocrx_word' id='word_1_420' title='bbox 2796 5754 3240 5823; x_wconf 87' lang='lat' dir='ltr'><strong>cognominatur,</strong></span> <span class='ocrx_word' id='word_1_421' title='bbox 3292 5770 3321 5808; x_wconf 87' lang='lat' dir='ltr'><strong>a</strong></span> <span class='ocrx_word' id='word_1_422' title='bbox 3360 5753 3577 5808; x_wconf 79' lang='lat' dir='ltr'><strong>Nerone</strong></span> <span class='ocrx_word' id='word_1_423' title='bbox 3611 5753 3665 5804; x_wconf 73' lang='lat' dir='ltr'><strong>in</strong></span> 
     </span>
    </p>
   </div>
   <div class='ocr_carea' id='block_1_47' title="bbox 328 5829 3668 5910">
    <p class='ocr_par' dir='ltr' id='par_1_47' title="bbox 328 5829 3668 5910">
     <span class='ocr_line' id='line_1_47' title="bbox 328 5829 3668 5910; baseline 0.003 -25"><span class='ocrx_word' id='word_1_424' title='bbox 328 5877 330 5879; x_wconf 89' lang='lat'><strong>.</strong></span> <span class='ocrx_word' id='word_1_425' title='bbox 414 5829 644 5889; x_wconf 84' lang='lat' dir='ltr'><strong>Patmou</strong></span> <span class='ocrx_word' id='word_1_426' title='bbox 681 5836 1003 5908; x_wconf 82' lang='lat' dir='ltr'><strong>relegatum,</strong></span> <span class='ocrx_word' id='word_1_427' title='bbox 1033 5837 1224 5893; x_wconf 85' lang='lat' dir='ltr'><strong>eodem</strong></span> <span class='ocrx_word' id='word_1_428' title='bbox 1257 5841 1482 5892; x_wconf 86' lang='lat' dir='ltr'><strong>omnino</strong></span> <span class='ocrx_word' id='word_1_429' title='bbox 1518 5849 1885 5906; x_wconf 79' lang='lat' dir='ltr'><strong>temporequo</strong></span> <span class='ocrx_word' id='word_1_430' title='bbox 1912 5839 2005 5892; x_wconf 88' lang='lat' dir='ltr'><strong>ille</strong></span> <span class='ocrx_word' id='word_1_431' title='bbox 2043 5838 2230 5895; x_wconf 86' lang='lat' dir='ltr'><strong>beatos</strong></span> <span class='ocrx_word' id='word_1_432' title='bbox 2262 5839 2467 5897; x_wconf 84' lang='lat' dir='ltr'><strong>Christi</strong></span> <span class='ocrx_word' id='word_1_433' title='bbox 2513 5841 2794 5910; x_wconf 88' lang='lat' dir='ltr'><strong>apostolos</strong></span> <span class='ocrx_word' id='word_1_434' title='bbox 2843 5839 3062 5896; x_wconf 80' lang='lat' dir='ltr'><strong>Petrum</strong></span> <span class='ocrx_word' id='word_1_435' title='bbox 3099 5858 3161 5899; x_wconf 89' lang='lat' dir='ltr'><strong>ac</strong></span> <span class='ocrx_word' id='word_1_436' title='bbox 3195 5842 3421 5897; x_wconf 77' lang='lat' dir='ltr'><strong>Paulum</strong></span> <span class='ocrx_word' id='word_1_437' title='bbox 3478 5843 3668 5896; x_wconf 51' lang='lat' dir='ltr'><strong>Itonia</strong></span> 
     </span>
    </p>
   </div>
  </div>
