4034 6578
393 353 501 418 489
1489 347 1698 414 JOAN.
1742 344 1986 408 ΗΕΝἸἛ

2060 343 2082 402 Ι
2093 342 2118 400 Ι
2158 335 2580 400 PRIEFATIO.
3544 330 3649 398 490

398 465 702 520 interemit.
740 465 796 519 LI
824 463 1045 520 duobus
1096 464 1152 519 in
1198 463 1336 520 locis
1372 464 1568 518 asserit
1611 461 2004 525 'l‘ertullianus,
2038 457 2252 512 vicinus
2302 452 2619 508 earumdem
2669 449 3038 520 apostolorum
3088 447 3445 518 temporibus.
3508 447 3653 503 llem

397 569 619 623 quoque
655 551 1115 608 habetEusebius
1159 552 1303 607 libro
1333 551 1410 606 De
1439 535 1891 606 demonstratione
1923 545 2220 616 evangelica
2257 559 2274 597 :
2315 555 2629 612 quanquam
2663 539 2716 593 in
2747 537 3024 594 Chronicis
3076 545 3131 594 et
3185 538 3238 591 in
3279 535 3658 592 Ecclesiasticu

403 639 650 693 Historia
676 639 825 695 dicat
853 641 904 694 id
932 641 1035 696 sub
1059 639 1370 695 Domitiano
1388 639 1706 709 contigisse,
1739 636 1882 708 quod
1906 645 1961 691 et
1989 633 2355 704 Hieronymus
2376 640 2431 684 et
2457 631 2643 700 plures
2673 628 2766 682 alii
2797 637 3129 697 sequuntur.
3162 625 3362 681 Verum
3391 627 3477 680 his
3508 626 3663 682 libris

398 736 662 794 tanquam
716 726 994 796 prioribus
1043 728 1204 782 annis
1238 726 1480 796 scriptis,
1529 742 1636 780 non
1672 724 1932 779 tribuitur
1963 732 2112 780 tanta
2161 722 2482 784 auctoritas,
2515 727 2717 790 quanta
2751 718 2800 774 ei
2831 720 2928 788 qui
2958 718 3034 772 De
3067 715 3546 772 demonstratione
3579 723 3665 770 est

395 813 734 884 evangelica,
779 823 968 885 utpote
997 815 1272 882 posterius
1313 826 1478 884 atque
1505 812 1850 868 emendatius
1895 812 2199 868 elaborato.
2246 810 2359 866 lloc
2415 811 2600 878 itaque
2632 807 2820 862 habito
2845 806 2993 876 quod
3036 804 3237 874 scripta
3271 805 3342 860 sit
3379 805 3432 858 in
3465 805 3664 858 Patmo

396 901 752 971 Apocalypsis
809 910 937 956 ante
992 901 1506 972 Hierosolymorum
1550 900 1848 966 excidium,
1879 899 2273 970 quadrifariam
2320 899 2435 968 ipsa
2478 896 2653 952 secari
2695 902 2915 964 potest:
2959 892 3032 947 ita
3069 900 3130 947 ut
3160 892 3560 961 complectatur
3594 891 3663 946 ab

397 991 624 1044 exordio
654 991 721 1045 ad
755 1003 972 1045 sextum
1030 1005 1209 1061 usque
1253 999 1420 1062 caput
1466 989 1864 1045 instructiones
1903 988 2274 1042 Ecelesiarum
2311 987 2478 1049 Asiae,
2522 982 2908 1038 intermiscens
2938 989 2993 1036 et
3033 981 3352 1050 prophetica
3388 980 3455 1035 de
3492 979 3664 1036 variis

399 1079 701 1134 hzcresibus
733 1099 746 1135 :
779 1081 847 1135 de
876 1080 1074 1150 quibus
1107 1091 1162 1135 et
1191 1080 1530 1152 Epiphanius
1565 1080 1618 1133 in
1670 1094 1772 1134 suo
1809 1077 2083 1131 Panarion
2138 1075 2298 1128 libro.
2331 1075 2373 1128 A
2405 1083 2558 1128 sexto
2574 1070 2751 1141 capite
2782 1083 2954 1139 usque
2987 1068 3054 1122 ad
3092 1067 3376 1122 duodecim
3417 1067 3667 1122 contine-

399 1177 490 1222 tur
522 1167 821 1239 Synagogte
841 1168 1146 1238 abrogatio.
1186 1168 1230 1222 A
1260 1168 1591 1223 duodecimo
1623 1181 1797 1236 usque
1834 1166 1901 1221 ad
1937 1166 2209 1220 decimmn
2246 1179 2478 1228 nonum,
2513 1161 2787 1218 excidium
2821 1159 3117 1232 gentilismi
3147 1159 3251 1215 sub
3281 1169 3407 1230 typo
3439 1159 3660 1228 potissio

399 1270 552 1310 mum
579 1255 876 1327 Babylonis
901 1272 966 1311 ac
1017 1255 1205 1312 Roma:
1226 1272 1347 1326 qua:
1393 1255 1624 1310 habebat
1655 1265 1864 1324 septem
1895 1253 2086 1316 colles,
2115 1253 2209 1322 qui
2251 1251 2338 1306 hic
2363 1250 2626 1306 dicuntur
2657 1266 2780 1306 esse
2807 1265 3017 1304 cornua
3059 1249 3247 1303 bestia:
3285 1263 3452 1316 super
3495 1263 3663 1317 quam

402 1344 668 1398 meretrix
697 1345 814 1398 sive
846 1343 1154 1399 idololatria
1191 1354 1286 1398 aut
1314 1343 1659 1414 gentilismus
1682 1343 1853 1397 sedet.
1885 1342 1940 1396 In
1977 1340 2061 1396 his
2092 1341 2238 1394 enim
2277 1339 2504 1394 urbibus
2545 1339 2814 1410 praecipue
2848 1338 3064 1408 vigebat
3094 1337 3462 1408 gentilismus.
3493 1338 3531 1389 A
3565 1337 3666 1391 de-

396 1431 545 1486 cimo
576 1448 722 1487 nono
757 1432 938 1502 capite
979 1447 1155 1504 usque
1185 1434 1238 1488 in
1271 1433 1433 1488 tinem
1476 1433 1656 1503 agitur
1688 1431 1753 1486 de
1788 1446 1953 1502 regno
1985 1427 2187 1484 Christi
2215 1429 2267 1482 iu
2293 1428 2546 1498 przesenti
2587 1426 2853 1493 Ecclesia,
2881 1427 3062 1482 addita
3096 1443 3218 1497 cap.
3253 1443 3319 1479 xx
3369 1427 3560 1481 ultima
3599 1426 3666 1481 de

399 1518 576 1588 ipsius
607 1519 849 1576 inimicis
878 1520 1128 1575 victoria.

471 1653 649 1722 Atque
700 1651 817 1708 haec
860 1652 913 1708 in
961 1652 1282 1709 universum
1329 1653 1472 1709 dicta
1524 1653 1828 1708 sintznam
1885 1651 2116 1722 singulis
2151 1650 2301 1706 varia
2326 1651 2773 1717 commiscentur,
2803 1648 2895 1704 sed
2929 1649 2994 1704 de
3026 1648 3400 1719 singularibus
3427 1663 3533 1704 non
3583 1658 3667 1704 est

397 1751 613 1796 certum
645 1740 778 1796 dare
812 1741 1120 1808 judicium:
1149 1756 1251 1796 nec
1281 1740 1398 1796 lieri
1437 1747 1617 1811 potest
1649 1750 1709 1795 ut
1741 1741 1869 1796 data
1900 1742 2096 1811 quavis
2137 1739 2490 1794 enarratione
2513 1738 2726 1807 singula
2760 1745 2883 1808 apte
2912 1736 3184 1807 quadrent
3213 1754 3226 1790 :
3269 1737 3363 1791 sed
3401 1737 3537 1792 satis
3562 1739 3665 1791 erit

399 1829 448 1882 si
481 1830 533 1882 in
570 1845 770 1899 genere
804 1829 1070 1884 habeatur
1102 1829 1235 1900 quid
1267 1829 1498 1900 singulis
1533 1829 1802 1900 capitibus
1831 1829 2144 1899 signiﬁcare
2181 1829 2334 1884 velit.
2362 1827 2524 1884 Juxta
2570 1830 2713 1884 hanc
2751 1827 3168 1898 dispositionem
3205 1841 3313 1882 non
3365 1826 3664 1882 admodum

401 1918 675 1973 videbitur
702 1916 1004 1974 absurdum
1038 1913 1270 1989 id'quod
1303 1922 1470 1974 sentit
1496 1918 1736 1975 Joannes
1776 1917 1989 1974 AnniUs
2034 1915 2394 1974 Viterbiensis
2442 1919 2496 1973 in
2555 1917 2968 1986 Quaestionibus
3027 1932 3192 1987 super
3241 1915 3664 1988 Apocalypsim,

402 2005 720 2075 quas'mlsit
771 2021 836 2060 ac
867 2005 1138 2062 dedicavit
1167 2021 1384 2061 summo
1409 2008 1649 2078 pontitici
1690 2007 1845 2062 Sixto
1871 2015 2066 2078 quarto
2095 2008 2424 2078 regibusque
2448 2007 2779 2065 Christianis
2816 2027 2828 2063 :
2861 2007 3006 2078 quod
3058 2007 3234 2063 bestia
3283 2024 3446 2077 quam
3496 2008 3667 2062 inter-

402 2103 690 2164 pretantur
721 2094 1093 2149 communiter
1123 2094 1551 2161 Antichristum,
1594 2096 1659 2150 de
1692 2110 1798 2166 qua
1833 2099 2005 2165 Apoc.
2043 2111 2138 2150 xm
2172 2097 2518 2167 potissimum
2543 2113 2688 2168 cap,
2720 2113 2843 2168 qua:
2889 2097 3138 2152 ascendit
3169 2098 3235 2152 de
3268 2106 3412 2152 terra
3459 2097 3665 2152 habens

402 2184 513 2237 duo
542 2197 748 2238 cornua
779 2183 978 2238 similia
1010 2184 1162 2255 agni,
1198 2183 1432 2254 loquens
1463 2194 1643 2238 tamen
1676 2184 1820 2239 sicut
1850 2184 2016 2239 draco
2043 2187 2137 2255 qui
2170 2195 2251 2241 est
2286 2195 2339 2240 et
2376 2187 2628 2253 Satanas,
2667 2186 2760 2257 qui
2795 2186 3052 2240 virtutem
3101 2201 3164 2240 ac
3196 2185 3380 2240 sedem
3427 2202 3581 2241 suam
3614 2190 3668 2241 et

404 2281 725 2339 potestatem
761 2284 1012 2342 magnam
1085 2270 1310 2327 dederat
1338 2271 1504 2342 priori
1554 2272 1759 2338 bestia},
1798 2287 1992 2344 nempe
2017 2266 2351 2347 gentilismo,
2398 2290 2452 2333 et
2483 2279 2678 2332 exinde
2711 2286 2871 2332 St‘cltll
2903 2275 3269 2343 Saracenicze,
3315 2277 3385 2332 sit
3432 2275 3669 2347 pseudo-

406 2362 669 2432 propheta
701 2359 1116 2416 Mahumethes:
1151 2362 1244 2432 qui
1278 2377 1590 2432 quanquam
1632 2372 1756 2417 ante
1781 2364 2048 2434 plurimos
2090 2354 2264 2422 annos
2299 2376 2549 2421 mortuus
2580 2367 2672 2430 sit,
2706 2366 2826 2436 ejus
2863 2373 3043 2419 tamen
3085 2376 3256 2428 secta,
3289 2380 3484 2434 nempe
3517 2366 3669 2435 prior

407 2450 602 2512 bestia,
633 2454 736 2504 heu
763 2451 776 2504 !
811 2450 945 2505 vivit
965 2451 1262 2506 etiamnum
1285 2491 1300 2517 ,
1332 2450 1672 2522 nimiumque
1702 2461 1987 2522 grassatur
2017 2454 2277 2508 adversus
2307 2451 2401 2506 Dei
2439 2453 2698 2523 populum
2733 2471 2745 2507 :
2781 2452 2942 2522 idque
2979 2452 3184 2506 tamdiu
3213 2451 3433 2505 durabit
3470 2453 3667 2522 donec,

401 2538 556 2608 juxta
593 2539 881 2609 septimum
913 2551 1081 2610 caput
1108 2539 1370 2606 Danielis,
1414 2555 1644 2610 regnum
1679 2541 1838 2596 detur
1868 2541 2069 2613 populo
2121 2549 2442 2594 sanctorqu
2487 2539 2753 2594 Altissimi
2786 2558 2799 2594 :
2856 2554 3052 2606 nempe
3083 2554 3230 2602 cum,
3290 2547 3413 2609 post
3451 2535 3668 2611 longam

409 2641 596 2696 pacem
622 2642 688 2681 ac
719 2629 1074 2682 securitatem
1102 2628 1507 2694 intermediam,
1535 2645 1752 2685 rursum
1785 2631 2044 2686 adversus
2076 2628 2223 2683 hunc
2255 2627 2347 2682 Dei
2369 2628 2631 2699 populum
2663 2642 2911 2698 pugnans
2931 2627 3073 2680 dicta
3104 2627 3278 2680 bestia
3306 2643 3428 2681 cum
3465 2629 3668 2698 ingenti

405 2713 671 2778 exercitu,
701 2713 988 2785 designato
1024 2729 1118 2786 per
1144 2714 1261 2786 Gog
1290 2724 1345 2770 et
1376 2715 1570 2787 Magog
1603 2717 1692 2785 (de
1721 2733 1830 2787 quo
1852 2716 2052 2772 Ezech.
2085 2733 2202 2787 cap.
2241 2733 2444 2770 xxxvnt
2474 2727 2529 2771 et
2559 2732 2748 2783 χχχιιι,
2781 2725 2830 2770 et
2859 2715 3031 2786 Apoc.
3085 2715 3199 2785 xx).
3227 2716 3430 2786 ingenti
3457 2716 3608 2770 clade
3639 2734 3670 2771 a

409 2801 518 2856 Deo
546 2811 1004 2871 prosternentur,
1032 2803 1496 2873 quemadmodum
1525 2803 1728 2860 dicitur
1785 2806 1918 2860 locis
1965 2805 2128 2860 modo
2170 2805 2398 2858 citatis:
2438 2813 2560 2874 post
2586 2805 2729 2873 quod
2759 2819 2887 2858 vera
2939 2813 2988 2858 et
3029 2805 3198 2872 pert‘et
3217 2811 3267 2857 ta
3324 2819 3427 2873 pax
3463 2805 3569 2858 cuit
3615 2807 3669 2860 in

407 2887 656 2945 Ecclesia
697 2905 762 2946 ac
805 2904 974 2960 purus
1025 2889 1116 2944 Dei
1168 2889 1354 2945 cultus
1380 2892 1448 2946 ab
1479 2892 1631 2947 omni
1663 2892 1856 2947 lueresi
1896 2902 1946 2948 ct
1977 2897 2360 2962 persecutione
2395 2905 2687 2965 separatus
2727 2895 3234 2966 :quemadmodum
3273 2906 3672 2964 consequenter

407 2980 728 3035 describunt
768 2980 1022 3036 Ezechiel
1053 2995 1176 3051 cap.
1209 2996 1275 3034 η
1308 2990 1361 3036 et
1387 2983 1776 3052 sequentibus,
1803 2993 1855 3037 ct
1890 2981 2061 3053 Apoc.
2100 2999 2214 3047 xxi,
2247 2997 2378 3037 χχιι.
2410 2979 2473 3037 Ει
2501 2984 2630 3054 quia
2669 2985 2784 3038 haec
2818 2983 3144 3053 populormn
3193 2983 3260 3036 ad
3311 2983 3515 3038 bellum
3568 2985 3673 3039 hoe

409 3079 746 3138 postremum
780 3070 1132 3140 congregatio
1168 3069 1397 3141 ipsaque
1433 3087 1633 3142 pugna,
1669 3072 1842 3125 multo
1878 3081 2123 3140 tempore
2163 3072 2381 3127 durabit
2427 3089 2552 3128 cum
2590 3086 2788 3144 magna
2841 3069 3288 3128 Christianorum
3339 3073 3631 3128 atllictioue
3654 3115 3670 3139 ,

408 3158 532 3214 ideo
569 3160 941 3214 communiter
995 3159 1302 3229 appellatur
1335 3159 1674 3214 novissimus
1715 3160 2037 3215 Antichristi
2065 3159 2353 3229 adventus,
2389 3162 2493 3216 hoc
2522 3170 2604 3216 est
2625 3167 2790 3216 secta:
2819 3158 2960 3230 ejus,
2992 3176 3114 3230 qua:
3158 3160 3249 3216 hic
3290 3160 3491 3217 dicitur
3520 3163 3674 3233 prior

409 3247 606 3314 bestia,
638 3245 723 3302 cui
749 3247 937 3312 draco,
979 3247 1034 3302 id
1068 3254 1152 3303 est
1181 3240 1438 3312 Satanas,
1473 3247 1623 3302 dedit
1655 3247 1914 3302 virtutem
1969 3263 2034 3304 ac
2069 3249 2254 3304 sedem
2285 3265 2440 3305 suam
2478 3259 2532 3304 et
2575 3257 2897 3320 potestatem
2939 3265 3217 3321 magnam.
3265 3249 3673 3307 Convenienter

410 3351 541 3406 ergo
580 3345 825 3391 tractans
863 3335 951 3390 hic
979 3335 1266 3405 apostolus
1296 3336 1363 3390 de
1385 3334 1602 3389 excidio
1634 3336 1948 3406 gentilismi,
1982 3338 2144 3392 etiam
2175 3338 2514 3394 intermiscet
2535 3339 2859 3411 gravitatem
2894 3337 3292 3409 persecutionis
3317 3351 3476 3395 secta:
3510 3342 3674 3396 Sara-

409 3425 612 3480 Cenica:
635 3424 866 3494 ejusque
897 3423 1330 3478 subversionem.
1374 3421 1561 3493 Neque
1593 3422 1676 3478 his
1709 3423 1934 3479 obviare
1970 3426 2340 3498 videturqqu
2378 3429 2452 3483 ait
2484 3430 2779 3498 Apostolus
2807 3430 2851 3484 ll
2880 3429 3074 3485 Thess.
3102 3445 3162 3494 ιι,
3191 3429 3335 3500 quod
3363 3431 3484 3498 ejus
3523 3450 3541 3482 ί
3573 3433 3672 3485 ad-

412 3521 607 3568 ventus
631 3515 702 3568 sit
736 3513 1041 3567 secundum
1098 3513 1469 3582 operationem
1531 3511 1746 3568 Satana:
1788 3515 1840 3568 in
1896 3515 2066 3585 signis
2098 3531 2162 3568 ac
2214 3515 2471 3584 prodigiis
2509 3516 2867 3572 mendacibus
2907 3526 2966 3571 et
3015 3534 3138 3572 cum
3175 3519 3324 3571 omni
3350 3518 3675 3588 deceptione

415 3603 694 3673 injustitix
725 3604 778 3657 in
820 3603 905 3658 his
943 3603 1036 3673 qui
1059 3612 1310 3674 pereunt,
1347 3603 1602 3675 quodque
1629 3603 1889 3658 ell'eratur
1919 3604 2183 3659 adversus
2215 3619 2432 3658 onmem
2466 3604 2558 3674 qui
2599 3604 2804 3659 dicitur
2850 3604 2996 3660 Deus
3043 3613 3140 3660 aut
3177 3618 3404 3669 numen,
3446 3605 3586 3661 adeo
3617 3618 3676 3662 ut

417 3695 468 3745 in
499 3693 700 3762 templo
738 3691 831 3746 Dei
881 3700 1142 3761 tanquam
1183 3691 1325 3746 Deus
1362 3691 1571 3758 sedeat,
1609 3701 1897 3747 ostentans
1941 3693 2182 3763 scipsum
2230 3707 2352 3747 esse
2405 3693 2572 3747 Deum
2601 3711 2613 3746 :
2646 3708 2808 3763 quem
2852 3693 3152 3760 Dominus,
3187 3695 3386 3765 inquit,
3425 3697 3677 3753 conficiet

416 3781 612 3851 spiritu
650 3780 764 3835 oris
814 3779 923 3845 sui,
964 3790 1018 3833 et
1075 3779 1311 3833 abolebit
1361 3779 1612 3834 claritate
1657 3780 1924 3836 adventus
1974 3781 2080 3835 sui.
2124 3799 2142 3832 ι
2188 3779 2262 3834 Ex
2283 3796 2392 3850 quo
2421 3789 2474 3836 et
2513 3782 2679 3836 etiam
2706 3783 2837 3852 quia
2864 3783 3206 3852 praemiserat
3235 3797 3346 3837 non
3381 3795 3673 3840 venturum

417 3886 536 3927 esse
568 3868 857 3924 Dominum
893 3869 999 3923 nisi
1031 3867 1188 3939 prius
1226 3869 1559 3922 revelaretur
1600 3869 1686 3923 hie
1718 3868 1882 3924 homo
1910 3870 2115 3939 peccati
2148 3868 2291 3922 [ilius
2328 3868 2673 3938 perditionis,
2716 3869 2944 3924 innucre
2965 3869 3198 3935 videtur,
3229 3867 3281 3924 in
3316 3869 3480 3941 hujus
3511 3873 3678 3927 inter-

415 3965 694 4031 emptione
729 3960 912 4014 statim
950 3969 1240 4012 venturum
1276 3973 1397 4011 esse
1452 3957 1732 4013 Christum
1763 3958 1828 4012 ad
1859 3957 2145 4027 judicium.
2183 3957 2328 4035 "me,
2365 3956 2614 4026 inquam,
2649 3973 2755 4011 non
2803 3957 3048 4012 obstant.
3089 3955 3332 4013 Primum
3373 3961 3518 4014 enim
3561 3977 3679 4014 ma-

418 4050 680 4106 nifestum
703 4057 786 4104 est
823 4062 1013 4101 vermn
1042 4060 1298 4101 essenon
1335 4055 1625 4100 venturmn
1649 4059 1774 4100 esse
1802 4045 2093 4099 Dominum
2132 4047 2236 4100 nisi
2291 4047 2378 4101 ille
2408 4047 2708 4112 reveletur,
2747 4064 2871 4101 cum
2917 4048 3241 4118 jamdudum
3274 4047 3365 4103 ille
3406 4050 3678 4107 revelatus

419 4139 507 4203 sit,
550 4139 662 4194 imo
683 4146 736 4193 et
769 4145 1019 4191 mortuus
1055 4135 1108 4190 in
1145 4148 1244 4188 sua
1294 4147 1527 4203 perSOna
1559 4151 1574 4187 :
1609 4147 1773 4203 quem
1807 4142 1990 4187 tamen
2035 4131 2304 4187 Dominus
2337 4133 2692 4189 conlecturus
2714 4136 2916 4189 dicitur
2947 4136 3141 4206 spiritu
3167 4176 3182 4201 ,
3211 4145 3341 4202 etc.,
3372 4138 3498 4206 quia
3534 4139 3679 4194 sicut

420 4234 471 4282 in
499 4229 673 4284 sacris
700 4226 918 4282 Litteris
947 4225 1261 4294 frequenter
1287 4231 1372 4277 cst
1394 4223 1709 4291 metaphora
1733 4237 1763 4276 a
1792 4221 1969 4292 capite
1996 4219 2218 4276 Christo
2245 4221 2313 4276 ad
2343 4223 2463 4292 ejus
2491 4223 2758 4288 membra,
2781 4237 2903 4292 qum
2925 4223 3089 4277 simul
3136 4236 3259 4277 cum
3303 4239 3368 4278 eo
3407 4241 3565 4278 Ilttam
3597 4227 3681 4279 di-

421 4327 622 4370 cuntur
662 4314 994 4370 censtituere
1044 4326 1333 4382 personam
1367 4329 1380 4365 :
1417 4319 1466 4365 et
1495 4310 1638 4380 quod
1661 4310 1728 4364 de
1746 4309 1965 4364 Christo
1998 4309 2218 4374 dicitur,
2254 4313 2453 4380 szepius
2479 4311 2532 4364 in
2575 4311 2749 4380 ipsius
2783 4310 3044 4365 membris
3068 4312 3372 4381 completur
3404 4323 3496 4367 :et
3524 4313 3669 4383 quod

422 4406 488 4458 de
517 4402 710 4470 Jacob,
752 4403 805 4456 in
861 4401 990 4456 filiis
1025 4399 1187 4455 Israel
1224 4418 1238 4454 :
1273 4400 1345 4454 ita
1394 4399 1558 4452 etiam
1587 4397 1787 4452 dicitur
1836 4411 1867 4451 a
1920 4395 2153 4452 Domino
2205 4400 2578 4454 conticiendus
2622 4399 2675 4454 in
2713 4409 2995 4470 postremo
3039 4408 3204 4454 sectae
3253 4397 3374 4469 ejus
3417 4401 3683 4457 adversus

422 4491 764 4546 Chrlstianos
800 4488 1005 4558 ingenti
1036 4487 1255 4558 prmlio,
1283 4501 1394 4556 quo
1432 4499 1540 4540 non
1565 4485 1765 4541 virtute
1801 4484 1992 4540 bellica
2024 4496 2120 4541 aut
2159 4489 2367 4544 viribus
2397 4487 2863 4555 Christianorum,
2914 4488 3007 4544 sed
3040 4487 3235 4558 spiritu
3276 4486 3388 4542 oris
3430 4488 3546 4543 sive
3587 4506 3684 4544 vo-

426 4580 630 4632 luntate
662 4577 876 4632 Domini
902 4576 1225 4632 conﬁcietur
1248 4616 1262 4640 ,
1293 4584 1345 4630 et
1381 4575 1632 4629 claritate
1662 4576 1928 4629 adventus
1962 4575 2084 4639 sui,
2123 4593 2233 4646 quo
2265 4585 2456 4646 aperte
2501 4578 2685 4632 veniet
2740 4577 2948 4631 auxilio
2987 4574 3340 4631 Christianis.
3399 4575 3680 4647 Siquidem

425 4669 566 4738 quod
598 4682 706 4722 non
739 4666 867 4721 velit
893 4675 1025 4721 tunc
1061 4665 1493 4719 interimendum
1525 4664 1924 4719 Antichristum
1961 4675 2056 4718 aut
2089 4667 2380 4720 iiniemlam
2433 4668 2731 4722 immanem
2769 4666 2942 4736 ipsius
2969 4665 3428 4736 persecutionem,
3461 4683 3581 4720 cum
3613 4667 3680 4721 ad

423 4766 724 4811 extremum
760 4755 1028 4825 judicium
1062 4764 1326 4808 venturus
1352 4763 1432 4807 est
1478 4751 1764 4816 Dominus,
1800 4751 2091 4808 manifeste
2122 4763 2269 4824 patet
2300 4771 2364 4809 ex
2393 4770 2459 4809 eo
2487 4754 2634 4824 quod
2664 4755 2740 4810 ait
2777 4755 2918 4809 idem
2948 4754 3265 4824 Apostolus,
3301 4754 3314 4806 Ι
3344 4752 3539 4808 Thess.
3574 4773 3625 4810 ν.
3664 4776 3680 4810 :

430 4865 447 4895 ‹
487 4844 610 4899 Dies
641 4843 856 4899 Domini
900 4843 1043 4898 sicut
1071 4842 1156 4896 fur
1192 4842 1245 4895 in
1280 4849 1460 4904 nocte,
1500 4841 1570 4893 ita
1594 4840 1792 4894 veniet.
1818 4840 1952 4894 Cum
1989 4841 2134 4896 enim
2172 4843 2430 4907 dixerint,
2467 4843 2575 4897 Pax
2607 4855 2660 4898 et
2702 4853 2819 4897 tuta
2855 4842 3060 4904 omnia,
3097 4854 3224 4895 tunc
3258 4843 3573 4911 repentinus
3602 4843 3684 4897 eis

427 4932 775 5001 superveniet
803 4931 1055 4985 interitus
1086 4947 1100 4996 ;
1142 4948 1160 4981 ι
1193 4929 1475 4999 magisque
1511 4943 1576 4982 ex
1607 4942 1672 4982 eo
1707 4926 1852 4997 quod
1885 4927 2075 4983 Matth.
2111 4945 2236 4985 χχιιι
2269 4948 2333 4986 ac
2369 4930 2504 4986 Luc.
2534 4949 2644 4986 xvn
2673 4931 2916 4985 ostendit
2946 4929 3211 4984 Dominus
3239 4929 3385 4999 quod
3437 4939 3563 4984 ante
3595 4929 3688 4998 ju-

424 5021 628 5076 dicimn
659 5028 822 5074 erunt
858 5019 1110 5072 homines
1143 5017 1196 5072 in
1223 5017 1386 5086 longa
1412 5030 1546 5086 pace
1575 5031 1640 5070 ac
1669 5015 1984 5072 securitate.
2012 5035 2031 5069 ι
2065 5017 2217 5074 Sicut
2256 5029 2438 5084 erant,
2498 5019 2696 5090 inquit,
2751 5017 2871 5073 dies
2908 5017 3044 5082 Noe,
3076 5017 3149 5071 ita
3193 5018 3298 5070 erit
3335 5026 3388 5071 et
3420 5017 3686 5072 adventus

426 5107 550 5162 Filii
585 5106 849 5164 hominis.
879 5106 1036 5161 Sicut
1074 5107 1219 5160 enim
1268 5114 1420 5158 erant
1453 5104 1506 5158 in
1556 5104 1750 5159 diebus
1784 5105 1880 5174 qui
1934 5115 2331 5175 przrcesscrunt
2359 5107 2622 5162 diluvium
2657 5107 2881 5160 edentes
2909 5114 2963 5159 et
2995 5105 3264 5170 bibentes,
3298 5106 3686 5158 contrahentes

428 5197 848 5252 matrimonium
881 5205 938 5250 et
964 5203 1196 5265 nuptum
1226 5194 1442 5259 dantes,
1475 5208 1650 5262 usque
1669 5193 1734 5246 ad
1761 5207 1885 5247 eum
1914 5193 2056 5247 diem
2093 5209 2202 5263 quo
2225 5195 2449 5250 intravit
2494 5193 2607 5251 Noe
2639 5196 2693 5250 in
2725 5209 2932 5259 arcam,
2975 5209 3075 5247 nec
3108 5200 3486 5263 cognoverunt
3513 5192 3688 5246 donec

428 5286 577 5341 venit
607 5285 878 5340 diluvium
917 5295 971 5339 et
1003 5284 1128 5339 tulit
1160 5283 1450 5338 universos
1488 5301 1500 5336 :
1536 5283 1610 5336 ita
1644 5283 1749 5336 erit
1773 5292 1826 5336 ct
1857 5283 2126 5338 adventus
2153 5281 2274 5336 Filii
2307 5283 2568 5338 hominis.
2610 5303 2628 5334 ι
2683 5281 2870 5353 Itaque
2893 5281 3038 5352 quod
3075 5281 3147 5335 ibi
3198 5281 3356 5350 paulo
3388 5291 3514 5333 ante
3546 5279 3687 5332 dici-

427 5385 536 5439 tur,
579 5391 597 5426 ι
632 5374 698 5429 Et
726 5381 860 5429 tunc
889 5372 1171 5443 apparebit
1195 5373 1410 5442 signum
1447 5369 1569 5424 Filii
1602 5370 1840 5425 hominis
1870 5387 1882 5424 :
1920 5369 2131 5426 Ettunc
2149 5373 2403 5443 plangant
2431 5388 2622 5426 omnes
2646 5371 2821 5426 tribus
2853 5380 3034 5436 terrm,
3074 5388 3092 5420 ι
3126 5385 3234 5423 non
3274 5368 3474 5421 indicat
3503 5366 3686 5420 statim

428 5465 480 5516 id
509 5464 792 5534 subsequi,
825 5461 919 5516 sed
951 5461 1127 5516 solum
1165 5461 1311 5530 quod
1344 5469 1529 5530 postea
1554 5469 1844 5529 sequetur:
1883 5460 1976 5529 qni
2007 5462 2200 5514 modus
2224 5461 2522 5530 accipiendi
2549 5459 2717 5522 Tunc,
2748 5459 2828 5513 vel
2863 5457 2928 5512 In
2950 5458 3129 5512 diebus
3170 5457 3300 5517 illis,
3332 5456 3447 5508 sive
3498 5451 3560 5507 In
3595 5453 3689 5506 illo

430 5559 680 5618 tempore,
701 5551 960 5620 frequens
983 5561 1064 5605 est
1096 5552 1148 5604 in
1186 5551 1359 5606 sacris
1376 5550 1594 5604 Litteris
1629 5568 1640 5603 :
1673 5549 2134 5618 quemadmodum
2165 5548 2388 5602 adnotat
2423 5557 2609 5602 noster
2641 5547 2965 5618 Euthymius
2991 5560 3153 5614 super
3189 5544 3318 5597 illud
3349 5542 3538 5596 Matth.
3571 5558 3644 5595 xu
3673 5559 3689 5596 :

435 5658 452 5687 ι
498 5636 654 5692 Tunc
679 5639 947 5695 adductus
969 5647 1054 5694 est
1081 5640 1131 5694 ei
1164 5639 1570 5703 daemoniacus,
1613 5657 1631 5689 ›
1678 5651 2010 5707 rursumque
2033 5651 2200 5706 super
2233 5637 2364 5690 illud
2387 5634 2578 5691 Matth.
2618 5653 2677 5692 ιιι
2716 5654 2730 5690 :
2765 5654 2783 5686 ι
2827 5634 2882 5689 In
2916 5635 3110 5689 diebus
3141 5633 3246 5687 illis
3276 5634 3423 5684 venit
3453 5629 3693 5684 Joannes

429 5725 672 5796 Baptista
704 5727 1009 5798 praedicans
1059 5728 1112 5782 in
1152 5727 1366 5782 deserto
1410 5727 1629 5782 Juda-ze.
1669 5746 1688 5777 ι
1733 5726 1798 5781 Et
1824 5725 2203 5781 OEeumcnius
2242 5739 2405 5794 super
2432 5725 2563 5778 illud
2606 5727 2729 5779 Act.
2756 5740 2808 5779 v1
2843 5741 2856 5779 :
2897 5744 2915 5774 ‹
2948 5722 3002 5776 In
3039 5722 3125 5777 his
3179 5729 3361 5774 autem
3397 5718 3613 5774 diebus.
3669 5737 3686 5765 ι

429 5815 606 5874 Porro
629 5818 787 5888 signa
818 5835 883 5873 ac
908 5817 1153 5889 prodigia
1186 5819 1472 5874 mendacia
1507 5817 1772 5874 adventus
1800 5814 2124 5872 Antichristi
2154 5814 2208 5867 in
2243 5811 2329 5867 his
2359 5814 2452 5881 qui
2487 5821 2740 5883 pereunt,
2782 5812 2892 5868 imo
2931 5820 2987 5866 ut
3011 5811 3086 5865 ait
3124 5807 3402 5871 Christus,
3433 5807 3508 5861 ita
3548 5816 3603 5861 ut
3637 5809 3692 5860 in

754 5915 1020 5976 ΡΑτιιοι.
1070 5916 1186 5973 Gn.
1234 5915 1328 5973 CV
1343 5917 1382 5974 Ι.

3431 5905 3502 5960 16
