4034 6586
354 333 454 404 491
1448 336 1656 400 JOAN.
1699 335 2075 399 IIENTENII
2111 338 2525 404 caesarie.
3491 345 3596 410 ωε

353 467 596 509 errorem
627 450 920 520 ducantur,
963 451 1009 507 si
1047 452 1160 507 fieri
1187 458 1388 522 potest,
1419 451 1582 506 etiam
1614 452 1795 519 electi,
1830 460 1957 507 sunt
1982 455 2149 508 variae
2176 469 2241 509 ac
2265 454 2625 511 multiformes
2653 454 2773 525 ejus
2802 453 3013 510 technae
3056 454 3123 510 ad
3172 453 3513 511 sedueendos
3544 466 3597 510 rt

354 540 711 612 pelliciendos
743 539 835 593 Dei
877 555 1086 595 servos.
1114 540 1367 611 Cumque
1393 554 1454 595 se
1478 555 1541 594 ac
1559 556 1716 594 suam
1739 550 1943 595 sectam
1977 542 2397 599 Christianismo
2416 546 2737 613 ‘cauerisque
2766 544 2977 614 legibus
3005 544 3260 598 omnibus
3293 554 3591 614 prmponat,

354 646 424 684 an
477 644 583 682 non
612 643 671 683 se
687 627 899 683 extollit
942 641 1108 698 supra
1137 642 1354 682 omnem
1389 628 1481 697 qui
1517 628 1721 681 dicitur
1752 627 1896 683 Deus
1938 637 2033 682 aut
2064 630 2301 683 numen?
2329 631 2525 685 sedens
2563 632 2677 685 sive
2717 630 2992 699 imperans
3024 631 3079 684 in
3140 630 3339 698 templo
3372 630 3485 695 Dei,
3510 632 3594 683 vel

357 718 447 772 ubi
479 716 634 786 prius
660 724 817 769 erant
850 716 1112 770 Ecclesiae
1146 714 1258 779 Dei,
1288 725 1380 769 aut
1405 714 1526 768 viva
1560 714 1653 769 Dei
1682 715 1904 784 templa.
1935 715 2037 780 Qui
2064 716 2231 769 etiam
2280 716 2410 769 fecit
2442 726 2499 771 ut
2531 717 2731 771 dicitur
2765 720 2933 785 Apoc.
2972 731 3094 782 xm,
3132 716 3309 787 ignem
3350 716 3446 771 irae
3500 717 3591 771 Dei

356 804 687 858 descendere
710 803 764 856 in
801 802 1198 872 terram,juxta
1229 802 1360 856 illttd
1384 801 1519 871 psal.
1557 817 1669 856 xvn
1700 818 1714 855 :
1742 821 1759 851 ι
1790 802 2050 857 Ascendit
2079 802 2262 858 fumus
2289 805 2341 857 in
2375 805 2455 858 ira
2479 803 2596 873 ejus
2617 813 2671 859 et
2705 805 2844 874 ignis
2864 819 2892 858 a
2934 804 3074 859 facie
3097 805 3598 874 ejusexarsit,car-

355 894 525 947 bones
554 892 806 947 succensi
840 900 970 947 sunt
1004 892 1072 947 ab
1103 905 1190 947 eo.
1228 910 1246 943 ι
1293 896 1399 945 Aut
1431 891 1485 945 in
1524 898 1822 961 conspectu
1861 890 2143 945 hominum
2168 891 2367 945 dicitur
2398 892 2502 946 hoc
2534 890 2750 955 fecisse,
2778 892 2828 945 id
2860 900 2945 947 est
2972 892 3119 961 quod
3165 894 3240 945 ait
3271 891 3592 961 Apostolus,

358 997 379 1031 ι
416 980 471 1034 In
500 981 757 1050 prodigiis
784 982 1158 1041 mendacibus,
1199 997 1218 1031 ι
1254 979 1380 1049 quia
1405 980 1592 1035 volens
1618 979 1894 1033 occultare
1926 980 2175 1031 morbum
2209 993 2370 1032 suum
2402 976 2692 1043 caducum,
2720 978 2936 1033 dicebat
2957 992 3017 1033 se
3034 978 3231 1033 cadere
3258 994 3325 1034 ex
3354 979 3595 1034 illustra-

358 1068 504 1121 tione
520 1069 698 1138 angeli
729 1068 797 1123 de
817 1070 957 1124 ccelo
980 1070 1045 1123 ad
1082 1081 1141 1122 se
1178 1066 1559 1121 descendentis
1592 1067 1807 1136 sibique
1829 1066 2103 1137 loquentis
2142 1084 2155 1120 :
2190 1066 2256 1119 de
2286 1066 2487 1135 quibus
2522 1065 2729 1135 angelis
2754 1066 2891 1134 psal.
2927 1081 3020 1120 cnt
3045 1074 3099 1120 et
3132 1064 3266 1122 ﬂeb.
3298 1083 3311 1120 ι
3346 1066 3545 1121 dicitur
3580 1086 3592 1121 :

361 1173 381 1207 ι
416 1157 519 1221 Qui
550 1155 686 1211 facit
712 1158 937 1226 angelos
965 1170 1095 1210 suos
1123 1155 1348 1223 spiritus
1377 1165 1430 1208 et
1451 1154 1738 1209 ministros
1767 1170 1898 1209 suos
1928 1154 2201 1208 ﬂammam
2232 1154 2397 1223 ignis.
2424 1172 2442 1203 ι
2480 1153 2815 1207 Deditetiam
2849 1155 3101 1223 spiritum
3131 1153 3350 1224 imagini
3388 1155 3593 1221 bestim,

358 1244 565 1300 faciens
594 1256 649 1299 ut
676 1245 1018 1315 loqueretur,
1052 1243 1272 1313 quando
1298 1242 1467 1312 legem
1499 1258 1612 1297 sua?
1642 1253 1803 1297 secta:
1829 1242 2083 1297 omnibus
2115 1258 2314 1312 magno
2358 1257 2481 1296 cum
2534 1243 2763 1297 horrore
2812 1242 3179 1312 promulgavit
3213 1261 3225 1297 :
3273 1242 3379 1299 hoc
3431 1248 3595 1298 etiam

357 1333 521 1388 modo
560 1332 764 1388 faciens
792 1346 986 1387 omnes
1010 1332 1244 1387 adorare
1266 1331 1558 1400 imaginem
1596 1331 1799 1395 bestie,
1824 1339 1880 1385 et
1919 1330 2093 1400 utqui
2127 1347 2234 1385 non
2274 1331 2536 1385 haberent
2579 1330 2949 1385 characterem
3006 1330 3192 1385 bestiae
3236 1346 3341 1386 non
3374 1342 3598 1400 possent

356 1436 540 1475 emere
563 1431 658 1476 aut
685 1421 920 1476 vendere
954 1439 968 1475 :
1003 1420 1223 1490 quando
1244 1420 1380 1474 dixit
1410 1434 1469 1475 se
1498 1420 1727 1475 missum
1766 1435 1797 1474 a
1831 1418 1941 1473 Deo
1976 1420 2030 1472 in
2065 1419 2267 1489 gladio,
2295 1417 2495 1486 jubeus
2523 1433 2713 1472 omnes
2738 1417 2996 1471 trucidari
3024 1418 3117 1488 qui
3153 1432 3307 1473 suam
3339 1432 3445 1471 non
3472 1434 3596 1473 sus-

354 1507 601 1576 ciperent
635 1516 860 1563 Sectam.
887 1506 1127 1562 Rursum
1160 1523 1267 1561 non
1292 1506 1636 1577 obstatquod
1660 1506 1820 1577 vulgo
1841 1507 2099 1561 dicuntur
2130 1505 2313 1559 Enoch
2351 1516 2405 1559 et
2472 1504 2621 1559 Elias
2649 1505 2860 1559 venturi
2890 1512 2948 1558 ut
2974 1519 3094 1559 sese
3126 1504 3203 1559 illi
3228 1514 3501 1574 opponant
3533 1521 3597 1561 ac

354 1610 478 1649 eum
514 1597 866 1657 eonvincant.
909 1607 1131 1667 propter
1160 1598 1212 1651 id
1256 1598 1401 1667 quod
1430 1598 1631 1651 dicitur
1660 1597 1832 1667 Apoc.
1865 1613 1915 1650 xx
1945 1614 1959 1651 :
1995 1614 2013 1647 ι
2059 1595 2123 1649 Ει
2152 1595 2292 1649 dabo
2316 1594 2527 1649 duobus
2563 1594 2793 1649 testibus
2834 1594 2991 1659 meis,
3020 1603 3073 1648 et
3099 1594 3535 1664 prophetabuut;
3568 1613 3587 1646 ι

354 1684 501 1752 quod
526 1684 648 1739 ideo
671 1684 737 1739 de
762 1683 876 1738 Elia
911 1685 1302 1755 interpretatur
1329 1686 1468 1755 Aug.
1501 1701 1594 1738 xx.
1623 1683 1700 1738 De
1725 1684 1869 1738 civit.
1898 1682 2016 1748 Dei,
2044 1698 2168 1738 cum
2192 1681 2317 1737 aliis
2348 1682 2619 1752 pluribus,
2648 1683 2775 1751 quia
2809 1679 3035 1737 Malach.
3066 1697 3117 1735 tv
3148 1682 3348 1736 dicitur
3380 1700 3394 1736 :
3427 1699 3445 1731 ι
3471 1680 3590 1735 Mit-

355 1780 463 1823 tam
490 1771 645 1826 vobis
678 1772 850 1826 Eliam
880 1773 1199 1842 prephetam
1230 1781 1522 1841 antequam
1552 1771 1736 1825 veniat
1771 1771 1889 1826 dies
1930 1770 2166 1826 Domini.
2192 1790 2215 1822 ι
2261 1770 2505 1823 Alterum
2530 1783 2660 1823 vero
2686 1767 2893 1823 iaciunt
2926 1769 3128 1834 Enoclt,
3158 1770 3285 1839 quia
3313 1766 3449 1823 Gen.
3483 1786 3513 1821 ν
3545 1778 3599 1822 et

356 1861 529 1920 Eccli.
564 1878 685 1918 xmv
708 1865 907 1918 dicitur
932 1864 1115 1919 Enoch
1141 1865 1436 1919 translatus
1465 1872 1518 1918 et
1548 1878 1655 1917 non
1691 1872 1961 1925 mortuus,
1985 1864 2127 1918 sicut
2150 1862 2297 1917 Elias
2327 1878 2494 1917 curru
2529 1862 2688 1933 igneo
2722 1862 2774 1917 in
2795 1862 2991 1917 coelum
3020 1872 3235 1930 vectus,
3262 1861 3325 1917 IV
3368 1861 3501 1934 Reg.
3532 1878 3594 1917 ιι.

356 1950 597 2007 Primum
631 1962 812 2008 autem
847 1970 952 2007 non
984 1953 1184 2007 dicitur
1216 1953 1304 2007 hic
1332 1968 1431 2007 nec
1462 1952 1593 2006 alibi
1632 1954 1684 2005 in
1720 1953 1894 2007 sacris
1928 1949 2149 2004 Litteris
2174 1948 2318 2020 quod
2348 1948 2566 2028 illi.sint
2597 1946 2765 2005 futuri
2796 1958 3001 2005 testes:
3033 1950 3179 2019 quod
3208 1950 3251 2002 si
3295 1951 3456 2005 etiam
3498 1951 3593 2003 ad-

356 2042 685 2104 mitteretur,
724 2055 830 2095 non
859 2049 1137 2111 oporteret
1159 2040 1304 2112 quod
1335 2042 1601 2096 adversus
1638 2040 1809 2109 ipsius
1840 2053 2130 2109 personam
2170 2047 2503 2109 pugnarent,
2544 2038 2636 2092 sed
2667 2038 2799 2093 satis
2825 2046 2970 2093 esset
3008 2038 3153 2107 quod
3190 2038 3452 2094 adversus
3478 2037 3597 2105 ejus

353 2138 559 2185 sectam
586 2129 701 2183 sive
733 2130 968 2200 priorem
993 2130 1245 2193 bestiam,
1284 2139 1378 2184 aut
1405 2130 1569 2183 etiam
1606 2131 1871 2183 adversus
1916 2126 2283 2197 gentilismum
2322 2143 2335 2179 :
2369 2127 2607 2180 maxime
2640 2125 2785 2195 quod
2825 2124 2871 2180 si
2919 2125 3033 2179 haec
3062 2123 3290 2200 Joannis
3339 2125 3597 2179 revelatio

353 2218 549 2272 ordine
588 2196 853 2288 procedit,
888 2217 955 2271 de
989 2218 1186 2272 horum
1224 2218 1506 2289 prophetia
1538 2228 1591 2271 et
1633 2226 1809 2270 morte
1855 2196 2002 2269 illata
2037 2229 2065 2267 a
2107 2214 2278 2269 bestia
2309 2229 2430 2283 quae
2459 2214 2707 2268 ascendit
2737 2213 2801 2268 de
2831 2211 3051 2284 abysso,
3080 2196 3364 2289 ac-e'orum
3414 2227 3598 2267 resur-

354 2285 602 2366 rectione
620 2321 876 2365 narratur
901 2312 1078 2382 capite
1104 2328 1178 2377 tu,
1212 2285 1451 2382 tempore
1474 2311 1725 2366 videlicet
1749 2318 1918 2365 sextae
1947 2311 2090 2364 tubze
2119 2327 2131 2362 :
2164 2324 2329 2379 porro
2360 2310 2534 2364 bestia
2567 2324 2687 2380 qua:
2734 2285 3166 2364 Antichristum.
3187 2308 3477 2378 designare
3508 2310 3595 2363 di-

355 2398 522 2463 citur,
546 2398 753 2453 habens
775 2400 886 2454 duo
916 2415 1119 2455 cornua
1148 2400 1347 2454 similia
1376 2400 1523 2469 agni,
1554 2415 1676 2470 cap.
1709 2415 1805 2453 xttt
1847 2415 1910 2453 ac
1936 2408 2177 2469 tempore
2211 2397 2454 2467 septimae
2495 2398 2639 2452 tubze
2672 2397 2870 2451 dicitur
2901 2397 3198 2452 ascendere
3220 2398 3284 2450 de
3321 2405 3461 2451 terra
3482 2434 3497 2459 ,
3531 2413 3596 2451 eo

354 2484 503 2555 quod
537 2485 580 2539 si
624 2501 794 2555 purus
834 2486 999 2542 homo
1016 2502 1329 2557 quanquam
1373 2487 1638 2542 adventus
1661 2486 1835 2556 ipsius
1861 2484 2021 2539 fuerit
2046 2485 2343 2539 secundum
2373 2486 2742 2555 operationem
2773 2483 3005 2539 Satanae.
3035 2486 3205 2539 Porro
3238 2483 3597 2555 Hieronymus

355 2587 521 2642 super
549 2584 805 2642 quartum
838 2584 1003 2645 caput
1044 2573 1341 2639 Malacltite,
1387 2592 1404 2625 ι
1443 2572 1645 2639 Judaei,
1684 2573 1879 2642 inquit,
1916 2588 1979 2627 ac
2011 2571 2362 2627 Judaizantes
2412 2572 2651 2627 haeretici
2696 2572 2887 2627 dicunt
2928 2571 3100 2627 Eliam
3136 2584 3426 2627 venturum
3471 2584 3598 2627 ante

356 2674 517 2713 suum
546 2661 896 2732 εἰλημμένον,
929 2681 947 2713 ι
988 2661 1133 2727 quod
1160 2677 1221 2715 ex
1247 2676 1313 2717 eo
1339 2662 1576 2716 ostendit
1600 2661 1729 2730 quia
1767 2661 2022 2731 discipuli
2054 2660 2243 2716 Matth.
2280 2677 2389 2714 xvn
2424 2662 2827 2730 interrogarunt
2869 2661 3157 2716 Dominum
3190 2680 3201 2716 :
3236 2679 3255 2711 ι
3293 2660 3432 2727 Quid
3468 2677 3597 2728 ergo

360 2744 566 2801 Scriba:
589 2747 776 2801 dicunt
800 2747 944 2817 quod
971 2747 1141 2801 Eliam
1166 2756 1414 2819 oporteat
1440 2746 1674 2817 primum
1696 2748 1883 2801 venire
1915 2764 1928 2801 :
1968 2766 1986 2799 ι
2020 2748 2113 2802 sed
2148 2747 2361 2801 illorum
2381 2746 2574 2802 falsam
2608 2764 2726 2802 esse
2749 2748 3063 2818 opinionem
3084 2746 3321 2802 ostendit
3345 2746 3598 2802 Christus

354 2845 481 2886 cum
503 2836 793 2900 respondet
821 2854 833 2888 :
871 2853 889 2885 ι
931 2834 1075 2889 Elias
1096 2834 1206 2903 jam
1238 2834 1404 2897 venit,
1438 2844 1621 2888 etnon
1647 2846 2021 2900 cognoverunt
2051 2850 2195 2897 eum,
2222 2838 2315 2891 sed
2352 2836 2597 2891 fecerunt
2628 2838 2680 2890 in
2713 2852 2779 2890 eo
2803 2852 3147 2906 quaecunque
3193 2837 3485 2890 voluerunt
3523 2854 3535 2889 :
3571 2856 3590 2885 ι

355 2920 649 2989 statimque
678 2922 929 2991 sequitur
964 2937 979 2975 :
1012 2940 1031 2973 ι
1062 2921 1213 2975 Tune
1243 2920 1631 2975 intellexerunt
1657 2921 1910 2990 discipuli
1938 2922 2083 2991 quod
2109 2924 2176 2979 de
2204 2923 2413 2979 Joanne
2448 2923 2684 2993 Baptista
2720 2924 2951 2979 dixisset
2982 2924 3135 2991 ipsis.
3168 2944 3187 2976 ›
3231 2924 3597 2995 Hieronymus

353 3021 535 3067 autem
556 3029 619 3067 eo
646 3015 767 3068 loco
796 3029 892 3085 per
917 3012 1090 3067 Eliam
1119 3014 1369 3085 intelligit
1395 3012 1765 3083 prophetiam,
1805 3014 1948 3069 sicut
1984 3016 2145 3085 paulo
2176 3028 2299 3071 ante
2326 3017 2496 3087 legem
2530 3032 2623 3086 per
2650 3015 2858 3071 Mosen.
2891 3015 3172 3085 Siquidem
3214 3032 3310 3086 per
3333 3016 3501 3086 legem
3533 3033 3599 3071 ac

352 3102 694 3173 prephetiam
741 3103 1107 3158 convertenda
1147 3112 1305 3159 erant
1338 3103 1504 3157 corda
1542 3112 1757 3173 patrum
1790 3102 2068 3157 Abraham
2096 3142 2112 3168 ,
2146 3104 2297 3158 lsaac
2329 3114 2382 3158 et
2415 3101 2605 3169 Jacob,
2635 3103 2686 3157 id
2713 3113 2795 3158 est
2816 3103 3158 3173 sequentium
3194 3119 3288 3159 eos
3311 3114 3365 3160 et
3394 3105 3464 3159 ab
3490 3105 3597 3159 illis

352 3198 822 3262 descendentium,
852 3198 918 3253 ad
943 3197 1166 3267 Filium,
1195 3198 1262 3253 ad
1299 3198 1577 3254 Christum
1609 3199 1704 3269 qui
1736 3199 1805 3253 ab
1835 3200 1915 3254 eis
1961 3214 2182 3253 carnem
2237 3208 2567 3269 sumpserat.
2612 3199 2849 3254 ltursum
2912 3196 3101 3253 Matth.
3137 3214 3224 3262 xl,
3271 3199 3501 3269 loquens
3530 3199 3597 3253 de

351 3283 583 3354 Joanne,
626 3307 644 3340 ι
682 3284 781 3342 Hic
807 3286 1123 3356 est,inquit,
1160 3288 1226 3342 de
1250 3303 1358 3357 quo
1381 3288 1643 3357 scriptum
1668 3297 1773 3353 est,
1816 3286 1954 3343 Eree
1983 3302 2082 3357 ego
2118 3288 2272 3341 mitto
2302 3288 2550 3356 angelum
2589 3302 2765 3340 mequ
2794 3286 2885 3357 qui
2916 3273 3241 3356 praeparabit
3271 3288 3411 3342 viam
3446 3297 3596 3341 tuam

352 3384 479 3428 ante
499 3384 572 3440 te,
598 3392 617 3425 ι
657 3373 803 3444 quod
832 3384 942 3429 erat
964 3372 1199 3429 cilicium
1228 3374 1355 3428 Elia:
1384 3385 1439 3428 et
1470 3375 1538 3429 de
1563 3389 1631 3429 eo
1662 3374 2068 3445 intelligebatur
2096 3373 2365 3454 :ideoqtte
2387 3374 2529 3443 quod
2564 3372 2795 3427 Malach.
2829 3390 2881 3428 tv
2915 3374 2982 3428 de
3020 3373 3132 3427 Elia
3165 3375 3398 3441 dicitur,
3447 3374 3595 3444 quod

353 3472 633 3521 convertet
654 3478 747 3516 cor
769 3474 984 3533 patrum
1010 3462 1075 3516 ad
1104 3462 1263 3529 filios,
1287 3462 1528 3526 Gabriel,
1562 3464 1691 3517 Luc.
1724 3478 1762 3527 t,
1790 3463 2122 3516 annuntians
2145 3460 2370 3516 Joannis
2399 3462 2832 3531 conceptionem,
2867 3463 2997 3517 dicit
3021 3464 3160 3518 ineo
3187 3464 3591 3533 complendum.

360 3567 379 3602 ι
416 3550 557 3619 Ipse,
584 3551 777 3621 inquit,
804 3551 1065 3622 praecedet
1097 3537 1225 3605 ante
1251 3551 1403 3604 illum
1432 3552 1485 3605 in
1509 3551 1699 3619 spiritu
1732 3560 1785 3604 et
1804 3550 2001 3605 virtute
2026 3549 2173 3616 Elite,
2203 3560 2259 3603 ut
2281 3558 2566 3604 convertat
2600 3550 2765 3605 corda
2796 3562 3011 3619 patrum
3046 3552 3095 3604 in
3122 3552 3280 3606 lilios.
3320 3571 3338 3602 ι
3380 3550 3477 3606 llic
3511 3560 3594 3605 est

354 3642 723 3698 Autichristus
743 3642 809 3696 de
833 3657 943 3711 quo
977 3641 1113 3696 dixit
1141 3641 1394 3702 Christus
1416 3638 1643 3707 Judzeis,
1666 3639 1825 3695 Joau.
1862 3656 1892 3694 v
1928 3658 1943 3695 :
1990 3658 2008 3690 ι
2047 3638 2159 3709 Ego
2186 3640 2307 3693 veni
2335 3642 2556 3694 nomine
2585 3638 2761 3695 Patris
2786 3640 2891 3694 mei
2927 3649 2979 3694 et
3011 3656 3117 3693 non
3153 3641 3315 3710 recipi
3347 3642 3390 3695 is
3410 3657 3522 3705 me;
3546 3642 3591 3695 si

354 3732 496 3787 alius
522 3732 732 3787 venerit
761 3730 981 3784 nomine
1015 3746 1138 3793 suo,
1168 3730 1321 3784 illum
1358 3730 1654 3799 recipietis.
1690 3748 1708 3780 ι
1738 3728 2015 3798 Siquidem
2034 3728 2162 3783 huic
2188 3725 2361 3781 Judaei
2387 3727 2585 3781 tributa
2620 3730 2763 3783 ultro
2783 3728 3068 3792 dederunt,
3088 3738 3142 3782 et
3185 3730 3311 3782 hinc
3341 3738 3424 3782 cst
3446 3731 3589 3798 quod

354 3820 432 3876 illi
465 3820 669 3875 nationi
698 3834 977 3889 nunquam
1004 3817 1105 3873 fuit
1131 3816 1386 3873 infestus.
1426 3815 1491 3872 Et
1523 3816 1668 3872 sicut
1692 3816 1945 3871 Christtts
1984 3816 2037 3869 in
2076 3830 2307 3887 persona
2343 3814 2561 3884 quidem
2603 3816 2855 3885 apparuit
2893 3816 2946 3869 iu
2980 3816 3090 3869 sola
3137 3816 3423 3870 PaLestina
3450 3855 3463 3879 ,
3497 3815 3591 3871 sed

354 3918 542 3979 postea
564 3922 657 3978 per
689 3921 821 3962 suos
846 3906 1147 3976 discipulos
1178 3904 1451 3976 percurrit
1481 3904 1745 3959 mundum
1787 3904 2134 3971 universum;
2162 3903 2235 3958 ita
2271 3903 2427 3958 ethic
2477 3903 2531 3957 ιιι
2564 3904 2680 3958 sola
2714 3902 2903 3957 Sabma
2940 3904 3154 3956 Arabico
3203 3904 3479 3972 provincia
3536 3903 3588 3957 in

355 4011 586 4066 persona
618 3994 897 4067 apparuit,
933 3994 1026 4049 sed
1052 4009 1149 4064 per
1174 3994 1451 4065 principes
1484 4002 1647 4049 secta:
1683 4008 1796 4047 sua:
1834 4005 2098 4062 sequaces
2126 3991 2391 4061 plurimas
2416 3991 2727 4061 provincias
2760 4006 2825 4045 ac
2868 4006 3031 4060 regna
3075 3992 3383 4060 occupavit.
3420 3991 3592 4061 Cujus

356 4094 600 4139 extrema
626 4083 954 4154 persecutio,
979 4082 1029 4137 id
1062 4091 1167 4145 est,
1195 4090 1528 4153 postremqu
1568 4097 1757 4137 eorum
1789 4096 1913 4135 cum
1940 4078 2055 4151 Cog
2094 4089 2147 4135 et
2174 4078 2363 4151 Magog
2392 4080 2640 4151 prazlium
2673 4079 2836 4134 simul
2880 4094 3001 4133 cum
3048 4080 3370 4149 prmcedenti
3419 4080 3485 4133 ad
3541 4082 3591 4133 id

356 4171 777 4243 apparatu,fieri
804 4179 981 4242 potest
1007 4178 1065 4225 ttt
1093 4170 1251 4225 duret
1282 4186 1375 4240 per
1395 4180 1503 4225 tres
1528 4184 1702 4225 annos
1726 4177 1779 4224 et
1801 4168 2112 4230 dimidium,
2142 4177 2346 4238 quanto
2379 4177 2623 4237 tempore
2652 4167 3019 4222 communiter
3042 4168 3241 4220 dicitur
3271 4168 3589 4221 duraturqu

362 4266 486 4335 ejus
509 4264 826 4334 imperium,
854 4273 1079 4333 propter
1111 4263 1161 4317 id
1187 4262 1332 4333 quod
1354 4261 1554 4316 dicitur
1574 4259 1709 4316 Dan.
1731 4276 1829 4325 vn,
1863 4269 2083 4315 sanctos
2107 4260 2401 4315 tradendos
2430 4259 2482 4312 in
2509 4274 2672 4313 manu
2692 4258 2857 4327 hujus
2890 4259 3073 4313 bestiae
3093 4275 3265 4329 usque
3282 4261 3345 4311 ad
3376 4267 3593 4328 tempus

352 4364 410 4407 et
446 4362 689 4423 tempora
718 4360 773 4406 et
804 4351 1092 4406 dimidium
1126 4348 1428 4420 temporis;
1468 4358 1521 4403 et
1547 4350 1672 4417 quia
1704 4350 1872 4417 Apoc.
1903 4363 1952 4401 χι
1981 4348 2237 4402 dicuntur
2270 4355 2458 4415 gentes
2488 4346 2779 4401 calcatura:
2806 4338 3081 4400 civitatem
3117 4355 3361 4402 sanctam
3391 4348 3592 4401 mensi-

352 4440 463 4497 bus
487 4426 1129 4511 quadraginta'duobus;
1161 4446 1213 4492 ct
1245 4452 1365 4508 cap.
1404 4451 1476 4490 xu
1513 4436 1710 4491 dicitur
1742 4436 1936 4489 mulier
1974 4449 2095 4503 quae
2124 4432 2259 4503 fugit
2293 4442 2601 4503 serpentem
2633 4435 2824 4489 alenda
2851 4450 2881 4489 a
2933 4435 3041 4489 Deo
3070 4435 3123 4489 in
3158 4435 3375 4490 deserto
3401 4435 3592 4491 diebus

355 4524 505 4590 mille
526 4533 777 4589 ducentis
827 4534 1131 4602 sexaginta,
1168 4540 1221 4584 et
1244 4530 1404 4602 paulo
1429 4537 1551 4598 post
1584 4528 1782 4582 dicitur
1805 4527 1990 4581 eadem
2024 4528 2094 4582 ibi
2116 4529 2184 4581 ali
2212 4543 2304 4596 per
2325 4538 2535 4597 tempus
2562 4538 2612 4583 et
2638 4537 2885 4599 tempora
2904 4540 2955 4583 et
2986 4529 3271 4583 dimidium
3296 4528 3589 4599 temporis;

351 4633 409 4680 et
430 4623 593 4679 etiam
630 4623 754 4693 quia
786 4630 939 4675 tanto
965 4600 1207 4687 tempore
1234 4600 1436 4671 dicitur
1471 4617 1524 4669 in
1557 4615 1659 4668 hae
1683 4614 1789 4669 vita
1820 4614 2140 4683 przedicasse
2166 4614 2443 4670 Christus.
2480 4614 2586 4670 Alii
2612 4625 2792 4671 tamen
2814 4617 2972 4671 aliter
3011 4617 3593 4685 interpretanturtent-

351 4728 454 4783 pus
480 4722 533 4767 et
564 4722 808 4780 tempora
837 4718 890 4763 et
919 4706 1206 4761 dimidium
1238 4703 1519 4774 temporis.
1552 4700 1739 4771 Neque
1761 4704 1905 4755 enim
1932 4702 2191 4771 possibile
2218 4704 2557 4773 essetipsum
2594 4711 2705 4757 tam
2734 4719 2900 4774 parvo
2924 4714 3164 4773 tempore
3206 4703 3455 4758 obtinere
3482 4711 3591 4756 tam

356 4802 522 4858 multa
555 4815 720 4870 regna
743 4814 807 4853 ac
834 4795 1166 4868 provincias.
1196 4792 1326 4847 Post
1354 4793 1496 4848 hanc
1532 4803 1712 4847 autem
1748 4802 2049 4847 extremam
2078 4794 2512 4865 persecutionem
2543 4795 2821 4865 plenitudo
2840 4798 3077 4867 gentium
3120 4797 3362 4861 intrabit,
3387 4807 3441 4850 et
3464 4805 3593 4850 tunc

355 4896 536 4951 omnis
564 4892 727 4950 lsrael
758 4890 943 4947 salvus
965 4887 1089 4950 erit,
1116 4894 1175 4941 ut
1213 4885 1377 4940 habet
1417 4884 1637 4953 Paulus,
1668 4884 1827 4940 ltum.
1866 4902 1942 4940 xt.
1977 4887 2301 4958 Quanquam
2336 4889 2480 4943 enim
2508 4890 2670 4944 etiam
2709 4898 2888 4955 antea,
2920 4890 3258 4946 cessantibus
3292 4890 3593 4946 haeresibus

356 5000 419 5040 ac
449 4979 945 5055 persccutionibus,
979 4976 1033 5030 iu
1062 4974 1319 5031 diutttrna
1355 4989 1488 5043 pace
1513 4986 1566 5029 et
1596 4961 1745 5029 cultu
1783 4973 1874 5029 Dei
1908 4976 2164 5042 vixerint,
2194 4992 2318 5046 quae
2347 4977 2510 5032 etiam
2544 4978 2748 5033 dicitur
2782 4979 3117 5034 resurrectio
3167 4980 3340 5049 prima
3373 4997 3386 5034 :
3422 4980 3594 5034 multo

357 5089 538 5134 tamen
568 5076 766 5145 magis,
803 5080 1093 5144 postquam
1119 5080 1364 5125 extremo
1390 5069 1482 5123 illo
1509 5070 1694 5139 pradio
1722 5070 1992 5142 redegerit
2025 5070 2290 5126 Dominus
2328 5071 2393 5125 ad
2436 5071 2867 5127 internecionem
2899 5087 3093 5127 omnes
3145 5087 3276 5127 suos
3314 5072 3589 5126 inimicos.

354 5165 571 5233 Quanto
598 5172 777 5217 autem
815 5169 1059 5229 tempore
1087 5158 1351 5212 duratura
1386 5158 1457 5213 sit
1485 5157 1601 5213 haec
1628 5174 1730 5228 pax
1762 5167 1818 5213 et
1847 5158 2119 5214 securitas
2152 5168 2277 5213 ante
2308 5159 2495 5213 mundi
2527 5160 3056 5214 consummationem
3083 5199 3099 5225 ,
3145 5160 3461 5215 hominibus
3508 5160 3590 5213 itt-

349 5268 559 5313 certum
586 5266 688 5323 est,
720 5254 838 5321 sed,
870 5255 1009 5310 sicut
1037 5253 1114 5308 ait
1135 5249 1412 5318 Christus,
1448 5251 1638 5307 Matth.
1667 5268 1797 5308 xxiv
1824 5269 1838 5307 :
1873 5270 1892 5304 ι
1923 5250 1998 5307 De
2029 5252 2116 5308 die
2160 5253 2250 5307 illo
2274 5261 2328 5307 et
2364 5254 2495 5307 hora
2530 5268 2689 5308 nemo
2718 5254 2839 5319 scit,
2873 5268 2941 5309 ne
2968 5254 3143 5323 angeli
3172 5254 3391 5323 quidem
3420 5255 3587 5309 coelo-
3622 5260 3625 5263 ’

352 5360 494 5400 rum.
525 5363 545 5398 ι
585 5344 641 5399 1d
671 5343 849 5401 solum
883 5350 1102 5397 constat
1127 5339 1273 5411 quod
1311 5340 1471 5411 longa
1502 5340 1594 5395 illa
1631 5355 1765 5410 pace
1798 5354 1863 5394 ac
1897 5342 2214 5403 securitate,
2246 5340 2464 5411 plurimi
2495 5356 2710 5395 rursum
2745 5340 2838 5395 Dei
2878 5340 3084 5395 cultum
3138 5341 3445 5411 relinquent
3489 5360 3502 5395 :
3539 5352 3595 5395 et

353 5448 504 5504 tunc,
535 5446 596 5491 ut
620 5438 697 5491 ait
715 5433 1031 5506 Apostolus,
1063 5432 1083 5487 l
1113 5431 1308 5489 Thess.
1340 5448 1372 5486 v
1395 5450 1409 5487 :
1434 5450 1454 5484 ι
1477 5432 1604 5488 Dies
1626 5432 1837 5486 Domini
1866 5433 2009 5488 sicut
2046 5432 2134 5487 fur
2161 5434 2213 5488 in
2248 5444 2407 5490 nocte
2431 5434 2501 5489 ita
2539 5434 2735 5490 veniet.
2762 5454 2780 5486 ι
2818 5434 2955 5490 Cum
2983 5434 3129 5489 enim
3154 5435 3445 5500 dixerint”
3480 5434 3590 5489 Pax

349 5534 407 5580 et
439 5534 551 5580 tuta
576 5524 779 5587 omnia,
808 5531 935 5576 tunc
961 5520 1278 5591 repentinus
1309 5520 1389 5596 eis
1427 5522 1775 5590 superveniet
1812 5522 2089 5586 interitus,
2119 5521 2261 5576 sicut
2298 5522 2453 5576 dolor
2477 5530 2664 5592 partus
2702 5523 2917 5578 mulieri
2948 5524 3244 5593 pnegnanti
3270 5563 3285 5587 ,
3321 5539 3422 5596 nec
3454 5522 3589 5576 ellu-

347 5615 533 5685 gieut;
578 5632 597 5666 ι
632 5612 776 5684 quod
805 5621 860 5667 et
903 5611 1161 5666 Chrisms
1197 5594 1449 5679 pluribus
1488 5611 1542 5665 in
1600 5611 1733 5667 locis
1773 5610 1928 5677 dixit,
1975 5625 2040 5664 ac
2080 5608 2458 5679 frequentibus
2500 5611 2778 5680 parabolis
2823 5611 3187 5666 adutnbravit.
3218 5594 3373 5675 Quod
3404 5620 3585 5664 autem

346 5702 510 5773 vulgo
536 5701 728 5755 dicunt
778 5699 931 5754 illum
962 5698 1029 5753 de
1056 5699 1201 5754 tribu
1230 5698 1344 5753 Dan
1371 5698 1683 5767 oricudum,
1714 5708 1934 5771 propter
1952 5698 2004 5754 id
2029 5698 2170 5768 quod
2193 5698 2398 5751 dicitur
2426 5695 2563 5752 Gen.
2592 5714 2713 5754 χιιι
2744 5715 2757 5752 :
2790 5721 2808 5749 ι
2844 5696 2962 5753 Fiat
2992 5698 3104 5753 Dan
3140 5698 3363 5753 coluber
3389 5697 3442 5752 in
3476 5698 3584 5761 via,

348 5799 591 5848 cerastes
619 5789 677 5844 in
704 5788 930 5853 semita,
973 5788 1233 5846 mordens
1262 5788 1494 5860 ungulas
1524 5788 1673 5860 equi,
1709 5798 1766 5845 ut
1790 5788 1951 5846 cadat
1988 5800 2252 5844 ascensor
2291 5784 2413 5857 ejus
2451 5796 2637 5852 retro;
2672 5805 2690 5839 ι
2727 5787 2870 5859 quod
2916 5797 3093 5841 tamen
3142 5786 3231 5841 alii
3254 5782 3585 5856 probabilius
