4042 6572
420 415 529 480 493
1347 413 1676 475 ARETH/E
1712 412 2103 478 COMMENT.
2145 413 2228 473 IN
2269 413 2806 475 APUCALYPSIN.
3595 410 3701 479 494

422 530 489 586 ad
517 529 754 583 litteram
798 526 1236 599 interpretantur
1254 526 1317 584 de
1352 527 1661 597 Sampsone
1685 545 1699 582 τ
1723 527 1828 583 dici
1858 534 2035 598 potest
2060 526 2205 597 quod
2244 525 2297 581 id
2332 540 2524 580 verum
2556 525 2648 592 sit,
2675 524 3022 581 nonlittcrali
3047 539 3236 591 sensu,
3265 525 3358 583 sed
3388 525 3659 597 spirituali
3686 546 3699 582 :

419 616 567 686 quod
603 617 748 673 sicut
791 617 908 673 Dan
940 627 1102 673 natus
1129 618 1312 673 fuitcx
1333 617 1533 672 ancilla
1556 615 1749 683 Jacob,
1779 616 2030 673 videlicet
2058 615 2216 682 Bala,
2245 616 2317 671 ita
2369 615 2744 673 Anticbristus
2780 616 2896 672 sive
2923 616 3266 673 Mabumctes
3299 634 3409 674 non
3437 633 3503 672 ex
3526 616 3696 671 libera

419 706 537 759 sive
570 704 714 760 ﬁdeli
750 714 931 775 gente,
973 721 1077 760 nec
1104 705 1421 761 Christiana
1450 718 1552 763 nec
1583 702 1840 769 Judaica,
1873 714 2031 759 ortus
2061 712 2166 770 est,
2205 703 2300 758 sed
2333 717 2401 758 ex
2440 703 2641 758 ancilla
2680 703 2796 758 sive
2846 701 3160 758 idololatra.
3196 702 3352 759 Unde
3395 711 3451 758 et
3475 703 3593 773 ipse
3645 703 3698 756 in

420 791 692 847 Alcorano
719 792 929 847 inducit
958 791 1126 849 Deum
1168 794 1238 849 ad
1270 808 1331 848 se
1367 795 1441 847 ita
1480 791 1796 862 loquentem
1834 809 1847 846 :
1882 811 1900 843 ι
1940 789 2158 863 Pauper
2187 790 2359 858 fuisti,
2383 798 2439 846 et
2466 790 2635 846 dltavi
2665 797 2756 857 te;
2783 790 2944 847 idolis
2970 792 3234 857 serviisti,
3262 801 3317 847 et
3336 791 3530 846 vocavi
3572 800 3642 845 te.
3678 807 3697 840 ι

424 878 646 934 Demum
680 879 996 935 nasciturus
1029 881 1303 936 diciturin
1322 879 1619 952 Babylonia
1661 887 1716 933 ct
1749 879 2075 935 nutriendus
2093 881 2147 934 in
2176 878 2475 942 Cborazin,
2513 878 2646 949 quia
2695 878 2935 934 maxime
2962 888 3016 934 et
3045 878 3284 949 primum
3327 891 3581 948 suscepta
3618 886 3705 931 est

424 981 677 1035 perversa
706 966 883 1036 ipsius
901 976 1050 1022 secta
1080 966 1135 1021 in
1169 966 1469 1038 Babylonia
1500 984 1515 1022 :
1548 976 1602 1025 et
1639 965 1892 1024 Christus
1917 967 1933 997 ί
1956 968 2253 1038 exprobrat
2291 965 2609 1023 civitatibus
2638 966 2910 1022 Cborazin
2940 981 3004 1022 ac
3036 965 3323 1022 Bctbsaide
3345 968 3491 1035 quod
3520 966 3698 1035 ipsum

424 1053 629 1107 nollent
657 1052 925 1123 recipere,
961 1063 1017 1109 et
1048 1061 1236 1109 tamen
1265 1062 1454 1126 postea
1484 1053 1898 1126 promptissime
1928 1063 2134 1111 sectam
2163 1052 2627 1111 Mahumetbicam
2666 1066 2853 1112 essent
2875 1061 3238 1125 suscepturae.
3276 1051 3484 1109 Horum
3518 1060 3701 1108 tamen

424 1141 556 1194 nihil
580 1141 848 1196 assertive
874 1141 1084 1197 dictum
1108 1143 1295 1207 velim,
1323 1143 1419 1198 sed
1444 1150 1657 1198 tantum
1682 1151 1742 1197 ut
1760 1141 1979 1199 occasio
2000 1142 2340 1199 doctioribus
2361 1144 2489 1198 data
2527 1143 2620 1213 sit,
2646 1158 2769 1215 qua:
2791 1143 3149 1215 profundiora
3187 1156 3252 1198 ac
3273 1140 3511 1198 certiora
3546 1150 3701 1211 sunt,

430 1227 829 1297 perscrutandi.

503 1370 524 1404 ⁸
547 1370 742 1426 Matth.
773 1387 852 1427 ιι.

451 1495 3667 1533 mw

1766 1617 1863 1671 EK
1900 1616 2040 1672 ΤΩΝ
2074 1615 2348 1671 ΔΝΔΡΕΔ

966 1732 1059 1807 ’Ῐᾩ
1085 1729 1587 1803 ΜᾹΚΔΡΙΩΤΛΤῼ
1625 1728 2155 1802 ΔΡΧΙΕΠΙΣΚΟΙΙῼ
2187 1728 2607 1785 ΚΑῘΣᾹΡΕῙΑΣ
2643 1730 3147 1789 ΚᾹΠΠΑΔΟΚΙΔΣ

1156 1847 1265 1902 ΕΙΣ
1303 1846 1452 1901 ΤΗΝ
1495 1842 1967 1901 ΔΠΟΚΔΛΥΨΙΝ
2008 1842 2546 1898 ΠΕΠΟΝΗΜΕΝΩΝ
2590 1842 2993 1898 ΘΕΑΡΕΣΤΩΣ

1507 1957 1786 2009 ΣΥΝΟΨΙΣ
1830 1960 2119 2008 ΣΧΟΛΙΚΗ
2154 1960 2613 2011 ΠΑΡᾹΤΕΘΕΙΣΑ

912 2069 1053 2123 ΥΠΟ
1116 2066 1345 2123 ΔΡΕΘΑ
1399 2063 1704 2121 ΑΝΑΞιυΥ
1758 2062 2164 2118 ΕΠΙΣΚΟΠΟΥ
2218 2063 2634 2121 ΚΑΙΣΑΡΕῘΛΣ
2694 2066 3216 2122 ΚΔΠΠΑΔΟΚΙΔΣ.

1437 2337 1726 2400 BREVIS
1763 2337 2134 2413 QUIEDAM
2177 2334 2674 2400 EXPLICATIO

818 2462 933 2523 EX
974 2459 1595 2526 COMMENTARIIS
1651 2463 1734 2523 ΙΝ
1783 2460 2347 2524 APOCALYPSIN
2394 2459 2811 2523 DlVlNITUS
2848 2460 3302 2526 INSTITUTIS

1572 2582 2104 2644 BEATISSIMI
2146 2580 2550 2645 ANDRBE

1404 2707 1891 2761 ARCHIEPISCOPI
1921 2706 2247 2759 CAESARE/FS
2291 2705 2714 2760 CAPPADOCIE

1749 2833 1997 2873 IKEDACTA
2038 2832 2089 2871 IN
2128 2832 2365 2872 οιωιΝειι

890 2940 995 3003 AB
1035 2937 1367 3002 ARETHA
1418 2935 1762 2999 lNDlGNO
1804 2934 2215 2997 CAESAREJE
2259 2932 2793 2997 CAPPADOCIIE
2833 2932 3233 2998 EPISCOPO.

419 3093 627 3142 Tenum
651 3082 942 3149 contulimus
981 3090 1028 3135 et
1050 3080 1499 3149 emendavimtts_ad
1518 3078 1784 3149 editionem
1809 3077 2209 3149 J.-A._Cf_ameri
2228 3092 2378 3149 .anno
2421 3078 2542 3149 18m
2569 3075 2751 3149 Oxonii
2780 3077 2965 3149 datam.
3002 3077 3203 3149 Scholia
3233 3094 3350 3149 pero
3385 3082 3500 3136 bene
3552 3087 3705 3137 mufta

477 3140 586 3216 qua:
617 3161 679 3216 ea:
711 3144 876 3216 codice
913 3144 1211 3216 Qurocciauo
1241 3140 1469 3216 protulit,
1502 3157 1565 3193 an
1597 3142 1793 3216 Areum:
1811 3142 1911 3216 sint
1939 3141 2199 3216 dubitandi
2221 3142 2355 3192 locus
2387 3148 2477 3202 est,
2509 3154 2623 3191 nam
2654 3140 2808 3191 textui
2841 3140 2976 3194 edito
3007 3142 3136 3195 male
3165 3142 3411 3196 culmen!
3443 3153 3487 3199 ct
3510 3161 3705 3200 samum

476 3204 790 3277 perturbant;
823 3208 884 3258 ιώ
916 3206 979 3259 iis
1012 3206 1162 3272 igitur
1192 3204 1398 3258 edendis
1426 3204 1813 3269 supersedimus.
1844 3204 1983 3255 Ευιτ.
2018 3208 2171 3255 Pun.

497 3342 696 3399 ’ἰστέον
727 3343 812 3398 ὅτι
842 3341 943 3412 τὴν
972 3341 1154 3395 πᾶσαν
1190 3336 1582 3409 πραγματείαν
1601 3333 1697 3389 τοῦ
1725 3333 1995 3407 παρόντος
2025 3345 2063 3402 Α

2170 3332 2469 3391 Sciendum
2483 3334 2625 3406 quod
2661 3334 2979 3392 universum
2999 3335 3286 3407 praesentis
3310 3336 3432 3394 libri
3455 3353 3594 3410 opus
3619 3340 3704 3396 vir

420 3436 624 3509 βιϐλίου
661 3436 741 3499 εἰς
774 3433 1228 3503 εἰκοσιτέσσαρας
1266 3430 1458 3497 λόγους
1481 3431 1509 3482 6
1536 3429 1808 3500 μακάριος
1846 3421 2007 3492 οὗτος

2109 3425 2214 3482 iste
2252 3425 2445 3481 beatus
2462 3441 2526 3481 ac
2562 3424 2656 3480 Dei
2685 3436 3010 3498 cooperator
3028 3427 3081 3483 in
3108 3428 3301 3500 viginti
3324 3440 3559 3501 quatuor
3574 3447 3701 3503 par-

418 3534 512 3588 καὶ
568 3531 997 3601 θεοσυνέργητος
1047 3527 1209 3597 ἀνὴρ,
1263 3526 1359 3578 καὶ
1415 3525 1496 3587 εἰς
1538 3522 2007 3594 ἑϐδομηκονταδύο

2108 3527 2190 3575 tes
2223 3534 2320 3575 seu
2350 3520 2665 3586 conciones,
2687 3528 2744 3575 et
2771 3520 2874 3577 bas
2903 3521 2958 3576 in
2999 3523 3345 3594 septuaginta
3373 3526 3486 3580 duo
3518 3526 3700 3597 capita

418 3626 689 3698 κεφάλαια
729 3622 831 3677 οὐκ
869 3618 1147 3683 ἀσυνέτως
1211 3616 1397 3671 διεῖλε.
1452 3616 1863 3687 Τρισσούμενος
1896 3613 2005 3683 γὰρ

2108 3613 2393 3683 aptissime
2426 3614 2634 3669 divisit.
2658 3611 2936 3670 Numerus
2963 3615 3111 3671 enim
3138 3615 3329 3687 viginti
3349 3630 3587 3688 quatuor
3620 3629 3704 3674 ter

416 3724 447 3776 6
483 3716 732 3781 εἰκοστὸς
769 3714 1029 3785 τέταρτος
1051 3710 1307 3784 ἀριθμὸς,
1340 3711 1507 3780 γεννᾷ
1543 3708 1635 3762 τὸν
1669 3708 2005 3779 ἑϐδομηκον-

416 3812 598 3867 ταδύο.
635 3810 695 3865 ’0
737 3808 793 3863 δὲ
826 3806 1071 3869 εἰκοστὸς
1117 3803 1399 3873 τέταρτος,
1426 3800 1519 3855 διὰ
1544 3800 1672 3863 τοὺς
1704 3798 2006 3853 εἰκοσιτέσ-

418 3920 594 3974 σαρας
640 3898 1049 3973 πρεσϐυτέρους
1104 3893 1199 3959 οὓς
1246 3892 1485 3947 ἐνταῦθα
1545 3895 1580 3962 ἠ
1632 3889 2005 3960 ’Λποκάλυψις

418 3994 790 4067 ἐχρημάτισεν
818 3990 1049 4061 ἐλήφθη.
1081 3988 1145 4042 Οἳ
1194 3985 1465 4057 σύμϐολον
1508 3985 1616 4038 τῶν
1663 3982 1758 4036 ἀπ’
1808 3983 2006 4046 αἰῶνος

416 4089 513 4143 καὶ
580 4086 745 4157 μέχρι
795 4082 1109 4144 συντελείας
1172 4076 1627 4151 εὑηρεστηκότων
1690 4075 1798 4129 εἰσὶ
1860 4074 2003 4144 Θεῷ.

430 4177 896 4251 Ἐτριπλασιάσθη
952 4176 1009 4230 δὲ
1063 4168 1219 4238 οὗτος
1246 4175 1276 4229 6
1308 4171 1540 4245 ἀριθμὸς
1573 4168 1667 4222 ἐπὶ
1697 4168 1807 4222 τῶν
1833 4184 2004 4237 κεφα-

419 4272 589 4325 λαίων
624 4271 725 4324 οὐκ
774 4270 1056 4334 ἀσκόπως,
1102 4267 1240 4321 ἀλλὰ
1279 4265 1369 4321 διὰ
1391 4265 1518 4329 τοὺς
1568 4259 2004 4335 εὐαρεστοῦντας

418 4365 541 4434 Θεῷ
562 4361 804 4433 τριμερῆ
839 4358 939 4431 τὴν
968 4360 1268 4413 ὑπόστασιν
1297 4358 1621 4429 ἐσχηκότας,
1666 4355 1867 4426 ψυχῆς,
1902 4353 2005 4406 adt-

424 4475 614 4528 ματος,
649 4457 744 4510 καὶ
771 4453 1106 4525 πνεύματος,
1134 4454 1217 4517 εἰς
1247 4452 1526 4506 οἰκείωσιν
1558 4450 1660 4519 τῆς
1688 4462 2004 4517 παντοκρα-

419 4549 643 4621 τορικῆς
664 4544 1046 4602 κατασπεῦσαι
1074 4545 1326 4616 Τριαδος.
1370 4542 1507 4615 Περὶ
1538 4541 1596 4595 δὲ
1617 4540 1714 4594 τοῦ
1752 4537 2005 4592 θεοπνεύ-

420 4659 547 4695 στου
575 4642 675 4712 τῆς
722 4640 927 4712 βεβλου,
963 4641 992 4692 6
1025 4639 1082 4693 ἐν
1108 4637 1288 4706 ἁγίοις
1331 4634 1631 4698 Βασίλειος,
1659 4632 1755 4687 καὶ
1792 4629 2004 4705 Γρηγο-

2107 3706 2370 3778 repetitus
2382 3706 2637 3778 producit
2649 3708 2992 3779 septuaginta
3007 3708 3137 3767 duo.
3154 3709 3424 3767 Caeterum
3438 3728 3703 3785 numerus

2108 3801 2297 3872 viginti
2319 3810 2558 3872 quatuor
2591 3812 2910 3872 assumptus
2953 3811 3040 3858 est
3088 3815 3313 3873 propter
3334 3803 3529 3876 viginti
3556 3822 3699 3877 qua-

2110 3901 2232 3947 tuor
2255 3893 2501 3949 seniores
2529 3908 2668 3963 quos
2713 3893 2802 3948 hic
2835 3893 3144 3949 nominaxit
3191 3895 3570 3970 Apocalypsis,
3602 3899 3701 3969 qui

2107 3985 2416 4058 symbolum
2460 4000 2527 4041 ac
2556 3986 2773 4057 signum
2800 3994 2931 4043 sunt
2953 4002 3142 4042 eorum
3180 3988 3273 4060 qui
3305 3987 3416 4044 Deo
3444 3991 3702 4061 benepla-

2107 4087 2338 4133 cncrunt
2364 4078 2435 4133 ab
2462 4079 2619 4134 initio
2649 4081 2835 4135 saeculi
2856 4081 3114 4152 usquead
3140 4080 3700 4139 consummationem.

2108 4171 2437 4242 Triplieatus
2459 4180 2547 4229 est
2576 4181 2756 4227 autem
2788 4174 2876 4229 bic
2896 4174 3235 4230 numerusin
3266 4176 3543 4247 capitibus
3588 4192 3700 4233 non

2108 4263 2532 4328 inconsiderate,
2552 4265 2647 4320 sed
2673 4272 2958 4335 propterea
2991 4266 3137 4339 quod
3176 4265 3231 4322 hi
3258 4268 3351 4338 qui
3385 4268 3497 4323 Deo
3538 4268 3701 4324 bene-

2106 4358 2433 4429 placuerunt
2450 4359 2781 4430 tripartitam
2796 4359 3109 4416 habuerunt
3123 4362 3485 4433 bypostasim,
3503 4377 3701 4434 nempe

2108 4453 2163 4506 in
2196 4452 2458 4519 animam,
2502 4467 2704 4523 corpus
2752 4462 2806 4509 et
2855 4454 3137 4524 spiritum,
3196 4457 3269 4511 ad
3305 4457 3695 4513 delineandutn

2108 4543 2617 4614 appropriationem
2664 4545 3062 4617 omnipotentis
3112 4545 3425 4607 Trinitatis.
3470 4548 3547 4606 De
3594 4551 3700 4606 boc

2108 4644 2289 4691 autem
2322 4635 2465 4690 libro
2497 4651 2527 4690 a
2559 4636 2669 4691 Deo
2704 4622 2975 4705 inspirato
3002 4647 3229 4695 sanctus
3268 4638 3521 4704 Basilius,
3558 4640 3700 4696 divi-

420 4751 536 4809 p’to;
563 4737 590 4788 6
626 4734 768 4798 Θεῖος
790 4733 882 4787 τὶν
940 4731 1122 4801 λόγον,
1158 4730 1253 4785 καὶ
1291 4728 1580 4799 Κύριλλος,
1604 4725 1712 4799 ’καὶ
1766 4725 2005 4803 Παπίας,
2039 4717 2063 4774 ε

2114 4745 2294 4800 noque
2329 4744 2583 4786 sermone
2635 4731 2936 4803 Gregorius
2983 4748 3048 4788 ac
3095 4733 3360 4804 Cyrillus,
3394 4734 3592 4805 Papias
3644 4745 3700 4789 et

421 4827 885 4898 xaLEiggggig;,_
933 4827 1032 4880 καὶ
1086 4825 1419 4907 Ἱππόλυτος.
1469 4820 1520 4899 οἱ
1561 4818 2003 4903 ἐκκλησιαστικοὶ

425 4920 955 5001 Πατέρεςίῇχέγγνοι
974 4916 1376 4999 πιστώσασθαι.

2110 4820 2383 4886 lrenaeus,
2435 4836 2501 4877 ac
2552 4820 2878 4895 Hippolytus
2935 4824 3292 4881 ecclesiastici
3353 4825 3542 4882 Patres
3597 4827 3700 4884 ﬁde

2108 4912 2256 4981 digni
2283 4923 2437 4981 sunt,
2477 4915 2679 4984 quibus
2715 4916 2837 4972 sine
2883 4916 2991 4971 ulla
3041 4917 3387 4974 ba’sitatione
3418 4919 3696 4975 credatur.

458 5065 3693 5098 ——-——-—————-—-—’——-‘——-‘——-———————~‘

1287 5182 1655 5238 ΚΕΦΑΛΑΙΑ
1715 5181 1854 5235 ΤΗΣ
1889 5177 2205 5233 IOANNOY
2250 5177 2395 5233 ΤΟΥ
2434 5182 2827 5237 ΘΕΟΛΟΓΟΥ

1763 5297 2348 5354 ΑΠΟΚΑΛΥΨΕΩΣ.

1063 5531 1647 5599 APOCALYPSIS
1685 5527 2052 5595 JOANNIS
2105 5526 2554 5594 THEOLOGI
2609 5528 2871 5594 CAPIT
2879 5531 3060 5594 ULA.

421 5761 488 5820 a'.
534 5766 855 5839 ῌροοίμιοκ
894 5767 1006 5839 τῆς
1048 5768 1538 5838 Ἀποκιιλύψεως,
1568 5766 1777 5824 καὶότι
1805 5766 1880 5823 δι’
1904 5766 2010 5839 ἁγ-

502 5834 681 5904 γέλου
708 5834 871 5906 αὐτῷ
894 5834 1159 5906 δέδοται,

2122 5763 2532 5907 ιάῗῖοαῗζιέἱιιιηι
2558 5769 2923 5842 Apocalypsis,
2956 5781 3003 5826 et
3031 5769 3173 5844 quod
3204 5784 3294 5841 per
3316 5770 3564 5844 angelum
3597 5774 3699 5845 ipsi

2282 5855 2314 5891 a
2386 5856 2402 5890 t
2454 5877 2469 5892 .

2282 5855 2314 5891 a
2346 5855 2469 5892 nm.
