4042 6580
425 474 527 538 501

1479 473 1869 538 COMMENT.
1910 475 1991 536 IN
2033 473 2569 536 APOCALYPSIN.

3554 478 3668 542 502‘

425 585 580 647 τίνος
608 582 718 652 γὰρ
746 577 885 654 ἦσαν
932 583 982 637 οί
1015 583 1162 652 ἆγιοι
1203 581 1416 645 δοῦλοι,
1464 583 1514 634 εἰ
1563 581 1640 652 μὴ
1686 580 1780 633 τοῦ
1819 578 1988 645 θεοῦί

2099 581 2264 651 Cujus
2296 595 2533 651 namque
2564 581 2710 637 servi
2739 590 2868 638 sunt
2891 583 3086 650 sancti,
3115 582 3220 640 nisi
3246 583 3380 641 Dei?
3408 585 3475 641 ad
3502 602 3667 657 quem

426 675 561 747 πρὸς
588 675 648 730 ὃν
679 676 772 731 καὶ
801 677 1037 746 εἴρηται,
1070 676 1152 730 ὃτι
1187 693 1204 726 t
1235 675 1316 729 Τὰ
1339 675 1630 743 σύμπαντα
1659 672 1820 726 δοῦλα
1847 671 1934 725 σά.
1968 690 1988 722 ι

437 768 777 835 Ἐπενεγκὼν
809 767 887 833 δὲ,
918 767 980 820 τὸ
1001 766 1100 838 τὴν
1134 765 1522 836 μυσταγωγίαν
1554 766 1616 819 ού
1642 765 1732 819 τὸν
1760 763 1994 832 Χριστὸν

426 858 747 928 αὐτόχρημα
778 857 928 926 αὐτῷ
960 856 1308 927 καταπρᾶξαι
1331 897 1348 920 ,
1385 858 1432 910 εἰ
1473 857 1547 928 μὴ
1574 855 1661 909 διὰ
1704 854 1795 907 τοῦ
1827 853 1994 922 ἀγγέο

425 948 516 1001 λου
549 947 738 1009 αὑτοῦ,
765 950 824 1002 τὸ
851 949 1144 1018 φιλάληθες
1176 949 1269 1003 τοῦ
1297 949 1396 1020 τήν
1450 947 1818 1016 Ἀποκάλυψιν
1849 949 1996 1018 εἱλη-

426 1041 584 1109 φότος
622 1041 918 1107 ὑπέδειξεν.
967 1041 1332 1111 ’Λποκάλυψις
1360 1041 1418 1095 δέ
1470 1043 1616 1094 ἐστιν
1656 1043 1688 1112 ή
1719 1041 1827 1093 τῶν
1863 1057 1997 1112 κρυ-

427 1133 577 1185 πτῶν
608 1133 921 1205 μυστηρίων
948 1133 1202 1203 δήλωσις,
1236 1134 1718 1204 καταυγαζομένου
1745 1133 1838 1186 τοῦ
1872 1135 1998 1204 ήγε-

429 1224 652 1294 μονικοῦ
680 1225 782 1296 τῆς
808 1225 1016 1296 ψυχῆς,
1052 1226 1160 1278 εἴτε
1192 1227 1277 1280 διὰ
1319 1226 1480 1280 θείων
1521 1226 1838 1296 ὀνειράτων,
1883 1225 1994 1279 εἴτε

427 1317 680 1387 καθύπαρ
709 1318 774 1370 ἐκ
804 1316 954 1380 θείας
987 1317 1325 1388 ἐλλάμψεως.
1353 1317 1586 1387 Δοθῆναι
1612 1317 1668 1370 δὲ
1695 1316 1793 1388 τὴν
1838 1317 1999 1370 Ἀπο-

425 1409 659 1479 κάλυψιν
697 1411 899 1481 ταύτην
952 1412 1136 1482 φησιν,
1184 1411 1668 1481 ἀνθρωπινώτερον
1734 1411 1998 1480 διαχειρι-

425 1500 672 1571 ζόμενος,
706 1502 797 1556 τὸν
841 1501 997 1570 λόγον
1035 1504 1064 1556 6
1098 1506 1240 1567 θεῖος
1289 1494 1442 1565 οὗτος
1489 1501 1845 1564 ’Λπόστολο;,
1880 1501 1996 1554 ἀλλ’

423 1593 522 1663 οὐχ
546 1593 623 1657 ὡς
661 1595 720 1646 ἐν
754 1593 832 1664 τῷ
865 1593 1182 1664 Εὐαγγελίῳ
1213 1593 1308 1646 καὶ
1347 1597 1412 1664 τῇ
1458 1592 1744 1663 Ἐπιστολῇ
1784 1592 1950 1645 αὑτοῦ
1978 1631 1996 1654 ,

425 1685 533 1738 ἀπὸ
568 1685 677 1738 τῶν
722 1685 1009 1756 θειοτέρων
1039 1686 1133 1738 τοῦ
1168 1685 1406 1757 Χριστοῦ
1447 1685 1645 1756 μᾶλλον
1678 1684 1997 1756 ποιούμενος

423 1776 516 1828 τὸν
550 1776 705 1845 λόγον
749 1777 844 1830 καὶ
887 1777 1241 1849 ἐνδιατρίϐων
1282 1777 1488 1842 αὐτοῖς,
1538 1776 1680 1830 οὕτω
1732 1779 1826 1830 καὶ
1875 1775 1994 1841 νῦν,

425 1865 541 1920 ἀλλ’
565 1866 671 1920 ἀπὸ
695 1867 801 1920 τῶν
831 1869 1252 1940 ταπεινοτέρων,
1283 1868 1356 1933 ὡς
1391 1868 1458 1922 ἂν
1485 1869 1735 1940 ύποφήνῃ
1767 1867 1954 1937 σαφῶς
1977 1907 1992 1929 ,

423 1956 498 2018 ὼς
534 1956 734 2026 Ἀμφω
767 1956 833 2011 τὰ
860 1937 1288 2029 θειότερα-λέγω
1323 1958 1417 2011 καὶ
1446 1959 1514 2011 τὰ
1547 1937 1880 2029 ἀνθρώπινα,
1916 1957 1993 2029 τῷ
2028 1937 2069 1992 Β

424 2047 504 2100 ἐνὶ
533 2049 626 2101 καὶ
651 2047 728 2119 τῷ
761 2049 908 2120 αὐτῷ
935 2049 1279 2119 ἐνθεωρεϊται
1304 2049 1524 2120 Χριστῷ
1553 2050 1991 2122 μεταπρέποντα.

423 2138 524 2192 Διά
552 2141 659 2209 γὰρ
683 2139 774 2193 τοῦ
800 2140 1174 2203 διακονοῦντος
1205 2141 1458 2210 ἀγγέλου,
1486 2141 1580 2196 καὶ
1612 2142 1704 2196 τοῦ
1731 2143 1994 2208 ὀνόματος

422 2230 530 2282 τῶν
555 2231 952 2302 μανθανόντων,
986 2233 1067 2284 ὄτι
1113 2231 1324 2296 δοῦλοι,
1353 2232 1413 2285 τὸ
1444 2233 1542 2303 τῆς
1572 2232 1825 2303 θεότητος
1857 2236 1994 2307 Χρι-

426 2321 551 2374 στοῦ
584 2322 836 2392 ἐμφαίνει
874 2321 1129 2392 μέγεθος,
1173 2323 1309 2377 καθὸ
1345 2324 1438 2376 καὶ
1468 2325 1704 2395 εἴρηται,
1745 2327 1825 2378 ὅτι
1861 2344 1879 2378 t
1913 2327 1994 2380 Τὰ

424 2411 717 2480 σύμπαντα
741 2411 905 2465 δοῦλα
938 2413 1025 2467 σά..
1067 2431 1086 2464 ι
1123 2413 1235 2484 Τήν
1278 2413 1502 2467 ἔκϐασιν
1533 2414 1590 2466 δέ
1621 2414 1728 2469 τῶν
1775 2432 1994 2487 χρήμα-

422 2506 719 2576 τιζομένων
751 2508 808 2560 ἐν
839 2507 993 2577 τάχει
1042 2507 1384 2580 ὑπισχνεῖται
1428 2508 1696 2580 προϐῆναι
1720 2548 1736 2572 ,
1776 2509 1874 2580 οὐχ
1918 2509 1994 2573 ὡς

423 2597 630 2668 ἔτυχεν,
663 2599 800 2653 ἀλλά
827 2599 1199 2672 παραμετρῶν
1227 2599 1294 2653 τὰ
1323 2597 1637 2671 ἀνθρώπινα
1664 2601 1776 2663 τοῖς
1806 2598 1992 2665 θείοις,

422 2683 504 2752 οἷς
535 2691 628 2742 καὶ
653 2690 722 2744 τὰ
751 2691 1115 2765 πολυχρονίως
1157 2691 1251 2744 καὶ
1293 2689 1576 2761 χιλιοστῶς
1607 2691 1994 2763 ἐκτελούμενα,

431 2797 451 2830 ι
486 2777 562 2843 ὡς
585 2781 619 2850 ή
650 2779 774 2851 χθὲς
801 2781 1005 2852 ἡμέρα,
1033 2782 1127 2835 καὶ
1163 2783 1197 2852 ή
1243 2783 1300 2835 ἐν
1328 2782 1483 2835 νυκτὶ
1516 2782 1732 2854 φυλακὴ
1763 2803 1781 2836 ι
1816 2784 1994 2854 κρίνε-

353 2914 360 2919 .
422 2888 534 2925 ται.
567 2873 637 2925 Ἢ
660 2873 754 2926 καὶ
776 2873 1184 2946 φιλοτιμότερον
1218 2873 1544 2944 προσϐαλεῖν
1567 2875 1666 2947 τῷ,
1682 2876 1779 2929 Ἐν
1806 2875 1993 2946 τάχει,

421 2961 517 3016 τοῦ
550 2963 931 3034 ἀνυπερθέτως
967 2964 1340 3036 παριστῶντός
1370 2966 1486 3020 ἐστι
1515 2965 1613 3037 τὴν
1644 2965 1868 3020 ἔκϐασιν
1902 2967 1998 3036 λή-

422 3055 620 3125 ψεσθαι
649 3057 719 3109 τά
766 3056 1094 3129 δηλούμενα,
1144 3057 1309 3130 μηδὲν
1339 3058 1439 3127 τῆς
1486 3058 1849 3129 παρατάσεως
1878 3059 1996 3123 οἵας

423 3162 485 3199 τε
517 3145 683 3216 οῦσής
725 3148 783 3200 τὸ
813 3147 1230 3220 συντελεσθῆναι
1263 3149 1630 3219 λυμήνασθαι,
1673 3151 1748 3210 ὡς
1787 3150 1906 3203 οὐδὲ
1936 3148 1996 3202 τὸ

425 3235 664 3309 σήμερον
695 3237 788 3291 τοῦ
821 3237 978 3308 ἐχθὲς
1007 3240 1496 3311 παρατεινομένου,
1525 3240 1621 3294 ἐὰν
1650 3240 1724 3311 μὴ
1753 3242 1833 3304 είς
1858 3242 1994 3311 ὅπερ
2022 3290 2068 3353 C

425 3331 650 3401 ἀφῖχθαι
677 3332 1038 3403 ἀποκείμενον
1067 3332 1342 3405 εὐκαίρως
1374 3335 1524 3405 παρῇ
1561 3334 1832 3405 μηδεμιᾶς
1860 3334 1994 3387 ὑπο-

423 3420 722 3494 λιπομὲνής
744 3424 820 3494 τῷ
841 3424 1128 3498 πράγματι
1155 3424 1487 3496 βραδυτῆτος
1512 3425 1649 3498 πρὸς
1673 3427 1997 3498 καταδοχὴν,

426 3515 1024 3587 ἀποδιαπομπήσασθαι
1049 3517 1341 3588 εὐπρεπές.
1371 3519 1448 3570 Δι’
1475 3519 1707 3586 ἀγγέλου
1737 3518 1792 3571 δὲ
1821 3520 1848 3572 ὀ
1873 3536 1999 3591 χρη·

431 3606 698 3677 ματισμὸς
725 3605 802 3676 τῷ
822 3607 991 3677 δούλῳ
1018 3608 1206 3673 αὐτοῦ,
1234 3609 1291 3672 ὃς
1317 3609 1499 3673 δοῦλος
1530 3609 1879 3682 ἐμαρτύρησε
1907 3612 1998 3665 τὸν

427 3696 583 3766 λόγον
636 3698 729 3752 τοῦ
773 3699 908 3753 Θεοῦ
963 3701 1057 3753 καὶ
1107 3700 1206 3771 τὴν
1253 3702 1558 3772 μαρτυρίαν
1600 3702 1788 3766 αὑτοῦ,
1842 3703 1994 3774 φησί.

429 3789 615 3858 Τούτῳ
635 3788 711 3860 τῷ
741 3793 981 3861 σχήματι
1009 3792 1106 3862 τὴν
1129 3791 1512 3858 διδασκαλικὴν
1546 3792 1710 3846 αὐτοῦ
1741 3793 1998 3863 ἀλήθειαν

432 3879 717 3944 συνιστῶν,
744 3881 838 3932 uel.
861 3883 918 3933 ἐν
949 3881 1300 3950 Εὑαγγελίοις
1327 3883 1598 3954 ἐχρήσατο
1628 3881 1817 3935 εἰπών·
1855 3903 1872 3936 ι
1904 3878 2002 3937 Οὗ-

428 3971 517 4033 τός
550 3973 697 4026 ἐστιν
731 3973 760 4025 6
795 3972 1038 4045 μαθητὴς
1069 3975 1097 4026 6
1147 3973 1440 4045 μαρτυρῶν
1485 3977 1614 4046 περὶ
1659 3975 1852 4029 τούτου
1907 3975 2001 4030 καὶ

430 4063 647 4134 γράψας
699 4065 899 4128 ταῦτα,
954 4067 1050 4119 καὶ
1105 4064 1325 4136 οἴδαμεν
1387 4067 1470 4120 ὅτι
1528 4066 1733 4137 ἀληθής
1791 4070 1998 4139 ἐστινὴ

434 4154 706 4226 μαρτυρία
738 4154 925 4211 αὑτοῦ.
959 4174 979 4208 ι
1029 4156 1114 4220 Ὠς
1143 4149 1235 4209 οῦν
1274 4157 1332 4209 ἐν
1361 4155 1577 4227 ἐκείνῳ,
1609 4155 1750 4209 οὕτω
1783 4156 1878 4211 καὶ
1908 4157 2001 4212 νῦν

432 4262 616 4315 φησιν,
641 4246 722 4299 ὅτι
753 4246 964 4318 μάρτυς
991 4247 1109 4301 ἐστὶ
1156 4246 1250 4299 τοῦ
1289 4245 1546 4314 ὀφθέντος
1581 4244 1730 4317 αύτῷ
1777 4246 1864 4300 διά
1903 4249 2000 4318 τῆς

443 4336 860 4407 ’Δποκαλύψεως
886 4337 987 4408 τῆς
1018 4337 1263 4405 δοθείσης
1285 4336 1434 4410 αύτῷ
1461 4337 1614 4408 παρά
1641 4338 1734 4391 τοῦ
1762 4337 2000 4410 Χριστοῦ

435 4431 770 4502 μαρτυρίας·
807 4431 1136 4502 μαρτυρίας,
1170 4430 1364 4499 λέγων,
1411 4431 1573 4483 οἱονεὶ
1602 4431 2004 4504 διαμαρτυρίας

428 4522 522 4575 τοῦ
544 4522 1018 4593 διαμαρτύρασθαι
1044 4523 1286 4595 δηλονότι
1314 4523 1450 4593 πρὸς
1477 4522 1570 4587 οὓς
1597 4525 1625 4577 6
1646 4524 1802 4593 λόγος
1828 4523 2000 4593 αὐτῷ,

2094 673 2257 728 etiam
2282 673 2485 727 dictum
2514 683 2631 729 est:
2660 691 2685 725 ι
2708 671 2970 740 Quoniam
2997 677 3179 731 omnia
3201 678 3444 734 serviunt
3465 679 3581 734 tibi.
3611 683 3664 734 ἰ

2099 763 2445 836 Suhjungens
2499 773 2680 820 autem
2757 766 2902 836 quod
2948 765 3199 824 Christus
3265 785 3476 824 sacram
3526 771 3670 826 hanc

2097 857 2404 914 doctrinam
2434 872 2543 912 non
2577 858 2798 928 proprio
2821 859 3048 914 oraculo
3071 859 3137 914 ad
3161 861 3339 931 ipsum
3359 862 3663 927 pertulerit,

2096 947 2190 1000 sed
2227 956 2434 1002 tantum
2469 964 2564 1017 per
2607 947 2858 1017 angelum
2897 964 3082 1013 suum,
3132 965 3371 1005 amorem
3421 951 3669 1007 veritatis

2100 1039 2365 1094 iudicavit
2419 1040 2470 1093 in
2523 1055 2591 1094 eo
2634 1040 2728 1109 qui
2775 1038 3158 1110 Apocalypsin)
3203 1052 3508 1111 acceperat.
3568 1043 3664 1098 Est

2099 1141 2281 1185 autem
2339 1131 2696 1202 Apocalypsis
2745 1141 3078 1187 secretorum
3121 1133 3502 1202 mysteriorum
3553 1149 3669 1187 ma-

2100 1222 2379 1278 nifestatio
2414 1241 2428 1276 :
2463 1223 2728 1278 illustrata
2768 1221 2938 1277 animi
2973 1231 3176 1286 mente,
3209 1223 3324 1278 sive
3357 1239 3451 1292 per
3477 1223 3662 1278 divina

2098 1315 2333 1378 somnia,
2359 1313 2473 1369 sive
2496 1329 2560 1370 ex
2579 1314 2761 1369 divina
2779 1315 3126 1384 evidentique
3151 1314 3484 1386 aﬂ‘ulgcntia.
3516 1317 3669 1370 Hane

2098 1421 2224 1459 vere
2266 1406 2641 1476 Apocalypsin:
2673 1407 2852 1460 datam
2885 1421 3010 1462 esse
3039 1406 3192 1473 dicit,
3220 1407 3392 1479 magis
3428 1408 3670 1462 humano

2100 1512 2252 1554 more
2281 1511 2586 1551 sermonem
2615 1496 2912 1566 disponens
2953 1497 3176 1553 divinus
3205 1497 3292 1553 hic
3327 1499 3610 1567 apostolus
3650 1517 3664 1552 :

2098 1601 2274 1645 etnon
2297 1589 2758 1659 quemadmodum
2781 1589 2836 1644 in
2858 1588 3151 1658 Evangelio
3177 1600 3230 1644 et
3254 1590 3490 1660 Epistula
3544 1606 3666 1652 sua.

2099 1698 2129 1737 a
2162 1682 2533 1737 diviniorihus
2569 1681 2751 1750 petius
2793 1696 2916 1751 quae
2949 1681 3004 1736 in
3033 1681 3255 1736 Christo
3281 1690 3410 1736 sunt
3459 1697 3670 1738 senun-

2101 1788 2222 1829 nem
2265 1773 2398 1827 texit
2424 1782 2476 1828 et
2510 1774 2563 1827 in
2594 1772 2674 1828 eis
2702 1781 2969 1837 versatur,
3004 1774 3076 1826 ita
3105 1782 3159 1828 et
3186 1773 3450 1839 nunc,sed
3474 1773 3542 1826 ah
3571 1772 3671 1824 lm-

2100 1865 2402 1920 miliorihus
2437 1883 2449 1920 :
2480 1873 2732 1935 tanquam
2767 1875 2953 1934 aperte
2987 1865 3319 1934 signiﬁcaret
3341 1866 3483 1935 quod
3516 1875 3667 1918 utra-

2098 1971 2222 2025 que,
2255 1955 2459 2020 divina,
2490 1957 2732 2025 inquam,
2763 1965 2819 2010 et
2847 1955 3108 2022 humana,
3146 1956 3198 2010 in
3231 1971 3338 2010 uno
3369 1958 3671 2025 eodemque

2097 2046 2315 2104 Christo
2367 2046 2754 2102 convenienter
2795 2046 3222 2115 perspiciuntur.
3263 2047 3541 2116 Siquidem
3571 2061 3670 2116 per

2097 2137 2491 2194 ministrantem
2524 2137 2794 2206 angelum,
2819 2146 2875 2194 et
2910 2153 3106 2194 nomen
3134 2153 3322 2194 eorum
3347 2139 3437 2208 qui
3467 2139 3667 2193 docen—

2097 2237 2203 2294 tur,
2237 2245 2428 2299 nempe
2463 2229 2606 2299 quod
2633 2231 2771 2284 servi
2803 2231 2930 2297 sint,
2982 2229 3320 2299 maiestatem
3364 2228 3666 2285 divinitatis

2095 2325 2300 2380 Christi
2337 2325 2654 2380 manifestat
2686 2343 2700 2380 :
2733 2325 2891 2395 juxta
2924 2326 2974 2380 id
3017 2326 3163 2396 quod
3192 2326 3358 2380 etiam
3399 2325 3662 2394 scriptum

2094 2428 2200 2482 est,
2243 2437 2262 2470 ι
2298 2417 2563 2485 Quoniam
2596 2418 2777 2471 omnia
2807 2418 3050 2472 serviunt
3081 2417 3196 2473 tibi.
3241 2436 3260 2468 ι
3305 2415 3477 2472 Porro
3500 2432 3666 2471 even-

2096 2520 2209 2564 tum
2232 2524 2422 2566 eorum
2453 2523 2575 2578 quae
2609 2516 2916 2564 tractantur
2949 2509 3098 2564 brevi
3120 2507 3404 2578 pollicetur
3432 2516 3666 2563 eventu-

2096 2615 2214 2653 rum
2257 2619 2273 2656 :
2309 2615 2415 2656 non
2447 2599 2653 2669 vulgari
2691 2600 2876 2664 modo,
2910 2600 3005 2656 sed
3045 2602 3278 2658 metiens
3317 2605 3552 2658 humana
3587 2601 3670 2656 di-

2095 2692 2236 2748 vinis
2276 2710 2290 2748 :
2324 2707 2556 2762 quorum
2590 2691 2881 2748 collatione
2911 2693 3072 2748 etiam
3109 2707 3172 2748 ea
3198 2707 3322 2764 quae
3349 2693 3669 2764 longissimo

2095 2798 2336 2852 tempore
2382 2793 2435 2840 ct
2466 2791 2591 2852 post
2629 2783 2833 2839 multos
2868 2797 3137 2839 annorum
3174 2784 3508 2840 millenarios
3534 2798 3664 2839 eve-

2098 2875 2576 2946 uiunt,¢tanqnam
2608 2875 2724 2930 dies
2755 2875 3006 2930 hesterna
3036 2883 3091 2929 et
3114 2882 3374 2930 nocturna
3405 2873 3586 2944 vigilia
3606 2874 3658 2926 ³»

2096 2976 2435 3033 reputantur.
2472 2966 2582 3021 Aut
2625 2967 2788 3022 etiam
2842 2965 3112 3020 curiosius
3135 2973 3190 3020 et
3231 2965 3496 3032 exactius,
3517 2965 3680 3036 quod.-

2095 3059 2279 3124 addat,
2311 3058 2451 3125 Cito,
2479 3059 2836 3115 infallibiliter
2863 3059 3288 3117 demonstrantis
3311 3068 3397 3116 est
3423 3059 3569 3129 quod
3599 3073 3664 3113 ca

2095 3165 2218 3222 qua:
2274 3149 2692 3204 manifestantur
2746 3149 2858 3204 sint
2901 3156 3152 3203 eventum
3205 3147 3490 3211 sortitura,
3526 3146 3671 3202 sicut

2098 3242 2228 3297 nihil
2259 3241 2627 3312 impedimenti
2646 3240 2816 3312 possit
2848 3237 3042 3294 τιθοῖτο
3067 3238 3252 3295 dilatio
3279 3238 3410 3308 quin
3437 3237 3672 3308 comple-

2099 3343 2281 3391 antur.
2308 3335 2772 3402 Quemadmodum
2797 3349 2970 3404 neque
2990 3332 3232 3388 hesterni
3257 3332 3366 3387 diei
3392 3331 3681 3402 protensio

2100 3428 2363 3499 impedire
2392 3437 2568 3498 potest
2593 3426 2940 3490 hodiernum,
2975 3425 3080 3480 nisi
3107 3425 3254 3496 quod
3283 3431 3535 3495 oporteat
3559 3423 3676 3478 dif-

2101 3509 2229 3576 ferri
2266 3521 2440 3575 donec
2459 3528 2762 3589 opportune
2786 3517 2950 3582 adsit,
2978 3517 3132 3588 quod.
3156 3517 3210 3571 in
3233 3516 3338 3572 hoc
3365 3516 3663 3586 repositum

2099 3623 2182 3668 est
2216 3620 2274 3668 ut
2304 3611 2604 3682 contingat,
2635 3611 2781 3665 nulla
2801 3610 2926 3665 huic
2960 3609 3037 3664 rei
3061 3624 3212 3663 mora
3230 3608 3418 3663 relicta
3446 3608 3512 3662 ad
3537 3623 3667 3663 suc-

2101 3704 2422 3760 cessionem.
2455 3702 2617 3776 647
2647 3701 2749 3758 Per
2779 3702 3029 3773 angelum
3053 3710 3232 3756 autem
3261 3701 3320 3756 tit
3346 3699 3666 3754 vaticinium

2102 3811 2260 3852 servo
2292 3795 2484 3865 ipsius,
2505 3798 2599 3866 qui
2625 3810 2814 3850 servus
2844 3794 3216 3850 testimonium
3242 3791 3522 3862 perhibuit
3549 3806 3668 3845 ser-

2102 3889 2250 3942 moni
2288 3887 2379 3942 Dei
2408 3897 2462 3942 et
2482 3888 2720 3944 sermoni
2751 3902 2872 3952 suo,
2907 3886 3109 3958 inquit.
3133 3886 3246 3942 iloc
3272 3883 3486 3941 dicendi
3514 3892 3672 3952 tropo

2101 3994 2210 4048 quo
2229 3995 2383 4035 suam
2405 3979 2688 4034 veritatem
2706 3977 2951 4034 docendo
2986 3987 3167 4048 aptam
3193 3976 3428 4032 ostendit
3449 3983 3502 4029 et
3524 3989 3674 4031 eom-

2105 4071 2344 4134 mendat,
2362 4071 2524 4124 etiam
2554 4069 2616 4124 in-
2642 4068 2956 4140 Evangeliis
2983 4084 3115 4124 usus
3143 4077 3247 4134 est,
3267 4069 3458 4124 dicens
3483 4084 3497 4121 :
3529 4085 3547 4118 ι
3575 4063 3676 4120 llic

2102 4172 2184 4218 est
2218 4162 2488 4232 dicipulus
2523 4162 2612 4216 ille
2642 4161 2734 4232 qui
2784 4161 3160 4218 testimonium
3197 4159 3447 4230 perhibet
3479 4158 3544 4212 de
3586 4157 3672 4213 his

2102 4261 2156 4307 et
2187 4252 2403 4322 scripsit
2432 4252 2568 4317 haec,
2601 4260 2654 4306 et
2684 4250 2889 4307 scimus
2921 4249 3064 4322 quod
3100 4265 3286 4306 verum
3319 4258 3403 4304 est
3427 4247 3674 4303 testimo-

2103 4347 2253 4400 nium
2295 4345 2462 4415 ejus.‘
2500 4362 2519 4396 ι
2559 4345 2712 4400 Sicut
2749 4358 2878 4416 ergo
2910 4343 2965 4398 in
3004 4357 3070 4398 eo
3118 4341 3281 4404 libro,
3317 4340 3393 4397 ita
3422 4349 3476 4394 et
3528 4352 3676 4392 nunc

2103 4436 2234 4492 dicit
2277 4436 2422 4505 quod
2449 4435 2603 4491 testis
2653 4435 2725 4491 sit
2753 4435 2871 4506 ejus
2909 4434 3052 4506 quod
3093 4434 3196 4490 sibi
3233 4433 3668 4488 demonstratum

2102 4535 2207 4588 est,
2240 4535 2459 4597 propter
2489 4525 2798 4582 testimonia
2846 4526 2986 4582 data:
3027 4525 3129 4582 sibi
3163 4540 3194 4580 a
3220 4524 3438 4579 Christo
3476 4536 3673 4591 apoca-

431 4613 510 4675 εἰς
554 4611 863 4676 Ehodum”
912 4611 1127 4676 έαυτθδν
1175 4613 1431 4682 μάρτυρα
1480 4606 1621 4668 εἶναι
1669 4613 1861 4667 ἑαυτὸν
1904 4614 1999 4668 τοῦ

2111 4615 2300 4689 lypsis,
2325 4617 2635 4672 testimonia
2663 4617 2852 4674 dicens
2874 4619 3041 4674 veluti
3069 4616 3487 4688 protestationes
3517 4629 3679 4684 quas-

430 4700 686 4769 ὀφθέντος
728 4700 875 4770 ἁῦτῷ
907 4700 1054 4755 θείου
1086 4702 1245 4770 λόγου
1281 4701 1370 4755 διὰ
1403 4702 1502 4771 τῆς
1557 4703 1998 4773 Ἀποκαλύψεως.

433 4793 565 4846 ΤΞνα
594 4793 651 4847 δὲ
679 4793 1157 4866 διαμαρτύρασθαι
1188 4795 1282 4847 καὶ
1322 4795 1557 4867 κηρύξαι
1582 4797 1662 4858 εἰς
1692 4795 2002 4860 ἐξαθώωσιν

434 4888 626 4941 ἐαυτοῦ
655 4905 669 4953 ;
696 4889 777 4943 Τά
793 4906 849 4942 τε
871 4889 1023 4952 ὄντα,
1050 4889 1120 4942 τά
1141 4905 1199 4940 τε
1231 4888 1487 4958 ἐσόμενα,
1519 4887 1555 4942 ἃ.
1585 4887 1678 4942 καίΙ
1712 4905 2000 4958 παραστα-

431 4978 581 5042 τικά,
626 4979 720 5032 an
754 4981 1062 5052 προφήτου,
1107 4980 1199 5033 τοῦ
1241 4997 1299 5032 τε
1334 4978 1630 5041 ἐνεστῶτος
1677 4979 1868 5052 χρόνου
1905 4979 2001 5033 καὶ

431 5070 525 5124 τοῦ
567 5071 870 5140 μελλόντος.

2108 4711 2256 4777 dam,
2297 4711 2647 4779 protestando
2692 4711 2942 4768 videlicet
2990 4712 3249 4767 adversus
3285 4709 3407 4764 illos
3479 4707 3676 4777 quibus

2108 4801 2209 4872 ipsi
2234 4818 2415 4858 sermo
2443 4812 2579 4867 erat,
2606 4813 2666 4859 ut
2702 4819 2824 4860 sese
2861 4819 2891 4859 a
2929 4813 3151 4874 peccato
3181 4800 3675 4857 incontaminatum

2107 4893 2376 4960 redderet,
2411 4895 2554 4963 quod
2592 4895 2744 4950 testis
2772 4905 2890 4951 erat
2939 4895 3108 4950 divini
3157 4893 3428 4949 sermonis
3459 4905 3556 4961 per
3594 4903 3680 4943 re-

2106 4983 2430 5040 velationem
2459 4987 2562 5042 sibi
2597 4987 2973 5042 demonstrati.
3015 4986 3280 5054 Quaenam
3317 4994 3504 5040 autem
3539 4997 3676 5052 pro-

2107 5077 2292 5131 testari
2322 5093 2384 5132 ac
2423 5078 2719 5150 prmdicare
2747 5079 3007 5149 Opo'rtuit,
3029 5088 3085 5134 ut
3121 5094 3242 5135 sese
3270 5093 3300 5132 a
3337 5082 3560 5148 peccato
3600 5074 3681 5126 in.

433 5160 860 5215 contaminatum
895 5164 1178 5217 redderet?
1201 5162 1266 5217 Et
1297 5179 1418 5236 quae
1443 5162 1731 5233 praesentia
1770 5168 1927 5216 erant
1958 5171 2012 5218 et
2050 5180 2171 5236 quae
2216 5164 2436 5222 futura:
2479 5184 2601 5240 quae
2674 5171 2842 5226 etiam
2877 5179 3142 5242 tauquam
3177 5169 3460 5242 prophetat
3508 5164 3677 5220 dicta.

436 5261 647 5319 tempus
678 5268 915 5323 pmsens
943 5270 1007 5309 ac
1037 5254 1276 5312 futurum
1311 5255 1696 5310 manifestam:

505 5346 662 5400 Ὅσα
691 5364 754 5401 τε
777 5343 957 5402 εἶδεν.
995 5348 1084 5402 Ἐν
1111 5349 1282 5422 ἐτέρῳ
1338 5349 1658 5419 ἀντιγράφῳ
1690 5347 1999 5419 πρόσκειται

2178 5344 2582 5418 Ειζᾳιιωσιιιιιιιιε
2612 5345 2760 5402 uidit.
2786 5345 2844 5401 In
2861 5347 2974 5403 alio
2986 5348 3283 5418 exemplari
3311 5347 3589 5402 adduntur
3626 5355 3682 5401 et

434 5439 530 5490 καὶ
575 5438 763 5491 ταῦτα·
796 5439 894 5492 καὶ
926 5439 1041 5494 ὅσα
1069 5439 1331 5509 ἤκουσε,
1372 5440 1470 5494 καὶ
1531 5439 1704 5494 ἅτινα
1736 5440 1876 5505 εἱσι,
1912 5439 1999 5494 καὶ

2108 5441 2241 5504 haec,
2257 5437 2325 5492 Et
2347 5455 2668 5509 quotcunque
2685 5437 2908 5506 audivit,
2921 5449 2970 5493 et
2988 5456 3105 5510 qua:
3117 5437 3263 5505 sunt,
3278 5449 3327 5493 et
3345 5454 3460 5509 qua:
3476 5446 3678 5506 oportet

429 5519 608 5582 [intra
667 5529 763 5583 δεῖ
787 5532 1064 5599 γενέσθαι
1088 5532 1238 5600 μετὰ
1273 5531 1479 5586 ταῦτα.
1529 5531 1586 5583 Ὀ
1619 5532 1852 5603 Χριστός
1889 5549 1999 5602 μοι,

2105 5516 2222 5597 ﬁeri
2249 5529 2494 5598 posthinc.
2515 5528 2784 5594 Christus,
2805 5528 3002 5600 inquit,
3025 5528 3156 5582 mihi
3173 5525 3536 5582 manifestavit
3560 5532 3681 5578 tan-

436 5621 622 5689 φησὶν,
683 5621 1030 5692 ἐφανέρωσεν
1086 5622 1162 5685 ὡς
1229 5623 1495 5692 δεσπότης
1543 5621 1622 5692 τῷ
1687 5622 1858 5693 δούλῳ
1908 5623 1999 5676 αὐ-

2106 5635 2267 5691 quam
2287 5621 2546 5678 Dominus
2561 5636 2719 5678 servo
2735 5638 2835 5679 suo
2857 5631 2936 5677 :ut
2954 5638 3049 5693 per
3064 5636 3264 5692 eaquae
3281 5620 3396 5675 visa
3413 5626 3540 5674 sunt
3553 5632 3680 5689 pro-

434 5713 552 5778 τοῦ,
588 5714 672 5782 ἐφ’
709 5709 753 5784 ᾧ
791 5715 880 5770 διὰ
905 5715 1012 5770 τῶν
1050 5715 1360 5788 ὀραθέντων
1394 5713 1871 5786 διαμαρτύρασθαι
1915 5713 1999 5768 καὶ

2108 5721 2338 5770 tcstarer
2353 5729 2413 5770 ac
2429 5715 2804 5786 prmdicarcm,
2826 5715 2892 5773 ad
2911 5713 3317 5772 conversionem
3333 5711 3685 5770 auditorum:

536 5892 558 5924 ²
594 5890 736 5950 Psal.
772 5911 952 5958 cxvni,
988 5895 1076 5952 9].
1179 5896 1198 5928 ³
1231 5893 1374 5951 Psal.
1417 5910 1640 5959 LXXXIX.
1669 5894 1722 5949 .‘i.
1798 5895 1818 5927 ⁸
1853 5893 2046 5952 .Ιο;ιιιιι.
2080 5911 2190 5958 χχι,
2221 5893 2313 5952 2L
