4034 6576
405 451 510 515 ΞΟἸ

1212 451 1541 515 ARETl-I/E
1581 457 1958 518 C/ESAREJE
1996 456 2477 518 CAPPADOCL-E
2523 455 2864 517 EPISCOPI

3567 444 3672 511 504

403 572 461 616 et.
481 576 602 631 qum
627 561 1044 634 suntlatentque
1071 563 1344 631 homines,
1375 577 1431 622 et
1458 584 1580 638 qua:
1608 569 1791 626 futura
1816 581 1982 626 sunt:

2093 569 2325 642 κηρύξαι
2377 569 2516 640 ergo;
2563 567 2902 638 ἐπιστροφὴν
2957 565 3067 620 τῶν
3121 563 3451 630 ἀκουόντων,
3503 565 3573 621 τά
3614 583 3674 619 τε

405 663 637 723 utraque
667 654 814 708 enim
843 655 1169 724 prophetice
1200 657 1339 712 vidit
1371 675 1384 712 :
1413 660 1583 714 veluti
1611 675 1675 714 ex
1708 674 1774 715 eo
1807 661 1983 716 mani-

405 743 706 798 festum-est
736 744 879 812 quod
909 745 1066 808 dixit,
1088 743 1219 813 Quzc
1238 760 1360 804 sunt
1386 760 1440 804 et
1466 766 1587 821 qum
1608 761 1820 822 oportet
1846 751 1982 808 ﬁeri.

401 834 535 889 Nam
571 835 686 890 haec
707 836 1137 895 demonstrativa
1166 851 1296 897 sunt
1328 845 1589 913 temporis
1611 848 1896 915 praesentis
1922 863 1986 902 ac

403 926 594 992 futuri,
627 927 772 984 circa
800 945 922 1002 qua:
939 933 1102 989 etiam
1119 937 1540 1010 estapprobatio
1568 940 1981 1012 prophetarum.

477 1194 675 1251 Beatus
714 1198 804 1267 qui
840 1197 964 1264 legit
993 1209 1042 1252 et
1065 1201 1158 1269 qui
1179 1201 1405 1255 audiunt
1434 1203 1590 1258 verba
1607 1206 1896 1274 prop/retice
1934 1217 1981 1261 et

401 1297 609 1340 servam
651 1303 713 1341 ea
751 1305 870 1356 qua:
895 1291 946 1342 in
993 1291 1109 1359 ipsa
1141 1293 1342 1362 scripta
1385 1303 1530 1347 sunt.
1577 1294 1800 1365 Tempus
1845 1300 1980 1352 enim

398 1395 560 1447 prope
579 1391 678 1434 est.

459 1470 761 1527 Prudenter
810 1474 1104 1529 admodum
1146 1476 1334 1533 beatos
1385 1481 1679 1548 prredicat,
1729 1500 1836 1539 non
1887 1485 1980 1555 qui

400 1563 576 1617 solum
613 1564 834 1634 legunt:
879 1566 1148 1634 siquidem
1213 1569 1370 1624 multi
1417 1571 1488 1624 ita
1535 1573 1711 1627 forent
1738 1577 1874 1629 beati
1905 1578 1980 1630 le-

399 1655 616 1724 gendo:
651 1657 746 1711 sed
781 1658 874 1728 qui
905 1659 1066 1713 etiam
1111 1660 1361 1725 audiunt,
1389 1663 1593 1718 ellicaci
1652 1666 1902 1722 videlicet
1930 1679 1983 1724 et

311 1783 316 1787 -
399 1749 680 1816 operativo
715 1751 942 1805 auditu:
974 1751 1177 1821 quibus
1215 1754 1382 1808 etiam
1440 1754 1704 1812 Dominus
1750 1767 1980 1815 testatus

399 1851 483 1894 est
521 1857 796 1915 vereesse
826 1843 1096 1910 auditum,
1129 1859 1253 1899 cum
1291 1846 1376 1899 his
1421 1849 1602 1903 Verbis
1633 1852 1698 1903 de
1741 1850 1821 1906 eis
1857 1853 1975 1907 ait:

2087 662 2216 716 ὄντα
2250 665 2344 717 καὶ
2396 663 2523 726 τοὺς
2573 660 2898 731 ἀνθρώπους
2948 657 3308 722 λανθάνοντα,
3337 658 3407 711 τά
3460 674 3520 710 τε
3549 657 3678 726 μέ).-

2087 753 2248 808 λοντα
2311 753 2553 807 ἔσεσθαι.
2603 751 2964 824 Προφητικῶς
3019 751 3129 822 γὰρ
3189 750 3438 822 ἑώρακεν
3492 749 3673 819 ἀμφό-

2085 865 2239 917 τερα.
2291 845 2404 900 Kal
2436 846 2594 916 δῆλον
2625 848 2690 898 ἐκ
2719 843 2814 898 τοῦ
2848 843 3120 914 εἰρῆσθαι,
3154 843 3365 897 Ἃτινα
3400 840 3540 906 εἰσὶ,
3577 841 3673 894 καὶ

2085 939 2125 994 ἅ
2162 939 2278 1009 χρὴ
2309 937 2607 1009 γενέσθαι.
2641 936 2828 991 Ταῦτα
2875 937 2986 1006 γὰρ
3036 935 3426 1005 παραστατικὰ
3465 933 3560 986 τοῦ
3593 935 3676 985 ἐν.

2089 1033 2326 1096 εστῶτος
2356 1032 2550 1103 χρόνου
2578 1032 2673 1085 καὶ
2713 1028 2810 1083 τοῦ
2845 1029 3150 1101 μέλλοντος,
3195 1044 3261 1079 πε
3274 1027 3325 1097 pl
3369 1025 3405 1079 ὃ.
3439 1026 3532 1079 καὶ
3567 1025 3677 1080 τῶν

2086 1127 2385 1198 προφητῶν
2411 1125 2472 1178 τὸ
2505 1124 2819 1194 εὐδόκιμον.

2154 1217 2459 1286 Μακάριος
2480 1220 2512 1271 d
2532 1214 2965 1285 ἀναγινώσκων
2987 1214 3084 1270 καί
3107 1215 3163 1267 οἱ
3184 1213 3512 1276 ἀκούοντες
3533 1209 3675 1273 τοὺς

2083 1311 2303 1378 λόγους
2351 1307 2461 1377 τῆς
2513 1307 2899 1377 προφητείας,
2949 1306 3048 1358 καὶ
3107 1303 3432 1373 τηροῦντες
3479 1301 3552 1356 τὰ
3604 1301 3675 1354 ἐν

2083 1400 2238 1470 αὐτῇ
2267 1399 2662 1471 γεγραμμένα.

2152 1493 2462 1564 Μακαρίζει
2493 1491 2793 1563 προμηθῶς
2835 1491 2978 1560 ἄγαν
3010 1490 3071 1543 οὐ
3105 1490 3230 1552 τοὺς
3261 1487 3670 1557 ἀναγινώσκονο

2082 1606 2181 1652 τας
2221 1589 2415 1659 μόνους
2447 1587 2656 1657 (πολλοὶ
2688 1585 2796 1656 γὰρ
2831 1585 2903 1639 ἂν
2927 1581 3068 1655 ἦσαν
3105 1583 3370 1652 μακάριοι
3418 1580 3592 1643 οὕτως
3621 1581 3671 1633 οξ

2081 1679 2597 1756 ἀναγινώσκοντες),
2625 1676 2763 1730 ἀλλὰ
2780 1677 2872 1730 καὶ
2898 1676 3024 1738 τοὺς
3046 1673 3343 1734 ἀκούοντας
3368 1672 3672 1742 ὲμπράκτῳ

2080 1774 2278 1846 δηλαδὴ
2311 1775 2469 1844 ἀκοῇ.
2503 1767 2598 1836 Οἷς
2629 1771 2724 1826 καὶ
2747 1773 2775 1824 ὁ
2806 1769 3012 1840 Κύριος
3035 1767 3113 1838 τῷ
3138 1767 3252 1821 livet
3284 1763 3672 1836 ἐμαρτύρησεν

2081 1866 2273 1936 ἀκοὴν,
2325 1866 2463 1936 πρὸς
2509 1864 2642 1928 τῶν,
2695 1865 2752 1917 ὲν
2794 1857 2875 1926 οἷς
2924 1875 3130 1932 φησιν’
3185 1878 3205 1912 ι
3267 1860 3324 1913 '0
3365 1858 3503 1929 ἔχων
3555 1851 3671 1909 ὦτα

404 1933 536 2000 «Qui
570 1935 732 1990 habet
767 1952 930 1992 aures
957 1937 1238 2001 audiendi,
1279 1939 1491 1994 audiat.
1517 1943 1540 1972 ⁸
1573 1959 1592 1993 ι
1627 1942 1696 1996 Ει
1726 1945 1852 2012 quis
1892 1955 1974 2000 est

2090 1957 2324 2021 Ξκούειν,
2359 1957 2626 2011 ἀκουέτω.
2663 1974 2681 2008 ι
2729 1956 2840 2009 Kal
2869 1955 2954 2019 τίς
2981 1945 3174 2020 οὖτοςς
3205 1953 3231 2005 ὁ
3259 1950 3361 2020 τὴν
3399 1948 3672 2019 ἀκουστὴν

399 2027 529 2080 hic?
569 2029 616 2082 is
641 2029 735 2098 qui
773 2029 960 2083 habitu
1011 2031 1267 2086 audiendi
1313 2042 1538 2102 paratus
1578 2043 1661 2091 est
1695 2036 1762 2091 ad
1788 2038 1977 2093 obser-

397 2119 634 2174 vandum
665 2130 717 2174 et
740 2122 1178 2189 custodiendum,
1209 2133 1467 2194 tanquam
1501 2127 1717 2185 divinas
1745 2130 1889 2200 leges
1912 2147 1975 2188 ea

394 2226 519 2280 quae
549 2211 693 2267 dicta
722 2223 883 2276 sunt,
913 2215 1008 2284 qui
1037 2216 1200 2271 etiam
1232 2219 1570 2287 compositus
1601 2230 1684 2276 est
1712 2223 1779 2276 ad
1811 2224 1973 2294 Spiri-

398 2304 619 2357 tnalitcr
663 2305 954 2359 vivendum
993 2322 1144 2362 :non
1175 2308 1316 2362 sicut
1352 2311 1604 2366 animalis
1639 2312 1824 2376 homo,
1862 2316 1976 2369 sive

395 2395 488 2464 qui
518 2395 678 2465 juxta
711 2397 1125 2453 sensualitalem
1155 2400 1306 2475 eligit
1361 2402 1565 2468 vivere,
1611 2407 1972 2474 quemadmo-

396 2488 527 2541 dum
550 2488 803 2542 animalia
847 2503 1103 2544 sermone
1133 2491 1380 2546 carentia
1408 2509 1421 2546 :
1457 2493 1552 2548 sed
1591 2497 1686 2564 qui
1718 2495 1976 2567 despecto

394 2580 545 2634 omni
575 2593 642 2633 eo
673 2581 819 2650 quod
852 2579 920 2634 ad
953 2593 1274 2638 consuetam
1313 2583 1454 2638 hanc
1484 2594 1540 2639 et
1564 2586 1837 2655 placidam
1888 2591 1976 2644 vi-

396 2672 556 2726 vendi
582 2673 847 2727 rationem
871 2674 1088 2740 attinet,
1108 2675 1175 2730 ad
1199 2676 1250 2730 id
1283 2677 1429 2746 quod
1456 2677 1508 2732 in
1532 2679 1696 2736 nobis
1726 2681 1970 2738 divinum

401 2773 486 2819 est
511 2764 811 2829 traductus,
843 2765 1012 2837 648
1046 2777 1192 2823 totus
1211 2770 1554 2839 compositus
1583 2781 1669 2826 est
1712 2773 1778 2828 ad
1812 2774 1973 2829 boni-

2078 2051 2193 2116 ’ἐξιν
2235 2049 2521 2122 εὐπρεπὴς
2567 2051 2647 2113 είς
2700 2050 2762 2102 τὸ
2805 2047 3084 2118 διατηρεῖν
3121 2046 3215 2098 καὶ
3267 2043 3560 2115 φυλάσσειν
3596 2041 3673 2103 ὡς

2081 2141 2258 2205 θείους
2282 2142 2481 2212 νόμους
2529 2141 2596 2193 τὰ
2618 2139 2910 2212 εἰρημένα,
2939 2138 2999 2201 ὃς
3025 2137 3118 2190 καὶ
3153 2135 3540 2205 πνευματικῶς
3570 2132 3670 2205 ζῇν

2080 2231 2540 2302 κατηρτισμένος,
2576 2232 2676 2300 οὐχ
2715 2232 2792 2294 ὡς
2826 2232 2853 2284 ὁ
2879 2229 3110 2300 ψυχικὸς
3140 2226 3450 2297 ἄνθρωπος,
3489 2225 3670 2278 εῐτουν

2076 2325 2104 2374 ὀ
2137 2324 2258 2376 κατ’
2291 2322 2544 2392 αἴσθησιν
2569 2319 2669 2393 ζῇν
2701 2319 3160 2393 προαιρούμενος,
3188 2317 3376 2388 ὥσπερ
3409 2315 3476 2370 τα
3506 2314 3668 2381 λόγου

2077 2408 2260 2479 ἔρημα
2293 2409 2428 2473 ζῶα,
2457 2409 2572 2462 ἀλλ’
2615 2409 2894 2480 ἀτιμάσας
2934 2410 3031 2481 μὲν
3059 2407 3167 2462 πᾶν
3193 2407 3254 2460 τὸ
3286 2406 3418 2476 περὶ
3449 2404 3509 2458 τὺ
3541 2405 3668 2458 σύν-

2078 2518 2277 2574 τροφον
2296 2503 2454 2555 τοῦτο
2470 2500 2569 2572 ζῇν
2606 2502 2702 2554 καὶ
2737 2501 3022 2574 χειρονηδῦ
3063 2499 3108 2572 [?
3126 2497 3458 2571 χειρόηθεςῙ,
3503 2513 3673 2568 μετα-

2080 2594 2383 2665 ταξάμενος
2430 2595 2487 2647 δὲ
2528 2595 2663 2666 πρὸς
2709 2595 2771 2648 τὸ
2793 2595 2946 2648 Θεῖον
2967 2594 3028 2648 τὸ
3062 2595 3289 2664 ὲνὴμῖν,
3314 2593 3434 2654 ὅλος
3475 2590 3670 2660 γέγονε

2080 2687 2180 2756 τῆς
2209 2687 2333 2740 κατ’
2375 2687 2550 2758 ἀρχὰς
2586 2685 2680 2740 τοῦ
2729 2685 2979 2740 Πλάστου
3023 2685 3114 2738 ἐπὶ
3167 2683 3246 2754 τῷ
3311 2682 3435 2735 κατ’
3483 2682 3670 2734 είκόνα

2082 2781 2277 2834 ἑαυτοῦ
2312 2780 2612 2854 πλάσματι,
2639 2781 3006 2854 χρηστότητος
3036 2778 3128 2832 καὶ
3157 2775 3506 2848 κηδεμονίας.

397 2867 585 2923 tatem,
606 2874 668 2914 ac
693 2860 1085 2930 providentiam
1114 2863 1232 2933 ejus
1253 2866 1342 2934 qui
1371 2881 1550 2938 Ipsum
1581 2867 1738 2924 initio
1800 2869 2080 2939 formavit,
2139 2887 2431 2948 prepterea
2459 2877 2607 2948 quod
2673 2878 2739 2932 ad
2785 2892 2941 2933 suam
2975 2874 3265 2947 imaginem
3293 2874 3475 2946 ipsum
3501 2870 3668 2926 efﬁn-

393 2962 568 3008 κει-ιιι.

465 3052 692 3124 Tempus
715 3055 852 3108 enim
870 3067 1150 3127 propeest.
1175 3057 1413 3129 Tempus
1447 3061 1562 3117 sive
1599 3065 1984 3135 opportunitas

2164 3062 2229 3118 ’0
2272 3063 2383 3137 γὰρ
2415 3064 2620 3132 καιρὸς
2651 3065 2852 3135 ἐγγύς.
2903 3063 3104 3133 Ἐγγὺς
3135 3064 3164 3116 ὁ
3199 3061 3391 3134 καιρός
3428 3060 3530 3131 τῆς
3566 3077 3672 3130 μα-

394 3145 704 3215 pr0pinqua
751 3148 931 3203 estad
967 3148 1401 3207 beatitudinem:
1447 3155 1663 3210 idenim
1704 3157 1978 3228 contingit

2090 3160 2433 3234 καριότητος.
2467 3158 2558 3230 Τῷ
2588 3159 2841 3232 δ.απύρῳ
2872 3159 2980 3229 γὰρ
3005 3157 3162 3213 τοῦτο
3191 3159 3293 3228 τῆς
3315 3156 3536 3226 ἀγάπης
3562 3153 3672 3208 τῶν

394 3254 490 3306 per
512 3239 894 3296 aceensionem
928 3242 1214 3298 charitatis
1246 3259 1437 3300 eorum
1463 3247 1558 3317 qui
1586 3247 1679 3302 Dei
1711 3259 1978 3322 praecepta

2090 3251 2469 3320 φυλασσόντων
2503 3253 2603 3316 τὰς
2638 3252 2858 3315 ἐντολὰς
2883 3250 2978 3304 τοῦ
3007 3249 3164 3304 Θεοῦ.
3192 3249 3284 3302 Διὸ
3309 3250 3404 3304 καὶ
3431 3248 3492 3302 τὸ
3519 3249 3673 3302 ἀνέν-

394 3340 654 3387 servant:
691 3333 814 3386 ideo
846 3334 990 3403 quod
1024 3335 1194 3389 robur
1243 3352 1306 3392 ac
1337 3338 1622 3395 tolerantia
1680 3341 1732 3395 in
1767 3341 1979 3412 agendo

2090 3345 2234 3398 δοτον
2269 3343 2371 3414 τῆς
2405 3345 2532 3414 περὶ
2561 3342 2736 3398 ταῦτα
2767 3343 3112 3414 περιγίνεται
3159 3342 3341 3405 αὐτοῖς
3381 3341 3668 3413 ἐργασίας,

393 3423 542 3478 circa
575 3421 674 3478 ista
709 3424 796 3478 h‘ls
827 3424 1168 3496 adjungitur,
1199 3437 1260 3482 ut
1287 3429 1419 3484 nihil
1450 3431 1689 3486 ducatur
1717 3436 1980 3503 temporis

395 3516 712 3582 prorogatio
747 3525 842 3570 aut
870 3516 1171 3572 innovatio.
1210 3520 1386 3590 Atque
1420 3521 1584 3592 hujus
1615 3523 1691 3578 rei
1721 3526 1875 3582 testis
1899 3534 1982 3581 est

392 3608 670 3677 septennis
689 3609 1012 3678 patriarchae
1029 3611 1201 3666 Jacob
1217 3612 1287 3667 ob
1309 3629 1541 3669 uxorum
1567 3619 1976 3688 susceptionem

392 3699 709 3766 tolerantia,
742 3700 890 3755 velut
929 3717 1074 3757 unus
1110 3703 1227 3758 dies
1255 3716 1524 3774 reputate.
1573 3708 1701 3774 Aut,
1754 3718 1971 3781 tempus

395 3791 742 3862 praemiorum
765 3795 1130 3866 propinquum
1145 3804 1247 3862 est,
1271 3799 1316 3852 si
1335 3799 1682 3858 conferamus
1699 3807 1982 3874 praesentis

395 3886 518 3940 vlta:
539 3885 859 3941 brevitatem
887 3888 952 3940 ad
982 3886 1152 3942 futuri
1176 3890 1361 3944 saeculi
1391 3891 1976 3953 interminabilitatem.

461 3975 504 4040 1,
522 3975 577 4038 4,
602 3975 902 4031 5.10annes
921 3988 1115 4046 septem
1140 3976 1400 4034 Ecelesiis
1429 3997 1550 4046 quw
1577 3996 1698 4039 sunt
1733 3986 1785 4039 in
1811 3989 1942 4042 Asia
1961 4005 1979 4042 :

391 4069 570 4138 gratia
591 4068 913 4139 robisetpax
937 4071 1001 4124 ab
1019 4085 1078 4124 eo
1101 4071 1192 4140 qui
1214 4079 1359 4126 estet
1371 4075 1464 4145 qui
1477 4084 1591 4128 erat
1625 4086 1674 4130 et
1696 4079 1786 4148 qui
1809 4081 1978 4137 venit:

391 4169 442 4217 et
468 4177 500 4214 α
518 4170 710 4230 septem
721 4161 992 4229 spiritibus
1014 4162 1104 4234 qui
1125 4163 1180 4217 in
1198 4175 1474 4232 conspectu
1494 4167 1671 4223 throni
1695 4172 1810 4240 ejus
1827 4184 1973 4229 sunt.

397 4255 462 4310 Et
483 4255 550 4309 ab
576 4255 703 4311 Iesu
730 4253 962 4324 Christo,
982 4258 1073 4329 qui
1097 4266 1175 4312 est
1217 4260 1366 4314 testis
1397 4260 1570 4330 ﬁdelis
1596 4264 1979 4337 primogenitus

394 4358 748 4417 mortuorum,
796 4359 846 4403 et
879 4351 1120 4425 princeps
1141 4367 1319 4423 regum
1355 4363 1533 4410 terrae.

466 4530 574 4586 Per
595 4538 800 4602 septem
838 4533 1100 4590 ecclesias
1131 4548 1531 4603 numerumque
1567 4534 1934 4603 septenarium
1961 4577 1978 4604 ,

2084 3435 2194 3489 οὐδ’
2220 3436 2301 3498 είς
2331 3435 2644 3506 παράτασιν
2690 3434 2886 3505 χρόνου
2935 3434 2967 3508 ἢ
3026 3433 3474 3488 ἀποκατάστασιν
3518 3449 3674 3500 νομι-

2089 3526 2268 3595 σθείη.
2301 3526 2410 3580 Kal
2442 3527 2653 3597 μάρτυς
2684 3527 2717 3597 ἡ
2747 3523 2841 3578 τοῦ
2877 3526 3218 3597 πατριάρχου
3262 3521 3456 3576 ’ῐακὼὸ
3487 3523 3579 3575 ἐπὶ
3603 3523 3670 3593 τῇ

2083 3616 2354 3688 ἀναλήψει
2378 3617 2486 3669 τῶν
2525 3614 2801 3686 γυναικῶν
2847 3612 3120 3681 ἑπταέτης
3151 3610 3439 3682 καρτερία,
3469 3609 3544 3673 ὡς
3575 3607 3673 3678 μία

2082 3712 2266 3783 ἡμέρα
2301 3709 2652 3781 λογιζομένη.
2687 3710 2758 3763 Ἦ
2797 3708 2965 3783 ἐγγυς
2991 3709 3019 3761 ὁ
3048 3707 3158 3760 τῶν
3203 3706 3455 3759 ἐπάθλων
3480 3703 3673 3772 καιρὸς

2082 3805 2159 3876 τῷ
2202 3803 2679 3876 παραμετρεῖσθαι
2719 3802 2819 3874 τὴν
2848 3801 2941 3855 τοῦ
2971 3799 3240 3869 παρόντος
3281 3798 3398 3869 βίου
3439 3796 3672 3870 σμικρό-

2083 3915 2240 3968 τητα,
2268 3896 2405 3968 πρὸς
2434 3895 2532 3968 τὴν
2562 3893 2653 3948 τοῦ
2683 3894 2971 3965 μέλλοντος
3005 3890 3263 3962 ἀπειρίαν
3291 3888 3510 3952 αἰῶνος.

2144 3989 2416 4059 Ἰωάννης
2432 3988 2560 4054 ταῖς
2585 3987 2734 4041 ἑπτὰ
2749 3987 3041 4056 Ἐκκλησί
3045 4003 3139 4052 αις
3157 3984 3286 4050 ταῖς
3299 3984 3369 4037 ἐν
3389 3981 3462 4050 τῇ
3477 3981 3670 4049 Ἀσίᾳο

2081 4082 2262 4152 Χάρις
2284 4080 2425 4151 ὑμῖν
2450 4079 2547 4135 καί
2575 4079 2787 4151 εἰρήνη
2805 4079 2923 4134 ἀπὸ
2953 4077 3079 4143 τοῦ,
3104 4080 3136 4132 ὁ
3167 4074 3253 4130 ὢν
3285 4074 3380 4130 καὶ
3401 4077 3433 4129 ό
3458 4070 3554 4144 ἦν,
3572 4072 3673 4126 καὶ

2083 4179 2116 4230 ὁ
2144 4175 2496 4246 ἐρχόμενος’
2532 4173 2631 4230 καὶ
2659 4171 2780 4230 ἀπὸ
2835 4171 2955 4230 τῶν
3002 4171 3155 4226 ἑπτὰ
3210 4168 3585 4240 πνευμάτων.
3632 4166 3672 4222 ἄ

2085 4264 2298 4344 [ἐστιν]
2327 4265 2583 4320 ἐνώπιον
2633 4264 2740 4318 τοῦ
2774 4263 2990 4330 θρόνου
3024 4260 3213 4317 αὐτοῦ
3239 4258 3370 4314 ’καὶ
3414 4256 3533 4314 ἀπὸ
3565 4257 3673 4324 Ἰη-

2083 4358 2200 4411 σοῦ
2230 4356 2509 4426 Χριστοῦ,
2531 4358 2564 4408 ὁ
2595 4355 2828 4425 μάρτυς
2863 4359 2896 4410 ὀ
2941 4355 3178 4424 πιστὸς,
3217 4355 3251 4409 ὁ
3301 4353 3674 4426 πρωτότοκος

2085 4449 2203 4504 τῶν
2227 4445 2488 4520 νεκρῶν,
2508 4449 2610 4504 καὶ
2646 4452 2679 4504 d
2701 4449 2902 4520 ἅρχων
2935 4446 3050 4505 τῶν
3060 4447 3372 4513 ,βασιλέων
3403 4443 3511 4512 τῆς
3539 4441 3670 4513 γῆς.

2157 4539 2256 4595 Διά
2299 4539 2409 4592 τῶν
2443 4539 2586 4595 ἑπτὰ
2641 4538 3007 4611 Ἑκκλησιῶν,
3049 4542 3142 4594 καὶ
3174 4538 3270 4592 τοῦ
3303 4534 3670 4609 ὲὸδοματικοῦ

395 4624 800 4680 multitudinem
845 4625 1174 4697 significavit
1209 4626 1567 4682 ecclesiarum
1593 4626 1798 4698 ubique
1828 4627 1978 4684 loco-

2090 4633 2343 4708 ἀριθμοῦ,
2370 4632 2430 4688 τὸ
2452 4632 2562 4688 τῶν
2589 4634 2876 4706 ἅπανταχῆ
2901 4632 3240 4705 Ἐκκλησιῶν
3271 4632 3514 4701 ὲσήμανε
3537 4629 3673 4701 πλῆ-

395 4735 517 4774 rum
537 4720 924 4790 sitarum,qua.-
951 4721 1006 4776 in
1018 4721 1266 4790 praesenti
1281 4721 1389 4775 vita
1407 4719 1508 4775 sibi
1529 4729 1717 4775 mutuo
1738 4730 1982 4790 cognatae

399 4823 635 4881 sunt,eo
663 4814 807 4885 quod
838 4815 1148 4885 septenaria
1181 4814 1391 4868 dierum
1419 4811 1678 4882 periodus
1705 4814 1979 4887 inchoata,

397 4907 734 4963 habitantem
761 4907 814 4961 in
844 4906 1190 4976 corruptibili
1209 4913 1461 4960 creatura
1492 4907 1790 4975 potentiam
1817 4924 1974 4966 suam

394 4999 680 5070 designat,
714 5009 774 5053 ut
802 5013 923 5074 qtae
950 5013 1050 5070 per
1078 4998 1264 5053 omnia
1308 4997 1636 5055 ostenditur.
1661 4999 1770 5055 Aut
1811 5002 1977 5056 etiam

395 5107 859 5160 supervacaneum
902 5107 1010 5146 non
1041 5090 1466 5156 existimabitnr,
1494 5093 1538 5147 si
1571 5091 1623 5148 in
1650 5096 1975 5150 sententiam

395 5200 586 5240 camus
620 5183 865 5240 Philonis
893 5183 1127 5238 maxime
1183 5183 1590 5252 contemplativi
1634 5183 1734 5239 viri
1773 5183 1971 5252 Judzni,

396 5277 537 5333 libro
561 5293 664 5332 suo
708 5292 871 5347 quem
907 5275 1104 5331 scribit
1126 5274 1178 5329 in
1220 5275 1624 5346 philosophiam
1658 5276 1977 5334 Mosaicam.

395 5367 490 5424 llis
514 5378 695 5426 autem
721 5367 978 5427 Eeclcsiis
1010 5367 1172 5421 etiam
1208 5366 1496 5436 praefectos
1520 5369 1716 5440 :equali
1752 5386 1981 5429 numero

399 5462 624 5533 angelos
660 5462 853 5516 beatus
893 5457 1136 5517 Joannes
1178 5477 1325 5517 nunc
1365 5460 1783 5518 demonstravit.
1809 5463 1980 5521 Porro

397 5555 543 5624 quod
565 5553 782 5618 dicitur,
806 5553 882 5608 Ab
914 5569 974 5607 eo
1001 5553 1094 5626 qui
1122 5565 1222 5619 est,
1255 5563 1304 5608 et
1335 5555 1425 5628 qui
1449 5565 1585 5623 erat,
1609 5564 1659 5610 et
1687 5557 1779 5627 qui
1808 5559 1974 5622 venit,

393 5641 732 5701 tantumdem
749 5651 910 5698 estac
923 5643 967 5700 si
987 5643 1192 5700 diceret
1213 5663 1225 5699 :
1245 5645 1288 5698 A
1308 5644 1415 5701 Deo
1442 5647 1688 5702 omnium
1709 5657 1980 5706 nostrum.

396 5734 678 5808 Siquidem
711 5736 826 5807 ipse
861 5748 1010 5810 pater
1041 5756 1165 5796 eum
1205 5738 1354 5798 Mosc
1390 5739 1631 5813 loquens
1697 5742 1751 5798 in
1799 5753 1984 5799 monte

482 5923 506 5960 ⁵
535 5921 725 5985 Malllt.
757 5941 826 5993 XI,
875 5927 959 5988 15.

2093 4728 2184 4795 θος
2214 4726 2322 4780 τῶν
2352 4727 2429 4798 τῷ
2459 4727 2687 4798 παρόντι
2720 4727 2820 4799 βίῳ
2847 4725 3164 4796 συστοίχων,
3192 4724 3315 4778 καθ’
3348 4717 3424 4778 ὧν
3453 4722 3487 4794 ἡ
3523 4722 3667 4776 ἐϐδοο

2093 4820 2297 4892 ματικὴ
2325 4820 2431 4876 τῶν
2461 4821 2686 4894 ἡμερῶν
2735 4820 2984 4890 περίοδος
3015 4817 3335 4889 κατάρξασα
3355 4858 3371 4882 ,
3399 4816 3498 4888 τὴν
3529 4819 3673 4871 ἐνοι-

2089 4911 2288 4965 κοῦσαν
2333 4915 2396 4982 τῇ
2423 4911 2636 4982 φθαρτῇ
2681 4909 2857 4963 κτίσει
2899 4910 3130 4980 δύναμιν
3165 4909 3366 4978 ἑαυτῆς
3395 4909 3671 4977 ὑπέφηνεν

2085 5002 2164 5067 ὡς
2191 5000 2282 5054 διὰ
2314 5000 2494 5070 πάσης
2523 5001 2838 5071 διήκουσαν.
2885 4997 2953 5052 Ἦ
2983 4998 3079 5051 καὶ
3107 4996 3302 5050 Φίλωνι
3349 4993 3427 5064 τῷ
3460 4994 3673 5066 θεωρηο

2085 5097 2374 5161 τικωτάτῳ
2416 5093 2653 5163 Ἰουδαίῳ
2681 5093 2859 5165 ἀνδρὶ,
2893 5093 2952 5146 ἐν
2977 5091 3122 5162 λόγῳ
3151 5091 3320 5146 αὐτοῦ
3347 5089 3426 5160 τῷ
3455 5090 3534 5152 εἰς
3572 5087 3672 5158 τὴν

2085 5188 2225 5242 κατὰ
2266 5187 2506 5250 Μωῦσέα
2551 5186 2870 5256 φιλοσοφίαν
2921 5183 3280 5254 ὑποσυνᾲδειν
3323 5181 3383 5235 οὑ
3417 5178 3673 5252 περιττὸν

2085 5281 2325 5350 ἡγεῖται.
2354 5278 2592 5343 Ταύταις
2613 5279 2669 5332 δὲ
2691 5281 2811 5342 ταῖς
2850 5275 3200 5347 Ἐκκλησίαις
3225 5274 3322 5332 καὶ
3354 5271 3671 5346 ἰσαρίθμους

2085 5373 2315 5444 ἐφόρους
2340 5371 2605 5447 ἀγγέλους
2635 5373 2663 5426 ὁ
2693 5371 2963 5448 μακάριος
2989 5368 3084 5427 νῦν
3125 5369 3381 5437 Ἰωάννης
3409 5364 3669 5434 ἐνέφηνε.

2088 5468 2163 5521 Τὸ
2195 5467 2284 5531 δὲ,
2333 5465 2478 5520 Ἀπὸ
2512 5464 2639 5529 τοῦ,
2691 5468 2722 5519 ὁ
2766 5461 2871 5530 ὢν,
2903 5463 3002 5518 καὶ
3033 5465 3066 5517 ὁ
3099 5458 3198 5532 ἦν,
3227 5460 3325 5514 καὶ
3355 5462 3389 5514 ὀ
3425 5458 3669 5528 ἐρχόμε-

2086 5576 2213 5625 νος,
2250 5557 2562 5627 ἰσοδυναμεί
2590 5556 2666 5627 τῷ
2690 5596 2706 5621 ,
2749 5557 2883 5610 Ἀπὸ
2913 5554 3010 5609 τοῦ
3042 5555 3260 5609 πάντων
3302 5550 3442 5605 Θεοῦ
3489 5548 3670 5621 ἡμῶν.

2091 5667 2112 5702 ι
2146 5651 2313 5705 Ὄντα
2353 5669 2370 5702 ι
2426 5649 2524 5720 μὲν
2551 5647 2658 5720 γὰρ
2696 5648 2856 5712 αὐτὸς
2885 5649 3078 5704 ἑαυτὸν
3121 5645 3380 5718 ὀνομάζει
3419 5646 3447 5699 ὁ
3482 5641 3672 5714 Πατὴρ

2087 5744 2446 5822 χρηματίζων
2481 5742 2557 5814 τῷ
2586 5744 2793 5814 Μωῦσῇ
2830 5741 2923 5797 ἐπὶ
2945 5741 3037 5796 τοῦ
3069 5742 3251 5815 ὅρους.
3278 5739 3352 5795 Τὸ
3381 5737 3440 5795 δὲ
3472 5755 3492 5792 ι
3521 5730 3612 5814 ἦν,
3647 5752 3667 5790 ι
