  <div class='ocr_page' id='page_1' title='image "/cluster/home/n/w/nwhite01/storage/ocr_20150623/106/hvd.32044051727071/264.png"; bbox 0 0 4042 6594; ppageno 0'>
   <div class='ocr_carea' id='block_1_1' title="bbox 434 466 540 531">
    <p class='ocr_par' dir='ltr' id='par_1_1' title="bbox 434 466 540 531">
     <span class='ocr_line' id='line_1_1' title="bbox 434 466 540 531; baseline 0 -1"><span class='ocrx_word' id='word_1_1' title='bbox 434 466 540 531; x_wconf 80' lang='grc'><strong>505</strong></span> 
     </span>
    </p>
   </div>
   <div class='ocr_carea' id='block_1_2' title="bbox 1499 463 2598 532">
    <p class='ocr_par' dir='ltr' id='par_1_2' title="bbox 1499 463 2598 532">
     <span class='ocr_line' id='line_1_2' title="bbox 1499 463 2598 532; baseline 0.006 -7"><span class='ocrx_word' id='word_1_2' title='bbox 1499 463 1892 526; x_wconf 85' lang='lat' dir='ltr'><strong>COMMENT.</strong></span> <span class='ocrx_word' id='word_1_3' title='bbox 1937 465 2019 527; x_wconf 85' lang='lat' dir='ltr'><strong>IN</strong></span> <span class='ocrx_word' id='word_1_4' title='bbox 2061 466 2598 532; x_wconf 76' lang='lat' dir='ltr'><strong>APOCALYPSIN.</strong></span> 
     </span>
    </p>
   </div>
   <div class='ocr_carea' id='block_1_3' title="bbox 3609 471 3714 539">
    <p class='ocr_par' dir='ltr' id='par_1_3' title="bbox 3609 471 3714 539">
     <span class='ocr_line' id='line_1_3' title="bbox 3609 471 3714 539; baseline -0.01 0"><span class='ocrx_word' id='word_1_5' title='bbox 3609 471 3714 539; x_wconf 82' lang='lat'><strong>506</strong></span> 
     </span>
    </p>
   </div>
   <div class='ocr_carea' id='block_1_4' title="bbox 430 572 2005 658">
    <p class='ocr_par' dir='ltr' id='par_1_4' title="bbox 430 572 2005 648">
     <span class='ocr_line' id='line_1_4' title="bbox 430 572 2005 648; baseline 0 -18"><span class='ocrx_word' id='word_1_6' title='bbox 430 582 460 634; x_wconf 82' lang='grc' dir='ltr'>ὁ</span> <span class='ocrx_word' id='word_1_7' title='bbox 504 574 694 648; x_wconf 83' lang='grc' dir='ltr'>παρὼν</span> <span class='ocrx_word' id='word_1_8' title='bbox 732 572 991 644; x_wconf 81' lang='grc' dir='ltr'>Θεόσοφος</span> <span class='ocrx_word' id='word_1_9' title='bbox 1038 573 1432 646; x_wconf 79' lang='grc' dir='ltr'>εὐαγγελιστὴς</span> <span class='ocrx_word' id='word_1_10' title='bbox 1474 576 1819 647; x_wconf 83' lang='grc' dir='ltr'><strong>προήνεγκεν</strong></span> <span class='ocrx_word' id='word_1_11' title='bbox 1863 575 1919 628; x_wconf 74' lang='grc' dir='ltr'><strong>ἐν</strong></span> <span class='ocrx_word' id='word_1_12' title='bbox 1955 593 2005 630; x_wconf 89' lang='grc' dir='ltr'><strong>τε</strong></span> 
     </span>
    </p>
   </div>
   <div class='ocr_carea' id='block_1_5' title="bbox 2110 572 3713 658">
    <p class='ocr_par' dir='ltr' id='par_1_5' title="bbox 2118 578 3713 658">
     <span class='ocr_line' id='line_1_5' title="bbox 2118 578 3713 658; baseline 0.006 -24"><span class='ocrx_word' id='word_1_13' title='bbox 2118 578 2359 649; x_wconf 83' lang='lat' dir='ltr'><strong>seipsum</strong></span> <span class='ocrx_word' id='word_1_14' title='bbox 2395 582 2663 658; x_wconf 83' lang='lat' dir='ltr'><strong>nominat;</strong></span> <span class='ocrx_word' id='word_1_15' title='bbox 2693 599 2712 634; x_wconf 74' lang='grc' dir='ltr'><strong>ι</strong></span> <span class='ocrx_word' id='word_1_16' title='bbox 2743 580 2846 649; x_wconf 87' lang='lat' dir='ltr'><strong>Qui</strong></span> <span class='ocrx_word' id='word_1_17' title='bbox 2871 590 2977 639; x_wconf 89' lang='lat' dir='ltr'><strong>est.</strong></span> <span class='ocrx_word' id='word_1_18' title='bbox 3010 601 3028 636; x_wconf 75' lang='grc' dir='ltr'><strong>ι</strong></span> <span class='ocrx_word' id='word_1_19' title='bbox 3059 583 3308 640; x_wconf 67' lang='lat' dir='ltr'><strong>Praesens</strong></span> <span class='ocrx_word' id='word_1_20' title='bbox 3328 585 3713 642; x_wconf 69' lang='lat' dir='ltr'><strong>attteniEvan-</strong></span> 
     </span>
    </p>
   </div>
   <div class='ocr_carea' id='block_1_6' title="bbox 427 664 2020 741">
    <p class='ocr_par' dir='ltr' id='par_1_6' title="bbox 427 664 2020 741">
     <span class='ocr_line' id='line_1_6' title="bbox 427 664 2020 741; baseline -0.001 -18"><span class='ocrx_word' id='word_1_21' title='bbox 427 669 509 741; x_wconf 77' lang='grc' dir='ltr'>τῷ</span> <span class='ocrx_word' id='word_1_22' title='bbox 537 667 854 738; x_wconf 78' lang='grc' dir='ltr'>Εὐαγγελίῳ</span> <span class='ocrx_word' id='word_1_23' title='bbox 879 667 1070 735; x_wconf 85' lang='grc' dir='ltr'>αὐτοῦ,</span> <span class='ocrx_word' id='word_1_24' title='bbox 1129 687 1149 721; x_wconf 82' lang='grc' dir='ltr'><strong>ι</strong></span> <span class='ocrx_word' id='word_1_25' title='bbox 1201 669 1290 722; x_wconf 88' lang='grc' dir='ltr'><strong>Ἐν</strong></span> <span class='ocrx_word' id='word_1_26' title='bbox 1317 669 1459 741; x_wconf 79' lang='grc' dir='ltr'><strong>ἀρχῇ</strong></span> <span class='ocrx_word' id='word_1_27' title='bbox 1496 664 1563 740; x_wconf 79' lang='grc' dir='ltr'>ἦν</span> <span class='ocrx_word' id='word_1_28' title='bbox 1591 670 1620 722; x_wconf 88' lang='grc' dir='ltr'><strong>ό</strong></span> <span class='ocrx_word' id='word_1_29' title='bbox 1646 669 1843 736; x_wconf 77' lang='grc' dir='ltr'>Λόγος,</span> <span class='ocrx_word' id='word_1_30' title='bbox 1882 689 1899 722; x_wconf 81' lang='lat' dir='ltr'><strong>r</strong></span> <span class='ocrx_word' id='word_1_31' title='bbox 1941 671 2020 723; x_wconf 76' lang='lat' dir='ltr'><strong>ei-</strong></span> 
     </span>
    </p>
   </div>
   <div class='ocr_carea' id='block_1_7' title="bbox 431 759 2021 832">
    <p class='ocr_par' dir='ltr' id='par_1_7' title="bbox 431 759 2021 832">
     <span class='ocr_line' id='line_1_7' title="bbox 431 759 2021 832; baseline 0 -17"><span class='ocrx_word' id='word_1_32' title='bbox 431 761 570 825; x_wconf 85' lang='grc' dir='ltr'>πὼν,</span> <span class='ocrx_word' id='word_1_33' title='bbox 601 761 696 814; x_wconf 70' lang='grc' dir='ltr'>καὶ</span> <span class='ocrx_word' id='word_1_34' title='bbox 729 762 788 814; x_wconf 87' lang='grc' dir='ltr'><strong>ἐν</strong></span> <span class='ocrx_word' id='word_1_35' title='bbox 831 762 900 830; x_wconf 79' lang='grc' dir='ltr'>τῇ</span> <span class='ocrx_word' id='word_1_36' title='bbox 941 759 1134 832; x_wconf 85' lang='grc' dir='ltr'>πρώτῃ</span> <span class='ocrx_word' id='word_1_37' title='bbox 1167 761 1274 814; x_wconf 84' lang='grc' dir='ltr'>τῶν</span> <span class='ocrx_word' id='word_1_38' title='bbox 1309 759 1615 816; x_wconf 85' lang='grc' dir='ltr'>καθολικῶν</span> <span class='ocrx_word' id='word_1_39' title='bbox 1655 762 1822 815; x_wconf 80' lang='grc' dir='ltr'>αὑτοῦ</span> <span class='ocrx_word' id='word_1_40' title='bbox 1867 762 2021 815; x_wconf 75' lang='grc' dir='ltr'>Ἐπισ</span> 
     </span>
    </p>
   </div>
   <div class='ocr_carea' id='block_1_8' title="bbox 432 847 2019 925">
    <p class='ocr_par' dir='ltr' id='par_1_8' title="bbox 432 847 2019 925">
     <span class='ocr_line' id='line_1_8' title="bbox 432 847 2019 925; baseline -0.001 -17"><span class='ocrx_word' id='word_1_41' title='bbox 432 852 658 918; x_wconf 83' lang='grc' dir='ltr'>στολῶν,</span> <span class='ocrx_word' id='word_1_42' title='bbox 696 870 716 904; x_wconf 83' lang='grc' dir='ltr'><strong>ι</strong></span> <span class='ocrx_word' id='word_1_43' title='bbox 757 854 822 906; x_wconf 85' lang='lat'><strong>‘0</strong></span> <span class='ocrx_word' id='word_1_44' title='bbox 869 847 938 924; x_wconf 81' lang='grc' dir='ltr'>ἦν</span> <span class='ocrx_word' id='word_1_45' title='bbox 989 852 1084 906; x_wconf 84' lang='grc' dir='ltr'><strong>ἀπ’</strong></span> <span class='ocrx_word' id='word_1_46' title='bbox 1135 853 1349 924; x_wconf 81' lang='grc' dir='ltr'>ἀρχῆς,</span> <span class='ocrx_word' id='word_1_47' title='bbox 1404 873 1424 905; x_wconf 69' lang='grc' dir='ltr'><strong>ι</strong></span> <span class='ocrx_word' id='word_1_48' title='bbox 1464 852 1684 922; x_wconf 73' lang='grc' dir='ltr'>γράψας</span> <span class='ocrx_word' id='word_1_49' title='bbox 1733 854 1865 925; x_wconf 73' lang='grc' dir='ltr'>περὶ</span> <span class='ocrx_word' id='word_1_50' title='bbox 1924 853 2019 908; x_wconf 87' lang='grc' dir='ltr'><strong>τοῦ</strong></span> 
     </span>
    </p>
   </div>
   <div class='ocr_carea' id='block_1_9' title="bbox 429 943 2020 1018">
    <p class='ocr_par' dir='ltr' id='par_1_9' title="bbox 429 943 2020 1018">
     <span class='ocr_line' id='line_1_9' title="bbox 429 943 2020 1018; baseline 0.001 -19"><span class='ocrx_word' id='word_1_51' title='bbox 429 946 604 1014; x_wconf 70' lang='grc' dir='ltr'>Λόγου</span> <span class='ocrx_word' id='word_1_52' title='bbox 640 945 743 1015; x_wconf 83' lang='grc' dir='ltr'><strong>τῆς</strong></span> <span class='ocrx_word' id='word_1_53' title='bbox 791 944 958 1016; x_wconf 80' lang='grc' dir='ltr'><strong>ζωῆς.</strong></span> <span class='ocrx_word' id='word_1_54' title='bbox 1015 943 1343 1016; x_wconf 80' lang='grc' dir='ltr'>Ἐρχόμενον</span> <span class='ocrx_word' id='word_1_55' title='bbox 1395 945 1451 999; x_wconf 76' lang='grc' dir='ltr'><strong>δὲ</strong></span> <span class='ocrx_word' id='word_1_56' title='bbox 1496 944 1558 998; x_wconf 81' lang='grc' dir='ltr'><strong>τὸ</strong></span> <span class='ocrx_word' id='word_1_57' title='bbox 1606 945 1747 1000; x_wconf 79' lang='grc' dir='ltr'>θεῖον</span> <span class='ocrx_word' id='word_1_58' title='bbox 1799 946 2020 1018; x_wconf 79' lang='grc' dir='ltr'><strong>Πνεῦμα</strong></span> 
     </span>
    </p>
   </div>
   <div class='ocr_carea' id='block_1_10' title="bbox 430 1038 2022 1112">
    <p class='ocr_par' dir='ltr' id='par_1_10' title="bbox 430 1038 2022 1112">
     <span class='ocr_line' id='line_1_10' title="bbox 430 1038 2022 1112; baseline 0 -20"><span class='ocrx_word' id='word_1_59' title='bbox 430 1039 621 1103; x_wconf 83' lang='grc' dir='ltr'>καλεῖ,</span> <span class='ocrx_word' id='word_1_60' title='bbox 653 1038 728 1103; x_wconf 84' lang='grc' dir='ltr'>ὡς</span> <span class='ocrx_word' id='word_1_61' title='bbox 757 1038 822 1093; x_wconf 84' lang='grc' dir='ltr'><strong>οὐ</strong></span> <span class='ocrx_word' id='word_1_62' title='bbox 854 1039 1017 1109; x_wconf 88' lang='grc' dir='ltr'>μόνον</span> <span class='ocrx_word' id='word_1_63' title='bbox 1063 1038 1206 1092; x_wconf 85' lang='grc' dir='ltr'>κατὰ</span> <span class='ocrx_word' id='word_1_64' title='bbox 1247 1039 1346 1108; x_wconf 81' lang='grc' dir='ltr'><strong>τὴν</strong></span> <span class='ocrx_word' id='word_1_65' title='bbox 1377 1038 1585 1110; x_wconf 81' lang='grc' dir='ltr'>ἡμέραν</span> <span class='ocrx_word' id='word_1_66' title='bbox 1621 1039 1722 1108; x_wconf 85' lang='grc' dir='ltr'>τῆς</span> <span class='ocrx_word' id='word_1_67' title='bbox 1751 1041 2022 1112; x_wconf 75' lang='grc' dir='ltr'>Πεντηκοο</span> 
     </span>
    </p>
   </div>
   <div class='ocr_carea' id='block_1_11' title="bbox 433 1128 2020 1202">
    <p class='ocr_par' dir='ltr' id='par_1_11' title="bbox 433 1128 2020 1202">
     <span class='ocr_line' id='line_1_11' title="bbox 433 1128 2020 1202; baseline 0 -18"><span class='ocrx_word' id='word_1_68' title='bbox 433 1132 564 1202; x_wconf 83' lang='grc' dir='ltr'><strong>στῆς</strong></span> <span class='ocrx_word' id='word_1_69' title='bbox 592 1130 1006 1201; x_wconf 79' lang='grc' dir='ltr'><strong>ἀπεσταλμένον</strong></span> <span class='ocrx_word' id='word_1_70' title='bbox 1049 1130 1205 1200; x_wconf 80' lang='grc' dir='ltr'>παρὰ</span> <span class='ocrx_word' id='word_1_71' title='bbox 1238 1128 1335 1183; x_wconf 90' lang='grc' dir='ltr'><strong>τοῦ</strong></span> <span class='ocrx_word' id='word_1_72' title='bbox 1381 1129 1618 1199; x_wconf 74' lang='grc' dir='ltr'>Πατρὸς,</span> <span class='ocrx_word' id='word_1_73' title='bbox 1645 1129 1760 1183; x_wconf 83' lang='grc' dir='ltr'>ἀλλ’</span> <span class='ocrx_word' id='word_1_74' title='bbox 1793 1131 1882 1184; x_wconf 83' lang='grc' dir='ltr'><strong>ἁεί</strong></span> <span class='ocrx_word' id='word_1_75' title='bbox 1910 1148 2020 1184; x_wconf 86' lang='grc' dir='ltr'>πα-</span> 
     </span>
    </p>
   </div>
   <div class='ocr_carea' id='block_1_12' title="bbox 432 1220 2019 1292">
    <p class='ocr_par' dir='ltr' id='par_1_12' title="bbox 432 1220 2019 1292">
     <span class='ocr_line' id='line_1_12' title="bbox 432 1220 2019 1292; baseline 0 -16"><span class='ocrx_word' id='word_1_76' title='bbox 432 1222 792 1292; x_wconf 82' lang='grc' dir='ltr'>ραγινόμενον</span> <span class='ocrx_word' id='word_1_77' title='bbox 831 1224 946 1285; x_wconf 87' lang='grc' dir='ltr'>τοῖς</span> <span class='ocrx_word' id='word_1_78' title='bbox 971 1220 1144 1287; x_wconf 81' lang='grc' dir='ltr'>ἀξίοις</span> <span class='ocrx_word' id='word_1_79' title='bbox 1190 1221 1326 1277; x_wconf 77' lang='grc' dir='ltr'>αὐτὸ</span> <span class='ocrx_word' id='word_1_80' title='bbox 1365 1221 1643 1288; x_wconf 79' lang='grc' dir='ltr'>δέξασθαι,</span> <span class='ocrx_word' id='word_1_81' title='bbox 1672 1222 1767 1275; x_wconf 77' lang='grc' dir='ltr'>καὶ</span> <span class='ocrx_word' id='word_1_82' title='bbox 1803 1221 1890 1276; x_wconf 76' lang='grc' dir='ltr'><strong>διὰ</strong></span> <span class='ocrx_word' id='word_1_83' title='bbox 1924 1222 2019 1276; x_wconf 90' lang='grc' dir='ltr'><strong>τοῦ</strong></span> 
     </span>
    </p>
   </div>
   <div class='ocr_carea' id='block_1_13' title="bbox 431 1312 1028 1384">
    <p class='ocr_par' dir='ltr' id='par_1_13' title="bbox 431 1312 1028 1384">
     <span class='ocr_line' id='line_1_13' title="bbox 431 1312 1028 1384; baseline 0 -16"><span class='ocrx_word' id='word_1_84' title='bbox 431 1313 590 1384; x_wconf 75' lang='grc' dir='ltr'>ἁγίου</span> <span class='ocrx_word' id='word_1_85' title='bbox 621 1312 1028 1384; x_wconf 66' lang='grc' dir='ltr'><strong>βαπτίσματος.</strong></span> 
     </span>
    </p>
   </div>
   <div class='ocr_carea' id='block_1_14' title="bbox 497 1427 2016 1499">
    <p class='ocr_par' dir='ltr' id='par_1_14' title="bbox 497 1427 2016 1499">
     <span class='ocr_line' id='line_1_14' title="bbox 497 1427 2016 1499; baseline 0 -17"><span class='ocrx_word' id='word_1_86' title='bbox 497 1427 723 1496; x_wconf 71' lang='grc' dir='ltr'><strong>Εἰρήνη</strong></span> <span class='ocrx_word' id='word_1_87' title='bbox 757 1427 876 1482; x_wconf 80' lang='grc' dir='ltr'><strong>ἀπὸ</strong></span> <span class='ocrx_word' id='word_1_88' title='bbox 897 1427 1004 1482; x_wconf 79' lang='grc' dir='ltr'><strong>τοῦ</strong></span> <span class='ocrx_word' id='word_1_89' title='bbox 1035 1431 1069 1482; x_wconf 85' lang='grc' dir='ltr'><em>ὁ</em></span> <span class='ocrx_word' id='word_1_90' title='bbox 1093 1428 1198 1482; x_wconf 79' lang='grc' dir='ltr'><strong>ῶν.</strong></span> <span class='ocrx_word' id='word_1_91' title='bbox 1231 1429 1390 1493; x_wconf 83' lang='grc' dir='ltr'><strong>Ἴσως</strong></span> <span class='ocrx_word' id='word_1_92' title='bbox 1421 1430 1477 1482; x_wconf 77' lang='grc' dir='ltr'><strong>δὲ</strong></span> <span class='ocrx_word' id='word_1_93' title='bbox 1500 1429 1601 1484; x_wconf 78' lang='grc' dir='ltr'><strong>οὐκ</strong></span> <span class='ocrx_word' id='word_1_94' title='bbox 1626 1429 1888 1499; x_wconf 77' lang='grc' dir='ltr'>ἀδόκιμον</span> <span class='ocrx_word' id='word_1_95' title='bbox 1919 1431 2016 1483; x_wconf 70' lang='grc' dir='ltr'><strong>καὶ</strong></span> 
     </span>
    </p>
   </div>
   <div class='ocr_carea' id='block_1_15' title="bbox 427 1519 2012 1592">
    <p class='ocr_par' dir='ltr' id='par_1_15' title="bbox 427 1519 2012 1592">
     <span class='ocr_line' id='line_1_15' title="bbox 427 1519 2012 1592; baseline 0.002 -20"><span class='ocrx_word' id='word_1_96' title='bbox 427 1519 571 1573; x_wconf 78' lang='grc' dir='ltr'>οὕτω</span> <span class='ocrx_word' id='word_1_97' title='bbox 604 1519 775 1573; x_wconf 88' lang='grc' dir='ltr'>ταῦτα</span> <span class='ocrx_word' id='word_1_98' title='bbox 805 1519 1042 1575; x_wconf 77' lang='grc' dir='ltr'><strong>νοεῖσθαι</strong></span> <span class='ocrx_word' id='word_1_99' title='bbox 1069 1522 1164 1574; x_wconf 72' lang='grc' dir='ltr'>ἐπὶ</span> <span class='ocrx_word' id='word_1_100' title='bbox 1199 1521 1295 1575; x_wconf 85' lang='grc' dir='ltr'><strong>τοῦ</strong></span> <span class='ocrx_word' id='word_1_101' title='bbox 1325 1523 1540 1592; x_wconf 80' lang='grc' dir='ltr'>Πατρδς</span> <span class='ocrx_word' id='word_1_102' title='bbox 1573 1522 1652 1586; x_wconf 84' lang='grc' dir='ltr'>τὸ,</span> <span class='ocrx_word' id='word_1_103' title='bbox 1698 1523 1760 1575; x_wconf 84' lang='grc' dir='ltr'><strong>’Θ</strong></span> <span class='ocrx_word' id='word_1_104' title='bbox 1789 1521 1873 1576; x_wconf 77' lang='grc' dir='ltr'><strong>ὢν</strong></span> <span class='ocrx_word' id='word_1_105' title='bbox 1911 1523 2012 1575; x_wconf 73' lang='grc' dir='ltr'>καὶ</span> 
     </span>
    </p>
   </div>
   <div class='ocr_carea' id='block_1_16' title="bbox 428 1608 2014 1685">
    <p class='ocr_par' dir='ltr' id='par_1_16' title="bbox 428 1608 2014 1685">
     <span class='ocr_line' id='line_1_16' title="bbox 428 1608 2014 1685; baseline 0 -19"><span class='ocrx_word' id='word_1_106' title='bbox 428 1616 462 1666; x_wconf 85' lang='grc' dir='ltr'><strong>ό</strong></span> <span class='ocrx_word' id='word_1_107' title='bbox 493 1608 573 1682; x_wconf 78' lang='grc' dir='ltr'><strong>ἦν</strong></span> <span class='ocrx_word' id='word_1_108' title='bbox 617 1613 714 1665; x_wconf 74' lang='grc' dir='ltr'><strong>καί</strong></span> <span class='ocrx_word' id='word_1_109' title='bbox 748 1615 782 1666; x_wconf 83' lang='grc' dir='ltr'><em>ὁ</em></span> <span class='ocrx_word' id='word_1_110' title='bbox 817 1612 1162 1681; x_wconf 79' lang='grc' dir='ltr'>ἐρχόμενος,</span> <span class='ocrx_word' id='word_1_111' title='bbox 1203 1612 1281 1674; x_wconf 82' lang='grc' dir='ltr'>ὡς</span> <span class='ocrx_word' id='word_1_112' title='bbox 1323 1613 1490 1667; x_wconf 85' lang='grc' dir='ltr'>αὑτοῦ</span> <span class='ocrx_word' id='word_1_113' title='bbox 1547 1615 1897 1685; x_wconf 73' lang='grc' dir='ltr'>περιέχοντος</span> <span class='ocrx_word' id='word_1_114' title='bbox 1955 1618 2014 1668; x_wconf 89' lang='grc' dir='ltr'><strong>ἐν</strong></span> 
     </span>
    </p>
   </div>
   <div class='ocr_carea' id='block_1_17' title="bbox 427 1702 2012 1778">
    <p class='ocr_par' dir='ltr' id='par_1_17' title="bbox 427 1702 2012 1778">
     <span class='ocr_line' id='line_1_17' title="bbox 427 1702 2012 1778; baseline 0.003 -22"><span class='ocrx_word' id='word_1_115' title='bbox 427 1702 604 1774; x_wconf 78' lang='grc' dir='ltr'>ἑαυτῷ</span> <span class='ocrx_word' id='word_1_116' title='bbox 629 1705 849 1758; x_wconf 70' lang='grc' dir='ltr'>πάντων</span> <span class='ocrx_word' id='word_1_117' title='bbox 871 1703 979 1757; x_wconf 83' lang='grc' dir='ltr'><strong>τῶν</strong></span> <span class='ocrx_word' id='word_1_118' title='bbox 1007 1705 1177 1759; x_wconf 75' lang='grc' dir='ltr'>ὄντων</span> <span class='ocrx_word' id='word_1_119' title='bbox 1217 1706 1318 1776; x_wconf 85' lang='grc' dir='ltr'><strong>τὴν</strong></span> <span class='ocrx_word' id='word_1_120' title='bbox 1363 1705 1562 1777; x_wconf 80' lang='grc' dir='ltr'>ἀρχὴν,</span> <span class='ocrx_word' id='word_1_121' title='bbox 1597 1707 1693 1759; x_wconf 69' lang='lat' dir='ltr'><strong>aut</strong></span> <span class='ocrx_word' id='word_1_122' title='bbox 1725 1707 1792 1759; x_wconf 71' lang='grc' dir='ltr'>τὰ</span> <span class='ocrx_word' id='word_1_123' title='bbox 1826 1707 1969 1778; x_wconf 80' lang='grc' dir='ltr'>μέσα</span> <span class='ocrx_word' id='word_1_124' title='bbox 1997 1747 2012 1772; x_wconf 93' lang='grc'><strong>,</strong></span> 
     </span>
    </p>
   </div>
   <div class='ocr_carea' id='block_1_18' title="bbox 425 1796 965 1853">
    <p class='ocr_par' dir='ltr' id='par_1_18' title="bbox 425 1796 965 1853">
     <span class='ocr_line' id='line_1_18' title="bbox 425 1796 965 1853; baseline 0.006 -4"><span class='ocrx_word' id='word_1_125' title='bbox 425 1797 519 1850; x_wconf 68' lang='grc' dir='ltr'><strong>καὶ</strong></span> <span class='ocrx_word' id='word_1_126' title='bbox 551 1797 620 1850; x_wconf 77' lang='grc' dir='ltr'>τὰ</span> <span class='ocrx_word' id='word_1_127' title='bbox 653 1796 965 1853; x_wconf 85' lang='grc' dir='ltr'>τελευταῖα.</span> 
     </span>
    </p>
   </div>
   <div class='ocr_carea' id='block_1_19' title="bbox 2124 670 3710 748">
    <p class='ocr_par' dir='ltr' id='par_1_19' title="bbox 2124 670 3710 748">
     <span class='ocr_line' id='line_1_19' title="bbox 2124 670 3710 748; baseline 0.007 -25"><span class='ocrx_word' id='word_1_128' title='bbox 2124 670 2317 741; x_wconf 83' lang='lat' dir='ltr'><strong>gelista</strong></span> <span class='ocrx_word' id='word_1_129' title='bbox 2337 673 2585 742; x_wconf 91' lang='lat' dir='ltr'><strong>protulit,</strong></span> <span class='ocrx_word' id='word_1_130' title='bbox 2616 693 2633 726; x_wconf 81' lang='grc' dir='ltr'><strong>ι</strong></span> <span class='ocrx_word' id='word_1_131' title='bbox 2670 673 2819 739; x_wconf 86' lang='lat' dir='ltr'><strong>Erat,</strong></span> <span class='ocrx_word' id='word_1_132' title='bbox 2853 695 2871 727; x_wconf 70' lang='grc' dir='ltr'><strong>ι</strong></span> <span class='ocrx_word' id='word_1_133' title='bbox 2906 685 2960 732; x_wconf 91' lang='lat' dir='ltr'><strong>ct</strong></span> <span class='ocrx_word' id='word_1_134' title='bbox 3011 676 3064 731; x_wconf 90' lang='lat' dir='ltr'><strong>in</strong></span> <span class='ocrx_word' id='word_1_135' title='bbox 3086 677 3388 748; x_wconf 79' lang='lat' dir='ltr'><strong>Evangelio</strong></span> <span class='ocrx_word' id='word_1_136' title='bbox 3442 693 3544 733; x_wconf 91' lang='lat' dir='ltr'><strong>suo</strong></span> <span class='ocrx_word' id='word_1_137' title='bbox 3585 695 3710 734; x_wconf 86' lang='lat' dir='ltr'><strong>cum</strong></span> 
     </span>
    </p>
   </div>
   <div class='ocr_carea' id='block_1_20' title="bbox 2123 761 3712 841">
    <p class='ocr_par' dir='ltr' id='par_1_20' title="bbox 2123 761 3712 841">
     <span class='ocr_line' id='line_1_20' title="bbox 2123 761 3712 841; baseline 0.008 -26"><span class='ocrx_word' id='word_1_138' title='bbox 2123 761 2278 828; x_wconf 78' lang='lat' dir='ltr'><strong>dixit,</strong></span> <span class='ocrx_word' id='word_1_139' title='bbox 2314 781 2331 814; x_wconf 82' lang='grc' dir='ltr'><strong>ι</strong></span> <span class='ocrx_word' id='word_1_140' title='bbox 2363 763 2422 818; x_wconf 85' lang='grc' dir='ltr'>1η</span> <span class='ocrx_word' id='word_1_141' title='bbox 2463 764 2737 835; x_wconf 89' lang='lat' dir='ltr'><strong>principio</strong></span> <span class='ocrx_word' id='word_1_142' title='bbox 2777 775 2894 821; x_wconf 87' lang='lat' dir='ltr'><strong>erat</strong></span> <span class='ocrx_word' id='word_1_143' title='bbox 2947 766 3207 835; x_wconf 81' lang='lat' dir='ltr'><strong>Verbum,</strong></span> <span class='ocrx_word' id='word_1_144' title='bbox 3237 770 3256 800; x_wconf 80' lang='lat'><strong><em>°</em></strong></span> <span class='ocrx_word' id='word_1_145' title='bbox 3288 789 3307 822; x_wconf 75' lang='grc' dir='ltr'><strong>ι</strong></span> <span class='ocrx_word' id='word_1_146' title='bbox 3353 771 3483 824; x_wconf 96' lang='lat' dir='ltr'><strong>etin</strong></span> <span class='ocrx_word' id='word_1_147' title='bbox 3537 772 3712 841; x_wconf 82' lang='lat' dir='ltr'><strong>prima</strong></span> 
     </span>
    </p>
   </div>
   <div class='ocr_carea' id='block_1_21' title="bbox 2123 853 3711 932">
    <p class='ocr_par' dir='ltr' id='par_1_21' title="bbox 2123 853 3711 932">
     <span class='ocr_line' id='line_1_21' title="bbox 2123 853 3711 932; baseline 0.008 -27"><span class='ocrx_word' id='word_1_148' title='bbox 2123 864 2349 906; x_wconf 87' lang='lat' dir='ltr'><strong>suarum</strong></span> <span class='ocrx_word' id='word_1_149' title='bbox 2376 853 2747 923; x_wconf 81' lang='lat' dir='ltr'><strong>Epistolarum</strong></span> <span class='ocrx_word' id='word_1_150' title='bbox 2782 857 3185 913; x_wconf 87' lang='lat' dir='ltr'><strong>catholicarum</strong></span> <span class='ocrx_word' id='word_1_151' title='bbox 3214 874 3340 914; x_wconf 91' lang='lat' dir='ltr'><strong>cum</strong></span> <span class='ocrx_word' id='word_1_152' title='bbox 3381 862 3608 932; x_wconf 86' lang='lat' dir='ltr'><strong>scripsit</strong></span> <span class='ocrx_word' id='word_1_153' title='bbox 3641 863 3711 917; x_wconf 88' lang='lat' dir='ltr'><strong>de</strong></span> 
     </span>
    </p>
   </div>
   <div class='ocr_carea' id='block_1_22' title="bbox 2122 944 3710 1013">
    <p class='ocr_par' dir='ltr' id='par_1_22' title="bbox 2122 944 3710 1013">
     <span class='ocr_line' id='line_1_22' title="bbox 2122 944 3710 1013; baseline 0.008 -17"><span class='ocrx_word' id='word_1_154' title='bbox 2122 944 2291 1000; x_wconf 88' lang='lat' dir='ltr'><strong>verbo</strong></span> <span class='ocrx_word' id='word_1_155' title='bbox 2325 945 2498 1008; x_wconf 43' lang='lat' dir='ltr'><strong>vitae“</strong></span> <span class='ocrx_word' id='word_1_156' title='bbox 2541 945 2697 1013; x_wconf 87' lang='lat' dir='ltr'><strong>Quod</strong></span> <span class='ocrx_word' id='word_1_157' title='bbox 2727 956 2845 1004; x_wconf 88' lang='lat' dir='ltr'><strong>erat</strong></span> <span class='ocrx_word' id='word_1_158' title='bbox 2873 949 2941 1003; x_wconf 89' lang='lat' dir='ltr'><strong>ab</strong></span> <span class='ocrx_word' id='word_1_159' title='bbox 2973 949 3189 1005; x_wconf 70' lang='lat' dir='ltr'><strong>initio.’</strong></span> <span class='ocrx_word' id='word_1_160' title='bbox 3221 970 3239 1003; x_wconf 75' lang='grc' dir='ltr'><strong>ι</strong></span> <span class='ocrx_word' id='word_1_161' title='bbox 3268 953 3438 1007; x_wconf 86' lang='grc' dir='ltr'>Ροιϊο</span> <span class='ocrx_word' id='word_1_162' title='bbox 3464 953 3710 1008; x_wconf 83' lang='lat' dir='ltr'><strong>divinum</strong></span> 
     </span>
    </p>
   </div>
   <div class='ocr_carea' id='block_1_23' title="bbox 2126 1035 3712 1112">
    <p class='ocr_par' dir='ltr' id='par_1_23' title="bbox 2126 1035 3712 1112">
     <span class='ocr_line' id='line_1_23' title="bbox 2126 1035 3712 1112; baseline 0.006 -21"><span class='ocrx_word' id='word_1_163' title='bbox 2126 1035 2389 1106; x_wconf 75' lang='lat' dir='ltr'><strong>Spiritum</strong></span> <span class='ocrx_word' id='word_1_164' title='bbox 2424 1047 2585 1095; x_wconf 86' lang='lat' dir='ltr'><strong>vocat</strong></span> <span class='ocrx_word' id='word_1_165' title='bbox 2611 1056 2738 1096; x_wconf 89' lang='lat' dir='ltr'><strong>eum</strong></span> <span class='ocrx_word' id='word_1_166' title='bbox 2774 1043 2866 1112; x_wconf 86' lang='lat' dir='ltr'><strong>qui</strong></span> <span class='ocrx_word' id='word_1_167' title='bbox 2901 1043 3067 1108; x_wconf 89' lang='lat' dir='ltr'><strong>venit,</strong></span> <span class='ocrx_word' id='word_1_168' title='bbox 3102 1044 3272 1099; x_wconf 88' lang='lat' dir='ltr'><strong>veluti</strong></span> <span class='ocrx_word' id='word_1_169' title='bbox 3297 1059 3403 1099; x_wconf 91' lang='lat' dir='ltr'><strong>non</strong></span> <span class='ocrx_word' id='word_1_170' title='bbox 3432 1047 3712 1106; x_wconf 87' lang='lat' dir='ltr'><strong>solumdic</strong></span> 
     </span>
    </p>
   </div>
   <div class='ocr_carea' id='block_1_24' title="bbox 2122 1128 3712 1208">
    <p class='ocr_par' dir='ltr' id='par_1_24' title="bbox 2122 1128 3712 1208">
     <span class='ocr_line' id='line_1_24' title="bbox 2122 1128 3712 1208; baseline 0.007 -25"><span class='ocrx_word' id='word_1_171' title='bbox 2122 1128 2477 1188; x_wconf 86' lang='lat' dir='ltr'><strong>Pentecostes</strong></span> <span class='ocrx_word' id='word_1_172' title='bbox 2520 1135 2751 1190; x_wconf 85' lang='lat' dir='ltr'><strong>missum</strong></span> <span class='ocrx_word' id='word_1_173' title='bbox 2807 1151 2836 1190; x_wconf 91' lang='lat' dir='ltr'><strong>a</strong></span> <span class='ocrx_word' id='word_1_174' title='bbox 2881 1135 3064 1202; x_wconf 86' lang='lat' dir='ltr'><strong>Patre,</strong></span> <span class='ocrx_word' id='word_1_175' title='bbox 3118 1137 3213 1192; x_wconf 89' lang='lat' dir='ltr'><strong>sed</strong></span> <span class='ocrx_word' id='word_1_176' title='bbox 3251 1153 3469 1208; x_wconf 85' lang='lat' dir='ltr'><strong>semper</strong></span> <span class='ocrx_word' id='word_1_177' title='bbox 3502 1140 3571 1194; x_wconf 90' lang='lat' dir='ltr'><strong>ad</strong></span> <span class='ocrx_word' id='word_1_178' title='bbox 3615 1153 3712 1194; x_wconf 87' lang='lat' dir='ltr'><strong>eos</strong></span> 
     </span>
    </p>
   </div>
   <div class='ocr_carea' id='block_1_25' title="bbox 2122 1223 3712 1300">
    <p class='ocr_par' dir='ltr' id='par_1_25' title="bbox 2122 1223 3712 1300">
     <span class='ocr_line' id='line_1_25' title="bbox 2122 1223 3712 1300; baseline 0.004 -23"><span class='ocrx_word' id='word_1_179' title='bbox 2122 1223 2472 1280; x_wconf 85' lang='lat' dir='ltr'><strong>accedentem</strong></span> <span class='ocrx_word' id='word_1_180' title='bbox 2517 1226 2612 1296; x_wconf 89' lang='lat' dir='ltr'><strong>qui</strong></span> <span class='ocrx_word' id='word_1_181' title='bbox 2665 1226 2815 1298; x_wconf 78' lang='lat' dir='ltr'><strong>digni</strong></span> <span class='ocrx_word' id='word_1_182' title='bbox 2858 1237 2986 1284; x_wconf 88' lang='lat' dir='ltr'><strong>sunt</strong></span> <span class='ocrx_word' id='word_1_183' title='bbox 3036 1227 3357 1299; x_wconf 85' lang='lat' dir='ltr'><strong>suscipere,</strong></span> <span class='ocrx_word' id='word_1_184' title='bbox 3401 1229 3568 1285; x_wconf 87' lang='lat' dir='ltr'><strong>etiam</strong></span> <span class='ocrx_word' id='word_1_185' title='bbox 3613 1244 3712 1300; x_wconf 90' lang='lat' dir='ltr'><strong>per</strong></span> 
     </span>
    </p>
   </div>
   <div class='ocr_carea' id='block_1_26' title="bbox 2121 1315 2708 1387">
    <p class='ocr_par' dir='ltr' id='par_1_26' title="bbox 2121 1315 2708 1387">
     <span class='ocr_line' id='line_1_26' title="bbox 2121 1315 2708 1387; baseline 0.009 -19"><span class='ocrx_word' id='word_1_186' title='bbox 2121 1323 2374 1370; x_wconf 86' lang='lat' dir='ltr'><strong>sanctum</strong></span> <span class='ocrx_word' id='word_1_187' title='bbox 2414 1315 2708 1387; x_wconf 88' lang='lat' dir='ltr'><strong>baptisma.</strong></span> 
     </span>
    </p>
   </div>
   <div class='ocr_carea' id='block_1_27' title="bbox 2193 1425 3705 1498">
    <p class='ocr_par' dir='ltr' id='par_1_27' title="bbox 2193 1425 3705 1498">
     <span class='ocr_line' id='line_1_27' title="bbox 2193 1425 3705 1498; baseline 0.005 -19"><span class='ocrx_word' id='word_1_188' title='bbox 2193 1425 2272 1479; x_wconf 75' lang='lat' dir='ltr'><strong>Ab</strong></span> <span class='ocrx_word' id='word_1_189' title='bbox 2291 1442 2350 1480; x_wconf 85' lang='lat' dir='ltr'><strong>eo</strong></span> <span class='ocrx_word' id='word_1_190' title='bbox 2372 1429 2463 1498; x_wconf 88' lang='lat' dir='ltr'><strong>qui</strong></span> <span class='ocrx_word' id='word_1_191' title='bbox 2493 1428 2873 1487; x_wconf 80' lang='lat' dir='ltr'><strong>est.Forlassis</strong></span> <span class='ocrx_word' id='word_1_192' title='bbox 2905 1439 3087 1487; x_wconf 86' lang='lat' dir='ltr'><strong>autem</strong></span> <span class='ocrx_word' id='word_1_193' title='bbox 3120 1447 3230 1487; x_wconf 90' lang='lat' dir='ltr'><strong>non</strong></span> <span class='ocrx_word' id='word_1_194' title='bbox 3255 1432 3357 1486; x_wconf 90' lang='lat' dir='ltr'><strong>erit</strong></span> <span class='ocrx_word' id='word_1_195' title='bbox 3380 1431 3705 1498; x_wconf 83' lang='lat' dir='ltr'><strong>absurdum,</strong></span> 
     </span>
    </p>
   </div>
   <div class='ocr_carea' id='block_1_28' title="bbox 2122 1517 3706 1594">
    <p class='ocr_par' dir='ltr' id='par_1_28' title="bbox 2122 1517 3706 1594">
     <span class='ocr_line' id='line_1_28' title="bbox 2122 1517 3706 1594; baseline 0.005 -24"><span class='ocrx_word' id='word_1_196' title='bbox 2122 1526 2180 1572; x_wconf 90' lang='lat' dir='ltr'><strong>ut</strong></span> <span class='ocrx_word' id='word_1_197' title='bbox 2215 1517 2329 1573; x_wconf 65' lang='lat' dir='ltr'><strong>hate</strong></span> <span class='ocrx_word' id='word_1_198' title='bbox 2377 1535 2596 1590; x_wconf 89' lang='lat' dir='ltr'><strong>quoque</strong></span> <span class='ocrx_word' id='word_1_199' title='bbox 2635 1522 2708 1575; x_wconf 90' lang='lat' dir='ltr'><strong>ita</strong></span> <span class='ocrx_word' id='word_1_200' title='bbox 2761 1522 3135 1594; x_wconf 79' lang='lat' dir='ltr'><strong>intelligantur</strong></span> <span class='ocrx_word' id='word_1_201' title='bbox 3179 1524 3246 1579; x_wconf 86' lang='lat' dir='ltr'><strong>de</strong></span> <span class='ocrx_word' id='word_1_202' title='bbox 3293 1523 3473 1588; x_wconf 82' lang='lat' dir='ltr'><strong>Patre,</strong></span> <span class='ocrx_word' id='word_1_203' title='bbox 3509 1539 3706 1593; x_wconf 86' lang='lat' dir='ltr'><strong>nempe</strong></span> 
     </span>
    </p>
   </div>
   <div class='ocr_carea' id='block_1_29' title="bbox 2121 1610 3705 1687">
    <p class='ocr_par' dir='ltr' id='par_1_29' title="bbox 2121 1610 3705 1687">
     <span class='ocr_line' id='line_1_29' title="bbox 2121 1610 3705 1687; baseline 0.004 -21"><span class='ocrx_word' id='word_1_204' title='bbox 2121 1610 2223 1678; x_wconf 82' lang='lat' dir='ltr'><strong>Qui</strong></span> <span class='ocrx_word' id='word_1_205' title='bbox 2251 1624 2353 1680; x_wconf 76' lang='lat' dir='ltr'><strong>est,</strong></span> <span class='ocrx_word' id='word_1_206' title='bbox 2397 1624 2447 1668; x_wconf 85' lang='lat' dir='ltr'><strong>et</strong></span> <span class='ocrx_word' id='word_1_207' title='bbox 2477 1616 2568 1684; x_wconf 85' lang='lat' dir='ltr'><strong>qui</strong></span> <span class='ocrx_word' id='word_1_208' title='bbox 2594 1625 2732 1678; x_wconf 84' lang='lat' dir='ltr'><strong>erat,</strong></span> <span class='ocrx_word' id='word_1_209' title='bbox 2771 1627 2818 1669; x_wconf 88' lang='lat' dir='ltr'><strong>et</strong></span> <span class='ocrx_word' id='word_1_210' title='bbox 2851 1618 2942 1686; x_wconf 84' lang='lat' dir='ltr'><strong>qui</strong></span> <span class='ocrx_word' id='word_1_211' title='bbox 2989 1617 3160 1671; x_wconf 85' lang='lat' dir='ltr'><strong>venit:</strong></span> <span class='ocrx_word' id='word_1_212' title='bbox 3191 1626 3251 1671; x_wconf 89' lang='lat' dir='ltr'><strong>ut</strong></span> <span class='ocrx_word' id='word_1_213' title='bbox 3280 1618 3370 1687; x_wconf 81' lang='lat' dir='ltr'><strong>qui</strong></span> <span class='ocrx_word' id='word_1_214' title='bbox 3425 1617 3478 1671; x_wconf 88' lang='lat' dir='ltr'><strong>in</strong></span> <span class='ocrx_word' id='word_1_215' title='bbox 3523 1617 3705 1686; x_wconf 90' lang='lat' dir='ltr'><strong>seipso</strong></span> 
     </span>
    </p>
   </div>
   <div class='ocr_carea' id='block_1_30' title="bbox 2121 1707 3706 1780">
    <p class='ocr_par' dir='ltr' id='par_1_30' title="bbox 2121 1707 3706 1780">
     <span class='ocr_line' id='line_1_30' title="bbox 2121 1707 3706 1780; baseline 0.003 -21"><span class='ocrx_word' id='word_1_216' title='bbox 2121 1707 2402 1761; x_wconf 89' lang='lat' dir='ltr'><strong>contineat</strong></span> <span class='ocrx_word' id='word_1_217' title='bbox 2428 1708 2673 1762; x_wconf 89' lang='lat' dir='ltr'><strong>omnium</strong></span> <span class='ocrx_word' id='word_1_218' title='bbox 2697 1724 2820 1778; x_wconf 64' lang='lat' dir='ltr'><strong>qum</strong></span> <span class='ocrx_word' id='word_1_219' title='bbox 2847 1717 2975 1763; x_wconf 90' lang='lat' dir='ltr'><strong>sunt</strong></span> <span class='ocrx_word' id='word_1_220' title='bbox 3008 1708 3475 1780; x_wconf 55' lang='lat' dir='ltr'><strong>originemsﬁﬁ</strong></span> <span class='ocrx_word' id='word_1_221' title='bbox 3504 1717 3559 1765; x_wconf 91' lang='lat' dir='ltr'><strong>et</strong></span> <span class='ocrx_word' id='word_1_222' title='bbox 3588 1723 3706 1764; x_wconf 90' lang='lat' dir='ltr'><strong>mc-</strong></span> 
     </span>
    </p>
   </div>
   <div class='ocr_carea' id='block_1_31' title="bbox 2119 1795 2489 1852">
    <p class='ocr_par' dir='ltr' id='par_1_31' title="bbox 2119 1795 2489 1852">
     <span class='ocr_line' id='line_1_31' title="bbox 2119 1795 2489 1852; baseline -0.003 -1"><span class='ocrx_word' id='word_1_223' title='bbox 2119 1795 2208 1851; x_wconf 90' lang='lat' dir='ltr'><strong>dia</strong></span> <span class='ocrx_word' id='word_1_224' title='bbox 2238 1811 2300 1851; x_wconf 90' lang='lat' dir='ltr'><strong>ac</strong></span> <span class='ocrx_word' id='word_1_225' title='bbox 2334 1796 2489 1852; x_wconf 83' lang='lat' dir='ltr'><strong>ﬁnes.</strong></span> 
     </span>
    </p>
   </div>
   <div class='ocr_carea' id='block_1_32' title="bbox 491 1909 2005 1994">
    <p class='ocr_par' dir='ltr' id='par_1_32' title="bbox 491 1911 2005 1985">
     <span class='ocr_line' id='line_1_32' title="bbox 491 1911 2005 1985; baseline 0.003 -19"><span class='ocrx_word' id='word_1_226' title='bbox 491 1911 600 1966; x_wconf 76' lang='grc' dir='ltr'><strong>Καὶ</strong></span> <span class='ocrx_word' id='word_1_227' title='bbox 628 1913 748 1967; x_wconf 80' lang='grc' dir='ltr'><strong>ἀπὸ</strong></span> <span class='ocrx_word' id='word_1_228' title='bbox 789 1913 909 1967; x_wconf 81' lang='grc' dir='ltr'><strong>τῶν</strong></span> <span class='ocrx_word' id='word_1_229' title='bbox 945 1913 1094 1970; x_wconf 78' lang='grc' dir='ltr'>ἑπτὰ</span> <span class='ocrx_word' id='word_1_230' title='bbox 1123 1915 1503 1985; x_wconf 80' lang='grc' dir='ltr'><strong>πνευμάτων.</strong></span> <span class='ocrx_word' id='word_1_231' title='bbox 1552 1916 1712 1979; x_wconf 76' lang='grc' dir='ltr'>Τινὲς</span> <span class='ocrx_word' id='word_1_232' title='bbox 1755 1916 1823 1969; x_wconf 78' lang='grc' dir='ltr'>τὰ</span> <span class='ocrx_word' id='word_1_233' title='bbox 1873 1917 2005 1970; x_wconf 81' lang='grc' dir='ltr'>ἐπτὰ</span> 
     </span>
    </p>
   </div>
   <div class='ocr_carea' id='block_1_33' title="bbox 2110 1909 3704 1994">
    <p class='ocr_par' dir='ltr' id='par_1_33' title="bbox 2192 1909 3704 1982">
     <span class='ocr_line' id='line_1_33' title="bbox 2192 1909 3704 1982; baseline 0.003 -19"><span class='ocrx_word' id='word_1_234' title='bbox 2192 1909 2261 1963; x_wconf 88' lang='lat' dir='ltr'><strong>Et</strong></span> <span class='ocrx_word' id='word_1_235' title='bbox 2291 1926 2322 1964; x_wconf 88' lang='lat' dir='ltr'><strong>a</strong></span> <span class='ocrx_word' id='word_1_236' title='bbox 2353 1922 2546 1978; x_wconf 75' lang='lat' dir='ltr'><strong>septem</strong></span> <span class='ocrx_word' id='word_1_237' title='bbox 2573 1911 2873 1982; x_wconf 77' lang='lat' dir='ltr'><strong>spiritibus.</strong></span> <span class='ocrx_word' id='word_1_238' title='bbox 2917 1910 3169 1967; x_wconf 82' lang='lat' dir='ltr'><strong>Nonnulli</strong></span> <span class='ocrx_word' id='word_1_239' title='bbox 3219 1921 3424 1982; x_wconf 88' lang='lat' dir='ltr'><strong>septem</strong></span> <span class='ocrx_word' id='word_1_240' title='bbox 3476 1912 3704 1982; x_wconf 61' lang='lat' dir='ltr'><strong>spiritus</strong></span> 
     </span>
    </p>
   </div>
   <div class='ocr_carea' id='block_1_34' title="bbox 422 2003 2004 2077">
    <p class='ocr_par' dir='ltr' id='par_1_34' title="bbox 422 2003 2004 2077">
     <span class='ocr_line' id='line_1_34' title="bbox 422 2003 2004 2077; baseline 0.005 -23"><span class='ocrx_word' id='word_1_241' title='bbox 422 2003 730 2074; x_wconf 72' lang='grc' dir='ltr'>πνεύματα,</span> <span class='ocrx_word' id='word_1_242' title='bbox 762 2005 859 2068; x_wconf 64' lang='grc' dir='ltr'><strong>τὰς</strong></span> <span class='ocrx_word' id='word_1_243' title='bbox 891 2004 1175 2077; x_wconf 75' lang='grc' dir='ltr'>ἐνεργείας</span> <span class='ocrx_word' id='word_1_244' title='bbox 1201 2005 1297 2061; x_wconf 87' lang='grc' dir='ltr'><strong>τοῦ</strong></span> <span class='ocrx_word' id='word_1_245' title='bbox 1337 2008 1498 2076; x_wconf 85' lang='grc' dir='ltr'>ἁγίου</span> <span class='ocrx_word' id='word_1_246' title='bbox 1531 2007 1806 2062; x_wconf 80' lang='grc' dir='ltr'>ὑπέλαϐον</span> <span class='ocrx_word' id='word_1_247' title='bbox 1837 2009 2004 2062; x_wconf 74' lang='grc' dir='ltr'>Πνεῦ-</span> 
     </span>
    </p>
   </div>
   <div class='ocr_carea' id='block_1_35' title="bbox 423 2094 2012 2167">
    <p class='ocr_par' dir='ltr' id='par_1_35' title="bbox 423 2094 2012 2167">
     <span class='ocr_line' id='line_1_35' title="bbox 423 2094 2012 2167; baseline 0.005 -21"><span class='ocrx_word' id='word_1_248' title='bbox 423 2110 614 2162; x_wconf 87' lang='grc' dir='ltr'>ματος.</span> <span class='ocrx_word' id='word_1_249' title='bbox 645 2094 1005 2166; x_wconf 76' lang='grc' dir='ltr'>Δοκιμότερον</span> <span class='ocrx_word' id='word_1_250' title='bbox 1036 2096 1093 2148; x_wconf 77' lang='grc' dir='ltr'><strong>δὲ</strong></span> <span class='ocrx_word' id='word_1_251' title='bbox 1118 2096 1390 2167; x_wconf 81' lang='grc' dir='ltr'>ἀγγέλους</span> <span class='ocrx_word' id='word_1_252' title='bbox 1417 2097 1593 2151; x_wconf 88' lang='grc' dir='ltr'>ταῦτα</span> <span class='ocrx_word' id='word_1_253' title='bbox 1623 2100 1786 2154; x_wconf 88' lang='grc' dir='ltr'>νοεῖν.</span> <span class='ocrx_word' id='word_1_254' title='bbox 1821 2099 1896 2154; x_wconf 74' lang='lat'><strong>0&#39;3</strong></span> <span class='ocrx_word' id='word_1_255' title='bbox 1923 2100 2012 2154; x_wconf 72' lang='grc' dir='ltr'>διὰ</span> 
     </span>
    </p>
   </div>
   <div class='ocr_carea' id='block_1_36' title="bbox 387 2185 2007 2262">
    <p class='ocr_par' dir='ltr' id='par_1_36' title="bbox 387 2185 2007 2262">
     <span class='ocr_line' id='line_1_36' title="bbox 387 2185 2007 2262; baseline 0.005 -26"><span class='ocrx_word' id='word_1_256' title='bbox 387 2185 481 2238; x_wconf 85' lang='grc' dir='ltr'><strong>-τδ</strong></span> <span class='ocrx_word' id='word_1_257' title='bbox 533 2186 1020 2258; x_wconf 76' lang='grc' dir='ltr'>συμπαρειλῆφθαι</span> <span class='ocrx_word' id='word_1_258' title='bbox 1062 2187 1119 2241; x_wconf 78' lang='grc' dir='ltr'><strong>δὲ</strong></span> <span class='ocrx_word' id='word_1_259' title='bbox 1145 2190 1211 2260; x_wconf 77' lang='grc' dir='ltr'>τῇ</span> <span class='ocrx_word' id='word_1_260' title='bbox 1257 2193 1738 2262; x_wconf 83' lang='grc' dir='ltr'>παντοκρατορικῇ</span> <span class='ocrx_word' id='word_1_261' title='bbox 1780 2191 2007 2262; x_wconf 85' lang='grc' dir='ltr'>Τριάδι,</span> 
     </span>
    </p>
   </div>
   <div class='ocr_carea' id='block_1_37' title="bbox 418 2274 2006 2354">
    <p class='ocr_par' dir='ltr' id='par_1_37' title="bbox 418 2274 2006 2354">
     <span class='ocr_line' id='line_1_37' title="bbox 418 2274 2006 2354; baseline 0.006 -28"><span class='ocrx_word' id='word_1_262' title='bbox 418 2274 519 2344; x_wconf 67' lang='grc' dir='ltr'><strong>ἤδη</strong></span> <span class='ocrx_word' id='word_1_263' title='bbox 565 2276 658 2328; x_wconf 80' lang='grc' dir='ltr'><strong>καὶ</strong></span> <span class='ocrx_word' id='word_1_264' title='bbox 702 2276 942 2348; x_wconf 85' lang='grc' dir='ltr'>όμότιμα</span> <span class='ocrx_word' id='word_1_265' title='bbox 973 2278 1148 2332; x_wconf 88' lang='grc' dir='ltr'>ταῦτα</span> <span class='ocrx_word' id='word_1_266' title='bbox 1177 2279 1634 2348; x_wconf 78' lang='grc' dir='ltr'>καταλογίζεσθαι</span> <span class='ocrx_word' id='word_1_267' title='bbox 1676 2283 1817 2352; x_wconf 80' lang='grc' dir='ltr'>αὐτῇ</span> <span class='ocrx_word' id='word_1_268' title='bbox 1868 2285 2006 2354; x_wconf 77' lang='grc' dir='ltr'>χρὴ,</span> 
     </span>
    </p>
   </div>
   <div class='ocr_carea' id='block_1_38' title="bbox 415 2358 2010 2448">
    <p class='ocr_par' dir='ltr' id='par_1_38' title="bbox 415 2358 2010 2448">
     <span class='ocr_line' id='line_1_38' title="bbox 415 2358 2010 2448; baseline 0.009 -33"><span class='ocrx_word' id='word_1_269' title='bbox 415 2365 555 2417; x_wconf 77' lang='grc' dir='ltr'>ἀλλὰ</span> <span class='ocrx_word' id='word_1_270' title='bbox 582 2365 746 2420; x_wconf 79' lang='grc' dir='ltr'>δοῦλα</span> <span class='ocrx_word' id='word_1_271' title='bbox 781 2369 878 2422; x_wconf 73' lang='grc' dir='ltr'>καὶ</span> <span class='ocrx_word' id='word_1_272' title='bbox 907 2369 1283 2442; x_wconf 71' lang='grc' dir='ltr'>λειτουργικὰ,</span> <span class='ocrx_word' id='word_1_273' title='bbox 1314 2371 1430 2440; x_wconf 84' lang='grc' dir='ltr'>είγε</span> <span class='ocrx_word' id='word_1_274' title='bbox 1455 2373 1705 2428; x_wconf 80' lang='grc' dir='ltr'>πειστέον</span> <span class='ocrx_word' id='word_1_275' title='bbox 1738 2358 1854 2438; x_wconf 70' lang='grc' dir='ltr'>τοῖς</span> <span class='ocrx_word' id='word_1_276' title='bbox 1882 2393 2010 2448; x_wconf 81' lang='grc' dir='ltr'>προ-</span> 
     </span>
    </p>
   </div>
   <div class='ocr_carea' id='block_1_39' title="bbox 418 2456 2012 2538">
    <p class='ocr_par' dir='ltr' id='par_1_39' title="bbox 418 2456 2012 2538">
     <span class='ocr_line' id='line_1_39' title="bbox 418 2456 2012 2538; baseline 0.009 -32"><span class='ocrx_word' id='word_1_277' title='bbox 418 2456 616 2524; x_wconf 72' lang='grc' dir='ltr'>φήταις</span> <span class='ocrx_word' id='word_1_278' title='bbox 682 2460 797 2522; x_wconf 88' lang='grc' dir='ltr'>τοῖς</span> <span class='ocrx_word' id='word_1_279' title='bbox 855 2459 1387 2533; x_wconf 80' lang='grc' dir='ltr'>διαμαρτυρομένοις</span> <span class='ocrx_word' id='word_1_280' title='bbox 1437 2463 1520 2516; x_wconf 83' lang='grc' dir='ltr'><strong>ὅτι</strong></span> <span class='ocrx_word' id='word_1_281' title='bbox 1581 2465 1650 2518; x_wconf 75' lang='grc' dir='ltr'>τὰ</span> <span class='ocrx_word' id='word_1_282' title='bbox 1717 2465 2012 2538; x_wconf 86' lang='grc' dir='ltr'>σύμπαντα</span> 
     </span>
    </p>
   </div>
   <div class='ocr_carea' id='block_1_40' title="bbox 415 2548 2013 2626">
    <p class='ocr_par' dir='ltr' id='par_1_40' title="bbox 415 2548 2013 2626">
     <span class='ocr_line' id='line_1_40' title="bbox 415 2548 2013 2626; baseline 0.008 -26"><span class='ocrx_word' id='word_1_283' title='bbox 415 2548 578 2602; x_wconf 80' lang='grc' dir='ltr'>δοῦλα</span> <span class='ocrx_word' id='word_1_284' title='bbox 616 2549 803 2614; x_wconf 74' lang='grc' dir='ltr'>αὑτοῦ,</span> <span class='ocrx_word' id='word_1_285' title='bbox 837 2551 935 2604; x_wconf 71' lang='grc' dir='ltr'>καὶ</span> <span class='ocrx_word' id='word_1_286' title='bbox 967 2550 1029 2624; x_wconf 81' lang='grc' dir='ltr'><strong>δὴ</strong></span> <span class='ocrx_word' id='word_1_287' title='bbox 1060 2553 1156 2606; x_wconf 75' lang='grc' dir='ltr'><strong>καὶ</strong></span> <span class='ocrx_word' id='word_1_288' title='bbox 1189 2553 1268 2625; x_wconf 82' lang='grc' dir='ltr'>τῷ</span> <span class='ocrx_word' id='word_1_289' title='bbox 1301 2555 1592 2626; x_wconf 82' lang='grc' dir='ltr'>θεοπόιτορι</span> <span class='ocrx_word' id='word_1_290' title='bbox 1625 2555 1813 2624; x_wconf 81' lang='grc' dir='ltr'><strong>Δαυίδ,</strong></span> <span class='ocrx_word' id='word_1_291' title='bbox 1855 2577 1873 2608; x_wconf 79' lang='grc' dir='ltr'><strong>ι</strong></span> <span class='ocrx_word' id='word_1_292' title='bbox 1909 2559 2013 2613; x_wconf 85' lang='grc' dir='ltr'><strong>Εῦ-</strong></span> 
     </span>
    </p>
   </div>
   <div class='ocr_carea' id='block_1_41' title="bbox 414 2639 2013 2716">
    <p class='ocr_par' dir='ltr' id='par_1_41' title="bbox 414 2639 2013 2716">
     <span class='ocr_line' id='line_1_41' title="bbox 414 2639 2013 2716; baseline 0.008 -24"><span class='ocrx_word' id='word_1_293' title='bbox 414 2639 644 2709; x_wconf 78' lang='grc' dir='ltr'>λογεῖτε,</span> <span class='ocrx_word' id='word_1_294' title='bbox 708 2642 1261 2712; x_wconf 79' lang='grc' dir='ltr'>φάσκοντι,.πάντες</span> <span class='ocrx_word' id='word_1_295' title='bbox 1309 2647 1530 2716; x_wconf 81' lang='grc' dir='ltr'>ἄγγελοι</span> <span class='ocrx_word' id='word_1_296' title='bbox 1574 2649 1732 2713; x_wconf 87' lang='grc' dir='ltr'>Θεοῦ,</span> <span class='ocrx_word' id='word_1_297' title='bbox 1790 2650 2013 2706; x_wconf 73' lang='grc' dir='ltr'>δυνατοὶ</span> 
     </span>
    </p>
   </div>
   <div class='ocr_carea' id='block_1_42' title="bbox 416 2731 2011 2813">
    <p class='ocr_par' dir='ltr' id='par_1_42' title="bbox 416 2731 2011 2813">
     <span class='ocr_line' id='line_1_42' title="bbox 416 2731 2011 2813; baseline 0.009 -30"><span class='ocrx_word' id='word_1_298' title='bbox 416 2731 583 2802; x_wconf 73' lang='grc' dir='ltr'><strong>ἰσχύϊ,</strong></span> <span class='ocrx_word' id='word_1_299' title='bbox 619 2734 904 2799; x_wconf 80' lang='grc' dir='ltr'>ποιοῦντες</span> <span class='ocrx_word' id='word_1_300' title='bbox 932 2736 1022 2790; x_wconf 77' lang='grc' dir='ltr'><strong>τὸν</strong></span> <span class='ocrx_word' id='word_1_301' title='bbox 1054 2735 1212 2805; x_wconf 86' lang='grc' dir='ltr'>λόγον</span> <span class='ocrx_word' id='word_1_302' title='bbox 1262 2740 1451 2793; x_wconf 80' lang='grc' dir='ltr'>αὐτοῦ.</span> <span class='ocrx_word' id='word_1_303' title='bbox 1492 2759 1510 2793; x_wconf 69' lang='grc' dir='ltr'><strong>ι</strong></span> <span class='ocrx_word' id='word_1_304' title='bbox 1551 2742 1664 2795; x_wconf 74' lang='grc' dir='ltr'>Καὶ</span> <span class='ocrx_word' id='word_1_305' title='bbox 1687 2742 1746 2795; x_wconf 85' lang='grc' dir='ltr'><strong>τὸ</strong></span> <span class='ocrx_word' id='word_1_306' title='bbox 1782 2743 1881 2813; x_wconf 84' lang='grc' dir='ltr'>μὲν</span> <span class='ocrx_word' id='word_1_307' title='bbox 1921 2743 2011 2797; x_wconf 82' lang='grc' dir='ltr'><strong>λέ-</strong></span> 
     </span>
    </p>
   </div>
   <div class='ocr_carea' id='block_1_43' title="bbox 411 2823 2010 2907">
    <p class='ocr_par' dir='ltr' id='par_1_43' title="bbox 411 2823 2010 2907">
     <span class='ocr_line' id='line_1_43' title="bbox 411 2823 2010 2907; baseline 0.011 -33"><span class='ocrx_word' id='word_1_308' title='bbox 411 2837 532 2888; x_wconf 88' lang='grc' dir='ltr'>γειν</span> <span class='ocrx_word' id='word_1_309' title='bbox 578 2823 660 2878; x_wconf 80' lang='grc' dir='ltr'>ὅτι</span> <span class='ocrx_word' id='word_1_310' title='bbox 714 2824 775 2879; x_wconf 87' lang='grc' dir='ltr'>τδ</span> <span class='ocrx_word' id='word_1_311' title='bbox 824 2828 1393 2901; x_wconf 76' lang='grc' dir='ltr'>συμπαραλαμΰάνειν</span> <span class='ocrx_word' id='word_1_312' title='bbox 1439 2832 1502 2886; x_wconf 81' lang='grc' dir='ltr'><strong>τὸ</strong></span> <span class='ocrx_word' id='word_1_313' title='bbox 1556 2834 1710 2887; x_wconf 84' lang='grc' dir='ltr'>Θεῖον</span> <span class='ocrx_word' id='word_1_314' title='bbox 1766 2835 1860 2889; x_wconf 74' lang='grc' dir='ltr'><strong>καὶ</strong></span> <span class='ocrx_word' id='word_1_315' title='bbox 1911 2835 2010 2907; x_wconf 78' lang='grc' dir='ltr'>τὴν</span> 
     </span>
    </p>
   </div>
   <div class='ocr_carea' id='block_1_44' title="bbox 412 2916 2007 3000">
    <p class='ocr_par' dir='ltr' id='par_1_44' title="bbox 412 2916 2007 3000">
     <span class='ocr_line' id='line_1_44' title="bbox 412 2916 2007 3000; baseline 0.009 -32"><span class='ocrx_word' id='word_1_316' title='bbox 412 2916 744 2985; x_wconf 82' lang='grc' dir='ltr'>ἀγγελιῶτιν</span> <span class='ocrx_word' id='word_1_317' title='bbox 799 2918 982 2989; x_wconf 72' lang='grc' dir='ltr'>φύσιν,</span> <span class='ocrx_word' id='word_1_318' title='bbox 1033 2923 1416 2992; x_wconf 85' lang='grc' dir='ltr'>παριστῶντός</span> <span class='ocrx_word' id='word_1_319' title='bbox 1466 2926 1585 2978; x_wconf 80' lang='grc' dir='ltr'>ἐστι</span> <span class='ocrx_word' id='word_1_320' title='bbox 1640 2926 1702 2979; x_wconf 75' lang='grc' dir='ltr'>τὸ</span> <span class='ocrx_word' id='word_1_321' title='bbox 1744 2928 2007 3000; x_wconf 82' lang='grc' dir='ltr'>ὁμότιμον</span> 
     </span>
    </p>
   </div>
   <div class='ocr_carea' id='block_1_45' title="bbox 410 3005 2008 3087">
    <p class='ocr_par' dir='ltr' id='par_1_45' title="bbox 410 3005 2008 3087">
     <span class='ocr_line' id='line_1_45' title="bbox 410 3005 2008 3087; baseline 0.009 -27"><span class='ocrx_word' id='word_1_322' title='bbox 410 3005 554 3062; x_wconf 79' lang='grc' dir='ltr'>εἶναι</span> <span class='ocrx_word' id='word_1_323' title='bbox 575 3011 676 3078; x_wconf 81' lang='grc' dir='ltr'>τῆς</span> <span class='ocrx_word' id='word_1_324' title='bbox 701 3013 1143 3086; x_wconf 80' lang='grc' dir='ltr'>παντοκράτορος</span> <span class='ocrx_word' id='word_1_325' title='bbox 1161 3017 1254 3069; x_wconf 70' lang='grc' dir='ltr'><strong>καὶ</strong></span> <span class='ocrx_word' id='word_1_326' title='bbox 1279 3017 1463 3087; x_wconf 85' lang='grc' dir='ltr'>πάσης</span> <span class='ocrx_word' id='word_1_327' title='bbox 1491 3018 1585 3072; x_wconf 91' lang='grc' dir='ltr'><strong>τοῦ</strong></span> <span class='ocrx_word' id='word_1_328' title='bbox 1608 3015 1750 3073; x_wconf 77' lang='grc' dir='ltr'>εἶναι</span> <span class='ocrx_word' id='word_1_329' title='bbox 1775 3021 2008 3087; x_wconf 75' lang='grc' dir='ltr'>κτίσεως</span> 
     </span>
    </p>
   </div>
   <div class='ocr_carea' id='block_1_46' title="bbox 412 3103 2006 3182">
    <p class='ocr_par' dir='ltr' id='par_1_46' title="bbox 412 3103 2006 3182">
     <span class='ocr_line' id='line_1_46' title="bbox 412 3103 2006 3182; baseline 0.009 -29"><span class='ocrx_word' id='word_1_330' title='bbox 412 3103 710 3171; x_wconf 83' lang='grc' dir='ltr'>παραιτίας</span> <span class='ocrx_word' id='word_1_331' title='bbox 734 3104 828 3159; x_wconf 74' lang='grc' dir='ltr'>καὶ</span> <span class='ocrx_word' id='word_1_332' title='bbox 850 3105 949 3177; x_wconf 79' lang='grc' dir='ltr'><strong>τὴν</strong></span> <span class='ocrx_word' id='word_1_333' title='bbox 972 3105 1359 3182; x_wconf 80' lang='grc' dir='ltr'>λειτουργικὴν</span> <span class='ocrx_word' id='word_1_334' title='bbox 1385 3110 1711 3176; x_wconf 82' lang='grc' dir='ltr'>ὑπόστασιν,</span> <span class='ocrx_word' id='word_1_335' title='bbox 1736 3113 1837 3167; x_wconf 81' lang='grc' dir='ltr'><strong>οὐκ</strong></span> <span class='ocrx_word' id='word_1_336' title='bbox 1857 3113 2006 3167; x_wconf 79' lang='grc' dir='ltr'>ἔστιν</span> 
     </span>
    </p>
   </div>
   <div class='ocr_carea' id='block_1_47' title="bbox 411 3195 2004 3276">
    <p class='ocr_par' dir='ltr' id='par_1_47' title="bbox 411 3195 2004 3276">
     <span class='ocr_line' id='line_1_47' title="bbox 411 3195 2004 3276; baseline 0.009 -29"><span class='ocrx_word' id='word_1_337' title='bbox 411 3195 636 3260; x_wconf 82' lang='grc' dir='ltr'>εἰδότος,</span> <span class='ocrx_word' id='word_1_338' title='bbox 663 3198 784 3252; x_wconf 82' lang='grc' dir='ltr'><strong>οῦδέ</strong></span> <span class='ocrx_word' id='word_1_339' title='bbox 818 3201 986 3268; x_wconf 74' lang='grc' dir='ltr'>ἐγγὺς</span> <span class='ocrx_word' id='word_1_340' title='bbox 1005 3242 1020 3268; x_wconf 93' lang='grc'><strong>,</strong></span> <span class='ocrx_word' id='word_1_341' title='bbox 1053 3202 1172 3255; x_wconf 84' lang='grc' dir='ltr'>ἀλλ’</span> <span class='ocrx_word' id='word_1_342' title='bbox 1198 3203 1526 3272; x_wconf 81' lang='grc' dir='ltr'>ἀγνοοῦντος</span> <span class='ocrx_word' id='word_1_343' title='bbox 1545 3247 1561 3272; x_wconf 92' lang='grc'><strong>,</strong></span> <span class='ocrx_word' id='word_1_344' title='bbox 1611 3200 1788 3274; x_wconf 76' lang='grc' dir='ltr'>οἴμαι,</span> <span class='ocrx_word' id='word_1_345' title='bbox 1820 3207 1896 3269; x_wconf 87' lang='grc' dir='ltr'><strong>ώς</strong></span> <span class='ocrx_word' id='word_1_346' title='bbox 1925 3206 2004 3276; x_wconf 85' lang='grc' dir='ltr'><strong>τῷ</strong></span> 
     </span>
    </p>
   </div>
   <div class='ocr_carea' id='block_1_48' title="bbox 2115 2001 3708 2073">
    <p class='ocr_par' dir='ltr' id='par_1_48' title="bbox 2115 2001 3708 2073">
     <span class='ocr_line' id='line_1_48' title="bbox 2115 2001 3708 2073; baseline 0.001 -17"><span class='ocrx_word' id='word_1_347' title='bbox 2115 2011 2452 2072; x_wconf 89' lang='lat' dir='ltr'><strong>acceperunt</strong></span> <span class='ocrx_word' id='word_1_348' title='bbox 2491 2012 2699 2072; x_wconf 85' lang='lat' dir='ltr'><strong>septem</strong></span> <span class='ocrx_word' id='word_1_349' title='bbox 2730 2004 3080 2072; x_wconf 87' lang='lat' dir='ltr'><strong>operationes</strong></span> <span class='ocrx_word' id='word_1_350' title='bbox 3120 2003 3292 2057; x_wconf 88' lang='lat' dir='ltr'><strong>sancti</strong></span> <span class='ocrx_word' id='word_1_351' title='bbox 3320 2001 3580 2073; x_wconf 89' lang='lat' dir='ltr'><strong>Spiritus.</strong></span> <span class='ocrx_word' id='word_1_352' title='bbox 3610 2002 3708 2059; x_wconf 87' lang='lat' dir='ltr'><strong>Est</strong></span> 
     </span>
    </p>
   </div>
   <div class='ocr_carea' id='block_1_49' title="bbox 2115 2093 3702 2166">
    <p class='ocr_par' dir='ltr' id='par_1_49' title="bbox 2115 2093 3702 2166">
     <span class='ocr_line' id='line_1_49' title="bbox 2115 2093 3702 2166; baseline 0.002 -18"><span class='ocrx_word' id='word_1_353' title='bbox 2115 2102 2299 2148; x_wconf 89' lang='lat' dir='ltr'><strong>autem</strong></span> <span class='ocrx_word' id='word_1_354' title='bbox 2327 2093 2669 2164; x_wconf 87' lang='lat' dir='ltr'><strong>probabilius</strong></span> <span class='ocrx_word' id='word_1_355' title='bbox 2706 2095 2806 2149; x_wconf 85' lang='lat' dir='ltr'><strong>hos</strong></span> <span class='ocrx_word' id='word_1_356' title='bbox 2835 2094 3088 2164; x_wconf 86' lang='lat' dir='ltr'><strong>accipere</strong></span> <span class='ocrx_word' id='word_1_357' title='bbox 3115 2095 3340 2163; x_wconf 78' lang='lat' dir='ltr'><strong>angelos</strong></span> <span class='ocrx_word' id='word_1_358' title='bbox 3368 2113 3382 2150; x_wconf 90' lang='lat'><strong>:</strong></span> <span class='ocrx_word' id='word_1_359' title='bbox 3421 2110 3528 2149; x_wconf 89' lang='lat' dir='ltr'><strong>non</strong></span> <span class='ocrx_word' id='word_1_360' title='bbox 3556 2097 3702 2166; x_wconf 88' lang='lat' dir='ltr'><strong>quod</strong></span> 
     </span>
    </p>
   </div>
   <div class='ocr_carea' id='block_1_50' title="bbox 2114 2184 3706 2256">
    <p class='ocr_par' dir='ltr' id='par_1_50' title="bbox 2114 2184 3706 2256">
     <span class='ocr_line' id='line_1_50' title="bbox 2114 2184 3706 2256; baseline 0 -15"><span class='ocrx_word' id='word_1_361' title='bbox 2114 2202 2238 2242; x_wconf 90' lang='lat' dir='ltr'><strong>cum</strong></span> <span class='ocrx_word' id='word_1_362' title='bbox 2276 2185 2637 2256; x_wconf 84' lang='lat' dir='ltr'><strong>omnipotenti</strong></span> <span class='ocrx_word' id='word_1_363' title='bbox 2674 2184 2944 2240; x_wconf 89' lang='lat' dir='ltr'><strong>Trinitate</strong></span> <span class='ocrx_word' id='word_1_364' title='bbox 2987 2185 3545 2254; x_wconf 84' lang='lat' dir='ltr'><strong>comprehemlantur,</strong></span> <span class='ocrx_word' id='word_1_365' title='bbox 3588 2187 3706 2242; x_wconf 81' lang='lat' dir='ltr'><strong>sive</strong></span> 
     </span>
    </p>
   </div>
   <div class='ocr_carea' id='block_1_51' title="bbox 2113 2275 3702 2345">
    <p class='ocr_par' dir='ltr' id='par_1_51' title="bbox 2113 2275 3702 2345">
     <span class='ocr_line' id='line_1_51' title="bbox 2113 2275 3702 2345; baseline 0 -15"><span class='ocrx_word' id='word_1_366' title='bbox 2113 2275 2276 2330; x_wconf 87' lang='lat' dir='ltr'><strong>etiam</strong></span> <span class='ocrx_word' id='word_1_367' title='bbox 2311 2275 2540 2344; x_wconf 70' lang='lat' dir='ltr'><strong>azqualis</strong></span> <span class='ocrx_word' id='word_1_368' title='bbox 2576 2291 2700 2330; x_wconf 89' lang='lat' dir='ltr'><strong>esse</strong></span> <span class='ocrx_word' id='word_1_369' title='bbox 2726 2290 2852 2328; x_wconf 91' lang='lat' dir='ltr'><strong>cum</strong></span> <span class='ocrx_word' id='word_1_370' title='bbox 2883 2289 2945 2328; x_wconf 89' lang='lat' dir='ltr'><strong>ea</strong></span> <span class='ocrx_word' id='word_1_371' title='bbox 2976 2275 3204 2330; x_wconf 88' lang='lat' dir='ltr'><strong>honoris</strong></span> <span class='ocrx_word' id='word_1_372' title='bbox 3235 2275 3496 2330; x_wconf 89' lang='lat' dir='ltr'><strong>arbitrari</strong></span> <span class='ocrx_word' id='word_1_373' title='bbox 3533 2291 3702 2345; x_wconf 84' lang='lat' dir='ltr'><strong>opor-</strong></span> 
     </span>
    </p>
   </div>
   <div class='ocr_carea' id='block_1_52' title="bbox 2115 2367 3702 2440">
    <p class='ocr_par' dir='ltr' id='par_1_52' title="bbox 2115 2367 3702 2440">
     <span class='ocr_line' id='line_1_52' title="bbox 2115 2367 3702 2440; baseline -0.001 -18"><span class='ocrx_word' id='word_1_374' title='bbox 2115 2376 2259 2422; x_wconf 89' lang='lat' dir='ltr'><strong>teat:</strong></span> <span class='ocrx_word' id='word_1_375' title='bbox 2279 2368 2371 2422; x_wconf 91' lang='lat' dir='ltr'><strong>sed</strong></span> <span class='ocrx_word' id='word_1_376' title='bbox 2393 2367 2540 2440; x_wconf 91' lang='lat' dir='ltr'><strong>quod</strong></span> <span class='ocrx_word' id='word_1_377' title='bbox 2557 2368 2608 2422; x_wconf 91' lang='lat' dir='ltr'><strong>ei</strong></span> <span class='ocrx_word' id='word_1_378' title='bbox 2628 2368 2970 2421; x_wconf 82' lang='lat' dir='ltr'><strong>famulentur</strong></span> <span class='ocrx_word' id='word_1_379' title='bbox 2996 2374 3053 2421; x_wconf 91' lang='lat' dir='ltr'><strong>et</strong></span> <span class='ocrx_word' id='word_1_380' title='bbox 3078 2367 3477 2438; x_wconf 87' lang='lat' dir='ltr'><strong>obsequantur,</strong></span> <span class='ocrx_word' id='word_1_381' title='bbox 3501 2367 3545 2422; x_wconf 91' lang='lat' dir='ltr'><strong>si</strong></span> <span class='ocrx_word' id='word_1_382' title='bbox 3571 2381 3702 2438; x_wconf 87' lang='lat' dir='ltr'><strong>pro-</strong></span> 
     </span>
    </p>
   </div>
   <div class='ocr_carea' id='block_1_53' title="bbox 2113 2458 3702 2531">
    <p class='ocr_par' dir='ltr' id='par_1_53' title="bbox 2113 2458 3702 2531">
     <span class='ocr_line' id='line_1_53' title="bbox 2113 2458 3702 2531; baseline -0.001 -17"><span class='ocrx_word' id='word_1_383' title='bbox 2113 2460 2294 2531; x_wconf 87' lang='lat' dir='ltr'><strong>phetis</strong></span> <span class='ocrx_word' id='word_1_384' title='bbox 2354 2460 2686 2515; x_wconf 87' lang='lat' dir='ltr'><strong>credendum</strong></span> <span class='ocrx_word' id='word_1_385' title='bbox 2744 2470 2830 2514; x_wconf 89' lang='lat' dir='ltr'><strong>est</strong></span> <span class='ocrx_word' id='word_1_386' title='bbox 2875 2460 3270 2515; x_wconf 89' lang='lat' dir='ltr'><strong>attestantibus</strong></span> <span class='ocrx_word' id='word_1_387' title='bbox 3320 2459 3467 2529; x_wconf 87' lang='lat' dir='ltr'><strong>quod</strong></span> <span class='ocrx_word' id='word_1_388' title='bbox 3517 2458 3702 2514; x_wconf 88' lang='lat' dir='ltr'><strong>omnia</strong></span> 
     </span>
    </p>
   </div>
   <div class='ocr_carea' id='block_1_54' title="bbox 2113 2551 3700 2624">
    <p class='ocr_par' dir='ltr' id='par_1_54' title="bbox 2113 2551 3700 2624">
     <span class='ocr_line' id='line_1_54' title="bbox 2113 2551 3700 2624; baseline -0.002 -15"><span class='ocrx_word' id='word_1_389' title='bbox 2113 2554 2354 2609; x_wconf 86' lang='lat' dir='ltr'><strong>serviant</strong></span> <span class='ocrx_word' id='word_1_390' title='bbox 2395 2553 2527 2624; x_wconf 86' lang='lat' dir='ltr'><strong>ipsi:</strong></span> <span class='ocrx_word' id='word_1_391' title='bbox 2571 2561 2627 2608; x_wconf 92' lang='lat' dir='ltr'><strong>ct</strong></span> <span class='ocrx_word' id='word_1_392' title='bbox 2676 2553 3012 2623; x_wconf 85' lang='lat' dir='ltr'><strong>progenitori</strong></span> <span class='ocrx_word' id='word_1_393' title='bbox 3057 2551 3152 2608; x_wconf 88' lang='lat' dir='ltr'><strong>Dei</strong></span> <span class='ocrx_word' id='word_1_394' title='bbox 3189 2551 3401 2618; x_wconf 88' lang='lat' dir='ltr'><strong>Davidi,</strong></span> <span class='ocrx_word' id='word_1_395' title='bbox 3441 2551 3646 2608; x_wconf 86' lang='lat' dir='ltr'><strong>dicenti</strong></span> <span class='ocrx_word' id='word_1_396' title='bbox 3685 2569 3700 2606; x_wconf 92' lang='lat'><strong>:</strong></span> 
     </span>
    </p>
   </div>
   <div class='ocr_carea' id='block_1_55' title="bbox 2120 2644 3703 2716">
    <p class='ocr_par' dir='ltr' id='par_1_55' title="bbox 2120 2644 3703 2716">
     <span class='ocr_line' id='line_1_55' title="bbox 2120 2644 3703 2716; baseline -0.001 -16"><span class='ocrx_word' id='word_1_397' title='bbox 2120 2667 2137 2700; x_wconf 77' lang='grc' dir='ltr'><strong>ι</strong></span> <span class='ocrx_word' id='word_1_398' title='bbox 2170 2646 2501 2713; x_wconf 88' lang='lat' dir='ltr'><strong>Benedicite,</strong></span> <span class='ocrx_word' id='word_1_399' title='bbox 2524 2660 2717 2700; x_wconf 87' lang='lat' dir='ltr'><strong>omnes</strong></span> <span class='ocrx_word' id='word_1_400' title='bbox 2747 2645 2922 2716; x_wconf 83' lang='lat' dir='ltr'><strong>angeli</strong></span> <span class='ocrx_word' id='word_1_401' title='bbox 2955 2644 3073 2709; x_wconf 85' lang='lat' dir='ltr'><strong>Dei,</strong></span> <span class='ocrx_word' id='word_1_402' title='bbox 3105 2653 3353 2716; x_wconf 87' lang='lat' dir='ltr'><strong>potentes</strong></span> <span class='ocrx_word' id='word_1_403' title='bbox 3381 2645 3582 2699; x_wconf 88' lang='lat' dir='ltr'><strong>virtute</strong></span> <span class='ocrx_word' id='word_1_404' title='bbox 3607 2645 3703 2715; x_wconf 83' lang='lat' dir='ltr'><strong>qui</strong></span> 
     </span>
    </p>
   </div>
   <div class='ocr_carea' id='block_1_56' title="bbox 2111 2736 3701 2811">
    <p class='ocr_par' dir='ltr' id='par_1_56' title="bbox 2111 2736 3701 2811">
     <span class='ocr_line' id='line_1_56' title="bbox 2111 2736 3701 2811; baseline -0.003 -15"><span class='ocrx_word' id='word_1_405' title='bbox 2111 2739 2342 2811; x_wconf 80' lang='lat' dir='ltr'><strong>expletis</strong></span> <span class='ocrx_word' id='word_1_406' title='bbox 2385 2753 2698 2795; x_wconf 88' lang='lat' dir='ltr'><strong>sermonem</strong></span> <span class='ocrx_word' id='word_1_407' title='bbox 2751 2739 2949 2808; x_wconf 88' lang='lat' dir='ltr'><strong>ipsius.</strong></span> <span class='ocrx_word' id='word_1_408' title='bbox 2971 2737 2994 2769; x_wconf 82' lang='grc'><strong>⁸</strong></span> <span class='ocrx_word' id='word_1_409' title='bbox 3022 2757 3040 2790; x_wconf 75' lang='grc' dir='ltr'><strong>ι</strong></span> <span class='ocrx_word' id='word_1_410' title='bbox 3079 2736 3145 2792; x_wconf 83' lang='grc' dir='ltr'>Ει</span> <span class='ocrx_word' id='word_1_411' title='bbox 3168 2746 3318 2792; x_wconf 89' lang='lat' dir='ltr'><strong>certe</strong></span> <span class='ocrx_word' id='word_1_412' title='bbox 3351 2736 3535 2793; x_wconf 76' lang='lat' dir='ltr'><strong>dicere</strong></span> <span class='ocrx_word' id='word_1_413' title='bbox 3555 2737 3701 2807; x_wconf 79' lang='lat' dir='ltr'><strong>quod</strong></span> 
     </span>
    </p>
   </div>
   <div class='ocr_carea' id='block_1_57' title="bbox 2111 2830 3700 2902">
    <p class='ocr_par' dir='ltr' id='par_1_57' title="bbox 2111 2830 3700 2902">
     <span class='ocr_line' id='line_1_57' title="bbox 2111 2830 3700 2902; baseline -0.003 -14"><span class='ocrx_word' id='word_1_414' title='bbox 2111 2832 2278 2888; x_wconf 87' lang='lat' dir='ltr'><strong>simul</strong></span> <span class='ocrx_word' id='word_1_415' title='bbox 2300 2830 2766 2902; x_wconf 78' lang='lat' dir='ltr'><strong>comprehendere</strong></span> <span class='ocrx_word' id='word_1_416' title='bbox 2796 2831 3138 2885; x_wconf 88' lang='lat' dir='ltr'><strong>divinitatem</strong></span> <span class='ocrx_word' id='word_1_417' title='bbox 3161 2839 3216 2884; x_wconf 92' lang='lat' dir='ltr'><strong>et</strong></span> <span class='ocrx_word' id='word_1_418' title='bbox 3240 2839 3492 2884; x_wconf 84' lang='lat' dir='ltr'><strong>naturam</strong></span> <span class='ocrx_word' id='word_1_419' title='bbox 3524 2844 3700 2899; x_wconf 81' lang='lat' dir='ltr'><strong>ange-</strong></span> 
     </span>
    </p>
   </div>
   <div class='ocr_carea' id='block_1_58' title="bbox 2110 2920 3697 2991">
    <p class='ocr_par' dir='ltr' id='par_1_58' title="bbox 2110 2920 3697 2991">
     <span class='ocr_line' id='line_1_58' title="bbox 2110 2920 3697 2991; baseline -0.001 -15"><span class='ocrx_word' id='word_1_420' title='bbox 2110 2921 2272 2976; x_wconf 71' lang='lat' dir='ltr'><strong>licam</strong></span> <span class='ocrx_word' id='word_1_421' title='bbox 2303 2922 2372 2976; x_wconf 90' lang='lat' dir='ltr'><strong>sit</strong></span> <span class='ocrx_word' id='word_1_422' title='bbox 2396 2923 2780 2977; x_wconf 88' lang='lat' dir='ltr'><strong>demonstrare</strong></span> <span class='ocrx_word' id='word_1_423' title='bbox 2810 2921 3180 2991; x_wconf 87' lang='lat' dir='ltr'><strong>aequalitatem</strong></span> <span class='ocrx_word' id='word_1_424' title='bbox 3209 2935 3331 2974; x_wconf 91' lang='lat' dir='ltr'><strong>csse</strong></span> <span class='ocrx_word' id='word_1_425' title='bbox 3358 2920 3586 2975; x_wconf 87' lang='lat' dir='ltr'><strong>honoris</strong></span> <span class='ocrx_word' id='word_1_426' title='bbox 3616 2921 3697 2982; x_wconf 85' lang='lat' dir='ltr'><strong>in-</strong></span> 
     </span>
    </p>
   </div>
   <div class='ocr_carea' id='block_1_59' title="bbox 2111 3012 3701 3085">
    <p class='ocr_par' dir='ltr' id='par_1_59' title="bbox 2111 3012 3701 3085">
     <span class='ocr_line' id='line_1_59' title="bbox 2111 3012 3701 3085; baseline -0.001 -15"><span class='ocrx_word' id='word_1_427' title='bbox 2111 3023 2194 3070; x_wconf 89' lang='lat' dir='ltr'><strong>ter</strong></span> <span class='ocrx_word' id='word_1_428' title='bbox 2219 3015 2648 3085; x_wconf 88' lang='lat' dir='ltr'><strong>omnipotentem</strong></span> <span class='ocrx_word' id='word_1_429' title='bbox 2672 3012 2994 3068; x_wconf 86' lang='lat' dir='ltr'><strong>Trinitatem</strong></span> <span class='ocrx_word' id='word_1_430' title='bbox 3027 3023 3080 3068; x_wconf 91' lang='lat' dir='ltr'><strong>et</strong></span> <span class='ocrx_word' id='word_1_431' title='bbox 3099 3013 3190 3084; x_wconf 90' lang='lat' dir='ltr'><strong>qui</strong></span> <span class='ocrx_word' id='word_1_432' title='bbox 3220 3013 3402 3068; x_wconf 90' lang='lat' dir='ltr'><strong>omnis</strong></span> <span class='ocrx_word' id='word_1_433' title='bbox 3427 3021 3701 3069; x_wconf 72' lang='lat' dir='ltr'><strong>creatura:</strong></span> 
     </span>
    </p>
   </div>
   <div class='ocr_carea' id='block_1_60' title="bbox 2106 3092 3701 3172">
    <p class='ocr_par' dir='ltr' id='par_1_60' title="bbox 2106 3092 3701 3172">
     <span class='ocr_line' id='line_1_60' title="bbox 2106 3092 3701 3172; baseline 0 -11"><span class='ocrx_word' id='word_1_434' title='bbox 2106 3117 2302 3163; x_wconf 86' lang='lat' dir='ltr'><strong>auctor</strong></span> <span class='ocrx_word' id='word_1_435' title='bbox 2336 3116 2440 3170; x_wconf 87' lang='lat' dir='ltr'><strong>est,</strong></span> <span class='ocrx_word' id='word_1_436' title='bbox 2483 3123 2548 3162; x_wconf 88' lang='lat' dir='ltr'><strong>ac</strong></span> <span class='ocrx_word' id='word_1_437' title='bbox 2579 3107 2994 3161; x_wconf 87' lang='lat' dir='ltr'><strong>ministerialem</strong></span> <span class='ocrx_word' id='word_1_438' title='bbox 3024 3106 3417 3172; x_wconf 84' lang='lat' dir='ltr'><strong>substantiam,</strong></span> <span class='ocrx_word' id='word_1_439' title='bbox 3467 3092 3579 3159; x_wconf 87' lang='lat' dir='ltr'><strong>non</strong></span> <span class='ocrx_word' id='word_1_440' title='bbox 3613 3115 3701 3161; x_wconf 86' lang='lat' dir='ltr'><strong>est</strong></span> 
     </span>
    </p>
   </div>
   <div class='ocr_carea' id='block_1_61' title="bbox 2109 3194 3694 3268">
    <p class='ocr_par' dir='ltr' id='par_1_61' title="bbox 2109 3194 3694 3268">
     <span class='ocr_line' id='line_1_61' title="bbox 2109 3194 3694 3268; baseline -0.001 -16"><span class='ocrx_word' id='word_1_441' title='bbox 2109 3197 2459 3266; x_wconf 84' lang='lat' dir='ltr'><strong>intelligentis</strong></span> <span class='ocrx_word' id='word_1_442' title='bbox 2485 3207 2579 3250; x_wconf 89' lang='lat' dir='ltr'><strong>aut</strong></span> <span class='ocrx_word' id='word_1_443' title='bbox 2600 3195 2992 3268; x_wconf 86' lang='lat' dir='ltr'><strong>propemodum</strong></span> <span class='ocrx_word' id='word_1_444' title='bbox 3017 3196 3397 3266; x_wconf 83' lang='lat' dir='ltr'><strong>intelligentis,</strong></span> <span class='ocrx_word' id='word_1_445' title='bbox 3418 3194 3513 3250; x_wconf 92' lang='lat' dir='ltr'><strong>sed</strong></span> <span class='ocrx_word' id='word_1_446' title='bbox 3541 3195 3694 3264; x_wconf 79' lang='lat' dir='ltr'><strong>igno-</strong></span> 
     </span>
    </p>
   </div>
   <div class='ocr_carea' id='block_1_62' title="bbox 411 3282 2005 3372">
    <p class='ocr_par' dir='ltr' id='par_1_62' title="bbox 411 3287 2002 3372">
     <span class='ocr_line' id='line_1_62' title="bbox 411 3287 2002 3372; baseline 0.009 -32"><span class='ocrx_word' id='word_1_447' title='bbox 411 3287 724 3354; x_wconf 80' lang='grc' dir='ltr'>δεσπόζοντι</span> <span class='ocrx_word' id='word_1_448' title='bbox 746 3291 892 3361; x_wconf 82' lang='grc' dir='ltr'>φιλεῖ</span> <span class='ocrx_word' id='word_1_449' title='bbox 911 3295 1152 3348; x_wconf 90' lang='grc' dir='ltr'>συνεῖναι</span> <span class='ocrx_word' id='word_1_450' title='bbox 1182 3296 1276 3350; x_wconf 70' lang='grc' dir='ltr'><strong>καὶ</strong></span> <span class='ocrx_word' id='word_1_451' title='bbox 1292 3299 1353 3351; x_wconf 87' lang='grc' dir='ltr'>τδ</span> <span class='ocrx_word' id='word_1_452' title='bbox 1375 3298 1706 3368; x_wconf 81' lang='grc' dir='ltr'>ὑπηρετοῦν.</span> <span class='ocrx_word' id='word_1_453' title='bbox 1721 3293 1791 3371; x_wconf 84' lang='grc' dir='ltr'>ᾯ</span> <span class='ocrx_word' id='word_1_454' title='bbox 1820 3299 1886 3372; x_wconf 83' lang='grc' dir='ltr'><strong>δὴ</strong></span> <span class='ocrx_word' id='word_1_455' title='bbox 1908 3301 2002 3354; x_wconf 77' lang='grc' dir='ltr'>καὶ</span> 
     </span>
    </p>
   </div>
   <div class='ocr_carea' id='block_1_63' title="bbox 2110 3282 3695 3372">
    <p class='ocr_par' dir='ltr' id='par_1_63' title="bbox 2110 3286 3695 3358">
     <span class='ocr_line' id='line_1_63' title="bbox 2110 3286 3695 3358; baseline -0.003 -15"><span class='ocrx_word' id='word_1_456' title='bbox 2110 3290 2300 3353; x_wconf 89' lang='lat' dir='ltr'><strong>rantis,</strong></span> <span class='ocrx_word' id='word_1_457' title='bbox 2327 3297 2386 3342; x_wconf 92' lang='lat' dir='ltr'><strong>ut</strong></span> <span class='ocrx_word' id='word_1_458' title='bbox 2417 3288 2788 3358; x_wconf 91' lang='lat' dir='ltr'><strong>opinor,quod</strong></span> <span class='ocrx_word' id='word_1_459' title='bbox 2817 3288 3131 3358; x_wconf 85' lang='lat' dir='ltr'><strong>gaudeatea</strong></span> <span class='ocrx_word' id='word_1_460' title='bbox 3153 3299 3402 3343; x_wconf 83' lang='lat' dir='ltr'><strong>creatura</strong></span> <span class='ocrx_word' id='word_1_461' title='bbox 3433 3286 3695 3342; x_wconf 79' lang='lat' dir='ltr'><strong>assistere</strong></span> 
     </span>
    </p>
   </div>
   <div class='ocr_carea' id='block_1_64' title="bbox 412 3379 2004 3461">
    <p class='ocr_par' dir='ltr' id='par_1_64' title="bbox 412 3379 2004 3461">
     <span class='ocr_line' id='line_1_64' title="bbox 412 3379 2004 3461; baseline 0.01 -30"><span class='ocrx_word' id='word_1_462' title='bbox 412 3379 624 3444; x_wconf 81' lang='grc' dir='ltr'>Παῦλος</span> <span class='ocrx_word' id='word_1_463' title='bbox 651 3382 932 3454; x_wconf 85' lang='grc' dir='ltr'>χρώμενος</span> <span class='ocrx_word' id='word_1_464' title='bbox 956 3387 1013 3439; x_wconf 88' lang='grc' dir='ltr'><strong>ἐν</strong></span> <span class='ocrx_word' id='word_1_465' title='bbox 1033 3389 1098 3458; x_wconf 83' lang='grc' dir='ltr'>τῇ</span> <span class='ocrx_word' id='word_1_466' title='bbox 1146 3387 1342 3461; x_wconf 78' lang='grc' dir='ltr'>πρώτῃ</span> <span class='ocrx_word' id='word_1_467' title='bbox 1375 3389 1516 3460; x_wconf 71' lang='grc'><strong>(1-2)</strong></span> <span class='ocrx_word' id='word_1_468' title='bbox 1559 3390 1696 3461; x_wconf 76' lang='grc' dir='ltr'>πρὸς</span> <span class='ocrx_word' id='word_1_469' title='bbox 1737 3390 2004 3461; x_wconf 86' lang='grc' dir='ltr'>Τιμόθεον</span> 
     </span>
    </p>
   </div>
   <div class='ocr_carea' id='block_1_65' title="bbox 409 3473 2003 3554">
    <p class='ocr_par' dir='ltr' id='par_1_65' title="bbox 409 3473 2003 3554">
     <span class='ocr_line' id='line_1_65' title="bbox 409 3473 2003 3554; baseline 0.009 -29"><span class='ocrx_word' id='word_1_470' title='bbox 409 3473 702 3546; x_wconf 79' lang='grc' dir='ltr'>Ἐπιστολῇ</span> <span class='ocrx_word' id='word_1_471' title='bbox 728 3475 874 3530; x_wconf 77' lang='grc' dir='ltr'>οὕτω</span> <span class='ocrx_word' id='word_1_472' title='bbox 896 3477 1014 3541; x_wconf 86' lang='grc' dir='ltr'><strong>πώς</strong></span> <span class='ocrx_word' id='word_1_473' title='bbox 1039 3495 1237 3549; x_wconf 75' lang='grc' dir='ltr'>φησιοι</span> <span class='ocrx_word' id='word_1_474' title='bbox 1265 3481 1629 3554; x_wconf 79' lang='grc' dir='ltr'>Μαρτῦρομαι</span> <span class='ocrx_word' id='word_1_475' title='bbox 1652 3481 1887 3536; x_wconf 82' lang='grc' dir='ltr'>ἐνώπιον</span> <span class='ocrx_word' id='word_1_476' title='bbox 1909 3485 2003 3539; x_wconf 89' lang='grc' dir='ltr'><strong>τοῦ</strong></span> 
     </span>
    </p>
   </div>
   <div class='ocr_carea' id='block_1_66' title="bbox 411 3564 2005 3640">
    <p class='ocr_par' dir='ltr' id='par_1_66' title="bbox 411 3564 2005 3640">
     <span class='ocr_line' id='line_1_66' title="bbox 411 3564 2005 3640; baseline 0.006 -22"><span class='ocrx_word' id='word_1_477' title='bbox 411 3564 548 3618; x_wconf 84' lang='grc' dir='ltr'>Θεοῦ</span> <span class='ocrx_word' id='word_1_478' title='bbox 579 3566 676 3620; x_wconf 70' lang='grc' dir='ltr'>καὶ</span> <span class='ocrx_word' id='word_1_479' title='bbox 714 3567 825 3621; x_wconf 81' lang='grc' dir='ltr'><strong>τῶν</strong></span> <span class='ocrx_word' id='word_1_480' title='bbox 869 3569 1146 3624; x_wconf 76' lang='grc' dir='ltr'>ἐκλεκτῶν</span> <span class='ocrx_word' id='word_1_481' title='bbox 1188 3571 1462 3640; x_wconf 83' lang='grc' dir='ltr'>ἀγγέλων.</span> <span class='ocrx_word' id='word_1_482' title='bbox 1504 3592 1523 3625; x_wconf 77' lang='grc' dir='ltr'><strong>ι</strong></span> <span class='ocrx_word' id='word_1_483' title='bbox 1581 3573 1756 3627; x_wconf 85' lang='grc' dir='ltr'>Τοῦτο</span> <span class='ocrx_word' id='word_1_484' title='bbox 1784 3570 1877 3628; x_wconf 77' lang='grc' dir='ltr'><strong>οὖν</strong></span> <span class='ocrx_word' id='word_1_485' title='bbox 1911 3575 2005 3628; x_wconf 72' lang='grc' dir='ltr'><strong>καὶ</strong></span> 
     </span>
    </p>
   </div>
   <div class='ocr_carea' id='block_1_67' title="bbox 410 3659 2004 3733">
    <p class='ocr_par' dir='ltr' id='par_1_67' title="bbox 410 3659 2004 3733">
     <span class='ocr_line' id='line_1_67' title="bbox 410 3659 2004 3733; baseline 0.005 -21"><span class='ocrx_word' id='word_1_486' title='bbox 410 3659 490 3731; x_wconf 79' lang='grc' dir='ltr'><strong>τῷ</strong></span> <span class='ocrx_word' id='word_1_487' title='bbox 538 3660 688 3733; x_wconf 77' lang='grc' dir='ltr'>αὐτῷ</span> <span class='ocrx_word' id='word_1_488' title='bbox 721 3663 1220 3728; x_wconf 74' lang='grc' dir='ltr'>ἐπακολουθοῦντός</span> <span class='ocrx_word' id='word_1_489' title='bbox 1253 3669 1422 3722; x_wconf 82' lang='grc' dir='ltr'>ἐστιν.</span> <span class='ocrx_word' id='word_1_490' title='bbox 1483 3665 1646 3720; x_wconf 76' lang='grc' dir='ltr'>Ἀλλὰ</span> <span class='ocrx_word' id='word_1_491' title='bbox 1677 3667 1775 3720; x_wconf 63' lang='grc' dir='ltr'><strong>καὶ⁹</strong></span> <span class='ocrx_word' id='word_1_492' title='bbox 1806 3667 1868 3721; x_wconf 78' lang='grc' dir='ltr'>τὸ</span> <span class='ocrx_word' id='word_1_493' title='bbox 1912 3670 2004 3722; x_wconf 83' lang='grc' dir='ltr'>ἐν-</span> 
     </span>
    </p>
   </div>
   <div class='ocr_carea' id='block_1_68' title="bbox 410 3751 2003 3827">
    <p class='ocr_par' dir='ltr' id='par_1_68' title="bbox 410 3751 2003 3827">
     <span class='ocr_line' id='line_1_68' title="bbox 410 3751 2003 3827; baseline 0.006 -23"><span class='ocrx_word' id='word_1_494' title='bbox 410 3751 586 3806; x_wconf 85' lang='grc' dir='ltr'>ταῦθα</span> <span class='ocrx_word' id='word_1_495' title='bbox 618 3755 976 3825; x_wconf 80' lang='grc' dir='ltr'>προσκεῖσθαι</span> <span class='ocrx_word' id='word_1_496' title='bbox 1010 3755 1092 3820; x_wconf 81' lang='grc' dir='ltr'><strong>τὺ,</strong></span> <span class='ocrx_word' id='word_1_497' title='bbox 1134 3756 1204 3810; x_wconf 82' lang='lat' dir='ltr'><strong><em>&quot;A</em></strong></span> <span class='ocrx_word' id='word_1_498' title='bbox 1238 3756 1413 3811; x_wconf 79' lang='grc' dir='ltr'>ἐστιν</span> <span class='ocrx_word' id='word_1_499' title='bbox 1439 3757 1699 3812; x_wconf 70' lang='grc' dir='ltr'>ἐνώπιον</span> <span class='ocrx_word' id='word_1_500' title='bbox 1729 3759 1836 3813; x_wconf 89' lang='grc' dir='ltr'><strong>τοῦ</strong></span> <span class='ocrx_word' id='word_1_501' title='bbox 1868 3760 2003 3827; x_wconf 85' lang='grc' dir='ltr'>θρό-</span> 
     </span>
    </p>
   </div>
   <div class='ocr_carea' id='block_1_69' title="bbox 409 3843 2003 3922">
    <p class='ocr_par' dir='ltr' id='par_1_69' title="bbox 409 3843 2003 3922">
     <span class='ocr_line' id='line_1_69' title="bbox 409 3843 2003 3922; baseline 0.005 -27"><span class='ocrx_word' id='word_1_502' title='bbox 409 3860 524 3898; x_wconf 78' lang='grc' dir='ltr'>νου</span> <span class='ocrx_word' id='word_1_503' title='bbox 554 3843 660 3898; x_wconf 83' lang='grc' dir='ltr'><strong>τοῦ</strong></span> <span class='ocrx_word' id='word_1_504' title='bbox 691 3845 862 3911; x_wconf 81' lang='grc' dir='ltr'>Θεοῦ,</span> <span class='ocrx_word' id='word_1_505' title='bbox 897 3847 999 3918; x_wconf 79' lang='grc' dir='ltr'>τὴν</span> <span class='ocrx_word' id='word_1_506' title='bbox 1027 3847 1304 3922; x_wconf 76' lang='grc' dir='ltr'>οἰκετικὴν</span> <span class='ocrx_word' id='word_1_507' title='bbox 1334 3848 1511 3919; x_wconf 77' lang='grc' dir='ltr'>τάξιν,</span> <span class='ocrx_word' id='word_1_508' title='bbox 1540 3849 1601 3904; x_wconf 83' lang='grc' dir='ltr'><strong>οὐ</strong></span> <span class='ocrx_word' id='word_1_509' title='bbox 1629 3848 1728 3920; x_wconf 76' lang='grc' dir='ltr'>τὴν</span> <span class='ocrx_word' id='word_1_510' title='bbox 1761 3849 2003 3921; x_wconf 84' lang='grc' dir='ltr'>ἰσότιμον</span> 
     </span>
    </p>
   </div>
   <div class='ocr_carea' id='block_1_70' title="bbox 412 3935 1388 4011">
    <p class='ocr_par' dir='ltr' id='par_1_70' title="bbox 412 3935 1388 4011">
     <span class='ocr_line' id='line_1_70' title="bbox 412 3935 1388 4011; baseline 0.006 -24"><span class='ocrx_word' id='word_1_511' title='bbox 412 3935 594 3998; x_wconf 83' lang='grc' dir='ltr'>αὐτοῖς</span> <span class='ocrx_word' id='word_1_512' title='bbox 627 3938 1183 4011; x_wconf 86' lang='grc' dir='ltr'>προσμαρτυροῦντός</span> <span class='ocrx_word' id='word_1_513' title='bbox 1213 3940 1388 3993; x_wconf 88' lang='grc' dir='ltr'>ἐστιν.</span> 
     </span>
    </p>
   </div>
   <div class='ocr_carea' id='block_1_71' title="bbox 489 4112 2001 4190">
    <p class='ocr_par' dir='ltr' id='par_1_71' title="bbox 489 4112 2001 4190">
     <span class='ocr_line' id='line_1_71' title="bbox 489 4112 2001 4190; baseline 0.007 -24"><span class='ocrx_word' id='word_1_514' title='bbox 489 4112 553 4166; x_wconf 84' lang='lat'><strong>&#39;0</strong></span> <span class='ocrx_word' id='word_1_515' title='bbox 570 4113 802 4184; x_wconf 78' lang='grc' dir='ltr'>μάρτυς</span> <span class='ocrx_word' id='word_1_516' title='bbox 842 4119 874 4170; x_wconf 83' lang='grc' dir='ltr'><strong>ό</strong></span> <span class='ocrx_word' id='word_1_517' title='bbox 913 4118 1145 4180; x_wconf 84' lang='grc' dir='ltr'>πιστός.</span> <span class='ocrx_word' id='word_1_518' title='bbox 1183 4118 1275 4170; x_wconf 89' lang='grc' dir='ltr'>Δεῖ</span> <span class='ocrx_word' id='word_1_519' title='bbox 1325 4119 1772 4190; x_wconf 79' lang='grc' dir='ltr'>προσυπακούειν</span> <span class='ocrx_word' id='word_1_520' title='bbox 1814 4121 1896 4186; x_wconf 86' lang='grc' dir='ltr'>τὸ,</span> <span class='ocrx_word' id='word_1_521' title='bbox 1940 4123 2001 4188; x_wconf 85' lang='grc' dir='ltr'>ὃς</span> 
     </span>
    </p>
   </div>
   <div class='ocr_carea' id='block_1_72' title="bbox 413 4203 1999 4281">
    <p class='ocr_par' dir='ltr' id='par_1_72' title="bbox 413 4203 1999 4281">
     <span class='ocr_line' id='line_1_72' title="bbox 413 4203 1999 4281; baseline 0.007 -26"><span class='ocrx_word' id='word_1_522' title='bbox 413 4206 583 4271; x_wconf 86' lang='grc' dir='ltr'>ἐστιν,</span> <span class='ocrx_word' id='word_1_523' title='bbox 631 4206 696 4258; x_wconf 81' lang='grc' dir='ltr'><strong>ἵν’</strong></span> <span class='ocrx_word' id='word_1_524' title='bbox 833 4208 942 4260; x_wconf 72' lang='grc' dir='ltr'><strong>Καὶ</strong></span> <span class='ocrx_word' id='word_1_525' title='bbox 987 4208 1096 4262; x_wconf 82' lang='grc' dir='ltr'>ἀπὸ</span> <span class='ocrx_word' id='word_1_526' title='bbox 1147 4208 1323 4281; x_wconf 83' lang='grc' dir='ltr'>Ἰησοῦ</span> <span class='ocrx_word' id='word_1_527' title='bbox 1374 4211 1636 4281; x_wconf 86' lang='grc' dir='ltr'>Χριστοῦ,</span> <span class='ocrx_word' id='word_1_528' title='bbox 1673 4215 1731 4277; x_wconf 85' lang='grc' dir='ltr'>ὃς</span> <span class='ocrx_word' id='word_1_529' title='bbox 1775 4214 1923 4269; x_wconf 82' lang='grc' dir='ltr'>ἐστιν</span> <span class='ocrx_word' id='word_1_530' title='bbox 1970 4215 1999 4266; x_wconf 84' lang='grc' dir='ltr'><strong>ό</strong></span> 
     </span>
    </p>
   </div>
   <div class='ocr_carea' id='block_1_73' title="bbox 416 4298 1996 4378">
    <p class='ocr_par' dir='ltr' id='par_1_73' title="bbox 416 4298 1996 4378">
     <span class='ocr_line' id='line_1_73' title="bbox 416 4298 1996 4378; baseline 0.006 -28"><span class='ocrx_word' id='word_1_531' title='bbox 416 4298 646 4369; x_wconf 85' lang='grc' dir='ltr'>μάρτυς.</span> <span class='ocrx_word' id='word_1_532' title='bbox 711 4300 1142 4370; x_wconf 82' lang='grc' dir='ltr'>Ἐπισκοπητὲον</span> <span class='ocrx_word' id='word_1_533' title='bbox 1186 4302 1244 4355; x_wconf 82' lang='grc' dir='ltr'><strong>δὲ</strong></span> <span class='ocrx_word' id='word_1_534' title='bbox 1302 4303 1385 4356; x_wconf 84' lang='grc' dir='ltr'>ὅτι</span> <span class='ocrx_word' id='word_1_535' title='bbox 1439 4305 1706 4376; x_wconf 85' lang='grc' dir='ltr'>πρότερον</span> <span class='ocrx_word' id='word_1_536' title='bbox 1737 4307 1814 4369; x_wconf 88' lang='grc' dir='ltr'>ὡς</span> <span class='ocrx_word' id='word_1_537' title='bbox 1868 4308 1996 4378; x_wconf 76' lang='grc' dir='ltr'>περὶ</span> 
     </span>
    </p>
   </div>
   <div class='ocr_carea' id='block_1_74' title="bbox 411 4389 1992 4467">
    <p class='ocr_par' dir='ltr' id='par_1_74' title="bbox 411 4389 1992 4467">
     <span class='ocr_line' id='line_1_74' title="bbox 411 4389 1992 4467; baseline 0.008 -27"><span class='ocrx_word' id='word_1_538' title='bbox 411 4389 656 4459; x_wconf 75' lang='grc' dir='ltr'>ἀσάρκου</span> <span class='ocrx_word' id='word_1_539' title='bbox 705 4389 926 4460; x_wconf 79' lang='grc' dir='ltr'>γράψας</span> <span class='ocrx_word' id='word_1_540' title='bbox 973 4391 1068 4444; x_wconf 86' lang='grc' dir='ltr'><strong>τοῦ</strong></span> <span class='ocrx_word' id='word_1_541' title='bbox 1115 4391 1262 4446; x_wconf 85' lang='grc' dir='ltr'>Θείου</span> <span class='ocrx_word' id='word_1_542' title='bbox 1304 4396 1479 4464; x_wconf 85' lang='grc' dir='ltr'>Λόγου</span> <span class='ocrx_word' id='word_1_543' title='bbox 1545 4397 1603 4450; x_wconf 85' lang='grc' dir='ltr'><strong>ἐν</strong></span> <span class='ocrx_word' id='word_1_544' title='bbox 1647 4393 1731 4460; x_wconf 71' lang='grc' dir='ltr'>οἷς</span> <span class='ocrx_word' id='word_1_545' title='bbox 1785 4397 1992 4467; x_wconf 78' lang='grc' dir='ltr'>ἔλεγεν,</span> 
     </span>
    </p>
   </div>
   <div class='ocr_carea' id='block_1_75' title="bbox 415 4478 1998 4558">
    <p class='ocr_par' dir='ltr' id='par_1_75' title="bbox 415 4478 1998 4558">
     <span class='ocr_line' id='line_1_75' title="bbox 415 4478 1998 4558; baseline 0.007 -26"><span class='ocrx_word' id='word_1_546' title='bbox 415 4498 435 4532; x_wconf 78' lang='grc' dir='ltr'><strong>ι</strong></span> <span class='ocrx_word' id='word_1_547' title='bbox 480 4481 541 4534; x_wconf 92' lang='lat'><strong>&#39;0</strong></span> <span class='ocrx_word' id='word_1_548' title='bbox 569 4478 669 4551; x_wconf 74' lang='grc' dir='ltr'><strong>ἦν,</strong></span> <span class='ocrx_word' id='word_1_549' title='bbox 705 4501 724 4532; x_wconf 72' lang='grc' dir='ltr'><strong>ι</strong></span> <span class='ocrx_word' id='word_1_550' title='bbox 775 4484 871 4535; x_wconf 91' lang='grc' dir='ltr'><strong>νῦν</strong></span> <span class='ocrx_word' id='word_1_551' title='bbox 902 4484 1029 4552; x_wconf 75' lang='grc' dir='ltr'>περὶ</span> <span class='ocrx_word' id='word_1_552' title='bbox 1082 4486 1504 4557; x_wconf 80' lang='grc' dir='ltr'>σεσαρκιομένου</span> <span class='ocrx_word' id='word_1_553' title='bbox 1548 4489 1715 4542; x_wconf 84' lang='grc' dir='ltr'>αὐτοῦ</span> <span class='ocrx_word' id='word_1_554' title='bbox 1749 4491 1998 4558; x_wconf 80' lang='grc' dir='ltr'>διαλέγε-</span> 
     </span>
    </p>
   </div>
   <div class='ocr_carea' id='block_1_76' title="bbox 409 4574 1995 4652">
    <p class='ocr_par' dir='ltr' id='par_1_76' title="bbox 409 4574 1995 4652">
     <span class='ocr_line' id='line_1_76' title="bbox 409 4574 1995 4652; baseline 0.006 -27"><span class='ocrx_word' id='word_1_555' title='bbox 409 4589 518 4635; x_wconf 87' lang='grc' dir='ltr'>ται,</span> <span class='ocrx_word' id='word_1_556' title='bbox 549 4575 760 4644; x_wconf 80' lang='grc' dir='ltr'>φήσας,</span> <span class='ocrx_word' id='word_1_557' title='bbox 793 4574 900 4628; x_wconf 78' lang='lat' dir='ltr'><strong>Kal</strong></span> <span class='ocrx_word' id='word_1_558' title='bbox 931 4574 1052 4629; x_wconf 83' lang='grc' dir='ltr'><strong>ἀπὸ</strong></span> <span class='ocrx_word' id='word_1_559' title='bbox 1110 4575 1316 4643; x_wconf 77' lang='grc' dir='ltr'>Ἰησοῦ</span> <span class='ocrx_word' id='word_1_560' title='bbox 1348 4579 1628 4646; x_wconf 69' lang='grc' dir='ltr'>Χριστοῦ,</span> <span class='ocrx_word' id='word_1_561' title='bbox 1676 4581 1736 4633; x_wconf 80' lang='grc' dir='ltr'><strong>οὐ</strong></span> <span class='ocrx_word' id='word_1_562' title='bbox 1770 4581 1995 4652; x_wconf 85' lang='grc' dir='ltr'>διαιρῶν</span> 
     </span>
    </p>
   </div>
   <div class='ocr_carea' id='block_1_77' title="bbox 409 4655 2005 4744">
    <p class='ocr_par' dir='ltr' id='par_1_77' title="bbox 409 4665 1994 4742">
     <span class='ocr_line' id='line_1_77' title="bbox 409 4665 1994 4742; baseline 0.008 -26"><span class='ocrx_word' id='word_1_563' title='bbox 409 4665 574 4717; x_wconf 70' lang='grc' dir='ltr'>αὑτὸν</span> <span class='ocrx_word' id='word_1_564' title='bbox 607 4667 685 4728; x_wconf 73' lang='grc' dir='ltr'><strong>εἰς</strong></span> <span class='ocrx_word' id='word_1_565' title='bbox 713 4665 826 4731; x_wconf 71' lang='grc' dir='ltr'>δύο,</span> <span class='ocrx_word' id='word_1_566' title='bbox 857 4666 947 4719; x_wconf 78' lang='grc' dir='ltr'><strong>διὰ</strong></span> <span class='ocrx_word' id='word_1_567' title='bbox 969 4667 1031 4719; x_wconf 68' lang='grc' dir='ltr'><strong>το</strong></span> <span class='ocrx_word' id='word_1_568' title='bbox 1059 4667 1355 4736; x_wconf 73' lang='grc' dir='ltr'>ἐπαγαγεῖν</span> <span class='ocrx_word' id='word_1_569' title='bbox 1389 4671 1470 4735; x_wconf 74' lang='grc' dir='ltr'>τὸ,</span> <span class='ocrx_word' id='word_1_570' title='bbox 1502 4671 1610 4725; x_wconf 73' lang='grc' dir='ltr'><strong>Καὶ</strong></span> <span class='ocrx_word' id='word_1_571' title='bbox 1645 4673 1766 4726; x_wconf 74' lang='grc' dir='ltr'><strong>ἀπὸ</strong></span> <span class='ocrx_word' id='word_1_572' title='bbox 1798 4675 1994 4742; x_wconf 85' lang='grc' dir='ltr'>Ἰησοῦ</span> 
     </span>
    </p>
   </div>
   <div class='ocr_carea' id='block_1_78' title="bbox 2110 4655 3809 4744">
    <p class='ocr_par' dir='ltr' id='par_1_78' title="bbox 2110 4665 3809 4744">
     <span class='ocr_line' id='line_1_78' title="bbox 2110 4665 3809 4744; baseline -0.002 -21"><span class='ocrx_word' id='word_1_573' title='bbox 2110 4670 2206 4739; x_wconf 73' lang='lat' dir='ltr'><strong>git:</strong></span> <span class='ocrx_word' id='word_1_574' title='bbox 2245 4668 2312 4723; x_wconf 86' lang='lat' dir='ltr'><strong>Et</strong></span> <span class='ocrx_word' id='word_1_575' title='bbox 2341 4669 2406 4722; x_wconf 84' lang='lat' dir='ltr'><strong>ab</strong></span> <span class='ocrx_word' id='word_1_576' title='bbox 2448 4667 2577 4722; x_wconf 74' lang='lat' dir='ltr'><strong>Iesu</strong></span> <span class='ocrx_word' id='word_1_577' title='bbox 2611 4667 2846 4734; x_wconf 80' lang='lat' dir='ltr'><strong>Christo,</strong></span> <span class='ocrx_word' id='word_1_578' title='bbox 2879 4683 3066 4722; x_wconf 89' lang='lat' dir='ltr'><strong>verum</strong></span> <span class='ocrx_word' id='word_1_579' title='bbox 3117 4677 3172 4722; x_wconf 88' lang='lat' dir='ltr'><strong>et</strong></span> <span class='ocrx_word' id='word_1_580' title='bbox 3215 4667 3316 4722; x_wconf 92' lang='lat' dir='ltr'><strong>hoc</strong></span> <span class='ocrx_word' id='word_1_581' title='bbox 3347 4675 3400 4720; x_wconf 91' lang='lat' dir='ltr'><strong>et</strong></span> <span class='ocrx_word' id='word_1_582' title='bbox 3434 4666 3565 4721; x_wconf 91' lang='lat' dir='ltr'><strong>illud</strong></span> <span class='ocrx_word' id='word_1_583' title='bbox 3614 4665 3684 4721; x_wconf 90' lang='lat' dir='ltr'><strong>de</strong></span> <span class='ocrx_word' id='word_1_584' title='bbox 3789 4724 3809 4744; x_wconf 57' lang='lat'><strong><em>.</em></strong></span> 
     </span>
    </p>
   </div>
   <div class='ocr_carea' id='block_1_79' title="bbox 409 4757 1990 4831">
    <p class='ocr_par' dir='ltr' id='par_1_79' title="bbox 409 4757 1990 4831">
     <span class='ocr_line' id='line_1_79' title="bbox 409 4757 1990 4831; baseline 0.006 -21"><span class='ocrx_word' id='word_1_585' title='bbox 409 4759 687 4826; x_wconf 78' lang='grc' dir='ltr'>Χριστοῦ,</span> <span class='ocrx_word' id='word_1_586' title='bbox 717 4758 852 4812; x_wconf 82' lang='grc' dir='ltr'>ἀλλὰ</span> <span class='ocrx_word' id='word_1_587' title='bbox 879 4757 1038 4812; x_wconf 84' lang='grc' dir='ltr'>τοῦτό</span> <span class='ocrx_word' id='word_1_588' title='bbox 1062 4775 1122 4811; x_wconf 86' lang='grc' dir='ltr'><strong>τε</strong></span> <span class='ocrx_word' id='word_1_589' title='bbox 1151 4760 1245 4812; x_wconf 73' lang='grc' dir='ltr'><strong>καὶ</strong></span> <span class='ocrx_word' id='word_1_590' title='bbox 1273 4762 1450 4814; x_wconf 77' lang='grc' dir='ltr'>ἐκεῖνο</span> <span class='ocrx_word' id='word_1_591' title='bbox 1479 4763 1607 4831; x_wconf 80' lang='grc' dir='ltr'>περὶ</span> <span class='ocrx_word' id='word_1_592' title='bbox 1630 4764 1747 4828; x_wconf 77' lang='grc' dir='ltr'>ἐνὸς</span> <span class='ocrx_word' id='word_1_593' title='bbox 1772 4765 1869 4818; x_wconf 75' lang='grc' dir='ltr'><strong>καὶ</strong></span> <span class='ocrx_word' id='word_1_594' title='bbox 1894 4768 1990 4820; x_wconf 88' lang='grc' dir='ltr'><strong>τοῦ</strong></span> 
     </span>
    </p>
   </div>
   <div class='ocr_carea' id='block_1_80' title="bbox 410 4849 1991 4923">
    <p class='ocr_par' dir='ltr' id='par_1_80' title="bbox 410 4849 1991 4923">
     <span class='ocr_line' id='line_1_80' title="bbox 410 4849 1991 4923; baseline 0.006 -21"><span class='ocrx_word' id='word_1_595' title='bbox 410 4849 574 4903; x_wconf 78' lang='grc' dir='ltr'>αὐτοῦ</span> <span class='ocrx_word' id='word_1_596' title='bbox 610 4851 928 4921; x_wconf 82' lang='grc' dir='ltr'>μαρτυρῶν,</span> <span class='ocrx_word' id='word_1_597' title='bbox 963 4851 1045 4904; x_wconf 78' lang='grc' dir='ltr'>ὅτι</span> <span class='ocrx_word' id='word_1_598' title='bbox 1093 4852 1154 4904; x_wconf 80' lang='grc' dir='ltr'><strong><em>τὲ</em></strong></span> <span class='ocrx_word' id='word_1_599' title='bbox 1197 4853 1314 4905; x_wconf 88' lang='grc' dir='ltr'>ἐστι</span> <span class='ocrx_word' id='word_1_600' title='bbox 1343 4852 1438 4906; x_wconf 84' lang='grc' dir='ltr'><strong>τοῦ</strong></span> <span class='ocrx_word' id='word_1_601' title='bbox 1488 4854 1723 4923; x_wconf 70' lang='grc' dir='ltr'>Πατρός,</span> <span class='ocrx_word' id='word_1_602' title='bbox 1769 4859 1864 4910; x_wconf 78' lang='grc' dir='ltr'>καὶ</span> <span class='ocrx_word' id='word_1_603' title='bbox 1907 4859 1991 4912; x_wconf 86' lang='grc' dir='ltr'>ὅτι</span> 
     </span>
    </p>
   </div>
   <div class='ocr_carea' id='block_1_81' title="bbox 409 4936 1988 5014">
    <p class='ocr_par' dir='ltr' id='par_1_81' title="bbox 409 4936 1988 5014">
     <span class='ocr_line' id='line_1_81' title="bbox 409 4936 1988 5014; baseline 0.008 -27"><span class='ocrx_word' id='word_1_604' title='bbox 409 4936 720 5006; x_wconf 82' lang='grc' dir='ltr'>ἐσαρκώθη.</span> <span class='ocrx_word' id='word_1_605' title='bbox 760 4937 931 4991; x_wconf 86' lang='grc' dir='ltr'>Τοῦτο</span> <span class='ocrx_word' id='word_1_606' title='bbox 950 4939 1062 5009; x_wconf 74' lang='grc' dir='ltr'>γὰρ</span> <span class='ocrx_word' id='word_1_607' title='bbox 1090 4938 1340 5009; x_wconf 79' lang='grc' dir='ltr'>βούλεται</span> <span class='ocrx_word' id='word_1_608' title='bbox 1365 4941 1563 5011; x_wconf 83' lang='grc' dir='ltr'>δηλοῦν</span> <span class='ocrx_word' id='word_1_609' title='bbox 1585 4944 1666 5008; x_wconf 85' lang='grc' dir='ltr'><strong>τὸ,</strong></span> <span class='ocrx_word' id='word_1_610' title='bbox 1713 4946 1988 5014; x_wconf 84' lang='grc' dir='ltr'>Χριστός,</span> 
     </span>
    </p>
   </div>
   <div class='ocr_carea' id='block_1_82' title="bbox 409 5027 1995 5111">
    <p class='ocr_par' dir='ltr' id='par_1_82' title="bbox 409 5027 1995 5111">
     <span class='ocr_line' id='line_1_82' title="bbox 409 5027 1995 5111; baseline 0.009 -31"><span class='ocrx_word' id='word_1_611' title='bbox 409 5027 598 5099; x_wconf 76' lang='grc' dir='ltr'>ὄνομα.</span> <span class='ocrx_word' id='word_1_612' title='bbox 631 5031 728 5093; x_wconf 83' lang='grc' dir='ltr'><strong>ὐς</strong></span> <span class='ocrx_word' id='word_1_613' title='bbox 749 5031 983 5102; x_wconf 71' lang='grc' dir='ltr'>Χριστὸς</span> <span class='ocrx_word' id='word_1_614' title='bbox 1011 5033 1153 5087; x_wconf 84' lang='grc' dir='ltr'>κατὰ</span> <span class='ocrx_word' id='word_1_615' title='bbox 1170 5034 1260 5087; x_wconf 79' lang='grc' dir='ltr'><strong>τὸν</strong></span> <span class='ocrx_word' id='word_1_616' title='bbox 1287 5037 1559 5106; x_wconf 80' lang='grc' dir='ltr'>μακάριον</span> <span class='ocrx_word' id='word_1_617' title='bbox 1581 5037 1794 5092; x_wconf 85' lang='grc' dir='ltr'>Παῦλον</span> <span class='ocrx_word' id='word_1_618' title='bbox 1820 5041 1995 5111; x_wconf 86' lang='grc' dir='ltr'>ἐμαρ-</span> 
     </span>
    </p>
   </div>
   <div class='ocr_carea' id='block_1_83' title="bbox 411 5120 1998 5204">
    <p class='ocr_par' dir='ltr' id='par_1_83' title="bbox 411 5120 1998 5204">
     <span class='ocr_line' id='line_1_83' title="bbox 411 5120 1998 5204; baseline 0.011 -32"><span class='ocrx_word' id='word_1_619' title='bbox 411 5120 647 5193; x_wconf 83' lang='grc' dir='ltr'>τύρησεν</span> <span class='ocrx_word' id='word_1_620' title='bbox 683 5124 779 5176; x_wconf 64' lang='lat' dir='ltr'><strong>an</strong></span> <span class='ocrx_word' id='word_1_621' title='bbox 813 5125 1025 5195; x_wconf 84' lang='grc' dir='ltr'>μάρτυς</span> <span class='ocrx_word' id='word_1_622' title='bbox 1055 5127 1147 5181; x_wconf 71' lang='grc' dir='ltr'><strong>ἐπὶ</strong></span> <span class='ocrx_word' id='word_1_623' title='bbox 1196 5129 1422 5182; x_wconf 82' lang='grc' dir='ltr'>Ποντίου</span> <span class='ocrx_word' id='word_1_624' title='bbox 1470 5131 1727 5198; x_wconf 81' lang='grc' dir='ltr'>Πιλάτου,</span> <span class='ocrx_word' id='word_1_625' title='bbox 1760 5133 1998 5204; x_wconf 82' lang='grc' dir='ltr'>ὁπηνίκα</span> 
     </span>
    </p>
   </div>
   <div class='ocr_carea' id='block_1_84' title="bbox 411 5209 1996 5291">
    <p class='ocr_par' dir='ltr' id='par_1_84' title="bbox 411 5209 1996 5291">
     <span class='ocr_line' id='line_1_84' title="bbox 411 5209 1996 5291; baseline 0.011 -30"><span class='ocrx_word' id='word_1_626' title='bbox 411 5209 649 5278; x_wconf 82' lang='grc' dir='ltr'>ἔφασκεν</span> <span class='ocrx_word' id='word_1_627' title='bbox 679 5212 818 5282; x_wconf 76' lang='grc' dir='ltr'>πρὸς</span> <span class='ocrx_word' id='word_1_628' title='bbox 860 5215 1046 5268; x_wconf 80' lang='grc' dir='ltr'>αὐτόν’</span> <span class='ocrx_word' id='word_1_629' title='bbox 1080 5235 1100 5268; x_wconf 74' lang='grc' dir='ltr'><strong>ι</strong></span> <span class='ocrx_word' id='word_1_630' title='bbox 1142 5217 1207 5270; x_wconf 86' lang='grc' dir='ltr'>Ἥ</span> <span class='ocrx_word' id='word_1_631' title='bbox 1230 5218 1478 5287; x_wconf 85' lang='grc' dir='ltr'>βασιλεία</span> <span class='ocrx_word' id='word_1_632' title='bbox 1507 5221 1540 5290; x_wconf 83' lang='grc' dir='ltr'>ή</span> <span class='ocrx_word' id='word_1_633' title='bbox 1568 5219 1674 5291; x_wconf 83' lang='grc' dir='ltr'><strong>ἐμὴ</strong></span> <span class='ocrx_word' id='word_1_634' title='bbox 1721 5222 1821 5276; x_wconf 84' lang='grc' dir='ltr'><strong>οῦκ</strong></span> <span class='ocrx_word' id='word_1_635' title='bbox 1847 5223 1996 5278; x_wconf 77' lang='grc' dir='ltr'>ἔστιν</span> 
     </span>
    </p>
   </div>
   <div class='ocr_carea' id='block_1_85' title="bbox 411 5301 1994 5380">
    <p class='ocr_par' dir='ltr' id='par_1_85' title="bbox 411 5301 1994 5380">
     <span class='ocr_line' id='line_1_85' title="bbox 411 5301 1994 5380; baseline 0.011 -29"><span class='ocrx_word' id='word_1_636' title='bbox 411 5302 474 5352; x_wconf 89' lang='grc' dir='ltr'><strong>ἐκ</strong></span> <span class='ocrx_word' id='word_1_637' title='bbox 504 5301 598 5353; x_wconf 87' lang='grc' dir='ltr'><strong>τοῦ</strong></span> <span class='ocrx_word' id='word_1_638' title='bbox 624 5301 829 5371; x_wconf 85' lang='grc' dir='ltr'>κόσμου</span> <span class='ocrx_word' id='word_1_639' title='bbox 857 5303 1100 5359; x_wconf 72' lang='grc' dir='ltr'>τούτου.»</span> <span class='ocrx_word' id='word_1_640' title='bbox 1134 5307 1294 5359; x_wconf 82' lang='grc' dir='ltr'>Νοεῖν</span> <span class='ocrx_word' id='word_1_641' title='bbox 1323 5309 1434 5380; x_wconf 75' lang='grc' dir='ltr'>γὰρ</span> <span class='ocrx_word' id='word_1_642' title='bbox 1462 5309 1569 5362; x_wconf 74' lang='grc' dir='ltr'>ἀπὸ</span> <span class='ocrx_word' id='word_1_643' title='bbox 1590 5310 1797 5364; x_wconf 85' lang='grc' dir='ltr'>τούτων</span> <span class='ocrx_word' id='word_1_644' title='bbox 1842 5313 1994 5368; x_wconf 86' lang='grc' dir='ltr'>διαν-</span> 
     </span>
    </p>
   </div>
   <div class='ocr_carea' id='block_1_86' title="bbox 411 5391 1995 5475">
    <p class='ocr_par' dir='ltr' id='par_1_86' title="bbox 411 5391 1995 5475">
     <span class='ocr_line' id='line_1_86' title="bbox 411 5391 1995 5475; baseline 0.009 -31"><span class='ocrx_word' id='word_1_645' title='bbox 411 5391 592 5462; x_wconf 76' lang='grc' dir='ltr'>ίστησι</span> <span class='ocrx_word' id='word_1_646' title='bbox 621 5395 730 5448; x_wconf 84' lang='grc' dir='ltr'>τῶν</span> <span class='ocrx_word' id='word_1_647' title='bbox 755 5395 952 5465; x_wconf 88' lang='grc' dir='ltr'>λόγων,</span> <span class='ocrx_word' id='word_1_648' title='bbox 982 5397 1057 5462; x_wconf 88' lang='grc' dir='ltr'><strong>ώς</strong></span> <span class='ocrx_word' id='word_1_649' title='bbox 1087 5399 1190 5453; x_wconf 71' lang='grc' dir='ltr'>καὶι</span> <span class='ocrx_word' id='word_1_650' title='bbox 1211 5401 1345 5462; x_wconf 84' lang='grc' dir='ltr'>Θεός</span> <span class='ocrx_word' id='word_1_651' title='bbox 1370 5401 1518 5456; x_wconf 86' lang='grc' dir='ltr'>ἐστιν</span> <span class='ocrx_word' id='word_1_652' title='bbox 1543 5404 1571 5456; x_wconf 81' lang='grc' dir='ltr'><strong>ό</strong></span> <span class='ocrx_word' id='word_1_653' title='bbox 1598 5405 1673 5468; x_wconf 87' lang='grc' dir='ltr'>ὡς</span> <span class='ocrx_word' id='word_1_654' title='bbox 1707 5404 1995 5475; x_wconf 83' lang='grc' dir='ltr'>ἄνθρωπος</span> 
     </span>
    </p>
   </div>
   <div class='ocr_carea' id='block_1_87' title="bbox 408 5485 1992 5569">
    <p class='ocr_par' dir='ltr' id='par_1_87' title="bbox 408 5485 1992 5569">
     <span class='ocr_line' id='line_1_87' title="bbox 408 5485 1992 5569; baseline 0.011 -33"><span class='ocrx_word' id='word_1_655' title='bbox 408 5485 708 5556; x_wconf 81' lang='grc' dir='ltr'>ὁρώμενος,</span> <span class='ocrx_word' id='word_1_656' title='bbox 737 5489 833 5542; x_wconf 75' lang='grc' dir='ltr'>καὶ</span> <span class='ocrx_word' id='word_1_657' title='bbox 855 5491 1053 5544; x_wconf 82' lang='grc' dir='ltr'>ταυτὸν</span> <span class='ocrx_word' id='word_1_658' title='bbox 1083 5492 1475 5564; x_wconf 84' lang='grc' dir='ltr'>φθεγγόμενος.</span> <span class='ocrx_word' id='word_1_659' title='bbox 1511 5495 1743 5566; x_wconf 84' lang='grc' dir='ltr'>Μάρτυς</span> <span class='ocrx_word' id='word_1_660' title='bbox 1771 5500 1869 5569; x_wconf 86' lang='grc' dir='ltr'><strong>μὲν</strong></span> <span class='ocrx_word' id='word_1_661' title='bbox 1897 5497 1992 5554; x_wconf 88' lang='grc' dir='ltr'><strong>οῦν</strong></span> 
     </span>
    </p>
   </div>
   <div class='ocr_carea' id='block_1_88' title="bbox 408 5577 1991 5659">
    <p class='ocr_par' dir='ltr' id='par_1_88' title="bbox 408 5577 1991 5659">
     <span class='ocr_line' id='line_1_88' title="bbox 408 5577 1991 5659; baseline 0.009 -29"><span class='ocrx_word' id='word_1_662' title='bbox 408 5577 496 5631; x_wconf 75' lang='grc' dir='ltr'>διὰ</span> <span class='ocrx_word' id='word_1_663' title='bbox 538 5578 718 5634; x_wconf 83' lang='grc' dir='ltr'>τοῦτο.</span> <span class='ocrx_word' id='word_1_664' title='bbox 767 5581 962 5645; x_wconf 78' lang='grc' dir='ltr'>Πιστὸς</span> <span class='ocrx_word' id='word_1_665' title='bbox 1007 5583 1087 5648; x_wconf 83' lang='grc' dir='ltr'><strong>δέ,</strong></span> <span class='ocrx_word' id='word_1_666' title='bbox 1121 5585 1244 5639; x_wconf 79' lang='grc' dir='ltr'>ἀντὶ</span> <span class='ocrx_word' id='word_1_667' title='bbox 1287 5585 1408 5654; x_wconf 83' lang='grc' dir='ltr'>τοῦ,</span> <span class='ocrx_word' id='word_1_668' title='bbox 1454 5586 1681 5659; x_wconf 78' lang='grc' dir='ltr'>ἀληθὴς,</span> <span class='ocrx_word' id='word_1_669' title='bbox 1714 5589 1848 5655; x_wconf 72' lang='grc' dir='ltr'>Θεὸς</span> <span class='ocrx_word' id='word_1_670' title='bbox 1893 5591 1991 5646; x_wconf 73' lang='grc' dir='ltr'><strong>καὶ</strong></span> 
     </span>
    </p>
   </div>
   <div class='ocr_carea' id='block_1_89' title="bbox 2108 3380 3699 3454">
    <p class='ocr_par' dir='ltr' id='par_1_89' title="bbox 2108 3380 3699 3454">
     <span class='ocr_line' id='line_1_89' title="bbox 2108 3380 3699 3454; baseline -0.001 -16"><span class='ocrx_word' id='word_1_671' title='bbox 2108 3383 2461 3447; x_wconf 85' lang='lat' dir='ltr'><strong>dominatori,</strong></span> <span class='ocrx_word' id='word_1_672' title='bbox 2514 3382 2677 3454; x_wconf 87' lang='lat' dir='ltr'><strong>eique</strong></span> <span class='ocrx_word' id='word_1_673' title='bbox 2723 3383 3040 3438; x_wconf 88' lang='lat' dir='ltr'><strong>ministrare</strong></span> <span class='ocrx_word' id='word_1_674' title='bbox 3090 3397 3105 3434; x_wconf 91' lang='lat'><strong>:</strong></span> <span class='ocrx_word' id='word_1_675' title='bbox 3163 3396 3275 3452; x_wconf 93' lang='lat' dir='ltr'><strong>quo</strong></span> <span class='ocrx_word' id='word_1_676' title='bbox 3329 3380 3607 3436; x_wconf 84' lang='lat' dir='ltr'><strong>schemate</strong></span> <span class='ocrx_word' id='word_1_677' title='bbox 3643 3389 3699 3436; x_wconf 85' lang='lat' dir='ltr'><strong>et</strong></span> 
     </span>
    </p>
   </div>
   <div class='ocr_carea' id='block_1_90' title="bbox 2110 3471 3692 3546">
    <p class='ocr_par' dir='ltr' id='par_1_90' title="bbox 2110 3471 3692 3546">
     <span class='ocr_line' id='line_1_90' title="bbox 2110 3471 3692 3546; baseline 0 -18"><span class='ocrx_word' id='word_1_678' title='bbox 2110 3474 2314 3530; x_wconf 84' lang='lat' dir='ltr'><strong>Paulus</strong></span> <span class='ocrx_word' id='word_1_679' title='bbox 2351 3477 2404 3529; x_wconf 92' lang='lat' dir='ltr'><strong>in</strong></span> <span class='ocrx_word' id='word_1_680' title='bbox 2449 3476 2691 3546; x_wconf 85' lang='lat' dir='ltr'><strong>Epistola</strong></span> <span class='ocrx_word' id='word_1_681' title='bbox 2719 3475 2895 3546; x_wconf 89' lang='lat' dir='ltr'><strong>prima</strong></span> <span class='ocrx_word' id='word_1_682' title='bbox 2935 3475 3001 3528; x_wconf 88' lang='lat' dir='ltr'><strong>ad</strong></span> <span class='ocrx_word' id='word_1_683' title='bbox 3027 3471 3378 3529; x_wconf 90' lang='lat' dir='ltr'><strong>Timotheum</strong></span> <span class='ocrx_word' id='word_1_684' title='bbox 3411 3481 3594 3535; x_wconf 87' lang='lat' dir='ltr'><strong>utens,</strong></span> <span class='ocrx_word' id='word_1_685' title='bbox 3636 3471 3692 3528; x_wconf 88' lang='lat' dir='ltr'><strong>in</strong></span> 
     </span>
    </p>
   </div>
   <div class='ocr_carea' id='block_1_91' title="bbox 2111 3562 3690 3639">
    <p class='ocr_par' dir='ltr' id='par_1_91' title="bbox 2111 3562 3690 3639">
     <span class='ocr_line' id='line_1_91' title="bbox 2111 3562 3690 3639; baseline -0.004 -16"><span class='ocrx_word' id='word_1_686' title='bbox 2111 3568 2258 3624; x_wconf 91' lang='lat' dir='ltr'><strong>hunc</strong></span> <span class='ocrx_word' id='word_1_687' title='bbox 2285 3568 2698 3639; x_wconf 86' lang='lat' dir='ltr'><strong>quodammodo</strong></span> <span class='ocrx_word' id='word_1_688' title='bbox 2722 3567 2966 3636; x_wconf 91' lang='lat' dir='ltr'><strong>loquitur</strong></span> <span class='ocrx_word' id='word_1_689' title='bbox 3001 3564 3220 3620; x_wconf 91' lang='lat' dir='ltr'><strong>modum</strong></span> <span class='ocrx_word' id='word_1_690' title='bbox 3249 3582 3263 3619; x_wconf 92' lang='lat'><strong>:</strong></span> <span class='ocrx_word' id='word_1_691' title='bbox 3297 3583 3314 3616; x_wconf 83' lang='grc' dir='ltr'><strong>ι</strong></span> <span class='ocrx_word' id='word_1_692' title='bbox 3352 3562 3608 3620; x_wconf 91' lang='lat' dir='ltr'><strong>Obtcstor</strong></span> <span class='ocrx_word' id='word_1_693' title='bbox 3635 3562 3690 3618; x_wconf 91' lang='lat' dir='ltr'><strong>in</strong></span> 
     </span>
    </p>
   </div>
   <div class='ocr_carea' id='block_1_92' title="bbox 2111 3652 3692 3728">
    <p class='ocr_par' dir='ltr' id='par_1_92' title="bbox 2111 3652 3692 3728">
     <span class='ocr_line' id='line_1_92' title="bbox 2111 3652 3692 3728; baseline -0.002 -16"><span class='ocrx_word' id='word_1_694' title='bbox 2111 3667 2407 3728; x_wconf 83' lang='lat' dir='ltr'><strong>conspectu</strong></span> <span class='ocrx_word' id='word_1_695' title='bbox 2444 3656 2536 3711; x_wconf 88' lang='lat' dir='ltr'><strong>Dei</strong></span> <span class='ocrx_word' id='word_1_696' title='bbox 2567 3665 2616 3711; x_wconf 91' lang='lat' dir='ltr'><strong>et</strong></span> <span class='ocrx_word' id='word_1_697' title='bbox 2641 3656 2944 3711; x_wconf 90' lang='lat' dir='ltr'><strong>electorum</strong></span> <span class='ocrx_word' id='word_1_698' title='bbox 2967 3654 3310 3724; x_wconf 79' lang='lat' dir='ltr'><strong>angelorum.</strong></span> <span class='ocrx_word' id='word_1_699' title='bbox 3337 3654 3358 3686; x_wconf 83' lang='lat'><strong>’</strong></span> <span class='ocrx_word' id='word_1_700' title='bbox 3392 3673 3411 3705; x_wconf 83' lang='grc'><strong>›</strong></span> <span class='ocrx_word' id='word_1_701' title='bbox 3449 3652 3562 3709; x_wconf 86' lang='lat' dir='ltr'><strong>lloc</strong></span> <span class='ocrx_word' id='word_1_702' title='bbox 3585 3653 3692 3724; x_wconf 74' lang='lat' dir='ltr'><strong>igi-</strong></span> 
     </span>
    </p>
   </div>
   <div class='ocr_carea' id='block_1_93' title="bbox 2108 3744 3692 3821">
    <p class='ocr_par' dir='ltr' id='par_1_93' title="bbox 2108 3744 3692 3821">
     <span class='ocr_line' id='line_1_93' title="bbox 2108 3744 3692 3821; baseline -0.005 -13"><span class='ocrx_word' id='word_1_703' title='bbox 2108 3762 2194 3808; x_wconf 89' lang='lat' dir='ltr'><strong>tur</strong></span> <span class='ocrx_word' id='word_1_704' title='bbox 2217 3751 2356 3806; x_wconf 88' lang='lat' dir='ltr'><strong>idem</strong></span> <span class='ocrx_word' id='word_1_705' title='bbox 2372 3764 2588 3821; x_wconf 88' lang='lat' dir='ltr'><strong>quoque</strong></span> <span class='ocrx_word' id='word_1_706' title='bbox 2614 3748 2998 3820; x_wconf 88' lang='lat' dir='ltr'><strong>prosequentis</strong></span> <span class='ocrx_word' id='word_1_707' title='bbox 3022 3755 3122 3800; x_wconf 88' lang='lat' dir='ltr'><strong>est.</strong></span> <span class='ocrx_word' id='word_1_708' title='bbox 3149 3745 3290 3812; x_wconf 87' lang='lat' dir='ltr'><strong>Quin</strong></span> <span class='ocrx_word' id='word_1_709' title='bbox 3307 3744 3468 3800; x_wconf 90' lang='lat' dir='ltr'><strong>etiam</strong></span> <span class='ocrx_word' id='word_1_710' title='bbox 3491 3745 3692 3800; x_wconf 87' lang='lat' dir='ltr'><strong>addere</strong></span> 
     </span>
    </p>
   </div>
   <div class='ocr_carea' id='block_1_94' title="bbox 2105 3839 3694 3908">
    <p class='ocr_par' dir='ltr' id='par_1_94' title="bbox 2105 3839 3694 3908">
     <span class='ocr_line' id='line_1_94' title="bbox 2105 3839 3694 3908; baseline -0.006 -8"><span class='ocrx_word' id='word_1_711' title='bbox 2105 3845 2211 3901; x_wconf 87' lang='lat' dir='ltr'><strong>hoc</strong></span> <span class='ocrx_word' id='word_1_712' title='bbox 2233 3845 2374 3908; x_wconf 89' lang='lat' dir='ltr'><strong>loco;</strong></span> <span class='ocrx_word' id='word_1_713' title='bbox 2410 3842 2514 3908; x_wconf 84' lang='lat' dir='ltr'><strong>Qui</strong></span> <span class='ocrx_word' id='word_1_714' title='bbox 2538 3843 2589 3895; x_wconf 85' lang='lat' dir='ltr'><strong>in</strong></span> <span class='ocrx_word' id='word_1_715' title='bbox 2621 3851 2899 3908; x_wconf 80' lang='lat' dir='ltr'><strong>conspectu</strong></span> <span class='ocrx_word' id='word_1_716' title='bbox 2933 3839 3110 3893; x_wconf 85' lang='lat' dir='ltr'><strong>throni</strong></span> <span class='ocrx_word' id='word_1_717' title='bbox 3128 3839 3224 3892; x_wconf 87' lang='lat' dir='ltr'><strong>Dei</strong></span> <span class='ocrx_word' id='word_1_718' title='bbox 3255 3847 3399 3902; x_wconf 81' lang='lat' dir='ltr'><strong>sunt,</strong></span> <span class='ocrx_word' id='word_1_719' title='bbox 3428 3845 3694 3893; x_wconf 83' lang='lat' dir='ltr'><strong>attestan-</strong></span> 
     </span>
    </p>
   </div>
   <div class='ocr_carea' id='block_1_95' title="bbox 2105 3929 3682 4002">
    <p class='ocr_par' dir='ltr' id='par_1_95' title="bbox 2105 3929 3682 4002">
     <span class='ocr_line' id='line_1_95' title="bbox 2105 3929 3682 4002; baseline -0.004 -9"><span class='ocrx_word' id='word_1_720' title='bbox 2105 3939 2174 3993; x_wconf 89' lang='lat' dir='ltr'><strong>tis</strong></span> <span class='ocrx_word' id='word_1_721' title='bbox 2205 3947 2288 3992; x_wconf 89' lang='lat' dir='ltr'><strong>est</strong></span> <span class='ocrx_word' id='word_1_722' title='bbox 2334 3935 2748 3990; x_wconf 86' lang='lat' dir='ltr'><strong>ministerialem</strong></span> <span class='ocrx_word' id='word_1_723' title='bbox 2795 3933 3064 3998; x_wconf 87' lang='lat' dir='ltr'><strong>ordinem,</strong></span> <span class='ocrx_word' id='word_1_724' title='bbox 3114 3947 3221 3987; x_wconf 92' lang='lat' dir='ltr'><strong>non</strong></span> <span class='ocrx_word' id='word_1_725' title='bbox 3251 3931 3515 4002; x_wconf 68' lang='lat' dir='ltr'><strong>aequalem</strong></span> <span class='ocrx_word' id='word_1_726' title='bbox 3543 3929 3682 4002; x_wconf 77' lang='lat' dir='ltr'><strong>ipsis</strong></span> 
     </span>
    </p>
   </div>
   <div class='ocr_carea' id='block_1_96' title="bbox 2104 4031 2393 4086">
    <p class='ocr_par' dir='ltr' id='par_1_96' title="bbox 2104 4031 2393 4086">
     <span class='ocr_line' id='line_1_96' title="bbox 2104 4031 2393 4086; baseline -0.01 0"><span class='ocrx_word' id='word_1_727' title='bbox 2104 4031 2393 4086; x_wconf 89' lang='lat' dir='ltr'><strong>honorem.</strong></span> 
     </span>
    </p>
   </div>
   <div class='ocr_carea' id='block_1_97' title="bbox 2175 4115 3688 4190">
    <p class='ocr_par' dir='ltr' id='par_1_97' title="bbox 2175 4115 3688 4190">
     <span class='ocr_line' id='line_1_97' title="bbox 2175 4115 3688 4190; baseline -0.004 -15"><span class='ocrx_word' id='word_1_728' title='bbox 2175 4121 2343 4175; x_wconf 73' lang='lat' dir='ltr'><strong>Testis</strong></span> <span class='ocrx_word' id='word_1_729' title='bbox 2364 4119 2559 4190; x_wconf 77' lang='lat' dir='ltr'><strong>ﬁdelis.</strong></span> <span class='ocrx_word' id='word_1_730' title='bbox 2576 4117 2799 4186; x_wconf 87' lang='lat' dir='ltr'><strong>Oportet</strong></span> <span class='ocrx_word' id='word_1_731' title='bbox 2827 4117 3232 4188; x_wconf 78' lang='lat' dir='ltr'><strong>subintelligere</strong></span> <span class='ocrx_word' id='word_1_732' title='bbox 3248 4117 3306 4180; x_wconf 85' lang='grc' dir='ltr'>ὃς</span> <span class='ocrx_word' id='word_1_733' title='bbox 3326 4117 3494 4183; x_wconf 82' lang='grc' dir='ltr'>ἐστιν,</span> <span class='ocrx_word' id='word_1_734' title='bbox 3515 4115 3566 4171; x_wconf 90' lang='lat' dir='ltr'><strong>id</strong></span> <span class='ocrx_word' id='word_1_735' title='bbox 3583 4126 3688 4182; x_wconf 84' lang='lat' dir='ltr'><strong>est,</strong></span> 
     </span>
    </p>
   </div>
   <div class='ocr_carea' id='block_1_98' title="bbox 2102 4209 3686 4282">
    <p class='ocr_par' dir='ltr' id='par_1_98' title="bbox 2102 4209 3686 4282">
     <span class='ocr_line' id='line_1_98' title="bbox 2102 4209 3686 4282; baseline -0.003 -17"><span class='ocrx_word' id='word_1_736' title='bbox 2102 4211 2196 4282; x_wconf 90' lang='lat' dir='ltr'><strong>qui</strong></span> <span class='ocrx_word' id='word_1_737' title='bbox 2221 4221 2301 4267; x_wconf 89' lang='lat' dir='ltr'><strong>est</strong></span> <span class='ocrx_word' id='word_1_738' title='bbox 2320 4229 2336 4278; x_wconf 90' lang='lat'><strong>;</strong></span> <span class='ocrx_word' id='word_1_739' title='bbox 2360 4221 2419 4266; x_wconf 92' lang='lat' dir='ltr'><strong>ut</strong></span> <span class='ocrx_word' id='word_1_740' title='bbox 2436 4211 2507 4266; x_wconf 80' lang='lat' dir='ltr'><strong>sit</strong></span> <span class='ocrx_word' id='word_1_741' title='bbox 2527 4226 2720 4266; x_wconf 86' lang='lat' dir='ltr'><strong>sensus</strong></span> <span class='ocrx_word' id='word_1_742' title='bbox 2745 4211 2881 4276; x_wconf 81' lang='lat' dir='ltr'><strong>:Qui</strong></span> <span class='ocrx_word' id='word_1_743' title='bbox 2911 4220 2994 4266; x_wconf 90' lang='lat' dir='ltr'><strong>est</strong></span> <span class='ocrx_word' id='word_1_744' title='bbox 3015 4211 3190 4265; x_wconf 89' lang='lat' dir='ltr'><strong>testis.</strong></span> <span class='ocrx_word' id='word_1_745' title='bbox 3215 4209 3686 4264; x_wconf 85' lang='lat' dir='ltr'><strong>Considerandum</strong></span> 
     </span>
    </p>
   </div>
   <div class='ocr_carea' id='block_1_99' title="bbox 2101 4302 3676 4374">
    <p class='ocr_par' dir='ltr' id='par_1_99' title="bbox 2101 4302 3676 4374">
     <span class='ocr_line' id='line_1_99' title="bbox 2101 4302 3676 4374; baseline -0.003 -14"><span class='ocrx_word' id='word_1_746' title='bbox 2101 4318 2184 4360; x_wconf 83' lang='lat' dir='ltr'><strong>est</strong></span> <span class='ocrx_word' id='word_1_747' title='bbox 2213 4313 2393 4359; x_wconf 89' lang='lat' dir='ltr'><strong>autem</strong></span> <span class='ocrx_word' id='word_1_748' title='bbox 2426 4302 2570 4374; x_wconf 91' lang='lat' dir='ltr'><strong>quod</strong></span> <span class='ocrx_word' id='word_1_749' title='bbox 2589 4303 2743 4373; x_wconf 92' lang='lat' dir='ltr'><strong>prius</strong></span> <span class='ocrx_word' id='word_1_750' title='bbox 2771 4304 2839 4358; x_wconf 90' lang='lat' dir='ltr'><strong>de</strong></span> <span class='ocrx_word' id='word_1_751' title='bbox 2866 4303 3042 4358; x_wconf 82' lang='lat' dir='ltr'><strong>Verbo</strong></span> <span class='ocrx_word' id='word_1_752' title='bbox 3060 4302 3244 4356; x_wconf 91' lang='lat' dir='ltr'><strong>divino</strong></span> <span class='ocrx_word' id='word_1_753' title='bbox 3267 4311 3528 4372; x_wconf 87' lang='lat' dir='ltr'><strong>tanquam</strong></span> <span class='ocrx_word' id='word_1_754' title='bbox 3562 4316 3676 4357; x_wconf 91' lang='lat' dir='ltr'><strong>non</strong></span> 
     </span>
    </p>
   </div>
   <div class='ocr_carea' id='block_1_100' title="bbox 2103 4393 3684 4460">
    <p class='ocr_par' dir='ltr' id='par_1_100' title="bbox 2103 4393 3684 4460">
     <span class='ocr_line' id='line_1_100' title="bbox 2103 4393 3684 4460; baseline -0.001 -10"><span class='ocrx_word' id='word_1_755' title='bbox 2103 4397 2386 4452; x_wconf 86' lang='lat' dir='ltr'><strong>incarnato</strong></span> <span class='ocrx_word' id='word_1_756' title='bbox 2419 4395 2656 4460; x_wconf 89' lang='lat' dir='ltr'><strong>locutus,</strong></span> <span class='ocrx_word' id='word_1_757' title='bbox 2688 4412 2816 4450; x_wconf 92' lang='lat' dir='ltr'><strong>cum</strong></span> <span class='ocrx_word' id='word_1_758' title='bbox 2844 4394 3073 4450; x_wconf 88' lang='lat' dir='ltr'><strong>diceret.</strong></span> <span class='ocrx_word' id='word_1_759' title='bbox 3119 4393 3224 4459; x_wconf 86' lang='lat' dir='ltr'><strong>Qui</strong></span> <span class='ocrx_word' id='word_1_760' title='bbox 3255 4403 3408 4448; x_wconf 85' lang='lat' dir='ltr'><strong>erat:</strong></span> <span class='ocrx_word' id='word_1_761' title='bbox 3439 4409 3587 4448; x_wconf 92' lang='lat' dir='ltr'><strong>nunc</strong></span> <span class='ocrx_word' id='word_1_762' title='bbox 3613 4394 3684 4448; x_wconf 85' lang='lat' dir='ltr'><strong>de</strong></span> 
     </span>
    </p>
   </div>
   <div class='ocr_carea' id='block_1_101' title="bbox 2100 4483 3681 4558">
    <p class='ocr_par' dir='ltr' id='par_1_101' title="bbox 2100 4483 3681 4558">
     <span class='ocr_line' id='line_1_101' title="bbox 2100 4483 3681 4558; baseline -0.004 -16"><span class='ocrx_word' id='word_1_763' title='bbox 2100 4487 2218 4558; x_wconf 88' lang='lat' dir='ltr'><strong>ipso</strong></span> <span class='ocrx_word' id='word_1_764' title='bbox 2247 4487 2529 4542; x_wconf 88' lang='lat' dir='ltr'><strong>incarnato</strong></span> <span class='ocrx_word' id='word_1_765' title='bbox 2555 4486 2794 4551; x_wconf 88' lang='lat' dir='ltr'><strong>disserit,</strong></span> <span class='ocrx_word' id='word_1_766' title='bbox 2830 4486 3053 4541; x_wconf 88' lang='lat' dir='ltr'><strong>dicens:</strong></span> <span class='ocrx_word' id='word_1_767' title='bbox 3089 4483 3154 4537; x_wconf 87' lang='lat' dir='ltr'><strong>Et</strong></span> <span class='ocrx_word' id='word_1_768' title='bbox 3186 4486 3251 4537; x_wconf 88' lang='lat' dir='ltr'><strong>ab</strong></span> <span class='ocrx_word' id='word_1_769' title='bbox 3279 4483 3410 4538; x_wconf 77' lang='lat' dir='ltr'><strong>Iesu</strong></span> <span class='ocrx_word' id='word_1_770' title='bbox 3443 4483 3681 4549; x_wconf 80' lang='lat' dir='ltr'><strong>Christo,</strong></span> 
     </span>
    </p>
   </div>
   <div class='ocr_carea' id='block_1_102' title="bbox 2101 4575 3681 4649">
    <p class='ocr_par' dir='ltr' id='par_1_102' title="bbox 2101 4575 3681 4649">
     <span class='ocr_line' id='line_1_102' title="bbox 2101 4575 3681 4649; baseline -0.003 -16"><span class='ocrx_word' id='word_1_771' title='bbox 2101 4595 2211 4634; x_wconf 88' lang='lat' dir='ltr'><strong>non</strong></span> <span class='ocrx_word' id='word_1_772' title='bbox 2235 4579 2529 4633; x_wconf 85' lang='lat' dir='ltr'><strong>dividendo</strong></span> <span class='ocrx_word' id='word_1_773' title='bbox 2552 4579 2730 4649; x_wconf 90' lang='lat' dir='ltr'><strong>ipsum</strong></span> <span class='ocrx_word' id='word_1_774' title='bbox 2769 4578 2822 4631; x_wconf 91' lang='lat' dir='ltr'><strong>in</strong></span> <span class='ocrx_word' id='word_1_775' title='bbox 2843 4576 2982 4632; x_wconf 90' lang='lat' dir='ltr'><strong>duos</strong></span> <span class='ocrx_word' id='word_1_776' title='bbox 3011 4592 3104 4646; x_wconf 88' lang='lat' dir='ltr'><strong>per</strong></span> <span class='ocrx_word' id='word_1_777' title='bbox 3130 4576 3233 4631; x_wconf 89' lang='lat' dir='ltr'><strong>hoc</strong></span> <span class='ocrx_word' id='word_1_778' title='bbox 3262 4575 3408 4645; x_wconf 84' lang='lat' dir='ltr'><strong>quod</strong></span> <span class='ocrx_word' id='word_1_779' title='bbox 3440 4575 3681 4645; x_wconf 86' lang='lat' dir='ltr'><strong>subjun-</strong></span> 
     </span>
    </p>
   </div>
   <div class='ocr_carea' id='block_1_103' title="bbox 2093 4757 3683 4833">
    <p class='ocr_par' dir='ltr' id='par_1_103' title="bbox 2093 4757 3683 4833">
     <span class='ocr_line' id='line_1_103' title="bbox 2093 4757 3683 4833; baseline -0.004 -15"><span class='ocrx_word' id='word_1_780' title='bbox 2093 4762 2307 4828; x_wconf 87' lang='lat' dir='ltr'><strong>eodem,</strong></span> <span class='ocrx_word' id='word_1_781' title='bbox 2343 4760 2688 4816; x_wconf 80' lang='lat' dir='ltr'><strong>testiﬁcando</strong></span> <span class='ocrx_word' id='word_1_782' title='bbox 2714 4769 2768 4816; x_wconf 91' lang='lat' dir='ltr'><strong>et</strong></span> <span class='ocrx_word' id='word_1_783' title='bbox 2794 4761 2936 4833; x_wconf 91' lang='lat' dir='ltr'><strong>quod</strong></span> <span class='ocrx_word' id='word_1_784' title='bbox 2969 4761 3139 4830; x_wconf 85' lang='lat' dir='ltr'><strong>patris</strong></span> <span class='ocrx_word' id='word_1_785' title='bbox 3165 4761 3236 4815; x_wconf 90' lang='lat' dir='ltr'><strong>sit</strong></span> <span class='ocrx_word' id='word_1_786' title='bbox 3266 4758 3479 4830; x_wconf 88' lang='lat' dir='ltr'><strong>etquod</strong></span> <span class='ocrx_word' id='word_1_787' title='bbox 3501 4757 3683 4814; x_wconf 89' lang='lat' dir='ltr'><strong>incar-</strong></span> 
     </span>
    </p>
   </div>
   <div class='ocr_carea' id='block_1_104' title="bbox 2094 4849 3681 4922">
    <p class='ocr_par' dir='ltr' id='par_1_104' title="bbox 2094 4849 3681 4922">
     <span class='ocr_line' id='line_1_104' title="bbox 2094 4849 3681 4922; baseline -0.003 -14"><span class='ocrx_word' id='word_1_788' title='bbox 2094 4864 2256 4910; x_wconf 87' lang='lat' dir='ltr'><strong>natus</strong></span> <span class='ocrx_word' id='word_1_789' title='bbox 2287 4854 2377 4909; x_wconf 88' lang='lat' dir='ltr'><strong>sit.</strong></span> <span class='ocrx_word' id='word_1_790' title='bbox 2413 4850 2551 4906; x_wconf 83' lang='lat' dir='ltr'><strong>Nam</strong></span> <span class='ocrx_word' id='word_1_791' title='bbox 2609 4851 2712 4908; x_wconf 90' lang='lat' dir='ltr'><strong>hoc</strong></span> <span class='ocrx_word' id='word_1_792' title='bbox 2750 4853 3060 4922; x_wconf 76' lang='lat' dir='ltr'><strong>signiﬁcare</strong></span> <span class='ocrx_word' id='word_1_793' title='bbox 3121 4853 3236 4906; x_wconf 89' lang='lat' dir='ltr'><strong>vult</strong></span> <span class='ocrx_word' id='word_1_794' title='bbox 3273 4866 3472 4908; x_wconf 90' lang='lat' dir='ltr'><strong>nomen</strong></span> <span class='ocrx_word' id='word_1_795' title='bbox 3516 4849 3681 4906; x_wconf 86' lang='lat' dir='ltr'><strong>Chri-</strong></span> 
     </span>
    </p>
   </div>
   <div class='ocr_carea' id='block_1_105' title="bbox 2094 4944 3684 5016">
    <p class='ocr_par' dir='ltr' id='par_1_105' title="bbox 2094 4944 3684 5016">
     <span class='ocr_line' id='line_1_105' title="bbox 2094 4944 3684 5016; baseline -0.001 -15"><span class='ocrx_word' id='word_1_796' title='bbox 2094 4955 2246 5001; x_wconf 84' lang='lat' dir='ltr'><strong>stus:</strong></span> <span class='ocrx_word' id='word_1_797' title='bbox 2268 4945 2360 5016; x_wconf 90' lang='lat' dir='ltr'><strong>qui</strong></span> <span class='ocrx_word' id='word_1_798' title='bbox 2382 4944 2636 5001; x_wconf 87' lang='lat' dir='ltr'><strong>Christus</strong></span> <span class='ocrx_word' id='word_1_799' title='bbox 2660 4946 2810 5015; x_wconf 80' lang='lat' dir='ltr'><strong>iuxta</strong></span> <span class='ocrx_word' id='word_1_800' title='bbox 2835 4944 2892 4998; x_wconf 86' lang='grc' dir='ltr'><strong>Β.</strong></span> <span class='ocrx_word' id='word_1_801' title='bbox 2912 4946 3139 5000; x_wconf 84' lang='lat' dir='ltr'><strong>Paulum</strong></span> <span class='ocrx_word' id='word_1_802' title='bbox 3163 4947 3534 5002; x_wconf 89' lang='lat' dir='ltr'><strong>testimonium</strong></span> <span class='ocrx_word' id='word_1_803' title='bbox 3562 4945 3684 4999; x_wconf 93' lang='lat' dir='ltr'><strong>tulit</strong></span> 
     </span>
    </p>
   </div>
   <div class='ocr_carea' id='block_1_106' title="bbox 2103 5036 3676 5106">
    <p class='ocr_par' dir='ltr' id='par_1_106' title="bbox 2103 5036 3676 5106">
     <span class='ocr_line' id='line_1_106' title="bbox 2103 5036 3676 5106; baseline 0 -16"><span class='ocrx_word' id='word_1_804' title='bbox 2103 5047 2364 5106; x_wconf 87' lang='lat' dir='ltr'><strong>tanquam</strong></span> <span class='ocrx_word' id='word_1_805' title='bbox 2387 5037 2542 5092; x_wconf 89' lang='lat' dir='ltr'><strong>testis</strong></span> <span class='ocrx_word' id='word_1_806' title='bbox 2559 5037 2662 5092; x_wconf 88' lang='lat' dir='ltr'><strong>sub</strong></span> <span class='ocrx_word' id='word_1_807' title='bbox 2679 5036 2869 5092; x_wconf 90' lang='lat' dir='ltr'><strong>Pontio</strong></span> <span class='ocrx_word' id='word_1_808' title='bbox 2886 5038 3080 5103; x_wconf 88' lang='lat' dir='ltr'><strong>Pilato,</strong></span> <span class='ocrx_word' id='word_1_809' title='bbox 3111 5053 3234 5093; x_wconf 93' lang='lat' dir='ltr'><strong>cum</strong></span> <span class='ocrx_word' id='word_1_810' title='bbox 3261 5037 3398 5092; x_wconf 79' lang='lat' dir='ltr'><strong>dixit</strong></span> <span class='ocrx_word' id='word_1_811' title='bbox 3428 5040 3495 5091; x_wconf 86' lang='lat' dir='ltr'><strong>ad</strong></span> <span class='ocrx_word' id='word_1_812' title='bbox 3523 5053 3676 5091; x_wconf 87' lang='lat' dir='ltr'><strong>eum:</strong></span> 
     </span>
    </p>
   </div>
   <div class='ocr_carea' id='block_1_107' title="bbox 2107 5129 3681 5201">
    <p class='ocr_par' dir='ltr' id='par_1_107' title="bbox 2107 5129 3681 5201">
     <span class='ocr_line' id='line_1_107' title="bbox 2107 5129 3681 5201; baseline 0.001 -18"><span class='ocrx_word' id='word_1_813' title='bbox 2107 5148 2126 5182; x_wconf 81' lang='grc' dir='ltr'><strong>ι</strong></span> <span class='ocrx_word' id='word_1_814' title='bbox 2157 5129 2407 5201; x_wconf 82' lang='lat' dir='ltr'><strong>Regnum</strong></span> <span class='ocrx_word' id='word_1_815' title='bbox 2433 5146 2616 5185; x_wconf 91' lang='lat' dir='ltr'><strong>meum</strong></span> <span class='ocrx_word' id='word_1_816' title='bbox 2657 5146 2766 5185; x_wconf 92' lang='lat' dir='ltr'><strong>non</strong></span> <span class='ocrx_word' id='word_1_817' title='bbox 2796 5139 2881 5186; x_wconf 89' lang='lat' dir='ltr'><strong>est</strong></span> <span class='ocrx_word' id='word_1_818' title='bbox 2920 5146 2988 5186; x_wconf 83' lang='lat' dir='ltr'><strong>ex</strong></span> <span class='ocrx_word' id='word_1_819' title='bbox 3018 5132 3124 5185; x_wconf 89' lang='lat' dir='ltr'><strong>hoc</strong></span> <span class='ocrx_word' id='word_1_820' title='bbox 3175 5131 3400 5184; x_wconf 90' lang='lat' dir='ltr'><strong>mundo.</strong></span> <span class='ocrx_word' id='word_1_821' title='bbox 3428 5131 3473 5162; x_wconf 84' lang='grc'><strong>¹⁰</strong></span> <span class='ocrx_word' id='word_1_822' title='bbox 3527 5147 3546 5180; x_wconf 75' lang='grc' dir='ltr'><strong>ι</strong></span> <span class='ocrx_word' id='word_1_823' title='bbox 3585 5129 3681 5184; x_wconf 90' lang='lat' dir='ltr'><strong>llis</strong></span> 
     </span>
    </p>
   </div>
   <div class='ocr_carea' id='block_1_108' title="bbox 2111 5223 3665 5295">
    <p class='ocr_par' dir='ltr' id='par_1_108' title="bbox 2111 5223 3665 5295">
     <span class='ocr_line' id='line_1_108' title="bbox 2111 5223 3665 5295; baseline -0.001 -17"><span class='ocrx_word' id='word_1_824' title='bbox 2111 5223 2299 5293; x_wconf 90' lang='lat' dir='ltr'><strong>itaque</strong></span> <span class='ocrx_word' id='word_1_825' title='bbox 2343 5223 2693 5280; x_wconf 87' lang='lat' dir='ltr'><strong>sermonibus</strong></span> <span class='ocrx_word' id='word_1_826' title='bbox 2738 5225 2942 5280; x_wconf 84' lang='lat' dir='ltr'><strong>excitat</strong></span> <span class='ocrx_word' id='word_1_827' title='bbox 2971 5224 3038 5279; x_wconf 82' lang='lat' dir='ltr'><strong>ad</strong></span> <span class='ocrx_word' id='word_1_828' title='bbox 3070 5223 3481 5295; x_wconf 75' lang='lat' dir='ltr'><strong>intelligendum</strong></span> <span class='ocrx_word' id='word_1_829' title='bbox 3516 5224 3665 5294; x_wconf 89' lang='lat' dir='ltr'><strong>quod</strong></span> 
     </span>
    </p>
   </div>
   <div class='ocr_carea' id='block_1_109' title="bbox 2101 5314 3675 5388">
    <p class='ocr_par' dir='ltr' id='par_1_109' title="bbox 2101 5314 3675 5388">
     <span class='ocr_line' id='line_1_109' title="bbox 2101 5314 3675 5388; baseline -0.001 -18"><span class='ocrx_word' id='word_1_830' title='bbox 2101 5316 2267 5370; x_wconf 88' lang='lat' dir='ltr'><strong>etiam</strong></span> <span class='ocrx_word' id='word_1_831' title='bbox 2329 5314 2472 5371; x_wconf 90' lang='lat' dir='ltr'><strong>Deus</strong></span> <span class='ocrx_word' id='word_1_832' title='bbox 2517 5317 2589 5371; x_wconf 91' lang='lat' dir='ltr'><strong>sit</strong></span> <span class='ocrx_word' id='word_1_833' title='bbox 2615 5316 2710 5387; x_wconf 90' lang='lat' dir='ltr'><strong>qui</strong></span> <span class='ocrx_word' id='word_1_834' title='bbox 2745 5325 3006 5388; x_wconf 84' lang='lat' dir='ltr'><strong>tanquam</strong></span> <span class='ocrx_word' id='word_1_835' title='bbox 3049 5317 3216 5372; x_wconf 88' lang='lat' dir='ltr'><strong>homo</strong></span> <span class='ocrx_word' id='word_1_836' title='bbox 3247 5317 3583 5386; x_wconf 83' lang='lat' dir='ltr'><strong>conspicitur</strong></span> <span class='ocrx_word' id='word_1_837' title='bbox 3621 5324 3675 5370; x_wconf 86' lang='lat' dir='ltr'><strong>et</strong></span> 
     </span>
    </p>
   </div>
   <div class='ocr_carea' id='block_1_110' title="bbox 2097 5405 3680 5479">
    <p class='ocr_par' dir='ltr' id='par_1_110' title="bbox 2097 5405 3680 5479">
     <span class='ocr_line' id='line_1_110' title="bbox 2097 5405 3680 5479; baseline 0.003 -20"><span class='ocrx_word' id='word_1_838' title='bbox 2097 5405 2216 5461; x_wconf 76' lang='lat' dir='ltr'><strong>haec</strong></span> <span class='ocrx_word' id='word_1_839' title='bbox 2247 5407 2510 5478; x_wconf 91' lang='lat' dir='ltr'><strong>loquitur.</strong></span> <span class='ocrx_word' id='word_1_840' title='bbox 2541 5406 2772 5478; x_wconf 84' lang='lat' dir='ltr'><strong>Propter</strong></span> <span class='ocrx_word' id='word_1_841' title='bbox 2798 5409 2902 5465; x_wconf 90' lang='lat' dir='ltr'><strong>hoc</strong></span> <span class='ocrx_word' id='word_1_842' title='bbox 2937 5411 3103 5479; x_wconf 78' lang='lat' dir='ltr'><strong>igitur</strong></span> <span class='ocrx_word' id='word_1_843' title='bbox 3133 5418 3288 5465; x_wconf 78' lang='lat' dir='ltr'><strong>testis</strong></span> <span class='ocrx_word' id='word_1_844' title='bbox 3318 5418 3403 5463; x_wconf 89' lang='lat' dir='ltr'><strong>cst</strong></span> <span class='ocrx_word' id='word_1_845' title='bbox 3445 5425 3460 5462; x_wconf 94' lang='lat'><strong>:</strong></span> <span class='ocrx_word' id='word_1_846' title='bbox 3504 5407 3680 5464; x_wconf 73' lang='lat' dir='ltr'><strong>ﬁdelis</strong></span> 
     </span>
    </p>
   </div>
   <div class='ocr_carea' id='block_1_111' title="bbox 2101 5501 3681 5568">
    <p class='ocr_par' dir='ltr' id='par_1_111' title="bbox 2101 5501 3681 5568">
     <span class='ocr_line' id='line_1_111' title="bbox 2101 5501 3681 5568; baseline 0.001 -14"><span class='ocrx_word' id='word_1_847' title='bbox 2101 5509 2308 5568; x_wconf 86' lang='lat' dir='ltr'><strong>autem,</strong></span> <span class='ocrx_word' id='word_1_848' title='bbox 2346 5501 2461 5558; x_wconf 89' lang='lat' dir='ltr'><strong>sive</strong></span> <span class='ocrx_word' id='word_1_849' title='bbox 2489 5517 2677 5568; x_wconf 84' lang='lat' dir='ltr'><strong>verax,</strong></span> <span class='ocrx_word' id='word_1_850' title='bbox 2721 5501 2866 5558; x_wconf 89' lang='lat' dir='ltr'><strong>Dens</strong></span> <span class='ocrx_word' id='word_1_851' title='bbox 2899 5509 2953 5558; x_wconf 88' lang='lat' dir='ltr'><strong>et</strong></span> <span class='ocrx_word' id='word_1_852' title='bbox 2983 5503 3181 5558; x_wconf 92' lang='lat' dir='ltr'><strong>homo:</strong></span> <span class='ocrx_word' id='word_1_853' title='bbox 3208 5504 3330 5558; x_wconf 88' lang='lat' dir='ltr'><strong>ideo</strong></span> <span class='ocrx_word' id='word_1_854' title='bbox 3360 5503 3525 5557; x_wconf 86' lang='lat' dir='ltr'><strong>etiam</strong></span> <span class='ocrx_word' id='word_1_855' title='bbox 3559 5511 3681 5556; x_wconf 87' lang='lat' dir='ltr'><strong>tan-</strong></span> 
     </span>
    </p>
   </div>
   <div class='ocr_carea' id='block_1_112' title="bbox 2097 5593 3678 5668">
    <p class='ocr_par' dir='ltr' id='par_1_112' title="bbox 2097 5593 3678 5668">
     <span class='ocr_line' id='line_1_112' title="bbox 2097 5593 3678 5668; baseline 0.001 -21"><span class='ocrx_word' id='word_1_856' title='bbox 2097 5609 2260 5664; x_wconf 89' lang='lat' dir='ltr'><strong>quam</strong></span> <span class='ocrx_word' id='word_1_857' title='bbox 2309 5593 2474 5651; x_wconf 90' lang='lat' dir='ltr'><strong>homo</strong></span> <span class='ocrx_word' id='word_1_858' title='bbox 2527 5604 2778 5652; x_wconf 91' lang='lat' dir='ltr'><strong>mortuus</strong></span> <span class='ocrx_word' id='word_1_859' title='bbox 2816 5605 2919 5661; x_wconf 89' lang='lat' dir='ltr'><strong>cst,</strong></span> <span class='ocrx_word' id='word_1_860' title='bbox 2957 5596 3199 5652; x_wconf 80' lang='lat' dir='ltr'><strong>surrexit</strong></span> <span class='ocrx_word' id='word_1_861' title='bbox 3235 5611 3364 5653; x_wconf 87' lang='lat' dir='ltr'><strong>vero</strong></span> <span class='ocrx_word' id='word_1_862' title='bbox 3419 5606 3678 5668; x_wconf 81' lang='lat' dir='ltr'><strong>tanquam</strong></span> 
     </span>
    </p>
   </div>
   <div class='ocr_carea' id='block_1_113' title="bbox 476 5753 2005 5845">
    <p class='ocr_par' dir='ltr' id='par_1_113' title="bbox 476 5753 1951 5836">
     <span class='ocr_line' id='line_1_113' title="bbox 476 5753 1951 5836; baseline 0.01 -27"><span class='ocrx_word' id='word_1_863' title='bbox 476 5753 497 5786; x_wconf 86' lang='grc'><strong>⁶</strong></span> <span class='ocrx_word' id='word_1_864' title='bbox 543 5755 763 5824; x_wconf 75' lang='lat' dir='ltr'><strong>Joan.l,</strong></span> <span class='ocrx_word' id='word_1_865' title='bbox 795 5758 845 5813; x_wconf 79' lang='grc' dir='ltr'><strong>Ι.</strong></span> <span class='ocrx_word' id='word_1_866' title='bbox 923 5760 943 5790; x_wconf 86' lang='grc'><strong>⁷</strong></span> <span class='ocrx_word' id='word_1_867' title='bbox 969 5757 1127 5816; x_wconf 82' lang='lat' dir='ltr'><strong>Joan.</strong></span> <span class='ocrx_word' id='word_1_868' title='bbox 1171 5776 1209 5827; x_wconf 87' lang='lat' dir='ltr'><strong>t,</strong></span> <span class='ocrx_word' id='word_1_869' title='bbox 1247 5762 1296 5818; x_wconf 81' lang='grc'><strong>1.</strong></span> <span class='ocrx_word' id='word_1_870' title='bbox 1373 5763 1395 5797; x_wconf 81' lang='grc'>⁸</span> <span class='ocrx_word' id='word_1_871' title='bbox 1425 5763 1571 5824; x_wconf 84' lang='lat' dir='ltr'><strong>Psal.</strong></span> <span class='ocrx_word' id='word_1_872' title='bbox 1601 5780 1786 5836; x_wconf 68' lang='lat' dir='ltr'><strong>cum,</strong></span> <span class='ocrx_word' id='word_1_873' title='bbox 1833 5767 1951 5828; x_wconf 69' lang='grc'><strong>102.</strong></span> 
     </span>
    </p>
   </div>
   <div class='ocr_carea' id='block_1_114' title="bbox 2110 5753 3134 5845">
    <p class='ocr_par' dir='ltr' id='par_1_114' title="bbox 2141 5770 3134 5845">
     <span class='ocr_line' id='line_1_114' title="bbox 2141 5770 3134 5845; baseline 0.008 -19"><span class='ocrx_word' id='word_1_874' title='bbox 2141 5770 2283 5828; x_wconf 88' lang='lat' dir='ltr'><strong>Tim.</strong></span> <span class='ocrx_word' id='word_1_875' title='bbox 2325 5789 2377 5841; x_wconf 83' lang='grc' dir='ltr'><strong>ν,</strong></span> <span class='ocrx_word' id='word_1_876' title='bbox 2418 5775 2507 5832; x_wconf 73' lang='lat' dir='ltr'><strong>2i.</strong></span> <span class='ocrx_word' id='word_1_877' title='bbox 2590 5777 2631 5809; x_wconf 82' lang='lat'><strong>&#39;°</strong></span> <span class='ocrx_word' id='word_1_878' title='bbox 2665 5774 2825 5835; x_wconf 82' lang='lat' dir='ltr'><strong>Joan.</strong></span> <span class='ocrx_word' id='word_1_879' title='bbox 2859 5790 3012 5845; x_wconf 80' lang='lat' dir='ltr'><strong>xvnt,</strong></span> <span class='ocrx_word' id='word_1_880' title='bbox 3045 5776 3134 5834; x_wconf 85' lang='lat'><strong>&#39;56.</strong></span> 
     </span>
    </p>
   </div>
   <div class='ocr_carea' id='block_1_115' title="bbox 481 5910 1201 5990">
    <p class='ocr_par' dir='ltr' id='par_1_115' title="bbox 481 5910 1201 5990">
     <span class='ocr_line' id='line_1_115' title="bbox 481 5910 1201 5990; baseline 0.015 -25"><span class='ocrx_word' id='word_1_881' title='bbox 481 5910 625 5985; x_wconf 72' lang='lat'><strong>(1-2)</strong></span> <span class='ocrx_word' id='word_1_882' title='bbox 658 5911 810 5990; x_wconf 79' lang='lat' dir='ltr'><strong>Vu&#39;g.</strong></span> <span class='ocrx_word' id='word_1_883' title='bbox 843 5932 954 5973; x_wconf 90' lang='lat' dir='ltr'><strong>om.</strong></span> <span class='ocrx_word' id='word_1_884' title='bbox 994 5918 1201 5990; x_wconf 72' lang='grc' dir='ltr'>πρώτη.</span> 
     </span>
    </p>
   </div>
  </div>
