4042 6568
381 435 488 501 507

1190 443 1521 504 ARETH/E
1556 443 1930 504 CESAREE
1968 401 2453 502 CAPPADOCl/E
2491 442 2833 504 EPISCOPI

3539 445 3649 510 503

387 549 568 604 heus:
607 548 845 604 surrexit
870 549 1015 604 enim
1043 564 1149 606 non
1178 553 1324 607 sicut
1350 554 1385 608 ii
1411 556 1504 624 qui
1537 557 1720 610 divma
1752 565 1958 612 virtute

2063 555 2367 626 ἄνθρωπος.
2409 553 2501 609 Διὸ
2529 556 2623 610 καὶ⁵
2670 555 2747 620 ὡς
2789 551 3078 626 ἄνθρωπος
3109 553 3401 624 ἀπέθανεν,
3443 557 3644 629 ἀνέστη

387 639 459 691 ab
505 638 630 693 aliis
671 638 894 693 excitati
947 647 1096 707 sunt,
1133 642 1228 711 qui
1283 643 1445 698 etiam
1494 661 1711 700 rursum
1761 647 1961 701 mortui

387 739 550 783 sunt:
598 731 690 784 sed
724 746 821 785 sna
878 734 1118 802 potentia
1169 736 1411 791 surrexit
1460 745 1719 807 tanquam
1775 737 1958 793 Deus:

381 819 546 890 650
572 831 626 875 et
657 823 872 890 primus
905 833 1098 880 auctor
1121 825 1218 882 fuit
1247 839 1524 899 perpetua:
1548 845 1612 884 ac
1642 829 1964 885 intermina-

387 912 514 968 bilis
527 914 921 971 reviviscentite
937 931 1059 987 quae
1087 934 1152 972 ex
1175 921 1292 988 ipso
1309 929 1362 974 et
1382 937 1474 991 per
1493 922 1669 991 ipsum
1687 933 1961 992 speratur.

388 1007 516 1062 Ideo
538 1025 756 1082 quoque
776 1011 1381 1083 primogenitusdicilur
1407 1028 1767 1081 mortuorum,
1802 1016 1960 1087 quasi

392 1101 546 1155 solus
579 1102 694 1171 ipse
719 1105 1037 1174 auspicatus
1084 1107 1154 1160 sit
1184 1106 1343 1161 nobis
1386 1106 1700 1166 huiusmodi
1728 1110 1958 1179 gratiam

389 1193 675 1247 bonorum.
698 1196 958 1266 Princeps
973 1206 1152 1252 autem
1173 1213 1358 1268 regum
1391 1209 1548 1255 terra:
1579 1201 1777 1255 dicitur
1803 1202 1964 1256 Chri-

389 1293 534 1344 slus,
569 1287 1007 1356 quandoquidem
1041 1286 1300 1342 etDaniel
1323 1287 1653 1360 Babylonico
1678 1293 1787 1362 regi
1812 1291 1962 1347 dice-

389 1373 484 1427 bat
537 1377 684 1444 quod
717 1387 968 1446 regnaret
1015 1378 1268 1435 excelsus
1296 1390 1350 1434 et
1379 1382 1754 1439 dominaretur
1795 1400 1963 1453 regno

399 1467 702 1524 hominum.
757 1467 913 1534 Quod
958 1470 1004 1524 si
1039 1470 1144 1524 hoc
1181 1471 1232 1526 in
1268 1472 1452 1526 divina
1483 1488 1548 1527 ac
1579 1477 1836 1542 primaria
1882 1476 1964 1530 in-

387 1558 646 1628 telligitur
673 1571 727 1615 et
752 1562 1092 1631 conspicitur
1117 1563 1513 1630 dominatione,
1547 1565 1676 1635 quid
1710 1567 1961 1624 veritatis

384 1648 608 1704 habebit
629 1651 1070 1708 adversariorum
1091 1669 1271 1710 sermo
1298 1655 1390 1724 qui
1425 1657 1522 1720 ait,
1556 1657 1808 1712 universa
1842 1676 1964 1728 qua:

384 1733 570 1788 divino
587 1739 746 1792 modo
764 1739 1021 1795 dicuntur
1037 1742 1102 1797 de
1121 1746 1636 1812 supersubstantiali
1671 1745 1959 1817 Trinitate,

387 1824 521 1880 nulli
569 1831 802 1884 seorsim
860 1831 1023 1887 trium
1070 1849 1428 1903 personarum
1499 1840 1958 1909 appropriandum

2067 647 2124 702 δέ
2153 649 2228 712 ὡς
2256 648 2408 713 Θεός.
2450 649 2679 718 ’Δνέστη
2699 651 2830 720 γὰρ,
2859 648 2956 718 οὑχ
2983 648 3059 712 ὼς
3083 649 3134 701 oi
3159 651 3252 702 ἐπὶ
3279 649 3400 721 θείᾳ
3423 650 3652 720 δυνάμει

2067 741 2160 811 ὑφ’
2188 742 2392 812 ἐτέρων
2422 741 2776 804 ἀναστάντες,
2816 740 2866 795 οἱ
2895 743 2991 794 καὶ
3031 739 3192 795 πάλιν
3221 742 3517 796 ἀπέθανον.
3555 746 3651 797 οι-

2066 835 2192 906 κεία
2222 834 2278 889 δὲ
2306 835 2537 904 δυνάμει
2577 835 2840 901 ἀναστὰς,
2875 833 2970 888 ἇτε
3025 835 3181 900 Θεὸς,
3210 833 3427 904 πρῶτος
3465 836 3648 908 ἀπήρ-

2069 927 2197 993 ξατο
2218 928 2317 998 τῆς
2340 925 2399 992 ἐξ
2428 927 2594 981 αὐτοῦ
2623 928 2716 981 καὶ
2749 927 2819 981 δι’
2851 927 3014 981 αὐτὸν
3038 925 3400 998 ἐλπιζομένης
3424 927 3652 981 ἀτελευ-

2064 1022 2230 1092 τήτου
2265 1021 2360 1074 καὶ⁹
2400 1020 2621 1074 αἰωνίου
2647 1018 3005 1082 παλινζωῖας.
3046 1020 3138 1072 Διὸ
3167 1019 3262 1073 καὶ
3305 1019 3652 1089 πρωτότοκος

2066 1113 2285 1181 λέγεται
2313 1111 2422 1165 τῶν
2462 1113 2694 1182 νεκρῶν,
2725 1112 2803 1175 ὡς
2835 1111 2996 1180 μόνος
3039 1112 3204 1175 αὐτὸς
3246 1111 3523 1180 κατάρξας
3553 1112 3650 1180 τῆς

2065 1205 2326 1274 τοιαύτης
2360 1207 2492 1277 ἡμῖν
2513 1206 2623 1260 τῶν
2659 1205 2884 1274 ἀγαθῶν
2927 1205 3172 1277 χάριτος.
3209 1206 3427 1276 Ἄρχων
3459 1205 3516 1258 δὲ
3541 1206 3654 1260 τῶν

2069 1299 2330 1369 βασιλέων
2367 1302 2468 1370 τῆς
2501 1299 2606 1368 γῆς
2645 1298 2673 1351 6
2700 1297 2957 1369 Χριστὸς,
3010 1298 3135 1350 ἐπεὶ
3168 1297 3263 1350 καὶ
3289 1297 3489 1368 Δανιὴλ
3513 1297 3654 1367 πρὸς

2064 1391 2156 1444 τὸν
2201 1389 2542 1444 Βαϐυλώνιον
2585 1389 2712 1462 ἔφη.
2747 1389 3058 1459 βασιλεύειν
3104 1388 3196 1442 τὸν
3248 1389 3516 1459 ’Υψιστον
3555 1389 3652 1444 καὶ

2065 1481 2344 1555 κυριεύειν
2383 1483 2483 1553 τῆς
2522 1481 2799 1553 βασιλείας
2823 1482 2933 1535 τῶν
2961 1481 3286 1553 ἀνθρώπων.
3317 1483 3381 1535 Εἰ
3413 1482 3469 1535 δέ
3494 1481 3651 1535 τοῦτο

2064 1577 2157 1630 ἐπὶ
2191 1577 2292 1646 τῆς
2315 1576 2614 1648 θεαρχικῆς
2636 1578 2838 1630 νοεῖται
2880 1575 2976 1629 καὶ
3006 1576 3260 1647 ἐνορᾶται
3299 1575 3648 1646 κυριότητος,

2064 1669 2147 1726 τίς
2176 1669 2204 1722 6
2245 1669 2585 1724 ἀντιστατῶν
2617 1668 2775 1738 λόγος
2809 1669 2838 1720 6
2883 1667 3063 1723 πάντα
3098 1669 3169 1723 τὰ
3209 1667 3536 1735 θεοπρεπῶς
3563 1665 3652 1718 λε-

2064 1761 2270 1833 γόμενα
2294 1761 2386 1814 ἐπὶ
2407 1762 2506 1832 τῆς
2541 1761 2869 1831 ὑπερουσίου
2895 1761 3127 1828 Τριάδος
3155 1759 3230 1832 μὴ
3259 1759 3381 1814 καθ’
3413 1759 3651 1829 ἑκάστης

2065 1853 2239 1923 λέγων
2270 1852 2380 1908 τῶν
2416 1853 2586 1924 τριῶν
2619 1854 2975 1908 ὑποστάσεων
3003 1853 3331 1920 ἐξιδιοῠσθαι
3371 1854 3466 1906 καὶ
3494 1855 3653 1922 ὲναρ-

385 1925 479 1968 aut
513 1916 884 1987 adaptandnm
916 1938 1060 1988 esse,
1092 1935 1287 1992 ριιειρτ
1318 1927 1406 1980 illa
1452 1944 1571 1996 quae
1591 1931 1960 1998 productivam

2070 1945 2387 2015 μόττεσθαι,
2431 1944 2572 2018 πλὴν
2618 1945 2793 2000 ταῦτα
2836 1946 2872 2002 ἃ
2917 1947 3016 2019 τὴν
3068 1946 3403 2018 προαγωγὴν
3448 1946 3654 1999 τούτων

383 2004 499 2060 sive
541 2011 878 2076 personalem
915 2013 1110 2068 harum
1143 2017 1507 2085 cognitionem
1547 2020 1828 2088 inducunt,
1870 2026 1964 2080 sed

381 2094 651 2154 obstinate
668 2102 828 2156 audet
841 2102 1121 2160 deliraudo
1133 2123 1396 2176 asserere,
1413 2111 1655 2182 singulas
1670 2113 1831 2170 trium
1851 2133 1970 2186 pei-

381 2202 654 2245 sonarum
701 2196 930 2250 seorsim
979 2199 1259 2257 vindicare
1290 2204 1393 2258 sibi
1423 2205 1668 2261 divinam
1701 2211 1968 2278 operatio-

387 2283 554 2337 nem?
579 2285 641 2338 Et
672 2285 786 2341 Ιιίειε
819 2288 1042 2358 quidem
1073 2307 1199 2347 cum
1231 2295 1388 2349 divus
1421 2297 1717 2368 Gregorius
1739 2318 1966 2372 accepe-

380 2375 451 2430 rit
479 2393 639 2431 usum
673 2394 987 2436 sermonum
1018 2399 1032 2437 :
1067 2383 1173 2449 Qui
1199 2396 1298 2452 est,
1326 2389 1577 2458 quierat,
1605 2401 1653 2446 et
1678 2395 1768 2462 qui
1799 2397 1960 2463 venit,

379 2467 446 2520 de
477 2467 647 2525 Filio:
673 2473 829 2540 quasi
847 2485 970 2544 apte
985 2479 1258 2547 quadrent
1283 2481 1467 2538 divina
1493 2488 1712 2542 nomina
1739 2497 1792 2543 et
1812 2504 1964 2544 com-

380 2559 623 2615 muniter
679 2571 731 2618 et
755 2569 1121 2634 particulatim
1175 2573 1350 2630 tribus
1386 2579 1676 2645 personis?
1705 2579 1878 2637 Porro
1908 2584 1958 2640 id

384 2663 452 2703 ex
483 2666 550 2705 eo
581 2669 798 2726 quoque
852 2660 1204 2716 manifestum
1241 2675 1324 2720 est
1355 2668 1497 2736 quod
1551 2673 1959 2729 sanctissimum

381 2738 644 2811 hymnum
673 2749 1084 2817 seraphieorum
1120 2755 1411 2824 Spiritunm
1443 2760 1495 2814 in
1519 2761 1810 2834 Evangelia
1837 2767 1962 2837 qni-

377 2831 503 2886 dem
560 2833 794 2893 dicimus
840 2841 906 2895 ad
960 2840 1156 2900 Filium
1190 2847 1411 2914 referri,
1445 2866 1605 2921 quem
1652 2831 1867 2912 Paulus
1905 2858 1958 2914 in

376 2923 527 2979 Actis
541 2928 860 2986 concionem
889 2933 1095 2992 habens
1137 2937 1368 3010 Spiritui
1392 2945 1686 3015 applicuit:
1714 2965 1814 3004 nos
1830 2966 1960 3006 vero

371 3013 530 3084 juxta
561 3016 787 3075 Patrum
816 3025 1164 3084 traditionem
1197 3031 1250 3086 in
1283 3035 1563 3091 tremenda
1591 3049 1646 3091 et
1671 3039 1956 3100 incruenta

378 3107 556 3164 hostia
618 3109 768 3167 Patri
824 3117 1197 3190 attribuimus,
1253 3127 1716 3194 quemadmodum
1765 3133 1961 3192 beatus

374 3195 714 3270 Epiphanius
754 3205 892 3263 libro
932 3209 1008 3265 De
1044 3211 1254 3283 Spiritu
1281 3229 1467 3272 sancto
1497 3219 1742 3278 disserit.

447 3381 517 3436 Et
565 3385 810 3458 princeps
864 3407 1045 3463 regum
1114 3405 1290 3451 terrm.
1345 3397 1464 3456 Non
1537 3410 1749 3460 tantum
1799 3423 1956 3479 supet

375 3486 627 3536 terrenos
679 3482 981 3540 dominium
1026 3487 1211 3556 habet,
1245 3507 1432 3546 verum
1480 3496 1642 3552 etiam
1677 3515 1840 3570 super
1867 3516 1963 3558 eos

374 3570 467 3638 qni
500 3570 554 3624 in
583 3573 737 3630 coalis
766 3587 895 3632 sunt
923 3595 936 3632 :
964 3580 1112 3650 atqui
1151 3598 1298 3637 nunc
1343 3583 1410 3638 de
1433 3588 1669 3644 terrenis
1695 3590 1959 3661 loquitur,

375 3661 432 3714 in
496 3668 853 3733 sequentibus
902 3679 1083 3725 autem
1132 3674 1372 3730 ostendit
1421 3693 1544 3733 eum
1577 3680 1739 3736 etiam
1787 3683 1962 3738 domi-

376 3753 496 3806 nari
523 3758 724 3812 sanctis
760 3760 1048 3819 ordinibus
1075 3766 1170 3834 qui
1208 3767 1262 3821 in
1289 3770 1444 3824 caelis
1475 3783 1626 3828 sunt.

446 3843 489 3907 1,
517 3843 629 3905 5.6.
667 3846 732 3900 Et
761 3851 852 3919 qui
886 3851 1074 3906 dilexit
1102 3871 1220 3920 uos,
1252 3868 1300 3912 et
1323 3860 1565 3930 quilavit
1588 3880 1682 3918 nos
1710 3881 1741 3918 a
1769 3882 1960 3934 pecca-

373 3935 442 3989 tis
475 3940 669 3993 nostris
702 3958 794 4010 per
823 3947 1134 4014 sanguinem
1160 3967 1315 4004 suum
1341 3967 1360 4005 :
1388 3964 1437 4007 et
1459 3955 1581 4023 fecit
1607 3973 1698 4011 nos
1717 3976 1954 4030 regnum,

371 4030 666 4084 sacerdotes
705 4033 811 4088 Deo
835 4045 884 4088 et
918 4035 1070 4091 Patri
1103 4056 1218 4107 suo,
1254 4042 1352 4112 ipsi
1389 4045 1559 4116 gloria
1591 4058 1640 4104 et
1675 4049 1955 4122 imperium

371 4119 427 4173 in
460 4123 656 4178 saecula
687 4127 1026 4186 saeculorum.
1061 4136 1251 4193 Amen.

452 4302 664 4376 Duplici
691 4310 857 4366 modo
890 4311 996 4368 hoc
1030 4314 1288 4371 scribitur
1314 4316 1469 4388 juxta
1500 4320 1714 4378 varium
1747 4324 1958 4379 intelle-

368 4406 540 4455 ctum.
593 4397 876 4471 Siquidem
926 4405 1071 4461 lavat
1098 4408 1142 4462 is
1172 4411 1264 4478 qui
1318 4411 1592 4469 fuaditates
1623 4429 1687 4469 ac
1712 4417 1957 4472 maculas

369 4491 569 4547 lustrat
595 4506 688 4548 aut
720 4497 928 4566 expiat,
960 4500 1122 4554 solvit
1152 4519 1282 4557 vero
1301 4505 1394 4573 qui
1431 4522 1459 4558 a
1494 4507 1731 4576 prepriis
1762 4507 1956 4562 crimi-

2071 2038 2238 2108 ἤγουν
2262 2040 2360 2110 τὴν
2399 2040 2772 2113 ὑποστατικὴν
2806 2046 3070 2113 γνώρισιν
3115 2040 3492 2111 ἐμποιοῦνται,
3535 2039 3638 2093 ἀλλ

2070 2131 2532 2202 ἁποτεταγμένως
2563 2131 2922 2203 κατατολμῶν
2952 2135 3032 2197 εἰς
3069 2133 3445 2200 ἐξιδιάζουσαν
3486 2133 3682 2202 ἑαυτῇ,

2069 2222 2218 2276 θείαν
2240 2223 2522 2294 ἐνέργειαν
2548 2225 2787 2296 ἑκάστην
2812 2227 3110 2280 ὑπόστασιν
3143 2225 3254 2279 τῶν
3286 2225 3456 2295 τριῶν
3489 2243 3655 2297 μεταο

2067 2315 2354 2386 χωροῦσαν
2378 2318 2747 2390 παραληρεῖν,
2776 2320 2871 2372 καὶ
2894 2319 3069 2374 ταῦτα
3091 2319 3397 2390 Γρηγορίου
3428 2319 3530 2388 μὲν
3557 2319 3655 2372 τοῦ

2067 2407 2213 2461 θείου
2239 2407 2348 2462 τῶν
2382 2409 2557 2479 λόγων
2599 2411 2697 2482 τὴν
2734 2412 2950 2484 χρῆσιν,
2979 2411 3097 2475 τοῦ,
3139 2411 3202 2465 '0
3237 2412 3323 2463 ὢν
3355 2411 3452 2464 καὶ
3493 2414 3525 2465 ὀ
3574 2408 3658 2482 ἦν

2064 2502 2164 2554 καὶ
2202 2504 2235 2555 ό
2294 2501 2647 2572 ἐρχόμενος,
2689 2505 2772 2569 εἰς
2825 2505 2918 2558 τὸν
2987 2504 3114 2558 Υἱὺν
3165 2504 3530 2576 ἐξειληφότος,
3579 2506 3656 2568 ὡς

2066 2594 2490 2665 ἐφαρμοζόντων
2522 2597 2628 2651 τῶν
2675 2597 3000 2670 θεοπρεπῶν
3047 2598 3328 2668 ὀνομάτων
3365 2599 3460 2651 καὶ
3490 2602 3654 2667 καινῇ

2064 2686 2162 2739 καὶ⁸
2211 2687 2318 2758 ἰδίᾳ
2357 2692 2478 2753 ταῖς
2517 2690 2697 2762 τρισὶν
2739 2692 3108 2758 ὐ-ποστάσεσις
3153 2692 3328 2761 Δῆλον
3364 2691 3442 2758 δὲ,
3474 2693 3568 2745 καὶ
3593 2691 3656 2758 ἐξ

2062 2771 2137 2831 ὧν
2167 2779 2258 2833 τὸν
2288 2782 2588 2852 Τρισάγιον
2625 2784 2736 2838 τῶν
2785 2784 3038 2856 Σεραφὶμ
3066 2783 3236 2854 ὕμνον
3277 2783 3420 2836 κατὰ
3467 2783 3567 2852 μὲν
3595 2783 3656 2835 τὸ

2065 2873 2424 2944 Εὖαγγέλιον,
2457 2878 2537 2939 εἰς
2567 2877 2660 2930 τὸν
2689 2876 2817 2930 Υῖδν
2856 2876 3204 2946 μανθάνομεν
3235 2875 3509 2942 λέγεσθαι,
3539 2873 3599 2928 ὃν
3625 2873 3664 2926 6.

2063 2965 2277 3031 Παῦλος
2305 2967 2644 3038 δημηγορῶν
2669 2969 2729 3022 ἐν
2761 2972 2883 3031 ταῖς
2913 2967 3184 3038 Πράξεσιν
3222 2969 3302 3029 εἰς
3338 2967 3400 3020 τὸ
3431 2967 3654 3038 Πνεῦμα

2063 3059 2384 3130 ἀπένειμεν·
2424 3062 2589 3130 ἡμεῖς
2623 3060 2679 3114 δέ
2730 3058 3232 3132 πατροπαραδότως
3269 3059 3329 3111 ἐν
3355 3061 3420 3129 τῇ
3450 3059 3659 3128 φρικτῇ

2065 3153 2158 3206 καὶ
2185 3152 2512 3224 ἀναιμάκτῳ
2542 3151 2708 3224 θυσίᾳ
2748 3155 2830 3216 εἰς
2874 3152 3120 3222 Πατέρα.
3168 3152 3380 3222 Ὠσπερ
3413 3153 3440 3204 ὁ
3472 3150 3654 3218 μακά.-

1990 3287 2032 3342 C
2069 3260 2182 3314 ριος
2237 3243 2551 3310 Ἐπιφάνιος
2581 3245 2644 3298 ἐν
2681 3244 2760 3316 τῶ
2799 3244 2945 3316 λόγῳ
2994 3243 3074 3316 τῷ
3101 3245 3183 3308 εἰς
3226 3243 3290 3297 τὸ
3333 3243 3558 3315 Πνεῦμα
3590 3243 3654 3297 τδ

2067 3335 2222 3405 ἆγιον
2254 3337 2503 3401 διέξεισι.

2131 3427 2238 3481 Καὶ
2276 3429 2308 3482 ὁ
2339 3428 2541 3496 ἅρχων
2580 3428 2697 3481 τῶν
2734 3426 3050 3492 ,βασιλέων
3094 3425 3208 3494 τῆς
3247 3425 3382 3497 γῆς.
3425 3424 3499 3479 οὐ
3543 3425 3661 3478 τῶν

2065 3516 2270 3587 γηΐνων
2305 3517 2490 3588 μόνον,
2522 3518 2661 3573 ἀλλὰ
2691 3519 2787 3572 καὶ
2822 3518 2932 3571 τῶν
2959 3519 3018 3570 ἐν
3061 3517 3315 3590 οὐρανοῖς
3354 3515 3654 3587 βασιλεύει.

2079 3606 2240 3660 Ἀλλὰ
2283 3606 2378 3661 νῦν
2406 3610 2505 3676 μὲν
2549 3609 2678 3680 περὶ
2701 3609 2811 3663 τῶν
2840 3609 3102 3676 ἐπιγείων
3143 3608 3310 3675 λέγει,
3353 3606 3557 3680 προῖὼν
3595 3607 3658 3662 δὲ

2065 3697 2340 3751 δείκνυσιν
2364 3698 2529 3753 αὑτὸν
2561 3703 2655 3754 καὶ
2683 3699 2775 3754 τὸν
2801 3700 2859 3754 ἐν
2882 3699 3135 3769 οὐρανοῖς
3162 3697 3333 3766 ἁγίων
3353 3697 3656 3769 ταγμάτων

2065 3786 2446 3858 βασιλεύοντα.

2140 3877 2224 3944 Τῷ
2250 3877 2634 3949 ἀγαπήσαντι
2663 3879 2844 3950 ἡμᾶς,
2880 3880 2979 3935 καὶ
3021 3882 3317 3937 λούσαντι
3348 3880 3505 3951 ἡμᾶς
3532 3879 3655 3936 ἀπὸ

2061 3971 2181 4024 τῶν
2236 3971 2537 4042 ἁμαρτιῶν
2579 3971 2748 4042 ἡμῶν
2799 3973 2870 4026 ἐν
2916 3973 2998 4040 τῷ
3047 3975 3249 4044 αἵματι
3289 3975 3498 4040 αὑτοῦ,
3553 3972 3655 4028 καὶ

2060 4062 2356 4130 ἐποίησεν
2411 4061 2572 4132 ἡμᾶς
2607 4063 2962 4131 βασιλείαν,
3011 4065 3190 4134 ιερεῐς
3236 4065 3319 4132 τῷ
3378 4065 3500 4132 Θεῷ
3550 4067 3650 4124 καὶ

2060 4154 2159 4209 καὶ
2194 4156 2375 4225 Πατρὶ
2418 4157 2626 4212 αὑτοῦ.
2668 4157 2841 4223 Αὐτῷ
2892 4159 2931 4227 ri
2975 4157 3126 4222 δόξα
3157 4158 3255 4213 καὶ
3300 4159 3369 4214 τὸ
3413 4161 3656 4230 κράτος,

2059 4249 2146 4313 εἰς
2176 4246 2318 4314 τοὺς
2347 4245 2570 4314 αίῶνας
2601 4246 2721 4301 τῶν
2750 4245 3004 4304 αἰώνων.
3050 4249 3258 4318 Ἀμήν.

2132 4340 2594 4411 Δισσογραφεῖται
2661 4339 2824 4394 τοῦτο
2895 4341 3032 4412 πρὸς
3100 4341 3358 4414 διάφορον
3415 4341 3654 4398 ἔννοιαν.

2059 4426 2293 4482 Λούεται
2344 4429 2445 4500 μὲν
2478 4428 2590 4502 γὰρ
2638 4429 2666 4482 6
2695 4430 2794 4494 τὰς
2833 4431 3059 4503 κηλῖδας
3110 4433 3204 4485 καὶ
3244 4431 3371 4495 τοὺς
3427 4431 3651 4498 σπίλους

2061 4520 2594 4592 ἀποκαθαιρόμενος.
2631 4521 2836 4577 Λύεται
2862 4524 2919 4577 δὲ
2944 4527 2972 4578 6
2996 4526 3106 4578 τῶν
3129 4523 3497 4596 ἐγκλημάτων
3522 4526 3651 4578 ἑαυ-

369 4583 534 4639 nibus
567 4583 782 4640 liberat.
815 4585 1265 4647 Subaudiendum
1298 4605 1380 4649 est
1419 4607 1601 4651 autem
1627 4599 1694 4651 ad
1725 4599 1950 4654 verbum

2063 4612 2152 4665 τοῦ
2187 4583 2688 4683 ἀπαλλαττόμενος.
2727 4583 3267 4687 Προσυπακουστέον
3288 4583 3368 4671 ’δὲ
3419 4620 3555 4689 πρὸς
3585 4617 3650 4673 τὸ

248 4689 263 4702 ·
368 4676 513 4744 fecit,
542 4677 702 4747 651
737 4681 845 4749 qui,
889 4682 1148 4739 relativus
1175 4687 1465 4752 articulus,
1510 4697 1568 4743 ut
1610 4689 1682 4744 sit
1713 4706 1947 4748 sensus:

367 4771 462 4840 qui
500 4771 648 4828 fecit.
688 4773 801 4831 Nisi
831 4778 975 4832 enim
1006 4794 1071 4834 eo
1119 4780 1284 4836 modo
1319 4784 1706 4850 subaudiatur,
1729 4799 1952 4858 propter

367 4862 740 4920 soloecismum
784 4870 889 4924 erit
917 4870 1096 4941 inepta
1145 4874 1384 4929 locutio:
1417 4890 1523 4929 non
1573 4891 1704 4947 ergo
1727 4879 1794 4934 ad
1825 4896 1952 4950 pro-

366 4952 608 5022 positum
643 4957 806 5013 dandi
833 4975 964 5016 casu
991 4962 1262 5020 referatur
1293 4966 1505 5035 prolata
1540 4970 1832 5038 sententia,
1855 4976 1948 5030 sed

365 5062 434 5101 ex
465 5057 613 5104 recto
631 5049 1014 5125 subjungatur.
1041 5085 1109 5098 ε-
1135 5059 1255 5113 Alio
1278 5061 1432 5115 modo
1454 5079 1472 5118 :
1499 5061 1800 5136 Proposita:
1821 5082 1950 5122 sen-

366 5141 549 5194 tentia:
581 5143 830 5199 ordinem
877 5149 922 5203 si
958 5149 1084 5221 quis
1114 5160 1172 5205 ut
1211 5163 1428 5221 oportet
1450 5157 1658 5228 absque
1733 5159 1946 5215 defectu

363 5231 648 5305 intelligat,
720 5241 1121 5297 connexiouem
1155 5243 1412 5302 adducet.
1455 5248 1775 5306 Ostenditur
1799 5253 1945 5308 enim

365 5325 470 5381 hoc
503 5343 601 5398 per
653 5331 880 5387 schema
935 5348 1084 5390 nunc
1139 5337 1464 5394 tradendum
1513 5343 1662 5411 quod
1720 5355 1948 5401 vocatur

365 5420 677 5487 ἀλλοίωσις.
723 5423 810 5480 Fit
840 5435 1023 5482 autem
1052 5429 1126 5495 id,
1176 5433 1398 5500 quando
1438 5433 1505 5488 ad
1539 5436 1782 5506 phrasim
1818 5455 1947 5508 pro-

367 5513 600 5580 positam
622 5517 974 5589 subjungitur
999 5526 1268 5578 sententia
1296 5542 1418 5596 quze
1444 5543 1550 5582 non
1577 5529 1948 5588 coincidentcr

365 5606 432 5658 ad
467 5621 530 5660 ea
559 5624 681 5678 quae
734 5628 994 5682 expressa
1028 5628 1155 5672 sunt
1184 5619 1480 5687 profertur,
1512 5623 1607 5677 sed
1656 5624 1723 5678 ad
1757 5626 1951 5681 subsc-

363 5708 621 5767 qurnlem
657 5701 1072 5778 intelligentiam
1121 5722 1511 5768 commutatur.
1568 5717 1847 5787 Siquidem
1879 5719 1947 5772 ad

370 5789 617 5846 dativum
674 5810 863 5851 casum
916 5800 1008 5869 qui
1059 5805 1386 5874 pra‘positus
1432 5805 1619 5862 fuitin
1681 5811 1947 5880 particula

367 5881 620 5940 λούσαντι
652 5888 819 5961 ἡμᾶς,
849 5891 902 5948 id
923 5904 1004 5952 cst
1026 5895 1223 5952 [aranti
1253 5916 1368 5968 nos,
1392 5901 1524 5971 sive,
1559 5903 1796 5974 qnilavit
1825 5920 1946 5970 nos,

2055 4703 2364 4771 ἐποίησεν,
2409 4705 2471 4759 τὸ
2517 4706 2607 4772 ὃς,
2649 4707 2984 4780 ἀναφορικὸν
3025 4709 3250 4780 ἄρθρον,
3299 4711 3386 4765 ἵνα
3433 4706 3488 4785 ᾗ,
3542 4713 3646 4778 Ὃς

2053 4792 2326 4862 ἐποίησε.
2361 4795 2452 4866 Μὴ
2477 4796 2587 4868 γὰρ
2620 4796 2798 4863 οὓτως
2843 4798 3270 4869 ἐξακουομένου,
3318 4802 3408 4856 διὰ
3439 4802 3530 4856 τὸν
3555 4818 3648 4855 σο-

2053 4885 2332 4956 λοικισμὸν
2381 4889 2414 4959 ἠ
2457 4889 2664 4959 φράσις
2700 4891 3164 4962 ἀχρειωθήσεται.
3221 4893 3313 4964 Μὴ
3363 4893 3505 4948 έστω
3552 4892 3648 4947 οὖν

2053 4979 2190 5050 πρὸς
2227 4977 2326 5050 τὴν
2361 4981 2736 5052 προκειμένην
2769 4982 2988 5054 δοτικὴν
3026 4983 3236 5039 πτῶσιν
3269 4985 3645 5057 ἐπιφερομένη

2053 5073 2086 5140 ἡ
2121 5072 2316 5138 ἔννοια,
2352 5072 2467 5127 ἀλλ’
2519 5074 2579 5140 ἐξ
2625 5073 2843 5138 εὐθείας
2884 5077 3228 5148 ἐπαγομένη.
3257 5109 3326 5119 -
3383 5080 3642 5144 ’Λλλωςο

2052 5163 2158 5217 Τοῦ
2193 5166 2558 5237 προκειμένου
2595 5165 2817 5236 ἐδαφὶου
2850 5165 2947 5238 τὴν
2974 5167 3231 5235 σύνταξιν
3264 5170 3414 5233 ὅπως
3437 5170 3642 5238 ὀφείλει

2051 5257 2292 5312 νοεῖσθαι
2341 5256 2680 5323 ἁνελλιπῶς,
2714 5258 2775 5312 τὸ
2835 5258 3095 5330 ἐχόμενον
3129 5263 3498 5333 παραστήσει.
3553 5262 3643 5315 Ἑν

2054 5353 2294 5423 σχήματι
2328 5352 2436 5422 γὰρ
2465 5351 2542 5423 τῷ
2586 5352 2951 5424 ρηθησομένῳ
2979 5353 3353 5425 ἐξενήνεκται,
3387 5355 3417 5409 ὃ
3459 5354 3644 5410 καλεῖ-

2049 5459 2140 5496 ται
2187 5442 2491 5508 ἀλλοίωσις.
2532 5443 2748 5496 Γίνεται
2792 5443 2850 5496 δὲ
2885 5442 3046 5496 τοῦτο
3075 5443 3166 5497 ὅτε
3201 5447 3268 5516 τῇ
3301 5444 3641 5516 προκειμένῃ

2053 5533 2252 5604 φράσει
2305 5534 2338 5604 ἠ
2371 5531 2748 5606 ἐπιφερομένη
2786 5530 2963 5585 ἔννοια
2997 5529 3073 5603 μὴ
3107 5529 3498 5602 ὁμοιοπτώτως
3529 5531 3641 5592 τοῖς

2053 5625 2325 5694 φθάσασιν
2382 5625 2674 5697 ἐπενεχθῇ,
2739 5625 2876 5681 ἀλλὰ
2935 5626 3075 5698 πρὸς
3131 5623 3232 5695 τὴν
3288 5623 3642 5693 ἐπαγομένην

2050 5719 2260 5770 ἔννοιαν
2321 5718 2664 5789 μεταληφθῇ.
2725 5721 2954 5790 Δοτικῆς
3009 5718 3120 5790 γὰρ
3182 5715 3448 5776 πτώσεως
3503 5731 3636 5785 προ-

2053 5808 2352 5879 ληφθείσης
2400 5812 2458 5862 ἐν
2503 5808 2582 5882 τῷ
2609 5853 2624 5875 ,
2676 5813 2972 5867 ,ιούσαντι
3033 5811 3222 5882 ἡμᾶς,
3269 5809 3516 5880 ἐπήγαγε
3554 5806 3638 5873 τδρ

2056 5901 2351 5970 ἐποίησεν
2401 5899 2578 5971 ἡμᾶς,
2632 5903 2990 5971 ἐλλειπτικῶς
3032 5903 3126 5958 τοῦ
3162 5897 3495 5972 ἀναεροοςιικοῦ
3543 5895 3637 5966 ἄρ-
