4034 6586
364 427 473 494 509

1428 433 1816 495 COMMENT.
1862 436 1946 497 IN
1984 435 2513 497 APOCALYPSIN.

3524 433 3627 497 510

363 537 514 606 θρου.
545 532 659 589 Ἦν
710 535 819 607 γὰρ
847 536 905 591 τὸ
938 537 1250 604 ἁνελλειπές
1296 538 1440 594 οὕτω
1464 558 1478 571 ·
1522 541 1608 608 Τῷ
1653 544 1946 597 λούσαντι

2056 543 2409 613 subjuuctum
2445 552 2527 598 est
2567 541 2825 613 ἐποίησεν
2864 543 3048 613 ἡμᾶς,
3090 541 3143 598 id
3191 552 3276 599 est
3321 541 3447 611 fecit
3494 558 3626 605 nos,

360 622 518 694 ἡμᾶς
545 624 616 678 ἐν
646 623 728 691 τῷ
770 627 971 703 αἵματι
1001 628 1212 697 αὐτοῦ,
1259 631 1356 683 καὶ
1406 632 1731 697 ποιήσαντι
1764 631 1942 701 ἡμᾶς.

362 717 482 772 Κᾶν
501 716 600 787 μὲν
619 719 652 789 ἡ
670 718 1041 792 ἐπιφερομένη
1064 722 1242 774 ἔννοια
1275 722 1662 792 όμοιοπτώτως
1682 722 1936 795 ὲπ[εν1ήη

359 825 517 861 νεκτο
542 808 686 863 οὕτω
710 811 1086 884 προαγομένη,
1108 806 1152 882 ᾧ
1185 813 1278 867 καὶ
1301 814 1556 885 ἐποίησεν
1582 817 1753 886 ἡμᾶς,
1789 816 1945 869 οὐδὲν

358 900 453 954 νῦν
482 903 615 973 ἡμῖν
645 903 773 975 περὶ
795 903 987 957 τούτου
1021 904 1318 975 προύκειτο
1343 905 1585 977 ζήτημα.
1627 907 1945 979 Ἐνέργειαν

357 993 409 1046 δέ
442 994 851 1066 ύποστήσαντος
884 996 973 1052 διὰ
1008 998 1127 1065 τοῦ,
1160 998 1433 1066 ἐποίησε,
1470 1000 1738 1071 ῥήματος,
1773 1001 1946 1067 ἀναγ-

358 1085 528 1150 καίως
579 1087 667 1140 ἐπ’
704 1087 919 1142 εὐθεῖαν
967 1089 1176 1144 πτῶσιν
1222 1089 1606 1161 ἀποκλίνομεν,
1658 1090 1751 1144 τὸν
1796 1092 1945 1162 ἐνερ-

358 1175 563 1245 γοῦντα
614 1178 1003 1244 ἐπιποθοῦντες
1056 1179 1272 1253 μαθεῖν.
1332 1179 1538 1235 Τούτου
1596 1182 1653 1235 δὲ
1705 1183 1824 1245 πῶς
1879 1183 1944 1238 ἂν

360 1271 732 1340 ἐτυγχάνομεν
766 1271 842 1345 μὴ
890 1273 992 1343 τῆς
1043 1275 1413 1345 όνομαστικῆς
1463 1273 1725 1339 πτώσεως
1766 1294 1943 1346 παρα·

358 1358 817 1433 λαμῦανομένης;
851 1364 931 1417 Δι’
969 1363 1106 1435 ὅπερ
1135 1364 1196 1418 τὸ
1240 1366 1484 1430 ἐλλειπὲς
1516 1366 1738 1437 ἄρθρον,
1766 1370 1798 1438 ἡ
1829 1368 1942 1421 ovo-

363 1456 600 1529 μαστικὴ
647 1456 830 1511 εὐθεῖα
861 1456 1137 1526 παρέσχεν
1182 1456 1354 1522 οὕτως
1391 1458 1747 1523 ἐξακούεσθαι
1788 1460 1943 1513 ἀνελ-

360 1544 564 1611 λειπῶς
583 1564 596 1577 ·
632 1550 729 1615 Ὃς
758 1545 855 1601 καὶ
883 1546 1171 1615 ἐποίησεν
1197 1548 1355 1618 ἡμᾶς
1377 1550 1726 1615 βασιλείαν,
1756 1552 1940 1618 οἱονεὶ,

370 1639 674 1711 ’Λνήγαγεν
712 1641 859 1719 ἡμᾶς
899 1642 977 1705 εἰς
1021 1639 1289 1710 βασίλειον
1318 1641 1497 1709 δόξαν.
1553 1646 1654 1697 Ἦν
1698 1644 1854 1709 δόξαν
1910 1646 1943 1715 ἡ

358 1730 591 1803 ἐχομένη
622 1730 897 1803 ἐγγραῃος
917 1729 1061 1797 λέξις
1086 1733 1245 1804 ἱκανὴ
1273 1736 1653 1806 παραστῆσαι.

2053 651 2174 690 cum
2207 633 2416 689 defectu
2449 633 2665 687 articuli
2716 633 2947 687 relativi.
2980 635 3204 705 Absque
3237 632 3454 689 defectu
3500 649 3633 688 vero

2052 727 2124 782 ita
2158 726 2395 796 positum
2429 724 2645 787 luisset,
2677 724 2756 791 τῷ
2788 724 3216 796 λούσαντιήμᾶς
3249 729 3307 781 ἐν
3336 727 3413 799 τῷ
3438 729 3633 798 αἵματι

2052 818 2239 886 αὐτοῦ,
2262 818 2355 871 καὶ
2382 819 2670 888 ποιήσαντι
2711 818 2880 887 ἡμᾶς,
2914 833 3107 888 nempe
3154 831 3446 890 utrumque
3488 823 3633 875 dati-

2052 927 2201 966 vum.
2250 908 2405 977 Quod
2462 910 2508 964 si
2562 908 2727 965 etiam
2777 911 3117 979 subsequens
3157 913 3428 966 sententia
3474 914 3633 966 coin-

2053 1004 2295 1059 cidenter
2340 1003 2630 1074 subiuncta
2657 1002 2853 1057 inisset
2896 1003 2949 1056 in
2989 1003 3135 1058 hunc
3165 1004 3387 1058 modmn
3416 1024 3429 1059 :
3459 998 3503 1073 ᾧ
3536 1008 3633 1059 καὶ

2052 1096 2310 1167 ἐποίησεν
2337 1098 2506 1168 ἡμᾶς,
2528 1095 2579 1150 id
2597 1104 2681 1151 est
2708 1111 2802 1159 per
2828 1112 2979 1165 quem
3008 1096 3164 1149 etiam
3195 1097 3317 1165 fecit
3341 1114 3454 1157 nos,
3485 1099 3629 1151 nulla

2053 1197 2181 1241 tunc
2222 1186 2414 1242 fuisset
2440 1189 2601 1243 nobis
2626 1189 2812 1244 relicta
2841 1190 3095 1257 quaestio.
3122 1188 3292 1243 Porro
3348 1190 3625 1243 actionem

2051 1292 2214 1348 quam
2249 1279 2471 1346 protulit
2497 1278 2549 1332 in
2588 1279 2752 1335 verbo
2778 1280 3025 1348 ἐποίησε,
3059 1278 3371 1334 necessario
3388 1280 3633 1334 declina-

2054 1384 2174 1423 nius
2204 1369 2271 1421 ad
2312 1384 2501 1423 casum
2539 1378 2775 1435 rectum,
2828 1370 3045 1425 discere
3078 1371 3363 1441 cupientes
3410 1370 3533 1441 quis
3560 1373 3633 1425 sit

2051 1459 2145 1529 qui
2180 1459 2400 1514 eiliciat.
2453 1461 2508 1514 ld
2540 1469 2722 1515 autem
2756 1464 3035 1531 quomodo
3087 1464 3365 1518 consecuti
3413 1478 3627 1526 sumus,

2053 1550 2159 1606 nisi
2201 1560 2486 1622 assumpto
2538 1552 2853 1608 nominandi
2906 1569 3037 1609 casu
3072 1563 3291 1625 propter
3339 1554 3629 1609 articulum

2052 1644 2142 1713 qui
2178 1643 2404 1699 deerat?
2444 1642 2578 1698 Nam
2620 1645 2724 1699 hoc
2751 1645 2912 1699 modo
2948 1647 3321 1701 nominativus
3361 1655 3543 1702 rectus
3572 1645 3625 1699 id

2051 1734 2228 1791 effecit
2258 1747 2315 1790 ut
2343 1736 2550 1807 absque
2577 1736 2791 1792 defectu
2823 1737 3219 1805 intelligeretur
3239 1737 3297 1800 ὂς
3319 1738 3412 1790 καὶ
3439 1736 3631 1806 ἐποίη-

360 1843 452 1879 σεν
482 1826 632 1895 ἡμᾶς
668 1825 971 1897 βασιλείαν,
1002 1827 1094 1897 qui
1142 1826 1305 1882 etiam
1359 1826 1488 1883 fecit
1537 1845 1640 1886 nos
1689 1845 1937 1902 regnum,

2056 1845 2239 1901 tquam
2296 1831 2577 1887 reduxerit
2614 1846 2716 1887 nos
2775 1833 2845 1886 ad
2898 1831 3103 1901 regiam
3146 1831 3397 1900 gloriam,
3461 1843 3629 1898 quam

359 1921 584 1992 gloriam
619 1937 961 1993 consequens
994 1923 1230 1992 ascripta
1255 1923 1424 1979 dictio
1451 1935 1577 1995 apta
1603 1937 1684 1981 est
1712 1940 2045 1997 proponere.

430 2011 600 2081 Αὐτῷ
632 2016 671 2084 ἡ
716 2015 888 2081 δόξα.
942 2016 1004 2069 Ἢ
1054 2016 1305 2082 σύνταξις
1337 2019 1429 2072 τοῦ
1467 2021 1657 2091 ῥητοῦ,
1693 2022 1801 2075 ἀπὸ
1828 2021 1936 2075 τῶν

2112 2019 2228 2090 Ipsi
2248 2021 2441 2091 gloria.
2474 2019 2622 2076 Ordo
2656 2021 2943 2076 sententiae
2973 2019 3075 2076 ltoe
3106 2019 3270 2074 modo
3302 2033 3333 2074 a
3394 2019 3631 2074 novissi-

359 2106 682 2161 τελευταίων
712 2110 806 2163 ἐπὶ
838 2110 905 2163 τὰ
930 2110 1121 2183 πρῶτα
1153 2112 1437 2165 ἐπάνεισιν
1459 2112 1636 2177 οὕτως
1661 2131 1677 2146 ο
1702 2114 1862 2184 Αύτῷ
1896 2114 1930 2185 ἡ

358 2196 485 2265 δόξα
508 2199 602 2251 καὶ
632 2199 693 2254 τὸ
727 2200 929 2273 κράτος
962 2202 1039 2273 τῷ
1088 2205 1441 2274 ἀγαπήσαντι
1475 2204 1622 2275 ἡμᾶς
1680 2206 1775 2260 καὶ
1811 2205 1935 2259 λού-

364 2308 516 2345 σαντι
547 2292 694 2362 ἡμᾶς
738 2294 797 2346 ἐν
843 2293 920 2365 τῷ
974 2294 1091 2365 ἰδίῳ
1121 2295 1337 2365 αἵματι.
1388 2296 1499 2349 Καὶ
1547 2296 1662 2360 πῶς
1706 2297 1815 2369 γὰρ
1841 2298 1941 2352 οὐκ

361 2384 675 2456 ἠγάπησεν,
702 2385 895 2439 ἑαυτὸν
926 2387 1049 2451 δοὺς
1087 2389 1404 2459 ἀντίλυτρον
1433 2389 1615 2458 ήμῶν,
1647 2389 1723 2453 ὡς
1768 2390 1941 2461 ἀμνὸς

364 2474 743 2544 σςαγιασθεὶς,
776 2478 870 2532 καὶ
906 2478 982 2551 τῷ
1016 2480 1106 2534 διὰ
1140 2479 1376 2551 σταυροῦ
1416 2481 1581 2535 αὐτοῦ
1619 2482 1813 2553 αἵματι
1849 2485 1942 2537 καὶ

363 2565 514 2621 ὕδατι
551 2566 753 2632 λούσας
783 2572 952 2641 ἡμᾶς,
1001 2572 1171 2643 ἤγουν
1198 2573 1452 2645 καθάρας
1496 2574 1587 2627 τὸν
1616 2575 1725 2628 τῶν
1754 2575 1940 2647 όιμαρ⁸

358 2657 491 2712 τιῶν
545 2660 720 2731 ῥύπον
754 2662 910 2733 ὴμῶν
939 2679 953 2727 ;
985 2664 1078 2717 καὶ
1134 2665 1195 2718 ού
1257 2665 1420 2737 μέχρι
1468 2666 1663 2719 τούτου
1720 2667 1819 2737 τὴν
1861 2669 1943 2732 είς

362 2749 514 2819 ἡμᾶς
540 2750 706 2805 αὑτοῦ
744 2754 950 2823 στήσας
982 2754 1325 2825 εὐεργεσίαν,
1360 2756 1498 2810 ἀλλὰ
1533 2756 1628 2810 καὶ
1650 2756 1930 2826 βασιλείαν

363 2842 496 2911 ἡμῖν
528 2840 918 2914 δωρησάμενος
942 2862 956 2911 ;
994 2845 1105 2898 Καὶ
1134 2845 1219 2910 τίς
1240 2847 1273 2917 ἡ
1293 2846 1542 2917 βασιλεία
1566 2863 1582 2912 ;
1616 2847 1788 2919 ὄθενὴ
1817 2848 1945 2913 δόξα

359 2937 393 3003 ἡ
426 2933 644 2989 δοθεῖσα
673 2937 807 3008 ἡμῖν
862 2937 1015 3011 παρὰ
1060 2938 1321 3011 Χριστοῦ,
1368 2939 1460 2995 τοῦ
1515 2940 1767 3010 γενέσθαι
1796 2943 1945 3013 ἡμᾶς

362 3030 532 3099 ιερεῖς
562 3028 655 3082 τοῦ
692 3028 824 3082 Θεοῦ
854 3030 949 3083 καὶ
1002 3036 1291 3103 προφήτας
1314 3073 1330 3098 ,
1365 3033 1494 3098 τοὺς
1536 3033 1691 3087 οὐδὲν
1721 3050 1944 3104 προεισ-

361 3120 688 3188 ενεγκόντας
707 3120 807 3191 τῆς
828 3121 1083 3191 τοιαύτης
1100 3123 1324 3189 ἐπάξιον
1342 3124 1667 3194 ἀγαθοδότου
1686 3125 1779 3179 καὶ
1795 3124 1946 3189 θείας

361 3210 441 3283 τῷ
467 3211 582 3264 δντι
608 3211 837 3283 δωρεᾶς.
885 3213 1004 3283 'Acp'
1054 3206 1129 3267 ὧν
1163 3214 1406 3286 δωρεῶν,
1461 3216 1521 3270 ού
1570 3216 1731 3287 μόνον
1757 3216 1856 3287 τῆς
1887 3218 1946 3270 ἐν

362 3302 443 3374 τῷ
474 3302 703 3374 παρόντι
732 3303 833 3373 βίῳ
871 3304 947 3376 (3)
985 3304 1142 3375 δόξης
1179 3306 1459 3375 ἐπήϐολοι,
1513 3308 1651 3361 ἀλλὰ
1696 3312 1793 3363 καὶ
1845 3309 1947 3380 τῆς

365 3396 669 3466 μελλούσης
705 3398 885 3465 τυχεῖν
913 3395 1195 3461 εὐέλπιδες
1220 3396 1627 3469 καθιστάμεθα.

446 3486 592 3539 Ἰδοὺ
642 3486 876 3555 ἔρχεται
922 3488 1073 3557 μετὰ
1114 3486 1230 3541 τῶν
1264 3489 1557 3558 νεφελῶν,
1600 3490 1698 3544 καὶ
1737 3490 1948 3559 ὄψεται

358 3577 552 3630 αὐτὸν
580 3576 699 3643 πᾶς
733 3580 1064 3647 ὀφθαλμὸς,
1094 3580 1191 3634 καὶ
1234 3582 1455 3646 οἵτινες
1482 3581 1672 3635 αὑτὸν
1710 3581 1949 3647 ἐξεκέν-

362 3686 580 3736 τησαν.
615 3669 723 3725 Καὶ
751 3672 1046 3739 κόψονται
1074 3672 1168 3725 ἐπ’
1204 3673 1396 3727 αὑτὸν
1425 3672 1617 3728 πᾶσαι
1662 3677 1723 3728 al
1757 3674 1948 3743 φυλαὶ

360 3758 477 3828 τῆς
500 3758 631 3829 τῆς.
666 3758 798 3821 Ναὶ,
820 3757 1001 3828 ἀμήν.
1020 3762 1168 3829 Ἐγώ
1188 3764 1302 3831 ειμι
1344 3763 1411 3817 τό
1440 3763 1605 3832 ἄλφα
1656 3764 1755 3818 καὶ
1785 3764 1852 3818 τὸ
1883 3782 1947 3831 ω,

360 3849 525 3918 λέγει
546 3849 762 3917 Κύριος
789 3851 821 3902 ό
854 3850 1020 3914 Θεὸς,
1053 3852 1086 3904 ὁ
1116 3849 1221 3917 ὢν,
1244 3851 1343 3904 καὶ
1371 3854 1404 3905 ό
1432 3847 1529 3921 ἦν,
1566 3851 1667 3905 καὶ
1710 3853 1742 3905 ό
1775 3851 1949 3920 ἐρχό-

357 3958 569 4011 μενος,
602 3943 633 3994 ό
668 3942 1117 4011 παντοκράτωρ.

449 4031 740 4099 Ἐνταῦθα,
779 4034 965 4104 φησὶν,
994 4032 1068 4099 ὡς
1100 4034 1270 4105 ἀμνὸς
1297 4034 1675 4105 σφαγιασθεὶς,
1708 4034 1803 4087 καὶ
1846 4032 1955 4086 ἀπὸ

362 4122 461 4177 τοῦ
496 4124 730 4192 αἵματος
758 4124 922 4179 αὑτοῦ
950 4123 1151 4189 λούσας
1187 4126 1281 4178 καὶ
1309 4126 1589 4189 ἀπολύσας
1641 4125 1799 4195 ἡμᾶς
1840 4125 1951 4176 τῶν

365 4216 677 4287 ἁμαρτιῶν,
710 4215 884 4279 οὕτως
912 4217 1073 4281 «ora;
1103 4217 1407 4281 ἐλεύσεται,
1441 4219 1541 4288 οὐχ
1575 4217 1650 4279 ὠς
1699 4217 1762 4269 τὸ
1802 4216 1955 4286 πρῶ-

366 4329 460 4363 τον
491 4313 550 4364 ἐν
579 4310 916 4381 παραϐύστῳ
943 4312 1035 4366 καὶ
1066 4312 1568 4381 συνεσκιασμένως,
1595 4311 1622 4365 ὃ
1644 4311 1738 4365 καὶ
1769 4312 1796 4363 ό
1821 4326 1955 4380 προς

368 4405 551 4475 φήτης
576 4402 739 4457 Δαυῒδ
782 4404 869 4458 διὰ
906 4406 1006 4475 τῆς
1033 4404 1130 4459 τοῦ
1158 4404 1316 4458 ὑετοῦ
1351 4405 1427 4468 ὡς
1474 4405 1567 4458 ἐπὶ
1618 4406 1788 4457 πόκον
1818 4402 1956 4471 ἀψο-

369 4498 508 4566 φητὶ
561 4497 785 4569 ᾐνίξατο
834 4497 1197 4573 καταϐάσεως,
1233 4539 1249 4563 ,
1314 4498 1450 4552 ἀλλὰ
1522 4496 1807 4569 παρρησία
1863 4495 1958 4549 καὶ

371 4587 628 4657 φανερῶς
650 4590 707 4641 ἐν
728 4590 795 4659 τῇ
835 4591 1076 4660 πατρικῇ
1110 4588 1257 4663 δόξῃ,
1290 4588 1433 4641 ὥστε
1479 4592 1643 4641 παντὶ
1681 4585 1954 4658 ὀφθαλμῷ

2045 2113 2148 2167 mis
2179 2114 2315 2167 redit
2341 2111 2408 2166 ad
2443 2111 2642 2182 prima:
2678 2111 2784 2181 Ipsi
2817 2110 2987 2181 gloria
3015 2119 3070 2164 et
3091 2110 3380 2179 itnperium
3413 2111 3507 2181 qui
3538 2110 3623 2165 di-

2042 2203 2172 2258 lexit
2222 2219 2321 2258 nos
2368 2212 2422 2258 et
2457 2203 2589 2258 lavit
2632 2217 2733 2257 nos
2773 2218 2870 2272 per
2897 2202 3220 2272 sanguinem
3256 2216 3441 2257 suum.
3479 2199 3628 2266 Quo~

2043 2295 2205 2349 modo
2234 2294 2428 2349 enim?
2458 2294 2541 2347 An
2574 2308 2682 2347 non
2718 2294 2909 2348 dilexit
2938 2293 3031 2362 qui
3065 2295 3306 2361 seipsum
3361 2293 3512 2347 dedit
3565 2295 3618 2346 in

2042 2386 2277 2454 pretium
2308 2384 2699 2454 redemptionis
2728 2393 2928 2438 nostra:
2964 2392 3223 2453 tanquam
3256 2398 3439 2452 agnus
3465 2385 3630 2454 jugu-

2044 2477 2209 2540 latus,
2232 2491 2296 2531 ac.
2323 2491 2417 2546 per
2439 2475 2751 2545 passionem
2779 2490 2936 2529 suam
2957 2475 3222 2543 sanguine
3238 2483 3291 2529 et
3319 2490 3461 2544 aqua
3499 2475 3631 2529 lavit

2043 2584 2168 2634 nos,
2209 2568 2327 2623 sive
2357 2567 2669 2637 puriiicavit
2694 2582 2723 2619 a
2748 2565 3004 2620 sordibus
3032 2573 3379 2634 peccatorum
3407 2573 3631 2619 nostro-

2043 2664 2199 2719 rum?
2230 2662 2293 2718 Et
2327 2679 2393 2719 ne
2419 2663 2507 2719 hic
2533 2662 2752 2733 quidem
2780 2660 3090 2717 terminavit
3123 2676 3224 2715 sua
3246 2675 3373 2732 erga
3405 2676 3507 2717 nos
3531 2660 3631 2714 be-

2056 2755 2273 2819 m-iicia,
2291 2755 2385 2809 sed
2416 2768 2642 2823 regnum
2664 2752 2826 2807 nobis
2846 2752 3073 2807 donavit
3099 2752 3345 2820 :etquod
3375 2748 3633 2822 regnum?

2052 2846 2196 2900 unde
2223 2845 2397 2916 gloria
2433 2846 2591 2900 nobis
2617 2844 2744 2899 data
2777 2850 2863 2899 est
2884 2858 2915 2897 a
2942 2843 3191 2906 Christo,
3215 2840 3634 2897 uteiiieeremur

2047 2940 2360 2994 sacerdotes
2400 2937 2491 2992 Dei
2520 2952 2584 2992 ac
2622 2935 2923 3006 prophetaa,
2954 2948 3079 2989 eum
3136 2932 3273 2987 nihil
3330 2932 3631 2987 obtulisse-

2045 3046 2168 3085 mus
2206 3031 2348 3099 quod
2376 3029 2597 3098 dignum
2623 3035 2771 3083 esset
2808 3024 3121 3093 huiusmodi
3168 3023 3457 3095 magniﬁco
3484 3022 3633 3077 dono

2046 3136 2110 3176 ac
2136 3121 2321 3175 divino
2351 3121 2509 3189 plane
2537 3131 2791 3173 munere:
2826 3116 3028 3188 quibus
3066 3115 3226 3172 donis
3248 3130 3360 3169 non
3394 3115 3448 3168 in
3483 3127 3625 3183 prat-

2046 3214 2188 3269 senti
2225 3213 2333 3267 vita
2364 3220 2576 3265 tantum
2608 3210 2849 3265 assecuti
2906 3224 3098 3265 sumus
3146 3208 3400 3280 gloriam,
3455 3207 3547 3261 sed
3579 3214 3637 3259 et

2048 3306 2205 3361 home
2254 3303 2369 3374 spei
2402 3302 2704 3370 reddimur,
2756 3302 2902 3373 quod
2934 3301 3082 3357 illam
3114 3299 3167 3354 in
3221 3298 3407 3354 futuro
3467 3298 3632 3353 etiam

2047 3412 2470 3467 consequemur.

2116 3489 2279 3562 652
2308 3491 2349 3552 l,
2372 3488 2428 3552 7,
2449 3487 2645 3543 8.Ecce
2666 3487 2802 3541 venit
2831 3501 2949 3540 cum
2975 3484 3218 3549 nubibus,
3240 3492 3285 3537 et
3310 3482 3495 3537 videbit
3519 3495 3637 3533 eum

2048 3583 2219 3636 omnis
2246 3581 2451 3645 oculus,
2480 3589 2530 3633 et
2552 3582 2642 3649 qui
2674 3579 2849 3647 ipsum
2888 3582 3331 3645 compunxerunt.
3375 3572 3442 3624 Et
3479 3570 3635 3637 plan-

2048 3681 2163 3744 gent
2184 3688 2339 3742 super
2363 3686 2484 3725 eum
2524 3685 2707 3723 omnes
2760 3668 2933 3721 tribus
2988 3677 3162 3728 terrm.
3211 3663 3415 3723 Etiam,
3449 3661 3635 3713 Amm.

2055 3763 2166 3833 Ego
2194 3778 2311 3819 sunt
2334 3766 2377 3816 Α
2398 3771 2449 3816 et
2477 3761 2539 3824 Ω,
2578 3759 2709 3813 dicit
2740 3757 2998 3812 Dominus
3026 3757 3184 3823 Deus,
3216 3754 3305 3824 qui
3338 3761 3435 3818 est,
3469 3762 3517 3804 et
3548 3750 3638 3821 qui

2052 3866 2187 3922 erat,
2221 3866 2268 3909 et
2299 3854 2389 3925 qui
2409 3854 2570 3918 venit,
2599 3852 2952 3921 omnipotens.

2123 4033 2330 4101 Quihie
2359 4032 2523 4088 veluti
2546 4048 2721 4104 agnus
2743 4030 3031 4102 jugulatus
3059 4036 3165 4092 est,
3198 4027 3396 4097 inquit,
3431 4034 3484 4080 et
3510 4040 3636 4081 san-

2057 4127 2220 4198 guine
2240 4140 2343 4180 suo
2365 4125 2496 4179 lavit
2520 4138 2623 4179 nos
2650 4139 2680 4177 a
2708 4124 2969 4193 peccatis,
2995 4122 3107 4191 ipse
3128 4134 3194 4174 eo
3224 4119 3388 4172 modo
3414 4117 3623 4171 veniet:

2062 4232 2170 4271 non
2216 4214 2680 4286 quemadmodum
2723 4213 2877 4283 prius
2925 4208 3248 4266 abscondite
3277 4216 3371 4260 aut
3402 4207 3638 4267 obtecte,

2059 4311 2208 4382 quod
2235 4310 2400 4365 etiam
2426 4306 2693 4378 propheta
2726 4303 2892 4359 David
2935 4316 3029 4373 per
3063 4299 3392 4354 descensum
3431 4295 3629 4364 pluviae

2061 4420 2226 4473 super
2241 4402 2414 4457 vellus
2433 4401 2473 4431 “
2500 4399 2704 4454 sensim
2730 4408 2783 4452 et
2800 4397 3008 4465 absque
3032 4391 3262 4462 strepitu
3289 4388 3635 4458 designavit:

2061 4496 2159 4554 sed
2191 4496 2369 4565 palam
2406 4508 2473 4547 ac
2503 4490 2793 4545 manifeste
2831 4488 2886 4542 in
2937 4496 3162 4557 paterna
3211 4481 3404 4552 gloria,
3460 4489 3521 4533 ut
3573 4478 3642 4530 ab

2069 4588 2219 4642 omni
2249 4586 2411 4641 oculo
2444 4583 2693 4637 videatur
2755 4578 3001 4635 omnium
3030 4576 3219 4646 judex,
3255 4573 3422 4627 nullis
3450 4584 3643 4625 corru-

371 4672 607 4743 ὀφθῆναι
645 4676 839 4746 κριτὴς
896 4676 1194 4740 ἀδέκαστος
1245 4678 1523 4730 ἁπάντων.
1582 4677 1846 4745 Νεφελῶν
1893 4676 1946 4729 δέ

2083 4688 2208 4748 plus
2239 4675 2581 4731 muneribus.
2612 4671 2848 4726 Nubium
2882 4678 3065 4724 autem
3102 4668 3190 4721 hic
3212 4679 3434 4735 quoque
3462 4677 3646 4717 sermo

370 4766 653 4820 κάνταῦθα
680 4768 856 4836 λόγος,
882 4768 956 4832 ὼς
983 4771 1136 4839 τὶν-τῇ
1162 4769 1270 4823 ἀπὸ
1294 4769 1398 4840 γῆς
1425 4768 1591 4823 αὐτοῦ
1618 4769 1753 4839 πρὸς
1781 4770 1949 4838 οὐρα·-

372 4860 498 4921 νοῦς
529 4857 719 4928 ἀνόδῳ.
758 4859 971 4923 Λουκᾶς
996 4860 1104 4931 γὰρ
1133 4863 1190 4913 ἐν
1220 4862 1336 4921 ταῖς
1370 4860 1609 4929 Πράξεσι
1640 4860 1841 4930 γράφει
1862 4878 1953 4914 νε-

373 4947 547 5018 φέλην
572 4950 662 5003 τὸν
695 4949 902 5021 Κύριον
950 4951 1264 5005 ὑπολαὸεϊν.
1300 4951 1526 5021 Μάρκος
1557 4951 1612 5004 δὲ
1652 4953 1709 5003 ἐν
1744 4950 1822 5021 τῷ
1855 4952 1948 5005 ὑπ’

374 5041 543 5095 αὑτοῦ
574 5046 842 5115 γραφέντι
889 5046 1210 5117 Εὐαγγελίῳ
1250 5047 1343 5098 τὸν
1402 5046 1606 5117 Κύριον
1635 5047 1800 5100 αὐτὸν
1834 5048 1950 5099 είσ-

377 5136 502 5203 άγει
530 5138 661 5206 περὶ
694 5138 890 5191 ἑαυτοῦ
925 5139 1153 5208 λέγοντα
1177 5155 1191 5169 ·
1236 5158 1253 5191 ι
1291 5139 1397 5192 Καὶ
1426 5138 1649 5208 ὄψονται
1674 5139 1769 5192 τὸν
1821 5142 1952 5193 Υἱὶν

377 5228 473 5281 τοῦ
504 5231 791 5301 ἀνθρώπου
822 5232 1119 5304 ἐρχόμενον
1165 5233 1258 5286 ἐπὶ
1288 5231 1397 5286 τῶν
1436 5232 1679 5301 νεφελῶν
1733 5232 1827 5287 τοῦ
1857 5233 1951 5287 οὐ-

383 5319 569 5391 ρανοῦ,
607 5341 625 5375 ι
664 5322 774 5377 τῶν
794 5325 1033 5393 νεφελῶν
1080 5322 1338 5386 ἐνταῦθα,
1384 5322 1493 5376 εἴτε
1520 5322 1607 5375 διὰ
1636 5322 1697 5375 τὸ
1755 5324 1958 5391 κοῦφον

379 5413 481 5476 τὰς
505 5415 834 5485 μεταρσίους
865 5418 958 5470 καὶ
991 5416 1291 5485 ἀγγελικὰς
1322 5414 1627 5485 δηλούντων
1660 5415 1948 5480 δυνάμεις,

379 5503 455 5567 ὡς
490 5506 586 5558 καὶ
615 5506 778 5560 Δαυῖδ
819 5509 846 5561 ό
888 5507 1175 5579 θεοπάτωρ
1226 5510 1284 5561 ἐν
1334 5507 1491 5576 νέφει
1542 5506 1640 5577 τὴν
1698 5506 1956 5559 ἐπίϐασιν

382 5594 535 5669 αῦτῷ
584 5599 661 5670 τῷ
709 5598 837 5667 θείῳ
878 5600 1172 5664 ὑποτιθείς.
1203 5600 1305 5652 Ἢν
1340 5602 1434 5653 καὶ
1473 5600 1600 5663 τοὺς
1650 5598 1811 5662 θείως
1865 5600 1961 5653 καὶ

2062 4772 2141 4837 lit,
2180 4769 2324 4824 sicut
2356 4768 2410 4821 in
2445 4779 2680 4821 ascensu
2709 4763 2885 4832 ipsius
2912 4775 2945 4816 ι
2973 4770 3118 4815 terra
3148 4757 3215 4812 ad
3244 4756 3441 4811 ccelos?
3466 4752 3648 4810 Lucas

2061 4876 2298 4931 namque
2330 4857 2521 4915 scribit
2549 4857 2602 4911 in
2634 4855 2809 4919 Actis,
2841 4853 3041 4908 nubem
3096 4847 3407 4918 suscepisse
3461 4843 3648 4899 Domi-

2062 4970 2190 5009 num
2223 4955 2286 5005 ιη
2312 4951 2529 5006 Marcus
2555 4964 2687 5004 vero
2718 4949 2771 5002 in
2804 4944 3098 5016 Evangelio
3124 4960 3154 4998 a
3178 4958 3239 4998 se
3261 4942 3467 5011 scripto
3490 4938 3650 4993 indu-

2059 5047 2134 5101 cit
2162 5046 2342 5115 ipsum
2373 5042 2667 5097 Dominum
2706 5041 2774 5095 de
2802 5038 2984 5107 seipso
3018 5037 3289 5091 dicentem
3315 5050 3358 5087 ιι
3389 5032 3458 5086 Ει
3490 5030 3641 5083 vide-

2061 5138 2195 5191 bunt
2220 5134 2415 5189 Filium
2443 5132 2681 5187 hominis
2714 5130 3022 5186 venientem
3049 5129 3102 5181 in
3131 5125 3373 5179 nubibus
3394 5121 3539 5176 caeli.
3558 5118 3599 5151 “
3627 5134 3645 5166 ι

2065 5229 2189 5282 Sive
2216 5227 2317 5281 hoc
2345 5226 2467 5280 loco
2495 5224 2668 5279 nubes
2713 5222 2782 5276 ob
2813 5220 3088 5275 levitatem
3122 5215 3437 5285 signiﬁcent
3480 5209 3654 5264 subli-

2066 5336 2182 5375 mes
2211 5329 2264 5375 et
2288 5318 2561 5388 angelicas
2608 5322 2929 5386 potestates,
2961 5305 3424 5381 quemadmodum
3464 5311 3518 5355 et
3560 5300 3649 5352 Dei

2059 5414 2371 5485 progenitor
2385 5412 2552 5467 David
2573 5408 2833 5479 supponit
2852 5406 2952 5491 ipsi
2976 5405 3083 5458 Deo
3103 5413 3388 5456 ascensum
3413 5396 3464 5491 in
3489 5392 3651 5491 nube:

2068 5482 2109 5538 λδ
2140 5482 2235 5561 aut
2262 5506 2424 5561 etiam
2454 5504 2767 5574 signiﬁcent
2797 5482 3046 5555 homines
3073 5494 3260 5549 divino
3287 5505 3353 5544 ac
3378 5482 3645 5556 spirituali

2072 5600 2234 5655 modo
2274 5599 2455 5655 vivere
2474 5596 2761 5668 eligentes,
2791 5592 2859 5649 de
2906 5590 3109 5661 quibus
3147 5585 3291 5641 idem
3329 5593 3546 5653 quoque
3578 5575 3653 5630 ita

455 5737 500 5771 “
529 5738 676 5795 Psal.
717 5756 865 5807 Lxxt,
896 5739 949 5794 6.
1028 5741 1070 5771 "
1097 5740 1215 5795 Act.
1252 5756 1289 5804 ι,
1313 5740 1366 5794 9.
1445 5740 1487 5772 ι³
1508 5740 1671 5797 Marc.
1704 5754 1821 5807 xm,
1844 5739 1932 5795 ‘26.

2085 5737 2229 5796 Psal.
2254 5755 2367 5807 cut,
2402 5738 2453 5792 5.

460 5858 538 5929 (5)
572 5860 681 5931 Τῆς
711 5861 770 5913 ἐν
794 5860 1020 5931 παρόντι
1052 5858 1209 5930 δόξης
1236 5859 1382 5930 vulg.
