4042 6634
338 446 437 515 511

1158 452 1485 514 ARETII/E
1525 455 1904 516 CAESAREzE
1938 452 2423 516 CAPPADOCI/E
2460 451 2805 513 EPISCOPI

3506 454 3612 521 512

337 565 627 635 loquitur:
672 583 691 617 ι
721 565 763 619 Α
798 564 1008 634 fulgore
1057 565 1177 635 ejus
1209 568 1389 624 nubes
1435 570 1777 625 transierunt
1802 572 1867 625 ⁸³.
1899 590 1917 621 ι
1956 613 1962 629 ι

2049 568 2415 641 πνευματικῶς
2443 568 2542 639 ζῇν
2573 567 2865 636 ἑλομένους
2895 564 3217 637 ἀνθρώπους
3251 567 3451 639 δηλῶν,
3480 572 3611 639 ’περί⁵

339 658 407 713 Et
438 658 582 714 filius
609 657 778 715 Amos
829 656 998 713 lsaias
1032 659 1099 713 de
1152 659 1361 715 eisdem
1394 679 1407 715 :
1439 679 1457 712 ι
1494 662 1731 728 Quinam
1791 675 1919 718 sunt

338 750 426 805 isti
448 750 539 818 qui
566 758 625 804 ιιι
642 751 813 805 nubes
831 750 1035 815 volant,
1054 752 1272 821 etquasi
1293 752 1425 823 pulli
1463 754 1771 822 aquilarum
1791 754 1871 807 “‘i
1897 774 1915 805 ι

339 838 698 895 Manifestum
761 841 907 895 enim
957 850 1044 897 est
1097 843 1244 913 quod
1305 844 1373 899 de
1427 844 1511 900 his
1548 844 1779 916 ﬁgurate
1806 845 1923 901 haec

338 931 485 986 dicat
503 932 593 1001 qui
622 932 706 1000 pie
723 932 933 995 vivunt,
954 933 1099 1003 quod
1117 935 1283 988 etiam
1313 936 1488 1005 magis
1505 935 1919 1003 suscipiendum

338 1031 444 1082 est.
481 1024 526 1076 si
559 1037 798 1092 praesens
850 1039 1070 1093 quoque
1115 1024 1320 1080 dictum
1347 1027 1669 1097 conjectura
1700 1030 1922 1099 assequi

352 1130 569 1183 aequum
593 1124 697 1178 est,
727 1130 838 1184 quo
858 1116 1058 1173 dicitur
1079 1116 1243 1184 iudex
1276 1119 1461 1174 venire
1485 1134 1611 1173 cum
1648 1121 1919 1186 nubibus,

342 1222 453 1259 non
484 1216 670 1260 autem
716 1207 838 1261 vehi
870 1223 900 1260 a
945 1208 1219 1264 nubibus:
1278 1210 1368 1264 cui
1414 1209 1721 1266 conformis
1753 1220 1836 1267 est
1868 1220 1925 1267 et

342 1297 570 1362 Paulus,
620 1300 824 1355 docens
872 1315 973 1355 nos
1001 1300 1054 1354 in
1104 1301 1346 1357 nubibus
1386 1303 1679 1373 rapiendos
1709 1303 1925 1359 obviam

342 1390 562 1444 Christo
587 1390 637 1442 in
670 1405 821 1456 aera,
847 1406 941 1447 eos
967 1407 1204 1462 namque
1230 1394 1323 1463 qui
1350 1394 1506 1464 juxta
1538 1394 1697 1450 Pauli
1724 1396 1927 1451 doctri-

343 1495 471 1534 nam
527 1481 798 1546 vixerunt,
846 1493 907 1538 ut
931 1499 1149 1555 semper
1180 1500 1305 1540 cum
1340 1485 1571 1542 Domino
1612 1489 1740 1543 sint.
1772 1487 1926 1554 Quod

344 1571 390 1624 si
422 1571 585 1626 etiam
618 1572 896 1643 aliquibus
942 1575 1141 1630 melius
1181 1576 1435 1632 videatur
1464 1588 1521 1633 ut
1577 1595 1703 1633 vere
1758 1579 1930 1633 nubes

345 1662 568 1730 fuerint,
607 1666 798 1735 quales
851 1666 1024 1723 fuisse
1049 1667 1300 1722 feruntur
1332 1686 1455 1739 qua:
1489 1670 1543 1724 in
1579 1681 1762 1726 monte
1790 1670 1933 1724 Tha-

347 1757 447 1812 bor
484 1756 771 1813 Dominum
808 1759 1092 1829 ipsiusque
1122 1761 1423 1832 discipulos
1451 1763 1811 1819 obumbrasse
1840 1764 1928 1817 di-

2021 659 2098 719 ὧν
2124 664 2218 719 καί⁵
2248 665 2276 717 ό
2309 661 2471 725 αὐτὸς
2501 660 2676 723 οὕτως
2710 658 2898 729 φησίνο
2948 677 2966 710 ι
3017 659 3151 712 Ἀπδ
3199 660 3297 729 τῆς
3328 661 3608 733 τηλαυγὴ-

2023 774 2161 821 σεως
2188 752 2352 810 αὑτοῦ
2374 752 2452 808 ἀί
2484 752 2709 820 νεφέλαι
2736 751 2974 822 διῆλθον.
3016 770 3033 803 r
3067 752 3177 806 Καὶ
3224 752 3253 805 ὁ
3300 753 3481 823 Ἀμὼς
3511 756 3607 808 καὶ

2036 850 2269 912 Ἡσαΐας
2302 846 2431 917 περὶ
2481 843 2688 899 αὐτῶνθ
2727 862 2746 896 ι
2785 843 2944 905 Τίνες
2972 842 3081 895 οἵδε
3129 841 3204 906 ὡς
3232 843 3458 911 νεφέλαι
3504 845 3608 896 πέ-

2021 956 2210 994 τανται
2246 938 2340 991 καὶ
2362 936 2435 999 ὡς
2468 935 2683 989 νεοσσοὶ
2712 935 2926 998 άετῶν;
2967 954 2984 985 ι
3023 934 3192 1004 Δῆλον
3231 934 3340 1005 γάρ
3369 935 3445 998 ὡς
3476 936 3608 1008 περὶ

2023 1034 2131 1087 τῶν
2163 1030 2425 1099 θεοφιλῶς
2464 1027 2728 1099 βιούντων
2757 1026 2940 1081 ταῦτά
2965 1044 3097 1097 φησι
3130 1028 3427 1096 τροπικῶς,
3450 1028 3479 1081 ὂ
3515 1028 3612 1084 καὶ

2029 1126 2229 1197 μᾶλλον
2260 1121 2654 1193 παραδεκτέον,
2677 1120 2792 1189 εἴγε
2843 1119 2939 1173 καὶ
2992 1122 3054 1173 τὴ
3087 1123 3262 1192 παρὸν
3298 1121 3483 1175 ἰκανὸν
3523 1138 3613 1175 τε·

2032 1217 2359 1289 κμηριῶσαι
2390 1215 2574 1286 ῥητὸν,
2610 1214 2747 1283 μετὰ
2782 1212 2889 1265 τῶν
2914 1212 3152 1282 νεφελῶν
3197 1214 3405 1281 φάσκον
3455 1213 3614 1286 ἔρχε-
3662 1232 3663 1235 ‘

2029 1310 2156 1364 σθαι
2186 1308 2281 1363 τὸν
2304 1306 2536 1379 Κριτὴν,
2571 1305 2687 1359 ἀλλ’
2710 1305 2809 1375 οὐχ
2850 1304 2958 1357 ὑπὸ
2978 1305 3085 1357 τῶν
3109 1305 3349 1373 νεφελῶν
3380 1304 3615 1373 ἐποχού-

2032 1416 2208 1471 μενον.
2232 1390 2302 1467 ᾯ
2336 1396 2429 1449 καὶ
2453 1394 2666 1458 Παῦλος
2715 1393 2954 1464 συνᾴδει,
3004 1392 3432 1464 ἁρπαγήσεσθαι
3463 1395 3612 1465 ἡμᾶς

2029 1487 2301 1560 ἐμπεδῶν,
2334 1489 2412 1551 εἰς
2444 1486 2757 1554 ἀπάντησιν
2802 1484 2897 1537 τοῦ
2936 1482 3144 1554 Κυρίου
3188 1484 3268 1547 εἰς
3296 1482 3457 1554 ἀέρα,
3490 1485 3617 1547 τοὺς

2028 1581 2169 1635 κατά
2196 1578 2406 1634 Παῦλον
2438 1576 2640 1646 δηλαδὴ
2664 1575 3018 1646 βεϐιωκότας,
3068 1572 3163 1627 τοῦ
3208 1574 3442 1629 πάντοτε
3474 1593 3608 1630 συν-

2029 1675 2168 1726 εἶναι
2218 1659 2426 1742 Κυρίῳ.
2479 1670 2541 1723 Εἰ
2606 1669 2663 1722 δὲ
2699 1668 2793 1722 καὶ
2828 1667 3058 1735 νεφέλας
3081 1666 3158 1737 τῷ
3186 1666 3298 1719 δντι
3332 1668 3474 1720 νοεῖν
3505 1666 3618 1720 τισὶ

2033 1765 2245 1836 βέλτιον
2273 1763 2422 1816 δοκεῖ
2444 1760 2704 1823 τοιαύτας
2741 1758 2862 1821 οἵας
2893 1758 2987 1811 καὶ
3018 1759 3075 1810 ἐν
3116 1756 3193 1827 τῷ
3243 1755 3444 1827 Θαϐὼρ
3495 1756 3612 1827 ὄρει

348 1857 568 1909 cunlur,
602 1850 734 1904 nihil
768 1852 835 1905 ob
864 1850 979 1906 haec
1010 1861 1221 1920 oportet
1247 1854 1598 1909 contendere.
1626 1853 1929 1909 Venturum

2049 1853 2273 1923 αλύψαι
2310 1852 2402 1905 τὸν
2439 1848 2648 1921 Κύριον
2674 1848 2767 1902 καὶ
2797 1848 2924 1910 τοὺς
2953 1846 3119 1902 αὐτοῦ
3170 1847 3420 1917 μαθητάς
3454 1849 3483 1900 ὁ
3522 1847 3613 1901 λό-

351 1950 536 1995 autem
574 1941 704 1997 dicit
731 1943 821 1997 tali
859 1943 1028 2012 gloria
1058 1944 1342 1998 Dominum
1374 1954 1434 1998 ut
1467 1945 1535 1999 ab
1574 1946 1722 2000 omni
1770 1946 1931 2001 oculo

2049 1965 2129 2016 ro;
2164 1922 2400 2017 θρυλλεῖ,
2433 1944 2585 1997 οὐδὲν
2618 1943 2745 2012 περὶ
2778 1941 2988 1995 τούτων
3018 1940 3316 1994 διοίσεσθαι
3346 1940 3447 1994 δεῖ.
3492 1941 3617 2013 Ἑρ-

348 2034 617 2093 videatur,
648 2043 700 2088 et
723 2035 790 2087 ab
808 2034 893 2090 his
919 2035 1013 2103 qui
1050 2036 1219 2103 ipsius
1243 2036 1534 2091 adventum
1559 2036 1787 2092 fideliter
1804 2052 1930 2108 spe-

350 2133 493 2191 rant,
521 2124 682 2195 653
706 2133 760 2179 et
782 2126 850 2179 ab
870 2126 980 2181 illis
999 2128 1091 2196 qui
1113 2136 1307 2196 pra’ter
1329 2143 1479 2197 spem
1503 2128 1572 2183 ab
1596 2128 1687 2184 illo
1705 2128 1937 2183 cireum-

350 2215 627 2269 dahuntur
665 2232 943 2285 :quorum
984 2216 1108 2272 illos
1132 2217 1354 2287 quidem
1394 2216 1642 2273 futurum
1694 2229 1777 2273 est
1808 2218 1936 2273 inde

349 2308 655 2372 laetaturas,
688 2307 823 2362 istos
842 2322 970 2362 vero
997 2308 1223 2363 omnino
1254 2308 1592 2377 planeturos.
1621 2308 1789 2362 Porro
1813 2308 1938 2364 illos

350 2400 887 2470 dieitcompunxisse
911 2415 1035 2455 eum
1069 2400 1162 2470 qui
1196 2400 1249 2454 in
1270 2400 1454 2455 crucis
1474 2401 1732 2469 passione
1761 2400 1936 2455 clavis

351 2502 407 2550 et
435 2493 624 2548 lancea
657 2508 781 2547 eum
810 2492 1258 2557 vulneraverunt,
1298 2502 1353 2549 et
1404 2508 1501 2549 eos
1529 2492 1623 2563 qui
1654 2508 1761 2548 una
1798 2508 1923 2547 cum

356 2584 494 2651 ipsis
522 2591 575 2638 et
601 2595 826 2654 propter
860 2583 981 2638 illos
1013 2584 1318 2639 convitiose
1356 2583 1409 2637 in
1465 2598 1589 2638 eum
1624 2583 1930 2638 irruebant.

355 2676 527 2732 Porro
575 2677 731 2731 adea
778 2690 900 2746 qua:
942 2675 1087 2731 dicta
1138 2685 1269 2730 sunt
1306 2674 1677 2729 testimonium
1734 2673 1941 2728 addens

359 2769 660 2835 firmitatis,
690 2769 860 2824 veluti
891 2768 1130 2838 sigillum
1164 2767 1432 2835 adjuuxit,
1482 2765 1716 2821 dicendo
1758 2763 1943 2817 Etiam

356 2866 411 2913 et
433 2858 639 2913 Amen:
669 2867 729 2914 ut
760 2875 825 2914 ex
859 2858 1175 2914 Graecorum
1211 2857 1609 2913 consuetudine
1636 2856 1805 2920 vai,id
1835 2864 1940 2919 est,

357 2951 547 3017 etiam,
574 2951 848 3007 dictorum
882 2950 1383 3004 immutabilitatem
1436 2957 1627 3003 exacte
1673 2948 1941 3002 absolvat.

356 3041 522 3096 Amen
559 3056 692 3098 vero
723 3042 863 3113 apud
890 3029 1148 3098 ilebrmos
1178 3041 1551 3113 subjungitur,
1580 3042 1646 3096 ad
1676 3041 1947 3096 denotan-

360 3136 492 3189 dum
536 3135 680 3205 quod
709 3136 843 3190 nihil
879 3143 1058 3206 potest
1112 3135 1557 3205 impedimentum
1587 3144 1845 3204 praestare
1880 3152 1947 3189 ne

362 3226 689 3295 contingant
713 3241 834 3296 qua:
867 3229 1127 3282 conclusa
1161 3235 1313 3282 sunt.

437 3316 542 3383 Qui
552 3324 628 3370 est
648 3326 697 3371 et
716 3319 805 3387 qui
824 3327 939 3371 erat
959 3327 1008 3372 et
1033 3317 1124 3388 qui
1151 3319 1312 3383 venit,
1338 3318 1684 3388 omnipotens.
1699 3318 1872 3385 Quem
1891 3316 1946 3371 in

369 3402 749 3471 superioribus
772 3404 932 3469 dixit,
961 3404 1064 3469 Qui
1095 3415 1193 3471 est,
1214 3416 1262 3459 et
1302 3408 1393 3475 qui
1421 3418 1558 3472 erat,
1594 3416 1642 3461 et
1673 3408 1764 3476 qui
1793 3407 1951 3474 venit,

366 3504 421 3549 et
445 3508 590 3549 nunc
602 3510 819 3565 quoque
837 3504 994 3550 vocat
1013 3497 1421 3567 omnipotentem
1437 3514 1454 3552 :
1476 3512 1635 3566 quem
1657 3499 1824 3554 etiam
1843 3513 1952 3552 non

370 3585 538 3639 alium
574 3601 696 3642 esse
748 3603 912 3658 quam
950 3586 1229 3643 Christum
1257 3590 1639 3645 ostendimus:
1680 3599 1956 3659 quatenus

370 3691 436 3731 ea
462 3691 585 3745 quae
613 3677 797 3731 divino
818 3679 1005 3744 modo,
1032 3678 1099 3733 de
1115 3692 1181 3733 eo
1196 3679 1341 3748 quod
1377 3694 1504 3734 vere
1534 3680 1958 3749 supersubstan—

371 3767 569 3821 tialiter
599 3778 684 3825 est
717 3770 771 3825 in
804 3771 990 3825 divina
1056 3770 1345 3838 Trinitate,
1394 3772 1671 3835 dicuntur,
1712 3771 1798 3842 pie
1832 3787 1958 3842 pos-

371 3867 500 3911 sunt
540 3859 849 3916 indistincte
894 3863 1142 3928 attribui,
1181 3878 1511 3933 rursumque
1565 3864 1739 3919 cuivis
1771 3879 1960 3934 perso«

372 3966 570 4006 narum
632 3954 840 4022 absque
890 3955 998 4009 ulla
1051 3955 1331 4026 impietate
1371 3955 1708 4026 appropriari
1761 3956 1959 4012 :hunc

374 4045 628 4100 eumdem
683 4062 903 4102 rursum
954 4047 1188 4113 inducit,
1250 4057 1537 4118 postquam
1599 4048 1956 4105 novissimum

374 4153 535 4193 suum
586 4140 883 4195 adventum
920 4141 1248 4211 significavit
1276 4140 1379 4211 ipsi
1414 4139 1683 4205 futurum,
1706 4139 1959 4196 modum-

373 4247 481 4303 que
514 4249 621 4299 quo
652 4232 741 4289 hic
770 4233 990 4289 futurus
1011 4243 1115 4299 est,
1144 4235 1310 4289 etiam
1348 4234 1461 4290 hate
1485 4235 1843 4290 indicantem.

446 4324 561 4396 Ego
597 4343 715 4380 sum
740 4329 786 4380 A
817 4327 955 4382 etQ.
985 4326 1052 4391 A,
1085 4326 1153 4381 ab
1181 4341 1246 4382 eo
1276 4326 1425 4397 quod
1455 4326 1785 4397 principium
1840 4326 1912 4381 sit
1943 4343 1958 4381 :

374 4420 646 4490 siquidem
674 4422 718 4473 Α
736 4435 955 4491 quoque
993 4419 1207 4473 initium
1230 4429 1313 4473 est
1342 4418 1395 4472 in
1421 4418 1693 4487 scriptura
1720 4417 1964 4471 elemen-

375 4523 593 4568 torum:
616 4532 681 4579 ω,
701 4525 920 4582 propter
944 4511 1105 4566 finem
1129 4511 1473 4566 earumdem.
1493 4509 1831 4578 Principium
1863 4524 1962 4561 au-

2034 2040 2263 2109 χόμενον
2296 2037 2351 2090 δὲ
2384 2037 2474 2089 τὸν
2504 2035 2707 2104 Κύριον
2738 2032 2863 2104 δόξῃ
2895 2032 3150 2104 τοιαύτῃ,
3183 2032 3419 2101 ὀφθῆναί
3447 2049 3617 2102 φησιν

2036 2131 2141 2185 ὑπὸ
2162 2129 2362 2191 παντὸς
2382 2125 2688 2197 ὀφθαλμοῦ,
2720 2125 2815 2179 καὶ
2847 2124 2956 2178 τῶν
2980 2125 3079 2195 τὴν
3111 2124 3420 2195 παρουσίαν
3450 2123 3619 2177 αὑτοῦ

2038 2223 2246 2285 πιστῶς
2301 2220 2657 2281 ἐλπισάντων,
2716 2218 2813 2271 καὶ
2866 2216 2976 2270 τῶν
3028 2216 3124 2269 ἀπ’
3177 2216 3393 2280 ἐλπίδος
3447 2215 3619 2287 αὐτὴν

2039 2316 2304 2387 θεμένων,
2342 2309 2416 2369 ὧν
2444 2313 2569 2376 τοὺς
2604 2312 2702 2382 μὲν
2731 2308 3125 2380 εὐφρανθῆναι,
3175 2309 3303 2372 τοὺς
3349 2308 3407 2362 δὲ
3458 2304 3622 2374 adiic-

2042 2410 2164 2463 σθαι
2204 2406 2475 2476 παγγενῆ.
2529 2405 2669 2468 Τοὺς
2725 2403 2782 2456 δὲ
2831 2401 3268 2471 ἐκκεντήσαντας
3301 2400 3448 2469 λέγει
3494 2400 3623 2462 τοὺς

2042 2502 2185 2555 κατὰ
2233 2499 2293 2553 τὺ
2321 2498 2620 2567 σταυρικὸν
2673 2492 2840 2549 αὑτοῦ
2885 2492 3057 2556 πάθος
3107 2491 3260 2562 ῆλοις
3307 2508 3366 2544 τε
3409 2490 3507 2543 καὶ
3549 2492 3616 2561 τῇ

2042 2594 2209 2665 λόγχῃ
2238 2592 2561 2663 τρώσαντας
2594 2589 2780 2652 αὑτὸν,
2818 2586 2911 2640 καὶ
2947 2584 3044 2638 σὺν
3082 2582 3317 2648 τούτοις,
3366 2581 3491 2645 τοὺς
3520 2582 3621 2636 ἀπ’

2044 2685 2269 2739 ἐκείνων
2304 2682 2643 2753 βλασφήμως
2671 2678 2821 2749 αὐτῷ
2848 2674 3284 2748 ἐπιτιθεμένους.
3316 2674 3540 2736 Τούτοις
3565 2673 3624 2726 δὲ

2044 2781 2155 2842 τοῖς
2185 2776 2499 2847 εἰρημένοις
2525 2772 2586 2826 τὸ
2635 2771 2857 2843 βέϐαιον
2886 2766 3306 2841 ἐπιμαρτυρῶν,
3342 2765 3625 2835 ἐπεσφρά-

2045 2888 2166 2939 γισε
2199 2870 2286 2923 διὰ
2313 2867 2406 2922 τοῦ
2430 2868 2623 2931 εἰπεῖν,
2645 2864 2753 2919 Ναὶ
2787 2864 2902 2927 καὶ,
2937 2860 3133 2930 Ἀμήν.
3148 2859 3256 2913 Τοῦ
3286 2859 3384 2913 ναὶ
3416 2859 3537 2928 μὲν,
3566 2858 3631 2926 ἐξ

2059 2960 2381 3031 Ἑλληνικῆς
2412 2956 2699 3029 συνηθείας
2733 2956 2792 3008 τδ
2826 2954 3226 3024 ἀμετάπτωτον
3255 2950 3365 3004 τῶν
3400 2950 3629 3021 εἰρημέ-

2048 3072 2155 3109 νων
2184 3052 2598 3125 ἐξακριϐοῦντος
2617 3065 2630 3081 ’
2655 3047 2749 3102 τοῦ
2777 3045 3047 3115 δὲἈμὴν,
3082 3045 3215 3115 παρ’
3248 3042 3521 3113 Ἑϐραίοις
3549 3043 3630 3105 εἰς

2049 3148 2111 3202 τὸ
2143 3147 2313 3219 μηδὲν
2352 3146 2419 3199 ἂν
2450 3141 2708 3213 γενέσθαι
2744 3136 2999 3211 ἐμποδὼν
3030 3136 3106 3207 μὴ
3129 3135 3358 3207 ἐκϐῆναι
3385 3133 3452 3189 τά
3472 3134 3632 3205 ἠπειο

1975 3267 2017 3324 C
2052 3241 2120 3311 λη
2129 3240 2288 3310 μένα,
2318 3235 2684 3324 ἐπαγομένου.

2138 3332 2200 3385 '0
2225 3330 2328 3393 ὢν,
2363 3328 2459 3381 καὶ
2498 3330 2530 3381 ό
2550 3322 2646 3395 ἦν,
2679 3322 2775 3377 καὶ
2803 3323 2836 3376 ό
2862 3321 3205 3390 ἐρχόμενος,
3230 3321 3264 3373 ό
3288 3316 3631 3387 παντοκρά-

2054 3441 2190 3492 τωρ.
2228 3424 2325 3474 Ὃν
2354 3420 2543 3489 εῑρηκε
2572 3414 2851 3485 ἀνωτέρω,
2896 3412 2958 3465 '0
2985 3410 3099 3479 ὢν,
3135 3411 3233 3465 καὶ
3265 3412 3299 3464 ὁ
3326 3406 3425 3480 ἦν,
3453 3408 3551 3462 καί
3599 3410 3634 3462 ό

2054 3513 2398 3581 ἐρχόμενος,
2428 3508 2524 3561 καὶ
2550 3509 2583 3561 ό
2618 3500 3063 3570 παντοκράτωρ,
3098 3501 3157 3555 δν
3190 3499 3285 3554 καὶ
3322 3503 3422 3554 οὐκ
3470 3498 3632 3553 ἄλλον

2056 3604 2204 3677 ῆτδν
2240 3600 2474 3671 Χριστὸν
2519 3595 2658 3651 εἶναι
2704 3598 3044 3668 ἐδείκνυμεν.
3079 3595 3205 3648 καθ’
3239 3596 3364 3649 ὅσον
3394 3592 3464 3646 τά
3514 3591 3635 3644 θεο-

2059 3697 2285 3770 πρεπῶς
2311 3694 2402 3747 ἐπὶ
2430 3690 2523 3745 τοῦ
2564 3691 2905 3762 ύπερουσίως
2947 3691 3100 3755 ϐντος
3130 3691 3188 3744 ἐν
3225 3691 3293 3759 τῇ
3323 3686 3517 3759 Τριάδι
3541 3684 3635 3739 ite-

2058 3789 2284 3859 γόμενα,
2315 3786 2385 3839 τὰ
2416 3785 2554 3838 αύτά
2587 3782 2749 3836 πάλιν
2778 3782 3149 3844 ἀδιαστάλτως
3187 3781 3279 3834 καὶ
3345 3777 3469 3834 καθ’
3496 3776 3632 3830 ἐκά-

2060 3896 2192 3950 στης
2219 3876 2570 3948 ἐναρμόττειν
2590 3875 2698 3928 τῶν
2717 3873 3092 3934 ὑποστάσεων,
3119 3870 3363 3935 εὐσεϐὲς,
3390 3868 3509 3924 ἀλλ’
3534 3868 3645 3924 οὑκ.

2060 3973 2275 4035 ἀσεϐὲς,
2321 3970 2511 4024 τοῦτον
2564 3967 2728 4022 αὑτὸν
2783 3962 2941 4030 αὖθις
3000 3965 3216 4034 εἰσάγει
3248 3962 3385 4033 μετὰ
3428 3961 3491 4016 τὸ
3534 3958 3642 4032 τὴν

2059 4064 2293 4134 ἐσχάτην
2328 4061 2611 4117 ἐπέλευσιν
2641 4059 2806 4114 αὑτοῦ
2837 4059 3103 4130 γνωρίσαι
3127 4056 3309 4126 αὐτῷ,
3344 4054 3440 4109 καὶ
3488 4054 3645 4117 ὅπως

2061 4159 2200 4229 αῦτη
2238 4157 2412 4224 ἔσται,
2449 4156 2530 4210 ἔτι
2552 4156 2649 4209 καὶ
2678 4153 2856 4208 ταῦτα
2883 4152 3248 4224 γνωρίσαντα.

2145 4335 2291 4405 Ἔγιὶ)
2316 4337 2431 4405 ειμι
2462 4334 2529 4387 τό
2556 4334 2725 4402 ἄλφα
2745 4331 2935 4387 καὶτὸ
2962 4348 3030 4386 ω.
3058 4331 3242 4397 ’Ἄλφα
3269 4329 3357 4383 διά
3380 4328 3440 4382 τδ
3463 4326 3643 4400 ἀρχὴν,

2063 4421 2222 4491 εἶναι,
2252 4426 2334 4477 ότι
2372 4423 2466 4476 καὶ
2488 4422 2555 4476 τὸ
2582 4421 2747 4491 ἄλφα
2782 4421 2925 4493 ἀρχὴ
2948 4421 3056 4474 τῶν
3079 4421 3135 4472 ἐν
3164 4419 3454 4490 γράμματι
3494 4436 3638 4471 στοι-

2063 4515 2247 4587 χείων,
2291 4531 2340 4566 ω
2369 4513 2455 4566 διὰ
2497 4513 2556 4566 τὸ
2590 4513 2741 4576 τέλος
2790 4512 2900 4566 τῶν
2932 4512 3134 4566 αὐτῶν.
3193 4511 3393 4585 ’Δρχὴν
3438 4511 3495 4565 δὲ
3543 4508 3646 4564 καὶ

376 4614 485 4659 tem
520 4613 576 4658 et
612 4604 774 4656 linem
806 4602 929 4672 quis
958 4616 1067 4655 non
1107 4601 1371 4671 intelliget
1396 4597 1698 4669 signiﬁcari
1724 4612 1822 4667 per
1856 4597 1960 4652 hoc

2064 4606 2216 4669 τέλος
2254 4605 2338 4668 τίς
2367 4605 2467 4658 οὐκ
2518 4604 2584 4658 ἂν
2610 4604 2857 4675 ὲννοήσοι
2882 4604 2943 4657 τὸ
2987 4602 3221 4669 πρῶτος
3276 4600 3652 4671 σημαίνεσθαι.

375 4698 521 4769 quod
541 4698 742 4753 dicitur
754 4698 956 4766 primus
971 4710 1034 4750 ac
1045 4708 1362 4765 postremus.
1380 4691 1480 4745 Per
1496 4691 1599 4745 hoc
1614 4699 1797 4745 autem
1816 4691 1962 4761 quod

377 4794 457 4846 ait
492 4788 727 4853 Primus,
755 4787 1080 4859 intelligitur
1106 4802 1216 4841 non
1253 4784 1453 4839 habere
1491 4782 1731 4849 initium,
1771 4798 1964 4853 quem-

375 4884 669 4939 admodum
701 4881 864 4937 etiam
896 4895 992 4950 per
1030 4879 1138 4934 hoc
1173 4877 1323 4948 quod
1357 4876 1435 4930 ait
1482 4874 1812 4942 Postremus,
1864 4891 1961 4931 ca-

378 4980 515 5041 rere;
549 4974 673 5029 fine.
728 4974 1001 5040 Quoniam
1030 4971 1176 5027 enim
1229 4968 1372 5039 apud
1412 4967 1664 5024 homines
1693 4984 1801 5024 non
1829 4984 1967 5024 con-

381 5072 619 5143 tingitut
648 5069 856 5142 aliquid
888 5069 1045 5125 initio
1069 5074 1257 5123 careat
1286 5081 1351 5122 ac
1383 5066 1510 5131 fine,
1544 5079 1678 5120 usus
1704 5061 1961 5132 estprin-

380 5167 524 5235 cipio
550 5180 613 5221 ac
673 5164 777 5220 fine
800 5178 923 5235 quae
970 5161 1114 5232 apud
1158 5174 1262 5216 nos
1306 5166 1456 5224 sunt,
1491 5172 1588 5227 pro
1617 5171 1681 5212 eo
1710 5155 1852 5227 quod
1881 5164 1965 5210 est

384 5259 507 5314 sine
568 5257 727 5313 initio
811 5272 877 5312 ac
913 5256 1043 5317 line,
1096 5253 1202 5308 hoc
1274 5260 1379 5317 est,
1453 5260 1768 5321 perpetuus.
1829 5246 1955 5303 Haec

380 5355 546 5406 etiam
641 5368 735 5422 per
836 5349 1037 5404 lsaiam
1123 5344 1323 5401 dixit:
1391 5360 1411 5395 ι
1493 5342 1605 5412 Ego
1695 5342 1963 5397 Dominus

387 5444 525 5500 Deus
574 5444 805 5515 primus,
855 5456 955 5511 ego
997 5440 1161 5496 etiam
1213 5449 1333 5509 post
1383 5439 1622 5505 mem":
1658 5437 1722 5492 Et
1745 5451 1812 5493 ne
1840 5437 1965 5506 quis

384 5536 715 5606 principium
755 5551 821 5590 ex
882 5549 991 5587 non
1038 5531 1259 5588 cutibus
1308 5529 1581 5586 introduci
1627 5530 1962 5601 suspicetur.

385 5629 667 5696 subjungit
685 5642 832 5681 nunc
854 5627 1075 5691 Quiest,
1104 5635 1151 5679 et
1187 5625 1275 5695 qui
1300 5633 1437 5689 erat,
1456 5634 1503 5678 et
1527 5623 1617 5694 qui
1648 5624 1806 5677 venit.
1826 5622 1966 5689 Quid

390 5727 572 5776 autem
608 5719 723 5773 hrec
749 5718 853 5773 sibi
888 5718 1056 5773 velint
1089 5716 1299 5772 dictum
1332 5724 1417 5772 est
1468 5730 1663 5786 nempe
1692 5713 1839 5784 quod
1873 5728 1970 5769 vc-

468 5898 509 5931 "
535 5894 678 5952 Psal.
704 5911 835 5961 xvu,
872 5897 956 5953 l2.
1037 5897 1081 5929 ¹⁸
1122 5894 1223 5951 fsa.
1264 5910 1353 5962 ιχ,
1387 5894 1439 5959 8,
1519 5893 1561 5925 ⁸⁷
1593 5891 1698 5948 isa.
1736 5906 1881 5956 των,
1915 5887 1967 5943 6.

2068 4700 2164 4754 καὶ
2207 4698 2269 4752 τὸ
2304 4697 2593 4768 ἔσχατος-ξ
2643 4696 2733 4750 διὰ
2764 4694 2859 4748 τοῦ
2903 4694 3134 4765 πρῶτος
3164 4695 3241 4758 δὲ,
3282 4695 3342 4747 τὸ
3382 4694 3644 4762 ἄναρχος

2070 4792 2351 4852 ἐννοεῖται,
2378 4789 2453 4853 ὡς
2488 4790 2580 4842 καὶ
2609 4787 2700 4841 διὰ
2720 4786 2813 4841 τοῦ
2844 4786 3110 4856 ἐσχάτου
3137 4788 3196 4840 τὸ
3218 4786 3631 4853 ἁτελεύτητος.

2081 4882 2297 4954 Ἐπειδὴ
2331 4882 2439 4954 γάρ
2491 4882 2593 4935 οὐκ
2638 4882 2755 4933 ἐστι
2783 4881 2933 4948 παρᾶ
2981 4878 3293 4952 ἀνθρώποις
3335 4877 3571 4946 ἀναρχόν
3591 4892 3645 4931 τι

2072 4976 2167 5031 καὶ
2199 4976 2577 5045 ἀτελεύτητον,
2612 4974 2678 5043 τῇ
2719 4972 2853 5042 παρ’
2890 4973 3023 5041 ἡμῖν
3052 4973 3193 5042 ἀρχῇ
3237 4988 3294 5023 τε
3328 4970 3424 5021 καὶ
3453 4967 3531 5039 τῷ
3560 4967 3647 5020 τέ-

2069 5068 2151 5122 λει
2172 5068 2292 5123 ἀντὶ
2316 5068 2407 5121 τοῦ
2436 5068 2677 5139 ἄναρχος
2704 5066 2803 5119 καὶ
2834 5063 3200 5135 ἀτελεύτητος
3239 5062 3647 5132 κατεχρήσατο.

2071 5161 2244 5217 Τοῦτο
2295 5160 2390 5215 καὶ
2445 5159 2533 5213 διὰ
2584 5158 2812 5212 Ἡσαΐου
2869 5156 3086 5225 ἔλεγενο
3122 5176 3140 5207 ι
3190 5155 3332 5221 Ἐγὼ
3380 5155 3588 5224 Κύριος
3618 5152 3649 5204 δ

2071 5254 2205 5318 Θεὸς
2240 5253 2473 5325 πρῶτος,
2524 5249 2636 5319 ἐγὼ
2684 5249 2779 5304 καὶ
2822 5249 2960 5319 μετὰ
3008 5247 3201 5304 ταῦτα.
3241 5265 3258 5297 ι
3300 5245 3408 5300 Καὶ
3454 5245 3540 5301 ἵνα
3574 5243 3654 5313 μή,

2072 5364 2158 5410 τις
2188 5346 2282 5414 τὴν
2324 5342 2497 5413 ἀρχὴν
2532 5342 2590 5408 ἐξ
2629 5341 2729 5394 οῦκ
2771 5341 2943 5394 ὄντων
2992 5338 3317 5409 εἰσαχθῆναι
3364 5334 3650 5395 ὑπολάϐοι,

2073 5431 2327 5501 ἐπιφέρει
2352 5430 2447 5482 νῦν
2462 5428 2621 5490 τδ,⁹0
2643 5426 2747 5493 ὢν,
2782 5428 2881 5480 καὶ
2917 5430 2949 5480 ό
2971 5423 3071 5497 ἦν,
3113 5426 3211 5479 καὶ
3242 5428 3275 5480 ό
3303 5424 3649 5495 ἐρχόμενος.

2072 5527 2139 5580 Τί
2171 5527 2229 5579 δὲ
2253 5523 2424 5577 ταῦτα
2460 5521 2706 5587 δύναται,
2748 5522 2984 5593 εἴρηται,
3016 5521 3098 5573 ὅτι
3147 5519 3223 5584 ὡς
3272 5516 3657 5581 διαιωνίζοντα·

2074 5618 2218 5674 κατά
2243 5633 2302 5670 τε
2337 5616 2513 5686 ἀρχὴν
2544 5616 2638 5669 καὶ
2665 5614 2840 5673 τέλος.
2873 5615 2993 5667 γατ’
3017 5612 3191 5683 ἀρχὴν
3250 5612 3350 5674 μὲν
3376 5652 3391 5671 ε
3415 5608 3655 5663 ἁνελλειη

2075 5692 2215 5775 πῶς,
2254 5706 2396 5762 κατά
2422 5705 2571 5771 τέλος
2616 5704 2696 5769 δὲ,
2747 5704 3064 5775 ἁδιαδὸχως.
3107 5704 3163 5757 Ὀ
3209 5704 3272 5756 6‘3”
3303 5718 3497 5765 ταυτα,
3552 5701 3652 5753 καὶ
