4042 6618
350 415 464 482 513
1423 419 1817 485 COMMENT.
1857 419 1942 484 IN
1980 421 2512 485 APOCALYPSIN.
3513 420 3623 487 514

345 531 772 606 παντοκράτωρ,
794 535 871 599 ὡς
890 534 1072 605 πάσης
1095 532 1330 598 κτίσεως
1351 533 1618 606 αἰσθητῆς
1645 534 1938 606 κατάρχων

2067 537 2144 592 ιιιί
2181 537 2604 608 perpetuitatem
2632 536 3032 604 demonstrent,
3064 543 3178 592 tum
3225 536 3298 592 ab
3327 535 3484 590 initio
3509 547 3624 591 tum

346 628 440 680 καὶ
476 626 700 698 νοητῆς,
754 627 784 681 ὁ
840 625 1114 690 συναῒδιος
1152 625 1231 696 τῷ
1291 625 1489 697 Πατρὶ,
1522 625 1620 679 καὶ
1650 627 1935 690 ἀποδιδοὺς

2063 643 2107 684 :x
2146 629 2281 683 line:
2319 628 2387 682 ab
2420 628 2576 683 initio
2605 628 2849 699 quidem,
2885 629 3032 699 quod
3065 628 3198 682 nihil
3233 627 3280 684 ei
3311 626 3629 698 praeceden-

345 719 569 791 ἑκάστῳ
603 719 745 773 κατὰ
778 719 846 773 τὰ
871 719 1032 790 ἔργα.
1071 720 1187 792 Πρὸ
1211 720 1463 792 βραχέως
1506 719 1565 772 δὲ
1601 722 1716 784 τοῖς
1745 737 1937 773 ταπει-

2063 718 2179 773 ium
2201 727 2506 789 temporum
2530 717 2670 773 desit
2695 736 2709 773 :
2732 733 2798 772 ex
2829 718 3100 786 tinevero,
3130 719 3276 788 quod
3310 718 3629 774 successio-

346 810 592 878 νοτέροις
628 813 723 866 καὶ
769 811 1140 883 ἀνθρωπικοῖς
1171 811 1547 883 ὲνδιατρίόων,
1579 811 1676 865 νῦν
1706 812 1804 865 καὶ
1824 811 1932 866 τῶν

2063 827 2113 866 ιο
2140 821 2345 867 careat.
2377 811 2603 868 Ad'haac
2627 821 2807 867 autem
2844 820 2929 868 est
2956 813 3328 880 omnipotens,
3365 819 3628 882 tanquam

348 903 642 976 θειοτέρων
665 905 760 958 καὶ
782 904 1045 972 ἁξιοθέων
1083 904 1410 973 ἐφάπτεται.
1448 905 1517 956 ὐ
1545 903 1641 959 καὶ
1689 904 1932 974 ἀρχόμε-

2063 905 2318 960 iniversa:
2362 905 2642 960 sensibilis
2673 914 2942 960 creatura:
2989 914 3186 960 auctor
3225 914 3281 960 et
3327 905 3629 975 inspector,

347 1011 438 1056 νος
459 995 559 1062 τῆς
593 994 972 1066 προκειμένης
996 995 1388 1066 πραγματείας
1431 996 1600 1049 ποιεῖ.
1653 995 1792 1049 Ἀλλ’
1820 996 1940 1048 ἐκεῖ

2063 1008 2346 1052 :oarternus
2358 996 2526 1063 Patri,
2543 997 2635 1067 qui
2657 997 2831 1053 reddit
2845 999 3139 1068 unicuique
3155 996 3452 1054 secundum
3466 1009 3632 1068 opera

351 1084 453 1155 μὲν
480 1085 583 1156 οὐχ
611 1085 755 1140 οὕτω
782 1087 1018 1158 τρανῶς,
1050 1087 1290 1141 ἐνταῦθα
1337 1087 1394 1141 δὲ
1441 1087 1939 1159 πεπαρρησιασμέο

2063 1105 2166 1143 sua.
2223 1088 2360 1144 Cum
2395 1098 2577 1145 autem
2619 1091 2786 1161 paulo
2848 1101 2977 1147 ante
3041 1093 3097 1147 in
3132 1089 3520 1146 humilioribus
3565 1102 3632 1143 ac

348 1193 477 1240 νως,
506 1177 601 1231 καί⁵
627 1171 718 1230 οἷα
750 1177 896 1242 είκὸς
919 1176 983 1231 τὸ
1030 1179 1160 1250 περὶ
1203 1177 1312 1232 τῶν
1342 1176 1504 1231 θείων
1531 1179 1699 1248 ἐρεῖν,
1739 1179 1806 1232 ὲκ
1828 1175 1938 1232 τῶν

2063 1183 2303 1236 inmanis
2342 1191 2675 1247 versaretur,
2725 1181 2894 1255 654
2951 1198 3099 1238 nunc
3143 1182 3307 1237 etiam
3362 1178 3631 1235 diviniora

348 1267 525 1336 ἁγίων
562 1268 797 1322 λαϐόντα
825 1271 1130 1342 προφητῶν
1163 1272 1226 1324 τὸ
1259 1270 1565 1344 ἐνδόσιμον.

2063 1269 2269 1342 Deoque
2298 1272 2462 1342 digna
2494 1274 2715 1346 attingit
2743 1292 2755 1328 :
2780 1272 2926 1344 quod
2951 1275 3114 1329 etiam
3144 1272 3378 1328 faciebat
3410 1269 3636 1325 inchoa-

349 1369 511 1418 turus
543 1377 783 1432 praesens
835 1366 1146 1436 negotium:
1189 1365 1284 1422 sed
1343 1367 1419 1422 ibi
1451 1368 1672 1438 quidem
1727 1382 1836 1422 non
1864 1367 1937 1420 ita
1977 1368 2286 1438 perSpicue,
2321 1369 2425 1426 hoc
2449 1379 2634 1425 autem
2701 1371 2826 1426 loco
2852 1371 3080 1426 liberius
3145 1371 3397 1440 loquens.
3417 1366 3482 1423 Et
3506 1365 3633 1420 talia

347 1453 502 1522 dicit,
560 1457 744 1526 qualia
789 1468 1220 1515 consentaneum
1270 1469 1393 1516 erat
1447 1475 1574 1516 eum
1606 1460 1676 1516 de
1733 1460 1937 1518 divinis
1973 1459 2252 1517 dicturum
2287 1477 2430 1531 esse,
2495 1463 2878 1534 quiasanctis
2936 1463 3222 1535 prophetis
3266 1459 3484 1518 dicendi
3529 1472 3635 1514 an-

350 1560 468 1601 sam
497 1555 888 1618 assumpserat.

951 1663 1210 1720 ΚΕΦΔΛ.
1260 1661 1339 1720 B'.

2683 1665 2915 1723 CAPUT
2946 1665 3017 1722 ll.

363 1794 656 1852 Ὀπτασία
709 1793 780 1850 ἐν
823 1789 865 1868 ᾗ
905 1797 1012 1884 ξὺν
1054 1797 1302 1884 Ἰῃο-οῦν
1337 1798 1630 1884 ἐθεάσατο
1667 1799 1738 1856 ἐν
1766 1799 1937 1874 μέσῳ

2063 1796 2201 1854 Visio
2228 1800 2282 1856 in
2304 1818 2409 1872 qua
2434 1801 2617 1860 Iesum
2638 1805 2768 1860 vidit
2790 1812 2845 1860 tn
2875 1808 3048 1862 medio
3073 1817 3263 1876 septem
3285 1805 3635 1863 candelabro-

898 1869 1172 1937 λυχνιῶν
1200 1869 1371 1924 ἑπτά.
1768 1869 1782 1872 ⁷
1907 1869 1919 1874 ⁷

2314 1869 2325 1872 ⁷
2758 1893 2891 1934 rum.

435 2000 585 2071 Ἐγὼ
635 2000 921 2071 Ἰωάννης
950 2004 984 2056 ὁ
1014 2003 1279 2072 ἀδελφὸς
1303 2003 1493 2074 ὑμῶν,
1517 2005 1616 2060 καί
1651 2006 1944 2073 κοινωνὸς

349 2094 425 2148 ἐν
442 2092 517 2161 τῇ
543 2093 747 2163 θλίψει
775 2095 873 2149 καὶ
887 2095 1183 2163 ,ϐασιλείᾳ
1207 2096 1306 2150 καί
1328 2097 1607 2167 ὑπομονῇ
1627 2098 1697 2152 ἐν
1712 2097 1946 2168 Χριστῷ

369 2185 587 2253 Ἰησοῦ,
638 2185 936 2256 ἐγενόμην
981 2187 1052 2240 ἐν
1099 2187 1177 2257 τῇ
1239 2188 1416 2257 νήσῳ
1471 2187 1548 2257 τῇ
1593 2190 1942 2260 καλουμένῃ

355 2275 590 2345 Πάτμῳ,
624 2276 724 2331 διὰ
748 2277 858 2330 τὸν
885 2278 1076 2348 λόγον
1095 2278 1204 2334 τοῦ
1239 2281 1409 2345 Θεοῦ,
1442 2280 1541 2334 καί
1570 2279 1688 2349 τὴν
1709 2297 1940 2350 μαρτυ-

358 2365 506 2434 ρίαν
550 2365 758 2435 Ἰησοῦ
786 2368 1071 2436 Χριστοῦ.
1109 2367 1432 2439 Ἐγενόμην
1457 2370 1528 2424 ὲν
1551 2372 1852 2441 Πνεύματι
1875 2371 1946 2424 ἐν

359 2456 433 2526 τῇ
467 2457 738 2528 κυριακῇ
756 2459 970 2530 ἡμέρᾳ,
992 2458 1090 2514 καί
1114 2459 1356 2530 ἤκουσα
1370 2459 1586 2531 φωνὴν
1607 2462 1802 2516 ὀπίσω
1829 2479 1944 2528 μου

355 2547 632 2620 μεγάλην
675 2550 754 2616 ὡς
793 2549 1134 2621 σάλπιγγος
1187 2551 1496 2620 λεγούσης
1523 2567 1538 2584 ο
1587 2553 1648 2605 '0
1688 2552 1944 2620 βλέπεις

361 2642 596 2711 γράψον
627 2645 717 2708 είς
739 2641 995 2707 βιϐλίον
1019 2641 1120 2697 καί
1151 2642 1398 2713 πέμψον
1436 2643 1568 2711 ταῖς
1611 2644 1762 2698 ἑπτὰ
1802 2645 1932 2700 Ἐκ-

361 2731 670 2800 κλησίαις.
700 2735 787 2799 είς
812 2734 1098 2803 Ἔφεσον,
1139 2734 1239 2788 καί
1272 2735 1361 2800 είς
1394 2734 1698 2804 Σμύρναν,
1729 2735 1827 2789 καί
1856 2738 1946 2804 είς

362 2824 692 2895 Πέργαμον,
717 2826 817 2879 καὶ
842 2827 932 2892 είς
965 2827 1276 2895 Θυάτειρα,
1308 2827 1407 2881 καί
1431 2828 1520 2892 είς
1541 2825 1810 2898 Σάρδεις,
1842 2829 1944 2883 καὶ

362 2921 452 2986 είς
477 2918 937 2989 Φιλαδέλφειαν,
965 2918 1066 2974 καί
1093 2922 1183 2987 είς
1207 2919 1589 2975 Λαοδίκειαν.

447 3010 702 3082 Ἀδελφδν
729 3010 926 3066 ἑαυτὸν
952 3011 1044 3065 καὶ
1071 3011 1327 3066 κοινωνὸν
1365 3012 1472 3065 τῶν
1506 3011 1741 3082 θλίψεων
1767 3014 1941 3080 καλεῖ,

361 3105 430 3172 ἃς
459 3105 550 3162 διὰ
576 3105 666 3160 τδν
699 3105 861 3174 λόγον
881 3103 978 3159 τοῦ
1019 3105 1157 3159 Θεοῦ
1195 3104 1292 3158 καὶ
1320 3105 1383 3159 τὸ
1407 3105 1678 3177 κήρυγμα
1709 3106 1812 3160 ὑπὸ
1835 3107 1945 3161 τῶν

361 3197 604 3252 διωκτῶν
653 3197 896 3268 ἔπασχεν
957 3198 1058 3269 τῆς
1119 3197 1414 3262 εὐσεϐείας
1461 3200 1564 3271 (διὸ
1609 3201 1705 3255 καὶ
1757 3199 1942 3265 αὑτὸν,

364 3289 587 3360 Πάτμον
604 3290 707 3362 τὴν
724 3289 884 3361 νῆσον
904 3291 1075 3345 οἰκεῖν
1103 3291 1590 3368 κατακεκρίσθσψ
1613 3291 1730 3347 ἀλλ’
1756 3293 1905 3344 ὥσπε
1914 3308 1946 3362 ρ

363 3381 477 3436 τῶν
492 3380 743 3452 θλίψεων,
773 3380 919 3435 οὕτω
951 3382 1042 3436 καὶ
1071 3383 1170 3453 τῆς
1194 3383 1496 3454 βασιλείας,
1532 3383 1602 3456 ἢν
1631 3384 1686 3436 al
1712 3382 1948 3438 ἐνταῦθα

365 3473 573 3544 θλίψεις
607 3473 750 3545 ὑπὲρ
779 3473 1017 3545 Χριστοῦ
1065 3474 1443 3546 προξενοῦσιν.
1480 3477 1543 3529 El
1578 3476 1722 3530 κατὰ
1767 3477 1947 3531 πάντα

363 3562 462 3618 οὖν
511 3565 768 3620 κοινωνὸν
799 3565 993 3620 ἑαυτὸν
1034 3566 1332 3633 δείκνυσιν,
1370 3564 1599 3631 είκότως
1623 3566 1690 3622 ἂν
1739 3568 1835 3623 καὶ
1887 3569 1949 3623 τὸ

364 3658 684 3724 ἀξιόπιστον
717 3657 825 3712 τῶν
852 3657 1190 3729 ἑωραμένων
1235 3659 1386 3732 αὑτῷ
1429 3661 1526 3715 καὶ
1565 3659 1948 3716 ἀκουσθέντων

365 3750 546 3822 σχοίη.
1749 3766 1751 3768 ·

438 3844 542 3899 Διὰ
568 3845 676 3899 τὸν
700 3847 888 3915 λόγον
922 3845 1030 3900 τοῦ
1082 3845 1256 3900 Θεοῦ.
1307 3844 1482 3914 Λόγον
1513 3845 1650 3916 φησὶ
1686 3843 1782 3898 τοῦ
1812 3843 1948 3899 Θεοῦ

367 3937 466 3991 καὶ
497 3935 807 4009 μαρτυρίαν
831 3937 892 3991 τδ
917 3936 1262 4004 Εὐαγγέλιον
1289 3935 1317 3988 θ
1344 3933 1604 4004 ἔγραψεν.
1646 3932 1950 4004 Ἐξόριστον

365 4029 427 4084 δὲ
450 4029 614 4083 αὐτὸν
637 4028 891 4099 γενέσθαι
923 4031 980 4082 ἐν
1015 4029 1221 4099 Πάτμῳ
1266 4029 1334 4098 τῇ
1359 4027 1508 4097 νήσῳ
1553 4026 1662 4079 ὑπὸ
1693 4028 1952 4097 Δομετια-

368 4121 487 4188 νοῦ,
546 4123 806 4187 Εὑσέσιος
853 4124 881 4176 ὁ
925 4121 1217 4192 Παμφίλου
1268 4121 1328 4174 ὲν
1380 4119 1460 4190 τῷ
1496 4118 1752 4190 Χρονικῷ
1785 4118 1950 4174 αὐτοῦ

370 4211 565 4283 βιϐλίῳ
591 4210 973 4281 παρατίθεται.
1211 4267 1214 4270 ,

457 4303 782 4373 Ἐτενόμην
833 4301 904 4356 ἐν
956 4301 1274 4371 πνεύματι.
1347 4299 1681 4370 Πρόσκειται
1725 4298 1804 4366 τὸ,
1849 4299 1954 4353 Ἐν

375 4395 696 4465 Πνεῦματι,
728 4392 808 4464 τῷ
841 4393 1010 4463 μηδὲν
1034 4391 1326 4462 ἐμφαίνειν
1355 4387 1702 4460 ἐνεργεῖσθαι
1729 4389 1828 4457 τῆς
1858 4388 1953 4441 ἀν-

376 4487 660 4558 θρωπίνης
715 4488 975 4556 ἐχόμενον
1019 4485 1235 4555 χρείας,
1271 4481 1410 4535 ἀλλὰ
1442 4482 1553 4536 τῶν
1596 4480 1718 4553 θείᾳ
1749 4482 1954 4551 κατοχῇ

375 4577 855 4650 κατειλημμένων.

459 4671 562 4725 Ἐν
583 4669 773 4739 ἡμέρᾳ
797 4669 852 4722 δὲ
888 4664 1177 4735 κυριακῇ,
1208 4667 1306 4736 τῆς
1335 4667 1688 4730 ἀναστάσεως
1717 4663 1956 4738 Χριστοῦ

378 4766 728 4838 μνημόσυνον
773 4761 1070 4834 φερούσης,
1121 4759 1216 4829 ἀφ’
1263 4752 1325 4812 οὗ
1360 4762 1452 4814 καὶ
1489 4760 1638 4822 εἰκὸς
1670 4757 1823 4812 οὐδὲν
1851 4759 1959 4811 τῶν

376 4859 518 4929 πρὸς
566 4857 772 4928 νεαρὰν
801 4855 1092 4909 τεινόντων
1146 4851 1405 4923 ἀσχολίαν
1465 4850 1546 4921 τῷ
1589 4850 1963 4921 χρηματισμῷ

381 4949 943 5020 πεπραγματεῦσθαι.
977 4948 1168 5020 Φωνὴν
1200 4946 1257 5001 δὲ
1288 4944 1363 5008 ὡς
1392 4942 1696 5011 σάλπιγγος
1733 4941 1963 4994 ὁπισθα-

381 5042 706 5112 κουσθῆναι,
737 5042 819 5104 είς
849 5040 911 5094 τὸ
967 5040 1232 5111 διάπυρον
1259 5054 1318 5090 τε
1349 5035 1447 5092 καὶ
1495 5034 1818 5106 διαπρύσιον
1864 5033 1965 5102 τῆς

382 5136 720 5206 ἀπηχήσεως
768 5132 1120 5204 χρεωστικῶς
1153 5132 1234 5195 εἰς
1287 5131 1470 5183 πᾶσαν
1513 5126 1840 5197 Ἐκκλησίαν
1878 5127 1967 5179 δο-

383 5229 569 5300 θῆναι.
616 5227 788 5281 Ἑπτὰ
823 5227 881 5280 δὲ
924 5226 1082 5297 μόναι
1133 5217 1589 5295 Ἐκκλησίαι-αἷς
1621 5221 1965 5292 προστάσσε-

382 5340 475 5377 ται
506 5320 726 5393 γράψας
749 5319 818 5372 τὰ
848 5317 1155 5389 βλεπόμενα
1185 5313 1513 5384 διαπέμψαι,
1539 5314 1638 5384 οὐχ
1666 5314 1747 5364 ὅτι
1776 5309 1968 5364 τοσαῦ·

383 5433 475 5468 ται
503 5415 560 5468 αί
587 5415 644 5466 ὲν
664 5412 821 5482 Ἀσίᾳ
840 5411 1045 5475 πόλεις,
1075 5409 1190 5463 ἀλλ’
1214 5410 1271 5461 ὲν
1296 5407 1534 5470 ἐκείναις
1563 5405 1967 5477 προστάσσεται

384 5508 547 5562 τοῦτο
573 5508 768 5569 ποιεῖν,
800 5505 894 5567 ὡς
918 5501 1213 5572 κατηκόοις
1243 5498 1567 5569 γενομέναις
1595 5497 1687 5551 τοῦ
1728 5497 1966 5564 εὐαγγε-

387 5599 547 5656 λικοῦ
585 5597 964 5670 κηρύγματος.
994 5596 1096 5647 Ἢν
1133 5593 1223 5646 καὶ
1260 5592 1356 5663 (ὡς
1380 5589 1720 5659 πλατύτερον
1752 5589 1970 5659 είρηται

391 5690 782 5765 περὶτούτων)
831 5688 920 5742 διὰ
971 5688 1031 5740 τὸ
1059 5684 1152 5739 τοῦ
1214 5681 1576 5754 ἑϐδοματικοῦ
1622 5679 1860 5750 ἀριθμοῦ
1891 5677 1970 5750 τῷ

394 5788 628 5860 παρόντι
659 5781 883 5853 φθαρτῷ
914 5780 1070 5834 αἰῶνι
1111 5779 1416 5846 σύστοιχον,
1455 5774 1833 5836 καταντῶντος
1881 5772 1974 5843 δησ-

393 5879 526 5945 λαδὴ
563 5877 642 5939 είς
670 5878 760 5928 τὸν
801 5869 1171 5938 σαϐϐατισμδν
1228 5868 1322 5920 καὶ
1361 5866 1454 5920 τοῦ
1499 5865 1788 5934 μέλλοντος
1837 5861 1969 5918 αἰῶ-

2117 2008 2159 2073 Ι,
2193 2009 2349 2080 9—H.
2401 2008 2512 2080 Ego
2534 2008 2771 2065 Joannes
2796 2011 2966 2080 frater
2991 2022 3158 2068 vester
3185 2023 3234 2067 et
3271 2012 3534 2083 particeps
3581 2011 3635 2065 in

2048 2102 2329 2172 aﬂlictione
2357 2113 2406 2158 et
2429 2120 2588 2174 regno
2616 2121 2679 2158 ac
2711 2106 2974 2174 patientia
3003 2123 3095 2176 per
3129 2105 3400 2161 Christum
3423 2105 3630 2167 Jesum,

2046 2193 2132 2263 fui
2163 2194 2216 2246 in
2248 2194 2424 2249 insula
2447 2212 2564 2266 qua:
2592 2196 2898 2266 appellatur
2923 2197 3159 2263 Patmos,
3194 2206 3407 2267 propter
3433 2212 3633 2249 sermo-

2046 2300 2161 2338 nem
2201 2285 2301 2339 Dei
2325 2295 2373 2339 et
2403 2289 2760 2340 testimonium
2782 2287 2912 2342 Jesu
2940 2287 3165 2342 Christi.
3208 2289 3308 2342 Fui
3343 2291 3398 2341 in
3423 2286 3632 2358 Spiritu

2051 2375 2328 2429 Domiuico
2363 2376 2469 2439 die,
2494 2385 2543 2432 et
2569 2377 2749 2432 audivi
2773 2388 2887 2448 post
2919 2395 2998 2432 me
3031 2395 3203 2432 vocem
3243 2395 3489 2448 magnam
3522 2387 3637 2430 tan-

2046 2482 2206 2536 quam
2238 2471 2374 2521 tuba:
2405 2468 2628 2522 dicentis
2661 2485 2680 2523 :
2707 2471 2858 2535 Quod
2906 2471 3047 2525 vides
3098 2471 3267 2524 scribe
3291 2470 3347 2522 in
3383 2467 3542 2533 libro,
3583 2481 3632 2521 et

2047 2559 2197 2614 mitte
2233 2571 2429 2631 septem
2466 2559 2716 2616 Ecclesiis
2738 2579 2856 2632 qua:
2878 2573 3000 2618 sum
3028 2565 3085 2618 in
3116 2565 3266 2630 Asia,
3317 2559 3546 2630 Epheso.
3587 2570 3636 2614 et

2048 2647 2290 2722 Smyrna:
2304 2662 2352 2705 et
2377 2650 2659 2722 Pergamo,
2679 2664 2727 2706 et
2759 2653 3032 2725 Thyatira:
3057 2666 3104 2711 et
3133 2655 3415 2724 Sardibus,
3435 2668 3484 2714 et
3508 2657 3638 2714 Phi-

2049 2746 2354 2818 ladelphiw,
2374 2759 2421 2802 et
2453 2747 2757 2804 Laodiceae.

2105 3010 2349 3067 Fratrem
2373 3011 2614 3082 seipsum
2633 3019 2793 3067 vorat
2813 3017 2866 3066 et
2897 3012 3214 3080 participem
3242 3009 3295 3065 in
3321 3009 3635 3067 afﬂictioni-

2046 3104 2149 3161 bus
2189 3121 2325 3175 quas
2354 3115 2574 3176 propter
2603 3105 2693 3159 Dei
2739 3116 3050 3158 sermonem
3105 3111 3159 3156 et
3193 3102 3633 3171 priedicationem

2046 3213 2244 3268 passus
2295 3207 2380 3252 est
2424 3213 2453 3252 a
2481 3194 2923 3268 persecutoribus
2958 3193 3202 3263 pietatis:
3238 3193 3360 3248 idea
3413 3210 3633 3264 quoque

2052 3289 2456 3344 condemnatus
2489 3296 2592 3352 est,
2629 3297 2684 3341 ut
2715 3287 2768 3340 in
2798 3285 3035 3340 insulam
3066 3282 3304 3338 Patmon
3348 3285 3632 3354 migraret.

2052 3380 2158 3436 Sed
2193 3378 2651 3450 quemadmodum
2694 3379 2746 3432 in
2787 3377 3170 3432 alllictionibus
3189 3376 3459 3448 particeps
3507 3377 3626 3439 fuit,

2053 3470 2130 3525 ita
2162 3479 2216 3524 et
2246 3470 2298 3524 in
2332 3483 2500 3540 regno
2535 3469 2679 3538 quod
2717 3469 2958 3524 toleratae
2986 3482 3132 3524 nunc
3165 3483 3265 3538 pro
3300 3466 3522 3522 Christo
3552 3464 3632 3519 al-

2050 3560 2317 3617 llictiones
2365 3559 2687 3615 conciliant.
2724 3559 2780 3614 Si
2807 3557 2975 3628 igitur
3025 3557 3080 3612 in
3109 3557 3365 3613 omnibus
3393 3556 3636 3625 seipsum

2051 3667 2172 3708 esse
2201 3651 2522 3723 participem
2546 3650 2804 3714 ostendit,
2842 3665 3058 3720 aequum
3107 3657 3192 3702 est
3235 3657 3293 3701 ut
3323 3647 3487 3702 etiam
3530 3630 3648 3700 title,

2053 3746 2251 3818 dignus
2282 3746 2547 3800 habeatur
2577 3745 2632 3799 in
2662 3745 2747 3799 his
2781 3758 2901 3813 qua:
2925 3757 2953 3796 a
2986 3758 3044 3797 se
3063 3741 3175 3795 visa
3193 3749 3318 3794 sunt
3347 3749 3400 3794 et
3428 3738 3634 3793 audita.

2124 3839 2352 3910 Propter
2380 3853 2670 3892 sermonem
2693 3834 2812 3889 Dei.
2848 3833 3167 3888 Sermonem
3189 3828 3282 3884 Dei
3304 3844 3368 3883 ac
3395 3827 3637 3882 testiino-

2054 3933 2207 3987 nium
2248 3930 2380 3986 dicit
2403 3928 2757 3998 Evangelium
2789 3924 2932 3995 quod
2957 3923 3197 3990 scripsit.
3230 3919 3414 3991 Ipsum
3454 3927 3636 3972 autem

2056 4027 2111 4081 in
2135 4025 2324 4079 Patmo
2353 4022 2528 4077 insula
2579 4019 2878 4088 relegatum
2929 4016 3100 4070 fuisse
3157 4015 3259 4069 sub
3311 4010 3639 4076 Domitiano,

2054 4124 2245 4170 auctor
2273 4123 2356 4170 est
2383 4111 2651 4168 Eusebius
2688 4106 2958 4178 Pamphili
2984 4108 3038 4160 in
3070 4106 3186 4161 suis
3214 4103 3530 4159 Chronicis.

2126 4289 2228 4344 Fui
2273 4289 2327 4342 in
2356 4287 2566 4357 spiritu.
2601 4284 2830 4339 Additur
2853 4281 2921 4336 In
2968 4281 3181 4352 spiritu,
3216 4294 3284 4335 eo
3319 4279 3464 4349 quod
3509 4277 3642 4332 nihil

2059 4384 2204 4454 quod
2229 4381 2481 4434 humana:
2505 4379 2800 4432 obnoxium
2829 4381 2913 4428 est
2947 4372 3261 4428 necessitati
3280 4372 3490 4426 ellienre
3514 4385 3636 4439 pos-

2061 4474 2132 4529 sit
2162 4465 2798 4533 manifestationem,sed
2832 4479 2955 4535 qua:
2993 4462 3178 4518 divino
3225 4459 3431 4515 affectu
3472 4473 3640 4514 oecu-

1991 4601 2033 4656 D
2063 4572 2228 4656 paulu
2240 4577 2282 4616 r.

2137 4653 2414 4708 Dominico
2445 4652 2554 4705 die.
2592 4647 2697 4716 Qui
2732 4645 2988 4702 videlicet
3024 4641 3342 4700 memoriale
3377 4641 3643 4697 alfertre—

2064 4744 2428 4804 surrectionis
2457 4741 2684 4798 Christi.
2714 4739 2879 4811 655
2913 4736 2989 4792 Ex
3014 4753 3125 4809 quo
3153 4737 3316 4792 etiam
3348 4735 3647 4791 verisimile

2068 4849 2154 4895 est
2189 4838 2328 4892 nihil
2354 4851 2542 4892 eorum
2574 4849 2697 4905 quae
2740 4834 2808 4887 ad
2859 4845 3062 4886 novum
3111 4838 3345 4897 vergunt
3394 4828 3640 4883 studium

2065 4932 2285 4985 oraculo
2307 4927 2554 4984 tractari.
2609 4926 2814 4983 Vocem
2882 4931 3064 4978 autem
3117 4931 3378 4991 tanquam
3421 4919 3566 4974 tuba:
3617 4934 3649 4974 a

2067 5034 2217 5094 tergo
2249 5023 2487 5077 auditam
2525 5019 2697 5074 fuisse
2727 5017 2927 5081 innuit,
2956 5029 3021 5070 eo
3058 5014 3204 5084 quod
3236 5029 3358 5068 acer
3391 5028 3453 5066 ac
3481 5027 3651 5082 pene-

2070 5117 2300 5170 trativus
2316 5118 2802 5181 sonusopportune
2817 5109 3023 5162 missus
3046 5108 3115 5162 sit
3136 5106 3204 5160 ad
3227 5119 3444 5160 onmem
3465 5102 3641 5157 Eccle-

2069 5207 2228 5264 siam.
2257 5206 2428 5260 Porro
2460 5213 2669 5274 septem
2711 5210 2923 5256 tantum
2957 5198 3209 5254 ecclesiis
3245 5197 3464 5250 mittere
3487 5193 3646 5263 jube-

2071 5311 2158 5356 tur
2193 5300 2400 5370 scripta
2429 5313 2550 5369 quae
2571 5295 2722 5360 vidit,
2757 5309 2864 5348 non
2891 5292 3037 5363 quod
3066 5290 3290 5345 totidem
3309 5287 3420 5343 sint
3447 5287 3499 5339 in
3521 5285 3652 5338 Asia

2069 5395 2340 5459 civitates,
2362 5393 2455 5448 sed
2490 5390 2598 5446 illis
2615 5390 2841 5461 iubetur
2859 5387 2974 5441 hinc
3004 5383 3239 5448 mittere,
3260 5390 3319 5435 ut
3348 5394 3469 5450 quae
3485 5391 3646 5432 evan.

2072 5489 2299 5560 gelicam
2332 5484 2780 5559 praedicationem
2816 5485 3192 5549 susceperant.
3223 5475 3330 5528 Aut
3359 5471 3524 5526 etiam
3556 5485 3648 5525 ve-

2074 5583 2172 5638 luti
2205 5581 2364 5636 latius
2389 5580 2456 5634 de
2496 5579 2581 5633 his
2624 5577 2828 5632 dictum
2857 5581 2961 5636 est,
2993 5583 3060 5625 eo
3087 5566 3233 5638 quod
3260 5578 3521 5618 numerus
3563 5575 3652 5617 se-

2073 5678 2356 5747 ptenarius
2386 5679 2649 5742 cognatus
2670 5669 2741 5724 sit
2777 5667 2902 5721 huic
2941 5659 3282 5732 corruptibili
3314 5655 3534 5721 saeculo,
3567 5671 3652 5710 re-

2076 5765 2350 5837 spondens
2375 5765 2543 5819 etiam
2584 5758 2794 5830 requiei
2839 5754 3010 5811 futuri
3041 5751 3250 5809 saeculi.
3277 5749 3400 5805 Ideo
3434 5761 3656 5818 quoque

2078 5867 2284 5929 septem
2317 5854 2484 5912 cmlos
2517 5867 2580 5907 ac
2603 5860 2809 5922 septem
2843 5847 3064 5919 angelos
3092 5843 3306 5902 caeteris
3339 5839 3656 5906 superiores
