4042 6572
441 375 546 443 515

1254 374 1585 437 ARETH/E
1619 374 2003 436 CAESARE/Ii
2042 374 2522 437 CAPPADOCIAI
2562 374 2908 438 EPISCOPI

3594 380 3700 446 516

443 494 662 564 scripsit
684 508 914 566 magnus
965 490 1205 547 lrenaaus
1255 490 1638 559 Lugdunensis
1702 490 2009 559 episcopus.

2118 506 2229 551 νος.
2296 488 2388 541 Διὸ
2444 489 2539 542 καὶ
2591 490 2731 543 ἑπτὰ
2779 486 3085 559 οὐρανοὺς,
3120 486 3215 543 καὶ
3258 488 3524 557 ἀγγέλους
3560 491 3700 546 ἑπτὰ

443 586 639 639 -Αιὶο
667 586 841 639 modo.
874 583 978 637 Fui
1001 585 1055 637 in
1087 584 1279 653 spiritu
1304 582 1582 636 Dominico
1610 582 1715 645 die,
1734 591 1799 635 -et
1830 582 2017 634 audivi

441 694 634 732 vocem.
684 676 879 732 Videre
922 685 976 731 et
1016 676 1207 730 audire
1237 692 1346 729 non
1380 684 1588 744 oportet
1624 675 1765 742 apud
1799 673 2015 727 divinos

442 768 735 837 prophetas
760 783 1025 822 sensuum
1044 766 1392 835 operationes
1412 764 1733 832 intelligere,
1753 763 1844 817 sed
1876 762 2016 815 divi-

444 861 629 915 niores
657 862 821 929 specii
842 876 867 914 s
900 859 967 913 de
993 859 1196 929 quibus
1214 860 1374 912 etiam
1408 856 1651 926 loquitur
1683 852 1852 909 Isaias
1874 854 2015 909 lilius

439 953 608 1005 Amos
636 968 651 1004 :
688 969 705 1002 ι
745 952 917 1021 Erigit
944 952 1076 1005 mihi
1095 966 1253 1005 mane
1280 965 1459 1012 mane,
1486 948 1644 1017 erigit
1675 946 1806 1000 mihi
1826 962 2013 999 aurem

440 1044 508 1095 ad
537 1042 969 1107 audiendum,et
1009 1042 1296 1111 disciplina
1360 1039 1573 1093 Domini
1627 1038 1804 1107 aperit
1852 1052 2014 1091 aures

442 1148 630 1188 meas:
658 1134 700 1164 ¹⁸
729 1153 747 1185 ι
776 1134 826 1187 id
852 1143 1029 1188 antem
1055 1132 1247 1185 nonde
1265 1130 1483 1185 homine
1502 1130 1593 1199 qui
1620 1130 1774 1198 juxta
1796 1143 2014 1183 carnem

439 1236 525 1281 est
548 1226 883 1296 intelligitur,
908 1226 1000 1280 sed
1019 1225 1086 1279 dc
1102 1240 1167 1278 eo
1184 1225 1277 1294 qui
1302 1233 1385 1279 est
1409 1223 1707 1278 secundum
1736 1222 2011 1291 spiritum,

2119 580 2228 631 τῶν
2259 579 2430 633 ἄλλων
2463 578 2823 650 προῦχοντας,
2860 581 2889 631 6
2923 579 3098 647 μέγας
3133 579 3424 649 Εἰρηναῖος
3448 582 3477 634 6
3518 582 3699 649 Λουγ-

2116 672 2269 725 δόνου
2335 672 2635 735 ἐπίσκοπος
2712 670 2973 740 ἔγραψεν.
3028 700 3099 712 -ο
3147 672 3397 739 Ἄλλως.
3466 674 3699 744 Ἐτενό-

2113 782 2239 833 μην
2282 765 2353 818 ἐν
2403 764 2696 832 πνεύματι
2740 764 2811 817 ὲν
2865 762 2942 831 τῇ
2999 763 3270 831 Κυριακῇ
3328 765 3541 833 ἡμέρᾳ,
3597 767 3698 821 καὶ

2118 854 2358 921 ἤκουσα
2386 853 2618 922 φωνήν.
2649 854 2723 905 Τὸ
2757 853 2977 923 βλέπειν
3006 854 3103 905 καὶ
3131 853 3355 905 ἀκούειν
3382 856 3533 925 παρὰ
3583 861 3698 920 τοῖς

2118 944 2283 1005 θείοις
2311 945 2624 1013 προφήταις
2652 944 2752 996 οὑκ
2782 943 3090 1013 αἰσθήσεως
3117 944 3400 1013 ἐνεργείας
3421 949 3565 999 νοεῖν
3592 946 3693 1013 δεῖ,

2116 1035 2253 1087 ἀλλὰ
2288 1035 2569 1105 θειοτέρας
2597 1035 2887 1105 ἐμφάσεις.
2919 1037 3053 1104 Περὶ
3078 1028 3152 1089 ὧν
3184 1036 3279 1088 καὶ
3304 1039 3332 1089 6
3368 1038 3567 1107 Ἀμὼς,
3602 1043 3697 1092 καὶ

2114 1130 2143 1182 6
2184 1128 2410 1191 Ἡσαΐας
2445 1129 2612 1199 φησίν
2639 1145 2651 1159 ’
2694 1148 2714 1180 ι
2774 1129 2981 1199 Ἔθηκέ
3016 1145 3083 1198 με
3134 1128 3279 1197 πρωῒ
3335 1130 3482 1199 πρωῒ
3534 1132 3696 1185 ὠτίον

2118 1222 2337 1275 ἀκούειν
2359 1240 2372 1252 ·
2405 1223 2497 1275 καὶ
2520 1223 2552 1293 ἡ
2575 1222 2793 1275 παιδεία
2815 1224 3020 1292 Κυρίου
3056 1224 3266 1293 ἀνοίγει
3301 1241 3401 1292 μου
3426 1224 3493 1277 τὰ
3516 1218 3651 1279 ὦτα.
3667 1244 3686 1278 ι

437 1319 533 1386 qui
577 1318 738 1372 etiam
780 1316 893 1371 Deo
940 1332 1083 1372 curae
1135 1325 1239 1379 est.
1270 1324 1324 1370 et
1379 1316 1473 1385 qui
1526 1314 1820 1385 persistere
1880 1314 2019 1368 solet

2119 1312 2289 1366 Τοῦτο
2325 1313 2381 1367 δὲ
2436 1314 2499 1367 οὐ
2533 1313 2627 1367 τοῦ
2685 1315 2825 1368 κατὰ
2888 1318 3064 1386 σάρκα
3094 1318 3403 1388 ἀνθρώπου,
3427 1318 3563 1371 ἀλλὰ
3599 1318 3695 1371 τοῦ

440 1410 696 1478 princeps
728 1409 995 1463 universa:
1034 1408 1313 1464 sensibilis
1364 1416 1655 1461 creaturae.
1706 1405 2015 1461 Geuiinavit

2116 1406 2257 1458 κατὰ
2288 1404 2529 1476 πνεῦμα.
2564 1408 2660 1469 Ὃς
2693 1406 2788 1459 καὶ
2822 1408 3030 1477 μεμελη
3043 1407 3202 1477 μένος
3232 1408 3350 1478 Θεῷ
3382 1409 3480 1462 καὶ
3512 1410 3695 1480 ἄρχων

437 1512 617 1555 autem
650 1503 755 1555 hoc
782 1502 902 1554 loco
928 1500 1192 1570 propheta
1230 1517 1248 1551 ι
1298 1498 1455 1553 Mane
1493 1516 1511 1549 ι
1550 1495 2012 1567 quemadmodum

2116 1497 2334 1566 ἁπάσης
2382 1497 2481 1566 τῆς
2528 1496 2854 1569 αἰσθητικῆς
2886 1500 3119 1562 κτίσεως
3160 1500 3426 1555 διατελεῖν
3473 1503 3685 1557 εῐωοεν.

428 1594 594 1647 etiam
615 1594 756 1662 apud
783 1593 920 1646 alios
940 1591 1251 1661 prophetas,
1277 1592 1367 1659 qui
1392 1591 1542 1643 aiunt
1568 1605 1612 1642 ει
1643 1586 1799 1641 Mane
1818 1588 2013 1641 exaudi

2127 1588 2507 1641 Ἐδιπλασίασε
2554 1588 2609 1641 δὲ
2641 1591 2668 1641 6
2733 1590 3020 1661 προφήτης
3050 1590 3111 1643 τὸ
3147 1611 3166 1642 ι
3228 1592 3374 1663 πρωῒ
3407 1612 3425 1645 ι
3457 1595 3694 1649 ἐνταῦθα

438 1700 627 1739 vocem
660 1684 910 1749 meam,"
935 1701 953 1735 ι
990 1692 1043 1741 et
1069 1701 1087 1733 ι
1133 1682 1289 1737 Mane
1318 1681 1507 1735 astabo
1541 1681 1672 1735 tibi:
1702 1699 1720 1731 ι
1756 1689 1810 1734 et
1852 1680 2014 1734 Mane

2117 1680 2329 1753 (ὥσπερ
2387 1682 2481 1734 καὶ
2525 1684 2655 1750 παρ’
2699 1683 2907 1755 ἑτέροις
2966 1685 3277 1754 προφήταις
3346 1686 3440 1752 τὸ,
3480 1706 3498 1738 ι
3537 1688 3691 1759 Πρωῒ

439 1792 618 1841 mane,
655 1790 763 1829 non
800 1774 1025 1841 frustra,
1060 1774 1155 1829 sed
1206 1773 1501 1828 vehemens
1550 1772 1791 1828 studium
1814 1788 1845 1827 a
1879 1781 2013 1826 tem-

2114 1772 2460 1837 εἰσάκουσον,
2497 1775 2789 1841 φάσκουσι,
2839 1773 2939 1841 τῆς
2987 1775 3174 1844 φωνῆς
3213 1793 3318 1846 μου
3352 1793 3365 1807 ·
3408 1795 3426 1828 ι
3471 1779 3565 1830 καὶ
3606 1778 3689 1839 τὸ,

434 1882 568 1937 pore
617 1840 1023 1930 demonstrans,
1055 1866 1120 1921 ad
1153 1866 1296 1935 quod
1326 1866 1488 1921 etiam
1548 1874 1760 1935 tempus
1816 1865 2010 1920 divinte

2122 1883 2140 1916 ι
2184 1863 2337 1934 Πρωῒ
2384 1865 2810 1936 παραστήσομαί
2847 1840 2955 1919 σοι·
3065 1840 3159 1921 καλ
3199 1840 3290 1934 τὸ,
3340 1869 3496 1937 Πρὸς
3544 1871 3695 1939 πρωϊ

430 1972 651 2030 quoque
681 1959 1027 2028 operationes
1060 1957 1295 2013 libenter
1324 1955 1507 2013 solent
1535 1956 1814 2011 accedere.

2111 1957 2284 2027 πρωῒ)
2324 1958 2386 2011 οὐ
2420 1959 2619 2029 μάτην,
2666 1959 2802 2012 ἀλλὰ
2844 1960 2943 2029 την
2994 1959 3135 2028 ἄγαν
3186 1962 3421 2032 σπουδὴν
3462 1963 3549 2016 διὰ
3596 1964 3689 2017 τοῦ

2108 2048 2305 2117 καιροῦ
2337 2051 2630 2120 παριστὰς,
2657 2042 2702 2118 ᾧ
2724 2050 2787 2120 δὴ
2808 2050 3010 2123 καιρῷ,
3044 2055 3139 2106 καί
3172 2053 3230 2106 αἱ
3257 2054 3398 2107 οεῖαι
3416 2054 3690 2126 ἐνέργειαι

503 2217 546 2284 1,
593 2214 778 2271 12-16.
835 2214 904 2269 Ει
954 2231 1232 2270 cont‘ersus
1272 2231 1389 2268 sum
1436 2226 1495 2267 ut
1542 2215 1772 2268 viderem
1834 2230 2008 2268 vocem

422 2327 545 2377 qua:
572 2308 885 2379 loquebatur
943 2320 1181 2362 meeum:
1220 2318 1267 2362 et
1332 2323 1610 2361 conversus
1653 2306 1760 2360 vidi
1810 2316 2007 2376 septem

425 2403 746 2457 candelabra
776 2420 960 2468 aurea,
986 2412 1034 2458 et
1066 2404 1122 2456 in
1152 2401 1321 2457 medio
1354 2410 1543 2472 septem
1568 2401 2007 2455 candelabrorum

428 2495 656 2548 similem
690 2493 836 2549 Filio
868 2495 1119 2562 hominis,
1141 2497 1382 2550 vestitum
1412 2506 1546 2551 veste
1576 2495 1760 2562 talari,
1797 2504 1843 2548 et
1868 2508 2007 2563 prie-

430 2586 663 2640 cinctum
695 2586 764 2639 ad
800 2587 1068 2642 mamillas
1092 2604 1229 2641 zona
1259 2604 1422 2642 aurea
1449 2606 1468 2641 :
1488 2598 1648 2657 caput
1686 2603 1803 2641 vero
1829 2585 1941 2655 ejus
1955 2594 2005 2639 et

429 2677 613 2745 capilli
662 2677 784 2730 alba
820 2687 970 2731 erant
997 2680 1134 2732 sicut
1176 2677 1301 2732 lana
1327 2678 1473 2744 alba,
1504 2688 1552 2732 et
1587 2689 1839 2748 tanquam
1870 2678 1959 2730 nia:
1983 2690 2003 2730 :

428 2768 570 2820 oculi
601 2783 803 2838 quoque
864 2770 1028 2838 ipsius
1080 2770 1217 2823 sicut
1273 2770 1491 2838 ﬂamma
1526 2769 1664 2839 ignis
1706 2777 1796 2822 :et
1851 2772 2002 2835 pedes

426 2861 543 2929 ejus
574 2860 771 2915 similes
807 2860 1189 2925 clialcolibano,
1220 2862 1357 2915 velut
1396 2861 1449 2914 in
1484 2861 1700 2925 camino
1726 2859 1992 2914 ardentes.

426 2950 497 3005 Et
546 2967 645 3005 vox
659 2952 774 3020 ejus
806 2960 1058 3021 tanquam
1075 2968 1173 3006 vox
1198 2970 1454 3023 aquarum
1480 2951 1784 3005 multarum.
1812 2950 1880 3004 Et
1902 2951 2002 3005 ha-

422 3044 575 3097 bebat
593 3045 646 3097 in
669 3046 888 3097 dextera
904 3060 1003 3097 sua
1033 3054 1226 3113 septem
1249 3044 1433 3099 stellas
1462 3060 1481 3098 :
1498 3052 1546 3098 et
1571 3045 1635 3098 de
1657 3044 1868 3113 oreejus
1886 3044 2002 3115 gla-

418 3136 542 3188 dius
580 3150 645 3190 ez
672 3144 894 3205 utraque
924 3145 1076 3205 parte
1122 3147 1313 3190 acutus
1346 3137 1548 3203 exibat,
1592 3147 1639 3191 et
1672 3136 1837 3206 facies
1884 3137 1999 3207 ejus

419 3225 557 3280 sicut
592 3226 672 3280 sol
701 3226 833 3281 lucet
863 3227 919 3281 in
946 3228 1137 3282 virtute
1164 3244 1286 3283 sua.

488 3490 655 3562 656
687 3489 842 3557 Quod
874 3508 985 3548 non
1024 3494 1300 3551 sensibilis
1328 3493 1496 3550 fuerit
1528 3510 1654 3560 vox,
1678 3496 1773 3551 sed
1803 3496 1997 3567 quales

420 3593 553 3637 sunt
584 3583 974 3652 prophetarum
1006 3584 1426 3641 informationes
1455 3585 1743 3657 principali
1796 3588 1995 3659 spiritu

422 3670 599 3736 facta,
653 3673 968 3729 manifestat
994 3675 1203 3744 dicens,
1297 3674 1589 3731 Conversus
1640 3693 1758 3731 sum
1782 3693 1891 3732 non
1938 3688 1990 3732 ut

418 3763 689 3828 audirem,
710 3764 804 3818 sed
841 3772 901 3819 ut
927 3766 1191 3821 viderem.
1222 3767 1365 3821 Idem
1396 3767 1544 3823 enim
1575 3777 1659 3822 est
1690 3770 1992 3838 spiritualis

418 3856 641 3911 auditus
702 3873 829 3912 cum
893 3859 1011 3913 visu
1053 3861 1169 3915 sive
1220 3870 1559 3930 prospectu:
1603 3859 1722 3915 ideo
1774 3876 1993 3931 quoque

418 3946 556 4001 dixit
586 3964 777 4004 vocem
811 3950 877 4004 ad
908 3966 967 4005 se
998 3952 1169 4020 loqui,
1216 3952 1320 4005 hoc
1377 3961 1465 4007 est
1503 3951 1793 4021 disponere
1839 3954 1985 4024 quod

417 4041 764 4111 supponitur.
809 4041 981 4098 Simul
1006 4055 1187 4097 autem
1220 4044 1287 4097 ad
1322 4042 1437 4098 haec
1469 4044 1875 4100 subaudiendus
1906 4055 1991 4101 est

416 4132 680 4189 articulus
698 4135 763 4187 ad
787 4137 1069 4190 sententia:
1092 4135 1497 4205 perfectionem,
1553 4144 1614 4190 ut
1640 4136 1713 4191 sit
1743 4151 1937 4192 sensus
1971 4156 1985 4192 :

2108 2138 2365 2192 εἰώθασιν
2394 2139 2817 2211 ἐμφιλοχωρεῖν.

2178 2228 2289 2283 Καὶ
2316 2228 2661 2298 ἐπέστρεψα
2685 2229 2948 2293 βλέπειν
2978 2231 3097 2299 τὴν
3123 2230 3337 2301 φωνὴν
3373 2232 3509 2301 ἣτις
3549 2232 3691 2288 ἐλά-

2107 2325 2203 2376 λει
2228 2320 2352 2390 μετ’
2379 2320 2549 2390 ἐμοῦ.
2575 2320 2687 2375 Καὶ
2747 2321 3120 2391 ἐπιστρέψας
3164 2322 3330 2377 εἶδον
3380 2325 3531 2379 ἑπτὰ
3575 2329 3690 2379 λυ-

2108 2416 2284 2483 χνίας
2315 2411 2571 2483 χρυσᾶς.
2614 2414 2726 2468 Καὶ
2761 2415 2832 2469 ὲν
2856 2415 3026 2485 μέσῳ
3075 2414 3195 2469 τῶν
3229 2416 3379 2471 ἑπτὰ
3419 2417 3689 2488 λυχνιῶν

2106 2506 2312 2571 ὅμοιον
2346 2505 2456 2570 Υιῷ
2504 2506 2819 2574 ἀνθρώπου
2850 2507 3257 2578 ἐνδεδυμένον
3277 2510 3532 2579 ποδήρη,
3584 2511 3686 2565 καὶ

2108 2597 2585 2666 περιεζωσμένον
2610 2601 2760 2667 πρὸς
2782 2599 2905 2665 τοῖς
2934 2601 3192 2671 μαστοῖς
3208 2599 3401 2670 ζώνην
3414 2602 3678 2671 γ-ρυσῆνο

2104 2691 2146 2759 νή
2175 2690 2245 2743 δὲ
2293 2690 2531 2759 κεφαλὴ
2583 2692 2771 2746 αὐτοῦ
2808 2693 2905 2745 καί
2951 2695 3012 2747 al
3059 2695 3259 2763 τρίχες
3314 2695 3546 2760 λευκαί,
3603 2696 3686 2761 ὡς

2104 2780 2270 2849 ἔριον
2293 2782 2537 2845 λευκὸν,
2578 2780 2659 2848 ὡς
2685 2780 2834 2849 χιών
2854 2796 2869 2811 ⁸
2902 2784 3000 2837 καὶ
3047 2786 3103 2836 οί
3133 2784 3427 2853 ὀφθαλμοί
3471 2786 3679 2853 αὐτοῦ,

2103 2872 2184 2938 ὡς
2211 2871 2373 2941 φλὸξ
2407 2872 2599 2940 πυρός
2622 2888 2636 2902 ⁸
2663 2872 2842 2927 καίοι
2872 2872 3055 2941 πόδες
3077 2864 3303 2942 αὐτοῦ,’
3315 2876 3500 2945 ὅμοιοι
3531 2880 3681 2945 χαλ-

2104 2963 2420 3031 κολιϐάνῳ,
2479 2964 2559 3031 ὡς
2613 2964 2684 3017 ἐν
2733 2966 2969 3035 καμίνῳ
3019 2968 3431 3037 πεπυρωμένοι
3456 2986 3470 3001 ·
3498 2970 3598 3024 καί
3640 2972 3680 3039 ή

2103 3055 2271 3125 φωνή
2328 3056 2539 3119 αὑτοῦ,
2605 3056 2688 3122 ὡς
2734 3057 2903 3126 φωνὴ
2947 3058 3187 3114 ὑδάτων
3241 3058 3523 3114 πολλῶνο
3580 3062 3681 3115 καὶ

2106 3148 2263 3215 έχων
2288 3147 2359 3200 ἐν
2379 3145 2453 3214 τῇ
2478 3145 2650 3213 δεξιᾷ
2680 3147 2832 3216 χειρὶ
2858 3148 3048 3203 αὑτοῦ
3069 3148 3333 3218 ἀστέρας
3360 3149 3512 3204 ἑπτά
3531 3166 3548 3179 '
3579 3149 3681 3205 καὶ

2104 3238 2176 3293 ἐκ
2215 3237 2321 3292 τοῦ
2353 3238 2653 3307 στόματος
2682 3239 2871 3293 αὐτοῦ
2898 3240 3166 3310 ῥομφαία
3191 3239 3477 3311 δίστομος
3513 3242 3681 3307 ὀξεῖα

2104 3330 2547 3399 ἐκπορευομένη
2571 3344 2587 3361 ο
2618 3329 2717 3383 καί
2746 3331 2785 3399 ἠ
2827 3331 2970 3401 ὄψις
3012 3331 3201 3387 αὑτοῦ
3235 3331 3317 3399 ὡς
3344 3332 3519 3402 ἣλιος
3542 3336 3679 3404 gal-

2104 3438 2195 3477 νει
2222 3424 2292 3477 ἐν
2316 3422 2390 3491 τῇ
2417 3423 2668 3494 δυνάμει
2697 3424 2907 3480 αὐτοῦ.

2176 3516 2300 3573 Ὅτι
2328 3518 2428 3573 οὐκ
2450 3520 2681 3594 αίσθητὴ
2714 3522 2747 3591 ἡ
2778 3522 2952 3591 φωνὴ,
2981 3520 3097 3575 ἀλλ’
3132 3518 3250 3577 οἷαι
3308 3523 3365 3577 αι
3398 3523 3508 3577 τῶν
3544 3539 3680 3594 προ-

2102 3607 2294 3676 φητῶν
2314 3607 2393 3678 τῷ
2424 3610 2743 3681 ἡγεμονικῷ
2787 3610 3063 3681 πνεύματι
3096 3612 3481 3681 δια-τυπώσεις,
3522 3615 3676 3684 δηλοῖ

2102 3697 2307 3766 λέγων’
2352 3700 2750 3770 Ἐπέστρεψα,
2783 3702 2845 3754 οὐ
2868 3702 2961 3755 τοῦ
2988 3703 3241 3773 ἀκοῦσαι,
3268 3704 3403 3759 ἀλλὰ
3432 3708 3525 3759 τοῦ
3563 3706 3676 3775 Bks-

2101 3789 2220 3859 ψαι.
2266 3790 2478 3845 Ταυτδν
2527 3793 2638 3862 γάρ
2672 3794 2707 3861 ὴ
2764 3795 3114 3866 πνευματικὴ
3157 3796 3293 3866 ἀκοὴ
3340 3800 3406 3868 τῇ
3462 3796 3670 3867 βλέψει,

2100 3881 2274 3934 show
2306 3881 2516 3950 ὁράσει.
2547 3882 2641 3935 Διὸ
2667 3882 2762 3937 καὶ
2790 3882 2889 3952 τὴν
2918 3884 3101 3955 φωνὴν
3132 3883 3314 3938 λαλεῖν
3343 3886 3477 3955 πρὸς
3508 3884 3673 3938 αὐτὸν

2098 3970 2340 4042 εἴρηκεν,
2382 3973 2508 4026 ἀντὶ
2559 3972 2654 4027 τοῦ
2705 3973 2999 4027 διατυποῦν
3039 3975 3417 4045 ὑποκείμενον.
3473 3973 3673 4039 Συνεξ-

2097 4063 2391 4117 ακουστέον
2434 4065 2493 4118 δὲ
2530 4065 2741 4127 τούτοις
2785 4066 2845 4119 τὸ
2882 4068 3082 4137 ἄρθρον
3135 4070 3213 4132 είς
3266 4069 3530 4122 ἐντέλειαν
3572 4069 3671 4122 τοῦ

2097 4151 2391 4221 νοήματος.
2440 4152 2601 4226 ἵν’ᾖ·
2656 4155 2783 4224 Τὴν
2830 4156 3043 4224 φωνὴν
3081 4157 3189 4212 τοῦ
3233 4158 3406 4224 ὅστις
3462 4160 3672 4213 ἐλάλει

417 4218 617 4278 Vocem
646 4225 767 4294 ejus
805 4226 898 4295 qui
952 4226 1283 4294 loquebatur
1316 4241 1529 4281 mecum
1561 4244 1574 4280 :
1637 4242 1811 4295 neque
1838 4229 1983 4282 enim

2107 4218 2217 4294 usi"
2238 4244 2404 4311 ἐμοῦ.
2436 4246 2513 4298 Οὐ
2538 4218 2655 4316 ’γὰρ
2690 4218 2902 4318 ήἾφωνὴ
2943 4218 3205 4319 ἠῗόρατὴ,
3241 4218 3419 4304 ἀλλ⁹δ
3464 4251 3662 4304 λαλῶν.

411 4327 518 4367 vox
545 4314 711 4368 videri
742 4324 941 4385 potest,
971 4316 1065 4371 sed
1098 4316 1144 4370 is
1171 4317 1265 4386 qui
1291 4316 1553 4385 loquitur.
1589 4314 1703 4371 lloc
1724 4326 1827 4380 est,
1850 4332 1983 4370 con-

2107 4331 2291 4396 υίονεὶ,
2328 4324 2404 4385 Oi»
2453 4334 2486 4402 ἡ
2520 4314 2671 4404 φωνὴ
2710 4314 2901 4389 ⁷ἐλάλει
2932 4314 3051 4405 μετέ
3116 4314 3273 4406 ἐμοῦ,
3317 4335 3506 4389 τοῦτον
3566 4339 3668 4389 ἐπ-

414 4416 606 4457 versus
636 4420 756 4459 sum
796 4414 853 4457 ut
889 4407 1036 4460 hunc
1072 4406 1308 4459 viderem
1342 4405 1497 4473 cujus
1520 4421 1622 4458 vox
1660 4406 1983 4473 loquebatur

2107 4419 2330 4490 ἐστρεψα
2356 4421 2595 4491 βλέπειν.
2630 4427 2785 4480 Οὕτω
2814 4429 2922 4499 γάρ
2952 4405 3373 4499 συνταττόμενον
3392 4430 3453 4482 τὸ
3478 4428 3662 4499 ῥητὸν,

413 4506 650 4547 mecum.
684 4494 762 4547 lla
804 4511 1037 4565 namque
1065 4499 1313 4551 ordinata
1345 4498 1635 4561 sententia,
1676 4500 1779 4552 erit
1813 4499 1984 4552 mani-
2025 4533 2037 4587 Ι

2107 4512 2263 4578 ςαιρές
2292 4512 2357 4566 ἂν
2388 4514 2482 4567 καὶ
2515 4494 2834 4583 άνελλειπὲςν
2860 4494 2968 4591 είη.

410 4582 607 4636 testata
640 4594 692 4636 ct
722 4585 926 4653 absque
953 4587 1102 4640 omni
1132 4587 1363 4641 defectu.

489 4674 702 4743 Septem
738 4676 1079 4728 candelabra.
1130 4677 1345 4746 Septem
1403 4676 1588 4730 itidem
1638 4678 1986 4744 candelabra,

2169 4688 2347 4744 Ἑπτὰ
2398 4694 2679 4762 λυχνίας.
2722 4696 2787 4749 Ai
2850 4696 2989 4750 ἑπτά
3024 4696 3236 4767 λυχνίαι
3268 4698 3547 4765 ὡσαύτως,
3584 4702 3663 4765 ὡς

412 4770 557 4825 sicut
595 4770 650 4821 in
682 4769 1039 4837 sequentibus
1068 4767 1231 4830 dicet,
1265 4778 1392 4822 sunt
1421 4777 1625 4837 septem
1659 4769 1901 4823 ecclesia:
1921 4772 1986 4825 ad

2107 4778 2292 4851 τροῖὼν
2328 4781 2464 4853 ἐρεῖ,
2490 4784 2546 4835 αί
2573 4784 2714 4838 ἑπτὰ
2758 4785 3076 4856 Ἐκκλησίαι
3103 4789 3262 4853 είσὶν,
3306 4791 3444 4859 πρὸς
3465 4790 3531 4850 ἃς
3568 4792 3665 4845 καὶ

410 4874 549 4931 quas
568 4859 731 4913 etiam
759 4860 1001 4914 scribere
1026 4857 1271 4927 jubetur.
1311 4857 1421 4913 llas
1450 4872 1628 4914 autem
1663 4863 1985 4918 candelabra

2107 4871 2456 4927 ἰιακελεύεται
2486 4876 2740 4946 γράφειν.
2796 4880 3033 4949 Λυχνίας
3077 4881 3133 4932 δὲ
3167 4857 3661 4951 αὐτάς-ὠνόμασεν

412 4948 626 5003 vocavit
657 4964 763 5001 non
797 4947 1075 5012 lucernas,
1108 4947 1255 5018 quod
1291 4948 1675 5002 candelabrum
1707 4951 1981 5021 propriam

2107 4965 2147 5016 νὺ
2171 4964 2415 5036 λύχνους,
2437 4968 2513 5032 ὡς
2532 4970 2631 5039 τῆς
2663 4947 3121 5041 λυχνίαςήοίκεϊον
3146 4974 3257 5044 φῶς
3286 4976 3385 5029 οὐκ
3406 4947 3659 5047 ἐχούσης,

410 5056 518 5095 non
544 5040 741 5094 habeat
770 5039 970 5105 lucem,
999 5039 1094 5093 sed
1147 5039 1458 5093 vehiculum
1511 5040 1857 5098 duutaxatsit
1900 5046 1983 5099 lu-

2107 5056 2201 5109 Ιλλ’
2226 5058 2409 5129 ὄχημα
2441 5060 2599 5131 μόνον
2637 5039 2805 5133 οῠσης
2834 5064 2925 5117 τοῦ
2970 5039 3168 5135 λύχνου
3187 5068 3245 5131 ὃς
3281 5071 3394 5137 ἔχει
3431 5039 3490 5120 τὸ
3518 5039 3657 5136 φᾶλς.

408 5150 584 5191 cerua:
611 5150 731 5205 qua:
765 5134 942 5187 lucem
976 5132 1158 5185 habet.
1183 5130 1307 5184 ldeo
1334 5146 1550 5201 quoque
1579 5148 1733 5189 sacer
1756 5146 1978 5206 aposto-

2107 5152 2171 5205 διὸ
2221 5152 2313 5205 καὶ
2366 5155 2396 5206 6
2445 5130 2587 5225 ίερδς
2636 5130 2937 5219 ἀπόστολος
2996 5130 3659 5231 Πναῦλοςπαραινείντοῖς

406 5228 493 5283 lus
524 5225 730 5281 Paulus
781 5223 1105 5278 exhortatur
1161 5221 1475 5279 coniormes
1526 5225 1745 5283 Christo
1778 5244 1977 5299 praece-

2107 5243 2427 5314 ὐμμόρφοις
2450 5221 2687 5316 Χριστοῦ
2729 5246 3093 5314 διδασκάλοις,
3141 5221 3386 5319 γίνεσθαι
3418 5251 3493 5315 ὡς
3536 5269 3657 5319 φω-

408 5329 615 5390 ptores,
640 5326 699 5370 ut
738 5315 848 5370 sint
880 5314 1047 5368 veluti
1085 5312 1373 5368 luminaria
1422 5314 1479 5369 in
1508 5320 1730 5385 mundo,
1763 5334 1973 5375 sermo-

2107 5312 2283 5407 ’τῆρας
2330 5338 2388 5389 ἐν
2423 5312 2632 5409 κόσμῳ,
2678 5338 2837 5407 λόγον
2863 5338 3009 5410 ζωῆς
3041 5312 3357 5412 ἐπέχοντας,
3403 5312 3654 5398 τουτέστι

408 5423 533 5463 nem
582 5408 707 5462 vita:
755 5407 1118 5470 continentes,
1162 5404 1268 5459 hoc
1303 5407 1507 5476 estqui
1556 5422 1587 5462 a
1638 5409 1970 5467 scaturiente

2110 5404 2405 5495 εξήαμένους
2427 5404 2540 5479 ὑπὸ.
2580 5404 2674 5481 τοῦ
2711 5404 2977 5499 βρύοντος
3002 5404 3239 5502 Χριστοῦ
3259 5404 3652 5504 ξατο-ἀκήρατον

405 5497 627 5554 Christo
662 5498 845 5551 lumen
872 5496 1249 5567 incorruptum
1282 5509 1659 5569 susceperunt.
1691 5501 1773 5557 Ad
1810 5518 1971 5572 quem

2107 5517 2220 5580 ιὼς.
2256 5517 2399 5587 Πρὸς
2422 5517 2480 5570 ὃν
2512 5496 2728 5589 εἴρηται
2749 5496 2840 5586 τὸ,
2884 5539 2903 5572 ι
2938 5496 3196 5587 Φωτνίζεις
3228 5496 3291 5576 σί)
3322 5496 3655 5595 Θαυμάστῶς

406 5588 611 5644 dictum
670 5596 755 5643 est
786 5604 801 5641 :
834 5606 854 5640 ι
892 5587 1170 5643 llluminas
1188 5599 1243 5642 tu
1282 5591 1600 5648 mirabiliter
1631 5610 1662 5648 a
1691 5597 1972 5652 montibus

2107 5608 2192 5660 ιπὸ
2224 5609 2395 5678 ὀρέων
2439 5587 2693 5680 αἰωνίων,
2735 5631 2755 5665 ›
2801 5614 3110 5683 ἀγγελικῶν
3146 5616 3275 5680 ἴσως
3319 5587 3647 5688 δυνάμεωνί

406 5680 648 5749 internis,
684 5698 702 5732 ι
733 5680 836 5735 hoc
871 5689 956 5737 cst
992 5681 1252 5753 angelicis
1282 5686 1513 5742 fortasse
1532 5688 1827 5747 virtutibus
1866 5700 1975 5759 :ct,

2107 5701 2199 5769 ταὶ,
2235 5721 2254 5756 ι
2309 5702 2720 5767 Ἐξαπόστειλον
2746 5708 2809 5762 τὸ
2999 5726 3094 5765 σου
3135 5710 3229 5764 καὶ
3256 5710 3358 5773 τὴν
3382 5680 3648 5786 exhausi:

474 5825 519 5859 "
550 5825 655 5883 lsa.
691 5844 744 5895 ι..
776 5828 831 5884 ι.
904 5830 948 5862 "
972 5807 1284 5891 Jercm.xx:
1343 5830 1429 5885 16.
