4042 6646
359 417 460 485 517

1424 407 1809 470 COMMENT.
1853 408 1937 470 ΙΝ
1977 406 2501 471 APOCALYPSIN.

3503 410 3607 476 518

365 543 478 582 σοιν
518 544 538 581 ι
575 523 693 591 καὶ,
733 540 755 575 ι
805 521 864 577 '0
892 518 1171 591 φωτισμδς
1202 516 1295 571 τοῦ
1345 517 1640 588 προσώπου
1673 536 1790 584 σου,
1819 518 1931 571 Κύ-

2045 533 2058 569 ι
2100 518 2300 573 Emitte
2331 518 2505 573 lucem
2539 527 2687 573 tuam
2715 527 2772 574 et
2795 519 3079 579 veritatem
3110 527 3261 577 tuam
3293 538 3307 579 :
3339 540 3359 575 ι
3387 531 3441 577 et
3477 544 3496 577 ι
3534 527 3605 579 il-

364 636 470 689 ριε,
500 617 595 670 τοῦ
648 614 972 687 φωτίζοντος
1006 613 1132 675 τοὺς
1180 613 1406 676 πιστοὺς
1452 611 1678 681 νοητῶς.
1736 630 1755 663 ι
1788 611 1934 665 Μετ-

364 706 521 778 όχους
541 705 634 760 οὖν
663 706 986 775 γενομένους
1008 701 1251 756 τοιούτου
1285 702 1462 772 φωτὸς
1479 740 1494 765 ,
1520 700 1777 772 φωτίζειν
1802 717 1936 772 προ-

372 806 623 870 τρέπεται
643 797 842 861 αὐτοὺς
871 796 948 867 τῷ
969 795 1068 865 τῆς
1103 795 1437 863 θεογνωσίας
1469 793 1630 863 φωτί.

434 971 697 1041 Χρυσᾶς.
738 972 961 1042 Χρυσᾶς
1001 988 1135 1042 φησι
1187 968 1527 1042 χρηματίσαι
1561 970 1659 1032 τὰς
1688 971 1932 1041 λυχνίας,

361 1063 451 1116 διὰ
482 1064 540 1115 τό
572 1062 751 1130 τίμιον
787 1062 880 1115 καὶ
914 1063 1211 1131 ὑπεραῖρον
1239 1060 1346 1113 τῶν
1388 1060 1735 1127 ἀξιωθέντων
1780 1061 1936 1127 δέξα-

366 1157 489 1209 σθαι
512 1155 575 1208 τὸ
598 1156 740 1207 θεῖον
766 1154 946 1216 σέλας.
975 1154 1036 1207 Οἳ
1064 1156 1159 1207 καὶ
1196 1153 1485 1224 φωστῆρες
1516 1155 1658 1208 κατὰ
1674 1154 1767 1207 τὸν
1786 1154 1934 1208 Παῦ-

364 1248 455 1300 λον
488 1248 798 1320 ἐκλήθησαν
840 1246 996 1315 λόγον
1039 1246 1187 1317 ζωῆς
1233 1246 1466 1318 ἔχοντες,
1512 1246 1703 1318 ὥσπερ
1754 1246 1850 1301 καὶ
1878 1248 1933 1301 αἱ

361 1338 576 1410 λυχνίαι
610 1340 794 1410 ὄχημα
825 1339 1035 1409 λύχνων
1060 1335 1242 1405 οὖσαι,
1272 1340 1435 1394 αὐτα)⁸
1468 1340 1569 1412 μὲν
1615 1339 1675 1405 ἐξ
1724 1341 1934 1394 ἑαυτῶν

365 1433 462 1484 οὐκ
490 1431 671 1503 έχουσι
702 1432 840 1502 φῶς,
865 1431 1115 1486 κοινωνοὶ
1145 1433 1203 1486 δέ
1240 1432 1357 1501 ηὼς
1387 1435 1494 1487 sic:
1523 1434 1630 1487 τῶν
1674 1435 1934 1504 φωτίζειν

368 1524 465 1595 ἀφ’
491 1524 702 1579 ἑαυτῶν
731 1524 1029 1599 λαχόντων.

440 1704 549 1759 Kal
578 1705 648 1758 ἐν
672 1704 841 1775 μέσῳ
882 1704 1001 1759 τῶν
1046 1705 1197 1762 ἑπτὰ
1247 1708 1515 1776 λυχνιῶν
1552 1709 1762 1780 ὅμοιον
1826 1710 1937 1776 ra;

360 1798 701 1867 ἀνθρώπου.
747 1800 836 1852 Ἑν
872 1798 1025 1871 μέσῳ
1062 1801 1172 1854 τῶν
1201 1802 1341 1855 ἐπτά
1364 1803 1593 1874 λυχνιῶν
1614 1806 1798 1874 ὅμοιον
1823 1803 1938 1875 Υἱῷ

2036 606 2323 662 luminatio
2342 608 2527 662 vultus
2559 609 2661 673 tui,
2688 608 2936 672 Domine,
2956 626 3080 680 quae
3111 611 3470 682 spiritualiter
3486 630 3609 669 creo

2035 699 2225 754 dentes
2252 699 2542 754 illuminat.
2564 701 2611 731 “
2643 717 2662 751 ι
2695 700 2802 755 Eos
2833 716 2962 771 ergo
2992 702 3084 771 qui
3126 702 3437 773 hujusmodi
3469 705 3610 761 lucis

2036 790 2327 861 participes
2348 790 2527 846 effecti
2549 801 2697 857 sunt,
2722 793 3042 848 exhortatur
3068 802 3125 849 ut
3154 795 3286 852 alios
3303 796 3611 853 illuminent

2036 882 2159 939 luce
2184 882 2381 937 divina:
2421 883 2777 954 cognitionis.

2105 974 2302 1029 Aurea.
2334 976 2512 1030 Aurea
2554 976 2684 1031 dicit
2710 977 3006 1032 constituta
3037 978 3208 1036 fuisse
3248 982 3606 1048 candelabra,

2036 1073 2257 1132 prepter
2287 1064 2516 1133 pretium
2552 1075 2605 1120 et
2627 1066 3003 1121 excellentiam
3044 1083 3232 1123 eorum
3263 1071 3355 1141 qui
3397 1088 3613 1127 merue-

2037 1162 2163 1206 runt
2190 1153 2423 1207 divinam
2454 1155 2733 1224 suscipere
2763 1156 2938 1211 lucem
2971 1158 3100 1226 :qui
3125 1159 3287 1213 etiam
3318 1159 3609 1217 luminaria

2042 1259 2072 1298 a
2102 1244 2265 1299 Paulo
2287 1246 2428 1301 dicta
2456 1257 2602 1315 sunt,
2622 1248 2797 1303 lucem
2822 1250 2946 1304 vitae
2974 1251 3228 1307 habentia
3248 1252 3611 1322 quemadmo-

2036 1337 2164 1391 dum
2191 1348 2242 1393 et
2262 1340 2587 1395 candelabra
2604 1342 2904 1397 vehiculum
2928 1352 3056 1397 sunt
3085 1344 3430 1399 lucernarum
3450 1362 3465 1412 ;
3484 1361 3608 1400 nam

2036 1427 2152 1481 haec
2168 1441 2231 1481 ex
2256 1427 2450 1497 seipsis
2479 1429 2777 1502 lucem‘jnon
2797 1432 3014 1497 habent,
3046 1434 3139 1488 sed
3164 1434 3457 1505 participes
3474 1451 3613 1506 quo-

2035 1517 2326 1574 dammodo
2356 1531 2481 1575 sunt
2508 1536 2699 1578 eorum
2739 1540 2857 1594 quae
2884 1540 2916 1579 a
2957 1526 3151 1596 seipsis
3186 1527 3385 1582 habent
3420 1535 3480 1582 ut
3524 1525 3612 1583 lu-

2036 1620 2214 1664 ceant.

2108 1701 2174 1757 Et
2195 1704 2246 1757 in
2261 1706 2425 1760 medio
2442 1716 2633 1776 septem
2647 1708 3083 1764 candelabrorum
3115 1712 3340 1767 similem
3361 1712 3502 1768 Filio
3518 1713 3612 1769 ho-

2037 1793 2217 1847 minis.
2264 1793 2546 1865 Tanquam
2564 1797 2814 1853 videlicet
2830 1799 3239 1856 denuntiantem
3258 1803 3403 1873 quod
3433 1804 3485 1857 in
3508 1819 3608 1859 nos

365 1889 676 1961 ἀνθρώπου,
733 1891 810 1954 ὡς
863 1892 1334 1963 ἐπαγγειλάμενον
1384 1895 1587 1967 δηλαδὴ
1633 1898 1939 1968 ἐνοικήσειν

2045 1883 2313 1940 inhabitet
2337 1901 2401 1942 ac
2436 1888 2776 1957 inambulet:
2811 1891 3089 1958 quietiam
3116 1893 3355 1963 seipsum
3404 1894 3610 1951 dimisit

369 1979 460 2031 καὶ
492 1980 972 2052 ἐμπεριπατήσειν
1024 1986 1083 2038 ἐν
1119 1985 1273 2055 ἡμῖν,
1325 1985 1415 2041 τὸν
1472 1987 1569 2041 καὶ
1625 1988 1817 2041 ἑαυτὸν
1866 1989 1936 2042 δι’

367 2074 512 2142 ἡμᾶς
529 2073 940 2129 ταπεινώσαντα
965 2076 1094 2147 ἄχρι
1118 2078 1216 2148 τῆς
1237 2077 1330 2131 τοῦ
1358 2077 1545 2132 δούλου
1570 2080 1808 2151 μορφῆς,
1844 2083 1938 2136 καὶ

366 2166 658 2237 γενόμενον
722 2169 943 2241 καρπὸν
998 2170 1236 2241 γαστρὸς
1266 2172 1365 2239 τῆς
1417 2173 1796 2245 ἀπειρογάμου
1835 2194 1939 2246 μη-

366 2256 511 2325 τρός.
547 2259 779 2330 Ποδήρει
826 2261 884 2314 δὲ
933 2262 1095 2316 αὑτὸν
1130 2263 1515 2335 περιεσταλθαι
1545 2252 1640 2320 καὶ
1668 2266 1937 2338 περιεζῶ-

370 2347 491 2400 σθαι
525 2349 662 2419 πρὸς
721 2351 829 2413 τοῖς
863 2352 1092 2421 μαστοῖς
1140 2351 1215 2416 ὡς
1266 2353 1416 2423 ἱερέα
1456 2355 1610 2425 φησὶ,
1644 2356 1787 2409 κατά
1840 2355 1938 2425 τὴν

368 2440 519 2504 τάξιν
542 2441 903 2511 Μελχισεδὲκ,
953 2444 1013 2497 ού
1061 2444 1201 2498 κατά
1237 2445 1339 2517 τὴν
1368 2445 1523 2512 τάξιν
1561 2447 1787 2516 Ἀαρὼν,
1816 2448 1938 2501 ἐπεὶ

371 2532 444 2601 μὴ
471 2534 611 2586 κατά
641 2534 734 2586 τὸν
779 2536 1058 2600 Μωῦσέως
1088 2538 1256 2607 νόμον
1303 2540 1336 2609 ή
1381 2540 1478 2593 ἀπ’
1504 2540 1670 2593 αὐτοῦ
1701 2542 1940 2612 παραδε-

361 2621 567 2694 δομένη
628 2626 759 2696 ἡμῖν
792 2623 1042 2697 λατρεία,
1104 2628 1240 2682 ἀλλά
1266 2630 1409 2687 κατὰ
1462 2630 1561 2702 τὴν
1608 2633 1940 2703 Μελχισεδὲκ

363 2713 519 2779 τάξιν
550 2719 771 2791 νεαρὰν,
816 2721 945 2791 περὶ
982 2713 1042 2774 οὗ
1069 2722 1164 2775 καὶ
1197 2722 1408 2788 Παῦλος
1453 2725 1481 2777 ὁ
1523 2727 1665 2789 θεῖος
1693 2726 1937 2797 εἴρηκεν,

367 2807 633 2879 ἀρχιερέα
703 2810 798 2863 καὶ
874 2812 1171 2867 ἀπόστολον
1228 2813 1470 2868 δεδόσθαι
1522 2816 1652 2886 ἡμῖν
1707 2817 1939 2887 Χριστὸν

372 2898 760 2969 ἱερουργοῦντα
786 2902 1000 2969 ἑαυτὸν,
1034 2905 1128 2958 καὶ
1159 2905 1511 2976 προσάγοντα
1537 2906 1615 2977 τῷ
1636 2908 1813 2979 Ilath
1843 2908 1940 2963 καὶ

367 2991 447 3062 τῷ
474 2992 751 3063 Πνεύματι
780 2995 877 3067 τὴν
915 2998 1192 3071 ἡμετέραν
1222 3000 1321 3070 τῆς
1364 3000 1600 3065 πίστεως
1627 3001 1937 3071 ὁμολογίαν.

437 3084 548 3138 Kal
587 3085 1055 3157 περιεζωσμένον
1093 3091 1245 3158 πρὸς
1296 3091 1422 3159 τοῖς
1468 3093 1745 3160 μαστοῖς.
1797 3095 1941 3165 Πρὸς

369 3177 482 3238 τοῖς
533 3180 757 3243 μαστοῖς
808 3179 864 3234 δὲ
913 3181 1374 3254 περιεζωσμένον,
1430 3184 1544 3239 ἀλλ’
1588 3185 1649 3239 οὐ
1688 3184 1822 3257 πρὸς
1873 3189 1940 3260 τῇ
1972 3212 2016 3272 C

364 3267 555 3335 ὀσφύϊ,
605 3272 687 3324 ὅτι
734 3273 870 3343 μηδέ
919 3273 1175 3339 ἐπίϐατος
1232 3272 1387 3341 οὗτος
1436 3280 1557 3343 ταῖς
1606 3280 1710 3333 ὑπὸ
1747 3285 1946 3353 γαστρὶ

371 3359 640 3429 ὀρέξεσιν,
689 3362 754 3427 ἃς
802 3366 1228 3437 περιεσφίγχθαι
1260 3371 1373 3431 τοῖς
1407 3368 1588 3434 ἄλλοις
1638 3371 1943 3443 ἀνθρώποις

373 3452 662 3523 σωτήριον.
715 3456 813 3510 Διά
872 3456 1029 3511 τοῦτο
1080 3459 1199 3512 οὐδὲ
1237 3460 1376 3530 πρὸς
1404 3460 1483 3532 τῷ
1542 3462 1619 3534 μὴ
1665 3463 1946 3535 ἀπροσίτῳ

371 3543 597 3608 ταύταις
631 3549 802 3619 μορίῳ
828 3548 915 3603 διὰ
937 3550 1028 3603 τὸν
1044 3551 1217 3623 τούτῳ
1244 3556 1778 3624 συμπεφυκότα,κᾶν
1809 3557 1947 3629 ὑπὲρ

371 3635 532 3703 λόγον
575 3637 725 3704 Θεὸν,
776 3640 911 3712 πρὸς
956 3641 1034 3713 τῷ
1077 3645 1262 3714 στήθει
1297 3643 1353 3700 δὲ
1418 3647 1513 3700 καὶ
1562 3648 1674 3711 τοῖς
1731 3648 1944 3718 μαζοῖς,

372 3726 525 3791 ὅπως
556 3731 649 3782 καὶ
678 3730 739 3783 τὸ
779 3732 1008 3803 ἄσχετον
1036 3734 1135 3807 τῆς
1162 3736 1378 3802 δικαίας
1411 3738 1503 3791 καὶ
1532 3739 1682 3803 θείας
1711 3741 1882 3812 ὀργῆς
1913 3743 1946 3813 ἡ

376 3818 758 3891 φιλανθρωπία
801 3825 1117 3895 συνέχηται,
1152 3829 1246 3881 καί⁵
1298 3831 1330 3897 ἡ
1362 3831 1461 3893 τὰς
1510 3831 1605 3885 δύο
1636 3833 1945 3903 Διαθήκας,

373 3910 497 3980 ἦτοι
529 3913 651 3975 τοὺς
675 3915 1037 3980 Δεσποτικοὺς
1069 3917 1275 3988 μαζοὺς
1304 3918 1569 3988 ζωννῦσα,
1605 3923 1787 3995 δειχθῇ
1815 3925 1948 3995 ἀλή-

376 4001 519 4067 θεια,
568 4003 634 4055 δι’
683 3997 756 4057 ὧν
782 4007 875 4059 καὶ
914 4008 962 4061 οί
1014 4010 1194 4063 πιστοὶ
1227 4010 1534 4082 τρέφονται.
1589 4016 1724 4087 Περ)⁵
1760 4010 1821 4070 οὗ
1857 4017 1950 4070 καὶ

373 4092 616 4165 είρηταιι⁸
659 4115 677 4147 ι
722 4098 911 4153 Ἔσται
948 4100 1260 4175 δικαιοσύνῃ
1286 4104 1593 4175 ὲζωσμένος
1629 4107 1729 4179 τὴν
1779 4108 1949 4177 ὀσφὺν

377 4185 567 4252 αὑτοῦ,
618 4190 711 4242 καὶ
761 4191 988 4265 ἀληθεία
1037 4193 1367 4265 ἡλειμμένος
1414 4196 1512 4261 τὰς
1566 4199 1801 4269 πλευρὰς
1847 4202 1948 4255 αύ-

376 4279 492 4333 τοῦ.
534 4301 550 4332 ι
583 4284 908 4358 Δικαιοσύνη
930 4287 986 4340 δὲ
1011 4289 1110 4358 τὴν
1137 4289 1329 4359 ὀσφὺν,
1358 4290 1437 4360 τῷ
1470 4291 1543 4363 μὴ
1577 4292 1949 4363 ύπερϐάθμιον

377 4370 480 4441 τῆς
524 4372 745 4445 λογικῆς
772 4378 1030 4447 φέρεσθαι
1060 4379 1294 4449 φύσεως.
1336 4383 1587 4454 Ἀληθείᾳ
1609 4384 1667 4437 δὲ
1699 4384 1949 4455 ἡλεϊφθαι
1994 4424 1997 4427 ν

378 4464 479 4526 τάς
522 4464 761 4537 πλευρὰς
795 4468 924 4521 ὡσεὶ
981 4470 1143 4541 ἐλαίῳ
1190 4471 1340 4543 θείῳ,
1387 4474 1463 4543 τῷ
1513 4474 1573 4527 τὸ
1624 4475 1820 4542 ἀληθὲς
1851 4477 1950 4547 τῆς

2037 1991 2210 2046 usque
2238 1977 2303 2031 ad
2322 1977 2555 2034 formam
2580 1981 2747 2044 servi,
2774 1979 3062 2053 laetusque
3081 1994 3164 2039 est
3184 1984 3609 2044 lructusventris

2038 2067 2159 2138 ejus
2186 2070 2376 2125 matris
2403 2087 2523 2141 quae
2555 2073 2813 2143 nuptialis
2855 2076 3074 2130 thalami
3124 2092 3318 2147 expers
3346 2087 3488 2133 erat.
3512 2081 3606 2134 Ait

2036 2173 2252 2229 quoque
2279 2176 2402 2215 eum
2424 2164 2679 2219 vestitum
2727 2164 2895 2221 fuisse
2927 2178 3074 2222 veste
3095 2168 3271 2235 talari,
3292 2177 3347 2223 et
3378 2170 3609 2239 praecisi--

2038 2259 2185 2306 ctum
2217 2251 2281 2306 ad
2322 2254 2589 2308 mamillas
2621 2265 2874 2325 tanquam
2899 2259 3230 2312 sacerdotem
3262 2258 3415 2328 juxta
3459 2260 3611 2314 ordi-

2038 2357 2164 2397 nem
2232 2343 2627 2413 Melehisedec,
2690 2363 2801 2403 non
2862 2350 3021 2419 juxta
3066 2352 3314 2406 ordinem
3370 2351 3607 2408 Aaron:

2038 2434 2293 2503 quoniam
2337 2450 2443 2490 non
2480 2448 2564 2492 est
2606 2438 2761 2506 juxta
2812 2438 2943 2493 Mosi
2980 2440 3151 2510 legem
3182 2441 3357 2496 cultus
3401 2443 3494 2512 qui
3543 2443 3612 2497 ab

2038 2524 2154 2595 ipso
2206 2526 2365 2582 nobis
2418 2527 2650 2583 traditus
2703 2537 2807 2593 est,
2860 2530 3024 2601 657
3072 2530 3169 2586 sed
3204 2531 3360 2597 juxta
3411 2548 3611 2587 novum

2038 2616 2286 2672 ordinem
2344 2617 2700 2675 Melchisedec
2730 2638 2745 2675 :
2776 2621 2843 2676 de
2889 2638 2997 2691 quo
3052 2624 3215 2678 etiam
3269 2625 3406 2679 dixit
3454 2625 3614 2681 divus

2036 2711 2235 2769 Paulus
2263 2714 2307 2746 ²¹
2344 2714 2659 2785 pontiﬁcem
2681 2724 2736 2771 et
2763 2717 3067 2786 apostolum
3091 2718 3276 2773 datum
3312 2719 3469 2774 nobis
3490 2733 3615 2775 esse

2041 2804 2347 2873 Christum,
2380 2807 2473 2877 qui
2506 2808 2745 2877 seipsum
2774 2808 2826 2861 in
2862 2810 3196 2864 sacriﬁcium
3220 2811 3529 2873 obtulisset,
3559 2822 3614 2866 et

2041 2895 2439 2954 introduxisset
2465 2898 2533 2953 ad
2566 2898 2736 2954 Deum
2774 2897 2988 2955 Patrem
3022 2916 3087 2956 ac
3118 2900 3379 2971 Spiritum
3418 2914 3617 2958 nostra:

2039 2988 2164 3043 ﬁdei
2199 2988 2618 3046 confessionem.

2113 3079 2182 3133 Et
2208 3083 2552 3152 prwcinctum
2580 3083 2649 3137 ad
2673 3083 2960 3141 mamillae.
2990 3083 3350 3141 Prtecinctum
3388 3086 3453 3139 ad
3487 3101 3608 3140 ma-

2048 3170 2225 3228 millas
2257 3174 2407 3239 dicit,
2426 3189 2534 3228 non
2571 3183 2752 3230 autem
2789 3175 2856 3230 ad
2878 3176 3132 3232 lumbos:
3166 3178 3294 3247 quia
3319 3192 3492 3247 neque
3521 3177 3613 3231 hic

2048 3267 2222 3320 fertur
2252 3268 2677 3337 appetitionibus
2734 3284 2858 3337 qua:
2890 3271 2992 3325 sub
3026 3277 3213 3324 ventre
3261 3278 3612 3339 generantur,

2047 3373 2183 3427 quas
2212 3360 2424 3415 caneris
2452 3360 2768 3415 hominibus
2803 3360 3042 3415 salutare
3072 3370 3157 3416 est
3178 3376 3445 3416 coercere.
3481 3361 3612 3415 Prc-

2048 3459 2229 3520 pterea
2265 3467 2439 3523 neque
2465 3453 2531 3507 ad
2568 3468 2663 3509 eas
2690 3464 2873 3523 partes
2900 3455 3114 3510 cinctus
3138 3465 3222 3511 est
3261 3457 3325 3510 ad
3356 3471 3494 3525 quas
3525 3456 3612 3511 his

2047 3550 2232 3611 pateat
2262 3557 2519 3600 accessus
2554 3584 2569 3608 ,
2604 3559 2670 3598 eo
2700 3545 2847 3615 quod
2881 3546 3022 3601 Deus
3047 3546 3130 3602 his
3154 3545 3414 3602 ineﬂ‘ahili
3446 3547 3607 3601 modo

2047 3633 2120 3688 sit
2142 3634 2420 3704 obseptus,
2447 3636 2541 3692 sed
2568 3636 2637 3690 ad
2669 3646 2857 3707 pectus
2882 3646 2937 3692 ct
2954 3638 3247 3705 mamillas,
3283 3648 3341 3693 ut
3364 3638 3612 3708 benigni-

2050 3728 2133 3777 tas
2155 3732 2210 3777 et
2232 3724 2546 3781 humanitas
2569 3726 2773 3796 justam
2796 3743 2862 3782 ac
2878 3727 3118 3782 divinam
3144 3727 3279 3782 iram
3309 3728 3608 3794 contineat,

2049 3830 2172 3885 quae
2198 3816 2417 3871 tolerari
2449 3832 2555 3872 non
2587 3828 2809 3889 posset:
2839 3830 2895 3874 et
2925 3820 3126 3875 veritas
3149 3819 3470 3875 ostendatur
3496 3835 3615 3890 qua:

2049 3906 2157 3961 duo
2181 3907 2349 3977 cingit
2378 3917 2720 3976 testamenta,
2764 3918 3025 3981 tanquam
3054 3911 3268 3966 Domini
3292 3911 3459 3966 ubera
3494 3912 3619 3981 qni-

2049 3997 2154 4054 bus
2183 4000 2369 4056 ﬁdeles
2398 4002 2649 4058 aluntur:
2682 4003 2749 4058 de
2766 4018 2876 4074 quo
2901 4005 3060 4059 etiam
3095 4005 3302 4060 dictum
3334 4014 3418 4061 est
3452 4023 3466 4060 :
3496 4023 3515 4056 ι
3558 4006 3621 4059 Et

2049 4089 2229 4159 cinget
2255 4090 2465 4160 justitia
2491 4092 2707 4147 lumbos
2730 4093 2869 4161 ejus,
2893 4102 2948 4148 et
2976 4094 3174 4149 veritas
3206 4095 3426 4163 inunget
3449 4096 3618 4151 latera

2048 4180 2168 4250 ejus
2202 4181 2246 4213 ³⁸
2282 4200 2300 4233 ι
2333 4180 2549 4237 Justitia
2595 4184 2813 4253 quidem
2837 4184 3009 4239 lumbi
3043 4186 3203 4241 cincti
3233 4187 3516 4253 dicuntur,
3552 4204 3621 4243 ne

2050 4273 2296 4329 ferantur
2336 4275 2392 4329 in
2427 4290 2713 4330 excessum
2751 4291 2915 4344 supra
2956 4278 3269 4332 rationalem
3312 4289 3562 4333 naturam
3603 4296 3617 4333 :

2052 4366 2277 4420 veritate
2314 4376 2495 4421 autem
2535 4367 2724 4435 juncta
2755 4366 2920 4422 latera
2957 4376 3215 4438 tanquam
3257 4370 3441 4424 divino
3471 4371 3617 4433 oleo,

2050 4473 2114 4512 eo
2143 4459 2288 4527 quod
2324 4460 2523 4514 veritas
2554 4460 2913 4516 humanitatis
2943 4462 3088 4517 circa
3120 4476 3273 4517 suam
3306 4472 3620 4518 creaturam

379 4558 512 4626 περὶ
556 4557 616 4609 τὸ
666 4560 863 4613 οἰκεῖον
914 4561 1137 4632 πλάσμα
1186 4564 1596 4637 φιλανθρωπίας
1639 4568 1946 4638 παρρησιά-

2056 4550 2223 4607 libere
2252 4561 2378 4622 agat
2419 4560 2473 4608 et
2502 4552 2773 4622 loquatur.

379 4644 518 4710 ζειν.

454 4733 662 4803 Ζὼνην
710 4738 969 4809 χρυσῆν.
1035 4742 1257 4813 Χρυσῆν
1299 4744 1396 4815 τὴν
1452 4745 1627 4817 ζώνην
1665 4748 1794 4817 ὅρα,
1844 4748 1951 4801 τῶν

381 4826 524 4879 κατᾶ
549 4829 639 4880 τὸν
664 4831 824 4899 νόμον
847 4833 1248 4906 ἱερέων-φάρεσι
1279 4837 1714 4906 πεποικιλμένοις
1736 4840 1953 4909 χρωμέ-

380 4934 508 4973 νων.
558 4921 705 4975 Ἔδει
758 4923 866 4994 γὰρ
917 4926 978 4978 τὸ
1025 4926 1280 4998 διάφορον
1324 4930 1556 4999 φανῆναι
1613 4928 1815 4984 δούλων
1860 4932 1954 4985 καὶ

384 5007 648 5075 σκιῶδους
675 5011 838 5083 νόμου
869 5016 961 5069 καὶ
987 5017 1087 5086 τῆς
1117 5017 1392 5088 ἀληθείας.

475 5102 542 5155 Ἦ
580 5103 649 5156 δὲ
680 5105 914 5174 κεφαλὴ
954 5108 1142 5163 αὐτοῦ
1184 5109 1279 5163 καί
1312 5111 1372 5162 al
1392 5110 1591 5179 τρίχες
1616 5111 1852 5166 λευκαί.
1885 5112 1958 5165 Τὸ

383 5190 493 5260 γάρ
524 5191 666 5244 κατὰ
688 5193 923 5264 Χριστὸν
951 5197 1271 5266 μυστήριον,
1304 5197 1591 5268 τιμαλφές,
1632 5199 1725 5252 καὶ
1763 5201 1811 5254 εἰ
1840 5201 1957 5255 νέον

383 5284 451 5352 τῇ
501 5284 791 5356 ἐπιφανείᾳ
833 5288 929 5340 καὶ
980 5286 1047 5341 δι’
1098 5290 1280 5359 ἡμᾶς,
1344 5290 1482 5343 ἀλλὰ
1534 5291 1859 5361 προαιώνιον
1890 5294 1956 5363 τῇ

385 5373 625 5446 εὐδοκία.
658 5377 755 5429 Διὸ
772 5379 863 5429 καὶ⁹
885 5378 1095 5442 natm;
1127 5396 1262 5450 φησι
1290 5380 1415 5452 περὶ
1447 5381 1611 5435 αύτοῦ
1632 5400 1647 5415 ·
1681 5400 1700 5435 ι
1741 5384 1813 5437 Τὸ
1845 5400 1953 5453 μυ-

387 5468 609 5537 στήριον
638 5469 697 5522 τὸ
726 5470 1214 5544 ἀποκεκρυμμένον
1248 5474 1356 5528 ἀπὸ
1385 5475 1490 5529 τῶν
1516 5474 1748 5543 αίώνων,
1771 5474 1866 5531 νῦν
1896 5477 1951 5529 δὲ

386 5559 702 5629 φανερωθέν
747 5566 860 5627 τοῖς
915 5564 1090 5633 ἁγίοις
1137 5564 1325 5620 αὑτοῦ.
1368 5585 1387 5619 ι
1444 5566 1613 5622 Τοῦτο
1660 5568 1688 5622 ὃ
1725 5569 1759 5639 η
1792 5568 1951 5624 πολιὰ

387 5648 511 5720 θρὶξ
541 5653 634 5705 καὶ
656 5652 787 5706 ὡσεὶ
813 5655 945 5725 χιὼν
977 5654 1357 5728 ὑποσημαίνει.

458 5852 506 5887 ⁸⁸
550 5852 693 5910 Psal.
722 5870 880 5921 Lxxv,
906 5856 991 5923 42,
1023 5856 1111 5912 45.
1188 5856 1229 5888 ¹¹
1259 5854 1420 5913 Ilebr.
1464 5873 1561 5925 nx,
1596 5858 1645 5913 1.
1722 5860 1767 5892 ¹²
1845 5858 1940 5917 lsa.
1973 5874 2049 5923 τι,
2082 5862 2136 5916 5.

2130 4730 2281 4787 Zona
2309 4748 2492 4787 aurea.
2524 4732 2759 4788 Auream
2786 4732 2998 4789 intuere
3026 4748 3240 4799 zonam,
3273 4736 3627 4804 quemadmoo

2057 4822 2185 4878 dum
2207 4823 2405 4892 legales
2433 4822 2743 4879 sacerdotes
2767 4824 2944 4893 palliis
2971 4825 3262 4879 utebantur
3308 4828 3623 4898 variegatis.

2058 4915 2311 4985 Oportuit
2341 4916 2483 4970 enim
2513 4916 2884 4971 diversitatem
2914 4917 3249 4972 manit‘estari
3273 4917 3415 4972 inter
3436 4934 3626 4975 servos

2058 5008 2173 5063 sive
2201 5008 2370 5077 legem
2420 5008 2768 5063 umbratilem
2797 5016 2852 5063 et
2880 5010 3184 5064 veritatem.

2128 5100 2300 5171 Caput
2334 5116 2451 5156 vero
2486 5101 2599 5170 ejus
2638 5112 2687 5155 et
2741 5102 2924 5171 capilli
2967 5102 3090 5156 alba
3129 5113 3299 5159 erant.
3344 5103 3623 5174 Siquidem

2056 5193 2374 5265 mysterium
2406 5194 2459 5248 in
2499 5193 2717 5249 Christo
2775 5203 3054 5264 peractum
3106 5196 3451 5264 splendidum
3487 5207 3567 5249 est
3610 5212 3623 5248 :

2056 5295 2111 5341 et
2131 5300 2444 5356 quanquam
2470 5293 2719 5340 recenter
2747 5286 3060 5356 apparuerit
3084 5296 3305 5356 propter
3334 5303 3455 5353 nos,
3484 5297 3625 5341 atta-

2067 5393 2192 5433 men
2232 5376 2433 5433 decreti
2470 5376 2808 5447 beneplacito
2846 5376 2951 5433 fuit
2997 5386 3284 5435 aeternum.
3336 5380 3623 5448 Propterea

2058 5485 2275 5541 quoque
2295 5476 2370 5525 ait
2392 5468 2458 5525 de
2474 5470 2591 5540 ipso
2619 5469 2906 5539 Apostolus
2928 5488 2973 5525 ε(
3000 5471 3310 5543 Mysterium
3334 5471 3477 5543 quod
3504 5473 3627 5528 abs-

2060 5563 2338 5617 conditum
2362 5561 2473 5617 luit
2492 5576 2523 5616 a
2551 5560 2785 5628 saeculis,
2825 5579 2971 5618 nunc
3001 5573 3184 5619 autem
3220 5563 3625 5625 manifestatum

2063 5663 2151 5710 est
2183 5655 2388 5709 sanctis
2414 5654 2553 5725 ejus.
2580 5655 2657 5707 ³³»
2693 5656 2840 5727 quod
2857 5657 3102 5729 designat
3130 5673 3300 5715 canus
3323 5658 3551 5731 capillus
3575 5665 3629 5714 et

2066 5745 2121 5801 in
2148 5747 2366 5803 modum
2392 5748 2554 5803 nivis.

2212 5865 2257 5895 ’³
2285 5862 2493 5919 Coloss.
2528 5880 2565 5922 ι.
2592 5864 2681 5919 ‘26.
