4042 6582
388 360 490 428 519

396 568 635 639 speciem
670 578 780 636 pra:
806 578 864 617 se
904 562 1140 617 ferentes
1174 561 1227 614 in
1269 558 1493 614 modum
1536 557 1769 612 ﬂarnmae
1799 575 1813 611 :
1847 556 1972 611 Ideo

389 660 550 715 etiam
578 655 978 712 dicitChristus
1015 672 1027 708 :
1064 673 1080 705 ι
1114 655 1224 724 Ego
1243 667 1364 708 sum
1387 651 1480 706 lux
1512 649 1793 714 mundi“;
1829 668 1845 701 ι
1879 657 1974 702 aut

405 751 655 804 ardorem
687 757 747 801 et
776 747 1039 801 ultionem
1070 748 1467 800 comminantes
1501 746 1762 799 adversus
1787 741 1974 798 Eccle-

389 840 499 895 sias
530 838 595 893 ad
617 854 753 908 quas
788 837 947 891 verba
976 837 1322 892 revelatiunis
1350 835 1819 899 transmittuntur,
1846 843 1966 888 lan-

390 946 556 1002 quam
591 946 701 985 non
735 932 945 1000 integre
980 930 1094 985 suis
1126 928 1336 1000 legibus
1361 930 1767 997 respondentes.

464 1112 534 1168 Et
576 1113 731 1184 pedes
761 1114 876 1184 eius
927 1112 1126 1166 similes
1171 1108 1556 1165 clmlcolibano.
1612 1105 1976 1161 Animadver-

394 1205 615 1261 tendum
646 1216 730 1261 est
760 1206 943 1261 Jesum
979 1206 1147 1259 Deum
1179 1213 1231 1259 et
1262 1202 1533 1258 hominem
1562 1201 1725 1272 pedes
1757 1199 1977 1264 habere,

388 1295 549 1365 juxta
604 1297 848 1350 divinum
901 1298 1078 1348 virum
1115 1292 1438 1363 Gregorium
1490 1291 1545 1345 in
1601 1288 1972 1351 sermonibus,

396 1390 522 1458 quia
550 1403 723 1458 neque
756 1389 896 1442 nuda
928 1387 1209 1441 divinitate
1240 1387 1304 1439 ad
1340 1400 1440 1440 nos
1464 1385 1727 1438 accedere
1780 1381 1979 1451 potuit,

397 1480 494 1536 sed
531 1496 624 1550 per
651 1496 893 1536 carnem.
924 1479 1094 1550 658
1124 1477 1294 1532 Porro
1328 1478 1512 1531 divina
1556 1486 1749 1530 natura
1783 1473 1984 1543 signiﬁ-

396 1581 552 1626 catur
611 1586 708 1641 per
736 1571 1198 1634 cbalcolibanum,
1232 1568 1377 1637 quod
1436 1581 1560 1620 vere
1590 1565 1708 1619 auri
1735 1563 1972 1633 speciem

400 1664 586 1727 habet,
649 1671 705 1718 et
758 1670 977 1731 propter
1008 1660 1362 1715 sonoritatem
1422 1654 1820 1727 prmdicationis
1862 1666 1984 1722 quae

400 1752 721 1822 suscipitur.
758 1751 863 1806 Per
886 1751 1048 1821 pedes
1070 1758 1256 1804 autem
1288 1748 1513 1812 Cltristi,
1542 1755 1595 1800 et
1626 1745 1982 1799 fundamenta

1213 350 1541 413 ARETIIE
1582 347 1961 411 CAESARE/l3
1999 344 2482 408 CAPPADOCl/E
2513 340 2849 403 EPISCOPI

463 473 619 532 Oculi
654 486 770 526 vero
797 464 959 539 ipsius
990 476 1240 538 tanquam
1270 467 1490 535 ﬂamma
1532 465 1687 536 ignis.
1710 464 1818 517 Aut
1846 462 1981 518 lucis
2011 468 2057 526 Α

3544 336 3651 402 520

2165 458 2266 524 Ὠς
2310 457 2468 527 φλὸξ
2502 455 2567 508 δὲ
2609 452 2799 522 πικρὸς
2826 453 2880 505 ol
2928 450 3223 519 ὀφθαλμοὶ
3254 448 3465 505 αὐτοῦ.
3495 450 3567 502 Ἢ
3599 450 3660 502 τὸ

2081 551 2371 622 φωτοειδὲς
2426 545 2866 618 παραδηλοῦντες
2911 541 3101 612 ῶσπερ
3129 544 3162 611 ή
3213 541 3345 610 φλὸξ
3379 540 3481 610 (διὸ
3512 542 3606 594 καὶ
3632 542 3661 595 6

2080 644 2315 717 Χριστός
2345 658 2510 713 φησιν
2533 657 2545 670 ·
2587 657 2605 691 ι
2665 637 2806 707 Ἐγώ
2840 638 2955 707 εἰμι
2984 634 3045 688 τὸ
3076 633 3193 703 φῶς
3229 632 3324 687 τοῦ
3362 629 3654 701 κόσμουγ»

2082 737 2115 808 ἢ
2161 735 2223 789 τὸ
2284 733 2576 788 καυστικδν
2618 748 2677 784 τε
2746 730 2840 783 καὶ
2888 727 3258 799 τιμωρητικὸν
3316 724 3665 788 ἀπειλοῦντες

2083 825 2227 880 κατά
2268 823 2379 877 τῶν
2438 819 2797 892 Ἐκκλησιῶν,
2854 814 2941 881 αἷς
2990 818 3058 871 τά
3092 816 3190 885 τῆς
3241 814 3667 884 ’Δποκαλύψεως

2081 918 2475 988 διαπέμπεται,
2531 914 2607 979 ὡς
2646 914 2705 967 οὐ
2739 912 2920 966 τέλεον
2957 912 3072 974 τοῖς
3111 906 3275 962 αὐτοῦ
3308 909 3495 978 νόμοις
3539 908 3668 960 ἀκο-

2084 1011 2426 1074 ὶιουθούσαις.

2154 1104 2264 1159 Kal
2292 1106 2346 1157 οἱ
2378 1100 2561 1167 πόδες
2586 1098 2794 1163 αὐτοῦ,
2822 1097 3009 1167 ὅμοιοι
3030 1092 3468 1166 χαλκολιϐάνῳ.
3495 1091 3671 1157 Πόδας

2088 1198 2280 1268 ἔχοντα
2325 1197 2417 1249 τὸν
2468 1194 2818 1263 θεάνθρωπον
2866 1188 3076 1258 Ἰησοῦν
3101 1187 3399 1242 ἀκουστέον
3441 1184 3671 1239 ἀκολού-

2089 1291 2196 1353 θως
2232 1289 2311 1359 τῷ
2362 1288 2492 1357 θείῳ
2527 1286 2636 1339 τῶν
2668 1284 2843 1353 λόγων
2884 1281 3037 1351 ἀνδρὶ
3072 1279 3376 1350 Γρηγορίῳ,
3411 1279 3492 1331 δτι
3535 1276 3671 1348 μηδὲ

2090 1386 2272 1454 γυμνῇ
2302 1384 2368 1453 τῇ
2405 1380 2620 1448 θεότητι
2669 1379 2800 1448 ἡμῖν
2842 1374 3214 1443 ἐπεδήμησεν,
3260 1370 3397 1424 ἀλλά
3422 1370 3509 1423 διὰ
3539 1386 3676 1441 σαρ-

2090 1476 2205 1538 κός.
2235 1473 2335 1527 Διά
2361 1474 2459 1543 μὲν
2485 1473 2577 1526 τοῦ
2598 1468 2799 1541 χαλκοῦ
2820 1466 3169 1541 χρυσοειδοῦς
3201 1466 3369 1528 δντως
3400 1465 3497 1534 τῆς
3521 1462 3675 1526 θείας

2093 1566 2309 1636 φύσεως
2360 1564 2718 1637 δηλουμένης,
2774 1564 2869 1615 καὶ
2898 1560 2985 1614 διὰ
3034 1560 3095 1612 τὸ
3123 1559 3405 1630 ἠχητικὺν,
3435 1554 3531 1609 τοῦ
3571 1572 3676 1626 κη-

2094 1659 2377 1732 ρύγματος
2424 1655 2927 1726 ὲκλαμῦανομὲνου.
2982 1653 3155 1715 Πόδας
3198 1652 3254 1704 δὲ
3305 1648 3400 1703 τοῦ
3436 1646 3674 1720 Χριστοῦ

2093 1754 2189 1808 καὶ
2219 1751 2500 1822 θεμελίους
2530 1751 2629 1819 τῆς
2674 1746 3024 1818 Ἑκκλησίας,
3058 1746 3151 1800 καί
3182 1744 3308 1806 τοῦς
3339 1742 3515 1804 θείους
3544 1742 3678 1794 ἀπο-

400 1843 657 1900 Ecclesize
685 1855 738 1899 et
767 1844 931 1898 divini
980 1842 1212 1913 apostoli
1247 1840 1549 1910 accipiendi
1596 1846 1742 1903 sunt,
1797 1837 1894 1907 qui
1931 1846 2014 1908 etj

2102 1845 2316 1909 στόλους
2373 1842 2692 1912 ὲκληπτέον,
2744 1839 3021 1909 καθαροὺς
3078 1836 3175 1908 μὲν
3217 1837 3308 1890 καὶ
3360 1834 3556 1896 αὐτοὺς
3597 1832 3676 1903 τῷ

402 1938 505 2006 ipsi
531 1938 652 2007 puri
680 1936 889 1991 ostensi
918 1944 1045 1990 sunt
1074 1935 1194 2005 igne
1219 1933 1651 1995 tribulationum,
1675 1943 1985 2000 quanquam

402 2044 511 2082 non
533 2036 722 2082 exacte
748 2027 792 2081 si
815 2027 881 2080 ad
908 2027 1051 2080 hunc
1064 2024 1415 2079 conferantur
1441 2043 1454 2076 :
1484 2023 1577 2076 sed
1599 2030 1780 2076 tamen
1806 2034 1989 2088 quem-

403 2116 695 2172 admodum
755 2116 1014 2186 magister
1083 2130 1275 2169 eorum
1347 2113 1599 2168 Christus
1679 2111 1991 2166 Judacorum

403 2207 767 2273 contumacia,
812 2206 886 2260 ita
916 2213 970 2260 et
1004 2205 1057 2259 hi
1092 2204 1336 2276 gentium
1374 2204 1656 2258 ferocitate
1684 2202 1769 2257 sui
1789 2199 1981 2268 explo-

407 2299 675 2355 rationem
707 2308 965 2367 tauquam
999 2312 1095 2367 per
1126 2297 1304 2367 ignem
1333 2296 1802 2349 demonstrarunt.
1830 2291 1990 2358 Quod

408 2402 589 2446 autem
617 2399 671 2446 et
697 2391 947 2445 Christus
977 2391 1049 2443 sit
1083 2389 1494 2443 fundamentum
1520 2389 1676 2441 divus
1703 2385 1996 2456 Apostolus

316 2546 323 2552 _
410 2483 608 2540 asserit
634 2483 880 2537 scribens
911 2480 979 2536 ad
1015 2480 1354 2541 Corinthios,
1397 2478 1502 2533 fide
1524 2480 1722 2548 dignus
1752 2479 1848 2549 qui
1895 2491 1996 2531 suo

413 2590 668 2632 sermone
701 2572 861 2627 [idem
901 2573 979 2627 rei
1010 2570 1174 2625 faciat
1206 2589 1249 2626 ιι
1294 2569 1756 2635 Fundamentum,
1801 2568 1995 2639 inquit,

414 2665 563 2721 aliud
604 2680 762 2719 nemo
801 2671 974 2734 potest
994 2678 1194 2732 ponere
1244 2670 1441 2733 praeter
1462 2662 1515 2717 id
1571 2664 1713 2733 quod
1758 2662 1997 2731 positum

414 2766 519 2825 est,
548 2756 692 2827 quod
726 2765 809 2811 est
838 2755 1191 2811 Christus":
1220 2753 1667 2810 Chalcolibamun
1696 2768 1821 2808 vero
1842 2752 1996 2819 dicit,

416 2850 530 2905 sive
561 2850 614 2903 in
644 2857 826 2903 monte
860 2847 1067 2903 Libano
1102 2847 1461 2902 fabrefactum
1500 2864 1513 2901 :
1546 2847 1988 2917 quandoquidem

418 2941 547 2995 huic
576 2940 914 2995 assimilatur
957 2940 1004 2997 is
1039 2940 1130 3011 qui
1165 2941 1479 2995 incarnatus
1511 2950 1631 2993 est:
1685 2939 1800 2994 sive
1832 2937 1997 2994 etiam

415 3033 796 3103 intelligendus
813 3042 896 3089 est
913 3034 1130 3089 libanus
1152 3035 1277 3090 teris
1295 3034 1533 3105 speciem
1558 3033 1785 3097 habens,
1827 3046 1995 3101 quem

417 3126 615 3180 medici
634 3125 940 3181 masculum
983 3126 1277 3196 appellant,
1303 3125 1393 3195 qui
1414 3134 1467 3181 et
1490 3126 1605 3193 ipse
1632 3125 1738 3195 igni
1768 3122 1997 3179 adsimi-

2094 1937 2231 2007 πυρὶ
2264 1936 2372 1988 τῶν
2411 1932 2737 2005 πειρασμῶν
2769 1930 3165 2000 ἀναφανέντας,
3206 1930 3254 1980 εἰ
3288 1928 3382 1979 καὶ
3416 1924 3519 1996 πρὸ
3548 1921 3675 1976 τού-

2092 2045 2189 2081 του
2219 2028 2477 2097 μετρίως.
2535 2024 2673 2078 Ἀλλ’
2714 2022 2903 2092 ὥσπερ
2937 2023 2964 2074 6
2994 2018 3312 2081 διδασκαλος
3344 2016 3577 2088 Χριστὸς
3608 2017 3676 2086 τῇ

2092 2121 2201 2174 τῶν
2269 2120 2537 2174 Ἰουδαίων
2581 2116 2856 2186 ἀπειθείᾳ,
2900 2114 3043 2167 οὐτω
3095 2114 3188 2166 καὶ
3239 2110 3392 2165 αὐτοὶ
3448 2112 3517 2180 τῇ
3568 2108 3678 2161 τῶν

2094 2214 2263 2267 ἐθνῶν
2300 2213 2584 2283 ἀγριότητι
2640 2210 2700 2262 τὸ
2744 2208 2987 2278 δοκίμιον
3040 2206 3249 2258 ἑαυτὶιν
3277 2204 3351 2266 ὡς
3383 2202 3470 2256 διὰ
3509 2201 3679 2271 πυρὸς

2095 2305 2523 2375 ἐπιδεδειγμένοι
2568 2301 2727 2355 εἰσίν.
2758 2301 2880 2353 Ὀτι
2926 2298 2982 2353 δὲ
3035 2298 3129 2351 καὶ
3168 2298 3195 2349 6
3240 2296 3471 2366 Χριστὸς
3509 2293 3675 2361 θεμέ-

2095 2399 2236 2463 λιος,
2286 2394 2595 2467 Κορινθίοις
2638 2394 2667 2446 6
2713 2391 2855 2454 θεῖος
2895 2390 3121 2459 γράφων
3151 2386 3383 2452 Παῦλος,
3422 2386 3683 2455 ἐχέγγυος

2095 2489 2174 2560 τῷ
2206 2490 2349 2559 λόγῳ
2388 2485 2788 2548 πιστώσασθαι,
2824 2484 2858 2533 ἰ
2898 2480 3183 2551 Θεμὲλιον,
3223 2479 3471 2547 φάσκων,
3526 2475 3684 2530 ἄλλον

2098 2582 2273 2644 οὐδεὶς
2322 2580 2543 2633 δύναται
2599 2578 2775 2631 θεῖναι
2824 2574 2973 2645 παρά
3022 2572 3111 2626 τὸν
3161 2572 3437 2641 κείμενον,
3472 2570 3530 2632 ὃς
3568 2571 3687 2621 ἐστι

2098 2673 2353 2745 Χριστός.
2418 2691 2436 2723 ι
2477 2668 2880 2724 Χαλκολίϐανον
2912 2665 2991 2731 δὲ,
3026 2667 3135 2718 εἴτε
3168 2662 3257 2716 τὸν
3286 2664 3343 2716 ὲν
3372 2660 3447 2732 τῷ
3469 2659 3687 2729 Λιϐάνῳ

2099 2768 2178 2841 τῷ
2210 2768 2326 2838 ὄρει
2377 2762 2865 2836 μεταλλευόμενον,
2900 2759 3088 2830 ἐπειδὴ
3118 2756 3293 2824 τούτῳ
3328 2752 3688 2824 ἀφωμοίωται

2099 2868 2128 2919 6
2157 2862 2607 2933 ὲνανθρωπήσας,
2661 2858 2853 2927 φησιν,
2886 2855 2995 2907 εἴτε
3037 2853 3132 2906 καὶ
3162 2851 3255 2904 τὶν
3282 2847 3566 2921 χαλκοειδῆ
3604 2845 3689 2899 λί·

2101 2955 2264 3009 ϐανον
2304 2954 2545 3023 νοητέον,
2596 2950 2655 3003 ὃν
2694 2946 2893 3019 ἰατρῶν
2934 2945 3125 3007 παῖδες
3165 2943 3369 3014 ἄρρενα
3406 2936 3687 3000 καλοῦσιν,

2100 3047 2319 3110 εὐώδεις
2361 3046 2453 3099 καὶ
2490 3043 2651 3099 αὐτὸν
2684 3042 2819 3112 πυρὶ
2865 3038 3155 3110 ὁμιλοῦντα
3190 3032 3397 3105 ἀτμοὺς
3432 3028 3693 3099 ἀποπέμπ-

2102 3158 2293 3195 ποντα.
2343 3138 2453 3192 Καὶ
2511 3137 2594 3189 δτι
2646 3133 2869 3196 εὐώδεις
2909 3132 3003 3185 καὶ
3053 3129 3288 3201 Χριστὸς
3318 3126 3413 3179 καὶ
3444 3125 3491 3177 οἰ
3523 3117 3691 3175 αὐτοῦ

427 3219 1011 3290 lis,suffumigationcs
1040 3220 1225 3273 suavis
1269 3218 1468 3274 emittit
1498 3218 1706 3272 odoris.
1736 3216 1804 3271 Et
1840 3215 1993 3287 quod

2109 3235 2243 3289 θεῖοι
2297 3231 2608 3295 ἀπόστολοι,
2659 3230 2693 3297 ἡ
2746 3229 2804 3280 ὲν
2862 3224 3108 3297 ’ᾼσμασι
3154 3220 3360 3291 Νύμφη
3411 3215 3693 3283 ἀξιόλογος

416 3313 603 3369 suavis
628 3328 845 3382 quoque
872 3312 1059 3367 odoris
1084 3313 1155 3367 sit
1198 3312 1453 3367 Christus
1494 3312 1774 3381 divinique
1819 3312 1992 3380 ipsius

418 3404 683 3474 Apostoli,
727 3418 925 3474 sponsa
990 3405 1043 3458 in
1081 3404 1319 3459 Canticis
1362 3403 1523 3473 digna
1564 3411 1647 3457 est
1682 3418 1804 3472 quae
1845 3402 2006 3456 tidem

421 3493 623 3550 faciat:
654 3512 670 3543 ι
701 3490 868 3558 Odor,
902 3495 1563 3563 inquit,vestimentorum
1593 3503 1812 3547 tuorqu
1839 3506 2006 3561 super

419 3584 600 3638 omnia
632 3598 875 3640 aromata
908 3585 975 3650 ’“,
1016 3604 1034 3636 ι
1071 3597 1126 3641 et
1177 3587 1291 3654 ipse
1340 3585 1588 3655 Sponsus
1644 3586 1894 3639 Christus
1939 3583 2006 3639 de

419 3674 600 3743 seipso
647 3674 887 3745 loquitur
922 3676 986 3728 ad
1029 3674 1297 3746 Sponsam
1335 3694 1348 3729 :
1387 3694 1404 3727 ι
1446 3677 1557 3746 Ego
1588 3675 1686 3730 llus
1720 3676 1899 3744 campi
1954 3685 2004 3730 et

419 3764 591 3817 lilium
619 3767 948 3819 convallium
971 3768 1037 3823 ’⁷.
1072 3786 1091 3819 ι
1117 3768 1182 3821 Εῑ
1209 3768 1283 3821 ita
1304 3768 1524 3837 quidem
1544 3768 1818 3823 Christus.
1837 3768 2005 3823 Porro

420 3854 832 3925 suavis-quoque
856 3856 1163 3926 fragrantia:
1194 3867 1325 3911 sunt
1359 3858 1530 3928 ipsius
1560 3860 1792 3928 apostoli
1830 3877 1842 3913 ε
1880 3860 2002 3916 ideo

420 3950 586 4001 etiam
620 3949 695 4002 ait
724 3948 946 4013 Paulus,
985 3967 1004 4000 ι
1039 3949 1244 4004 Christi
1275 3953 1414 4005 bona
1480 3950 1778 4022 fragrantia
1815 3969 2005 4009 sumus

426 4040 478 4093 in
509 4040 594 4096 his
624 4041 717 4110 qui
744 4041 878 4096 salvi
898 4042 1033 4095 fiunt
1056 4054 1109 4097 ct
1139 4043 1191 4097 in
1211 4044 1293 4099 his
1322 4046 1413 4114 qui
1436 4045 1777 4114 pereunt".t
1817 4047 2007 4103 Merito

423 4140 604 4189 autem
643 4147 830 4188 vorem
863 4133 982 4203 ejus
1021 4135 1073 4188 in
1117 4137 1341 4190 modum
1390 4152 1660 4206 aquarum
1706 4140 2002 4194 multarum

425 4224 560 4279 dicit
590 4239 848 4281 resonare
876 4243 891 4293 ;
924 4227 1192 4297 siquidem
1227 4231 1537 4285 communis
1565 4241 1649 4288 est
1679 4233 1853 4302 ipsius
1890 4250 1995 4288 vox

426 4326 480 4371 ct
509 4319 735 4389 spiritus
765 4338 779 4373 :
815 4336 879 4373 ex
912 4320 1071 4391 cujus
1110 4324 1423 4390 operatione
1456 4323 1681 4379 flumina
1716 4326 1785 4380 de
1817 4335 2005 4381 ventre

428 4412 548 4479 ejus
584 4409 881 4477 fluxerunt,
917 4410 1074 4479 juxta
1123 4415 1502 4484 propheticum
1534 4431 1867 4482 sermonem,
1906 4437 1924 4468 ι
1958 4432 2011 4471 et

432 4501 555 4559 fons
583 4503 648 4558 de
674 4503 841 4558 domo
882 4502 1099 4557 Domini
1127 4507 1458 4574 egredietur,
1491 4523 1557 4562 ac
1598 4508 1847 4577 irrigabit
1893 4517 2008 4563 tor-

430 4602 636 4650 rentem
667 4596 990 4666 juncorum.
1020 4594 1097 4645 "i
1139 4595 1274 4660 Quis
1316 4606 1498 4651 autem
1523 4599 1760 4666 ambigat
1798 4600 1864 4653 ad
1902 4600 2007 4655 hoc

431 4688 656 4745 domum
691 4690 783 4744 Dei
806 4704 899 4744 eos
918 4688 1226 4758 appellatos
1251 4704 1395 4754 csse,
1429 4691 1520 4759 qui
1552 4706 1672 4746 sese
1692 4691 1852 4762 digne
1873 4709 2009 4762 prae-

434 4796 698 4854 pararunt
721 4784 787 4839 ad
816 4783 1044 4853 spiritus
1061 4784 1457 4852 operationem,
1483 4794 1534 4838 et
1557 4783 1651 4852 qui
1669 4784 1832 4837 etiam
1859 4783 2009 4838 dixe-

433 4886 696 4930 runtsese
718 4890 839 4930 esse
859 4874 1057 4943 templa
1079 4872 1167 4928 Dei
1199 4882 1253 4927 et
1289 4875 1529 4929 membra
1562 4875 1628 4929 de
1662 4876 1910 4931 membro
1934 4876 2016 4931 ὀἳ

431 4969 673 5040 profecto
730 4985 837 5022 non
899 4968 1040 5022 alius
1098 4983 1261 5037 quam
1300 4968 1392 5038 qui
1433 4967 1616 5022 divina
1661 4969 1776 5024 [nec
1833 4979 1887 5025 et
1937 4987 2016 5025 ra-

434 5061 660 5115 tionalia
697 5061 895 5130 templa
936 5071 1136 5130 sponte
1170 5061 1529 5131 ignoraret-it.
1579 5060 1641 5115 Et
1691 5064 1815 5132 quis
1853 5064 2006 5118 clari-

434 5162 599 5208 tatem
637 5154 758 5208 soui
801 5163 1005 5208 terram
1028 5164 1193 5207 totam
1216 5155 1562 5223 pervagantis
1605 5156 2017 5227 poteiitasper-

433 5251 573 5311 nari,
596 5250 699 5305 nisi
719 5250 763 5304 is
786 5248 1017 5303 fortasse
1036 5250 1127 5318 qui
1158 5250 1211 5303 in
1237 5250 1400 5319 [porci
1450 5267 1658 5307 morem
1703 5253 2014 5322 spirituales

435 5356 499 5396 ac
542 5341 753 5396 divinas
780 5343 1179 5397 illustrationes
1208 5343 1540 5399 seusibiliter
1582 5346 1694 5400 fieri
1724 5347 2004 5416 postulat?

507 5431 573 5486 Et
595 5433 814 5485 habebat
838 5434 888 5485 in
910 5434 1127 5487 dextera
1149 5450 1245 5488 sua
1269 5445 1459 5505 septem
1476 5437 1795 5493 stellaleas
1808 5448 2011 5508 septem

438 5524 629 5579 stellas
673 5524 761 5578 hic
794 5526 909 5594 ipse
940 5525 992 5578 in
1031 5541 1323 5598 progressu
1357 5538 1561 5599 septem
1598 5532 1818 5601 angelos
1847 5531 2016 5587 inter-

2110 3327 2483 3399 παραστῆσαι,
2523 3341 2540 3374 ι
2593 3320 2790 3390 Ὀσμὴ.
2825 3318 3130 3386 φάσκουσα,
3163 3312 3392 3383 ἱματίων
3420 3322 3514 3361 σου
3549 3305 3693 3376 ὑπὲρ

2111 3398 2289 3475 πάντα
2314 3419 2380 3473 τὰ
2412 3414 2699 3487 ἀρώματα.
2737 3432 2756 3463 ι
2801 3410 2908 3464 Καὶ
2938 3409 3101 3470 αὐτὸς
3134 3408 3161 3458 6
3189 3403 3439 3474 Νυμφίος
3458 3398 3694 3471 Χριστὸς

2112 3514 2245 3585 πρὸς
2273 3511 2371 3583 τὴν
2401 3510 2640 3580 Νύμφην
2667 3505 2793 3575 περὶ
2832 3500 3026 3556 ἑαυτοῦ
3052 3500 3224 3567 λέγων
3244 3514 3257 3527 ο
3302 3517 3318 3548 ι
3367 3493 3508 3563 Ἐγὼ
3533 3492 3693 3555 ἄνθος

2108 3605 2202 3659 τοῦ
2241 3605 2424 3658 πεδίου
2474 3603 2567 3656 καὶ
2618 3597 2803 3669 κρίνον
2834 3596 2941 3649 τῶν
2999 3591 3285 3647 κοιλάδων.
3329 3608 3347 3641 ι
3395 3591 3505 3642 Καὶ
3550 3585 3695 3639 οὕτω

2113 3699 2211 3769 μὲν
2243 3699 2270 3750 ὁ
2300 3694 2557 3767 Χριστός.
2594 3690 2830 3753 Εὐώδεις
2859 3689 2915 3741 δὲ
2951 3687 3047 3739 καί
3086 3686 3134 3738 οἱ
3166 3682 3353 3737 τούτου
3380 3678 3692 3734 ἀπόστολοι.

2109 3791 2201 3844 Διὸ
2245 3790 2338 3843 καὶ
2370 3790 2569 3856 φάσκει
2604 3782 2843 3845 Παῦλος·
2880 3800 2897 3832 ι
2938 3777 3176 3849 Χριστοῦ
3207 3773 3405 3828 εὐωδία
3436 3772 3601 3843 ἐσμὲν
3637 3772 3696 3825 ὲν

2108 3885 2220 3945 τοῖς
2268 3877 2595 3948 σωζομένοις
2640 3874 2734 3929 καὶ
2793 3870 3210 3941 ἀπολλυμένοις.
3248 3885 3265 3918 ι
3341 3865 3428 3927 Ὦς
3487 3864 3688 3917 ὐδάτωι

2108 3977 2167 4030 δὲ
2222 3974 2433 4028 πολλῶν
2469 3967 2805 4039 ἀπηχεῖσθαι
2858 3966 2957 4036 τὴν
3019 3962 3204 4033 φωνὴν
3252 3960 3479 4022 εἰκότως
3516 3958 3691 4027 “φησί.

2108 4068 2279 4137 Κοινὴ
2313 4067 2421 4135 γὰρ
2452 4066 2484 4135 ή
2520 4062 2672 4134 φωνὴ
2698 4060 2862 4115 αὑτοῦ
2897 4058 2992 4111 καὶ
3016 4054 3109 4109 τοῦ
3144 4052 3486 4124 Ιινεύματος,
3518 4050 3608 4118 ἀφ’
3633 4041 3695 4101 οὗ

2109 4163 2208 4229 τῆς
2258 4160 2538 4228 ἐνεργείας
2577 4174 2594 4207 ι
2631 4156 2725 4208 καὶ
2778 4150 3012 4221 ποταμοὶ
3045 4151 3108 4201 ἐκ
3142 4145 3242 4214 τῆς
3287 4143 3496 4207 κοιλίας
3530 4138 3696 4195 αὐτοῦ

2109 4254 2399 4326 ἔρρευσαν,
2462 4271 2480 4303 ι
2534 4248 2675 4302 κατὰ
2726 4244 2817 4298 τὸν
2867 4240 3204 4313 προφητικὸν
3248 4236 3426 4305 λόγον.
3495 4254 3513 4285 ι
3584 4232 3699 4286 Καὶ

2112 4346 2262 4417 πηγὴ
2309 4344 2369 4407 ἐξ
2407 4344 2557 4396 οἴκου
2608 4340 2818 4411 Κυρίου
2863 4337 3201 4403 ἐξελεύσεται
3255 4333 3347 4386 καὶ
3384 4331 3562 4385 ποτιεῖ
3606 4332 3701 4380 τόν

2112 4440 2448 4509 χειμάρρουν
2484 4434 2592 4487 τῶν
2641 4433 2891 4504 σχοίνων.
2932 4451 2949 4482 ι
2988 4425 3149 4484 Οἷκον
3195 4427 3252 4481 δὲ
3290 4425 3446 4488 Θεοῦ,
3479 4423 3560 4485 τίς
3592 4421 3702 4492 ἀμ-

2048 4569 2089 4623 D
2121 4529 2337 4599 φιϐἁλοι
2387 4527 2462 4598 μὴ
2512 4528 2638 4589 τοὺς
2689 4524 2856 4591 ἀξίως
2901 4524 3002 4592 τῆς
3052 4520 3147 4574 τοῦ
3200 4519 3345 4573 θείου
3382 4516 3704 4586 Πνεύματος

2119 4621 2399 4692 ἐνεργείας
2459 4621 2686 4681 ἑαυτοὺς
2742 4617 3261 4689 παρεσκευακότας,
3341 4613 3448 4665 ὐπδ
3501 4610 3699 4663 τούτου

2122 4712 2393 4784 εἰρῆσθαι,
2426 4710 2473 4763 οἳ
2511 4713 2602 4764 καὶ
2634 4710 2918 4779 εἰρήκασιν
2943 4707 3167 4768 ἑαυτοὺς
3209 4701 3347 4758 εἶναι
3373 4704 3529 4765 ναοὺς
3564 4700 3703 4754 Θεοῦ

2123 4806 2217 4860 καὶ
2250 4804 2384 4875 μέλη
2434 4807 2495 4857 ἐκ
2528 4804 2761 4873 μέρουςς
2809 4802 2922 4855 Οὐκ
2953 4801 3109 4863 ἄλλος
3144 4800 3241 4870 μὲν
3267 4796 3379 4860 οὖν,
3410 4799 3441 4864 ἢ
3470 4798 3497 4848 6
3529 4794 3707 4849 ταῦτα

2121 4897 2191 4947 τὰ
2216 4896 2332 4948 θεῖα
2364 4894 2457 4948 καὶ
2491 4893 2613 4964 ἱερὰ
2637 4891 2808 4959 Λὸγια
2842 4891 3114 4962 ἀγνοήσας
3160 4888 3320 4942 ἑκών.
3352 4885 3461 4941 Καὶ
3492 4886 3551 4939 τὸ
3582 4886 3703 4937 δια·

2124 4986 2355 5056 πρύσιον
2402 4985 2457 5037 δὲ
2490 4984 2587 5054 τῆς
2636 4986 2716 5047 εἰς
2755 4982 2933 5035 πᾶσαν
2982 4982 3081 5051 τὴν
3116 4980 3219 5048 γῆν
3258 4979 3587 5048 ἀπηχήσεως
3619 4977 3708 5039 τίς

2124 5077 2397 5145 ἁθετὴσει,
2425 5077 2472 5128 εἰ
2509 5075 2582 5145 μή
2613 5091 2713 5126 που
2743 5073 2770 5125 6
2800 5070 3064 5143 χοιρώδης
3096 5071 3191 5123 καὶ
3230 5069 3257 5121 6
3282 5070 3700 5135 τὰςπνευματι-

2125 5170 2225 5232 κάς
2268 5168 2362 5221 καὶ
2416 5167 2568 5230 θείας
2612 5165 2909 5236 omnem;
2969 5162 3241 5234 αἰσθητῶς
3268 5161 3515 5216 ἁπαιτῶν
3550 5161 3710 5231 ἐνερ-

2123 5261 2335 5331 γεῖσθαι
2355 5279 2368 5326 ;

2197 5440 2303 5496 Kal
2356 5440 2513 5508 ἔχων
2562 5439 2630 5492 ἐν
2678 5437 2754 5508 τῇ
2800 5436 2968 5507 δεξιᾷ
3018 5435 3168 5505 χειρὶ
3218 5432 3402 5489 αὐτοῦ
3445 5429 3710 5498 ἀστέρας

2123 5534 2296 5590 ἑπτά.
2350 5534 2488 5596 Τοὺς
2533 5532 2673 5586 ἑπτὰ
2718 5532 2938 5597 τούτους
2982 5530 3216 5599 ἀστέρας
3250 5527 3511 5595 ἀγγέλους
3544 5523 3711 5585 αὐτὸς

511 5722 741 5806 f‘nJoau.
807 5742 929 5806 vin,
961 5731 1046 5785 12.
1126 5732 1169 5765 ’⁸
1207 5730 1249 5786 ιι
1283 5731 1408 5789 Cor.
1444 5748 1523 5803 ut,
1568 5733 1655 5791 ll.
1698 5736 1744 5766 ¹⁶
1784 5735 1943 5793 Cant.
1983 5751 2014 5792 ιη

2102 5735 2144 5791 2.
2176 5738 2217 5769 ³⁷
2248 5734 2404 5795 Cant.
2440 5753 2501 5806 tt,
2541 5736 2630 5792 15.
2711 5741 2755 5772 ’⁸
2788 5738 2830 5792 ll
2872 5736 2999 5794 Cor.
3034 5751 3094 5803 ιι,
3133 5736 3215 5789 15.
3293 5727 3487 5784 ιἰυυι.
3511 5741 3585 5792 ιιι,
3612 5724 3694 5778 ιδ.

439 5794 527 5851 "1
557 5797 681 5851 Cor.
710 5813 808 5864 xu,
839 5800 929 5854 ‘27.
