4042 6618
265 492 372 560 521

1333 467 1721 540 COMMENT.
1763 470 1843 534 ΙΝ
1886 457 2420 533 APOCALYPSIN.

3433 459 3540 523 522

267 604 428 670 οὗτος
475 601 684 676 προῖὼν
728 599 1081 675 ερμηνεύσει,
1120 597 1214 662 οὓς
1255 596 1349 651 καὶ
1381 593 1588 666 ἑκάστῃ
1625 590 1858 659 Ἐκκλη-

1980 586 2290 650 ›ι·θιο1)ἰιιιι·,
2327 580 2516 655 659'
2543 595 2780 652 quorum
2818 578 2984 635 etiam
3023 577 3272 648 singu'os
3307 573 3540 648 singulis

272 702 368 771 σίᾳ⁵
399 699 714 753 ἐπιστατεῖν
760 697 896 766 ἐρεῖ.
932 693 1045 749 Καὶ
1095 690 1395 764 Γρηγόριος
1439 690 1468 741 6
1507 689 1649 748 θεῖος
1691 687 1747 737 ἐν
1782 683 1859 753 τῷ

272 790 659 861 συντακτηρίῳ
679 787 847 840 αὐτοῦ
869 786 1012 857 λόγῳ
1033 784 1094 838 τὺ
1117 783 1250 837 αὐτὸ
1276 779 1607 852 διαγορεύει,
1641 781 1705 831 ἐκ
1729 777 1862 830 ταῦ-

265 902 371 954 της
413 885 512 952 τῆς
568 879 995 948 ’Δποκαλύψεως
1060 876 1310 932 Ἰωάννου
1360 875 1537 928 ’έλκων
1582 872 1662 936 είς
1713 871 1861 941 ἡμᾶς

267 978 374 1047 τήν
401 973 594 1028 πειθώ.
636 972 898 1043 ’Δστέρας
933 971 992 1024 δὲ
1017 969 1172 1024 καλεῖ
1200 969 1328 1032 τοὺς
1357 965 1628 1034 ἀγγέλους
1651 963 1740 1016 διὰ
1763 962 1862 1031 τὴν

267 1068 472 1138 δαψιλῆ
499 1071 846 1138 φωτοχυσίαν
871 1063 971 1133 τὴν
1000 1065 1058 1117 ὲν
1087 1063 1273 1123 αὐτοῖς
1303 1059 1398 1112 τοῦ
1429 1054 1689 1129 Χριστοῦ.
1723 1055 1862 1116 Τοὺς

269 1159 474 1222 αὐτοὺς
505 1159 598 1212 καὶ
626 1159 727 1227 τῆς
757 1155 939 1222 δεξιᾶς
967 1153 1152 1226 χειρὸς
1178 1149 1460 1219 ἀξιοῦσθαι
1489 1149 1592 1218 τῆς
1629 1147 1863 1216 κατοχῆς

272 1267 434 1320 φησι,
466 1250 533 1318 τῇ
564 1247 874 1319 τιμιωτάτῃ
911 1244 1096 1298 στάσει
1125 1241 1289 1296 οἱονεὶ
1321 1238 1862 1307 ἐπαναπαυομένους.

289 1343 388 1394 Ἐκ
411 1339 506 1393 τοῦ
536 1341 805 1406 στόματος
835 1339 892 1390 δὲ
931 1337 1030 1408 τὴν
1061 1334 1336 1408 ῥομφαίαν
1362 1333 1461 1404 τὴν
1486 1331 1740 1401 δίστομον
1775 1331 1866 1382 ὲκ-

275 1431 635 1504 ·πορεῦεσοαι,
685 1431 866 1484 καίτοι
922 1429 1016 1481 τοῦ
1053 1427 1394 1496 Θεοπάτορος
1443 1423 1536 1477 ἐπὶ
1568 1422 1658 1475 τὸν
1693 1421 1866 1490 μηρὸν

272 1527 370 1577 τδν
394 1523 620 1576 δυνατὸν
667 1519 1082 1593 περιζώσασθαι
1121 1517 1325 1588 ταύτην
1352 1514 1752 1584 ὲντελλομένου,
1783 1513 1866 1564 ὅτι

281 1619 454 1686 μήπω
480 1617 600 1670 κατ’
627 1617 802 1668 ἐκεῖνο
825 1613 1019 1685 καιροῦ
1055 1615 1165 1675 τοῖς
1189 1609 1535 1682 παραϐάταις
1565 1607 1673 1661 τῶν
1703 1607 1868 1675 εὐαγιο

278 1709 515 1776 γελικῶν
547 1709 729 1778 νόμων
781 1708 814 1776 ή
849 1705 1130 1774 ἐκδίκησις
1169 1701 1547 1755 ἐπεπαίδευτο.
1585 1699 1692 1750 Καὶ
1713 1691 1868 1758 οὗτος

278 1799 362 1864 δὲ,
397 1801 485 1854 ἵνα
517 1800 614 1869 τήν
640 1797 910 1870 ἀναϐολὴν
941 1795 1276 1866 παραστήσῃ
1306 1793 1408 1862 τῆς
1436 1788 1738 1861 τιμωρίας,
1776 1788 1870 1840 ὲπὶ

279 1888 379 1943 τοῦ
434 1888 612 1961 μηροῦ
653 1890 793 1952 τέως
844 1889 944 1957 τὴν
991 1886 1269 1958 ῥομφαίαν
1321 1885 1533 1954 αἰωρεῖ.
1576 1881 1691 1934 Νῦν
1747 1881 1803 1934 δὲ
1834 1881 1868 1949 ἡ

1962 678 2226 735 Ecclesiis
2252 691 2486 747 przeesse
2521 674 2704 729 dicet:
2735 683 2789 727 et
2819 673 2978 728 divus
3013 669 3311 740 Gregorius
3353 669 3406 722 in
3439 682 3542 722 suo

1963 772 2434 827 coordinationum
2468 767 2608 822 lihro
2671 766 2815 821 idem
2841 763 3062 828 astruit,
3085 778 3149 816 ex
3183 758 3539 821 hacJoannis

1963 865 2290 938 Apocalypsi
2322 880 2435 919 rem
2499 862 2678 918 facere
2739 861 2920 915 nitens
2977 858 3139 913 nobis
3199 855 3541 912 credibilem.

1969 959 2166 1015 Stellas
2190 967 2372 1014 autem
2405 965 2568 1013 vocat
2597 953 2821 1024 angelos
2843 956 3063 1022 propter
3091 950 3231 1005 lucis
3255 948 3544 1003 abundan-

1969 1052 2098 1106 tiam
2161 1067 2327 1121 quam
2365 1051 2418 1104 in
2461 1048 2596 1120 ipsis
2620 1031 2889 1103 “Christus
2923 1043 3203 1099 dillunilit.
3233 1041 3297 1097 Et
3327 1041 3546 1096 eosdem

1967 1119 2193 1198 dextras
2222 1157 2417 1196 manus
2456 1119 2621 1196 situm
2662 1147 2852 1194 nactos
2898 1152 3018 1192 esse
3053 1135 3188 1190 dicit
3225 1143 3411 1202 utpote
3457 1119 3566 1214 ἀἱοὶ

1966 1234 2233 1305 gnissimo
2263 1233 2673 1303 requiescentes
2713 1232 2926 1286 Ordine.
2956 1230 3030 1285 De
3063 1243 3158 1285 ore
3198 1235 3382 1282 autem
3428 1224 3550 1294 ejus

1967 1328 2207 1397 gladium
2262 1337 2495 1396 utraque
2525 1335 2681 1396 parte
2711 1333 2932 1380 acutum
2972 1323 3103 1378 dicit
3141 1322 3346 1391 egredi,
3391 1330 3554 1389 alque

1970 1416 2062 1473 Dei
2093 1419 2404 1490 progenitor
2430 1417 2694 1488 praecipit,
2725 1427 2780 1471 ul
2815 1418 2958 1471 hunc
2988 1429 3153 1486 snper
3190 1410 3366 1469 [οωιῆ
3390 1429 3552 1469 suum

1969 1522 2163 1583 potens
2191 1513 2444 1580 accingat
2476 1508 2520 1540 ⁸⁸
2556 1527 2569 1562 :
2620 1509 2749 1578 quia
2777 1509 3019 1562 nondum
3050 1521 3116 1562 eo
3142 1514 3385 1576 tempore
3416 1505 3554 1559 ultio

1972 1605 2175 1660 inﬂicta
2192 1611 2312 1659 erat
2338 1601 2840 1672 transgressoribns
2869 1601 3049 1671 legum
3091 1600 3554 1670 evangelicarum,

1971 1694 2180 1750 Idcirco
2205 1694 2296 1748 ille
2339 1702 2398 1748 ut
2443 1692 2854 1748 cunctationem
2887 1691 3140 1762 supplicii
3184 1691 3554 1754 demonstret.

1972 1803 2136 1858 super
2151 1786 2329 1844 femur
2346 1786 2561 1850 interim
2584 1784 2825 1855 gladium
2852 1785 3138 1855 suspendit
3165 1803 3177 1838 :
3205 1799 3349 1838 nunc
3373 1793 3565 1842 autem.

1971 1881 2258 1952 egrediens
2288 1895 2355 1935 ex
2376 1895 2470 1934 ore
2493 1879 2708 1951 gladius
2747 1893 3020 1934 summam
3055 1878 3306 1949 designat
3335 1892 3561 1948 promp-

279 1985 346 2035 ὲκ
381 1981 478 2034 τοῦ
522 1981 789 2051 πόματος
824 1978 1236 2048 ἐκπορευομένη
1269 1975 1531 2049 ῥομφαία,
1563 1975 1622 2026 τὸ
1652 1974 1869 2042 ἑτοιμό-

1980 1975 2263 2030 titudinem
2313 1987 2654 2042 eorumane
2698 1972 2997 2026 inevitabili
3047 1971 3244 2026 animm
3292 1970 3557 2040 periculo,

280 2092 447 2130 τατον
475 2074 851 2128 ὑπαινίττεται
909 2071 1018 2125 τῶν
1051 2073 1110 2126 ὲν
1135 2073 1202 2142 τῇ
1229 2070 1326 2141 νέᾳ
1358 2067 1592 2138 διαθήκῃ
1624 2066 1870 2137 ἀνηκόως

280 2166 648 2234 διακειμένων
680 2165 761 2228 εἱς
801 2164 1180 2234 ἀπαραίτητον
1205 2161 1387 2232 ψυχῆς
1418 2158 1664 2213 κίνδυνον
1703 2155 1872 2221 ὀξέως

281 2259 676 2336 ὲφορμὼντων,
717 2257 858 2331 πρὸς
903 2255 1217 2328 διχοτομίαν
1263 2252 1530 2324 δηλονότι.
1569 2251 1672 2304 Ἦν
1717 2248 1814 2302 καὶ
1843 2248 1872 2300 6

284 2355 493 2424 Κύριος
531 2355 587 2407 ἐν
616 2352 974 2422 Εὐαγγελίοις
1001 2350 1270 2420 ὑπέφηνε,
1311 2345 1740 2419 διχοτομηθῆναι
1779 2343 1872 2397 τὸν

283 2448 468 2520 ἀμελῆ
501 2447 688 2502 δοῦλον
719 2446 978 2501 ἀπειλῶν.
1015 2443 1129 2498 Καὶ
1165 2442 1372 2506 Παῦλος
1403 2440 1585 2508 ζῶντά
1615 2456 1749 2509 φησι
1781 2438 1872 2492 τὸν

281 2541 381 2595 τοῦ
403 2541 541 2595 Θεοῦ
589 2541 961 2613 τιμωρητικὸν
991 2539 1152 2607 λόγον
1183 2537 1279 2592 καὶ
1308 2535 1532 2607 ὲνεργῆ,
1565 2537 1662 2596 καὶ
1692 2531 1873 2604 τομώ-

282 2649 445 2704 τερον
493 2633 642 2704 παρὰ
693 2631 970 2704 ῥομφαίας
991 2671 1006 2696 ,
1057 2631 1152 2685 ἅτε
1185 2631 1249 2683 ἐκ
1283 2627 1376 2682 τοῦ
1409 2628 1674 2696 στόματος
1708 2625 1876 2678 ἐκπο-

286 2741 346 2795 ρε
355 2724 604 2793 υόμενον,
625 2725 723 2776 καὶ
737 2723 1110 2794 διικνούμενον
1129 2723 1288 2793 ἄχρις
1305 2721 1506 2774 ὀστέων
1524 2720 1617 2772 καὶ
1638 2716 1873 2787 μυελῶν,

283 2816 389 2867 οὐκ
447 2814 724 2885 αἰσθητῶς
771 2815 981 2886 μέντοι.
1044 2815 1208 2869 Ὅθεν
1262 2815 1359 2868 καὶ
1408 2813 1556 2878 ὀξεῖα
1603 2811 1743 2883 αῦτη
1799 2809 1877 2881 τῷ

298 2902 526 2975 Ἰωάννῃ
567 2903 1008 2976 ἀναγέγραπται,
1043 2905 1180 2973 ὅπερ
1224 2906 1304 2968 εἰς
1360 2903 1558 2957 ταυτὸν
1603 2902 1761 2972 φέρει
1810 2902 1875 2971 τῇ

284 2994 580 3066 τομωτάτη
626 2995 842 3049 Παύλου
886 2995 1155 3066 ῥομφαία.
1196 2996 1284 3059 Ὠς
1310 2995 1460 3066 ἥλιον
1486 2993 1541 3046 δὲ
1575 2993 1786 3062 φαίνειν
1808 2994 1874 3063 τῇ

282 3084 515 3154 δυνάμει
539 3087 861 3152 αὖτὺν,ὲπεὶ
885 3089 980 3141 καὶ
997 3087 1186 3152 Ἥλιος
1201 3089 1318 3141 ὲστι
1339 3085 1709 3155 δικαιοσύνης,
1735 3083 1878 3137 κατὰ

287 3175 579 3248 Μαλαχίαν
599 3178 692 3232 τὸν
717 3180 1026 3250 προφήτην,
1048 3197 1066 3231 ι
1096 3179 1348 3249 φωτίζων
1381 3178 1557 3232 πάντα
1587 3176 1877 3250 ἄνθρωπον

285 3272 588 3343 ἐρχόμενον
614 3274 692 3336 εἰς
717 3273 812 3326 τὸν
839 3273 1066 3345 κόσμον.
1102 3292 1120 3325 ι
1155 3274 1266 3345 Οὐχ
1293 3272 1369 3336 ὡς
1394 3271 1553 3342 σῶμα
1573 3271 1628 3325 δὲ
1652 3270 1878 3341 φωτίζει

1975 2065 2028 2118 in
2063 2079 2158 2121 eos
2185 2063 2280 2134 qui
2315 2065 2417 2119 sub
2448 2078 2592 2118 novo
2643 2069 2971 2118 testamento
2992 2070 3120 2116 sunt
3151 2061 3550 2126 inobcdientcs,

1973 2155 2174 2211 acriter
2197 2156 2398 2223 iri-unt,
2425 2154 2493 2210 ad
2513 2155 2840 2211 divisionem
2884 2153 3137 2209 videlicet
3174 2154 3226 2207 in
3258 2152 3397 2208 duas
3424 2168 3566 2225 par-_

1975 2260 2057 2305 les
2078 2264 2269 2320 :qnam
2298 2250 2460 2306 etiam
2481 2248 2745 2304 Dominus
2767 2249 2821 2303 in
2854 2247 3142 2317 Evangelio
3169 2248 3558 2320 designavit”,

1975 2341 2346 2398 comminatus
2372 2339 2730 2411 negligentem
2772 2355 2990 2395 servum
3019 2356 3141 2395 esse
3177 2340 3554 2396 dividendum.

1977 2435 2047 2490 Et
2081 2435 2286 2531 Paulus
2319 2435 2594 2490 viventem
2630 2434 2846 2531 dicit,”
2871 2435 3187 2531 punitivum
3219 2434 3314 2490 Dei
3345 2452 3562 2491 sermo-

1977 2545 2100 2586 nem
2139 2537 2197 2585 et
2227 2529 2508 2584 eflicacem
2551 2544 2618 2585 ac
2651 2529 2832 2602 gladio
2864 2529 3362 2599 penetrabiliorem,
3397 2531 3563 2584 veluti

1977 2636 2041 2678 ex
2095 2636 2191 2677 ore
2247 2621 2654 2693 procedentem,
2709 2637 2774 2677 ac
2823 2622 3217 2694 pet-ringentem
3266 2637 3443 2693 usque
3491 2623 3563 2677 ad

1977 2730 2103 2771 ossa
2133 2723 2188 2770 et
2216 2715 2504 2782 medullas,
2534 2730 2852 2785 quanquam
2889 2730 2997 2769 non
3022 2715 3389 2772 sensibiliter:
3420 2718 3566 2771 unde

1977 2809 2144 2863 etiam
2193 2808 2410 2877 gladius
2453 2809 2544 2864 hic
2574 2819 2770 2864 acutus
2802 2825 2830 2862 a
2857 2807 3072 2864 Joanne
3102 2809 3416 2880 descriptus
3455 2819 3560 2874 est,

1979 2900 2125 2970 quod
2163 2901 2218 2954 in
2247 2901 2390 2956 idem
2419 2903 2561 2958 redit
2589 2919 2716 2958 cum
2750 2903 2930 2973 gladio
2964 2905 3203 2957 maxime
3237 2903 3563 2974 penetrabili

1983 3008 2012 3044 a
2042 2992 2214 3046 Paulo
2242 2994 2444 3062 posito.
2479 2992 2765 3065 Tanquam
2795 2996 2966 3050 solem
3005 3010 3135 3050 vero
3163 2996 3346 3050 lucere
3385 2995 3565 3066 ipsum

1981 3083 2059 3136 ait
2089 3081 2144 3136 in
2180 3083 2406 3150 virtute,
2439 3086 2704 3155 quoniam
2739 3084 2832 3140 Sol
2866 3103 3086 3158 quoque
3111 3087 3315 3142 dicitur
3337 3086 3568 3158 iustitiae

1981 3175 2126 3245 apud
2156 3174 2480 3232 Malachiam
2506 3179 2829 3248 prophetam
2846 3179 2927 3234 ³⁸ι
2963 3199 2983 3233 ι
3022 3180 3114 3252 qui
3147 3181 3422 3238 illuminat
3447 3198 3568 3238 om-

1980 3283 2105 3324 nem
2130 3269 2407 3324 hominem
2431 3270 2738 3326 venientem
2764 3271 2817 3326 in
2841 3269 3209 3328 mundum'ﬁi
3236 3273 3353 3330 Non
3381 3281 3568 3331 autem

283 3365 550 3436 διαφανὲς
583 3368 880 3440 αἰσθητῶς,
909 3370 1044 3426 ἀλλὰ
1078 3370 1308 3441 νοητῶς.
1345 3370 1437 3423 Διὸ
1468 3369 1558 3422 καὶ
1605 3369 1873 3437 ἐπήγαγε,

1981 3363 2126 3419 sicut
2159 3377 2361 3434 corpus
2390 3364 2744 3435 perspicuum
2775 3365 3110 3421 sensibiliter
3160 3366 3563 3435 illuminat,sed

284 3459 366 3528 τῇ
411 3459 664 3532 δυνάμει
713 3465 921 3530 αὑτοῦ,
973 3464 1107 3517 ὡσεὶ
1143 3463 1352 3533 ἔλεγεν,
1395 3464 1478 3517 ὅτι
1521 3461 1584 3516 τὸ
1632 3462 1749 3533 φῶς
1782 3461 1876 3516 τοῦ

284 3551 532 3621 Χριστοῦ
552 3553 779 3624 δυνάμει
799 3556 885 3609 ὲνε
895 3559 1034 3626 ργεϊ,
1055 3557 1156 3609 οὐκ
1175 3555 1298 3625 ὄψιν
1319 3553 1672 3626 σωματικῶς,
1700 3553 1880 3625 ψυχῆς

285 3643 353 3696 δὲ
385 3645 592 3714 νοητῶς
619 3647 978 3718 καταλάμπον
999 3647 1337 3718 ὀφθαλμούς.

369 3825 479 3878 Καὶ
513 3826 612 3879 ὅτε
639 3821 806 3880 εἶδον
829 3827 1038 3894 αὐτὸν,
1072 3828 1298 3881 ἔπεσον
1327 3829 1471 3896 πρὸς
1519 3828 1660 3894 τοὺς
1687 3830 1880 3894 πόδας

286 3914 486 3968 αὐτοῦ
529 3915 610 3981 ὡς
654 3914 901 3984 νεκρὸς,
949 3917 1046 3969 καὶ
1089 3915 1268 3984 ἔθηκε
1308 3916 1425 3986 τὴν
1455 3917 1664 3983 δεξιὰν
1690 3919 1878 3973 αὐτοῦ

287 4009 390 4060 ἐπ’
435 4008 559 4079 ἐμὲ,
600 4008 825 4080 λέγων·
856 4007 954 4077 Μὴ
1017 4010 1228 4078 φοϐοῦ·
1269 4011 1384 4081 ἐγώ
1424 4014 1542 4081 ειμι
1573 4016 1605 4067 ὁ
1643 4012 1878 4080 πρῶτος

291 4102 396 4155 καὶ
424 4105 457 4155 ὀ
474 4102 735 4171 ἔσχατος
755 4103 853 4156 καὶ
877 4107 909 4157 ό
927 4103 1059 4168 ζῶν,
1084 4103 1184 4158 καί
1201 4104 1499 4174 ἐγενόμην
1517 4107 1756 4173 νεκρὸς,
1777 4107 1876 4159 καὶ

289 4193 430 4248 ἰδοὺ
461 4193 699 4263 ζὶὖνεὶμι
725 4198 815 4262 εἰς
835 4196 977 4263 τοὺς
996 4196 1219 4263 αἰῶνας
1247 4195 1366 4251 τῶν
1395 4195 1875 4270 αἰώνων.ΙἈμήν.

290 4286 410 4343 Kal
441 4287 558 4356 ἔχω
584 4287 690 4354 τὰς
713 4287 958 4355 κλεῖδας
1001 4288 1105 4343 τοῦ
1135 4287 1396 4343 θανάτου
1425 4287 1523 4342 καὶ
1566 4289 1674 4343 τοῦ
1704 4289 1874 4356 ᾅδου.

373 4420 536 4483 Ἔθος
580 4422 694 4485 τοῖς
741 4421 918 4490 ἁγίοις
968 4425 1276 4494 προφήταις
1334 4423 1536 4494 ὁρῶσιν
1589 4423 1876 4490 ὀπτασίαν,

293 4514 783 4572 καταπλήττεσθαι
814 4518 894 4577 εἰς
931 4517 1242 4586 παράτασιν
1273 4517 1375 4587 τῆς
1411 4516 1760 4590 ἀνθρωπίνης
1791 4519 1879 4570 εὐ-

289 4609 536 4672 τελείας,
564 4612 658 4663 χαὶ
681 4611 798 4675 τοῦ,
828 4612 952 4664 ὅσον
979 4612 1046 4664 τὰ
1078 4611 1196 4662 θεῖα
1221 4609 1332 4662 τῶν
1358 4611 1714 4682 ἀνθρωπίνων
1736 4613 1877 4665 κατὰ

1976 3456 2130 3526 juxta
2163 3456 2522 3512 intellectum.
2576 3457 2705 3512 ideo
2727 3473 2949 3528 quoque
2980 3459 3566 3529 subjungitduvirtute

1981 3565 2084 3603 sua
2120 3565 2139 3603 :
2172 3565 2237 3604 ac
2268 3551 2316 3604 si
2344 3550 2571 3614 diceret,
2598 3551 2747 3621 quod
2778 3551 2868 3605 lux
2895 3551 3098 3607 Christi
3133 3554 3332 3609 virtute
3367 3571 3567 3624 opera-

1981 3649 2094 3708 tur,
2147 3657 2255 3696 non
2291 3652 2516 3713 aspectu
2547 3643 2845 3714 corporali,
2874 3646 2969 3700 sed
3001 3647 3193 3701 oculos
3223 3647 3426 3701 animm
3454 3648 3566 3717 spi-

1983 3735 2259 3788 ritualiter
2291 3735 2634 3790 illuminans.

2051 3827 2092 3896 l,
2132 3831 2217 3894 l7,
2251 3829 2339 3884 18.
2373 3828 2581 3882 Etcum
2613 3829 2859 3884 vidissem
2892 3847 3034 3892 eum,
3093 3831 3258 3884 cecidi
3295 3831 3364 3884 ad
3412 3831 3567 3901 pedes

1979 3920 2094 3988 ejus
2125 3913 2374 3989 tanquam
2409 3931 2645 3973 mortuus
2677 3935 2695 3973 :
2724 3929 2773 3973 et
2803 3923 2976 3988 posuit
3007 3921 3278 3973 dexterum
3303 3938 3454 3974 suam
3481 3939 3572 3975 tu-

1979 4031 2071 4082 per
2091 4031 2192 4077 me,
2224 4014 2402 4067 dicens
2434 4029 2452 4067 :
2484 4012 2612 4066 Noli
2639 4015 2824 4066 timere
2856 4029 2874 4065 :
2897 4028 2988 4082 ego
3011 4029 3128 4064 sum
3161 4014 3363 4081 primus
3391 4022 3438 4066 et
3474 4030 3573 4065 no-

1981 4106 2251 4170 vissimus,
2288 4117 2336 4159 et
2364 4106 2506 4158 rivus
2527 4117 2575 4158 et
2613 4105 2690 4174 [ui
2749 4114 3011 4170 mortuus,
3051 4116 3101 4158 et
3152 4121 3268 4157 ecce
3329 4121 3445 4156 sum
3495 4106 3573 4157 ri-

1980 4215 2100 4253 veus
2165 4201 2220 4252 in
2272 4198 2478 4252 swcula
2515 4199 2856 4252 merularum.
2902 4199 3087 4251 Amen.
3119 4195 3186 4250 Et
3213 4197 3376 4251 habeo
3399 4198 3572 4252 claves

1979 4292 2167 4345 mortis
2207 4302 2255 4345 et
2292 4291 2599 4360 inferorum.

2053 4428 2220 4482 Moris
2282 4436 2366 4482 est
2419 4426 2624 4482 sanctis
2671 4426 2968 4497 prophetis,
3020 4433 3078 4477 nt
3133 4440 3257 4479 cum
3305 4425 3572 4480 visionem

1979 4523 2471 4594 650intuentnr,
2515 4521 2999 4590 obstupescantnh
3051 4528 3428 4572 vehementem
3479 4520 3576 4572 ah-

1978 4616 2272 4687 jcctioncm
2330 4615 2661 4669 conditionis
2717 4613 2970 4666 hnmanre
3019 4631 3031 4666 :
3087 4610 3335 4666 videntes
3397 4627 3574 4681 quan-

293 4701 361 4754 τὸ
403 4703 652 4772 κρεῖττον
708 4701 1116 4772 καθυπερτερεί
1169 4702 1264 4754 καὶ
1317 4703 1636 4767 ἀνέστηκεν.
1698 4703 1873 4775 Ὅπερ

1987 4721 2098 4766 lnm
2162 4709 2349 4764 divina
2403 4707 2660 4763 humanis
2716 4707 2827 4762 sint
2902 4704 3153 4767 meliora,
3212 4719 3391 4774 caque
3434 4719 3577 4773 prae-

310 4788 523 4857 Ίησοῦς
552 4790 579 4841 6
615 4789 708 4841 τοῦ
741 4789 897 4860 Ναυῆ
931 4790 1187 4851 πέπονθε,
1227 4791 1321 4843 καὶ
1350 4791 1594 4862 Δανιὴλὸ
1621 4794 1729 4844 τῶν
1763 4796 1884 4846 ἐπι-

298 4879 514 4948 θυμιῶν
569 4881 730 4953 ἀνὴρ,
780 4885 807 4935 ὁ
862 4882 962 4952 μὲν
1014 4883 1148 4953 πρὸς
1187 4883 1277 4936 τὸν
1311 4884 1750 4954 ἀρχιστράτηγον
1785 4891 1886 4957 τῆς

296 4972 396 5024 τοῦ
433 4975 638 5044 Κυρίου
661 4975 967 5045 δυνάμεως,
1003 4978 1030 5030 6
1051 4976 1105 5029 δὲ
1130 4977 1220 5029 ἐπὶ
1241 4979 1361 5040 ταῖς
1394 4977 1708 5048 ὁραθείσαις
1735 4980 1885 5049 αὐτῷ

297 5066 615 5130 ὁπτασίαις.
650 5067 861 5122 Οὐκοῦν
899 5070 1282 5141 παραπλήσιόν
1329 5087 1380 5124 τι
1418 5069 1628 5134 τούτοις
1661 5074 1753 5124 καὶ
1788 5074 1883 5125 νῦν

297 5157 330 5206 6
369 5156 764 5226 εῦαγγελιστὴς
803 5159 1064 5223 ὑποστὰς,
1099 5159 1444 5231 ἀνερῥῶσθαί
1479 5178 1612 5233 φησι
1645 5162 1744 5232 τῆς
1775 5181 1880 5216 σωο

296 5249 493 5316 τηρίου
529 5248 708 5315 δεξιᾶς
749 5251 843 5305 τοῦ
876 5253 1007 5306 Υίοῦ
1042 5253 1136 5306 τοῦ
1172 5254 1308 5307 Θεοῦ
1346 5256 1657 5326 ἁπτομένης
1694 5256 1881 5318 αὐτοῦ,

302 5343 445 5397 μετὰ
477 5343 877 5415 παρακλήσεως
922 5347 1014 5398 τὸν
1065 5346 1202 5417 πρὸς
1241 5349 1405 5402 αὐτὸν
1431 5347 1574 5402 θεῖον
1603 5349 1768 5403 αὑτοῦ
1797 5350 1886 5404 λύ-

297 5451 419 5500 ⁸γον,
447 5432 558 5488 οἷον
595 5437 815 5508 πρῶτον
843 5439 937 5494 καὶ
959 5439 1188 5510 ἔσχατον
1219 5442 1631 5512 ἐμφανίζοντος,
1664 5443 1882 5516 πρῶτον

296 5529 367 5595 τῇ
402 5526 523 5598 θείᾳ
557 5526 740 5597 φύσει,
765 5530 989 5601 ἔσχατον
1019 5535 1085 5602 τῇ
1113 5533 1367 5607 σωτηρίῳ
1387 5536 1520 5606 ἡμῖν
1551 5534 1714 5588 αὐτοῦ
1744 5553 1885 5606 ’παρ⁶

298 5618 494 5689 ιυσίᾳ,
554 5619 647 5673 καὶ
701 5620 901 5689 ζῶντα,
948 5625 997 5676 εί
1040 5625 1136 5678 καὶ
1201 5623 1268 5680 δι’
1320 5628 1468 5698 ἡμᾶς
1513 5627 1878 5699 νεκρωθέντα.

316 5709 456 5762 Ἀλλ’
507 5706 599 5766 οὖν
647 5712 824 5778 ζῶντα
856 5716 950 5769 καὶ
989 5716 1086 5780 τὰς
1117 5717 1264 5783 κλεῖς
1298 5720 1489 5789 ἔχοντα
1518 5717 1612 5774 τοῦ
1644 5719 1878 5774 θανάτου

374 5888 427 5967 '1
446 5889 592 5946 Psal.
625 5908 767 5967 πιεῖν,
797 5895 852 5948 4.
929 5896 973 5927 ³¹
1004 5895 1203 5955 Matth.
1239 5917 1310 5967 ιν,
1339 5901 1426 5956 51.

306 5960 350 5992 ³⁷
391 5959 530 6017 Dan.
562 5980 657 6028 vn,
696 5966 721 6018 1
761 5981 914 6035 seqq.
950 5984 1004 6028 κ,
1034 5969 1122 6024 ll.

640 6059 912 6119 ΡΑΤιιοι.
958 6059 1076 6121 Gn.
1127 6061 1282 6124 CVI.

1507 5903 1551 5934 ³³
1586 5901 1749 5958 llcbr.
1789 5919 1861 5969 Iv,
1915 5902 2002 5958 l2.
2080 5903 2123 5936 ³³
2158 5900 2389 5958 Malach.
2431 5919 2502 5969 iv,
2545 5903 2598 5957 2.

1992 4801 2194 4856 cellant
2242 4817 2306 4855 ac
2369 4800 2656 4854 excedant.
2709 4796 2863 4864 Quod
2926 4793 3057 4852 .lcsu
3125 4793 3204 4849 illi
3243 4795 3391 4849 Nave
3439 4809 3578 4848 eon-

1989 4896 2109 4964 ligit
2138 4895 2203 4954 ³⁸.
2237 4910 2299 4949 ac
2322 4891 2530 4947 Danieli
2554 4893 2672 4946 viro
2696 4890 3097 4946 desideriorum
3129 4888 3173 4919 ³⁷
3204 4905 3218 4942 :
3255 4887 3328 4940 illi
3354 4887 3574 4956 quidem

1988 4988 2055 5041 ad
2121 5002 2398 5040 summum
2453 4985 2729 5040 exercitus
2790 4981 3056 5036 Dominici
3118 4981 3295 5035 visum
3355 4981 3574 5042 duceni,

1989 5081 2021 5132 h
2048 5081 2114 5133 llc
2147 5090 2327 5133 autem
2355 5079 2419 5132 ad
2448 5085 2702 5132 ostensas
2753 5077 2856 5132 sibi
2917 5076 3183 5130 visiones.
3250 5078 3438 5144 Itaque
3491 5075 3576 5128 his

1992 5169 2147 5223 aliine
2181 5168 2438 5238 quiddam
2462 5168 2626 5222 etiam
2656 5182 2802 5221 nunc
2826 5166 3057 5237 conligit
3082 5166 3451 5236 evangelista,
3480 5166 3574 5234 qui

1990 5261 2066 5315 ait
2086 5275 2143 5314 se
2166 5260 2480 5314 rohoratum
2514 5259 2682 5313 luisse
2717 5257 2943 5312 salutari
2967 5273 3131 5311 manu
3160 5255 3284 5312 Filii
3319 5255 3577 5326 Dei,qn:e

1993 5356 2172 5426 ipsum
2210 5354 2379 5423 tetigit
2418 5359 2540 5422 post
2565 5351 2811 5405 divinum
2841 5349 3238 5404 consolationis
3268 5347 3467 5402 factum
3507 5347 3575 5400 aal

1991 5464 2049 5502 se
2077 5461 2413 5508 sermonem,
2454 5459 2649 5514 nempe
2676 5442 3007 5517 declaranda
3038 5441 3185 5512 quod
3239 5440 3448 5511 primus
3505 5439 3578 5492 sit

1990 5555 2054 5594 ac
2077 5550 2384 5610 postremus
2413 5556 2425 5592 :
2451 5537 2662 5608 primus
2685 5535 2871 5590 divina
2903 5543 3123 5600 natura,
3153 5542 3460 5603 postremus
3490 5547 3579 5586 sa-

1990 5632 2151 5686 lutari
2187 5631 2330 5687 facta
2362 5631 2520 5686 nobis
2565 5630 2737 5701 ipsius
2777 5626 3070 5698 praesentia
3097 5644 3110 5682 :
3137 5625 3394 5696 quodque
3419 5624 3577 5679 vivus

1988 5725 2079 5789 sit,
2117 5724 2330 5779 etiamsi
2369 5731 2590 5794 propter
2626 5738 2724 5777 nos
2776 5720 2941 5775 fuerit
2990 5729 3276 5776 mortuus:
3334 5726 3575 5772 attamen

2695 5903 2736 5937 ³³
2764 5900 2919 5956 Joan.
2961 5918 2999 5966 ι,
3027 5901 3081 5958 9.
3160 5899 3205 5932 ³⁸
3235 5897 3400 5954 Josue
3431 5913 3483 5962 ν.
3522 5895 3574 5950 l-

3189 6059 3267 6119 17
