4034 6614
527 447 632 510 523

1345 449 1672 510 ARETILE
1717 449 2096 511 CxESXREi‘E
2137 449 2620 510 CAPPADOCI/E
2650 451 2990 512 EPISCOPI

3687 459 3790 523 524

526 568 655 622 vivit
675 575 732 622 et
764 568 944 622 claves
972 565 1138 621 liabet
1165 566 1354 622 mortis
1402 585 1464 623 ac
1505 568 1724 622 inferni.
1756 570 1891 623 Cum
1958 570 2104 638 igitm

2223 570 2316 623 καὶ
2353 568 2448 623 τοῦ
2489 569 2635 640 ᾆδον.
2677 571 2766 634 Ὠς
2807 567 2902 624 οὖν
2927 569 3170 624 τοιοῦτον
3206 572 3400 643 ἔχοντα
3455 573 3668 644 βοηθὸν,
3701 595 3792 628 κε-

521 660 683 714 talem
726 659 923 715 habeat
943 659 1352 720 auxiliatorem,
1390 661 1547 730 jubet
1583 676 1650 715 ne
1701 660 1983 724 formidet,
2032 669 2114 714 nt-

521 752 726 821 queilli
755 752 1039 807 adhaerens
1087 751 1184 820 qui
1211 753 1342 805 vivit
1433 753 1486 806 in
1531 752 1730 806 szecula
1785 754 2114 822 sempiterna

2221 662 2368 715 λεύει
2403 662 2479 732 μὴ
2520 662 2821 730 φοὸεῖσθαι,
2865 663 2989 733 μηδ’
3037 663 3096 716 ἐν
3140 664 3292 735 αὐτῷ
3327 665 3795 737 προανακείμενον

2218 751 2296 822 τῷ
2330 752 2495 816 ζῶντι
2538 753 2618 816 εἰς
2649 752 3038 824 άτελευτήτους
3084 754 3286 818 αίῶνας
3337 755 3794 820 ὑποστείλασθαι,

519 861 630 900 non
655 855 928 910 vereatur,
959 845 1052 899 sed
1089 845 1300 914 absque
1338 845 1448 899 ullo
1470 854 1611 898 metu
1657 844 1860 899 scribat
1884 859 1945 899 ea
1994 859 2104 914 qua

2218 844 2354 898 ἀλλὰ
2380 845 2614 917 γράφειν
2641 845 3024 909 ἀνυποστόλως
3049 846 3086 900 ὃ.
3112 843 3243 908 εἶδε,
3277 849 3371 901 καὶ
3404 847 3440 902 ἃ.
3478 849 3608 915 εἰσὶ,
3637 851 3731 903 καὶ
3759 849 3795 902 ἃ.

518 939 673 1003 vidit,
704 951 759 993 et
779 954 900 1009 qua:
939 949 1066 993 sunt
1090 949 1144 992 et
1165 953 1285 1008 quae
1303 947 1530 992 ventura
1554 945 1702 998 sunt,
1727 938 1830 991 lioc
1859 945 1942 991 est
1974 951 2111 1006 prie-

519 1033 672 1086 terita
722 1045 786 1084 ae
825 1030 1112 1100 praesentia
1163 1044 1325 1083 :nain
1379 1030 1492 1082 haec
1525 1027 1782 1082 dicuntur
1838 1043 1958 1083 esse
1983 1028 2111 1098 qui-

516 1123 660 1188 dem,
689 1122 782 1177 sed
817 1121 1060 1175 nondum
1089 1121 1357 1176 transisse
1388 1120 1443 1174 in
1496 1119 1774 1174 interitum
1811 1135 1825 1169 :
1859 1134 1966 1173 una
2011 1133 2111 1173 au-

516 1225 622 1269 tem
655 1230 776 1269 eum
813 1215 898 1268 liis
929 1229 990 1268 ea
1019 1228 1141 1282 quae
1171 1211 1413 1266 futurum
1461 1219 1546 1265 est
1571 1220 1628 1264 ut
1659 1210 1792 1266 ﬁant
1831 1211 1896 1266 ad
1923 1214 2110 1281 cogni-

515 1307 716 1360 tionem
743 1305 1186 1371 _transeuntium.

585 1395 714 1448 Noli
743 1395 943 1448 timere.
993 1392 1212 1448 Visione
1243 1404 1625 1450 consternatus
1663 1393 2022 1463 evangelista,
2051 1403 2106 1448 et

510 1485 676 1540 veluti
704 1494 956 1540 mortuus
981 1495 1108 1540 ante
1142 1485 1305 1555 pedes
1343 1486 1462 1554 ejus
1497 1501 1660 1556 quem
1705 1485 1914 1540 viderat
1967 1499 2107 1540 con-

520 1577 769 1640 stitutus,
795 1577 1014 1632 audisse
1045 1593 1104 1632 se
1127 1578 1283 1633 dicit:
1308 1576 1437 1630 Noli
1473 1578 1675 1644 limere,
1706 1577 1862 1648 quasi
1893 1591 2102 1647 nequa-

507 1685 673 1740 quam
705 1670 884 1724 vivere
920 1670 1189 1740 potuisset
1217 1685 1375 1726 sacer
1407 1668 1647 1726 Joannes
1697 1685 1810 1741 prae
1855 1679 2094 1740 stupore,

507 1761 613 1815 nisi
654 1761 880 1815 salutari
907 1763 1127 1816 dextera
1161 1769 1339 1816 tactus
1397 1762 1610 1826 fuisset,
1665 1760 1892 1831 soloque
1951 1769 2096 1815 tactu

509 1854 602 1908 illa
645 1853 815 1909 fuerit
873 1865 1132 1924 operatus
1189 1855 1490 1910 mirabilia.
1535 1853 1671 1909 Nam
1717 1869 1842 1925 ego,
1897 1854 2094 1924 inquit,

2221 937 2403 1007 μέλλει
2433 937 2710 1009 ἔρχεσθαι,
2731 938 2895 992 οἱονεὶ
2928 939 2996 992 τά
3019 939 3358 1010 παρελθόντα
3377 940 3470 994 καὶ
3499 940 3791 994 ἐνεστῶτα.

2215 1027 2404 1083 Ταῦτα
2433 1029 2540 1101 γὰρ
2568 1030 2677 1082 τῶν
2718 1028 2910 1094 ὄντων,
2948 1029 3064 1083 ἀλλ’
3113 1031 3175 1084 οὐ
3197 1030 3306 1084 τῶν
3343 1033 3422 1095 εἰς
3451 1030 3794 1101 ἁνυπαρξίιν

2214 1122 2633 1191 κεχωρηκότων.
2659 1121 2811 1174 Μετὰ
2831 1121 3036 1176 τούτων
3051 1120 3108 1176 δὲ
3128 1163 3143 1188 ,
3167 1122 3262 1176 καὶ
3282 1122 3318 1176 ἃ
3340 1121 3524 1192 μέλλει
3549 1121 3792 1190 γίνεσθαι

2211 1211 2351 1281 πρὸς
2376 1212 2578 1279 γνῶσιν
2603 1212 2712 1266 τῶν
2743 1213 3174 1284 μετερχομένων.

2279 1369 2376 1436 Μὴ
2411 1369 2620 1438 φοϐοῦ.
2655 1369 3047 1438 Καταπλαγεὶς
3087 1372 3153 1440 τῇ
3186 1369 3283 1442 θέᾳ
3311 1371 3340 1424 ὁ
3370 1371 3786 1446 εύαγγελιστὴς.

2209 1459 2302 1512 καὶ
2349 1458 2423 1522 ὡς
2473 1459 2667 1530 νεκρὸς
2715 1458 3002 1523 ὑποτεθεὶς
3049 1458 3127 1530 τῷ
3175 1460 3441 1532 ὁρωμένῳ
3489 1465 3627 1534 πρὸς
3660 1471 3790 1528 τοὶς

2205 1549 2392 1614 πόδας,
2422 1549 2654 1604 ἀκοῦσαί
2679 1566 2834 1621 φησι,
2859 1548 2954 1618 Μὴ
2979 1548 3192 1618 φοϐοῦ,
3221 1550 3296 1614 ὡς
3329 1551 3428 1604 οὐκ
3461 1553 3526 1605 ἂν
3561 1554 3788 1623 ἰσχύσας

2203 1643 2304 1714 ζῇν
2327 1645 2355 1696 ὁ
2391 1642 2534 1710 ἱερὸς
2591 1642 2846 1712 Ἰωάννης
2894 1643 2960 1695 ἐκ
2989 1641 3089 1712 τῆς
3125 1641 3542 1713 καταπλήξεως,
3578 1645 3653 1716 μὴ
3684 1646 3786 1714 τῆς

2204 1733 2476 1805 σωτηρίου
2525 1733 2704 1801 δεξιᾶς
2735 1733 3026 1805 άψαμένης
3053 1735 3221 1789 αὑτοῦ
3249 1735 3348 1806 τῆς
3376 1737 3604 1790 πλεῖστα
3647 1741 3786 1808 μόνῃ

2199 1830 2266 1899 τῇ
2296 1828 2408 1900 ἁφῇ
2436 1827 2820 1899 ἐργασαμένης
2849 1827 3150 1898 θαυμάσια.
3183 1828 3326 1897 Ἐγὼ
3363 1837 3472 1900 γάρ
3503 1829 3650 1900 εἰμι,
3679 1847 3789 1898 φη-

506 1961 628 2000 sum
659 1945 730 1999 ob
772 1943 1004 1999 salutem
1031 1945 1272 1999 omnium
1306 1955 1546 2000 vestrum
1588 1944 1906 2000 novissimis
1956 1952 2096 1998 tem-

2206 1923 2310 1985 σἰν,
2342 1922 2369 1974 δ
2396 1921 2490 1974 ἐπὶ
2517 1920 2762 1991 σωτηρία
2798 1920 3025 1976 πάντων
3057 1921 3212 1991 ὑμῶν
3240 1921 3329 1975 ἐπ’
3363 1921 3613 1992 ἐσχάτων
3657 1939 3787 1974 και·-

503 2037 732 2106 poribus
763 2035 828 2089 ad
860 2051 955 2090 vos
986 2051 1108 2090 cum
1134 2050 1299 2089 carne
1337 2050 1661 2099 conversus,
1682 2043 1736 2089 et
1762 2053 1781 2086 ι
1819 2035 2096 2106 primOge-

503 2128 651 2182 nitus
681 2126 862 2181 omnis
881 2138 1147 2180 creatura:
1181 2125 1248 2180 ³⁸.
1296 2144 1315 2178 i
1344 2124 1633 2192 Quomodo
1652 2126 1814 2196 igitur
1839 2126 2098 2197 possibile

508 2229 657 2276 esset
693 2229 752 2275 ut
781 2219 910 2274 mali
945 2218 1226 2289 quidpiam
1252 2233 1316 2273 ex
1345 2233 1466 2274 mea
1496 2219 1838 2290 apparitione
1885 2229 2099 2290 patere-

502 2314 579 2369 ris
609 2313 633 2367 ?
669 2311 805 2368 Nam
838 2313 883 2368 si
918 2313 1040 2367 vivo
1062 2327 1126 2367 ac
1157 2311 1279 2368 fons
1315 2312 1440 2367 vitae
1479 2327 1627 2374 sum,
1679 2321 1737 2368 et
1775 2327 2091 2384 quanquam

501 2413 725 2476 propter
751 2419 850 2461 VOS
875 2413 1123 2459 mortuus
1146 2420 1288 2470 sum,
1313 2417 1532 2458 rursum
1564 2413 1746 2459 tamen
1771 2405 2091 2460 conculcata

501 2509 678 2554 morte
708 2499 920 2555 revixi:
954 2499 1230 2570 quomodo
1269 2496 1534 2567 possibile
1551 2506 1695 2552 esset
1734 2506 1792 2552 ut
1815 2508 1870 2553 tu
1897 2497 1988 2569 qui
2011 2499 2094 2552 vi-

499 2591 602 2658 vis,
627 2601 850 2662 propter
877 2605 964 2646 me
992 2599 1046 2646 et
1074 2589 1178 2644 mei
1219 2598 1503 2660 aspectum
1556 2589 1851 2645 morereris
1883 2589 1906 2643 ί
1935 2589 2091 2656 Quod

499 2690 547 2745 si
591 2685 755 2741 etiam
783 2685 965 2739 claves
983 2683 1157 2737 habeo
1197 2681 1392 2736 mortis
1424 2695 1488 2736 ac
1518 2679 1741 2743 inferni.
1781 2681 1902 2736 ideo
1941 2697 2092 2752 quo-

497 2795 605 2852 que
635 2777 850 2832 vivitico
879 2785 934 2831 et
960 2775 1251 2839 mortifico,
1277 2774 1487 2830 deduco
1515 2775 1582 2829 ad
1644 2773 1849 2829 inferos
1888 2789 1954 2829 ac
2009 2789 2091 2829 re-

495 2873 638 2928 duco
664 2871 730 2933 ³³,
755 2889 774 2922 ι
807 2869 1022 2939 meique
1050 2875 1180 2922 sunt
1221 2885 1268 2932 ι,
1303 2865 1455 2920 utait
1480 2864 2089 2935 Propheta,itransitus

495 2963 690 3019 mortis
713 2962 760 2995 ⁸ο
793 2976 809 3014 :
841 2981 861 3014 ι
900 2974 1245 3031 nequaquam
1305 2974 1458 3015 meos
1501 2959 1740 3014 cultores
1795 2967 2089 3029 antequam

495 3057 747 3128 expediat
776 3055 988 3110 mittam
1027 3055 1080 3108 in
1122 3065 1377 3118 mortem,
1417 3053 1523 3109 nisi
1565 3051 1802 3122 primum
1827 3051 1894 3106 ad
1955 3053 2092 3107 scri-

492 3149 731 3206 bendum
770 3147 1091 3202 admoveam
1123 3161 1186 3200 ea
1219 3161 1342 3216 qua:
1379 3151 1692 3215 cognitione
1731 3147 1892 3216 digna
1938 3155 2085 3202 sunt.

563 3241 607 3306 1,
635 3239 724 3305 l9,
753 3239 845 3293 20.
895 3237 1074 3292 Scribe
1100 3252 1216 3307 qua:
1261 3237 1442 3290 vidisti
1475 3247 1525 3290 et
1557 3251 1674 3306 qua:
1706 3247 1831 3291 sunt
1859 3247 1909 3291 et
1967 3251 2087 3306 quia
2111 3274 2156 3336 Ο

493 3336 734 3404 futurum
753 3342 829 3387 est
855 3343 907 3384 ut
943 3332 1077 3400 [iam
1098 3341 1214 3400 post
1253 3331 1384 3384 Iiwc.
1423 3331 1735 3400 Mysterium
1765 3330 1926 3402 661
1993 3347 2078 3386 se-

491 3437 634 3497 ptem
655 3423 931 3479 stellarum
955 3439 1088 3493 quas
1111 3422 1288 3475 vidisti
1313 3423 1365 3474 in
1396 3421 1614 3475 dextera
1644 3438 1782 3485 mea,
1812 3433 1859 3474 et
1880 3431 2073 3491 septem

493 3517 814 3572 candelabra
833 3532 1018 3570 aurea.
1057 3514 1270 3582 Septem
1301 3513 1493 3578 stella',
1527 3513 1705 3583 angeli
1737 3523 1932 3581 septem
1971 3512 2078 3566 Ec-

491 3611 776 3666 clesiarum
805 3618 968 3662 sunt:
988 3616 1037 3660 et
1069 3605 1392 3659 candelabra
1417 3614 1632 3673 septem,
1672 3614 1869 3674 septem
1897 3605 2080 3659 Eccle-

489 3708 584 3762 siae
603 3716 744 3760 sunt.

557 3797 692 3863 Qua:
712 3812 750 3850 ⁷ιι
787 3804 977 3850 sancto
1007 3795 1119 3848 visa
1148 3801 1296 3855 sunt,
1325 3793 1521 3860 partim
1546 3789 1765 3860 quidem
1788 3789 1902 3860 jam
1928 3789 2074 3846 faeta

490 3899 638 3953 sunt,
689 3889 988 3958 quinetiam
1015 3886 1169 3956 juxta
1203 3883 1550 3954 tempus—jam
1601 3884 1905 3940 terminum
1952 3900 2073 3941 sor-

488 3983 586 4037 tita
611 3991 758 4044 sunt,
797 3995 904 4034 non
957 3990 1134 4033 tamen
1169 3977 1242 4032 ita
1271 3987 1330 4031 ut
1360 3977 1526 4033 etiam
1555 3977 1607 4030 in
1637 3977 1916 4032 interitum
1957 3978 2072 4048 jam

489 4075 742 4129 abierint.
769 4072 891 4127 Ideo
914 4087 1132 4142 quoque
1162 4070 1230 4126 de
1255 4070 1389 4141 ipsis
1409 4069 1576 4124 dixit:
1600 4068 1736 4135 Qua:
1758 4081 1877 4124 sunt
1907 4089 1920 4125 :
1951 4087 2074 4142 par-

490 4168 586 4220 tim
639 4182 766 4220 vero
797 4165 851 4219 in
886 4175 1140 4234 promptu
1175 4173 1326 4228 sunt,
1359 4172 1419 4217 tit
1471 4172 1751 4218 transeant
1783 4181 1794 4216 :
1822 4179 2070 4217 rursum-

487 4276 592 4328 que
623 4259 689 4314 de
719 4259 994 4313 nonnullis
1028 4259 1275 4312 futurum
1304 4266 1388 4311 est
1419 4265 1481 4311 ut
1505 4257 1658 4321 liant,
1689 4256 1853 4310 veluti
1890 4257 1942 4309 in
1983 4270 2072 4308 se-

487 4353 781 4422 quentibus
810 4368 988 4406 sevmo
1011 4349 1321 4420 explicabit.

559 4445 870 4516 Mystei'ium
889 4456 1082 4514 septem
1107 4444 1403 4499 stellarum.
1457 4441 1727 4509 Quoniam
1758 4441 1858 4510 ipsi
1897 4441 2067 4510 signi-

491 4541 672 4594 lieavit
718 4554 968 4609 quaenam
1016 4539 1129 4592 sint
1166 4548 1374 4607 septem
1415 4535 1583 4590 stellae
1612 4544 1666 4588 et
1723 4533 1959 4586 lueeiuae
2005 4549 2069 4586 ac

2206 2011 2317 2082 ρῶν
2347 2012 2814 2082 συναναστραφεὶς
2845 2012 2975 2082 ὑμῖν
3005 2012 3144 2082 μετὰ
3175 2013 3398 2084 σαρκὸς,
3429 2013 3524 2067 καὶ
3565 2030 3584 2065 ι
3630 2029 3790 2084 πρω-

2202 2103 2423 2166 τότοκος
2478 2103 2660 2174 πάσης
2709 2104 2960 2168 κτίσεως.
3022 2125 3040 2157 ι
3115 2106 3238 2169 Πῶς
3295 2105 3387 2160 οὗν
3436 2100 3547 2160 οἷόν
3606 2108 3667 2160 τέ
3722 2123 3788 2158 σε

2202 2195 2397 2248 παθεῖν
2441 2212 2493 2248 τι
2540 2195 2711 2249 κακὸν
2755 2197 2819 2250 ἐκ
2860 2197 2956 2268 τῆς
2998 2198 3318 2266 ἐπιφανείας
3370 2214 3507 2268 μου;
3562 2199 3622 2251 Εἰ
3672 2198 3788 2267 γὰρ

2201 2287 2311 2354 ζῶν
2365 2290 2460 2342 καὶ
2508 2290 2659 2360 πηγὴ
2705 2289 2852 2358 ζωῆς
2893 2289 3156 2360 ὑπάρχων
3185 2290 3353 2358 (εἰδὲ
3387 2291 3482 2344 καὶ
3527 2291 3594 2343 δι’
3630 2290 3785 2361 ὑμᾶς

2200 2380 2469 2450 ἐγενόμην
2524 2380 2735 2452 νεκρὸς,
2782 2380 2898 2433 ἀλλ’
2943 2377 3100 2444 αὖθις
3135 2382 3367 2434 άνεὸίων
3396 2383 3646 2452 πατήσας
3686 2383 3786 2434 τὸν

2200 2470 2484 2541 θάνατον),
2536 2473 2650 2534 πῶς
2682 2465 2794 2524 οἷόν
2843 2472 2902 2526 τέ
2935 2489 2992 2526 σε
3048 2474 3139 2526 τὸν
3175 2473 3386 2538 ζῶντα,
3417 2474 3485 2526 δι’
3521 2475 3623 2545 ἐμὲ
3682 2473 3784 2526 καὶ

2197 2565 2294 2634 τὴν
2340 2565 2479 2636 ἐμὴν
2507 2565 2775 2618 ὀπτασίαν
2814 2565 3066 2634 γενέσθαι
3100 2566 3328 2636 νεκρόν;
3363 2567 3424 2620 Εἰ
3453 2566 3510 2619 δὲ
3541 2568 3636 2620 καὶ
3669 2566 3784 2636 ἔχω

2196 2653 2295 2716 τὰς
2346 2653 2496 2716 κλεῖς
2543 2655 2636 2707 τοῦ
2686 2654 2918 2709 θανάτου
2951 2654 3166 2708 καὶτοῦ
3215 2655 3367 2728 ᾆδον,
3408 2656 3492 2710 διὸ
3524 2658 3614 2710 καὶ
3636 2657 3782 2724 ζωο-

2197 2745 2343 2812 γονῶ
2395 2745 2490 2798 καὶ
2574 2747 2799 2815 κατάγω
2855 2747 2934 2810 είς
2995 2746 3122 2818 ᾆδον
3193 2748 3285 2800 aut
3361 2747 3584 2817 ἀνάγω,
3655 2749 3777 2812 καὶ,

2202 2855 2220 2888 ι
2274 2835 2442 2908 Ἐμοῦ
2487 2839 2645 2904 εἰσιν,
2671 2855 2690 2890 ι
2723 2839 2796 2904 ὡς
2828 2842 2855 2892 ὁ
2884 2841 3169 2910 προφήτης
3204 2841 3391 2910 φησὶν,
3421 2860 3437 2890 ι
3465 2843 3518 2893 αἱ
3552 2841 3779 2908 διέξοδοι

2197 2927 2291 2982 τοῦ
2327 2927 2585 2993 θανάτου,
2627 2947 2644 2981 ι
2666 2929 2764 2982 ούκ
2789 2927 2854 2984 ἂν
2884 2929 3010 2992 τοὺς
3048 2931 3216 2999 ἐμοὺς
3254 2931 3640 3000 προσκυνητὰς
3667 2934 3780 3002 πρὸ

2194 3023 2286 3077 τοῦ
2328 3023 2659 3094 καθήκοντος
2717 3022 3078 3093 παραπέμψω
3135 3022 3213 3093 τῷ
3269 3022 3518 3094 θανάτῳ,
3576 3023 3642 3076 ἂν
3699 3025 3779 3094 μὴ

2193 3116 2402 3187 γράψαι
2435 3115 2719 3186 ύποθῶμαι
2748 3116 2816 3169 τά
2837 3117 3090 3184 γνώσεως
3115 3117 3259 3182 ἄξια.

2262 3207 2515 3277 Γράψον
2569 3206 2606 3260 ἆ
2649 3205 2826 3274 εἶδες,
2855 3207 2953 3261 καὶ
2996 3209 3033 3261 ἅ
3071 3208 3210 3273 εἰσὶ,
3245 3207 3342 3262 καὶ
3373 3207 3410 3261 ἃ
3437 3205 3651 3278 μέλλει
3681 3208 3775 3275 γί-

2189 3302 2400 3354 νεσθαι
2446 3298 2606 3370 μετὰ
2670 3299 2876 3354 ταῦτα.
2943 3301 3010 3355 Τὸ
3066 3301 3406 3369 μυστήριον
3455 3299 3574 3353 τῶν
3621 3299 3778 3354 ἑπτὰ

2188 3393 2458 3461 ἀστέρων
2499 3387 2586 3448 ὧν
2627 3390 2784 3460 εἶδες
2823 3394 2920 3448 ἐπὶ
2968 3393 3080 3462 τῆς
3122 3391 3327 3458 δεξιᾶς
3348 3412 3488 3462 μου,
3535 3392 3632 3446 καὶ
3664 3393 3776 3458 τὰς

2188 3486 2336 3542 ἑπτὰ
2359 3489 2616 3556 λυχνίας
2656 3487 2760 3554 τὰς
2800 3485 3056 3556 χρυσᾶς.
3086 3490 3151 3540 οι
3183 3488 3330 3540 ἑπτὰ
3356 3486 3631 3553 ἀστέρες,
3660 3486 3770 3554 ἅγ-

2188 3584 2351 3650 γελοι
2392 3579 2508 3633 τῶν
2535 3579 2682 3634 ἑπτὰ
2717 3578 3094 3646 Ἑκκ.-ῐησιῶν
3119 3583 3256 3634 εἶσι.
3299 3580 3404 3634 Καὶ
3435 3581 3495 3633 al
3519 3581 3775 3649 λυχνίαι

2187 3675 2246 3726 αἱ
2269 3672 2438 3735 ἑπτὰ,
2468 3672 2618 3725 ἑπτὰ
2662 3672 3009 3740 Ἑκκλησίαι
3041 3673 3183 3726 εἰσί.

2257 3766 2339 3818 Τὰ
2385 3765 2662 3835 ὁραθέντα
2701 3765 2778 3835 τῷ
2824 3764 2984 3836 ἁγίῳ,
3029 3765 3096 3817 τὰ
3129 3765 3227 3836 μὲν
3257 3765 3357 3835 ἤδη
3393 3763 3686 3832 γεγόνασιν
3736 3761 3774 3817 ἃ

2186 3858 2280 3912 καὶ
2333 3859 2507 3926 πέρας
2552 3856 2651 3927 ήδη
2700 3856 2892 3926 ἔχοντα
2933 3855 3228 3924 ἐτύγχανον
3271 3855 3414 3908 κατὰ.
3442 3855 3654 3925 καιρὸν,
3705 3857 3767 3908 οὗ

2188 3951 2372 4020 μέντοι
2425 3948 2520 4002 καὶ
2553 3951 2632 4011 εἰς
2673 3946 3015 4018 ἁνυπαρξίαν
3052 3943 3120 4020 ἦν
3150 3948 3632 4019 συγκεχωρηκότα.
3676 3948 3772 4000 Διὸ

2183 4045 2276 4096 καὶ
2308 4042 2436 4112 περὶ
2465 4040 2646 4094 αὐτῶν
2673 4036 2868 4109 ξεῖπεν,
2901 4042 2969 4094 Ἀ
3005 4039 3160 4095 ἐστί.
3197 4043 3277 4094 Τὰ
3307 4041 3362 4094 δὲ
3396 4042 3588 4108 ἕτοιμα
3621 4057 3770 4108 παρο

2181 4131 2379 4196 ἐλθεῖν,
2419 4131 2487 4183 τὰ
2530 4130 2585 4183 δὲ
2639 4129 2823 4200 μέλλει
2875 4129 3142 4199 γίνεσθαι,
3191 4130 3265 4194 ὡς
3313 4129 3514 4200 προῖὼν
3546 4130 3574 4182 δ
3603 4130 3768 4198 λόγος

2180 4229 2313 4294 ἐρεῖ.

2255 4447 2684 4518 Τὸμυστήριον
2714 4445 2830 4500 τῶν
2866 4447 3016 4501 ἑπτὰ
3053 4445 3344 4514 ἀστέρων.
3392 4444 3542 4497 Ἐπεὶ
3577 4443 3761 4496 διεσά-

2179 4558 2353 4609 φησεν
2385 4539 2531 4608 αὐτῷ
2572 4538 2714 4603 τίνες
2763 4555 2822 4592 τε
2853 4541 2899 4591 οἱ
2931 4538 3070 4591 ἑπτὰ
3099 4531 3325 4604 ἆστέρες
3367 4536 3458 4590 καὶ
3490 4537 3537 4588 οἱ
3574 4535 3763 4605 λύχνοι

485 4634 830 4696 candelabra,
875 4633 1037 4698 Ιιιψιε
1063 4645 1281 4699 quoque
1315 4627 1486 4698 gratia
1520 4628 1696 4696 ipsum
1717 4624 2064 4693 eruditqum-

2194 4636 2274 4688 cal.
2301 4636 2354 4686 ai
2386 4633 2619 4704 λυχνίαι.
2648 4632 2840 4686 τούτου
2875 4633 3034 4702 χάριν
3066 4633 3157 4685 καὶ
3187 4631 3222 4685 ἃ
3249 4633 3329 4684 δεῖ
3352 4629 3486 4700 πρδς
3517 4631 3764 4698 ἑκάστην

488 4740 613 4779 nam
648 4724 879 4794 singulis
925 4724 1176 4776 dicturus
1199 4723 1268 4776 sit
1326 4719 1608 4774 Ecelesiis.
1643 4718 1839 4771 Stellas
1889 4726 2068 4771 autem

485 4825 646 4870 vocat
677 4814 897 4884 angelos
935 4808 1632 4880 Eeclcsiarumpriefectos,
1680 4819 1865 4878 utpote
1898 4811 2070 4862 lucem

483 4910 709 4964 sortitos
741 4908 809 4961 ab
840 4909 958 4977 ipso
993 4905 1120 4959 Sole
1158 4905 1388 4972 justiti-.e
1420 4921 1432 4954 :
1477 4904 1619 4971 quod
1667 4911 1830 4956 etum
1879 4902 2072 4971 opina-

485 5011 572 5056 tus
598 5010 683 5055 est
719 4999 990 5070 quispiam
1011 5012 1200 5052 eorum
1225 4995 1318 5065 qui
1357 4993 1664 5050 forinsecus
1693 5003 1822 5049 sunt
1851 4995 2070 5062 sapien-

487 5103 568 5147 tes
600 5093 664 5147 de
685 5091 930 5146 sensibili
987 5089 1126 5155 sole,
1181 5102 1374 5157 nempe
1414 5088 1559 5158 quod
1600 5089 1668 5142 ab
1727 5088 1844 5157 ipso
1903 5088 2072 5143 stella:

483 5183 656 5239 lucem
691 5183 1018 5252 acciperent.
1058 5181 1331 5236 Lucernas
1370 5195 1500 5234 vero
1527 5180 1638 5234 sive
1663 5180 1939 5242 candelas,
1987 5181 2067 5232 vi-

483 5296 576 5336 ros
616 5293 804 5335 Sacros
834 5277 900 5331 ad
935 5277 1038 5331 hoc
1077 5277 1359 5330 ordinatos
1387 5285 1444 5327 ut
1473 5273 1679 5328 Clu-isti
1709 5275 2067 5328 illuminatio-

484 5387 608 5426 nem
659 5370 1073 5437 locnpletarent,
1118 5376 1171 5421 et
1209 5365 1530 5436 ignorantiae
1577 5365 1828 5420 tenebras
1857 5381 1978 5435 quae
2011 5365 2062 5418 in

482 5461 738 5535 praesenti
763 5461 871 5515 vita
916 5470 1044 5515 sunt
1086 5460 1480 5530 disperget-ent.
1525 5456 1695 5513 Porro
1736 5459 2060 5513 candelabra

482 5557 631 5627 ipsas
654 5552 926 5609 Ecclesias
956 5563 1211 5624 tanquam
1237 5550 1473 5608 ferentes
1489 5551 1802 5614 luminaria,
1824 5552 1912 5620 qui
1933 5561 2064 5606 sunt

482 5648 1038 5722 praceptores,juxta
1059 5646 1306 5709 Paulum,
1325 5645 1367 5678 “
1398 5659 1706 5700 sermonem
1731 5645 1853 5698 vit;e
1881 5646 2057 5699 conti-

479 5751 711 5800 nentes:
747 5741 1002 5798 universa
1035 5756 1162 5797 vero
1203 5755 1390 5806 aurea,
1432 5751 1646 5809 propter
1690 5739 2058 5794 siiicciitatein

537 5927 590 5960 ³⁸
616 5925 828 5985 Coless.
868 5925 1016 5992 1,13.
1092 5928 1136 5960 ”
1174 5927 1189 5980 I
1219 5922 1353 5997 Reg.
1394 5941 1431 5996 ι,
1459 5926 1512 5981 6.
1584 5925 1628 5956 ’⁵ο
1662 5922 1808 5980 Psal.
1834 5940 2009 5990 vaii,
2043 5922 2134 5977 ‘2l.

2175 4729 2355 4781 εἰπεῖν
2389 4727 2718 4798 Ἐκκλησίαν
2743 4726 3098 4790 συνετίζεται.
3134 4724 3397 4793 Ἀστέρας
3420 4723 3475 4776 δὲ
3495 4724 3620 4785 τοὺς
3652 4722 3762 4790 ἁγο

2173 4819 2364 4887 γέλοιος
2414 4819 2540 4882 τοὺς
2584 4817 2693 4870 τῶν
2740 4818 3077 4887 Ἐκκλησιῶν
3111 4815 3342 4887 ἐφόρους
3379 4814 3554 4876 καλεῖ,
3589 4814 3663 4875 ὡς
3700 4815 3762 4878 ἐξ

2172 4914 2338 4968 αὑτοῦ
2369 4913 2464 4967 τοῦ
2505 4912 2686 4966 Ἠλίου
2715 4911 2814 4981 τῆς
2856 4909 3206 4979 δικαιοσύνης
3234 4909 3293 4963 τὸ
3338 4909 3450 4978 φῶς
3481 4926 3761 4980 χορηγουο

2176 5007 2370 5077 μένους
2394 5025 2406 5036 ·
2463 5009 2600 5076 ὅπερ
2633 5005 2726 5059 καί
2761 5021 2844 5067 τις
2883 5003 2991 5056 τῶν
3023 5001 3258 5072 θύραθεν
3293 5002 3476 5071 σοφῶν
3504 5005 3632 5071 περὶ
3660 5003 3758 5056 τοῦ

2171 5098 2428 5168 αἰσθητοῦ
2473 5098 2624 5167 ἡλίου
2657 5096 2930 5162 ἐδόξασεν,
2961 5096 3036 5160 ὡς
3075 5096 3133 5162 ἐξ
3161 5093 3328 5148 αὐτοῦ
3361 5097 3486 5159 τοὺς
3516 5096 3760 5165 ἀστέρας

2168 5191 2228 5244 τὸ
2260 5192 2374 5259 φῶς
2424 5189 2823 5258 λαμϐάνοντας.
2857 5187 3101 5258 Λύχνους
3122 5186 3201 5250 δὲ,
3237 5184 3366 5248 τοὺς
3395 5185 3485 5239 τὸν
3514 5183 3760 5254 Χριστοῦ

2170 5281 2450 5350 φωτισμὸν
2483 5282 2661 5351 ἱεροὺς
2691 5281 2887 5351 ἄνδρας
2921 5281 3320 5334 καταπλουτεῖν
3349 5277 3720 5346 τεταγμένους
3742 5318 3759 5342 ,

2170 5374 2264 5426 καὶ
2307 5373 2398 5425 τὸν
2449 5373 2548 5442 τῆς
2593 5374 2875 5440 ἀγνωσίας
2928 5371 3119 5424 σκότον
3172 5370 3266 5423 τοῦ
3320 5369 3587 5440 παρόντος
3626 5369 3752 5439 βίον

2166 5466 2638 5528 διασκεδάζοντας.
2657 5464 2890 5534 Λυχνίας
2908 5463 2964 5517 δὲ
2985 5464 3082 5527 τὰς
3113 5463 3442 5532 Ἐκκλησὲας
3465 5462 3540 5525 ὡς
3566 5461 3760 5532 ὄχημα

2167 5559 2278 5612 τῶν
2313 5559 2637 5630 φωστήρων.
2680 5556 3000 5610 Διδάσκαλοι
3029 5556 3086 5610 δὲ
3115 5550 3282 5618 οὗτοι,
3319 5553 3461 5608 κατὰ
3515 5555 3758 5619 Παῦλον,

2170 5652 2325 5721 λόγον
2361 5652 2505 5720 ζωῆς
2533 5649 2817 5720 ἐπέχοντες
2843 5663 2855 5678 ο
2899 5648 3102 5718 χρυσαί
3126 5645 3181 5699 δὲ
3211 5646 3383 5698 πᾶσαι
3421 5641 3511 5696 διὰ
3538 5642 3599 5696 τὸ
3625 5643 3757 5695 ἀκί-

2171 5743 2368 5814 ϐδηλόν
2395 5759 2453 5795 τε
2489 5741 2582 5795 καὶ
2607 5740 2787 5812 τίμιον
2833 5740 2930 5811 τῆς
2963 5739 3022 5795 ἐν
3057 5738 3250 5804 αὑταῖς
3287 5736 3546 5800 πίστεως.
3589 5732 3760 5789 Ἐκά-

2215 5920 2256 5952 ¹⁵¹
2297 5918 2496 5990 Philip.
2522 5935 2582 5986 tt,
2617 5918 2702 5973 15.
