4042 6600
353 440 460 503 525

1426 430 1812 506 COMMENT.
1856 432 1937 505 IN
1976 428 2507 504 Arocs‘LYPSIN.

3515 440 3624 504 526

352 566 454 621 στῃ
482 549 538 602 δὲ
577 550 659 604 ὅτι
696 550 926 619 ἄγγελος
975 554 1279 617 ἐπιστατεῖ,
1311 555 1403 608 καὶ
1443 557 1470 608 6
1498 556 1759 623 Θεολόγος
1793 554 1935 624 Γρη-

2052 571 2104 609 lc
2134 556 2452 624 dignitatem
2513 550 2729 606 latentis
2765 550 2816 605 in
2866 550 2997 621 ipsis
3046 548 3189 605 ﬁdei.
3250 547 3405 616 Quod
3456 549 3620 605 etiam

354 644 552 713 γὸριος.
586 643 660 707 ὡς
690 643 923 715 ένρημεν,
950 645 1334 717 παραθέμενος
1367 647 1731 701 ἐπιστώσατο.
1773 648 1926 699 Ἐπεὶ

345 739 401 792 δὲ
441 737 616 792 ταῦτα
663 738 997 809 ἐφανέρωσε,
1039 743 1135 794 καὶ
1180 741 1214 795 ἃ
1239 740 1320 795 δεῖ
1366 743 1498 813 πρδς
1532 735 1770 813 ἑκάστην
1819 744 1926 796 τῶν

358 831 697 901 Ἐκκλησιῶν
744 831 835 884 τὸν
885 828 1062 887 ταῦτα
1110 832 1574 904 θεοκλυτούμενον
1615 834 1920 905 διαμαρτύ-

346 924 564 992 ρασθαι,
615 924 871 996 ἐπιφέρει
919 925 1128 990 λοιπὸν,
1180 930 1274 981 καὶ
1298 928 1447 991 ὅπως
1472 930 1571 998 τὴν
1607 928 1703 998 μὲν
1733 928 1917 981 τέλεον

342 1016 452 1080 ἔξω
500 1016 790 1087 βαίνουσαν
829 1022 924 1072 τοῦ
962 1019 1108 1074 θείου
1147 1022 1351 1075 σκοποῦ
1398 1018 1750 1075 αἰτιάσασθαι
1795 1022 1924 1092 χρὴ,

343 1106 633 1160 ἐπαινέσαι
660 1107 716 1161 δὲ
750 1109 877 1172 τοὺς
906 1109 1000 1162 τοῦ
1030 1111 1361 1179 Εὑαγγελίου
1390 1112 1591 1183 δρόμου
1616 1112 1926 1181 συλλόγους,

342 1198 840 1270 ἑπιδιορθὼσασθαι
860 1201 917 1254 δὲ
943 1201 1041 1266 τὰς
1071 1204 1129 1256 ἐν
1158 1203 1312 1274 μέρει
1344 1204 1645 1267 πταιούσας
1673 1198 1783 1267 τοῖς
1810 1203 1931 1256 κατ’

342 1289 594 1361 ἀλλήλων
635 1292 930 1348 νουθεσιῶν
968 1297 1283 1366 φαρμάκοις
1315 1289 1788 1367 διαπεμψάμενον.
1824 1296 1931 1349 Καὶ

340 1381 429 1445 τίς
458 1385 487 1437 6
514 1384 692 1439 ταῦτα
725 1385 1026 1452 θεσπίζων,
1066 1388 1185 1463 ἀλλ’
1218 1388 1250 1460 ἢ
1286 1407 1303 1440 ι
1338 1390 1366 1442 6
1394 1390 1605 1451 πάντας
1637 1388 1808 1441 θέλων
1837 1390 1932 1441 ἀν-

343 1472 599 1545 θρώπους
647 1476 886 1548 σωθῆναι
937 1478 1032 1532 καὶ⁵
1086 1481 1165 1544 είς
1214 1481 1511 1550 ἐπίγνωσιν
1545 1482 1804 1550 ἀληθείας
1841 1481 1931 1533 ἐλ-

344 1564 498 1633 θεῖν;
533 1587 552 1617 ι
583 1569 689 1621 Καὶ
726 1568 829 1622 τίνι
864 1568 1037 1622 ταῦτα
1072 1570 1505 1642 καταμηνύσας;
1543 1572 1636 1642 Τῷ
1660 1575 1933 1640 θεσπεσίῳ

341 1657 706 1731 εὐαγγελιστῇ
770 1660 993 1735 Ἰωάννῃ
1043 1662 1133 1718 διὰ
1172 1662 1270 1733 τῆς
1324 1664 1463 1734 μετὰ
1498 1666 1655 1735 χεῖρα
1698 1665 1933 1717 Ἀποκα-

339 1749 579 1819 λύψεως.

2032 648 2229 716 cuique
2288 643 2544 699 Ecclesia:
2608 642 2897 712 prtcfectus
2971 643 3042 697 sit
3109 642 3378 713 angelus,
3454 641 3618 694 etiam
3701 713 3707 719 ὓ

2032 739 2332 808 Gregorius
2392 735 2722 805 TIICOiOglIS,
2777 745 2836 789 ut
2899 734 3161 798 diximus,
3216 735 3378 789 citata
3430 743 3628 788 aucto-

2034 834 2193 887 ritate
2232 830 2596 887 conﬁrmatil.
2630 829 2903 884 Craterum
2959 828 3220 898 quoniam
3272 828 3389 882 haec
3447 828 3629 881 mani-

2034 926 2273 990 festavit,
2340 937 2394 980 et
2465 924 2708 995 oportuit
2786 921 3081 991 unicuique
3156 921 3414 976 Ecclesia:
3501 934 3630 975 eum

2034 1020 2126 1088 qui
2166 1020 2280 1074 lure
2317 1034 2346 1072 ιι
2418 1018 2524 1072 Deo
2597 1017 2892 1081 audierat,
3012 1014 3366 1069 manifestare
3399 1055 3414 1080 ,
3493 1012 3627 1068 sul»

2029 1113 2207 1182 jungit
2272 1111 2530 1180 deinceps
2568 1117 2623 1165 et
2675 1110 2948 1180 quomodo
2987 1108 3131 1162 lianc
3187 1106 3408 1177 quidem
3479 1104 3636 1176 peni:

2037 1207 2123 1256 tos
2176 1210 2331 1256 extra
2384 1201 2627 1255 divinam
2680 1200 3017 1254 voluntatem
3059 1197 3395 1269 gradientem
3443 1197 3636 1250 redar-

2037 1310 2202 1363 guere
2251 1298 2548 1362 oporteat:
2615 1292 2813 1347 missus
2875 1300 3055 1346 autem
3111 1290 3185 1346 sit
3240 1299 3301 1344 ut
3358 1288 3635 1344 collaudet

2039 1386 2293 1442 etetusin
2352 1385 2550 1454 quibus
2605 1385 2761 1453 juxta
2813 1382 3165 1453 Evangelium
3221 1380 3505 1437 curritur:
3540 1395 3636 1434 eas

2043 1485 2225 1530 autem
2276 1474 2537 1530 ecclesias
2569 1489 2690 1544 quae
2721 1473 2774 1527 in
2803 1482 2957 1543 parte
2989 1473 3354 1543 impegerunt,
3396 1472 3638 1540 corrigat

2044 1577 2362 1624 mutuarum
2388 1566 2822 1621 admonitionum
2854 1565 3219 1621 remediis.Et
3255 1565 3380 1636 quis
3404 1565 3518 1619 haec
3543 1578 3640 1617 vae

2042 1661 2301 1714 tieiuatur
2337 1671 2697 1729 praeterquam
2732 1657 2777 1714 is
2800 1658 2895 1729 qui
2932 1675 2949 1710 ι
2976 1659 3092 1713 vult
3146 1673 3339 1713 omnes
3381 1657 3637 1712 homines

2039 1754 2219 1809 salvos
2248 1751 2361 1806 lieri
2394 1762 2446 1806 et
2479 1750 2545 1805 ad
2572 1749 2906 1821 agnitionem
2928 1749 3173 1805 veritatis
3197 1749 3383 1803 Venire
3404 1747 3447 1779 δ’
3464 1747 3516 1802 ⁴ίι
3537 1742 3640 1801 (ιιιί

354 1855 541 1899 autem
604 1844 719 1901 hazc
777 1844 1080 1902 indicavit?
1147 1849 1339 1906 Divino
1400 1868 1532 1907 sane
1598 1851 1946 1917 exaugelista:
1992 1848 2188 1903 Joanni
2231 1855 2326 1916 per
2364 1844 2768 1916 Apocalypsim,
2827 1843 2878 1898 id
2937 1852 3040 1910 est,
3100 1840 3489 1898 revelationem
3520 1850 3644 1910 qua:

353 1949 503 1989 nunc
528 1945 611 1991 est
638 1952 747 2006 pra:
782 1938 1058 2005 manibus.

420 2032 486 2082 Ol
515 1996 666 2083 amri
708 2002 997 2099 ἀστέρες,
1045 2032 1286 2103 ἄγγελοι
1322 2024 1441 2085 τῶν
1482 2032 1635 2085 ἐπτά
1682 2032 1937 2095 Ἐκκλη-

2116 2026 2324 2095 Septem
2381 2027 2570 2093 stella’,
2631 2028 2808 2099 angeli
2854 2034 3047 2099 septem
3088 2027 3450 2085 Eccleslarttm
3493 2036 3640 2084 sunt.

344 2121 499 2177 σιῶν
540 2125 681 2177 είσι.
740 2124 817 2176 Δι’
865 2124 1098 2193 ἀγγέλου
1129 2128 1193 2196 τῇ
1242 2124 1540 2195 Ἐκκλησία
1590 2118 1933 2190 διαλέγεται,

345 2217 484 2286 ὅπερ
528 2214 594 2267 ἄν
642 2231 725 2278 τις
783 2215 872 2269 διὰ
917 2216 1271 2286 παιδαγωγοὺ
1322 2217 1539 2286 ἐλέγετο
1574 2216 1639 2270 ἂν
1676 2214 1752 2287 τῷ
1783 2215 1939 2267 παιδ-

348 2305 743 2377 αγωγουμένῳ,
765 2305 920 2371 εἰδὼς
938 2308 1015 2371 ὡς
1039 2308 1371 2363 οἰκειοῦσθαι
1386 2309 1531 2378 φιλεῖ
1557 2309 1623 2363 τὰ
1642 2308 1734 2361 τοῦ
1758 2306 1937 2378 μαθηο

348 2398 441 2452 τοῦ
468 2401 497 2452 6
521 2394 861 2463 διδάσκαλος,
891 2400 1004 2453 εἴτε
1036 2401 1462 2473 κατορθώματα,
1487 2401 1597 2454 εἴτε
1627 2401 1936 2470 ἡττήματα.

350 2491 512 2554 Εἰκὸς
539 2491 595 2543 δὲ
621 2491 716 2544 καί
742 2489 830 2544 διὰ
866 2492 975 2544 τῶν
1016 2494 1159 2546 ἐπ’τᾶ
1186 2495 1434 2565 ἀστέρων
1462 2495 1571 2547 τῶν
1602 2495 1659 2546 ὲν
1692 2495 1757 2563 τῇ
1786 2488 1941 2562 δεξιᾷ

350 2582 446 2635 τοῦ
486 2582 923 2654 χρηματίζοντος
963 2585 1159 2648 ταῦτα.
1224 2589 1325 2657 τὴν
1380 2586 1474 2640 τοῦ
1508 2584 1707 2647 παντὸς
1757 2583 1942 2637 διακο-

356 2692 559 2745 σμησιν
585 2674 777 2744 δηλοῦν
818 2676 877 2728 ἐν
907 2679 972 2748 τῇ
1017 2677 1167 2749 δεξιᾷ
1201 2680 1444 2750 Χριστοῦ
1481 2677 1764 2746 κειμένην,
1800 2675 1944 2729 κατὰ

356 2769 415 2821 τὸ
460 2770 516 2819 ὲν
565 2767 814 2837 Ψαλμοῖς
866 2768 1147 2840 ᾀδόμενον,
1193 2790 1211 2825 ι
1262 2771 1348 2824 Ἐν
1387 2774 1452 2842 τῇ
1488 2771 1633 2843 χειρὶ
1667 2768 1833 2823 αὐτοῦ
1869 2769 1939 2821 τὰ

354 2859 568 2928 πέρατα
603 2857 702 2927 τῆς
734 2857 859 2927 γῆς,
931 2860 1021 2912 καὶ
1074 2862 1144 2913 τὰ
1205 2861 1315 2933 ὕψη
1384 2860 1491 2913 τῶν
1546 2858 1721 2930 ὀρέων
1774 2856 1940 2910 αὑτοῦ

355 2954 518 3007 εἰσιν.
564 2971 584 3003 ι

953 3072 1207 3125 ΚΕΦΑΛ.
1266 3070 1340 3122 Γ’.

363 3183 441 3235 Τὰ
476 3181 851 3252 γεγραμμένα
889 3185 1039 3252 πρὸς
1069 3182 1176 3237 τὸν
1197 3180 1307 3249 τῆς
1341 3180 1636 3249 Ἐφεσίων
1692 3181 1943 3245 Ἐκκλη-

928 3255 1070 3320 σίας
1101 3253 1378 3323 ἄγγελον.

435 3365 518 3431 Τῷ
538 3366 773 3436 ἀγγέλῳ
797 3365 907 3435 τῆς
927 3366 997 3420 ἐν
1031 3364 1265 3434 Ἐφέσῳ
1301 3364 1666 3431 Ἐκκλησίας
1690 3362 1944 3432 γφὰψονο
1976 3385 2020 3443 c

366 3457 510 3511 Τάδε
530 3456 692 3525 λέγει
715 3460 748 3512 ό
768 3457 1000 3526 κρατῶν
1019 3455 1161 3522 τοὺς
1180 3455 1332 3509 ἑπτὰ
1362 3454 1623 3522 ἀστέρας
1654 3453 1724 3506 ἐν
1753 3452 1826 3521 τῇ
1854 3453 1951 3507 δε-

362 3548 461 3616 ξιᾷ
483 3549 692 3614 αὑτοῦ,
716 3552 750 3603 ό
765 3546 1107 3618 περιπατῶν
1122 3546 1369 3616 ἐνμέσῳ
1382 3544 1501 3600 τῶν
1515 3547 1664 3599 ἑπτὰ
1680 3542 1954 3614 λυχνιῶν

360 3645 480 3699 τῶν
512 3644 788 3715 χρυσῶν·
842 3645 978 3699 οῖδα
1016 3643 1089 3697 τὰ
1142 3643 1287 3713 ἔργα
1333 3660 1451 3697 σου
1491 3644 1589 3696 καί
1622 3642 1731 3696 τὸν
1762 3643 1955 3696 κόπον

361 3749 501 3801 σου,
533 3737 635 3790 καί
664 3736 779 3805 τὴν
808 3735 1129 3807 ὑπομονήν
1162 3752 1300 3800 σου,
1328 3734 1425 3788 καὶ
1463 3733 1551 3788 ὅτι
1577 3737 1649 3788 οὺ
1669 3733 1822 3802 δύνῃ
1839 3734 1952 3799 ,βα-

360 3829 583 3884 στᾶσαι
627 3830 893 3896 κακούς·
944 3829 1043 3882 καί
1086 3829 1416 3896 ἐπείρασας
1464 3827 1606 3893 τοὺς
1658 3826 1953 3896 λέγοντας

360 3921 616 3988 ἑαυτοὺς
655 3921 1041 3988 ἀποστόλους
1087 3916 1260 3985 εἶναι,
1320 3919 1419 3973 καί
1475 3921 1589 3973 οὐκ
1643 3920 1799 3973 εἰσί·
1851 3920 1948 3972 καὶ

359 4011 533 4081 εὗρες
556 4014 776 4081 αὐτοὺς
817 4013 1087 4082 ψευδεῖς,
1139 4012 1238 4068 καί
1272 4011 1593 4082 ὑπομονὴν
1622 4013 1781 4079 ἔχεις
1804 4026 1816 4041 '
1852 4013 1950 4065 καί

362 4107 709 4171 ἐϐάστασας
764 4104 861 4160 διὰ
895 4105 961 4159 τὸ
1024 4103 1215 4173 ὄνομά
1268 4120 1414 4173 μου,
1476 4102 1576 4156 καὶ
1642 4106 1755 4157 οὐκ
1820 4103 1955 4155 exo-

365 4199 616 4263 πιίισας.

440 4289 709 4358 Ἀγγελον
753 4290 854 4361 τῆς
908 4288 1162 4360 Ἐφέσου,
1197 4292 1298 4360 τὴν
1329 4289 1387 4341 ὲν
1436 4287 1576 4358 αὐτῇ
1621 4285 1952 4355 Ἐκκλησίαν

362 4381 532 4450 λέγει.
590 4383 666 4435 (ib
717 4383 827 4453 γὰρ
876 4382 905 4436 6
951 4381 1277 4453 προστατῶν
1335 4380 1567 4451 ἄγγελος
1613 4381 1950 4451 ἡμαρτήκει,

365 4472 506 4527 ὥστε
532 4474 644 4528 δεῖν
674 4473 930 4540 ἀκοῦσαι,
962 4471 1337 4546 Μετανόησον,
1364 4475 1392 4527 6
1419 4473 1487 4528 δι’
1506 4473 1772 4543 ἁγιότητα
1802 4474 1859 4524 ἐν
1882 4475 1950 4542 τῇ

364 4566 514 4637 δεξιᾷ
546 4567 640 4620 τοῦ
679 4566 885 4637 Κυρίου
940 4567 1203 4639 ὑπάρχων
1244 4566 1417 4636 ἀστὴρ
1465 4566 1561 4632 ὣν,
1608 4567 1707 4619 καὶ
1751 4564 1953 4634 δεῖγμα.

364 4656 524 4709 τοῦτο
567 4658 747 4729 φέρων
778 4658 881 4727 τῆς
918 4661 1063 4711 κατα
1107 4658 1206 4728 τὴν
1233 4657 1400 4710 αὑτοῦ
1437 4656 1600 4725 φύσιν
1629 4656 1693 4709 ὲκ
1719 4654 1954 4725 καθαρό-

2042 2114 2144 2177 Per
2175 2120 2427 2192 angelum
2448 2137 2573 2177 cum
2602 2120 2840 2176 Ecclesia
2897 2121 3141 2187 disserit,
3178 2121 3643 2193 quemadmodum

2045 2210 2234 2280 siquis
2267 2226 2362 2281 per
2392 2210 2747 2281 padagogum
2778 2226 2902 2266 cum
2948 2227 3013 2267 eo
3033 2213 3289 2283 loquatur
3328 2214 3422 2283 qui
3445 2214 3512 2267 ab
3549 2214 3643 2267 illo

2042 2303 2403 2373 gubernatur,
2451 2304 2793 2374 sciensquod
2829 2306 2999 2360 soleat
3061 2316 3363 2376 praeceptor
3419 2306 3644 2377 propria

2043 2393 2243 2450 ducere
2262 2410 2324 2449 ea
2340 2409 2461 2466 qua:
2479 2404 2606 2450 sunt
2621 2394 2900 2465 discipuli,
2916 2395 3081 2466 632
3102 2396 3215 2450 sive
3232 2397 3493 2465 prmelara
3518 2396 3634 2451 sint

2047 2485 2297 2542 facinora
2321 2490 2436 2543 sive
2469 2488 2632 2541 etiam
2676 2486 2863 2556 lapsus
2906 2488 3151 2557 quidam.
3199 2485 3507 2542 Verisimile
3558 2490 3646 2544 est

2046 2590 2226 2635 autem
2255 2590 2307 2635 et
2340 2596 2435 2650 per
2456 2590 2666 2649 septem
2720 2579 2908 2635 stellas
2959 2595 3083 2650 qua:
3114 2580 3166 2634 In
3219 2582 3443 2637 dextera
3490 2589 3646 2637 erant

2044 2673 2165 2742 ejus
2194 2674 2286 2744 qui
2319 2674 2433 2729 [nec
2480 2673 2899 2739 vaticinabatur,
2939 2673 3235 2744 signiﬁcari
3284 2674 3646 2743 gubernatio-

2046 2780 2168 2819 nem
2207 2765 2446 2820 universi
2482 2781 2605 2836 quae
2636 2765 2688 2819 in
2717 2772 2880 2819 manu
2921 2763 3124 2821 Chrlsti
3171 2764 3274 2820 sita
3328 2774 3433 2829 est,
3489 2764 3644 2836 juxta

2049 2854 2101 2911 id
2135 2858 2279 2926 quod
2314 2857 2365 2910 in
2393 2850 2624 2911 Psalmis
2665 2859 2887 2911 canitur
2914 2873 2927 2910 :
2955 2875 2972 2909 ι
3006 2856 3062 2910 In
3096 2872 3260 2911 manu
3294 2856 3465 2929 ipsius
3518 2870 3647 2910 sunt

2050 2946 2186 3003 lines
2218 2957 2397 3013 teme,
2444 2958 2499 3002 et
2558 2948 2771 3003 exetzlsa
2837 2948 3108 3001 mentium
3141 2948 3314 3017 ipsius
3366 2954 3494 3003 sunt
3518 2947 3583 2999 ⁸³.
3616 2962 3635 2998 ι

2668 3060 2899 3116 CAPUT
2926 3054 3014 3115 ill.

2051 3183 2183 3249 Quae
2206 3183 2401 3252 scripta
2420 3194 2542 3237 sunt
2574 3182 2642 3235 ad
2688 3180 2933 3251 angelum
2983 3179 3239 3235 Ecclesia:
3274 3147 3645 3251 Ephesiorum.

2124 3360 2190 3424 ll,
2225 3361 2275 3413 l.
2309 3361 2361 3414 5.
2402 3360 2597 3428 Angela
2660 3359 2938 3429 [ip/resina?
2965 3359 3221 3415 Ecclesia:
3273 3360 3443 3414 scribe
3469 3375 3488 3414 :
3522 3360 3651 3413 lltre'

2056 3455 2187 3507 dicit
2214 3455 2305 3524 qui
2340 3464 2475 3507 tenet
2504 3463 2700 3523 septem
2735 3453 2917 3507 stellas
2945 3455 2998 3507 in
3028 3454 3246 3508 dextera
3277 3470 3396 3520 sua,
3416 3455 3507 3524 qui
3531 3469 3649 3507 am-

2057 3546 2206 3600 bulat
2253 3548 2309 3599 in
2369 3547 2541 3600 medio
2596 3557 2792 3616 septem
2843 3547 3286 3600 candelabrorum
3344 3563 3648 3600 aureorum.

2060 3637 2195 3692 Neri
2227 3655 2383 3708 opera
2416 3648 2508 3692 tua
2541 3648 2589 3692 et
2616 3638 2849 3691 laborem
2873 3648 3023 3691 tuum
3049 3650 3097 3691 et
3120 3639 3433 3708 patientiam
3459 3648 3604 3691 tuam
3633 3652 3654 3691 .'

2054 3736 2291 3802 quodque
2323 3747 2425 3785 non
2458 3733 2628 3797 possis
2661 3732 2923 3785 sustinere
2956 3734 3125 3786 malos
3153 3746 3172 3795 ;
3208 3741 3257 3786 et
3304 3732 3524 3785 tentasti
3559 3747 3650 3783 eos

2054 3825 2223 3894 quise
2256 3824 2439 3875 dicunt
2471 3840 2583 3876 esse
2622 3824 2889 3893 apostolos
2910 3833 2960 3877 et
2984 3840 3087 3876 non
3123 3835 3269 3885 sunt.
3324 3834 3373 3877 et
3405 3824 3652 3876 invenisti

2054 3933 2140 3970 eos
2185 3918 2487 3981 mendaces,
2537 3926 2587 3970 et
2638 3917 2950 3985 patientiam
3005 3917 3161 3971 habes
3219 3926 3317 3971 :et
3354 3913 3657 3970 sustinuisti

2054 4018 2267 4076 propter
2300 4024 2488 4062 nomen
2521 4025 2715 4074 meum,
2740 4026 2832 4063 nec
2854 4010 3113 4078 deiecisti.

2127 4279 2389 4349 Angelmn
2452 4277 2654 4347 Ephesi
2705 4278 2839 4335 dicit
2880 4278 3185 4334 Ecclesiam
3221 4292 3344 4347 qum
3391 4277 3464 4332 ibi
3509 4278 3650 4332 erat.

2054 4366 2243 4437 Neque
2264 4366 2407 4421 enim
2452 4366 2746 4437 praefectus
2773 4368 3001 4439 angelus
3042 4375 3382 4436 peCcaverat,
3439 4377 3498 4421 ut
3551 4383 3656 4420 au-

2054 4461 2171 4517 dire
2211 4477 2336 4518 eum
2366 4472 2661 4532 oporteret,
2704 4462 2817 4531 Age
2844 4459 3217 4530 paenitentiam
3252 4476 3265 4513 :
3299 4460 3391 4528 qui
3412 4459 3483 4512 ob
3521 4474 3653 4513 san-

2056 4556 2299 4609 ctitatem
2333 4555 2489 4610 stella
2519 4555 2717 4609 dicitur
2755 4553 2808 4608 in
2834 4554 3055 4607 dextera
3091 4552 3307 4606 Domini
3328 4553 3601 4607 exsistens
3634 4569 3651 4607 :

2059 4648 2165 4703 hoc
2186 4649 2352 4704 etiam
2389 4647 2851 4704 l‘erensindicium
2880 4645 3046 4700 lucidi
3082 4644 3409 4715 splendoris,
3453 4645 3548 4715 qui
3584 4660 3652 4698 ex

366 4762 526 4821 τητος
579 4749 907 4818 φωτοειδοῦς
951 4750 1347 4820 μαρμαρυγῆς.
1399 4748 1494 4810 Τίς
1544 4747 1601 4799 δὲ
1646 4747 1742 4800 καὶ
1796 4746 1945 4817 χρεία

2064 4751 2259 4795 natura
2300 4740 2351 4794 ei
2390 4740 2462 4795 ob
2487 4740 2779 4810 puritatem
2831 4737 3107 4793 convenit.
3166 4734 3307 4802 Quid
3347 4735 3511 4790 etiam
3551 4751 3654 4789 tte-

366 4841 601 4912 γρεὶφειν
631 4842 708 4914 τῷ
731 4845 788 4896 ὲν
810 4846 876 4915 τῇ
903 4843 1053 4914 δεξιᾷ
1075 4842 1170 4895 τοῦ
1200 4841 1585 4911 διαλεγομένου
1618 4839 1866 4910 παρόντι,
1896 4839 1957 4902 ὃς

368 4936 459 4988 καὶ
486 4935 609 4989 οὐδὲ
642 4935 908 5007 αἰσθητῆς
936 4936 1106 5005 ἀκοῆς
1127 4931 1216 4989 οἷα
1240 4934 1426 5007 νοερὸς
1452 4932 1528 4986 ὢν
1561 4932 1816 5004 δεόμενος
1848 4928 1917 5002 ἦν
1939 4949 1955 4997 ;

371 5026 503 5083 Εἶτα
548 5029 641 5082 καὶ
670 5029 754 5082 ὅτι
794 5028 1001 5099 προῖὼν
1025 5022 1183 5090 οὗτος
1227 5028 1256 5080 6
1300 5027 1402 5096 τῆς
1434 5025 1701 5089 ὀπτασίας
1736 5024 1812 5096 (4)
1848 5025 1955 5094 ὕφε-

370 5122 583 5193 ηγητὴς
614 5122 767 5190 ἆγιος
799 5125 859 5175 οὑ
879 5122 991 5184 τοῖς
1020 5120 1275 5188 ἀγγέλοις
1298 5120 1486 5190 φησιν,
1515 5117 1651 5172 ἀλλὰ
1680 5118 1799 5180 ταῖς
1835 5116 1959 5169 Ἐκ-

371 5214 625 5285 κλησίαις
644 5257 660 5280 ,
691 5214 745 5267 τί
769 5213 922 5283 λέγει
952 5213 1014 5266 τὸ
1048 5212 1274 5282 Πνεῦμα
1314 5211 1374 5264 τὸ
1398 5210 1554 5279 ἅγιον
1582 5210 1824 5273 ἀκούειν,
1859 5208 1959 5261 οὐκ

374 5306 569 5375 ἄδηλόν
622 5308 759 5362 ἐστι.
805 5305 966 5360 Καθὰ
1016 5306 1096 5359 δεῖ
1142 5306 1246 5358 κάν
1274 5306 1384 5367 τοῖς
1427 5304 1635 5365 λοιποῖς
1682 5304 1824 5355 νοεῖν
1863 5299 1956 5354 τοῦ

374 5396 741 5468 προκειμένου
805 5395 960 5450 τοῦδε
1015 5396 1246 5465 βιδλίου,
1303 5394 1432 5448 ἔνθα
1480 5394 1547 5449 ἂν
1602 5393 1956 5464 εὑρίσκηται.

376 5484 592 5553 Γράψον
622 5485 746 5539 τάδε
775 5484 851 5556 τῷ
880 5484 1097 5556 ἀγγέλῳ
1126 5484 1289 5556 τῆσδε
1322 5485 1423 5553 τῆς
1481 5485 1829 5555 Ἐκκλησίας,
1873 5483 1958 5537 ὅτι

376 5574 437 5627 οὗ
469 5575 548 5644 τῷ
578 5575 816 5647 ἀγγέλῳ,
847 5576 985 5631 ἀλλὰ
1019 5577 1151 5647 περὶ
1194 5578 1294 5646 τῆς
1342 5574 1672 5647 Ἐκκλησίας
1714 5574 1840 5639 τοὺς
1865 5574 1956 5628 λά-

383 5685 506 5737 γους
539 5668 914 5723 διακελεύεται
943 5667 1201 5740 γράφειν,
1233 5666 1495 5731 ὡσαύτως
1526 5665 1780 5739 φανερόν.

482 5804 530 5839 ι’
564 5805 585 5860 1
617 5800 761 5860 Tim.
788 5820 852 5871 ιι,
878 5804 932 5859 4.

453 5922 531 5993 (4)
574 5921 903 5994 Ἑκκλησίας
932 5920 1082 5990 vulg.

1042 5804 1087 5836 ’⁸³
1141 5801 1465 5870 Psal.xcrv,
1517 5802 1571 5856 4.

2060 4848 2215 4889 eesse
2244 4845 2388 4889 esset
2408 4834 2458 4888 ei
2485 4833 2749 4898 scribere,
2796 4832 3152 4902 quiprtesens
3189 4839 3271 4884 est
3315 4828 3370 4883 in
3422 4828 3652 4884 dextera

2060 4923 2379 4993 loquentis?
2414 4924 2506 4994 qui
2565 4940 2667 4979 nec
2690 4923 2935 4979 sensibili
2976 4921 3166 4976 auditu
3214 4920 3409 4989 egebat
3460 4928 3653 4989 utpote

2062 5025 2274 5071 natura:
2310 5016 2714 5071 intellectualis.
2741 5014 3011 5070 Prteterea
3042 5027 3263 5084 quoque
3299 5011 3650 5067 manifestum

2062 5117 2147 5163 est
2176 5108 2317 5178 quod
2360 5115 2582 5162 sanctus
2607 5107 2695 5162 hic
2746 5106 2976 5162 visionis
3022 5114 3213 5160 auctor
3253 5105 3307 5158 in
3356 5118 3652 5175 progressu

2058 5200 2157 5263 ait,
2199 5200 2328 5270 quid
2363 5199 2602 5270 Spiritus
2623 5209 2867 5262 sanctus,
2898 5213 3008 5253 non
3057 5196 3285 5270 angelis,
3333 5197 3427 5252 sed
3458 5194 3650 5251 Eccle-

2058 5294 2156 5349 siis
2183 5292 2516 5348 audiendum
2541 5292 2706 5348 dicat.
2730 5291 2795 5346 Et
2823 5292 2878 5347 in
2897 5290 3111 5347 caeteris
3136 5289 3391 5345 similiter
3410 5302 3649 5355 praescire

2060 5386 2131 5441 tis
2161 5385 2286 5439 libri
2322 5384 2818 5455 locis,nbicunque
2868 5384 3158 5439 inventum
3211 5380 3402 5436 luerit:
3458 5377 3652 5431 Scribe

2062 5476 2178 5530 haec
2226 5475 2420 5547 angelo
2461 5475 2585 5530 talis
2608 5473 2888 5542 Ecclesiae,
2921 5472 3223 5544 intelligere
3242 5477 3477 5541 oportet,
3503 5467 3651 5539 quod

2069 5586 2175 5626 non
2223 5568 2438 5641 angelo,
2490 5569 2585 5625 sed
2636 5568 2895 5625 Ecclesiae
2943 5578 3229 5625 sermones
3279 5562 3519 5619 scribere
3562 5561 3657 5633 jus

2069 5665 2286 5719 beatur.
