4042 6590
454 388 553 451 5‘27

524 502 877 566 Quiambulat
906 503 956 556 in
978 504 1143 556 medio
1174 515 1363 573 septem
1384 508 2017 562 ctmdelubrorumanreo-
2055 519 2097 569 Λ

449 594 783 649 rum.Simile
798 603 955 649 estac
979 597 1023 649 si
1046 597 1247 650 diceret
1271 616 1284 650 :
1305 597 1428 651 Haec
1445 599 1577 653 dicit
1595 601 1685 668 qui
1714 601 2029 670 complecti-

451 698 543 741 tur
562 698 617 741 et
654 688 989 755 imperat,ac
1029 689 1277 743 continet
1325 700 1441 745 tum
1491 693 1740 747 cmlestes
1782 694 2027 762 angelos,

448 790 562 834 tum
624 778 877 834 homines
922 779 1014 849 qui
1052 790 1179 835 sunt
1236 780 1289 834 in
1334 792 1522 836 terra:
1570 798 1695 836 nam
1730 783 1783 837 hi
1820 793 2027 850 septem

449 870 619 923 stella:
651 878 800 931 sunt.
823 879 882 923 ut
912 871 1026 940 jam
1057 872 1219 942 663
1250 873 1453 927 dictum
1493 884 1596 939 est,
1630 885 1682 927 et
1710 890 1875 929 aurea
1898 891 2030 929 can-

443 960 669 1015 delabra
702 976 765 1015 ac
797 961 1057 1025 lucernaa,
1090 963 1141 1016 in
1168 963 1345 1018 medio
1381 980 1616 1033 quorum
1642 966 1947 1021 inhabitare
1972 976 2029 1022 et

444 1052 586 1106 inter
621 1067 715 1108 cos
752 1054 1091 1108 inambulare
1120 1055 1474 1110 annuntiatur
1506 1055 1789 1111 Dominus.

517 1142 657 1197 Novi
674 1160 833 1213 opera
873 1155 985 1199 tua.
1015 1145 1173 1207 Novi,
1203 1156 1256 1200 et
1272 1146 1405 1200 nihil
1439 1147 1690 1215 melatet,
1720 1139 2023 1218 inquit,qui

444 1237 759 1307 singulatim
794 1234 1022 1290 formavi
1048 1237 1213 1291 corda
1240 1248 1418 1293 vestra
1448 1239 1512 1304 “,
1544 1248 1598 1295 et
1629 1240 1858 1310 cognovi
1908 1255 2027 1294 om-

442 1331 532 1384 nia
567 1346 729 1400 opera
761 1341 961 1394 vestra,
987 1340 1040 1385 et
1078 1330 1222 1399 quod
1250 1331 1422 1387 malos
1460 1332 1651 1387 audire
1680 1347 1789 1386 non
1850 1343 2022 1403 potes,

438 1420 533 1473 sed
559 1428 752 1473 natura
783 1420 946 1473 odisti
969 1420 1114 1490 quod
1165 1421 1365 1475 malum
1395 1432 1498 1487 est,
1522 1423 1779 1493 quodque
1798 1423 2023 1478 tentasti

437 1525 532 1566 eos
550 1511 641 1580 qui
674 1526 733 1567 se
747 1511 939 1566 dicunt
960 1526 1082 1566 esse
1104 1514 1403 1581 apostolos,
1434 1523 1489 1568 et
1518 1514 1774 1570 invenisti
1806 1529 1901 1570 eos
1928 1514 2025 1569 fal.

436 1615 529 1656 sos
553 1601 851 1671 apostolos.
881 1600 1163 1671 Siquidem
1188 1601 1444 1671 Ephesini
1472 1603 1718 1658 divinum
1739 1602 2023 1674 complen-

436 1700 518 1749 tes
548 1703 895 1761 przeceptum,
941 1707 1051 1761 quo
1085 1693 1283 1748 dicitur
1332 1708 1439 1748 non
1496 1695 1644 1748 onmi
1692 1694 2019 1748 credendum

434 1798 556 1837 esse
591 1783 832 1851 spiritui,
870 1783 964 1838 sed
992 1783 1300 1852 probandos
1332 1798 1452 1839 esse
1505 1784 1729 1854 spiritus
1786 1799 1916 1837 num
1950 1799 2015 1837 ex

1259 394 1584 453 ARETIHS
1624 395 2000 455 CESARE‘E
2038 397 2522 457 CAPPADOCl/E
2563 397 2903 459 EPISCOPI

3601 400 3705 463 ΓΞὲ

2212 509 2273 561 '0
2306 510 2643 579 περιπατῶν
2663 511 2732 563 ἐν
2764 510 2933 578 μέσῳ
2958 508 3073 562 τῶν
3109 508 3258 564 ἑπτὰ
3295 509 3564 578 λυχνιῶν
3586 510 3705 562 τῶν

2131 599 2394 669 χρυσῶν.
2442 602 2666 671 Ὅμοιον
2711 600 2888 670 τούτῳ
2933 600 2995 654 τδ
3042 601 3237 665 εἰπεῖν,
3306 602 3433 655 τάδε
3483 600 3632 668 λέγει
3673 602 3701 653 ὁ

2133 689 2410 759 περιέπων
2446 691 2537 742 καὶ
2571 691 2905 760 διακρατῶν,
2952 690 3045 743 καί
3097 692 3337 761 συνέχων
3365 691 3491 753 τούς
3518 708 3578 743 τε
3610 690 3701 742 οὑ-

2134 779 2345 847 ρανίους
2380 779 2455 847 (5)
2490 778 2755 846 ἀγγέλους
2799 778 2893 830 καὶ⁹
2929 778 3055 841 τοὺς
3085 778 3177 830 ἐπὶ
3215 780 3317 847 γῆς
3357 778 3697 847 ἀνθρώπους.

2130 859 2288 919 Οὗτοι
2330 868 2438 935 γάρ
2484 868 2533 919 οί
2567 866 2707 919 ἑπτά
2745 866 2994 936 ἀστέρες,
3025 866 3100 928 ὡς
3128 866 3227 937 ἤδη
3260 867 3494 937 εἴρηται,
3520 867 3612 918 καὶ
3644 865 3700 917 αἱ

2130 961 2327 1027 χρυσαῖ
2377 957 2589 1027 λυχνίαι
2640 958 2735 1010 καὶ
2786 957 2989 1026 λύχνοι,
3026 951 3099 1009 ὧν
3129 958 3188 1010 ὲν
3224 957 3373 1027 μέσῳ
3416 957 3445 1010 ό
3472 958 3702 1010 ἐνοικεῖν

2128 1046 2312 1110 αὐτοῖς
2370 1049 2461 1099 καὶ
2506 1048 2906 1116 ἐμπεριπατεῖν
2952 1045 3419 1116 ἐπαγγειλάμενος
3471 1046 3698 1116 Κύριος.

2202 1131 2346 1189 Οἶδα
2370 1135 2441 1189 τὰ
2465 1137 2610 1205 ἔργα
2658 1152 2796 1190 σου.
2833 1132 2984 1201 Οἶδα,
3018 1137 3113 1190 καὶ
3149 1137 3300 1189 οὐδέν
3348 1153 3413 1205 με
3452 1137 3699 1207 λέληθεν,

2128 1227 2283 1297 φησὶ,
2327 1227 2417 1280 τὸν
2445 1227 2760 1297 καταμόνας
2804 1226 3085 1281 πλάσαντα
3118 1228 3218 1292 τὰς
3263 1227 3488 1298 καρδίας
3520 1229 3697 1298 ὑμῶν,

2127 1318 2216 1371 τὸν
2258 1319 2506 1372 συνιέντα
2540 1320 2619 1382 είς
2662 1319 2839 1372 πάντα
2864 1317 2998 1389 ἔργα
3023 1318 3199 1387 ὑμῶν,
3235 1318 3330 1371 καὶ
3359 1321 3442 1372 ὅτι
3471 1318 3578 1371 τῶν
3601 1336 3700 1371 πο⁴

2126 1410 2305 1479 νηρῶν
2352 1410 2412 1462 οὐ
2454 1410 2681 1463 δύνασαι
2736 1408 2966 1463 ἀκοῦσαι
3008 1411 3370 1482 μισοπόνηρος
3415 1406 3570 1473 οὖσα,
3603 1412 3701 1463 καὶ

2124 1497 2206 1552 ὅτι
2236 1499 2532 1569 ἐπείρασας
2559 1501 2682 1563 τοὺς
2706 1500 2965 1569 λέγοντας
2992 1502 3216 1564 ἑαυτοὺς
3245 1502 3576 1565 ἀποστόλους
3606 1502 3699 1554 καὶ

2124 1584 2279 1661 εὗρες
2309 1592 2507 1655 αὐτοὺς
2533 1592 3021 1662 ψευδαποστόλους.
3048 1592 3202 1645 Θεῖον
3223 1594 3334 1661 γὰρ
3361 1592 3697 1664 πληροῦντες

2122 1680 2171 1733 oi
2212 1681 2269 1735 ἐν
2321 1681 2533 1753 Ἐφέσῳ
2588 1683 2975 1753 παράγγελμα,
3032 1682 3093 1736 τὸ
3138 1683 3367 1752 φάσκον,
3402 1684 3479 1754 μὴ
3529 1684 3696 1737 παντὶ

2123 1771 2393 1842 πνεύματι
2435 1773 2735 1839 πιστεύειν,
2783 1773 2918 1828 ἀλλὰ
2960 1773 3293 1841 δοκιμάζειν,
3331 1776 3598 1841 τουτέστι,
3634 1774 3696 1827 τὸ

438 1874 547 1928 Deo
569 1875 681 1928 sint
706 1874 769 1939 ⁸⁸,
799 1875 899 1929 hoc
934 1843 1020 1930 est
1060 1891 1187 1929 num
1220 1875 1345 1930 data
1384 1876 1456 1930 sit
1480 1843 1613 1945 ipsis
1664 1876 1889 1930 docendi
1930 1875 2014 1929 di-

2116 1864 2270 1916 δοθὲν
2321 1865 2506 1927 αὐτοῖς
2564 1863 2944 1918 διδασκαλικὸν
3000 1863 3247 1933 ἀξίωμα,
3301 1867 3349 1919 εί
3410 1867 3550 1919 κατὰ
3592 1865 3695 1936 τὴν

435 1967 789 2036 gnitasjuxta
826 1966 1203 2036 prtescriptum
1256 1965 1656 2035 evangelicum,
1684 1964 1738 2017 in
1768 1963 2009 2033 simplici

435 2073 616 2111 rerum
646 2073 749 2112 usu
775 2058 1027 2127 agebant,
1054 2072 1160 2111 non
1184 2066 1363 2110 autem
1385 2057 1524 2110 cibis
1551 2064 1603 2110 et
1629 2064 1756 2125 potu
1812 2071 1875 2109 ac
1906 2070 2011 2109 nu-

434 2149 561 2217 ptiis
617 2149 973 2215 insanientes,
1060 2150 1338 2218 vitamque
1394 2150 1771 2218 voluptuosam
1808 2156 2011 2218 tempe-

432 2241 572 2295 ranti
617 2239 1007 2310 praeferentes:
1041 2241 1220 2310 qualis
1250 2249 1367 2296 erat
1398 2239 1711 2303 Cerinthus,
1761 2241 2009 2308 apostolo

432 2339 487 2385 et
540 2331 887 2403 evangelista:
932 2330 1247 2401 σύγχρονος,
1303 2333 1612 2401 dogmatum
1673 2330 2009 2385 adulterino-

431 2438 553 2477 rum
586 2431 957 2477 annuntiator.

503 2511 574 2568 Et
602 2514 911 2583 patientiam
937 2513 1116 2568 habes.
1165 2512 1478 2576 Laborasti,
1529 2511 1728 2581 inquit,
1780 2519 1835 2566 et
1874 2508 2005 2566 tole-

430 2605 588 2670 rasti,
608 2604 752 2660 nulla
777 2603 1093 2674 fatigatione
1114 2605 1358 2659 animum
1395 2603 1655 2670 dejiciens
1684 2603 1754 2658 ob
1794 2617 1857 2657 ea
1886 2617 2006 2672 qua:

429 2705 653 2766 propter
679 2709 875 2751 nomen
907 2710 1084 2750 meum
1117 2695 1423 2751 irruerunt:
1449 2702 1497 2749 et
1522 2704 1665 2749 recte
1688 2693 2001 2748 admodum.

429 2788 707 2858 Siquidem
742 2787 947 2843 dictum
974 2797 1057 2843 est
1092 2803 1104 2839 :
1136 2787 1402 2843 «Invicem
1438 2786 1530 2841 alii
1572 2786 1805 2840 aliorum
1837 2801 2002 2840 onera

429 2884 663 2947 portate,
699 2884 754 2930 et
770 2876 849 2931 sic
881 2875 1151 2945 complete
1205 2876 1374 2944 legem
1423 2872 1714 2929 Christi“.
1742 2891 1760 2923 ι
1799 2873 2005 2929 Verisi-

428 2966 555 3019 mile
572 2964 715 3019 enim
747 2965 1001 3035 estquod
1038 2980 1067 3018 a
1120 2964 1557 3035 pseudapostolis
1603 2963 1806 3018 fuerint
1869 2963 2003 3034 ipsis

426 3058 588 3112 illatae
644 3056 1011 3122 contumeliae,
1043 3056 1242 3126 quibus
1269 3056 1492 3111 omnino
1525 3055 1670 3111 vices
1704 3057 2001 3126 rependere

423 3163 534 3204 non
570 3147 989 3214 meditabantur,
1028 3149 1122 3204 sed
1155 3148 1465 3219 huiusmodi
1500 3158 1761 3216 tanquam
1810 3148 1992 3203 luxata
2024 3171 2073 3237 ο

422 3257 487 3297 ac
507 3240 703 3296 debilia
737 3241 978 3296 membra
1003 3240 1365 3297 suminebant.

495 3332 893 3388 Ειτιιειίηιιὶειί.
920 3332 1256 3396 Ἐὅάστασας
1281 3332 1333 3386 id
1352 3342 1433 3387 est
1461 3333 1723 3398 tolerasti,
1750 3333 1848 3386 οὐκ
1874 3335 1997 3386 ἑκο-

425 3424 627 3488 πίασας
645 3439 794 3491 vero,
813 3424 865 3479 id
884 3433 968 3479 est
990 3440 1095 3479 non
1114 3425 1359 3480 deiecisti
1384 3440 1493 3495 pra:
1519 3425 1704 3480 labore
1730 3436 1783 3479 et
1800 3424 1995 3495 fatiga-

424 3516 611 3571 tione:
642 3526 695 3571 et
728 3517 883 3586 quasi
914 3516 1117 3571 diceret
1162 3535 1174 3572 :
1213 3515 1328 3571 Non
1359 3518 1683 3586 desperasti,
1729 3531 1836 3572 non
1874 3518 1997 3571 reli-

422 3607 589 3679 quisti
630 3609 801 3662 aciem
830 3624 847 3675 ;
874 3622 978 3662 non
1008 3623 1067 3663 es
1093 3606 1268 3664 factus
1306 3608 1573 3664 desertor.

491 3700 714 3769 Propter
736 3716 921 3754 nomen
952 3716 1143 3754 meum.
1174 3698 1381 3756 Nomen
1400 3711 1555 3755 vocat
1586 3700 1784 3754 famam
1804 3709 1859 3756 et
1878 3701 1993 3772 glo-

424 3797 587 3861 riam,
641 3794 783 3850 sicut
808 3794 970 3849 etiam
994 3809 1118 3850 cum
1150 3793 1369 3859 dicitur,
1399 3793 1759 3848 «Adtnirabile
1789 3802 1873 3849 est.
1894 3808 1993 3847 no-

420 3900 545 3941 men
580 3894 731 3941 tuum
767 3886 820 3940 in
850 3886 997 3940 omni
1030 3895 1172 3941 terra
1192 3886 1259 3939 ⁸⁷.
1289 3904 1308 3937 ι
1339 3887 1535 3940 Annon
1566 3885 1735 3955 gloria
1770 3886 1989 3958 plenum

417 3986 522 4041 est,
552 3977 697 4047 quod
750 3987 1144 4032 nonconentur
1186 3975 1483 4032 Christiani
1532 3977 1737 4033 malum
1786 3976 1993 4034 referre

422 4084 519 4139 pro
547 4070 713 4134 malo,
764 4069 1224 4139 quemadmodum
1244 4070 1408 4124 etiam
1432 4068 1593 4126 divus
1644 4069 1846 4126 Paulus
1894 4086 1991 4125 ex-

419 4162 692 4228 liortatur,
721 4162 909 4217 dicens
939 4177 952 4213 :
1000 4159 1106 4216 «Ne
1124 4160 1405 4216 declinetis
1426 4161 1492 4216 ad
1521 4162 1829 4218 incredulos
1862 4163 1942 4215 “'3
1965 4182 1984 4215 ι

487 4253 591 4309 Sed
614 4254 776 4307 habeo
843 4254 1115 4307 adversum
1150 4264 1219 4317 te,
1280 4254 1418 4324 quod
1474 4255 1786 4309 charitatem
1841 4264 1987 4309 tuam

2114 1957 2477 2028 εὖαγγελικήν
2523 1960 2638 2011 ἐστι
2681 1959 2947 2027 διάταξιν,
2993 1960 3050 2012 ὲν
3083 1959 3401 2030 αὐτοσκεύῳ
3431 1961 3497 2030 τῇ
3529 1961 3693 2030 χρεία

2115 2036 2526 2118 συστελλόμενοι
2586 2048 2876 2115 διετέλουν,
2928 2050 3046 2103 ἀλλ’
3093 2052 3216 2121 οὐχὶ
3273 2032 3526 2123 βρώμασι
3594 2050 3691 2103 καὶ

2115 2140 2300 2202 πότοις
2326 2140 2423 2192 καὶ
2446 2142 2645 2209 γάμοις
2675 2140 3087 2212 βακχευόμενοι,
3114 2143 3207 2195 καὶ
3236 2142 3326 2195 τὸν
3357 2142 3691 2196 ἀπολαυστι-

2113 2230 2207 2283 κὸν
2236 2231 2350 2302 βίον
2392 2231 2485 2284 τοῦ
2534 2233 2837 2302 ἐγκρατοῦς
2889 2233 3219 2305 ἐπίπροσθεν
3255 2235 3547 2305 φέροντες,
3583 2228 3689 2286 οἷοι

2108 2321 2160 2372 οἱ
2186 2321 2314 2390 περὶ
2344 2322 2620 2393 Κήρινθον
2650 2323 3102 2395 συνχρονίσαντες
3126 2323 3205 2395 τῷ
3260 2324 3551 2396 άποστόλῳ
3592 2324 3689 2378 καὶ

2109 2411 2492 2482 εὐαγγελιστῇ,
2517 2411 2684 2466 νόθων
2709 2411 2993 2480 δογμάτων
3016 2412 3396 2481 καταγγελεῖς.

2179 2503 2287 2556 Καὶ
2346 2502 2669 2572 ὑπομονὴν
2726 2504 2908 2572 ἔχεις.
2977 2504 3329 2571 Ἐκοπίασας,
3381 2507 3535 2577 φησι,
3592 2506 3689 2559 καὶ

2110 2594 2434 2664 ὑπέμεινας,
2467 2597 2547 2660 εἰς
2585 2596 2753 2667 μηδὲν
2789 2597 3244 2669 άποκαρτερήσας
3282 2597 3392 2651 τῶν
3427 2598 3687 2668 ἐπιφυένο

2108 2698 2216 2737 των
2239 2684 2328 2737 διὰ
2358 2684 2421 2736 τὸ
2447 2684 2620 2755 ὄνομά
2643 2702 2768 2756 μου,
2792 2686 2888 2739 καὶ
2919 2685 3064 2756 μάλα
3085 2684 3425 2755 πρεπόντως.
3448 2684 3685 2755 Εἴρηται

2107 2772 2236 2842 γάρ,
2300 2790 2318 2824 t
2361 2772 2629 2843 Ἀλλήλων
2676 2775 2744 2827 τὰ
2800 2773 2941 2845 βάρη
2994 2774 3324 2844 βαστάζετε,
3372 2774 3466 2826 καὶ
3508 2774 3683 2836 οὕτως

2106 2862 2535 2934 ἀναπληρώσατε
2564 2864 2656 2917 τὸν
2690 2864 2851 2935 νόμον
2885 2864 2980 2917 τοῦ
3028 2865 3284 2935 Χριστοῦ.
3328 2883 3347 2917 ι
3384 2864 3543 2928 Εἰκὸς
3570 2866 3684 2935 γὰρ

2105 2956 2257 3025 παρὰ
2282 2954 2388 3007 τῶν
2412 2953 2865 3024 ψευδαποστόλων
2890 2956 3155 3027 ἐπηρείας
3178 2958 3359 3020 αὐτοῖς
3383 2957 3682 3028 ἐπενεχθῆ-

2104 3059 2214 3111 ναι,
2258 3039 2340 3106 οἷς
2391 3045 2784 3101 ἀνταποδοῦναι
2829 3047 2940 3100 οὐδ’
2991 3048 3126 3111 ὅλως
3162 3048 3515 3120 ὲμελέτησεν,
3562 3048 3684 3101 ἀλλ’

2104 3133 2179 3199 ὡς
2212 3135 2389 3205 μελῶν
2415 3138 2763 3208 παρειμένων
2791 3138 3069 3209 ἠνέσχετο.

2172 3339 2281 3394 Καὶ
2314 3339 2676 3405 ἐϐάστασας.
2723 3340 3081 3405 Ἑϐάστασας,
3124 3340 3245 3393 ἀντὶ
3273 3339 3391 3403 τοῦ,
3423 3340 3681 3411 ἠνέσχου.

2102 3430 2218 3483 Οὐκ
2266 3432 2561 3513 έκοπίαισας
2601 3431 2682 3496 δὲ,
2726 3430 2848 3485 ἀντὶ
2883 3430 3001 3496 τοῦ,
3051 3432 3152 3485 οὐκ
3196 3432 3675 3503 ἀπεκαρτέρησας,

2098 3521 2280 3586 οἱονεὶ,
2315 3522 2429 3574 Οὐκ
2448 3522 2861 3592 ἀπηγόρευαας,
2893 3524 2954 3576 οὐ
2984 3522 3343 3595 προδέδωκας,
3371 3524 3470 3577 οὐκ
3495 3522 3678 3577 ἐλιπο-

2096 3611 2397 3683 τάκτησας.

2166 3704 2269 3756 Διὰ
2293 3703 2356 3757 τὸ
2391 3703 2577 3773 ὄνομά
2600 3724 2741 3774 μου.
2773 3706 2978 3774 Ὄνομα
3002 3704 3076 3766 δὲ,
3108 3704 3206 3775 τὴν
3228 3704 3403 3771 δόξαν,
3428 3704 3488 3758 τὸ
3517 3704 3675 3769 κλέος

2096 3793 2283 3863 φησιν,
2312 3792 2388 3858 ὡς
2416 3796 2507 3848 καὶ
2529 3796 2621 3849 ἐπὶ
2648 3796 2767 3858 τοῦ,
2799 3814 2819 3848 ι
2853 3795 3177 3865 Θαυμαστὸν
3207 3795 3265 3849 τὸ
3295 3796 3467 3865 ὄνομά
3490 3813 3582 3848 σου
3613 3798 3672 3850 ἐν

2097 3886 2246 3956 πάσῃ
2267 3888 2331 3956 τῇ
2354 3889 2423 3957 γῇ
2453 3886 2550 3957 (6).
2580 3907 2597 3940 ι
2629 3889 2738 3941 Καὶ
2762 3888 2881 3951 πῶς
2903 3888 2963 3941 οὐ
2996 3888 3187 3951 κλέους
3218 3887 3429 3957 μεστὸν,
3454 3888 3515 3941 τὸ
3545 3889 3671 3952 τοὺς

2094 3976 2456 4046 Χριστιανοὺς
2490 3978 2564 4050 μὴ
2596 3978 2916 4034 ἀντιδιδόναι
2942 3979 3190 4031 σπεύδειν
3218 3978 3385 4031 κακὸν
3418 3979 3541 4032 ἀντὶ
3572 3998 3669 4032 κα-

2094 4066 2217 4133 κοῦ,
2252 4067 2328 4131 ὡς
2349 4069 2443 4121 καὶ
2469 4070 2678 4134 Παῦλος
2709 4072 2737 4123 ὁ
2769 4070 2912 4133 οεῖος
2937 4071 3216 4139 παραινεῖ,
3250 4088 3268 4121 ι
3306 4070 3398 4141 Μὴ
3426 4069 3667 4140 γίνεσθε,

2092 4160 2337 4229 φάσκων,
2368 4160 2816 4232 ἑτεροζυγοῦντες
2840 4161 3139 4228 ἁπίστουςς
3181 4180 3199 4214 ι

2174 4251 2347 4305 Ἀλλὰ
2367 4251 2485 4320 ἔχω
2522 4252 2674 4308 κατὰ
2702 4251 2841 4319 σοῦ,
2869 4251 2957 4305 ὅτι
2983 4251 3096 4319 τὴν
3134 4252 3375 4322 ἀγάπην
3402 4267 3519 4308 σου
3552 4252 3672 4322 τὴν

2089 4342 2328 4410 πρώτην
2342 4342 2602 4411 ἀφῆκας.
2625 4344 2977 4414 Μνημόνευε
2994 4338 3108 4399 οὖν
3126 4345 3311 4398 πόθεν
3325 4343 3664 4412 πέπτωκας,

2090 4432 2189 4485 καὶ
2206 4436 2609 4501 μετανόησον,
2634 4435 2734 4489 καί
2772 4435 2845 4489 τὰ
2882 4434 3084 4505 πρῶτα
3117 4437 3261 4505 ἔργα
3288 4438 3569 4503 ποίησον.
3597 4440 3667 4491 ει

410 4346 636 4414 primam
668 4345 960 4415 reliqueris.
993 4343 1197 4398 Memor
1232 4346 1405 4415 itaque
1458 4355 1568 4399 esto
1593 4347 1730 4400 unde
1775 4347 1987 4400 excidc~

414 4438 511 4500 ris,
546 4445 596 4490 et
626 4436 875 4503 resipisce
909 4451 971 4489 ac
999 4438 1173 4503 prima
1198 4452 1355 4505 opera
1380 4437 1570 4505 facias.
1629 4435 1725 4490 Sin
1788 4440 1982 4500 minus,

414 4525 613 4577 veniam
642 4521 737 4573 tibi
770 4522 892 4584 cito,
917 4530 966 4574 et
989 4524 1197 4575 movebo
1217 4524 1591 4576 candelabrum
1616 4536 1765 4577 tuum
1790 4526 1985 4578 deloco
2021 4526 2038 4582 Ι

2112 4523 2159 4575 id
2184 4522 2293 4591 μὴ,
2328 4525 2576 4594 ἔρχομαι
2616 4542 2715 4580 σοι
2759 4526 2932 4594 ταχὺ.
2983 4528 3080 4582 καὶ
3127 4527 3357 4596 κινήσω
3403 4528 3519 4595 τὴν
3554 4532 3663 4582 λυ·

412 4629 527 4677 suo,
566 4613 669 4666 nisi
700 4613 998 4681 resipueris.
1032 4612 1135 4668 Sed
1165 4614 1260 4667 hoc
1285 4614 1439 4667 habes
1462 4617 1600 4683 quod
1653 4616 1809 4668 odisti
1840 4616 1985 4685 facta

2112 4616 2274 4683 ινίαν
2288 4630 2404 4669 σου
2417 4616 2484 4669 ἐκ
2498 4617 2603 4672 τοῦ
2618 4620 2803 4672 τόπου
2816 4618 3028 4687 αὐτῆς,
3041 4619 3148 4672 ἐὰν
3152 4618 3238 4687 μὴ
3250 4619 3659 4687 μετανοήσῃς.

414 4703 831 4770 Nicolaitarum,
862 4720 977 4773 qua:
996 4715 1045 4759 et
1067 4721 1157 4775 ego
1178 4706 1286 4757 odi.
1313 4705 1413 4769 Qui
1436 4706 1587 4759 habet
1641 4722 1822 4760 aurem
1873 4725 1982 4761 an-

2112 4708 2280 4761 Ἀλλὰ
2308 4706 2482 4762 τοῦτο
2512 4708 2671 4778 ἔχεις
2696 4710 2785 4764 ὅτι
2808 4709 3009 4779 μισεῖς
3048 4712 3119 4763 τὰ
3150 4710 3292 4779 ἔργα
3324 4710 3441 4763 τῶν
3488 4714 3664 4766 Νικο-

410 4794 522 4845 ίΙὶιιΙ
553 4793 676 4862 quid
698 4792 928 4863 Spiritus
953 4794 1094 4847 dicat
1112 4791 1389 4848 Ecclesiis.
1415 4791 1647 4847 Vincenti
1670 4795 1805 4851 dabo
1833 4798 1983 4852 edere

2112 4799 2332 4865 ίαῑτῶν,
2375 4799 2413 4855 ἂ
2454 4801 2618 4871 κάγὼ
2681 4800 2860 4871 μισῶ.
2906 4803 2969 4855 '0
3000 4802 3155 4871 ἔχων
3189 4797 3298 4868 οὖς
3342 4802 3663 4856 ἀκουσάτω

413 4886 476 4939 de
508 4886 652 4955 ligno
681 4887 821 4952 vitae,
853 4887 991 4957 quod
1018 4898 1094 4941 est
1144 4887 1197 4940 in
1222 4887 1476 4955 paradiso
1518 4886 1613 4941 Dei
1638 4890 1760 4942 mei.

2112 4894 2147 4946 τί
2168 4892 2235 4947 τό
2252 4892 2495 4963 Πνεῦμα
2517 4893 2675 4963 λέγει
2696 4894 2823 4960 ταῖς
2862 4895 3272 4962 Ἐκκλησίαις.
3306 4892 3392 4961 Τῷ
3421 4893 3662 4949 νικῶντι

2089 4982 2260 5038 δώσω
2311 4984 2472 5049 αὐτῷ
2519 4983 2732 5053 φαγεῖν
2769 4983 2836 5037 ἐκ
2890 4985 2994 5039 τοῦ
3044 4984 3233 5049 ξύλου
3262 4984 3372 5054 τῆς
3418 4985 3587 5054 ζωῆς,
3628 4986 3663 5038 ὅ

2086 5076 2342 5129 ἐστινέν
2371 5074 2449 5141 τῷ
2471 5074 2811 5143 παραδείσῳ
2840 5075 2943 5130 τοῦ
2970 5075 3117 5129 Θεοῦ
3140 5093 3283 5145 μου.

463 5148 629 5223 664
643 5149 781 5205 Cum
799 5150 852 5204 in
869 5148 1085 5207 duobus
1097 5149 1392 5206 Ecclesiam
1414 5158 1775 5227 commendet,
1796 5178 1988 5236 nempe

2168 5169 2258 5222 Ἐν
2280 5169 2401 5223 δυσὶ
2422 5169 2521 5239 τὴν
2548 5168 2877 5238 Ἐκκλησίαν
2894 5168 3316 5239 ἀποδεχόμενος,
3330 5168 3427 5238 τῆς
3447 5167 3629 5237 ὕπομο
3643 5197 3658 5208 -

410 5245 464 5298 in
487 5242 773 5299 tolerantia
788 5242 998 5299 doloris
1016 5252 1069 5298 et
1097 5243 1340 5313 neglectu
1364 5245 1621 5303 molesdte
1637 5250 1706 5305 ab
1724 5253 1982 5311 adversa-

2116 5258 2180 5328 ῆς
2209 5256 2302 5310 τοῦ
2322 5256 2522 5326 ἄχθους
2545 5256 2687 5324 λέγω
2715 5256 2809 5309 καὶ
2834 5257 2929 5325 τῆς
2966 5255 3059 5309 τοῦ
3083 5256 3250 5309 κόπου
3278 5258 3386 5309 τῶν
3417 5256 3659 5308 ἀντιδια-

407 5335 503 5392 riis
533 5334 785 5397 illatze,de
806 5333 912 5390 hoc
935 5348 1042 5388 uno
1066 5334 1377 5406 indignatur
1405 5354 1418 5391 :
1450 5353 1559 5408 quo
1582 5341 1745 5398 etiam
1782 5344 1832 5399 in
1864 5361 1981 5402 mc-

2116 5349 2377 5421 ιΘεμένων
2394 5348 2646 5420 ἀζηλίας,
2666 5349 2781 5411 ἑνὸς
2795 5348 2985 5402 τούτου
3006 5349 3300 5419 μέμφεται,
3328 5348 3356 5401 ὃ
3374 5350 3466 5401 καὶ
3490 5348 3657 5419 μέσον

404 5426 496 5480 dio
529 5425 745 5482 illorum
783 5426 1016 5481 duorum
1049 5427 1245 5497 posito,
1269 5445 1462 5502 nempe
1511 5434 1720 5492 molesti
1768 5437 1973 5497 laboris

2112 5442 2192 5505 εὶς
2217 5442 2518 5511 ἑκατέρων,
2553 5440 2645 5493 τοῦ
2681 5441 2872 5503 κόπου,
2904 5442 3068 5511 φημὶ,
3094 5440 3186 5493 καὶ
3211 5440 3311 5509 τῆς
3352 5439 3652 5509 ὑπομονῆς,

406 5532 471 5573 ac
506 5518 828 5583 tolerantiae,
884 5518 1270 5578 alienationem
1330 5538 1359 5577 a
1410 5526 1568 5584 malis
1618 5530 1968 5599 collaudavit,

2112 5536 2170 5606 ὴν
2210 5534 2349 5606 πρὸς
2392 5535 2518 5597 τοὺς
2566 5534 2770 5597 κακοὺς
2822 5532 3087 5604 ἐπῄνεσεν
3127 5532 3479 5605 ἀλλοτρίωσιν
3512 5532 3653 5604 μετὰ

498 5676 544 5708 ⁸⁸
578 5678 717 5733 l‘sal.
746 5695 913 5745 xxx”,
974 5680 1057 5735 l5.
1164 5683 1249 5736 “l
1282 5683 1437 5744 Joan.
1479 5704 1549 5757 tv,
1595 5691 1637 5744 Ι.
1753 5692 1991 5748 “Calai.
2028 5710 2038 5741 ι

2143 5694 2197 5749 2.
2276 5695 2318 5725 δ’
2352 5692 2495 5748 Psal.
2528 5689 2714 5753 vm,2.
2812 5691 2853 5723 ⁸⁸
2882 5690 2921 5744 ιι
2948 5691 3073 5746 Cor.
3107 5707 3181 5758 τι,
3222 5690 3308 5750 Η.

477 5807 555 5878 (5)
591 5808 983 5881 Ἀνθρωπίνους
1016 5818 1161 5888 vulg.

2155 5831 2230 5901 (6i
2265 5828 2437 5887 Verba
2471 5831 2525 5882 ὲν
2554 5828 2700 5888 πάση
2732 5831 2798 5900 τῇ
2832 5830 2928 5896 γῇ,
2958 5827 3155 5884 desutt
3191 5827 3244 5882 in
3285 5827 3428 5896 vulg.
