4042 6570
364 384 469 449 529

1426 386 1811 449 COMMENT.
1855 388 1934 447 ΙΝ
1977 389 2503 452 APOCALYPSIN.

3517 380 3622 442 530

360 502 458 556 τοῦ
485 500 747 572 πειράσαι
775 500 869 553 καὶ
901 498 1026 563 τοὺς
1052 499 1523 569 ψευδαποστόλους
1565 502 1661 554 καὶ
1697 501 1794 571 τὴν
1832 501 1942 555 τῶν

2048 519 2155 557 una
2197 520 2319 558 cum
2355 520 2422 560 eo
2473 504 2617 575 quod
2652 513 2705 558 et
2766 499 3220 574 pseudapostolos
3254 498 3539 551 tentaverit
3570 504 3620 548 ct

363 593 704 651 Νικολαϊτῶν
746 591 1155 663 αίσχρουργίαν.
1219 590 1534 662 Ἐμέμψατο
1580 592 1636 646 δὲ
1696 594 1789 647 καὶ
1839 594 1941 664 τῆς

363 688 501 758 πρὸς
521 688 649 751 τοὺς
674 686 902 758 πλησίον
929 684 1196 757 χορηγίας
1222 685 1320 755 τὴν
1348 685 1663 755 ὀλιγωρίαν,
1696 686 1763 758 ἦν
1787 686 1941 751 αὖθις

360 778 802 833 ἀνακαλέσασθαι
854 778 1208 847 ἐπισκήπτει,
1266 775 1349 830 Τὰ
1404 776 1633 849 πρῶτα,
1689 778 1939 847 φάσκων,

361 871 502 943 ἔργα
531 871 755 941 ποίησον
786 872 844 924 ἐν
892 867 1232 942 δικαιοσύνῃ.
1266 868 1340 923 Ού
1387 869 1497 941 γάρ
1544 887 1612 940 με
1654 870 1938 936 λανθάνει,

363 966 548 1037 φησιν,
580 964 703 1020 οὔτε
730 964 800 1018 τὰ
828 960 1026 1034 πρῶτά
1055 978 1149 1015 σου
1178 961 1287 1015 τῶν
1315 962 1568 1035 πράξεων
1591 964 1790 1033 ἀγαθὰ,
1814 965 1939 1019 οὕτε

360 1057 445 1110 ὅτι
471 1056 572 1128 τὴν
597 1058 679 1120 εἰς
718 1055 844 1118 τοὺς
879 1052 1170 1124 δεομένους
1220 1054 1443 1125 ἀγάπην
1483 1056 1773 1126 ἐνέκοψας.
1814 1058 1939 1111 Ἐπ-

367 1147 559 1202 ἀνελθε
592 1142 686 1201 οὖν
716 1145 1035 1217 διδαχθεῖσα
1065 1146 1219 1213 παρὰ
1252 1143 1387 1217 ἐμοῦ
1408 1146 1493 1199 ὅτι
1524 1145 1827 1216 ἐνέλειψας.

436 1239 717 1310 Ἔρχομαι
759 1253 860 1294 σοι
891 1243 1065 1308 ταχύ.
1111 1239 1207 1303 Τὸ,
1248 1239 1565 1306 Ἔρχομαι,
1606 1239 1668 1291 οὐ
1702 1239 1940 1307 μεταϐα-

359 1332 520 1403 τικὴν
569 1333 720 1404 δηλοῖ
765 1332 981 1405 κίνησιν
1027 1334 1122 1389 τοῦ
1164 1335 1343 1388 πάντα
1392 1332 1729 1404 πληροῦντος
1778 1333 1938 1396 Θεοῦ,

358 1423 499 1479 ἀλλὰ
541 1424 643 1495 τὴν
697 1425 762 1478 ἐκ
810 1424 1086 1496 ῥᾳθυμίας
1122 1424 1257 1499 πρὸς
1308 1422 1529 1476 κόλασιν
1575 1422 1938 1491 ἐπιστροφήν.

360 1518 594 1589 Κίνησις
649 1518 706 1572 δὲ
762 1517 1093 1587 Ἐκκλησίας
1140 1518 1174 1587 ἡ
1227 1516 1327 1587 τῆς
1368 1514 1522 1578 θείας
1571 1512 1793 1586 χάριτός
1824 1515 1939 1567 ἐστι

356 1608 663 1681 γύμνωσις,
722 1607 792 1663 δι’
843 1610 910 1679 ἥν
966 1610 1023 1663 ἐν
1065 1608 1212 1679 σάλῳ
1251 1608 1345 1661 καὶ
1388 1606 1619 1661 κλύδωνι
1673 1607 1779 1660 ὑπὸ
1831 1606 1940 1661 τῶν

360 1700 616 1773 πονηρῶν
657 1701 987 1772 πνευμάτων
1020 1700 1116 1756 καὶ
1142 1698 1251 1753 τῶν
1302 1698 1723 1767 ὑπουργούντων
1755 1698 1940 1761 αὐτοῖς

362 1794 574 1865 μιαρῶν
610 1792 914 1865 ἀνθρώπων
956 1792 1035 1864 (7)
1094 1791 1346 1860 γίνεται·
1380 1789 1521 1847 ὥστε
1568 1793 1697 1854 τοὺς
1733 1789 1938 1859 ταύτην

361 1885 800 1957 συγκροτοῦντας
854 1883 1176 1955 ἀνθρώπους
1219 1883 1399 1952 λέγειν
1427 1882 1511 1946 τὸ,
1559 1899 1578 1934 ι
1629 1882 1938 1954 Ἐταράχθη

355 1979 419 2032 ἐν
442 1979 600 2051 θυμῷ
639 1981 669 2034 ὁ
700 1979 977 2051 ὀφθαλμός
1025 1993 1163 2049 μουο
1208 1997 1227 2031 ι
1262 1977 1377 2041 καὶ,
1417 1995 1436 2028 ι
1490 1977 1555 2029 Ἠ
1587 1975 1787 2046 καρδία
1835 1991 1939 2046 μου

357 2071 637 2145 ἐταράχθη
668 2074 726 2126 ἐν
754 2071 901 2141 ἐμοί.
936 2090 957 2124 9

443 2164 627 2219 Ἀλλὰ
659 2163 859 2229 τοῦτο,
910 2164 1098 2235 φησὶν,
1136 2163 1294 2233 ἔχει(
1327 2163 1416 2218 ὅτι
1443 2161 1639 2233 μισεῖς
1685 2159 1759 2215 τὰ
1796 2163 1941 2231 ἔργα

357 2254 478 2309 τῶν
524 2255 909 2322 Νικολαϊτῶν,
964 2256 1169 2327 μεταξὺ
1198 2256 1309 2309 τῶν
1347 2253 1613 2325 λυπηρῶν
1640 2253 1808 2316 τιθείς
1849 2254 1941 2305 καὶ

357 2346 429 2399 τὰ
478 2346 614 2419 πρὸς
663 2347 928 2418 εὐθυμίαν
968 2349 1190 2416 ἄγοντα,
1224 2348 1311 2401 ἵνα
1348 2346 1424 2417 μὴ
1475 2349 1542 2417 τῇ
1569 2346 1940 2416 περισσοτέρᾳ

358 2439 507 2511 λύπῃ
552 2441 834 2511 καταποθῇ
878 2441 947 2496 τὰ
994 2443 1093 2511 τῆς
1131 2440 1482 2511 Ἐκκλησίας.
1514 2440 1684 2510 Φησὶν
1710 2433 1826 2504 οὖν,
1856 2440 1939 2492 ὅτι

359 2532 637 2603 Μετανοίᾳ
680 2549 739 2585 σε
793 2532 1208 2603 εὐεπιχείρητον
1256 2529 1682 2600 καταλαμϐάνω,
1738 2529 1834 2597 ἀφ’
1864 2521 1939 2582 ὧν

363 2623 659 2697 σύνδρομον
710 2624 818 2694 ἔχω
854 2642 913 2678 σε
949 2623 1047 2677 τοῦ
1098 2624 1289 2695 μίσους
1343 2642 1445 2694 μου
1490 2622 1585 2677 τοῦ
1640 2623 1768 2693 περὶ⁵
1815 2621 1940 2685 τοὺς

358 2714 708 2779 Νικολαττας.
762 2710 925 2769 Οὗτοι
978 2715 1034 2769 δὲ
1078 2717 1549 2788 παρονομάζονται
1606 2716 1715 2769 ἀπὸ
1771 2716 1939 2769 Nixo-

359 2806 492 2861 λάου
538 2807 658 2872 ἐνὸς
715 2808 823 2861 τῶν
879 2809 1018 2861 ἑπτά
1064 2808 1346 2872 διακόνων.
1378 2809 1486 2861 Καὶ
1525 2806 1670 2871 τίνες
1699 2806 1756 2860 δὲ
1799 2801 1941 2877 ἦσαν

359 2898 461 2968 τὴν
501 2900 916 2971 αἰσχρουργίαν,
952 2899 1271 2969 Ἐπιφανίου
1300 2898 1394 2953 τοῦ
1436 2901 1503 2953 ἐκ
1527 2898 1755 2970 Κύπρου
1794 2898 1939 2952 θείου

360 2990 553 3062 ἀνδρὸς
586 2993 619 3062 ὴ
648 2991 758 3045 τῶν
791 2993 1137 3061 Παναρείων
1168 2991 1334 3046 αὑτοῦ
1371 2992 1548 3063 βίϐλος
1585 2989 1837 3059 δηλώσει.
1871 3021 1941 3031 -

363 3085 623 3151 Ἄλλως·
657 3085 887 3157 Κίνησιν
929 3086 1153 3157 λυχνίας
1185 3086 1362 3149 τινὲς,
1411 3086 1509 3139 καὶ
1542 3087 1631 3137 τὸν
1663 3084 1941 3154 ἱερατικὸν

1966 1850 2016 1911 Β

2044 593 2433 651 Nicolaitarum
2477 596 2890 652 obscenitatem.
2922 594 3158 650 Accusat
3209 601 3389 645 autem
3456 586 3625 654 negli-

2044 690 2280 761 gentiam
2309 689 2361 743 in
2395 689 2717 745 insumendo
2754 698 2810 744 ut
2837 686 3095 759 proximis
3125 680 3434 739 necessaria
3495 694 3623 747 snp-

2044 786 2376 856 peditentur,
2410 786 2553 856 quod
2584 800 2805 841 rursum
2835 783 2993 854 jubet
3020 780 3288 836 revocari.
3310 776 3510 838 Prima,
3542 777 3625 827 iu—

2044 879 2183 949 quit,
2216 894 2380 949 Opera
2430 878 2515 933 fac
2570 878 2622 933 in
2674 877 2910 948 justitia.
2959 874 3145 944 Neque
3199 871 3343 927 enim
3408 885 3495 924 me
3540 868 3623 922 la-

2044 980 2177 1031 tent.
2209 971 2405 1041 inquit,
2434 982 2528 1025 aut
2558 971 2732 1041 prima
2766 979 2981 1024 tuarum
3011 966 3303 1022 actionum
3327 963 3492 1025 bona,
3528 969 3624 1014 aut

2042 1063 2190 1134 quod
2225 1064 2546 1119 charilatem
2574 1079 2699 1134 erga
2763 1061 3070 1132 indigentes
3112 1056 3474 1114 contraxeris.
3511 1052 3622 1108 Rc—

2044 1164 2253 1211 vertere
2284 1155 2469 1226 igitur,
2504 1171 2672 1225 quum
2704 1170 2733 1209 a
2766 1169 2852 1209 me
2879 1152 3137 1207 didiceris
3157 1161 3210 1206 te
3228 1148 3515 1203 defecisse.

2128 1246 2337 1301 Veniam
2361 1249 2453 1301 tibi
2470 1249 2594 1301 cito.
2615 1247 2768 1315 Quod
2794 1246 2867 1301 ait
2889 1263 2902 1301 :
2932 1245 3174 1307 Veniam,
3200 1259 3307 1297 nou
3330 1238 3624 1310 progressi-

2042 1354 2171 1393 vum
2203 1340 2473 1408 signitlcat
2500 1350 2705 1393 motum
2746 1337 2841 1391 Dei
2897 1336 2985 1405 qui
3051 1336 3230 1389 omnia
3279 1332 3469 1401 replet,
3528 1329 3624 1383 sed

2044 1432 2459 1486 conversionem
2486 1431 2552 1484 ad
2588 1429 2852 1485 socordiae
2893 1428 3179 1483 ultionem.
3219 1424 3399 1479 Motus
3434 1432 3618 1476 autem

2044 1520 2305 1579 Ecclesia:
2348 1533 2430 1578 est
2480 1539 2511 1578 a
2563 1524 2745 1579 divina
2796 1524 2968 1595 gratia
3026 1520 3342 1581 deuudatio,
3404 1526 3625 1587 propter

2043 1632 2208 1687 quam
2232 1617 2284 1671 in
2313 1617 2429 1672 salo
2454 1632 2518 1672 ac
2548 1614 3128 1685 uinlarumjactatione
3148 1629 3178 1666 a
3202 1610 3487 1681 spiritibus
3506 1624 3622 1662 ina-

2044 1710 2110 1764 lis
2139 1718 2191 1764 et
2227 1709 2509 1764 hominum
2543 1710 2611 1763 iis
2658 1706 3075 1777 obsequentium
3113 1705 3377 1775 pravitate
3416 1698 3622 1755 consti-

2044 1798 2246 1853 tuitur:
2278 1798 2416 1854 adeo
2438 1808 2494 1853 ut
2522 1798 2769 1853 homines
2796 1798 2888 1867 qui
2915 1796 3161 1867 ejusdem
3196 1793 3361 1849 sortis
3375 1806 3498 1846 cum
3520 1789 3624 1843 hac

2043 1899 2166 1944 sunt
2200 1888 2464 1956 Ecclesia,
2492 1889 2677 1945 dicant
2709 1904 2724 1942 :
2752 1888 3154 1944 «Conuurbatus
3185 1896 3270 1940 est
3302 1884 3355 1937 in
3390 1883 3469 1937 ira
3490 1896 3623 1935 oeu-

2043 1981 2129 2036 lus
2155 1996 2306 2037 meus
2330 1982 2408 2049 ἠς
2446 2001 2467 2033 ι
2519 1989 2595 2045 et,
2620 1982 2756 2036 «Cor
2786 1996 2964 2036 meum
3018 1978 3401 2035 conturbatum
3437 1982 3521 2028 est
3564 1972 3619 2026 in

2043 2088 2129 2127 me
2159 2075 2223 2129 ω.
2266 2091 2286 2125 ι

2114 2165 2217 2221 Sed
2245 2168 2340 2222 hoc
2369 2167 2528 2222 habes
2555 2170 2692 2239 quod
2719 2168 2879 2221 odisti
2911 2168 3055 2236 facta
3080 2164 3497 2220 Nicolat’tarum.
3529 2159 3619 2214 ln-

2044 2270 2124 2313 ter
2157 2259 2330 2314 tristia
2359 2262 2515 2330 ponit
2550 2261 2712 2314 etiam
2740 2276 2801 2315 ea
2836 2275 2957 2329 qum
2986 2258 3416 2314 consolationem
3445 2254 3621 2309 addu-

2039 2358 2192 2413 cunt,
2221 2366 2289 2405 ne
2306 2351 2687 2406 abundantiori
2713 2351 2935 2406 tristitia
2963 2349 3327 2405 absorbeatur
3348 2346 3618 2402 Ecclesia.

2041 2443 2131 2497 Ait
2158 2459 2288 2514 ergo
2320 2462 2335 2498 :
2374 2444 2477 2499 Per
2509 2444 2895 2514 paenitentiam
2935 2459 3035 2513 ego
3064 2441 3225 2497 facile
3253 2450 3304 2497 te
3336 2438 3619 2509 recipiam.

2041 2552 2106 2592 eo
2127 2537 2274 2607 quod
2305 2547 2356 2592 te
2377 2537 2505 2591 mihi
2530 2536 2865 2593 conformem
2922 2537 3149 2591 habeam
3180 2535 3232 2588 in
3262 2534 3388 2589 odio
3417 2533 3619 2587 adver-

2040 2640 2137 2682 sus
2168 2624 2483 2682 Nicolaitas.
2518 2625 2581 2680 lli
2616 2635 2799 2681 autem
2838 2640 3140 2696 cognomen
3175 2624 3452 2695 accipiunt
3477 2640 3508 2680 a
3532 2623 3619 2679 Ni-

2040 2719 2222 2785 colao,
2251 2734 2361 2774 uno
2394 2735 2461 2775 ex
2493 2730 2698 2789 septem
2749 2718 3095 2774 diacouibus.
3153 2715 3389 2783 Quinam
3438 2724 3618 2772 autem

2042 2814 2249 2870 fuerint
2281 2824 2335 2869 et
2370 2828 2559 2869 eorum
2592 2812 2979 2868 obsccenitates
3014 2811 3152 2866 liber
3180 2810 3450 2864 Panarion
3499 2811 3624 2880 Epi-

2044 2906 2230 2977 plianii
2264 2906 2433 2961 divini
2470 2921 2534 2960 ex
2566 2904 2744 2975 Cypro
2768 2904 2869 2957 viri
2898 2902 3430 2957 manifestat—Alio
3444 2904 3616 2958 modo.

2043 2999 2245 3054 Motum
2270 2996 2580 3054 candelabri
2639 2995 2980 3064 interpretati
3034 3008 3255 3064 quoque
3306 3002 3436 3049 sunt
3479 3008 3618 3049 non-

2044 3090 2179 3146 nulli
2207 3089 2597 3145 sacerdotalem
2624 3087 2909 3158 Ephesiuaa
2939 3084 3197 3141 Ecclesia:
3234 3084 3441 3150 sedem,
3473 3083 3620 3156 quod

359 3174 460 3246 τῆς
506 3177 732 3245 Ἐφέσου
781 3177 971 3249 θρόνον
1020 3177 1315 3245 ὑπέλαϐον,
1366 3176 1939 3232 Κωνσταντινουπόλει

2046 3182 2218 3254 ipsius
2247 3180 2564 3252 dignitatem
2595 3177 2882 3236 tradiderit
2903 3176 3397 3246 Constantinopoli.

360 3266 430 3320 τά
464 3267 732 3337 πρεσϐεῖα
761 3268 966 3338 ἑαυτῆς
994 3268 1275 3324 ἐπιδοῦσα.

446 3359 505 3412 '0
537 3359 698 3429 ἔχων
730 3355 839 3428 οὕς
863 3360 1204 3416 ἀκουσάτω.
1256 3362 1529 3432 Σαρκικὸν
1570 3362 1665 3427 οῦς
1700 3365 1807 3427 πᾶς
1849 3364 1944 3418 ἄν·

360 3452 582 3524 θρωπος
639 3452 787 3523 ἔχει,
850 3454 1221 3524 πνευματικὸν
1277 3453 1335 3506 δὲ
1389 3456 1418 3507 ό
1486 3454 1939 3524 θεοφορούμενος,

360 3547 498 3616 ὅπερ
539 3544 617 3615 τῷ
674 3546 872 3617 Ἡσαΐᾳ
937 3546 1320 3616 προστέθειται
1368 3544 1465 3597 καὶ
1524 3544 1601 3615 τῷ
1648 3545 1942 3615 θεοπάτορι

364 3636 528 3690 Δαυῖδ
566 3637 795 3707 εύήκοον
846 3637 1135 3706 γενέσθαι.
1192 3636 1286 3707 ἀφ’
1342 3630 1405 3690 οῦ
1454 3637 1553 3690 καὶ
1605 3636 1943 3708 εὐχαρίστως

360 3730 738 3800 διατιθέμενος
800 3730 1045 3800 μελῳδεῖ,
1088 3750 1109 3781 4
1143 3731 1237 3794 Είς
1271 3730 1439 3801 άκοὴν
1470 3728 1633 3783 ὠτίου
1666 3730 1942 3801 ὑπήκουσέ

368 3839 493 3892 μου,
533 3840 552 3875 ι
577 3822 739 3875 οίονεὶ
767 3815 847 3885 οἷς
884 3822 1022 3892 ἀκοὴ
1066 3823 1126 3875 τὸ
1174 3821 1454 3876 ἐπαινετὸν
1500 3820 1677 3891 φέρει,
1721 3820 1944 3884 τούτους

364 3914 545 3985 κάμοῦ
583 3916 673 3968 τὸν
704 3913 866 3967 πόθον
889 3912 1309 3983 άφωμοιώσατο.
1335 3911 1409 3965 Τὸ
1440 3911 1665 3981 Πνεῦμα
1685 3911 1740 3963 δὲ
1772 3912 1942 3965 ταῦτα

364 4004 547 4073 λέγειν
599 4005 792 4075 φησὶν,
833 4005 866 4074 ἦ
919 4006 1000 4057 ὅτι
1046 4002 1435 4073 πνευματικῶς
1478 4003 1764 4073 ἐνηργεῖτο
1801 4020 1940 4073 παρ-

367 4099 531 4150 ιστῶν
570 4096 641 4150 τὰ
690 4098 789 4166 τῆς
830 4096 1247 4165 ’Δποκαλύψεως
1272 4112 1287 4128 ο
1329 4096 1362 4165 ἦ
1398 4094 1625 4163 Πνεῦμα
1666 4096 1757 4149 τὸν
1804 4096 1943 4165 Χρι-

367 4189 491 4242 στόν
520 4206 653 4259 φησι
689 4188 823 4242 καθό
853 4190 968 4242 ἐστι
1004 4189 1096 4242 καὶ
1127 4192 1329 4241 νοεῖται
1362 4188 1515 4251 Θεὸς,
1538 4186 1728 4257 ῶσπερ
1752 4188 1943 4257 ἀμέλει

368 4282 464 4336 καὶ
485 4283 612 4346 Υίὺς
636 4281 926 4353 ἀνθρώπου
950 4283 1301 4353 χρηματίζει,
1330 4281 1465 4335 καθό
1486 4284 1635 4335 ἐστιν
1658 4281 1944 4352 ἄνθρωπος

366 4374 460 4427 καὶ
487 4376 711 4427 νοεῖται.
746 4374 858 4427 Καὶ
898 4374 980 4427 ὅτι
1010 4373 1236 4441 Πνεῦμα
1270 4373 1493 4442 λέγεται
1525 4371 1554 4423 ὁ
1588 4372 1743 4438 Θεὸς,
1774 4371 1942 4425 αὐτοῦ

366 4468 461 4523 τοῦ
500 4466 741 4539 Χριστοῦ
788 4466 923 4536 πρὸς
952 4469 1051 4539 τὴν
1081 4467 1411 4538 Σαμαρεῖτιν
1439 4464 1746 4536 παριστῶσι
1771 4464 1941 4533 λόγοι,

374 4580 392 4613 ι
426 4560 671 4632 Πνεῦμα,
710 4580 729 4612 ι
768 4559 1141 4629 ἀγορεύοντος,
1161 4559 1189 4610 ό
1210 4577 1229 4610 ι
1257 4558 1411 4623 Θεὸς,
1437 4558 1529 4611 καὶ.
1553 4557 1681 4621 τοὺς
1707 4572 1948 4627 προσκυ-

368 4652 593 4716 νοῦντας
638 4651 803 4706 αὐτὸν
846 4654 904 4704 ἐν
951 4650 1224 4720 πνεύματι
1252 4652 1345 4703 καὶ
1371 4648 1623 4720 ἀληθείᾳ,
1666 4666 1685 4700 ι
1736 4648 1833 4703 καὶ
1873 4646 1945 4702 τὰ

368 4746 517 4816 ἑξῆς.
548 4745 659 4799 Καὶ
686 4744 738 4798 τι
771 4744 830 4798 τὸ
858 4742 1081 4815 Πνεῦμα
1109 4743 1295 4813 λέγει;

443 4920 530 4986 Τῷ
575 4919 816 4975 νικῶντι
865 4921 1036 4975 δώσω
1073 4922 1283 4992 φαγεῖν
1325 4923 1395 4977 ἐκ
1438 4924 1544 4978 τοῦ
1600 4923 1791 4987 ξύλου
1846 4921 1954 4990 τῆς

372 5007 541 5077 ζωῆς.
556 5012 626 5049 —‘
639 5010 913 5071 Νικῶντι,
932 5010 1023 5063 τὸν
1041 5011 1173 5082 πρὸς
1198 5014 1322 5074 τοὺς
1341 5012 1601 5082 δαίμονας
1623 5012 1879 5083 πόλεμον,
1895 5013 1953 5076 ὃς

371 5099 458 5153 διὰ
477 5100 587 5154 τῶν
609 5100 909 5170 συμφύτων
927 5103 1057 5173 ἡμῖν
1079 5103 1266 5156 παθῶν
1296 5103 1715 5173 ἀνερεθίζεσθαι
1737 5103 1951 5159 εἴωθεν.

375 5192 540 5246 Ξύλον
569 5193 627 5247 δὲ
655 5193 802 5263 ζωῆς
820 5194 897 5261 (8)
914 5194 1213 5265 τροπικῶς,
1233 5197 1296 5248 τὸ
1312 5198 1368 5249 ἐν
1396 5197 1547 5268 μέσῳ
1567 5196 1661 5250 τοῦ
1684 5198 1952 5268 Παριδεί-

381 5299 495 5349 σου,
528 5284 625 5337 καὶ
663 5284 996 5355 Παράδεισον
1026 5286 1123 5355 τὴν
1156 5289 1433 5359 μακαρίαν
1462 5292 1554 5343 καὶ
1590 5289 1950 5355 αἰωνίζουσαν

377 5371 679 5442 ἐκληπτέον
704 5372 869 5443 ζωὴν,
902 5375 959 5426 ἐν
1047 5376 1237 5443 σοφίας
1264 5377 1493 5445 ἄφθονος
1519 5378 1697 5448 χύσις,
1723 5380 1853 5449 περὶ
1882 5375 1950 5452 ἧς

382 5462 472 5514 καὶ
488 5461 740 5532 Σολομῶν
759 5479 891 5532 φησι
910 5479 923 5491 ’
960 5481 978 5514 ι
1002 5464 1169 5518 Ξύλον
1194 5464 1339 5538 ζωῆς
1368 5468 1485 5519 ἐστι
1512 5471 1623 5532 τοῖς
1650 5470 1950 5540 ἀντεχομέ-

447 5615 495 5649 η
534 5616 678 5674 Psal.
708 5636 837 5686 xxx,
876 5620 961 5675 ll).
1036 5621 1080 5653 ⁵⁸
1114 5620 1259 5678 Psal.
1296 5638 1401 5688 Liv,

388 5702 460 5753 ιν,
486 5688 577 5743 24.

461 5823 538 5892 (7)
578 5825 731 5896 Vulg.
766 5827 866 5881 ὑπὸ
897 5828 1002 5883 τῶν
1032 5830 1129 5899 τῆς
1166 5830 1426 5900 πονηρίας
1458 5829 1776 5901 ἀνθρώπων.

1607 5628 1649 5657 ⁵¹
1702 5626 1802 5682 Isa.
1854 5642 1902 5691 L,
1942 5628 1973 5681 μί
2001 5639 2152 5696 seqq.

2118 3359 2222 3425 Qui
2247 3359 2402 3413 habet
2450 3374 2633 3413 aurem
2670 3356 2881 3411 audiat.
2918 3353 3165 3425 Quisque
3222 3354 3386 3409 homo
3432 3367 3621 3407 aurem

2046 3453 2209 3508 habet
2231 3450 2879 3520 carnalem,spiritualem
2907 3463 3033 3504 vero
3059 3447 3105 3504 is
3134 3447 3228 3518 qui
3258 3446 3445 3502 divino
3469 3444 3621 3500 afﬂa-

2049 3552 2139 3596 tur
2179 3540 2413 3612 Spiritu.
2446 3557 2568 3611 quae
2597 3540 2751 3596 Isaia:
2796 3539 3029 3595 “addita
3059 3546 3143 3594 est
3176 3536 3379 3607 Deique
3430 3552 3623 3607 proge-

2046 3639 2209 3695 nitori
2265 3636 2548 3702 Daridi",
2610 3647 2673 3692 ut
2721 3636 2980 3691 obediens
3030 3644 3195 3691 esset.
3257 3634 3409 3691 Unde
3458 3634 3622 3688 etiam

2046 3740 2200 3801 grato
2227 3732 2411 3785 animo
2437 3730 2688 3796 aﬂ'ectus,
2733 3730 2963 3784 dulciter
2988 3730 3135 3784 canit
3166 3746 3179 3783 :
3219 3747 3238 3780 ι
3267 3730 3344 3783 Ad
3376 3728 3622 3782 auditum

2048 3821 2199 3875 auris
2225 3822 2519 3875 obsecutus
2541 3829 2624 3875 est
2661 3818 2793 3874 mihi
2823 3820 2868 3852 ”
2896 3836 2910 3873 :
2942 3840 2958 3871 ι
2990 3822 3092 3875 hoc
3147 3827 3229 3874 est
3263 3819 3315 3872 in
3366 3819 3451 3872 his
3485 3817 3627 3872 unde

2046 3912 2266 3968 auditus
2285 3911 2391 3967 fert
2410 3912 2613 3983 aliquid
2637 3911 2926 3972 laudabile,
2963 3912 3030 3966 ad
3066 3926 3242 3965 meum
3273 3910 3502 3965 accessit
3534 3910 3625 3962 de-

2046 4002 2330 4060 siderium.
2355 4003 2479 4059 Haec
2514 4014 2695 4058 autem
2730 4004 2806 4057 ait
2836 4001 3095 4073 Spiritum
3137 4002 3336 4065 dicere,
3362 4008 3455 4054 aut
3481 3999 3626 4070 quod

2048 4095 2407 4165 spiritualiter
2471 4095 2819 4164 operabatur,
2873 4095 3260 4149 demonstrans
3327 4109 3449 4160 qum
3502 4102 3629 4149 sunt

2047 4186 2212 4256 hujus
2244 4186 2607 4250 revelationis,
2644 4185 2806 4257 665
2858 4197 2948 4238 aut
2986 4184 3248 4255 Spiritum
3292 4184 3425 4238 dicit
3465 4182 3629 4237 Chri-

2050 4287 2217 4343 stum,
2252 4287 2524 4348 quatenus
2562 4288 2644 4333 est
2676 4288 2729 4332 et
2757 4278 3075 4347 intelligitur
3143 4277 3305 4344 Deus,
3366 4277 3630 4345 quemad-

2049 4369 2273 4425 modum
2306 4385 2490 4425 revera
2525 4385 2744 4440 quoque
2802 4368 2975 4424 Filius
3000 4368 3236 4422 hominis
3299 4368 3626 4438 appellatur,

2050 4469 2326 4531 quatenus
2372 4470 2456 4515 est
2496 4470 2552 4515 et
2605 4460 2932 4531 intelligitur
2986 4461 3170 4514 homo.
3230 4457 3383 4524 Quod
3445 4468 3626 4511 autent

2055 4552 2293 4623 Spiritus
2322 4552 2536 4607 dicatur
2567 4551 2728 4618 Deus,
2763 4552 2938 4622 ipsius
2975 4550 3176 4607 Christi
3229 4551 3297 4605 ad
3330 4550 3633 4604 Samarita-

2054 4660 2179 4700 nam
2237 4644 2399 4698 verba
2451 4644 2851 4707 demonstrant,
2906 4642 3178 4697 dicentis:
3214 4660 3232 4693 ι
3276 4641 3509 4711 Spiritus
3548 4652 3631 4696 est

2055 4737 2219 4799 Deus,
2251 4744 2305 4789 et
2331 4750 2425 4790 eos
2463 4734 2558 4805 qui
2586 4735 2818 4790 adorant
2850 4750 3000 4799 eum,
3030 4733 3083 4787 in
3108 4733 3301 4803 spiritu
3325 4741 3379 4788 et
3403 4733 3631 4787 veritate

2054 4834 2269 4895 oportet
2294 4826 2527 4880 adorare
2550 4826 2617 4879 “.
2646 4844 2664 4877 ι
2694 4826 2757 4881 Et
2781 4826 2911 4896 quid
2926 4833 3013 4881 est
3036 4825 3178 4895 quod
3200 4824 3331 4879 dicit
3358 4821 3635 4893 Spiritus?

2141 4917 2375 4973 Vincenti
2423 4918 2561 4974 dabo
2606 4921 2756 4974 edere
2792 4919 2855 4973 de
2890 4918 3029 4989 ligno
3068 4918 3207 4972 vitae.
3271 4915 3519 4970 Vincenti
3578 4914 3632 4968 in

2058 5011 2196 5065 bello
2226 5014 2369 5081 quod
2400 5013 2664 5069 adversus
2693 5013 2967 5068 daemones
2998 5011 3221 5079 geritur,
3256 5008 3397 5078 quod
3430 5022 3523 5076 per
3553 5006 3637 5059 in-

2057 5102 2192 5156 sitos
2219 5100 2376 5155 nobis
2402 5098 2624 5153 affectus
2655 5096 2878 5151 excitari
2911 5096 3068 5150 solet.
3102 5093 3331 5163 Lignum
3358 5105 3484 5146 vero
3512 5091 3635 5143 vita:

2056 5195 2200 5265 quod
2229 5203 2313 5249 est
2352 5192 2406 5247 in
2439 5191 2627 5258 medio;
2656 5189 2918 5260 paradisi,
2964 5202 3029 5241 ac
3073 5184 3383 5256 paradisum
3427 5180 3634 5250 tropice

2056 5285 2228 5356 accipi
2264 5292 2478 5353 oportet
2506 5282 2720 5335 beatam
2756 5295 2819 5334 ac
2850 5289 3160 5348 perpetuam
3212 5275 3397 5336 vitam,
3439 5272 3493 5324 in
3525 5285 3633 5339 qua

2054 5387 2139 5431 est
2170 5375 2454 5431 abundans
2488 5373 2766 5443 sapientiae
2803 5369 3020 5425 diﬂ‘ttsio
3054 5387 3067 5422 :
3098 5366 3165 5421 de
3205 5380 3311 5434 qua
3366 5361 3527 5416 etiam
3561 5359 3639 5412 ait

2057 5469 2319 5524 Solomon
2365 5487 2377 5523 :
2416 5486 2435 5519 ι
2471 5466 2701 5537 Lignum
2727 5464 2847 5518 vita:
2886 5471 2970 5517 est
3001 5461 3068 5515 iis
3094 5458 3184 5528 qui
3235 5453 3636 5523 amplectuntur

2232 5627 2275 5657 ”
2322 5624 2466 5679 Psal.
2499 5638 2684 5687 xxxix,
2710 5622 2765 5675 4.
2860 5622 2904 5651 ⁵³
2935 5615 3074 5671 Psal.
3113 5627 3239 5675 xvu,
3280 5608 3364 5663 ίὸ.
3396 5608 3441 5640 ⁵⁵
3471 5605 3632 5664 Joan.

2129 5826 2202 5895 (8)
2235 5823 2432 5878 Vocem
2465 5822 2606 5891 ζωῆς
2637 5823 2837 5876 omittit
2873 5822 3019 5891 vulg.
