4042 6566
333 318 440 383 533

1401 317 1787 380 COMMENT.
1832 316 1915 377 IN
1957 316 2489 379 APOCALYPSIN.

408 431 519 487 Kal
558 430 675 497 τὴν
713 430 1144 500 βλασφημίαν.
1203 431 1362 484 Κατὰ
1413 430 1594 483 κοινοῦ
1629 431 1710 495 τὸ,
1778 425 1923 483 Οἶδά

2097 430 2167 483 Ει
2206 430 2613 500 blasphemiam.
2646 430 2685 482 Δ
2721 430 2996 483 communi
3050 444 3214 484 sensu
3249 432 3602 498 repetendum

330 541 471 585 σου.
504 524 591 577 ἴνα
624 523 950 594 ὲξακούηται
976 523 1172 586 οὕτως*
1203 520 1336 577 Οἶδά
1379 540 1472 576 σου
1506 526 1576 577 τὰ
1600 524 1759 594 ἔργα,
1797 519 1916 576 οἶδα

331 618 429 671 καὶ
457 618 557 687 τὴν
605 616 962 687 βλασφημίαν
1008 616 1119 669 τῶν
1170 616 1247 687 τῷ
1288 616 1432 687 λόγῳ
1485 617 1584 687 μὲν
1626 616 1917 680 Ἰουδαίων,

331 711 485 781 ἔργῳ
531 710 589 764 δὲ
638 709 968 779 συναγωγῆς
1003 709 1097 762 τοῦ
1143 710 1380 764 Σατανᾶ.
1417 712 1491 763 Ub
1528 712 1636 780 γὰρ
1671 712 1697 763 ὁ
1740 711 1798 763 ὲν
1843 709 1921 780 τῷ

332 800 560 872 φανερῷ
600 799 881 863 Ἰουδαῖος,
907 798 1023 852 ἀλλ’
1050 799 1079 851 ὁ
1119 798 1179 850 ὲν
1205 796 1284 868 τῷ
1312 797 1569 867 κρυπτῷ,
1605 796 1700 850 καὶ
1729 799 1793 866 τῇ
1821 814 1921 849 πε-

336 894 536 963 ριτομῇ
563 893 661 960 τῆς
691 891 938 963 καρδίας,
970 892 998 945 ὁ
1020 891 1109 945 διὰ
1152 891 1251 961 τῆς
1280 890 1376 944 τοῦ
1406 890 1738 960 φαινομένου
1770 905 1924 960 περι-

333 983 538 1053 ϐλητοῦ
573 982 653 1053 τῷ
683 982 996 1054 γεννητικῷ
1045 981 1221 1053 μορίῳ
1258 982 1534 1053 δέρματος
1580 983 1925 1052 ἀφαιρέσεως

330 1075 433 1129 τοῦ
466 1073 654 1128 ὑλικοῦ
684 1075 841 1129 τοῦδε
874 1076 1074 1137 παντὸς
1100 1074 1218 1145 βίου
1247 1074 1700 1145 ἀλλοτριούμενον
1732 1075 1925 1129 ἑαυτὸν

335 1167 741 1238 αἰνιττόμενος,
781 1168 876 1221 καὶ
905 1167 1041 1239 πρὸς
1064 1169 1132 1222 τὰ
1167 1168 1286 1221 Θεῖα
1322 1170 1386 1239 τῇ
1414 1168 1561 1238 ψυχῇ
1604 1167 1924 1231 ἐνσκευαζό-

342 1277 528 1327 μενον.
559 1260 621 1312 Εἰ
654 1259 762 1329 γὰρ
796 1258 996 1322 Ἰούδας
1039 1258 1137 1329 μὲν
1164 1258 1602 1327 ἐξομολόγησις
1628 1258 1927 1329 ἑρμηνεύε-

339 1366 458 1411 ται,
496 1349 713 1419 Ἰσραὴλ
743 1350 799 1402 δὲ
824 1351 972 1417 νοῦς
1000 1349 1158 1418 ὁρῶν
1184 1350 1355 1412 Θεὸν,
1376 1350 1593 1414 πάντως
1623 1351 1673 1404 οἱ
1707 1350 1928 1419 ἀληθεῖς

356 1441 605 1495 Ἰουδαῖοι
639 1442 734 1496 καὶ
771 1441 991 1517 Ἰσραὴλ
1018 1434 1165 1496 οὗτοί
1191 1443 1352 1510 εἰσιν,
1387 1445 1434 1496 οἱ
1472 1442 1695 1513 Χριστῷ
1735 1442 1929 1512 ὲξομοο·

342 1530 685 1600 λογούμενοι,
734 1533 903 1603 ἤγουν
932 1532 1383 1603 εὐχαριστοῦντες
1442 1533 1559 1587 ἀνθ’
1593 1525 1670 1587 ῶν
1716 1533 1929 1603 μεγάλα

345 1622 719 1694 εὖεργέθημεν
745 1625 812 1694 τῇ
850 1623 937 1677 διὰ
968 1624 1168 1694 σαρκδς
1205 1623 1370 1677 αὑτοῦ
1410 1624 1546 1695 πρὸς
1574 1625 1721 1694 ἡμᾶς
1744 1624 1931 1695 ἐπιδη-

349 1716 471 1787 μία.
511 1716 684 1768 Τοῦτο
747 1715 920 1787 γὰρὴ
978 1716 1370 1787 ἐξομολόγησις
1415 1715 1608 1787 δηλοῦν
1659 1715 1929 1786 βούλεται.

360 1808 577 1879 Ἰσραὴλ
601 1809 678 1871 δὲ,
708 1808 766 1871 ὃς
799 1807 875 1879 νῷ
905 1808 1040 1861 Θεὸν
1072 1810 1202 1879 ὁρᾷν
1232 1809 1560 1878 ἠξιωμένος,
1604 1810 1792 1880 μηδενὶ
1820 1808 1932 1862 τῶν
1964 1787 2007 1845 Β

346 1900 598 1967 ἀσχολεῖν
616 1898 884 1952 εἰωθότων
904 1899 1430 1969 ὲπιπροσθοὺμενος.
1453 1899 1662 1952 Οὐκοῦν
1674 1899 1796 1952 οὐδὲ
1812 1898 1937 1951 Ἰου-

343 1991 483 2045 δαῖοι
497 1991 620 2044 οὔτε
638 1991 852 2062 Ἰσραὴλ
874 1994 921 2045 οἱ
939 1994 1006 2063 τῇ
1021 1991 1251 2062 ἀπιστίᾳ
1270 1991 1605 2061 ἐμμένοντες
1621 1990 1937 2061 ἀνεπιστρόο

348 2101 486 2149 ςως,
505 2083 641 2137 ἀλλὰ
658 2084 1109 2154 βλασφημοῦντες
1128 2083 1451 2155 συναγωγὴν
1467 2085 1690 2146 ἑαυτοὺς
1707 2084 1937 2153 ἀποφαί-

350 2194 506 2228 νουσι
548 2177 643 2229 τοῦ
679 2178 898 2231 Σατανᾶ
936 2177 1358 2248 ὲζωγρημένους
1408 2177 1501 2230 ὑπ’
1530 2176 1696 2231 αὑτοῦ
1752 2178 1833 2241 εἰς
1876 2177 1939 2230 τὸ

348 2269 563 2321 ἐκείνου
594 2269 825 2339 θέλημα,
849 2271 943 2324 ἆτε
979 2271 1071 2323 καὶ
1097 2271 1610 2340 στρατηγουμένους
1633 2270 1724 2323 ὑπ’
1746 2270 1935 2325 αὐτοῦ.

428 2364 512 2415 Οὐ
528 2361 614 2429 μὴ
655 2361 915 2429 ἀδικηθῇ
955 2363 1025 2415 ἐκ
1067 2362 1174 2416 τοῦ
1201 2360 1462 2416 θανάτου
1491 2362 1599 2416 τοῦ
1632 2361 1937 2428 δευτέρου.

362 2451 618 2521 Ἀκριὸὲς
641 2452 703 2503 τὸ
736 2453 1048 2522 εἰρημένον,
1076 2452 1157 2505 δτι
1184 2451 1279 2505 δύο
1326 2451 1576 2506 Οανάτων
1626 2452 1939 2523 ἀνθρώποις

346 2544 546 2606 ὄντων,
580 2544 797 2613 πρώτου
829 2544 923 2597 τοῦ
968 2545 1222 2614 φυσικοῦ,
1260 2545 1318 2608 ὅς
1360 2546 1476 2598 ἐστι
1527 2545 1810 2615 χωρισμὸς
1842 2543 1939 2611 τῆς

348 2633 534 2705 ψυχῆς
586 2635 695 2688 ἀπὸ
746 2636 841 2689 τοῦ
896 2634 1173 2707 σώματος,
1225 2637 1369 2690 κατὰ
1421 2636 1522 2709 τὴν
1576 2637 1794 2690 δικαίαν
1849 2635 1941 2688 καὶ

349 2726 731 2797 ἀπαραίτητον
774 2728 1081 2796 ἀπόςρανσιν
1130 2727 1222 2782 τοῦ
1283 2729 1732 2798 παντοκράτορος
1780 2727 1938 2792 Θεοῦ,

349 2819 479 2887 τὴν.
510 2820 592 2871 ὅτι
636 2836 654 2868 ι
698 2819 775 2887 Γῆ
803 2814 853 2870 εἷ
886 2818 981 2871 καὶ
1003 2822 1080 2882 εἰς
1107 2820 1210 2888 γῆν
1232 2817 1534 2889 ἀπελεύσῃ.
1576 2838 1593 2868 ι
1622 2817 1827 2871 Τοῦτον
1850 2816 1941 2868 τὸν

352 2911 597 2965 Θάνατον
618 2911 1025 2982 ἁνυπερθέτως,
1059 2912 1261 2973 πάντες
1289 2910 1571 2981 ἄνθρωποι
1603 2910 1805 2963 δίκαιοι
1842 2909 1939 2962 καὶ

352 3004 677 3076 ἁμαρτωλοὶ
710 3003 958 3074 μέτιμεν.
993 3003 1258 3071 Δευτέρου
1284 3001 1344 3054 δὲ
1376 3001 1542 3053 πάλιν
1570 3000 1808 3054 θανάτου
1843 3000 1939 3052 καὶ

2019 533 2126 591 ρει,
2163 524 2303 586 Seio,
2339 533 2397 578 ut
2433 525 2504 577 sit
2537 538 2732 578 sensus
2762 541 2775 577 :
2817 522 2945 577 Scio
2975 538 3139 593 Opera
3170 532 3285 583 tua,
3314 523 3429 577 scio
3452 523 3599 577 blas-

2022 616 2296 685 phemiam
2350 630 2538 670 eorum
2578 614 2669 683 qui
2724 614 2889 667 verbo
2929 612 3101 667 Judaei
3139 623 3287 672 sunt.
3325 629 3382 667 re
3414 624 3596 666 autem
3666 610 3673 625 '

2022 710 2139 778 ipsa
2176 715 2304 763 sunt
2348 722 2620 777 synagoga
2678 705 2914 760 Satanas.
2966 703 3155 774 Neque
3210 704 3355 759 enim
3415 705 3508 774 qui
3552 706 3603 757 in

2022 798 2314 853 manifesto
2337 796 2556 851 Judzeus
2591 796 2774 859 fuerit,
2800 795 2846 849 is
2877 811 3001 849 vcre
3029 791 3257 849 Judmus
3278 794 3482 857 est,sed
3513 794 3606 862 qui

2026 891 2078 945 in
2111 890 2324 946 occulto
2357 900 2409 945 ct
2436 889 2850 945 circumcisione
2875 886 3078 951 cordis,
3106 887 3198 957 qui
3244 902 3339 957 per
3368 887 3608 940 ablatio-

2028 1001 2151 1041 nem
2188 984 2481 1039 materialis
2530 985 2687 1053 pellis
2736 998 2858 1052 quae
2888 982 3238 1037 circumdare
3265 983 3604 1053 conspicitur

2030 1081 2339 1134 membrum
2390 1080 2645 1149 genitale,
2676 1078 2919 1148 seipsum
2987 1087 3097 1133 teta
3138 1078 3244 1132 vita
3279 1079 3600 1133 immutasse

2030 1173 2369 1242 designatur,
2401 1182 2453 1227 et
2483 1173 2535 1226 in
2594 1172 2773 1225 anima
2814 1181 3112 1225 exornatus
3147 1187 3271 1225 esse
3302 1171 3369 1225 ad
3395 1171 3604 1228 divina.

2037 1264 2173 1319 Nam
2217 1265 2261 1320 si
2296 1264 2465 1318 Judas
2500 1265 2894 1332 interpretatur
2917 1263 3204 1331 confessio,
3235 1263 3402 1318 Israel
3433 1272 3615 1317 autem

2034 1374 2176 1412 mens
2235 1374 2353 1428 qua:
2411 1356 2577 1411 Deum
2641 1358 2926 1411 intuetur:
2962 1358 3014 1411 bi
3072 1359 3298 1411 omnino
3330 1357 3440 1410 veri
3488 1363 3619 1412 sunt.

2030 1450 2200 1506 Judaei
2282 1448 2551 1512 etlsrael,
2612 1450 2702 1517 qui
2753 1449 3025 1504 Christum
3092 1449 3436 1515 conﬁtentur,
3503 1448 3617 1504 sive

2034 1545 2237 1616 gratias
2278 1552 2439 1614 agunt
2503 1543 2571 1597 ob
2612 1558 2805 1613 magna
2851 1543 3138 1605 beneficia,
3194 1543 3394 1610 quibus
3439 1541 3615 1596 allecti

2036 1653 2228 1693 smnus
2268 1650 2361 1705 per
2409 1635 2700 1689 adventum
2739 1634 2860 1703 ejus
2901 1635 2953 1688 in
2981 1650 3147 1689 carne
3178 1634 3243 1687 ad
3294 1649 3414 1688 nos.
3446 1633 3611 1703 667

2036 1730 2171 1786 Nam
2235 1730 2343 1783 hoc
2392 1727 2668 1795 signiﬁcat
2739 1727 2828 1781 illa
2900 1725 3198 1787 confessio;
3244 1724 3410 1779 Israel
3484 1740 3618 1776 vein

2039 1826 2131 1896 qui
2186 1835 2475 1880 assecutus
2534 1830 2617 1876 est
2671 1829 2731 1875 ut
2781 1819 2949 1875 Deum
3019 1828 3202 1871 tuente
3250 1816 3464 1879 videat,
3526 1814 3620 1885 qui

2039 1919 2183 1973 nulla
2216 1934 2273 1972 re
2305 1917 2632 1971 obscuratur
2664 1929 2769 1983 qua
2806 1912 2958 1981 prius
2977 1911 3113 1965 solet
3136 1910 3414 1980 occupari.
3438 1907 3623 1977 Itaque

2040 2026 2216 2081 neque
2241 2010 2411 2065 Judrei
2444 2016 2572 2063 sunt
2628 2022 2803 2076 neque
2853 2003 3042 2064 Israel,
3078 2004 3168 2071 qui
3216 2019 3323 2056 non
3368 1999 3621 2056 conversi

2040 2111 2363 2175 permanent
2397 2102 2451 2156 in
2492 2098 2899 2161 incredulitate,
2946 2096 3038 2150 sed
3073 2092 3506 2164 blasphemando
3533 2107 3625 2145 os-

2045 2197 2277 2251 tendunt
2309 2210 2367 2250 se
2410 2206 2747 2263 synagogam
2791 2204 2912 2243 esse
2949 2187 3190 2245 Satanae.
3235 2186 3378 2255 capti
3418 2184 3486 2237 ab
3531 2182 3624 2235 illo

2045 2290 2110 2341 ad
2154 2288 2326 2358 ipsius
2360 2286 2717 2343 voluntatem.
2752 2274 3011 2350 tanquam
3041 2278 3109 2332 ab
3140 2278 3259 2346 ipso
3309 2274 3623 2344 expugnati.

2119 2380 2240 2434 Non
2272 2378 2493 2432 lwdetur
2528 2393 2560 2428 a
2587 2384 2756 2427 morte
2808 2372 3064 2427 secunda.
3112 2370 3311 2422 Emi-te
3350 2368 3624 2437 loquendo

2040 2472 2146 2525 hoc
2176 2470 2379 2524 dictum
2404 2475 2506 2522 cst.
2542 2465 2679 2522 Cum
2722 2464 2867 2518 enim
2897 2462 3019 2516 dua:
3048 2461 3159 2514 sint
3191 2469 3415 2518 mortes.
3449 2459 3626 2527 prima

2046 2561 2310 2616 naturalis
2336 2570 2662 2626 e5t,ncmpe
2718 2556 2915 2608 animm
2974 2552 3247 2623 separatio
3286 2567 3317 2605 a
3375 2564 3628 2619 corpore,

2045 2654 2347 2708 secundum
2381 2650 2589 2721 justam
2615 2660 2668 2704 et
2695 2646 3059 2701 inevitabilem
3093 2643 3485 2713 omnipotentis
3535 2639 3631 2692 Dei

2045 2745 2396 2808 sententiam,
2436 2752 2564 2812 puta
2602 2758 2614 2794 :
2656 2738 2853 2793 «Terra
2878 2754 2937 2794 cs
2969 2746 3024 2791 et
3054 2737 3108 2790 iu
3156 2744 3355 2790 tetram
3388 2739 3631 2789 reverte-

2046 2839 2122 2893 ris
2154 2838 2222 2891 δ’.
2255 2856 2272 2887 ι
2307 2835 2458 2889 llauc
2494 2841 2728 2887 mortem
2762 2844 2954 2884 omnes
2986 2827 3237 2881 homines
3269 2826 3477 2891 absque
3507 2822 3619 2875 ulla

2045 2921 2362 2992 exceptione
2410 2919 2543 2988 justi
2575 2934 2638 2970 ac
2695 2924 3008 2985 peceatores
3058 2912 3327 2967 subimus.
3391 2908 3632 2961 Rursum

2045 3027 2179 3067 vero
2207 3009 2445 3065 secunda
2502 3022 2671 3069 mors,
2713 3001 3230 3073 majorcmaﬂerens
3257 3000 3490 3061 cladem,
3535 3012 3637 3065 per

354 3098 775 3167 ὀλεθριωτέρου,
805 3096 898 3149 τοῦ
921 3096 989 3149 δι’
1016 3095 1296 3165 ἁμαρτίας
1319 3095 1442 3148 δντο
1454 3112 1493 3159 ς,
1522 3093 1581 3147 δν
1604 3092 1665 3145 τὺ
1688 3092 1788 3161 τῆς
1808 3094 1937 3144 ἁκο-

2050 3114 2331 3176 peccatum
2360 3101 2580 3155 inducta
2615 3107 2719 3161 est,
2744 3110 2907 3166 quam
2940 3093 3206 3148 illecebrae
3233 3090 3357 3144 vita-
3379 3088 3621 3149 lascivas,

358 3190 557 3242 λάστου
611 3191 702 3241 καὶ
740 3187 1015 3258 σαρκικῆς
1068 3186 1163 3238 καὶ
1192 3184 1502 3255 ἡδυπαθοῦς
1548 3183 1696 3250 ζωῆς
1745 3181 1938 3250 δέλεαρ

359 3283 478 3343 τοῖς
509 3279 821 3350 ἀνθρώποις
844 3278 951 3332 οἶδε
986 3279 1254 3349 πορίζειν.
1284 3278 1373 3330 Διὸ
1399 3277 1493 3331 καὶ
1517 3279 1546 3329 ὁ
1582 3275 1788 3345 Κύριος
1815 3275 1941 3338 τοὺς

359 3371 569 3441 ταύτην
611 3369 1047 3441 μεταδιώκοντας
1088 3370 1320 3440 νεκροὺς
1362 3367 1643 3438 ὀνομάζει,
1673 3368 1803 3420 ὅταν
1830 3368 1934 3437 φῇο

367 3484 387 3514 ι
430 3466 629 3533 ’Ἅφετε
647 3466 772 3526 τοὺς
802 3465 1031 3531 νεκροὺς
1062 3463 1231 3531 θάψαι
1251 3462 1376 3523 τοὺς
1405 3461 1616 3514 ἑαυτῶν
1639 3458 1887 3530 νεκρούς.
1920 3476 1940 3512 ι

365 3558 571 3611 Τοῦτον
621 3558 715 3611 τὸν
749 3558 978 3611 Θάνατον
1010 3556 1129 3628 (τὴν
1159 3554 1387 3626 ἐμπαοῆ
1425 3554 1570 3623 λέγω
1602 3552 1773 3623 ζωὴν)
1802 3557 1830 3607 ὁ
1862 3571 1944 3607 ut.—

367 3649 478 3701 κῶν
516 3649 580 3702 οὐ
604 3649 679 3720 μὴ
710 3646 946 3719 ἀδικηθῇ
970 3651 1035 3703 ἐκ
1065 3651 1162 3701 τοῦ
1185 3648 1282 3719 τῆς
1315 3648 1540 3720 γεέννης
1583 3649 1666 3713 εἰς
1718 3647 1949 3703 ἀδιάλει-

368 3754 503 3793 πτον
538 3740 794 3795 θάνατον.

958 3835 1004 3887 1(
1016 3833 1210 3887 ΕΦΛΛ.
1278 3831 1353 3888 E'.

373 3946 452 4000 Τὰ
492 3947 877 4016 σημανθέντα
943 3948 1021 4013 τῷ
1077 3948 1188 4013 τῆς
1243 3947 1649 4017 Περγαμηνῶν
1695 3949 1950 4016 Ἐκκλη-

948 4020 1091 4086 σίας
1120 4020 1374 4087 ἀγγέλῳ.

448 4134 552 4186 Καὶ
585 4135 661 4199 τῷ
703 4134 939 4203 ἀγγέλῳ
992 4132 1101 4202 τῆς
1140 4133 1210 4186 ἐν
1254 4131 1539 4201 Περγάμῳ
1578 4131 1953 4200 Ἐκκλησιάς

372 4228 609 4295 γράψον
638 4244 651 4257 ·
691 4228 834 4283 Τάδε
880 4228 1045 4297 λέγει
1072 4230 1105 4282 ὀ
1156 4228 1314 4298 ἔχων
1344 4228 1459 4294 τὴν
1489 4227 1793 4297 ῥομφαίαν
1843 4226 1957 4291 τὴν

372 4320 665 4387 δίστομον
686 4320 801 4386 τὴν
828 4319 1037 4384 ὀξεῖαν
1063 4338 1075 4350 ο
1109 4317 1256 4374 Οἶδα
1287 4319 1357 4374 τὰ
1388 4320 1533 4390 ἔργα
1561 4336 1679 4374 σου
1715 4320 1809 4373 καὶ
1836 4317 1957 4371 ποῦ

375 4410 691 4477 κατοικεῖς,
722 4412 874 4465 ὅπου
910 4416 943 4466 ὀ
980 4414 1193 4481 θρόνος
1232 4414 1338 4468 τοῦ
1374 4410 1628 4467 Σατανᾶ.
1661 4410 1767 4465 Kal
1815 4427 1957 4479 κρα-

376 4505 497 4571 τεῖς
526 4507 592 4558 τὸ
633 4506 823 4575 ὄνομά
871 4526 1011 4575 μου,
1048 4506 1143 4560 καὶ
1171 4509 1281 4560 οὐκ
1308 4506 1557 4574 ἠρνήσω
1587 4505 1699 4574 τὴν
1750 4506 1959 4559 πίστιν

378 4616 491 4666 μου
524 4599 594 4651 ἐν
632 4599 757 4660 ταῖς
814 4598 1080 4667 ἡμέραις,
1114 4600 1182 4652 ἐν
1219 4595 1315 4665 αἷς
1357 4601 1627 4663 Ἀντίπας
1655 4601 1687 4652 ό
1726 4598 1960 4666 μάρτυς

380 4709 493 4758 μου
517 4694 548 4744 ό
579 4690 792 4758 πιστὸς
845 4691 914 4756 ὃς
957 4690 1299 4758 ἀπεκτάνθη
1354 4693 1490 4758 παρ’
1520 4689 1681 4759 ὑμῖν,
1735 4688 1887 4741 ὅπου
1928 4690 1960 4741 ὀ

384 4782 651 4847 Σατανᾶς
687 4784 966 4837 κατοικεῖ.
1026 4785 1212 4837 ’Λλλὰ
1255 4785 1372 4853 ἔχω
1402 4785 1551 4836 κατὰ
1599 4782 1716 4836 σοῦ
1764 4781 1959 4848 ὀλίγα,

385 4874 471 4927 ὅτι
499 4876 657 4941 ἔχεις
685 4875 811 4929 ἐκεῖ
840 4876 1208 4943 κρατοῦντας
1239 4874 1352 4942 τὴν
1383 4874 1645 4943 διδαχὴν
1686 4873 1956 4941 Βαλαάμ,

387 4965 451 5027 ὃς
482 4964 719 5021 ἐδίδαὲε
774 4970 877 5021 τὸν
932 4970 1164 5031 Βαλὰκ,
1201 4967 1418 5032 ,ϐαλεῖν
1475 4968 1831 5021 σκάνδαλον
1868 4967 1962 5024 ἑνο

387 5055 573 5109 ‹ἶ›.τιον
601 5056 716 5110 τῶν
742 5058 883 5111 υἱῶν
923 5057 1193 5126 ’Ῑσραὴ..ῖ,
1235 5059 1328 5110 καὶ
1358 5056 1573 5126 φαγεῖν
1604 5057 1965 5112 εἰδωλόθυτα

392 5150 484 5201 val
516 5151 865 5219 πορνεῦσαι.
896 5151 1094 5216 Οὕτως
1126 5151 1286 5218 ἔχεις
1335 5149 1434 5204 καὶ
1465 5149 1547 5204 σὺ
1599 5152 1969 5219 κρατοῦντας

394 5244 507 5309 τὴν
537 5247 796 5316 διδαχὴν
822 5247 940 5300 τῶν
969 5245 1339 5301 Νικολαϊτῶν
1382 5248 1618 5315 ὁμοίως.

468 5339 731 5408 Δίστομον
764 5341 1038 5411 ῥομφαίαν
1073 5339 1260 5409 φησὶν,
1303 5339 1335 5408 ἢ
1371 5338 1469 5408 τὴν
1502 5338 1645 5392 κατὰ
1675 5339 1767 5391 τὸν
1804 5339 1973 5406 εὐαγ-

404 5430 620 5497 γελικὸν
651 5432 809 5499 λόγον
846 5434 904 5486 τὸ
929 5437 1037 5488 πᾶν
1069 5433 1463 5504 περιαιροῦσαν
1493 5432 1554 5483 τὸ
1595 5432 1846 5501 περιττὸν
1877 5431 1970 5486 τοῦ

408 5522 673 5591 παρόντος
708 5524 821 5593 βίου
855 5526 947 5579 καὶ
972 5527 1030 5579 τὸ
1050 5527 1157 5581 ἀπὸ
1190 5526 1458 5593 γενέσεως
1480 5526 1613 5594 ἡμῖν
1646 5522 1973 5577 ἐπισκοτοῦν

480 5642 527 5675 ⁸⁹
552 5643 749 5697 Genus.
781 5659 859 5710 ut,
898 5643 985 5698 l9.
1088 5644 1132 5675 ⁸ο
1152 5643 1342 5698 Matth.
1412 5658 1528 5705 vui,
1555 5641 1645 5695 22.

2043 3194 2284 3251 carnalis
2315 3207 2379 3248 ac
2419 3192 2758 3260 voluptuosa:
2790 3186 3107 3242 hominibus
3140 3182 3489 3253 suppeditare
3540 3196 3638 3234 so~

2046 3292 2155 3342 ient
2190 3305 2203 3342 :
2241 3285 2364 3340 ideo
2400 3297 2617 3353 quoque
2638 3280 2903 3334 Dominus
2935 3292 3030 3332 eos
3056 3276 3147 3346 qui
3169 3277 3309 3329 hanc
3344 3273 3642 3341 insequun-

2045 3390 2136 3436 tur
2160 3387 2407 3433 mortnos
2458 3372 2713 3443 appellat.
2754 3387 2878 3426 cum
2920 3371 3029 3424 ait:
3059 3388 3077 3420 ι
3115 3367 3292 3424 Sinite
3327 3374 3385 3419 ut
3430 3362 3637 3417 mortui

2049 3472 2314 3543 sepeliant
2336 3476 2586 3524 mortuos
2601 3480 2736 3520 suos
2750 3463 2818 3517 ‘°.
2846 3484 2862 3515 ι
2888 3462 3040 3517 llanc
3064 3470 3316 3525 mortem,
3343 3473 3539 3525 nempe
3566 3456 3643 3506 ri-

2054 3575 2161 3621 lam
2189 3560 2472 3618 aliectibus
2531 3557 2797 3621 deditam,
2862 3554 2955 3625 qui
2998 3553 3211 3617 vicerit,
3261 3566 3370 3605 non
3417 3546 3647 3615 recipiet

2051 3658 2311 3711 damnum
2345 3670 2375 3708 a
2406 3660 2583 3707 morte
2608 3649 2891 3720 gehenna),
2926 3646 3259 3701 transeundo
3283 3644 3347 3697 ad
3402 3651 3634 3696 mortem

2054 3750 2541 3808 interminabilem.

2723 3833 2953 3893 CAPUT
2985 3833 3048 3888 ν.

2059 3963 2190 4029 Qua:
2223 3961 2499 4029 designata
2557 3964 2675 4009 sunt
2717 3950 2903 4022 angelo
2955 3946 3211 4001 Ecclesia!
3244 3942 3647 4013 Pergamoruut.

2131 4138 2390 4199 ΝΛΞ-15.
2424 4136 2489 4189 Et
2523 4134 2710 4204 angelo
2742 4130 2995 4185 Ecclesia‘
3025 4127 3401 4195 Pergamorutn
3429 4121 3598 4174 scribe
3635 4136 3651 4172 :

2049 4237 2177 4289 Ha'c
2206 4232 2337 4284 dicit
2366 4230 2457 4300 qui
2483 4227 2635 4280 habet
2667 4224 2904 4295 gladium
2940 4230 3162 4288 utraque
3208 4224 3359 4287 parte
3390 4222 3605 4266 acutum
3635 4224 3654 4263 :

2068 4325 2202 4380 Nori
2233 4341 2389 4394 opera
2411 4335 2525 4385 tua,
2555 4331 2602 4374 et
2630 4320 2715 4373 ubi
2745 4317 2974 4378 habites,
3000 4328 3178 4380 nempe
3206 4310 3293 4363 ubi
3330 4307 3545 4360 thronus
3578 4312 3657 4357 εει

2066 4420 2283 4475 Satana:
2313 4433 2329 4469 :
2358 4428 2407 4470 et
2440 4426 2578 4468 tenes
2605 4428 2788 4466 nomen
2820 4423 3014 4470 meum,
3046 4415 3095 4458 et
3130 4418 3233 4455 non
3267 4397 3465 4468 negasti
3500 4396 3656 4464 [idem

2066 4530 2258 4577 meam,
2292 4512 2344 4564 in
2375 4510 2559 4562 diebus
2589 4506 2778 4576 quibus
2807 4503 3032 4571 Antipas
3083 4498 3229 4552 testis
3292 4511 3435 4550 meus
3483 4492 3658 4563 ﬁdelis

2069 4605 2211 4676 apud
2246 4621 2332 4657 ros
2357 4601 2559 4655 occisus
2599 4607 2697 4662 est,
2732 4597 2822 4649 ubi
2856 4595 3092 4648 Satanas
3118 4591 3341 4645 habitat.
3367 4590 3469 4643 Sed
3495 4586 3661 4640 habeo

2067 4699 2341 4751 odrersum
2369 4704 2415 4747 te
2448 4708 2639 4762 pauca,
2697 4689 2834 4757 quod
2891 4687 3085 4739 habeas
3142 4684 3215 4737 ibi
3258 4692 3488 4737 tenentes
3540 4681 3665 4731 doc-

2072 4796 2266 4844 trinam
2305 4787 2556 4849 Balaam,
2588 4785 2676 4853 qui
2709 4782 2884 4834 doruit
2923 4779 3110 4837 Bolae.
3144 4788 3203 4831 ut
3231 4783 3442 4844 poneret
3497 4774 3666 4841 offen-

2067 4886 2298 4937 diculmn
2327 4877 2660 4946 coramﬁliis
2711 4875 2906 4938 Israel,
2958 4891 3058 4943 quo
3116 4873 3325 4924 ederent
3373 4867 3529 4921 idolis
3563 4868 3666 4918 im-

2073 4976 2266 5029 molata
2289 4984 2336 5027 et
2355 4980 2752 5026 scortarentur:
2778 4970 2854 5020 ita
2874 4968 3030 5019 habes
3048 4974 3095 5018 et
3120 4974 3176 5017 tu
3203 4972 3438 5017 tenentes
3463 4958 3667 5012 doctri-

2076 5086 2196 5122 nam
2235 5066 2628 5120 Nicolaitarum
2653 5062 2924 5116 similiter.

2154 5336 2324 5407 668
2386 5333 2636 5386 Gladium
2702 5329 2958 5398 utrinque
3018 5325 3342 5379 inridentem
3397 5317 3527 5369 dicit
3581 5320 3674 5366 aut

2082 5448 2205 5485 eum
2252 5430 2368 5497 qui,
2399 5426 2697 5480 secundum
2730 5437 3039 5478 sermonem
3072 5414 3465 5483 evangelicum,
3496 5407 3676 5460 :iVellit

2086 5521 2229 5593 quod
2293 5520 2625 5591 superﬂuunt
2672 5528 2754 5573 est
2806 5516 2918 5586 (lU)
2979 5514 3031 5567 in
3093 5507 3350 5580 pra‘seuti
3412 5505 3561 5561 Vita.
3627 5507 3679 5553 et

473 5766 580 5836 (l0)
615 5766 747 5821 Male
773 5765 1042 5836 interpres
1078 5766 1399 5836 scripserat,
1425 5763 1592 5827 dicit,
1632 5768 1725 5814 aut
1749 5772 2038 5815 sermonem
2069 5756 2424 5826 euangelicum
2458 5751 2765 5806 avellentem
2798 5745 2935 5819 quod
2967 5745 3314 5817 super/luunt,
3357 5750 3457 5795 etc.

3550 261 3619 315 3v;
3626 262 3643 303 '1
3764 290 3819 315 ,ρ
3855 290 3883 315 ,ί
3938 288 3948 313 ρ

3550 290 3615 315 aL:
3626 290 3639 303 ¹
3774 290 3819 311 ,θ
3938 290 3948 313 ;

3498 316 3651 397 suo
3740 314 3783 365 ι)
3992 372 4007 380 κ
