4042 6640
398 308 503 373 535

1220 315 1552 379 ΑΒΕΤΙΙ.Ε
1593 317 1974 382 CAESARE}:
2014 316 2501 379 CAPPADOCI/E
2531 315 2875 376 EPISCOPI

3392 276 3432 298 '-

3570 313 3678 378 59.6

398 418 543 488 quod
579 433 609 477 a
648 420 929 475 nativitate
981 419 1138 476 nobis
1189 424 1444 481 tenebras
1494 424 1748 489 ommdit,
1807 444 1874 482 ne
1911 428 1992 482 di.

2094 429 2203 483 τῶν
2254 428 2414 483 θείων
2459 429 2559 495 τῆς
2606 426 2860 495 ἐπτιψίας,
2912 426 2945 496 ἢ
3005 426 3105 498 τὴν
3139 426 3280 482 κατὰ
3312 426 3424 481 τῶν
3458 427 3678 481 ἀσεϐῶν

399 510 525 565 vina
591 513 1030 581 prospiciamus,
1094 523 1189 569 aut
1258 530 1503 570 severam
1568 520 1829 576 adversus
1884 521 1986 575 im-

400 603 520 671 pios
564 605 912 663 sententiam.
957 605 1032 659 Ex
1095 620 1160 659 eo
1209 617 1389 661 autem
1440 611 1585 679 quod
1643 611 1731 665 hic
1774 612 1987 682 gladius

397 696 595 763 prmter
645 697 746 751 hoc
799 699 943 768 quod
1010 700 1266 770 utrinque
1315 700 1507 756 incidit
1570 705 1735 758 etiam
1791 714 1987 761 acutus

396 786 620 847 dicitur,
654 789 835 845 adhuc
872 790 1038 845 etiam
1077 793 1753 851 acceleratinnemindicat
1802 798 1869 851 ad
1894 812 1988 852 eo-

395 894 517 933 rum
559 880 821 937 ultionem
861 884 1367 956 quidivinisjuss‘s
1425 902 1531 942 non
1574 889 1983 959 obtemperant.

397 970 679 1028 Thronum
717 991 847 1029 vero
876 976 1092 1033 Satanae
1139 988 1295 1033 vocat
1352 979 1705 1049 Pergamum.
1749 991 1808 1037 ut
1864 999 1987 1053 qui?

395 1061 717 1119 idololatria:
736 1065 912 1120 dedita
930 1077 1046 1122 erat
1069 1084 1231 1137 supra
1252 1084 1468 1123 omnem
1492 1071 1983 1140 reliquam'Asiam.

396 1155 579 1226 Itaque
607 1172 730 1212 cum
767 1160 931 1214 etiam
970 1161 1285 1231 hujusmodi
1324 1163 1505 1218 locum
1551 1163 1844 1231 inhabiles,
1905 1165 1987 1219 in-

397 1250 539 1317 quit.
597 1250 966 1324 incorruptam
1012 1255 1241 1310 servasti
1295 1271 1470 1311 meam
1508 1256 1771 1323 fidem,in
1837 1259 1986 1315 nullo

395 1362 583 1399 eversa
609 1362 671 1400 ex
706 1349 983 1405 vicinitate
1016 1351 1311 1417 malorum,
1353 1367 1532 1422 neque
1576 1353 1795 1424 iniquos
1812 1370 1983 1410 temu-

394 1434 502 1491 lata
533 1450 613 1501 es,
648 1437 761 1492 visa
789 1454 918 1508 pace
944 1447 997 1494 et
1022 1440 1360 1495 abundantia
1404 1440 1747 1511 iuiqttorum.

467 1529 690 1597 Antipas
715 1533 863 1585 (estis
899 1548 1065 1585 meus.
1102 1532 1337 1603 Antipas
1376 1534 1553 1597 teStis,
1576 1533 1824 1607 Pergami
1865 1536 1987 1590 tulit

394 1622 794 1687 testimonium,
827 1621 986 1693 cujus
1037 1624 1092 1678 in
1143 1624 1290 1679 hunc
1333 1640 1507 1695 usque
1555 1626 1695 1681 diem
1736 1639 1987 1681 servatur

396 1713 738 1783 martyrium,
770 1730 896 1769 eum
936 1716 1105 1770 multa
1130 1716 1300 1772 libere
1326 1717 1542 1773 locutus
1578 1718 1770 1774 fuisset
1796 1720 1986 1775 adver-

2097 524 2371 594 ἁπότομον
2400 523 2729 591 ἀπόφανσιν.
2761 520 2907 591 Πρὸς
2947 519 3027 590 τῷ
3052 519 3296 590 διστόμῳ
3316 520 3372 573 δὲ
3405 520 3501 573 καὶ
3527 519 3679 582 ὀξεῖα

2097 615 2262 686 αὕτη,
2289 615 2370 668 ἔτι
2397 616 2490 669 καὶ
2516 613 2731 685 ταχινὴ,
2756 613 2834 675 είς
2855 610 3135 682 ἐκδίκησιν
3164 610 3274 665 τῶν
3300 611 3677 665 ἀπειθούντων

2094 712 2207 773 τοῖς
2238 708 2408 772 θείοις
2435 707 2793 776 κελεύσμασι.
2829 704 3031 774 Θρόνον
3074 703 3132 756 δὲ
3165 701 3262 755 τοῦ
3302 703 3519 757 Σατανᾶ
3575 702 3679 774 τὴν

2099 802 2388 872 Πέργαμον
2445 800 2627 862 καλεῖ,
2660 799 2738 861 ὡς
2792 795 3125 849 κατείδωλον
3181 790 3349 848 οὖσαν
3406 795 3546 867 ὑπὲρ
3578 794 3681 866 τὴν

2108 888 2295 942 Ἀσίαν
2326 888 2533 942 πᾶσαν.
2567 887 2712 940 Ἀλλ’
2734 881 2827 939 οὖν
2851 885 2949 939 καὶ
2967 883 3210 938 τοιοῦτον
3232 884 3461 938 οίκοῦσα
3483 885 3676 951 τόπον,

2099 984 2291 1054 φησὶν,
2328 980 2621 1034 ἀνόθευτόν
2665 996 2767 1051 μου
2816 976 2915 1050 τὴν
2967 977 3151 1031 πίστιν
3206 978 3482 1049 ἐτήρησας
3514 978 3683 1049 μηδὲν

2095 1076 2436 1146 ὲκτραπεῖσα
2470 1072 2578 1127 ἀπὸ
2602 1073 2699 1143 τῆς
2733 1071 2844 1125 τῶν
2891 1068 3080 1122 κακῶν
3125 1069 3389 1137 γειτνίας,
3426 1070 3548 1125 οὐδὲ
3575 1071 3677 1140 ζη·

2094 1166 2316 1221 λώσασα
2349 1167 2441 1220 ἐπὶ
2487 1168 2600 1230 τοῖς
2643 1166 2893 1235 ἀνόμοις,
2928 1161 3155 1233 είρήνην
3195 1162 3540 1235 ἁμαρτωλῶν
3571 1163 3671 1217 καὶ

2096 1258 2356 1330 εὐθηνίαν
2390 1256 2693 1328 θεωροῦσα.

2179 1534 2276 1587 Ἐν
2323 1528 2418 1599 αἷς
2472 1532 2750 1600 Ἀντίπας
2801 1535 2835 1587 ὀ
2869 1532 3103 1602 μάρτυς
3149 1550 3290 1603 μου.
3348 1530 3608 1593 Ἀντίπας
3648 1530 3678 1582 ὁ

2098 1628 2313 1699 μάρτυς
2338 1626 2395 1680 ἐν
2424 1626 2703 1697 Περγάμῳ
2731 1626 3139 1697 ἐμαρτύρησεν,
3166 1616 3228 1678 οὗ
3253 1625 3349 1678 καὶ.
3371 1624 3433 1677 τὸ
3466 1622 3677 1693 μαρτύο

2098 1738 2212 1791 ριον
2254 1721 2334 1783 εἰς
2361 1721 2443 1773 ἔτι
2492 1719 2746 1785 σώζεται,
2785 1718 2958 1773 πολλὰ
2992 1718 3517 1792 παρρησιασάμενος
3558 1717 3677 1777 τοῖς

396 1805 865 1862 susinsidiatores
897 1827 910 1862 :
946 1819 1001 1863 et
1028 1819 1294 1879 quantum
1331 1812 1383 1865 in
1422 1810 1540 1880 ipso
1575 1811 1676 1866 fuit
1700 1828 1873 1882 usque
1916 1812 1983 1867 ad

2089 1812 2495 1867 ὲκὸουλεύουσι.
2540 1812 2650 1866 Καὶ
2681 1814 2806 1866 ὅσον
2846 1813 2927 1875 εἰς
2952 1812 3114 1865 αὐτὸν
3142 1806 3301 1881 ἧκεν,
3335 1810 3463 1879 ἄχρι
3504 1808 3675 1861 θανά-

398 1907 630 1951 mortem
670 1899 964 1970 processit,
997 1901 1064 1954 de
1091 1901 1252 1971 cujus
1286 1901 1606 1958 fortitudine
1645 1905 1983 1973 evangelista

400 2005 549 2045 nunc
584 2006 679 2058 per
707 2007 768 2046 os
798 1991 887 2045 Dei
918 1991 1047 2047 fecit
1079 1994 1434 2059 mentionem,
1471 2005 1526 2049 ut
1556 1995 1873 2065 productam
1932 1995 1983 2048 iu

400 2081 641 2135 medium
684 2083 826 2137 illius
862 2084 1113 2138 virtutem
1132 2094 1185 2138 et
1202 2085 1519 2155 patientiam
1561 2087 1815 2145 ostendat
1854 2086 1987 2140 lide-

395 2173 562 2239 libus,
628 2189 731 2228 una
783 2188 907 2229 cum
949 2173 1270 2230 crudelitate
1322 2177 1645 2241 errantium,
1686 2187 1744 2232 ut
1792 2178 1885 2248 qui
1920 2179 1986 2233 de

395 2262 611 2319 Satanae
646 2275 775 2319 sunt
814 2267 1193 2322 contubernio.
1227 2267 1495 2335 Quoniam
1528 2280 1710 2324 autem
1744 2270 1987 2339 tangitur

395 2372 586 2411 eorum
614 2373 834 2428 quoque
867 2359 1222 2429 reprehensio
1278 2361 1369 2430 qui
1412 2361 1749 2416 sanctissimi
1802 2371 1980 2425 erant,

395 2462 463 2502 eo
488 2449 630 2517 quod
654 2467 670 2499 ι
698 2451 755 2502 In
789 2449 976 2505 multis
1005 2450 1337 2505 oﬂ‘endimus
1369 2467 1562 2507 omnes
1588 2452 1653 2519 οι,
1693 2471 1711 2504 ι
1741 2453 1896 2523 juxta
1931 2454 1983 2507 id

397 2541 544 2610 quod
579 2542 843 2612 scriptum
864 2553 947 2599 est
976 2559 989 2597 :
1032 2562 1049 2594 ι
1088 2541 1225 2610 Quis
1249 2560 1421 2613 purus
1449 2555 1531 2601 est
1567 2561 1597 2600 a
1638 2547 1804 2601 sorde
1832 2547 1918 2601 “?
1959 2566 1978 2600 ι

398 2631 520 2685 ideo
562 2634 675 2687 ait:
712 2631 1039 2704 Quanquam
1076 2633 1259 2689 taliter
1289 2648 1376 2689 me
1411 2635 1628 2699 colatis,
1682 2636 1860 2692 habeo
1898 2646 1981 2692 ta-

396 2739 520 2781 men
548 2726 795 2780 nonnihil
821 2726 874 2780 in
919 2742 1151 2797 quovos
1200 2742 1478 2792 accusem,
1530 2728 1657 2783 licet
1696 2744 1759 2784 ea
1811 2744 1984 2800 pauca

396 2816 527 2870 sint.
564 2815 846 2888 Siquidem
872 2818 987 2873 hmc
1025 2818 1417 2890 Pergamorum
1441 2820 1658 2887 civitas,
1692 2824 1774 2885 Lut
1816 2838 1985 2891 appa~

395 2912 499 2965 ret,
532 2905 639 2959 dun
666 2907 893 2962 adversa
926 2917 1083 2964 nacta
1113 2920 1249 2973 erat,
1300 2926 1495 2980 nempe
1541 2912 1722 2981 plures
1770 2914 1988 2970 Grteros

395 2995 510 3049 sive
545 2996 812 3064 infideles,
852 3011 908 3054 et
943 3000 1086 3056 inter
1119 3017 1214 3057 eos
1252 3002 1344 3072 qui
1399 3003 1581 3058 fideles
1643 3003 1984 3071 dicebautur,

2087 1918 2179 1955 του
2212 1899 2445 1972 προύϐη.
2483 1893 2671 1971 Οὗπερ
2693 1901 2792 1970 τῆς
2828 1901 3081 1969 ἀνδρείας
3101 1900 3197 1953 νῦν
3229 1902 3257 1953 ὁ
3280 1896 3677 1967 εὐαγγελιστὴς

2088 1995 2154 2046 ὲκ
2181 1993 2277 2062 τῆς
2308 1991 2623 2055 θεοκλυτίας
2646 1993 2691 2063 (Ι
2712 1992 2758 2060 ι)
2785 1995 3065 2062 μέμνηται
3089 1992 3224 2062 πρὸς
3244 1989 3467 2054 ἔνδειξιν
3484 1991 3677 2041 ὲπεισ⁸

2090 2085 2351 2155 ἀχθείσης
2405 2084 2506 2153 τῆς
2554 2084 2769 2137 ἐκείνου
2823 2083 3029 2154 ἀρετῆς
3073 2086 3170 2136 καὶ
3229 2080 3509 2151 ὑπομονῆς
3559 2082 3675 2144 τοῖς

2088 2178 2323 2243 πιστοῖς,
2366 2176 2467 2247 τῆς
2500 2194 2559 2230 τε
2613 2176 2723 2230 τῶν
2786 2176 3223 2247 πεπλανημένων
3254 2175 3541 2246 ὠμότητος
3594 2173 3673 2234 ὡς

2086 2272 2412 2342 ὁμοσκήνων
2447 2270 2527 2343 τῷ
2558 2271 2795 2341 Σατανᾷ.
2848 2271 3068 2342 Ἐπειδὴ
3098 2270 3155 2324 δὲ
3180 2269 3413 2323 ἅπτεται
3446 2267 3673 2320 καὶτῶν

2088 2363 2412 2431 ἁγιωτάτων
2471 2365 2499 2416 ὁ
2560 2363 2774 2433 μῶμος,
2834 2362 3044 2417 καθ’ὅν
3090 2381 3109 2415 ι
3170 2361 3346 2415 πολλὰ
3398 2359 3671 2429 πταίομεν

2089 2457 2350 2521 ἅπαντες,
2385 2474 2401 2506 ι
2425 2457 2566 2510 κατά
2596 2457 2656 2509 τὸ
2674 2456 3084 2526 γεγραμμένον,
3116 2473 3135 2506 ι
3163 2453 3259 2517 Τίς
3288 2451 3532 2522 καθαρὸς
3556 2452 3673 2505 ἀπὸ

2090 2550 2352 2620 ῥύπους»
2402 2550 2565 2620 Ὑμῖν
2592 2548 2777 2611 πάλιν,
2824 2548 2981 2619 φησὶ,
3016 2547 3193 2602 καίτοι
3239 2546 3506 2608 τοιούτοις
3548 2540 3673 2598 οὖσι

2089 2643 2159 2696 τὰ
2189 2643 2329 2714 πρὸς
2369 2643 2672 2714 θεραπείαν
2704 2644 2867 2714 ἐμὴν,
2900 2642 3010 2714 ἔχω
3033 2660 3086 2696 τι
3127 2641 3403 2711 ἐγκαλεῖν,
3430 2640 3536 2693 κᾶν
3570 2638 3670 2692 ἀπ’

2090 2736 2309 2802 ὀλίγων.
2335 2735 2442 2789 Δύο
2481 2736 2592 2805 γὰρ
2629 2734 2865 2805 χαλεπὰ,
2896 2736 2971 2797 ὡς
3002 2734 3204 2796 ἔοικεν,
3256 2731 3393 2801 αὕτη
3444 2732 3476 2801 ἡ
3513 2730 3673 2791 πόλις

2088 2827 2200 2881 τῶν
2234 2828 2614 2900 Περγαμηνῶν
2643 2830 2931 2897 ἐκέκτητο,
2959 2827 3087 2890 τοὺς
3120 2825 3221 2897 μὲν
3254 2824 3510 2886 πλείονας
3537 2822 3673 2875 Ἐλ-

2092 2919 2283 2990 ληνας,
2324 2920 2385 2985 ἐξ
2421 2920 2606 2974 αὐτῶν
2629 2920 2684 2973 δὲ
2707 2918 2816 2972 τῶν
2845 2917 3263 2987 ὀνομαζομένων
3287 2915 3520 2977 πιστῶν,
3541 2913 3673 2975 τοὺς

2090 3014 2491 3084 αίσχρουργοὺς
2526 3011 2860 3073 Νικολαῖτας
2897 3008 3306 3080 ὲπισπαρέντας
3338 3007 3417 3077 τῷ
3441 3004 3669 3077 χρηστῷ

394 3091 641 3143 ubscmni
670 3089 973 3157 Nicolaitaa,
997 3103 1256 3162 tanquam
1292 3112 1455 3165 prava
1486 3096 1694 3152 zizania
1722 3098 1864 3153 inter
1887 3099 1984 3153 tri-

2093 3105 2226 3176 σίτῳ
2271 3105 2483 3171 ζιζάνια
2534 3104 2765 3174 πονηρά.
2812 3102 2923 3155 Καὶ
2967 3102 3115 3164 ὅπως
3153 3100 3211 3154 δὲ
3272 3102 3515 3164 τούτους,
3570 3098 3702 3152 καὶ·

393 3182 587 3247 ιίωιιιι,
613 3185 864 3241 seminati
888 3197 1064 3243 erant.
1096 3186 1268 3242 Porro
1294 3189 1413 3242 vide
1439 3190 1714 3258 quomodo
1763 3191 1865 3246 hos
1912 3208 1978 3247 ex

394 3271 577 3332 Veteri
597 3274 948 3336 Testamento
964 3279 1291 3350 quibusdam
1310 3280 1644 3336 assimilatas
1670 3281 1722 3337 in
1744 3283 1981 3337 medium

392 3366 735 3437 produxerit.

469 3455 788 3512 Doctriuam
818 3460 1045 3516 Balaam
1075 3464 1165 3534 qui
1196 3466 1375 3519 docuit
1402 3465 1590 3520 Βαίας.
1624 3464 1841 3518 Balaam
1908 3465 1985 3518 ait

391 3549 648 3604 docuisse
674 3550 856 3617 Balac,
884 3553 987 3606 hoc
1021 3564 1127 3620 est,
1167 3554 1369 3610 factum
1393 3558 1562 3611 fuisse
1588 3566 1979 3625 praeceptorem

391 3643 569 3709 ipsius
632 3641 815 3697 Balac.
869 3644 1107 3699 llisloria
1139 3656 1220 3701 est
1250 3648 1303 3703 in
1329 3649 1469 3704 libro
1501 3649 1672 3703 divini
1706 3648 1840 3703 Mosi
1875 3648 1969 3718 qui

391 3735 595 3795 dicitur
624 3733 844 3791 Numeri
878 3738 942 3791 “.
985 3736 1257 3808 Iosephus
1308 3750 1488 3796 autem
1513 3739 1734 3796 Iudaeus
1786 3740 1980 3795 scribit

390 3840 576 3889 regem
606 3823 768 3883 Balac
790 3829 1023 3883 consilio
1060 3828 1277 3887 Balaam
1302 3832 1598 3888 adduxisse
1660 3832 1862 3902 populo
1910 3832 1983 3887 ls-

391 3914 505 3976 mel
574 3914 928 3980 mulierculas
954 3929 1012 3977 ut
1064 3930 1491 3978 scortarentur:
1559 3922 1779 3991 quando
1817 3921 1980 3975 etiam

391 4007 631 4063 Phinees
660 4010 857 4067 celebri
903 4015 1173 4069 memoria
1202 4014 1431 4085 dignum
1464 4014 1671 4084 peregit
1712 4030 1851 4084 opus
1874 4013 1975 4075 ad-

390 4118 583 4158 versus
607 4102 824 4163 Zambri
848 4124 861 4160 :
886 4114 940 4160 et
965 4118 1160 4177 pneter
1191 4107 1333 4169 hanc
1366 4106 1648 4162 lasciviam
1683 4106 1982 4161 attraxisse

389 4198 651 4267 populum
688 4198 867 4269 ipsum
896 4198 1259 4259 lsraeliticum
1327 4201 1392 4257 ad
1458 4201 1730 4271 impuram
1773 4215 1985 4255 eomes-

388 4295 612 4356 tionem,
648 4295 850 4350 utendo
876 4295 926 4349 in
957 4294 1138 4349 cibum
1167 4295 1428 4349 carnibus
1477 4310 1599 4364 quae
1634 4293 1972 4362 Beelphegor

384 4389 663 4443 immolata
686 4387 901 4446 fuerant
932 4405 945 4441 ε
977 4390 1143 4461 669
1169 4389 1291 4444 ideo
1325 4391 1487 4445 etiam
1544 4388 1844 4458 perierunt.
1890 4383 1985 4438 llis

2086 3201 2230 3255 τίσιν
2257 3197 2666 3270 ὡμοιωμένους,
2686 3195 2773 3250 διὰ
2793 3194 2889 3266 τῆς
2914 3194 3083 3250 πάλαι
3113 3194 3350 3265 ἱστορίας
3377 3190 3668 3264 παρέθετο.

2163 3460 2283 3528 Τὴν
2311 3458 2571 3529 διδαχὴν
2602 3456 2871 3525 Βαλαὰμ,
2915 3455 2982 3522 ὃς
3020 3455 3261 3521 ἐδίδαξε
3292 3456 3402 3510 τὸν
3436 3455 3669 3513 Βαλὰκ.

2088 3555 2132 3607 Τ
2136 3554 2194 3606 ὸν
2231 3552 2461 3621 Βαλαάμ
2492 3568 2625 3621 φησι
2654 3549 2867 3614 διδάξαι
2919 3547 3014 3601 τὸν
3048 3548 3254 3610 Βαλὰκ,
3308 3548 3475 3601 οἱονεὶ
3523 3548 3670 3601 διδάκ-

2088 3646 2288 3700 σκαλον
2334 3645 2631 3714 γενόμενον
2650 3643 2744 3697 τοῦ
2784 3645 2990 3700 Βαλάκ.
3038 3644 3101 3697 Ἦ
3134 3643 3191 3695 δὲ
3240 3641 3471 3711 ίστορία,
3509 3642 3569 3695 ἐν
3602 3643 3668 3710 τῇ

2088 3740 2257 3811 βίϐλῳ
2287 3737 2380 3793 τοῦ
2411 3737 2703 3791 Θεσπεσίου
2760 3737 3041 3799 Μωῦσέως
3156 3736 3325 3804 ὄνομα
3391 3733 3666 3803 Ἀριθμοί,

2098 3832 2404 3904 Ἰὠσηππος
2435 3831 2488 3885 δὲ
2518 3832 2546 3884 ὁ
2589 3829 2843 3892 Ἰουδαῖος
2872 3828 3149 3899 συμϐουλῇ
3183 3828 3386 3898 γράφει
3429 3825 3525 3879 τοῦ
3560 3826 3668 3879 Βαο

2085 3926 2236 3996 λαὰμ
2262 3925 2355 3979 τὸν
2386 3922 2609 3994 βασιλέα
2641 3922 2846 3986 Βαλὰκ,
2883 3922 2953 3975 τὰ
2979 3922 3178 3989 γύναια
3210 3919 3560 3989 παραστῆσαι
3589 3917 3669 3987 τῷ

2086 4016 2201 4085 λαῷ
2253 4015 2331 4085 τῷ
2372 4013 2590 4086 Ἰσραὴλ
2649 4016 2729 4076 εἰς
2782 4012 3044 4081 πορνείαν
3087 4012 3196 4081 (ὅτε
3238 4010 3333 4064 καὶ
3378 4009 3564 4071 Φινεὲς
3608 4007 3669 4065 τὸ

2085 4108 2333 4176 ἀοίδιμον
2361 4108 2523 4177 ἔργον
2548 4105 2848 4176 εἰργάσατο
2875 4103 2933 4157 τὸ
2963 4103 3055 4156 ἐπὶ
3101 4098 3375 4171 Ζαμόρὴ),
3412 4099 3508 4153 καὶ
3531 4098 3668 4169 πρὸς

2084 4202 2153 4271 τῇ
2181 4198 2441 4271 ἀσελγείᾳ
2468 4198 2665 4270 ταύτῃ,
2702 4196 2908 4250 καὶτὸν
2941 4196 3105 4250 αὑτὸν
3148 4194 3491 4263 Ἰσραηλίτην
3533 4192 3663 4245 λαὸν

2087 4294 2226 4363 πρὸς
2282 4292 2657 4363 μιαροφαγίαν
2710 4290 3063 4357 ἑλκυσθῆναι,
3096 4287 3163 4340 τὰ
3214 4286 3292 4355 τῷ
3343 4283 3665 4364 Βεελφεγῲρ

2088 4383 2417 4439 ἀνατεθέντα
2449 4384 2588 4451 κρέα
2630 4384 2709 4444 είς
2758 4382 2961 4453 βρῶσιν
3015 4379 3384 4451 χρησάμενον.
3442 4377 3533 4429 Διὸ
3570 4376 3665 4427 καὶ

383 4497 516 4537 vero
539 4483 748 4538 similes
783 4498 1003 4552 quoque
1029 4484 1156 4536 dicit
1183 4480 1503 4543 Nicolaitas,
1529 4487 1583 4531 et
1602 4480 1653 4531 in
1696 4477 1980 4531 scortatio-

2089 4474 2392 4529 ἀπώλοντο.
2442 4473 2851 4543 Ἐξομοιοῦσθαι
2879 4473 2935 4526 δὲ
2981 4471 3195 4533 τούτοις
3226 4470 3359 4540 φησὶ
3393 4468 3488 4521 καὶ
3540 4466 3669 4529 τοὺς

386 4592 456 4632 ne
477 4585 530 4631 et
558 4576 611 4630 in
646 4576 858 4645 impura
886 4576 1247 4630 comestione.
1281 4573 1437 4640 Quod
1478 4572 1523 4626 si
1570 4571 1696 4640 quis
1730 4568 1977 4636 requirat

385 4684 636 4741 qua-nam
670 4667 761 4721 illa
787 4678 945 4723 erant
975 4668 1028 4721 in
1063 4668 1266 4737 quibus
1293 4665 1576 4725 errabant,
1606 4677 1669 4715 ex
1738 4660 1972 4730 Epipha-

382 4766 498 4825 nio,
529 4761 693 4817 veluti
726 4760 839 4830 jam
866 4760 1132 4822 diximus,
1164 4759 1355 4815 divino
1406 4754 1673 4826 Cyprensi
1708 4754 1972 4823 episcopo

380 4855 599 4907 discere
625 4851 830 4915 licebit,
871 4852 964 4923 qui
999 4852 1063 4907 ad
1105 4851 1403 4905 multorum
1436 4846 1725 4901 utilitatem
1758 4843 1973 4898 nonin-

388 4945 612 5010 iligunm
649 4942 856 5011 putavit
897 4941 1187 4996 manifeste
1218 4940 1289 4993 ob
1312 4937 1504 4993 oculos
1561 4950 1764 5005 ponere
1811 4933 1972 4988 Nico-

384 5034 636 5086 Iaitarum
682 5032 908 5087 fetorem
948 5048 1014 5092 ac
1047 5029 1475 5100 turpitudinem,
1549 5025 1699 5079 omni
1731 5026 1972 5097 seposito

381 5136 553 5189 metu,
579 5135 691 5180 tum
728 5126 908 5196 quoad
941 5124 1289 5179 libidinosam
1315 5119 1621 5183 lasciviam,
1658 5128 1771 5173 tum
1792 5120 1971 5188 quoad

381 5219 620 5274 maxime
642 5219 1068 5274 abominandam
1104 5216 1377 5286 impuram
1414 5212 1830 5267 comestionem.

452 5311 611 5377 “.16,
648 5313 734 5367 l7.
758 5312 1018 5381 Resipisce
1034 5311 1210 5379 itaque
1233 5324 1251 5360 :
1279 5307 1478 5376 alioqui
1498 5305 1699 5361 veniam
1727 5306 1823 5358 tibi
1848 5307 1974 5369 cito,

380 5418 427 5462 et
459 5406 703 5476 pugnabo
734 5422 852 5460 cum
884 5404 991 5457 illis
1022 5404 1072 5455 in
1120 5401 1300 5470 gladio
1332 5401 1437 5453 eris
1503 5398 1623 5452 mei.
1672 5398 1777 5463 Qui
1818 5399 1976 5452 habet

383 5514 586 5562 narrent,
617 5499 802 5552 audiat
832 5495 960 5566 quid
991 5494 1226 5564 Spiritus
1267 5492 1407 5544 dicat
1440 5488 1708 5543 Ecclesiis.
1743 5489 1982 5551 Vincenti

987 5674 1030 5705 θ’
1062 5671 1162 5727 Job
1188 5689 1314 5733 xxv,
1348 5672 1402 5726 4.

453 5790 566 5863 (ιι)
601 5789 797 5857 Verba,
831 5791 893 5845 ὲκ
923 5790 1018 5864 τῆς
1052 5764 1294 5884 θᾶλζλυτί
1336 5807 1383 5855 ς,
1420 5788 1678 5846 omiserat
1714 5786 1860 5855 vulg.

455 5675 497 5711 θ’
555 5673 672 5748 Jac.
716 5692 799 5742 tu,
819 5674 853 5727 ‘2
878 5713 894 5729 .

1480 5673 1523 5703 ⁵³
1549 5670 1709 5724 Num.
1750 5686 1896 5731 μιν,
1950 5667 2040 5722 9.5.

2077 4564 2407 4627 Νικολαῒτας
2439 4565 2581 4618 κατά
2611 4583 2667 4617 τε
2720 4564 2977 4635 πορνείαν
3025 4564 3118 4615 καὶ
3166 4562 3560 4630 μιαροψαγίαν.
3602 4560 3669 4611 Ἀ

2075 4659 2129 4712 εί
2157 4676 2241 4721 τις
2297 4657 2548 4727 ἐπιζητεῖ
2598 4658 2726 4710 ποῖά
2756 4674 2877 4709 τινα
2921 4651 3009 4724 ἦν,
3058 4655 3133 4716 ὡς
3167 4654 3268 4723 ⁴ἢδη
3315 4650 3666 4722 παρεθέμην,

2078 4753 2135 4820 ἐξ
2174 4752 2496 4820 Ἑπιφανίου
2526 4752 2621 4804 τοῦ
2653 4750 2903 4819 Κυπρίου
2962 4748 3265 4818 ἀρχιερέως
3299 4746 3434 4798 Θεοῦ
3473 4744 3662 4814 μάθοι,

2074 4848 2135 4911 ὃς
2160 4847 2241 4909 είς
2271 4845 2543 4912 ὠφέλειαν
2577 4843 2808 4907 πολλῶν,
2830 4842 2931 4894 οὐκ
2962 4839 3241 4909 ἀπηξίωσε
3282 4839 3342 4891 τὸ
3379 4836 3663 4907 βορϐορῶ-

2077 4937 2168 5001 δες
2198 4936 2307 4989 τῶν
2340 4933 2703 4997 Νικολαϊτῶν,
2740 4932 2882 4985 κατά
2924 4947 2982 4982 τε
3013 4944 3109 5000 την
3152 4927 3418 4999 πορνικὴν
3462 4927 3668 4980 ἀκολα-

2082 5030 2225 5093 σίαν,
2264 5028 2407 5082 κατά
2440 5045 2497 5079 τε
2526 5025 2623 5097 τὴν
2664 5026 2751 5077 ἐπ’
2781 5023 2917 5092 αὐτῇ
2944 5021 3372 5090 βδελυκτοτάτην
3409 5019 3661 5089 ἀκαθαρ-

2078 5123 2348 5192 τοφαγίαν
2377 5119 2644 5190 πρόδηλον
2669 5115 3051 5177 ἀνυποστόλως
3082 5112 3448 5179 καταστῆσαι.

2156 5300 2552 5365 Μετανόησσν
2594 5290 2709 5349 οὖν
2728 5312 2741 5325 ·
2779 5295 2830 5345 εὶ
2864 5290 2932 5344 δὲ
2955 5289 3064 5359 μὴ,
3096 5288 3345 5358 ἔρχομαί
3368 5302 3465 5340 σοι
3489 5284 3666 5354 ταχὺ,

2086 5372 2185 5446 κ’(ιὶ
2219 5390 2547 5459 πολεμήσω
2597 5386 2726 5456 μετ’
2756 5381 2953 5437 αὐτῶν
3010 5382 3079 5433 ἐν
3114 5378 3189 5447 τῇ
3235 5378 3501 5446 ῥομφαίᾳ
3560 5375 3667 5428 τοῦ

2087 5482 2389 5554 στόματός
2449 5496 2587 5552 μου.
2654 5476 2708 5529 '0
2753 5474 2909 5542 ἔχων
2970 5466 3098 5536 οὖς,
3134 5465 3451 5522 ἀκουσάτω
3492 5465 3549 5517 τί
3602 5462 3666 5515 τὸ
