4042 6590
353 324 454 388 5Ί7

1423 335 1808 404 COMMENT.
1853 338 1934 399 IN
1973 339 2502 406 APOCALYPSIN.

3498 360 3608 425 538

350 438 594 508 Πνεῦμα
615 437 777 509 λέγει
797 440 924 507 ταῖς
959 441 1140 498 Ἐκκλ
1150 444 1370 512 ησίαις’
1397 445 1480 510 Τῷ
1495 447 1735 501 νικῶντι
1751 449 1889 503 eam

1992 501 1995 510 λ
2025 452 2162 506 dabo
2193 454 2342 507 edere
2367 471 2432 508 ea:
2460 473 2651 510 manna
2681 459 3008 528 abscondito,
3041 474 3090 519 et
3122 467 3259 522 dabo
3282 471 3383 539 ipsi
3422 473 3606 526 calcu-

347 530 508 596 αὺτῷ
528 532 648 586 ἀπὸ
670 531 775 586 τοῦ
790 533 992 603 μάννα
1013 537 1119 591 τοῦ
1137 538 1554 607 κεκρυμμένου
1579 555 1594 569 ο
1620 541 1718 593 καὶ
1750 540 1922 595 δώσω

2031 543 2138 594 lum
2173 545 2478 608 candidum,
2511 559 2557 602 et
2587 550 2639 601 in
2670 552 2876 606 calculo
2899 573 3081 611 nomen
3107 576 3294 614 novum
3323 565 3603 634 scriptum,

347 621 508 688 αὐτῷ
536 624 744 694 ψῆφον
763 627 1017 696 λευκὴν,
1058 631 1157 685 καί
1199 632 1298 685 ἐπὶ
1343 633 1460 700 τὴν
1490 632 1704 701 ψῆφον
1737 635 1889 704 ὄνομ.

2026 633 2166 704 quod
2188 651 2342 690 nemo
2375 639 2473 691 scit
2497 642 2599 693 nisi
2627 642 2717 711 qui
2745 648 2966 716 accepit.

349 716 564 770 καινὸν
587 720 1016 789 γεγραμμένον,
1049 722 1080 776 ὃ
1103 723 1302 790 οὐδεὶς
1330 721 1494 780 οἶδεν
1520 727 1572 780 εὶ
1604 725 1692 794 μὴ
1723 729 1756 780 ό
1779 730 1926 796 ,ιαμ-

345 808 565 862 ϐἁνων.

416 893 488 951 Ὦ
509 899 677 968 βάθος
708 901 945 958 πλούτου
975 905 1074 958 καὶ⁵
1099 907 1444 978 ἀγαθότητος
1486 911 1656 965 Θεοῦί
1702 911 1784 964 ὅτι
1827 911 1922 964 καὶ

341 990 405 1041 ὲν
436 992 502 1059 τῇ
534 989 736 1062 ἀπειλῇ
763 993 797 1062 ἠ
842 992 1248 1064 φιλανθρωπία.
1287 999 1590 1070 Πολεμήσω
1619 1002 1750 1071 γάρ,
1805 1018 1909 1072 φη-

341 1082 451 1145 σὶν,
481 1082 543 1134 ού
591 1084 732 1152 μετά
764 1085 884 1152 σοῦ,
918 1087 1056 1140 ἀλλά
1105 1089 1242 1156 μετά
1289 1091 1398 1145 τῶν
1431 1093 1770 1146 Νικολαϊτῶν
1807 1095 1918 1148 τῶν

338 1173 639 1228 νοσούντων
667 1177 735 1229 τά
758 1176 953 1231 ἀνίατα
979 1181 1072 1233 καὶ
1095 1181 1370 1253 ἄχρηστα.
1401 1184 1522 1236 Τῶν
1550 1185 1655 1254 γὰρ
1684 1188 1742 1239 ἐν
1768 1187 1912 1257 Περ-

335 1267 505 1336 γάμῳ
535 1268 795 1335 ἐφείσατο
829 1270 903 1336 ὡς
929 1272 1160 1340 πιστῶν,
1190 1274 1306 1338 ἑνὸς
1330 1275 1492 1344 μόνου
1513 1278 1904 1349 ὲπιμεμψάμευ

333 1373 427 1418 νος
460 1358 644 1421 αὐτοῖς
691 1361 793 1431 τῆς
825 1362 965 1432 μετὰ
1017 1364 1122 1419 τῶν
1163 1366 1506 1420 Νικολαϊτῶν
1537 1369 1911 1440 ἀναστροφῆς.

347 1448 508 1502 Ἀλλὰ
534 1451 628 1506 καὶ
656 1452 718 1506 τδ
740 1455 879 1524 ταχὺ
904 1455 1004 1522 τῆς
1031 1457 1154 1510 κατ’
1182 1458 1360 1512 αὐτῶν
1394 1459 1757 1526 ὲπελεύσεως,
1797 1462 1913 1526 πῶς

330 1542 396 1596 ού
423 1544 719 1612 κηδεμόνος
747 1549 840 1600 καὶ
868 1549 944 1618 μὴ
972 1550 1307 1620 ἀνεχομένου
1332 1553 1426 1606 ἐπὶ
1446 1552 1580 1607 πολὺ
1600 1555 1691 1606 τὸν
1709 1554 1912 1626 κλῆρον

329 1634 528 1687 ἑαυτοῦ
573 1638 907 1704 νοθεύεσθαι,
950 1641 1089 1696 ἀλλὰ
1134 1642 1360 1716 ταχινὴν
1414 1645 1756 1717 βραϐεύοντα
1809 1646 1908 1718 τὴν

328 1727 617 1798 ἀντίληψιν
635 1747 651 1797 ;

413 1905 520 1961 Ἐν
545 1906 622 1976 τῇ
642 1909 908 1979 ῥομφαίᾳ
945 1912 1050 1966 τοῦ
1073 1914 1373 1983 στόματός
1414 1933 1556 1984 μου.
1601 1917 1904 1988 Ῥομφαίαν

327 1996 598 2064 στόματος
623 1998 744 2050 τίνα
770 2001 864 2052 καὶ
889 2002 979 2055 διά
1003 2002 1062 2077 τί
1088 2003 1306 2074 εἴρηται
1332 2005 1608 2076 δίστομος,
1656 2008 1902 2079 ἐφθημεν

323 2086 437 2158 πρὸ
467 2088 662 2161 μικροῦ
694 2090 1082 2162 παραθέμενοι.

402 2179 488 2244 Τῷ
512 2181 748 2235 νικῶντι
765 2183 936 2238 δώσω
956 2187 1118 2252 αὐτῷ
1141 2189 1260 2242 ἀπὸ
1285 2190 1392 2244 τοῦ
1411 2192 1631 2261 μάννα.
1655 2194 1894 2265 Ἐπειδὴ,

319 2268 396 2332 ὼς
429 2269 704 2342 φθάνομεν
752 2275 1124 2347 παραθέμενοι
1157 2279 1216 2345 ἐξ
1261 2282 1582 2351 Ἐπιφανίου
1627 2286 1720 2337 τοῦ
1752 2285 1896 2356 ἱεροῦ
1937 2270 1944 2276 ’

319 2359 600 2428 λαϐόντες,
631 2363 897 2432 ἐτολμᾶτο
935 2368 1086 2435 παρὰ
1114 2370 1453 2425 Νικολαϊτῶν
1478 2372 1604 2438 ἀξία
1644 2375 1744 2445 τῆς
1770 2377 1894 2430 τού-

317 2467 430 2502 των
454 2451 643 2514 άθεῖας
666 2455 723 2506 ὲν
743 2458 810 2527 τῇ
842 2457 1138 2530 ἀκαθάρτῳ
1161 2461 1305 2530 μίξει
1333 2463 1545 2517 ἑαυτῶν
1581 2467 1613 2536 ὴ
1647 2465 1892 2539 βλασφη-

321 2543 532 2612 μοτάτη
567 2543 789 2615 βρῶσις,
845 2549 1037 2602 τούτου
1085 2552 1246 2622 χάριν
1299 2553 1377 2624 τῷ
1419 2555 1645 2610 νικῶντι
1671 2557 1892 2630 δοθῆναι

318 2635 518 2698 φαγεῖν
543 2634 639 2686 τοῦ
675 2637 850 2706 μάννα
896 2640 1017 2695 ἀντὶ
1054 2645 1153 2714 τῆς
1193 2644 1502 2718 ἀκαθάρτου
1535 2648 1791 2720 βρώσεὼς
1828 2672 1889 2708 τε

317 2723 415 2774 καὶ
441 2722 702 2796 βδελυρᾶς
735 2728 1026 2801 ὑπέσχετο.
1059 2736 1250 2790 Μάννα
1279 2737 1335 2790 δὲ
1362 2741 1638 2808 τροπικῶς
1671 2743 1699 2795 6
1728 2745 1891 2816 ἄρτος

317 2814 438 2866 ἐστὶ
471 2819 568 2886 τῆς
606 2816 752 2889 ζωῆς
793 2821 822 2872 6
864 2823 1158 2892 οὐρανόθεν
1180 2827 1254 2880 δι’
1296 2829 1444 2898 ἡμᾶς
1493 2814 1794 2899 κατελθὼν,
1841 2838 1889 2890 εί

315 2903 418 2954 καὶ
454 2904 634 2959 πάντα
660 2907 730 2960 τά
781 2909 1044 2979 μέλλοντα
1079 2915 1282 2982 ἀγαθὰ,
1331 2917 1408 2980 ὼς
1451 2921 1747 2989 οὐρανόθεν
1793 2924 1886 2976 καὶ

312 2993 459 3046 αὐτὰ
498 2998 908 3067 καταπτάμενα,
956 3003 1091 3056 ὅπου
1145 3006 1238 3059 καὶ
1273 3007 1306 3076 ἠ
1355 3007 1469 3062 ἅνω
1509 3009 1882 3084 Ἰερουσαλήμ.

2108 894 2153 948 0
2205 895 2622 956 immensitatem
2659 903 3144 964 abundantissime
3173 911 3433 970 bonitatis
3462 917 3591 972 Dei!

2021 988 2219 1042 namin
2247 991 2411 1047 minis
2431 1009 2650 1064 quoque
2692 997 2896 1053 relucet
2941 1001 3266 1070 benignitas.
3309 1006 3594 1078 Pugnabo,

2022 1079 2220 1150 inquit.
2243 1099 2349 1138 non
2376 1079 2578 1150 teCum,
2611 1089 2704 1143 sed
2746 1106 2870 1144 cum
2925 1090 3207 1151 Nicolaitis
3239 1099 3333 1166 qui
3396 1101 3591 1155 imme-

2018 1173 2324 1231 dicabiliter
2353 1189 2635 1250 aegrotant,
2663 1193 2715 1238 et
2738 1185 2802 1238 ad
2839 1185 2973 1241 nihil
3015 1197 3143 1243 sunt
3195 1191 3377 1246 utiles.
3399 1192 3594 1262 Siqui-

2017 1265 2137 1320 dem
2199 1283 2387 1322 eorum
2431 1273 2523 1341 qui
2576 1273 2821 1344 Pergami
2867 1287 3024 1332 erant
3054 1287 3308 1350 tanquam
3353 1284 3592 1340 fidelium

2015 1372 2200 1412 amore
2234 1369 2423 1429 captus
2440 1372 2578 1430 erat,
2612 1366 2922 1437 indignatus
2941 1371 3074 1441 ipsis
3105 1373 3174 1428 ob
3209 1375 3379 1430 solam
3426 1393 3589 1432 unam

2014 1453 2482 1508 conversationem
2503 1471 2626 1511 cum
2654 1457 2958 1518 Nicolaitis.
2993 1462 3096 1518 Sed
3131 1474 3184 1518 et
3205 1466 3259 1519 id
3308 1469 3452 1538 quod
3511 1469 3591 1522 ait

2012 1555 2071 1593 se
2087 1540 2199 1596 cito
2220 1543 2484 1600 adversus
2506 1547 2628 1604 illos
2661 1562 2976 1620 venturum,
3033 1570 3215 1610 annon
3253 1559 3588 1626 providentis

2011 1640 2114 1693 est,
2147 1639 2202 1686 et
2231 1648 2338 1688 non
2365 1636 2596 1692 sinentis
2631 1638 2837 1696 diutius
2867 1653 3068 1699 sortem
3110 1661 3176 1700 ac
3223 1648 3586 1704 substantiam

2011 1739 2164 1777 suam
2189 1729 2488 1798 corrumpi,
2517 1731 2610 1784 sed
2646 1732 2884 1788 velocem
2913 1734 3245 1806 designautis
3264 1741 3585 1796 retributio-

1938 1801 1976 1854 Β
2007 1830 2128 1869 nem
2159 1818 2181 1870 ἲ

2077 1907 2144 1961 In
2178 1910 2356 1979 gladio
2390 1916 2496 1968 oris
2523 1916 2643 1973 mei.
2683 1916 2946 1984 Quisnam
3004 1920 3075 1976 sit
3117 1922 3328 1986 gladius
3355 1924 3488 1991 oris,
3529 1933 3585 1981 et

2003 2016 2164 2069 quam
2192 2004 2262 2057 ob
2291 2020 2512 2061 causam
2549 2009 2802 2080 tttrinqne
2827 2011 3074 2070 incidens
3098 2016 3274 2073 dictus
3289 2018 3383 2084 sit,
3417 2021 3584 2090 paulo

2001 2106 2128 2149 ante
2149 2099 2550 2163 proposuimus.

2085 2184 2320 2241 Vincenti
2348 2189 2484 2244 dabo
2508 2190 2659 2246 edere
2686 2207 2752 2246 ea:
2787 2210 3004 2251 manna.
3052 2197 3344 2264 Quoniam,
3404 2200 3576 2257 veluti

1997 2290 2061 2329 ex
2096 2276 2279 2331 divino
2303 2276 2606 2348 Epiphanio
2629 2295 2907 2350 sumptum
2961 2291 3372 2356 proposuimus,
3398 2306 3428 2346 a
3475 2288 3575 2346 Ni-

1997 2365 2208 2421 cnlaitis
2249 2377 2450 2422 attenta
2489 2380 2606 2424 erat
2644 2373 3027 2442 indignissima
3073 2381 3360 2444 comestio,
3411 2381 3575 2453 digna

1996 2455 2241 2525 ipsorum
2277 2457 2560 2526 impietate
2587 2461 2640 2514 in
2674 2461 2890 2532 impura
2911 2467 2994 2520 sui
3021 2469 3426 2538 commistione,
3453 2473 3578 2528 ideo

1993 2550 2232 2605 vincenti
2269 2551 2523 2606 daturum
2560 2568 2620 2608 se
2647 2569 2845 2610 manna
2867 2557 3134 2613 edendum
3167 2563 3421 2631 proponit
3453 2564 3575 2620 loco

1993 2642 2193 2711 impuri
2223 2651 2276 2698 et
2299 2643 2648 2700 abominandi
2677 2647 2808 2703 cibi.
2834 2646 3028 2703 Manna
3056 2666 3183 2706 vero
3211 2654 3416 2722 tropice
3437 2655 3575 2710 dici-

1992 2741 2079 2787 tur
2105 2735 2262 2802 panis
2296 2735 2438 2801 vitae,
2472 2736 2564 2804 qui
2609 2747 2831 2807 propter
2863 2755 2964 2796 nos
2984 2741 3050 2796 de
3077 2743 3216 2798 ctelo
3245 2743 3570 2802 descendit:

1989 2838 2305 2893 quanquam
2330 2829 2514 2882 omnia
2546 2844 2764 2900 quoque
2791 2830 2975 2887 futura
2995 2833 3250 2889 dicantur
3271 2837 3564 2904 bona,tan-

1986 2929 2150 2981 quam
2180 2926 2235 2970 et
2265 2916 2380 2986 ipsa
2413 2919 2626 2974 ccelitns
2646 2921 2975 2986 devolantia,
3019 2923 3110 2978 ubi
3134 2926 3298 2980 etiam
3349 2938 3435 2983 est
3476 2945 3572 2984 su-

1987 3023 2149 3077 perna
2191 3007 2516 3065 Jerusalem.
2555 3012 2802 3067 Vincenti
2865 3024 3046 3070 autem
3087 3017 3361 3074 diabolum
3409 3021 3570 3090 polli-

311 3083 556 3137 Νικῶντι
583 3087 638 3140 δὲ
658 3088 748 3140 τὸν
779 3089 1040 3158 διάϐολον,
1069 3095 1290 3165 δοθῆναι
1319 3101 1410 3150 καὶ
1445 3099 1628 3170 ψῆφον
1657 3083 1881 3177 λευκὴν,

1992 3107 2138 3153 cetur
2161 3100 2324 3154 etiam
2346 3115 2406 3155 se
2458 3105 2712 3157 daturum
2756 3119 2877 3160 esse
2916 3106 3189 3164 calculum
3237 3110 3561 3178 candidum,

307 3177 581 3241 τουτέστι,
614 3178 742 3250 δόξῃ
767 3180 1284 3258 λελαμπρυσμένην.
1313 3189 1484 3244 Τοῦτο
1511 3192 1588 3259 δὲ,
1621 3193 1720 3264 τὴν
1754 3196 1879 3249 λευ-

1992 3191 2094 3244 hoc
2131 3201 2212 3247 est
2238 3193 2493 3262 opinione
2517 3205 2573 3250 et
2607 3192 2750 3250 fama
2798 3195 3110 3267 fulgentem.
3142 3197 3336 3255 Posuit
3373 3177 3558 3258 autem

308 3266 416 3337 κήν
445 3268 643 3338 ψῆφον.
687 3272 788 3342 τὴν
818 3275 925 3328 ἀπὸ
957 3277 1065 3329 τῶν
1112 3279 1172 3332 ιν
1202 3282 1315 3344 τοῖς
1349 3280 1599 3355 θεάτροις
1630 3288 1724 3339 καὶ
1770 3292 1882 3356 τοῖς

308 3359 548 3424 σταδίοις
577 3362 999 3436 ἀγωνιζομένων
1028 3369 1307 3442 γνώριμον
1331 3367 1520 3438 οὖσαν,
1554 3379 1666 3440 τοῖς
1690 3379 1880 3435 νικῶσι

307 3452 716 3524 παρεχομένην,
747 3456 983 3511 ἐνταῦθα
1031 3461 1293 3519 τέθεικεν.
1345 3466 1556 3536 Ὀνομα
1582 3467 1638 3522 δὲ
1671 3471 1877 3535 καινὺν,

305 3543 375 3612 τῇ
412 3543 662 3617 παρούσῃ
712 3547 826 3620 ζωῇ
871 3550 1254 3622 ἀγνοούμενον.
1304 3573 1322 3607 ι
1361 3557 1442 3610 Τὰ
1494 3559 1604 3630 γὰρ
1636 3560 1816 3627 ἀγαθά
1844 3561 1880 3616 ά

304 3633 422 3695 τοῖς
453 3633 743 3702 ἀγαπῶσιν
800 3638 962 3693 αὐτὸν
991 3643 1288 3714 ἡτοίμασεν
1337 3647 1366 3699 6
1416 3648 1569 3715 Θεὸς,
1601 3650 1876 3722 ὀφθαλμὸς

303 3724 408 3776 οὐκ
438 3719 597 3790 εἶδεν,
633 3729 728 3781 καὶ
755 3725 846 3794 οὖς
866 3734 966 3786 οὑκ
997 3734 1250 3806 ἤκουσεν,
1288 3739 1382 3790 καὶ
1406 3740 1500 3794 ἐπὶ
1527 3742 1756 3812 καρδίαν
1780 3745 1878 3795 άν-

303 3816 530 3885 θρῶπου
557 3821 657 3874 οὐκ
689 3825 878 3896 ἀνέϐη.
916 3845 936 3878 ι
1001 3822 1172 3882 Τοῦτο
1201 3831 1256 3884 δὲ
1304 3832 1363 3884 τὸ
1406 3832 1577 3903 ὄνομα
1627 3836 1678 3887 οἱ
1721 3835 1878 3903 ἅγιοι

302 3908 798 3983 κληρονομήσουσι.
838 3917 960 3982 Πῶς
988 3919 1094 3991 γὰρ
1123 3913 1309 3975 οἷόντε
1341 3922 1552 3995 φθαρτῇ
1585 3925 1784 3993 γνώσει
1807 3925 1876 3979 τά

300 3999 563 4072 ἄφθαρτα
590 4005 1034 4079 παραδηλοῦσθαι
1055 4028 1072 4080 ;

879 4185 1132 4242 ΚΕΦΑΛ.
1179 4191 1271 4256 ς’.

304 4290 384 4344 Τὰ
429 4293 801 4364 γεγραμμένα
853 4296 932 4364 τῷ
958 4299 1464 4440 ἀτὶῖῑὲλῖυατείρων
1518 4308 1879 4377 Ἐκκλησίας

1989 3291 2092 3337 hoc
2127 3283 2246 3338 loco
2268 3285 2539 3340 calculum
2571 3287 2889 3356 candidum,
2936 3290 3082 3360 quod
3130 3291 3176 3347 is
3213 3303 3376 3350 notus
3416 3306 3566 3350 esset

1987 3372 2055 3425 ah
2081 3373 2163 3428 his
2194 3375 2364 3445 quiin
2395 3375 2623 3433 theatris
2671 3393 2737 3434 ac
2763 3380 2957 3436 stadiis
3007 3383 3309 3451 certabant,
3342 3392 3398 3440 et
3440 3386 3564 3440 vin-

1987 3464 2234 3520 centibus
2263 3466 2596 3522 tradebatur.
2620 3470 2786 3541 67o
2813 3470 3019 3528 Nomen
3059 3489 3187 3528 vero
3224 3488 3426 3531 novum
3460 3477 3565 3534 hoc

1985 3566 2089 3620 est,
2115 3557 2255 3626 quod
2295 3559 2544 3626 praesenti
2597 3559 2703 3613 vita
2744 3561 3046 3631 ignoratur.
3080 3564 3357 3634 Siquidem
3412 3585 3431 3618 ι
3487 3567 3561 3623 Fa

1980 3640 2127 3702 bona
2151 3664 2271 3718 qtue
2303 3653 2620 3720 praeparavit
2655 3652 2798 3708 Deus
2848 3655 2931 3710 his
2983 3655 3159 3724 quise
3217 3657 3450 3728 diligunt
3493 3662 3558 3726 ⁸⁸,

1987 3743 2180 3798 oculus
2214 3757 2319 3796 non
2355 3743 2509 3807 vidit,
2545 3759 2645 3800 nec
2675 3746 2826 3801 auris
2855 3745 3084 3812 audivit,
3120 3763 3218 3804 nec
3247 3749 3298 3803 in
3335 3765 3432 3804 cor
3465 3751 3562 3805 bo-

1987 3834 2148 3889 minis
2178 3836 2543 3890 ascenderunt
2567 3837 2611 3870 ⁸⁵
2643 3855 2662 3888 ι
2715 3839 2862 3908 (hoc
2898 3847 3077 3894 autem
3136 3855 3330 3895 nomen
3385 3841 3559 3896 sancti

1986 3923 2299 3980 ltzereditate
2337 3926 3053 3998 possidebunt);quomodo
3101 3929 3245 3984 enim
3302 3930 3560 3999 possibile

1984 4022 2065 4067 est
2108 4023 2166 4065 ut
2197 4015 2536 4085 corruptiblii
2593 4017 2786 4071 notitia
2815 4017 3353 4086 apprehenderentur
3375 4019 3554 4074 incor-

1986 4103 2294 4172 rttptibilia?

2589 4221 2818 4276 CAPUT
2846 4221 2934 4276 Vl.

2057 4334 2188 4400 Qua:
2212 4337 2408 4404 scripta
2429 4346 2550 4389 sunt
2581 4335 2764 4407 angelo
2804 4334 3058 4394 Ecclesia:
3081 4336 3481 4409 Thyatirorum.

369 4473 478 4530 Kal
507 4475 586 4540 τῷ
621 4476 854 4547 ἀγγέλῳ
885 4479 992 4548 τῆς
1027 4482 1096 4533 ἐν
1133 4486 1471 4555 Θυατείροις
1513 4491 1871 4561 Ἐκκλησίας

2049 4511 2303 4577 11,18,19.
2338 4511 2404 4566 Et
2435 4513 2616 4583 angelo
2641 4513 2892 4568 Ecclesia:
2931 4515 3304 4585 Thyatirorum
3333 4519 3502 4574 scribe
3531 4536 3552 4575 :

294 4566 573 4632 γράψον·
625 4568 772 4622 Τάδε
821 4570 984 4640 λέγει
1033 4576 1067 4625 o'
1118 4575 1250 4642 Υἱὸς
1294 4580 1400 4632 τοῦ
1436 4581 1604 4648 Θεοῦ,
1639 4587 1672 4638 ό
1715 4585 1872 4652 ἔχων

295 4656 440 4720 τοὺς
491 4658 831 4727 ὀφθαλμοὺς
880 4663 1063 4716 αὑτοῦ
1109 4665 1188 4730 ὡς
1215 4669 1411 4737 φλόγα
1452 4673 1662 4739 πυρὸς,
1692 4677 1789 4730 καὶ
1818 4679 1872 4730 ol

294 4747 481 4812 πόδες
512 4749 702 4802 αὐτοῦ
742 4749 933 4820 ὅμοιοι
980 4757 1436 4824 χαλκολιϐάνῳ·
1479 4757 1620 4815 Οἶδά
1651 4781 1767 4819 σου
1802 4767 1874 4821 τὰ

294 4839 458 4907 ἔργα,
489 4841 585 4893 καί
619 4841 734 4910 τὴν
759 4842 1018 4913 ἀγάπην,
1049 4846 1148 4901 καὶ
1199 4847 1316 4917 τὴν
1349 4851 1578 4920 πίστιν,
1634 4857 1732 4909 καί
1757 4858 1872 4926 τὴν

293 4929 626 4997 διακονίαν,
659 4934 756 4987 καὶ
780 4935 896 5002 τὴν
923 4939 1242 5006 ὑπομονήν
1291 4958 1430 5007 σου,
1461 4944 1560 4998 καὶ
1609 4947 1682 5001 τὰ
1726 4947 1871 5020 ἔργα

295 5038 437 5084 σου,
463 5025 536 5077 τὰ
571 5024 802 5092 ἔσχατα
833 5029 1087 5083 πλείονα
1109 5030 1228 5084 τῶν
1263 5033 1529 5102 πρώτων.

367 5114 607 5181 Σαφέστε
618 5133 708 5186 ρον
729 5117 925 5173 ἑαυτοῦ
948 5123 1246 5193 παρέχεται
1276 5124 1562 5198 γνώρισμα
1587 5129 1615 5182 6
1645 5149 1868 5202 χρημα-

296 5203 464 5266 τίζων
503 5206 579 5275 τῷ
622 5208 1009 5283 εύαγγελιστῇ,
1059 5214 1188 5268 Υίὸν
1243 5217 1434 5270 ἑαυτὸν
1479 5223 1865 5290 καταγγέλλων

297 5294 455 5361 θεοῦ,
488 5296 680 5366 ἔχοντα
724 5301 850 5365 τοὺς
896 5304 1209 5374 ὀφθαλμοὺς
1243 5308 1342 5376 μὲν
1394 5307 1864 5382 ἀφωμοιωμένους

298 5387 450 5454 πυρὶ,
506 5387 603 5441 an
657 5390 805 5456 οἵους
842 5410 900 5446 τε
961 5395 1204 5460 δικαίους
1241 5399 1340 5466 μὲν
1395 5401 1675 5470 φωτίζειν,
1729 5407 1864 5475 πρὸς

298 5475 494 5530 καῦσιν
525 5479 580 5533 δὲ
627 5484 1051 5554 ἁμαρτανόντων
1099 5489 1349 5556 ἑτοίμους
1378 5506 1392 5521 ο
1425 5491 1551 5556 τοὺς
1596 5495 1762 5559 πόδας
1807 5497 1864 5551 δὲ

210 5559 228 5576 ⁸
302 5568 678 5645 χαλκολιϐάνῳ
708 5577 1164 5648 ἀπεικασμένους.
1197 5581 1582 5658 Χαλκολιϐάνῳ
1606 5587 1684 5654 δὲ,
1725 5589 1755 5660 ἦ
1789 5591 1864 5660 τῷ

397 5732 440 5768 ⁸⁸
466 5732 566 5793 lsa.
593 5751 712 5800 μιν
736 5776 751 5802 ,
773 5736 831 5803 4.
911 5739 954 5772 ⁸⁵
994 5737 1013 5800 l
1046 5738 1172 5802 Cor.
1212 5755 1271 5806 tt,
1304 5741 1357 5804 9.

1978 4599 2105 4654 Ηωο
2131 4602 2257 4655 dicit
2284 4603 2452 4656 Filius
2501 4603 2594 4658 Dei
2615 4606 2703 4673 qui
2753 4605 2905 4658 habet
2933 4606 3110 4659 oculos
3133 4623 3255 4660 suos
3295 4620 3551 4680 tanquam

1973 4693 2242 4760 ﬂammam
2271 4693 2426 4761 ignis,
2447 4703 2494 4748 et
2526 4693 2680 4761 pedes
2708 4695 2823 4764 ejus
2877 4696 3076 4749 similes
3135 4697 3500 4753 cltalcolibano
3529 4718 3549 4756 :

1978 4781 2116 4836 Novi
2144 4800 2302 4852 opera
2341 4793 2434 4837 tua
2457 4794 2504 4838 et
2529 4785 2841 4839 cltaritatent
2863 4803 2923 4839 ac
2945 4787 3293 4841 ministerium
3323 4799 3372 4841 et
3393 4790 3547 4858 ﬁdem

1973 4891 2033 4927 ac
2056 4876 2368 4944 patientiam
2401 4885 2568 4941 luant,
2613 4893 2872 4948 operaque
2905 4887 2998 4932 tua
3045 4879 3332 4932 novissima
3392 4881 3549 4948 plura

1973 4980 2181 5032 prmus.

2039 5141 2295 5212 Apertius
2322 5141 2526 5211 przehet
2555 5142 2638 5195 sui
2671 5143 2931 5196 indicium
2971 5143 3017 5198 is
3041 5143 3133 5212 qui
3159 5142 3402 5212 loquitur
3421 5160 3547 5199 cum

1968 5233 2320 5302 evangelista,
2345 5230 2542 5286 Filium
2574 5234 2665 5287 Dei
2701 5250 2759 5288 se
2784 5235 2961 5302 ipsum
3012 5235 3346 5288 annuntians
3377 5251 3391 5290 :
3452 5235 3547 5303 qni

1972 5323 2166 5378 oculos
2205 5324 2422 5394 quidem
2480 5325 2676 5380 habeat
2737 5327 2845 5396 igni
2881 5325 3235 5390 assimilatos,
3283 5335 3546 5394 tanquam

1969 5425 2184 5483 paratos
2230 5415 2296 5468 ad
2357 5416 2805 5472 illuminationem
2854 5417 3148 5486 justorum,
3202 5417 3544 5472 cxustioncnt

1967 5520 2098 5558 vero
2130 5518 2476 5576 peccatorum
2514 5527 2527 5562 :
2567 5509 2730 5579 pedes
2757 5517 2939 5564 autem
2967 5509 3296 5564 assimilatos
3327 5510 3547 5563 chalce-

1968 5595 2172 5653 lihano.
2204 5598 2617 5670 Chalcolibano,
2664 5601 2911 5672 inquam,
2944 5601 3060 5657 sive
3091 5601 3182 5671 qui
3237 5616 3265 5655 a
3316 5600 3549 5662 medicis
