  <div class='ocr_page' id='page_1' title='image "/cluster/home/n/w/nwhite01/storage/ocr_20150623/106/hvd.32044051727071/281.png"; bbox 0 0 4034 6580; ppageno 0'>
   <div class='ocr_carea' id='block_1_1' title="bbox 437 265 546 373">
    <p class='ocr_par' dir='ltr' id='par_1_1' title="bbox 437 265 546 373">
     <span class='ocr_line' id='line_1_1' title="bbox 437 265 546 373; baseline 0.028 -3"><span class='ocrx_word' id='word_1_1' title='bbox 437 265 546 373; x_wconf 61' lang='grc' dir='ltr'><strong>δέει</strong></span> 
     </span>
    </p>
   </div>
   <div class='ocr_carea' id='block_1_2' title="bbox 1261 312 2911 388">
    <p class='ocr_par' dir='ltr' id='par_1_2' title="bbox 1261 312 2911 388">
     <span class='ocr_line' id='line_1_2' title="bbox 1261 312 2911 388; baseline 0.01 -16"><span class='ocrx_word' id='word_1_2' title='bbox 1261 312 1590 375; x_wconf 74' lang='grc' dir='ltr'><strong>ΑΒΕἸἮΕ</strong></span> <span class='ocrx_word' id='word_1_3' title='bbox 1629 316 2015 379; x_wconf 60' lang='grc' dir='ltr'><strong>ΟΧΕΞΛΒΕᾸΒ</strong></span> <span class='ocrx_word' id='word_1_4' title='bbox 2048 319 2535 384; x_wconf 72' lang='lat' dir='ltr'><strong>CAPPADOCLE</strong></span> <span class='ocrx_word' id='word_1_5' title='bbox 2569 325 2911 388; x_wconf 80' lang='lat' dir='ltr'><strong>EPISCOPI</strong></span> 
     </span>
    </p>
   </div>
   <div class='ocr_carea' id='block_1_3' title="bbox 3609 335 3714 399">
    <p class='ocr_par' dir='ltr' id='par_1_3' title="bbox 3609 335 3714 399">
     <span class='ocr_line' id='line_1_3' title="bbox 3609 335 3714 399; baseline 0 0"><span class='ocrx_word' id='word_1_6' title='bbox 3609 335 3714 399; x_wconf 73' lang='grc'><strong>540</strong></span> 
     </span>
    </p>
   </div>
   <div class='ocr_carea' id='block_1_4' title="bbox 440 417 2062 514">
    <p class='ocr_par' dir='ltr' id='par_1_4' title="bbox 440 417 2062 491">
     <span class='ocr_line' id='line_1_4' title="bbox 440 417 2062 491; baseline 0.009 -21"><span class='ocrx_word' id='word_1_7' title='bbox 440 417 724 473; x_wconf 78' lang='lat' dir='ltr'><strong>masculus</strong></span> <span class='ocrx_word' id='word_1_8' title='bbox 740 418 964 484; x_wconf 87' lang='lat' dir='ltr'><strong>dicitur,</strong></span> <span class='ocrx_word' id='word_1_9' title='bbox 985 419 1079 491; x_wconf 86' lang='lat' dir='ltr'><strong>qui</strong></span> <span class='ocrx_word' id='word_1_10' title='bbox 1105 419 1232 475; x_wconf 89' lang='lat' dir='ltr'><strong>dum</strong></span> <span class='ocrx_word' id='word_1_11' title='bbox 1255 421 1528 488; x_wconf 86' lang='lat' dir='ltr'><strong>adoletur,</strong></span> <span class='ocrx_word' id='word_1_12' title='bbox 1543 425 1854 483; x_wconf 90' lang='lat' dir='ltr'><strong>odoriferos</strong></span> <span class='ocrx_word' id='word_1_13' title='bbox 1869 430 2031 483; x_wconf 82' lang='lat' dir='ltr'><strong>emit-</strong></span> <span class='ocrx_word' id='word_1_14' title='bbox 2058 479 2062 490; x_wconf 41' lang='grc' dir='ltr'><em>ς</em></span> 
     </span>
    </p>
   </div>
   <div class='ocr_carea' id='block_1_5' title="bbox 2146 417 3719 514">
    <p class='ocr_par' dir='ltr' id='par_1_5' title="bbox 2146 430 3719 514">
     <span class='ocr_line' id='line_1_5' title="bbox 2146 430 3719 514; baseline 0.009 -29"><span class='ocrx_word' id='word_1_15' title='bbox 2146 430 2240 485; x_wconf 76' lang='grc' dir='ltr'><strong>5πδ</strong></span> <span class='ocrx_word' id='word_1_16' title='bbox 2265 435 2372 488; x_wconf 88' lang='grc' dir='ltr'><strong>τῶν</strong></span> <span class='ocrx_word' id='word_1_17' title='bbox 2409 436 2612 507; x_wconf 83' lang='grc' dir='ltr'>ἰατρῶν</span> <span class='ocrx_word' id='word_1_18' title='bbox 2662 437 2856 510; x_wconf 77' lang='grc' dir='ltr'><strong>ἀῤῥενι</strong></span> <span class='ocrx_word' id='word_1_19' title='bbox 2908 438 3235 511; x_wconf 77' lang='grc' dir='ltr'><strong>καλουμένῳ</strong></span> <span class='ocrx_word' id='word_1_20' title='bbox 3271 441 3498 514; x_wconf 74' lang='grc' dir='ltr'><strong>λιϐάνῳ,</strong></span> <span class='ocrx_word' id='word_1_21' title='bbox 3532 444 3592 507; x_wconf 83' lang='grc' dir='ltr'><strong>ὃς</strong></span> <span class='ocrx_word' id='word_1_22' title='bbox 3627 448 3719 499; x_wconf 81' lang='grc' dir='ltr'><strong>ὲκ-</strong></span> 
     </span>
    </p>
   </div>
   <div class='ocr_carea' id='block_1_6' title="bbox 441 509 2029 584">
    <p class='ocr_par' dir='ltr' id='par_1_6' title="bbox 441 509 2029 584">
     <span class='ocr_line' id='line_1_6' title="bbox 441 509 2029 584; baseline 0.008 -22"><span class='ocrx_word' id='word_1_23' title='bbox 441 509 504 562; x_wconf 86' lang='lat' dir='ltr'><strong>tit</strong></span> <span class='ocrx_word' id='word_1_24' title='bbox 527 525 754 579; x_wconf 65' lang='grc' dir='ltr'><strong>υμνοι-νε</strong></span> <span class='ocrx_word' id='word_1_25' title='bbox 786 529 799 564; x_wconf 93' lang='lat'>:</span> <span class='ocrx_word' id='word_1_26' title='bbox 833 510 1277 583; x_wconf 84' lang='lat' dir='ltr'><strong>quandoquidem</strong></span> <span class='ocrx_word' id='word_1_27' title='bbox 1314 523 1369 569; x_wconf 90' lang='lat' dir='ltr'><strong>et</strong></span> <span class='ocrx_word' id='word_1_28' title='bbox 1409 515 1501 584; x_wconf 87' lang='lat' dir='ltr'><strong>qui</strong></span> <span class='ocrx_word' id='word_1_29' title='bbox 1538 517 1760 572; x_wconf 75' lang='lat' dir='ltr'><strong>Christo</strong></span> <span class='ocrx_word' id='word_1_30' title='bbox 1781 519 2029 575; x_wconf 77' lang='lat' dir='ltr'><strong>adlnese-</strong></span> 
     </span>
    </p>
   </div>
   <div class='ocr_carea' id='block_1_7' title="bbox 441 601 2030 677">
    <p class='ocr_par' dir='ltr' id='par_1_7' title="bbox 441 601 2030 677">
     <span class='ocr_line' id='line_1_7' title="bbox 441 601 2030 677; baseline 0.009 -24"><span class='ocrx_word' id='word_1_31' title='bbox 441 610 586 666; x_wconf 90' lang='lat' dir='ltr'><strong>runt,</strong></span> <span class='ocrx_word' id='word_1_32' title='bbox 620 603 758 657; x_wconf 89' lang='lat' dir='ltr'><strong>inter</strong></span> <span class='ocrx_word' id='word_1_33' title='bbox 777 601 1097 660; x_wconf 87' lang='lat' dir='ltr'><strong>alllictiones</strong></span> <span class='ocrx_word' id='word_1_34' title='bbox 1123 606 1292 661; x_wconf 85' lang='lat' dir='ltr'><strong>veluti</strong></span> <span class='ocrx_word' id='word_1_35' title='bbox 1327 607 1380 661; x_wconf 91' lang='lat' dir='ltr'><strong>in</strong></span> <span class='ocrx_word' id='word_1_36' title='bbox 1411 607 1535 677; x_wconf 79' lang='lat' dir='ltr'><strong>igne</strong></span> <span class='ocrx_word' id='word_1_37' title='bbox 1563 621 1864 676; x_wconf 78' lang='lat' dir='ltr'><strong>versantes,</strong></span> <span class='ocrx_word' id='word_1_38' title='bbox 1922 627 2030 668; x_wconf 79' lang='lat' dir='ltr'><strong>non</strong></span> 
     </span>
    </p>
   </div>
   <div class='ocr_carea' id='block_1_8' title="bbox 441 693 2034 764">
    <p class='ocr_par' dir='ltr' id='par_1_8' title="bbox 441 693 2034 764">
     <span class='ocr_line' id='line_1_8' title="bbox 441 693 2034 764; baseline 0.008 -18"><span class='ocrx_word' id='word_1_39' title='bbox 441 707 504 746; x_wconf 78' lang='lat' dir='ltr'><strong>ce</strong></span> <span class='ocrx_word' id='word_1_40' title='bbox 521 704 661 747; x_wconf 60' lang='lat' dir='ltr'><strong>«sant</strong></span> <span class='ocrx_word' id='word_1_41' title='bbox 687 693 1162 764; x_wconf 71' lang='lat' dir='ltr'><strong>sniexploratione</strong></span> <span class='ocrx_word' id='word_1_42' title='bbox 1195 699 1615 757; x_wconf 72' lang='lat' dir='ltr'><strong>circumstantes</strong></span> <span class='ocrx_word' id='word_1_43' title='bbox 1643 703 1798 758; x_wconf 79' lang='lat' dir='ltr'><strong>suavi</strong></span> <span class='ocrx_word' id='word_1_44' title='bbox 1820 703 2034 759; x_wconf 82' lang='lat' dir='ltr'><strong>allicere</strong></span> 
     </span>
    </p>
   </div>
   <div class='ocr_carea' id='block_1_9' title="bbox 441 783 2032 865">
    <p class='ocr_par' dir='ltr' id='par_1_9' title="bbox 441 783 2032 865">
     <span class='ocr_line' id='line_1_9' title="bbox 441 783 2032 865; baseline 0.008 -27"><span class='ocrx_word' id='word_1_45' title='bbox 441 783 627 840; x_wconf 84' lang='lat' dir='ltr'><strong>odore.</strong></span> <span class='ocrx_word' id='word_1_46' title='bbox 662 785 802 842; x_wconf 83' lang='lat' dir='ltr'><strong>Hine</strong></span> <span class='ocrx_word' id='word_1_47' title='bbox 829 788 993 843; x_wconf 84' lang='lat' dir='ltr'><strong>etiam</strong></span> <span class='ocrx_word' id='word_1_48' title='bbox 1023 787 1226 847; x_wconf 89' lang='lat' dir='ltr'><strong>Panltts</strong></span> <span class='ocrx_word' id='word_1_49' title='bbox 1257 792 1359 848; x_wconf 88' lang='lat' dir='ltr'><strong>sibi</strong></span> <span class='ocrx_word' id='word_1_50' title='bbox 1382 793 1687 865; x_wconf 80' lang='lat' dir='ltr'><strong>gratulans.</strong></span> <span class='ocrx_word' id='word_1_51' title='bbox 1732 813 1750 846; x_wconf 81' lang='grc' dir='ltr'><strong>ι</strong></span> <span class='ocrx_word' id='word_1_52' title='bbox 1803 794 2032 860; x_wconf 77' lang='lat' dir='ltr'><strong>Christi,</strong></span> 
     </span>
    </p>
   </div>
   <div class='ocr_carea' id='block_1_10' title="bbox 443 873 2031 954">
    <p class='ocr_par' dir='ltr' id='par_1_10' title="bbox 443 873 2031 954">
     <span class='ocr_line' id='line_1_10' title="bbox 443 873 2031 954; baseline 0.007 -26"><span class='ocrx_word' id='word_1_53' title='bbox 443 873 640 944; x_wconf 88' lang='lat' dir='ltr'><strong>inquit,</strong></span> <span class='ocrx_word' id='word_1_54' title='bbox 663 876 804 932; x_wconf 89' lang='lat' dir='ltr'><strong>bona</strong></span> <span class='ocrx_word' id='word_1_55' title='bbox 825 877 1122 950; x_wconf 78' lang='lat' dir='ltr'><strong>fragrantia</strong></span> <span class='ocrx_word' id='word_1_56' title='bbox 1139 896 1356 948; x_wconf 83' lang='lat' dir='ltr'><strong>sumus,</strong></span> <span class='ocrx_word' id='word_1_57' title='bbox 1384 884 1434 938; x_wconf 94' lang='lat' dir='ltr'><strong>in</strong></span> <span class='ocrx_word' id='word_1_58' title='bbox 1469 884 1555 938; x_wconf 82' lang='lat' dir='ltr'><strong>bis</strong></span> <span class='ocrx_word' id='word_1_59' title='bbox 1577 883 1672 954; x_wconf 90' lang='lat' dir='ltr'><strong>qni</strong></span> <span class='ocrx_word' id='word_1_60' title='bbox 1703 883 1838 940; x_wconf 85' lang='lat' dir='ltr'><strong>salvi</strong></span> <span class='ocrx_word' id='word_1_61' title='bbox 1871 887 2031 952; x_wconf 87' lang='lat' dir='ltr'><strong>tiunt,</strong></span> 
     </span>
    </p>
   </div>
   <div class='ocr_carea' id='block_1_11' title="bbox 441 968 2033 1052">
    <p class='ocr_par' dir='ltr' id='par_1_11' title="bbox 441 968 2033 1052">
     <span class='ocr_line' id='line_1_11' title="bbox 441 968 2033 1052; baseline 0.007 -31"><span class='ocrx_word' id='word_1_62' title='bbox 441 977 498 1021; x_wconf 87' lang='lat' dir='ltr'><strong>et</strong></span> <span class='ocrx_word' id='word_1_63' title='bbox 528 968 582 1022; x_wconf 89' lang='lat' dir='ltr'><strong>in</strong></span> <span class='ocrx_word' id='word_1_64' title='bbox 619 969 703 1024; x_wconf 89' lang='lat' dir='ltr'><strong>bis</strong></span> <span class='ocrx_word' id='word_1_65' title='bbox 727 971 821 1040; x_wconf 90' lang='lat' dir='ltr'><strong>qui</strong></span> <span class='ocrx_word' id='word_1_66' title='bbox 852 984 1080 1041; x_wconf 89' lang='lat' dir='ltr'><strong>pereunt</strong></span> <span class='ocrx_word' id='word_1_67' title='bbox 1100 975 1146 1005; x_wconf 82' lang='lat'><strong>“</strong></span> <span class='ocrx_word' id='word_1_68' title='bbox 1179 992 1194 1028; x_wconf 89' lang='lat'><strong>:</strong></span> <span class='ocrx_word' id='word_1_69' title='bbox 1237 993 1255 1026; x_wconf 77' lang='grc' dir='ltr'><strong>ι</strong></span> <span class='ocrx_word' id='word_1_70' title='bbox 1297 975 1349 1028; x_wconf 80' lang='lat' dir='ltr'><strong>in</strong></span> <span class='ocrx_word' id='word_1_71' title='bbox 1389 975 1475 1030; x_wconf 86' lang='lat' dir='ltr'><strong>his</strong></span> <span class='ocrx_word' id='word_1_72' title='bbox 1501 976 1722 1052; x_wconf 78' lang='lat' dir='ltr'><strong>quidem</strong></span> <span class='ocrx_word' id='word_1_73' title='bbox 1753 976 1846 1046; x_wconf 88' lang='lat' dir='ltr'><strong>qtti</strong></span> <span class='ocrx_word' id='word_1_74' title='bbox 1898 977 2033 1032; x_wconf 84' lang='lat' dir='ltr'><strong>salvi</strong></span> 
     </span>
    </p>
   </div>
   <div class='ocr_carea' id='block_1_12' title="bbox 445 1061 2034 1134">
    <p class='ocr_par' dir='ltr' id='par_1_12' title="bbox 445 1061 2034 1134">
     <span class='ocr_line' id='line_1_12' title="bbox 445 1061 2034 1134; baseline 0.005 -19"><span class='ocrx_word' id='word_1_75' title='bbox 445 1061 605 1126; x_wconf 82' lang='lat' dir='ltr'><strong>ﬁunt,</strong></span> <span class='ocrx_word' id='word_1_76' title='bbox 627 1078 726 1118; x_wconf 84' lang='lat' dir='ltr'><strong>sua</strong></span> <span class='ocrx_word' id='word_1_77' title='bbox 752 1062 892 1118; x_wconf 88' lang='lat' dir='ltr'><strong>inter</strong></span> <span class='ocrx_word' id='word_1_78' title='bbox 909 1065 1208 1121; x_wconf 75' lang='lat' dir='ltr'><strong>seditiosos</strong></span> <span class='ocrx_word' id='word_1_79' title='bbox 1241 1067 1512 1123; x_wconf 77' lang='lat' dir='ltr'><strong>tumultus</strong></span> <span class='ocrx_word' id='word_1_80' title='bbox 1541 1069 1850 1134; x_wconf 76' lang='lat' dir='ltr'><strong>tolerantia,</strong></span> <span class='ocrx_word' id='word_1_81' title='bbox 1868 1069 2034 1125; x_wconf 86' lang='lat' dir='ltr'><strong>veluti</strong></span> 
     </span>
    </p>
   </div>
   <div class='ocr_carea' id='block_1_13' title="bbox 445 1154 2035 1230">
    <p class='ocr_par' dir='ltr' id='par_1_13' title="bbox 445 1154 2035 1230">
     <span class='ocr_line' id='line_1_13' title="bbox 445 1154 2035 1230; baseline 0.005 -22"><span class='ocrx_word' id='word_1_82' title='bbox 445 1155 596 1209; x_wconf 80' lang='lat' dir='ltr'><strong>suavi</strong></span> <span class='ocrx_word' id='word_1_83' title='bbox 625 1154 882 1210; x_wconf 88' lang='lat' dir='ltr'><strong>unctione</strong></span> <span class='ocrx_word' id='word_1_84' title='bbox 911 1172 1006 1211; x_wconf 85' lang='lat' dir='ltr'><strong>eos</strong></span> <span class='ocrx_word' id='word_1_85' title='bbox 1046 1157 1370 1228; x_wconf 81' lang='lat' dir='ltr'><strong>inungentes</strong></span> <span class='ocrx_word' id='word_1_86' title='bbox 1393 1159 1457 1213; x_wconf 84' lang='lat' dir='ltr'><strong>ad</strong></span> <span class='ocrx_word' id='word_1_87' title='bbox 1513 1159 1895 1230; x_wconf 85' lang='lat' dir='ltr'><strong>perfectioretn</strong></span> <span class='ocrx_word' id='word_1_88' title='bbox 1950 1160 2035 1216; x_wconf 92' lang='lat' dir='ltr'><strong>vi-</strong></span> 
     </span>
    </p>
   </div>
   <div class='ocr_carea' id='block_1_14' title="bbox 446 1247 2034 1319">
    <p class='ocr_par' dir='ltr' id='par_1_14' title="bbox 446 1247 2034 1319">
     <span class='ocr_line' id='line_1_14' title="bbox 446 1247 2034 1319; baseline 0.005 -17"><span class='ocrx_word' id='word_1_89' title='bbox 446 1254 557 1302; x_wconf 86' lang='lat' dir='ltr'><strong>tam</strong></span> <span class='ocrx_word' id='word_1_90' title='bbox 589 1247 708 1302; x_wconf 89' lang='lat' dir='ltr'><strong>fidei</strong></span> <span class='ocrx_word' id='word_1_91' title='bbox 735 1264 856 1318; x_wconf 63' lang='lat' dir='ltr'><strong>qua!</strong></span> <span class='ocrx_word' id='word_1_92' title='bbox 886 1249 939 1302; x_wconf 92' lang='lat' dir='ltr'><strong>in</strong></span> <span class='ocrx_word' id='word_1_93' title='bbox 968 1250 1250 1304; x_wconf 73' lang='lat' dir='ltr'><strong>Christum</strong></span> <span class='ocrx_word' id='word_1_94' title='bbox 1284 1260 1389 1319; x_wconf 86' lang='lat' dir='ltr'><strong>est,</strong></span> <span class='ocrx_word' id='word_1_95' title='bbox 1418 1254 1547 1306; x_wconf 91' lang='lat' dir='ltr'><strong>dum</strong></span> <span class='ocrx_word' id='word_1_96' title='bbox 1575 1253 1650 1308; x_wconf 90' lang='lat' dir='ltr'><strong>illi</strong></span> <span class='ocrx_word' id='word_1_97' title='bbox 1683 1253 1827 1308; x_wconf 72' lang='lat' dir='ltr'><strong>affixi</strong></span> <span class='ocrx_word' id='word_1_98' title='bbox 1851 1264 2034 1310; x_wconf 84' lang='lat' dir='ltr'><strong>essent</strong></span> 
     </span>
    </p>
   </div>
   <div class='ocr_carea' id='block_1_15' title="bbox 447 1341 2036 1411">
    <p class='ocr_par' dir='ltr' id='par_1_15' title="bbox 447 1341 2036 1411">
     <span class='ocr_line' id='line_1_15' title="bbox 447 1341 2036 1411; baseline 0.003 -16"><span class='ocrx_word' id='word_1_99' title='bbox 447 1341 572 1395; x_wconf 60' lang='lat' dir='ltr'><strong>vitae</strong></span> <span class='ocrx_word' id='word_1_100' title='bbox 609 1341 662 1395; x_wconf 90' lang='lat' dir='ltr'><strong>in</strong></span> <span class='ocrx_word' id='word_1_101' title='bbox 682 1341 876 1411; x_wconf 88' lang='lat' dir='ltr'><strong>primis</strong></span> <span class='ocrx_word' id='word_1_102' title='bbox 909 1341 1194 1396; x_wconf 88' lang='lat' dir='ltr'><strong>elementis</strong></span> <span class='ocrx_word' id='word_1_103' title='bbox 1225 1343 1292 1397; x_wconf 89' lang='lat' dir='ltr'><strong>ad</strong></span> <span class='ocrx_word' id='word_1_104' title='bbox 1328 1343 1572 1398; x_wconf 80' lang='lat' dir='ltr'><strong>divinum</strong></span> <span class='ocrx_word' id='word_1_105' title='bbox 1615 1346 1823 1400; x_wconf 88' lang='lat' dir='ltr'><strong>cultum</strong></span> <span class='ocrx_word' id='word_1_106' title='bbox 1878 1347 2036 1401; x_wconf 84' lang='lat' dir='ltr'><strong>insti-</strong></span> 
     </span>
    </p>
   </div>
   <div class='ocr_carea' id='block_1_16' title="bbox 449 1432 2032 1503">
    <p class='ocr_par' dir='ltr' id='par_1_16' title="bbox 449 1432 2032 1503">
     <span class='ocr_line' id='line_1_16' title="bbox 449 1432 2032 1503; baseline 0.006 -18"><span class='ocrx_word' id='word_1_107' title='bbox 449 1441 579 1487; x_wconf 73' lang='lat' dir='ltr'><strong>tutze</strong></span> <span class='ocrx_word' id='word_1_108' title='bbox 608 1449 638 1486; x_wconf 89' lang='lat' dir='ltr'><strong>a</strong></span> <span class='ocrx_word' id='word_1_109' title='bbox 666 1433 782 1501; x_wconf 71' lang='lat' dir='ltr'><strong>lege</strong></span> <span class='ocrx_word' id='word_1_110' title='bbox 806 1432 1039 1488; x_wconf 72' lang='lat' dir='ltr'><strong>Mosaiea</strong></span> <span class='ocrx_word' id='word_1_111' title='bbox 1076 1436 1573 1503; x_wconf 85' lang='lat' dir='ltr'><strong>:qnemadmodutn</strong></span> <span class='ocrx_word' id='word_1_112' title='bbox 1601 1453 1735 1493; x_wconf 84' lang='lat' dir='ltr'><strong>sane</strong></span> <span class='ocrx_word' id='word_1_113' title='bbox 1768 1449 1824 1494; x_wconf 89' lang='lat' dir='ltr'><strong>et</strong></span> <span class='ocrx_word' id='word_1_114' title='bbox 1864 1440 1916 1493; x_wconf 92' lang='lat' dir='ltr'><strong>in</strong></span> <span class='ocrx_word' id='word_1_115' title='bbox 1947 1439 2032 1496; x_wconf 89' lang='lat' dir='ltr'><strong>his</strong></span> 
     </span>
    </p>
   </div>
   <div class='ocr_carea' id='block_1_17' title="bbox 445 1525 2033 1600">
    <p class='ocr_par' dir='ltr' id='par_1_17' title="bbox 445 1525 2033 1600">
     <span class='ocr_line' id='line_1_17' title="bbox 445 1525 2033 1600; baseline 0.006 -22"><span class='ocrx_word' id='word_1_116' title='bbox 445 1525 541 1593; x_wconf 91' lang='lat' dir='ltr'><strong>qui</strong></span> <span class='ocrx_word' id='word_1_117' title='bbox 579 1536 812 1594; x_wconf 87' lang='lat' dir='ltr'><strong>pereunt</strong></span> <span class='ocrx_word' id='word_1_118' title='bbox 870 1536 1120 1581; x_wconf 88' lang='lat' dir='ltr'><strong>emortua</strong></span> <span class='ocrx_word' id='word_1_119' title='bbox 1185 1527 1315 1589; x_wconf 88' lang='lat' dir='ltr'><strong>vita,</strong></span> <span class='ocrx_word' id='word_1_120' title='bbox 1369 1529 1501 1593; x_wconf 84' lang='lat' dir='ltr'><strong>vita,</strong></span> <span class='ocrx_word' id='word_1_121' title='bbox 1551 1530 1796 1600; x_wconf 90' lang='lat' dir='ltr'><strong>inquam,</strong></span> <span class='ocrx_word' id='word_1_122' title='bbox 1845 1548 2033 1588; x_wconf 77' lang='lat' dir='ltr'><strong>rcVera</strong></span> 
     </span>
    </p>
   </div>
   <div class='ocr_carea' id='block_1_18' title="bbox 447 1615 2033 1691">
    <p class='ocr_par' dir='ltr' id='par_1_18' title="bbox 447 1615 2033 1691">
     <span class='ocr_line' id='line_1_18' title="bbox 447 1615 2033 1691; baseline 0.003 -21"><span class='ocrx_word' id='word_1_123' title='bbox 447 1615 738 1673; x_wconf 75' lang='lat' dir='ltr'><strong>atl&#39;ectihus</strong></span> <span class='ocrx_word' id='word_1_124' title='bbox 769 1617 1040 1688; x_wconf 77' lang='lat' dir='ltr'><strong>exposita.</strong></span> <span class='ocrx_word' id='word_1_125' title='bbox 1085 1628 1141 1673; x_wconf 91' lang='lat' dir='ltr'><strong>et</strong></span> <span class='ocrx_word' id='word_1_126' title='bbox 1165 1634 1354 1674; x_wconf 88' lang='lat' dir='ltr'><strong>crasse</strong></span> <span class='ocrx_word' id='word_1_127' title='bbox 1389 1620 1640 1675; x_wconf 87' lang='lat' dir='ltr'><strong>instituta</strong></span> <span class='ocrx_word' id='word_1_128' title='bbox 1684 1623 1832 1691; x_wconf 80' lang='lat' dir='ltr'><strong>iuxta</strong></span> <span class='ocrx_word' id='word_1_129' title='bbox 1885 1639 2033 1678; x_wconf 83' lang='lat' dir='ltr'><strong>mor-</strong></span> 
     </span>
    </p>
   </div>
   <div class='ocr_carea' id='block_1_19' title="bbox 449 1711 2032 1784">
    <p class='ocr_par' dir='ltr' id='par_1_19' title="bbox 449 1711 2032 1784">
     <span class='ocr_line' id='line_1_19' title="bbox 449 1711 2032 1784; baseline 0.003 -21"><span class='ocrx_word' id='word_1_130' title='bbox 449 1719 558 1764; x_wconf 87' lang='lat' dir='ltr'><strong>tem</strong></span> <span class='ocrx_word' id='word_1_131' title='bbox 586 1725 710 1780; x_wconf 68' lang='lat' dir='ltr'><strong>queo</strong></span> <span class='ocrx_word' id='word_1_132' title='bbox 730 1718 814 1765; x_wconf 89' lang='lat' dir='ltr'><strong>est</strong></span> <span class='ocrx_word' id='word_1_133' title='bbox 844 1711 898 1764; x_wconf 88' lang='lat' dir='ltr'><strong>in</strong></span> <span class='ocrx_word' id='word_1_134' title='bbox 933 1711 1144 1765; x_wconf 88' lang='lat' dir='ltr'><strong>insania</strong></span> <span class='ocrx_word' id='word_1_135' title='bbox 1180 1711 1327 1766; x_wconf 90' lang='lat' dir='ltr'><strong>circa</strong></span> <span class='ocrx_word' id='word_1_136' title='bbox 1357 1713 1498 1767; x_wconf 90' lang='lat' dir='ltr'><strong>idola</strong></span> <span class='ocrx_word' id='word_1_137' title='bbox 1535 1733 1548 1768; x_wconf 88' lang='lat'><strong>:</strong></span> <span class='ocrx_word' id='word_1_138' title='bbox 1598 1731 1736 1784; x_wconf 87' lang='lat' dir='ltr'><strong>quos</strong></span> <span class='ocrx_word' id='word_1_139' title='bbox 1764 1715 1928 1769; x_wconf 79' lang='lat' dir='ltr'><strong>etiarn</strong></span> <span class='ocrx_word' id='word_1_140' title='bbox 1955 1717 2032 1769; x_wconf 89' lang='lat' dir='ltr'><strong>ir-</strong></span> 
     </span>
    </p>
   </div>
   <div class='ocr_carea' id='block_1_20' title="bbox 451 1775 2110 1872">
    <p class='ocr_par' dir='ltr' id='par_1_20' title="bbox 451 1775 2110 1872">
     <span class='ocr_line' id='line_1_20' title="bbox 451 1775 2110 1872; baseline 0.005 -15"><span class='ocrx_word' id='word_1_141' title='bbox 451 1803 901 1872; x_wconf 84' lang='lat' dir='ltr'><strong>reprehensibilis</strong></span> <span class='ocrx_word' id='word_1_142' title='bbox 923 1805 1224 1859; x_wconf 90' lang='lat' dir='ltr'><strong>secundum</strong></span> <span class='ocrx_word' id='word_1_143' title='bbox 1253 1805 1531 1861; x_wconf 85' lang='lat' dir='ltr'><strong>Christum</strong></span> <span class='ocrx_word' id='word_1_144' title='bbox 1562 1810 1667 1862; x_wconf 83' lang='lat' dir='ltr'><strong>vita</strong></span> <span class='ocrx_word' id='word_1_145' title='bbox 1689 1809 1842 1864; x_wconf 86' lang='lat' dir='ltr'><strong>novit</strong></span> <span class='ocrx_word' id='word_1_146' title='bbox 1872 1809 2027 1864; x_wconf 85' lang='lat' dir='ltr'><strong>suavi</strong></span> <span class='ocrx_word' id='word_1_147' title='bbox 2065 1775 2110 1834; x_wconf 66' lang='grc' dir='ltr'><strong><em>Β</em></strong></span> 
     </span>
    </p>
   </div>
   <div class='ocr_carea' id='block_1_21' title="bbox 451 1899 2040 1973">
    <p class='ocr_par' dir='ltr' id='par_1_21' title="bbox 451 1899 2040 1973">
     <span class='ocr_line' id='line_1_21' title="bbox 451 1899 2040 1973; baseline 0.004 -23"><span class='ocrx_word' id='word_1_148' title='bbox 451 1900 622 1953; x_wconf 84' lang='lat' dir='ltr'><strong>odore</strong></span> <span class='ocrx_word' id='word_1_149' title='bbox 663 1913 954 1970; x_wconf 82' lang='lat' dir='ltr'><strong>aspergere</strong></span> <span class='ocrx_word' id='word_1_150' title='bbox 985 1915 1000 1952; x_wconf 92' lang='lat'><strong>:</strong></span> <span class='ocrx_word' id='word_1_151' title='bbox 1031 1899 1192 1970; x_wconf 76' lang='lat'><strong>671</strong></span> <span class='ocrx_word' id='word_1_152' title='bbox 1233 1908 1292 1954; x_wconf 91' lang='lat' dir='ltr'><strong>ut</strong></span> <span class='ocrx_word' id='word_1_153' title='bbox 1317 1911 1367 1954; x_wconf 79' lang='lat' dir='ltr'><strong>et</strong></span> <span class='ocrx_word' id='word_1_154' title='bbox 1403 1902 1505 1956; x_wconf 88' lang='lat' dir='ltr'><strong>hos</strong></span> <span class='ocrx_word' id='word_1_155' title='bbox 1535 1917 1662 1956; x_wconf 88' lang='lat' dir='ltr'><strong>eum</strong></span> <span class='ocrx_word' id='word_1_156' title='bbox 1696 1901 1868 1958; x_wconf 81' lang='lat' dir='ltr'><strong>Paulo</strong></span> <span class='ocrx_word' id='word_1_157' title='bbox 1919 1905 2040 1973; x_wconf 84' lang='lat' dir='ltr'><strong>pul-</strong></span> 
     </span>
    </p>
   </div>
   <div class='ocr_carea' id='block_1_22' title="bbox 451 1987 2039 2062">
    <p class='ocr_par' dir='ltr' id='par_1_22' title="bbox 451 1987 2039 2062">
     <span class='ocr_line' id='line_1_22' title="bbox 451 1987 2039 2062; baseline 0.005 -19"><span class='ocrx_word' id='word_1_158' title='bbox 451 1987 584 2044; x_wconf 87' lang='lat' dir='ltr'><strong>chre</strong></span> <span class='ocrx_word' id='word_1_159' title='bbox 602 1997 872 2044; x_wconf 69' lang='lat' dir='ltr'><strong>exornent</strong></span> <span class='ocrx_word' id='word_1_160' title='bbox 925 1989 1170 2044; x_wconf 77' lang='lat' dir='ltr'><strong>dicentes</strong></span> <span class='ocrx_word' id='word_1_161' title='bbox 1207 2007 1220 2044; x_wconf 91' lang='lat'><strong>:</strong></span> <span class='ocrx_word' id='word_1_162' title='bbox 1253 2009 1271 2040; x_wconf 81' lang='grc' dir='ltr'><strong>ι</strong></span> <span class='ocrx_word' id='word_1_163' title='bbox 1320 1988 1459 2043; x_wconf 83' lang='lat' dir='ltr'><strong>Vivo</strong></span> <span class='ocrx_word' id='word_1_164' title='bbox 1493 2006 1616 2061; x_wconf 78' lang='lat' dir='ltr'><strong>ego,</strong></span> <span class='ocrx_word' id='word_1_165' title='bbox 1661 2009 1769 2046; x_wconf 92' lang='lat' dir='ltr'><strong>non</strong></span> <span class='ocrx_word' id='word_1_166' title='bbox 1803 1995 2039 2062; x_wconf 81' lang='lat' dir='ltr'><strong>amplius</strong></span> 
     </span>
    </p>
   </div>
   <div class='ocr_carea' id='block_1_23' title="bbox 450 2079 2038 2155">
    <p class='ocr_par' dir='ltr' id='par_1_23' title="bbox 450 2079 2038 2155">
     <span class='ocr_line' id='line_1_23' title="bbox 450 2079 2038 2155; baseline 0.003 -21"><span class='ocrx_word' id='word_1_167' title='bbox 450 2095 574 2150; x_wconf 79' lang='lat' dir='ltr'><strong>ego,</strong></span> <span class='ocrx_word' id='word_1_168' title='bbox 633 2079 764 2134; x_wconf 80' lang='lat' dir='ltr'><strong>vivit</strong></span> <span class='ocrx_word' id='word_1_169' title='bbox 802 2095 933 2133; x_wconf 88' lang='lat' dir='ltr'><strong>vero</strong></span> <span class='ocrx_word' id='word_1_170' title='bbox 974 2080 1025 2133; x_wconf 91' lang='lat' dir='ltr'><strong>in</strong></span> <span class='ocrx_word' id='word_1_171' title='bbox 1063 2095 1148 2134; x_wconf 93' lang='lat' dir='ltr'><strong>me</strong></span> <span class='ocrx_word' id='word_1_172' title='bbox 1206 2081 1457 2137; x_wconf 87' lang='lat' dir='ltr'><strong>Christus</strong></span> <span class='ocrx_word' id='word_1_173' title='bbox 1488 2083 1555 2135; x_wconf 84' lang='lat'><strong>&quot;’.</strong></span> <span class='ocrx_word' id='word_1_174' title='bbox 1593 2101 1611 2135; x_wconf 77' lang='grc' dir='ltr'><strong>ι</strong></span> <span class='ocrx_word' id='word_1_175' title='bbox 1678 2083 1794 2139; x_wconf 85' lang='lat' dir='ltr'><strong>Hoc</strong></span> <span class='ocrx_word' id='word_1_176' title='bbox 1851 2085 1922 2139; x_wconf 88' lang='lat' dir='ltr'><strong>ita</strong></span> <span class='ocrx_word' id='word_1_177' title='bbox 1948 2102 2038 2155; x_wconf 60' lang='lat' dir='ltr'><strong>tne</strong></span> 
     </span>
    </p>
   </div>
   <div class='ocr_carea' id='block_1_24' title="bbox 453 2169 2040 2231">
    <p class='ocr_par' dir='ltr' id='par_1_24' title="bbox 453 2169 2040 2231">
     <span class='ocr_line' id='line_1_24' title="bbox 453 2169 2040 2231; baseline 0.005 -8"><span class='ocrx_word' id='word_1_178' title='bbox 453 2170 617 2224; x_wconf 91' lang='lat' dir='ltr'><strong>modo</strong></span> <span class='ocrx_word' id='word_1_179' title='bbox 644 2185 704 2224; x_wconf 92' lang='lat' dir='ltr'><strong>se</strong></span> <span class='ocrx_word' id='word_1_180' title='bbox 732 2169 892 2223; x_wconf 84' lang='lat' dir='ltr'><strong>habet</strong></span> <span class='ocrx_word' id='word_1_181' title='bbox 920 2169 1199 2224; x_wconf 83' lang='lat' dir='ltr'><strong>meditatio</strong></span> <span class='ocrx_word' id='word_1_182' title='bbox 1225 2170 1295 2226; x_wconf 89' lang='lat' dir='ltr'><strong>de</strong></span> <span class='ocrx_word' id='word_1_183' title='bbox 1326 2173 1572 2227; x_wconf 86' lang='lat' dir='ltr'><strong>masculo</strong></span> <span class='ocrx_word' id='word_1_184' title='bbox 1616 2173 1821 2229; x_wconf 90' lang='lat' dir='ltr'><strong>libano.</strong></span> <span class='ocrx_word' id='word_1_185' title='bbox 1848 2173 2040 2231; x_wconf 82' lang='lat' dir='ltr'><strong>Potest</strong></span> 
     </span>
    </p>
   </div>
   <div class='ocr_carea' id='block_1_25' title="bbox 450 2263 2041 2337">
    <p class='ocr_par' dir='ltr' id='par_1_25' title="bbox 450 2263 2041 2337">
     <span class='ocr_line' id='line_1_25' title="bbox 450 2263 2041 2337; baseline 0.004 -19"><span class='ocrx_word' id='word_1_186' title='bbox 450 2279 670 2334; x_wconf 86' lang='lat' dir='ltr'><strong>quoque</strong></span> <span class='ocrx_word' id='word_1_187' title='bbox 712 2263 936 2334; x_wconf 76' lang='lat' dir='ltr'><strong>intelligi</strong></span> <span class='ocrx_word' id='word_1_188' title='bbox 974 2264 1409 2320; x_wconf 87' lang='lat' dir='ltr'><strong>chaleolihannm</strong></span> <span class='ocrx_word' id='word_1_189' title='bbox 1454 2267 1620 2321; x_wconf 88' lang='lat' dir='ltr'><strong>veluti</strong></span> <span class='ocrx_word' id='word_1_190' title='bbox 1678 2267 1791 2337; x_wconf 87' lang='lat' dir='ltr'><strong>jam</strong></span> <span class='ocrx_word' id='word_1_191' title='bbox 1835 2268 2041 2324; x_wconf 90' lang='lat' dir='ltr'><strong>dictum</strong></span> 
     </span>
    </p>
   </div>
   <div class='ocr_carea' id='block_1_26' title="bbox 449 2355 2043 2418">
    <p class='ocr_par' dir='ltr' id='par_1_26' title="bbox 449 2355 2043 2418">
     <span class='ocr_line' id='line_1_26' title="bbox 449 2355 2043 2418; baseline 0.003 -8"><span class='ocrx_word' id='word_1_192' title='bbox 449 2365 554 2418; x_wconf 88' lang='lat' dir='ltr'><strong>est,</strong></span> <span class='ocrx_word' id='word_1_193' title='bbox 592 2355 896 2410; x_wconf 84' lang='lat' dir='ltr'><strong>incarnatio</strong></span> <span class='ocrx_word' id='word_1_194' title='bbox 931 2355 1144 2410; x_wconf 81' lang='lat' dir='ltr'><strong>Domini</strong></span> <span class='ocrx_word' id='word_1_195' title='bbox 1170 2355 1286 2412; x_wconf 79' lang='lat' dir='ltr'><strong>sive</strong></span> <span class='ocrx_word' id='word_1_196' title='bbox 1308 2357 1496 2412; x_wconf 70' lang='lat' dir='ltr'><strong>aeterni</strong></span> <span class='ocrx_word' id='word_1_197' title='bbox 1538 2356 1699 2413; x_wconf 87' lang='lat' dir='ltr'><strong>Verbi</strong></span> <span class='ocrx_word' id='word_1_198' title='bbox 1724 2357 1814 2414; x_wconf 83' lang='lat' dir='ltr'><strong>Dei</strong></span> <span class='ocrx_word' id='word_1_199' title='bbox 1845 2358 1900 2413; x_wconf 91' lang='lat' dir='ltr'><strong>in</strong></span> <span class='ocrx_word' id='word_1_200' title='bbox 1943 2375 2043 2415; x_wconf 87' lang='lat' dir='ltr'><strong>no-</strong></span> 
     </span>
    </p>
   </div>
   <div class='ocr_carea' id='block_1_27' title="bbox 453 2448 2046 2520">
    <p class='ocr_par' dir='ltr' id='par_1_27' title="bbox 453 2448 2046 2520">
     <span class='ocr_line' id='line_1_27' title="bbox 453 2448 2046 2520; baseline 0.001 -20"><span class='ocrx_word' id='word_1_201' title='bbox 453 2448 698 2505; x_wconf 80' lang='lat' dir='ltr'><strong>vissimis</strong></span> <span class='ocrx_word' id='word_1_202' title='bbox 722 2448 1086 2519; x_wconf 84' lang='lat' dir='ltr'><strong>temporibus,</strong></span> <span class='ocrx_word' id='word_1_203' title='bbox 1123 2459 1284 2506; x_wconf 88' lang='lat' dir='ltr'><strong>utens</strong></span> <span class='ocrx_word' id='word_1_204' title='bbox 1318 2450 1505 2514; x_wconf 86' lang='lat' dir='ltr'><strong>veluti,</strong></span> <span class='ocrx_word' id='word_1_205' title='bbox 1547 2450 1872 2520; x_wconf 85' lang='lat' dir='ltr'><strong>quibusdam</strong></span> <span class='ocrx_word' id='word_1_206' title='bbox 1899 2449 2046 2519; x_wconf 86' lang='lat' dir='ltr'><strong>pedi-</strong></span> 
     </span>
    </p>
   </div>
   <div class='ocr_carea' id='block_1_28' title="bbox 454 2543 2046 2613">
    <p class='ocr_par' dir='ltr' id='par_1_28' title="bbox 454 2543 2046 2613">
     <span class='ocr_line' id='line_1_28' title="bbox 454 2543 2046 2613; baseline -0.001 -17"><span class='ocrx_word' id='word_1_207' title='bbox 454 2543 579 2607; x_wconf 86' lang='lat' dir='ltr'><strong>bus,</strong></span> <span class='ocrx_word' id='word_1_208' title='bbox 614 2543 954 2598; x_wconf 89' lang='lat' dir='ltr'><strong>humanitate</strong></span> <span class='ocrx_word' id='word_1_209' title='bbox 973 2559 1095 2613; x_wconf 69' lang='lat' dir='ltr'><strong>quae</strong></span> <span class='ocrx_word' id='word_1_210' title='bbox 1115 2543 1403 2598; x_wconf 85' lang='lat' dir='ltr'><strong>videbatur</strong></span> <span class='ocrx_word' id='word_1_211' title='bbox 1434 2561 1448 2597; x_wconf 88' lang='lat'><strong>:</strong></span> <span class='ocrx_word' id='word_1_212' title='bbox 1486 2543 1576 2598; x_wconf 86' lang='lat' dir='ltr'><strong>ubi</strong></span> <span class='ocrx_word' id='word_1_213' title='bbox 1604 2543 1837 2598; x_wconf 89' lang='lat' dir='ltr'><strong>duarum</strong></span> <span class='ocrx_word' id='word_1_214' title='bbox 1885 2553 2046 2597; x_wconf 90' lang='lat' dir='ltr'><strong>natu-</strong></span> 
     </span>
    </p>
   </div>
   <div class='ocr_carea' id='block_1_29' title="bbox 455 2634 2039 2706">
    <p class='ocr_par' dir='ltr' id='par_1_29' title="bbox 455 2634 2039 2706">
     <span class='ocr_line' id='line_1_29' title="bbox 455 2634 2039 2706; baseline -0.003 -15"><span class='ocrx_word' id='word_1_215' title='bbox 455 2651 664 2699; x_wconf 84' lang='lat' dir='ltr'><strong>rarum,</strong></span> <span class='ocrx_word' id='word_1_216' title='bbox 689 2635 993 2690; x_wconf 83' lang='lat' dir='ltr'><strong>divinitatis</strong></span> <span class='ocrx_word' id='word_1_217' title='bbox 1013 2651 1206 2706; x_wconf 86' lang='lat' dir='ltr'><strong>nempe</strong></span> <span class='ocrx_word' id='word_1_218' title='bbox 1223 2645 1276 2690; x_wconf 85' lang='lat' dir='ltr'><strong>ct</strong></span> <span class='ocrx_word' id='word_1_219' title='bbox 1293 2636 1676 2701; x_wconf 86' lang='lat' dir='ltr'><strong>humanitatis,</strong></span> <span class='ocrx_word' id='word_1_220' title='bbox 1693 2634 2039 2690; x_wconf 85' lang='lat' dir='ltr'><strong>ineonfusam</strong></span> 
     </span>
    </p>
   </div>
   <div class='ocr_carea' id='block_1_30' title="bbox 457 2727 2043 2797">
    <p class='ocr_par' dir='ltr' id='par_1_30' title="bbox 457 2727 2043 2797">
     <span class='ocr_line' id='line_1_30' title="bbox 457 2727 2043 2797; baseline 0 -16"><span class='ocrx_word' id='word_1_221' title='bbox 457 2729 714 2782; x_wconf 80' lang='lat' dir='ltr'><strong>unionem</strong></span> <span class='ocrx_word' id='word_1_222' title='bbox 744 2743 898 2783; x_wconf 86' lang='lat' dir='ltr'><strong>mens</strong></span> <span class='ocrx_word' id='word_1_223' title='bbox 929 2728 1167 2782; x_wconf 90' lang='lat' dir='ltr'><strong>humana</strong></span> <span class='ocrx_word' id='word_1_224' title='bbox 1203 2727 1381 2783; x_wconf 76' lang='lat' dir='ltr'><strong>colere</strong></span> <span class='ocrx_word' id='word_1_225' title='bbox 1431 2727 1604 2794; x_wconf 82' lang='lat' dir='ltr'><strong>novit,</strong></span> <span class='ocrx_word' id='word_1_226' title='bbox 1637 2739 1691 2783; x_wconf 91' lang='lat' dir='ltr'><strong>et</strong></span> <span class='ocrx_word' id='word_1_227' title='bbox 1733 2728 2043 2797; x_wconf 83' lang='lat' dir='ltr'><strong>incompre-</strong></span> 
     </span>
    </p>
   </div>
   <div class='ocr_carea' id='block_1_31' title="bbox 455 2819 2048 2877">
    <p class='ocr_par' dir='ltr' id='par_1_31' title="bbox 455 2819 2048 2877">
     <span class='ocr_line' id='line_1_31' title="bbox 455 2819 2048 2877; baseline 0.001 -3"><span class='ocrx_word' id='word_1_228' title='bbox 455 2819 680 2874; x_wconf 80' lang='lat' dir='ltr'><strong>hensam</strong></span> <span class='ocrx_word' id='word_1_229' title='bbox 710 2819 1025 2877; x_wconf 84' lang='lat' dir='ltr'><strong>observare.</strong></span> <span class='ocrx_word' id='word_1_230' title='bbox 1064 2820 1226 2875; x_wconf 92' lang='lat' dir='ltr'><strong>veluti</strong></span> <span class='ocrx_word' id='word_1_231' title='bbox 1271 2822 1664 2876; x_wconf 85' lang='lat' dir='ltr'><strong>scrutationem</strong></span> <span class='ocrx_word' id='word_1_232' title='bbox 1725 2819 2048 2876; x_wconf 52' lang='lat' dir='ltr'><strong>eminentis.</strong></span> 
     </span>
    </p>
   </div>
   <div class='ocr_carea' id='block_1_32' title="bbox 454 2911 1274 2984">
    <p class='ocr_par' dir='ltr' id='par_1_32' title="bbox 454 2911 1274 2984">
     <span class='ocr_line' id='line_1_32' title="bbox 454 2911 1274 2984; baseline -0.002 -15"><span class='ocrx_word' id='word_1_233' title='bbox 454 2911 608 2969; x_wconf 80' lang='lat' dir='ltr'><strong>sima:</strong></span> <span class='ocrx_word' id='word_1_234' title='bbox 639 2913 886 2968; x_wconf 86' lang='lat' dir='ltr'><strong>mortalis</strong></span> <span class='ocrx_word' id='word_1_235' title='bbox 903 2911 1231 2984; x_wconf 75' lang='lat' dir='ltr'><strong>cognitionis</strong></span> <span class='ocrx_word' id='word_1_236' title='bbox 1259 2951 1274 2966; x_wconf 94' lang='lat'><strong><em>.</em></strong></span> 
     </span>
    </p>
   </div>
   <div class='ocr_carea' id='block_1_33' title="bbox 529 3002 2048 3075">
    <p class='ocr_par' dir='ltr' id='par_1_33' title="bbox 529 3002 2048 3075">
     <span class='ocr_line' id='line_1_33' title="bbox 529 3002 2048 3075; baseline -0.001 -15"><span class='ocrx_word' id='word_1_237' title='bbox 529 3004 670 3061; x_wconf 86' lang='lat' dir='ltr'><strong>Novi</strong></span> <span class='ocrx_word' id='word_1_238' title='bbox 688 3021 846 3075; x_wconf 82' lang='lat' dir='ltr'><strong>opera</strong></span> <span class='ocrx_word' id='word_1_239' title='bbox 874 3014 986 3058; x_wconf 81' lang='lat' dir='ltr'><strong>tua.</strong></span> <span class='ocrx_word' id='word_1_240' title='bbox 1013 3003 1191 3074; x_wconf 85' lang='lat' dir='ltr'><strong>Opera</strong></span> <span class='ocrx_word' id='word_1_241' title='bbox 1217 3045 1232 3071; x_wconf 95' lang='lat'><strong>,</strong></span> <span class='ocrx_word' id='word_1_242' title='bbox 1269 3004 1515 3074; x_wconf 83' lang='lat' dir='ltr'><strong>intelligo</strong></span> <span class='ocrx_word' id='word_1_243' title='bbox 1537 3003 1652 3058; x_wconf 91' lang='lat' dir='ltr'><strong>sola</strong></span> <span class='ocrx_word' id='word_1_244' title='bbox 1671 3017 1730 3056; x_wconf 79' lang='lat' dir='ltr'><strong>ra</strong></span> <span class='ocrx_word' id='word_1_245' title='bbox 1755 3017 1878 3072; x_wconf 64' lang='lat' dir='ltr'><strong>quae</strong></span> <span class='ocrx_word' id='word_1_246' title='bbox 1907 3002 2048 3072; x_wconf 87' lang='lat' dir='ltr'><strong>apud</strong></span> 
     </span>
    </p>
   </div>
   <div class='ocr_carea' id='block_1_34' title="bbox 2137 526 3720 607">
    <p class='ocr_par' dir='ltr' id='par_1_34' title="bbox 2137 526 3720 607">
     <span class='ocr_line' id='line_1_34' title="bbox 2137 526 3720 607; baseline 0.007 -27"><span class='ocrx_word' id='word_1_247' title='bbox 2137 526 2505 600; x_wconf 85' lang='grc' dir='ltr'><strong>θυμιώμενος,</strong></span> <span class='ocrx_word' id='word_1_248' title='bbox 2532 532 2806 604; x_wconf 87' lang='grc' dir='ltr'><strong>μυρώδεις</strong></span> <span class='ocrx_word' id='word_1_249' title='bbox 2837 535 3046 605; x_wconf 73' lang='grc' dir='ltr'><strong>ἀτμοὺς</strong></span> <span class='ocrx_word' id='word_1_250' title='bbox 3079 535 3427 607; x_wconf 81' lang='grc' dir='ltr'><strong>ἀποπέμπει,</strong></span> <span class='ocrx_word' id='word_1_251' title='bbox 3473 537 3598 590; x_wconf 75' lang='grc' dir='ltr'><strong>ἐπεὶ</strong></span> <span class='ocrx_word' id='word_1_252' title='bbox 3623 537 3720 592; x_wconf 78' lang='grc' dir='ltr'><strong>καὶ</strong></span> 
     </span>
    </p>
   </div>
   <div class='ocr_carea' id='block_1_35' title="bbox 2133 621 3719 701">
    <p class='ocr_par' dir='ltr' id='par_1_35' title="bbox 2133 621 3719 701">
     <span class='ocr_line' id='line_1_35' title="bbox 2133 621 3719 701; baseline 0.008 -29"><span class='ocrx_word' id='word_1_253' title='bbox 2133 621 2184 673; x_wconf 77' lang='lat' dir='ltr'><strong>oi</strong></span> <span class='ocrx_word' id='word_1_254' title='bbox 2235 622 2456 694; x_wconf 84' lang='grc' dir='ltr'><strong>Χριστῷ</strong></span> <span class='ocrx_word' id='word_1_255' title='bbox 2498 627 3049 697; x_wconf 84' lang='grc' dir='ltr'><strong>προσκεχωρηκότες,</strong></span> <span class='ocrx_word' id='word_1_256' title='bbox 3093 631 3206 692; x_wconf 83' lang='grc' dir='ltr'><strong>τοῖς</strong></span> <span class='ocrx_word' id='word_1_257' title='bbox 3264 633 3592 701; x_wconf 78' lang='grc' dir='ltr'><strong>πειρασμοῖς</strong></span> <span class='ocrx_word' id='word_1_258' title='bbox 3627 627 3719 686; x_wconf 74' lang='grc' dir='ltr'><strong>οἷα</strong></span> 
     </span>
    </p>
   </div>
   <div class='ocr_carea' id='block_1_36' title="bbox 2135 714 3722 792">
    <p class='ocr_par' dir='ltr' id='par_1_36' title="bbox 2135 714 3722 792">
     <span class='ocr_line' id='line_1_36' title="bbox 2135 714 3722 792; baseline 0.008 -29"><span class='ocrx_word' id='word_1_259' title='bbox 2135 714 2272 782; x_wconf 72' lang='grc' dir='ltr'><strong>πυρὶ</strong></span> <span class='ocrx_word' id='word_1_260' title='bbox 2307 716 2788 787; x_wconf 81' lang='grc' dir='ltr'><strong>προσομιλοῦντες,</strong></span> <span class='ocrx_word' id='word_1_261' title='bbox 2841 719 2921 790; x_wconf 82' lang='grc' dir='ltr'><strong>τῷ</strong></span> <span class='ocrx_word' id='word_1_262' title='bbox 2962 720 3195 792; x_wconf 86' lang='grc' dir='ltr'><strong>δοκιμίῳ</strong></span> <span class='ocrx_word' id='word_1_263' title='bbox 3240 721 3450 775; x_wconf 77' lang='grc' dir='ltr'><strong>ἑαυτῶν</strong></span> <span class='ocrx_word' id='word_1_264' title='bbox 3494 722 3722 776; x_wconf 82' lang='grc' dir='ltr'><strong>εὐωδιά-</strong></span> 
     </span>
    </p>
   </div>
   <div class='ocr_carea' id='block_1_37' title="bbox 2135 806 3719 884">
    <p class='ocr_par' dir='ltr' id='par_1_37' title="bbox 2135 806 3719 884">
     <span class='ocr_line' id='line_1_37' title="bbox 2135 806 3719 884; baseline 0.004 -24"><span class='ocrx_word' id='word_1_265' title='bbox 2135 806 2248 872; x_wconf 78' lang='grc' dir='ltr'><strong>ζειν</strong></span> <span class='ocrx_word' id='word_1_266' title='bbox 2277 810 2405 871; x_wconf 76' lang='grc' dir='ltr'><strong>τοὺς</strong></span> <span class='ocrx_word' id='word_1_267' title='bbox 2456 810 2833 880; x_wconf 79' lang='grc' dir='ltr'><strong>περιεστῶτας</strong></span> <span class='ocrx_word' id='word_1_268' title='bbox 2874 812 2972 882; x_wconf 73' lang='grc' dir='ltr'><strong>οὐχ</strong></span> <span class='ocrx_word' id='word_1_269' title='bbox 3007 813 3351 884; x_wconf 84' lang='grc' dir='ltr'><strong>ὑστεροῦσιν.</strong></span> <span class='ocrx_word' id='word_1_270' title='bbox 3396 815 3492 867; x_wconf 84' lang='grc' dir='ltr'><strong>Ἐκ</strong></span> <span class='ocrx_word' id='word_1_271' title='bbox 3522 815 3719 868; x_wconf 74' lang='grc' dir='ltr'><strong>τούτου</strong></span> 
     </span>
    </p>
   </div>
   <div class='ocr_carea' id='block_1_38' title="bbox 2135 899 3721 978">
    <p class='ocr_par' dir='ltr' id='par_1_38' title="bbox 2135 899 3721 978">
     <span class='ocr_line' id='line_1_38' title="bbox 2135 899 3721 978; baseline 0.005 -27"><span class='ocrx_word' id='word_1_272' title='bbox 2135 899 2232 952; x_wconf 77' lang='grc' dir='ltr'><strong>καὶ</strong></span> <span class='ocrx_word' id='word_1_273' title='bbox 2262 900 2478 964; x_wconf 84' lang='grc' dir='ltr'><strong>Παῦλος</strong></span> <span class='ocrx_word' id='word_1_274' title='bbox 2539 902 2901 974; x_wconf 82' lang='grc' dir='ltr'><strong>μεγαλαυχῶν</strong></span> <span class='ocrx_word' id='word_1_275' title='bbox 2957 904 3094 974; x_wconf 69' lang='grc'><strong>(12),</strong></span> <span class='ocrx_word' id='word_1_276' title='bbox 3151 924 3169 956; x_wconf 82' lang='grc' dir='ltr'><strong>ι</strong></span> <span class='ocrx_word' id='word_1_277' title='bbox 3214 907 3476 975; x_wconf 79' lang='grc' dir='ltr'><strong>Χριστοῦ,</strong></span> <span class='ocrx_word' id='word_1_278' title='bbox 3524 908 3721 978; x_wconf 70' lang='grc' dir='ltr'><strong>φησὶν,</strong></span> 
     </span>
    </p>
   </div>
   <div class='ocr_carea' id='block_1_39' title="bbox 2135 992 3722 1067">
    <p class='ocr_par' dir='ltr' id='par_1_39' title="bbox 2135 992 3722 1067">
     <span class='ocr_line' id='line_1_39' title="bbox 2135 992 3722 1067; baseline 0.003 -22"><span class='ocrx_word' id='word_1_279' title='bbox 2135 992 2333 1046; x_wconf 75' lang='grc' dir='ltr'><strong>εὐωδία</strong></span> <span class='ocrx_word' id='word_1_280' title='bbox 2359 993 2530 1064; x_wconf 74' lang='grc' dir='ltr'><strong>ἐσμὲν</strong></span> <span class='ocrx_word' id='word_1_281' title='bbox 2571 996 2628 1046; x_wconf 83' lang='grc' dir='ltr'><strong>έν</strong></span> <span class='ocrx_word' id='word_1_282' title='bbox 2655 998 2769 1059; x_wconf 88' lang='grc' dir='ltr'><strong>τοῖς</strong></span> <span class='ocrx_word' id='word_1_283' title='bbox 2831 996 3165 1067; x_wconf 80' lang='grc' dir='ltr'><strong>σωζομένοις</strong></span> <span class='ocrx_word' id='word_1_284' title='bbox 3200 998 3295 1051; x_wconf 56' lang='grc' dir='ltr'><strong>καὶ⁸</strong></span> <span class='ocrx_word' id='word_1_285' title='bbox 3337 1000 3449 1060; x_wconf 83' lang='grc' dir='ltr'><strong>τοῖς</strong></span> <span class='ocrx_word' id='word_1_286' title='bbox 3478 999 3722 1054; x_wconf 87' lang='grc' dir='ltr'><strong>ἀπολλυ-</strong></span> 
     </span>
    </p>
   </div>
   <div class='ocr_carea' id='block_1_40' title="bbox 2139 1076 3722 1156">
    <p class='ocr_par' dir='ltr' id='par_1_40' title="bbox 2139 1076 3722 1156">
     <span class='ocr_line' id='line_1_40' title="bbox 2139 1076 3722 1156; baseline 0.003 -20"><span class='ocrx_word' id='word_1_287' title='bbox 2139 1083 2346 1152; x_wconf 85' lang='grc' dir='ltr'><strong>μένοις.</strong></span> <span class='ocrx_word' id='word_1_288' title='bbox 2389 1101 2407 1135; x_wconf 80' lang='grc' dir='ltr'><strong>ι</strong></span> <span class='ocrx_word' id='word_1_289' title='bbox 2457 1084 2796 1156; x_wconf 77' lang='grc' dir='ltr'><strong>Σωζομένοις</strong></span> <span class='ocrx_word' id='word_1_290' title='bbox 2831 1085 2954 1156; x_wconf 81' lang='grc' dir='ltr'><strong>μὲν,</strong></span> <span class='ocrx_word' id='word_1_291' title='bbox 3007 1089 3118 1150; x_wconf 89' lang='grc' dir='ltr'><strong>τοῖς</strong></span> <span class='ocrx_word' id='word_1_292' title='bbox 3151 1087 3258 1141; x_wconf 84' lang='grc' dir='ltr'><strong>ἀπὸ</strong></span> <span class='ocrx_word' id='word_1_293' title='bbox 3291 1087 3384 1141; x_wconf 85' lang='grc' dir='ltr'><strong>τοῦ</strong></span> <span class='ocrx_word' id='word_1_294' title='bbox 3419 1076 3722 1142; x_wconf 55' lang='grc' dir='ltr'><strong>Μωσαῖκοῦ</strong></span> 
     </span>
    </p>
   </div>
   <div class='ocr_carea' id='block_1_41' title="bbox 2135 1173 3724 1250">
    <p class='ocr_par' dir='ltr' id='par_1_41' title="bbox 2135 1173 3724 1250">
     <span class='ocr_line' id='line_1_41' title="bbox 2135 1173 3724 1250; baseline 0.003 -22"><span class='ocrx_word' id='word_1_295' title='bbox 2135 1173 2304 1242; x_wconf 81' lang='grc' dir='ltr'><strong>νόμου</strong></span> <span class='ocrx_word' id='word_1_296' title='bbox 2321 1177 2800 1250; x_wconf 73' lang='grc' dir='ltr'><strong>στοιχειωδεστέρᾳ</strong></span> <span class='ocrx_word' id='word_1_297' title='bbox 2822 1181 2889 1250; x_wconf 81' lang='grc' dir='ltr'><strong>τῇ</strong></span> <span class='ocrx_word' id='word_1_298' title='bbox 2917 1177 3052 1249; x_wconf 70' lang='grc' dir='ltr'><strong>πρὸς</strong></span> <span class='ocrx_word' id='word_1_299' title='bbox 3075 1179 3389 1233; x_wconf 75' lang='grc' dir='ltr'><strong>θεοσέϐειαν</strong></span> <span class='ocrx_word' id='word_1_300' title='bbox 3413 1179 3527 1250; x_wconf 78' lang='grc' dir='ltr'><strong>ζωῇ</strong></span> <span class='ocrx_word' id='word_1_301' title='bbox 3553 1197 3724 1250; x_wconf 83' lang='grc' dir='ltr'><strong>προσ-</strong></span> 
     </span>
    </p>
   </div>
   <div class='ocr_carea' id='block_1_42' title="bbox 2135 1266 3723 1344">
    <p class='ocr_par' dir='ltr' id='par_1_42' title="bbox 2135 1266 3723 1344">
     <span class='ocr_line' id='line_1_42' title="bbox 2135 1266 3723 1344; baseline 0.004 -26"><span class='ocrx_word' id='word_1_302' title='bbox 2135 1266 2460 1340; x_wconf 73' lang='grc' dir='ltr'><strong>λιπαροῦσιν</strong></span> <span class='ocrx_word' id='word_1_303' title='bbox 2486 1269 2579 1322; x_wconf 71' lang='grc' dir='ltr'><strong>ὲπὶ</strong></span> <span class='ocrx_word' id='word_1_304' title='bbox 2625 1271 2962 1343; x_wconf 75' lang='grc' dir='ltr'><strong>τελεωτέραν</strong></span> <span class='ocrx_word' id='word_1_305' title='bbox 2993 1272 3093 1339; x_wconf 85' lang='grc' dir='ltr'><strong>τῆς</strong></span> <span class='ocrx_word' id='word_1_306' title='bbox 3136 1272 3280 1326; x_wconf 82' lang='grc' dir='ltr'><strong>κατά</strong></span> <span class='ocrx_word' id='word_1_307' title='bbox 3331 1273 3568 1344; x_wconf 66' lang='grc' dir='ltr'><strong>Χριστὸν</strong></span> <span class='ocrx_word' id='word_1_308' title='bbox 3625 1271 3723 1325; x_wconf 84' lang='grc' dir='ltr'><strong>πί-</strong></span> 
     </span>
    </p>
   </div>
   <div class='ocr_carea' id='block_1_43' title="bbox 2139 1359 3720 1434">
    <p class='ocr_par' dir='ltr' id='par_1_43' title="bbox 2139 1359 3720 1434">
     <span class='ocr_line' id='line_1_43' title="bbox 2139 1359 3720 1434; baseline 0.003 -22"><span class='ocrx_word' id='word_1_309' title='bbox 2139 1377 2308 1424; x_wconf 88' lang='grc' dir='ltr'><strong>στεως</strong></span> <span class='ocrx_word' id='word_1_310' title='bbox 2332 1361 2497 1431; x_wconf 80' lang='grc' dir='ltr'><strong>ζωὴν,</strong></span> <span class='ocrx_word' id='word_1_311' title='bbox 2519 1365 2585 1432; x_wconf 79' lang='grc' dir='ltr'><strong>τῇ</strong></span> <span class='ocrx_word' id='word_1_312' title='bbox 2617 1367 2918 1434; x_wconf 71' lang='grc' dir='ltr'><strong>καρτερικῇ</strong></span> <span class='ocrx_word' id='word_1_313' title='bbox 2946 1365 3156 1418; x_wconf 79' lang='grc' dir='ltr'><strong>ἑαυτῶν</strong></span> <span class='ocrx_word' id='word_1_314' title='bbox 3189 1368 3245 1417; x_wconf 80' lang='grc' dir='ltr'><strong>ὲν</strong></span> <span class='ocrx_word' id='word_1_315' title='bbox 3274 1366 3467 1418; x_wconf 83' lang='grc' dir='ltr'><strong>στάσει</strong></span> <span class='ocrx_word' id='word_1_316' title='bbox 3489 1359 3580 1418; x_wconf 75' lang='grc' dir='ltr'><strong>οἷά</strong></span> <span class='ocrx_word' id='word_1_317' title='bbox 3609 1381 3720 1417; x_wconf 87' lang='grc' dir='ltr'><strong>τινι</strong></span> 
     </span>
    </p>
   </div>
   <div class='ocr_carea' id='block_1_44' title="bbox 2137 1454 3728 1527">
    <p class='ocr_par' dir='ltr' id='par_1_44' title="bbox 2137 1454 3728 1527">
     <span class='ocr_line' id='line_1_44' title="bbox 2137 1454 3728 1527; baseline 0.001 -21"><span class='ocrx_word' id='word_1_318' title='bbox 2137 1454 2338 1525; x_wconf 77' lang='grc' dir='ltr'><strong>εὐωδίᾳ</strong></span> <span class='ocrx_word' id='word_1_319' title='bbox 2387 1454 2776 1523; x_wconf 75' lang='grc' dir='ltr'><strong>ἐπαλείφοντες</strong></span> <span class='ocrx_word' id='word_1_320' title='bbox 2817 1455 3045 1519; x_wconf 78' lang='grc' dir='ltr'><strong>τούτους</strong></span> <span class='ocrx_word' id='word_1_321' title='bbox 3076 1473 3090 1488; x_wconf 76' lang='grc' dir='ltr'><strong><em>ο</em></strong></span> <span class='ocrx_word' id='word_1_322' title='bbox 3147 1457 3344 1527; x_wconf 81' lang='grc' dir='ltr'><strong>ὥσπερ</strong></span> <span class='ocrx_word' id='word_1_323' title='bbox 3397 1455 3590 1526; x_wconf 83' lang='grc' dir='ltr'><strong>ἀμέλει</strong></span> <span class='ocrx_word' id='word_1_324' title='bbox 3629 1455 3728 1508; x_wconf 74' lang='grc' dir='ltr'><strong>καὶ</strong></span> 
     </span>
    </p>
   </div>
   <div class='ocr_carea' id='block_1_45' title="bbox 2137 1541 3724 1616">
    <p class='ocr_par' dir='ltr' id='par_1_45' title="bbox 2137 1541 3724 1616">
     <span class='ocr_line' id='line_1_45' title="bbox 2137 1541 3724 1616; baseline 0.003 -22"><span class='ocrx_word' id='word_1_325' title='bbox 2137 1543 2249 1603; x_wconf 87' lang='grc' dir='ltr'><strong>τοῖς</strong></span> <span class='ocrx_word' id='word_1_326' title='bbox 2277 1541 2672 1610; x_wconf 81' lang='grc' dir='ltr'><strong>ἀπολλυμένοις</strong></span> <span class='ocrx_word' id='word_1_327' title='bbox 2701 1545 3100 1616; x_wconf 81' lang='grc' dir='ltr'><strong>ἐκτεθνηκυίας</strong></span> <span class='ocrx_word' id='word_1_328' title='bbox 3127 1546 3296 1616; x_wconf 71' lang='grc' dir='ltr'><strong>ζωῆς,</strong></span> <span class='ocrx_word' id='word_1_329' title='bbox 3327 1547 3469 1601; x_wconf 85' lang='grc' dir='ltr'><strong>κατά</strong></span> <span class='ocrx_word' id='word_1_330' title='bbox 3499 1547 3590 1599; x_wconf 78' lang='grc' dir='ltr'><strong>τὸν</strong></span> <span class='ocrx_word' id='word_1_331' title='bbox 3624 1547 3724 1615; x_wconf 81' lang='grc' dir='ltr'><strong>τῆς</strong></span> 
     </span>
    </p>
   </div>
   <div class='ocr_carea' id='block_1_46' title="bbox 2138 1633 3726 1708">
    <p class='ocr_par' dir='ltr' id='par_1_46' title="bbox 2138 1633 3726 1708">
     <span class='ocr_line' id='line_1_46' title="bbox 2138 1633 3726 1708; baseline 0.003 -22"><span class='ocrx_word' id='word_1_332' title='bbox 2138 1633 2529 1701; x_wconf 58' lang='grc' dir='ltr'><strong>εὓωλομανίας</strong></span> <span class='ocrx_word' id='word_1_333' title='bbox 2555 1636 2697 1706; x_wconf 71' lang='grc' dir='ltr'><strong>φημὶ</strong></span> <span class='ocrx_word' id='word_1_334' title='bbox 2722 1634 2957 1690; x_wconf 81' lang='grc' dir='ltr'><strong>θάνατον</strong></span> <span class='ocrx_word' id='word_1_335' title='bbox 2993 1636 3587 1708; x_wconf 83' lang='grc' dir='ltr'><strong>μεταστοιχειωθείσης</strong></span> <span class='ocrx_word' id='word_1_336' title='bbox 3621 1636 3726 1706; x_wconf 78' lang='grc' dir='ltr'><strong>τῆς</strong></span> 
     </span>
    </p>
   </div>
   <div class='ocr_carea' id='block_1_47' title="bbox 2138 1725 3726 1800">
    <p class='ocr_par' dir='ltr' id='par_1_47' title="bbox 2138 1725 3726 1800">
     <span class='ocr_line' id='line_1_47' title="bbox 2138 1725 3726 1800; baseline 0.003 -22"><span class='ocrx_word' id='word_1_337' title='bbox 2138 1725 2423 1794; x_wconf 80' lang='grc' dir='ltr'><strong>ὲμπαθοῦς</strong></span> <span class='ocrx_word' id='word_1_338' title='bbox 2454 1727 2532 1796; x_wconf 85' lang='grc' dir='ltr'><strong>τῷ</strong></span> <span class='ocrx_word' id='word_1_339' title='bbox 2569 1727 2685 1780; x_wconf 80' lang='grc' dir='ltr'><strong>δντι</strong></span> <span class='ocrx_word' id='word_1_340' title='bbox 2733 1729 2902 1797; x_wconf 79' lang='grc' dir='ltr'><strong>ζωῆς,</strong></span> <span class='ocrx_word' id='word_1_341' title='bbox 2936 1727 3032 1792; x_wconf 86' lang='grc' dir='ltr'><strong>οὒς</strong></span> <span class='ocrx_word' id='word_1_342' title='bbox 3059 1729 3093 1800; x_wconf 73' lang='grc' dir='ltr'>ἡ</span> <span class='ocrx_word' id='word_1_343' title='bbox 3131 1729 3274 1782; x_wconf 81' lang='grc' dir='ltr'><strong>κατά</strong></span> <span class='ocrx_word' id='word_1_344' title='bbox 3299 1730 3535 1800; x_wconf 80' lang='grc' dir='ltr'><strong>Χριστὸν</strong></span> <span class='ocrx_word' id='word_1_345' title='bbox 3565 1727 3726 1800; x_wconf 84' lang='grc' dir='ltr'><strong>ἀμώ-</strong></span> 
     </span>
    </p>
   </div>
   <div class='ocr_carea' id='block_1_48' title="bbox 2143 1813 3728 1890">
    <p class='ocr_par' dir='ltr' id='par_1_48' title="bbox 2143 1813 3728 1890">
     <span class='ocr_line' id='line_1_48' title="bbox 2143 1813 3728 1890; baseline 0.003 -23"><span class='ocrx_word' id='word_1_346' title='bbox 2143 1833 2315 1886; x_wconf 80' lang='grc' dir='ltr'><strong>μητος</strong></span> <span class='ocrx_word' id='word_1_347' title='bbox 2376 1816 2694 1882; x_wconf 75' lang='grc' dir='ltr'><strong>εὐωδιάςειν</strong></span> <span class='ocrx_word' id='word_1_348' title='bbox 2753 1813 2864 1872; x_wconf 75' lang='grc' dir='ltr'><strong>οἶδε</strong></span> <span class='ocrx_word' id='word_1_349' title='bbox 2922 1819 3100 1890; x_wconf 78' lang='grc' dir='ltr'><strong>βιοτή.</strong></span> <span class='ocrx_word' id='word_1_350' title='bbox 3133 1819 3298 1872; x_wconf 83' lang='grc' dir='ltr'><strong>Ὥστε</strong></span> <span class='ocrx_word' id='word_1_351' title='bbox 3347 1820 3444 1872; x_wconf 79' lang='grc' dir='ltr'><strong>καὶ</strong></span> <span class='ocrx_word' id='word_1_352' title='bbox 3501 1819 3728 1883; x_wconf 86' lang='grc' dir='ltr'><strong>τούτους</strong></span> 
     </span>
    </p>
   </div>
   <div class='ocr_carea' id='block_1_49' title="bbox 2143 1907 3721 1981">
    <p class='ocr_par' dir='ltr' id='par_1_49' title="bbox 2143 1907 3721 1981">
     <span class='ocr_line' id='line_1_49' title="bbox 2143 1907 3721 1981; baseline 0.003 -20"><span class='ocrx_word' id='word_1_353' title='bbox 2143 1909 2284 1979; x_wconf 88' lang='grc' dir='ltr'><strong>μετά</strong></span> <span class='ocrx_word' id='word_1_354' title='bbox 2337 1907 2432 1962; x_wconf 86' lang='grc' dir='ltr'><strong>τοῦ</strong></span> <span class='ocrx_word' id='word_1_355' title='bbox 2476 1909 2642 1963; x_wconf 79' lang='grc' dir='ltr'><strong>αὐτοῦ</strong></span> <span class='ocrx_word' id='word_1_356' title='bbox 2684 1911 2900 1964; x_wconf 76' lang='grc' dir='ltr'><strong>Παύλου</strong></span> <span class='ocrx_word' id='word_1_357' title='bbox 2939 1911 3338 1979; x_wconf 77' lang='grc' dir='ltr'><strong>ένωραῖζεσθαι</strong></span> <span class='ocrx_word' id='word_1_358' title='bbox 3366 1912 3681 1981; x_wconf 73' lang='grc' dir='ltr'><strong>φάσκοντας</strong></span> <span class='ocrx_word' id='word_1_359' title='bbox 3706 1929 3721 1943; x_wconf 76' lang='grc' dir='ltr'><strong>ο</strong></span> 
     </span>
    </p>
   </div>
   <div class='ocr_carea' id='block_1_50' title="bbox 2148 2001 3723 2075">
    <p class='ocr_par' dir='ltr' id='par_1_50' title="bbox 2148 2001 3723 2075">
     <span class='ocr_line' id='line_1_50' title="bbox 2148 2001 3723 2075; baseline 0.003 -22"><span class='ocrx_word' id='word_1_360' title='bbox 2148 2021 2165 2053; x_wconf 81' lang='grc' dir='ltr'><strong>ι</strong></span> <span class='ocrx_word' id='word_1_361' title='bbox 2209 2003 2294 2056; x_wconf 89' lang='grc' dir='ltr'><strong>Ζῶ</strong></span> <span class='ocrx_word' id='word_1_362' title='bbox 2324 2001 2456 2071; x_wconf 75' lang='grc' dir='ltr'><strong>ἐγὼ,</strong></span> <span class='ocrx_word' id='word_1_363' title='bbox 2489 2003 2589 2056; x_wconf 82' lang='grc' dir='ltr'><strong>οὐκ</strong></span> <span class='ocrx_word' id='word_1_364' title='bbox 2636 2003 2718 2056; x_wconf 82' lang='grc' dir='ltr'><strong>ἔτι</strong></span> <span class='ocrx_word' id='word_1_365' title='bbox 2753 2002 2886 2072; x_wconf 77' lang='grc' dir='ltr'><strong>ἐγὼ,</strong></span> <span class='ocrx_word' id='word_1_366' title='bbox 2917 2003 2982 2075; x_wconf 76' lang='grc' dir='ltr'><strong>ζῇ</strong></span> <span class='ocrx_word' id='word_1_367' title='bbox 3033 2004 3090 2058; x_wconf 82' lang='grc' dir='ltr'><strong>δὲ</strong></span> <span class='ocrx_word' id='word_1_368' title='bbox 3139 2005 3198 2056; x_wconf 83' lang='grc' dir='ltr'><strong>ἐν</strong></span> <span class='ocrx_word' id='word_1_369' title='bbox 3231 2005 3357 2074; x_wconf 72' lang='grc' dir='ltr'><strong>ἐμοὶ</strong></span> <span class='ocrx_word' id='word_1_370' title='bbox 3410 2004 3665 2075; x_wconf 81' lang='grc' dir='ltr'><strong>Χριστός.</strong></span> <span class='ocrx_word' id='word_1_371' title='bbox 3704 2025 3723 2058; x_wconf 73' lang='grc' dir='ltr'><strong>ι</strong></span> 
     </span>
    </p>
   </div>
   <div class='ocr_carea' id='block_1_51' title="bbox 2142 2092 3732 2164">
    <p class='ocr_par' dir='ltr' id='par_1_51' title="bbox 2142 2092 3732 2164">
     <span class='ocr_line' id='line_1_51' title="bbox 2142 2092 3732 2164; baseline 0 -16"><span class='ocrx_word' id='word_1_372' title='bbox 2142 2092 2302 2148; x_wconf 73' lang='grc' dir='ltr'><strong>Οὕτω</strong></span> <span class='ocrx_word' id='word_1_373' title='bbox 2333 2094 2433 2163; x_wconf 82' lang='grc' dir='ltr'><strong>μὲν</strong></span> <span class='ocrx_word' id='word_1_374' title='bbox 2454 2093 2547 2147; x_wconf 79' lang='grc' dir='ltr'><strong>οὖν</strong></span> <span class='ocrx_word' id='word_1_375' title='bbox 2581 2095 2615 2164; x_wconf 79' lang='grc' dir='ltr'><strong>η</strong></span> <span class='ocrx_word' id='word_1_376' title='bbox 2642 2093 2784 2147; x_wconf 86' lang='grc' dir='ltr'><strong>κατά</strong></span> <span class='ocrx_word' id='word_1_377' title='bbox 2814 2094 3020 2164; x_wconf 75' lang='grc' dir='ltr'><strong>ἇρῤενα</strong></span> <span class='ocrx_word' id='word_1_378' title='bbox 3052 2094 3275 2150; x_wconf 76' lang='grc' dir='ltr'><strong>λίϐανον</strong></span> <span class='ocrx_word' id='word_1_379' title='bbox 3305 2093 3531 2164; x_wconf 78' lang='grc' dir='ltr'><strong>θεωρῗα.</strong></span> <span class='ocrx_word' id='word_1_380' title='bbox 3568 2096 3732 2148; x_wconf 79' lang='grc' dir='ltr'><strong>Ἐστι</strong></span> 
     </span>
    </p>
   </div>
   <div class='ocr_carea' id='block_1_52' title="bbox 2143 2183 3726 2256">
    <p class='ocr_par' dir='ltr' id='par_1_52' title="bbox 2143 2183 3726 2256">
     <span class='ocr_line' id='line_1_52' title="bbox 2143 2183 3726 2256; baseline -0.001 -17"><span class='ocrx_word' id='word_1_381' title='bbox 2143 2186 2238 2239; x_wconf 73' lang='grc' dir='ltr'><strong>καὶ</strong></span> <span class='ocrx_word' id='word_1_382' title='bbox 2265 2185 2674 2256; x_wconf 73' lang='grc' dir='ltr'><strong>χαλκολίϐανον,</strong></span> <span class='ocrx_word' id='word_1_383' title='bbox 2704 2186 2781 2249; x_wconf 87' lang='grc' dir='ltr'><strong>ῶς</strong></span> <span class='ocrx_word' id='word_1_384' title='bbox 2806 2185 2906 2256; x_wconf 76' lang='grc' dir='ltr'><strong>ήδη</strong></span> <span class='ocrx_word' id='word_1_385' title='bbox 2927 2183 3291 2256; x_wconf 78' lang='grc' dir='ltr'><strong>τεθεώρηται,</strong></span> <span class='ocrx_word' id='word_1_386' title='bbox 3326 2183 3426 2255; x_wconf 72' lang='grc' dir='ltr'><strong>τὴν</strong></span> <span class='ocrx_word' id='word_1_387' title='bbox 3453 2184 3726 2255; x_wconf 75' lang='grc' dir='ltr'><strong>ἐνανθρὼο</strong></span> 
     </span>
    </p>
   </div>
   <div class='ocr_carea' id='block_1_53' title="bbox 2144 2275 3730 2348">
    <p class='ocr_par' dir='ltr' id='par_1_53' title="bbox 2144 2275 3730 2348">
     <span class='ocr_line' id='line_1_53' title="bbox 2144 2275 3730 2348; baseline -0.001 -18"><span class='ocrx_word' id='word_1_388' title='bbox 2144 2295 2314 2348; x_wconf 85' lang='grc' dir='ltr'><strong>πησιν</strong></span> <span class='ocrx_word' id='word_1_389' title='bbox 2347 2276 2440 2330; x_wconf 86' lang='grc' dir='ltr'><strong>τοῦ</strong></span> <span class='ocrx_word' id='word_1_390' title='bbox 2474 2279 2680 2348; x_wconf 73' lang='grc' dir='ltr'><strong>Κυρίου</strong></span> <span class='ocrx_word' id='word_1_391' title='bbox 2723 2278 2886 2341; x_wconf 88' lang='grc' dir='ltr'><strong>νοεῖν,</strong></span> <span class='ocrx_word' id='word_1_392' title='bbox 2935 2277 3104 2346; x_wconf 71' lang='grc' dir='ltr'><strong>ἤγουν</strong></span> <span class='ocrx_word' id='word_1_393' title='bbox 3133 2277 3228 2330; x_wconf 86' lang='grc' dir='ltr'><strong>τοῦ</strong></span> <span class='ocrx_word' id='word_1_394' title='bbox 3257 2275 3586 2348; x_wconf 81' lang='grc' dir='ltr'><strong>προαιωνίου</strong></span> <span class='ocrx_word' id='word_1_395' title='bbox 3623 2277 3730 2328; x_wconf 68' lang='grc' dir='ltr'><strong>Δός</strong></span> 
     </span>
    </p>
   </div>
   <div class='ocr_carea' id='block_1_54' title="bbox 2143 2363 3727 2438">
    <p class='ocr_par' dir='ltr' id='par_1_54' title="bbox 2143 2363 3727 2438">
     <span class='ocr_line' id='line_1_54' title="bbox 2143 2363 3727 2438; baseline -0.002 -18"><span class='ocrx_word' id='word_1_396' title='bbox 2143 2385 2242 2437; x_wconf 86' lang='grc' dir='ltr'><strong>γου</strong></span> <span class='ocrx_word' id='word_1_397' title='bbox 2273 2367 2408 2421; x_wconf 87' lang='grc' dir='ltr'><strong>Θεοῦ</strong></span> <span class='ocrx_word' id='word_1_398' title='bbox 2450 2371 2536 2421; x_wconf 80' lang='grc' dir='ltr'><strong>ἐπ’</strong></span> <span class='ocrx_word' id='word_1_399' title='bbox 2583 2367 2828 2438; x_wconf 79' lang='grc' dir='ltr'><strong>ἐσχάτων</strong></span> <span class='ocrx_word' id='word_1_400' title='bbox 2858 2369 2967 2419; x_wconf 87' lang='grc' dir='ltr'><strong>τῶν</strong></span> <span class='ocrx_word' id='word_1_401' title='bbox 3007 2367 3242 2438; x_wconf 80' lang='grc' dir='ltr'><strong>χρόνων,</strong></span> <span class='ocrx_word' id='word_1_402' title='bbox 3286 2363 3376 2421; x_wconf 81' lang='grc' dir='ltr'><strong>οἷὰ</strong></span> <span class='ocrx_word' id='word_1_403' title='bbox 3407 2384 3518 2419; x_wconf 89' lang='grc' dir='ltr'><strong>τισι</strong></span> <span class='ocrx_word' id='word_1_404' title='bbox 3572 2369 3727 2431; x_wconf 66' lang='grc' dir='ltr'><strong>ποσὶ,</strong></span> 
     </span>
    </p>
   </div>
   <div class='ocr_carea' id='block_1_55' title="bbox 2145 2453 3725 2532">
    <p class='ocr_par' dir='ltr' id='par_1_55' title="bbox 2145 2453 3725 2532">
     <span class='ocr_line' id='line_1_55' title="bbox 2145 2453 3725 2532; baseline -0.003 -17"><span class='ocrx_word' id='word_1_405' title='bbox 2145 2462 2223 2531; x_wconf 84' lang='grc' dir='ltr'><strong>τῷ</strong></span> <span class='ocrx_word' id='word_1_406' title='bbox 2246 2460 2570 2532; x_wconf 82' lang='grc' dir='ltr'><strong>τεθεωμένῳ</strong></span> <span class='ocrx_word' id='word_1_407' title='bbox 2598 2460 2895 2530; x_wconf 74' lang='grc' dir='ltr'><strong>χριομένην</strong></span> <span class='ocrx_word' id='word_1_408' title='bbox 2913 2459 3208 2530; x_wconf 81' lang='grc' dir='ltr'><strong>ἀνθρώπῳ.</strong></span> <span class='ocrx_word' id='word_1_409' title='bbox 3243 2453 3342 2512; x_wconf 73' lang='grc' dir='ltr'><strong>Ἦν</strong></span> <span class='ocrx_word' id='word_1_410' title='bbox 3373 2458 3466 2512; x_wconf 69' lang='grc' dir='ltr'><strong>δύο</strong></span> <span class='ocrx_word' id='word_1_411' title='bbox 3484 2459 3725 2527; x_wconf 76' lang='grc' dir='ltr'><strong>φύσεων,</strong></span> 
     </span>
    </p>
   </div>
   <div class='ocr_carea' id='block_1_56' title="bbox 2147 2551 3731 2626">
    <p class='ocr_par' dir='ltr' id='par_1_56' title="bbox 2147 2551 3731 2626">
     <span class='ocr_line' id='line_1_56' title="bbox 2147 2551 3731 2626; baseline -0.003 -18"><span class='ocrx_word' id='word_1_412' title='bbox 2147 2555 2400 2626; x_wconf 73' lang='grc' dir='ltr'><strong>θεότητος</strong></span> <span class='ocrx_word' id='word_1_413' title='bbox 2451 2571 2512 2607; x_wconf 87' lang='grc' dir='ltr'><strong>τε</strong></span> <span class='ocrx_word' id='word_1_414' title='bbox 2576 2554 2670 2607; x_wconf 75' lang='grc' dir='ltr'><strong>καὶ</strong></span> <span class='ocrx_word' id='word_1_415' title='bbox 2708 2553 3150 2625; x_wconf 86' lang='grc' dir='ltr'><strong>ἀνθρωπότητος,</strong></span> <span class='ocrx_word' id='word_1_416' title='bbox 3190 2553 3289 2623; x_wconf 78' lang='grc' dir='ltr'><strong>τὴν</strong></span> <span class='ocrx_word' id='word_1_417' title='bbox 3327 2552 3633 2621; x_wconf 77' lang='grc' dir='ltr'><strong>ἀσὺγχυτον</strong></span> <span class='ocrx_word' id='word_1_418' title='bbox 3669 2551 3731 2602; x_wconf 68' lang='grc' dir='ltr'><strong>ἕ-</strong></span> 
     </span>
    </p>
   </div>
   <div class='ocr_carea' id='block_1_57' title="bbox 2147 2643 3734 2718">
    <p class='ocr_par' dir='ltr' id='par_1_57' title="bbox 2147 2643 3734 2718">
     <span class='ocr_line' id='line_1_57' title="bbox 2147 2643 3734 2718; baseline -0.002 -18"><span class='ocrx_word' id='word_1_419' title='bbox 2147 2665 2342 2710; x_wconf 81' lang='grc' dir='ltr'><strong>νωσιν,</strong></span> <span class='ocrx_word' id='word_1_420' title='bbox 2367 2647 2492 2710; x_wconf 82' lang='grc' dir='ltr'><strong>νοῦς</strong></span> <span class='ocrx_word' id='word_1_421' title='bbox 2507 2647 2849 2718; x_wconf 78' lang='grc' dir='ltr'><strong>ἀνθρώπινος</strong></span> <span class='ocrx_word' id='word_1_422' title='bbox 2880 2647 3126 2699; x_wconf 74' lang='grc' dir='ltr'><strong>εὐσεϐεῖν</strong></span> <span class='ocrx_word' id='word_1_423' title='bbox 3143 2643 3420 2714; x_wconf 77' lang='grc' dir='ltr'><strong>ἐγνωκὼς,</strong></span> <span class='ocrx_word' id='word_1_424' title='bbox 3451 2643 3734 2711; x_wconf 77' lang='grc' dir='ltr'><strong>ἀνέπαφον</strong></span> 
     </span>
    </p>
   </div>
   <div class='ocr_carea' id='block_1_58' title="bbox 2147 2738 3732 2814">
    <p class='ocr_par' dir='ltr' id='par_1_58' title="bbox 2147 2738 3732 2814">
     <span class='ocr_line' id='line_1_58' title="bbox 2147 2738 3732 2814; baseline -0.004 -17"><span class='ocrx_word' id='word_1_425' title='bbox 2147 2738 2254 2797; x_wconf 80' lang='grc' dir='ltr'><strong>οἶδε</strong></span> <span class='ocrx_word' id='word_1_426' title='bbox 2291 2744 2590 2814; x_wconf 79' lang='grc' dir='ltr'><strong>διατηρεῖν,</strong></span> <span class='ocrx_word' id='word_1_427' title='bbox 2638 2741 2713 2807; x_wconf 87' lang='grc' dir='ltr'><strong>ῶς</strong></span> <span class='ocrx_word' id='word_1_428' title='bbox 2748 2740 3258 2814; x_wconf 78' lang='grc' dir='ltr'><strong>ὑπερανεστηκυίας</strong></span> <span class='ocrx_word' id='word_1_429' title='bbox 3293 2740 3516 2810; x_wconf 83' lang='grc' dir='ltr'><strong>θνητῆς,</strong></span> <span class='ocrx_word' id='word_1_430' title='bbox 3562 2756 3732 2792; x_wconf 87' lang='grc' dir='ltr'><strong>κατα-</strong></span> 
     </span>
    </p>
   </div>
   <div class='ocr_carea' id='block_1_59' title="bbox 2149 2837 2660 2908">
    <p class='ocr_par' dir='ltr' id='par_1_59' title="bbox 2149 2837 2660 2908">
     <span class='ocr_line' id='line_1_59' title="bbox 2149 2837 2660 2908; baseline 0.002 -18"><span class='ocrx_word' id='word_1_431' title='bbox 2149 2837 2369 2908; x_wconf 67' lang='grc' dir='ltr'><strong>λήψεως</strong></span> <span class='ocrx_word' id='word_1_432' title='bbox 2409 2837 2660 2907; x_wconf 76' lang='grc' dir='ltr'><strong>ἔρευναν.</strong></span> 
     </span>
    </p>
   </div>
   <div class='ocr_carea' id='block_1_60' title="bbox 2225 3007 3737 3082">
    <p class='ocr_par' dir='ltr' id='par_1_60' title="bbox 2225 3007 3737 3082">
     <span class='ocr_line' id='line_1_60' title="bbox 2225 3007 3737 3082; baseline -0.007 -13"><span class='ocrx_word' id='word_1_433' title='bbox 2225 3012 2368 3069; x_wconf 79' lang='grc' dir='ltr'><strong>Οἶδά</strong></span> <span class='ocrx_word' id='word_1_434' title='bbox 2401 3029 2519 3069; x_wconf 86' lang='grc' dir='ltr'><strong>σου</strong></span> <span class='ocrx_word' id='word_1_435' title='bbox 2555 3012 2628 3068; x_wconf 82' lang='grc' dir='ltr'><strong>τὰ</strong></span> <span class='ocrx_word' id='word_1_436' title='bbox 2651 3013 2817 3082; x_wconf 72' lang='grc' dir='ltr'><strong>ἔργα.</strong></span> <span class='ocrx_word' id='word_1_437' title='bbox 2853 3012 3055 3081; x_wconf 72' lang='grc' dir='ltr'><strong>Ἔργα,</strong></span> <span class='ocrx_word' id='word_1_438' title='bbox 3083 3011 3218 3081; x_wconf 77' lang='grc' dir='ltr'><strong>μόνα</strong></span> <span class='ocrx_word' id='word_1_439' title='bbox 3251 3011 3320 3063; x_wconf 59' lang='lat' dir='ltr'><strong>ea</strong></span> <span class='ocrx_word' id='word_1_440' title='bbox 3347 3007 3424 3079; x_wconf 83' lang='grc' dir='ltr'><strong>τῷ</strong></span> <span class='ocrx_word' id='word_1_441' title='bbox 3453 3010 3572 3076; x_wconf 78' lang='grc' dir='ltr'><strong>θεῷ</strong></span> <span class='ocrx_word' id='word_1_442' title='bbox 3603 3010 3737 3061; x_wconf 84' lang='grc' dir='ltr'><strong>ἁνα-</strong></span> 
     </span>
    </p>
   </div>
   <div class='ocr_carea' id='block_1_61' title="bbox 456 3096 2062 3184">
    <p class='ocr_par' dir='ltr' id='par_1_61' title="bbox 456 3096 2047 3172">
     <span class='ocr_line' id='line_1_61' title="bbox 456 3096 2047 3172; baseline -0.004 -15"><span class='ocrx_word' id='word_1_443' title='bbox 456 3103 627 3158; x_wconf 83' lang='lat' dir='ltr'><strong>Deum</strong></span> <span class='ocrx_word' id='word_1_444' title='bbox 662 3101 904 3172; x_wconf 88' lang='lat' dir='ltr'><strong>reposita</strong></span> <span class='ocrx_word' id='word_1_445' title='bbox 934 3108 1084 3156; x_wconf 86' lang='lat' dir='ltr'><strong>sunt.</strong></span> <span class='ocrx_word' id='word_1_446' title='bbox 1117 3098 1290 3154; x_wconf 86' lang='lat' dir='ltr'><strong>Nosse</strong></span> <span class='ocrx_word' id='word_1_447' title='bbox 1323 3106 1506 3153; x_wconf 88' lang='lat' dir='ltr'><strong>autem</strong></span> <span class='ocrx_word' id='word_1_448' title='bbox 1575 3098 1679 3152; x_wconf 92' lang='lat' dir='ltr'><strong>hoc</strong></span> <span class='ocrx_word' id='word_1_449' title='bbox 1730 3098 1848 3152; x_wconf 86' lang='lat' dir='ltr'><strong>loco</strong></span> <span class='ocrx_word' id='word_1_450' title='bbox 1899 3096 2047 3152; x_wconf 81' lang='lat' dir='ltr'><strong>desi-</strong></span> 
     </span>
    </p>
   </div>
   <div class='ocr_carea' id='block_1_62' title="bbox 2146 3096 3739 3184">
    <p class='ocr_par' dir='ltr' id='par_1_62' title="bbox 2149 3100 3739 3179">
     <span class='ocr_line' id='line_1_62' title="bbox 2149 3100 3739 3179; baseline -0.005 -17"><span class='ocrx_word' id='word_1_451' title='bbox 2149 3110 2377 3178; x_wconf 83' lang='grc' dir='ltr'><strong>κεὶμενα</strong></span> <span class='ocrx_word' id='word_1_452' title='bbox 2391 3107 2658 3179; x_wconf 83' lang='grc' dir='ltr'><strong>λάμϐανε.</strong></span> <span class='ocrx_word' id='word_1_453' title='bbox 2685 3108 2758 3160; x_wconf 86' lang='grc' dir='ltr'>Τὸ</span> <span class='ocrx_word' id='word_1_454' title='bbox 2775 3105 2973 3159; x_wconf 68' lang='grc' dir='ltr'><strong>εἰδέναι</strong></span> <span class='ocrx_word' id='word_1_455' title='bbox 2997 3104 3054 3157; x_wconf 79' lang='grc' dir='ltr'><strong>δὲ</strong></span> <span class='ocrx_word' id='word_1_456' title='bbox 3077 3101 3314 3156; x_wconf 83' lang='grc' dir='ltr'><strong>ἐνταῦθα</strong></span> <span class='ocrx_word' id='word_1_457' title='bbox 3343 3102 3440 3172; x_wconf 83' lang='grc' dir='ltr'><strong>τὴν</strong></span> <span class='ocrx_word' id='word_1_458' title='bbox 3459 3100 3739 3154; x_wconf 83' lang='grc' dir='ltr'><strong>οίκείωσιν</strong></span> 
     </span>
    </p>
   </div>
   <div class='ocr_carea' id='block_1_63' title="bbox 456 3190 2044 3265">
    <p class='ocr_par' dir='ltr' id='par_1_63' title="bbox 456 3190 2044 3265">
     <span class='ocr_line' id='line_1_63' title="bbox 456 3190 2044 3265; baseline -0.004 -15"><span class='ocrx_word' id='word_1_459' title='bbox 456 3202 589 3265; x_wconf 76' lang='lat' dir='ltr'><strong>gnat</strong></span> <span class='ocrx_word' id='word_1_460' title='bbox 611 3194 1038 3250; x_wconf 89' lang='lat' dir='ltr'><strong>familiaritatem</strong></span> <span class='ocrx_word' id='word_1_461' title='bbox 1071 3208 1135 3248; x_wconf 90' lang='lat' dir='ltr'><strong>ac</strong></span> <span class='ocrx_word' id='word_1_462' title='bbox 1167 3191 1632 3253; x_wconf 86' lang='lat' dir='ltr'><strong>benevolentiam,</strong></span> <span class='ocrx_word' id='word_1_463' title='bbox 1663 3201 1922 3260; x_wconf 89' lang='lat' dir='ltr'><strong>tanquam</strong></span> <span class='ocrx_word' id='word_1_464' title='bbox 1961 3190 2044 3244; x_wconf 86' lang='lat' dir='ltr'><strong>di-</strong></span> 
     </span>
    </p>
   </div>
   <div class='ocr_carea' id='block_1_64' title="bbox 455 3281 2051 3351">
    <p class='ocr_par' dir='ltr' id='par_1_64' title="bbox 455 3281 2051 3351">
     <span class='ocr_line' id='line_1_64' title="bbox 455 3281 2051 3351; baseline -0.005 -9"><span class='ocrx_word' id='word_1_465' title='bbox 455 3296 603 3343; x_wconf 85' lang='lat' dir='ltr'><strong>ceret</strong></span> <span class='ocrx_word' id='word_1_466' title='bbox 635 3305 647 3340; x_wconf 91' lang='lat'><strong>:</strong></span> <span class='ocrx_word' id='word_1_467' title='bbox 674 3285 774 3341; x_wconf 80' lang='lat' dir='ltr'><strong>Per</strong></span> <span class='ocrx_word' id='word_1_468' title='bbox 800 3287 987 3339; x_wconf 91' lang='lat' dir='ltr'><strong>omnia</strong></span> <span class='ocrx_word' id='word_1_469' title='bbox 1015 3287 1131 3339; x_wconf 68' lang='lat' dir='ltr'><strong>litec</strong></span> <span class='ocrx_word' id='word_1_470' title='bbox 1159 3282 1504 3337; x_wconf 88' lang='lat' dir='ltr'><strong>familiariter</strong></span> <span class='ocrx_word' id='word_1_471' title='bbox 1549 3281 1691 3351; x_wconf 90' lang='lat' dir='ltr'><strong>apud</strong></span> <span class='ocrx_word' id='word_1_472' title='bbox 1726 3295 1810 3334; x_wconf 89' lang='lat' dir='ltr'><strong>me</strong></span> <span class='ocrx_word' id='word_1_473' title='bbox 1870 3293 2051 3348; x_wconf 86' lang='lat' dir='ltr'><strong>persc-</strong></span> 
     </span>
    </p>
   </div>
   <div class='ocr_carea' id='block_1_65' title="bbox 457 3369 2049 3438">
    <p class='ocr_par' dir='ltr' id='par_1_65' title="bbox 457 3369 2049 3438">
     <span class='ocr_line' id='line_1_65' title="bbox 457 3369 2049 3438; baseline -0.005 -7"><span class='ocrx_word' id='word_1_474' title='bbox 457 3395 636 3434; x_wconf 68' lang='lat' dir='ltr'><strong>veras.</strong></span> <span class='ocrx_word' id='word_1_475' title='bbox 669 3377 761 3432; x_wconf 90' lang='lat' dir='ltr'><strong>Sic</strong></span> <span class='ocrx_word' id='word_1_476' title='bbox 783 3386 836 3432; x_wconf 86' lang='lat' dir='ltr'><strong>et</strong></span> <span class='ocrx_word' id='word_1_477' title='bbox 857 3392 983 3430; x_wconf 87' lang='lat' dir='ltr'><strong>cum</strong></span> <span class='ocrx_word' id='word_1_478' title='bbox 1015 3377 1081 3430; x_wconf 84' lang='lat' dir='ltr'><strong>ad</strong></span> <span class='ocrx_word' id='word_1_479' title='bbox 1111 3373 1294 3430; x_wconf 79' lang='lat' dir='ltr'><strong>Mosen</strong></span> <span class='ocrx_word' id='word_1_480' title='bbox 1343 3373 1474 3428; x_wconf 92' lang='lat' dir='ltr'><strong>dicit</strong></span> <span class='ocrx_word' id='word_1_481' title='bbox 1514 3390 1528 3427; x_wconf 89' lang='lat'><strong>:</strong></span> <span class='ocrx_word' id='word_1_482' title='bbox 1561 3391 1578 3424; x_wconf 84' lang='grc' dir='ltr'><strong>ι</strong></span> <span class='ocrx_word' id='word_1_483' title='bbox 1637 3369 1772 3424; x_wconf 83' lang='lat' dir='ltr'><strong>Novi</strong></span> <span class='ocrx_word' id='word_1_484' title='bbox 1806 3379 1857 3425; x_wconf 89' lang='lat' dir='ltr'><strong>te</strong></span> <span class='ocrx_word' id='word_1_485' title='bbox 1885 3385 2049 3438; x_wconf 87' lang='lat' dir='ltr'><strong>supra</strong></span> 
     </span>
    </p>
   </div>
   <div class='ocr_carea' id='block_1_66' title="bbox 457 3463 2045 3536">
    <p class='ocr_par' dir='ltr' id='par_1_66' title="bbox 457 3463 2045 3536">
     <span class='ocr_line' id='line_1_66' title="bbox 457 3463 2045 3536; baseline -0.008 -10"><span class='ocrx_word' id='word_1_486' title='bbox 457 3487 650 3526; x_wconf 86' lang='lat' dir='ltr'><strong>omnes</strong></span> <span class='ocrx_word' id='word_1_487' title='bbox 677 3471 743 3536; x_wconf 77' lang='lat'><strong>“,</strong></span> <span class='ocrx_word' id='word_1_488' title='bbox 771 3489 789 3523; x_wconf 75' lang='grc' dir='ltr'><strong>ι</strong></span> <span class='ocrx_word' id='word_1_489' title='bbox 827 3477 899 3533; x_wconf 90' lang='lat' dir='ltr'><strong>et,</strong></span> <span class='ocrx_word' id='word_1_490' title='bbox 925 3487 945 3520; x_wconf 76' lang='grc' dir='ltr'><strong>ι</strong></span> <span class='ocrx_word' id='word_1_491' title='bbox 984 3466 1148 3523; x_wconf 83' lang='lat' dir='ltr'><strong>Novit</strong></span> <span class='ocrx_word' id='word_1_492' title='bbox 1194 3467 1460 3521; x_wconf 87' lang='lat' dir='ltr'><strong>Dominus</strong></span> <span class='ocrx_word' id='word_1_493' title='bbox 1503 3465 1597 3535; x_wconf 89' lang='lat' dir='ltr'><strong>qui</strong></span> <span class='ocrx_word' id='word_1_494' title='bbox 1631 3464 1741 3518; x_wconf 91' lang='lat' dir='ltr'><strong>sint</strong></span> <span class='ocrx_word' id='word_1_495' title='bbox 1792 3463 1877 3517; x_wconf 89' lang='lat' dir='ltr'><strong>sui</strong></span> <span class='ocrx_word' id='word_1_496' title='bbox 1904 3463 1973 3527; x_wconf 68' lang='grc' dir='ltr'><strong>θ’,</strong></span> <span class='ocrx_word' id='word_1_497' title='bbox 2028 3481 2045 3514; x_wconf 80' lang='grc' dir='ltr'><strong>ι</strong></span> 
     </span>
    </p>
   </div>
   <div class='ocr_carea' id='block_1_67' title="bbox 461 3555 2051 3634">
    <p class='ocr_par' dir='ltr' id='par_1_67' title="bbox 461 3555 2051 3634">
     <span class='ocr_line' id='line_1_67' title="bbox 461 3555 2051 3634; baseline -0.007 -15"><span class='ocrx_word' id='word_1_498' title='bbox 461 3582 572 3620; x_wconf 91' lang='lat' dir='ltr'><strong>non</strong></span> <span class='ocrx_word' id='word_1_499' title='bbox 611 3564 758 3618; x_wconf 90' lang='lat' dir='ltr'><strong>aliud</strong></span> <span class='ocrx_word' id='word_1_500' title='bbox 791 3563 1094 3634; x_wconf 83' lang='lat' dir='ltr'><strong>quidquam</strong></span> <span class='ocrx_word' id='word_1_501' title='bbox 1150 3561 1528 3616; x_wconf 84' lang='lat' dir='ltr'><strong>demonstrare</strong></span> <span class='ocrx_word' id='word_1_502' title='bbox 1601 3555 1834 3612; x_wconf 81' lang='lat' dir='ltr'><strong>intendit</strong></span> <span class='ocrx_word' id='word_1_503' title='bbox 1885 3569 2051 3625; x_wconf 89' lang='lat' dir='ltr'><strong>quam</strong></span> 
     </span>
    </p>
   </div>
   <div class='ocr_carea' id='block_1_68' title="bbox 460 3647 2050 3712">
    <p class='ocr_par' dir='ltr' id='par_1_68' title="bbox 460 3647 2050 3712">
     <span class='ocr_line' id='line_1_68' title="bbox 460 3647 2050 3712; baseline -0.008 0"><span class='ocrx_word' id='word_1_504' title='bbox 460 3657 888 3712; x_wconf 77' lang='lat' dir='ltr'><strong>familiaritatem</strong></span> <span class='ocrx_word' id='word_1_505' title='bbox 921 3670 986 3710; x_wconf 90' lang='lat' dir='ltr'><strong>ac</strong></span> <span class='ocrx_word' id='word_1_506' title='bbox 1025 3652 1460 3709; x_wconf 84' lang='lat' dir='ltr'><strong>benevolentiam</strong></span> <span class='ocrx_word' id='word_1_507' title='bbox 1499 3667 1514 3704; x_wconf 92' lang='lat'><strong>:</strong></span> <span class='ocrx_word' id='word_1_508' title='bbox 1557 3647 2050 3703; x_wconf 75' lang='lat' dir='ltr'><strong>Benevolovideli-</strong></span> 
     </span>
    </p>
   </div>
   <div class='ocr_carea' id='block_1_69' title="bbox 458 3737 2053 3814">
    <p class='ocr_par' dir='ltr' id='par_1_69' title="bbox 458 3737 2053 3814">
     <span class='ocr_line' id='line_1_69' title="bbox 458 3737 2053 3814; baseline -0.007 -10"><span class='ocrx_word' id='word_1_509' title='bbox 458 3759 547 3805; x_wconf 91' lang='lat' dir='ltr'><strong>cet</strong></span> <span class='ocrx_word' id='word_1_510' title='bbox 583 3748 768 3803; x_wconf 87' lang='lat' dir='ltr'><strong>animo</strong></span> <span class='ocrx_word' id='word_1_511' title='bbox 819 3762 940 3802; x_wconf 86' lang='lat' dir='ltr'><strong>sum</strong></span> <span class='ocrx_word' id='word_1_512' title='bbox 983 3745 1211 3800; x_wconf 69' lang='lat' dir='ltr'><strong>allectus</strong></span> <span class='ocrx_word' id='word_1_513' title='bbox 1239 3757 1367 3814; x_wconf 84' lang='lat' dir='ltr'><strong>erga</strong></span> <span class='ocrx_word' id='word_1_514' title='bbox 1418 3757 1514 3797; x_wconf 87' lang='lat' dir='ltr'><strong>eos</strong></span> <span class='ocrx_word' id='word_1_515' title='bbox 1574 3739 1668 3810; x_wconf 89' lang='lat' dir='ltr'><strong>qui</strong></span> <span class='ocrx_word' id='word_1_516' title='bbox 1717 3753 1816 3794; x_wconf 89' lang='lat' dir='ltr'><strong>sua</strong></span> <span class='ocrx_word' id='word_1_517' title='bbox 1871 3737 2053 3793; x_wconf 82' lang='lat' dir='ltr'><strong>studia</strong></span> 
     </span>
    </p>
   </div>
   <div class='ocr_carea' id='block_1_70' title="bbox 459 3830 2057 3911">
    <p class='ocr_par' dir='ltr' id='par_1_70' title="bbox 459 3830 2057 3911">
     <span class='ocr_line' id='line_1_70' title="bbox 459 3830 2057 3911; baseline -0.009 -15"><span class='ocrx_word' id='word_1_518' title='bbox 459 3839 604 3911; x_wconf 85' lang='lat' dir='ltr'><strong>apud</strong></span> <span class='ocrx_word' id='word_1_519' title='bbox 627 3855 714 3894; x_wconf 90' lang='lat' dir='ltr'><strong>me</strong></span> <span class='ocrx_word' id='word_1_520' title='bbox 748 3839 1143 3909; x_wconf 87' lang='lat' dir='ltr'><strong>deposuerunt.</strong></span> <span class='ocrx_word' id='word_1_521' title='bbox 1198 3835 1533 3890; x_wconf 87' lang='lat' dir='ltr'><strong>Charitatem</strong></span> <span class='ocrx_word' id='word_1_522' title='bbox 1579 3848 1729 3896; x_wconf 80' lang='lat' dir='ltr'><strong>vero,</strong></span> <span class='ocrx_word' id='word_1_523' title='bbox 1781 3830 2057 3885; x_wconf 82' lang='lat' dir='ltr'><strong>conliden-</strong></span> 
     </span>
    </p>
   </div>
   <div class='ocr_carea' id='block_1_71' title="bbox 463 3926 2053 4007">
    <p class='ocr_par' dir='ltr' id='par_1_71' title="bbox 463 3926 2053 4007">
     <span class='ocr_line' id='line_1_71' title="bbox 463 3926 2053 4007; baseline -0.008 -17"><span class='ocrx_word' id='word_1_524' title='bbox 463 3937 596 3990; x_wconf 86' lang='lat' dir='ltr'><strong>tiam</strong></span> <span class='ocrx_word' id='word_1_525' title='bbox 631 3949 760 4007; x_wconf 73' lang='lat' dir='ltr'><strong>erga</strong></span> <span class='ocrx_word' id='word_1_526' title='bbox 785 3932 969 3988; x_wconf 88' lang='lat' dir='ltr'><strong>divina</strong></span> <span class='ocrx_word' id='word_1_527' title='bbox 1001 3930 1256 3986; x_wconf 90' lang='lat' dir='ltr'><strong>similiter</strong></span> <span class='ocrx_word' id='word_1_528' title='bbox 1286 3938 1341 3984; x_wconf 90' lang='lat' dir='ltr'><strong>et</strong></span> <span class='ocrx_word' id='word_1_529' title='bbox 1369 3929 1552 3983; x_wconf 86' lang='lat' dir='ltr'><strong>fidem.</strong></span> <span class='ocrx_word' id='word_1_530' title='bbox 1590 3926 1758 3980; x_wconf 84' lang='lat' dir='ltr'><strong>Amor</strong></span> <span class='ocrx_word' id='word_1_531' title='bbox 1812 3938 2053 3994; x_wconf 83' lang='lat' dir='ltr'><strong>namque</strong></span> 
     </span>
    </p>
   </div>
   <div class='ocr_carea' id='block_1_72' title="bbox 462 4017 2055 4084">
    <p class='ocr_par' dir='ltr' id='par_1_72' title="bbox 462 4017 2055 4084">
     <span class='ocr_line' id='line_1_72' title="bbox 462 4017 2055 4084; baseline -0.009 0"><span class='ocrx_word' id='word_1_532' title='bbox 462 4027 716 4084; x_wconf 81' lang='lat' dir='ltr'><strong>sincerus</strong></span> <span class='ocrx_word' id='word_1_533' title='bbox 744 4034 933 4080; x_wconf 85' lang='lat' dir='ltr'><strong>mutuo</strong></span> <span class='ocrx_word' id='word_1_534' title='bbox 958 4023 1273 4080; x_wconf 88' lang='lat' dir='ltr'><strong>continetur</strong></span> <span class='ocrx_word' id='word_1_535' title='bbox 1297 4020 1495 4076; x_wconf 89' lang='lat' dir='ltr'><strong>ollicio.</strong></span> <span class='ocrx_word' id='word_1_536' title='bbox 1528 4017 1889 4073; x_wconf 77' lang='lat' dir='ltr'><strong>Ministerium</strong></span> <span class='ocrx_word' id='word_1_537' title='bbox 1955 4032 2055 4070; x_wconf 89' lang='lat' dir='ltr'><strong>au-</strong></span> 
     </span>
    </p>
   </div>
   <div class='ocr_carea' id='block_1_73' title="bbox 462 4109 2054 4185">
    <p class='ocr_par' dir='ltr' id='par_1_73' title="bbox 462 4109 2054 4185">
     <span class='ocr_line' id='line_1_73' title="bbox 462 4109 2054 4185; baseline -0.007 -11"><span class='ocrx_word' id='word_1_538' title='bbox 462 4130 570 4174; x_wconf 88' lang='lat' dir='ltr'><strong>tetn</strong></span> <span class='ocrx_word' id='word_1_539' title='bbox 600 4118 735 4173; x_wconf 84' lang='lat' dir='ltr'><strong>dicit</strong></span> <span class='ocrx_word' id='word_1_540' title='bbox 771 4115 1038 4171; x_wconf 82' lang='lat' dir='ltr'><strong>auxilium</strong></span> <span class='ocrx_word' id='word_1_541' title='bbox 1074 4129 1202 4185; x_wconf 78' lang='lat' dir='ltr'><strong>erga</strong></span> <span class='ocrx_word' id='word_1_542' title='bbox 1222 4129 1428 4184; x_wconf 78' lang='lat' dir='ltr'><strong>egenos</strong></span> <span class='ocrx_word' id='word_1_543' title='bbox 1456 4129 1471 4167; x_wconf 89' lang='lat'><strong>:</strong></span> <span class='ocrx_word' id='word_1_544' title='bbox 1503 4119 1558 4166; x_wconf 91' lang='lat' dir='ltr'><strong>et</strong></span> <span class='ocrx_word' id='word_1_545' title='bbox 1587 4109 1936 4181; x_wconf 87' lang='lat' dir='ltr'><strong>patientiam,</strong></span> <span class='ocrx_word' id='word_1_546' title='bbox 1969 4117 2054 4163; x_wconf 91' lang='lat' dir='ltr'><strong>to-</strong></span> 
     </span>
    </p>
   </div>
   <div class='ocr_carea' id='block_1_74' title="bbox 461 4203 1771 4266">
    <p class='ocr_par' dir='ltr' id='par_1_74' title="bbox 461 4203 1771 4266">
     <span class='ocr_line' id='line_1_74' title="bbox 461 4203 1771 4266; baseline -0.007 0"><span class='ocrx_word' id='word_1_547' title='bbox 461 4211 748 4266; x_wconf 87' lang='lat' dir='ltr'><strong>lerantiam</strong></span> <span class='ocrx_word' id='word_1_548' title='bbox 778 4207 1240 4264; x_wconf 83' lang='lat' dir='ltr'><strong>inalllietionibus</strong></span> <span class='ocrx_word' id='word_1_549' title='bbox 1261 4216 1316 4262; x_wconf 90' lang='lat' dir='ltr'><strong>et</strong></span> <span class='ocrx_word' id='word_1_550' title='bbox 1353 4203 1771 4261; x_wconf 83' lang='lat' dir='ltr'><strong>tentationihns.</strong></span> 
     </span>
    </p>
   </div>
   <div class='ocr_carea' id='block_1_75' title="bbox 537 4317 2054 4395">
    <p class='ocr_par' dir='ltr' id='par_1_75' title="bbox 537 4317 2054 4395">
     <span class='ocr_line' id='line_1_75' title="bbox 537 4317 2054 4395; baseline -0.008 -15"><span class='ocrx_word' id='word_1_551' title='bbox 537 4325 843 4380; x_wconf 77' lang='lat' dir='ltr'><strong>Novissima</strong></span> <span class='ocrx_word' id='word_1_552' title='bbox 877 4323 1034 4395; x_wconf 84' lang='lat' dir='ltr'><strong>plura</strong></span> <span class='ocrx_word' id='word_1_553' title='bbox 1069 4323 1358 4394; x_wconf 72' lang='lat' dir='ltr'><strong>prioribus.-</strong></span> <span class='ocrx_word' id='word_1_554' title='bbox 1400 4323 1528 4376; x_wconf 64' lang='lat' dir='ltr'><strong>llmc</strong></span> <span class='ocrx_word' id='word_1_555' title='bbox 1578 4321 1770 4374; x_wconf 88' lang='lat' dir='ltr'><strong>dicens</strong></span> <span class='ocrx_word' id='word_1_556' title='bbox 1809 4317 2054 4372; x_wconf 80' lang='lat' dir='ltr'><strong>ostendit</strong></span> 
     </span>
    </p>
   </div>
   <div class='ocr_carea' id='block_1_76' title="bbox 463 4409 2050 4492">
    <p class='ocr_par' dir='ltr' id='par_1_76' title="bbox 463 4409 2050 4492">
     <span class='ocr_line' id='line_1_76' title="bbox 463 4409 2050 4492; baseline -0.009 -17"><span class='ocrx_word' id='word_1_557' title='bbox 463 4422 607 4492; x_wconf 87' lang='lat' dir='ltr'><strong>quod</strong></span> <span class='ocrx_word' id='word_1_558' title='bbox 641 4422 694 4476; x_wconf 90' lang='lat' dir='ltr'><strong>in</strong></span> <span class='ocrx_word' id='word_1_559' title='bbox 713 4430 1004 4492; x_wconf 82' lang='lat' dir='ltr'><strong>augmento</strong></span> <span class='ocrx_word' id='word_1_560' title='bbox 1032 4419 1442 4490; x_wconf 73' lang='lat' dir='ltr'><strong>progredientes</strong></span> <span class='ocrx_word' id='word_1_561' title='bbox 1483 4415 1549 4468; x_wconf 90' lang='lat' dir='ltr'><strong>ad</strong></span> <span class='ocrx_word' id='word_1_562' title='bbox 1590 4414 1641 4468; x_wconf 93' lang='lat' dir='ltr'><strong>id</strong></span> <span class='ocrx_word' id='word_1_563' title='bbox 1677 4412 1822 4482; x_wconf 88' lang='lat' dir='ltr'><strong>quod</strong></span> <span class='ocrx_word' id='word_1_564' title='bbox 1855 4409 2050 4464; x_wconf 88' lang='lat' dir='ltr'><strong>tnelins</strong></span> 
     </span>
    </p>
   </div>
   <div class='ocr_carea' id='block_1_77' title="bbox 2155 3193 3736 3271">
    <p class='ocr_par' dir='ltr' id='par_1_77' title="bbox 2155 3193 3736 3271">
     <span class='ocr_line' id='line_1_77' title="bbox 2155 3193 3736 3271; baseline -0.007 -16"><span class='ocrx_word' id='word_1_565' title='bbox 2155 3202 2429 3271; x_wconf 74' lang='grc' dir='ltr'><strong>σημαίνει,</strong></span> <span class='ocrx_word' id='word_1_566' title='bbox 2493 3198 2736 3271; x_wconf 79' lang='grc' dir='ltr'><strong>ὡσπερεὶ</strong></span> <span class='ocrx_word' id='word_1_567' title='bbox 2791 3197 3013 3263; x_wconf 76' lang='grc' dir='ltr'><strong>ἔλεγεν·</strong></span> <span class='ocrx_word' id='word_1_568' title='bbox 3066 3194 3300 3258; x_wconf 84' lang='grc' dir='ltr'><strong>Οίκείως</strong></span> <span class='ocrx_word' id='word_1_569' title='bbox 3355 3193 3496 3246; x_wconf 79' lang='grc' dir='ltr'><strong>κατὰ</strong></span> <span class='ocrx_word' id='word_1_570' title='bbox 3555 3193 3736 3244; x_wconf 75' lang='grc' dir='ltr'><strong>πάντα</strong></span> 
     </span>
    </p>
   </div>
   <div class='ocr_carea' id='block_1_78' title="bbox 2154 3277 3740 3364">
    <p class='ocr_par' dir='ltr' id='par_1_78' title="bbox 2154 3277 3740 3364">
     <span class='ocr_line' id='line_1_78' title="bbox 2154 3277 3740 3364; baseline -0.008 -16"><span class='ocrx_word' id='word_1_571' title='bbox 2154 3294 2395 3364; x_wconf 78' lang='grc' dir='ltr'><strong>διαγίνῃ.</strong></span> <span class='ocrx_word' id='word_1_572' title='bbox 2421 3292 2580 3346; x_wconf 79' lang='grc' dir='ltr'><strong>Οῦτω</strong></span> <span class='ocrx_word' id='word_1_573' title='bbox 2611 3292 2706 3346; x_wconf 70' lang='grc' dir='ltr'><strong>καὶ</strong></span> <span class='ocrx_word' id='word_1_574' title='bbox 2741 3291 2879 3361; x_wconf 76' lang='grc' dir='ltr'><strong>πρὸς</strong></span> <span class='ocrx_word' id='word_1_575' title='bbox 2911 3287 3124 3356; x_wconf 82' lang='grc' dir='ltr'><strong>Μωῦσῆ</strong></span> <span class='ocrx_word' id='word_1_576' title='bbox 3161 3286 3326 3357; x_wconf 79' lang='grc' dir='ltr'><strong>ἡνίκα</strong></span> <span class='ocrx_word' id='word_1_577' title='bbox 3350 3283 3521 3352; x_wconf 75' lang='grc' dir='ltr'><strong>λέγει·</strong></span> <span class='ocrx_word' id='word_1_578' title='bbox 3563 3301 3582 3334; x_wconf 85' lang='lat' dir='ltr'><strong>t</strong></span> <span class='ocrx_word' id='word_1_579' title='bbox 3605 3277 3740 3336; x_wconf 76' lang='grc' dir='ltr'><strong>Οἷδᾶ</strong></span> 
     </span>
    </p>
   </div>
   <div class='ocr_carea' id='block_1_79' title="bbox 2155 3375 3740 3457">
    <p class='ocr_par' dir='ltr' id='par_1_79' title="bbox 2155 3375 3740 3457">
     <span class='ocr_line' id='line_1_79' title="bbox 2155 3375 3740 3457; baseline -0.009 -17"><span class='ocrx_word' id='word_1_580' title='bbox 2155 3405 2214 3440; x_wconf 90' lang='grc' dir='ltr'><strong>σε</strong></span> <span class='ocrx_word' id='word_1_581' title='bbox 2273 3387 2422 3457; x_wconf 62' lang='grc' dir='ltr'><strong>παρὰ</strong></span> <span class='ocrx_word' id='word_1_582' title='bbox 2479 3385 2722 3446; x_wconf 71' lang='grc' dir='ltr'><strong>πάνταςυ</strong></span> <span class='ocrx_word' id='word_1_583' title='bbox 2769 3404 2788 3436; x_wconf 76' lang='grc' dir='ltr'><strong>ι</strong></span> <span class='ocrx_word' id='word_1_584' title='bbox 2848 3383 2944 3436; x_wconf 70' lang='grc' dir='ltr'><strong>καὶ</strong></span> <span class='ocrx_word' id='word_1_585' title='bbox 2983 3382 3063 3446; x_wconf 81' lang='grc' dir='ltr'><strong>τὸ,</strong></span> <span class='ocrx_word' id='word_1_586' title='bbox 3109 3397 3127 3431; x_wconf 82' lang='grc' dir='ltr'><strong>ι</strong></span> <span class='ocrx_word' id='word_1_587' title='bbox 3181 3375 3304 3431; x_wconf 71' lang='grc' dir='ltr'><strong>Οἵδε</strong></span> <span class='ocrx_word' id='word_1_588' title='bbox 3362 3378 3566 3444; x_wconf 79' lang='grc' dir='ltr'><strong>Κύριος</strong></span> <span class='ocrx_word' id='word_1_589' title='bbox 3609 3375 3740 3438; x_wconf 74' lang='grc' dir='ltr'><strong>τοὺς</strong></span> 
     </span>
    </p>
   </div>
   <div class='ocr_carea' id='block_1_80' title="bbox 2157 3466 3740 3542">
    <p class='ocr_par' dir='ltr' id='par_1_80' title="bbox 2157 3466 3740 3542">
     <span class='ocr_line' id='line_1_80' title="bbox 2157 3466 3740 3542; baseline -0.009 -10"><span class='ocrx_word' id='word_1_590' title='bbox 2157 3479 2317 3542; x_wconf 73' lang='grc' dir='ltr'><strong>ὄντας</strong></span> <span class='ocrx_word' id='word_1_591' title='bbox 2375 3477 2564 3541; x_wconf 86' lang='grc' dir='ltr'><strong>αὑτοῦ,</strong></span> <span class='ocrx_word' id='word_1_592' title='bbox 2628 3495 2646 3528; x_wconf 80' lang='grc' dir='ltr'><strong>ι</strong></span> <span class='ocrx_word' id='word_1_593' title='bbox 2689 3476 2790 3529; x_wconf 80' lang='grc' dir='ltr'><strong>οῦκ</strong></span> <span class='ocrx_word' id='word_1_594' title='bbox 2840 3474 2971 3528; x_wconf 79' lang='grc' dir='ltr'><strong>ἄλλο</strong></span> <span class='ocrx_word' id='word_1_595' title='bbox 3021 3472 3197 3534; x_wconf 79' lang='grc' dir='ltr'><strong>οὐδὲν,</strong></span> <span class='ocrx_word' id='word_1_596' title='bbox 3245 3467 3414 3540; x_wconf 74' lang='grc' dir='ltr'><strong>ἢτὴν</strong></span> <span class='ocrx_word' id='word_1_597' title='bbox 3462 3466 3740 3522; x_wconf 82' lang='grc' dir='ltr'><strong>οίκείωσιν</strong></span> 
     </span>
    </p>
   </div>
   <div class='ocr_carea' id='block_1_81' title="bbox 2155 3560 3742 3643">
    <p class='ocr_par' dir='ltr' id='par_1_81' title="bbox 2155 3560 3742 3643">
     <span class='ocr_line' id='line_1_81' title="bbox 2155 3560 3742 3643; baseline -0.01 -17"><span class='ocrx_word' id='word_1_598' title='bbox 2155 3571 2430 3643; x_wconf 83' lang='grc' dir='ltr'><strong>παριστᾷν</strong></span> <span class='ocrx_word' id='word_1_599' title='bbox 2483 3569 2754 3640; x_wconf 79' lang='grc' dir='ltr'><strong>βούλεται..</strong></span> <span class='ocrx_word' id='word_1_600' title='bbox 2795 3567 2993 3632; x_wconf 75' lang='grc' dir='ltr'><strong>Οίονεὶ,</strong></span> <span class='ocrx_word' id='word_1_601' title='bbox 3034 3563 3265 3626; x_wconf 86' lang='grc' dir='ltr'><strong>Οἰκείως</strong></span> <span class='ocrx_word' id='word_1_602' title='bbox 3289 3563 3568 3630; x_wconf 81' lang='grc' dir='ltr'><strong>διάκειμαι</strong></span> <span class='ocrx_word' id='word_1_603' title='bbox 3605 3560 3742 3630; x_wconf 63' lang='grc' dir='ltr'><strong>προς</strong></span> 
     </span>
    </p>
   </div>
   <div class='ocr_carea' id='block_1_82' title="bbox 2153 3650 3742 3733">
    <p class='ocr_par' dir='ltr' id='par_1_82' title="bbox 2153 3650 3742 3733">
     <span class='ocr_line' id='line_1_82' title="bbox 2153 3650 3742 3733; baseline -0.009 -15"><span class='ocrx_word' id='word_1_604' title='bbox 2153 3665 2280 3726; x_wconf 77' lang='grc' dir='ltr'><strong>τοὺς</strong></span> <span class='ocrx_word' id='word_1_605' title='bbox 2311 3663 2435 3733; x_wconf 76' lang='grc' dir='ltr'><strong>ἐμοὶ</strong></span> <span class='ocrx_word' id='word_1_606' title='bbox 2460 3661 2555 3724; x_wconf 63' lang='lat' dir='ltr'><strong>ca;</strong></span> <span class='ocrx_word' id='word_1_607' title='bbox 2581 3659 2789 3714; x_wconf 80' lang='grc' dir='ltr'><strong>ἑαυτῶν</strong></span> <span class='ocrx_word' id='word_1_608' title='bbox 2806 3656 3163 3720; x_wconf 79' lang='grc' dir='ltr'><strong>ἀνατιθέντας</strong></span> <span class='ocrx_word' id='word_1_609' title='bbox 3192 3653 3447 3715; x_wconf 66' lang='grc' dir='ltr'><strong>σπουδάς.</strong></span> <span class='ocrx_word' id='word_1_610' title='bbox 3489 3650 3742 3720; x_wconf 78' lang='grc' dir='ltr'><strong>’Δγάπην</strong></span> 
     </span>
    </p>
   </div>
   <div class='ocr_carea' id='block_1_83' title="bbox 2154 3743 3744 3827">
    <p class='ocr_par' dir='ltr' id='par_1_83' title="bbox 2154 3743 3744 3827">
     <span class='ocr_line' id='line_1_83' title="bbox 2154 3743 3744 3827; baseline -0.009 -18"><span class='ocrx_word' id='word_1_611' title='bbox 2154 3757 2211 3810; x_wconf 82' lang='grc' dir='ltr'><strong>δὲ</strong></span> <span class='ocrx_word' id='word_1_612' title='bbox 2244 3755 2344 3827; x_wconf 82' lang='grc' dir='ltr'><strong>τὴν</strong></span> <span class='ocrx_word' id='word_1_613' title='bbox 2379 3753 2511 3823; x_wconf 79' lang='grc' dir='ltr'><strong>πρὸς</strong></span> <span class='ocrx_word' id='word_1_614' title='bbox 2544 3753 2610 3806; x_wconf 88' lang='grc' dir='ltr'><strong>τά</strong></span> <span class='ocrx_word' id='word_1_615' title='bbox 2660 3752 2782 3806; x_wconf 80' lang='grc' dir='ltr'><strong>θεῖα</strong></span> <span class='ocrx_word' id='word_1_616' title='bbox 2809 3749 3162 3816; x_wconf 77' lang='grc' dir='ltr'><strong>πεποίθησιν,</strong></span> <span class='ocrx_word' id='word_1_617' title='bbox 3202 3745 3462 3806; x_wconf 80' lang='grc' dir='ltr'><strong>ὡσαύτως</strong></span> <span class='ocrx_word' id='word_1_618' title='bbox 3507 3743 3603 3797; x_wconf 69' lang='grc' dir='ltr'><strong>καί⁵</strong></span> <span class='ocrx_word' id='word_1_619' title='bbox 3639 3743 3744 3812; x_wconf 83' lang='grc' dir='ltr'><strong>τὴν</strong></span> 
     </span>
    </p>
   </div>
   <div class='ocr_carea' id='block_1_84' title="bbox 2156 3836 3734 3916">
    <p class='ocr_par' dir='ltr' id='par_1_84' title="bbox 2156 3836 3734 3916">
     <span class='ocr_line' id='line_1_84' title="bbox 2156 3836 3734 3916; baseline -0.01 -13"><span class='ocrx_word' id='word_1_620' title='bbox 2156 3849 2365 3903; x_wconf 82' lang='grc' dir='ltr'><strong>πίστιν.</strong></span> <span class='ocrx_word' id='word_1_621' title='bbox 2413 3846 2478 3901; x_wconf 82' lang='grc' dir='ltr'><strong>Ἦ</strong></span> <span class='ocrx_word' id='word_1_622' title='bbox 2509 3845 2618 3916; x_wconf 74' lang='grc' dir='ltr'><strong>γὰρ</strong></span> <span class='ocrx_word' id='word_1_623' title='bbox 2648 3842 2950 3914; x_wconf 74' lang='grc' dir='ltr'><strong>εἰλικρινὴς</strong></span> <span class='ocrx_word' id='word_1_624' title='bbox 2979 3842 3170 3910; x_wconf 78' lang='grc' dir='ltr'><strong>ἀγάπη</strong></span> <span class='ocrx_word' id='word_1_625' title='bbox 3200 3837 3280 3910; x_wconf 81' lang='grc' dir='ltr'><strong>τῷ</strong></span> <span class='ocrx_word' id='word_1_626' title='bbox 3301 3836 3571 3907; x_wconf 83' lang='grc' dir='ltr'><strong>διαλλήλῳ</strong></span> <span class='ocrx_word' id='word_1_627' title='bbox 3600 3851 3734 3906; x_wconf 85' lang='grc' dir='ltr'><strong>κρα-</strong></span> 
     </span>
    </p>
   </div>
   <div class='ocr_carea' id='block_1_85' title="bbox 2154 3926 3744 4010">
    <p class='ocr_par' dir='ltr' id='par_1_85' title="bbox 2154 3926 3744 4010">
     <span class='ocr_line' id='line_1_85' title="bbox 2154 3926 3744 4010; baseline -0.013 -13"><span class='ocrx_word' id='word_1_628' title='bbox 2154 3941 2374 3997; x_wconf 82' lang='grc' dir='ltr'><strong>τύνεται</strong></span> <span class='ocrx_word' id='word_1_629' title='bbox 2405 3936 2816 4010; x_wconf 83' lang='grc' dir='ltr'><strong>κατορθώματι.</strong></span> <span class='ocrx_word' id='word_1_630' title='bbox 2869 3933 3160 3988; x_wconf 86' lang='grc' dir='ltr'><strong>Διακονίαν</strong></span> <span class='ocrx_word' id='word_1_631' title='bbox 3207 3931 3284 3996; x_wconf 77' lang='grc' dir='ltr'><strong>δὲ,</strong></span> <span class='ocrx_word' id='word_1_632' title='bbox 3316 3929 3418 4000; x_wconf 82' lang='grc' dir='ltr'><strong>τὴν</strong></span> <span class='ocrx_word' id='word_1_633' title='bbox 3450 3928 3585 3998; x_wconf 82' lang='grc' dir='ltr'><strong>πρὸς</strong></span> <span class='ocrx_word' id='word_1_634' title='bbox 3613 3926 3744 3988; x_wconf 68' lang='grc' dir='ltr'><strong>τοὺς</strong></span> 
     </span>
    </p>
   </div>
   <div class='ocr_carea' id='block_1_86' title="bbox 2155 4019 3743 4104">
    <p class='ocr_par' dir='ltr' id='par_1_86' title="bbox 2155 4019 3743 4104">
     <span class='ocr_line' id='line_1_86' title="bbox 2155 4019 3743 4104; baseline -0.011 -16"><span class='ocrx_word' id='word_1_635' title='bbox 2155 4033 2446 4104; x_wconf 81' lang='grc' dir='ltr'><strong>δεομένους</strong></span> <span class='ocrx_word' id='word_1_636' title='bbox 2511 4029 2841 4100; x_wconf 69' lang='grc' dir='ltr'><strong>ἐπικουρίαν</strong></span> <span class='ocrx_word' id='word_1_637' title='bbox 2899 4027 3074 4098; x_wconf 68' lang='grc' dir='ltr'><strong>φησὶ,</strong></span> <span class='ocrx_word' id='word_1_638' title='bbox 3146 4025 3241 4078; x_wconf 78' lang='grc' dir='ltr'><strong>καὶ</strong></span> <span class='ocrx_word' id='word_1_639' title='bbox 3299 4021 3581 4094; x_wconf 82' lang='grc' dir='ltr'><strong>ὑπομονὴν</strong></span> <span class='ocrx_word' id='word_1_640' title='bbox 3638 4019 3743 4090; x_wconf 75' lang='grc' dir='ltr'><strong>τὴν</strong></span> 
     </span>
    </p>
   </div>
   <div class='ocr_carea' id='block_1_87' title="bbox 2157 4115 3309 4197">
    <p class='ocr_par' dir='ltr' id='par_1_87' title="bbox 2157 4115 3309 4197">
     <span class='ocr_line' id='line_1_87' title="bbox 2157 4115 3309 4197; baseline -0.009 -17"><span class='ocrx_word' id='word_1_641' title='bbox 2157 4125 2452 4197; x_wconf 86' lang='grc' dir='ltr'><strong>καρτερίαν</strong></span> <span class='ocrx_word' id='word_1_642' title='bbox 2485 4123 2584 4195; x_wconf 82' lang='grc' dir='ltr'><strong>τὴν</strong></span> <span class='ocrx_word' id='word_1_643' title='bbox 2620 4121 2758 4194; x_wconf 78' lang='grc' dir='ltr'><strong>πρὸς</strong></span> <span class='ocrx_word' id='word_1_644' title='bbox 2789 4121 2915 4182; x_wconf 75' lang='grc' dir='ltr'><strong>τοὺς</strong></span> <span class='ocrx_word' id='word_1_645' title='bbox 2941 4115 3309 4188; x_wconf 79' lang='grc' dir='ltr'><strong>πειρασμούς.</strong></span> 
     </span>
    </p>
   </div>
   <div class='ocr_carea' id='block_1_88' title="bbox 2236 4304 3746 4386">
    <p class='ocr_par' dir='ltr' id='par_1_88' title="bbox 2236 4304 3746 4386">
     <span class='ocr_line' id='line_1_88' title="bbox 2236 4304 3746 4386; baseline -0.011 -12"><span class='ocrx_word' id='word_1_646' title='bbox 2236 4318 2312 4374; x_wconf 82' lang='grc' dir='ltr'><em>Τὰ</em></span> <span class='ocrx_word' id='word_1_647' title='bbox 2361 4317 2594 4386; x_wconf 77' lang='grc' dir='ltr'><strong>ἔσχατα</strong></span> <span class='ocrx_word' id='word_1_648' title='bbox 2652 4313 2907 4367; x_wconf 76' lang='grc' dir='ltr'><strong>πλείονα</strong></span> <span class='ocrx_word' id='word_1_649' title='bbox 2946 4309 3064 4365; x_wconf 85' lang='grc' dir='ltr'><strong>τῶν</strong></span> <span class='ocrx_word' id='word_1_650' title='bbox 3104 4307 3368 4377; x_wconf 81' lang='grc' dir='ltr'><strong>πρώτων.</strong></span> <span class='ocrx_word' id='word_1_651' title='bbox 3408 4305 3491 4359; x_wconf 81' lang='grc' dir='ltr'><strong>Τὰ</strong></span> <span class='ocrx_word' id='word_1_652' title='bbox 3535 4304 3746 4374; x_wconf 86' lang='grc' dir='ltr'><strong>ἔσχατα</strong></span> 
     </span>
    </p>
   </div>
   <div class='ocr_carea' id='block_1_89' title="bbox 2160 4395 3744 4474">
    <p class='ocr_par' dir='ltr' id='par_1_89' title="bbox 2160 4395 3744 4474">
     <span class='ocr_line' id='line_1_89' title="bbox 2160 4395 3744 4474; baseline -0.01 -13"><span class='ocrx_word' id='word_1_653' title='bbox 2160 4408 2381 4461; x_wconf 81' lang='grc' dir='ltr'><strong>πλείονα</strong></span> <span class='ocrx_word' id='word_1_654' title='bbox 2411 4407 2518 4458; x_wconf 87' lang='grc' dir='ltr'><strong>τῶν</strong></span> <span class='ocrx_word' id='word_1_655' title='bbox 2551 4408 2784 4474; x_wconf 80' lang='grc' dir='ltr'><strong>πρώτων</strong></span> <span class='ocrx_word' id='word_1_656' title='bbox 2815 4400 3006 4465; x_wconf 81' lang='grc' dir='ltr'><strong>εἰπὼν,</strong></span> <span class='ocrx_word' id='word_1_657' title='bbox 3043 4400 3307 4468; x_wconf 75' lang='grc' dir='ltr'><strong>ἐνέφηνεν</strong></span> <span class='ocrx_word' id='word_1_658' title='bbox 3339 4399 3417 4450; x_wconf 80' lang='grc' dir='ltr'><strong>ὅτι</strong></span> <span class='ocrx_word' id='word_1_659' title='bbox 3456 4395 3744 4465; x_wconf 68' lang='grc' dir='ltr'><strong>πριιῖόντες</strong></span> 
     </span>
    </p>
   </div>
   <div class='ocr_carea' id='block_1_90' title="bbox 462 4485 2062 4574">
    <p class='ocr_par' dir='ltr' id='par_1_90' title="bbox 462 4502 2046 4574">
     <span class='ocr_line' id='line_1_90' title="bbox 462 4502 2046 4574; baseline -0.011 -7"><span class='ocrx_word' id='word_1_660' title='bbox 462 4522 568 4573; x_wconf 81' lang='lat' dir='ltr'><strong>est.</strong></span> <span class='ocrx_word' id='word_1_661' title='bbox 608 4510 881 4566; x_wconf 90' lang='lat' dir='ltr'><strong>indefesso</strong></span> <span class='ocrx_word' id='word_1_662' title='bbox 916 4510 1102 4564; x_wconf 88' lang='lat' dir='ltr'><strong>labore</strong></span> <span class='ocrx_word' id='word_1_663' title='bbox 1125 4507 1496 4563; x_wconf 83' lang='lat' dir='ltr'><strong>laboraverint</strong></span> <span class='ocrx_word' id='word_1_664' title='bbox 1530 4520 1625 4574; x_wconf 85' lang='lat' dir='ltr'><strong>per</strong></span> <span class='ocrx_word' id='word_1_665' title='bbox 1673 4502 2046 4573; x_wconf 82' lang='lat' dir='ltr'><strong>operationem</strong></span> 
     </span>
    </p>
   </div>
   <div class='ocr_carea' id='block_1_91' title="bbox 2146 4485 3745 4574">
    <p class='ocr_par' dir='ltr' id='par_1_91' title="bbox 2154 4485 3745 4570">
     <span class='ocr_line' id='line_1_91' title="bbox 2154 4485 3745 4570; baseline -0.009 -18"><span class='ocrx_word' id='word_1_666' title='bbox 2154 4500 2252 4570; x_wconf 78' lang='grc' dir='ltr'><strong>τὴν</strong></span> <span class='ocrx_word' id='word_1_667' title='bbox 2289 4499 2384 4552; x_wconf 73' lang='grc' dir='ltr'><strong>ἐπὶ</strong></span> <span class='ocrx_word' id='word_1_668' title='bbox 2409 4497 2469 4549; x_wconf 79' lang='grc' dir='ltr'><strong>τὸ</strong></span> <span class='ocrx_word' id='word_1_669' title='bbox 2505 4495 2714 4565; x_wconf 83' lang='grc' dir='ltr'><strong>βέλτιον</strong></span> <span class='ocrx_word' id='word_1_670' title='bbox 2761 4494 3028 4556; x_wconf 76' lang='grc' dir='ltr'><strong>ἐπίδοσιν,</strong></span> <span class='ocrx_word' id='word_1_671' title='bbox 3057 4491 3150 4544; x_wconf 74' lang='grc' dir='ltr'><strong>διὰ</strong></span> <span class='ocrx_word' id='word_1_672' title='bbox 3189 4491 3286 4560; x_wconf 82' lang='grc' dir='ltr'><strong>τῆς</strong></span> <span class='ocrx_word' id='word_1_673' title='bbox 3331 4487 3598 4559; x_wconf 83' lang='grc' dir='ltr'><strong>ἐργασίας</strong></span> <span class='ocrx_word' id='word_1_674' title='bbox 3627 4485 3745 4538; x_wconf 83' lang='grc' dir='ltr'><strong>τῶν</strong></span> 
     </span>
    </p>
   </div>
   <div class='ocr_carea' id='block_1_92' title="bbox 463 4605 1211 4674">
    <p class='ocr_par' dir='ltr' id='par_1_92' title="bbox 463 4605 1211 4674">
     <span class='ocr_line' id='line_1_92' title="bbox 463 4605 1211 4674; baseline -0.005 -15"><span class='ocrx_word' id='word_1_675' title='bbox 463 4605 773 4659; x_wconf 88' lang='lat' dir='ltr'><strong>divinorum</strong></span> <span class='ocrx_word' id='word_1_676' title='bbox 795 4610 1211 4674; x_wconf 65' lang='lat' dir='ltr'><strong>praeceptorum.</strong></span> 
     </span>
    </p>
   </div>
   <div class='ocr_carea' id='block_1_93' title="bbox 537 4708 2050 4779">
    <p class='ocr_par' dir='ltr' id='par_1_93' title="bbox 537 4708 2050 4779">
     <span class='ocr_line' id='line_1_93' title="bbox 537 4708 2050 4779; baseline -0.007 -9"><span class='ocrx_word' id='word_1_677' title='bbox 537 4715 794 4779; x_wconf 61' lang='lat'><strong>&quot;30-25.</strong></span> <span class='ocrx_word' id='word_1_678' title='bbox 830 4715 936 4771; x_wconf 86' lang='lat' dir='ltr'><strong>Sed</strong></span> <span class='ocrx_word' id='word_1_679' title='bbox 965 4714 1130 4769; x_wconf 78' lang='lat' dir='ltr'><strong>habeo</strong></span> <span class='ocrx_word' id='word_1_680' title='bbox 1172 4712 1450 4766; x_wconf 78' lang='lat' dir='ltr'><strong>adversum</strong></span> <span class='ocrx_word' id='word_1_681' title='bbox 1478 4717 1524 4762; x_wconf 89' lang='lat' dir='ltr'><strong>te</strong></span> <span class='ocrx_word' id='word_1_682' title='bbox 1553 4722 1747 4774; x_wconf 84' lang='lat' dir='ltr'><strong>pauca,</strong></span> <span class='ocrx_word' id='word_1_683' title='bbox 1775 4708 1913 4770; x_wconf 86' lang='lat' dir='ltr'><strong>quod</strong></span> <span class='ocrx_word' id='word_1_684' title='bbox 1933 4723 2050 4775; x_wconf 89' lang='lat' dir='ltr'><strong>per-</strong></span> 
     </span>
    </p>
   </div>
   <div class='ocr_carea' id='block_1_94' title="bbox 464 4800 2051 4872">
    <p class='ocr_par' dir='ltr' id='par_1_94' title="bbox 464 4800 2051 4872">
     <span class='ocr_line' id='line_1_94' title="bbox 464 4800 2051 4872; baseline -0.007 -8"><span class='ocrx_word' id='word_1_685' title='bbox 464 4814 649 4865; x_wconf 84' lang='lat' dir='ltr'><strong>mittas</strong></span> <span class='ocrx_word' id='word_1_686' title='bbox 706 4810 978 4863; x_wconf 85' lang='lat' dir='ltr'><strong>mulierem</strong></span> <span class='ocrx_word' id='word_1_687' title='bbox 1011 4817 1157 4861; x_wconf 87' lang='lat' dir='ltr'><strong>tuam</strong></span> <span class='ocrx_word' id='word_1_688' title='bbox 1196 4803 1434 4866; x_wconf 72' lang='lat' dir='ltr'><strong>Iezabel,</strong></span> <span class='ocrx_word' id='word_1_689' title='bbox 1495 4817 1611 4872; x_wconf 78' lang='lat' dir='ltr'><strong>qua:</strong></span> <span class='ocrx_word' id='word_1_690' title='bbox 1658 4817 1712 4854; x_wconf 80' lang='lat' dir='ltr'><strong>se</strong></span> <span class='ocrx_word' id='word_1_691' title='bbox 1747 4800 1875 4853; x_wconf 82' lang='lat' dir='ltr'><strong>dicit</strong></span> <span class='ocrx_word' id='word_1_692' title='bbox 1927 4816 2051 4868; x_wconf 86' lang='lat' dir='ltr'><strong>pro-</strong></span> 
     </span>
    </p>
   </div>
   <div class='ocr_carea' id='block_1_95' title="bbox 464 4899 2050 4974">
    <p class='ocr_par' dir='ltr' id='par_1_95' title="bbox 464 4899 2050 4974">
     <span class='ocr_line' id='line_1_95' title="bbox 464 4899 2050 4974; baseline -0.008 -18"><span class='ocrx_word' id='word_1_693' title='bbox 464 4906 774 4974; x_wconf 78' lang='lat' dir='ltr'><strong>phetissam,</strong></span> <span class='ocrx_word' id='word_1_694' title='bbox 804 4902 986 4956; x_wconf 81' lang='lat' dir='ltr'><strong>docere</strong></span> <span class='ocrx_word' id='word_1_695' title='bbox 1009 4909 1058 4954; x_wconf 88' lang='lat' dir='ltr'><strong>et</strong></span> <span class='ocrx_word' id='word_1_696' title='bbox 1077 4899 1319 4953; x_wconf 64' lang='lat' dir='ltr'><strong>seducere</strong></span> <span class='ocrx_word' id='word_1_697' title='bbox 1348 4911 1520 4952; x_wconf 77' lang='lat' dir='ltr'><strong>servos</strong></span> <span class='ocrx_word' id='word_1_698' title='bbox 1555 4910 1692 4946; x_wconf 83' lang='lat' dir='ltr'><strong>meos</strong></span> <span class='ocrx_word' id='word_1_699' title='bbox 1725 4902 1779 4946; x_wconf 91' lang='lat' dir='ltr'><strong>ut</strong></span> <span class='ocrx_word' id='word_1_700' title='bbox 1815 4903 2050 4946; x_wconf 77' lang='lat' dir='ltr'><strong>scorteu-</strong></span> 
     </span>
    </p>
   </div>
   <div class='ocr_carea' id='block_1_96' title="bbox 466 4984 2053 5062">
    <p class='ocr_par' dir='ltr' id='par_1_96' title="bbox 466 4984 2053 5062">
     <span class='ocr_line' id='line_1_96' title="bbox 466 4984 2053 5062; baseline -0.008 -12"><span class='ocrx_word' id='word_1_701' title='bbox 466 5012 574 5058; x_wconf 77' lang='lat' dir='ltr'><strong>tnr,</strong></span> <span class='ocrx_word' id='word_1_702' title='bbox 599 5007 647 5049; x_wconf 89' lang='lat' dir='ltr'><strong>et</strong></span> <span class='ocrx_word' id='word_1_703' title='bbox 672 4997 736 5049; x_wconf 89' lang='lat' dir='ltr'><strong>de</strong></span> <span class='ocrx_word' id='word_1_704' title='bbox 763 4995 845 5049; x_wconf 80' lang='lat' dir='ltr'><strong>his</strong></span> <span class='ocrx_word' id='word_1_705' title='bbox 875 4994 1034 5048; x_wconf 79' lang='lat' dir='ltr'><strong>edant</strong></span> <span class='ocrx_word' id='word_1_706' title='bbox 1063 5006 1181 5062; x_wconf 72' lang='lat' dir='ltr'><strong>quo:</strong></span> <span class='ocrx_word' id='word_1_707' title='bbox 1198 4991 1353 5044; x_wconf 77' lang='lat' dir='ltr'><strong>idolis</strong></span> <span class='ocrx_word' id='word_1_708' title='bbox 1385 4987 1664 5042; x_wconf 83' lang='lat' dir='ltr'><strong>immolata</strong></span> <span class='ocrx_word' id='word_1_709' title='bbox 1706 4997 1852 5041; x_wconf 76' lang='lat' dir='ltr'><strong>sunt.</strong></span> <span class='ocrx_word' id='word_1_710' title='bbox 1896 4984 2053 5039; x_wconf 78' lang='lat' dir='ltr'><strong>Dedi-</strong></span> 
     </span>
    </p>
   </div>
   <div class='ocr_carea' id='block_1_97' title="bbox 465 5077 2050 5158">
    <p class='ocr_par' dir='ltr' id='par_1_97' title="bbox 465 5077 2050 5158">
     <span class='ocr_line' id='line_1_97' title="bbox 465 5077 2050 5158; baseline -0.008 -15"><span class='ocrx_word' id='word_1_711' title='bbox 465 5106 561 5158; x_wconf 83' lang='lat' dir='ltr'><strong>que</strong></span> <span class='ocrx_word' id='word_1_712' title='bbox 589 5091 638 5143; x_wconf 84' lang='lat' dir='ltr'><strong>ei</strong></span> <span class='ocrx_word' id='word_1_713' title='bbox 661 5099 865 5156; x_wconf 74' lang='lat' dir='ltr'><strong>tempus</strong></span> <span class='ocrx_word' id='word_1_714' title='bbox 899 5095 955 5138; x_wconf 86' lang='lat' dir='ltr'><strong>ut</strong></span> <span class='ocrx_word' id='word_1_715' title='bbox 988 5083 1338 5152; x_wconf 75' lang='lat' dir='ltr'><strong>resipisceret,</strong></span> <span class='ocrx_word' id='word_1_716' title='bbox 1367 5087 1417 5134; x_wconf 82' lang='lat' dir='ltr'><strong>et</strong></span> <span class='ocrx_word' id='word_1_717' title='bbox 1453 5094 1558 5133; x_wconf 84' lang='lat' dir='ltr'><strong>non</strong></span> <span class='ocrx_word' id='word_1_718' title='bbox 1597 5077 1706 5132; x_wconf 72' lang='lat' dir='ltr'><strong>vult</strong></span> <span class='ocrx_word' id='word_1_719' title='bbox 1745 5077 2050 5146; x_wconf 78' lang='lat' dir='ltr'><strong>resipiscere</strong></span> 
     </span>
    </p>
   </div>
   <div class='ocr_carea' id='block_1_98' title="bbox 465 5167 2052 5232">
    <p class='ocr_par' dir='ltr' id='par_1_98' title="bbox 465 5167 2052 5232">
     <span class='ocr_line' id='line_1_98' title="bbox 465 5167 2052 5232; baseline -0.007 -2"><span class='ocrx_word' id='word_1_720' title='bbox 465 5195 497 5230; x_wconf 82' lang='grc' dir='ltr'><strong>ιι</strong></span> <span class='ocrx_word' id='word_1_721' title='bbox 534 5177 855 5229; x_wconf 70' lang='grc' dir='ltr'><strong>εδιτιαιὶοιιε</strong></span> <span class='ocrx_word' id='word_1_722' title='bbox 884 5190 1004 5226; x_wconf 74' lang='lat' dir='ltr'><strong>sua.</strong></span> <span class='ocrx_word' id='word_1_723' title='bbox 1030 5169 1165 5225; x_wconf 77' lang='lat' dir='ltr'><strong>Ecce</strong></span> <span class='ocrx_word' id='word_1_724' title='bbox 1187 5170 1338 5223; x_wconf 87' lang='lat' dir='ltr'><strong>mitto</strong></span> <span class='ocrx_word' id='word_1_725' title='bbox 1377 5185 1495 5224; x_wconf 84' lang='lat' dir='ltr'><strong>eam</strong></span> <span class='ocrx_word' id='word_1_726' title='bbox 1544 5167 1829 5232; x_wconf 80' lang='lat' dir='ltr'><strong>inlectum,</strong></span> <span class='ocrx_word' id='word_1_727' title='bbox 1885 5176 1934 5220; x_wconf 85' lang='lat' dir='ltr'><strong>et</strong></span> <span class='ocrx_word' id='word_1_728' title='bbox 1965 5181 2052 5220; x_wconf 82' lang='lat' dir='ltr'><strong>eos</strong></span> 
     </span>
    </p>
   </div>
   <div class='ocr_carea' id='block_1_99' title="bbox 466 5261 2054 5331">
    <p class='ocr_par' dir='ltr' id='par_1_99' title="bbox 466 5261 2054 5331">
     <span class='ocr_line' id='line_1_99' title="bbox 466 5261 2054 5331; baseline -0.008 -9"><span class='ocrx_word' id='word_1_729' title='bbox 466 5271 557 5330; x_wconf 78' lang='lat' dir='ltr'><strong>qui</strong></span> <span class='ocrx_word' id='word_1_730' title='bbox 585 5267 992 5322; x_wconf 76' lang='lat' dir='ltr'><strong>rommiscentur</strong></span> <span class='ocrx_word' id='word_1_731' title='bbox 1041 5278 1160 5316; x_wconf 75' lang='lat' dir='ltr'><strong>cum</strong></span> <span class='ocrx_word' id='word_1_732' title='bbox 1208 5279 1269 5314; x_wconf 83' lang='lat' dir='ltr'><strong>ea</strong></span> <span class='ocrx_word' id='word_1_733' title='bbox 1303 5262 1357 5315; x_wconf 81' lang='lat' dir='ltr'><strong>in</strong></span> <span class='ocrx_word' id='word_1_734' title='bbox 1407 5261 1738 5331; x_wconf 69' lang='lat' dir='ltr'><strong>aﬂlictionem</strong></span> <span class='ocrx_word' id='word_1_735' title='bbox 1786 5275 2054 5327; x_wconf 80' lang='lat' dir='ltr'><strong>magnam,</strong></span> 
     </span>
    </p>
   </div>
   <div class='ocr_carea' id='block_1_100' title="bbox 470 5351 2058 5440">
    <p class='ocr_par' dir='ltr' id='par_1_100' title="bbox 470 5351 2058 5440">
     <span class='ocr_line' id='line_1_100' title="bbox 470 5351 2058 5440; baseline -0.007 -27"><span class='ocrx_word' id='word_1_736' title='bbox 470 5361 571 5415; x_wconf 79' lang='lat' dir='ltr'><strong>nisi</strong></span> <span class='ocrx_word' id='word_1_737' title='bbox 609 5358 973 5431; x_wconf 68' lang='lat' dir='ltr'><strong>paenitentiam</strong></span> <span class='ocrx_word' id='word_1_738' title='bbox 994 5355 1192 5440; x_wconf 63' lang='lat' dir='ltr'><strong>egerint</strong></span> <span class='ocrx_word' id='word_1_739' title='bbox 1217 5355 1280 5408; x_wconf 90' lang='lat' dir='ltr'><strong>ab</strong></span> <span class='ocrx_word' id='word_1_740' title='bbox 1314 5353 1555 5424; x_wconf 78' lang='lat' dir='ltr'><strong>operibus</strong></span> <span class='ocrx_word' id='word_1_741' title='bbox 1584 5355 1719 5422; x_wconf 81' lang='lat' dir='ltr'><strong>ejus,</strong></span> <span class='ocrx_word' id='word_1_742' title='bbox 1743 5362 1791 5405; x_wconf 77' lang='lat' dir='ltr'><strong>et</strong></span> <span class='ocrx_word' id='word_1_743' title='bbox 1816 5351 1953 5420; x_wconf 80' lang='lat' dir='ltr'><strong>ﬁlius</strong></span> <span class='ocrx_word' id='word_1_744' title='bbox 1979 5351 2058 5420; x_wconf 88' lang='lat' dir='ltr'><strong>ip-</strong></span> 
     </span>
    </p>
   </div>
   <div class='ocr_carea' id='block_1_101' title="bbox 468 5444 2060 5521">
    <p class='ocr_par' dir='ltr' id='par_1_101' title="bbox 468 5444 2060 5521">
     <span class='ocr_line' id='line_1_101' title="bbox 468 5444 2060 5521; baseline -0.006 -13"><span class='ocrx_word' id='word_1_745' title='bbox 468 5456 580 5508; x_wconf 66' lang='lat' dir='ltr'><strong>sius</strong></span> <span class='ocrx_word' id='word_1_746' title='bbox 605 5451 921 5521; x_wconf 72' lang='lat' dir='ltr'><strong>inter/icium</strong></span> <span class='ocrx_word' id='word_1_747' title='bbox 946 5459 1130 5503; x_wconf 87' lang='lat' dir='ltr'><strong>morte.</strong></span> <span class='ocrx_word' id='word_1_748' title='bbox 1167 5447 1231 5501; x_wconf 81' lang='lat' dir='ltr'><strong>Et</strong></span> <span class='ocrx_word' id='word_1_749' title='bbox 1266 5457 1767 5518; x_wconf 76' lang='lat' dir='ltr'><strong>cognoscentonmes</strong></span> <span class='ocrx_word' id='word_1_750' title='bbox 1808 5444 2060 5499; x_wconf 71' lang='lat' dir='ltr'><strong>Ecclesia:</strong></span> 
     </span>
    </p>
   </div>
   <div class='ocr_carea' id='block_1_102' title="bbox 542 5629 1582 5696">
    <p class='ocr_par' dir='ltr' id='par_1_102' title="bbox 542 5629 1582 5696">
     <span class='ocr_line' id='line_1_102' title="bbox 542 5629 1582 5696; baseline -0.001 -9"><span class='ocrx_word' id='word_1_751' title='bbox 542 5632 585 5662; x_wconf 72' lang='lat'><strong>“</strong></span> <span class='ocrx_word' id='word_1_752' title='bbox 620 5633 658 5687; x_wconf 92' lang='lat' dir='ltr'><strong>ll</strong></span> <span class='ocrx_word' id='word_1_753' title='bbox 693 5629 820 5686; x_wconf 87' lang='lat' dir='ltr'><strong>Cor.</strong></span> <span class='ocrx_word' id='word_1_754' title='bbox 853 5648 913 5696; x_wconf 87' lang='lat' dir='ltr'><strong>tt,</strong></span> <span class='ocrx_word' id='word_1_755' title='bbox 953 5631 1039 5686; x_wconf 75' lang='lat' dir='ltr'><strong>l5.</strong></span> <span class='ocrx_word' id='word_1_756' title='bbox 1119 5630 1363 5686; x_wconf 75' lang='lat' dir='ltr'><strong>&quot;Galat.</strong></span> <span class='ocrx_word' id='word_1_757' title='bbox 1397 5646 1457 5696; x_wconf 88' lang='grc' dir='ltr'><strong>ιι,</strong></span> <span class='ocrx_word' id='word_1_758' title='bbox 1495 5630 1582 5686; x_wconf 73' lang='lat'><strong>9.0.</strong></span> 
     </span>
    </p>
   </div>
   <div class='ocr_carea' id='block_1_103' title="bbox 547 5791 1208 5864">
    <p class='ocr_par' dir='ltr' id='par_1_103' title="bbox 547 5791 1208 5864">
     <span class='ocr_line' id='line_1_103' title="bbox 547 5791 1208 5864; baseline -0.002 -15"><span class='ocrx_word' id='word_1_759' title='bbox 547 5795 658 5857; x_wconf 66' lang='lat' dir='ltr'><strong>(l2)</strong></span> <span class='ocrx_word' id='word_1_760' title='bbox 690 5791 1029 5864; x_wconf 78' lang='grc' dir='ltr'><strong>Μεταλαχῶν</strong></span> <span class='ocrx_word' id='word_1_761' title='bbox 1061 5795 1208 5864; x_wconf 78' lang='lat' dir='ltr'><strong>vulg.</strong></span> 
     </span>
    </p>
   </div>
   <div class='ocr_carea' id='block_1_104' title="bbox 1663 5624 2259 5692">
    <p class='ocr_par' dir='ltr' id='par_1_104' title="bbox 1663 5624 2259 5692">
     <span class='ocr_line' id='line_1_104' title="bbox 1663 5624 2259 5692; baseline -0.003 -8"><span class='ocrx_word' id='word_1_762' title='bbox 1663 5630 1706 5662; x_wconf 69' lang='grc'><strong>*⁵⁸</strong></span> <span class='ocrx_word' id='word_1_763' title='bbox 1739 5626 1913 5684; x_wconf 60' lang='lat' dir='ltr'><strong>Exod;</strong></span> <span class='ocrx_word' id='word_1_764' title='bbox 1940 5640 2152 5692; x_wconf 63' lang='lat' dir='ltr'><strong>xsxut,‘</strong></span> <span class='ocrx_word' id='word_1_765' title='bbox 2176 5624 2259 5682; x_wconf 72' lang='lat' dir='ltr'><strong>l2.</strong></span> 
     </span>
    </p>
   </div>
   <div class='ocr_carea' id='block_1_105' title="bbox 2153 4582 3319 4656">
    <p class='ocr_par' dir='ltr' id='par_1_105' title="bbox 2153 4582 3319 4656">
     <span class='ocr_line' id='line_1_105' title="bbox 2153 4582 3319 4656; baseline -0.009 -12"><span class='ocrx_word' id='word_1_766' title='bbox 2153 4591 2313 4644; x_wconf 87' lang='grc' dir='ltr'><strong>θείων</strong></span> <span class='ocrx_word' id='word_1_767' title='bbox 2347 4586 2580 4641; x_wconf 83' lang='grc' dir='ltr'><strong>ἐντολῶν</strong></span> <span class='ocrx_word' id='word_1_768' title='bbox 2606 4587 2824 4656; x_wconf 79' lang='grc' dir='ltr'><strong>ἀτρύτῳ</strong></span> <span class='ocrx_word' id='word_1_769' title='bbox 2858 4585 3002 4654; x_wconf 79' lang='grc' dir='ltr'><strong>πόνῳ</strong></span> <span class='ocrx_word' id='word_1_770' title='bbox 3033 4582 3319 4635; x_wconf 83' lang='grc' dir='ltr'><strong>κοπιῶσιν.</strong></span> 
     </span>
    </p>
   </div>
   <div class='ocr_carea' id='block_1_106' title="bbox 2237 4694 3749 4772">
    <p class='ocr_par' dir='ltr' id='par_1_106' title="bbox 2237 4694 3749 4772">
     <span class='ocr_line' id='line_1_106' title="bbox 2237 4694 3749 4772; baseline -0.013 -11"><span class='ocrx_word' id='word_1_771' title='bbox 2237 4704 2400 4762; x_wconf 69' lang='grc' dir='ltr'><strong>Ἀλλ’</strong></span> <span class='ocrx_word' id='word_1_772' title='bbox 2441 4705 2560 4772; x_wconf 77' lang='grc' dir='ltr'><strong>ἔχω</strong></span> <span class='ocrx_word' id='word_1_773' title='bbox 2608 4701 2758 4756; x_wconf 81' lang='grc' dir='ltr'><strong>κατὰ</strong></span> <span class='ocrx_word' id='word_1_774' title='bbox 2804 4700 2921 4754; x_wconf 85' lang='grc' dir='ltr'><strong>σοῦ</strong></span> <span class='ocrx_word' id='word_1_775' title='bbox 2949 4698 3258 4768; x_wconf 69' lang='grc' dir='ltr'><strong>ὀ.1ι’γα.ὅτι</strong></span> <span class='ocrx_word' id='word_1_776' title='bbox 3279 4697 3464 4765; x_wconf 56' lang='grc' dir='ltr'><strong>ἀφίης</strong></span> <span class='ocrx_word' id='word_1_777' title='bbox 3483 4694 3595 4760; x_wconf 74' lang='grc' dir='ltr'><strong>τὴν</strong></span> <span class='ocrx_word' id='word_1_778' title='bbox 3639 4711 3749 4762; x_wconf 68' lang='grc' dir='ltr'><strong>γυ-</strong></span> 
     </span>
    </p>
   </div>
   <div class='ocr_carea' id='block_1_107' title="bbox 2157 4786 3750 4861">
    <p class='ocr_par' dir='ltr' id='par_1_107' title="bbox 2157 4786 3750 4861">
     <span class='ocr_line' id='line_1_107' title="bbox 2157 4786 3750 4861; baseline -0.012 -5"><span class='ocrx_word' id='word_1_779' title='bbox 2157 4799 2336 4856; x_wconf 68' lang='grc' dir='ltr'><strong>ναῖκά</strong></span> <span class='ocrx_word' id='word_1_780' title='bbox 2384 4812 2502 4852; x_wconf 82' lang='grc' dir='ltr'><strong>σου</strong></span> <span class='ocrx_word' id='word_1_781' title='bbox 2547 4794 2810 4859; x_wconf 59' lang='grc' dir='ltr'><strong>Ἰεῶϐελ,</strong></span> <span class='ocrx_word' id='word_1_782' title='bbox 2873 4792 2911 4860; x_wconf 77' lang='grc' dir='ltr'><em>ἢ</em></span> <span class='ocrx_word' id='word_1_783' title='bbox 2944 4792 3105 4861; x_wconf 71' lang='grc' dir='ltr'><strong>λέγει</strong></span> <span class='ocrx_word' id='word_1_784' title='bbox 3149 4789 3376 4856; x_wconf 77' lang='grc' dir='ltr'><strong>ἑαυτὴν</strong></span> <span class='ocrx_word' id='word_1_785' title='bbox 3419 4786 3750 4856; x_wconf 63' lang='grc' dir='ltr'><strong>προφῆτιν,</strong></span> 
     </span>
    </p>
   </div>
   <div class='ocr_carea' id='block_1_108' title="bbox 2158 4881 3751 4955">
    <p class='ocr_par' dir='ltr' id='par_1_108' title="bbox 2158 4881 3751 4955">
     <span class='ocr_line' id='line_1_108' title="bbox 2158 4881 3751 4955; baseline -0.012 -8"><span class='ocrx_word' id='word_1_786' title='bbox 2158 4891 2471 4949; x_wconf 71' lang='grc' dir='ltr'><strong>διδάσκειν</strong></span> <span class='ocrx_word' id='word_1_787' title='bbox 2493 4887 2591 4946; x_wconf 78' lang='grc' dir='ltr'><strong>καὶ</strong></span> <span class='ocrx_word' id='word_1_788' title='bbox 2622 4885 2865 4955; x_wconf 81' lang='grc' dir='ltr'><strong>π.1ανᾷν</strong></span> <span class='ocrx_word' id='word_1_789' title='bbox 2898 4885 3037 4950; x_wconf 79' lang='grc' dir='ltr'><strong>τοὺς</strong></span> <span class='ocrx_word' id='word_1_790' title='bbox 3068 4883 3250 4952; x_wconf 78' lang='grc' dir='ltr'><strong>ἐμοὺς</strong></span> <span class='ocrx_word' id='word_1_791' title='bbox 3279 4881 3563 4944; x_wconf 71' lang='grc' dir='ltr'><strong>δούλους.</strong></span> <span class='ocrx_word' id='word_1_792' title='bbox 3597 4895 3751 4942; x_wconf 80' lang='grc' dir='ltr'><strong>περ·</strong></span> 
     </span>
    </p>
   </div>
   <div class='ocr_carea' id='block_1_109' title="bbox 2159 4967 3747 5051">
    <p class='ocr_par' dir='ltr' id='par_1_109' title="bbox 2159 4967 3747 5051">
     <span class='ocr_line' id='line_1_109' title="bbox 2159 4967 3747 5051; baseline -0.013 -11"><span class='ocrx_word' id='word_1_793' title='bbox 2159 4985 2374 5040; x_wconf 82' lang='grc' dir='ltr'><strong>νεῦσαι</strong></span> <span class='ocrx_word' id='word_1_794' title='bbox 2402 4983 2499 5036; x_wconf 76' lang='grc' dir='ltr'><strong>καί</strong></span> <span class='ocrx_word' id='word_1_795' title='bbox 2543 4979 2759 5051; x_wconf 74' lang='grc' dir='ltr'><strong>φαγεῖν</strong></span> <span class='ocrx_word' id='word_1_796' title='bbox 2791 4978 3178 5033; x_wconf 74' lang='grc' dir='ltr'><strong>εἰδωλόθυτα.</strong></span> <span class='ocrx_word' id='word_1_797' title='bbox 3213 4973 3322 5029; x_wconf 75' lang='grc' dir='ltr'><strong>Καὶ</strong></span> <span class='ocrx_word' id='word_1_798' title='bbox 3357 4972 3550 5025; x_wconf 73' lang='grc' dir='ltr'><strong>ἔδωκα</strong></span> <span class='ocrx_word' id='word_1_799' title='bbox 3584 4967 3747 5035; x_wconf 82' lang='grc' dir='ltr'><strong>αὐτῇ</strong></span> 
     </span>
    </p>
   </div>
   <div class='ocr_carea' id='block_1_110' title="bbox 2150 5061 3752 5149">
    <p class='ocr_par' dir='ltr' id='par_1_110' title="bbox 2150 5061 3752 5149">
     <span class='ocr_line' id='line_1_110' title="bbox 2150 5061 3752 5149; baseline -0.012 -16"><span class='ocrx_word' id='word_1_800' title='bbox 2150 5079 2372 5149; x_wconf 85' lang='grc' dir='ltr'><strong>χρόνον</strong></span> <span class='ocrx_word' id='word_1_801' title='bbox 2399 5077 2500 5130; x_wconf 80' lang='grc' dir='ltr'><strong>ἵνα</strong></span> <span class='ocrx_word' id='word_1_802' title='bbox 2518 5071 2892 5144; x_wconf 76' lang='grc' dir='ltr'><strong>μετανοήσῃ,</strong></span> <span class='ocrx_word' id='word_1_803' title='bbox 2924 5071 3016 5124; x_wconf 75' lang='grc' dir='ltr'><strong>καὶ</strong></span> <span class='ocrx_word' id='word_1_804' title='bbox 3057 5071 3129 5123; x_wconf 83' lang='grc' dir='ltr'><strong>οὺ</strong></span> <span class='ocrx_word' id='word_1_805' title='bbox 3171 5069 3332 5122; x_wconf 78' lang='grc' dir='ltr'><strong>θέλει</strong></span> <span class='ocrx_word' id='word_1_806' title='bbox 3365 5061 3752 5135; x_wconf 76' lang='grc' dir='ltr'><strong>μετανοῆσαι</strong></span> 
     </span>
    </p>
   </div>
   <div class='ocr_carea' id='block_1_111' title="bbox 2151 5155 3750 5237">
    <p class='ocr_par' dir='ltr' id='par_1_111' title="bbox 2151 5155 3750 5237">
     <span class='ocr_line' id='line_1_111' title="bbox 2151 5155 3750 5237; baseline -0.013 -12"><span class='ocrx_word' id='word_1_807' title='bbox 2151 5172 2218 5226; x_wconf 80' lang='grc' dir='ltr'><strong>ἐκ</strong></span> <span class='ocrx_word' id='word_1_808' title='bbox 2257 5170 2367 5237; x_wconf 80' lang='grc' dir='ltr'><strong>τῆς</strong></span> <span class='ocrx_word' id='word_1_809' title='bbox 2392 5169 2676 5236; x_wconf 77' lang='grc' dir='ltr'><strong>πορνείας</strong></span> <span class='ocrx_word' id='word_1_810' title='bbox 2713 5163 2924 5232; x_wconf 78' lang='grc' dir='ltr'><strong>αὐτῆς.</strong></span> <span class='ocrx_word' id='word_1_811' title='bbox 2981 5162 3126 5217; x_wconf 83' lang='grc' dir='ltr'><strong>Ἰδοὺ</strong></span> <span class='ocrx_word' id='word_1_812' title='bbox 3168 5160 3386 5226; x_wconf 72' lang='grc' dir='ltr'><em>βάλλω</em></span> <span class='ocrx_word' id='word_1_813' title='bbox 3413 5155 3609 5222; x_wconf 78' lang='grc' dir='ltr'><strong>αὐτὴν</strong></span> <span class='ocrx_word' id='word_1_814' title='bbox 3657 5155 3750 5218; x_wconf 78' lang='grc' dir='ltr'><strong>εις</strong></span> 
     </span>
    </p>
   </div>
   <div class='ocr_carea' id='block_1_112' title="bbox 2153 5247 3757 5329">
    <p class='ocr_par' dir='ltr' id='par_1_112' title="bbox 2153 5247 3757 5329">
     <span class='ocr_line' id='line_1_112' title="bbox 2153 5247 3757 5329; baseline -0.011 -13"><span class='ocrx_word' id='word_1_815' title='bbox 2153 5263 2394 5329; x_wconf 74' lang='grc' dir='ltr'><strong>κλίνην,</strong></span> <span class='ocrx_word' id='word_1_816' title='bbox 2429 5260 2530 5314; x_wconf 76' lang='grc' dir='ltr'><strong>καὶ</strong></span> <span class='ocrx_word' id='word_1_817' title='bbox 2587 5259 2726 5325; x_wconf 88' lang='grc' dir='ltr'><strong>τοὺς</strong></span> <span class='ocrx_word' id='word_1_818' title='bbox 2777 5258 3174 5328; x_wconf 77' lang='grc' dir='ltr'><strong>μοιχεύοντας</strong></span> <span class='ocrx_word' id='word_1_819' title='bbox 3232 5254 3354 5322; x_wconf 80' lang='grc' dir='ltr'><strong>μετ’</strong></span> <span class='ocrx_word' id='word_1_820' title='bbox 3407 5247 3596 5314; x_wconf 78' lang='grc' dir='ltr'><strong>αὐτῆς</strong></span> <span class='ocrx_word' id='word_1_821' title='bbox 3656 5247 3757 5312; x_wconf 80' lang='grc' dir='ltr'><strong>είς</strong></span> 
     </span>
    </p>
   </div>
   <div class='ocr_carea' id='block_1_113' title="bbox 2157 5335 3754 5422">
    <p class='ocr_par' dir='ltr' id='par_1_113' title="bbox 2157 5335 3754 5422">
     <span class='ocr_line' id='line_1_113' title="bbox 2157 5335 3754 5422; baseline -0.013 -13"><span class='ocrx_word' id='word_1_822' title='bbox 2157 5353 2368 5421; x_wconf 64' lang='grc' dir='ltr'><strong>θλίψιν</strong></span> <span class='ocrx_word' id='word_1_823' title='bbox 2411 5350 2710 5422; x_wconf 72' lang='grc' dir='ltr'><strong>μεγάλην,</strong></span> <span class='ocrx_word' id='word_1_824' title='bbox 2741 5351 2849 5403; x_wconf 80' lang='grc' dir='ltr'><strong>ἐὰν</strong></span> <span class='ocrx_word' id='word_1_825' title='bbox 2884 5348 2969 5420; x_wconf 78' lang='grc' dir='ltr'><strong>μὴ</strong></span> <span class='ocrx_word' id='word_1_826' title='bbox 3000 5346 3470 5415; x_wconf 76' lang='grc' dir='ltr'><strong>μετανοήσωσιν</strong></span> <span class='ocrx_word' id='word_1_827' title='bbox 3508 5341 3577 5393; x_wconf 77' lang='grc' dir='ltr'><strong>ἐκ</strong></span> <span class='ocrx_word' id='word_1_828' title='bbox 3623 5335 3754 5389; x_wconf 79' lang='grc' dir='ltr'><strong>τῶν</strong></span> 
     </span>
    </p>
   </div>
   <div class='ocr_carea' id='block_1_114' title="bbox 2158 5425 3757 5516">
    <p class='ocr_par' dir='ltr' id='par_1_114' title="bbox 2158 5425 3757 5516">
     <span class='ocr_line' id='line_1_114' title="bbox 2158 5425 3757 5516; baseline -0.011 -18"><span class='ocrx_word' id='word_1_829' title='bbox 2158 5446 2348 5516; x_wconf 69' lang='grc' dir='ltr'><strong>ἔργων</strong></span> <span class='ocrx_word' id='word_1_830' title='bbox 2383 5441 2596 5511; x_wconf 79' lang='grc' dir='ltr'><strong>αὐτῆς,</strong></span> <span class='ocrx_word' id='word_1_831' title='bbox 2648 5442 2746 5495; x_wconf 74' lang='grc' dir='ltr'><strong>καὶ</strong></span> <span class='ocrx_word' id='word_1_832' title='bbox 2783 5439 2852 5494; x_wconf 83' lang='grc' dir='ltr'><strong>τὰ</strong></span> <span class='ocrx_word' id='word_1_833' title='bbox 2895 5437 3074 5493; x_wconf 79' lang='grc' dir='ltr'><strong>τέκνα</strong></span> <span class='ocrx_word' id='word_1_834' title='bbox 3114 5435 3312 5504; x_wconf 78' lang='grc' dir='ltr'><strong>αὐτῆς</strong></span> <span class='ocrx_word' id='word_1_835' title='bbox 3336 5426 3649 5487; x_wconf 75' lang='grc' dir='ltr'><strong>ἀποκτενῶ</strong></span> <span class='ocrx_word' id='word_1_836' title='bbox 3679 5425 3757 5481; x_wconf 77' lang='grc' dir='ltr'><strong>ὲν</strong></span> 
     </span>
    </p>
   </div>
   <div class='ocr_carea' id='block_1_115' title="bbox 2340 5619 2887 5686">
    <p class='ocr_par' dir='ltr' id='par_1_115' title="bbox 2340 5619 2887 5686">
     <span class='ocr_line' id='line_1_115' title="bbox 2340 5619 2887 5686; baseline -0.011 -8"><span class='ocrx_word' id='word_1_837' title='bbox 2340 5625 2384 5658; x_wconf 74' lang='grc'><strong>⁸⁸</strong></span> <span class='ocrx_word' id='word_1_838' title='bbox 2446 5621 2486 5677; x_wconf 90' lang='lat' dir='ltr'><strong>ll</strong></span> <span class='ocrx_word' id='word_1_839' title='bbox 2515 5619 2654 5676; x_wconf 87' lang='lat' dir='ltr'><strong>Tim.</strong></span> <span class='ocrx_word' id='word_1_840' title='bbox 2701 5634 2759 5686; x_wconf 83' lang='grc' dir='ltr'><strong>ιι,</strong></span> <span class='ocrx_word' id='word_1_841' title='bbox 2806 5620 2887 5675; x_wconf 82' lang='lat' dir='ltr'><strong>l9.</strong></span> 
     </span>
    </p>
   </div>
  </div>
