4042 6576
247 327 365 394 541

1337 348 1720 413 COMMENT.
1764 353 1846 414 IN
1883 355 2417 423 APOCALYPSIN.

3423 364 3526 426 512

265 442 521 509 θανάτῳ.
573 446 681 502 Kal
742 448 1072 518 γνώσονται
1122 454 1312 511 πᾶσαι
1360 462 1418 513 αι
1467 461 1838 530 Ἐκκλησίαα

1953 471 2082 538 7uod
2112 491 2203 542 ego
2221 477 2320 529 sim
2383 476 2474 545 qui
2505 485 2711 530 scrutor
2751 492 2894 530 renes
2923 485 2973 530 et
3047 475 3208 530 corda
3241 492 3259 530 :
3290 484 3338 530 cl
3390 477 3526 531 dabo

265 535 360 590 ὅτι
401 537 517 606 ἐγώ
568 541 686 609 ειμι
723 545 756 596 ό
803 541 1064 610 ἐρευνῶν
1117 549 1379 616 νεφροὺς
1412 552 1510 605 καί
1561 556 1845 624 καρδίαςο

267 627 368 681 καὶ
400 628 575 682 δώσω
601 631 745 700 ὑμῖν
766 633 1003 702 ἑκάστῳ
1038 639 1189 692 κατὰ
1221 641 1290 695 τὰ
1317 642 1462 712 ἔργα
1483 645 1668 713 ὑμῶν.

339 720 403 774 Εἰ
437 721 527 774 διὰ
553 722 652 794 τὴν
679 723 884 790 πίστιν,
911 729 1068 797 φησὶ,
1097 732 1190 783 καὶ
1211 733 1315 802 τὴν
1350 736 1478 804 περὶ
1508 735 1636 800 τοὺς
1657 737 1850 809 δεομέο

267 825 398 874 νους
443 813 730 883 χορηγίαν,
763 815 825 870 τὸ
863 817 1088 883 εὐλαϐὲς
1119 821 1276 892 ὑμῶν
1320 827 1414 878 καὶ
1443 821 1850 898 ὑπομονητικὸν

267 902 631 976 ἀποδέχομαι,
688 908 806 961 ἀλλ’
837 907 932 964 οῦν
975 913 1204 979 δικαίως
1245 916 1378 987 ὑμῖν
1427 920 1847 993 ἐπιμέμφομαι,

266 997 355 1050 ὅτι
387 997 486 1070 τὴν
519 1000 628 1053 τῶν
679 1002 1018 1058 Νικολαϊτῶν
1071 1007 1286 1078 αἰρεσιν
1309 1012 1436 1066 ἐᾶτε
1481 1015 1758 1083 ἀκμάζειν
1789 1019 1849 1071 ὲν

271 1087 428 1159 μέσῳ
463 1091 634 1161 ὑμῶν.
669 1096 834 1164 Λέγει
863 1097 920 1150 δὲ
953 1100 1232 1168 τροπικῶς
1262 1103 1469 1174 ταύτην
1505 1107 1597 1160 διὰ
1622 1108 1718 1162 τοῦ
1748 1111 1848 1182 τῆς

281 1182 524 1275 Ἰεζάϐελ
571 1187 834 1256 ὀνόματος
887 1190 990 1261 τῆς
1034 1192 1114 1264 τῷ
1170 1194 1376 1266 Ἀχαάϐ
1417 1203 1848 1275 συνοικησάσης,

266 1273 446 1347 ταύτῃ
474 1277 840 1348 παραϐάλλων
884 1284 978 1336 καὶ
1009 1284 1138 1347 τοὺς
1183 1285 1291 1339 ἀπὸ
1313 1287 1588 1344 Νικολάου
1628 1291 1718 1346 διὰ
1749 1273 1850 1365 τῆν

267 1365 566 1436 ἀσέλγειαν
613 1375 708 1428 καὶ
758 1377 1039 1436 ἀσέϐειαν.
1093 1383 1500 1456 Ἐπιμέμφεται
1551 1384 1646 1443 οὖν
1679 1391 1846 1444 ὅτιού

266 1456 560 1557 διώκουσιν
589 1465 780 1538 αὐτὴν,
803 1472 1104 1539 τουτέστιν,
1137 1475 1240 1529 οὐκ
1266 1478 1618 1534 ἀπωθοῦνται
1653 1483 1847 1552 αὐτὴν,

267 1547 510 1613 ἀναιδῶς
553 1549 990 1626 βλασφημοῦσαν
1042 1566 1538 1636 καταισχύνοντες,
1589 1571 1706 1626 ἀλλ’
1754 1547 1849 1627 div;

268 1641 491 1734 ἔχονται
520 1650 801 1734 κοινωνεῖν
819 1653 1004 1717 αὐτοῖς
1035 1656 1132 1709 τοῦ
1154 1657 1420 1728 ὀνόματος
1443 1661 1554 1715 τῶν
1584 1664 1850 1734 Χριστια-

461 1733 556 1804 ὗφ’
611 1729 672 1790 οὐ
713 1737 1084 1809 λανθανόντως
1127 1749 1241 1810 τοῖῖ
1301 1729 1695 1824 ἀπλθυστέρόις
1739 1754 1849 1808 τῶν

1952 566 2234 635 unicuique
2270 577 2496 620 vestrum
2523 567 2682 636 juxta
2710 584 2867 636 opera
2903 577 3094 621 uestra.

2014 749 2179 821 672
2199 749 2254 804 Si
2276 759 2492 819 prepter
2509 748 2688 813 fidem,
2716 749 2911 818 inquit,
2933 762 2995 803 ac
3012 747 3316 802 subsidium
3333 747 3386 800 in
3403 759 3528 815 cge-

1954 857 2055 897 nos
2087 853 2320 897 vestram
2344 841 2584 911 suscipio
2610 841 2864 912 pietatem
2901 855 2965 893 ac
2990 839 3360 900 tolerantiam,
3377 837 3529 906 iuste

1953 942 2131 987 tamen
2148 932 2304 988 vobis
2337 932 2608 1003 indignor,
2635 931 2781 1002 quod
2837 928 3226 984 Nicolaitarum
3277 928 3525 984 hazresim

1953 1025 2134 1095 vigere
2150 1024 2342 1081 sinatis
2364 1023 2420 1078 in
2461 1023 2642 1078 medio
2671 1022 2859 1077 vestri.
2895 1019 3048 1076 Hanc
3083 1028 3266 1075 autem
3320 1019 3530 1090 tropice

1953 1118 2227 1187 signiﬁcat
2261 1133 2357 1188 per
2377 1132 2573 1172 nomen
2604 1115 2821 1171 Jezabel
2839 1131 2960 1185 qute
2985 1116 3096 1186 regi
3123 1115 3312 1170 Achab
3334 1129 3532 1184 nupse-

1954 1219 2075 1264 rat:
2105 1210 2232 1263 huic
2273 1209 2437 1264 etiam
2469 1223 2796 1277 comparans
2827 1205 3034 1262 Nicolai
3085 1219 3350 1275 sequaces
3403 1220 3532 1273 pro-

1953 1315 2074 1372 pter
2092 1301 2368 1358 libidinem
2391 1316 2457 1357 ac
2475 1301 2828 1371 impietatem.
2843 1281 3163 1370 Indignatur
3186 1300 3368 1370 itaque
3383 1299 3530 1368 quod

1955 1411 2062 1451 non
2126 1405 2527 1466 persequantur
2579 1395 2776 1464 ipsam,
2811 1395 2914 1448 hoc
2966 1403 3050 1449 est
3085 1410 3192 1447 non
3230 1393 3526 1462 expellant,

1952 1488 2350 1544 confundentes
2410 1488 2582 1557 ipsam
2653 1487 3001 1558 impudenter
3036 1487 3529 1556 blasphemantem,

1951 1579 2046 1634 sed
2083 1577 2392 1633 sustineant
2445 1586 2503 1632 ut
2559 1578 2594 1632 ii
2653 1578 2747 1648 qui
2797 1575 2916 1632 solo
2965 1579 3186 1632 nomine
3227 1574 3530 1631 Christiani

1953 1679 2086 1726 sunt
2115 1687 2302 1726 secum
2331 1670 2659 1741 participent
2683 1688 2697 1724 :
2725 1669 2869 1724 unde
2893 1669 3318 1738 simplicioribus
3354 1667 3532 1722 servis

1953 1763 2112 1829 meis,
2135 1763 2333 1834 inquit,
2356 1763 2560 1833 prtebet
2595 1761 2979 1817 olIendiculum
3033 1778 3139 1817 non
3194 1761 3358 1816 modo
3378 1776 3532 1815 scor-

266 1821 477 1926 δούλων
529 1845 660 1926 μου,
682 1833 848 1926 ⁸φησι,
906 1836 1138 1907 παρέχει
1193 1839 1511 1909 σκάνδαλον,
1553 1821 1650 1916 οὐχ
1699 1847 1846 1911 ὅπως

1953 1821 2494 1926 ιιιῑίοηίε,ἐει1’1ειη
2536 1855 2813 1911 scelerata:
2858 1870 3080 1926 quoque
3128 1855 3526 1910 comestionis:

271 1916 552 2008 πορνείας,
579 1921 694 1974 ἀλλ’
717 1923 819 1995 ἤδη
844 1926 939 1980 καὶ
967 1931 1341 1999 μιαροφαγίας
1361 1946 1376 1962 ·
1405 1936 1664 2006 πορνείαν
1691 1938 1723 2006 ἢ
1747 1938 1847 2008 τὴν

267 2007 538 2082 αἰσθητὴν
568 2011 762 2082 λέγων,
786 2015 818 2086 ἢ
859 2017 957 2089 τὴν
991 2021 1098 2075 ἀπδ
1122 2022 1259 2078 Θεοῦ
1286 2025 1553 2092 ἔκκλισιν,
1583 2029 1720 2082 καθὸ
1755 2007 1850 2086 καὶ

268 2099 488 2192 εἴρηται
545 2103 626 2169 τὸ,
670 2125 690 2159 ι
765 2109 1135 2182 Ἐπόρνευσαν
1181 2116 1239 2168 ἐν
1271 2121 1384 2182 τοῖς
1417 2121 1849 2192 ἐπιτηδεύμασιν

270 2191 491 2285 αὐτῶν·
538 2214 557 2248 ι
595 2199 691 2252 καὶ
717 2201 797 2266 re,
847 2221 864 2255 ι
908 2204 1240 2278 Ἐμοιχῶντο
1285 2213 1344 2264 ἐν
1379 2211 1456 2282 τῷ
1489 2213 1649 2285 ξύλῳ.
1692 2235 1710 2265 ι
1752 2215 1853 2269 Διά

267 2283 328 2338 δὲ
358 2287 460 2357 τῆς
487 2288 597 2343 τῶν
631 2292 998 2351 εἰδωλοθύτων
1027 2299 1228 2371 ἐδωδῆς
1257 2302 1403 2357 ἔοικε
1434 2307 1529 2358 καὶ
1551 2283 1650 2369 τάς
1682 2306 1850 2372 ἄλλας

268 2378 567 2452 διαιρέσεις
609 2388 948 2456 συντάττειν,
980 2392 1037 2446 αἳ
1070 2395 1166 2447 καὶ
1199 2396 1364 2450 αὐταὶ
1391 2400 1506 2462 τοῖς
1530 2400 1851 2454 εὐσεϐοῦσιν

271 2473 617 2562 έπιφύονται,
672 2479 732 2531 δν
770 2481 830 2551 δή
872 2499 995 2537 τινα
1021 2486 1222 2554 τρόπον
1253 2487 1404 2559 ἐνῆν.
1435 2490 1498 2544 Οί
1545 2492 1653 2562 γὰρ
1681 2493 1850 2546 Νικο-

269 2559 453 2652 λαῖται
517 2565 844 2623 εἰδωλόθυτα
899 2573 1000 2641 μὲν
1057 2575 1260 2630 ὲσθὲειν
1310 2579 1371 2633 οὐ
1426 2559 1850 2652 προύϐάλλοντο,

267 2651 438 2723 ἔτερα
471 2655 528 2708 δὲ
579 2658 750 2725 ὅμως,
798 2661 834 2716 ἃ
862 2665 956 2716 καὶ
990 2665 1343 2738 διανοηθῆναι
1378 2671 1477 2742 τῆς
1512 2674 1854 2746 τελεωτάτης

272 2746 620 2817 ἀκαθαρσίας
649 2755 744 2805 καὶ
765 2757 994 2825 μιαρίας
1025 2759 1162 2813 ὲστί.
1191 2761 1328 2817 Τίνα
1355 2763 1412 2817 δὲ
1435 2766 1632 2832 ταῦτα,
1661 2769 1854 2823 πολλά-

271 2854 360 2901 κις
389 2841 524 2910 ἡμῖν
549 2845 764 2916 εἴρηται
785 2847 880 2918 τὴν
901 2849 1010 2901 τῶν
1037 2852 1326 2925 ιιαναρίων
1345 2855 1528 2926 βίϐλον
1557 2862 1848 2931 παριστᾷν.

269 2931 382 2983 Καὶ
411 2933 474 2986 οὐ
501 2934 660 2988 τοῦτο
692 2939 852 3007 μόνον
881 2940 941 2993 τὸ
986 2942 1242 3015 βδελυρὸν
1273 2950 1338 3018 τῇ
1371 2948 1481 3002 τῶν
1515 2950 1852 3006 Νικολαϊτῶν

267 3023 486 3094 αἱρέσει
519 3035 887 3101 παρομαρτεῖ.
919 3034 1053 3090 ἀλλά
1082 3037 1176 3091 καὶ
1221 3040 1498 3111 προφῆτις
1550 3037 1689 3095 εἶναι
1720 3043 1854 3096 ὐπο-

268 3117 544 3186 κρίνεται,
605 3123 826 3194 πονηρῷ
870 3126 1145 3197 πνεύματι
1208 3131 1601 3206 ἐνεργουμένη,
1649 3137 1744 3188 καὶ
1791 3135 1854 3189 τὸ

271 3212 416 3263 θεῖον
453 3212 626 3283 δῶρον
659 3216 740 3279 εἰς
777 3219 1115 3291 ματαιότητα
1153 3223 1603 3294 παραϐάλλουσαι,
1631 3228 1718 3280 ἵνα
1756 3228 1851 3281 καὶ

270 3303 551 3368 Μωῦσέως
580 3307 875 3374 ἀφειδοῦσα
901 3311 1048 3384 ἁλῷ,
1099 3333 1116 3366 ι
1159 3315 1235 3368 Οὐ
1277 3315 1450 3390 λήψῃ,
1489 3339 1508 3370 ι
1549 3320 1850 3392 διαρρήδην

272 3393 527 3463 βοῶντος.
571 3417 591 3451 ι
623 3401 685 3454 τὸ
713 3401 886 3475 ὄνομα
931 3408 1136 3477 Κυρίου
1186 3409 1281 3462 τοῦ
1311 3409 1447 3463 Θεοῦ
1491 3429 1585 3465 σου
1613 3415 1707 3466 ἐπὶ
1743 3432 1849 3484 μα.⁶

269 3491 430 3562 ταίῳ,
473 3511 494 3546 ι
520 3496 614 3548 καὶ
641 3495 736 3548 τοῦ
785 3499 1138 3569 μακαρισμοῦ
1189 3501 1282 3553 τοῦ
1316 3501 1660 3576 Θεοπάτορος
1689 3506 1848 3560 ἀλλοο

269 3584 566 3655 τριουμένη
597 3587 821 3661 εὑρεθῇ,
847 3590 948 3658 τῆς
989 3591 1089 3660 μὲν
1131 3591 1347 3656 ἐλπίδος
1390 3594 1485 3646 τοῦ
1513 3595 1651 3649 Θεοῦ
1687 3599 1852 3650 ἀστο-

271 3673 467 3742 χοῦσα,
527 3677 621 3731 ἰπὶ
683 3681 1057 3751 ματαιότητας
1113 3683 1170 3736 δὲ
1219 3682 1318 3736 καὶ
1383 3687 1582 3756 μανίας
1637 3687 1853 3756 ψευδεῖς

270 3767 385 3837 ὲμφ
393 3767 657 3840 ιλοχωροῦ
665 3788 751 3826 σα.

340 3860 455 3915 Kal
480 3861 727 3929 πλανᾷν
751 3864 892 3932 τοὺς
909 3866 1092 3935 ἐμοὺς
1123 3868 1404 3939 δούλους.
1432 3873 1571 3937 Τοὺς
1589 3872 1852 3943 ἁπλότητι

273 3953 478 4022 τρόπου
515 3952 869 4023 βεϐιωκότας,
926 3957 1102 4032 πλάνῃ
1153 3961 1420 4017 ἕλκουσαν
1471 3965 1549 4028 εἰς
1593 3965 1854 4035 πορνείαν

274 4047 366 4097 καὶ
397 4044 608 4116 βρῶσιν
637 4048 1132 4122 ἀπηγορευμένων.

341 4134 454 4190 Καὶ
486 4135 683 4190 ἔδωκα
735 4137 910 4208 αὐτῇ.
952 4139 1116 4210 Ἐγὼ,
1168 4143 1354 4214 φησὶν,
1388 4145 1418 4198 ὁ
1451 4144 1526 4216 μὴ
1561 4145 1731 4200 θέλων
1761 4147 1853 4202 τὸν

275 4229 509 4283 θάνατον
537 4229 631 4284 τοῦ
665 4231 1013 4303 ἀμαρτοιλοῦ,
1053 4235 1190 4288 ἀλλά
1235 4236 1336 4308 τὴν
1379 4239 1720 4312 ἐπιστροφὴν
1755 4240 1853 4312 Cr,-

273 4324 405 4389 τῶν,
445 4323 654 4378 δέδωκα
682 4325 820 4397 αὐτῇ
858 4329 1148 4398 μετανοίας
1174 4331 1388 4402 καιρὸν,
1419 4332 1520 4404 τὴν
1574 4335 1853 4405 τιμωρίαν

274 4415 416 4480 τέως
447 4415 895 4496 ὑπερτιθέμενος.
965 4419 1028 4473 Ἢ
1067 4421 1122 4474 δὲ
1151 4423 1216 4494 τῇ
1270 4425 1438 4495 ἀνοχῇ
1475 4428 1855 4496 κατεχρήσατο

1953 1951 2339 2007 scortationem
2366 1948 2554 2004 dicens
2602 1955 2697 2002 aut
2743 1949 3059 2003 sensibilem
3109 1963 3174 2002 ac
3230 1947 3529 2008 carnalem,

1953 2053 2048 2099 aut
2076 2041 2491 2099 declinationem
2517 2057 2546 2095 a
2582 2039 2711 2103 Deo,
2740 2042 2894 2109 juxta
2916 2040 2968 2094 id
2997 2040 3146 2111 quod
3203 2039 3367 2092 etiam
3416 2038 3533 2093 dic-

1953 2149 2066 2194 tum
2093 2146 2219 2194 est:
2262 2155 2281 2189 ι
2343 2134 2619 2190 Fornicati
2675 2141 2804 2189 sunt
2843 2133 2898 2187 in
2934 2133 3131 2187 studiis
3177 2130 3294 2185 suis
3323 2130 3390 2195 ⁷⁸,
3423 2147 3442 2181 ι
3478 2137 3533 2183 et

1953 2232 2084 2286 illud
2121 2249 2135 2286 :
2173 2251 2191 2283 ι
2219 2229 2557 2285 Adulterium
2595 2226 2981 2297 perpetrabant
3013 2224 3066 2278 in
3127 2223 3297 2294 ligno.
3348 2240 3366 2275 ι
3427 2221 3532 2276 Per

1952 2341 2107 2380 esum
2131 2339 2262 2379 vero
2289 2339 2476 2377 eorum
2512 2335 2634 2390 quae
2666 2321 2822 2374 idolis
2845 2317 3060 2373 fuerant
3089 2316 3393 2380 immolata,
3443 2313 3531 2367 vi-

1952 2420 2113 2474 detur
2137 2427 2191 2472 et
2227 2416 2361 2470 alias
2395 2429 2613 2484 quoque
2636 2412 2939 2467 divisiones
2991 2421 3323 2464 connectere
3357 2426 3372 2461 :
3407 2420 3532 2477 qua:

1953 2521 2007 2564 et
2045 2510 2177 2580 ipsa:
2204 2509 2320 2579 pios
2355 2507 2704 2568 invadebant,
2728 2504 2822 2574 qui
2848 2517 2981 2558 sane
2999 2510 3190 2569 tropus
3217 2500 3360 2554 solet
3381 2499 3527 2552 acci-

1952 2606 2100 2661 dere.
2136 2603 2414 2674 Siquidem
2448 2600 2722 2656 Nieolaitae
2761 2615 2868 2652 non
2901 2595 3275 2668 proponebant
3321 2593 3530 2648 edenda

1955 2698 2276 2770 idolothyta,
2321 2696 2412 2751 sed
2433 2694 2537 2750 alia
2558 2703 2736 2747 tamen
2758 2691 3030 2747 habebant
3051 2704 3172 2759 qua:
3190 2688 3271 2742 vel
3288 2687 3532 2756 cogitare

1953 2803 2211 2848 extremae
2260 2788 2522 2844 fuulitatis
2571 2793 2656 2841 est
2705 2799 2769 2840 ac
2799 2782 3116 2853 impietatis.
3141 2778 3404 2847 Quaenam
3429 2794 3532 2833 au-

1955 2896 2061 2940 tem
2096 2884 2184 2939 illa
2214 2883 2325 2938 sint
2347 2882 2661 2951 frequenter
2685 2893 2714 2932 a
2744 2876 2901 2932 nobis
2934 2877 3140 2931 dictum
3169 2883 3253 2927 est
3301 2873 3356 2926 in
3393 2872 3534 2926 libro

1953 2974 2226 3033 Panarion
2260 2969 2652 3028 demonstrari.
2709 2967 2818 3022 Nec
2879 2964 2933 3019 id
2965 2972 3172 3019 tantum
3211 2961 3536 3016 abominan-

1955 3071 2082 3126 dum
2115 3082 2237 3123 esse
2263 3073 2497 3121 testatur
2544 3063 2597 3116 in
2631 3058 2825 3115 haeresi
2878 3055 3297 3119 Nicolaitarum,
3352 3051 3446 3108 sed
3481 3061 3536 3108 ct

1881 3192 1925 3251 ο
1961 3162 2182 3233 ﬁngitur
2211 3173 2332 3213 esse
2366 3155 2708 3228 prophetissa
2737 3166 2860 3222 quae
2903 3163 3074 3219 pravo
3125 3147 3368 3251 agitatur
3423 3145 3536 3214 spi-

1961 3253 2087 3314 ritu,
2117 3250 2473 3318 diviauntque
2523 3247 2728 3300 donum
2773 3243 2994 3298 vanitati
3038 3237 3442 3300 accommodat,
3478 3244 3538 3290 ut

1955 3341 2121 3396 etiam
2151 3337 2285 3394 Mosi
2315 3353 2422 3391 non
2475 3350 2668 3404 parere
2718 3328 3158 3402 deprehendatur
3218 3325 3312 3396 qui
3353 3331 3538 3395 aperte

1955 3434 2156 3490 clamat
2181 3450 2193 3486 :
2227 3450 2244 3484 ι
2272 3429 2392 3484 Non
2413 3409 2663 3481 assumes
2681 3439 2880 3479 nomen
2903 3423 3084 3478 Deitui
3105 3422 3160 3475 in
3177 3435 3376 3474 vanum
3395 3420 3442 3451 "
3466 3436 3482 3486 ;
3512 3436 3532 3471 ι

1953 3539 2008 3581 et
2037 3541 2067 3579 a
2118 3522 2454 3579 beatitudine
2499 3518 2592 3573 Dei
2631 3517 2801 3588 patris
2827 3515 3006 3572 aliena
3033 3513 3363 3576 inveniatur,
3384 3527 3413 3564 a
3443 3525 3539 3577 spe

1955 3616 2049 3671 Dei
2079 3616 2365 3679 aberrans,
2416 3611 2553 3666 etin
2600 3607 2935 3662 vanitatibus
2985 3619 3048 3660 ac
3097 3602 3328 3659 insaniis
3385 3599 3540 3656 falsis

1955 3718 2071 3766 ιυιο
2107 3705 2292 3762 animo
2324 3715 2678 3757 conversatus.

2031 3881 2097 3936 Et
2128 3881 2370 3936 seducere
2394 3891 2570 3932 servos
2602 3889 2766 3929 meos:
2802 3887 2900 3928 eos
2930 3871 3023 3941 qui
3055 3869 3111 3924 in
3144 3883 3358 3922 morum
3408 3868 3542 3923 sim-

1955 3973 2197 4044 plicitate
2227 3969 2430 4041 degunt
2459 3967 2726 4023 trahendo
2768 3981 2864 4037 per
2885 3978 3128 4020 errorem
3153 3962 3219 4016 ad
3247 3963 3542 4017 scortatio-

1956 4081 2105 4130 nem,
2134 4070 2189 4117 et
2219 4060 2610 4117 comestionem
2645 4073 2835 4113 eorum
2864 4071 2990 4126 quae
3017 4057 3183 4109 vetita
3212 4063 3361 4109 sunt.

2029 4154 2262 4224 Dedique
2280 4151 2329 4206 ei
2360 4162 2582 4220 tempus.
2610 4149 2740 4218 Ego,
2776 4148 2975 4218 inquit,
3003 4147 3096 4216 qui
3132 4145 3258 4199 nolo
3309 4157 3540 4199 mortem

1957 4247 2282 4321 peccatoris,
2310 4243 2403 4300 sed
2427 4242 2842 4298 conversionem
2869 4254 3078 4308 qurere,
3111 4237 3233 4293 dedi
3291 4237 3340 4291 ei
3397 4245 3538 4291 tem-

1958 4356 2060 4411 pus
2095 4335 2449 4409 paenitentiae,
2485 4333 2750 4388 ultionem
2797 4329 3016 4384 interim
3067 4327 3372 4383 dill‘erendo
3403 4344 3418 4382 :
3448 4328 3538 4380 illa

1959 4447 2088 4488 vero
2121 4429 2410 4486 tolerantia
2446 4442 2564 4481 mea
2612 4425 2781 4479 abusa
2829 4433 2912 4478 est
2939 4423 3006 4478 ad
3049 4422 3537 4492 impmnitentiam,

273 4510 356 4572 είς
381 4493 664 4579 ἀμέλειαν
690 4511 1084 4583 ὲνευκαιροῦσα
1112 4512 1191 4582 τῷ
1208 4493 1211 4494 ν
1229 4493 1460 4586 excepti?
1508 4493 1714 4587 αὐτῆς,
1735 4518 1850 4572 ἀλλ’

1961 4523 2014 4578 in
2057 4523 2142 4578 sui
2192 4519 2499 4592 perditione
2537 4526 2827 4586 occupata,
2873 4531 2974 4570 nec
3030 4514 3263 4569 ﬁrmiter
3327 4513 3541 4568 [uerens

273 4599 335 4655 οὐ
368 4600 471 4672 τῆς
492 4602 772 4672 σωτηρίας
807 4604 1147 4675 ἐπιστροφῆς
1180 4606 1350 4676 ἀπρὶξ
1379 4608 1637 4678 ἐχομένη.

347 4695 458 4748 Kal
491 4697 564 4748 οὐ
602 4694 761 4750 θέλει
787 4695 1182 4778 μετανοῆσαι.
1235 4697 1408 4752 Τοῦτο
1449 4701 1555 4771 γὰρ
1592 4701 1688 4754 ac:
1723 4701 1856 4766 Θεὸς

279 4788 605 4856 ἐπίσταμαι,
643 4788 725 4840 διὸ
760 4788 855 4841 καὶ
900 4788 1134 4858 εἴρηται,
1173 4808 1192 4841 ι
1240 4791 1480 4856 Ἐτάζων
1506 4793 1734 4862 καρδίας
1762 4797 1856 4847 καὶ

280 4882 538 4950 νεφροὺς,
572 4882 600 4934 ὁ
625 4879 777 4943 Θεός.
815 4899 832 4931 ι
853 4881 1008 4933 Ἐπεὶ
1035 4878 1127 4936 οῦν
1160 4884 1228 4954 τῇ
1254 4882 1516 4956 δεδομένῃ
1544 4885 1679 4954 αὐτῇ
1719 4887 1856 4955 πρὸς

284 4973 576 5040 μετάνοιαν
592 4973 776 5026 ἀνέσει
791 4973 890 5025 οὐκ
917 4975 1208 5044 ἐχρήσατο,
1241 4974 1398 5029 Ἰδοὺ
1423 4975 1510 5041 βά
1527 4980 1638 5030 ιλω
1659 4979 1767 5032 αὐτ
1780 4979 1855 5045 ὴν

278 5067 356 5130 εἰς
385 5065 628 5134 κλίνην
653 5065 772 5119 ἀντὶ
805 5064 922 5129 τοῦ,
953 5067 1034 5128 είς
1075 5066 1408 5138 ἀρρωστίαν.
1462 5064 1585 5123 Dida
1617 5071 1729 5142 γὰρ
1752 5072 1850 5142 τὴν

281 5159 472 5228 κλίνην
497 5159 531 5229 ἡ
563 5156 754 5228 Γραφὴ
799 5157 909 5211 ἀπὸ
935 5157 1034 5227 τῆς
1073 5158 1387 5228 ἀρρωστίας
1417 5159 1739 5230 λαμϐάνειν,
1776 5162 1854 5227 ὡς

283 5252 409 5303 ὅταν
451 5250 584 5321 λέγῃ
621 5267 634 5281 ·
681 5267 699 5301 ι
740 5250 910 5320 Ὅλην
935 5249 1034 5320 τὴν
1064 5249 1253 5321 κλίνην
1283 5250 1453 5304 αὐτοῦ
1494 5252 1763 5324 ἔστρεψας
1793 5257 1852 5308 ὲν

281 5343 347 5412 τῇ
377 5342 660 5414 ἀρρωστίᾳ
692 5338 880 5406 αὐτοῦ,
925 5361 942 5392 ι
1002 5341 1192 5411 κλίνην
1233 5342 1336 5411 τὴν
1387 5342 1543 5397 νόσον
1602 5345 1850 5415 φάσκων,

289 5431 722 5502 μεταϐεϐλῆσθαι
762 5434 855 5485 ἐπὶ
907 5433 969 5485 τὸ
1013 5433 1243 5502 βέλτιον,
1276 5433 1444 5504 ῆγουν
1495 5437 1578 5499 είς
1613 5438 1847 5504 ὑγίειαν.

286 5524 463 5592 Αὐτὴν
495 5523 594 5594 μὲν
627 5517 721 5577 οῦν
748 5524 891 5578 οὕτω
936 5522 1194 5580 κακώσω.
1227 5525 1368 5588 Τοὺς
1404 5526 1458 5578 δὲ
1493 5529 1851 5598 μοιχεύοντας

291 5617 405 5685 μετ’
432 5618 626 5690 αὐτῆς,
655 5618 782 5683 τοὺς
805 5619 1096 5688 συνεργοὺς
1129 5621 1222 5673 καὶ
1249 5621 1683 5692 συγκροτοῦντας
1709 5625 1846 5696 αὐτῇ

355 5773 402 5808 ⁷ο
425 5773 569 5836 Psal.
607 5794 693 5839 εγ.
718 5780 807 5840 59.
884 5779 922 5810 ⁷¹
966 5794 1168 5834 aerem.
1207 5781 1360 5847 “1,9.

1956 4612 2382 4670 eonsiderationi
2422 4626 2536 4667 sua:
2571 4611 2790 4666 salutis.

2030 4707 2099 4760 Et
2121 4721 2222 4760 non
2250 4705 2359 4759 vult
2390 4704 2716 4774 resipiscere.
2751 4700 2886 4755 Nam
2921 4700 3024 4756 hoc
3085 4708 3344 4769 tanquwm
3398 4697 3541 4754 Dens

1956 4813 2228 4868 cognosco
2255 4816 2267 4852 :
2301 4797 2506 4852 ideirco
2532 4795 2696 4850 etiam
2731 4793 2938 4848 dictum
2971 4802 3073 4858 est,
3105 4813 3120 4843 ι
3163 4791 3429 4846 Scrutans
3453 4808 3540 4844 rc-

1961 4908 2055 4946 nes
2082 4902 2134 4944 et
2153 4890 2318 4944 corda
2351 4889 2496 4943 Deus
2527 4888 2592 4942 ⁷³.
2633 4907 2652 4938 ι
2695 4886 2857 4957 673
2903 4885 3172 4952 Quoniam
3218 4884 3382 4955 igitur
3412 4884 3542 4936 dato

1957 4982 2058 5052 ipsi
2092 4982 2267 5051 spatio
2295 4982 2360 5035 ad
2379 4978 2757 5050 paenitentiam
2793 4992 2898 5031 non
2923 4985 3006 5031 est
3037 4993 3156 5042 usa,
3208 4975 3343 5028 Ecce
3377 4976 3535 5029 mitto

1960 5093 2076 5130 eam
2109 5077 2160 5129 iu
2190 5075 2400 5137 lectum,
2435 5074 2536 5127 hoc
2567 5080 2669 5138 est,
2702 5072 2754 5125 in
2781 5071 3179 5140 :egritudinem.
3213 5070 3365 5124 Solet
3394 5069 3538 5124 enim

1963 5166 2244 5230 Scriptura
2273 5165 2470 5219 lectum
2497 5163 2566 5218 ab
2597 5162 2968 5219 imbecillitate
2997 5162 3264 5231 accipere,
3309 5172 3368 5216 ut
3413 5177 3540 5216 cum

1957 5257 2178 5321 dixerit,
2224 5273 2244 5308 ι
2287 5253 2607 5310 Universum
2643 5254 2836 5309 lectum
2877 5253 2998 5321 ejus
3035 5252 3242 5306 vcrtisti
3283 5252 3336 5306 in
3389 5251 3540 5304 inﬁr-

1959 5351 2145 5403 mitate
2175 5349 2293 5418 ejus
2316 5349 2384 5412 ⁷⁵,
2426 5367 2444 5398 ι
2484 5348 2683 5402 lectum
2713 5347 2903 5400 dicens
2933 5344 3208 5407 morbum,
3228 5353 3282 5398 et
3324 5359 3537 5398 versum

1954 5457 2074 5497 esse
2106 5442 2158 5496 in
2193 5441 2384 5496 melius
2408 5441 2521 5496 sive
2549 5441 2612 5495 ad
2654 5440 2966 5495 sanilatem.
2987 5437 3180 5506 ‘lpsam
3211 5437 3393 5505 itaque
3422 5452 3541 5490 ma-

1955 5534 2022 5590 lis
2061 5535 2308 5589 alliciant.
2359 5534 2463 5588 Eos
2506 5547 2634 5588 vero
2680 5531 2930 5602 quicum
2985 5545 3046 5583 ea
3083 5527 3535 5590 connuisccntur,

1954 5627 2008 5681 id
2042 5637 2147 5692 est,
2193 5625 2286 5698 qui
2323 5636 2690 5698 cooperantur
2712 5623 2993 5681 ctauxilio
3033 5629 3162 5678 sunt
3203 5617 3272 5676 ad
3332 5619 3542 5676 abomi-

1467 5784 1508 5813 '”
1539 5778 1707 5838 Emi.
1741 5800 1829 5846 xx,
1859 5789 1909 5842 7.
1987 5789 2032 5820 ⁷³
2070 5789 2212 5843 Psal.
2237 5802 2334 5850 vn,
2364 5788 2445 5840 10.
2524 5789 2569 5819 7‘
2601 5787 2743 5843 Psal.
2778 5803 2863 5850 τι..
2889 5786 2942 5841 ι.
