4042 6584
466 321 571 385 543

1297 323 1625 384 ΑΒΕΤΠΕ
1658 323 2037 386 CESAREE
2073 324 2551 409 CAPPADOCUE
2586 326 2927 390 EPISCOPI

3624 323 3729 388 544

465 437 643 491 nanda
701 435 951 509 foedaque
1005 438 1279 510 dogmata,
1326 440 1731 494 calamitatibus
1787 441 2041 510 amigam.

2146 443 2214 495 τὰ
2249 442 2477 514 βδελυρά
2508 445 2603 496 καὶ
2632 443 2946 514 βορϐορώδη
2996 442 3264 512 δόγματα,
3293 432 3385 497 διὰ*
3428 444 3730 514 συμφορῶν

467 529 635 585 Filios
666 547 795 585 vero
819 533 1191 600 (successores
1244 532 1560 601 hujusmodi
1613 533 2039 587 abominationis

464 624 741 692 appnllans
802 624 968 696 ﬁlios)
1006 626 1057 679 iu
1115 634 1368 691 mortem,
1402 625 1594 694 inquit,
1652 626 2033 681 transmittam.

463 714 681 769 Etiilos
705 716 924 785 quidem
958 718 1030 771 ita
1073 718 1340 774 tractabo.
1391 716 1563 771 Porro
1629 717 1785 771 vobis
1838 717 2039 786 quibus

463 808 600 861 nihil
624 823 912 863 commune
934 819 1018 865 est
1046 825 1168 865 cum
1194 810 1459 875 adultera,
1510 824 1635 865 cum
1669 809 2039 879 simpliciores

463 899 607 959 sitis.
636 902 777 955 etob
808 919 1019 957 morum
1057 904 1461 973 simplicitatem
1496 903 1547 957 in
1591 903 1901 958 innocentia
1922 919 2040 957 am-

462 990 655 1047 bulare
684 992 736 1046 iu
770 994 949 1047 medio
977 995 1171 1051 domus
1201 1006 1394 1049 vestrae
1428 995 1556 1051 dicti
1581 998 1736 1060 estis,
1777 998 2037 1065 quoniam

462 1100 571 1138 non
601 1095 685 1141 est
706 1085 966 1141 fortitudo
995 1105 1115 1158 quae
1147 1089 1282 1143 adeo
1301 1090 1457 1145 malis
1479 1099 1533 1144 et
1552 1090 1878 1159 loquacitate
1900 1106 2041 1160 prte-

462 1178 611 1242 ditis,
649 1179 702 1232 in
736 1180 973 1234 versutia
1028 1182 1319 1235 verborum
1379 1192 1563 1250 posset
1594 1197 1898 1253 repugnare
1932 1201 1945 1237 :
1982 1191 2038 1237 et

461 1267 630 1321 veluti
669 1270 761 1339 qui
797 1269 1061 1336 profunda
1104 1272 1250 1327 illius
1275 1272 1496 1341 maligni
1527 1282 1584 1327 ut
1610 1274 1822 1337 dicunt,
1869 1285 1923 1327 et
1951 1274 2039 1327 in-

461 1356 627 1410 siiiias
669 1358 840 1425 ipsius
870 1374 973 1411 non
1021 1361 1271 1425 novistis,
1301 1362 1475 1424 vobis,
1524 1346 1769 1431 inquam,
1828 1364 2037 1417 nullum

462 1448 673 1514 pondus
699 1450 1140 1519 superimpouam
1178 1470 1193 1505 :
1233 1452 1443 1520 pondus
1491 1461 1671 1507 autem
1724 1462 1883 1507 vocat
1938 1470 2037 1523 pu-

458 1555 620 1609 gnam
649 1541 936 1596 verborum
973 1561 985 1597 :
1026 1542 1258 1609 Suilii-it,
1321 1544 1517 1613 inquit,
1578 1545 1708 1599 mihi
1737 1545 2038 1614 exploratio

457 1630 751 1700 diligenter
787 1641 1000 1699 peracta
1043 1648 1137 1700 per
1184 1646 1371 1701 Opera,
1424 1648 1488 1686 ex
1552 1633 1798 1687 custodia
1849 1646 2035 1687 eorum

456 1738 579 1791 qum
610 1722 765 1776 vobis
802 1722 869 1775 ab
906 1723 1063 1776 iuitio
1095 1723 1289 1776 tradita
1339 1722 1576 1777 fuerant.

534 1812 659 1868 Nisi
700 1814 1058 1882 paenitentiam
1091 1815 1312 1881 egerint.
1350 1813 1406 1868 In
1444 1815 1608 1869 minis
1637 1830 1853 1885 quoque
1884 1814 2038 1869 beni-

458 1906 639 1975 gnitas
690 1907 1051 1976 conspicitur.
1097 1905 1287 1976 Neque
1325 1908 1469 1961 enim
1517 1909 1768 1976 protinus
1818 1908 2036 1976 dignam

456 1998 621 2055 infert
651 1999 914 2053 ultionem
937 2040 952 2065 ,
992 2000 1085 2054 sed
1116 2000 1375 2068 impetum
1407 2000 1853 2054 terriculamento
1881 2000 2041 2053 attol-

454 2090 538 2156 lit,
575 2106 687 2162 quo
718 2092 962 2161 urgendo
991 2090 1149 2148 crua’t
1179 2093 1580 2163 pmniteutiatn.

522 2274 595 2328 Et
632 2284 942 2345 cognoscent
974 2291 1151 2329 omnes
1186 2274 1460 2330 Ecclesiw.
1492 2275 1631 2341 Quia
1668 2277 1906 2331 han-«tici
1946 2292 2042 2334 oc-

452 2366 597 2421 culte
630 2367 990 2421 abomiuanda
1025 2376 1261 2436 patraut,
1287 2384 1406 2438 qua:
1428 2368 1677 2422 videlicet
1717 2369 1878 2438 vulgo
1910 2371 2039 2424 abs-

451 2456 674 2512 condita
742 2467 873 2511 sunt
925 2476 938 2511 :
988 2457 1119 2511 latet
1166 2460 1311 2511 cnim
1364 2458 1550 2513 ﬁdeles
1604 2458 1748 2527 quod
1805 2460 1880 2513 illi
1938 2460 2041 2513 sub

452 2545 892 2600 Christianorum
970 2549 1263 2604 vocatione
1329 2549 1707 2612 occulteutur,
1785 2566 1884 2620 ego
1946 2551 2038 2621 qui

452 2634 819 2703 deprehendi,
852 2648 1038 2690 notum
1072 2636 1271 2691 faciam
1308 2638 1567 2693 omnibus
1604 2637 1864 2695 Ecclcsiis
1895 2641 2040 2709 quod

451 2741 554 2796 ego
586 2727 675 2781 ille
709 2726 825 2797 ipse
860 2728 963 2783 sim
998 2730 1090 2799 qui
1142 2744 1300 2784 renes
1330 2739 1384 2784 et
1418 2731 1582 2785 corda
1615 2742 1891 2785 scrutatur
1922 2750 1935 2785 :
1970 2731 2039 2787 de

449 2834 563 2889 quo
578 2820 739 2874 etiam
762 2821 838 2874 ait
858 2822 1026 2876 Isaias
1053 2825 1133 2876 πε
1174 2842 1191 2873 ι
1216 2822 1592 2878 Occultabitur
1620 2824 1671 2877 in
1695 2824 2036 2891 abscondito,

450 2922 507 2967 et
532 2910 647 2982 ipse
676 2928 783 2967 non
818 2915 1035 2969 videbit.
1060 2918 1256 2971 Annon
1285 2918 1486 2973 caelum
1519 2930 1571 2973 ct
1601 2929 1798 2973 terram
1817 2931 1918 2987 ego
1942 2916 2041 2970 im-

448 3004 597 3076 pleo,
640 3005 771 3062 dicit
814 3006 1115 3065 Dominus?
1149 3029 1167 3062 ι
1200 3009 1471 3076 Quoniam
1528 3011 1690 3081 igitur
1735 3010 1946 3065 haecita
1980 3023 2039 3064 se

2142 531 2333 602 θλίψω.
2389 533 2472 586 Τὰ
2515 535 2683 588 τέκνα
2734 534 2792 587 δὲ
2852 534 3042 604 (τέκνα
3100 536 3229 597 τοὺς
3277 534 3559 602 διαδόχους
3626 535 3729 601 τῆς

2140 623 2397 695 τοιαύτης
2443 623 2731 692 ὀνομάζων
2766 624 3073 695 βδελυρίας)
3106 625 3346 694 θανάτῳ,
3375 626 3531 695 φησὶ,
3564 642 3731 694 μετε-

2142 714 2429 783 λεύσομαι.
2459 716 2766 779 Κάκείνους
2811 716 2912 786 μὲν
2958 717 3153 780 οὕτως.
3202 717 3369 787 Ὑμῖν
3423 717 3481 770 δέ
3517 711 3603 779 οἷς
3636 716 3733 769 οὐ-

2140 806 2231 859 δὲν
2284 806 2465 861 κοινὸν
2497 806 2637 877 πρδς
2689 806 2790 877 τὴν
2850 807 3141 875 μοιχαλίδα
3198 807 3597 875 ἁπλουστέροις
3662 823 3727 858 τε

2143 894 2315 963 οὖσιν,
2356 897 2447 951 καὶ
2474 898 2562 951 διὰ
2594 898 2814 969 τρόπων
2850 898 3128 967 ἁπλότητα
3160 898 3218 951 ἐν
3261 898 3469 968 ἀκακία
3497 897 3733 967 πορεύε-

2147 991 2270 1045 σθαι
2293 990 2521 1060 καρδίας
2548 991 2608 1044 ἐν
2642 991 2794 1061 μέσῳ
2812 990 2907 1044 τοῦ
2933 991 3084 1044 οίκου
3114 991 3266 1061 ὑμῶν
3299 990 3729 1062 προῃρημένοις.

2143 1084 2373 1153 ἐπείπερ
2412 1083 2514 1136 οὐκ
2546 1083 2695 1136 ἐστιν
2731 1084 2885 1153 ἰσχὺς
2917 1084 3054 1153 πρὸς
3102 1084 3231 1145 τοὺς
3266 1082 3411 1135 οὕτω
3448 1081 3729 1151 πονηροὺς

2144 1174 2239 1227 καὶ
2266 1174 2652 1244 εὑρεσιλόγους
2676 1176 2743 1245 τῇ
2776 1173 3085 1246 πανουργίᾳ
3113 1174 3223 1227 τῶν
3262 1173 3438 1242 λόγων
3464 1172 3731 1227 ἀντικαθο

2148 1263 2417 1327 ίστασθαι,
2462 1264 2559 1318 ἆτε
2620 1266 2714 1317 καὶ
2753 1265 2820 1318 τὰ
2868 1264 3006 1334 βάθη
3048 1264 3144 1317 τοῦ
3193 1263 3434 1335 πονηροῦ
3480 1265 3577 1317 καὶ
3627 1264 3731 1324 τὰς

2145 1356 2424 1425 μεθοδείας
2457 1355 2661 1420 αὑτοῦ,
2730 1356 2808 1419 ὥς
2866 1374 3024 1425 φατε,
3072 1357 3146 1427 μὴ
3190 1356 3513 1423 ἐγνωκόσιν,
3571 1354 3729 1409 οὐδὲν

2142 1449 2393 1520 ἐπιθήσω
2426 1450 2591 1520 βάρος
2635 1450 2793 1521 φησὶ,
2850 1450 3039 1521 (βάρος
3068 1450 3125 1503 δὲ
3157 1450 3256 1521 τὴν
3288 1450 3379 1503 διὰ
3406 1450 3518 1501 τῶν
3544 1447 3728 1515 λόγων

2147 1542 2327 1612 μάχην
2358 1543 2567 1612 φησίν).
2608 1543 2815 1612 ’Δρκεῖ,
2843 1542 3031 1613 φησὶν,
3062 1543 3188 1612 ἐμοὶ
3209 1542 3271 1595 τὸ
3302 1539 3391 1593 διὰ
3413 1540 3524 1594 τῶν
3544 1540 3729 1608 ἔργων

2140 1637 2387 1707 δοκίμιον
2429 1640 2493 1691 ἐκ
2526 1637 2773 1707 φυλακῆς
2800 1637 2908 1689 τῶν
2948 1636 3008 1701 ἐξ
3045 1636 3223 1707 ἀρχῆς
3257 1633 3727 1707 παραδεδομένων

2144 1730 2275 1801 ὑμῖν
2309 1730 2555 1800 ἀκριῦῶς
2587 1730 3047 1800 κατορθούμενον.

2226 1823 2372 1877 Ἐὰν
2424 1824 2509 1892 μὴ
2556 1822 3041 1892 μετανοήσωσιν.
3097 1821 3207 1876 Καὶ
3286 1821 3346 1873 ἐν
3397 1820 3462 1889 τῇ
3521 1815 3724 1885 ἀπειλῇ

2142 1914 2449 1984 χρηστότης
2506 1915 2877 1982 ἐνθεωρεῖται.
2928 1913 3003 1965 Οὐ
3052 1908 3163 1983 γάρ
3215 1911 3409 1977 ἐπάγει
3454 1907 3725 1979 ἀμελλητὶ

2139 2004 2239 2073 τὴν
2274 2003 2431 2068 ἀξίαν
2459 2005 2750 2073 τιμωρίαν,
2782 2003 2917 2056 ἀλλᾶ
2950 2002 3269 2073 μετεωρίζει
3296 2001 3396 2070 τὴν
3421 1998 3725 2067 ἐπαγωγὴν

2145 2094 2526 2164 μορμολυκείῳ
2585 2093 2773 2167 ὥσπερ
2827 2093 3233 2148 ἐπισπάσασθαι
3281 2093 3380 2161 τὴν
3428 2093 3727 2161 μετάνο.αν

2141 2186 2499 2253 κατεπείγων.

2213 2278 2322 2331 Καὶ
2372 2280 2707 2347 γνώσονται
2749 2277 2936 2333 πᾶσαι
2982 2278 3043 2330 αῖ
3095 2273 3461 2341 Ἐκκλησίαι.
3512 2270 3611 2323 Διά
3664 2269 3725 2321 τὸ

2142 2371 2385 2441 κρυφίως
2421 2370 2547 2433 τοὺς
2580 2368 2910 2439 αῖρεσιώτας
2941 2368 3009 2421 τά
3053 2366 3282 2438 βδελυρά
3324 2364 3617 2435 πράττειν,
3650 2360 3725 2413 τά

2140 2463 2383 2532 δηλονότι
2409 2463 2739 2516 λανθάνοντα
2774 2463 2897 2525 τοὺς
2939 2460 3167 2521 πολλοὺς
3193 2457 3477 2529 (λανθάνει
3509 2454 3566 2507 δέ
3595 2453 3725 2516 τοὺς

2142 2556 2367 2618 πιστοὺς
2396 2555 2501 2608 ὑπὸ
2536 2558 2603 2625 τῇ
2640 2553 2982 2625 Χριστιανῶν
3012 2552 3201 2621 κλήσει
3243 2546 3724 2618 ἐναφανιζομένων

2143 2644 2430 2715 ἐκείνων).
2476 2643 2587 2712 ἐγὼ
2634 2644 2915 2713 φωράσας,
2956 2643 3157 2711 γνῶσιν
3195 2643 3315 2704 ταῖς
3367 2636 3723 2706 Ἐκκλησίαις

2142 2735 2409 2805 παράσχω
2452 2735 2685 2799 πάσαις,
2718 2736 2799 2788 ὅτι
2837 2735 3044 2797 ἐκεῖνος
3074 2728 3224 2796 οὗτός
3251 2733 3386 2802 είμι,
3426 2733 3455 2784 ὁ
3483 2728 3725 2799 νεφροὺς

2142 2825 2379 2895 ἐρευνῶν
2426 2826 2521 2878 καὶ
2564 2825 2812 2895 καρδίας⁹
2865 2826 2996 2896 περὶ
3037 2818 3100 2879 οὗ
3139 2824 3234 2877 καὶ⁹
3283 2823 3512 2886 Ἠσαίας
3559 2819 3717 2889 φησί·

2148 2936 2167 2970 ι
2209 2917 2558 2989 Κρυσήσεται
2598 2920 2657 2973 ἐν
2684 2921 2908 2989 κρυφῇ,
2942 2920 3035 2973 καὶ
3068 2919 3229 2982 αὐτὸς
3267 2919 3367 2972 οὐκ
3400 2917 3613 2987 δψεται.
3648 2915 3721 2967 Ἦ

2141 3010 2261 3079 οὐχὶ
2298 3010 2389 3063 τὸν
2409 3009 2638 3081 οὐρανὸν
2670 3011 2764 3063 καὶ
2790 3012 2889 3082 τὴν
2920 3011 3023 3079 γῆν
3055 3009 3164 3077 ἐγὼ
3192 3010 3403 3080 πληρῶ,
3431 3008 3581 3077 λέγει
3606 3005 3722 3059 K6-

448 3097 672 3163 habcnt,
702 3101 997 3173 unicuique
1028 3105 1324 3173 rependam
1358 3104 1666 3160 mercedem
1702 3119 1815 3158 sua:
1847 3101 2040 3171 nequi-

2152 3120 2297 3174 ριος;
2346 3121 2364 3154 ι
2428 3103 2583 3156 Ἐπεὶ
2622 3102 2801 3155 τοίνυν
2840 3100 3015 3154 ταῦτα
3057 3100 3230 3164 οὕτως
3260 3100 3403 3170 ἔχει,
3443 3097 3722 3167 κατάλλη-

448 3188 540 3244 tiae
567 3192 831 3249 debitam.

526 3373 594 3439 ll,
629 3372 823 3428 25-29.
874 3372 1031 3428 Vobis
1071 3383 1246 3428 autem
1279 3373 1397 3426 dico
1429 3382 1476 3426 et
1508 3373 1708 3426 cwteris
1749 3374 1838 3441 qni
1870 3372 2044 3443 Thyn-

448 3469 567 3523 tirte
597 3476 739 3530 sunt,
767 3475 1019 3535 quotquot
1054 3483 1154 3519 non
1186 3467 1375 3519 habent
1408 3466 1541 3516 lianc
1572 3464 1892 3527 doctrinam,
1924 3466 2044 3536 qui-

444 3575 546 3629 que
596 3573 698 3611 non
739 3567 1085 3627 cognoverunt
1137 3557 1525 3625 profunditales
1575 3557 1829 3625 Satanae,
1883 3561 2041 3614 ueluti

445 3650 651 3711 dicunt,
691 3647 812 3702 Non
847 3650 1056 3701 mittant
1084 3648 1251 3719 674
1278 3666 1435 3717 super
1476 3667 1561 3703 vos
1608 3651 1755 3703 aliud
1783 3652 1987 3719 pondus
2017 3677 2039 3715 ,-

452 3750 633 3794 tamen
678 3742 733 3794 id
778 3744 917 3810 quod
949 3740 1152 3794 habetis
1186 3751 1351 3794 tenete
1381 3742 1543 3795 donec
1576 3744 1800 3797 veniam.
1851 3742 1917 3796 Et
1950 3744 2041 3813 qui

446 3832 635 3886 vicerit
660 3843 709 3886 et
746 3835 1056 3887 custodierit
1090 3848 1254 3903 usque
1276 3834 1329 3886 in
1355 3834 1515 3901 ﬁnem
1542 3851 1697 3901 opera
1732 3851 1866 3899 mea,
1892 3836 2036 3889 dabo

442 3925 545 3992 ipsi
566 3935 880 3995 potestatem
909 3943 1067 3995 super
1094 3936 1293 3996 gentes,
1318 3935 1367 3977 et
1401 3935 1537 3995 reget
1565 3941 1653 3980 ens
1680 3927 1733 3979 in
1759 3928 1903 3997 virga
1932 3927 2038 3995 fer—

445 4033 535 4068 rea
572 4031 590 4069 :
625 4026 681 4069 ut
713 4034 837 4070 vasa
859 4016 1052 4086 ﬁctilia
1078 4026 1435 4071 conterentur.
1472 4016 1622 4072 Sicut
1652 4028 1700 4073 et
1734 4036 1827 4090 ego
1854 4022 2033 4091 accepi

444 4125 478 4161 a
523 4108 683 4162 Patre
719 4126 851 4176 meo,
885 4120 933 4162 et
978 4109 1114 4163 dabo
1164 4110 1261 4175 ipsi
1306 4110 1516 4164 stellam
1556 4113 1896 4167 matutinum.
1929 4113 2036 4179 Qui

444 4202 597 4256 liabet
632 4219 836 4269 aurem,
860 4204 1043 4256 audiat
1066 4203 1192 4273 quid
1225 4201 1459 4273 Spiritus
1491 4204 1638 4259 dicat
1669 4204 1944 4261 Ecclesiis.

513 4464 617 4522 Ubi
638 4465 983 4520 denuntiavit
1003 4481 1447 4535 unumquemque
1479 4466 1563 4521 sui
1590 4467 1793 4522 laboris
1811 4468 2026 4537 dignam
2055 4460 2108 4520 D

442 4558 625 4613 sortiri
672 4558 1119 4620 retributionem,
1178 4558 1461 4627 subjuugit
1509 4573 1729 4628 quoque
1771 4558 2030 4629 deinceps

442 4652 733 4721 inquibus
778 4652 913 4704 dans
957 4666 1177 4717 operam
1246 4659 1616 4719 consequetur
1661 4650 1709 4704 id
1757 4650 1904 4721 quod
1943 4652 2029 4705 di-

440 4759 607 4814 gnum
661 4752 766 4797 est.
811 4741 914 4808 Qui
951 4743 1115 4812 igitur
1165 4757 1273 4795 non
1316 4742 1519 4795 habent
1560 4756 1847 4796 erroneam
1891 4743 2031 4800 hanc

441 4835 823 4890 haereticorum
853 4834 1180 4897 doctrinam,
1210 4834 1331 4898 hos,
1365 4832 1566 4901 inquit,
1592 4848 1692 4903 ego
1724 4835 2027 4904 suscipiens

438 4936 730 4983 contentus
756 4942 853 4981 ero
886 4928 1198 4994 incorrupta
1245 4924 1626 4979 observatione
1657 4924 2023 4995 simplicitatis

437 5037 604 5092 quam
639 5028 988 5088 acceperunt,
1017 5032 1084 5071 ex
1106 5030 1215 5084 quo
1245 5016 1409 5069 etiam
1439 5014 1835 5085 profunditates
1867 5019 2022 5088 igno-

439 5130 566 5170 rare
607 5112 823 5169 Satana:
862 5110 1091 5165 omnino
1139 5107 1393 5161 convenit
1442 5106 1557 5171 eis,
1599 5109 1762 5164 veluti
1810 5111 2018 5167 dicunt.

439 5206 663 5270 Pondus
696 5219 824 5260 vero
855 5202 991 5256 dicit
1034 5198 1338 5255 molestiam
1371 5215 1493 5268 qua:
1527 5216 1591 5255 ex
1627 5202 1852 5258 verbosa
1885 5221 2019 5259 con-

440 5301 684 5360 tentione
718 5295 997 5351 inducitur
1046 5293 1188 5345 inter
1231 5307 1327 5346 eos
1373 5293 1461 5361 qui
1505 5306 1746 5362 pugnant
1775 5298 1953 5353 verbis
2003 5316 2017 5352 :

440 5406 661 5446 servum
703 5397 885 5441 autem
924 5383 1136 5437 Domini
1170 5397 1277 5435 non
1310 5392 1521 5452 oportet
1550 5400 1806 5457 pugnare.
1852 5390 2019 5459 Digna

442 5482 815 5538 comminatus
857 5475 1121 5545 supplicia
1162 5474 1244 5530 his
1277 5476 1369 5546 qui
1403 5477 1662 5534 obscaena
1702 5494 2021 5553 operantur.

441 5578 509 5633 ad
538 5591 634 5632 eos
661 5570 923 5629 transfert
952 5584 1258 5625 sermonem
1284 5572 1376 5641 qui
1411 5572 1793 5645 simpliciorcm
1820 5577 2025 5644 degunt

516 5761 562 5795 ’⁵
592 5759 707 5819 ltno
741 5756 1028 5820 Jeremins,
1058 5770 1215 5821 nm,
1243 5754 1334 5811 25.

2148 3195 2238 3248 λον
2269 3196 2483 3265 ἑκάστῳ
2513 3194 2616 3265 τῆς
2647 3193 2852 3251 οἰκείας
2874 3192 3261 3265 φιλοπονηρίας
3287 3194 3380 3246 καὶ
3403 3192 3495 3244 τὸν
3525 3188 3725 3261 μισθὸν

2145 3286 2550 3355 ἐπιϐρασεύσω.

2230 3377 2397 3446 Ὑμῖν
2428 3377 2497 3431 δὲ
2534 3376 2708 3447 λέγω.
2751 3376 2851 3431 και
2881 3376 3004 3444 τοῖς
3048 3375 3283 3441 λοιποῖς
3309 3373 3433 3441 τοῖς
3457 3373 3529 3428 ἐν
3568 3374 3725 3426 Θυα-

2144 3468 2397 3535 τείροις,
2436 3466 2569 3521 ὅσοι
2613 3468 2725 3520 οὐκ
2772 3466 2985 3535 ἔχουσι
3017 3466 3129 3533 τὴν
3171 3463 3428 3531 διδαχὴν
3468 3463 3719 3528 ταύτην,

2141 3560 2359 3624 οἵτινες
2390 3558 2502 3611 οὐκ
2543 3556 2819 3626 ἔγνωσαν
2850 3557 2920 3609 τὰ
2951 3555 3143 3619 βαθέα
3193 3554 3300 3608 τοῦ
3330 3552 3567 3608 Σατανᾶ
3589 3594 3605 3618 ,
3639 3553 3725 3617 ὡς

2140 3652 2431 3722 λέγουσιν
2459 3668 2475 3682 ·
2519 3653 2601 3705 Οὐ
2653 3650 2871 3715 ,βάλλω
2938 3649 3031 3718 ἐφ’
3078 3648 3235 3717 ὑμᾶς
3296 3648 3453 3701 ἄλλο
3499 3646 3720 3713 βάρος.

2144 3744 2317 3811 Πλὴν
2360 3743 2391 3796 ὃ
2431 3744 2599 3810 ἔχετε
2637 3742 2979 3810 κρατήσατε
3008 3740 3180 3807 ἄχρις
3203 3735 3275 3795 οὗ
3320 3738 3397 3792 ἂν
3425 3737 3574 3804 ἥξω.
3608 3738 3723 3790 Καὶ

2140 3840 2175 3891 ὁ
2210 3836 2397 3890 νικῶν
2444 3836 2541 3889 καί
2588 3838 2621 3889 ὀ
2652 3834 2847 3902 τηρῶν
2875 3834 3013 3901 ἄχρι
3053 3832 3269 3897 τέλους
3306 3830 3378 3883 τὰ
3405 3830 3549 3899 ἔργα
3573 3846 3719 3898 μου,

2140 3927 2311 3982 δώσω
2352 3924 2513 3991 αὐτῷ
2538 3926 2829 3989 ἐξουσίαν
2853 3924 2950 3977 ἐπὶ
2983 3922 3100 3977 τῶν
3124 3920 3345 3986 ἐθνῶν,
3374 3920 3473 3973 καί
3502 3935 3690 3986 ,ποιμα

2139 4019 2235 4072 νεῖ
2259 4017 2482 4083 αὐτοὺς
2522 4018 2592 4071 ἐν
2626 4016 2828 4085 ρἀδφ
2875 4009 3095 4082 σιδηρᾷ
3122 4030 3135 4043 ’
3184 4015 3265 4079 ὡς
3306 4014 3377 4067 τὰ
3409 4013 3601 4077 σκεύη
3647 4009 3727 4063 τὰ

2138 4112 2423 4181 κεραμικὰ
2456 4110 2942 4179 συντριϐήσεται.
2989 4107 3086 4173 Ὠς
3119 4105 3279 4175 κάγὼ
3306 4107 3529 4173 εἴληφα
3557 4105 3724 4170 παρὰ

2136 4205 2243 4259 τοῦ
2274 4204 2506 4272 Πατρός
2526 4221 2668 4271 μου,
2706 4202 2802 4256 καί
2836 4198 3006 4254 δώσω
3032 4199 3192 4263 αὐτῷ
3217 4198 3322 4251 τὸν
3353 4194 3580 4263 ἀστέρα
3610 4194 3725 4247 τὸν

2135 4298 2417 4365 πρωινόν.
2473 4297 2527 4347 ’0
2557 4297 2714 4363 ἔχων
2745 4290 2877 4358 οὖς.
2915 4289 3233 4346 ἀκουσάτω
3272 4289 3330 4344 τί
3362 4288 3431 4343 τὸ
3472 4286 3725 4355 Πνεῦμα

2134 4387 2297 4455 λέγει
2328 4386 2457 4451 ταῖς
2500 4385 2911 4452 Ἑκκλησίαις.

2218 4478 2717 4546 Ἐπαγγειλάμενος
2749 4478 2980 4529 ἕκαστον
3002 4473 3096 4527 τοῦ
3116 4473 3320 4526 οίκείου
3352 4468 3522 4523 κόπου
3555 4468 3719 4532 ἀξίας

2133 4568 2427 4638 τυγχάνειν
2496 4569 2597 4638 τῆς
2656 4568 3015 4630 ἀντιδόσεως,
3089 4565 3335 4635 ἐπιφέρει
3394 4561 3581 4617 λοιπὸν
3620 4560 3723 4612 καὶ

2132 4662 2268 4733 πρὸς
2303 4661 2341 4715 ἀ
2392 4660 2491 4731 τὴν
2549 4660 2812 4730 ἐργασίαν
2865 4656 3188 4727 ἀπασχολῶν
3243 4653 3337 4707 τοῦ
3386 4654 3508 4707 κατ’
3553 4653 3720 4717 ἀξίαν

2130 4754 2399 4819 τεύξεται.
2450 4754 2575 4817 Τοῖς
2606 4748 2701 4806 οὖν
2739 4752 2839 4805 οὐκ
2875 4750 3059 4821 ἔχουσι
3095 4749 3192 4819 τὴν
3238 4748 3447 4818 πλάνην
3491 4746 3722 4816 διδαχὴν

2128 4846 2238 4899 τῶν
2283 4845 2668 4915 αἱρετιζόντων
2691 4882 2707 4904 ,
2739 4842 2960 4901 τούτους
3011 4838 3409 4908 ἀποδεχόμενος
3429 4875 3444 4898 ,
3504 4836 3671 4904 φησίν
3699 4851 3717 4866 ο

2143 4936 2581 5009 Ἀρκεσθησομαι
2608 4936 2674 5003 τῇ
2710 4933 3002 5002 ἀλυμάντῳ
3030 4930 3351 5000 διατηρήσει
3373 4927 3468 4981 τοῦ
3501 4921 3564 4981 οὗ
3587 4926 3722 4979 έλα-

2124 5032 2219 5085 6ον
2254 5027 2553 5091 άπλοῖκοῦ,
2603 5028 2698 5095 ἀφ’
2743 5021 2803 5079 οὗ
2838 5024 3028 5078 καὶτὰ
3076 5023 3214 5094 βάθη
3259 5023 3476 5089 ἀγνοεῖν
3518 5020 3586 5073 τὰ
3618 5018 3718 5072 τοῦ

2126 5122 2346 5175 Σατανᾶ
2377 5118 2660 5189 περίεστιν
2701 5117 2916 5181 αὐτοῖς,
2954 5115 3030 5178 ὡς
3057 5114 3296 5179 λέγουσι.
3339 5111 3513 5182 Βάρος
3540 5110 3621 5171 δέ,
3654 5110 3722 5162 τὸ

2130 5213 2239 5268 ἀπὸ
2299 5214 2397 5283 τῆς
2450 5210 2783 5280 λογομαχίας
2833 5206 3260 5276 ἐπεισαγόμενον
3308 5207 3420 5268 τοῖς
3474 5204 3721 5273 λογομα-

2130 5304 2320 5376 χοῦσιν
2352 5302 2602 5373 ὀχληρόν.
2636 5300 2831 5353 Δοῦλον
2858 5300 2913 5353 δὲ
2963 5300 3169 5369 Κυρίου
3203 5299 3265 5352 οὐ
3301 5297 3381 5350 δεῖ
3414 5296 3717 5367 μάχεσθαι,

2131 5394 2251 5449 εἶτα
2289 5398 2404 5458 τοῖς
2451 5394 2820 5462 αἰσχροποιοῖς
2862 5392 3237 5460 ἐπαπειλήσας
3277 5389 3343 5443 τὰ
3372 5389 3539 5454 ἄξια,
3574 5386 3719 5453 πρὸς

2132 5490 2258 5551 τοὺς
2309 5485 2679 5553 ἁπλούστερον
2722 5484 3171 5554 ἐπανῃρημένους
3214 5481 3361 5550 βιοῦν
3409 5478 3719 5549 μεταφέρει

2135 5579 2444 5649 τὸνλόγον,
2476 5578 2631 5632 οὐδὲν
2677 5575 2806 5631 ἄλλο
2858 5574 3106 5629 ἁπαιτῶν
3139 5574 3234 5629 ἀπ’
3272 5570 3486 5639 αὐτῶν,
3528 5570 3561 5641 ἢ
3612 5568 3717 5642 τὴν
