4042 6590
184 294 199 333 ι

236 459 341 523 5ί5

1299 446 1689 509 COMMENT.
1727 448 1809 508 IN
1850 445 2387 507 APOCALYPSIN.

3408 445 3514 510 546

231 574 443 643 εὐσεϐῆ
499 571 602 641 τῆς
668 569 903 633 πίστεως
970 564 1449 638 παρακαταθήκην
1515 563 1823 632 άλύμαντον

1928 562 2089 615 vitam
2125 579 2138 615 :
2171 561 2301 624 nihil
2332 560 2481 616 aliud
2516 560 2586 615 ab
2619 560 2753 631 ipsis
2783 569 3042 631 expetens
3076 578 3239 632 quam
3279 573 3336 617 ut
3364 563 3516 633 pium

227 664 616 733 διαφυλάττειν
650 664 778 733 ἄχρι
814 662 912 732 τῆς
949 660 1114 714 αὑτοῦ
1146 658 1475 728 παρουσίας.
1508 655 1817 726 Παροσσίαν

228 759 285 811 δὲ
336 755 553 827 λέγειῆ
608 754 706 825 τὴν
736 752 1053 806 τελευταίαν
1099 755 1189 805 ὅτε
1238 751 1338 821 τὴν
1377 751 1595 803 πάντων
1637 748 1819 815 κρίσιν

228 852 373 904 κατὰ
401 849 500 920 τὴν
526 849 789 918 δευτέραν
831 846 996 900 αὑτοῦ
1027 844 1329 916 παρουσίαν
1363 843 1607 913 ποιήσει,
1638 840 1670 909 ἢ
1720 840 1819 911 τὴν

231 945 465 997 ἐκάστου
496 941 798 995 ἁποϐίωσιν
818 983 832 1006 ,
878 940 967 992 ὅτε
1012 939 1148 1009 πρὸς
1178 939 1341 991 αὑτὸν
1371 937 1627 990 ἀπιοῦσιν
1652 938 1817 1006 ἡμῖν,

232 1033 327 1085 ἅτε
366 1034 466 1104 τὴν
508 1032 874 1102 πολυάσχολον
907 1031 1114 1100 ταύτην
1162 1029 1519 1082 ἀπολείπουσι
1571 1025 1717 1097 ζωὴν
1762 1027 1820 1079 ἐν

232 1125 471 1190 ἀσφαλεῖ
496 1123 733 1192 ἐσόμεθα
755 1121 1112 1183 καταστάσει,
1141 1120 1241 1190 τὴν
1271 1119 1461 1172 ἐλπίδα
1484 1118 1595 1170 τῶν
1626 1116 1821 1185 βεϐιω-

235 1217 417 1284 μένων
465 1214 904 1285 ἁπαραλὸγιστον
939 1213 1176 1283 ἔχοντες.
1229 1214 1293 1265 '0
1330 1212 1422 1264 καὶ
1450 1210 1651 1280 μᾶλλον
1681 1228 1822 1263 στοι-

231 1306 347 1374 χεῖν
378 1306 480 1359 οὐκ
509 1306 785 1375 ἀδόκιμον.

302 1396 416 1450 Καὶ
443 1400 477 1450 ὁ
506 1395 691 1450 νικῶν
722 1397 820 1450 καί
852 1399 886 1450 ό
912 1396 1125 1464 τηρῶν.
1161 1396 1283 1450 Τῶν
1315 1397 1415 1467 μὲν
1443 1397 1511 1451 δι’
1542 1398 1820 1468 ἁπλότητα

232 1488 544 1559 ἀπομάχων
601 1491 634 1561 ή
696 1491 927 1561 τήρησις
978 1488 1084 1541 τῶν
1132 1489 1363 1542 ἐντολῶν
1404 1489 1635 1560 ἀρκέσει
1685 1490 1820 1561 πρὸς

230 1578 601 1649 εὐαρέστησιν
647 1579 803 1649 ἐμοί’
866 1578 948 1649 τῷ
995 1579 1050 1632 δὲ
1082 1580 1146 1632 ἐκ
1193 1581 1372 1651 μάχης
1414 1582 1507 1633 καὶ
1545 1580 1722 1651 πάλης
1761 1579 1821 1633 τὸ

229 1670 510 1741 ἀριστεῖον
538 1669 941 1741 ἐπιφερομένῳ,
996 1671 1134 1742 πρὸς
1177 1670 1448 1743 θρίαμϐον
1489 1673 1588 1744 τῆς
1628 1672 1817 1740 νίκης,

230 1757 415 1823 δώσω,
447 1764 636 1830 φησιν,
671 1761 922 1827 ἐξουσίαν
963 1761 1057 1815 ἐπὶ
1097 1762 1206 1815 τῶν
1235 1762 1429 1828 ἐθνῶν,
1461 1764 1601 1835 ἦτοι,
1637 1763 1821 1827 καθὼς

231 1850 292 1902 ἐν
334 1850 696 1919 Εὐαγγελίοις
739 1854 767 1905 ὁ
810 1852 1014 1923 Κύριος
1046 1854 1125 1923 τῷ
1170 1852 1352 1919 καλῶς
1399 1855 1818 1926 οἰκονομήσαντι

230 1941 334 2005 τὰς
367 1944 508 2012 μνᾶς
536 1945 632 1997 καὶ
668 1944 738 1997 τὰ
763 1921 1017 2011 τάλαντα,
1047 1921 1200 2009 Ἔσο,
1228 1947 1416 2017 φησὶν,
1446 1948 1538 2001 ἐπὶ
1560 1921 1692 2000 δέκα
1721 1948 1819 2001 πό-
1852 1921 1893 1975 Β

233 2033 371 2100 λεις,
407 2036 507 2088 καὶ
550 2036 753 2107 ἑτέρῳ,
790 2037 882 2092 ἐπὶ
911 2038 1071 2091 πέντε
1103 2038 1306 2102 πόλεις’
1343 2038 1521 2109 ἀρχὴν
1547 2039 1655 2109 γάρ
1694 2054 1819 2091 τινα

233 2124 329 2176 καὶ
379 2124 632 2191 ἐξουσίαν
672 2127 844 2181 ταῦτα
895 2128 1047 2199 δηλοί
1084 2129 1452 2201 δοθησομένην
1488 2133 1601 2195 τοῖς
1643 2131 1819 2199 ἁγίοις

236 2214 381 2265 κατὰ
430 2214 840 2288 ὑποδεεστέρων
891 2216 988 2270 καὶ
1019 2217 1115 2270 τοῦ
1156 2216 1534 2270 διευθύνασθαι
1584 2216 1817 2289 χρηιζόν-

235 2322 367 2358 των.
411 2306 503 2360 Διὸ
530 2308 625 2362 καὶ
656 2308 737 2372 τὸ,
774 2327 792 2359 ι
842 2308 1066 2372 Ῥάϐδος
1093 2309 1390 2380 εὐθύτητος
1432 2311 1466 2378 ἡ
1497 2309 1693 2381 ῥάϐδος
1722 2310 1821 2380 τῆς

233 2395 521 2467 βασιλείας
554 2415 669 2463 σου,
710 2418 727 2451 ι
760 2400 992 2471 ἁρμόσει
1028 2400 1123 2453 ἐπὶ
1155 2402 1328 2473 ταύτῃ
1366 2404 1432 2474 τῇ
1460 2402 1657 2473 πράξει
1684 2400 1819 2474 (15).

230 2489 580 2544 Αἰνίττεσθαι
625 2492 734 2562 γάρ
781 2493 927 2546 ἔοικε
980 2494 1069 2548 διὰ
1098 2496 1197 2565 τῆς
1223 2495 1422 2566 ῥάϐδου
1452 2496 1551 2565 τῆς
1592 2495 1821 2565 εὐθύτη-

230 2600 322 2646 τος
350 2583 411 2634 τὸ
437 2585 625 2654 ῥητὸν,
652 2583 726 2646 ὡς
747 2584 807 2637 οὐ
836 2585 1164 2657 κολαστικὴν
1214 2588 1520 2656 εἰσηγεῖται
1548 2587 1816 2652 παιδείαν,

229 2674 347 2729 ἁλλ’
390 2677 859 2747 ἐπανορθωτικήν.
892 2677 1004 2748 Τὴν
1049 2678 1106 2731 δὲ
1148 2680 1373 2750 σιδηρᾶν
1413 2679 1610 2751 ῥάϐδον
1643 2680 1821 2744 οὐδεὶς

228 2766 296 2819 δι’
328 2765 465 2821 ἄλλο
494 2784 547 2820 τι
567 2768 802 2822 δίδοσθαί
835 2787 1021 2840 φησιν,
1046 2772 1095 2824 εί
1126 2772 1201 2841 μὴ
1223 2771 1324 2841 τῆς
1356 2770 1498 2826 κατὰ
1524 2773 1819 2845 συντριϐὴν

229 2861 511 2930 τιμωρίας
565 2860 673 2913 τῶν
723 2864 790 2932 τῇ
848 2863 1104 2934 ἀπειθείᾳ
1157 2865 1669 2935 ἐνεσκευασμένων,
1724 2867 1823 2918 καὶ

230 2954 371 3022 πρὶς
424 2955 703 3021 κεραμικὰ
750 2954 918 3025 σκεύη
956 2955 1438 3026 ἁφωμοιωμένων,
1490 2956 1682 3028 ῶσπερ
1723 2957 1820 3011 καὶ

229 3046 263 3113 η
299 3044 402 3113 τῆς
434 3046 719 3112 δυνάμεως
755 3045 949 3117 ῥάϐδος
981 3048 1081 3099 οὐκ
1112 3046 1274 3100 ἁλλου
1310 3047 1455 3110 τινὸς
1494 3046 1819 3112 ἐξαποστελ-

229 3134 440 3205 λομένη
466 3138 531 3189 ὲκ
570 3138 730 3202 Σιὼν,
759 3142 807 3193 εί
839 3138 915 3209 μὴ
944 3139 1045 3209 τῆς
1072 3139 1180 3192 τῶν
1207 3139 1421 3211 ἐχθρῶν
1452 3141 1820 3212 κατακυριεύ-

1924 655 2048 708 tidei
2079 655 2385 723 depositum
2413 664 2631 709 servent
2652 654 3030 723 incorruptum
3059 671 3233 724 usque
3257 656 3324 710 ad
3352 670 3517 710 suum

1924 747 2240 823 adventum.
2288 745 2597 799 Adventum
2639 755 2824 798 autem
2860 744 2991 797 dicit
3027 752 3123 798 aut
3152 756 3514 814 postremum,

1925 839 2146 910 quando
2189 856 2380 895 omnes
2412 839 2654 894 secundo
2685 851 2785 892 suo
2819 837 3054 890 adventu
3081 836 3388 907 judicabit:
3423 846 3519 891 aut

1925 931 2191 1001 cujusque
2226 932 2504 986 interitum
2529 971 2545 997 ,
2579 927 2800 1000 quando
2837 942 2936 982 nos
2980 928 3046 982 ad
3091 944 3216 984 eum
3258 930 3474 983 abimus
3498 968 3513 989 ,

1925 1026 2143 1095 quando
2176 1025 2360 1080 relicta
2398 1024 2501 1079 hac
2547 1023 2859 1077 turbulenta
2903 1021 3015 1075 vita
3051 1022 3104 1075 in
3137 1035 3394 1077 securum
3428 1036 3517 1073 re-

1925 1133 2194 1188 ponetnur
2248 1126 2486 1178 statum,
2537 1112 2878 1168 infallibilem
2933 1112 3198 1167 habentes
3249 1126 3402 1180 spem
3451 1111 3519 1163 de

1926 1214 2011 1269 his
2045 1231 2167 1283 quae
2192 1214 2246 1269 in
2282 1215 2387 1268 vita
2425 1213 2757 1284 peregimus.
2787 1210 2934 1281 quod
2967 1210 3132 1265 etiam
3169 1208 3348 1279 magis
3384 1221 3518 1261 con-

1924 1321 2121 1377 gruere
2154 1322 2259 1359 non
2292 1315 2378 1359 est
2410 1304 2795 1374 improbabile.

1998 1396 2063 1450 Et
2089 1398 2177 1467 qui
2208 1396 2389 1451 vicerit
2428 1407 2476 1449 et
2537 1394 2865 1448 custodierit.
2903 1391 3000 1446 His
3026 1393 3120 1462 qui
3153 1392 3223 1447 ob
3251 1390 3517 1460 simplici-

1926 1500 2089 1547 tatem
2140 1499 2268 1545 sunt
2320 1498 2570 1558 expertes
2613 1502 2839 1557 pugnm,
2874 1486 3009 1541 satis
3060 1486 3162 1539 erit
3207 1483 3517 1539 observatio

1924 1594 2346 1653 praeceptorum,
2380 1588 2440 1634 ut
2470 1578 2602 1632 mihi
2641 1579 2929 1647 placeant:
2961 1578 3009 1630 ei
3039 1591 3167 1629 vero
3193 1575 3287 1644 qui
3320 1589 3383 1629 ex
3411 1587 3517 1643 pu-

1923 1692 2027 1749 gna
2048 1685 2101 1731 et
2125 1676 2269 1729 lucta
2298 1672 2582 1745 praemium
2618 1671 2887 1731 retulerit,
2912 1669 3054 1723 dabo
3079 1668 3145 1721 ad
3173 1665 3512 1736 triumphum

1924 1768 2168 1822 victoriae
2189 1772 2509 1836 potestatem
2532 1777 2695 1833 super
2717 1772 2906 1832 gentes
2941 1777 2956 1814 :
2988 1759 3128 1824 sive,
3153 1757 3515 1827 quemadmoc

1923 1861 2052 1915 dum
2093 1860 2170 1914 ait
2208 1858 2477 1913 Dominus
2515 1857 2568 1911 in
2607 1855 2950 1925 Evangeliis,
2989 1854 3061 1907 illi
3119 1853 3211 1920 qui
3249 1849 3427 1905 minas
3462 1857 3517 1902 et

1923 1954 2126 2009 talenta
2161 1959 2308 2005 recte
2336 1948 2750 2019 dispensaverat
2785 1967 2798 2002 :
2835 1946 3034 2000 Praesis
3058 1946 3246 2000 decem
3281 1942 3518 1998 civitati-

1924 2046 2049 2109 bus,
2082 2052 2135 2098 et
2165 2042 2281 2107 alii,
2308 2043 2553 2112 quinque
2581 2039 2899 2096 civitatibus
2922 2039 3003 2104 '°;
3038 2036 3333 2107 quemdam
3367 2035 3515 2088 enim

1925 2136 2295 2209 principatum
2343 2151 2406 2189 ac
2438 2142 2761 2205 potestatem
2803 2133 2919 2188 haec
2954 2129 3265 2201 signiﬁcant
3308 2128 3518 2184 sanctis

1924 2232 2106 2283 datam
2142 2243 2307 2298 super
2344 2225 2672 2280 infirmiores
2715 2234 2769 2279 et
2816 2238 2911 2278 eos
2943 2223 3144 2291 quibus
3174 2220 3331 2291 dirigi
3380 2234 3516 2288 opus

1922 2330 2027 2376 est.
2065 2320 2190 2375 Ideo
2225 2320 2358 2373 illud
2393 2318 2437 2349 ⁷⁷
2474 2336 2488 2372 :
2525 2336 2543 2368 ι
2586 2315 2749 2387 Virga
2780 2309 3130 2381 directionis,
3164 2313 3313 2383 virga
3364 2309 3517 2379 regni

1925 2410 2030 2477 tui,
2073 2428 2092 2462 ι
2149 2424 2273 2464 cum
2328 2408 2545 2462 actione
2602 2405 2918 2477 quadrabit.
2977 2403 3127 2459 Solet
3178 2404 3325 2457 enim
3373 2400 3517 2471 quod

1922 2506 2124 2561 dictum
2162 2510 2245 2558 est
2273 2516 2369 2571 per
2403 2501 2610 2572 virgam
2646 2497 2962 2555 directionis
2992 2497 3269 2568 designari
3300 2512 3314 2548 :
3349 2495 3516 2549 veluti

1923 2593 2218 2651 indicando
2246 2592 2392 2663 quod
2429 2592 2731 2662 puuitivam
2773 2591 3169 2645 correctionem
3207 2603 3315 2641 non
3352 2587 3517 2642 indu-

1923 2697 2030 2752 cat,
2059 2686 2155 2742 sed
2184 2702 2307 2759 qua:
2336 2685 2609 2739 emendet.
2642 2681 2807 2755 675
2850 2680 3108 2738 Ferream
3149 2695 3279 2759 vero
3306 2680 3516 2747 virgam

1922 2794 2086 2834 nemo
2114 2778 2184 2833 oh
2209 2777 2356 2832 aliud
2392 2776 2693 2847 quidquam
2738 2775 2922 2829 datam
2970 2790 3093 2830 esse
3123 2774 3274 2839 dicit,
3310 2772 3416 2828 nisi
3449 2772 3518 2826 ad

1922 2869 2332 2933 contritionem,
2368 2882 2465 2938 per
2489 2865 2814 2936 supplicium
2842 2879 3036 2919 eorum
3070 2864 3165 2932 qui
3200 2862 3519 2917 inohedien-

1922 2966 1996 3019 tia
2030 2963 2210 3018 vestiti
2242 2971 2391 3026 sunt,
2410 2976 2475 3016 ac
2504 2961 2652 3016 vasis
2684 2958 2949 3013 ﬁctilibus
2967 2956 3278 3012 assimilati.
3310 2954 3520 3020 Quem-

1924 3055 2218 3110 admodum
2267 3054 2429 3107 etiam
2476 3053 2629 3122 virga
2700 3049 2956 3119 potentiae
3024 3063 3131 3102 non
3177 3046 3402 3100 alterius
3439 3044 3517 3097 rei

1925 3149 2096 3219 gratia
2122 3163 2189 3204 ex
2224 3148 2356 3202 Sion
2391 3146 2558 3202 missa
2588 3153 2707 3208 est,
2740 3143 2846 3197 nisi
2881 3142 2951 3197 ad
2992 3141 3414 3197 dominandum.
3454 3140 3518 3193 Et

231 3243 397 3290 σεως.
425 3228 536 3281 Καὶ
567 3230 751 3301 ἐπειδὴ
782 3231 943 3285 παντὶ
965 3231 1045 3302 τῷ
1077 3232 1299 3285 νικῶντι
1332 3235 1364 3304 ή
1392 3232 1590 3304 σιδηρᾶ
1623 3234 1819 3305 ῥάϐδος

1928 3242 2056 3312 quia
2079 3240 2226 3297 omni
2264 3238 2503 3293 vincenti
2547 3236 2725 3291 danda
2751 3235 3089 3306 promittitur
3127 3235 3278 3304 virga
3310 3231 3515 3298 ferrea,

230 3321 640 3389 ἐπαγγέλλεται
691 3323 942 3393 δοθῆναι,
983 3322 1123 3396 ἦσαν
1166 3326 1223 3378 δὲ
1275 3320 1420 3380 οὗτοι
1459 3328 1508 3379 οί
1556 3327 1664 3379 ἀπὸ
1707 3327 1818 3381 τῶν

230 3414 414 3467 ἐθνῶν
464 3417 930 3488 προσπορίσαντες
970 3420 1196 3482 ἑαυτοὺς
1242 3418 1309 3471 δι’
1336 3418 1650 3483 εὐπειθείας
1683 3419 1822 3491 Χρι-

232 3507 354 3576 στῷ
376 3547 392 3571 ,
426 3500 571 3562 οὗτοι
614 3510 707 3562 καὶ
745 3509 931 3580 κριταὶ
960 3510 1173 3564 ἔσονται
1207 3510 1316 3564 τῶν
1354 3512 1623 3565 ἀπίστων.
1672 3511 1825 3565 Ἐπεὶ

230 3602 334 3651 καὶ
384 3600 512 3662 τοὺς
568 3600 857 3662 Νινευῖτας
903 3603 983 3664 είς
1021 3601 1238 3672 κρίσιν,
1284 3603 1452 3674 ἡγουν
1496 3603 1823 3675 κατάκρισιν

226 3691 338 3759 τῆς
399 3692 643 3761 πονηρᾶς
688 3707 855 3761 φησιν
907 3692 934 3744 ὁ
980 3691 1184 3762 Κύριος
1232 3691 1554 3745 ἀνίστασθαι
1605 3693 1820 3760 γενεᾶς.

230 3786 313 3837 Τὸ
353 3784 410 3836 δὲ
464 3785 744 3855 εἰληφέναι
792 3786 887 3837 καὶ
932 3786 1094 3838 αὑτὸν
1127 3786 1280 3857 παρὰ
1318 3785 1412 3838 τοῦ
1464 3787 1677 3857 Πατρὸς
1725 3784 1823 3853 τὴν

232 3878 467 3949 ῥάϐδον,
500 3879 533 3948 ἡ
563 3879 707 3943 δόσις
732 3880 826 3931 καὶ
862 3877 1025 3948 λῆψις
1049 3879 1138 3932 διὰ
1167 3879 1266 3950 τὴν
1294 3880 1394 3949 τῆς
1416 3880 1618 3950 σαρκὸς
1654 3878 1823 3948 πρόσ-

227 3970 408 4041 ληψιν
470 3971 810 4042 περιεισέδυ,
859 3972 996 4025 ἁλλὰ
1028 3972 1122 4025 καὶ
1164 3972 1253 4026 διὰ
1297 3973 1679 4035 ταπεινώσεως
1720 3972 1822 4041 ἔμω

226 4082 430 4135 φασιν.
469 4063 535 4117 Εί
577 4063 634 4117 δέ
684 4064 781 4118 καὶ
829 4066 922 4118 ἐπὶ
959 4066 1056 4135 τῆς
1106 4064 1257 4127 θείας
1292 4064 1507 4134 φύσεως
1536 4062 1695 4117 τοῦτό
1740 4079 1823 4126 τις

227 4157 394 4210 θέλει
435 4157 786 4225 λογίσασθαι,
820 4157 973 4210 οὐδὲν
1003 4159 1260 4227 πρᾶγμα,
1301 4160 1366 4228 τῇ
1401 4157 1546 4210 δόσει
1586 4157 1682 4209 καὶ
1721 4156 1821 4227 λή-

223 4249 334 4319 ψει
389 4250 451 4301 τὸ
502 4251 610 4302 τῶν
670 4250 1023 4305 ὑποστάσεων
1078 4250 1245 4303 ίδικὸν
1291 4250 1501 4322 Πατρὸς
1550 4252 1645 4303 καὶ
1696 4248 1823 4301 Υξοῦ

223 4339 668 4410 ἐμφανίζεσθαι.

316 4433 495 4500 Ἀχρι
524 4432 763 4499 τέλους.
799 4435 961 4503 ’Λχρι
1002 4434 1185 4500 τέλους
1212 4436 1309 4505 τῆς
1336 4433 1529 4488 ἐαυτοῦ
1558 4434 1701 4504 ζωῆς
1720 4449 1740 4485 γ’
1766 4434 1825 4498 ἐξ

224 4521 295 4580 οὗ
350 4526 448 4578 καὶ
478 4524 636 4592 δῆλον
680 4526 755 4587 ὼς
785 4527 818 4595 ἡ
861 4530 1134 4596 παρουσία
1164 4527 1329 4581 αὑτοῦ
1375 4529 1536 4598 οὑχή
1580 4529 1820 4597 ἐσχάτη,

224 4619 359 4673 ἀλλ’
394 4620 429 4688 ὴ
472 4619 704 4671 ἑκάστου
735 4618 894 4689 ἡμῶν
926 4622 1062 4690 πρὸς
1092 4621 1277 4687 αὑτὸν,
1305 4621 1641 4684 τέωςνέστίν.

324 4800 425 4865 Ὧς
454 4801 530 4854 τὰ
564 4801 759 4869 σκεύη
792 4802 863 4856 τὰ
901 4802 1190 4873 κεραμικὰ
1225 4802 1710 4871 συντριϐήσεται.
1753 4803 1827 4855 Ub

224 4912 315 4947 πα
330 4892 569 4964 ραϐολῆς
597 4893 831 4948 ἐνταῦθα
853 4894 886 4965 ἢ
913 4894 1225 4965 ὁμοιώσεως
1247 4895 1407 4965 χάριν
1432 4895 1587 4948 εἴωθε
1618 4895 1701 4960 τὸ,
1725 4896 1827 4962 ὡς,

225 4986 647 5057 παρειλῆφθαι,
699 4987 817 5041 ἁλλ’
863 4987 1205 5053 αίτιατικῶς,
1257 4989 1381 5041 ἀντὶ
1413 4987 1529 5054 τοῦ,
1577 4988 1697 5043 ἵνα.
1732 4990 1832 5043 Διὰ

226 5082 430 5148 τοῦτο,
455 5082 610 5152 φησι,
639 5082 832 5152 ῥάϐδος
854 5081 1054 5136 δίδοται
1084 5083 1304 5153 σιδηρᾶ,
1342 5083 1429 5137 ἶνα
1452 5084 1522 5136 τὰ
1552 5085 1832 5154 κεραμικὰ

228 5175 679 5245 συντριϐήσεται
714 5174 905 5247 σκεύη.
938 5175 999 5229 Εἰ
1029 5176 1086 5228 δέ
1111 5179 1206 5230 καὶ
1237 5176 1614 5249 ἁνελλήνιστος
1643 5181 1676 5249 ὴ
1709 5181 1834 5231 σύν-

221 5268 397 5333 ταξις
454 5268 599 5336 (οὐδέ
656 5286 787 5321 ποτε
821 5270 930 5340 γὰρ
976 5272 1249 5340 ὁριστικδν
1295 5272 1446 5342 ῥῆμα
1488 5273 1826 5342 ὑποτακτικῇ

222 5360 387 5423 λέξει
458 5360 889 5431 συντέτακται),
958 5363 1110 5416 οὐδὲν
1175 5363 1401 5435 μελήσει
1453 5366 1566 5427 τοῖς
1621 5364 1830 5437 διανοίᾳ

224 5455 406 5526 μόνη,
446 5453 564 5507 ἀλλ’
612 5454 735 5525 οὐχὶ
769 5454 966 5519 λέξεως
997 5456 1254 5528 ἀκριϐείᾳ
1294 5457 1392 5529 την
1424 5458 1701 5530 σωτηρίαν
1731 5476 1830 5512 πο-

226 5546 513 5619 ρὲζουσιν.

344 5729 391 5761 ’⁸
424 5728 562 5784 Luc.
606 5746 723 5795 χιι,
761 5731 845 5787 l7.
955 5734 997 5765 ⁷⁷
1043 5733 1186 5789 Psal.
1223 5751 1368 5803 κων,
1406 5739 1460 5794 7.

1924 3344 2083 3390 erant
2108 3344 2286 3387 autem
2319 3330 2370 3384 hi
2403 3330 2492 3401 qui
2526 3345 2626 3401 per
2659 3336 2965 3399 promptam
3002 3327 3367 3382 obedientiam
3402 3326 3517 3380 Deo

1926 3424 2182 3496 acquisiti
2240 3432 2435 3487 erant,
2494 3421 2550 3476 hi
2612 3421 2776 3476 etiam
2840 3420 3249 3474 incredulorutu
3302 3420 3518 3488 judices

1926 3527 2087 3574 erunt
2122 3534 2137 3572 :
2171 3517 2431 3599 qqguiam
2467 3521 2521 3569 et
2551 3512 2819 3586 Ninivitas
2859 3513 3180 3567 excitandos
3222 3513 3300 3565 ait
3328 3509 3519 3565 Domi-

1927 3625 2030 3664 nus
2060 3608 2129 3662 ad
2157 3607 2424 3677 judicium
2457 3605 2575 3660 sive
2601 3605 3115 3660 condemnationem
3151 3618 3328 3673 prava:
3359 3618 3521 3673 gene-

1927 3699 2180 3754 rationis.
2220 3697 2374 3764 Quod
2411 3708 2591 3751 autem
2629 3708 2683 3750 ct
2717 3696 2831 3767 ipse
2863 3711 2892 3749 a
2925 3694 3089 3750 Patre
3124 3698 3330 3766 virgam
3364 3710 3523 3749 acce-

1925 3790 2075 3861 pisse
2100 3789 2320 3851 dicitur,
2353 3788 2594 3843 dationis
2629 3797 2683 3842 ct
2723 3788 3063 3857 acccptionis
3104 3801 3268 3842 voces
3301 3796 3521 3856 propter

1926 3881 2110 3937 carnis
2165 3882 2599 3952 assumptionem
2655 3881 3141 3941 subintroieruut.
3193 3881 3305 3933 imo
3354 3881 3519 3934 etiam

1926 3967 2295 4042 prapter’sua:
2336 3973 2692 4028 demissionis
2725 3982 2779 4027 ct
2813 3972 3143 4026 humilitatis
3186 3970 3519 4040 emphasim.

1926 4064 2081 4132 Quod
2106 4065 2153 4120 si
2182 4065 2233 4117 in
2265 4065 2447 4119 divina
2478 4081 2698 4135 quoque
2731 4075 2926 4120 natura
2952 4065 3227 4135 quispiam
3255 4064 3361 4119 hoc
3391 4079 3524 4118 con-

1927 4151 2170 4213 siderare
2207 4156 2425 4223 nititur,
2468 4157 2605 4211 nihil
2635 4158 2741 4211 erit
2780 4157 3021 4227 negotii,
3054 4158 3122 4210 ad
3164 4155 3526 4210 manifestan-

1926 4249 2055 4303 dum
2080 4264 2177 4319 per
2199 4248 2472 4303 dationem
2497 4259 2551 4302 et
2577 4248 2953 4318 acceptionem
2978 4248 3031 4302 id
3060 4250 3203 4319 quod
3236 4248 3523 4319 proprium

1928 4351 2011 4396 est
2048 4356 2406 4410 personarum
2435 4339 2615 4395 Patris
2637 4355 2702 4395 ac
2732 4339 2877 4394 Filii.

2002 4432 2172 4503 Usque
2197 4434 2249 4487 in
2278 4434 2459 4502 ﬁnem.
2493 4433 2677 4504 Usque
2706 4433 2773 4488 ad
2798 4434 2960 4487 linem
2990 4431 3117 4485 vita:
3139 4446 3254 4486 sua:
3279 4450 3291 4486 :
3322 4448 3386 4486 ex
3413 4449 3524 4503 quo

1927 4529 2090 4581 etiam
2129 4526 2480 4588 manifestum
2526 4536 2610 4580 est
2647 4528 2791 4596 quod
2826 4526 3092 4579 adventus
3119 4524 3240 4593 ejus
3276 4542 3382 4579 non
3428 4542 3524 4580 uo-

1857 4606 1901 4663 Ῑ)
1931 4617 2190 4673 vissimus
2210 4618 2517 4684 dicebatur,
2541 4618 2636 4672 sed
2673 4616 2943 4687 cujusque
2970 4626 3215 4671 nostrum
3246 4619 3312 4669 ad
3344 4617 3519 4686 ipsum

1937 4726 2212 4765 παίδευε.

2014 4823 2080 4877 Ut
2129 4842 2255 4879 vasa
2287 4825 2475 4894 ﬁctilia
2515 4835 2868 4880 conterentur.
2907 4822 3082 4880 Diclio
3142 4824 3216 4888 ὡς
3260 4824 3363 4879 hoc
3405 4825 3525 4881 loco

1936 4917 2111 4985 accipi
2155 4917 2290 4972 solet
2341 4934 2447 4972 non
2502 4918 2932 4989 comparationis
2988 4926 3084 4972 aut
3149 4917 3526 4975 similitudinis

1946 5008 2140 5077 gratia,
2170 5009 2265 5063 sed
2288 5010 2581 5063 causaliter
2606 5025 2704 5080 pro
2735 5011 2843 5076 ἵνα,
2875 5011 2926 5064 id
2958 5021 3064 5075 est,
3098 5020 3177 5064 ut.
3209 5009 3525 5081 Propterea,

1944 5100 2143 5170 inquit,
2171 5102 2323 5171 virga
2362 5102 2522 5156 datur
2554 5102 2731 5158 ferrea
2767 5113 2825 5158 ut
2860 5104 3043 5158 lictilia
3077 5119 3207 5158 vasa
3238 5112 3529 5157 conteran-
3592 5120 3597 5125 ·

1942 5199 2053 5247 tur.
2090 5190 2247 5259 Quod
2288 5193 2333 5248 si
2384 5208 2492 5247 non
2542 5194 2613 5249 sit
2651 5204 2775 5266 apta
2813 5195 3141 5265 compositio
3192 5212 3206 5249 :
3244 5210 3524 5265 nunquam

1938 5283 2083 5337 enim
2117 5285 2345 5338 verbum
2389 5285 2746 5340 indicativum
2786 5285 2968 5355 (sicut
3000 5288 3052 5340 in
3083 5286 3364 5356 proposito
3395 5303 3525 5338 aov-

1935 5375 2279 5447 τριϐήσεται,
2304 5376 2356 5432 id
2388 5386 2469 5432 est
2501 5378 2877 5449 conterentur)
2905 5379 3269 5451 subjunctiva:
3295 5377 3539 5433 dictioni

1935 5470 2332 5540 conjungitur:
2388 5473 2528 5527 nihil
2570 5487 2719 5527 cura:
2766 5472 2871 5526 erit
2914 5472 3000 5526 his
3034 5471 3134 5541 qui
3162 5470 3279 5525 sola
3321 5467 3522 5524 intelli-

1935 5562 2139 5632 gentia,
2170 5572 2224 5619 et
2260 5578 2371 5618 non
2403 5574 2593 5620 exacta
2625 5566 2925 5622 dictionum
2963 5561 3399 5620 consideratione
3432 5579 3521 5617 sa-

1934 5653 2101 5709 lutem
2133 5658 2487 5728 conquirunt.

305 5856 427 5923 (13)
472 5855 651 5910 Yet-ba
697 5856 833 5926 ἁρμ.
883 5854 975 5909 ἐπὶ
1032 5853 1204 5929 ταύτῃ
1245 5862 1311 5929 τῆ
1366 5860 1557 5932 πράξει
1619 5863 1823 5918 omittit
1854 5865 1997 5934 vulg.
