4030 6594
294 431 399 498 549

1365 443 1515 503 COM
1526 445 1757 506 MENT.
1802 447 1881 508 IN
1927 447 2157 507 APOCA
2168 447 2461 509 LYPSIN-

3465 456 3574 519 550

294 551 386 605 Διὸ
418 550 517 605 καὶ
562 550 889 623 ἐπιπλήττει
930 556 998 626 τῇ
1043 555 1363 629 Ἐκκλησία,
1403 560 1480 623 ὡς
1520 560 1677 629 ψιλὸν
1722 563 1887 633 ὄνομα

1998 561 2161 615 etiam
2195 559 2494 615 Ecclesiam
2528 557 2805 632 obiurgat,
2828 560 2994 633 677
3026 569 3084 617 ut
3124 577 3247 632 qua:
3280 562 3455 619 solum
3489 582 3587 619 no-

295 642 442 713 ζωῆς
473 643 674 715 ἐχούσῃ
722 645 822 715 τῆς
858 646 1119 713 πίστεως,
1155 654 1542 726 νενεκρωμένῃ
1570 654 1625 707 δὲ
1666 655 1727 719 ἐξ
1757 659 1886 725 ἁγα-

296 733 405 786 θῶν
428 736 710 806 πράξεων.
758 738 847 804 Ὠς
875 738 983 811 γάρ
1014 739 1159 811 ζωὴν
1185 737 1293 795 οἶδε
1327 744 1517 798 καλεῖν
1543 748 1575 817 ή
1609 733 1799 819 Γραφὴ
1828 750 1887 802 τὸ

295 826 573 898 ἐνάρετον,
602 831 701 901 τὴν
726 834 868 885 κατά
889 832 1024 886 Θεὸν
1044 833 1188 903 λέγω
1209 836 1377 906 ζωὴν,
1406 838 1530 891 καθ’
1552 838 1581 891 ὃ
1609 841 1702 892 καὶ
1734 842 1888 913 εἴρη-

294 937 408 981 ται,
466 923 548 975 ὃτι
607 943 625 974 ι
669 924 741 976 Τὸ
789 924 970 992 λόγιὸν
1013 944 1105 979 σου
1154 927 1320 999 ἔζησὲ
1370 948 1468 1001 με·
1513 949 1532 983 ›
1582 935 1886 1001 τουτέστιν,

298 1012 573 1084 ἐπέστησέ
617 1032 684 1077 με
714 1014 924 1086 τρίϐοις
969 1018 1048 1086 τῷ
1091 1018 1206 1073 ὄντι
1261 1021 1409 1092 ζωῆς
1436 1040 1449 1054 ν
1479 1024 1622 1077 οὕτω
1668 1027 1764 1080 καὶ
1795 1027 1890 1081 θά-

294 1121 456 1157 νατον
497 1106 586 1159 τὸν
622 1108 925 1179 πλημμελῆ
956 1108 1090 1177 βίον,
1141 1111 1216 1174 ὡς
1258 1112 1409 1182 δηλοῖ
1447 1114 1662 1179 Παῦλος
1692 1117 1721 1170 ὁ
1748 1116 1890 1183 θεῖος

298 1195 430 1262 περὶ
463 1197 573 1250 τῶν
611 1198 670 1262 ἐξ
704 1199 962 1263 ἀπιστίας
990 1204 1071 1266 εἰς
1106 1203 1206 1273 τὴν
1236 1205 1475 1275 Χριστοῦ
1509 1207 1692 1262 πίστιν
1724 1227 1889 1280 μετα-

298 1287 654 1359 6εὸηκότων,
695 1291 839 1346 οὕτω
886 1298 1117 1365 γράφων
1168 1296 1355 1361 αὐτοῖς
1382 1314 1395 1329 ·
1456 1318 1473 1349 ι
1518 1301 1628 1353 Καὶ
1661 1305 1889 1373 νεκροὺς

297 1381 463 1444 ὄντας
496 1383 642 1451 ὑμᾶς
686 1388 801 1446 τοῖς
843 1388 1260 1458 παραπτώμασι
1303 1391 1382 1461 τῷ
1429 1393 1671 1465 Χριστῷ.
1724 1416 1743 1447 ι
1782 1397 1891 1450 Καὶ

297 1475 357 1525 ἐν
383 1474 465 1545 τῷ
494 1476 589 1528 τοῦ
621 1478 885 1548 Ποιμένος
917 1478 1109 1550 βιϐλίῳ
1140 1481 1313 1546 οὕτως
1345 1483 1721 1555 διαγορεύεται
1746 1529 1760 1547 ,
1790 1506 1891 1543 κα-

296 1568 668 1639 ταδεὸηκέναι
718 1572 873 1636 τινὰς
921 1576 1001 1637 εἰς
1047 1574 1107 1627 τὸ
1148 1574 1295 1646 ὕδωρ
1342 1576 1441 1646 τῆς
1477 1578 1885 1651 κολυμϐήθρας,

296 1659 543 1729 δηλονότι
572 1664 825 1735 νεκροὺς.
860 1668 955 1718 καὶ
982 1665 1385 1739 ἀναϐεϐηκέναι
1415 1669 1647 1734 ζῶντας.

369 1753 561 1808 Γίνου
596 1756 922 1826 γρηγορῶν,
965 1758 1061 1812 καὶ
1105 1759 1403 1828 στήριξον
1433 1765 1505 1817 τὰ
1544 1763 1748 1819 λοιπά.
1786 1765 1890 1819 Τὸν

300 1843 472 1898 ὕπνον
518 1849 619 1916 τῆς
667 1848 941 1921 ῥᾳθυμίας
977 1853 1469 1924 άποτιναξάμενος,
1513 1858 1606 1910 καὶ
1641 1859 1708 1911 τά
1751 1856 1887 1929 μέλη

1996 670 2117 709 men
2136 654 2258 708 vita:
2285 653 2407 708 ﬁdei
2439 653 2655 718 haheat,
2682 663 2899 709 mortua
2918 671 3050 711 vero
3077 657 3200 712 sita
3230 657 3390 712 bonis
3412 659 3584 713 actio-

1992 747 2174 800 nibus.
2217 745 2694 811 Quemadmodum
2738 745 2883 799 enim
2916 746 3085 801 vitam
3136 748 3412 818 appellare
3449 750 3588 804 solet

1992 838 2274 908 Scriptura
2335 837 2696 907 probitatem,
2736 838 2925 903 vitam,
2964 839 3213 910 inquam,
3279 844 3582 897 secundum

1993 928 2181 993 Deum,
2208 929 2362 999 juxta
2395 928 2446 983 id
2478 930 2623 1000 qttod
2656 929 2861 985 dictum
2899 940 3024 986 cst:
3059 950 3076 983 ι
3115 932 3404 1003 Eloquium
3436 944 3585 992 tuum

1990 1022 2282 1078 viviﬁcavit
2310 1038 2396 1078 me
2421 1023 2491 1090 ⁸⁵,
2521 1044 2539 1074 ι
2577 1024 2681 1079 hoc
2706 1036 2809 1090 est,
2850 1025 2903 1078 in
2935 1025 3142 1083 semitis
3172 1027 3291 1095 ejus
3312 1045 3434 1098 quae
3464 1046 3587 1085 vere

1993 1114 2100 1168 vita
2146 1127 2230 1186 est
2263 1115 2555 1172 collocavit
2598 1134 2611 1171 :
2663 1118 2737 1173 ita
2768 1128 2821 1173 et
2862 1127 3093 1174 mortem
3141 1122 3374 1191 appellat
3420 1125 3584 1179 vitam

1991 1205 2267 1271 vitiosam,
2314 1208 2484 1263 veluti
2521 1210 2793 1283 signiﬁcat
2823 1212 2983 1268 divus
3014 1213 3218 1270 Paulus
3265 1217 3331 1271 de
3362 1216 3445 1271 his
3492 1217 3588 1287 qui

1992 1299 2062 1354 ab
2091 1299 2478 1357 incredulitate
2514 1303 2581 1357 ad
2614 1303 2819 1359 Christi
2866 1305 3023 1360 ﬁdem
3062 1308 3432 1373 transierant,
3463 1326 3586 1363 cum

1992 1393 2065 1447 ita
2098 1393 2289 1448 scribit
2315 1395 2380 1448 ad
2410 1395 2534 1450 illos
2567 1414 2579 1449 :
2617 1415 2634 1446 ι
2675 1395 2739 1450 Ει
2766 1414 2891 1450 cum
2919 1399 3117 1452 mortui
3146 1400 3342 1454 essetis
3363 1399 3589 1454 Christo

1991 1501 2087 1556 per
2124 1486 2321 1541 delicta
2350 1488 2416 1541 ⁸⁷.
2478 1508 2496 1540 ›
2539 1487 2603 1542 Ει
2660 1490 2714 1543 in
2769 1490 2912 1543 libro
2968 1488 3214 1545 Pastoris
3268 1492 3469 1546 dicitur
3513 1493 3588 1547 ita

1991 1580 2257 1649 quosdam
2315 1581 2366 1635 in
2419 1598 2617 1650 aquam
2675 1582 2881 1636 lavacri
2948 1582 3335 1653 descendisse,
3394 1600 3588 1655 nempe

1992 1679 2263 1734 mortuos,
2301 1679 2353 1725 et
2388 1672 2706 1728 ascendisse
2741 1673 3007 1729 viventes.

2064 1761 2193 1816 Esto
2235 1764 2459 1835 vigilans
2484 1776 2532 1819 et
2569 1766 2826 1836 conﬁrma
2867 1777 3081 1823 uetera.
3116 1769 3363 1825 Excusso
3395 1786 3590 1826 somno

1993 1856 2257 1910 SOCOI‘dliB
2277 1899 2291 1923 ,
2318 1858 2562 1912 membra
2594 1866 2683 1912 tua
2722 1875 2845 1928 qua:
2887 1860 2958 1914 ob
2990 1860 3427 1917 incredulitatem
3465 1879 3587 1933 per-

301 1952 397 1989 σου
442 1937 511 1991 τά
554 1940 927 2008 ἀποθνήσκειν
964 1944 1162 2010 τελέως
1199 1945 1462 2016 μέλλοντα
1491 1948 1559 2000 δι’
1604 1951 1887 2015 ἀπιστίαν,

1996 1947 2135 2002 fecte
2167 1950 2433 2003 moritura
2465 1958 2649 2016 erant,
2688 1954 2975 2005 conlirma.
3013 1952 3197 2022 Neque
3231 1954 3377 2008 enim
3416 1955 3590 2010 hono-

300 2029 588 2099 Στήριξον.
638 2031 713 2084 Ob
764 2030 874 2103 γὰρ
917 2035 949 2104 η
984 2036 1131 2107 ἁρχὴ
1179 2037 1288 2092 τῶν
1328 2038 1547 2107 ἀγαθῶν
1579 2041 1757 2112 ἔργων
1798 2043 1891 2096 τὸν

297 2120 541 2190 ἐργάτην
587 2126 866 2192 στεφανοῖ,
907 2124 1024 2179 ἀλλ’
1053 2129 1087 2197 ὴ
1119 2128 1357 2201 ἐπιμονὴ
1386 2130 1515 2202 ἄχρι
1564 2132 1772 2196 τέλους.
1816 2134 1890 2187 Τὸ

297 2211 597 2282 στήριξον
635 2214 715 2282 δὲ,
769 2216 867 2287 οὐχ
924 2218 1111 2283 ἁπλῶς
1142 2220 1390 2291 εἴρηται,
1438 2222 1575 2276 ἀλλὰ
1622 2224 1683 2277 τὸ
1727 2225 1891 2278 οἱονεὶ

300 2308 730 2378 στερροποιησον
757 2309 853 2364 καὶ
879 2311 1265 2383 ὲνδυνάμωσον
1297 2314 1514 2386 χαλαρὰ
1546 2332 1603 2369 τε
1633 2316 1762 2369 ὄντα
1794 2319 1891 2372 καὶ

298 2399 439 2467 πρὸς
473 2398 680 2453 πτῶσιν
716 2402 1065 2474 ἐτοιμότατα.
1114 2404 1235 2474 Ἐφ’
1276 2407 1400 2460 ὅσον
1424 2406 1518 2460 οὖν
1564 2409 1888 2480 περιλείπε-

296 2489 389 2542 ται
427 2508 510 2543 σοι
557 2492 765 2563 βραχέα
804 2495 1242 2567 ἐπιτηδεύματα,
1302 2499 1460 2569 φησὶ,
1508 2501 1765 2571 πρόσθες,
1800 2504 1888 2556 ἵνα

300 2583 377 2653 μὴ
408 2583 594 2638 τέλεον
637 2586 969 2660 ἀποσπάσῃς
1019 2588 1272 2646 θάνατον.
1317 2591 1505 2647 Ταῦτα
1543 2594 1676 2663 γοῦν
1712 2597 1888 2665 φύλα·-

298 2676 392 2742 ξον
442 2677 510 2730 τὰ
553 2678 656 2749 ἠδη
688 2678 889 2746 ζῶντα,
935 2683 1120 2736 ἐκεῖνα
1154 2682 1210 2736 δὲ
1242 2686 1494 2763 στήριξον
1526 2688 1593 2741 τά
1628 2689 1765 2759 πρὸς
1793 2690 1889 2745 οάο

298 2787 462 2823 νατον
493 2770 595 2841 ἤδη
628 2772 885 2843 ῥέποντα.
920 2774 1088 2829 Οὐδὲν
1120 2775 1230 2847 γάρ
1262 2794 1357 2831 σου
1394 2778 1503 2831 τῶν
1535 2781 1888 2852 σπουδασμά-

295 2877 409 2914 των
445 2861 654 2933 πλῆρές
704 2865 873 2917 ἐστιν.
915 2862 1079 2917 Ἀλλὰ
1113 2865 1184 2919 τά
1215 2868 1315 2937 μὲν
1352 2867 1615 2940 τέθνηκεν
1656 2870 1779 2942 ἢδη.
1818 2872 1889 2926 τά

296 2951 355 3005 δὲ
418 2954 623 3023 μέλλει.
685 2955 757 3008 Τὸ
802 2955 887 3022 δὲ,
944 2955 1204 3011 ἐνώπιον
1258 2959 1365 3014 τοῦ
1428 2960 1577 3015 Θεοῦ
1615 2979 1771 3031 μου,
1811 2962 1888 3026 ὡς

297 3046 563 3109 πολλάκις
594 3048 841 3119 εἴρηται,
878 3048 955 3111 ὡς
996 3050 1104 3103 ἀπὸ
1137 3050 1238 3120 τῆς
1268 3051 1618 3122 ἀνθρωπίνης
1650 3055 1889 3124 προσλή-

296 3135 447 3202 ψεως
476 3136 556 3208 τῷ
590 3138 699 3209 Υἱῴ
745 3138 839 3193 τοῦ
881 3140 1018 3194 θεοῦ
1064 3142 1692 3216 συγκαταὸατικώτερον
1742 3162 1885 3215 προ-

299 3228 558 3301 ήνεκται.

370 3322 729 3391 Μνημόνευε
755 3323 879 3390 πῶς
899 3326 1177 3395 εἷληερας.
1207 3326 1317 3398 Τὴν
1346 3327 1669 3397 παράδοσιν,
1698 3330 1882 3401 φησὶν,
1913 3298 1956 3353 C

299 3414 366 3484 ἣν
396 3415 458 3466 ἐκ
491 3414 601 3467 τῶν
646 3416 959 3470 ἀποστόλων
989 3420 1238 3491 εἴληφας,
1273 3422 1540 3492 τήρησον,
1572 3424 1667 3476 καὶ
1702 3425 1794 3477 ἐπὶ
1819 3426 1886 3496 τῇ

302 3502 546 3573 ῥᾳθυμία
586 3507 941 3576 μετανόησον.
1002 3510 1113 3562 Καὶ
1161 3510 1229 3561 τά
1282 3510 1381 3580 μὲν
1422 3510 1505 3565 ἔτι
1560 3530 1653 3566 σου
1708 3514 1889 3579 ζῶντα

296 3596 437 3667 ἔργα
472 3598 710 3667 τήρησον
748 3600 805 3651 ἐν
840 3602 906 3670 τῇ
943 3600 1093 3672 ζωῇ·
1127 3602 1218 3655 ἐπὶ
1249 3602 1306 3656 δὲ
1340 3607 1451 3667 τοῖς
1479 3605 1761 3671 τεθνεῶσι,
1799 3609 1886 3662 διά

298 3692 593 3760 μετανοίας
621 3691 719 3762 τὴν
762 3692 1096 3757 πχλινζωῖαν
1133 3694 1317 3761 αὐτοῖς
1357 3699 1735 3770 περιποίησον.
1774 3704 1885 3754 Με-

294 3782 520 3836 τάνοιαν
546 3783 644 3854 τὴν
674 3785 964 3855 μετάθεσίν
997 3804 1163 3857 φησιν
1193 3788 1301 3841 ἀπὸ
1333 3790 1442 3843 τῶν
1477 3793 1765 3862 χειρόνων,
1795 3795 1887 3847 καὶ

296 3873 607 3945 μεταὸολὴν
638 3875 730 3927 ἐπί
760 3875 821 3927 τὸ
856 3874 1088 3945 βέλτιον.

367 3966 481 4020 Καὶ
522 3970 595 4021 οὐ
634 3967 718 4037 μὴ
751 3968 907 4039 γνῷς
939 3972 1122 4024 ποίαν
1158 3970 1338 4039 ὤραν.
1384 3973 1692 4041 Ἀγνωστος
1722 3975 1829 4045 γάρ
1858 3976 1885 4029 ὁ

293 4061 509 4132 καιρός.
546 4062 653 4114 Καὶ
682 4061 871 4134 ὥσπερ
901 4064 1060 4134 ἡμῶν
1080 4063 1294 4134 ἑκάστῳ
1318 4065 1346 4116 ὁ
1366 4064 1460 4116 τοῦ
1488 4065 1720 4118 θανάτου
1752 4067 1884 4119 ἐκά-

295 4170 428 4205 στου
459 4155 641 4224 ἡμῶν,
672 4154 814 4208 οὕτω
835 4156 1015 4227 πολλῷ
1036 4156 1235 4227 μᾶλλον
1259 4158 1286 4209 ὁ
1313 4156 1410 4226 τῆς
1445 4157 1707 4229 δευτέρας
1743 4177 1884 4232 παρ-

291 4246 486 4309 ουσίας
518 4247 613 4300 τοῦ
645 4250 873 4322 Κυρίου.

380 4340 536 4394 Ἀλλ’
562 4342 735 4410 ὀλίγα
765 4343 925 4413 ἔχεις
956 4344 1216 4413 ὀνόματα
1238 4344 1308 4398 ἐν
1336 4345 1651 4414 Σάρδεσιν.
1682 4348 1739 4401 οἳ
1772 4350 1883 4403 οὐκ

291 4435 604 4504 ἐμόλυναν
654 4435 725 4488 τὰ
765 4435 965 4505 ἱμάτια
1008 4435 1240 4503 αὐτῶν,
1269 4440 1365 4492 καὶ
1396 4442 1882 4509 περιπατήσουσι

287 4525 419 4594 μετ’
444 4524 593 4595 ἐμοῦ
624 4526 695 4579 ἐν
733 4525 997 4595 λευκοῖς,
1026 4527 1115 4582 ὅτι
1154 4529 1316 4593 ἀξιοὶ
1357 4533 1534 4586 εἰσιν.
1583 4534 1644 4587 ’0
1674 4535 1879 4602 νικῶν,

1995 2057 2115 2095 rum
2151 2041 2363 2096 initimn
2391 2058 2736 2113 operatorem
2769 2053 3022 2111 coronat,
3051 2046 3147 2101 sed
3175 2050 3587 2118 perseverantia

1996 2155 2170 2210 usque
2220 2140 2273 2195 in
2310 2139 2497 2197 linem.
2529 2142 2652 2195 Non
2699 2153 2885 2198 autem
2937 2152 3218 2215 utcunque
3261 2146 3465 2201 dictum
3505 2156 3590 2201 est

1994 2232 2288 2304 Conﬁrma,
2325 2235 2419 2290 sed
2456 2236 2614 2306 quasi
2663 2237 2893 2292 dixisset
2930 2257 2945 2293 :
2983 2238 3169 2294 Solida
3201 2239 3369 2295 facito
3399 2257 3465 2296 ac
3495 2257 3590 2295 ro-

1992 2324 2161 2389 bora,
2189 2342 2312 2395 qtae
2355 2335 2410 2382 et
2445 2330 2625 2382 mollia
2658 2340 2787 2384 sunt
2817 2340 2872 2386 et
2898 2332 2965 2386 ad
2995 2349 3184 2389 casum
3216 2336 3588 2404 paratissima.

1992 2414 2275 2481 Quatenus
2324 2418 2487 2487 igitur
2532 2420 2746 2475 modica
2780 2422 2876 2476 tibi
2910 2423 3119 2494 reliqua
3162 2435 3293 2480 sunt
3325 2426 3587 2481 virtutum

1990 2509 2273 2575 exercitia,
2306 2511 2547 2576 attende,
2582 2512 2780 2584 inquit,
2818 2530 2883 2569 ne
2915 2518 3134 2585 penitus
3164 2518 3420 2574 intereas.
3459 2517 3588 2574 llzee

1990 2602 2177 2672 itaque
2210 2617 2476 2658 conserva
2510 2621 2632 2676 qua:
2675 2607 2857 2662 adhuc
2888 2606 3073 2663 vivunt
3096 2651 3111 2676 ,
3158 2610 3250 2665 illa
3281 2626 3411 2665 vero
3453 2628 3589 2667 con-

1996 2694 2151 2750 ﬁrma
2201 2712 2325 2767 qua:
2366 2696 2478 2767 jam
2529 2700 2594 2754 ad
2646 2710 2878 2756 mortem
2921 2713 3155 2774 vergunt
3203 2723 3217 2759 :
3256 2706 3391 2760 nihil
3438 2707 3588 2763 enim

1993 2793 2211 2840 tuorum
2244 2787 2552 2843 studiorum
2580 2790 2798 2861 plenum
2830 2802 2934 2858 est,
2957 2793 3053 2849 sed
3083 2794 3196 2848 haac
3221 2795 3443 2865 quidem
3470 2798 3587 2867 jam

1990 2890 2205 2934 mortua
2237 2891 2387 2947 sunt,
2424 2882 2516 2938 illa
2573 2900 2703 2939 vero
2748 2888 3039 2941 moritura.
3074 2887 3230 2954 Quod
3264 2900 3444 2945 autem
3491 2894 3589 2959 ait,

1994 2985 2175 3024 coram
2203 2970 2309 3027 Deo
2342 2991 2476 3036 meo,
2516 2976 2682 3031 veluti
2714 2978 2915 3047 saepius
2949 2980 3155 3034 dictum
3188 2991 3292 3046 est,
3327 2994 3585 3052 tanquam

1989 3078 2056 3118 ex
2087 3065 2449 3122 humanitatis
2473 3071 2853 3139 assumptione
2882 3073 3057 3143 magis
3087 3074 3588 3132 condcscendendo

1990 3156 2266 3224 prolatum
2291 3169 2373 3215 cst
2394 3160 2460 3215 de
2489 3160 2629 3215 Filio
2660 3160 2775 3218 Dei.

2065 3337 2321 3393 Memento
2367 3342 2633 3411 quomodo
2693 3345 2979 3416 acceperis.
3036 3346 3440 3414 Traditionem,
3500 3348 3587 3404 itt-

1992 3433 2146 3501 quit,
2210 3447 2368 3488 serva
2420 3451 2584 3505 quam
2635 3437 2705 3491 ab
2759 3440 3027 3508 apostolis
3100 3442 3380 3512 accepisti,
3420 3443 3588 3498 aede

1992 3524 2222 3591 segnitie
2287 3527 2599 3597 resipiscito
2656 3548 2671 3585 :
2726 3542 2783 3585 et
2834 3546 2896 3587 ea
2955 3534 3176 3603 quidem
3236 3551 3402 3605 opera
3461 3554 3591 3608 qua:

1991 3617 2174 3672 adhuc
2216 3617 2416 3674 vivunt
2445 3635 2605 3676 serva
2638 3622 2693 3677 in
2729 3625 2835 3677 vita
2876 3644 2888 3681 :
2930 3627 3013 3682 his
3061 3638 3242 3682 autem
3278 3644 3399 3698 quae
3439 3647 3468 3680 ιι
3492 3645 3587 3683 or-

1992 3720 2084 3765 tua
2150 3722 2280 3767 sunt
2321 3728 2417 3783 per
2464 3715 2848 3784 pmnitentiam
2921 3721 3185 3789 conqnit-e
3249 3722 3586 3777 reviviscen-

1992 3802 2144 3857 tiam.
2206 3803 2379 3860 Porro
2434 3808 2881 3878 resipiscentiam
2944 3815 3078 3869 dicit
3149 3817 3507 3873 mutationem
3548 3835 3577 3873 a

1989 3896 2150 3951 malis
2182 3897 2249 3949 ad
2288 3897 2338 3950 id
2368 3898 2515 3967 quod
2550 3900 2746 3956 melius
2775 3914 2879 3957 est.

2059 3985 2129 4039 Et
2163 4003 2267 4040 non
2295 3990 2429 4042 scies
2453 4007 2556 4061 qua
2578 3992 2732 4047 liora.
2767 3993 3013 4064 Ignotum
3042 4005 3126 4051 est
3160 3998 3306 4051 enim
3342 4007 3581 4071 tempus.

1988 4078 2054 4133 Et
2103 4081 2572 4149 quemadmodum
2630 4085 2830 4154 cuique
2886 4096 3136 4143 nostrum
3198 4091 3445 4160 ignotum
3501 4105 3587 4149 est

1987 4180 2203 4238 tempus
2257 4173 2452 4229 mortis
2504 4174 2775 4246 cujusque
2823 4188 3113 4244 nostrum,
3178 4181 3251 4235 ita
3306 4193 3360 4236 et
3416 4185 3586 4239 multo

1987 4264 2160 4335 magis
2192 4273 2404 4335 tempus
2432 4268 2655 4322 secundi
2684 4269 2951 4325 adventus
2985 4271 3223 4327 Domini.

2058 4359 2142 4425 Ill,
2169 4360 2280 4416 4-6.
2315 4361 2421 4417 Sed
2446 4362 2601 4418 Itabes
2616 4378 2793 4432 pauca
2821 4367 3037 4419 nomina
3066 4366 3119 4419 in
3150 4365 3340 4421 Sardis
3362 4369 3452 4437 qui
3479 4386 3582 4422 non

1984 4453 2394 4523 inquinaverunt
2424 4458 2732 4511 restimenta
2763 4474 2881 4521 sua,
2920 4471 2966 4513 et
3000 4459 3347 4514 ambulabunt
3380 4478 3579 4516 mecum

1986 4547 2040 4599 in
2071 4547 2247 4614 albis,
2298 4549 2424 4618 quia
2469 4548 2618 4617 digni
2644 4560 2791 4603 sunt.
2824 4550 2928 4615 Qui
2969 4552 3183 4615 vicerit,
3210 4552 3294 4605 Itic
3336 4556 3585 4607 vestietur

294 4614 481 4684 οὗτος
524 4618 926 4688 περιϐαλεῖται
968 4620 1039 4674 ἐν
1090 4623 1342 4690 ἱματίοις
1372 4626 1637 4691 λευκοῖς,
1670 4630 1764 4681 καὶ
1808 4633 1880 4683 οὺ

1995 4643 2309 4696 restituentis
2342 4644 2499 4707 albis,
2532 4654 2581 4699 et
2610 4663 2711 4699 non
2742 4645 2924 4700 delebo
2954 4663 3140 4700 nomen
3183 4647 3295 4713 eFus
3321 4649 3487 4717 678
3519 4650 3584 4702 de

290 4712 379 4779 μὴ
410 4711 717 4780 ἐξαλείψω
742 4712 807 4765 τὸ
836 4712 1023 4783 ὄνομα
1059 4714 1246 4769 αὑτοῦ
1276 4715 1345 4769 ἐκ
1375 4716 1487 4784 τῆς
1508 4720 1732 4782 ,βίϐλου
1768 4721 1879 4789 τῆς

295 4800 469 4870 ζωῆς,
517 4802 619 4856 καὶ
652 4804 1008 4874 ὁμολογήσω
1052 4808 1115 4861 τὸ
1171 4807 1358 4878 ὄνομα
1401 4812 1588 4866 αὑτοῦ
1624 4813 1881 4869 ἐνώπιον

294 4892 405 4947 τοῦ
435 4898 669 4963 Πατρός
691 4915 843 4967 μου,
878 4900 976 4954 καὶ
1014 4900 1273 4956 ἐνώπιον
1317 4901 1436 4956 τῶν
1465 4905 1738 4975 ansam
1770 4911 1881 4963 αὺ-

294 4986 424 5041 τοῦ.
471 4988 534 5041 '0
566 4988 728 5058 ἔχων
764 4987 896 5059 οὖς,
926 4995 1243 5049 ἀκουσάτω
1269 4998 1325 5051 τι
1354 4997 1420 5050 τὸ
1452 4999 1693 5069 Πνεῦμα
1720 5002 1882 5072 λέγει

293 5078 422 5146 ταῖς
471 5081 883 5151 Ἐκκλησίαις.

380 5169 819 5242 Ἑπισημαντὲον
898 5175 995 5246 τὴν
1063 5179 1257 5250 χρῆσιν
1316 5179 1411 5233 τοῦ
1462 5182 1743 5251 (ii-(ﬁam,
1804 5185 1879 5247 ὡς

294 5262 686 5334 ἀνελλήνιστον
725 5267 821 5320 καὶ
849 5270 946 5338 τῆς
988 5271 1249 5342 ἀδοκίμου
1290 5277 1539 5345 χρήσεως
1570 5279 1662 5330 καὶ
1692 5277 1881 5346 κιϐδή-

293 5356 416 5427 λης.
466 5359 665 5429 Ἤρκει
717 5361 824 5432 γάρ
877 5364 1087 5426 εἰπεῖν,
1146 5366 1387 5435 Ὀλὶγους
1438 5369 1602 5438 ἔχεις,
1636 5370 1751 5422 ἀλλ’
1781 5372 1882 5425 οὐκ

293 5450 455 5518 ὀλίγα
484 5450 748 5519 ὀνόματα.
792 5452 907 5506 Κᾶν
941 5454 1050 5525 γάρ
1084 5458 1117 5527 ἡ
1156 5458 1355 5529 ἰδιότης
1390 5459 1489 5528 τῆς
1527 5462 1880 5527 ὑποστάσεως

296 5544 534 5596 ἑκάστου
568 5545 900 5617 άφορίζηται
929 5547 1016 5601 διὰ
1060 5549 1152 5602 τοῦ
1181 5552 1402 5619 Κυρίου
1432 5552 1725 5623 ὀνῧματος,
1757 5556 1873 5610 ἀλλ’

295 5635 391 5690 οὖν
424 5638 458 5707 ή
521 5638 774 5708 ἕγκριτος
807 5638 1027 5706 γλῶσσα
1077 5641 1173 5711 τῆς
1236 5642 1483 5709 Ἑλλάδος
1537 5646 1761 5717 φωνῆς,
1794 5649 1874 5714 εἰς

295 5727 533 5798 ἀριθμὸν
565 5730 666 5782 οὐκ
716 5725 823 5784 οἶδε
866 5733 1320 5804 παραλαμϐάνειν
1361 5738 1428 5791 τά
1468 5739 1590 5793 καθ’
1642 5741 1873 5799 ἕκαστον

369 5905 414 5938 ⁸⁸
437 5904 581 5962 Psal.
613 5923 801 5978 csvnt,
836 5910 923 5966 50.
1000 5910 1043 5943 ⁸⁷
1093 5910 1293 5983 Ephes.
1320 5927 1380 5981 ιι,
1409 5913 1460 5970 1.

1976 4733 2108 4786 libro
2141 4736 2280 4800 vita),
2309 4746 2356 4789 et
2380 4737 2668 4806 conﬁtebor
2698 4754 2887 4792 nomen
2914 4739 3026 4804 ejus
3058 4757 3237 4792 coram
3265 4743 3424 4794 Patre
3446 4759 3580 4803 ntro.

1977 4836 2025 4879 et
2056 4844 2235 4879 coram
2275 4829 2473 4898 anguls
2501 4832 2633 4884 suis.
2668 4830 2772 4897 Qui
2796 4830 2949 4885 habet
2982 4849 3187 4896 aurem,
3237 4833 3424 4887 audiat
3453 4837 3580 4904 quid

1978 4917 2208 4987 Spiritus
2234 4922 2373 4975 dicat
2410 4921 2685 4978 Ecclesiis.

2052 5190 2614 5249 Animadvertendum
2640 5203 2722 5250 est
2754 5210 2914 5249 usum
2942 5195 3248 5265 accipiendi
3281 5196 3383 5251 hoc
3408 5196 3571 5249 modo

1932 5285 2236 5349 .nomina,
2274 5286 2513 5341 alienum
2566 5304 2689 5343 esse
2734 5304 2763 5343 a
2800 5288 2987 5344 Gra‘ca
3039 5288 3246 5358 pltrasi,
3300 5303 3397 5341 nec
3438 5288 3574 5342 satis

1978 5377 2265 5446 probatum
2315 5392 2462 5442 esse,
2517 5381 2609 5434 sed
2653 5380 2928 5450 abjectum
2968 5399 2981 5435 :
3016 5381 3151 5436 satis
3197 5381 3342 5434 enim
3376 5380 3573 5434 fuisst-t

1980 5468 2184 5525 dixisse
2208 5487 2222 5523 :
2245 5467 2457 5526 Paucos
2484 5472 2675 5537 habes,
2703 5482 2757 5528 et
2784 5488 2891 5527 non
2919 5488 3088 5543 pauca
3112 5472 3356 5527 nomina.
3387 5473 3574 5538 Quan-

1982 5576 2144 5632 quam
2175 5562 2321 5617 enim
2354 5565 2659 5635 proprietas
2694 5568 2963 5638 cujusque
2996 5582 3246 5636 persona:
3288 5578 3573 5638 separetur

1982 5666 2078 5722 per
2109 5667 2305 5710 nomen
2345 5654 2596 5723 Domini,
2637 5666 2877 5713 attamen
2929 5658 3102 5714 electa
3138 5655 3341 5713 Graeca:
3374 5660 3573 5728 littgnte

1982 5758 2085 5801 vox
2121 5761 2231 5803 non
2278 5748 2432 5805 novit
2468 5749 2522 5805 in
2567 5766 2858 5808 numerum
2901 5766 3186 5810 assumere
3222 5768 3345 5824 quae
3375 5754 3573 5825 cuique
