4034 6588
410 390 509 455 551

1228 387 1555 448 ARETILE
1594 386 1975 448 CrESARE/E
2012 384 2499 447 CAPPADOCIXE
2541 385 2881 447 EPISCOPI

3594 386 3701 451 5T2

411 508 740 564 conveniunt
786 507 853 561 ad
890 505 1262 577 cognitionem
1304 507 1557 572 numeri,
1593 507 1690 562 sed
1732 523 1854 577 quae
1883 520 2009 576 spe—

2121 506 2195 569 εξς
2233 505 2437 575 γνῶσιν
2482 505 2752 576 ἀριθμοῦ,
2800 504 2938 559 ἀλλὰ
2981 503 3048 558 τὰ
3096 502 3408 559 ἱδικὼτατα.
3459 502 3700 569 ῐῐολλο⁷ς

409 602 547 655 cient
582 598 957 670 propriissime
987 599 1251 653 denotcnt
1285 617 1299 652 :
1330 599 1461 655 dicit
1489 598 1634 653 enim
1674 598 1872 652 inultos
1910 604 2006 650 aut

411 708 633 766 paucos,
669 692 808 745 duos
840 700 935 745 aut
961 699 1072 746 tres
1105 692 1377 757 homines,
1411 707 1518 746 non
1556 702 1740 746 autem
1774 692 1883 744 duo
1911 699 2007 744 aut

409 786 511 838 tria
545 783 767 836 nomina
815 799 828 835 :
864 791 1127 853 tanquam
1164 782 1296 836 illud
1339 783 1561 853 quidem
1610 783 1848 837 maxime
1879 797 2008 850 pro-

412 874 591 943 prium
662 872 733 927 sit
776 881 988 926 naturae
1038 874 1501 943 signiﬁcativum,
1531 890 1655 943 quae
1684 889 2008 943 permanere

412 974 535 1017 nata
570 971 675 1028 est,
709 964 907 1031 cuique
935 972 1119 1017 autem
1166 962 1424 1034 specialia
1474 965 1885 1020 successionem
1932 965 2008 1018 si-

411 1058 689 1127 gniﬁcent,
725 1073 847 1127 qua:
880 1055 1049 1111 ferme
1082 1056 1454 1125 corrumpitur
1487 1056 1703 1112 sublata
1733 1056 1801 1112 de
1828 1059 2008 1113 medio

412 1150 681 1220 cujusque
710 1150 1093 1204 subsistentia.

484 1284 589 1348 Qui
622 1299 725 1335 non
752 1282 1176 1351 inquinaverunt.
1209 1277 1320 1334 lloc
1350 1279 1582 1347 bonum,
1617 1281 1819 1350 inquit,
1851 1291 2009 1336 nacta

411 1393 491 1441 es,
532 1376 676 1443 quod
718 1375 928 1441 aliquot
962 1372 1165 1427 habeas
1202 1372 1297 1442 qui
1346 1373 1450 1427 hoc
1482 1375 1668 1428 carnis
1717 1375 2012 1429 indumen-

416 1478 525 1518 tum
551 1483 656 1518 non
686 1466 1113 1535 inquinaverunt
1142 1465 1384 1521 sordidis
1416 1467 1749 1531 actionibus,
1773 1467 1867 1537 qui
1899 1483 2013 1522 me-

416 1578 534 1616 eum
565 1561 616 1614 in
642 1560 1058 1630 regeneratione
1090 1559 1377 1632 Fulgebunt
1406 1572 1570 1633 atque
1597 1581 1690 1633 per
1723 1568 1822 1617 hos
1846 1565 2011 1620 etiam

418 1658 659 1721 ,lacatus
698 1651 894 1706 dill’ero
922 1664 977 1707 et
1006 1653 1340 1724 longanimis
1367 1670 1487 1708 sum
1524 1671 1649 1726 erga
1688 1670 1804 1710 vos.
1836 1653 2014 1709 VeSti-

416 1758 595 1801 'nettla
637 1756 818 1800 autem
862 1762 969 1799 non
1017 1746 1299 1815 inquinata
1351 1746 1486 1802 dicit
1525 1762 1757 1817 corpora
1793 1757 2013 1802 sancto-

416 1858 533 1893 tum
567 1860 579 1894 :
609 1840 1077 1910 quemadmodum
1109 1840 1276 1893 etiam
1319 1840 1639 1910 patriarcha
1664 1839 1837 1895 Jacob
1870 1841 2008 1894 vati-
2044 1876 2086 1931 Β

412 1935 633 1985 einatur
663 1934 729 1984 de
767 1947 832 1985 eo
856 1930 949 2000 qui
973 1946 1038 1984 ex
1070 1930 1207 1984 Juda
1235 1932 1591 2000 germinaret,
1613 1931 1707 2001 qui
1740 1939 1823 1985 est
1855 1930 2014 1984 Chri-

411 2038 534 2083 stus
584 2023 747 2080 Jesus
794 2041 808 2077 :
872 2042 890 2075 ι
947 2022 1199 2089 Lavabit,
1254 2025 1468 2094 inquit,
1519 2024 1573 2077 in
1624 2026 1752 2078 vino
1814 2026 2011 2079 stolam

412 2134 564 2172 suam
590 2116 664 2181 ⁸⁸ς
698 2133 715 2165 ι
743 2130 945 2184 corpus
970 2114 1161 2169 dicens
1193 2114 1364 2185 ipsius
1387 2114 1626 2181 Domini,
1658 2115 1803 2184 quod
1833 2116 1885 2168 in
1917 2130 2014 2185 pu-

416 2211 634 2266 rissima
666 2224 765 2263 sua
798 2208 1054 2279 passione
1086 2208 1152 2262 ad
1182 2207 1355 2262 nostri
1392 2207 1813 2263 illustrationem
1850 2222 2013 2260 mnu-

414 2305 601 2357 datum
669 2310 775 2356 est.
831 2300 969 2354 Nam
1027 2301 1145 2367 ipse
1201 2308 1488 2369 peccatum
1544 2313 1653 2352 non
1714 2297 1881 2364 fecit,
1938 2299 2017 2352 ait

420 2398 637 2452 Isaias:
677 2415 695 2447 ι
723 2392 805 2449 Ob
851 2394 1171 2464 iniquitates
1210 2393 1394 2463 populi
1437 2392 1542 2447 mei
1580 2392 1779 2448 ductus
1817 2402 1902 2448 est
1948 2391 2014 2446 ad

426 2500 658 2544 mortem
687 2505 700 2541 :
732 2501 857 2539 nam
895 2486 1010 2555 ipse
1038 2497 1323 2556 peccatum
1357 2501 1465 2539 non
1503 2484 1632 2539 fecit
1655 2524 1672 2550 ,
1707 2500 1883 2554 neque
1916 2486 2018 2539 do-

419 2582 509 2638 lus
536 2582 791 2637 inventus
817 2589 902 2635 est
931 2583 985 2633 in
1014 2596 1109 2635 ore
1133 2580 1254 2650 ejus
1274 2579 1342 2633 '9.
1374 2598 1393 2630 ι
1422 2577 1560 2634 Huic
1590 2577 1823 2635 Domino
1850 2576 2013 2632 veluti

419 2690 559 2744 opus
581 2672 856 2743 quoddam
880 2673 1242 2728 dramaticum
1267 2686 1434 2742 agens
1456 2672 1626 2727 Isaias
1649 2671 1725 2725 ait
1750 2689 1764 2725 :
1792 2690 1811 2723 ι
1838 2670 2018 2735 Quare

422 2768 591 2822 rubra
622 2778 753 2823 sunt
778 2766 1103 2821 vestimenta
1136 2776 1225 2821 tua
1259 2768 1416 2837 plena
1449 2779 1706 2837 tauquam
1743 2783 1771 2820 a
1802 2769 2016 2821 calcato

421 2860 682 2915 toreulari
710 2859 793 2914 ὀἳ
828 2879 848 2913 ι
905 2859 972 2913 Et
999 2859 1069 2915 de
1116 2861 1456 2915 vestimentis
1504 2861 1726 2930 quidem
1773 2861 1846 2914 ita
1883 2875 2018 2915 con-

424 2955 678 3024 temptari
720 2955 945 3025 dignum
985 2964 1090 3022 est,
1127 2964 1186 3009 ut
1228 2956 1529 3010 mundities
1566 2971 1756 3010 eorum
1802 2956 2016 3025 purita-

422 3057 529 3101 tem
565 3048 819 3116 corporis
858 3046 1130 3117 designet.
1164 3046 1363 3113 Porro,
1422 3050 1513 3118 qui
1562 3049 1767 3113 vicerit,
1814 3049 2012 3118 inquit.

420 3136 682 3202 Quantam
710 3138 937 3192 vicerit?
956 3140 1196 3194 Allectus
1224 3140 1407 3195 carnis
1439 3159 1451 3194 :
1485 3140 1573 3195 hic
1598 3156 1729 3210 ergo
1753 3144 2018 3197 vestietur

2109 600 2284 671 γὰρῆ
2340 601 2587 669 ὀλίγους,
2637 600 2863 671 ῆδὺοῆ
2918 602 3068 672 τρεῖς
3118 617 3285 670 φησιν
3340 599 3697 670 ἀνθρώπους,

2107 693 2224 748 ἀλλ’
2255 696 2316 747 οὐ
2361 695 2516 767 δύοῆ
2563 695 2692 765 τρία
2726 695 2989 765 ὀνόματα,
3029 693 3103 757 ὡς
3134 693 3229 746 τοῦ
3266 694 3386 762 μὲν,
3416 692 3512 745 τοῦ
3551 693 3699 746 ἰδιω-

2107 788 2274 842 τάτου
2308 788 2408 856 τῆς
2442 787 2659 857 φύσεως
2691 787 2843 849 ὄντος
2880 784 3243 855 σημαντικοῦ,
3275 784 3396 855 ἣτις
3419 785 3700 854 διαμένειν

2111 880 2345 947 πέφυκε,
2374 880 2467 933 τοῦ
2498 879 2616 932 καθ’
2644 879 2851 932 ἕκαστα
2873 879 2951 940 δὲ,
2976 880 3074 943 τῆς
3104 878 3377 947 διαδοχῆς,
3407 879 3530 948 ἥτις
3559 878 3699 947 (peci-

2110 990 2190 1026 νει
2221 972 2407 1044 σχεδὸν
2431 972 2531 1043 τῆς
2558 969 2850 1041 ὑπάρξεως
2879 969 3307 1040 ἀφανιζομένης.

2185 1290 2253 1344 Οἳ
2278 1292 2389 1344 οὐκ
2426 1290 2752 1359 ἐμόλυναν.
2784 1287 2956 1341 Τοῦτο
2997 1287 3159 1341 καλὸν
3190 1288 3477 1358 κέκτησαι,
3509 1292 3700 1359 φησῗν,

2113 1382 2313 1452 ἔχουσά
2362 1398 2512 1442 τινας
2551 1380 2711 1432 τοῦτο
2754 1381 2814 1432 τὸ
2864 1380 3079 1449 ἱμάτιον
3117 1379 3215 1442 τῆς
3263 1379 3466 1449 σαρκὸς
3520 1383 3700 1449 ῥυπα-

2116 1476 2237 1544 ραῖς
2294 1472 2528 1541 πράξεσι
2584 1471 2658 1541 μὴ
2719 1469 3091 1541 μολύναντας,
3121 1470 3171 1522 οἳ
3207 1470 3327 1539 μετ’
3372 1468 3507 1538 ἐμοῦ
3543 1472 3597 1521 ἐν
3635 1474 3699 1540 τῇ

2116 1566 2513 1635 παλιγγενεσία
2551 1562 3029 1633 λαμπροφοροῦσι.
3081 1561 3305 1623 Τούτοις
3337 1561 3392 1614 δὲ
3442 1562 3535 1614 καὶ
3564 1565 3701 1623 τέως

2115 1654 2568 1724 δυσωπούμενος,
2630 1652 3008 1720 ἁναὸἁλλομαι
3067 1651 3161 1703 καὶ⁸
3221 1650 3563 1720 μακροθυμῶ
3624 1653 3704 1711 εἰς

2117 1750 2282 1820 ὑμᾶς.
2329 1750 2544 1818 Ἰμάτια
2576 1748 2633 1800 δὲ
2676 1746 3142 1818 μὴ·μολυνθέντα,
3178 1746 3246 1798 τά
3292 1745 3521 1815 σώματα
3553 1744 3704 1811 λέγει

2116 1843 2224 1895 τῶν
2260 1843 2465 1910 ἀγῗων,
2500 1842 2575 1904 ὠς
2614 1843 2706 1894 καὶ
2765 1839 2958 1895 Ἰακὼϐ
2988 1843 3016 1893 ὁ
3060 1839 3407 1909 πατριάρχης
3450 1838 3576 1909 περὶ
3606 1837 3704 1889 τοῦ

2117 1935 2176 1999 ὲξ
2238 1934 2409 1987 Ἰούδα
2436 1933 2841 2005 βλαστήσαντος
2862 1976 2877 1999 ,
2910 1935 2966 1995 ὃς
2997 1934 3144 1985 ἐστιν
3193 1930 3403 2000 Ἰησοῦς
3432 1929 3668 2001 Χριστὸς
3687 1967 3703 1992 ,

2119 2029 2386 2093 θεσπίζει,
2424 2029 2505 2080 ὅτι
2541 2046 2559 2078 ι
2602 2028 2799 2080 Πλυνεῖ
2827 2028 2885 2079 ἐν
2915 2026 3044 2096 οἴνῳ
3076 2024 3175 2095 τὴν
3212 2024 3404 2095 στολὴν
3440 2022 3630 2086 αὑτοῦ,
3681 2042 3701 2073 ι

2115 2122 2177 2175 τὸ
2211 2122 2370 2192 σῶμα
2401 2119 2495 2174 τοῦ
2531 2120 2695 2173 αὐτοῦ
2732 2119 2940 2190 Κυρίου
2971 2116 3166 2185 λέγων,
3196 2115 3223 2168 ὃ
3264 2118 3320 2168 ὲν
3345 2114 3423 2184 τῷ
3449 2115 3706 2184 ἀχράντῳ

2117 2213 2282 2267 αὑτοῦ
2312 2213 2474 2266 πάοει
2505 2213 2585 2273 εἰς
2617 2213 2969 2264 ὑποτύπωσιν
2998 2208 3153 2279 ἡμῶν
3187 2205 3486 2275 ἐκαθάρθη.
3531 2205 3707 2268 Αὐτὸς

2117 2308 2224 2378 γὰρ
2257 2305 2533 2376 ἁμαρτίαν
2555 2305 2655 2358 οὐκ
2681 2304 2924 2375 ἐποίησε,
2959 2304 3125 2372 φησὶν
3154 2304 3181 2354 ὁ
3215 2302 3464 2365 Ἡσαΐας,
3500 2320 3518 2351 ι
3573 2300 3708 2351 Ἀπὸ

2116 2401 2226 2453 τῶν
2252 2398 2495 2470 ἀνομιῶν
2528 2397 2622 2451 τοῦ
2653 2398 2785 2450 λαοῦ
2837 2414 2937 2467 μου
2970 2395 3111 2466 ἤχθη
3142 2397 3220 2457 εἰς
3253 2393 3503 2446 θάνατον.
3535 2394 3708 2455 Aﬁr-’1;

2116 2493 2228 2564 γὰρ
2273 2492 2551 2563 ἁμαρτίαν
2582 2490 2682 2544 οὐκ
2736 2490 3017 2560 ἐποίησεν,
3062 2488 3183 2541 οὐδὲ
3219 2487 3417 2557 εὑρέθη
3455 2487 3607 2549 δόλος
3648 2488 3707 2537 ἐν

2117 2584 2195 2656 τῷ
2228 2586 2459 2655 στόματι
2510 2582 2699 2638 αὐτοῦ.
2751 2601 2767 2633 ι
2811 2582 3000 2651 Τούτῳ
3032 2580 3110 2651 τῷ
3160 2581 3348 2651 Κυρίῳ
3386 2580 3461 2641 ὡς
3492 2579 3619 2648 περί
3653 2594 3708 2629 τι

2118 2678 2555 2751 δραματουργῶν
2579 2679 2609 2730 ὁ
2651 2676 2817 2739 αὐτὸς
2876 2675 3103 2738 ἰἰσαῖας
3132 2675 3299 2744 φησί·
3345 2692 3362 2724 ι
3399 2672 3499 2725 Διά
3520 2672 3573 2724 τί
3609 2688 3707 2723 σου

2119 2772 2326 2843 ἐρυθρὰ
2354 2770 2423 2823 τὰ
2469 2769 2660 2840 ἱμάτια
2705 2769 2779 2832 ὡς
2814 2767 2921 2822 ἀπὸ
2959 2767 3198 2839 πατητοῦ
3227 2765 3390 2837 ληνοῦ
3423 2765 3642 2835 πλήρης
3682 2782 3702 2815 ι

2119 2864 2230 2918 Καὶ
2267 2863 2397 2934 περὶ
2449 2864 2550 2933 μὲν
2578 2860 2688 2915 τῶν
2728 2860 2962 2932 ἱματίων
2994 2860 3135 2912 οὕτω
3176 2857 3498 2929 θεωρεῖσθαι
3532 2856 3705 2922 ἀξιον,

2120 2956 2262 3011 ὥστε
2293 2957 2354 3009 τὺ
2394 2954 2698 3026 ἀμόλυντον
2733 2954 2913 3009 αὐτῶν
2944 2953 3042 3025 τὴν
3083 2952 3436 3023 καθαρότητα
3470 2950 3561 3004 τοῦ
3596 2951 3708 3002 σώ-

2123 3069 2293 3123 ματος
2317 3049 2674 3103 αἰνίττεσθαι.
2725 3049 2777 3101 Ὀ
2807 3046 2993 3102 νικῶν
3019 3047 3075 3100 δέ
3106 3063 3289 3117 φησιν.
3334 3045 3467 3098 Τίνα
3491 3044 3697 3111 νικῶνς

2121 3145 2203 3199 Τά
2254 3144 2401 3213 πάθη
2434 3144 2536 3214 τῆς
2588 3142 2811 3214 σαρκός.
2859 3137 3028 3204 Οὗτος
3084 3136 3177 3192 οὖν
3227 3138 3604 3209 περιϐαλεῖται
3640 3137 3708 3189 τὰ

420 3246 644 3285 suarum
682 3231 946 3286 virtutum
985 3233 1330 3287 vestimentis
1356 3273 1371 3297 ,
1401 3248 1525 3302 quae
1563 3235 1879 3289 oinundavit
1910 3235 2016 3305 piis

2121 3238 2232 3291 τῶν
2285 3237 2505 3291 οἰκείων
2564 3235 2777 3307 ἀρετῶν
2822 3234 3014 3304 ἱμάτια
3051 3232 3085 3287 δι
3115 3232 3385 3302 ὲκάοαρεν
3427 3232 3490 3283 ὲκ
3522 3231 3708 3283 κόπων

421 3323 707 3379 laboribus
734 3339 748 3377 :
779 3333 833 3379 et
869 3324 1176 3393 splendebit
1205 3327 1349 3379 sicut
1371 3330 1451 3380 sol
1482 3325 1535 3379 in
1570 3325 1761 3379 futuro
1791 3327 2012 3393 saeculo,

422 3415 653 3485 ejusque
700 3432 901 3469 nomen
938 3418 1082 3485 quod
1119 3418 1387 3486 scriptum
1432 3427 1518 3472 est
1563 3418 1616 3471 in
1656 3418 1796 3472 libro
1833 3420 2019 3473 viven-

425 3511 561 3562 tium
608 3507 943 3563 indelicienti
976 3511 1111 3574 vita,
1144 3510 1384 3562 manebit
1415 3510 1724 3575 indelebile,
1758 3522 2017 3580 tanquam

426 3601 473 3655 is
506 3616 666 3670 quem
696 3616 796 3670 ego
823 3602 1128 3655 conﬁtebor
1158 3617 1341 3655 coram
1370 3601 1531 3657 Patre
1556 3618 1699 3657 meo.
1727 3602 1901 3672 llujus
1924 3620 2021 3656 au-

425 3703 530 3749 tem
561 3696 849 3765 scriptura:
869 3705 923 3749 et
943 3696 1311 3750 confessionis
1337 3710 1525 3750 coram
1553 3694 1711 3751 Patre
1738 3696 2021 3767 promissa:

424 3787 677 3839 meminit
704 3788 754 3839 in
779 3787 983 3840 divinis
1007 3785 1316 3855 Evangeliis
1338 3788 1528 3841 dicens
1553 3787 1671 3842 suis
1693 3786 2016 3857 discipulis:

431 3896 451 3930 ι
492 3877 739 3931 Gaudete
777 3878 902 3947 quia
938 3879 1161 3932 nomina
1196 3888 1376 3934 vestra
1419 3880 1624 3948 scripta
1657 3888 1785 3933 sunt
1816 3880 1869 3933 in
1903 3894 2020 3933 cce-

425 3969 492 4026 !is
533 3972 602 4023 9‘.
663 3989 681 4022 ι
733 3971 901 4041 679
932 3971 1036 4025 Sed
1090 3972 1330 4026 nominis
1366 3973 1452 4027 sui
1494 3973 1867 4028 confessionis
1900 3973 2019 4043 ido-

426 4070 742 4115 contentum
777 4062 956 4131 ipsum
1003 4071 1136 4117 tunc
1167 4063 1220 4116 in
1256 4063 1565 4132 Evangeliis
1604 4066 1855 4127 traditur,
1892 4079 2017 4119 cum

426 4152 723 4221 paciscitur
752 4167 811 4207 se
850 4153 1002 4207 illum
1032 4154 1416 4210 contessurum
1445 4172 1633 4211 coram
1665 4156 1826 4212 Patre
1854 4157 1907 4211 in
1936 4172 2021 4211 se-

429 4247 611 4299 cundo
649 4261 749 4299 suo
782 4247 1040 4311 adventu,
1077 4247 1170 4317 qui
1217 4263 1275 4302 se
1318 4263 1505 4303 coram
1542 4249 1857 4304 hominibus
1891 4265 2022 4303 con-

430 4342 673 4393 titet‘etur
710 4356 723 4394 :
758 4340 906 4410 quod
935 4341 1195 4396 omnibus
1225 4342 1445 4411 quidem
1485 4344 1692 4399 sanctis
1723 4344 2019 4413 repositum

427 4443 536 4495 est,
568 4432 839 4502 priecipuc
872 4442 1054 4487 tamen
1092 4435 1447 4503 inattyrihus.

503 4725 698 4778 Coram
742 4724 903 4780 Patre
944 4742 1056 4780 meo
1099 4736 1148 4779 et
1191 4743 1369 4780 coram
1408 4726 1608 4797 angelis
1648 4727 1782 4779 suis.
1824 4724 2019 4779 Coram

430 4819 592 4873 Patte
645 4830 698 4873 et
742 4822 952 4889 angelis
990 4822 1106 4876 suis
1149 4821 1359 4875 dictum
1408 4833 1513 4885 est,
1565 4821 1708 4889 quod
1762 4831 2020 4889 tanquam

428 4914 605 4984 angeli
642 4913 753 4967 sint
808 4913 993 4968 lidelcs
1034 4930 1099 4967 ac
1150 4913 1395 4969 benevoli
1432 4913 1695 4966 cultores.
1739 4911 1804 4965 Et
1851 4912 2023 4965 inter-

432 5006 560 5057 dum
600 5004 817 5073 quidem
861 5003 995 5056 dicit
1028 5005 1252 5073 angelos
1291 5003 1469 5057 Patris
1491 5043 1505 5068 ,
1540 5003 1811 5057 interdum
1843 5013 2024 5056 autem

432 5110 584 5155 suos,
620 5103 677 5147 ut
721 5110 845 5147 cum
881 5096 958 5147 ait
995 5111 1009 5147 :
1050 5114 1066 5145 ι
1110 5095 1285 5148 Mittet
1313 5093 1482 5149 Filius
1523 5095 1759 5151 hominis
1798 5096 2021 5165 angelos

430 5201 561 5240 suos
611 5201 735 5239 cum
780 5200 910 5239 voce
938 5201 1135 5254 magna
1186 5188 1328 5241 tuba:
1361 5188 1427 5240 ".
1473 5205 1491 5237 ν
1533 5186 1685 5241 Nunc
1735 5188 1901 5259 igitur
1935 5188 2021 5242 di-

431 5279 602 5333 cendo
632 5278 856 5347 angelos
886 5276 1087 5341 Patris,
1123 5293 1229 5333 non
1264 5280 1405 5333 tollit
1432 5280 1562 5349 quin
1593 5280 1766 5351 ipsius
1803 5296 2022 5353 quoque
2066 5302 2085 5317 ε

434 5376 543 5426 sint
574 5373 747 5426 sancti
774 5369 973 5439 angeli.
1032 5368 1177 5425 Nihil
1202 5374 1347 5427 enim
1374 5390 1565 5429 eorum
1592 5391 1715 5445 qua:
1751 5376 1804 5429 in
1833 5376 2019 5430 divina

432 5477 626 5520 natura
668 5464 1107 5532 conspiciuntur,
1152 5465 1399 5522 invenire
1443 5469 1570 5524 licet
1605 5468 2016 5539 appropriatum

504 5667 551 5701 ⁸⁸
589 5667 725 5721 Gen.
760 5682 908 5735 xm,
933 5668 1017 5723 ll.
1097 5670 1141 5702 ⁸³
1170 5669 1271 5724 lsa.
1308 5684 1422 5735 Llll,
1459 5670 1512 5725 9.

506 5846 623 5922 (15)
666 5846 830 5906 Uncis
864 5850 1070 5908 inclusa
1107 5852 1331 5908 deerant
1366 5853 1417 5908 in
1450 5853 1596 5921 \‘ttlg.

1593 5671 1638 5704 9°
1667 5670 1768 5727 lsa.
1801 5687 1958 5741 Lxm,
1987 5673 2043 5728 2.

2123 3329 2406 3400 θεοφιλῶν,
2434 3330 2527 3382 καὶ
2549 3329 2757 3399 λάμψει
2783 3328 2858 3391 ὼς
2886 3328 3037 3399 ἥλιος
3067 3329 3122 3379 ὲν
3145 3325 3223 3396 τῷ
3260 3324 3503 3395 μέλλοντι
3526 3324 3706 3387 αἰῶνι,

2122 3424 2216 3477 καὶ
2263 3423 2323 3475 τὸ
2356 3423 2527 3490 ὄνομα
2558 3421 2723 3477 αὐτοῦ
2773 3422 2801 3474 ὃ
2830 3420 3049 3491 ἐγράφη
3078 3420 3133 3471 ὲν
3161 3421 3226 3488 τῇ
3267 3418 3431 3487 βίϐλῳ
3472 3417 3581 3470 τῶν
3611 3416 3708 3487 τὴν

2125 3517 2200 3587 μὴ
2236 3516 2595 3569 ἐκλείπουσαν
2635 3513 2855 3579 ζώντων
2890 3512 3056 3583 ζωὴν,
3110 3510 3497 3574 ἀνεξάλειπτον
3528 3508 3705 3575 ἔσται,

2121 3607 2194 3668 ὡς
2227 3606 2660 3676 ὁμολογουμένου
2716 3602 2883 3656 αὐτοῦ
2928 3600 3161 3654 ἐνώπιον
3205 3599 3300 3651 τοῦ
3344 3598 3556 3668 Πατρός
3605 3615 3708 3667 μου

2124 3701 2216 3752 ὑπ’
2268 3699 2424 3767 ἐμοῦ.
2461 3697 2678 3767 Ταύτης
2713 3696 2769 3749 δὲ
2809 3695 2906 3764 τῆς
2950 3695 3006 3746 ὲν
3052 3696 3117 3764 τῇ
3149 3692 3317 3762 βίϐλῳ
3360 3693 3578 3760 γραφῆς
3612 3688 3708 3742 καὶ

2121 3790 2219 3859 τῆς
2244 3789 2555 3859 ἔμπροσθεν
2592 3786 2685 3841 τοῦ
2741 3786 2952 3856 Πατρδς
2983 3784 3280 3855 ὁμολογίας
3310 3781 3427 3854 [καὶ
3474 3782 3611 3851 αὐτὴ
3650 3784 3708 3833 ἐν

2122 3885 2234 3943 τοῖς
2261 3881 2614 3948 Εὐαγγελίοις
2638 3880 3036 3949 ἐμνημόνευσε,
3066 3876 3240 3944 λέγων
3269 3878 3381 3938 τοῖς
3408 3874 3573 3928 αὑτοῦ
3609 3892 3712 3944 μα-

2127 3976 2319 4048 θηταῖς
2377 3975 2583 4038 οὖτωςο
2626 3991 2644 4025 ι
2705 3973 2938 4043 Χαίρετε
2988 3973 3069 4025 ὅτι
3125 3972 3193 4024 τά
3248 3971 3486 4039 ὀνόματα
3551 3969 3707 4039 ὑμῶν

2122 4071 2337 4139 ἐγράφη
2367 4070 2424 4123 ὲν
2463 4070 2575 4131 τοῖς
2609 4068 2878 4138 οὐρανοῖς.
2921 4084 2939 4119 ι
2979 4064 3044 4117 Ἦ
3084 4065 3140 4117 δὲ
3186 4065 3282 4134 τῆς
3312 4062 3407 4117 τοῦ
3440 4062 3707 4133 ὀνόματος

2122 4160 2413 4231 ὁμολογίας
2475 4155 2632 4231 (15)]
2680 4155 3005 4223 ἐπαγγελία,
3040 4156 3072 4224 ἡ
3107 4154 3244 4224 αὑτὴ
3280 4154 3337 4205 ἐν
3383 4155 3495 4214 τοῖς
3542 4151 3705 4212 Oet-ai;

2124 4252 2486 4321 Εὑαγγελίοις
2539 4250 2859 4321 ἀνάγραφος
2910 4248 3251 4320 τηνικαῦτα,
3309 4246 3457 4301 ὁπότ’
3507 4246 3574 4300 ἂν
3619 4247 3708 4297 τὶν

2124 4346 2437 4415 ἔμπροσθεν
2469 4343 2578 4396 τῶν
2618 4342 2921 4413 ἀνθρώπων
2969 4340 3337 4412 ὁμολογοῦντα
3367 4340 3707 4409 ἀνομολογή-

2126 4438 2324 4490 σασΟαι
2377 4428 2690 4507 ἔμπροσθεν
2729 4437 2822 4490 τοῦ
2870 4437 3085 4507 Πατρὸς
3123 4436 3372 4505 ἐμπεδοῖ,
3423 4435 3564 4488 κατά
3613 4432 3709 4503 τὴν

2127 4529 2384 4598 δευτέραν
2421 4531 2585 4581 αὐτου
2618 4530 2943 4600 παρουσίαν.
2982 4532 3045 4580 Ὃ
3074 4530 3167 4581 καὶ
3197 4529 3331 4580 πᾶσι
3363 4527 3461 4597 μὲν
3488 4526 3710 4581 ἀπόκει-

2123 4638 2213 4674 ται
2248 4623 2361 4683 τοῖς
2391 4621 2587 4689 ἁγίοις,
2613 4620 2981 4692 διαφερόντως
3010 4620 3065 4673 δὲ
3095 4623 3209 4683 τοῖς
3237 4620 3529 4690 μάρτυσιν.

2210 4736 2503 4791 Ἐνώπιον
2531 4737 2637 4792 τοῦ
2662 4738 2893 4806 Πατρός
2925 4755 3073 4805 μου,
3109 4736 3207 4790 καὶ
3261 4735 3521 4788 ἐνώπιον
3591 4732 3712 4787 τῶν

2127 4830 2403 4900 ἀγγέλων
2431 4830 2643 4885 αὑτοῦ.
2695 4831 2767 4883 Τὸ
2803 4829 3039 4883 ἐνώπιον
3072 4828 3167 4881 τοῦ
3214 4829 3429 4898 ΙΙατρὺς
3458 4829 3552 4879 καὶ
3598 4828 3707 4879 τιίν

2126 4921 2378 4988 ἀγγέλων
2446 4919 2611 4973 αὐτοῦ
2657 4921 2891 4992 εἴρηται,
2925 4920 3001 4984 ὡς
3052 4920 3222 4973 ὄντων
3293 4920 3402 4972 τῶν
3463 4917 3713 4986 ἀγγέλων

2128 5013 2336 5066 πιστῶν
2359 5012 2707 5083 Θεραπόντων
2753 5014 2845 5065 καὶ
2872 5010 3152 5066 εὐνοϊκῶν.
3188 5013 3297 5065 Καὶ
3329 5010 3457 5065 ποτὲ
3494 5011 3592 5080 μὲν
3616 5008 3708 5062 τοῦ

2131 5103 2366 5173 Πατρος,
2392 5104 2523 5156 ποτὲ
2540 5104 2595 5156 δὲ
2623 5103 2816 5157 ἑαυτοῦ
2846 5104 2975 5167 τοὺς
2995 5103 3262 5171 ἀγγέλους
3283 5102 3457 5164 καλεῖ,
3492 5101 3564 5163 ὡς
3584 5103 3711 5153 ὅταν

2130 5192 2264 5264 λέγῃ
2285 5210 2299 5224 ο
2340 5213 2357 5246 ι
2400 5194 2723 5246 ’Ἄποστελεῖ
2745 5192 2871 5256 τοὺς
2902 5192 3167 5262 ἀγγέλους
3208 5192 3373 5245 αὐτοῦ
3407 5194 3433 5244 ὁ
3464 5192 3586 5254 Υἱὸς
3616 5189 3709 5242 τοῦ

2130 5287 2423 5359 ἀνθρώπου
2463 5288 2601 5358 μετά
2631 5287 2931 5357 σάλπιγγος
2966 5289 3227 5359 μεγάλης.
3266 5307 3285 5340 ι
3320 5286 3432 5340 Νῦν
3467 5282 3560 5340 οὖν
3585 5286 3710 5348 τοὺς

2130 5378 2404 5446 ἀγγέλους
2442 5378 2541 5431 τοῦ
2577 5379 2794 5449 Πατρδς
2818 5379 2919 5431 οὑκ
2940 5379 3283 5448 ἀφαιρεῖται,
3313 5377 3373 5427 τὸ
3420 5373 3513 5428 καὶ
3544 5370 3709 5427 αὐτοῦ

2133 5467 2424 5536 εἶναιτοὺς
2450 5472 2641 5541 ἁγίους
2670 5471 2960 5541 ἀγγέλους.
2995 5471 3162 5524 Οὐδὲν
3194 5471 3303 5541 γὰρ
3344 5470 3411 5540 τῇ
3439 5465 3571 5539 ἁγία
3610 5464 3713 5534 φύ-

2122 5672 2325 5729 9‘Luc.
2364 5690 2416 5743 κ,
2450 5673 2542 5730 20.
2620 5676 2663 5707 θ’
2701 5674 2888 5731 Matth.
2951 5690 3097 5739 xxiv,
3159 5674 3248 5729 5|.
