4034 6562
276 436 381 502 553

1333 433 1720 493 COMMENT.
1764 432 1838 491 IN
1885 431 2414 493 APOCALYPSIS.

3420 426 3524 491 554

274 569 354 606 σει
397 548 871 620 ἐνθεωρουμένων,
904 552 1010 601 τινὶ
1038 548 1149 601 τῶν
1206 549 1372 618 τριῶν
1404 548 1577 617 αὐτῆς
1612 550 1849 602 ὑποστά-

1970 550 2114 602 ιιίουί
2159 548 2320 602 trium
2371 548 2541 617 ipsius
2589 562 2968 618 personarum,
3018 556 3213 615 praeter
3253 544 3303 598 id
3357 561 3524 599 unum

273 660 413 695 σεων
471 641 623 711 εὖροι
670 658 754 703 τις
798 640 864 693 ἂν
917 641 1345 710 ἐξιδιαζὸμενον,
1398 641 1536 711 πλὴν
1575 642 1694 704 ἐνὸς
1753 640 1848 693 τοῦ

273 733 654 797 ὑποστατικῶς
687 732 839 803 αὐτῷ
869 735 1189 803 προσόντος.

863 846 1116 899 ΚΕΦΑΛ.
1152 844 1233 900 II'.

274 956 682 1025 Taqpagsérra
720 958 869 1024 πρὸς
920 956 1029 1009 τὸν
1080 957 1191 1028 τῆς
1244 958 1667 1028 Φιλαδελφέων
1720 959 1849 1013 Ἐκο

760 1029 1019 1094 κλησίας
1062 1026 1341 1096 ἄγγελον.

338 1138 447 1193 Καί
486 1139 567 1203 τῷ
614 1139 846 1207 ἀγγέλῳ
896 1138 1009 1207 τῆς
1055 1140 1123 1191 ἐν
1161 1141 1560 1210 Φιλαδελρεὶςι
1601 1143 1851 1209 Ἐκκλη·

267 1232 407 1296 σίας
453 1231 727 1300 γράψον·
786 1230 933 1283 Τάδε
987 1230 1149 1299 λέγει
1195 1234 1228 1284 ὀ
1260 1231 1428 1299 ἅγιος
1468 1236 1500 1286 ό
1540 1233 1847 1299 ἀληθινὸς,

269 1324 301 1376 ό
326 1322 486 1389 ἔχων
506 1321 621 1389 τὴν
652 1321 861 1375 κλεῖδα
883 1322 989 1375 τοῦ
1016 1320 1197 1374 Δαυτό
1223 1338 1235 1350 ·
1270 1322 1483 1388 Οὐδείς
1520 1324 1773 1385 κλείσει,
1799 1324 1852 1377 εί

264 1414 347 1485 μὴ
371 1418 402 1467 ό
432 1414 711 1482 ἀνοίγων,
732 1414 829 1465 καὶ
857 1412 1056 1479 οὐδείς
1085 1414 1332 1478 ἀνοίξει,
1364 1414 1513 1484 είμὴ
1543 1418 1574 1467 ὀ
1594 1416 1812 1469 κλείων
1833 1431 1845 1444 ·

268 1502 401 1560 οἶδὰ
442 1520 558 1559 σου
598 1505 670 1557 τὰ
732 1506 896 1572 ἔργα.
946 1504 1101 1557 Ἰδοὺ
1142 1504 1373 1557 δέδωκα
1431 1504 1687 1557 ἐνώπιόν
1734 1522 1850 1559 σου

269 1599 457 1663 θύραν
506 1598 913 1665 ἀνεῳγμένην,
953 1597 1049 1649 καὶ
1084 1596 1287 1661 οὐδεὶς
1313 1598 1563 1650 δύναται
1610 1596 1849 1651 κλεῖσαι

267 1687 481 1754 αὐτὴν,
509 1688 599 1739 ὅτι
627 1688 851 1754 μικρὰν
908 1688 1070 1755 ἔχεις
1099 1686 1379 1755 δύναμιν,
1412 1687 1511 1740 καὶ
1548 1687 1851 1755 ἐτήρησάς

268 1797 381 1849 μου
412 1779 521 1832 τὸν
571 1779 781 1847 λόγον,
817 1777 918 1830 καί
951 1780 1062 1831 οὐκ
1111 1778 1361 1845 ἠρνήσω
1392 1779 1459 1831 τὸ
1486 1779 1672 1849 ὄνομά
1704 1800 1845 1849 μου.

1952 640 2096 708 quod
2132 640 2470 709 hypostatice
2499 640 2603 710 ipsi
2638 641 2911 694 convenit.

2536 834 2765 892 CAPUT
2810 835 2941 890 VIII.

1954 952 2086 1016 Qua:
2122 954 2322 1017 scripta
2366 961 2489 1006 sunt
2535 953 2602 1005 ad
2657 953 2903 1020 angelum
2958 949 3208 1005 Ecclesia:
3260 950 3532 1005 Philadel-

2618 1022 2861 1089 phorum.

2025 1136 2115 1203 III,
2174 1137 2224 1201 7,
2272 1137 2325 1192 8.
2382 1136 2449 1189 Et
2513 1136 2698 1207 angelo
2754 1134 3225 1204 Philadelphorum
3284 1133 3535 1189 Ecclesia:

1952 1228 2119 1281 scribe
2169 1243 2187 1280 :
2245 1227 2371 1281 Haec
2425 1227 2555 1280 dicit
2604 1238 2819 1281 sanctus
2864 1227 2956 1281 ille
3002 1242 3184 1289 verus,
3238 1226 3328 1294 qui
3380 1226 3532 1277 habet

1952 1318 2149 1373 clavem
2189 1318 2384 1383 David,
2429 1318 2597 1372 Nemo
2630 1320 2839 1372 claudet
2870 1320 3040 1388 ipsum
3079 1317 3183 1371 nisi
3216 1317 3258 1369 is
3295 1317 3383 1385 qui
3414 1332 3535 1383 ape-

1953 1411 2025 1461 rit
2075 1424 2093 1461 :
2141 1418 2191 1461 et
2239 1424 2387 1461 nemo
2444 1409 2680 1475 aperiet,
2742 1409 2845 1461 nisi
2898 1410 2941 1462 is
2992 1409 3081 1477 qui
3132 1408 3387 1461 claudit:
3426 1406 3535 1460 scio

1953 1515 2111 1569 opera
2157 1510 2268 1556 tua.
2302 1498 2437 1552 Ecce
2489 1500 2612 1554 dedi
2659 1516 2837 1552 coram
2890 1511 2938 1553 te
2989 1500 3184 1552 ostium
3233 1508 3471 1566 apertum
3516 1513 3537 1553 :

1953 1591 2230 1662 nullusque
2257 1601 2424 1661 potest
2462 1592 2597 1644 illud
2633 1592 2895 1654 claudere,
2935 1592 3059 1660 quia
3088 1590 3345 1643 modicam
3380 1590 3537 1644 habes

1953 1687 2197 1741 virtutem
2239 1695 2288 1739 et
2315 1686 2539 1739 servasti
2568 1701 2859 1739 sermonem
2898 1702 3089 1748 meum,
3119 1692 3169 1736 et
3200 1700 3302 1737 non
3337 1685 3539 1753 negasti

1960 1794 2147 1831 nomen
2183 1794 2375 1831 meum.

339 1870 532 1937 ’Ἄγιος
569 1870 669 1939 μέν
724 1871 872 1921 ἐστιν
908 1869 935 1920 ὁ
968 1869 1223 1937 ἀληθινὸς
1267 1869 1443 1936 ἅγιος,
1470 1869 1527 1932 ὃς
1556 1870 1652 1922 καὶ
1724 1872 1849 1936 Υἱός

2029 1866 2264 1922 Sanctus
2319 1867 2537 1935 quidem
2589 1874 2674 1921 est
2710 1880 2870 1920 vcrus
2922 1864 3013 1919 ille
3058 1877 3306 1928 sanctus,
3346 1864 3440 1932 qni
3487 1872 3541 1916 et

269 1963 387 2013 ἐστι
428 1960 523 2013 τοῦ
583 1959 742 2022 Θεοῦ,
775 1960 979 2028 καὶτῷ
1005 1958 1210 2029 τρισσῴ
1253 1960 1362 2013 τῶν
1415 1960 1663 2030 Σεραφὶμ
1704 1961 1859 2029 ἅγια-

271 2051 445 2123 στικῷ
480 2052 636 2123 ὕμνῳ
684 2051 746 2105 τὺ
783 2050 983 2120 ἀληθὲς
1034 2052 1395 2122 ἀποφέρεται,
1434 2054 1509 2117 ὡς
1539 2054 1634 2107 καὶ
1684 2059 1741 2106 ἐν
1782 2055 1861 2125 τῷ

270 2142 544 2214 θεαστικῷ
592 2144 791 2213 Ἡσαΐᾳ
819 2143 1283 2214 κεχρημάτισται,
1312 2144 1407 2197 τοῦ
1457 2146 1673 2214 τριττοῦ
1704 2145 1862 2213 ἁγια-

273 2235 414 2305 σμοῦ
438 2237 518 2299 εἰς
550 2236 680 2306 μίαν
729 2234 1154 2305 συγκλειομένου
1188 2236 1514 2307 κυριότητα,
1552 2238 1642 2291 ἵνα
1671 2240 1765 2291 καὶ
1799 2238 1860 2291 τδ

273 2328 493 2397 τριττὸν
548 2326 736 2397 δειχθῇ
810 2326 922 2379 τῶν
982 2326 1335 2380 ὑποστάσεων
1384 2327 1484 2397 τῆς
1534 2328 1859 2398 ὑπερουσίου

275 2419 529 2489 Τριάδος,
572 2419 667 2473 καὶ
698 2418 759 2471 τὸ
786 2418 1159 2473 ἀδιάσπαστον
1188 2418 1395 2471 τούτων
1421 2418 1499 2489 τῷ
1536 2420 1731 2489 ἐνιαίῳ
1764 2420 1863 2488 τῆς

276 2509 624 2579 κυριότητος.
660 2507 832 2561 Τοῦτο
871 2508 926 2561 δὲ
951 2508 1059 2561 τῶν
1098 2507 1238 2578 πεζῇ
1272 2508 1365 2560 καὶ
1400 2508 1611 2580 θνητῶν
1645 2508 1862 2576 φύσεων

277 2599 338 2653 τὺ
356 2600 801 2669 ὑπερανεστηκὸς
825 2601 971 2664 ὅσον,
990 2600 1073 2664 τίς
1108 2600 1174 2652 ἂν
1198 2600 1288 2653 διὰ
1320 2600 1493 2669 λόγων
1533 2602 1825 2672 παρεμφαί
1841 2631 1860 2643 ο

278 2704 459 2754 νοιτο;
508 2689 709 2742 Κλεῖδα
758 2689 817 2742 δὲ
869 2689 964 2742 τοῦ
1016 2689 1180 2743 Δαυῒδ
1204 2690 1303 2761 τὴν
1348 2692 1864 2763 παντοκρατορικὴν

280 2780 529 2845 ἐξουσίαν
575 2784 711 2850 φησι
756 2782 1059 2850 παριστῶν,
1096 2776 1256 2837 διὀὖ
1307 2784 1357 2835 oi.
1403 2782 1671 2853 θησαυροὶ
1712 2784 1864 2854 μόνοι

280 2869 382 2937 τῆς
440 2870 726 2939 θεοσοφίας
771 2870 1102 2939 ἀνοίγονται.
1162 2871 1275 2943 Τὴν
1328 2873 1427 2941 μὲν
1482 2872 1576 2926 οὖν
1633 2873 1860 2943 πρώτην

282 2963 533 3027 ἐξουσίαν
580 2962 726 3017 κατὰ
778 2962 1129 3034 ἀνθρωπίνην
1159 2964 1375 3034 δέχεται
1418 2965 1603 3034 φύσιν,
1637 2968 1712 3028 ὡς
1760 2967 1856 3020 καὶ

284 3054 452 3107 αὐτοῦ
477 3054 634 3106 τοῦτο
666 3053 815 3107 ἔστιν
849 3054 1101 3109 ἀκοῦσαιο
1137 3074 1156 3107 ι
1209 3057 1394 3128 Ἐδόθη
1423 3075 1513 3127 μοι
1536 3060 1684 3112 πᾶσα
1716 3058 1867 3123 ἐξου-

286 3145 377 3199 σία
418 3147 473 3197 ἐν
516 3145 730 3215 οὐρανῷ
780 3147 873 3199 καὶ
912 3146 1005 3199 ἐπὶ
1062 3150 1185 3219 γῆς,
1234 3167 1253 3200 ι
1298 3150 1620 3217 φάσκοντος.
1657 3152 1769 3219 Τὴν
1810 3152 1867 3204 δὲ

1961 1960 2133 2015 Filius
2167 1960 2261 2015 Dei
2316 1967 2430 2026 est,
2464 1968 2517 2013 et
2550 1958 2748 2028 triplici
2798 1957 3203 2027 scraphicorum
3250 1956 3537 2025 spirituum

1964 2052 2169 2120 hymno
2223 2060 2472 2106 sanctum
2527 2051 2855 2121 praedicante
2896 2050 3094 2104 veritas
3129 2048 3489 2103 denuntiatur
3524 2064 3538 2100 :

1962 2143 2426 2212 quemadmodum
2478 2144 2641 2197 etiam
2686 2144 2740 2196 in
2781 2142 3205 2211 contemplativo
3264 2141 3406 2195 Isaia
3445 2156 3542 2209 ap-

1963 2234 2196 2304 pellatus
2229 2244 2346 2299 est,
2400 2234 2596 2303 triplici
2646 2233 3079 2288 sanctiﬁcatione
3120 2232 3173 2286 in
3215 2248 3377 2286 unam
3413 2248 3544 2285 con-

1964 2328 2119 2379 clusa
2161 2324 2617 2385 dominationem,
2658 2333 2716 2375 ut
2752 2332 2805 2377 et
2834 2322 3111 2377 ternarius
3141 2322 3544 2375 demonstretur

1966 2432 2322 2488 personarum
2356 2415 2901 2484 supersubstantialis
2926 2414 3233 2477 Trinitatis,
3264 2423 3317 2467 et
3351 2415 3543 2467 harum

1964 2508 2407 2578 inseparabilitas
2463 2508 2665 2562 unione
2720 2506 3129 2561 dominationis.
3200 2504 3314 2560 Iloc
3364 2514 3544 2561 autem

1965 2608 2232 2671 quantum
2282 2598 2688 2668 superemineat
2718 2597 3069 2652 inferioribus
3102 2612 3164 2651 ac
3197 2598 3363 2669 680
3401 2612 3549 2651 mor-

1966 2693 2164 2747 talibus
2214 2692 2460 2757 naturis,
2529 2693 2654 2759 quis
2726 2702 2912 2761 posset
2969 2692 3150 2745 verbis
3202 2691 3549 2761 exprimere?

1966 2783 2184 2839 Clavem
2245 2798 2376 2837 vero
2422 2782 2587 2836 David
2641 2783 2805 2849 dicit,
2842 2784 3271 2853 omnipotentem
3321 2785 3549 2839 demon-

1969 2876 2193 2931 strando
2224 2875 2544 2945 potentiam,
2573 2890 2671 2945 per
2703 2891 2864 2945 quem
2899 2876 3073 2930 solum
3098 2876 3298 2930 divinae
3326 2878 3548 2947 sapien-

1970 2966 2058 3019 tite
2090 2965 2332 3019 thesauri
2361 2968 2707 3034 aperiuntur.
2748 2964 2989 3020 Primam
3037 2969 3221 3036 itaque
3251 2968 3545 3036 potentiam

1968 3060 2122 3129 juxta
2162 3060 2458 3113 humanam
2490 3060 2720 3128 suscipit
2760 3069 3032 3126 naturam,
3070 3060 3232 3115 veluti
3273 3061 3437 3115 etiam
3482 3062 3551 3114 ab

1973 3152 2067 3207 illo
2108 3152 2212 3206 hoc
2242 3151 2430 3205 audire
2459 3152 2724 3222 contigit,
2759 3152 2884 3205 dum
2918 3152 2993 3206 ait
3031 3172 3042 3207 :
3090 3172 3107 3204 ι
3147 3152 3280 3207 Data
3311 3163 3394 3208 est
3419 3153 3547 3206 mihi

282 3239 543 3308 δευτέραν
589 3240 699 3308 ἔχει
730 3241 869 3293 κατὰ
901 3241 962 3293 τὸ
988 3241 1220 3311 ἄναρχον
1246 3243 1343 3313 τῆς
1399 3244 1674 3314 θεότητος.
1711 3244 1865 3298 Ἔστι

1970 3240 2149 3296 omnis
2189 3248 2427 3309 potestas
2457 3239 2510 3293 in
2550 3240 2691 3294 coelo
2722 3250 2775 3294 et
2819 3241 2871 3293 in
2906 3249 3051 3295 terra
3075 3240 3140 3293 ".
3185 3259 3203 3292 ι
3242 3240 3548 3294 Secundam

285 3329 395 3399 γὰρ
424 3330 775 3400 Ἐμμανουὴλ
790 3332 922 3395 Θεὸς
949 3333 1178 3403 ἀληθὴς,
1207 3334 1310 3389 κᾶν
1343 3336 1404 3386 οὐ
1433 3335 1682 3405 βούλεται
1705 3336 1864 3392 τοῦτο

288 3421 603 3491 Νεστόριος,
636 3426 683 3475 εἰ
717 3424 810 3476 καὶ
841 3424 1063 3491 γέγονεν
1093 3426 1398 3496 ἄνθρωπος.
1429 3430 1539 3481 Καὶ
1572 3429 1635 3498 δή
1666 3445 1729 3496 γε
1770 3431 1864 3483 καὶ

288 3511 572 3582 ἄνθρωπος
593 3513 830 3583 ἀληθῶς,
854 3516 913 3567 οὐ
940 3516 1227 3583 φαντάζων
1256 3518 1346 3569 τὸν
1370 3518 1676 3587 ἄνθρωπον,
1698 3520 1746 3571 εί
1776 3520 1868 3570 καὶ

287 3605 630 3676 δυσχεραίνει
670 3609 697 3659 ό
729 3607 1023 3678 θεοστυγὴς
1052 3610 1316 3678 Εὑτυχής.
1362 3610 1500 3663 Ἀλλ’
1524 3612 1662 3681 ὅπερ
1698 3614 1868 3675 ἐστὶν,

289 3698 505 3768 ἀληθῶς
534 3698 666 3762 Θεός
710 3700 879 3764 ἐστιν,
915 3702 976 3753 οὺ
1022 3700 1164 3753 κατὰ
1218 3702 1515 3771 ἀναφορὰν,
1552 3703 1628 3765 ὡς
1672 3703 1871 3756 Νεστο-

295 3791 472 3861 ριανοὶ
526 3791 817 3860 ληροῦσιν,
883 3791 976 3845 καί⁴
1027 3792 1313 3863 ἄνθρωπος
1361 3793 1588 3863 ἀληθὴς,
1625 3795 1685 3847 οὐ
1732 3795 1871 3846 κατὰ

289 3877 517 3947 δόκησιν
560 3880 654 3932 καὶ
686 3881 1012 3948 φαντασίαν,
1045 3882 1119 3943 ὡς
1151 3883 1199 3934 οί
1225 3882 1583 3953 ἐμϐρόντητοι
1610 3884 1873 3953 Εὑτυχια-

290 3970 491 4035 νισταὶ,
518 3972 684 4024 καὶτὸ
716 3972 1245 4044 βδελυρώτατον(16)
1281 3975 1389 4027 τῶν
1413 3976 1732 4044 Μανιχαίων
1756 3975 1873 4045 $06-

290 4063 444 4117 λεται
470 4063 658 4133 φῦλον.
690 4065 910 4137 Ἐπειδὴ
940 4067 997 4120 δέ
1018 4084 1141 4120 τινα
1171 4067 1283 4120 τῶν
1308 4067 1657 4138 ἀντιγράφων
1689 4068 1748 4120 οὑ
1773 4068 1875 4137 τὴν

297 4154 467 4208 Δανῖδ
508 4154 623 4224 ἔχει
668 4156 873 4223 κλεῖδα,
913 4158 1048 4210 ἀλλὰ
1110 4158 1204 4211 τοῦ
1248 4158 1399 4229 ᾅδου,
1430 4160 1581 4212 οὐδὲν
1620 4159 1877 4228 διάφορον

294 4248 417 4301 οὐδὲ
446 4250 505 4300 ἐν
528 4248 721 4318 τούτῳ.
756 4250 1039 4304 Δείκνυται
1091 4250 1199 4320 γὰρ
1255 4253 1320 4304 ἐκ
1363 4251 1577 4317 τούτου,
1615 4252 1691 4315 ὡς
1732 4253 1878 4322 ζωῆς

294 4335 391 4387 καὶ
425 4336 657 4389 θανάτου
684 4338 782 4408 τὴν
810 4339 1009 4409 κυρίαν
1038 4340 1133 4395 ἆτε
1161 4340 1293 4405 Θεὸς
1325 4344 1353 4396 ό
1384 4343 1615 4413 Χριστὸς
1640 4342 1879 4413 ἀναμφι-

298 4425 469 4493 εόλως
511 4427 645 4497 ἔχει.

1970 3346 2101 3385 vero
2132 3331 2296 3385 habet
2336 3331 2489 3399 juxta
2521 3332 2881 3385 aeternitatem
2926 3331 3248 3387 divinitatis.
3282 3332 3373 3386 ESt
3405 3332 3549 3385 enim

1970 3422 2291 3476 Emmanuel
2334 3422 2477 3476 Deus
2528 3437 2710 3488 verus,
2754 3423 2915 3477 etiam
2966 3435 3306 3493 repugnante
3356 3422 3551 3478 Nesto-

1973 3514 2090 3580 rio,
2149 3528 2464 3583 quanquam
2507 3513 2670 3568 homo
2726 3513 2905 3569 factus
2957 3515 3048 3569 sit.
3094 3515 3157 3568 Et
3211 3531 3343 3569 sane
3388 3516 3550 3568 etiam

1971 3620 2098 3659 vere
2147 3605 2333 3667 homo,
2381 3619 2488 3659 non
2540 3606 2885 3675 phantastice
2932 3606 3201 3660 exhibens
3256 3607 3551 3671 hominem,

1973 3713 2285 3766 quanquam
2319 3697 2369 3751 id
2407 3698 2645 3767 graviter
2688 3696 2823 3751 ferat
2854 3697 3073 3752 odibilis
3114 3698 3224 3752 Deo
3263 3698 3550 3769 Eutychos.

1974 3790 2080 3843 Sed
2121 3790 2264 3858 quod
2310 3799 2413 3851 est,
2452 3804 2578 3842 vere
2613 3790 2751 3844 Deus
2777 3799 2883 3851 est,
2928 3807 3034 3844 non
3078 3806 3142 3845 ex
3176 3792 3465 3856 relatione,
3498 3801 3555 3845 ut

1972 3880 2281 3935 Nestoriani
2315 3890 2588 3949 nugantur
2630 3899 2642 3933 :
2690 3890 2743 3933 et
2797 3896 2959 3935 verus
3011 3881 3199 3948 homo,
3249 3898 3355 3937 non
3400 3884 3554 3952 juxta

1974 3971 2348 4042 apparentiam
2393 3981 2449 4025 et
2481 3972 2826 4040 phantasiam
2866 3972 3327 4040 quemadmodum
3370 3973 3555 4028 volunt

1976 4064 2177 4133 stupidi
2236 4062 2661 4132 Eutyehianistre
2737 4073 2792 4118 et
2870 4065 3312 4133 impurissimum
3384 4065 3558 4119 Mani-

1976 4154 2247 4209 chaeorum
2282 4167 2473 4220 genus.
2514 4150 2713 4205 Verum
2751 4156 2897 4220 quod
2935 4154 3196 4207 nonnulla
3229 4155 3555 4223 exemplaria

1980 4259 2084 4297 non
2122 4244 2359 4297 habeant
2402 4244 2607 4296 clavem
2639 4244 2830 4308 David,
2875 4244 2968 4299 Sed
3007 4243 3226 4308 inferni,
3272 4261 3339 4299 ne
3372 4245 3426 4297 in
3459 4244 3559 4297 hoc

1978 4334 2200 4403 quidem
2232 4334 2438 4387 accedit
2464 4334 2670 4402 aliquid
2694 4334 3045 4390 diversitatis.
3073 4334 3388 4390 Ostenditur
3413 4336 3557 4389 enim

1978 4442 2043 4479 ex
2074 4426 2199 4490 hoc,
2230 4426 2374 4493 quod
2408 4425 2661 4479 Christus
2691 4434 2881 4495 utpote
2907 4427 3072 4494 Deus,
3103 4428 3225 4483 vitae
3258 4443 3322 4483 ac
3366 4429 3560 4482 mortis

1983 4518 2181 4571 habeat
2210 4517 2535 4570 dOminium.

382 4627 437 4681 '0
492 4628 651 4697 ἔχων
707 4629 821 4697 τὴν
876 4630 1084 4684 κλεῖδα
1126 4633 1230 4687 τοῦ
1282 4634 1479 4688 Δαυΐδ.
1523 4634 1723 4689 Κλεῖδα
1781 4636 1865 4706 τὴι

2058 4628 2163 4695 Qui
2196 4627 2347 4681 habet
2387 4627 2583 4680 clavem
2636 4629 2827 4685 David.
2866 4630 3082 4685 Clavem
3117 4639 3276 4685 vocat
3320 4639 3561 4700 potesta-

300 4720 552 4785 ἐξουσίαν
592 4722 766 4775 καλεῖ.
812 4723 868 4775 '0
912 4724 1021 4793 γὰρ
1068 4724 1207 4793 ἔχων
1258 4725 1505 4789 ἐξουσίαν
1531 4727 1624 4779 τοῦ
1670 4727 1880 4781 κλεῖσαι

302 4812 398 4864 καὶ.
422 4812 633 4876 ἀνοῖξαι
661 4814 752 4865 τὸν
780 4810 949 4878 οἷκον,
978 4809 1131 4880 οὗτος
1159 4818 1253 4869 καὶ
1285 4817 1377 4869 τὸν
1409 4813 1555 4870 οἷκον
1585 4820 1881 4871 πεπίστευ-

301 4920 416 4957 ται.
462 4905 570 4957 Kal.
608 4904 769 4958 τοῦτο
794 4908 1132 4978 σαφέστερον
1159 4909 1216 4960 ἐν
1240 4908 1593 4977 Εὑαγγελίοις
1625 4909 1741 4962 ἐστι
1774 4928 1881 4979 μα-

304 4996 439 5059 Θεῖν,
465 4995 563 5065 ἀφ’
592 4991 668 5050 ὧν
703 4997 839 5067 πρὸς
852 4996 942 5051 τὸν
976 4998 1183 5070 Πέτρον
1204 5000 1367 5069 φησὶν
1393 5000 1691 5070 ὀΧριστόςο
1727 5020 1744 5052 ι
1776 5002 1883 5061 Kal.

302 5086 462 5139 δώσω
496 5103 579 5138 σοι
607 5086 705 5149 τὰς
759 5088 908 5151 κλεῖς
950 5088 1050 5158 τῆς
1086 5088 1365 5159 βασιλείας
1414 5090 1522 5143 τῶν
1556 5090 1821 5161 οὐρανῶν.
1860 5111 1879 5143 ι

377 5175 491 5230 Kal
513 5176 712 5241 οὐδεὶς
727 5177 974 5241 ἀνοίξει.
1016 5179 1237 5246 Ἐπειδὴ
1262 5180 1294 5248 ὴ
1323 5180 1476 5243 κλεὶς
1509 5179 1607 5250 τὴν
1638 5179 1883 5244 ἐξουσίαν

308 5267 630 5334 αἰνίττεται,
661 5271 688 5321 ὁ
708 5268 884 5337 λέγων
903 5269 1093 5322 ἑαυτὸν
1123 5271 1266 5339 ἐχειν
1297 5272 1394 5340 τὴν
1425 5272 1572 5325 κλεῖν
1598 5272 1692 5325 τοῦ
1724 5273 1886 5327 Δαυῒδ

305 5360 360 5412 τί
386 5360 516 5414 ἄλλο
546 5360 714 5427 λέγει,
735 5362 783 5413 εί
812 5360 886 5431 μὴ
909 5362 989 5413 ὅτι
1024 5362 1236 5433 ’Ὠσπερ
1272 5363 1301 5414 ὁ
1323 5363 1483 5416 Δαυῒδ
1511 5363 1603 5417 τοῦ
1626 5365 1885 5435 αἰσθητοῦ

322 5451 541 5521 Ἰσραὴλ
589 5451 963 5518 ἐσασίλευσεν,
1021 5453 1165 5507 οὕτω
1212 5455 1305 5507 καὶ
1354 5454 1465 5523 ἐγὼ
1520 5457 1658 5526 πρὸς
1690 5458 1768 5528 τῷ
1802 5462 1887 5512 αἰ-

308 5540 494 5612 σθητῷ
547 5542 643 5595 καὶ
678 5542 771 5595 τοῦ
821 5544 1047 5615 νοητοῦ;
1108 5547 1156 5599 εί
1196 5545 1293 5598 καὶ
1349 5547 1564 5611 ἐξουσία
1624 5549 1890 5621 ἀσύγκρι-

381 5703 430 5735 ⁹⁸
486 5700 680 5757 Matth.
728 5718 921 5769 xxvm,
977 5704 1063 5758 18.
1143 5702 1187 5736 ll
1221 5702 1410 5760 Matth.
1440 5721 1549 5771 xvr,
1584 5705 1671 5760 l9.

387 5860 501 5934 (l6)
543 5860 939 5930 Ἐμϐρόντητον
971 5863 1115 5930 vulg.

644 5958 914 6017 Ριιτιιοι..
954 5962 1071 6019 Gtt.
1108 5957 1257 6018 CVI.

1986 4732 2119 4777 tem.
2153 4722 2257 4789 Qui
2289 4724 2433 4779 enim
2470 4726 2632 4779 habet
2678 4733 3001 4794 potestatem
3035 4723 3320 4779 claudendi
3351 4732 3405 4777 et
3436 4738 3564 4792 ape-

1986 4816 2159 4870 riendi
2192 4816 2453 4882 domum,
2492 4817 2621 4874 huic
2670 4818 2835 4872 etiam
2871 4816 3070 4873 domus
3118 4818 3413 4873 commissa
3456 4827 3561 4874 est.

1988 4909 2053 4963 Et
2096 4910 2199 4965 hoc
2236 4911 2578 4968 manifestius
2616 4923 2697 4968 est
2729 4914 2940 4967 discere
2983 4912 3037 4966 in
3068 4910 3361 4983 Evangelia
3388 4928 3452 4967 ex
3500 4928 3565 4967 eo

1987 5000 2131 5069 quod
2177 5001 2247 5055 ad
2299 5001 2519 5057 Petrum
2570 5004 2701 5059 dicit
2732 5003 3044 5059 Christus:
3095 5021 3114 5055 ι
3170 5001 3235 5056 Ει
3283 5001 3379 5055 tibi
3424 5002 3567 5056 dabo

1990 5092 2172 5147 claves
2200 5094 2351 5163 regni
2376 5094 2639 5149 caelorum
2662 5094 2728 5148 “.
2765 5112 2784 5145 ›

2065 5183 2135 5237 Et
2180 5200 2329 5239 nemo
2360 5186 2577 5255 aperiet.
2624 5184 3075 5254 Quandoquidem
3119 5184 3291 5239 clavis
3334 5193 3570 5254 potesta-

1990 5282 2098 5329 tem
2135 5276 2429 5348 designat:
2468 5279 2560 5349 qui
2589 5280 2832 5349 seipsum
2867 5277 3003 5337 dicit
3028 5276 3235 5332 clavem
3269 5274 3434 5329 David
3474 5274 3568 5327 h'a-

1990 5370 2138 5435 bere,
2174 5372 2305 5441 quid
2352 5373 2497 5428 aliud
2534 5373 2689 5437 dicit,
2743 5375 2846 5428 nisi
2897 5372 3067 5444 quod,
3096 5368 3565 5438 Quemadmodum

1992 5460 2162 5517 David
2221 5466 2424 5520 carnali
2499 5465 2681 5521 Isracli
2743 5465 3152 5528 dominabatur,
3208 5463 3278 5516 ita
3331 5468 3387 5515 et
3446 5475 3567 5531 ego,

1994 5556 2194 5626 inquit,
2246 5560 2451 5615 carnali
2490 5576 2555 5617 ac
2586 5561 2856 5632 spirituali
2881 5560 2903 5613 ?
2933 5572 3247 5629 quanquam
3295 5554 3454 5625 longe
3490 5562 3573 5610 est

3250 5966 3323 6027 13
