4034 6620
328 449 431 515 557
1399 441 1789 506 COMMENT.
1832 442 1913 503 IN

2063 438 2485 501 DCALYPSIN.
2780 464 2781 467 η
3489 435 3595 501 558

328 578 507 633 χυμαι
560 558 736 627 ταχύ.
774 555 985 626 Κράτει
1026 556 1057 610 ὂ
1098 556 1283 627 ἔχεις,
1332 558 1435 610 ἵνα
1474 557 1689 625 μηδεὶς
1749 554 1907 622 λάϐῃ
1942 588 1952 614 λ

2063 554 2153 606 lius
2189 570 2292 606 non
2339 553 2637 621 egredietur
2671 553 2819 621 foras
2854 567 2873 606 .'
2904 553 3070 624 682
3104 561 3152 606 et
3180 552 3411 606 scribam
3440 567 3601 618 super

328 656 438 708 τὸν
477 652 785 721 στέφανόν
834 664 975 703 σου.
1046 649 1109 701 '0
1176 648 1383 713 νικῶν,
1443 648 1677 714 ποιήσω
1727 644 1915 701 αὑτὸν

2063 663 2137 699 tm
2164 661 2349 699 nomen
2374 643 2471 698 Dei
2496 646 2615 709 mei,
2650 653 2699 697 et
2728 661 2915 698 nomen
2947 645 3175 699 civitatis
3207 644 3304 698 Dei
3330 644 3431 696 ntei
3456 656 3602 696 novo:

329 746 565 799 στύλον
620 744 690 795 ἐν
749 740 830 807 τῷ
900 739 1026 806 νοιῷ
1080 740 1189 795 τοῦ
1254 740 1404 795 Θεοῦ
1432 758 1592 808 μου,
1643 739 1742 794 καί
1798 738 1914 801 ἕξω

2063 738 2355 804 erusalem,
2393 753 2511 807 quia
2557 738 2821 791 descendit
2857 738 2921 792 de
2962 738 3088 792 caelo
3128 756 3159 792 a
3204 738 3311 792 Deo
3348 753 3462 791 meo
3494 752 3513 791 :
3553 745 3603 788 et

330 837 405 889 οὐ
451 834 539 904 μὴ
574 833 793 899 ἐξέλθῃ
848 832 935 886 ἔτι
964 848 979 863 ⁸
1031 831 1133 885 καί
1184 831 1395 900 γράψω
1456 831 1549 883 ἐπ’
1600 830 1789 884 αὐτὸν
1848 830 1914 883 τὸ

2063 845 2212 883 omen
2250 845 2420 882 meum
2464 845 2676 882 novum.
2724 827 2829 892 Qui
2862 828 3015 883 habet
3046 845 3227 884 aurem
3258 827 3445 882 audiat
3477 828 3605 897 quid

325 927 523 995 ιῖγομα
559 925 667 979 τοῦ
703 924 853 979 Θεοῦ
877 941 1019 994 μου,
1045 924 1143 978 καὶ
1189 924 1255 975 τὸ
1298 924 1487 991 ὄνομα
1537 920 1650 990 τῆς
1683 922 1913 985 πόλεως

2066 919 2260 987 pirilus
2284 918 2427 972 dicat
2458 917 2738 973 Ecclesiis.

330 1018 441 1073 τοῦ
470 1018 620 1073 Θεοῦ
636 1034 756 1085 μου
790 1016 902 1085 τῆς
931 1014 1148 1083 καινῆς
1188 1015 1608 1083 Ἰερουσαλὴμ,
1642 1013 1703 1089 ῆ-
1757 1012 2098 1066 καταϐαίνει
2141 1012 2259 1066 ἀπὸ
2330 1012 2436 1066 τοῦ
2486 1012 2747 1079 οἰιοανοῦ
2806 1012 2925 1066 ἀπὸ
2946 1014 3054 1066 τοῦ
3082 1012 3228 1065 Θεοῦ
3255 1030 3391 1081 μου,
3418 1010 3608 1066 καὶτὸ

335 1114 524 1182 ὄνομα
576 1114 644 1165 τὸ
700 1110 933 1163 καινόν.
984 1109 1049 1161 '0
1076 1108 1233 1176 ἔχων
1263 1103 1394 1174 οῦς,
1422 1106 1740 1161 ἀκουσάτω
1775 1106 1833 1158 τί
1869 1105 1935 1158 τὸ
1974 1103 2217 1173 Πνεῦμα
2238 1103 2398 1173 λέγει
2423 1103 2552 1170 ταῖς
2584 1105 2992 1170 Ἑκκλησιάις.

411 1208 520 1276 Τῆς
544 1203 861 1273 ὁμολογίας,
890 1203 1046 1274 φησὶ,
1071 1202 1171 1272 τῆς
1217 1202 1343 1271 περὶ
1370 1201 1465 1254 τοῦ
1497 1201 1632 1271 ἐμοῦ
1655 1200 1921 1268 ὀνόματος

336 1301 649 1361 ἀντέκτισις
701 1298 857 1350 ἔσται
910 1298 943 1365 ἡ
998 1294 1111 1347 τῶν
1160 1294 1435 1348 Ἰουδαίων
1491 1293 1799 1362 ἐπιστροφὴ
1829 1294 1925 1345 καὶ

341 1394 622 1463 μετάνοια.
658 1390 721 1443 Οἳ
764 1391 867 1455 τῆς
897 1387 1036 1460 πρὸς
1072 1388 1173 1457 ἐμὲ
1228 1386 1408 1440 αὐτῶν
1438 1386 1805 1456 προσαγωγῆς
1832 1386 1925 1437 τὸν

338 1487 400 1553 ἐξ
439 1485 573 1555 ἐμοῦ
600 1483 883 1553 φωτισμὸν
906 1480 1329 1546 ἀπαλλάξονται
1355 1482 1463 1534 τῶν
1497 1486 1554 1534 ἐν
1589 1480 1667 1550 τῷ
1698 1480 1925 1551 κρυπτῷ

337 1579 438 1648 τῆς
463 1577 693 1648 καρδίας
743 1574 1034 1639 Ἰουδαίων,
1068 1574 1184 1627 ἀλλ’
1214 1574 1275 1627 ού
1326 1574 1434 1626 τῶν
1473 1576 1532 1626 ἐν
1576 1572 1653 1643 τῷ
1685 1571 1925 1643 φανερῷ,

342 1672 418 1734 ὡς
448 1670 542 1722 καὶ
584 1667 784 1738 Παύλῳ
817 1668 985 1730 δοκεῖ,
1005 1667 1233 1729 ἑαυτοὺς
1263 1666 1706 1720 ἐπιδεικνύντων.
1726 1665 1927 1737 Θρόνον

340 1763 397 1815 δέ
418 1761 515 1815 τοῦ
556 1762 769 1815 Σατανᾶ
790 1760 889 1830 τὴν
917 1759 1026 1813 τῶν
1067 1759 1341 1813 Ἰουδαίων
1378 1759 1529 1827 λέγει
1571 1758 1924 1828 Συναγωγὴν,

341 1854 416 1917 ὡς
445 1854 524 1925 τῷ
553 1853 740 1923 ψεύδει
773 1852 1279 1922 συγκροτουμένην,
1308 1853 1431 1905 ἐπεὶ
1457 1851 1667 1904 καὶτοῦ
1698 1851 1929 1919 ψεύδους

2100 1198 2445 1266 Responsio,
2501 1199 2714 1268 inquit,
2772 1199 3139 1255 confessionis
3207 1199 3448 1254 nominis
3500 1199 3609 1252 mei

2027 1290 2131 1342 erit
2157 1288 2472 1344 Judazorum
2518 1294 2808 1346 conversio
2838 1301 2893 1347 et
2923 1293 3242 1361 poenitentia
3264 1330 3280 1355 ,
3306 1293 3398 1362 qui
3435 1306 3613 1345 meam

2030 1383 2487 1438 illuminationem
2520 1401 2626 1454 qua
2664 1386 2763 1455 ipsi
2798 1385 2865 1439 ad
2902 1402 2990 1441 me
3029 1386 3249 1441 adducti
3283 1395 3431 1450 sunt,
3463 1401 3616 1439 com-

2032 1475 2321 1528 mutabunt
2378 1476 2429 1527 iu
2483 1492 2579 1530 eos
2624 1479 2716 1544 qui
2780 1478 2834 1529 in
2889 1478 3214 1535 abscondito
3264 1478 3447 1532 cordis
3492 1492 3618 1530 sese

2031 1565 2250 1621 Iudaeos
2306 1582 2428 1621 esse
2477 1569 2895 1633 demonstrant,
2944 1577 3000 1624 et
3048 1586 3155 1624 non
3193 1571 3247 1624 in
3290 1569 3618 1638 propatulo,

2036 1660 2200 1713 veluti
2248 1657 2419 1713 Paulo
2476 1675 2695 1729 quoque
2725 1660 2959 1714 videtur.
3008 1661 3203 1715 Sedem
3247 1678 3375 1715 vero
3404 1661 3623 1715 Satana:

2034 1752 2165 1805 dicit
2217 1750 2561 1823 Synagogam
2589 1750 2927 1819 Judteorum,
2962 1761 3224 1823 tanquam
3268 1762 3620 1822 piarstantem

2036 1848 2301 1900 auxilium
2331 1848 2616 1900 mendacio
2642 1864 2655 1899 :
2683 1846 3131 1916 quandoquidem
3158 1846 3322 1901 etiam
3352 1846 3440 1900 ille
3466 1860 3624 1900 men-

345 1946 531 2015 πατὴρ
560 1944 669 1997 ἀπὸ
695 1942 1010 2011 καταϐολῆς
1043 1943 1261 2012 κόσμου
1293 1942 1530 2013 ἐδείχθη.
1584 1943 1808 2004 Τούτοις
1840 1936 1932 1994 οὖν

2063 1938 2175 1993 lacii
2218 1949 2371 2009 pater
2416 1955 2444 1992 a
2496 1939 2721 1993 condito
2771 1940 2971 1994 saeculo
2998 1939 3272 2009 apparuit.
3308 1938 3420 1993 llos
3459 1938 3627 2010 igitur

348 2035 820 2107 προσδραμεῖσθαι
850 2035 910 2087 ού
938 2034 1085 2088 κατά
1109 2033 1171 2087 τὸ
1202 2035 1386 2103 τυχὸν,
1422 2034 1560 2086 ἀλλά
1589 2048 1598 2063 ο
1616 2034 1756 2102 μετά
1802 2033 1934 2085 πολ-

310 2119 320 2125 ’
346 2129 447 2199 λῆς
465 2131 565 2198 τῆς
586 2127 921 2199 θερμότητος
951 2128 1047 2180 καὶ
1090 2126 1387 2198 συντριϐἧς
1412 2144 1563 2195 φησι.
1611 2127 1783 2180 Τοῦτο
1830 2128 1936 2196 γὰρ

348 2216 645 2273 αἰνίττεται
675 2219 737 2272 τὸ
784 2218 921 2289 πρὸς
965 2219 1093 2281 τοὺς
1146 2220 1309 2283 πόδας
1354 2219 1733 2289 προσκυνῆσαι
1759 2220 1852 2272 καὶ
1880 2221 1938 2272 ἐν

351 2311 602 2381 ἐσχάτοις
632 2310 849 2364 ἑλέσθαι
869 2311 1128 2382 τετάχθαι
1155 2312 1257 2383 τῆς
1303 2312 1654 2382 Ἐκκλησίας.

429 2404 539 2456 Tdr
579 2404 770 2472 λόγον
820 2403 929 2472 τῆς
976 2405 1290 2475 ὑπομονῆς
1330 2425 1470 2475 μου.
1498 2407 1609 2476 Οὐχ
1652 2406 1735 2458 ὅτι
1777 2406 1940 2470 αὐτὸς

352 2489 382 2542 ὁ
408 2492 765 2562 χρηματίζων
810 2494 1074 2563 ὑπέμεινέ
1117 2514 1186 2559 τι,
1243 2494 1379 2548 ἀλλὰ
1430 2495 1705 2566 ὑπομονὴν
1745 2494 1941 2547 ἑαυτοῦ

354 2585 451 2655 τὴν
481 2584 547 2638 δι’
580 2585 746 2639 αὑτὸν
780 2586 874 2638 καὶ
908 2588 1006 2655 τὴν
1036 2588 1173 2658 πρὸς
1205 2588 1367 2640 αὑτὸν
1391 2588 1688 2658 καρτερίαν
1730 2588 1828 2656 τῆς
1853 2588 1941 2640 πί-

358 2678 526 2741 στεώς
558 2695 723 2748 φησιν
741 2695 756 2709 ’
784 2678 973 2751 ὥσπερ
1002 2683 1096 2733 καὶ
1113 2682 1194 2734 ὅτι
1229 2682 1291 2734 ἂν
1320 2680 1483 2733 Δαυῒδ
1501 2683 1641 2734 αἰτεῖ
1662 2682 1751 2734 τὸν
1777 2682 1909 2733 θεόν
1929 2696 1942 2710 ·

363 2787 384 2823 ι
427 2771 523 2823 Ἐκ
547 2770 843 2842 προσώπου
874 2790 968 2825 σου
1000 2774 1060 2826 τὸ
1120 2774 1296 2844 κρίμά
1339 2792 1444 2844 μου
1489 2774 1719 2841 ἐξέλθοι,
1765 2797 1784 2828 ο
1826 2776 1947 2829 ἀντὶ

357 2861 475 2928 τοῦ,
511 2863 575 2919 ἰι
596 2863 661 2916 δι’
693 2865 794 2934 ἐμέ
831 2881 925 2917 σου
956 2865 1298 2935 δικαιοσύνη.

431 2953 603 3023 Κάγώ
629 2971 704 3008 σε
734 2954 977 3022 τηρήσω
996 2956 1064 3009 ἐκ
1098 2955 1208 3024 τῆς
1241 2957 1398 3024 ὥρας
1442 2958 1546 3012 τοῦ
1584 2957 1944 3027 πειρασμοῦ.

360 3046 535 3117 Ὥραν
579 3048 974 3119 πειρασμοῦ,ἧ
1021 3050 1111 3102 τὸν
1169 3052 1262 3102 ἐπὶ
1322 3050 1654 3120 Δομετιανοῦ
1707 3051 1948 3119 διωγμὸν

361 3140 533 3208 λέγει,
595 3139 851 3212 δεύτερον
892 3142 1023 3195 ὄντα
1073 3144 1213 3213 μετά
1258 3143 1507 3212 Νέρωνα,
1565 3142 1641 3207 ὡς
1690 3143 1948 3203 Εὐσέϐιος

366 3234 569 3305 ἱστορεί
594 3237 622 3287 ὁ
656 3235 944 3304 Παμφίλου
971 3252 986 3267 ·
1022 3237 1110 3288 ὅτε
1166 3238 1258 3289 καὶ
1289 3237 1450 3299 αὐτὸς
1475 3237 1503 3289 ό
1557 3235 1950 3307 εύαγγελιστὴς

362 3327 441 3388 εἰς
478 3326 577 3396 τὴν
599 3326 819 3396 Πάτμον
849 3327 939 3379 ὑπ’
969 3328 1134 3381 αὑτοῦ
1155 3327 1247 3382 τοῦ
1267 3327 1596 3397 Δομετιανοῦ
1616 3328 1945 3397 κατεκρίθη·

366 3411 528 3483 ἣτὴν
580 3415 675 3465 ἐπὶ
715 3415 995 3485 συντελείᾳ
1019 3416 1113 3468 τοῦ
1168 3417 1364 3479 αἰῶνος
1422 3418 1525 3469 ὑπὸ
1554 3418 1648 3469 τοῦ
1685 3419 1953 3488 ’Λντιχρί-

370 3522 498 3557 στου
542 3507 682 3559 κατὰ
716 3507 1058 3578 Χριστιανῶν
1086 3512 1361 3579 ἐσομένην
1395 3511 1761 3581 πλγκὸσμιον,
1797 3513 1951 3563 ἀναι-

373 3596 591 3663 ροῦντος
626 3599 752 3659 τοὺς
808 3599 1195 3670 Χριστιανούς.
1234 3602 1452 3655 Τούτων
1502 3598 1595 3655 οὖν
1624 3603 1953 3671 ἀμφοτέρων

370 3688 695 3759 ἐλευθεροῦν
760 3694 886 3754 τοὺς
933 3693 1179 3762 ζηλωτὰς
1225 3692 1387 3746 αὐτοῦ
1423 3694 1765 3764 ὑπισχνεῖται
1820 3710 1955 3764 προ-

368 3783 859 3852 αναρπαζομένους
889 3787 976 3838 διὰ
991 3786 1089 3855 τῆς
1110 3788 1174 3839 ἐκ
1203 3785 1311 3839 τῶν
1341 3786 1592 3839 ἐντεῦθεν
1620 3786 1952 3849 ἀναλύσεως,

371 3870 462 3923 ἵνα
493 3870 567 3943 μὴ
593 3872 733 3943 ὑπὲρ
767 3876 865 3944 τὴν
888 3874 1118 3945 δύναμιν
1146 3876 1505 3945 πειρασθὼσι.
1536 3877 1627 3929 Διό
1652 3894 1786 3945 φησι
1814 3879 1907 3929 καὶ
1930 3878 1958 3929 ὁ

374 3960 579 4031 Κύριος
601 3978 615 3992 ·
648 3964 927 4033 Ἔρχομαι
949 3966 1100 4034 ταχύ
1131 3981 1144 3994 ·
1182 3968 1321 4035 μετὰ
1338 3968 1445 4036 γὰρ
1468 3967 1567 4037 τὴν
1606 3966 1785 4035 θλίψιν
1815 3968 1958 4018 ἐκεί-

371 4069 495 4124 νην·
524 4056 812 4125 Ἔρχομαι
841 4056 1016 4126 ταχὺ,
1054 4058 1177 4111 ἀντὶ
1204 4058 1320 4125 τοῦ,
1350 4059 1755 4129 ἀνυπερθέτως.
1787 4058 1960 4111 Τοῦτο

372 4149 485 4219 γὰρ
506 4149 566 4201 τὺ
590 4150 741 4219 ταχύ
763 4149 1039 4219 σημαίνει,
1063 4152 1243 4214 οἱονεὶ,
1268 4150 1597 4214 Καταπόδας
1627 4152 1738 4205 τῶν
1763 4168 1960 4224 πειρα-

382 4239 542 4310 σμῶν
587 4241 997 4312 ἐνεργουμένων
1028 4242 1347 4312 ἐλεύσομαι.
1397 4242 1489 4295 Διὸ
1533 4243 1632 4296 καὶ⁵
1662 4244 1964 4315 παρεγγυῶ

378 4332 662 4402 κρατῆσαι
682 4333 775 4386 τὸν
797 4333 1073 4404 θησαυρὸν
1097 4335 1196 4404 τῆς
1224 4334 1461 4399 πίστεως
1484 4335 1703 4401 ἄσυλον,
1721 4335 1809 4389 ἵνα
1839 4336 1915 4406 μὴ
1934 4337 1962 4389 ὁ

376 4424 475 4494 τῆς
492 4425 772 4495 ὑπομονῆς
807 4426 962 4496 ὑμῶν
993 4426 1260 4495 ἀπόληται
1292 4427 1579 4497 στέφανος.

464 4609 570 4661 Ἐν
619 4606 701 4673 τῷ
745 4608 871 4674 ναῷ
902 4609 1009 4663 τοῦ
1045 4611 1196 4665 Θεοῦ
1224 4629 1365 4681 μου.
1398 4614 1725 4684 Προείρηται
1768 4615 1850 4667 ὅτι
1881 4615 1963 4679 τὸ,

382 4702 534 4755 Θεοῦ
581 4717 739 4771 μου,
799 4702 898 4771 ούχ
938 4702 1081 4754 οὕτω
1139 4704 1235 4772 τῆς
1282 4706 1340 4756 ἐν
1396 4704 1479 4775 τῷ
1528 4706 1752 4777 Χριστῷ
1813 4706 1966 4770 θείας

382 4792 600 4863 φύσεως
647 4794 1088 4865 ἐνυεωρουμένης
1138 4797 1505 4866 ἀναιρετικὸν,
1536 4799 1661 4852 ὅσον
1689 4802 1791 4871 τῆς
1837 4818 1965 4853 συν-

383 4886 694 4951 ουσιώσεως
716 4891 1147 4960 παραστατικόν.
1172 4891 1245 4944 Τὸ
1272 4892 1379 4963 γὰρ
1401 4893 1769 4948 ἀδιάσπαστον
1804 4891 1968 4960 εἶναι,

382 4984 483 5055 τὴν
526 4984 639 5037 τῶν
691 4985 785 5039 δύο
836 4985 1053 5053 φύσεων
1096 4987 1310 5054 ἕνωσιν,
1344 4988 1617 5060 θεότητος,
1658 4990 1824 5060 φημὶ,
1876 4992 1972 5044 καὶ

386 5077 828 5149 ἀνθρωπότητος,
863 5080 921 5131 ἐν
948 5082 1016 5150 τῇ
1049 5081 1193 5134 κατά
1228 5081 1320 5133 τὸν
1347 5082 1553 5153 Κύριον
1602 5080 1810 5150 Ἰησοῦν
1837 5081 1969 5135 ὑπο-

390 5172 603 5233 στάσει.
631 5172 734 5226 κᾶν
764 5172 959 5245 μέχρις
983 5174 1190 5238 ἐννοίας
1208 5174 1393 5244 ψιλῆς,
1425 5177 1475 5228 εί
1502 5176 1596 5228 καὶ
1626 5176 1971 5245 ἀσυγχύτως,

389 5266 650 5337 παριστᾷ.
689 5265 1040 5319 Ἀντιδιδόασι
1071 5268 1181 5338 γὰρ
1212 5266 1463 5339 ἀλλήλοις
1498 5268 1640 5340 ὑπὲρ
1667 5268 1973 5337 κατάληψιν

387 5357 745 5429 ἀνθρωπίνην
769 5360 1126 5423 οἰκειωτικῶς
1150 5360 1217 5413 τὰ
1255 5361 1377 5415 θεῖα
1419 5363 1533 5424 τοῖς
1579 5360 1969 5431 ἀνθρωπίνοις,

392 5451 489 5503 καὶ
513 5450 584 5501 τά
615 5448 935 5521 ἀνθρώπινα
962 5455 1076 5515 τοῖς
1108 5451 1272 5516 θείοις
1293 5451 1571 5523 ίδιώμασι.
1601 5452 1801 5517 Στύλος
1829 5452 1888 5505 δέ
1916 5454 1974 5505 ἐν

392 5540 475 5611 τῷ
531 5540 644 5612 ναῷ
703 5542 798 5596 τοῦ
844 5544 979 5597 Θεοῦ
1045 5539 1201 5609 οὗτος
1252 5544 1577 5601 καθίσταται
1606 5587 1621 5612 ,
1676 5545 1980 5616 ὑπερείδων

392 5636 461 5703 τῇ
497 5634 628 5702 περὶ
660 5634 823 5687 αὑτὸν
857 5636 944 5688 τοῦ
980 5636 1115 5689 Θεοῦ
1150 5637 1518 5710 ἀγαθοδωρίᾳ,
1556 5638 1650 5691 καὶ
1679 5639 1806 5701 τοὺς
1845 5638 1981 5709 πρὸς

397 5725 711 5778 συντέλειαν
740 5727 837 5797 τῆς
868 5728 987 5781 καθ’
1020 5730 1167 5798 ἡμᾶς
1205 5728 1297 5781 τοῦ
1339 5730 1575 5801 Χριστοῦ
1627 5731 1863 5793 πίστεως
1920 5731 1983 5783 ἀ-

464 5914 510 5948 ⁹¹
543 5914 685 5971 i‘sal.
713 5933 822 5981 xvi,
846 5914 900 5968 Ξ.

2039 2046 2327 2087 accurrere
2352 2032 2506 2095 dicit,
2546 2048 2651 2086 non
2683 2034 2890 2103 vulgari
2922 2034 3105 2095 modo,
3135 2032 3229 2086 sed
3267 2048 3391 2086 cum
3430 2048 3628 2102 magno

2040 2123 2253 2180 fervore
2300 2135 2355 2179 et
2412 2126 2799 2180 contritione:
2852 2126 2955 2180 hoc
2988 2126 3134 2180 enim
3179 2126 3430 2196 designat
3480 2127 3626 2194 quod

2040 2216 2293 2281 adorent,
2321 2228 2371 2273 et
2394 2217 2538 2272 inter
2563 2229 2840 2273 extremos
2867 2219 2960 2289 qui
2989 2219 3043 2274 in
3076 2218 3318 2275 Ecclesia
3345 2228 3474 2275 sunt
3499 2222 3626 2289 poni

2041 2308 2324 2379 elegerint.

2115 2396 2416 2453 Sermonem
2460 2401 2732 2469 patientia;
2787 2417 2934 2456 mem.
2988 2399 3106 2455 Non
3143 2403 3288 2471 quod
3329 2404 3373 2457 is
3406 2402 3495 2471 qui
3538 2402 3632 2455 dat

2043 2495 2352 2554 oraculum.
2382 2495 2586 2563 aliquid
2634 2512 2830 2565 passus
2863 2499 2954 2562 sit,
2984 2499 3078 2551 sed
3121 2514 3276 2553 suam
3304 2499 3627 2567 patientiam

2045 2584 2178 2639 dicit
2234 2587 2354 2641 ﬁdei
2412 2589 2759 2642 tolerantiam
2789 2606 2911 2658 qum
2959 2602 3180 2660 propter
3222 2592 3400 2659 ipsttm
3454 2604 3537 2645 est
3578 2602 3633 2645 et

2046 2694 2172 2737 erga
2210 2680 2387 2747 ipsum
2425 2697 2439 2732 :
2472 2682 2934 2748 quemadmodum
2967 2684 3131 2737 etiam
3167 2683 3258 2737 ubi
3300 2683 3466 2737 David
3501 2686 3637 2752 petit

2048 2784 2077 2823 a
2113 2768 2243 2835 Deo,
2280 2788 2297 2821 ι
2335 2769 2408 2824 De
2442 2773 2594 2825 vultu
2627 2773 3007 2843 tuojudicium
3035 2792 3211 2829 meum
3242 2777 3571 2845 prodeat":
3609 2795 3627 2828 ι

2051 2863 2153 2915 hoc
2184 2872 2267 2917 est
2290 2905 2303 2928 ,
2334 2864 2548 2930 justitia
2578 2875 2667 2919 tua
2698 2882 2820 2935 quae
2861 2869 2921 2921 ﬁt
2957 2877 3176 2937 propter
3213 2884 3317 2921 me.

2122 2952 2352 3007 Servabo
2380 2965 2428 3007 te
2467 2956 2531 3008 ab
2569 2959 2701 3010 liora
2745 2958 3067 3026 aﬂiictionis.
3104 2958 3302 3013 Horam
3332 2959 3638 3017 aﬂiictionis

2052 3057 2147 3101 aut
2171 3058 2329 3102 vocat
2356 3050 2790 3130 persecutionem
2842 3052 2947 3106 sub
2991 3050 3297 3107 Domitiano
3318 3054 3635 3115 excitatam.

2053 3155 2175 3208 qua:
2226 3140 2325 3193 fuit
2373 3144 2615 3195 secunda
2667 3152 2790 3212 post
2831 3141 3137 3207 Neronem,
3175 3145 3637 3213 quemadmodum

2004 3290 2021 3308 ν
2057 3232 2248 3284 scribit
2292 3232 2563 3287 Eusebius
2608 3235 2903 3302 Pamphili,
2966 3236 3186 3304 quando
3224 3245 3279 3290 et
3325 3238 3440 3305 ipse
3471 3252 3639 3291 evan~

2057 3330 2249 3397 gelista
2280 3329 2333 3382 in
2363 3328 2615 3383 Palmum
2644 3330 2711 3384 ab
2730 3332 2848 3400 ipso
2880 3330 3191 3385 Domitiano
3216 3332 3486 3402 relegatus
3511 3342 3595 3386 est
3624 3350 3638 3386 :

2056 3432 2150 3476 aut
2200 3438 2319 3476 eam
2388 3438 2510 3492 qua:
2572 3422 2675 3477 sub
2725 3423 2914 3477 mutuli
2975 3424 3506 3478 consummationem
3573 3424 3645 3478 ab

2056 3514 2394 3568 Antichristo
2445 3514 2710 3568 adversus
2760 3514 3109 3569 Christianos
3162 3515 3493 3568 excitabitur
3547 3528 3646 3581 per

2059 3606 2375 3659 universum
2431 3605 2657 3666 orbem,
2695 3607 2785 3673 qui
2823 3604 3170 3661 Christianos
3219 3606 3516 3662 interimct.
3562 3603 3648 3657 Ab

2059 3706 2290 3764 utraque
2320 3696 2484 3765 igitur
2514 3697 2706 3748 harum
2740 3710 2797 3748 se
2830 3696 3097 3765 promittit
3127 3695 3488 3750 liberaturum
3514 3708 3650 3751 suos

2059 3799 2359 3844 sectatores
2387 3801 2439 3843 ct
2472 3800 2770 3855 amatores,
2808 3788 3175 3858 praeripiendo
3207 3789 3329 3843 illos
3360 3804 3456 3858 per
3491 3803 3646 3844 mor-

2061 3890 2169 3935 tem
2205 3882 2273 3935 ab
2306 3881 2391 3934 bis
2433 3897 2557 3950 qum
2583 3892 2715 3936 tunc
2751 3881 3091 3951 contingent,
3124 3897 3192 3935 ne
3228 3882 3366 3935 ultra
3400 3882 3451 3935 id
3498 3882 3651 3952 quod

2064 3975 2205 4029 ferre
2228 3984 2459 4044 possunt
2487 3974 2822 4044 aﬁligantur.
2849 3974 2975 4029 Ideo
3004 3988 3226 4044 quoque
3254 3976 3331 4027 ait
3350 3973 3650 4029 Dominus:

2080 4066 2236 4120 Venio
2280 4067 2422 4129 cito,
2472 4067 2743 4135 siquidem
2776 4076 2900 4136 post
2956 4066 3103 4120 illam
3150 4066 3503 4122 amictionem
3540 4068 3653 4122 cito

2066 4159 2314 4225 veniam,
2348 4161 2454 4214 hoc
2508 4168 2592 4215 est
2629 4160 2837 4229 absque
2870 4159 2978 4213 ulla
3018 4158 3281 4211 dilatione
3330 4173 3345 4211 :
3382 4173 3508 4211 nam
3551 4157 3655 4213 hoc

2068 4252 2341 4323 signiﬁcat
2375 4252 2502 4315 cito,
2531 4259 2798 4320 tanquam
2834 4249 3086 4303 diceret:
3130 4247 3405 4317 Evcstigio
3432 4248 3652 4302 veniam

2067 4361 2191 4401 cum
2228 4345 2313 4401 his
2342 4359 2461 4414 qua:
2513 4344 2643 4398 ﬁent
2681 4342 3066 4397 aﬂlictionibus
3112 4359 3127 4397 :
3172 4350 3455 4410 propterea
3489 4339 3655 4395 etiam

2069 4439 2333 4495 denuntio
2366 4448 2426 4493 ut
2470 4449 2646 4493 tutum
2676 4436 3013 4492 conservetis
3058 4434 3182 4490 ﬁdei
3214 4433 3557 4500 thesaurum,
3590 4448 3658 4488 ne

2072 4542 2260 4604 pereat
2289 4547 2494 4587 corona
2525 4532 2827 4585 tolerantiae
2853 4537 3074 4584 vestrae.

2148 4625 2216 4680 In
2262 4626 2455 4693 templo
2506 4625 2601 4677 Dei
2642 4623 2762 4676 mei.
2805 4621 2967 4676 Prius
3013 4621 3218 4675 dictum
3256 4632 3340 4675 est
3382 4620 3524 4690 quod
3562 4618 3661 4677 Dei

2075 4722 2173 4775 mei
2202 4735 2310 4775 non
2344 4719 2496 4773 tollat
2530 4718 2768 4772 divinam
2824 4731 2947 4786 qua:
2984 4714 3035 4768 in
3064 4713 3283 4769 Christo
3324 4714 3661 4783 conspicitur

2077 4821 2354 4875 naturam,
2391 4812 2485 4864 sed
2532 4807 2978 4863 coexsistentiam
3013 4816 3068 4860 et
3112 4806 3369 4861 unionem
3396 4806 3660 4861 ostendit.

2075 4898 2240 4970 683
2269 4899 2613 4953 Demonstrat
2639 4896 2784 4950 enim
2818 4895 3253 4951 indissolubilem
3278 4911 3399 4952 esse
3426 4897 3662 4951 duarum

2078 5004 2395 5047 naturarum
2429 4994 2706 5056 unionem,
2740 4990 3063 5056 divinitatis,
3102 4992 3348 5058 inquam,
3388 5000 3441 5045 et
3470 4990 3666 5045 huma-

2076 5087 2267 5143 nitatis
2292 5088 2344 5140 in
2382 5101 2615 5155 persona
2638 5085 2853 5140 Domini
2888 5085 3042 5150 Jesu,
3076 5086 3177 5141 nisi
3208 5086 3326 5141 solo
3357 5084 3661 5147 intellectu,

2082 5192 2397 5247 quanquam
2462 5175 2767 5230 inconfuse.
2838 5175 3204 5231 Familiariter
3262 5189 3500 5243 namque
3557 5173 3664 5228 sibi

2086 5276 2275 5322 mutuo
2302 5266 2479 5321 reddit
2510 5266 2582 5321 ob
2613 5266 2971 5322 humanitatis
2994 5266 3448 5336 assumptionem,
3479 5264 3668 5319 divina

2087 5360 2364 5422 humanis,
2401 5369 2455 5414 et
2492 5359 2732 5414 humana
2770 5359 2975 5415 divinis
3018 5360 3316 5414 idiomatis.
3357 5359 3530 5414 Porro
3577 5358 3669 5413 hic

2088 5452 2290 5521 templo
2326 5451 2418 5506 Dei
2457 5452 2713 5507 columna
2751 5454 3126 5515 constituitur,
3164 5462 3223 5506 ut
3264 5453 3458 5508 fulciat
3485 5460 3540 5507 et
3576 5453 3669 5507 Dei

2087 5547 2235 5598 circa
2283 5558 2342 5600 se
2389 5544 2843 5611 muniﬁcentiam,
2872 5555 2927 5600 et
2971 5560 3065 5600 eos
3094 5546 3189 5615 qui
3219 5545 3450 5602 debilius
3491 5543 3670 5598 allecti

2092 5647 2240 5702 sunt,
2271 5637 2335 5690 ad
2371 5636 2759 5708 perfectionem
2808 5636 2933 5692 ﬁdei
2981 5636 3214 5704 Christi,
3256 5652 3376 5707 qua:
3419 5636 3470 5688 in
3514 5633 3673 5687 nobis

2094 5740 2199 5799 est,
2239 5732 2536 5786 exhortans
2568 5731 2709 5797 illos,
2746 5738 2806 5786 ut
2834 5738 2887 5786 et
2927 5730 3031 5801 ipsi
3070 5730 3221 5786 dono
3259 5727 3490 5786 docendi
3519 5725 3675 5784 simi-
