4034 6576
403 422 510 485 559

1223 426 1554 488 ΑΒΕΤΙῐιΈ
1595 428 1973 493 ΟΙΕΞΑΒΕᾹΞ
2020 430 2502 492 ΟΛΡΡΛΒΟΕΗΕ
2557 430 2901 493 EPISCOPI

3584 433 3688 497 £60

398 539 523 593 liter
567 536 872 608 proﬁciant.
926 538 993 592 In
1032 538 1224 611 templo
1258 550 1440 595 autem
1481 542 1611 606 Dei,
1658 551 1715 596 ιιι
1765 558 1980 613 semper

2090 543 2447 613 σθενέστερον
2483 544 2883 614 διακειμένους,
2916 545 3003 615 ἐφ’
3050 543 3221 615 ὁμοίῳ
3256 544 3530 616 προκόψαι
3591 552 3687 600 καὶ⁵

398 633 629 687 laetetur.
661 630 796 685 Nam
836 634 937 687 hoc
963 642 1046 688 est
1079 635 1336 690 columna
1371 635 1424 688 in
1469 635 1671 704 templo
1710 633 1798 688 Dei
1836 635 1976 689 lieri.

397 724 676 795 Siquidem
724 726 818 796 qui
878 726 1070 782 vicerit
1115 728 1460 783 adversarias
1515 736 1840 798 potestates,
1883 742 1980 782 co-

396 818 581 871 lumna
636 828 689 873 et
729 822 1133 875 tirmamentum
1183 823 1433 877 veritatis
1489 820 1866 887 constituitur,
1929 829 1983 876 et

397 910 517 979 ipse
566 909 797 965 firmiter
848 921 901 966 et
961 913 1379 967 immutabiliter
1430 912 1696 983 gaudens,
1747 922 1800 967 et
1848 912 1985 968 alios

398 1002 629 1058 fulciens
661 1020 728 1059 ne
758 1005 812 1058 in
846 1006 989 1059 bono
1014 1005 1267 1061 excidant
1297 1021 1325 1059 a
1358 1020 1457 1061 sua
1491 1008 1640 1061 sede.

2089 635 2288 698 αὐτοὺς
2319 635 2685 706 διδασκαλικῷ
2721 636 3026 707 χαρίσματι
3065 638 3534 709 προτρεπόμενος.
3580 639 3686 691 Ἐν

2090 725 2171 791 τῷ
2208 724 2333 792 ναῷ
2366 726 2423 779 δὲ
2466 726 2574 781 τοῦ
2604 727 2775 795 Θεοῦ,
2802 728 2897 782 τοῦ
2936 728 3025 783 διὰ
3058 729 3260 793 παντὸς
3288 729 3682 800 εὐφραίνεσθαι

2093 821 2274 891 χάριν.
2313 818 2487 875 Τοῦτο
2524 819 2635 891 γὰρ
2665 819 2727 873 τὸ
2771 820 2962 875 στύλον
3012 821 3270 891 γενέσθαι
3312 821 3391 893 τῷ
3433 820 3548 890 ναῷ
3587 819 3683 873 τοῦ

2094 912 2253 967 Θεοῦ.
2337 913 2396 966 '0
2450 913 2560 985 γὰρ
2620 915 2853 983 νικητὴς
2913 913 3023 969 τῶν
3078 913 3336 967 ἐναντίων
3381 913 3685 983 δυνάμεων,

2097 1007 2289 1072 στύλος
2331 1008 2425 1060 καὶ
2448 1006 2730 1078 ἑδραίωμα
2769 1006 3095 1061 καθίσταται
3138 1006 3242 1076 τῆς
3273 1005 3553 1077 ἀληθείας,
3579 1004 3684 1059 αὐο

395 1099 491 1162 τός
568 1116 629 1151 τε
695 1099 1124 1171 εὐφραινόμενος
1180 1099 1650 1169 ἁμετατρέπτως,
1708 1100 1802 1152 καὶ
1852 1100 1979 1163 τοὺς
2018 1099 2213 1165 ἄλλους
2277 1101 2502 1172 ἐρείδων
2530 1101 2625 1154 τοῦ
2668 1101 2744 1173 μὴ
2776 1101 2863 1154 ἐπ’
2928 1100 3144 1172 ἀγαθῷ,
3175 1099 3277 1172 τῆς
3320 1099 3532 1164 οίκείας
3590 1100 3681 1153 ὲκο

397 1190 590 1260 στῆναι
628 1192 811 1260 ἔδρας.

467 1284 537 1337 Ει
586 1286 815 1337 scribant
873 1300 1028 1351 super
1074 1300 1192 1338 eum
1248 1301 1436 1340 nomen
1481 1284 1579 1340 Dei
1622 1287 1742 1341 mei.
1804 1285 1982 1354 Super

395 1378 707 1431 columnam
766 1375 1144 1445 spiritualcm,
1202 1392 1327 1430 cum
1391 1394 1589 1448 nempe
1646 1379 1740 1448 qui
1781 1380 1981 1433 divinis

391 1467 562 1536 jussis
596 1468 661 1522 ad
696 1468 1117 1521 imbecilliorum
1151 1469 1533 1523 fulcimentum
1570 1470 1842 1540 perfectus
1876 1480 1979 1536 est,

395 1560 564 1614 scribi
615 1559 748 1614 dicit
791 1575 985 1614 nomen
1046 1560 1137 1615 Dei
1182 1573 1231 1614 et
1283 1577 1481 1615 nomen
1510 1562 1750 1617 civitatis
1791 1562 1985 1626 ,Jeru-

395 1654 565 1706 salem
601 1669 753 1707 nova:
795 1672 809 1707 :
853 1669 1053 1707 novam
1083 1653 1391 1708 Jerusalem
1425 1655 1655 1725 ejusque
1688 1672 1885 1710 nomen
1926 1671 1988 1710 ac

398 1745 490 1799 Dei
528 1760 728 1800 nomen
785 1760 893 1799 non
925 1745 1072 1799 aliud
1121 1746 1401 1816 quippiam
1441 1747 1632 1803 dicens
1670 1764 1834 1816 quam
1869 1748 1987 1815 glo-

396 1839 535 1892 riam
581 1838 695 1890 sive
729 1838 1121 1907 cognitionem.
1181 1838 1324 1892 sicut
1353 1848 1408 1893 et
1438 1839 1605 1893 David
1667 1858 1680 1894 ι
1739 1858 1758 1891 ‹
1812 1839 1986 1905 Quam

2160 1279 2495 1349 Καίγράψω
2518 1278 2612 1332 ἐπ’
2647 1279 2838 1333 αὐτὸν
2875 1278 2942 1333 τὸ
3001 1280 3189 1349 ὄνομα
3219 1280 3325 1334 τοῦ
3355 1282 3509 1336 Θεοῦ
3532 1301 3683 1351 μου.

2102 1372 2225 1427 Ἐπὶ
2254 1372 2344 1425 τὸν
2369 1372 2559 1441 νοητὸν
2590 1372 2799 1438 στύλον,
2824 1374 2883 1435 ὃς
2949 1374 3098 1425 ἐστιν
3124 1373 3153 1424 ὁ
3188 1375 3301 1436 τοῖς
3334 1374 3500 1438 θείοις
3521 1394 3688 1447 προσ⁴

2088 1466 2367 1533 τάγμασιν
2434 1467 2515 1529 εἰς
2563 1465 2797 1535 ἔρεισμα
2822 1464 2934 1518 τῶν
2979 1466 3386 1537 ἀσθενεστέρων
3416 1486 3680 1540 κατηρτι-

2094 1559 2314 1628 σμένος,
2351 1560 2635 1631 γραφῆναί
2675 1576 2811 1629 φησι
2858 1560 2918 1612 τὸ
2961 1558 3133 1629 ὄνομα
3165 1560 3258 1613 τοῦ
3302 1560 3464 1625 Θεοῦ,
3498 1564 3591 1617 καὶ
3628 1568 3689 1617 τὸ

2091 1653 2262 1723 ὄνομα
2288 1654 2388 1723 τῆς
2446 1653 2657 1716 πόλεως
2679 1653 2770 1706 τοῦ
2805 1653 2943 1707 Θεοῦ
2979 1652 3120 1725 (17')
3171 1653 3529 1725 Ἰερουσαλὴμ
3588 1660 3687 1727 τῆς

2092 1746 2307 1816 καινῆς·
2369 1746 2568 1818 καινὴν
2621 1748 2998 1818 Ἰερουσαλὴμ,
3034 1748 3129 1801 καί⁸
3172 1748 3233 1800 τὸ
3286 1748 3457 1818 ὄνομα
3491 1749 3684 1819 αὐτῆς,

2092 1837 2185 1891 καὶ
2215 1838 2307 1891 τοῦ
2340 1838 2476 1892 Θεοῦ
2508 1840 2568 1892 τὸ
2590 1840 2761 1911 ὄνομα
2793 1840 2892 1894 οὐκ
2925 1840 3053 1894 ἄλλο
3080 1858 3132 1892 τι
3161 1839 3360 1908 λέγων,
3388 1840 3420 1910 ἦ
3446 1842 3543 1911 τὴν
3592 1841 3682 1894 δό-

397 1929 723 1983 admirabile
768 1939 851 1983 est
885 1944 1082 1983 nomen
1125 1938 1278 1982 tuum
1312 1930 1364 1984 in
1398 1931 1647 1986 universa
1680 1941 1825 1985 terra
1852 1932 1919 1997 ⁸⁸,
1956 1951 1974 1983 ι

2090 1927 2206 1993 ξαν,
2237 1930 2358 2001 ἤτοι
2399 1930 2500 2001 τὴν
2559 1931 2785 1998 γνῶσιν,
2818 1929 3003 1995 καθὼς
3054 1930 3150 1984 καὶ
3205 1932 3232 1983 ὁ
3288 1931 3457 1984 Δαυΐδ
3483 1947 3498 1962 ·
3542 1949 3561 1983 ι
3599 1930 3688 1994 Ὠς

398 2022 502 2075 hoc
556 2031 641 2075 est
682 2022 855 2074 honor
903 2032 958 2074 et
1014 2021 1091 2075 tui
1137 2021 1397 2091 cognitio.
1442 2021 1500 2077 In
1551 2024 1747 2078 tabulis
1801 2024 1984 2094 itaque

396 2112 578 2167 t-nrdis
637 2112 941 2181 spiritualis
990 2114 1261 2167 columna:
1312 2114 1576 2184 scriptum
1644 2124 1728 2170 est
1784 2132 1983 2171 nomen

398 2204 514 2269 Dei,
551 2206 665 2259 sive
693 2206 1025 2276 cognitionis
1067 2207 1183 2261 sive
1220 2207 1429 2276 gloriae,
1463 2209 1718 2264 similiter
1757 2218 1811 2264 et
1848 2210 1983 2265 civi-

396 2300 523 2354 latis
551 2298 857 2355 Jerusalem
894 2317 906 2353 :
945 2298 1037 2353 Dei
1066 2299 1307 2367 quidem,
1341 2316 1537 2370 nempe
1567 2301 1717 2369 quod
1756 2311 1981 2356 sanctus

396 2392 488 2458 sit,
515 2392 662 2462 quod
694 2392 898 2462 justus,
933 2407 997 2447 ac
1026 2392 1260 2448 reddens
1294 2392 1591 2463 unicuique
1616 2392 1769 2461 juxta
1796 2409 1979 2462 opera,

396 2485 544 2555 quod
601 2487 748 2539 ouini
812 2485 1058 2541 bonitate
1104 2486 1334 2555 plenus,
1391 2485 1698 2555 talibusque
1739 2486 1983 2556 gaudens

396 2576 701 2632 cultoribus
744 2594 756 2630 :
796 2577 971 2646 ipsius
1026 2586 1206 2630 autem
1246 2574 1591 2641 Jerusalem,
1652 2578 1798 2647 quod
1846 2577 1980 2632 dile-

396 2675 544 2723 ctum
582 2670 651 2723 sit
685 2667 775 2721 Dei
814 2670 1228 2724 tabernaculum
1260 2678 1315 2723 et
1358 2685 1487 2724 suos
1518 2670 1663 2725 cives
1692 2670 1759 2725 ad
1790 2685 1981 2739 super-

398 2778 525 2817 nam
556 2763 889 2817 transmittat
915 2763 1261 2832 metropolim
1290 2779 1304 2816 :
1346 2777 1469 2832 quae
1496 2760 1727 2816 inferior
1753 2760 1982 2817 Jerusa-

395 2855 501 2910 lem
531 2864 790 2923 tanquam
815 2855 1034 2909 colonia
1054 2868 1305 2925 Supernae
1333 2855 1710 2919 constituitur,
1738 2854 1981 2908 retinens

393 2961 488 3002 eos
518 2948 611 3016 qui
650 2947 869 3001 interim
903 2946 957 3001 in
999 2947 1117 3016 ipsa
1157 2954 1449 3001 versantur
1480 2955 1741 3016 tanquam
1785 2945 1981 2999 litteris

395 3049 611 3095 utentes
637 3056 701 3095 ac
732 3055 984 3110 superine
1013 3039 1137 3094 vita:
1172 3038 1491 3093 inferiorem
1539 3047 1811 3108 aptantes.
1871 3035 1981 3092 Eos

394 3133 564 3203 igitur
594 3132 688 3202 qui
731 3141 921 3186 mutua
958 3132 1060 3186 hac
1093 3133 1366 3201 scriptura
1412 3140 1668 3199 tanquam
1705 3129 1980 3185 indelebili

2087 2021 2406 2091 θαυμαστὸν
2452 2021 2513 2075 τὸ
2555 2022 2730 2092 ὄνομά
2777 2038 2870 2075 σου
2918 2023 2977 2075 ὲν
3008 2022 3157 2093 πάσῃ
3194 2022 3261 2092 τῇ
3296 2021 3411 2091 γῇί
3496 2039 3515 2074 ι
3565 2023 3689 2075 ἀντὶ

2086 2114 2201 2177 τοῦ,
2248 2114 2312 2167 Ἦ
2342 2114 2563 2186 τιμὴ,ή
2608 2116 2737 2185 περὶ
2775 2114 2871 2168 σοῦ
2929 2114 3151 2184 γνῶσις.
3206 2113 3295 2167 Ἐν
3336 2113 3460 2176 ταῖς
3518 2112 3689 2181 πλαξὶ

2086 2207 2381 2279 τοιγαροῦν
2432 2208 2535 2278 τῆς
2567 2208 2797 2276 καρδίας
2825 2209 2920 2261 τοῦ
2962 2204 3158 2279 νοητοῦ
3200 2207 3395 2260 στύλου
3442 2207 3689 2277 γραφέν-

2085 2319 2175 2365 τος
2210 2302 2305 2354 τοῦ
2331 2302 2598 2373 ὀνόματος
2629 2300 2724 2355 τοῦ
2750 2300 2911 2364 Θεοῦ,
2942 2301 3111 2370 ἤγουν
3138 2300 3240 2371 τῆς
3268 2301 3551 2369 γνώσεως,
3578 2300 3681 2369 τῆς

2084 2394 2264 2464 δόξης,
2304 2395 2571 2460 ὡσαύτως
2596 2397 2690 2451 καὶ
2718 2396 2816 2466 τῆς
2860 2392 3258 2465 Ἰερουσαλήμ·
3290 2394 3387 2447 τοῦ
3436 2394 3537 2465 μὲν
3588 2392 3687 2446 τοῦ

2085 2492 2241 2559 Θεοῦ,
2268 2494 2343 2553 ὡς
2378 2495 2553 2563 ἆγιος,
2604 2495 2679 2559 ὡς
2724 2495 2935 2558 δίκαιος
2975 2495 3071 2546 καὶ
3115 2492 3402 2557 ἀποδιδοὺς
3461 2492 3683 2563 ἑκάστῳ

2088 2589 2232 2639 κατὰ
2268 2588 2335 2640 τὰ
2373 2587 2532 2657 ἔργα,
2558 2587 2633 2649 ὡς
2674 2588 2857 2657 πάσης
2902 2587 3243 2656 άγαθότητος
3305 2585 3545 2656 πλήρης,
3584 2584 3684 2636 καὶ

2087 2678 2353 2741 τοιούτοις
2393 2678 2601 2750 χαίρων
2657 2679 2995 2749 θεράπουσι·
3041 2678 3143 2747 τῆς
3204 2674 3562 2746 Ἰερουσαλὴμ
3601 2672 3684 2734 δὲ,

2085 2768 2160 2830 ὡς
2180 2768 2315 2821 Θεοῦ
2352 2770 2620 2839 σκήνωμα
2644 2768 2927 2838 ἀγαπητόν
2957 2770 3074 2820 ἐστι
3102 2768 3197 2819 καὶ
3224 2767 3358 2829 τοὺς
3384 2766 3554 2833 αὐτῆς
3582 2780 3685 2816 πο-

2084 2859 2238 2924 λίτας
2286 2861 2424 2930 πρὸς
2477 2859 2575 2930 τὴν
2637 2860 2749 2914 ἄνω
2796 2859 3250 2930 παραπέμπουσα
3316 2855 3680 2929 μητρόπολιν,

2083 2954 2206 3023 ἥτις
2250 2953 2401 3006 κάτω
2454 2951 2843 3023 Ἰερουσαλὴμ,
2871 2950 3061 3021 ὥσπερ
3099 2949 3374 3020 μετοίκιον
3428 2947 3530 3018 τῆς
3567 2947 3684 3001 ἄνω

2089 3045 2437 3109 καθίσταται,
2469 3046 2597 3109 τοὺς
2628 3045 2767 3108 τέως
2806 3043 3255 3109 ὲνδιαιτωμένους
3272 3044 3331 3095 έν
3348 3041 3510 3112 αὐτῇ,
3542 3041 3685 3093 οίον-

2084 3142 2133 3194 εὶ
2196 3142 2489 3212 γράμμασι
2544 3138 2897 3208 χρωμένους,
2978 3138 3045 3207 τῇ
3093 3135 3207 3189 ἄνω
3258 3133 3523 3205 ὲμὸιώσει
3582 3133 3684 3203 τὴν

392 3226 658 3280 memoria
703 3224 1043 3295 (ltujusmodi
1091 3224 1237 3279 enim
1293 3233 1377 3277 est
1426 3224 1728 3292 scriptura,
1787 3239 1979 3292 nempe

2090 3233 2236 3288 κάτω
2280 3231 2645 3303 ρυθμίζοντας
2691 3228 3133 3299 κατέχουσα.Τῇ
3182 3224 3511 3297 καταλλὴλῳ
3570 3225 3681 3296 γὰρ

391 3334 515 3389 quae
549 3319 837 3374 stabiliora
870 3318 1069 3373 eliiciat
1101 3332 1164 3372 ea
1204 3330 1327 3386 quae
1363 3317 1504 3371 facta
1533 3316 1683 3386 sunt)
1716 3326 1770 3371 et
1804 3316 1897 3370 Dei
1929 3324 1980 3371 et

2090 3321 2178 3379 οὖν
2207 3325 2384 3396 ταύτῃ
2410 3327 2615 3395 γραφῇ,
2658 3323 2931 3386 τουτέστι,
2966 3324 3032 3394 τῇ
3081 3320 3429 3391 ἀνεπιλήστῳ
3488 3320 3681 3391 μνήμῃ

394 3427 645 3482 superna:
678 3410 985 3466 Jerusalem
1018 3409 1206 3480 gloria
1241 3417 1460 3478 gestant
1501 3410 1735 3479 insigne,
1764 3425 1832 3463 an
1874 3423 1980 3463 non

390 3505 551 3559 divos
580 3506 847 3574 quosdam
873 3504 1097 3574 dignum
1120 3513 1203 3559 est
1233 3504 1549 3575 appellare?
1578 3502 1751 3557 Porro
1782 3518 1980 3557 nomen

392 3612 595 3650 novum
629 3596 987 3665 intelligimus
1023 3598 1231 3651 sanctis
1264 3595 1606 3665 impositum,
1642 3594 1788 3665 quod
1816 3592 1984 3665 684.

393 3689 584 3754 etiam,
620 3698 817 3759 praeter
845 3688 1263 3743 delectationem
1293 3688 1463 3743 divini
1492 3689 1740 3743 muneris
1766 3698 1821 3742 et
1846 3688 1984 3741 frui-

392 3776 600 3836 tionem
631 3782 847 3837 decoris
889 3782 1390 3851 incorruptibilium
1430 3782 1725 3844 bonorum,
1763 3780 1895 3851 ipsis
1927 3782 1981 3835 in

393 3872 581 3929 futuro
614 3875 818 3928 saeculo
848 3884 1107 3943 tauquam
1142 3874 1357 3944 insigne
1379 3875 1600 3929 additur
1633 3883 1981 3944 :etprmter-

393 3980 455 4019 ea
506 3966 594 4021 bis
648 3966 742 4037 qui
801 3981 947 4020 nunc
998 3965 1348 4021 invenientur
1417 3965 1620 4021 Christi
1674 3966 1873 4020 fratres
1927 3976 1982 4021 et

392 4059 555 4116 amici
596 4075 662 4116 ac
697 4059 955 4114 cultores.

1003 4260 1234 4318 CAPUT
1272 4260 1362 4317 IX.

395 4374 527 4441 Quae
560 4377 863 4448 signiﬁcata
894 4393 1017 4437 sunt
1051 4384 1237 4454 angelo
1261 4382 1516 4440 Ecclesia:
1545 4384 1975 4440 Laodicensium.

466 4548 565 4618 Ill,
627 4552 814 4610 14-17.
879 4555 948 4610 Et
1014 4559 1199 4629 angelo
1255 4559 1513 4616 Ecclesia:
1570 4559 1973 4615 Laodicensium

392 4645 565 4700 scribe
610 4662 627 4700 :
688 4647 819 4703 llwc
858 4651 988 4705 dicit
1036 4653 1199 4707 Amen
1245 4656 1337 4724 qui
1382 4666 1459 4708 est
1513 4656 1659 4709 testis
1698 4655 1873 4724 ﬁdelis
1928 4666 1977 4708 et

390 4755 574 4805 verus,
624 4743 941 4813 principium
990 4759 1249 4801 creatura:
1296 4747 1440 4802 Dei:
1479 4746 1621 4800 Neri
1664 4765 1822 4817 opera
1857 4761 1971 4811 tua.

392 4833 533 4901 quod
582 4850 743 4905 neque
794 4836 1023 4907 frigidus
1071 4839 1143 4890 sis
1204 4855 1363 4904 neque
1414 4839 1644 4909 [cupidus
1698 4855 1717 4893 :
1771 4841 1975 4892 utinam

393 4926 623 4996 frigidus
653 4945 790 4983 esses
830 4941 924 4983 aut
955 4931 1207 4999 fervidus.
1245 4929 1439 5001 Itaque
1472 4934 1721 5002 quoniant
1769 4934 1974 5003 tepidus

392 5036 444 5073 es
484 5027 535 5074 et
562 5038 721 5091 neque
752 5022 983 5091 fervidus
1024 5040 1188 5093 neque
1213 5024 1464 5094 frigidus,
1496 5025 1748 5095 incipiam
1784 5037 1831 5080 te
1861 5044 1978 5080 evo-

394 5127 532 5167 mere
551 5130 615 5167 ca:
640 5132 728 5168 ore
748 5132 883 5170 meo.
920 5116 1187 5182 Quoniam
1218 5118 1351 5172 dicis
1381 5134 1399 5173 :
1431 5117 1583 5172 Dives
1618 5137 1734 5173 sum
1759 5130 1808 5174 et
1834 5120 1975 5174 dita-

395 5210 478 5259 tus
501 5221 638 5272 sum,
670 5216 716 5259 et
746 5207 944 5261 nullius
986 5224 1143 5278 egeo:
1173 5219 1222 5264 et
1264 5212 1433 5265 nescis
1456 5211 1596 5281 quod
1625 5222 1680 5265 tu
1712 5214 1786 5268 sis
1817 5215 1975 5269 miser

392 5304 444 5349 et
482 5298 798 5353 miserabilis
820 5340 834 5364 ,
876 5310 924 5353 et
964 5318 1165 5370 pauper
1187 5311 1236 5356 et
1267 5319 1437 5357 caecus
1468 5321 1532 5358 ac
1563 5306 1757 5360 nudus.

464 5567 639 5624 Amen
708 5577 792 5621 est
860 5571 1143 5640 profecto,
1204 5585 1374 5632 certe.
1438 5578 1598 5640 Certe
1660 5581 1830 5653 igitur
1892 5593 1977 5641 est

466 5724 518 5762 ⁰³
536 5725 679 5782 Psal.
703 5742 823 5795 vm,
847 5730 903 5798 2,
938 5730 1000 5784 10

465 5883 603 5955 (l7')
637 5881 743 5937 Τοῦ
778 5885 911 5940 Θεοῦ
943 5887 1223 5945 omittebat
1253 5890 1398 5960 vnlg.

2088 3420 2351 3491 (τοιοῦτον
2388 3421 2560 3491 γὰρὴ
2601 3419 2789 3491 γραφὴ
2842 3419 2919 3481 ὡς
2962 3416 3341 3489 μονιμώτερον
3374 3418 3483 3471 τῶν
3527 3433 3685 3485 γενο-

2092 3511 2271 3581 μένων
2317 3511 2730 3581 ὲκτελουμένη),
2762 3512 2861 3579 τῆς
2910 3526 2969 3560 τε
3007 3507 3101 3560 τοῦ
3150 3506 3285 3558 Θεοῦ
3321 3505 3539 3573 καὶτῆς
3566 3503 3682 3558 ἅνω

2097 3602 2455 3673 Ἰερουσαλὴμ
2495 3602 2595 3672 τῆς
2626 3602 2785 3673 δόξης
2808 3602 2868 3654 τὸ
2900 3600 3233 3670 παράσημον
3294 3598 3677 3670 κομιζόμενοι,

2086 3697 2205 3759 πῶς
2256 3697 2318 3750 οὐ
2379 3694 2514 3747 θεῖοί
2563 3711 2710 3757 τινες
2757 3693 3195 3765 χρηματίζοιενς
3256 3692 3329 3744 Τὸ
3382 3690 3440 3744 δὲ
3495 3690 3681 3745 καινὸν

2084 3789 2256 3858 ὄνομα
2303 3786 2556 3857 νοοῦμεν,
2579 3785 2640 3839 τὸ
2682 3784 3063 3855 ἐπιτιθέμενον
3104 3786 3218 3846 τοῖς
3260 3784 3457 3850 ἁγίοις,
3485 3783 3514 3836 ὃ
3576 3784 3675 3836 καὶ

2084 3882 2221 3953 πρὸς
2239 3882 2305 3949 τῇ
2339 3878 2651 3952 εὐφροσύνῃ
2676 3878 2775 3949 τῆς
2806 3877 2958 3941 θείας
2995 3876 3206 3949 δωρεᾶς
3240 3877 3335 3930 καὶ
3378 3875 3679 3930 ἀπολαύσει

2083 3972 2178 4027 τοῦ
2216 3974 2449 4036 κάλλους
2478 3972 2588 4024 τῶν
2618 3968 2915 4041 ἀκηράτων
2950 3969 3171 4037 ἀγαθῶν
3216 3970 3275 4022 ὲν
3310 3967 3387 4038 τῷ
3429 3966 3678 4038 μέλλοντι

2084 4060 2243 4116 αἰῶνι
2268 4062 2452 4123 αὐτοῖς
2474 4061 2541 4116 ἂν
2560 4061 2839 4131 γνώριμον
2858 4060 3083 4123 καὶτοῖς
3100 4059 3427 4130 ληψομένοις
3453 4060 3565 4121 τοῖς
3581 4057 3677 4112 νῦν

2082 4153 2333 4224 ἀδελφοῖς
2352 4153 2590 4226 Χριστοῦ
2620 4153 2903 4223 καὶφίλοις
2927 4153 3017 4206 καὶ
3042 4152 3363 4223 θεράπουσι,
3388 4150 3674 4225 πρόσεστι.

2676 4268 2927 4322 ΚΕΦΛΛ.
2986 4268 3061 4321 8'.

2089 4382 2163 4436 Τὰ
2192 4381 2536 4449 δηλωθέντα
2554 4379 2708 4448 πρὸς
2733 4380 2841 4433 τὸν
2882 4378 2995 4448 τῆς
3035 4377 3379 4434 Λαοδικέων
3426 4378 3676 4446 Ἐκκλη-

2647 4451 2788 4516 σίας
2812 4450 3094 4521 ἄγγελον.

2154 4562 2263 4617 Καὶ
2289 4562 2370 4629 τῷ
2395 4560 2629 4633 ἀγγέλῳ
2656 4560 2768 4631 τῆς
2797 4561 2869 4614 ἐν
2913 4560 3237 4628 Λαοδικείᾳ
3299 4560 3675 4626 Ἐκκλησίας

2087 4653 2323 4724 γράψον
2354 4669 2368 4683 ⁶
2406 4652 2552 4707 Τάδε
2572 4652 2736 4722 λέγει
2765 4655 2798 4707 ὀ
2831 4653 3033 4721 Ἀμὴν,
3060 4655 3092 4707 ό
3114 4651 3351 4721 μάρτυς
3380 4655 3415 4705 ὀ
3448 4651 3673 4718 πιστὸς

2084 4747 2183 4801 καὶ
2230 4746 2545 4824 ἀληθινὸς,
2577 4747 2614 4815 ὴ
2668 4744 2826 4814 ἀρχὴ
2870 4745 2981 4813 τῆς
3039 4746 3291 4810 κτίσεως
3331 4744 3440 4797 τοῦ
3486 4743 3672 4798 Θεοῦ·

2089 4835 2233 4893 Οἶδά
2289 4853 2406 4893 σου
2454 4841 2527 4892 τὰ
2564 4838 2732 4907 ἔργα,
2786 4837 2876 4890 ὅτι
2934 4836 3076 4891 οὕτε
3128 4835 3368 4904 ψυχρὸς
3418 4830 3492 4899 εἶ,
3530 4835 3674 4887 οὒτε

2086 4932 2311 4998 ζεστός.
2374 4932 2638 5001 Ὄφελον
2689 4929 2930 5000 ψυχρὸς
3010 4928 3121 4997 ἧς.
3172 4928 3210 4995 ἣ
3258 4925 3484 4993 ζεστός.
3556 4926 3672 4980 Οὔ-

2085 5042 2199 5091 τως
2240 5025 2329 5078 ὅτι
2354 5024 2604 5094 χλιαρὸς
2636 5019 2694 5077 εἷ
2729 5022 2829 5075 καί
2872 5022 2944 5074 οὐ
2981 5018 3187 5085 ζεστὸς
3220 5019 3360 5073 οὔτε
3408 5019 3669 5086 ψυχρὸς,

2077 5115 2285 5185 μέλλω
2336 5130 2409 5168 σε
2488 5114 2699 5183 ἐμέσαι
2748 5113 2817 5166 ἐκ
2864 5111 2969 5166 τοῦ
3027 5112 3333 5180 στόματός
3378 5128 3500 5179 μου
3536 5128 3549 5141 ”
3578 5111 3671 5165 ὅτι

2082 5206 2305 5275 λέγεις,
2337 5204 2427 5259 ὅτι
2479 5206 2785 5273 Πλούσιός
2826 5207 2945 5274 εἰμι
2991 5203 3091 5257 καὶ
3122 5204 3537 5271 πεπλούτηκα,
3570 5204 3671 5257 καὶ

2087 5303 2336 5369 οὐδενὸς
2382 5304 2592 5372 χρείαν
2649 5304 2788 5373 ἔχω.
2821 5301 2932 5356 Kal
2961 5304 3074 5356 οὐκ
3114 5296 3283 5366 οἶδας
3316 5300 3402 5353 ὅτι
3439 5299 3521 5354 σὺ
3544 5295 3602 5353 εἷ
3635 5303 3671 5354 ὀ

2086 5397 2465 5465 ταλαίπωρος
2504 5397 2601 5451 καὶ
2629 5399 2679 5465 ό⁸
2703 5396 2991 5462 ἐλεεινὸς,
3030 5395 3128 5449 καὶ
3158 5394 3397 5463 πτωχὸς
3439 5394 3536 5452 καὶ
3564 5412 3669 5449 τυ-

2085 5491 2247 5562 φλὸς
2269 5490 2370 5544 καί
2423 5491 2674 5561 σισυμνός.

2171 5584 2344 5656 ’Λμήν
2389 5585 2508 5638 ἐστι
2557 5584 2618 5637 τὸ
2641 5583 2752 5640 ναί.
2802 5582 2913 5637 Ναὶ
2942 5577 3036 5638 οὖν
3071 5582 3219 5635 ἐστιν
3263 5580 3320 5634 ὲν
3353 5579 3491 5635 πᾶσι
3552 5580 3669 5644 τοῖς
