4030 6592
363 449 462 516 561

1421 443 1813 510 COMMENT.
1857 444 1940 506 IN
1979 443 2513 505 APOCALYPSIN.

3517 442 3626 505 562

360 561 489 631 περὶ
510 555 676 612 αὑτοῦ
694 555 1028 628 λεγομένοις,
1055 557 1174 629 ἧτοι
1198 555 1428 628 ἀλήθεια
1451 556 1544 610 καὶ
1566 554 1720 608 οὐδὲν
1746 552 1940 625 ψεῦδος

2055 549 2100 603 'tn
2161 550 2416 605 omnibus
2461 565 2584 620 qua:
2614 549 2682 605 de
2715 550 2834 621 ipso
2854 551 2998 606 dicta
3043 560 3191 618 sunt,
3231 551 3348 608 sive
3384 552 3586 608 veritas
3611 591 3630 618 ,

360 653 422 706 ὲν
448 651 658 714 αὐτοῖς.

446 743 516 798 Ἦ
557 740 715 812 ἀρχὴ
759 740 870 810 τῆς
923 742 1170 808 κτίσεως
1226 740 1336 797 τοῦ
1395 741 1568 806 Θεοῧν
1595 741 1718 794 ἀντὶ
1758 738 1877 804 ηδ’
1909 741 1944 810 ἡ

361 833 611 905 βασιλεία
656 833 749 886 καὶ
781 833 814 903 ή
840 832 983 903 ἀρχὴ
1027 832 1247 886 πάντων
1275 831 1352 896 ὡς
1378 830 1696 902 κτισμάτων
1749 829 1948 883 δεσπό-

360 928 551 992 ζουσα.
594 924 764 995 Ἀρχὴ
816 924 923 996 γὰρ
967 924 1065 996 τῆς
1099 926 1352 988 κτίσεως,
1395 925 1430 995 ἡ
1485 923 1944 994 προκαταρκτικὴ

359 1020 510 1073 αἰτία
534 1021 633 1090 τῆς
649 1017 902 1081 κτίσεως.
947 1017 1254 1088 Ἐπηρέασε
1274 1017 1318 1070 δ’
1351 1017 1418 1072 ἂν
1445 1018 1578 1082 ἴσως
1610 1015 1688 1087 τῷ
1713 1015 1863 1088 ῥητῷ
1885 1016 1947 1070 τὸ

359 1111 629 1182 θεομάχον
657 1111 766 1164 τῶν
805 1109 1098 1181 Ἀρειανῶν
1119 1110 1506 1182 ἐργαστήριον,
1523 1111 1600 1173 ὡς
1620 1109 1715 1164 τοῦ
1739 1109 1944 1183 Κυρίου

371 1197 548 1268 Ἰησοῦ
576 1198 877 1268 κτίσματος
907 1197 997 1253 διὰ
1019 1197 1226 1253 τούτων
1254 1198 1686 1271 γνωριζομένου.
1718 1199 1794 1253 Οὐ
1836 1199 1946 1272 χρὴ

357 1289 415 1343 δὲ
437 1291 555 1354 ταῖς
579 1290 783 1344 τούτων
814 1290 1163 1362 παράγεσθαι
1192 1291 1578 1362 κακουργίαις,
1607 1291 1944 1356 σκοποῦντας

358 1381 462 1436 εἴτι
486 1382 698 1437 τοιοῦτο
729 1385 822 1439 καὶ
843 1386 904 1438 ἐν
931 1385 1094 1456 ἑτέρᾳ
1120 1387 1298 1440 κεῖται
1331 1386 1531 1458 Γραφῇ
1573 1387 1700 1456 περὶ
1725 1387 1944 1454 τούτου,

360 1474 428 1529 ἶν’
454 1473 556 1550 ἔχῃ
583 1492 666 1540 τις
698 1476 763 1530 ὲκ
792 1476 901 1530 τῶν
945 1477 1148 1548 ὁμοίων
1179 1477 1484 1543 κανονίζειν
1515 1477 1584 1531 τὰ
1609 1477 1804 1548 ,ὅμοιοι
1834 1480 1942 1550 Φηο

361 1567 448 1621 σὶν
481 1564 573 1622 οῦν
602 1568 816 1632 Παῦλος
846 1570 1220 1625 Κολοσσαεῦσι
1247 1570 1476 1643 γράφων
1516 1573 1646 1644 περὶ
1687 1573 1780 1627 τοῦ
1806 1574 1948 1647 Χρισ-

360 1660 490 1715 στοῦ
520 1677 535 1692 ·
563 1680 583 1714 ι
621 1662 722 1726 Ὃς
750 1664 900 1718 ἐστιν
944 1663 1166 1737 ἀπαρχὴ
1216 1666 1562 1736 πρωτότοκος
1609 1668 1792 1738 πάσης
1826 1667 1945 1730 κτί-

360 1771 519 1817 σεως.
555 1773 574 1806 ι
615 1754 866 1818 Κτίσεως
895 1757 1265 1828 πρωτότοκος,
1289 1759 1350 1811 οὐ
1381 1758 1488 1830 μὴν
1515 1761 1943 1829 πρωτόκτιστος.

358 1843 472 1896 Καὶ
499 1843 666 1898 Δαυῖδ
691 1861 705 1876 ο
741 1863 760 1896 ι
815 1847 910 1900 Ἐκ
956 1848 1194 1920 γαστρὸς
1219 1849 1326 1920 πρὸ
1355 1850 1632 1922 έωσφόρου
1679 1852 1946 1925 ὲγέννησά

359 1955 443 2004 σε,
487 1959 506 1993 ι
536 1940 652 1994 ἀλλ’
680 1941 781 1995 οῦκ
800 1957 814 1973 ο
850 1943 1083 1997 Ἐκτισά
1113 1960 1192 1998 σε.
1224 1944 1336 1998 Καὶ
1360 1944 1613 2016 Σολομὼν
1636 1962 1651 1978 ο
1690 1966 1709 1999 ι
1745 1949 1859 2019 Πρὸ
1887 1948 1945 2002 δὲ

359 2032 581 2088 πάντων
612 2033 818 2104 βουνῶν
847 2037 1013 2106 γεννᾷ
1053 2052 1144 2106 με.
1188 2055 1208 2089 ι
1245 2036 1318 2089 Τὸ
1345 2037 1422 2091 δέ’
1472 2057 1491 2090 ‹
1524 2037 1728 2108 Κύριος
1759 2039 1944 2095 ἕκτισέ

359 2141 428 2193 με
455 2125 627 2196 ἀρχὴν
651 2125 785 2179 ὁδῶν
807 2126 993 2192 αὑτοῦ,
1021 2146 1040 2180 ι
1072 2128 1152 2194 τὸ,
1175 2146 1194 2179 ι
1225 2126 1455 2193 ἔκτισεν,
1484 2150 1500 2182 ι
1523 2132 1643 2184 ἀντὶ
1673 2133 1790 2198 τοῦ,
1814 2150 1948 2189 κατ-

359 2214 572 2280 έταξεν,
625 2215 904 2286 εἴληπται,
940 2217 1016 2281 ὡς
1073 2220 1167 2272 καὶ
1211 2220 1304 2272 ἐπὶ
1345 2220 1464 2284 τοῦ,
1504 2241 1522 2273 ι
1608 2223 1726 2277 Ἵνα
1785 2226 1948 2299 κτίσῃ

356 2308 485 2370 τοῦς
512 2307 605 2360 δύο
628 2309 706 2372 είς
734 2308 832 2362 ἒνα
867 2311 1052 2364 καινὸν
1078 2310 1388 2382 ἄνθρωπονο
1418 2333 1437 2366 ι
1471 2315 1566 2369 καὶ
1594 2317 1713 2370 τοῦο
1745 2336 1763 2370 ι
1793 2319 1946 2390 Καρ-

354 2396 477 2450 δίαν
523 2397 773 2470 καθαρὰν
821 2401 1008 2455 κτίσον
1056 2403 1114 2456 ὲν
1169 2403 1314 2474 ἐμοὶ,
1342 2406 1371 2458 ὁ
1411 2405 1565 2470 Θεός.
1603 2427 1620 2458 ι
1669 2408 1727 2462 '0
1767 2409 1825 2463 δέ
1882 2429 1945 2479 γε

357 2493 503 2556 Θεϊος
534 2493 645 2547 τῶν
683 2494 859 2564 λόγων
908 2496 1210 2566 Γρηγόριος
1256 2498 1314 2551 ἐν
1367 2497 1446 2568 τῷ
1496 2500 1631 2570 Περὶ
1663 2498 1758 2554 τοῦ
1812 2502 1944 2556 Υἱοῦ

356 2583 523 2654 λόγῳ,
551 2586 613 2638 τὸ
648 2586 768 2656 μὲν,
800 2587 1064 2652 ἔκτισεν,
1095 2590 1188 2641 ἐπὶ
1227 2587 1321 2642 τοῦ
1355 2591 1562 2660 νοερῶς
1607 2593 1946 2664 ἐμψυχωμέ-

355 2687 452 2722 νου
481 2671 577 2724 τοῦ
631 2674 911 2745 Κυριακοῦ
958 2679 1210 2745 σώματος
1233 2678 1422 2731 ἀκούει
1451 2696 1466 2712 ο
1530 2681 1581 2734 τὸ
1602 2681 1659 2734 δὲ

357 2763 454 2816 ἐπὶ
503 2767 604 2834 τῆς
646 2767 921 2840 θεότητος.
963 2771 1254 2836 Τοσούτοις
1304 2770 1398 2826 οὖν
1454 2777 1800 2848 μαρτυρίοις,
1845 2781 1943 2850 τῆς

357 2855 592 2922 κτίσεως
641 2863 1120 2934 συγκροτουμένης
1158 2903 1173 2930 ,
1221 2867 1254 2935 ἡ
1321 2865 1465 2938 ἀρχὴ
1519 2870 1618 2939 τῆς
1661 2871 1892 2938 κτίσεως
1926 2914 1942 2938 ν

355 2951 436 3014 ὡς
493 2951 739 3022 ἔφοημεν
790 2957 1076 3028 εἰρηκότες
1110 2999 1125 3024 ,
1187 2959 1287 3012 οὐκ
1331 2958 1503 3024 ἄλλο,
1549 2961 1582 3032 ἢ
1634 2964 1696 3016 τὸ
1772 2966 1943 3037 ἄρχον

355 3042 463 3112 τῆς
512 3045 742 3110 κτίσεως
774 3047 871 3101 τοῦ
915 3048 1052 3102 Θεοῦ
1086 3049 1284 3121 δηλοῦν
1314 3052 1591 3122 βούλεται,
1617 3056 1805 3110 καθότι
1849 3060 1946 3112 καὶ

364 3151 384 3184 ι
408 3133 594 3188 Πάντα
620 3137 690 3190 δι’
715 3137 882 3192 αὐτοῦ
909 3141 1145 3209 ἐγένετο.
1161 3142 1376 3213 »Τούτῳ
1399 3145 1487 3197 καὶ
1515 3146 1703 3216 ἄρχειν
1722 3148 1830 3202 τῶν
1852 3151 1944 3204 ὑπ’

1670 2721 1684 2744 ,
1736 2683 1942 2755 γεννᾷ,
1963 2682 1965 2686 ’

2049 642 2372 712 nullumque
2404 643 2456 696 in
2487 643 2620 712 ipsis
2651 652 2735 698 est
2773 645 3144 699 mendacium.

2118 733 2450 806 Principium
2469 745 2732 790 creatura:
2765 736 2878 792 Dei.
2906 736 3022 792 Hoc
3043 746 3128 792 est
3149 750 3377 807 regnum
3403 743 3460 790 et
3483 733 3635 805 prin-

2049 829 2262 899 cipatus
2304 828 2575 891 omnium,
2607 835 2868 898 tanquam
2915 827 3217 882 dominium
3249 828 3458 883 habens
3483 827 3538 881 in
3568 841 3634 881 ea

2048 937 2173 991 quae
2201 931 2385 976 creata
2418 929 2568 976 sunt.
2597 920 2934 990 Principium
2965 921 3108 975 enim
3141 931 3406 976 creaturae
3434 921 3635 976 dicitur

2048 1013 2274 1068 evidens
2303 1028 2466 1069 causa
2498 1022 2786 1074 creaturae.
2832 1010 3109 1070 Fortassis
3138 1021 3319 1068 autem
3354 1013 3458 1069 hoc
3486 1013 3636 1068 dicto

2049 1105 2381 1160 calumniam
2415 1115 2650 1161 strueret
2675 1105 2786 1161 Deo
2816 1105 3040 1161 inimica
3067 1107 3396 1162 Arianorum
3425 1105 3638 1161 machi-

2050 1198 2222 1263 natio,
2263 1205 2524 1268 tanquam
2578 1196 2844 1254 Dominus
2870 1196 3033 1254 Jesus
3075 1214 3170 1269 per
3204 1197 3320 1253 haec
3353 1197 3635 1268 signiﬁca-

2051 1301 2202 1348 retur
2229 1307 2351 1348 esse
2398 1301 2672 1350 creatura.
2720 1291 2840 1349 Non
2888 1302 3106 1364 oportet
3138 1304 3321 1348 autem
3376 1292 3635 1364 malignis

2051 1385 2245 1440 horum
2289 1384 2486 1440 abduci
2543 1384 2869 1446 conatibus,
2928 1385 3344 1442 considerantes
3385 1384 3633 1454 nunquid

2051 1477 2158 1532 tale
2198 1477 2254 1532 in
2295 1476 2401 1531 alia
2444 1476 2732 1547 Scriptura
2766 1477 2834 1532 de
2871 1477 2975 1533 hoc
3024 1478 3314 1540 habeatur,
3347 1485 3408 1531 ut
3463 1477 3635 1547 possit

2049 1569 2174 1639 quis
2213 1584 2282 1625 ex
2343 1569 2618 1624 similibus
2673 1568 2743 1624 ad
2798 1570 3038 1639 regulam
3096 1571 3296 1626 similia
3350 1570 3631 1625 reducere.

2052 1665 2192 1720 Dicit
2250 1665 2433 1734 itaque
2488 1663 2692 1720 Paulus
2748 1665 2816 1718 ad
2868 1664 3225 1720 Colossenses
3272 1665 3519 1720 scribens
3569 1665 3638 1718 de

2049 1758 2272 1815 Christo
2307 1777 2321 1814 :
2359 1777 2378 1810 ι
2433 1758 2538 1824 Qui
2587 1768 2671 1813 est
2718 1756 2977 1828 primitiae
3010 1759 3411 1827 primogenitus
3453 1758 3635 1812 omnis

2050 1861 2317 1910 creaturae
2341 1854 2409 1885 ⁹⁸⁵
2445 1869 2460 1908 :
2509 1872 2528 1905 ι
2564 1852 2962 1923 primogenitus
2991 1861 3278 1915 creatum,
3315 1867 3422 1906 non
3458 1851 3636 1921 primo

2053 1955 2293 2003 creatus.
2348 1948 2416 2002 Et
2464 1945 2634 2001 David
2678 1963 2692 2001 :
2744 1963 2764 1999 ι
2818 1945 2897 2000 Ex
2951 1957 3110 2001 utero
3156 1954 3284 2002 ante
3345 1945 3634 2000 luciferum

2053 2039 2218 2110 genui
2264 2050 2316 2095 te
2343 2040 2412 2106 θ’,
2469 2058 2489 2092 ι
2523 2048 2580 2094 at
2625 2053 2734 2094 non
2771 2055 2786 2092 :
2819 2038 3013 2094 Creavi
3063 2048 3134 2094 te.
3187 2037 3252 2093 Et
3306 2037 3566 2094 Solomon
3617 2055 3634 2091 :

2059 2151 2078 2183 ‹
2120 2131 2260 2186 Ante
2309 2146 2500 2186 omnes
2543 2130 2711 2186 colles
2746 2139 2972 2201 generat
3017 2145 3102 2184 me
3129 2131 3170 2182 ⁸.
3211 2147 3231 2181 ι
3282 2128 3456 2184 Porro
3485 2128 3634 2199 quod

2055 2225 2179 2278 ait:
2219 2241 2238 2275 ι
2287 2223 2554 2278 Dominus
2594 2223 2798 2278 creavit
2847 2238 2931 2278 me
2980 2223 3198 2276 initium
3241 2222 3455 2278 viarum
3506 2238 3636 2280 sua-

2053 2331 2174 2372 rum
2210 2315 2251 2380 ',
2295 2333 2315 2368 ι
2362 2314 2587 2370 verbum
2637 2331 2657 2366 ι
2699 2313 2904 2368 crearit
2961 2333 2979 2364 ι
3019 2323 3303 2382 acceptum
3382 2323 3467 2368 est
3517 2329 3636 2382 pro,

2055 2407 2343 2463 constituit
2370 2424 2384 2460 :
2416 2405 2878 2476 quemadmodum
2911 2405 3074 2459 etiam
3105 2404 3197 2458 ubi
3222 2404 3423 2460 dicitur
3453 2421 3467 2458 :
3507 2424 3524 2454 ‹
3553 2402 3639 2459 'Ut

2053 2511 2267 2557 crearet
2321 2501 2462 2554 duos
2505 2500 2560 2553 itt
2620 2515 2788 2552 ttnum
2853 2511 3054 2553 novum
3107 2497 3463 2560 hominem";
3526 2514 3544 2546 ι
3585 2502 3638 2548 et

2053 2595 2183 2650 illud
2216 2612 2229 2648 :
2267 2614 2284 2644 ι
2332 2593 2438 2648 Cor
2471 2591 2734 2646 ntundum
2789 2606 2912 2660 crca
2951 2589 3003 2643 in
3039 2605 3145 2655 me,
3174 2589 3316 2643 Deus
3338 2589 3379 2643 ⁸.
3417 2607 3436 2640 ι
3469 2587 3638 2657 685

2057 2687 2283 2742 Divinus
2329 2693 2511 2739 autem
2561 2683 2614 2737 in
2647 2682 2997 2738 sermonibus
3033 2682 3330 2750 Gregorius
3383 2693 3639 2735 sermone

2055 2781 2131 2836 De
2158 2779 2292 2840 lilio,
2315 2777 2510 2831 creavit
2532 2775 2774 2844 quidem,
2799 2775 2865 2828 de
2891 2773 3178 2827 Dominico
3203 2786 3428 2842 corpore
3455 2770 3641 2823 anima

2054 2869 2306 2925 rationali
2357 2869 2600 2923 animato
2633 2864 2907 2934 intelligit,
2957 2872 3175 2932 generat
3214 2877 3344 2916 vero
3393 2860 3461 2913 de
3495 2858 3637 2913 divi-

2053 2963 2242 3016 nitate.
2277 2961 2414 3016 (ium
2466 2959 2632 3030 igitur
2669 2967 2777 3011 tam
2833 2955 3023 3010 multis
3072 2952 3399 3008 testimoniis
3430 2950 3639 3018 princi~

2053 3055 2203 3125 pium
2256 3061 2545 3114 creatum,
2597 3049 2742 3104 sicut
2771 3046 2933 3101 etiam
2984 3046 3246 3110 diximus,
3306 3043 3442 3097 nihil
3489 3041 3637 3096 aliud

2053 3147 2364 3218 signiticare
2395 3143 2562 3208 velit,
2589 3156 2751 3212 quam
2780 3141 2927 3209 quod
2959 3148 3151 3193 auctor
3180 3146 3264 3193 est
3296 3144 3350 3191 et
3381 3135 3639 3193 conditor

357 3225 529 3278 αὐτοῦ
556 3227 756 3284 δίδοται
776 3233 1119 3303 κτισμάτων,
1156 3235 1345 3304 ἤγουν,
1388 3237 1650 3308 κατέστη,
1679 3240 1773 3294 τοῦ
1802 3242 1947 3314 εἱλη-

2055 3251 2318 3298 ετιιιιιυινίιε
2370 3237 2498 3299 Dei,
2537 3236 2695 3307 juxta
2746 3233 2879 3289 illud
2934 3247 3176 3303 quoque,
3239 3249 3257 3282 ι
3297 3227 3494 3284 Omnia
3542 3243 3638 3298 per

360 3315 526 3386 φέναι
552 3320 649 3373 καὶ
697 3320 792 3374 τοῦ
821 3325 1163 3393 καταστῆναι
1217 3327 1308 3379 ιύκ
1353 3325 1650 3383 ἐλάττωσιν
1701 3332 1946 3404 εἰσηγουο

365 3408 545 3478 μένων
579 3412 770 3478 οὐσίας
794 3415 890 3469 καὶ
932 3413 1111 3489 δόξης.

439 3669 569 3723 Ὀτι
617 3673 758 3726 οὔτε
803 3676 1042 3745 ψυχρὸς
1077 3679 1150 3741 εἴ,
1199 3680 1336 3735 οὔτε
1385 3681 1611 3751 ζεστός.
1661 3688 1882 3760 Ψυχρδς
1920 3690 1949 3742 ὁ

359 3763 730 3834 ἐστερημένος
779 3767 880 3836 τῆς
927 3768 1025 3822 τοῦ
1081 3772 1241 3839 ἁγίου
1295 3776 1613 3846 Πνεύματος
1668 3782 1950 3851 ἐνεργείας

364 3855 462 3908 καὶ
494 3859 912 3929 ὲπιφοιτήσεως.
941 3863 1140 3928 Ζεστδς
1170 3865 1227 3918 δὲ
1274 3870 1302 3921 ὁ
1333 3866 1471 3932 ζέων
1521 3871 1598 3942 τῷ
1647 3873 1950 3945 Πνεῦματι,

361 3948 442 4011 ὡς
487 3952 581 4002 καὶ
635 3952 846 4016 Παῦλός
896 3973 1052 4026 φησι.
1109 3959 1345 4031 Χλιαρὸς
1399 3963 1473 4028 δὲ,
1539 3968 1567 4018 ό
1636 3968 1695 4020 ἐν
1746 3969 1950 4039 ἀμφοῖν

361 4041 619 4108 ἀϐέϐαιος
647 4049 739 4100 καὶ
764 4050 1240 4123 ἐπαμφοτερίζων,
1268 4053 1325 4116 ὃς
1351 4059 1636 4124 μετουσίας
1661 4062 1760 4131 μὲν
1790 4062 1951 4118 ἔλαϐε

364 4135 684 4208 Πνεῦματος
719 4140 877 4208 ἁγίου
904 4143 992 4197 διὰ
1026 4143 1122 4197 τοῦ
1156 4145 1554 4217 βαπτίσματος,
1590 4151 1780 4207 ἔσϐεσε
1807 4157 1863 4210 δὲ
1892 4159 1953 4211 τὸ

361 4229 614 4300 χάρισμα
637 4232 744 4285 τῶν
772 4233 1181 4298 ζωοποιοῦντων
1211 4239 1308 4309 τὴν
1337 4241 1534 4312 ψυχὴν,
1568 4248 1632 4316 τῇ
1665 4248 1773 4302 τῶν
1804 4267 1949 4321 παρ-

359 4322 534 4415 όντων
560 4325 800 4394 φροντίδι
857 4331 1537 4407 καταρῤᾳϐυμήσας(18⁶).
1565 4341 1655 4392 Διὸ
1693 4344 1787 4395 καὶ
1823 4346 1952 4415 περὶ

360 4413 458 4506 τοῦ
494 4413 640 4469 θείου
667 4419 981 4488 Πνεύματος
1023 4424 1234 4489 Παῦλός
1268 4444 1422 4498 (mer
1454 4447 1471 4480 ι
1513 4431 1586 4484 Τὸ
1614 4433 1836 4504 Πνεῦμα
1877 4413 1953 4506 μὴ

363 4505 643 4560 σϐέννυτε.
683 4527 701 4559 ι
751 4509 904 4564 Ἐπεὶ
942 4509 1036 4568 οὖν
1070 4515 1133 4569 σὺ
1171 4517 1447 4584 τοιοῦτος,
1510 4524 1604 4576 καὶ
1655 4524 1821 4589 ζέσας
1877 4505 1952 4598 τῷ

2051 3332 2229 3403 ipsum
2265 3329 2409 3386 facta
2457 3337 2588 3383 sunt
2630 3327 2651 3359 ⁸
2687 3343 2700 3380 :
2745 3343 2764 3376 ι
2801 3339 2897 3395 per
2925 3323 3030 3378 hoc
3057 3321 3222 3378 etiam
3249 3319 3413 3375 datur
3440 3327 3500 3373 ut
3531 3317 3636 3372 do-

2053 3427 2294 3481 minetur
2332 3419 2602 3478 creaturis
2637 3433 2759 3488 qua:
2789 3415 2894 3472 suh
2928 3415 3047 3486 ipso
3070 3422 3203 3469 sunt
3249 3430 3262 3467 :
3293 3411 3408 3467 sive
3435 3408 3637 3465 contir-

2053 3531 2234 3574 matur
2263 3514 2411 3587 quod
2445 3509 2822 3583 apprehendat
2854 3523 2918 3564 ac
2949 3507 3260 3563 moderetur
3290 3524 3304 3561 :
3337 3521 3445 3559 non
3487 3501 3632 3574 quod

2055 3613 2170 3666 haec
2215 3607 2634 3664 diminutionem
2679 3602 2938 3656 inducant
2978 3598 3299 3654 substantiae
3337 3612 3401 3650 ac
3431 3595 3635 3666 gloriae.

2126 3701 2278 3768 Quod
2310 3717 2472 3770 neque
2515 3698 2741 3769 frigidus
2781 3698 2853 3750 sis
2896 3708 3056 3762 neque
3081 3690 3336 3760 fervidus.
3381 3687 3636 3757 Frigidus

2052 3795 2255 3866 r-stqui
2303 3804 2452 3848 earet
2502 3791 2821 3858 operatione
2874 3804 2939 3843 ac
2982 3784 3406 3856 snperventionc
3458 3779 3634 3836 sancti

2056 3888 2292 3957 Spiritus
2323 3905 2336 3940 :
2371 3885 2611 3941 fervidus
2635 3895 2817 3938 autem
2847 3881 2941 3952 qui
2977 3879 3182 3950 Spiritu
3219 3876 3411 3938 fervet,
3443 3889 3636 3943 quem-

2053 3981 2345 4036 admodum
2399 3979 2562 4034 etiam
2615 3976 2819 4030 Paulus
2879 3973 3011 4028 dicit
3070 3973 3091 4004 °
3141 3988 3156 4025 :
3227 3967 3442 4038 tepidus
3507 3977 3639 4019 vero

2055 4077 2148 4146 qui
2190 4072 2459 4130 instabilis
2508 4081 2590 4126 est
2619 4082 2673 4125 et
2699 4069 2752 4122 in
2799 4077 3030 4136 utroque
3061 4061 3366 4131 ambiguus,
3389 4058 3480 4128 qui
3513 4071 3638 4126 par-

2056 4171 2230 4240 ticeps
2274 4165 2495 4238 quidem
2541 4161 2780 4234 Spiritus
2836 4159 3013 4215 sancti
3059 4156 3235 4211 factus
3283 4163 3366 4208 est
3417 4167 3509 4221 per
3541 4151 3639 4203 ba-

2053 4261 2270 4330 ptisma,
2301 4256 2562 4313 exstinxit
2598 4264 2776 4310 tamen
2829 4252 3034 4306 donum
3079 4247 3226 4319 quod
3281 4244 3522 4300 animam
3555 4241 3637 4296 vi-

2055 4351 2356 4415 viﬁcabat,
2412 4349 2544 4402 illud
2582 4344 2952 4402 sollicitudine
3012 4338 3367 4411 praesentium
3424 4335 3637 4388 exstin-

2057 4461 2252 4515 guens.
2278 4441 2405 4496 Ideo
2442 4455 2660 4511 quoque
2695 4438 2762 4492 de
2803 4436 2990 4492 divino
3022 4433 3230 4503 Spiritu
3294 4430 3371 4482 ait
3400 4428 3635 4481 Paulus:

2066 4557 2083 4588 ι
2127 4531 2580 4606 Spiritumnolite
2627 4529 2976 4598 exstinguere
3006 4527 3049 4578 ".
3091 4544 3108 4575 ι
3158 4521 3425 4589 Quoniam
3475 4519 3639 4589 igitur

361 4598 648 4695 Ιῖνεύματι
695 4601 785 4656 διά
828 4603 1243 4676 βαπτίσματος,
1280 4612 1602 4686 ἀπεψύχοης
1648 4618 1734 4672 διὰ
1783 4622 1948 4692 ρᾳθυ-

2063 4640 2118 4684 ιιι
2157 4598 2282 4682 ιίιιίε
2315 4642 2374 4681 es
2406 4626 2498 4695 qui
2530 4638 2654 4678 cum
2687 4621 2890 4690 Spiritu
2925 4617 3164 4672 fervidus
3198 4613 3369 4668 fueris
3407 4627 3500 4680 per
3542 4610 3639 4664 ba-

363 4689 518 4758 μίας,
552 4693 652 4756 τὰς
682 4695 762 4756 είς
792 4695 1018 4766 ὕστερον
1048 4699 1146 4768 τῆς
1177 4704 1447 4774 σωτηρίας
1471 4706 1690 4771 ἐλπίδας
1720 4689 1948 4766 σεαυτοῦ

359 4782 654 4855 ἐξέκυψας,
680 4793 981 4858 καταγνοὺς
1001 4795 1100 4864 τῆς
1123 4795 1429 4868 αἱρεθείσης
1459 4815 1539 4852 σοι
1568 4802 1822 4867 πίστεως.
1861 4803 1951 4859 Ἐν

359 4873 550 4943 ἔργοις
592 4875 692 4945 μὲν
739 4879 846 4950 γὰρ
888 4881 990 4934 οὐκ
1029 4884 1384 4953 ἀπογνωστέα
1421 4889 1450 4959 ἡ
1500 4891 1766 4964 μεσότης,
1813 4896 1888 4959 ὡς
1927 4898 1955 4949 ὁ

360 4965 598 5037 νόμιμος
639 4968 853 5039 γάμος,
909 4974 1073 5042 μέσος
1103 4976 1179 5028 ὢν
1210 4979 1510 5050 παρθενίας
1557 4985 1651 5037 καὶ
1697 4988 1954 5056 πορνείας

359 5057 467 5109 οὐκ
491 5058 820 5132 ἀπόϐλητος.
858 5064 946 5116 Ἑν
972 5067 1029 5119 δὲ
1056 5069 1122 5139 τῇ
1156 5068 1358 5136 πίστει,
1391 5072 1450 5125 τὸ
1482 5074 1644 5144 μέσον
1675 5079 1771 5130 καὶ
1799 5079 1953 5149 χλια-

364 5149 463 5243 ρὸν
491 5150 757 5222 ἀδόκιμον
787 5156 880 5209 καὶ
907 5159 1228 5215 ἀσύστατον.
1260 5166 1340 5217 Δι’
1369 5165 1506 5238 ὅπερ
1531 5168 1720 5236 ὄφελον
1749 5169 1957 5243 ψυχρὸς

361 5238 457 5312 ἧς,
485 5247 788 5316 τουτέστιν,
827 5252 1096 5324 ἀμέτοχος
1131 5257 1384 5326 καθάπαξ
1420 5261 1564 5314 θείου
1585 5265 1959 5336 βαπτίσματος

363 5335 592 5405 χάριτος
619 5341 712 5394 καὶ
743 5343 1098 5411 ἀϐάπτιστος,
1128 5349 1224 5402 καὶ
1255 5351 1330 5423 μὴ
1353 5352 1594 5425 χλιαρός.
1628 5355 1686 5409 ’0
1719 5335 1820 5426 μὲν
1847 5359 1956 5430 γὰρ

367 5431 540 5498 μήπω
563 5433 856 5506 δεξάμενος
881 5441 982 5511 τὴν
1007 5441 1099 5493 τοῦ
1128 5442 1441 5514 Πνεῦματος
1463 5447 1549 5501 διὰ
1578 5447 1957 5520 βαπτίσματος

362 5520 553 5592 χάριν,
582 5525 642 5578 ὲν
675 5527 886 5584 ὲλπίσιν
917 5532 1272 5603 ἐνστρέφεται
1299 5535 1394 5588 τοῦ
1433 5555 1562 5592 ποτε
1599 5539 1854 5606 δέξασθαι
1888 5543 1956 5596 τὰ

445 5677 510 5710 ⁹⁸”
533 5678 747 5739 Coloss.
786 5699 822 5747 ι,
857 5685 946 5740 15.

1024 5687 1068 5720 ⁸³
1097 5689 1238 5744 l’sal.
1270 5707 1379 5755 (nx,
1415 5693 1468 5743 5.

366 5747 460 5802 19..
537 5751 559 5783 ³
591 5749 752 5808 Joan.
793 5770 831 5822 ι,
884 5757 939 5810 5.

1017 5759 1038 5788 ⁶
1070 5758 1224 5814 item.
1264 5779 1414 5830 xvnt,
1449 5766 1530 5819 Η.

453 5885 1010 5966 (18⁸)καταρυτμίσας
1036 5899 1180 5969 vulg.

1581 5696 1592 5726 ¹
1627 5695 1788 5769 Ρᾲι-ρν,
1824 5715 1976 5766 xvm,
2174 5704 2192 5732 ³
2225 5701 2382 5757 Prov.
2449 5719 2570 5769 thl,
2602 5699 2694 5756 9.9..

1607 5769 1625 5798 "
1662 5767 1891 5826 lThess.
1929 5789 1981 5837 γ,
2021 5774 2104 5826 lii.

2053 4722 2335 4794 ptismnm,
2360 4725 2645 4771 emortuus
2667 4730 2724 4768 es
2751 4728 2845 4782 per
2866 4709 3172 4781 segnitiem,
3205 4707 3397 4762 salutis
3443 4706 3495 4758 in
3540 4720 3639 4775 po-

2056 4824 2265 4869 sterum
2297 4826 2449 4880 spem
2473 4824 2503 4863 a
2537 4808 2711 4875 teipso
2737 4801 3056 4873 amputasti,
3086 4799 3448 4854 condemnata
3475 4811 3640 4866 quam

2059 4903 2295 4972 primum
2325 4901 2571 4970 elegeras
2605 4898 2727 4950 ﬁde.
2768 4896 2828 4950 In
2864 4892 3122 4964 operibus
3167 4890 3351 4960 itaque
3403 4905 3508 4941 non
3559 4895 3639 4940 est

2059 4994 2535 5048 condemnandum
2585 4990 2728 5062 quod
2761 4990 3000 5044 medium
3032 4997 3137 5050 est,
3175 4980 3638 5055 quemadmodum

2062 5086 2314 5157 legitima:
2345 5086 2546 5155 nuptiae
2575 5100 2700 5139 cum
2734 5083 2924 5137 mediae
2955 5080 3065 5137 sint
3094 5079 3237 5132 inter
3271 5075 3637 5144 virginitatem

2061 5187 2116 5231 et
2141 5177 2551 5240 scortationcm,
2587 5192 2693 5230 non
2747 5185 2875 5230 sunt
2906 5169 3239 5242 rejieiendae.
3274 5166 3329 5218 In
3369 5165 3470 5218 ﬁde
3512 5176 3640 5216 vero

2061 5269 2206 5338 quod
2244 5268 2480 5322 medium
2517 5277 2600 5322 est
2640 5283 2705 5321 ac
2758 5275 2913 5335 tepor
2966 5262 3312 5333 reprobatur.
3340 5271 3439 5310 "CC
3500 5252 3637 5304 νί¹¹⁰¹

2059 5378 2248 5415 secum
2279 5363 2600 5414 consistere.
2635 5359 2928 5428 PrOpterea
2976 5357 3206 5415 utinam,
3241 5348 3441 5419 inquit,
3482 5341 3636 5413 frigi-

2061 5453 2164 5506 dus
2213 5467 2411 5507 esses:
2459 5451 2562 5506 hoc
2607 5460 2709 5514 cst,
2756 5465 2824 5504 ne
2873 5447 3036 5504 simul
3100 5443 3318 5514 quidem
3368 5434 3638 5506 partior-ps

2060 5545 2260 5600 fuisses
2294 5544 2479 5616 gratia:
2503 5543 2675 5599 divini
2698 5538 3063 5610 baptismatis,
3083 5537 3174 5592 sed
3203 5534 3501 5589 mansisses
3529 5542 3638 5581 non

2808 5699 2826 5730 ³
2859 5697 3054 5768 Ephcs.
3093 5709 3152 5758 ιι,
3197 5691 3277 5744 15.
3352 5689 3371 5720 ⁸
3403 5686 3547 5744 Psal.
3583 5701 3634 5748 ιι,
