4034 6584
410 424 515 489 5’i3

1226 428 1554 491 ARETH/E
1594 432 1974 499 C/ESAREXE
2009 437 2493 500 CAPPADOCLE
2535 436 2878 499 EPISCOPI

3575 432 3680 496 564

411 539 721 610 baptizatus
775 549 827 593 rt
860 554 967 594 non
1002 538 1236 609 tepidus.
1278 541 1560 612 Siquidem
1616 546 1662 601 is
1702 548 1796 618 qui
1850 564 1991 604 non-

2100 554 2345 625 σωτήρια
2377 546 2576 626 ἐαυτῷ.
2617 554 2679 609 '0
2707 554 2763 607 δὲ
2790 552 3034 623 χλιαρὸς,
3060 551 3135 615 ὡς
3166 552 3267 624 ἤδη
3302 548 3679 621 παρεθέμεθα,

410 634 541 687 clum
580 631 820 702 Spiritus
872 632 1107 703 gratiam
1150 636 1362 705 accepit
1403 652 1497 705 per
1546 638 1899 707 baptismum,
1934 641 1990 696 in

408 741 504 793 spe
527 732 775 779 versatur
803 725 950 795 quod
977 726 1275 796 aliquando
1306 744 1367 783 ea
1419 746 1541 799 qua:
1592 732 1695 785 sibi
1726 733 1988 789 salutaria

2100 644 2298 715 μικρὸν
2360 646 2498 716 πρὸς
2544 648 2611 717 τῇ
2662 644 2815 709 ζέσει
2874 645 2969 697 καὶ
3016 644 3079 697 τό
3128 662 3258 697 ποτε
3320 642 3683 715 βαπτισθῆναι

2095 736 2397 808 ἀφῄρηται.

403 828 537 875 ‘sunt
564 820 832 891 accipiet:
878 824 1191 893 attepidus,
1227 825 1395 880 veluti
1426 828 1539 896 jam
1564 829 1986 897 derlaravimus,
2027 848 2222 903 parum
2262 834 2428 890 habet
2493 834 2561 889 ad
2592 832 2887 898 fervorem,
2918 843 2972 888 et
3034 848 3102 889 co
3145 832 3290 887 bono
3327 832 3570 901 privatus
3602 836 3685 884 est

403 914 551 985 quod
576 916 909 986 quandoque
946 917 1307 987 baptizandus
1339 920 1431 973 sit.

477 1009 745 1081 Incipiam
797 1023 847 1067 te
892 1030 1144 1069 evomere.
1189 1013 1502 1085 Metapbura
1560 1017 1721 1084 tepidi
1775 1018 1990 1073 decenti

404 1106 570 1160 modo
600 1122 734 1162 usus
757 1114 861 1169 est,
897 1106 1041 1175 quod
1070 1107 1262 1161 medici
1292 1108 1356 1160 ad
1383 1107 1643 1161 vomitum
1688 1124 1990 1177 procuran-

402 1200 531 1252 dum
564 1209 875 1254 assumunt.
906 1198 1059 1252 Unde
1091 1215 1213 1253 cum
1235 1199 1404 1268 aliqui
1434 1200 1718 1255 dilliculter
1738 1214 1984 1267 vomunt,

404 1291 601 1362 tepidae
652 1307 806 1362 aquae
833 1292 1055 1361 potione
1106 1293 1374 1345 vomitum
1434 1308 1655 1347 sursum
1714 1293 1981 1349 educunt.

404 1382 521 1438 lloc
554 1400 772 1454 quoque
795 1384 927 1439 dicit
960 1403 972 1438 :
1005 1383 1264 1455 Incipiam
1291 1392 1342 1438 te
1374 1384 1523 1440 velut
1554 1386 1981 1441 abominandum

400 1477 585 1531 cibmn
621 1492 897 1543 evomere,
955 1477 1060 1531 hoc
1111 1488 1215 1543 est,
1249 1492 1346 1547 per
1381 1491 1690 1532 sermonem
1728 1478 1841 1534 oris
1879 1480 1983 1533 mei

400 1570 660 1636 reiectum
696 1586 725 1625 a
782 1586 901 1626 mea
960 1570 1334 1625 familiaritate
1396 1572 1707 1626 ostendere.
1750 1571 1818 1625 Et
1861 1587 1985 1641 qua)

400 1662 600 1717 borum
632 1664 939 1719 estcausa?
962 1663 1099 1729 Quia
1135 1664 1187 1716 in
1224 1663 1447 1718 incertis
1478 1663 1684 1718 divitiis
1712 1679 1862 1732 spem
1888 1680 1986 1735 po-

396 1756 585 1817 suisti.
617 1766 671 1811 et
700 1759 910 1813 semine
950 1756 1100 1812 verbi
1140 1756 1228 1811 Dei
1288 1756 1428 1812 inter
1469 1757 1656 1826 spinas
1694 1758 1981 1825 suﬂ‘orato,

395 1844 567 1915 686
605 1845 706 1901 hoc
736 1857 819 1901 est
856 1848 998 1902 inter
1048 1847 1378 1901 tentationes
1416 1846 1581 1915 bujus
1619 1846 1742 1902 vita:
1777 1864 1841 1903 ac
1884 1866 1983 1905 sa:-

397 1937 669 1991 cularinm
722 1938 1058 1997 divitiarum,
1098 1938 1436 2007 spiritualem
1503 1945 1652 1991 tuam
1698 1948 1751 1994 et
1792 1956 1983 2010 perpe-

395 2037 546 2083 tuam
586 2039 957 2099 paupertatem
1015 2032 1277 2100 ignorasti
1315 2030 1391 2085 7“.

467 2144 731 2210 Quoniam
763 2146 893 2199 dicis
926 2161 945 2198 :
978 2146 1132 2201 Dives
1162 2165 1300 2201 sum.
1348 2148 1576 2205 Divitias
1613 2160 1769 2207 vocat
1811 2162 1983 2208 terre-

394 2252 496 2293 nas
525 2237 766 2293 divitias.
811 2238 1030 2308 Ignoras
1063 2241 1209 2310 quod
1258 2250 1315 2295 tu
1353 2253 1403 2297 te
1460 2245 1721 2299 miserum
1784 2246 1982 2301 reddas

392 2325 538 2382 inter
558 2343 653 2383 eos
674 2331 766 2397 qui
802 2338 1033 2398 pereunt
1062 2348 1075 2383 :
1104 2330 1227 2384 ideo
1253 2347 1471 2403 quoque
1498 2336 1982 2393 commiseratione

391 2421 594 2491 dignus
626 2438 705 2484 es,
744 2432 800 2475 ut
836 2424 983 2493 quia
1020 2425 1359 2480 sublimitate
1390 2427 1651 2481 virtutum
1685 2430 1978 2496 excideris,

393 2514 855 2570 obtcncbt'ationc
890 2531 953 2570 ac
986 2518 1234 2571 caecitate
1268 2527 1465 2588 captus
1502 2520 1554 2574 in
1603 2521 1687 2575 bis
1713 2538 1835 2591 qum
1867 2538 1982 2577 rne-

392 2607 532 2663 liora
559 2619 688 2662 sunt
732 2610 1023 2678 eligendis,
1052 2621 1106 2666 et
1144 2612 1452 2667 denudatus
1485 2629 1549 2667 ea
1586 2630 1709 2685 quae
1735 2625 1785 2671 te
1814 2616 1980 2685 paulo

394 2714 523 2755 ante
564 2703 831 2757 vestiebat
867 2704 1049 2757 divina
1081 2704 1277 2775 gloria.

469 2794 557 2857 Ill,
587 2795 765 2849 lii-2:2.
791 2796 999 2849 Suadeo
1035 2798 1129 2850 tibi
1149 2808 1203 2851 ut
1240 2815 1271 2850 α
1299 2814 1378 2850 me
1400 2815 1544 2852 emas
1579 2817 1767 2853 aurum
1785 2803 1980 2869 proba-

393 2899 508 2940 tum
532 2902 596 2939 e1:
616 2888 724 2956 igni
756 2896 810 2939 ut
838 2889 1087 2947 ditescas,
1118 2900 1167 2942 et
1198 2893 1503 2945 vestimenta
1533 2893 1657 2945 alba
1700 2904 1755 2955 ut
1782 2895 1979 2947 indua-

390 2979 489 3040 τίς,
526 2989 574 3031 et
611 2996 715 3031 non
748 2991 1000 3047 appareat
1034 2982 1255 3034 dedecus
1298 2984 1558 3036 mutilatis
1616 2996 1741 3049 tum,
1778 2999 1824 3039 et
1868 2986 1979 3039 col—

393 3072 586 3143 lyrium
615 3089 715 3141 quo
744 3074 970 3143 inungas
1008 3074 1185 3128 oculos
1215 3088 1331 3129 tuos
1363 3086 1416 3129 ut
1446 3078 1641 3131 videas.
1680 3077 1790 3147 Ego
1817 3096 1979 3148 quos-

388 3176 592 3231 cunque
627 3178 767 3223 amo,
795 3179 959 3231 arguo
987 3174 1035 3216 et
1074 3165 1281 3217 erudio.
1314 3164 1599 3219 xEmulare
1641 3185 1763 3237 ergo
1793 3185 1854 3221 ac
1899 3186 1981 3223 re-

2161 1016 2378 1071 Μέλλω
2432 1032 2507 1069 σε
2553 1015 2783 1084 ἐμέσαι.
2839 1015 2919 1086 Τῇ
2972 1016 3254 1087 μεταφορᾷ
3306 1014 3400 1068 τοῦ
3456 1014 3682 1087 χλιαροῦ

2088 1109 2317 1171 δεόντως
2356 1109 2628 1179 ἐχρήσατο
2652 1146 2666 1169 ,
2707 1108 2735 1160 ὃ
2769 1109 2864 1160 καὶ
2900 1107 3101 1176 ἰατρῶν
3145 1105 3336 1168 παῖδες
3368 1107 3450 1168 εἰς
3488 1105 3684 1174 ἔμετον

2088 1202 2354 1274 ἐρεθίζειν
2391 1200 2937 1271 παραλαμϐάνουσιν.
2974 1200 3137 1252 Ὅθεν
3178 1199 3274 1251 καὶ
3306 1200 3419 1261 τοῖς
3448 1196 3682 1267 δυσεμε-

2085 1294 2292 1355 τοῦσιν,
2325 1292 2519 1356 ὓδατος
2548 1293 2770 1363 χλιαροῦ
2802 1294 3168 1362 ἀποροφήσει,
3200 1290 3292 1343 τὸν
3321 1289 3515 1360 ἔμετον
3550 1291 3683 1342 ἁνα-

2092 1384 2333 1437 σοόοῦσι.
2364 1383 2536 1437 Τοῦτο
2564 1388 2657 1437 καὶ
2691 1381 2787 1437 νῦν
2814 1400 3004 1453 φησιν,
3035 1383 3117 1436 ὅτι
3147 1381 3343 1435 Μέλλω
3372 1398 3430 1433 σε
3458 1381 3533 1445 ὡς
3560 1380 3684 1451 βδε-

2089 1477 2287 1531 λυκτὸν
2320 1478 2516 1548 βρῶμα
2548 1478 2775 1547 ἐμέσαι,
2805 1478 3079 1542 τουτέστι,
3111 1474 3199 1528 διά
3219 1474 3380 1543 λόγου
3414 1472 3682 1544 στόματός

2092 1589 2194 1643 μου
2244 1571 2555 1641 ἀπόϐλητον
2603 1572 2704 1641 τῆς
2750 1568 2891 1639 ἐμῆς
2926 1569 3261 1639 οἰκειότητος
3312 1565 3679 1634 καταστῆσαι.

2091 1665 2202 1717 Καὶ
2236 1662 2379 1732 τίςὴ
2420 1662 2610 1717 τούτου
2659 1662 2836 1727 αἰτίας
2895 1662 3016 1714 Ὅτι
3071 1660 3162 1712 ἐπὶ
3206 1658 3436 1713 πλούτου
3486 1658 3683 1726 ἀδηλίᾳ.

2091 1756 2319 1819 ἐλπίσας
2338 1797 2352 1820 ,
2386 1757 2481 1809 καὶ
2509 1756 2601 1809 τὸν
2631 1756 2830 1826 σπόρον
2867 1754 2962 1808 τοῦ
2992 1753 3137 1807 θείου
3168 1752 3327 1821 λόγου
3374 1750 3679 1816 ἀποπνίξας

2090 1851 2210 1912 ταῖς
2242 1850 2540 1913 ἀκάνθαις,
2576 1847 2745 1900 οἱονεὶ
2776 1850 2885 1911 τοῖς
2918 1848 3247 1916 πειρασμοῖς
3281 1843 3373 1897 τοῦ
3412 1843 3680 1914 προσκαῐο

2096 1960 2188 2012 ρου
2218 1942 2406 1995 τούτου
2438 1941 2672 1995 πλούτου
2704 1943 2798 1995 καὶ
2830 1941 2969 2011 βίου,
3010 1941 3106 2011 τὴν
3138 1939 3517 2009 πνευματικὴν
3550 1938 3680 2006 (19⁸)

2092 2035 2289 2089 ἐαυτοῦ
2322 2038 2416 2089 καὶ
2446 2036 2862 2101 διαιωνίζουσαν
2894 2036 3170 2106 ἠγνόησας
3203 2033 3501 2104 πτωχείαν.

2163 2150 2293 2202 ’Ὀτι
2333 2150 2629 2215 πλούσιός
2676 2150 2791 2217 ειμι
2836 2148 2933 2201 καὶ
2981 2146 3395 2212 πεπλούτηκα.
3442 2142 3683 2197 Πλοῦτόν

2092 2264 2225 2317 φησι
2242 2246 2333 2298 τὸν
2350 2247 2539 2316 γήϊνον
2561 2243 2809 2298 πλοῦτον.
2846 2243 3087 2310 ’Λγνοεῖς
3108 2241 3189 2294 ὅτι
3214 2239 3277 2291 σὺ
3298 2234 3346 2290 εἷ
3362 2239 3389 2289 ὁ
3405 2238 3684 2290 ταλαιπω-

2095 2338 2203 2409 ρῶν
2238 2339 2294 2389 ἐν
2328 2339 2440 2399 τοῖς
2472 2334 2889 2404 ἀπολλυμένοις.
2933 2332 3024 2386 Διὸ
3064 2333 3158 2385 καὶ
3188 2332 3372 2392 ἐλέους
3416 2328 3562 2392 ἄξιος
3605 2323 3676 2387 εἴ,

2089 2432 2164 2493 ὡς
2197 2430 2254 2495 ἐξ
2290 2430 2457 2500 {Sd/ou;
2490 2430 2597 2481 τῶν
2633 2428 2846 2497 ἀρετῶν
2884 2424 3133 2479 ἐκπεσὼν
3155 2465 3169 2489 ,
3203 2421 3507 2492 σκοτοδινίᾳ
3551 2421 3681 2491 περὶ

2088 2524 2188 2594 τὴν
2227 2524 2458 2594 ἐκλογὴν
2492 2522 2599 2575 τῶν
2646 2521 2973 2592 κρειττόνων
3005 2518 3189 2582 ἁλοὺς,
3236 2517 3331 2570 κοιλ⁸
3367 2512 3678 2585 γυμνωθεὶς

2088 2619 2186 2685 τῆς
2216 2618 2352 2678 τέως
2379 2614 2841 2687 περιστελλούσης
2869 2613 3020 2677 θείας
3048 2612 3229 2681 δόξης.

2159 2798 2605 2868 Συμσουλεύσω
2622 2812 2721 2851 σοι
2750 2794 3043 2864 ἀγοράσαι
3075 2792 3333 2862 χρυσίον
3362 2786 3497 2855 παρ’
3527 2783 3677 2856 ἐμοῦ

2089 2890 2522 2960 πεπηρωμένον
2582 2891 2652 2944 ἐκ
2709 2889 2917 2958 πυρὸς,
2977 2889 3079 2940 ἵνα
3134 2880 3515 2949 πλουτήσῃς,
3577 2876 3677 2931 και

2089 2984 2287 3054 ἱμάτια
2314 2983 2503 3037 λευκὰ
2534 2984 2635 3035 ἵνα
2660 2981 3009 3049 περιϐάλλῃ,
3044 2979 3141 3033 καὶ
3172 2976 3257 3047 μὴ
3290 2968 3605 3045 φανερωθῇ
3636 2970 3676 3038 ἡ

2088 3077 2353 3146 αισχύνη
2404 3075 2514 3145 τῆς
2566 3076 2938 3145 γυμνότητός
2972 3089 3121 3137 σου,
3157 3069 3256 3125 καὶ
3314 3066 3673 3132 κολλύριον,

2089 3170 2190 3222 ἵνα
2220 3170 2476 3237 ἐγχρίσῃ
2512 3168 2653 3233 τοὺς
2700 3168 3047 3236 ὀφθαλμούς
3090 3179 3242 3227 σου,
3272 3164 3373 3215 ἵνα
3409 3158 3674 3225 βλέπῃς.

389 3253 601 3321 sipisce.
644 3252 777 3307 Ecce
807 3264 887 3307 sto
912 3255 982 3308 ad
1020 3257 1213 3309 ostium
1238 3266 1287 3310 et
1319 3258 1489 3325 pulso.
1520 3257 1578 3312 Si
1606 3261 1720 3329 quis
1751 3261 1980 3315 audierit

2092 3262 2196 3316 Καὶ
2238 3262 2425 3327 ὅσους
2455 3261 2565 3314 ἐὰν
2596 3261 2772 3330 φιλῶ,
2820 3260 3050 3327 ἐλέγχω
3094 3257 3192 3310 καὶ
3223 3252 3503 3309 παιδεύω.
3558 3248 3675 3316 Ζή-

390 3355 842 3411 vocemmram,et
866 3348 1135 3415 aperuerit
1158 3348 1408 3412 januam,
1445 3350 1655 3404 intrabo
1699 3353 1768 3404 ad
1804 3353 1977 3422 ipsum

2092 3357 2221 3407 Ζευε
2247 3350 2363 3409 οὖν
2401 3353 2497 3407 καὶ
2525 3355 2933 3423 μετανόησον.
2976 3351 3134 3405 Ἰδοὺ
3176 3350 3405 3414 ἕστηκα
3434 3346 3533 3399 ἐπὶ
3562 3341 3678 3409 τὴν

387 3446 439 3492 et
480 3438 691 3491 coenabo
723 3455 839 3491 runt
868 3455 927 3492 eo
958 3450 1006 3493 et
1048 3441 1158 3509 ipse
1188 3458 1409 3495 mecum.
1469 3445 1574 3507 Qui
1610 3445 1791 3498 vicerit
1840 3445 1978 3499 dabo

2092 3449 2271 3515 θύραν
2312 3447 2410 3500 καὶ
2446 3448 2660 3515 κρούω.
2724 3447 2868 3499 Ἐάν
2906 3464 2996 3508 τις
3030 3445 3268 3509 ἀκούσῃ
3308 3439 3419 3507 τῆς
3466 3432 3677 3506 φωνῆς

388 3532 439 3585 ei
473 3542 527 3585 ut
555 3532 732 3585 sedeat
781 3550 981 3586 mecum
1013 3534 1065 3586 in
1101 3534 1291 3588 throno
1333 3552 1465 3597 meo,
1495 3537 1631 3589 sicut
1652 3552 1700 3590 et
1729 3555 1821 3607 ego
1852 3539 1977 3604 vici,

2092 3558 2195 3593 uov
2216 3580 2230 3603 ,
2264 3541 2363 3595 καὶ
2393 3542 2613 3608 ἀνοίξῃ
2661 3539 2776 3607 τὴν
2814 3540 3032 3606 θύραν,
3065 3536 3489 3602 είσελεύσομαι
3520 3527 3675 3596 πρὸς

388 3631 439 3675 ct
471 3622 583 3675 sedi
617 3640 733 3675 rum
772 3622 933 3675 Patre
964 3640 1075 3676 meo
1108 3624 1163 3676 in
1223 3625 1410 3677 throno
1446 3626 1632 3695 ipsius.
1688 3627 1794 3693 Qui
1829 3628 1982 3683 habet

2092 3634 2288 3699 αὐτόν,
2323 3636 2421 3687 καὶ
2457 3632 2766 3699 δειπνήσω
2792 3633 2918 3701 μετ’
2948 3630 3135 3685 αὐτοῦ
3156 3671 3168 3688 .
3206 3629 3302 3681 καὶ
3335 3624 3521 3689 αὐτὸς
3544 3620 3675 3691 μετ’

390 3730 573 3775 aurem
606 3715 791 3766 audiat
822 3714 947 3784 quid
980 3713 1213 3784 Spiritus
1246 3717 1387 3769 dicat
1418 3717 1695 3774 Ecclesiis.

2092 3725 2231 3794 ἐμοῦ
2260 3727 2331 3780 ἐν
2372 3725 2453 3792 τῷ
2486 3729 2678 3794 θρόνῳ
2710 3743 2827 3795 μου
2851 3766 2865 3788 ,
2922 3726 3002 3791 ὡς
3044 3723 3206 3792 κάγὼ
3252 3722 3539 3785 ἐνίκησα,
3574 3716 3672 3769 καὶ

387 3801 645 3857 ἐκάθισα
685 3808 833 3872 μετὰ
864 3803 971 3858 τοῦ
1002 3808 1236 3875 Πατρός
1260 3824 1380 3875 μου
1432 3808 1502 3861 ἐν
1548 3807 1628 3874 τῷ
1700 3811 1893 3879 θρόνῳ
1934 3815 2141 3871 αὐτοῦ.
2194 3818 2255 3871 '0
2283 3818 2442 3888 ἔχων
2481 3814 2614 3885 οὖς,
2656 3817 2975 3873 ἀκουσάτω
3004 3816 3061 3870 τι
3098 3815 3166 3870 τὸ
3232 3812 3474 3882 Πνεῦμα
3510 3808 3675 3878 λέγει

389 3903 521 3971 ταῖς
558 3902 970 3971 Ἐκκλησίαις.

464 3992 521 4049 Si
556 3996 660 4060 vis,
693 3996 889 4066 inquit,
916 3997 1157 4066 locuples
1216 3997 1353 4061 fieri,
1396 4013 1551 4053 veras
1578 4000 1673 4054 tibi
1716 4016 1975 4071 compara

388 4085 608 4141 divitias
640 4102 669 4141 a
702 4102 788 4141 me
832 4089 923 4157 qui
968 4104 1188 4158 possum
1225 4092 1577 4148 manentibus
1621 4094 1834 4149 divitiis
1894 4096 1977 4150 lo-

387 4181 689 4250 cupietare.
729 4179 999 4252 Compara
1031 4192 1213 4236 autem
1242 4183 1453 4238 ardenti
1483 4185 1764 4241 desiderio
1788 4201 1976 4243 sancta

385 4270 485 4326 Dei
535 4272 759 4327 oracula
812 4276 1237 4344 septempliciter
1275 4276 1397 4345 igne
1429 4278 1675 4346 probata.
1709 4278 1972 4345 Quantam

385 4376 567 4422 autem
609 4375 738 4423 sunt
774 4366 904 4423 illa?
933 4367 1259 4424 Doctrinalis
1300 4386 1365 4424 ac
1406 4372 1626 4426 divinus
1654 4389 1838 4427 sermo
1881 4374 1974 4443 qui

384 4476 495 4517 non
525 4461 729 4517 frustra
762 4477 937 4532 neque
960 4462 1196 4517 inaniter
1218 4464 1467 4532 procedit
1505 4465 1571 4518 ad
1602 4479 1697 4519 eos
1729 4465 1824 4534 qui
1876 4466 1976 4519 do-

2163 4005 2223 4057 Ei
2259 4003 2605 4073 πλουτῆσαι.
2650 4002 2804 4071 φησὶ,
2861 3999 3078 4070 βούλει,
3110 3998 3201 4051 τὸν
3244 3998 3411 4063 ὅντως
3444 4000 3675 4054 πλοῦτον

2087 4099 2287 4168 κτῆσαι
2314 4095 2444 4165 παρ’
2472 4093 2605 4163 ἐμοῦ
2631 4092 2723 4146 τοῦ
2756 4091 3062 4156 πλουτίζειν
3091 4090 3290 4153 εἰδότος
3316 4089 3385 4144 τὰ
3416 4091 3670 4160 μένοντα.

2086 4190 2283 4261 Κτήσῃ
2331 4188 2388 4241 δὲ
2430 4185 2680 4256 διαπύρῳ
2725 4184 2982 4255 προθέσει
3032 4183 3101 4236 τὰ
3145 4182 3302 4250 λόγια
3354 4183 3558 4254 Κυρίου
3601 4186 3673 4236 τὰ

2085 4281 2246 4348 ἁγνὰ,
2276 4279 2344 4331 τὰ
2372 4278 2745 4348 πεπυρωμένα
2775 4275 3179 4338 ἐπταπλασίως.
3215 4275 3349 4329 Τίνα
3378 4275 3433 4329 δὲ
3462 4276 3668 4341 ταῦτας

2096 4372 2155 4423 Ὀ
2188 4368 2570 4430 διδασκαλικὸς
2609 4370 2702 4420 καὶ
2739 4368 2878 4431 θεῖος
2922 4368 3099 4436 λόγος,
3136 4367 3193 4429 ὃς
3225 4367 3285 4418 οὔ
3336 4366 3513 4436 μάτην
3547 4366 3670 4418 οὐδὲ

2084 4460 2345 4521 διακένως
2388 4459 2634 4529 πρόεισιν
2672 4460 2752 4522 εἰς
2798 4460 2923 4522 τοὺς
2973 4458 3410 4527 διδασκομένους,
3447 4456 3564 4510 ἀλλ’
3605 4459 3669 4510 ἐκ

384 4564 604 4621 centur,
632 4554 725 4609 sed
756 4570 822 4609 ex
876 4569 942 4609 eo
974 4556 1117 4625 quod
1157 4566 1317 4609 antea
1358 4557 1404 4609 is
1434 4557 1528 4626 qui
1568 4557 1727 4611 docet
1755 4558 1971 4611 ardenti

2092 4552 2173 4605 τοῦ
2210 4552 2477 4622 πρότερον
2501 4550 2750 4622 διαπύρῳ
2785 4550 2988 4621 σπουδῇ
3026 4550 3119 4603 τὸν
3147 4549 3471 4603 διδάσκοντα
3500 4550 3667 4602 εὐπο-

384 4647 573 4702 studio
608 4648 815 4702 ditatus
867 4648 962 4701 sit.
1029 4647 1464 4702 Demonstratam
1518 4664 1754 4717 namque
1813 4649 1972 4703 fidem

383 4726 676 4795 annuntiat
727 4739 954 4810 justus:
993 4750 1047 4794 et
1100 4740 1275 4794 bonus
1326 4739 1629 4809 negotiator
1688 4740 1755 4793 de
1829 4740 1975 4795 bono

385 4832 653 4889 thesauro
674 4834 858 4889 cordis
888 4833 1093 4902 profert
1121 4844 1302 4887 vetera
1328 4842 1379 4885 et
1415 4846 1554 4885 nova
1585 4831 1606 4863 ⁸
1634 4846 1665 4886 a
1700 4832 1979 4886 veteribus

384 4928 607 4996 quidem
639 4926 773 4981 viris
797 4927 1005 4996 majora
1036 4925 1217 4980 ferens
1273 4924 1523 4993 exempla
1550 4924 1819 4979 bonorum
1850 4941 1979 4994 ope-

383 5035 531 5085 rum,
564 5034 594 5072 a
626 5018 1027 5075 recentioribus
1055 5028 1233 5072 autem
1289 5027 1343 5072 et
1372 5018 1465 5086 qui
1501 5016 1730 5072 ferventi
1773 5018 1971 5074 ardore

383 5113 730 5179 laborarunt,
772 5112 989 5183 egregia
1024 5110 1287 5166 facinora.
1334 5108 1439 5164 Sed
1470 5112 1732 5181 quoniam
1768 5111 1969 5167 talibus

384 5206 656 5262 ditescere
692 5220 800 5259 non
841 5204 1112 5271 contingit
1144 5203 1307 5259 alicui
1352 5203 1564 5273 absque
1593 5204 1780 5260 divino
1809 5205 1967 5259 auxi-

383 5299 480 5363 lio,
512 5298 636 5353 ideo
687 5296 822 5352 dicit
858 5296 906 5351 is
948 5297 1043 5365 qui
1112 5295 1273 5349 tradit
1322 5296 1569 5360 oracula,
1608 5314 1639 5350 a
1679 5314 1778 5351 me.
1822 5296 1969 5350 Divi-

380 5392 474 5449 tiae
534 5405 664 5446 vero
703 5397 831 5446 sunt
875 5389 1332 5444 vestimentorum
1372 5389 1629 5453 amictus,
1672 5391 1763 5460 qui
1796 5389 1969 5460 possit

381 5485 728 5547 indecentem
756 5484 1019 5538 virtutum
1047 5480 1348 5536 nuditatem
1384 5490 1585 5552 tegere.
1615 5489 1670 5537 ct
1700 5496 1806 5537 non
1844 5482 1966 5536 vul-

381 5581 498 5653 gari
540 5579 706 5634 modo
732 5576 979 5640 amicire,
1008 5574 1105 5631 sed
1138 5589 1261 5628 cum
1297 5574 1538 5646 pompali
1567 5575 1741 5647 gloria
1769 5576 1964 5632 trium-

452 5759 491 5787 τ’
523 5752 541 5805 Ι
575 5752 716 5807 Tim.
749 5769 825 5818 vt,
860 5753 945 5809 ΓΙ.
1010 5753 1031 5785 ⁸
1068 5752 1404 5821 Μοιιῑι.κιιι,
1438 5752 1505 5807 52

454 5916 564 5990 (ιθ)
590 5911 860 5987 πατρικὴν
888 5911 1031 5986 vulg.

2082 4650 2287 4717 ρῆσαι·
2330 4645 2786 4714 ἐπιδεικνυμένην
2839 4644 2949 4715 γὰρ
2993 4643 3177 4697 πίστιν
3231 4643 3540 4710 ἀπαγγελεῖ
3587 4642 3669 4695 δί-

2079 4754 2254 4799 καιος.
2290 4738 2399 4791 Καὶ
2431 4738 2459 4789 ό
2492 4737 2694 4804 ἀγαθὸς
2723 4737 2963 4807 ἔμπορος
2997 4737 3061 4788 ἐκ
3097 4734 3191 4788 τοῦ
3222 4734 3432 4803 ἀγαθοῦ
3466 4733 3666 4804 θησαυ-

2078 4829 2175 4903 ροῦ
2207 4830 2304 4900 τῆς
2331 4828 2561 4900 καρδίας
2585 4828 2810 4899 ἐκφέρει
2837 4827 3047 4883 παλαιὰ
3080 4830 3177 4881 καὶ
3204 4827 3321 4893 νέα,
3345 4828 3409 4880 ὲκ
3442 4826 3540 4896 μὲν
3560 4826 3668 4879 τῶν

2078 4925 2329 4979 παλαιῶν
2382 4924 2594 4993 ἀνδρῶν
2646 4924 2753 4976 τῶν
2803 4922 3250 4994 κατορθωμάτων
3307 4919 3551 4989 κομίζων
3599 4919 3665 4971 τὰ

2083 5016 2305 5087 μείζονα
2349 5014 2727 5085 ὑποδείγματα
2749 5056 2765 5080 ,
2798 5017 2863 5069 ἐκ
2888 5015 2944 5068 δὲ
2977 5014 3088 5069 τῶν
3116 5014 3252 5067 νέων
3287 5014 3381 5067 καὶ
3419 5012 3530 5065 τῶν
3562 5011 3663 5066 αὐ-

2078 5109 2157 5180 τῷ
2197 5109 2591 5179 πεπονημένων
2620 5108 2869 5179 διαπύρῳ
2908 5108 3076 5174 ζέσει,
3124 5106 3194 5159 τά
3240 5104 3661 5177 κατορθώματα.

2091 5202 2232 5255 Ἀλλ’
2283 5201 2470 5273 ἐπειδὴ
2525 5202 2594 5256 τὰ
2651 5202 2877 5256 τοιαῦτα
2930 5202 3179 5254 πλουτεῖν
3235 5201 3337 5252 οὐκ
3384 5199 3665 5268 ἄνευξτῆς

2079 5294 2286 5349 ἄνωθέν
2335 5313 2442 5348 τινι
2476 5296 2813 5366 περιγίνεται
2863 5295 3065 5367 ῥοπῆς,
3108 5293 3195 5347 διὰ
3227 5291 3388 5347 τοῦτό
3422 5308 3587 5361 φησιν
3635 5292 3665 5342 ὁ

2079 5389 2471 5459 χρηματίζων,
2519 5389 2851 5459 παρ’ἐμοῦ.
2918 5388 2975 5442 '0
3021 5387 3254 5450 πλοῦτος
3303 5386 3384 5449 δὲ,
3431 5385 3663 5456 ἱματίων

2080 5482 2343 5554 περιϐολὴ
2398 5483 2771 5555 περιστέλλειν
2818 5483 3016 5554 ἔχουσα
3065 5483 3164 5554 τὴν
3218 5483 3506 5552 ἀσχήμονα
3552 5480 3663 5533 τῶν

2077 5574 2290 5646 ἀρετῶν
2338 5574 2620 5646 γύμνωσιν
2641 5614 2656 5640 ,
2698 5574 2792 5629 καὶ
2824 5574 2922 5645 οὐχ
2957 5574 3145 5637 ἁπλῶς
3191 5572 3617 5646 περιστέλλουσα
3643 5610 3660 5635 ,
