4030 6582
446 392 555 457 565

1509 401 1894 467 COMMENT.
1931 406 2015 468 IN
2056 408 2586 471 APOCALYPSIN.

3566 397 3717 471 ’566

446 506 587 563 ἀλλὰ
615 508 754 579 μετά
778 509 935 582 δόξης
964 508 1250 584 stop-Frisii};
1282 514 1371 567 τὸν
1400 516 1495 569 ἐπὶ
1521 520 1587 589 τῇ
1620 519 1747 591 νίκῃ
1793 524 1858 592 τῇ
1892 522 2035 578 κατά

2153 523 2306 578 )hum
2347 524 2606 590 efﬁciens,
2635 523 2705 578 ob
2741 523 3029 579 victoriam
3051 524 3119 581 de
3150 523 3484 581 adversariis
3504 523 3715 579 daemo-

446 601 559 654 τῶν
586 601 898 655 ἀντιπάλων
926 603 1198 675 δαιμόνων
1228 606 1497 678 θρίαμϐον
1531 611 1853 675 ἑξανύουσα.

520 692 627 747 Kal
657 695 1003 763 κολλύριον.
1055 697 1198 768 Πρὸς
1247 699 1316 753 τὰ
1344 701 1769 773 ἀμϐλυώττοντα
1808 706 1939 778 περὶ
1975 709 2036 760 τὸ

446 781 545 835 τοῦ
576 784 783 853 Κυρίου
818 785 1006 855 νοητὸν
1039 787 1153 854 φῶς
1172 787 1300 852 τοὺς
1333 793 1704 862 καταλλήλους
1725 794 2036 866 ὀφθαλμοὺς

450 877 775 943 περιχρίσαι
824 874 888 928 τὸ
938 878 1296 947 πρόσταγμα.
1354 882 1508 934 Ἐστι
1547 882 1606 937 δὲ
1658 882 1817 937 τοῦτο
1869 886 1904 953 ἠ
1949 886 2038 940 διά

449 967 745 1034 μετανοίας
769 969 993 1039 πρόοδος
1030 971 1533 1046 συμϐουλευομένη.
1567 978 1637 1029 ’Ἡ
1664 976 1726 1029 τὸ
1756 977 2039 1049 κολλύριον

447 1054 551 1123 τὴν
583 1056 969 1127 ἁκτημοσύνην
1000 1061 1352 1131 παρίστησιν.
1385 1064 1448 1116 El
1478 1064 1585 1136 γὰρ
1606 1065 1854 1138 τὰδώρα
1885 1068 2041 1119 ὲκτυ-

450 1148 580 1217 φλοῖ
604 1151 921 1222 ὀφθαλμοὺς
957 1154 1287 1225 βλεπόντων,
1326 1158 1548 1225 τούτους
1584 1162 1800 1227 πάντως
1839 1162 2041 1228 ἀνοίξει

447 1241 513 1294 τὸ
541 1242 968 1315 ἀδωροδόκητον.

522 1333 633 1388 Kal
670 1334 856 1403 ὅσους
886 1338 998 1392 ἐὰν
1026 1341 1201 1409 φιλῶ,
1233 1343 1461 1415 ἐλέγχω
1489 1344 1588 1399 καί
1618 1345 1897 1401 παιδεύω.
1933 1348 2042 1401 Καὶ

450 1426 702 1493 εἰκότως.
753 1428 812 1482 Ὁ
840 1431 948 1502 γὰρ
986 1434 1251 1500 ἀγαπῶν,
1288 1437 1565 1508 ἐπιμελῶς
1594 1439 1861 1505 παιδεύει,
1889 1440 1918 1493 ὃ
1948 1440 2044 1495 καὶ

449 1518 552 1588 τῆς
597 1519 1050 1595 ὑπερϐαλλούσης
1110 1530 1479 1601 χρηστότητος
1518 1530 1613 1585 τοῦ
1659 1532 1867 1603 Κυρίου
1915 1537 2044 1605 περὶ

449 1611 579 1672 τοὺς
601 1611 847 1678 ἀπειθεῖς
869 1621 1189 1687 τεκμήριον.
1218 1620 1459 1675 Πλούτου
1481 1623 1537 1675 δὲ
1559 1623 1764 1694 ταύτης
1786 1625 2044 1696 ἐνέχυρον

449 1703 489 1772 ἡ
533 1703 722 1775 ἀγάπη
765 1707 860 1759 τοῦ
897 1710 1178 1779 μετιόντος
1211 1715 1338 1778 τοὺς
1377 1718 1649 1786 τιμωρίας
1685 1715 1889 1782 ἀξίους.
1935 1717 2046 1769 Kal.

451 1795 537 1858 τίς
569 1797 602 1867 ἠ
646 1798 898 1864 παιδείας
931 1802 1139 1872 Ζηλοῦν
1181 1805 1251 1858 ea
1282 1807 1570 1877 κρείττονα
1612 1806 1723 1861 τῶν
1756 1807 2045 1879 ἐπιτηδευ-

457 1888 667 1956 μάτων,
690 1894 785 1946 καὶ
816 1897 1078 1968 μετανοίᾳ
1102 1897 1199 1949 καὶ
1227 1899 1569 1967 μεταγνώσει
1597 1899 1707 1953 τῶν
1736 1899 2046 1972 ἔμπροσθεν
2080 1896 2119 1950 Β

452 1980 620 2033 οίονεὶ
667 1984 955 2052 μεταθέσει
997 1990 1415 2059 ἁμαρτημάτων
1448 1990 1542 2042 τὸν
1586 1990 1748 2061 ζῆλον
1779 1991 1900 2061 ἦτοι
1941 1992 2043 2061 τὴν

456 2070 688 2141 μίμησιν
732 2075 1287 2147 ὲπαναλαμὸἀνεσθαι
1322 2083 1450 2146 τοὺς
1499 2083 1638 2153 πρὸς
1687 2084 1942 2139 παιδείαν
1983 2086 2043 2152 ἐξ

451 2164 696 2231 ἀμαθίας
724 2168 1150 2235 ἀποκλίναντας.
1206 2173 1317 2225 Καὶ
1346 2173 1430 2235 τίς
1473 2176 1504 2244 ἡ
1541 2176 1606 2227 ὲκ
1634 2175 2045 2246 φιλανθρωπίας

455 2255 760 2325 ἀντίδοσις;
800 2261 865 2313 Ἠ
908 2261 999 2314 ἐπὶ
1034 2262 1134 2332 τὴν
1180 2264 1352 2335 θύραν
1376 2267 1839 2336 ἀπραγμάτευτος
1871 2284 2042 2338 προσ-

451 2347 658 2416 εδρεία.
709 2350 893 2421 Θύραν
956 2354 1012 2406 δὲ
1057 2354 1259 2426 ἑφεξῆς
1309 2357 1409 2428 τὴν
1456 2359 1684 2429 καρδίαν
1733 2359 1884 2425 λέγει
1930 2360 2041 2412 τῶν

455 2439 597 2508 πρὸς
644 2443 934 2509 μετάνοιαν
976 2447 1499 2518 προσκαλουμένων.
1547 2444 1642 2512 Οἷς
1686 2450 1930 2515 ἀνοίξασι
1967 2450 2046 2518 τῷ

460 2534 743 2603 σωτηρίως
802 2538 973 2610 αὐτὴν
1027 2540 1304 2606 κρούοντι,
1362 2543 1459 2595 καὶ
1507 2544 1578 2596 τὰ
1630 2545 1894 2614 ἑπόμενα,
1948 2544 2043 2597 τοῦ

457 2627 637 2696 πράου
669 2628 763 2681 καὶ
788 2630 994 2698 ἀγα.θοῦ
1030 2632 1349 2703 δαιτυμόνος
1380 2636 1591 2705 είσόδῳ,
1624 2636 2044 2708 ἐπιδαψιλευθή·

461 2732 636 2769 σεται.

541 2806 697 2861 Ἰδοὺ
754 2809 983 2878 ἕστηκα
1064 2812 1163 2867 ἐπὶ
1228 2814 1346 2883 τὴν
1413 2816 1603 2885 θύραν
1667 2818 1767 2871 καὶ
1828 2819 2043 2887 κρούω.

475 2898 777 2965 Ἀὃίαστος,
813 2905 999 2973 φησὶν,
1054 2908 1088 2974 ή
1123 2906 1229 2979 ὲμὴ
1274 2910 1570 2978 παρουσία.
1604 2910 1714 2980 Τὴν
1744 2910 1916 2981 θύραν
1944 2914 2043 2980 τῆς

459 2988 688 3059 καρδίας
732 2992 932 3063 κρούω,
968 2995 1063 3047 καὶ
1094 3000 1208 3060 τοῖς
1243 2998 1553 3067 ἀνοίγουσιν
1592 3001 1686 3054 ἐπὶ
1732 3003 1799 3071 τῇ
1835 2999 2045 3053 ἑαυτῶν

461 3081 707 3152 σωτηρία
744 3087 1227 3157 συνευφραίνομαι.
1267 3090 1309 3141 Τ
1317 3091 1492 3161 ρυφὴν
1526 3093 1633 3160 γὰρ
1692 3093 1785 3145 καὶ
1830 3092 2044 3145 δεῖπνον

458 3171 560 3242 τὴν
591 3175 867 3245 σωτηρίαν
892 3177 1002 3231 τῶν
1035 3180 1341 3250 ἀνθρώπων
1386 3183 1604 3252 ἥγημαι
1635 3185 1723 3251 ἐφ’
1764 3180 1845 3247 οἷς
1888 3184 2043 3237 αὐτοὶ

459 3263 771 3331 τρέφονται,
806 3267 899 3319 καὶ
924 3268 1016 3321 τὸν
1046 3269 1204 3338 λιμὸν
1233 3271 1326 3323 τοῦ
1361 3272 1590 3325 ἀκοῦσαι
1620 3273 1778 3341 λόγον
1814 3274 2042 3345 Κυρίου,

463 3355 559 3409 καὶ
591 3357 683 3410 τὸν
718 3358 908 3412 σκότον
938 3361 1035 3427 τῆς
1070 3362 1276 3432 πλάνης
1308 3365 1731 3434 ἀποφεύγουσιν.

567 3448 630 3502 '0
654 3450 856 3515 νικῶν,
882 3452 1054 3506 δώσω
1079 3454 1260 3520 αὐτῷ.
1291 3456 1517 3527 Εἴρηται
1544 3458 1646 3529 ἤδη
1671 3460 1752 3513 ὅτι
1781 3462 1812 3530 ἠ
1860 3459 2042 3530 Ἐλλη-

464 3542 587 3613 νικὴ
613 3544 850 3609 παιδεία,
869 3548 968 3616 τὴν
984 3547 1238 3619 τοιαύτην
1261 3550 1515 3615 σύνταξιν
1536 3551 1631 3605 τοῦ
1654 3553 1814 3621 λόγου
1835 3554 1931 3606 καὶ
1956 3556 2048 3607 τὸν

464 3631 703 3686 τοιοῦτον
731 3636 923 3705 εἱρμὸν
962 3636 1061 3706 τῆς
1095 3638 1346 3707 φράσεως
1387 3643 1735 3715 σολοικισμὸν
1777 3644 1955 3711 καλεῖ,
1986 3638 2047 3700 οὗ

465 3726 554 3778 ἐπ’
582 3724 801 3782 ἔλαττον
827 3731 892 3800 τῇ
928 3729 1227 3804 Ἐκκλησία
1255 3735 1497 3805 φροντίς.

1079 3867 1330 3922 ΚΕΦΑΛ.
1366 3866 1422 3922 ι’.

467 3999 769 4075 Περὶᾼτῆς
802 4002 1114 4070 ὁραθείσης
1146 4002 1310 4075 αὐτῷ
1349 4005 1531 4071 θύρας
1573 4006 1642 4059 ἐν
1682 4006 1760 4071 τῷ
1792 4006 2045 4075 οὐρανῷ,

538 4070 637 4145 καὶ
666 4071 785 4145 τζοῇ
799 4075 1048 4145 θρόνου,
1077 4076 1175 4127 καὶ
1206 4074 1327 4128 τῶν
1359 4075 1445 4128 κδ’
1476 4070 1915 4145 πρεσϐυτέρων,
1949 4070 2048 4132 καὶ

536 4141 657 4194 τῶν
676 4140 823 4209 ἑξῆς
842 4142 1220 4210 δειχθέντων.

536 4277 697 4333 Μετὰ
724 4279 911 4334 ταῦτα
934 4276 1118 4346 εἶδον,
1151 4281 1248 4334 καὶ
1272 4280 1402 4336 ἰδοὺ
1435 4282 1585 4351 θύρα
1612 4283 1956 4352 ἀνεῳγμένη
1980 4284 2049 4336 ἐν

468 4370 549 4437 τῷ
566 4372 823 4440 οὐρανῷ,
858 4373 961 4427 καὶ
993 4375 1032 4441 ἡ
1064 4374 1233 4443 φωνὴ
1265 4375 1304 4443 ἠ
1340 4375 1538 4443 πρώτη
1569 4374 1648 4443 ἢν
1677 4373 1937 4444 ἤκουσα,
1971 4376 2051 4442 ώς

467 4463 804 4533 σάλπιγγος
823 4467 1138 4533 ,λαλούσης
1159 4467 1288 4534 μετ’
1313 4468 1480 4536 ἐμοῦ,
1503 4467 1794 4538 λέγουσα⁹
1832 4471 2051 4524 Ἀνάϐα

2139 614 2299 670 nibus
2324 624 2678 684 reportatam.

2210 707 2279 761 Et
2327 708 2631 778 collyrium.
2682 711 3017 780 Praeceptum
3059 718 3145 765 est
3180 710 3231 766 ei
3275 709 3369 779 qui
3405 707 3624 762 caecutit
3650 704 3718 761 ad

2139 800 2423 870 spirituale
2459 800 2673 855 Domini
2730 803 2899 873 687
2960 803 3169 866 lumen,
3204 812 3263 857 ut
3312 809 3469 871 aptos
3527 799 3721 853 oculos

2139 895 2600 966 circuminungat.
2636 894 2739 949 Per
2769 897 2872 950 hoc
2894 907 3075 950 autem
3106 895 3367 950 suadetur
3399 908 3721 964 progressus

2139 988 2205 1041 ad
2266 988 2665 1057 paenitentiam.
2700 991 2810 1043 Aut
2865 988 3150 1061 collyrium
3202 989 3544 1042 demonstrat
3602 987 3724 1040 ino-

2140 1082 2306 1150 piam.
2336 1080 2391 1134 Si
2438 1080 2586 1136 enim
2636 1084 2778 1135 dona
2836 1089 3113 1136 excaecant
3158 1079 3348 1134 oculos
3397 1078 3724 1144 videntium,

2142 1174 2243 1230 hos
2280 1174 2468 1245 utique
2499 1175 2997 1245 aperietdonorum
3034 1174 3305 1232 carentia.

2214 1375 2325 1448 Ego
2344 1394 2679 1448 quoscunque
2708 1396 2850 1444 amo,
2881 1396 3048 1451 arguo
3070 1390 3120 1435 et
3143 1380 3354 1435 erudio.
3392 1379 3460 1434 Et
3504 1376 3725 1431 merito.

2143 1468 2279 1525 Nam
2312 1472 2405 1540 qui
2438 1482 2606 1537 amat,
2641 1473 2887 1527 studiose
2910 1472 3094 1527 erudit
3130 1490 3144 1528 :
3193 1470 3336 1543 quod
3366 1470 3531 1526 etiam
3564 1482 3729 1535 argu-

2146 1572 2388 1617 mentum
2416 1572 2499 1618 est
2526 1563 2809 1619 immensae
2851 1564 3205 1634 benignitatis
3225 1563 3437 1618 Domini
3461 1577 3588 1631 erga
3621 1560 3728 1613 im-

2147 1655 2471 1723 morigcros.
2515 1657 2721 1709 Harum
2775 1664 2956 1710 autem
3017 1656 3334 1710 divitiarum
3387 1653 3587 1708 arrabo
3647 1659 3729 1706 est

2147 1746 2365 1801 dilectio
2394 1764 2503 1817 qua
2553 1747 2681 1803 illos
2708 1747 3058 1818 prosequitur
3085 1746 3177 1814 qtti
3212 1745 3361 1815 digni
3412 1753 3542 1800 sunt
3595 1757 3728 1812 sup-

2150 1838 2333 1906 plicio.
2363 1837 2430 1892 Et
2454 1856 2577 1909 quat
2606 1851 2690 1894 est
2727 1840 2814 1894 illa
2847 1840 3127 1896 eruditio?
3162 1838 3231 1895 Ut
3256 1835 3582 1891 aemulentur
3632 1849 3731 1902 po-

2150 1931 2290 1987 tiora
2321 1934 2499 1988 studia
2523 1944 2576 1988 et
2610 1949 2706 2003 per
2739 1934 3122 2003 paenitentiam
3153 1946 3220 1987 ac
3270 1926 3729 1999 resipiscentiam,

2149 2039 2340 2091 nempe
2364 2024 2607 2095 priorum
2629 2026 2949 2081 delictorum
2988 2026 3374 2088 mutationem,
3409 2020 3585 2076 zelum
3615 2020 3732 2075 sive

2148 2113 2508 2169 imitationem
2543 2124 2830 2171 assumant
2857 2116 2912 2169 hi
2952 2117 3043 2185 qui
3080 2132 3147 2171 ex
3172 2114 3413 2169 rutlitate
3446 2112 3531 2167 vel
3584 2112 3731 2165 inso-

2151 2206 2313 2260 lentia
2345 2208 2410 2261 ad
2442 2207 2784 2276 disciplinam
2813 2207 3177 2262 declinarunt.
3207 2206 3274 2261 Et
3298 2220 3421 2275 qua:
3444 2203 3731 2259 retributio

2150 2298 2537 2365 benignitatem
2594 2300 2999 2368 consequitur?
3048 2298 3354 2353 Assiduitas
3401 2296 3470 2351 ad
3528 2296 3730 2350 ostium

2150 2405 2255 2444 non
2289 2391 2539 2446 molesta.
2572 2390 2744 2446 Porro
2781 2391 2981 2445 ostium
3021 2391 3073 2443 in
3110 2387 3733 2459 scquentibusdieitcor

2147 2499 2335 2537 eorum
2379 2485 2470 2552 qui
2515 2494 2779 2539 vocantur
2808 2484 2874 2538 ad
2908 2483 3344 2552 resipiscentiam
3379 2498 3393 2535 :
3435 2480 3579 2550 quod
3638 2478 3732 2532 ulti

2149 2574 2463 2644 aperuerint
2492 2574 2981 2644 salubriteripsum
3009 2572 3272 2643 pulsanti,
3310 2581 3619 2640 czeteraqne
3651 2568 3730 2622 l'e-

2147 2665 2323 2718 eerint
2350 2678 2473 2734 qua:
2520 2672 2849 2733 sequuntur,
2876 2662 3150 2718 mansueti
3203 2661 3442 2731 bonique
3477 2659 3726 2716 convivae

2148 2753 2397 2823 ingressu
2434 2754 2721 2823 magniﬁce
2747 2770 2811 2808 ac
2834 2754 3134 2809 liberaliter
3159 2752 3494 2807 reticientur.

2224 2843 2357 2897 Ecce
2387 2855 2467 2898 sto
2495 2846 2563 2898 ad
2595 2846 2791 2899 ostium
2825 2855 2873 2899 et
2907 2846 3082 2915 pulso.
3128 2843 3484 2910 Violentiam,
3531 2844 3731 2911 inquit.

2152 2949 2259 2986 non
2296 2933 2458 2987 habet
2500 2950 2654 2989 meus
2707 2935 3023 2988 adventus:
3069 2934 3268 2987 ostium
3317 2930 3497 2991 cordis
3555 2930 3732 2998 pulso.

2148 3035 2202 3078 et
2226 3041 2332 3079 una
2371 3041 2497 3080 cum
2529 3026 2615 3082 his
2637 3027 2729 3095 qui
2759 3026 3036 3094 aperiunt,
3067 3040 3231 3094 super
3264 3027 3508 3094 ipsorum
3557 3022 3735 3075 salute

2150 3113 2317 3168 laetor.
2356 3114 2584 3171 Delicias
2629 3116 2775 3170 enim
2810 3130 2875 3169 ac
2918 3130 3131 3170 coenam
3173 3116 3314 3169 duco
3343 3115 3577 3168 salutem
3633 3112 3735 3165 Ιιο-

2152 3208 2358 3260 minum
2417 3223 2521 3276 qua
2584 3207 2687 3276 ipsi
2739 3216 3065 3277 pascuntur,
3106 3208 3415 3276 fatnemque
3473 3204 3732 3259 audiendi

2155 3300 2376 3352 ret-bum
2411 3299 2502 3353 Dei
2532 3315 2598 3355 ac
2631 3300 2886 3356 tenebras
2921 3300 3125 3357 erroris
3155 3300 3444 3370 etlugiunt.

2224 3479 2329 3545 Qui
2360 3479 2560 3543 vicerit,
2593 3478 2729 3533 dabo
2757 3481 2826 3534 ei.
2855 3478 2972 3535 Jam
3006 3479 3213 3534 dictqu
3264 3486 3347 3532 est
3378 3478 3521 3548 quod
3581 3477 3733 3532 Grat-

2151 3571 2340 3626 canica
2380 3572 2668 3641 disciplina
2705 3570 3025 3641 huiusmodi
3062 3568 3336 3625 sermonis
3383 3568 3735 3638 compositio-

2152 3679 2274 3719 nem
2306 3663 2580 3733 talemque
2610 3664 2830 3732 phrasis
2890 3661 3089 3717 seriem
3128 3661 3503 3717 soloecismum
3554 3666 3732 3723 vocet,

2151 3756 2219 3810 de
2244 3771 2353 3825 quo
2385 3755 2610 3809 minima
2637 3765 2716 3810 est
2742 3755 2996 3811 Ecclesia:
3027 3771 3181 3809 cura.

2776 3889 3007 3945 CAPUT
3036 3888 3103 3946 Χ.

2150 4020 2227 4074 De
2244 4021 2352 4075 viso
2383 4022 2449 4075 ab
2480 4024 2591 4091 ipso
2623 4025 2757 4077 ostio
2783 4025 2835 4077 in
2871 4024 3085 4086 cwlo,ct
3115 4024 3301 4077 throno
3315 4024 3578 4093 acviginti
3603 4042 3739 4095 qna-

2225 4101 2345 4144 tuor
2396 4096 2711 4158 senioribus,
2740 4104 2787 4148 et
2819 4095 2900 4148 Itis
2936 4111 3054 4165 qua:
3110 4108 3482 4166 consequenter
3523 4107 3735 4150 ostensa

2222 4173 2367 4216 sunt.

2225 4295 2312 4362 IV,
2348 4298 2471 4367 ~l,§2.
2500 4297 2631 4352 Post
2660 4298 2768 4354 licet:
2791 4299 2921 4365 vidi,
2953 4309 3004 4354 et
3037 4316 3151 4353 ecce
3182 4301 3377 4355 ostium
3403 4310 3643 4370 opertum
3682 4304 3736 4356 in

2153 4388 2302 4441 cazlo.
2330 4388 2398 4441 Et
2424 4392 2705 4459 roxprima
2722 4408 2879 4459 quant
2893 4392 3064 4462 688
3085 4394 3266 4446 audivi
3318 4405 3571 4463 tanquam
3595 4395 3737 4450 tuba:

2154 4478 2412 4550 loquentis
2440 4498 2638 4533 mecum
2673 4482 2887 4536 dicens:
2920 4484 3157 4538 Ascende
3211 4487 3311 4539 ltuc
3355 4496 3404 4540 et
3455 4488 3733 4541 ostendant

466 4548 611 4618 ὦδε,
646 4557 743 4609 καὶ
792 4557 966 4620 δείξω
1001 4574 1099 4610 σοι
1131 4558 1168 4609 ἂ
1195 4557 1287 4610 δεῖ
1329 4560 1605 4625 γενέσθαι
1642 4560 1795 4630 μετὰ
1840 4562 2047 4616 ταῦτα.

2154 4548 2248 4623 tibi
2302 4588 2419 4641 qua:
2451 4573 2807 4641 ,oportet/ieri
2851 4585 2967 4643 post
3001 4580 3132 4630 lucc.
3171 4574 3472 4646 Statimque
3541 4578 3623 4646 fui
3676 4579 3731 4631 in

469 4649 574 4702 Kal
602 4647 821 4713 εὐθέως
852 4650 1145 4717 ἐγενόμην
1173 4648 1243 4701 ἐν
1272 4650 1587 4718 ιΙνεύματι.

543 4740 656 4792 οὐκ
686 4741 876 4811 ἐπειδὴ
924 4740 1189 4811 αἰσθητὴν
1222 4740 1392 4811 θύραν
1432 4741 1679 4811 ἑώρακεν
1727 4745 1784 4796 ὲν
1835 4745 2048 4816 ούρανίρ

472 4829 827 4897 ἀνεῳγμένην
885 4830 1027 4883 κατά
1091 4830 1285 4902 καιρὸν
1345 4834 1440 4885 καὶ
1501 4833 1822 4905 κλειομένην
1876 4836 2049 4891 ταῦτα

471 4921 693 4988 ἔξεισιν,
750 4922 868 4977 ἀλλ’
900 4923 1073 4986 οὕτως
1118 4925 1276 4995 ὤφθη
1318 4927 1396 4995 τῷ
1440 4927 1822 4999 εύαγγελιστῇ.
1869 4928 1944 4993 ὡς
1983 4932 2050 4985 ἂν

468 5013 559 5065 διὰ
604 5013 775 5084 θύρας
826 5017 1181 5087 ἀνεῳγμένης
1229 5016 1299 5070 τὰ
1344 5016 1493 5071 ἔνδον
1547 5020 1859 5087 ἐπάναγκες
1912 5021 2049 5075 καθ-

468 5106 723 5173 ορᾶσθαι.
742 5109 851 5161 Καὶ
869 5108 1071 5180 φωνὴν,
1091 5112 1276 5178 φησὶν,
1299 5110 1529 5180 ἥκουσα,
1557 5112 1676 5181 ἦτις
1708 5112 1783 5172 ὡς
1813 5113 2050 5182 σάλπιγξ

471 5201 756 5269 ἠχήσασα,
818 5201 1066 5267 Ἀνάϐα,
1119 5202 1304 5272 φησὶν,
1355 5197 1509 5265 ὧδε,
1571 5205 1632 5257 ού
1692 5205 1839 5273 τόπῳ
1892 5207 2051 5260 τοῦτο

531 5290 540 5302 1
834 5292 847 5305 ι
916 5293 925 5305 l
1002 5292 1058 5305 \A
1098 5295 1118 5305 αι
1243 5293 1353 5305 ..ει
1422 5294 1445 5305 Α
1486 5296 1497 5305 ι
1902 5281 1954 5305 .-

475 5292 758 5357 φάσκουσα
796 5292 859 5344 τὸ
902 5292 1179 5358 ἀνελθεῖν,
1231 5293 1367 5347 ἀλλά
1416 5294 1657 5349 διάνοιαν
1721 5292 2051 5367 μετεωρίσαι

472 5381 581 5434 ἀπὸ
640 5382 748 5436 τῶν
814 5384 1151 5452 περιπεζίων
1210 5387 1304 5438 καὶ
1358 5386 1734 5457 ἀνθρωπίνων.
1799 5388 1938 5441 Ἀλλ’
1997 5391 2048 5444 οἱ

478 5462 711 5543 μάλιστα
740 5476 801 5528 τὸ
830 5478 1155 5547 ἡγεμονικὸν
1199 5477 1531 5545 τυπούμενοι
1569 5479 1657 5532 διὰ
1700 5480 2050 5553 καθαρότητα

476 5563 583 5618 τῶν
604 5566 713 5618 ἀπὸ
734 5566 825 5619 τοῦ
850 5567 1037 5620 ὲνύλου
1071 5568 1184 5635 βίου
1216 5567 1466 5637 κηλίδων,
1502 5569 1609 5621 τῶν
1634 5569 1896 5633 ἀξιοθέων
1925 5571 2051 5624 τού-

478 5674 583 5711 των
616 5660 709 5711 καὶ
738 5659 848 5711 τῶν
879 5660 1135 5713 τοιούτων
1167 5662 1494 5731 τυγχάνουσι
1529 5662 1836 5732 θεαμάτων.

546 5750 655 5803 Καὶ
695 5752 734 5819 ἡ
772 5753 941 5820 φωνὴ
988 5755 1026 5821 ἡ
1066 5754 1262 5822 πρώτη
1310 5754 1387 5822 ἢν
1434 5755 1691 5824 ἤκουσα.
1741 5757 1850 5808 Καὶ
1894 5758 2052 5813 τοῦτο

481 5842 626 5911 παρὰ
651 5842 750 5913 τὴν
772 5844 866 5898 τοῦ
890 5845 1051 5915 λόγου
1086 5846 1354 5916 σύνταξιν,
1383 5850 1476 5903 καὶ
1499 5849 1657 5915 διατί,
1686 5848 1898 5920 εἴρηται
1925 5850 2049 5921 ἤδη.

2154 4663 2382 4732 Spiritu.

2225 4753 2340 4809 Non
2366 4757 2508 4824 quod
2528 4758 2789 4813 sensibile
2810 4759 3015 4814 ostium
3052 4759 3106 4812 in
3149 4760 3290 4814 (ξωιυ
3339 4760 3536 4815 viderit
3592 4770 3731 4816 tem-

2152 4863 2285 4917 pore
2343 4850 2579 4918 quodam
2612 4852 2859 4905 clausum
2905 4862 2960 4906 et
3000 4854 3108 4906 alio
3137 4861 3412 4922 apertum,
3448 4853 3564 4907 hare
3617 4855 3733 4909 dis-

2152 4940 2308 5002 serit,
2343 4940 2437 4995 sed
2472 4942 2545 4995 ita
2576 4945 3219 5015 appziruitevangelistw,
3256 4953 3316 4999 ut
3354 4961 3449 5015 per
3483 4956 3742 5015 apertum

2153 5034 2355 5087 Ostium
2400 5035 2659 5088 interiora
2721 5052 2947 5093 necesse
2990 5048 3138 5095 esset
3182 5039 3374 5093 videri.
3424 5039 3488 5093 Et
3521 5054 3736 5095 vocem.

2154 5125 2353 5194 inquit,
2404 5128 2583 5181 audivi
2611 5143 2734 5198 quae
2768 5138 3026 5200 tanquam
3057 5131 3184 5186 tuba
3223 5131 3463 5186 insonuit
3493 5132 3692 5185 dicens
3721 5148 3735 5182 :

2155 5219 2390 5273 Ascende
2434 5221 2574 5274 huc:
2613 5239 2719 5275 non
2756 5223 2945 5279 dicens
2971 5233 3031 5279 ιιι
3089 5226 3177 5280 hie
3228 5226 3348 5280 loco
3390 5227 3735 5281 ascenderet.

2154 5312 2248 5365 sed
2278 5320 2512 5366 mentem
2560 5329 2587 5365 ο
2622 5315 2965 5383 pedestribus
2981 5318 3216 5388 erigeret
3247 5327 3302 5372 et
3330 5317 3605 5372 humanis.
3627 5315 3734 5370 Ve-

2158 5418 2276 5455 rttm
2314 5404 2364 5457 Ιιί
2401 5405 2744 5474 potissimum
2778 5409 2873 5478 qui
2933 5418 3169 5464 mentem
3209 5410 3501 5478 purilieant
3547 5426 3577 5463 a
3620 5425 3736 5462 ma-

2155 5495 2294 5550 culis
2335 5512 2455 5565 (μία)
2495 5498 2545 5551 in
2584 5499 2685 5554 hac
2717 5501 2982 5556 materiali
3032 5503 3139 5555 vita
3173 5500 3595 5565 contrahuntur,
3635 5501 3735 5555 ltas

2156 5600 2209 5643 et
2231 5589 2544 5660 ltujusmodi
2585 5594 2779 5663 dignas
2807 5596 2875 5650 de
2908 5595 3019 5650 Deo
3062 5596 3307 5651 visiones
3336 5603 3732 5663 assequuntur.

2232 5764 2298 5818 Et
2340 5783 2434 5819 vos:
2460 5770 2632 5836 prima
2663 5788 2820 5840 quant
2846 5771 3025 5826 audiri
3052 5773 3250 5827 dicens.
3298 5771 3363 5825 Et
3391 5772 3496 5826 hoc
3544 5781 3737 5841 printer

2158 5859 2429 5913 sermonis
2448 5860 2883 5929 dispositionem,
2919 5878 2973 5920 et
3027 5883 3191 5937 quam
3221 5866 3292 5922 ob
3340 5880 3569 5921 causam
3628 5863 3737 5929 iam
