4030 6582
428 367 535 435 567

1250 374 1580 437 ARETH/E
1619 376 1995 439 C/ESARE/E
2034 373 2519 440 CAPPADOCIE
2560 374 2905 438 EPISCOPI

3589 378 3699 442 568

430 491 642 545 dictum
673 498 775 548 est.
815 490 1071 561 Oportuit
1104 491 1249 548 enim
1287 493 1363 549 ita
1404 495 1588 550 dicere
1616 509 1629 549 :
1663 493 1728 549 Et
1757 509 1859 549 vos
1891 494 2010 559 ejus

2128 496 2325 567 Ἐχρῆν
2347 498 2457 567 γάρ
2483 498 2624 553 οὕτω
2660 500 2861 567 λέγειν·
2897 498 3007 552 Καὶ
3036 500 3071 570 ἡ
3101 496 3253 569 φωνὴ
3283 493 3379 551 τοῦ
3412 495 3701 565 λαλοῦντος

430 585 524 654 qui
554 585 879 655 loquebatur
924 601 1136 642 mecum
1171 587 1351 642 dixit:
1385 589 1634 646 Ascende
1688 590 1795 645 huc
1834 608 1848 643 :
1882 604 2007 643 nam

426 676 504 731 ita
533 687 659 746 apto
688 677 850 733 modo
883 678 1266 745 processisset.

500 767 592 835 IV,
628 768 748 825 2-5.
779 768 850 824 Et
869 787 987 825 ecce
1030 772 1250 825 thronus
1300 772 1593 841 ponebatur
1642 773 1697 826 in
1755 773 2007 835 cretam

427 874 586 927 super
602 866 849 914 thronum
873 862 1055 917 sedens
1077 874 1294 934 aspectu
1314 864 1510 918 similis
1536 864 1703 934 lapidi
1729 866 1934 934 jaspidi
1957 874 2006 918 et

425 946 609 1002 sardio
641 963 660 1001 :
690 959 739 1003 et
789 951 885 1005 iris
913 952 969 1006 in
1007 954 1233 1006 circuitu
1290 954 1464 1006 throni
1500 954 1748 1008 similiter
1792 967 2007 1024 aspectu

425 1042 767 1113 smaragdina
801 1060 819 1097 :
852 1054 901 1100 et
932 1047 989 1098 in
1022 1046 1248 1099 circuitu
1286 1046 1466 1100 throni
1528 1046 1716 1116 viginti
1776 1056 2008 1116 quatuor

423 1133 573 1186 sedes
606 1147 627 1187 :
657 1144 705 1188 et
763 1152 919 1205 super
970 1137 1154 1206 viginti
1194 1146 1422 1207 quatuor
1458 1136 1604 1191 sedes
1654 1137 1762 1191 vidi
1821 1137 2007 1207 uiginti

422 1236 656 1293 quatuor
688 1231 916 1283 seniores
941 1232 1175 1285 sedentes
1207 1232 1632 1285 circumamictos
1662 1233 1889 1286 restibus
1920 1234 2005 1286 al-

426 1316 525 1381 bis,
559 1328 608 1371 et
630 1335 787 1389 super
817 1320 994 1389 capita
1034 1321 1271 1390 ipsorum
1321 1339 1542 1377 coronas
1572 1339 1782 1377 aureas.
1822 1323 1891 1376 Et
1942 1324 2005 1378 de

425 1408 611 1463 throno
663 1412 1003 1481 egrediuntur
1031 1412 1248 1483 fulgura
1302 1424 1351 1467 et
1370 1430 1517 1468 voces
1561 1431 1624 1467 ac
1652 1415 1909 1472 tonitrua.
1934 1414 2003 1468 Et

422 1510 613 1568 septem
662 1502 943 1572 lampades
1001 1505 1138 1574 ignis
1170 1521 1404 1560 accensa:
1430 1508 1484 1560 in
1516 1518 1796 1577 conspectu
1829 1508 2003 1562 throni

421 1593 610 1661 ipsius,
641 1610 760 1663 qua:
792 1606 912 1650 sunt
941 1606 1136 1666 septem
1166 1598 1389 1667 spiritus
1414 1597 1532 1654 Dei.

491 1771 720 1841 Spiritu,
780 1773 977 1843 inquit,
1038 1774 1362 1831 immutatus
1427 1775 1536 1830 vidi
1580 1777 1856 1841 thronum,
1904 1794 2002 1848 per

419 1878 581 1931 quem
613 1841 953 1935 signiﬁcatur
993 1866 1083 1922 Dei
1116 1868 1334 1937 requies
1358 1885 1528 1939 quam
1565 1870 1730 1925 habet
1760 1872 1813 1925 in
1862 1841 1993 1927 san-
2030 1841 2075 1899 Β

418 1955 561 2009 ctis:
606 1957 660 2010 in
695 1957 832 2026 ipsis
868 1959 1014 2013 enim
1052 1958 1355 2015 collocatur
1404 1971 1667 2033 tanquam
1697 1964 1993 2034 capacibus

416 2050 728 2105 divinarum
767 2053 1097 2122 specierum.

486 2146 713 2214 Aspectu
776 2146 967 2199 similis
1018 2146 1190 2214 lapidi
1241 2148 1470 2218 jaspidi.
1500 2148 1771 2215 Quoniam
1817 2150 1995 2205 visum

416 2236 505 2292 hic
552 2236 894 2291 demonstrat
946 2238 1188 2305 Patrem,
1224 2243 1561 2310 corporalem
1621 2241 1723 2312 ipsi
1767 2244 1994 2314 ﬁguram

413 2344 525 2384 non
566 2330 831 2401 assignat,
864 2332 1324 2399 quemadmodum
1362 2335 1497 2390 Filio
1547 2336 1599 2388 in
1660 2336 1839 2406 prima
1896 2353 1997 2391 sua

413 2421 635 2476 visione
678 2422 813 2475 :scd
849 2422 1107 2490 pretiosis
1165 2424 1435 2493 lapidibus
1461 2426 1643 2496 ipsum
1681 2429 1991 2483 assimilat:

408 2512 625 2583 iaspide
672 2513 893 2581 quidem
969 2522 1154 2583 utpote
1204 2515 1414 2581 viridi,
1463 2519 1783 2586 designante
1852 2523 1993 2589 quod

414 2620 634 2675 semper
654 2604 870 2671 ﬂoreat,
897 2606 1179 2677 vitamque
1209 2609 1535 2666 mortalibus
1560 2611 1755 2668 aﬁ‘erat
1776 2653 1791 2678 ,
1836 2613 1992 2680 juxta

412 2697 469 2751 id
519 2697 667 2767 quod
706 2696 914 2752 dictum
963 2708 1066 2766 est,
1103 2718 1121 2752 ι
1156 2709 1211 2754 et
1260 2701 1483 2755 herbam
1518 2704 1769 2758 servituti
1817 2706 1995 2761 homi-

413 2803 547 2842 num
585 2790 627 2843 ³.
665 2808 684 2841 ι
724 2785 902 2844 Herba
929 2804 1170 2859 namque
1193 2807 1355 2845 omne
1379 2808 1565 2849 semen
1596 2794 1751 2851 aﬁ‘ert
1776 2798 1919 2866 quod
1962 2814 1991 2852 a

411 2880 523 2936 Deo
545 2881 859 2935 ordinatum
892 2890 974 2936 est
996 2880 1062 2936 ad
1082 2883 1400 2938 alimentum
1435 2887 1760 2942 mortalibus
1793 2890 1995 2959 :689

405 2971 578 3041 jaspis
600 2980 781 3027 autem
810 2973 1112 3043 appellatur
1133 2988 1198 3028 eo
1224 2975 1369 3043 quod
1393 2976 1803 3049 assimileturifp
1833 2980 1883 3034 id
1911 2991 1993 3035 est

408 3079 618 3118 veneno
643 3064 848 3135 aspidis
884 3082 898 3119 :
925 3066 1108 3120 sardio
1142 3082 1271 3120 vero
1310 3077 1531 3138 propter
1559 3080 1820 3126 terrorem
1861 3073 1951 3127 Dei
1978 3096 1989 3130 :

2116 588 2234 659 μετ’
2264 590 2399 659 ἐμοῦ
2422 606 2436 621 ⁸
2485 592 2686 645 Ἀνάϐα
2715 585 2817 647 ὦδε
2838 632 2852 656 ,
2882 592 3089 662 ἔλεγεν.
3122 589 3281 645 Οὕτω
3309 589 3419 660 γάρ
3448 592 3698 663 προήχθη

2113 681 2485 753 ἁρμοζόντως.

2181 773 2288 827 Kal
2325 772 2454 828 ἰδοὺ
2487 775 2699 843 θρόνος
2736 776 2929 829 ἔκειτο
2960 774 3031 828 ἐν
3056 772 3137 839 τῷ
3165 771 3421 840 οὐρανῷ.
3456 774 3564 829 Kal
3596 774 3698 828 ἐπὶ

2109 866 2218 918 τὸν
2241 866 2458 932 θρόνον
2479 865 2818 935 καθήμενος
2838 866 3041 935 ὅμοιος
3063 865 3270 934 ὁράσει
3291 867 3439 931 λίθῳ
3464 865 3700 921 ἰάσπιδι

2109 959 2208 1012 καὶ
2238 958 2485 1028 σαρδίῳ·
2510 959 2611 1013 καὶ
2633 956 2748 1027 ἶρις
2767 960 3069 1013 κυκλόθεν
3088 958 3196 1012 τοῦ
3224 960 3464 1027 θρόνου.
3481 960 3699 1028 ὁμοίως

2109 1049 2317 1118 ὁράσει
2360 1050 2747 1120 σμαραγδίνῳ
2776 1066 2791 1081 ο
2833 1050 2930 1104 καί
2962 1051 3267 1105 κυκλόθεν
3310 1050 3419 1105 τοῦ
3451 1051 3694 1118 θρόνου.

2107 1143 2309 1210 θρόνοι
2330 1145 2842 1212 εἰκοσιτέσσαρες.
2869 1142 2977 1197 Kal
2995 1143 3093 1197 ἐπὶ
3116 1142 3257 1209 τοὺς
3280 1142 3533 1210 θρόνους
3550 1141 3700 1208 τοὺς

2106 1235 2627 1302 εἰκοσιτέσσαρας,
2658 1234 3103 1303 πρεσϐυτέρους
3120 1233 3501 1302 καθημένους
3527 1247 3695 1300 περι-

2107 1324 2509 1395 ϐεϐλημένους
2521 1326 2591 1379 ἐν
2601 1327 2854 1395 ἱματίοις
2871 1324 3135 1390 λευκοῖς,
3159 1324 3259 1378 καί
3278 1324 3372 1376 ἐπὶ
3391 1323 3498 1389 τὰς
3509 1339 3696 1392 κεφα-

2105 1417 2218 1483 λὰς
2246 1417 2448 1472 αὐτῶν
2463 1418 2804 1486 στεφάνους
2822 1416 3116 1486 χρυσοῦς.
3137 1415 3246 1470 Καὶ
3260 1416 3328 1469 ἐκ
3350 1413 3457 1469 τοῦ
3472 1416 3695 1483 θρόνου

2103 1508 2536 1577 ἐκπορεύονται
2568 1507 2893 1576 ἀστραπαὶ,
2914 1506 3012 1561 καὶ
3039 1505 3252 1575 φωναί,
3278 1504 3379 1558 καί
3412 1504 3691 1572 βρονταί.

2106 1601 2210 1654 Kal
2231 1599 2381 1654 ἑπτὰ
2407 1599 2722 1668 λαμπάδες
2748 1598 2941 1667 πυρὸς
2969 1599 3279 1666 καιόμεναι
3300 1596 3562 1650 ἐνώπιον
3581 1596 3693 1650 τοῦ

2104 1693 2323 1759 θρόνου
2346 1691 2554 1754 αὐτοῦ,
2586 1692 2650 1747 al
2678 1693 2838 1745 εἰσιν
2864 1690 3016 1744 ἑπτὰ
3044 1689 3354 1757 πνεύματα
3380 1689 3488 1743 τοῦ
3516 1689 3689 1745 Θεοῦ.

2177 1782 2267 1852 Τῷ
2298 1782 2599 1851 Πνεύματι,
2636 1782 2792 1852 φησὶ,
2822 1782 3113 1846 τυπωθεὶς,
3134 1780 3327 1851 θρόνον
3350 1779 3692 1850 ιθεασάμην,

2102 1873 2169 1926 δι’
2194 1869 2255 1925 οὗ
2277 1872 2535 1943 δηλοῦται
2561 1876 2593 1943 ἡ
2620 1874 2679 1925 ὲν
2706 1874 2821 1936 τοῖς
2853 1872 3033 1940 ἁγίοις
3064 1871 3373 1934 ἀνάπαυσις
3403 1868 3497 1923 τοῦ
3529 1867 3688 1922 Θεοῦ.

2102 1967 2295 2028 Αὑτοίς
2349 1966 2459 2035 γὰρ
2505 1964 2869 2035 ὲνθρονίξεται
2920 1964 2996 2028 ὠς
3038 1965 3369 2035 χωρητικοῖς
3417 1958 3539 2016 οὖσι
3581 1961 3692 2016 τῶν

2102 2057 2263 2111 θείων
2284 2057 2599 2127 ἐμφάσεων.

2174 2153 2417 2220 Ὀμοιος
2494 2149 2702 2217 ὁράσει
2759 2150 2909 2213 λίθῳ
2976 2145 3208 2202 ἰάσπιδι
3272 2146 3371 2199 καί
3437 2144 3689 2213 σαρδίῳ.

2111 2241 2330 2311 Ἐπειδὴ
2354 2241 2444 2293 τὸν
2468 2240 2687 2309 Πατέρα
2708 2240 2798 2293 τδν
2819 2240 3084 2309 ὁραθέντα
3110 2238 3343 2291 ἐνταῦθα
3366 2237 3689 2306 παρίστησι,

2101 2334 2415 2405 σωματικὸν
2440 2333 2591 2405 αὑτῴ
2620 2334 2948 2405 χαρακτῆρα
2981 2333 3043 2385 οὺ
3075 2330 3421 2403 περιτίθησιν
3442 2370 3457 2395 ,
3496 2330 3688 2399 ὥσπερ

2097 2425 2175 2496 τῷ
2206 2423 2319 2494 rm
2343 2426 2400 2476 ὲν
2430 2427 2495 2494 τῇ
2530 2425 2774 2494 προτέρᾳ
2811 2422 2976 2476 αὑτοῦ
3016 2422 3273 2493 ὀπτασίᾳ,
3303 2422 3440 2475 ἀλλὰ
3482 2421 3689 2491 τιμίοις

2096 2516 2260 2568 αὑτὸν
2286 2515 2457 2578 λίθοις
2484 2515 2798 2580 ἀπεικάζει,
2826 2516 2925 2585 τῆς
2956 2515 3057 2583 μὲν
3087 2514 3333 2577 ἰάσπιδος
3359 2514 3434 2575 ὼς
3456 2513 3689 2583 χλοερᾶς

2099 2609 2473 2680 σημαινούσης
2502 2609 2563 2663 τὸ
2592 2608 2843 2671 ἀειθαλὲς
2884 2607 3021 2677 όμοῦ
3054 2608 3149 2660 καὶ
3180 2606 3470 2675 φερέσϐιον
3494 2645 3508 2666 ,
3549 2603 3687 2657 καθὸ

2097 2704 2333 2772 εἴρηται,
2373 2720 2391 2753 ι
2444 2703 2539 2756 καὶ
2572 2702 2736 2773 χλόην
2777 2704 2842 2772 τῇ
2885 2700 3099 2771 δουλείᾳ
3137 2700 3244 2752 τῶν
3289 2698 3612 2769 ἀνθρώπων.
3659 2716 3680 2748 s

2096 2794 2212 2847 Πᾶν
2236 2796 2345 2864 γὰρ
2386 2794 2610 2863 σπάρμα
2644 2793 2937 2865 χλοηφορεῖ
2971 2793 3104 2863 πρὸς
3133 2792 3338 2863 τροφὴν
3366 2794 3476 2854 τοῖς
3520 2790 3686 2853 ζῶσιν

2097 2886 2204 2939 ὑπὸ
2233 2884 2368 2937 Θεοῦ
2397 2888 2750 2954 τεταγμένον.
2789 2886 3006 2945 Ἰασπις
3035 2883 3091 2936 δὲ
3114 2882 3359 2935 καλεῖται
3387 2884 3468 2934 ὅτι
3500 2880 3685 2950 ὁμοία,

2096 2979 2189 3032 καὶ
2235 2977 2295 3047 ἰῷ
2334 2977 2558 3040 ἀσπίδος
2602 2977 2834 3029 ἐοικυῖα.
2873 2975 3085 3045 Σαρδίῳ
3126 2974 3205 3039 δὲ,
3239 2974 3326 3027 διά
3357 2974 3418 3027 τὸ
3452 2971 3686 3043 φοϐερὸν

2096 3069 2192 3122 τοῦ
2220 3070 2377 3122 Θεοῦ.
2402 3069 2694 3139 Πυροειδὲς
2721 3068 2829 3138 γάρ
2857 3067 2918 3121 τὸ
2952 3068 3189 3137 σάρδιον.
3235 3058 3451 3137 Ἐπειδὴ
3482 3066 3591 3137 γὰρ
3623 3065 3688 3116 «cs

409 3155 575 3211 habet
597 3172 833 3226 namque
852 3155 1079 3214 Sardius
1106 3158 1246 3229 ignis
1270 3161 1531 3229 speciem.
1559 3162 1828 3229 Quoniam
1848 3170 1993 3226 enim

2106 3163 2222 3215 κατ’
2289 3162 2466 3231 ἄκρας
2538 3161 2775 3232 χρῆσθαι
2837 3162 2903 3232 τῇ
2962 3159 3334 3230 δικαιοκρισίᾳ
3391 3160 3563 3223 Θεὸν,
3622 3156 3684 3208 οῦ

412 3248 549 3303 ferri
590 3265 698 3303 non
751 3259 936 3315 posset
965 3250 1131 3315 Deus,
1158 3252 1204 3307 si
1236 3254 1299 3305 ad
1327 3262 1632 3308 extremum
1682 3272 1856 3327 usque
1905 3262 1997 3331 ju-

406 3342 572 3396 stitire
616 3350 862 3396 uteretur
911 3342 1142 3412 judicio,
1179 3345 1378 3399 merito
1423 3346 1709 3404 clementis
1757 3366 1821 3406 ac
1866 3354 1996 3410 boni

406 3433 611 3501 praebet
666 3443 1047 3505 argumentum
1106 3437 1345 3503 sardius,
1372 3447 1559 3509 utpote
1618 3450 1831 3499 terrens
1870 3449 1996 3516 qui-

407 3526 553 3592 dem,
584 3534 637 3580 et
668 3526 809 3597 ignis
860 3529 1101 3599 Speciem
1157 3527 1339 3584 ferens
1406 3531 1561 3600 lapis,
1594 3542 1651 3587 ut
1682 3536 1859 3603 aiunt,
1898 3540 1992 3594 sed

409 3635 573 3687 quem
601 3637 712 3676 non
735 3620 913 3676 solum
982 3623 1178 3676 terrori
1202 3622 1531 3680 dicuntesse
1556 3626 1687 3683 feris
1722 3643 1787 3684 ac
1836 3646 1992 3686 mon-

410 3713 562 3778 stris,
591 3730 779 3769 verum
802 3716 969 3771 etiam
998 3716 1253 3771 virtutem
1287 3717 1493 3773 habere
1522 3722 1751 3776 curandi
1772 3724 1991 3780 dolores

408 3821 473 3860 ac
510 3806 789 3862 molestias
823 3824 943 3879 quae
976 3810 1183 3864 nostris
1226 3810 1587 3866 innascuntur
1640 3817 1987 3885 corporibus.

404 3898 658 3953 Aitenim
694 3916 923 3971 magnus
956 3903 1321 3973 Epiphanius,
1357 3904 1562 3971 ipsum,
1595 3907 1639 3960 si
1693 3907 1988 3978 inungatur

406 4008 604 4049 curare
648 4002 896 4051 tumores
939 4006 993 4051 et
1024 3996 1211 4065 plagas
1235 4012 1264 4049 a
1301 3996 1449 4050 ferro
1480 3998 1680 4055 illatas.
1725 4002 1988 4057 Animad-

403 4088 728 4143 vertendum
752 4098 835 4144 est
865 4098 1047 4145 autem
1079 4100 1390 4161 assumptos
1415 4106 1535 4147 esse
1569 4094 1672 4148 hoc
1707 4094 1827 4149 loco
1852 4096 1988 4165 lapi-

403 4178 501 4234 des
545 4196 651 4235 non
706 4181 867 4251 pretii
902 4183 1100 4251 gratia,
1132 4182 1226 4237 sed
1263 4184 1334 4238 ob
1372 4199 1491 4238 eam
1525 4184 1984 4254 signiﬁcationem

402 4285 568 4339 quam
595 4285 659 4325 ex
701 4272 883 4328 colore
914 4273 1210 4328 habebant.

477 4363 545 4417 Et
601 4365 698 4417 iris
753 4366 808 4418 in
885 4367 1112 4420 circuitu
1164 4366 1360 4419 throni.
1417 4366 1519 4421 Iris
1589 4368 1808 4437 quidem
1866 4386 1990 4439 quae

403 4470 569 4511 sensu
598 4454 916 4525 percipitur,
956 4471 1118 4524 quam
1169 4456 1351 4511 divina
1387 4457 1673 4525 Scriptura
1703 4467 1863 4512 vocat
1896 4474 1987 4512 ar-

2106 3256 2363 3326 φορητὸν,
2389 3254 2614 3317 εἰκότως
2635 3253 2729 3307 τοῦ
2757 3253 3081 3319 ἀνεξικάκου
3111 3255 3204 3307 καὶ
3232 3251 3438 3321 ἀγαθοῦ
3462 3251 3522 3303 τὸ
3550 3251 3686 3321 σάρ-

2103 3348 2215 3401 διον
2246 3350 2445 3417 δεῐγμα
2472 3347 2726 3417 παρέχει,
2761 3347 2837 3409 ὡς
2865 3345 2959 3399 τοῦ
2992 3345 3223 3417 φοϐεροῦ
3255 3344 3351 3399 καὶ
3377 3341 3472 3398 τοῦ
3512 3360 3686 3413 πυρο-

2102 3441 2297 3506 ειδοῦς,
2329 3439 2405 3503 ὣς
2438 3458 2589 3509 φασι,
2623 3437 2794 3492 λίθου.
2839 3439 2936 3493 Ὃν
2976 3439 3036 3492 οὺ
3070 3438 3231 3507 μόνον
3263 3435 3494 3507 φοϐερόν
3525 3451 3688 3504 φασιν
3797 3486 3807 3493 ,

2102 3530 2240 3586 εἶναι
2272 3531 2481 3602 θηρίοις
2512 3531 2606 3584 καὶ
2639 3531 2920 3600 φάσμασιν
2945 3570 2959 3594 ,
2995 3528 3129 3581 ἀλλά
3163 3528 3257 3581 καὶ
3286 3524 3689 3597 θεραπευτικὴν

2098 3626 2209 3679 τῶν
2244 3623 2625 3693 ἐπιφυομένων
2669 3622 2745 3691 τῷ
2792 3620 3007 3691 σώματι
3040 3620 3200 3692 ἡμῶν
3240 3618 3504 3687 ἀλγεινῶν
3540 3618 3689 3687 ἔχειν

2097 3719 2349 3785 δύναμιν.
2378 3717 2537 3783 Λέγει
2564 3715 2673 3785 γὰρ
2696 3716 2724 3767 ό
2749 3716 2921 3785 μέγας
2951 3714 3266 3782 Ἐπιφάνιος
3294 3709 3563 3781 ἰατρεύειν
3591 3710 3690 3761 αὺ-

2096 3807 2196 3877 τὴν
2233 3806 2500 3878 οἰδήματά
2536 3824 2594 3858 τε
2630 3806 2723 3858 καὶ
2763 3805 2873 3858 ἀπὸ
2910 3804 3129 3874 σιδήρου
3184 3803 3400 3873 πληγὰς
3433 3803 3686 3872 ὲπιχριο-

2100 3902 2290 3969 μένην.
2348 3900 2779 3971 Ἑπισημαντέον
2816 3899 2870 3950 δὲ
2914 3897 2988 3960 ὡς
3026 3900 3057 3967 ἡ
3101 3896 3211 3948 τῶν
3240 3896 3405 3948 λίθων
3448 3894 3686 3947 ἐνταῦθα.

2098 3992 2447 4063 παράληψις,
2489 3993 2548 4045 οὺ
2600 3992 2695 4045 τοῦ
2738 3992 2921 4060 τιμίου
2969 3990 3150 4059 χάριν,
3182 3988 3319 4042 ἀι.λά
3368 3987 3430 4040 τὸ
3476 3988 3542 4040 ὲκ
3581 3984 3685 4056 τῆς

2094 4086 2258 4157 χρόας
2290 4085 2692 4155 σημαινόμενον
2726 4082 2904 4151 ἔσχεν.

2164 4352 2269 4405 Kal
2307 4348 2420 4418 ἶρις
2459 4348 2761 4402 κυκλόθεν
2802 4346 2911 4401 τοῦ
2933 4346 3172 4413 θρόνου.
3213 4344 3281 4397 'lI
3312 4343 3415 4415 μὲν
3445 4340 3680 4414 αίσθητὴ

2090 4439 2224 4512 τρις,
2256 4442 2325 4511 ἣν
2342 4443 2375 4511 ἡ
2404 4439 2524 4493 θεία
2554 4440 2747 4510 Γραφὴ
2773 4438 2927 4503 τόξον
2955 4439 3110 4491 καλεῖ
3134 4436 3297 4499 ἡνίκα
3318 4436 3540 4505 φάσκεν
3561 4454 3580 4487 ι
3604 4435 3678 4487 Τὸ

404 4562 555 4611 cum,
610 4548 701 4603 ubi
735 4548 866 4602 dicit
902 4565 913 4600 :
949 4566 966 4598 ι
1024 4551 1226 4601 Arcum
1264 4564 1442 4602 meum
1490 4562 1687 4617 ponam
1730 4548 1786 4603 in
1831 4550 1991 4605 nubi-

2106 4539 2247 4602 τόξον
2279 4556 2379 4608 μου
2405 4538 2597 4608 τίθημι
2627 4538 2683 4591 ὲν
2714 4540 2780 4608 τῇ
2810 4536 3026 4607 νεφέλῃ,
3065 4554 3084 4586 ι
3118 4537 3182 4587 ἐκ
3210 4534 3312 4603 τῆς
3334 4531 3677 4587 ἀντανακλά-

408 4644 512 4696 bus
544 4640 608 4707 ¹⁰,
643 4660 661 4691 ι
695 4656 761 4694 ex
782 4640 913 4695 solis
943 4642 1362 4708 repercussioue
1393 4642 1662 4707 exoritur,
1694 4644 1913 4710 quando
1935 4643 1988 4698 in

404 4730 570 4785 nubis
618 4745 841 4798 aquosae
886 4730 1156 4785 densitate
1206 4731 1507 4786 conclusus
1552 4732 1747 4801 objicit
1811 4734 1987 4803 ipsam

404 4823 606 4887 lucem,
644 4822 763 4891 eius
824 4838 919 4892 per
972 4823 1171 4877 nubem
1216 4824 1537 4889 emissione,
1557 4834 1621 4878 ~et
1665 4825 1871 4881 variam
1924 4842 1990 4884 ac

403 4915 759 4987 amnigenam
810 4915 1055 4970 colorum
1108 4915 1483 4985 apparentiam
1517 4916 1765 4971 assumit.
1792 4917 1857 4973 Et
1895 4919 1988 4976 illa

402 5009 624 5079 quidem
650 5009 749 5066 iris
774 5008 899 5065 talis
927 5018 1033 5066 est.
1074 5007 1245 5064 Porro
1276 5023 1399 5078 qua:
1454 5010 1709 5064 thromlm
1740 5012 1985 5068 circum-

401 5103 664 5170 ambibat,
708 5104 881 5160 solius
934 5102 1211 5174 smaragdi
1242 5103 1494 5172 speciem
1552 5120 1664 5174 prae
1732 5120 1791 5161 se
1848 5106 1985 5163 fere-

401 5197 516 5252 bat.
568 5195 763 5251 lridem
809 5210 939 5252 vero
980 5194 1155 5264 ipsam
1202 5194 1417 5248 vocavit
1445 5194 1512 5249 ab
1563 5194 1700 5250 iride
1737 5197 1986 5253 diverso-

401 5305 525 5347 rum
556 5292 804 5347 colorum
837 5305 961 5361 quin
995 5287 1137 5358 apud
1171 5302 1272 5343 nos
1306 5297 1412 5351 est,
1446 5296 1505 5343 ut
1536 5290 1849 5345 varietatem
1894 5292 1980 5346 in-

402 5385 713 5455 telligamus
781 5382 1014 5439 studiosi
1058 5380 1368 5436 divinorum
1447 5383 1763 5454 angelorum
1824 5384 1985 5439 mini-

400 5476 555 5531 sterii
610 5492 622 5530 :
682 5489 918 5544 quorum
969 5471 1338 5527 diversitatem
1404 5472 1456 5525 in
1510 5489 1677 5527 unum
1729 5476 1985 5530 terminat

401 5569 590 5623 rl'ﬁcax
667 5566 1088 5631 ministerium,
1146 5564 1211 5619 ad
1286 5565 1650 5620 imitationem
1713 5567 1974 5635 Domini,

403 5659 849 5731 quandoquidem
886 5668 939 5713 et
976 5658 1139 5728 hujus
1182 5658 1593 5713 beneﬁcentiam
1630 5676 1737 5730 qua
1790 5672 1982 5717 cuncta

472 5839 879 5905 91’s.t!.cxrw,
941 5841 994 5895 3.
1077 5840 1114 5870 ‘°
1167 5838 1301 5894 (Συ-η.
1346 5853 1419 5901 t\',
1480 5838 1562 5891 15.

2094 4649 2229 4694 σεως
2256 4631 2349 4683 τοῦ
2382 4630 2531 4701 ἡλίου
2564 4630 2897 4694 συνίσταται,
2928 4630 3055 4682 ὅταν
3084 4628 3140 4680 ὲν
3170 4627 3445 4697 παχύτητι
3476 4626 3675 4693 νέφους

2091 4722 2393 4787 ὑδατώδους
2440 4722 2888 4793 ἀποληφθέντος,
2936 4720 3373 4790 ἀντιφράσσηται
3413 4718 3510 4789 μὲν
3548 4718 3678 4770 αὐτὸ
3708 4762 3721 4802 τ,

2089 4818 2150 4873 τὸ
2181 4818 2298 4888 φῶς
2342 4816 2442 4887 τὴν
2476 4815 2668 4869 ἑαυτοῦ
2705 4815 2997 4885 ὲκπομπὴν
3037 4814 3123 4866 διὰ
3156 4811 3249 4865 τοῦ
3290 4813 3488 4881 νέφους
3512 4849 3527 4871 ,
3561 4827 3678 4862 ποι-

2097 4913 2257 4984 κίλην
2286 4911 2343 4965 δὲ
2373 4911 2467 4964 καὶ
2494 4911 2784 4981 παντοειδῆ
2816 4910 3120 4979 φαντασίαν
3153 4909 3356 4979 χροιῶν
3384 4907 3683 4961 ὑποϐάλλε-

2099 5023 2213 5059 ται.
2246 5005 2490 5075 Κάκείνη
2529 5003 2627 5074 μὲν
2663 5002 2889 5071 τοιαύτη
2920 5004 2954 5072 ἡ
2987 4996 3119 5073 ἶρις.
3169 5000 3235 5053 'H
3261 5000 3318 5052 δέ
3343 5017 3407 5068 γε
3436 4998 3527 5051 τὸν
3554 4997 3680 5067 θρό-

2099 5115 2190 5151 νον
2221 5096 2629 5167 περικυκλοῦσα
2649 5137 2665 5161 ,
2715 5094 2993 5165 μονοειδὴς
3025 5092 3493 5163 σμαραγδίςουσα.
3538 5084 3680 5160 Ἶριν

2097 5192 2154 5244 δὲ
2172 5191 2449 5261 κέκληκεν
2481 5189 2651 5260 αὐτὴν
2670 5230 2684 5252 ,
2711 5188 2819 5243 ἀπὸ
2849 5191 2949 5257 τῆς
2980 5186 3112 5256 παρ’
3139 5187 3270 5255 ἡμῖν
3301 5184 3466 5253 ἴριδος
3497 5199 3682 5235 ποικι-

2096 5260 2458 5358 λοχρωμάτου
2482 5324 2498 5348 ,
2531 5284 2607 5347 ὡς
2636 5283 2701 5337 ἂν
2731 5283 2791 5334 τὸ
2822 5283 3078 5351 διάφορον
3107 5278 3216 5332 τῶν
3247 5277 3408 5331 θείων
3431 5274 3680 5345 ἀγγέλων

2093 5379 2192 5448 τῆς
2239 5374 2615 5447 ἀγαθοεργοῦς
2665 5375 3008 5443 ἐννοήσωμεν
3057 5368 3443 5440 λειτουργίας,
3492 5360 3567 5420 ὧν
3618 5365 3679 5417 τὸ

2095 5471 2352 5541 διάφορον
2391 5472 2470 5533 εἰς
2520 5470 2648 5541 μίαν
2679 5466 3034 5539 ὲνεργητικὴν
3080 5463 3415 5532 ἀποτελευτᾷ
3461 5460 3675 5531 χρείαν,

2095 5564 2236 5617 κατὰ
2271 5564 2503 5634 μίμησιν
2550 5562 2644 5616 τοῦ
2684 5562 2977 5614 Δεσπότου.
3036 5558 3189 5612 Ἐπεὶ
3229 5556 3325 5610 καὶ
3376 5556 3567 5607 τούτου
3616 5550 3677 5604 τὸ

2095 5657 2404 5727 πάντροφον
2431 5656 2525 5709 καὶ⁵
2554 5652 2920 5726 εὐεργετικὸν,
2954 5653 2987 5723 ή
3022 5649 3325 5721 χλοάζουσα
3352 5646 3451 5715 τῆς
3486 5644 3672 5698 ίάσπιο
