4030 6598
272 408 381 474 569

1347 416 1739 481 COMMENT.
1781 416 1865 478 IN
1900 416 2433 482 APOCALYPSIN.

3450 427 3557 491 570

271 527 361 590 δος
397 524 547 581 λίθου
590 528 751 598 χροιὰ
804 529 1153 600 παραδηλοῦν
1197 531 1491 599 ἐϐούλετο,
1541 534 1621 605 τῷ
1655 535 1871 606 πρασίῳ

1981 536 2173 604 nutrit,
2210 538 2455 593 indicare
2480 539 2652 594 voluit
2675 540 2859 598 virens
2889 541 3086 612 lapidis
3120 541 3351 612 iaspidis
3375 543 3555 611 color,

271 619 404 674 εἴδει
436 623 536 691 τῆς
564 622 881 692 σμαράγδου
905 624 1058 679 λίθου
1087 628 1444 698 ὁμοιουμένη.

346 719 555 785 Θρόνοι
586 718 1102 788 εικοσιτέσσαρες,
1134 722 1337 793 Θρόνον
1359 766 1373 787 ,
1405 724 1505 777 οὐκ
1538 724 1667 778 ἄλλο
1698 742 1750 777 τι
1785 724 1871 777 ὲν-

268 808 449 864 ταῦθα
469 810 576 882 χρὴ
604 813 765 877 νοεῖν,
794 811 841 864 εί
876 812 951 883 μὴ
983 812 1045 865 τὸ
1071 815 1209 886 πρὸς
1232 817 1299 870 τὰ
1324 816 1444 869 θεῖα
1472 818 1873 886 προστάγματα

273 901 561 972 φιλότιμον
614 903 752 972 πρὸς
813 904 1099 975 ἐργασίαν.
1165 906 1360 970 Μόνως
1410 908 1520 978 γάρ
1576 910 1644 962 ἂν
1698 908 1872 971 οὕτως

272 998 797 1065 παρασκευασθεῖσα
842 998 1027 1070 ψυχὴ,
1074 999 1259 1072 ὄχημα
1296 1001 1439 1055 θεῖον
1488 1002 1715 1073 ἀμιλλόν
1753 1005 1872 1056 ἐστι

275 1086 388 1140 τῶν
410 1087 714 1158 Χερουϐίμ.

345 1181 798 1249 Πρεσϐυτέρους
824 1182 1218 1251 καθημένους.
1257 1185 1392 1254 Περὶ
1425 1184 1520 1238 τοῦ
1549 1184 1784 1256 ἀριθμοῦ
1814 1185 1871 1239 δὲ

273 1270 386 1322 τῶν
411 1273 870 1342 εἰκοσιτεσσάρων
907 1274 1299 1344 πρεσϐυτέρων
1328 1269 1420 1329 ὧδ’
1451 1278 1520 1330 ἂν
1547 1277 1807 1345 θεωροῖτο
1837 1277 1869 1349 ή

274 1363 612 1433 ὑπεράρχιος
634 1365 728 1416 καὶ
754 1366 785 1435 ἡ
811 1365 1076 1436 ὐπέρθεος
1108 1368 1354 1435 παναγὶα
1382 1368 1576 1437 Τριάς,
1601 1369 1691 1420 τὸν
1722 1370 1872 1421 ἐϐδο-

277 1455 513 1522 ματικὸν
542 1455 796 1526 ἀριθμὸν,
829 1456 889 1510 ὃν
926 1460 1019 1510 καὶ
1049 1460 1331 1528 σύστοιχον
1369 1458 1447 1528 τῷ
1488 1459 1670 1530 ὁρατῷ
1698 1461 1872 1530 αὐτῆς

282 1546 595 1616 συστήματι
648 1546 822 1619 τούτῳ
870 1548 1047 1614 ἔθετο,
1091 1552 1377 1622 καταρχὰς
1432 1552 1575 1605 κατά
1617 1553 1680 1605 τὸ
1716 1553 1872 1617 ἀνεξ-

275 1638 575 1709 ερεύνητον
600 1640 702 1709 τῆς
727 1642 930 1711 ἑαυτῆς
966 1644 1161 1713 σοφίας
1191 1644 1356 1715 βάθος
1374 1645 1680 1715 ίσαρίθμως
1701 1646 1869 1717 ἑαυτῇ

273 1731 611 1797 ἀνελίξασα,
672 1733 765 1788 τὸν
822 1736 1245 1808 εἰκοσιτέσσαρα
1309 1736 1543 1807 ἀριθμὸν
1599 1737 1867 1809 ὑπέφηνε.

273 1825 509 1894 Τριάκις
548 1827 658 1899 γὰρ
702 1827 881 1892 ἑπτὰ,
934 1828 1109 1883 εἴκοσι
1161 1829 1259 1885 καὶ
1294 1829 1352 1883 ἒν
1378 1832 1724 1901 ἀποσωρεύει
1773 1830 1868 1884 τοῦ

273 1917 710 1988 ἀπολειπομένου
728 1920 896 1974 ποσοῦ
915 1922 1009 1975 τοῦ
1034 1922 1209 1976 εἴκοσι
1231 1924 1324 1976 καὶ
1339 1924 1582 1993 τέσσαρα
1606 1923 1863 1994 ἀριθμοῦ,

271 2010 332 2071 ὃς
357 2011 505 2063 ἔστιν
534 2012 562 2063 ὁ
585 2011 713 2081 τρία
733 2016 797 2083 τῇ
828 2015 1155 2085 παντουργῷ
1186 2015 1308 2087 θείᾳ
1337 2016 1530 2086 Τριάδι
1564 2015 1863 2078 ἀνατεθείς.

274 2100 368 2154 Διδ
389 2102 483 2155 καὶ
505 2104 533 2155 ό
553 2103 778 2174 ἕϐδομος
803 2105 1036 2177 ἀριθμὸς
1060 2108 1355 2178 τριαδικῶς
1379 2108 1706 2177 ἀνελιχθεὶς,
1728 2108 1866 2179 μετὰ

270 2193 367 2247 τοῦ
410 2196 799 2266 ἀνελιχθῆναι,
846 2199 938 2251 τὸν
965 2202 1383 2273 εἰκοσιτέσσαρα
1416 2202 1731 2257 ἀπετέλεσε.
1776 2202 1865 2273 Τῷ

274 2286 493 2357 ἑϐδόμῳ
516 2287 594 2349 δὲ,
623 2288 685 2341 οὐ
717 2290 811 2342 καὶ
842 2290 929 2344 διὰ
987 2290 1186 2356 παντὸς
1226 2292 1322 2346 τοῦ
1354 2294 1612 2364 αἰσθητοῦ
1659 2294 1864 2364 κόσμου

272 2378 469 2432 τούτου
516 2383 705 2450 χωρεῖ,
739 2383 834 2435 καὶ
874 2383 1016 2435 κατά
1046 2401 1170 2436 τινα
1201 2386 1395 2439 ἑαυτοῦ
1437 2386 1665 2457 δύναμιν
1697 2386 1863 2457 θνητῇ

273 2470 438 2539 φύσει
470 2472 734 2527 ἀδύνατον
770 2476 848 2537 είς
879 2475 997 2529 τόδε
1029 2476 1265 2543 είδέναι;
1319 2478 1618 2549 Ἰσάριθμοι
1660 2479 1714 2531 δὲ
1754 2479 1866 2541 τοῖς

276 2563 490 2633 θρόνοις
519 2566 569 2616 oi
592 2565 910 2635 καθήμενοι,
944 2568 1038 2619 καὶ
1070 2567 1458 2638 πρεσϐύτεροι,
1487 2569 1547 2621 οὐ
1583 2568 1862 2639 νεώτεροι,

273 2657 401 2709 ἐπεὶ
428 2658 523 2710 καὶ
564 2659 597 2728 ἡ
627 2659 934 2727 ἐπαγγελία
964 2662 1064 2730 τῆς
1088 2660 1457 2732 κληρονομίας
1487 2663 1862 2732 πρεσϐυτάτη,

272 2744 351 2807 ὡς
398 2746 505 2817 πρὸ
552 2747 858 2817 καταϐολῆς
910 2749 1117 2819 κόσμου
1168 2754 1689 2821 προητοιμασμένης
1733 2755 1867 2822 ἡμῖν

277 2836 578 2906 βασιλείας.
613 2840 841 2904 Πάντως
862 2841 917 2894 δὲ
944 2845 1055 2905 τοῖς
1082 2842 1189 2912 πρὸ
1221 2843 1530 2912 καταϐολῆς
1565 2845 1770 2914 κόσμου
1806 2845 1868 2897 τὸ

275 2930 515 2985 ἔπαθλον
549 2932 767 3003 ἔχουσιν
792 2933 1138 3004 ἐτοιμασθὲν,
1179 2935 1278 3006 οὐχ
1307 2935 1384 2999 ὡς
1413 2926 1720 3007 νεωτέροις,
1748 2935 1865 2989 ἀλλ’

275 3025 353 3087 ὡς
404 3027 748 3095 ἐγγηράσασι
790 3030 905 3091 τοῖς
948 3026 1114 3091 θείοις
1158 3028 1547 3099 προστάγμασι
1584 3029 1785 3081 δίδοται
1832 3030 1865 3100 ἡ

277 3118 495 3180 αἰώνιος
526 3119 796 3189 βασιλεία.
836 3121 1087 3192 Χρυσοῦς
1127 3121 1184 3175 δέ
1217 3139 1349 3193 φησι
1386 3124 1513 3185 τοὺς
1543 3123 1864 3192 στεφάνους.

276 3208 414 3262 Οὐδὲ
453 3208 562 3279 γὰρ
592 3204 708 3280 εἶχέ
745 3228 799 3263 τι
837 3210 1039 3282 χρυσοῦ
1084 3212 1520 3282 τιμαλφέστερον
1550 3214 1662 3275 τοῖς
1692 3212 1750 3264 ἐν
1788 3211 1866 3281 τῷ
1895 3248 1938 3304 c

278 3301 511 3371 παρόντι
534 3300 634 3374 βίῳ
656 3304 1107 3374 ὲνστρεφομὲνοις
1130 3303 1485 3358 ὑποτίθεσθαι
1506 3304 1643 3374 πρὸς
1658 3303 1866 3374 ἐναργῆ

279 3410 503 3461 γνωσιν.

350 3662 459 3719 Kal
491 3663 643 3718 ἑπτὰ
669 3663 985 3732 λαμπάδες
1012 3663 1207 3732 πυρὸς
1231 3667 1566 3736 καιόμεναι.
1594 3666 1706 3732 Τὰς
1733 3668 1874 3723 ἑπτὰ

276 3757 594 3829 λαμπάδας,
616 3756 776 3821 αὐτὸς
806 3759 1158 3829 ἡρμήνευσεν
1184 3758 1327 3812 ἑπτὰ
1357 3759 1665 3831 πνεύματα,
1692 3763 1869 3829 ἆτινα,

279 3851 396 3919 ἦτοι
427 3849 505 3915 ὡς
547 3847 797 3911 Ἡσαΐας,
828 3851 896 3902 τά
922 3849 1038 3903 θεῖα
1068 3850 1161 3904 τοῦ
1194 3850 1510 3920 Πνεῦματος
1536 3853 1871 3922 χαρίσματα,

280 3944 496 4012 σοφίας,
526 3942 730 4013 ἰσχύος,
767 3941 984 4012 βουλῆς,
1012 3943 1191 3996 καὶτὰ
1217 3945 1427 4005 τούτοις
1453 3945 1582 4013 ἑξῆς
1608 3946 1688 3998 δεῖ
1710 3950 1873 4011 νοεῖν,

278 4038 333 4104 ἦ,
364 4036 443 4097 ὡς
475 4036 764 4106 Εἰρηναῖος
796 4037 889 4087 καὶ
926 4036 1161 4105 Κλήμης
1189 4038 1217 4088 ὁ
1249 4038 1637 4106 Στρωματεὺς,
1672 4038 1739 4090 τὰ
1767 4039 1877 4092 λει-

275 4128 541 4200 τουργικὰ
577 4129 673 4181 καὶ
700 4129 807 4181 τῶν
841 4128 1017 4182 ἄλλων
1042 4129 1301 4199 ἐξέχοντα
1336 4130 1657 4200 ταγμάτων.
1704 4132 1876 4187 Ἑπτὰ

280 4223 399 4288 μὲν,
447 4220 538 4273 διὰ
588 4220 687 4291 τὴν
742 4222 1000 4291 ἐφορείαν
1055 4221 1207 4275 τοῦδε
1257 4223 1352 4275 τοῦ
1406 4225 1615 4294 κόσμου
1664 4227 1759 4279 τοῦ
1801 4226 1876 4296 τῷ

278 4317 493 4385 ἑϐδόμῳ
520 4317 806 4386 συστοίχου
836 4318 1083 4388 ἀριθμῷ,
1127 4318 1184 4389 ἦ,
1236 4320 1311 4383 ὡς
1354 4322 1454 4392 ἤδη
1498 4323 1874 4393 παρεθέμεθα.

279 4408 583 4475 Καιόμεναι
603 4406 679 4468 δὲ,
709 4407 797 4459 διὰ
822 4408 882 4460 τὸ
908 4410 1194 4463 ἁνένδοτον
1226 4413 1317 4463 καὶ
1345 4412 1591 4481 διηνεκὲς
1622 4415 1723 4485 τῆς
1751 4416 1877 4487 περὶ

275 4498 334 4548 τὸ
371 4497 519 4548 θεῖον
549 4497 858 4562 ἁγιαστίας.
894 4499 1150 4551 Τοιοῦτον
1186 4501 1294 4573 γὰρ
1341 4503 1435 4555 καὶ
1471 4503 1582 4573 πῦρ
1624 4505 1784 4558 τοῦτο
1814 4506 1875 4559 τὸ

1976 630 2317 684 assimilatus
2343 631 2395 683 in
2427 631 2663 701 speciem
2689 632 2907 687 viridati
2943 632 3136 703 lapidis
3162 632 3456 702 smaragdi.

2059 719 2257 790 Viginti
2282 732 2511 791 quatuor
2536 722 2703 777 sedes.
2731 722 2924 778 Sedetn
2950 740 3056 779 non
3082 724 3228 779 aliud
3278 724 3557 795 quippiam

1976 824 2191 880 oportet
2219 813 2322 868 hoc
2358 814 2480 868 loco
2511 813 2813 886 intelligere
2845 830 3009 885 quam
3046 814 3352 870 studiosum
3389 828 3560 876 cona-

1978 914 2093 961 tum
2151 907 2218 961 ad
2268 909 2645 978 operationem
2703 908 3015 964 divinorum
3068 909 3374 979 iussorum.
3428 908 3558 963 Solo

1975 998 2120 1052 enim
2158 998 2261 1053 hoc
2293 1000 2457 1055 modo
2490 1008 2793 1069 prmparata
2830 999 3016 1053 anima
3053 999 3299 1053 divinum
3329 1008 3413 1053 est
3460 1012 3557 1053 ve-

1977 1091 2241 1156 hiculum,
2266 1093 2725 1162 quemadmodum
2752 1101 2806 1148 et
2828 1094 2941 1162 ipsa
2971 1091 3274 1147 Cherubin.

2064 1179 2307 1235 Seniores
2337 1183 2592 1235 sedentes.
2627 1180 2700 1235 De
2726 1196 2958 1235 numero
2985 1178 3180 1248 viginti
3204 1186 3442 1248 quatuor
3471 1191 3559 1232 se-
3613 1222 3623 1238 ,.

1976 1273 2193 1327 niorum
2229 1275 2331 1327 hoc
2396 1274 2517 1328 loco
2575 1273 3037 1329 considerandum
3087 1272 3209 1325 erit.
3244 1270 3559 1340 Superemi-

1976 1381 2111 1419 nens
2164 1374 2219 1418 et
2271 1364 2616 1421 divinissima
2660 1366 3121 1433 sanctissimaqne
3160 1363 3402 1416 Trinitas
3454 1378 3559 1416 nu-

1976 1474 2187 1512 merum
2235 1458 2630 1528 scptenarium,
2680 1474 2843 1528 quem
2893 1459 3057 1513 etiam
3106 1457 3319 1512 afﬁnem
3378 1454 3560 1526 posuit

1975 1553 2104 1606 huic
2125 1568 2237 1607 sua:
2261 1552 2620 1614 multitudini,
2650 1552 2807 1605 initio
2835 1552 2991 1622 juxta
3011 1550 3422 1606 inscrutahilem
3444 1562 3557 1603 sua:

1975 1645 2261 1715 sapientia:
2302 1643 2731 1715 profunditatem
2787 1646 2982 1715 aequali
3042 1660 3269 1699 numero
3297 1642 3398 1698 sibi
3453 1640 3558 1711 ipsi

1974 1738 2325 1801 convolvens,
2351 1752 2639 1793 numerum
2677 1736 2873 1807 viginti
2902 1746 3143 1808 quatuor
3178 1735 3440 1791 ostendit.
3466 1732 3557 1786 Si-

1975 1830 2197 1901 quidem
2226 1837 2309 1884 ter
2336 1837 2544 1899 septem
2588 1828 2781 1899 viginti
2816 1837 2869 1883 et
2908 1843 3078 1882 unum
3112 1826 3372 1890 cilicium,
3396 1823 3561 1896 690

1974 1922 2067 1992 qui
2095 1930 2181 1977 est
2203 1936 2472 1976 numerus
2505 1921 2766 1977 deﬁciens
2805 1936 2835 1976 a
2871 1920 3064 1990 viginti
3097 1927 3339 1989 quatuor
3380 1931 3561 1971 terna-

1974 2017 2081 2081 rio,
2111 2015 2207 2086 qui
2237 2016 2511 2072 ternarius
2567 2014 2765 2070 divinae
2814 2012 3068 2073 Trinitati
3124 2012 3369 2067 omnium
3409 2024 3563 2065 crea-

1975 2109 2098 2165 trici
2147 2118 2521 2165 consecratus.
2557 2115 2644 2163 est
2696 2124 2711 2164 :
2773 2107 2897 2162 ideo
2949 2121 3171 2176 quoque
3216 2102 3559 2173 septenarius

1975 2216 2244 2256 numerus
2262 2201 2425 2255 tertio
2457 2199 2895 2255 circumvolutus
2937 2213 3046 2253 una
3067 2212 3192 2251 cum
3226 2191 3558 2250 circumvol-

1976 2302 2138 2348 vente
2196 2292 2437 2347 ternario
2485 2307 2776 2346 numerum
2820 2290 3012 2361 viginti
3045 2299 3281 2360 quatuor
3310 2287 3556 2360 perfecit.

1976 2382 2282 2455 Septenarii
2331 2393 2514 2437 autem
2566 2383 2781 2437 numeri
2828 2398 2958 2436 num
2996 2390 3143 2437 totus
3181 2382 3271 2436 hic
3319 2382 3558 2437 mundus

1974 2476 2254 2531 sensibilis
2285 2491 2457 2546 capax
2487 2485 2570 2530 est
2590 2475 2893 2530 secundum
2910 2490 3066 2529 suam
3106 2475 3361 2529 virtutem
3395 2490 3560 2528 mor-—

1974 2570 2069 2625 tali
2109 2579 2320 2623 naturae
2398 2568 2621 2639 cognitu
2684 2567 3122 2638 impossibilcm?
3189 2565 3411 2637 AEquali
3462 2580 3559 2620 au-

1975 2673 2082 2718 tem
2109 2677 2339 2716 numero
2365 2678 2489 2717 cum
2520 2662 2748 2718 sedibus
2779 2670 2909 2716 sunt
2944 2660 2997 2713 hi
3035 2658 3127 2729 qni
3155 2659 3364 2722 sedent,
3397 2665 3451 2713 et
3475 2672 3560 2712 se-

1976 2759 2160 2813 niores
2181 2766 2335 2820 sunt,
2368 2755 2746 2826 nonjuniores
2769 2770 2783 2807 :
2810 2752 3071 2823 quoniam
3105 2751 3394 2821 promissio
3418 2764 3559 2821 quo-

1973 2866 2083 2920 que
2106 2850 2397 2905 hereditas
2428 2845 2811 2902 vetustissima
2840 2851 2943 2907 est,
2970 2850 3157 2911 utpote
3182 2850 3370 2909 parato
3398 2840 3558 2895 nobis

1978 2958 2145 3011 regno
2168 2952 2297 2996 ante
2342 2939 2535 2995 mundi
2594 2934 3089 2990 constitutionem:
3134 2948 3298 3001 porro
3334 2932 3421 2986 his
3462 2931 3558 3000 qui

1976 3042 2340 3104 [imparatum
2363 3031 2567 3084 habent
2587 3035 2713 3081 ante
2736 3025 2923 3080 tmtndi
2952 3024 3401 3077 constitutionem
3420 3036 3557 3090 prte-
3600 3091 3608 3103 ι

1977 3124 2170 3187 mium,
2197 3137 2307 3176 non
2364 3128 2625 3188 tanquam
2681 3114 3103 3176 recentioribus,
3137 3114 3230 3168 sed
3290 3124 3555 3181 tanquam
3642 3134 3651 3142 ε

1975 3213 2293 3271 inveteratis
2323 3213 2376 3267 in
2417 3211 2617 3265 divinis
2647 3209 2930 3280 praeceptis
2957 3208 3119 3261 datur
3146 3221 3371 3276 regnum
3394 3212 3558 3258 mter-

1973 3323 2127 3363 num.
2176 3306 2403 3360 Demum
2437 3318 2634 3358 aureas
2683 3301 2818 3356 dicit
2872 3315 2996 3355 esse
3044 3313 3277 3355 coronas
3314 3310 3334 3349 :
3375 3311 3555 3366 neque

1973 3398 2151 3469 potuit
2198 3397 2494 3467 quidquam
2560 3410 2696 3450 auro
2754 3393 3052 3465 pretiosius
3102 3405 3410 3463 proponere
3470 3389 3559 3444 his

1974 3489 2070 3561 qui
2102 3491 2154 3543 in
2197 3490 2300 3543 hac
2331 3489 2441 3544 vita
2475 3497 2765 3543 versantur
2787 3487 2855 3541 ad
2888 3484 3163 3541 ellicacem
3187 3491 3241 3540 et
3267 3497 3557 3554 operosam

1974 3581 2368 3652 cognitionem.

2051 3674 2120 3728 Et
2150 3684 2345 3745 septem
2401 3672 2673 3744 lantpades
2700 3673 2835 3744 ignis
2871 3684 3130 3726 accensaz.
3164 3670 3382 3742 Septem
3421 3669 3562 3724 lam-

1977 3769 2143 3839 pades
2173 3768 2289 3838 ipse
2320 3768 2712 3837 interpretatus
2734 3774 2817 3821 est
2861 3776 3067 3836 septem
3114 3765 3342 3836 spiritus
3384 3783 3398 3820 :
3438 3778 3563 3834 quan

1977 3872 2091 3927 aut,
2120 3862 2267 3917 sicut
2291 3862 2455 3916 habet
2477 3860 2671 3921 lsaias.
2701 3858 2887 3914 divina
2918 3858 3155 3928 Spiritus
3177 3858 3318 3912 dona
3350 3864 3565 3926 oportet

1977 3953 2299 4021 intelligere,
2350 3967 2545 4021 nempe
2585 3949 2891 4021 sapientize,
2924 3948 3286 4011 fortitudinis,
3317 3946 3560 4011 consilii,

1975 4056 2028 4100 et
2053 4061 2173 4113 qua:
2203 4052 2326 4114 post
2363 4044 2477 4097 haec
2508 4052 2814 4113 sequuntur
2849 4058 2862 4095 :
2900 4048 3017 4106 aut,
3051 4040 3194 4094 sicut
3222 4038 3461 4092 Irenaeus
3507 4045 3566 4091 ct

1976 4137 2227 4212 Cletnens
2270 4135 2364 4204 qui
2411 4133 2562 4188 varia
2625 4134 3052 4196 consarcinavit,
3088 4130 3462 4185 ministrantes
3508 4140 3563 4183 et

1977 4228 2284 4282 eminentes
2316 4242 2480 4297 supra
2509 4236 2736 4282 cancros
2788 4224 3032 4279 ordines.
3071 4222 3290 4292 Septem
3318 4222 3561 4291 quidem,

1977 4335 2043 4373 eo
2067 4321 2211 4389 quod
2238 4318 2369 4374 huic
2409 4319 2618 4372 mundo
2658 4317 3003 4387 praesideant,
3038 4315 3130 4383 qui
3178 4330 3301 4368 cum
3334 4327 3566 4366 numero

1981 4414 2290 4482 septenario
2321 4413 2507 4466 nescio
2537 4410 2668 4481 quid
2702 4418 2994 4480 cognatum
3040 4408 3200 4461 habet
3230 4424 3245 4460 :
3282 4415 3376 4459 aut
3399 4404 3563 4458 sicuti

1981 4507 2092 4576 jam
2156 4505 2547 4575 proposuimus
2590 4519 2604 4554 :
2645 4517 2893 4556 accensa:
2938 4515 3086 4564 vero,
3115 4507 3336 4569 propter
3388 4495 3567 4551 conti-

276 4586 462 4637 ἔνυλον
502 4586 864 4651 ἀδιαλείπτως
899 4590 1133 4656 φωτίζον
1164 4594 1257 4644 καὶ
1304 4594 1521 4661 φλέγον.
1572 4597 1661 4648 Διὸ
1695 4598 1789 4649 καὶ
1834 4599 1860 4649 ὁ

1988 4612 2136 4650 unum
2157 4605 2400 4651 tenorem
2439 4611 2504 4649 ac
2546 4594 2960 4665 perpetuitatem
3012 4589 3389 4646 sanctimonia:
3419 4587 3565 4640 circa

277 4680 572 4749 προφήτης
604 4680 806 4749 φησίν·
848 4700 867 4732 ‹
929 4680 988 4734 '0
1021 4683 1191 4735 ποιῶν
1221 4685 1348 4746 τοὺς
1390 4685 1660 4753 ἀγγέλους
1705 4688 1873 4741 αὑτοῦ

280 4769 592 4840 πνεύματα.
629 4790 647 4821 ι

349 5036 459 5090 Kal
506 5035 766 5092 ἐνώπιον
803 5026 910 5094 rod
951 5040 1171 5108 θρόνου
1202 5041 1283 5108 ὡς
1321 5043 1607 5098 θάλασσα
1648 5047 1872 5117 ὑαλίνη

282 5129 457 5198 ὁμοία
494 5131 879 5198 κρυστάλλῳ.
913 5135 1023 5188 Kal
1053 5135 1124 5187 ἐν
1152 5134 1322 5205 μέσῳ
1351 5136 1458 5189 τοῦ
1490 5140 1741 5206 θρόνου.
1773 5143 1874 5196 καί

284 5225 490 5289 κύκλῳ
521 5225 629 5278 τοῦ
653 5226 873 5292 θρόνου
914 5227 1186 5294 τέσσαρα
1215 5225 1327 5288 ζῶα
1358 5228 1616 5296 γέμοντα
1646 5231 1909 5307 ὀρθαῶ1⁸

280 5315 411 5384 μῶν
440 5317 786 5386 ἔμπροσθεν
811 5318 911 5373 καί
942 5320 1212 5374 ὄπισθεν’
1240 5320 1337 5374 καί
1366 5322 1434 5375 τὸ
1459 5321 1606 5380 ζῶον
1627 5325 1691 5377 τὸ
1716 5326 1870 5394 πρῶ-

284 5427 389 5464 τον
425 5411 633 5480 ὅμοιον
663 5412 866 5466 λέοντι
885 5429 899 5442 ·
940 5413 1037 5466 καὶ
1066 5413 1133 5467 τὸ
1161 5413 1443 5483 δεύτερον
1474 5414 1640 5480 ζῷον,
1668 5418 1873 5487 ὅμοιον

282 5503 514 5571 μόσχον
544 5503 643 5556 καί
674 5503 742 5557 τὸ
770 5504 973 5571 τρίτον
1000 5503 1146 5564 ζῶον
1165 5546 1179 5566 .
1216 5505 1363 5573 ἔχον
1401 5508 1731 5573 πρόσωπον
1758 5510 1867 5563 dr-

288 5592 542 5660 θρώπου·
568 5594 668 5649 καί
698 5596 766 5648 τὸ
792 5596 1076 5664 τέταρτον
1100 5596 1308 5666 ὅμοιον
1358 5596 1511 5663 ἀετῷ
1540 5600 1867 5670 πετομένῳ.

358 5687 615 5760 Θαλάσσῃ
647 5687 941 5754 ἀπεικάζει
966 5688 1027 5744 τὸ
1068 5688 1404 5744 κατενώπιον
1434 5690 1528 5744 τοῦ
1561 5692 1774 5763 θρόνου,
1810 5694 1871 5747 τὸ

358 5868 395 5900 ¹¹
434 5869 713 5934 Psal.0ttt,
738 5869 785 5923 4.

1982 4689 2193 4743 divina.
2223 4688 2376 4743 Talis
2409 4696 2493 4741 est
2524 4700 2759 4755 namque
2789 4694 2842 4737 et
2866 4683 3008 4752 ignis
3045 4682 3131 4735 hic
3163 4676 3461 4733 materialis
3484 4672 3591 4727 in;

1972 4792 2254 4838 cessanter
2308 4780 2627 4834 illuntinans
2656 4794 2721 4833 ac
2772 4776 3156 4831 inﬂammans:
3191 4772 3313 4826 ideo
3345 4781 3564 4838 quoque
3629 4806 3633 4811 .

1971 4880 2048 4930 ait
2085 4877 2355 4946 Propheta
2408 4893 2422 4930 :
2460 4895 2478 4927 ι
2506 4859 2619 4940 ’ριιὶ
2645 4872 2775 4928 facit
2810 4872 3033 4939 angelos
3063 4882 3195 4921 suos
3242 4863 3470 4934 spiritus
3509 4869 3565 4915 et

1981 4970 2269 5024 ministros
2297 4983 2427 5023 suos
2459 4967 2636 5035 ignem
2670 4972 2915 5019 urentem
2942 4962 3004 5013 “.
3042 4978 3061 5012 ι

2049 5060 2137 5127 IV,
2167 5059 2222 5125 6,
2243 5059 2294 5112 7.
2322 5057 2390 5111 Ει
2420 5059 2474 5110 itt
2498 5065 2779 5122 conspectu
2811 5052 2987 5106 throni
3012 5059 3268 5118 tanquam
3305 5059 3453 5097 mare
3484 5041 3535 5095 vi

1978 5162 2152 5206 trenm
2186 5151 2365 5206 simile
2415 5146 2695 5218 crystallo.
2726 5144 2792 5198 Et
2824 5146 2880 5197 in
2921 5142 3148 5196 circuitu
3200 5138 3377 5192 throni
3434 5132 3553 5204 q'ua-

1976 5255 2096 5298 tuor
2134 5242 2388 5296 animnlia
2418 5241 2574 5310 plena
2598 5238 2766 5292 oculis
2798 5248 2916 5290 ante
2950 5244 2999 5289 et
3028 5242 3165 5287 retro
3185 5247 3204 5285 :
3231 5239 3281 5285 et
3333 5226 3566 5297 primum

1972 5333 2364 5387 animalsimile
2393 5332 2627 5396 leoni,et
2686 5327 2979 5383 secundum
3030 5320 3235 5377 animal
3278 5316 3455 5374 simile
3488 5314 3561 5369 vi-

1973 5424 2105 5488 tulo,
2139 5432 2188 5476 et
2230 5423 2446 5477 tertium
2498 5420 2703 5474 animal
2736 5417 2928 5472 habens
2972 5415 3163 5486 faciem
3214 5408 3464 5474 hominis,
3514 5413 3563 5460 et

1969 5522 2217 5584 quartum
2254 5514 2456 5567 animal
2499 5510 2679 5566 simile
2721 5508 2916 5581 aquila:
2946 5506 3169 5561 volanti.

2045 5697 2179 5753 Mari
2208 5697 2478 5755 assimilat
2509 5695 2561 5751 id
2620 5694 2766 5768 quod
2807 5701 2893 5751 est
2927 5693 2979 5749 in
3015 5695 3313 5761 conspectu
3348 5682 3575 5751 throni».
