4030 6568
492 400 593 467 571

1304 396 1629 458 ΑΒΕΤΗιΕ
1666 392 2044 456 CESAREE
2080 390 2568 456 CAPPADOCI/E
2608 394 2949 457 EPISCOPI

3648 395 3755 459 5⁵12

493 518 786 573 maximam
826 525 881 569 et
919 512 1405 582 incomparabilem
1452 510 1773 581 signiﬁcans
1821 507 2064 560 multitu-

2191 507 2402 577 ἤπειρον
2464 511 2556 562 καὶ
2607 510 2929 563 ἀνείκαστον
2987 508 3190 579 πλῆθος
3249 509 3359 561 τῶν
3413 511 3761 565 κυκλούντων

492 611 675 666 dinem
727 608 1039 662 divinarum
1076 606 1335 659 virtutum
1364 618 1486 672 qua:
1527 603 1579 655 in
1610 601 1840 656 circuitu
1884 599 2064 653 throni

492 701 587 755 Dei
616 706 766 763 sunt,
805 696 951 768 quod
984 706 1038 751 et
1060 694 1249 749 Daniel
1285 692 1593 762 signiﬁcare
1619 691 1730 744 vult
1761 705 1856 758 per
1889 688 2066 741 mille-

493 787 707 841 narium
736 795 791 841 et
844 784 1203 855 myriadicum
1244 798 1554 837 numerum.
1585 781 1825 835 Vitreum
1885 788 2064 832 autem

492 894 644 934 mare
666 887 721 933 et
747 865 1118 947 cr°ysla|linam
1148 876 1311 947 691
1350 875 1556 929 habens
1588 872 1848 941 speciem,
1884 871 2068 940 splen-

490 973 679 1029 dorem
713 973 959 1044 designat
990 972 1434 1041 incorporearum
1465 978 1784 1024 naturarum
1811 976 1865 1023 et
1895 968 2067 1036 ipsius

493 1067 700 1132 throni,
733 1067 848 1123 sive
902 1066 1159 1135 angelicae
1193 1065 1320 1118 vitte
1360 1062 1834 1133 tranquillitatem,
1863 1070 1923 1114 ut
1950 1076 2072 1130 qua:

493 1157 845 1213 immobiliter
872 1158 1244 1226 conglutinata
1296 1156 1369 1210 sit
1398 1156 1543 1209 sicut
1584 1154 1785 1208 vitrum
1842 1161 1897 1207 et
1956 1168 2073 1222 cry.

494 1246 712 1311 stallus,
736 1248 817 1302 sic
848 1256 903 1301 ut
933 1247 1079 1301 nulla
1103 1246 1264 1300 sorde
1287 1246 1640 1301 obtenebrata
1672 1244 1737 1299 ad
1768 1243 2076 1299 insensatas

494 1322 829 1392 turbationes
860 1336 1347 1393 circumﬂectatur.

566 1427 635 1482 Et
661 1429 715 1483 in
748 1429 973 1483 circuitu
1020 1431 1194 1483 throni
1236 1440 1466 1500 quatuor
1498 1431 1779 1485 animalia.
1823 1430 2078 1497 Quatuor

493 1518 611 1573 inec
632 1518 889 1573 animalia
930 1520 1179 1575 nonnulli
1202 1530 1257 1575 et
1285 1528 1522 1590 quatuor
1543 1520 1835 1591 Evangelia
1861 1532 1917 1576 et
1942 1536 2080 1590 qua-

494 1618 619 1665 tuor
644 1612 925 1681 generales
945 1621 1278 1681 acceperunt
1306 1613 1535 1669 virtutes
1568 1631 1583 1667 :
1618 1622 1676 1669 ut
1727 1614 1814 1669 leo
1856 1614 2077 1684 qualem

494 1704 769 1774 signiﬁcet
816 1704 1212 1769 fortitudinem,
1256 1715 1308 1760 et
1355 1704 1710 1777 Evangeliutn
1777 1708 2079 1761 secundum

492 1796 789 1863 Joannem,
817 1801 959 1867 quod
992 1800 1155 1853 etiam
1188 1799 1666 1854 sanctuslrenacus
1700 1797 2081 1869 Lugdunensis

497 1889 635 1945 dicit
661 1890 849 1945 aeterni
894 1891 1045 1960 regni
1093 1891 1514 1960 signiticativum
1570 1907 1711 1956 esse,
1774 1906 1868 1960 per
1897 1890 2080 1945 illud:

503 1998 524 2032 ι
566 1979 622 2035 In
654 1981 924 2051 principio
958 1990 1078 2036 erat
1131 1980 1367 2037 Verbum
1405 2001 1417 2036 :
1462 2002 1480 2034 ι
1527 1998 1623 2052 per
1646 1984 1873 2037 vitulum
1903 1992 2082 2038 autem

492 2068 764 2141 justitiam
823 2082 1082 2142 tanquam
1140 2072 1380 2141 propriis
1426 2081 1735 2127 contentam
1787 2073 2084 2140 laboribus,

498 2160 932 2232 etEvangelium
965 2163 1120 2231 juxta
1171 2162 1399 2230 Lucam,
1446 2174 1706 2233 tanquam
1761 2165 2003 2233 legitime
2032 2173 2086 2219 et

500 2254 823 2308 sacerdotali
861 2256 1022 2308 modo
1053 2255 1257 2310 Christi
1291 2257 1665 2325 genealogiam
1707 2257 2025 2311 describens
2068 2274 2083 2311 :

502 2361 601 2415 per
633 2347 873 2415 aquilam
909 2362 1037 2400 vero
1074 2348 1515 2416 temperantiam,
1549 2364 1671 2401 nam
1707 2348 1772 2400 de
1803 2349 1904 2403 hac
1932 2350 2088 2404 testi-

505 2439 747 2492 monium
778 2440 939 2492 datur
973 2439 1103 2493 huic
1128 2440 1375 2502 animali,
1414 2450 1468 2494 et
1524 2440 1878 2509 Erangelium
1926 2440 2086 2510 juxta

505 2527 771 2592 Marcum,
834 2538 1019 2597 utpote
1068 2530 1517 2599 compendiosum
1568 2544 1620 2585 et
1674 2548 1703 2585 a
1765 2532 2086 2601 prophetico

507 2617 717 2689 Spiritu
756 2620 1048 2690 incipiens.
1075 2620 1249 2677 Porro
1287 2638 1380 2692 per
1407 2624 1678 2678 hominem
1717 2626 2085 2693 prudentiam,

506 2723 561 2767 et
591 2711 941 2784 Evangelium
970 2715 1125 2784 juxta
1158 2716 1492 2783 Matthteum,
1522 2727 1581 2771 ut
1623 2719 1716 2787 qui
1763 2718 2087 2773 naturaliter

504 2812 696 2858 etnon
737 2806 852 2875 lege
879 2806 1255 2875 prtedicaverit
1301 2809 1503 2861 Christi
1538 2810 1902 2864 nativitatem.
1954 2809 2088 2863 For-

508 2897 673 2951 tassis
708 2906 887 2952 autem
923 2908 971 2952 et
1003 2916 1098 2967 per
1120 2901 1234 2954 [nec
1272 2901 1606 2970 signiﬁcatur
1629 2901 1832 2957 Christi
1862 2902 2087 2971 dispen-

504 2990 648 3042 σοι.ῐο
686 3010 698 3043 :
732 3005 827 3059 per
867 2990 1105 3054 leonem,
1152 2999 1413 3061 tanquam
1472 3009 1565 3047 rex
1604 2994 1914 3049 ostenditur
1946 3013 1959 3049 :
1990 3010 2087 3064 per

505 3080 760 3147 vitulum,
781 3092 841 3137 ut
863 3082 1140 3147 sacerdos,
1167 3084 1275 3136 imo
1304 3084 1476 3153 magis
1503 3094 1560 3138 ut
1593 3087 1956 3153 sacriﬁcium;
1992 3102 2087 3156 per

508 3171 807 3238 hominem,
869 3174 1012 3243 quod
1057 3184 1279 3244 propter
1332 3191 1431 3229 nos
1466 3177 1547 3228 vir
1593 3176 1663 3228 sit
1689 3175 1912 3230 ellectus
1948 3198 1959 3232 :
1990 3192 2086 3246 per

505 3264 767 3332 aquilam,
802 3274 1060 3334 tanquam
1086 3267 1245 3319 dator
1277 3267 1472 3319 vivifici
1510 3266 1751 3335 Spiritus
1810 3283 1873 3322 ac
1920 3284 2085 3338 super

506 3370 699 3409 omnes
726 3355 1051 3410 devolantis.
1080 3357 1187 3410 Aut
1215 3358 1359 3427 quod
1402 3373 1499 3427 per
1531 3368 1769 3427 quatuor
1793 3359 1910 3413 haec
1957 3360 2083 3413 ani-

511 3449 673 3503 malia
728 3447 821 3502 Dei
858 3458 1139 3517 aSpcctum
1172 3461 1497 3519 assequatur
1540 3463 1791 3506 creatura
1847 3468 1912 3506 ex
1952 3468 2089 3521 qua-

509 3548 636 3593 tuor
658 3541 942 3595 clementis
966 3543 1255 3596 commista
1285 3560 1298 3596 :
1328 3559 1519 3609 netnpe
1553 3543 1697 3611 igne,
1731 3559 1893 3609 aqua,
1921 3555 2087 3608 terra,

508 3647 654 3697 aere,
690 3643 946 3703 tanquam
977 3634 1091 3688 ha-c
1109 3636 1366 3689 animalia
1398 3636 1513 3689 visa
1559 3637 1624 3689 ad
1658 3636 2085 3705 designationem

508 3726 911 3779 mundanorum
956 3728 1351 3782 elementorqu
1412 3729 1720 3782 referantur
1775 3747 1786 3781 :
1832 3727 1914 3782 lco
1964 3730 2089 3797 qui-

507 3817 658 3883 dem,
683 3827 900 3885 pr0pter
931 3819 1337 3873 animositatem
1385 3827 1439 3874 et
1486 3819 1769 3873 audaciam
1814 3821 1879 3873 ad
1910 3822 2087 3890 ignem

510 3907 946 3976 designandum;
983 3910 1186 3965 vitulus
1217 3918 1425 3978 autem,
1472 3920 1695 3980 propter
1746 3912 2090 3980 operationcs

509 4000 657 4054 circa
703 4009 926 4059 terram.
969 4002 1143 4072 ipsam
1188 4014 1388 4057 terram
1432 4020 1594 4073 quant
1633 4017 1875 4067 exercet;
1929 4004 2090 4059 homo

509 4106 644 4146 vero
677 4106 879 4157 acrem,
915 4093 1183 4163 siquidem
1219 4094 1382 4148 homo
1433 4095 1670 4149 cwlestis
1720 4111 1784 4148 ac
1841 4095 2092 4150 sublimis

510 4193 769 4238 creatura
830 4192 915 4237 est
972 4194 1194 4254 propter
1253 4187 1454 4241 mentis
1505 4188 1885 4241 subtilitatem.
1920 4186 2091 4242 Porro

511 4276 690 4345 aquila
751 4276 818 4330 ad
869 4290 1068 4346 aquam
1120 4277 1551 4347 designanalam;
1609 4296 1673 4333 ex
1741 4281 1900 4351 aquis
1946 4282 2089 4336 enim

510 4377 687 4421 nacta'
711 4377 842 4423 sunt
872 4369 1123 4423 volucres
1160 4371 1594 4437 generationem.

586 4458 675 4526 IV,
708 4461 865 4514 8-H.
906 4459 971 4512 Et
998 4471 1227 4529 quatuor
1250 4463 1569 4515 animalium
1591 4463 1803 4531 singula
1831 4464 2089 4516 habebant

2117 3218 2159 3276 C

2175 599 2335 653 θείων
2380 602 2664 670 δυνάμεων
2693 602 2771 672 τῷ
2816 602 2991 672 θρόνῳ
3038 601 3319 671 σημαίνων
3347 603 3441 654 τοῦ
3484 604 3642 659 θεοῦ.
3696 608 3762 659 Ὀ

2174 694 2270 748 καὶ⁵
2301 695 2495 763 Δανιὴλ
2518 697 2607 749 διά
2636 696 2727 748 τοῦ
2762 696 3010 765 χιλιακοῦ
3038 698 3131 750 καὶ
3166 697 3489 767 μυριαδικοῦ
3522 698 3762 768 ἀριθμου

2176 788 2448 857 παριστᾷν
2474 786 2745 856 βούλεται.
2789 787 2854 839 'H
2880 787 2935 840 δὲ
2971 786 3161 855 ὑαλίνη
3187 787 3281 839 καὶ
3305 788 3763 857 κρυσταλλοειδὴς

2175 878 2421 932 Θάλασσα
2492 878 2589 948 τὴν
2647 878 2929 945 διαύγειαν
2989 878 3097 930 τῶν
3180 878 3491 948 ἀσωμάτων
3542 878 3764 948 φύσεων

2178 968 2535 1039 σημαίνοντός
2582 970 2750 1028 ἐστιν.
2784 968 2879 1020 καὶ
2909 966 3002 1019 τοῦ
3042 967 3170 1036 περὶ
3198 967 3289 1019 τὸν
3327 967 3516 1038 θρόνον
3538 1008 3553 1028 ,
3590 967 3764 1037 ῆγουν

2177 1061 2274 1130 τῆς
2303 1060 2600 1129 ἀγγελικῆς
2629 1060 2776 1128 ζωῆς
2806 1060 2864 1113 τὸ
2893 1058 3192 1129 ἀτάραχον,
3227 1060 3322 1114 ἀτε
3358 1061 3634 1127 ἀκινήτως
3684 1059 3765 1122 ὡς

2181 1152 2342 1216 ῦαλος
2364 1155 2645 1221 πεπηγυῖα
2673 1152 2765 1205 καὶ
2790 1151 3151 1221 κρύσταλλος,
3184 1152 3263 1222 τῷ
3292 1152 3422 1222 μηδὲ
3458 1155 3557 1223 μιᾷ
3584 1152 3767 1221 κηλῖδι

2183 1244 2522 1315 σκοτουμένη
2563 1245 2699 1315 πρὸς
2741 1246 3002 1316 ἀνοήτους
3038 1245 3410 1315 περισπᾶσθαι
3454 1244 3763 1315 κλονήσεις.

2260 1421 2531 1487 Τέσσαρα
2563 1419 2676 1481 ζῶα
2698 1420 2978 1490 γέμοντα.
3029 1418 3218 1473 Ταῦτα
3248 1417 3316 1473 τὰ
3357 1418 3604 1490 τέσσαρα
3642 1419 3765 1483 ζῶά

2184 1528 2349 1575 τινες,
2381 1511 2478 1565 καὶ
2506 1512 2575 1565 τά
2620 1512 2863 1584 τέσσαρα
2886 1511 3197 1579 Εὑαγγέλια
3222 1510 3315 1563 καὶ
3345 1510 3444 1573 τάς
3490 1511 3766 1582 τέσσαρας

2186 1605 2408 1673 γενικὰς
2436 1604 2638 1674 ἀρετάς
2669 1604 2944 1671 ἐξέλαὸον.
2970 1604 3064 1656 τοῦ
3091 1602 3191 1673 μὲν
3217 1603 3432 1666 λέοντος
3473 1602 3765 1675 δηλοῦντος

2185 1699 2286 1769 τὴν
2320 1699 2573 1770 ἀνδρείαν
2632 1699 2729 1750 καλ⁵
2750 1699 2812 1750 τδ
2856 1698 3000 1750 κατά
3041 1698 3298 1767 Ἰωάννην
3343 1697 3697 1765 Εύαγγέλιον,
3732 1696 3764 1749 ὃ

2188 1793 2283 1843 καὶ
2311 1789 2595 1859 Εἰρηναῖος
2624 1788 2652 1839 ὁ
2681 1788 3017 1856 Λουγδούνου
3042 1788 3196 1855 and;
3227 1807 3359 1859 φησι
3383 1789 3482 1859 τῆς
3516 1807 3765 1860 προαιω-

2188 1881 2303 1934 νίου
2354 1880 2628 1950 βασιλείας
2680 1876 2818 1933 εἶναι
2860 1880 3192 1951 δηλωτικὸν,
3245 1881 3336 1933 διὰ
3390 1881 3523 1934 τοῦ·
3584 1901 3603 1933 ι
3675 1883 3766 1934 Ἐν

2187 1972 2330 2042 ἀρχῇ
2364 1968 2431 2041 ἦν
2473 1972 2501 2022 ὁ
2536 1973 2747 2040 Λόγος⁸
2792 1992 2809 2023 ι
2856 1971 2951 2025 τοῦ
2987 1972 3044 2024 δὲ
3092 1973 3313 2042 μόσχου,
3345 1975 3445 2042 τὴν
3486 1973 3767 2027 δικαιοσύ-

2188 2080 2308 2132 νην,
2345 2062 2441 2115 ἆτε
2480 2067 2591 2126 τοῖς
2634 2064 2860 2124 οἰκείοις
2909 2064 3253 2133 ἀρκουμένου
3303 2063 3511 2130 πόνοις,
3564 2067 3657 2119 καὶ
3702 2066 3766 2117 τὸ

2188 2155 2329 2208 κατὰ
2355 2156 2569 2208 Λουκᾶν
2597 2155 2949 2223 Εὐαγγέλιον,
2981 2156 3055 2216 ὡς
3085 2155 3323 2225 νομικῶς
3345 2156 3442 2208 καὶ
3474 2157 3766 2226 ἱερατικῶς

2187 2248 2279 2301 τὸν
2323 2248 2558 2318 Χριστὸν
2613 2248 3120 2317 γενεαλογῆσανταο
3174 2247 3267 2299 τοῦ
3334 2248 3390 2301 δὲ
3453 2247 3612 2300 ἀετοῦ
3665 2248 3768 2317 τὴν

2194 2343 2577 2411 σωφροσύνην·
2620 2340 2812 2410 (ταύτῃ
2853 2339 2961 2409 γὰρ
2993 2342 3350 2410 μαρτυρεῖται
3396 2340 3454 2392 τὸ
3479 2341 3639 2409 ζιίον)
3672 2342 3769 2392 καὶ

2186 2432 2250 2485 τὸ
2280 2433 2423 2484 κατὰ
2458 2432 2683 2501 Μάρκον
2720 2430 3050 2497 Εὑαγγέλιον
3089 2429 3352 2501 σύντομον
3389 2429 3469 2492 ὃν,
3508 2431 3604 2483 καὶ
3652 2431 3766 2483 ἀπὸ

2188 2524 2282 2577 τοῦ
2313 2522 2652 2594 προφητικοῦ
2689 2522 3000 2590 ιινεύματος
3043 2520 3385 2591 ἀρξάμενον’
3429 2520 3524 2575 τοῦ
3569 2521 3625 2573 δὲ
3667 2522 3768 2573 ἀν-

2190 2618 2408 2688 θρώπου
2432 2618 2528 2686 τὴν
2568 2617 2850 2687 φρόνησιν,
2878 2617 2972 2669 καὶ
3004 2616 3065 2668 τὸ
3096 2616 3236 2669 κατά
3276 2615 3552 2668 Ματθαῖον
3584 2615 3771 2682 Εὐαγ-

2189 2711 2387 2778 γέλιον,
2418 2710 2494 2771 ὡς
2526 2710 2771 2778 φυσικῶς
2804 2710 2897 2760 καὶ
2950 2708 3010 2760 οὐ
3044 2707 3196 2777 νόμῳ
3223 2706 3467 2778 κηρύξας
3492 2707 3590 2776 τὴν
3629 2708 3737 2777 Χρι
3758 2736 3770 2746 -

2192 2800 2317 2854 στοῦ
2348 2800 2624 2868 γέννησιν.
2662 2796 2820 2861 Ἴσως
2858 2797 2914 2850 δὲ
2943 2798 3039 2851 καὶ
3062 2798 3148 2851 διὰ
3186 2798 3446 2867 τούτωνή
3478 2797 3769 2867 οἰκονομία

2189 2892 2427 2963 Χριστοῦ
2466 2891 2735 2961 δηλοῦται.
2786 2893 2885 2944 Διά
2936 2890 3029 2944 τοῦ
3064 2891 3313 2953 λέοντος,
3365 2891 3440 2953 ὡς
3485 2890 3765 2960 βασιλεύς.

2190 2984 2290 3037 Διά
2321 2985 2413 3037 τοῦ
2462 2984 2686 3052 μόσχου,
2724 2982 2799 3045 ὡς
2842 2983 3043 3052 ἱερεὺς,
3083 2983 3282 3052 μᾶλλον
3308 2984 3364 3035 δὲ
3409 2984 3502 3037 καὶ
3544 2984 3766 3054 ἱερεῖον.

2189 3077 2291 3130 Διά
2320 3075 2414 3128 τοῦ
2443 3074 2735 3145 ἀνθρώπου
2768 3075 2843 3137 ὡς
2888 3075 2955 3127 δι’
3004 3077 3150 3145 ἡμᾶς
3179 3076 3493 3146 ἀνδρωθείς.
3539 3076 3641 3128 Διά
3668 3076 3768 3128 τοῦ

2193 3169 2376 3232 ἀετοῦ,
2429 3169 2505 3231 ὡς
2549 3170 2785 3238 χορηγὸς
2836 3168 2929 3220 τοῦ
2985 3167 3249 3232 ζωοποιοῦ
3300 3168 3615 3239 Πνεύματος
3672 3172 3773 3222 καὶ

2195 3264 2289 3316 ἐπὶ
2322 3264 2532 3325 πάντας
2563 3262 2963 3326 καταπτάντος.
3000 3263 3069 3314 Ἢ
3093 3262 3175 3314 ὅτι
3209 3262 3295 3315 διὰ
3329 3264 3438 3314 τῶν
3483 3263 3773 3333 τεσσάρων

2194 3353 2401 3405 τούτων
2437 3351 2612 3418 ζώων,
2644 3353 2679 3422 ἢ
2702 3354 2766 3405 ὲκ
2796 3352 2907 3405 τῶν
2938 3353 3221 3423 τεσσάρων
3251 3353 3768 3422 στοιχείων,πυρὸς,

2196 3444 2404 3507 ὓδατος,
2431 3444 2554 3512 γῆς,
2582 3444 2762 3513 ἀέρος,
2781 3445 3084 3515 σύγκρατος
3104 3444 3277 3508 κτίσις
3300 3446 3398 3514 τῆς
3423 3445 3653 3514 ἐποψίας
3675 3444 3773 3498 τοῦ

2196 3535 2331 3588 Θεοῦ
2364 3537 2677 3605 τυγχάνειν,
2711 3536 2785 3599 ὼς
2821 3536 2883 3588 ἐκ
2912 3536 3117 3590 τούτοιν
3161 3536 3466 3606 ὁραθέντων
3504 3536 3660 3599 ζώων
3688 3540 3774 3601 είς

2197 3626 2548 3680 ὑποτύπωσιν
2569 3629 2990 3698 ἀναφερομένων
3019 3628 3126 3680 τῶν
3158 3629 3439 3698 κοσμικῶν
3463 3630 3771 3699 στοιχείων,

2195 3720 2409 3782 λέοντος
2446 3719 2565 3788 μὲν,
2587 3720 2677 3772 διὰ
2705 3719 2765 3772 τὸ
2794 3719 3025 3789 θυμικὸν
3056 3720 3150 3772 καὶ
3178 3719 3400 3789 θερμὸν,
3432 3723 3511 3784 είς
3541 3722 3603 3774 τὸ
3633 3721 3770 3793 πῦρ.

2197 3810 2414 3880 Μόσχου
2452 3809 2528 3870 δὲ,
2556 3808 2644 3862 διὰ
2672 3809 2739 3863 τὰ
2772 3810 2902 3879 περὶ
2930 3809 3028 3880 τὴν
3073 3811 3176 3879 γῆν
3204 3810 3343 3881 ἔργα
3379 3812 3457 3873 είς
3498 3810 3599 3882 τὴν
3639 3812 3773 3880 γῆν.

2209 3902 2528 3972 Ἀνθρώπου
2551 3902 2628 3963 δὲ,
2661 3902 2741 3964 είς
2768 3901 2859 3953 τὸν
2888 3901 3045 3970 ἀέρα.
3078 3902 3342 3971 Οὐράνιον
3371 3901 3480 3972 γὰρ
3506 3902 3600 3955 καὶ
3636 3922 3772 3973 μετ-

2200 3996 2392 4065 άρσιον
2427 3994 2595 4063 φυτὸν
2624 3994 2913 4064 ἄνθρωπος
2940 3992 3029 4045 διά
3059 3993 3159 4061 τὴν
3188 3993 3283 4045 τοῦ
3315 3993 3405 4047 νοῦ
3441 3995 3772 4065 λεπτότητα.

2211 4084 2396 4138 ’Λετοῦ
2427 4085 2487 4137 δὲ
2517 4086 2595 4147 εἰς
2634 4085 2694 4137 τὸ
2734 4084 2895 4154 ὕδωρ.
2940 4084 3029 4148 Ἐξ
3077 4083 3285 4138 ὑδάτων
3314 4084 3425 4154 γὰρ
3450 4086 3483 4156 ἡ
3514 4085 3775 4154 γέννησις

2196 4180 2308 4244 τοῖς
2335 4182 2576 4249 πτηνιίς.

2272 4444 2380 4497 Kal
2424 4442 2691 4512 τέσσαρα
2714 4441 2827 4503 ζῶα
2860 4441 2932 4497 ἓν
2955 4443 3085 4498 καθ’
3112 4441 3201 4507 ἒν,
3224 4439 3396 4512 εἶχον
3420 4443 3540 4499 ἀνὰ
3562 4443 3781 4513 πτέρυ-

510 4554 631 4605 alas
663 4566 816 4604 senas
842 4550 896 4601 in
926 4550 1175 4611 circuitu,
1202 4560 1250 4603 et
1279 4550 1421 4603 intus
1450 4550 1602 4618 plana
1630 4560 1780 4602 erant
1808 4550 1996 4603 oculis.
2024 4549 2091 4602 Et

2204 4553 2309 4604 γας
2352 4534 2421 4598 ἓξ
2471 4535 2789 4588 κυκλόθεν.
2842 4532 2951 4586 Καὶ
2988 4533 3217 4586 ἔσωθεν
3251 4532 3507 4603 γέμοντα
3551 4534 3779 4602 6900.1-

512 4643 744 4710 requiem
776 4658 875 4693 non
901 4641 1090 4693 habent
1120 4641 1203 4692 die
1238 4657 1299 4692 ac
1334 4649 1484 4693 nocte
1509 4641 1741 4693 dicentia
1772 4653 1789 4691 :
1838 4639 2091 4705 Sanctus,

508 4742 752 4796 sanctus,
770 4742 1011 4797 sanctus,
1038 4731 1296 4787 Dominus
1318 4732 1453 4785 Deus
1473 4734 1829 4800 omnipotens,
1847 4734 1938 4803 qui
1957 4744 2091 4801 erat,

510 4840 561 4879 et
585 4826 674 4894 qui
697 4834 799 4888 est,
823 4835 872 4879 et
902 4826 991 4894 qui
1017 4826 1171 4878 venit.
1206 4823 1273 4877 Et
1291 4826 1706 4896 quandocunque
1727 4826 1962 4880 dederint
1997 4827 2095 4881 illa

514 4917 775 4970 animalia
838 4917 1064 4986 gloriam
1108 4925 1157 4970 et
1205 4916 1452 4970 honorem
1488 4917 1652 4987 692
1702 4927 1751 4972 et
1795 4921 2093 4989 gratiarum

512 5012 775 5064 actionem
807 5010 1007 5065 sedenti
1036 5010 1089 5062 in
1116 5009 1303 5063 throno
1333 5010 1424 5079 qui
1443 5010 1569 5063 vivit
1612 5012 1667 5064 in
1702 5012 1899 5066 :a’cula
1929 5031 2097 5068 mcu-

516 5104 713 5171 lorum,
738 5102 1007 5173 procidant
1030 5102 1215 5173 viginti
1234 5116 1460 5172 quatuor
1482 5103 1712 5157 seniores
1750 5117 1873 5159 ante
1911 5106 2093 5159 seden-

516 5207 619 5250 tem
646 5199 697 5252 in
729 5199 935 5262 throno,
968 5206 1017 5252 et
1045 5197 1341 5249 adorabunt
1370 5197 1615 5251 viventem
1638 5199 1691 5251 in
1712 5200 1905 5253 srecula
1927 5216 2095 5254 swcu-

517 5288 714 5345 larunt.
751 5288 819 5343 Et
850 5289 1097 5358 abjicient
1130 5304 1352 5341 coronas
1397 5305 1519 5341 suas
1559 5300 1679 5342 ante
1714 5292 1979 5356 thronum,
2013 5293 2096 5346 tli-

515 5392 691 5437 centes
723 5382 966 5451 :Dignus
1001 5398 1075 5445 es,
1127 5381 1347 5435 Domine
1388 5392 1434 5435 et
1486 5380 1621 5436 Deus
1663 5398 1836 5439 noster
1887 5395 2089 5448 sancte,

519 5475 755 5544 accipere
793 5474 1019 5543 gloriam
1050 5484 1099 5527 et
1136 5474 1381 5527 honorem
1406 5491 1468 5527 ac
1501 5478 1808 5543 potentiam,
1846 5478 2096 5547 quoniam

522 5576 584 5618 tu
611 5566 804 5621 creasti
840 5566 1039 5631 omnia,
1083 5575 1133 5622 et
1170 5578 1379 5637 propter
1413 5567 1733 5625 voluntatem
1776 5578 1917 5623 tuum
1947 5580 2098 5625 erant

522 5669 575 5712 et
602 5668 778 5713 creata
817 5668 962 5717 sunt.

2195 4624 2345 4693 μῶν,
2387 4624 2483 4678 καὶ
2541 4625 2892 4679 ἀνάπαυσιν
2925 4626 3035 4678 οὐκ
3095 4625 3350 4693 ἔχουσιν
3394 4625 3622 4694 ἡμέρας
3676 4627 3778 4680 καί

2198 4717 2418 4783 νυκτὸς
2458 4718 2740 4788 λέγοντες
2775 4733 2788 4746 ·
2821 4719 3033 4787 Ἄγιος,
3056 4717 3241 4788 ἅγιος,
3287 4718 3474 4788 ἅγιος,
3498 4720 3716 4787 Κύριος
3744 4722 3779 4773 ό

2200 4812 2343 4877 Θεὸς
2382 4815 2414 4865 ὀ
2436 4811 2875 4879 παντοκράτωρ,
2908 4813 2941 4863 ὀ
2970 4806 3069 4881 ἦν,
3094 4810 3191 4864 καί
3216 4812 3247 4864 ὀ
3276 4811 3383 4876 ὢν,
3417 4811 3518 4864 καὶ
3541 4814 3574 4865 ὁ
3603 4809 3777 4879 ἐρχόο

2192 4921 2396 4974 μενος.
2424 4902 2529 4956 Kal
2560 4901 2644 4955 ὅτ’
2678 4901 2755 4955 ἂν
2791 4901 2940 4955 δῶσι
2970 4903 3044 4955 τὰ
3076 4900 3187 4963 ζῶα
3205 4902 3411 4966 δόξαν,
3441 4902 3539 4956 καὶ
3569 4903 3774 4971 τιμὴν,

2198 4997 2293 5049 καί
2335 4995 2728 5063 εὐχαριστίαν
2764 4994 2844 5060 τῷ
2882 4990 3199 5064 καθημένῲ
3252 4996 3351 5049 ἐπὶ
3394 4995 3501 5049 τοῦ
3531 4997 3771 5063 θρόνου,

2198 5089 2275 5155 τῷ
2314 5088 2481 5149 ζῶντι
2516 5091 2604 5153 εἷς
2636 5087 2777 5152 τοὺς
2803 5085 3021 5152 αἰῶνας
3054 5087 3172 5139 τῶν
3210 5083 3458 5150 αἰώνων,
3510 5086 3777 5139 πεσοῦν-

2196 5201 2288 5238 ται
2319 5184 2373 5236 οί
2417 5179 2903 5248 εἰκοσιτέσσαρες
2936 5180 3323 5247 πρεσϐύτεροι
3358 5178 3617 5231 ἐνώπιον
3668 5179 3776 5232 τοῦ

2197 5274 2536 5344 καθημένου
2570 5272 2667 5326 ἐπὶ
2704 5273 2810 5326 τοῦ
2857 5272 3097 5339 θρόνου,
3130 5272 3229 5325 καὶ
3267 5272 3777 5339 προσκυνήσουσι

2198 5372 2277 5436 τῷ
2303 5369 2469 5429 ζῶντι
2494 5370 2582 5431 εὶς
2611 5366 2753 5433 τοὺς
2783 5365 3003 5431 αἰῶνας
3056 5363 3176 5418 τῶν
3219 5365 3466 5418 αἰώνων.
3502 5366 3612 5418 Καὶ
3660 5366 3778 5428 ,βα-

2197 5463 2379 5518 λοῦσι
2417 5460 2559 5525 τοὺς
2598 5458 2939 5527 στεφάνους
2973 5456 3173 5511 αὐτῶν
3207 5456 3463 5509 ἐνώπιον
3490 5457 3597 5509 τοῦ
3643 5457 3768 5522 θρόο

2200 5571 2332 5613 νου,
2368 5549 2681 5618 λέγοντες·
2721 5550 2924 5613 Ἄξιος
2956 5544 3028 5611 εἷ,
3088 5550 3121 5600 ό
3161 5547 3375 5612 Κύριος
3404 5546 3503 5598 καί
3547 5550 3579 5599 ό
3629 5548 3775 5611 Θεὸς

2202 5644 2372 5713 ἡμῶν
2426 5644 2459 5694 ὀ
2487 5641 2672 5708 ἅγιος,
2704 5638 2912 5693 λαϐεῖν
2938 5637 3054 5705 τὴν
3085 5636 3263 5700 δόξαν
3308 5634 3405 5689 καὶ
3436 5634 3550 5701 τὴν
3596 5636 3779 5702 τιμὴν

2203 5736 2303 5790 καὶ
2347 5732 2463 5801 τὴν
2508 5731 2787 5798 δύναμιν.
2818 5731 2946 5781 Ὅτι
2992 5727 3074 5780 σὺ
3114 5727 3361 5790 ἔκτισας
3405 5724 3625 5789 πάντα,
3678 5728 3771 5778 καὶ

2204 5825 2302 5881 διὰ
2328 5824 2393 5879 τὸ
2420 5821 2653 5890 θέλημά
2675 5834 2792 5875 σου
2820 5816 2982 5892 ἦσαν
3010 5817 3108 5872 καὶ
3134 5817 3526 5885 ἐκτίσθησαν.
