4030 6584
279 465 381 530 573

1340 466 1731 531 COMMENT.
1772 466 1855 531 IN
1896 470 2426 535 APOCALYPSIN.

3435 487 3540 550 ξ)Ἱί

348 575 531 631 Εἰπὼν
570 577 639 631 τὰ
668 574 913 649 τέσσαρα
945 576 1061 642 ζῶα
1085 577 1154 631 τὰ
1180 579 1271 633 τὸν
1304 581 1494 651 Θρόνον
1524 582 1842 649 κυκλοῦντα,

2030 586 2327 657 Postquam
2392 587 2529 642 dixit
2592 595 2831 658 quatuor
2876 592 3133 649 animalia
3190 595 3243 650 in
3305 597 3538 654 circuitu

274 668 371 723 καὶ
410 668 471 722 τὸ
502 666 640 733 εἶδος
665 670 899 723 ἑκάστου
944 670 1251 737 διεξελθὼν,
1285 673 1313 726 ὃ
1344 674 1439 726 καὶ
1467 675 1628 745 ἡμεῖς
1656 674 1731 739 ὡς
1759 678 1853 745 ἐφ-

275 758 424 812 ικτὸν
448 760 585 829 ἡμῖν
600 760 744 814 κατὰ
770 761 832 814 τὸ
848 763 971 815 κατ’
992 764 1151 829 ἀξίαν
1172 764 1322 817 δοθὲν
1343 764 1589 835 χάρισμα
1616 764 1854 837 παρεθέ-

274 851 437 920 μεθα,
466 852 548 904 ὅτι
580 851 642 905 τὸ
672 855 1031 924 προνοητικὸν
1059 856 1190 927 περὶ
1239 860 1418 910 πᾶσαν
1442 858 1543 923 τὴν
1575 859 1853 929 περίγειον

270 941 437 996 αὐτοῦ
464 943 641 998 κτίσιν
672 948 1049 1017 παριστῶντός
1072 950 1188 1001 ἐστι
1206 948 1299 1001 τοῦ
1329 950 1486 1015 Θεοῦ,
1511 950 1593 1004 διὸ
1610 954 1702 1005 καὶ
1724 952 1851 1005 τέσ-

270 1050 417 1104 σαρα
457 1035 571 1099 ζῶα
632 1036 898 1109 ἰσάριθμα
933 1041 1000 1108 τῇ
1050 1040 1347 1107 τετρακτύῖ
1384 1040 1492 1093 τῶν
1527 1044 1846 1113 ποιοτήτων,

266 1119 335 1173 δι’
362 1115 438 1175 ὧν
465 1123 533 1177 τὰ
565 1125 880 1195 στοιχειώδη
919 1126 1145 1196 σώματα
1188 1128 1394 1200 ὑπέστη
1432 1130 1583 1184 τοῦδε
1610 1131 1704 1184 τοῦ
1738 1131 1850 1185 ὑλι-

267 1212 366 1265 κοῧ
387 1213 615 1283 κόσμου,
641 1215 736 1269 νῦν
754 1218 922 1270 καὶτὸ
941 1219 1038 1289 τῆς
1053 1222 1398 1291 λειτουργίας
1408 1223 1711 1295 ὀξύρροπον
1735 1224 1848 1295 (20)

264 1305 449 1358 αὐτῶν
486 1308 837 1379 παρίστησιν,
886 1310 914 1363 ὃ
942 1313 1035 1365 καὶ
1066 1313 1228 1365 Δαυῒδ
1273 1315 1572 1385 παρίστησι
1616 1316 1703 1370 διὰ
1733 1317 1847 1383 τοῦ,

272 1413 293 1446 ι
328 1400 561 1452 Δυνατοὶ
619 1400 763 1470 ἰσχύϊ
809 1402 1094 1467 ποιοῦντες
1142 1405 1235 1458 τὸν
1290 1405 1448 1475 λόγον
1500 1408 1690 1471 αὑτοῦ,
1753 1408 1849 1462 τοῦ

262 1488 499 1543 ἀκοῦσαι
528 1491 628 1561 τῆς
662 1495 846 1565 φωνῆς
897 1496 1005 1550 τῶν
1054 1499 1229 1568 λόγων
1283 1501 1471 1566 αὑτοῦ,
1504 1521 1523 1553 ι
1557 1503 1720 1556 οἱονεὶ
1749 1504 1849 1557 οὐκ

264 1579 408 1651 [pou
461 1582 523 1635 τὸ
558 1585 892 1656 πρόσταγμα
929 1589 1027 1660 τὴν
1078 1591 1389 1645 συντέλειαν
1438 1592 1531 1646 τοῦ
1590 1612 1851 1665 προτετα-

261 1674 495 1742 γμὲνου,
527 1675 639 1729 ἀλλ’
674 1678 733 1743 ἐξ
776 1681 944 1751 αὐτῆς
969 1684 1067 1753 τῆς
1118 1684 1338 1753 ἐντολῆς
1370 1686 1575 1757 ἠνύσθη
1618 1687 1677 1739 τὸ
1722 1688 1850 1758 βού-

260 1764 437 1835 λημα.
474 1768 546 1820 Τὸ
575 1769 737 1840 τάχος
763 1770 819 1824 δὲ
849 1772 935 1826 διὰ
978 1775 1087 1828 τῶν
1137 1776 1430 1847 πτερύγων
1464 1778 1523 1846 ἒξ
1584 1780 1851 1833 κατανύε-

264 1855 395 1909 σθαί
431 1875 596 1927 φησιν
630 1860 867 1933 ἑκάστῳ.
898 1864 1070 1919 Τοῦτο
1094 1868 1201 1936 γὰρ
1240 1868 1319 1930 τὸ,
1343 1868 1412 1923 ἒν
1447 1871 1575 1925 καθ’
1602 1870 1672 1924 ἓν
1706 1873 1844 1943 (:21),

1961 676 2164 741 throni,
2199 687 2252 731 et
2289 676 2559 747 cujusque
2610 680 2835 747 tiguram
2874 683 3079 749 retulit,
3134 686 3277 755 quod
3331 696 3385 742 ct
3414 704 3539 749 nos.

1961 780 2223 836 quantum
2264 770 2523 839 possibile
2557 769 2658 825 fuit
2686 771 2843 841 juxta
2873 773 3063 830 datum
3116 778 3275 834 nobis
3306 779 3534 850 donum,

1959 861 2144 916 debito
2172 863 2333 916 modo
2360 864 2759 929 enarravimus,
2805 879 2999 935 nempe
3033 869 3177 936 quod
3230 871 3541 941 signiticent

1960 952 2054 1007 Dei
2100 954 2497 1022 providentiam
2549 970 2713 1024 quam
2767 958 2988 1012 exhibet
3038 959 3184 1016 circa
3229 964 3539 1021 universam

1959 1061 2112 1100 suam
2152 1054 2423 1101 terrenam
2448 1058 2755 1102 creaturam
2793 1067 2807 1103 :
2859 1060 3024 1120 atque
3067 1051 3275 1108 idcirco
3302 1070 3542 1125 quatuor

1959 1139 2217 1192 animalia
2250 1140 2443 1208 miluali
2479 1140 2775 1196 constituta
2815 1152 2942 1197 sunt
2982 1161 3211 1199 numero
3241 1162 3365 1201 cum
3391 1165 3542 1217 qua-

1959 1229 2206 1283 ternione
2258 1230 2605 1298 qualitatum,
2661 1233 2863 1301 quibus
2923 1235 3250 1292 elementata
3309 1256 3539 1310 corpora

1959 1318 2040 1382 (ut
2068 1319 2136 1372 ita
2172 1318 2483 1393 loquamur)
2506 1322 2668 1391 hujus
2690 1325 2987 1381 materialis
3027 1329 3213 1384 mundi
3238 1335 3540 1388 constituta

1957 1422 2133 1465 sunt:
2176 1426 2320 1465 nunc
2347 1426 2538 1467 eorum
2587 1430 2808 1484 quoque
2850 1418 3191 1476 demonstrat
3262 1425 3328 1479 ad
3377 1426 3540 1482 obse-

1956 1505 2081 1573 quia
2113 1503 2473 1569 alacritatem,
2504 1508 2646 1573 quod
2704 1518 2757 1562 et
2790 1508 2957 1564 David
3010 1516 3249 1570 ostendit
3297 1518 3487 1573 dicens
3519 1536 3535 1573 :

1962 1614 1981 1646 ι
2019 1596 2272 1651 Potentes
2306 1596 2503 1651 virtute
2527 1598 2790 1655 facientes
2809 1602 3032 1656 verbum
3059 1606 3201 1662 illius
3225 1608 3290 1662 ad
3313 1610 3543 1667 audien-

1956 1688 2077 1742 dam
2101 1703 2287 1742 vocem
2312 1704 2626 1742 sermonum
2658 1690 2779 1759 ejus
2803 1694 2846 1723 ”
2878 1710 2891 1746 :
2937 1712 2956 1744 ι
2995 1694 3099 1750 hoc
3124 1706 3228 1763 est,
3256 1714 3365 1753 non
3404 1716 3542 1770 pra:-

1955 1782 2103 1834 venit
2130 1791 2458 1850 praeceptum
2485 1783 2905 1850 completiouem
2937 1786 3058 1855 ejus
3085 1791 3233 1858 quod
3261 1793 3530 1859 pmordi-

1958 1885 2144 1928 natum
2166 1883 2269 1937 est,
2304 1874 2397 1928 sed
2431 1873 2593 1928 simul
2640 1884 2696 1928 ut
2728 1877 2994 1946 przccipit,
3039 1880 3341 1949 perfectum
3378 1891 3460 1935 est
3488 1884 3537 1937 id

260 1946 637 2020 ὲνυποφαίνει,
684 1953 772 2007 ἵνα
818 1956 891 2027 μή
925 1975 1007 2020 τις
1032 1961 1128 2023 τὰς
1164 1959 1224 2025 ἒξ
1271 1962 1548 2031 πτέρυγας
1586 1964 1842 2029 ἀκούσας,

1955 1964 2101 2033 quod
2146 1965 2283 2018 vult.
2321 1965 2490 2019 Porro
2522 1966 2864 2021 velocitatem
2902 1985 2997 2038 per
3038 1986 3200 2026 senas
3234 1973 3351 2028 alas
3409 1975 3542 2029 dicit

260 2043 421 2112 κοινῇ
455 2043 656 2109 ταύτας
694 2050 942 2117 προεῖναι
972 2051 1189 2122 νομίσῃ.
1232 2052 1306 2105 Τὸ
1347 2052 1403 2106 δὲ
1434 2056 1734 2109 κυκλόθεν
1786 2059 1846 2110 ού

258 2134 372 2186 τῶν
411 2136 720 2208 πτερύγων,
751 2139 887 2193 ἀλλὰ
919 2142 1025 2194 τῶν
1053 2144 1334 2213 τεσσάρων
1379 2146 1477 2216 τὴν
1512 2148 1703 2201 στάσιν
1749 2150 1848 2218 ὲμ-

259 2226 467 2294 φαίνει,
499 2228 579 2281 ὄτι
607 2228 683 2300 μὴ
708 2232 1006 2302 στοιχηδὸν,
1040 2233 1176 2288 ἀλλὰ
1208 2236 1303 2289 καὶ
1326 2238 1583 2301 κυκλικδς
1614 2235 1703 2309 ἦν.
1726 2241 1847 2295 Τῶν

258 2315 313 2370 δὲ
345 2322 636 2389 πτερύγων
662 2324 688 2374 ὁ
710 2322 944 2393 ἀριθμὸς
990 2326 1051 2379 τὸ
1088 2327 1241 2391 τέλος
1266 2328 1564 2384 αἰνίττεται
1609 2333 1708 2401 τῆς
1736 2333 1849 2385 λει-

256 2422 351 2461 του
365 2409 545 2476 ργίας,
580 2411 753 2464 καὶτὸ
785 2413 919 2483 πρὸς
942 2413 970 2467 ὃ
996 2416 1028 2487 ἠ
1056 2415 1367 2487 λειτουργία
1391 2418 1565 2471 πέλει.
1596 2421 1704 2473 Καὶ
1736 2423 1845 2492 γὰρ

255 2497 285 2549 δ
316 2497 383 2562 ἒξ
402 2499 633 2569 ἀριθμὸς
685 2502 836 2571 παρὰ
860 2506 969 2567 τοῖς
992 2506 1059 2557 τὰ
1086 2506 1311 2560 τοιαῦτα
1333 2508 1563 2578 κομψοῖς
1586 2510 1844 2580 ἀνυμνεῖ-

255 2603 353 2642 ται
382 2604 398 2619 °
433 2589 589 2642 οὐδὲν
628 2591 683 2643 δὲ
720 2594 870 2661 παρὰ
894 2596 1007 2657 τοῖς
1035 2595 1133 2664 τὴν
1162 2594 1414 2667 αἴσθησιν
1447 2599 1844 2664 ἀναϐεϐηκόσιν

256 2687 472 2753 ἀτελὲς,
501 2690 621 2743 οὐδὲ
650 2691 746 2763 τὴν
779 2695 843 2745 ὲκ
878 2692 1236 2763 μεταμελείας
1280 2693 1669 2762 συμπλήρωσιν
1692 2692 1845 2745 ἐκδε-

256 2783 515 2853 χόμενον.
552 2785 646 2851 Ἓξ
672 2786 728 2838 δὲ
765 2788 1022 2857 πτέρυξιν
1053 2788 1079 2839 ὁ
1113 2786 1257 2850 Οεῖος
1281 2786 1557 2849 Διονύσιος
1580 2788 1650 2839 τὰ
1679 2788 1846 2859 νοερὰ

258 2873 378 2939 ζῶα
412 2877 739 2946 διηρτῆσθαι
765 2896 919 2949 φησι,
939 2879 1059 2932 δυσὶ
1083 2879 1150 2931 τὰ
1172 2878 1445 2949 πρόσωπα
1476 2879 1841 2943 καλύπτοντα,

255 2972 380 3031 ταῖς
410 2969 468 3021 δὲ
504 2970 623 3021 δυσὶ
676 2971 799 3033 τοὺς
841 2970 1028 3035 πόδας,
1062 2973 1180 3033 ταῖς
1216 2972 1412 3041 μέσαις
1446 2972 1503 3023 δὲ
1546 2971 1841 3038 πετᾶσοαι,

256 3062 340 3114 ἰνα
388 3064 517 3132 περὶ
559 3064 623 3115 τὰ
674 3063 983 3134 ὑψηλότερα
1038 3067 1129 3117 καὶ
1186 3065 1461 3135 βαΟύτερα
1503 3068 1602 3134 τῆς
1636 3066 1843 3129 οἰκείας

257 3151 620 3221 καταλήψεως
650 3158 791 3224 φανῇ
826 3155 1005 3207 αὐτῶν
1035 3158 1064 3222 ἠ
1098 3157 1372 3217 εὐλάϐεια,
1414 3157 1479 3208 δι’
1511 3157 1576 3227 ἥν
1598 3161 1709 3221 τοῖς
1747 3157 1844 3228 μὲ-

260 3261 374 3307 σοις
410 3247 848 3315 προστάσσεσοαι
882 3249 979 3309 τὰς
1001 3251 1236 3319 ἀρχικὰς
1261 3251 1435 3318 αὐγὰς
1466 3250 1631 3313 Θείοις
1659 3249 1843 3319 ζυγοῖς

1957 2057 2155 2126 cuique
2179 2058 2533 2126 contingere:
2560 2058 2662 2111 hoc
2683 2058 2828 2111 enim
2849 2061 3156 2115 subindicat
3181 2078 3282 2116 vox
3303 2064 3535 2132 singula,

1958 2166 2024 2203 ne
2071 2150 2194 2218 quis
2242 2151 2472 2203 audiens
2525 2166 2687 2204 senas
2756 2151 2893 2215 alas,
2951 2152 3161 2221 vulgari
3225 2154 3389 2209 modo
3442 2157 3540 2210 has

1956 2244 2146 2295 adesse
2184 2244 2479 2297 existimet.
2522 2242 2676 2309 Quod
2710 2256 2891 2298 autem
2941 2246 3035 2311 ait,
3067 2248 3118 2299 in
3147 2249 3394 2311 circuitu,
3431 2265 3537 2303 non

1955 2342 2189 2401 alarum,
2225 2339 2317 2392 sed
2351 2347 2590 2407 quatuor
2649 2340 2970 2392 animalium
3009 2349 3209 2393 statum
3265 2342 3537 2410 designat,

1954 2433 2098 2498 quod
2131 2447 2236 2484 non
2275 2440 2431 2483 erant
2466 2446 2618 2484 more
2640 2430 3060 2494 elementorum,
3090 2432 3183 2485 sed
3226 2432 3279 2485 in
3320 2435 3536 2487 modum

1955 2522 2170 2579 circuli.
2226 2520 2499 2575 Numerus
2559 2536 2687 2575 vero
2741 2522 2951 2574 alarum
3000 2518 3396 2591 perfectionem
3442 2525 3540 2577 de-

1953 2616 2135 2684 signat
2158 2613 2470 2678 ministerii,
2503 2622 2555 2666 et
2580 2613 2630 2667 id
2663 2611 2807 2666 circa
2834 2613 2979 2681 quod
3009 2624 3257 2667 versatur
3291 2615 3543 2668 ministe'

1952 2708 2133 2762 rium:
2169 2705 2437 2775 siquidem
2471 2720 2736 2759 numerus
2768 2705 3017 2760 senarius
3049 2705 3191 2774 apud
3233 2722 3326 2761 eos
3362 2708 3453 2774 qui
3486 2708 3539 2761 in

1953 2798 2266 2867 hujusmodi
2293 2799 2457 2851 rebus
2487 2797 2673 2851 diserti
2703 2809 2851 2860 sunt,
2887 2812 2993 2850 non
3025 2799 3277 2851 laudatur
3304 2840 3317 2861 ,
3350 2815 3537 2852 verum

1952 2893 2093 2961 apud
2117 2907 2213 2946 eos
2244 2890 2337 2959 qui
2389 2905 2610 2944 sensum
2650 2889 3167 2957 supergrediuntnr,
3216 2890 3351 2942 nihil
3381 2891 3543 2943 liabet

1953 2979 2167 3040 inutile,
2201 2993 2268 3032 ne
2302 2978 2351 3030 id
2385 2977 2602 3046 quidem
2627 2976 2771 3045 quod
2799 2977 3240 3044 supplementum
3277 2978 3542 3046 suscipiat

1950 3087 2014 3124 ex
2056 3069 2377 3139 pmnitentia
2410 3069 2758 3136 proveniens.
2805 3066 2979 3122 Porro
3038 3069 3185 3123 senis
3249 3070 3352 3123 alis
3390 3087 3542 3123 corn-

1952 3162 2128 3230 posita
2172 3159 2344 3213 fuisse
2385 3158 2690 3227 spiritualia
2722 3156 2981 3210 animalia
3038 3158 3170 3211 dicit
3212 3158 3371 3213 divus
3411 3158 3537 3211 Dio-

1954 3253 2166 3323 nysius,
2202 3267 2431 3319 quarum
2476 3250 2687 3303 duabus
2741 3248 2909 3303 facies
2967 3249 3263 3318 nperirent,
3324 3249 3540 3305 duabus

256 3336 581 3393 ἀνατείνειν.
615 3342 686 3393 Τὸ
727 3342 781 3394 δὲ
820 3344 1137 3403 κυκλόθεν,
1188 3343 1274 3396 διὰ
1311 3344 1371 3396 τὸ
1408 3346 1842 3399 παντεπίσκοπον

1956 3315 2082 3397 \ero
2130 3344 2316 3411 pedes,
2349 3351 2403 3394 et
2436 3340 2651 3394 duabus
2682 3354 2803 3408 qua:
2833 3338 3021 3391 Inedia:
3052 3349 3207 3392 erant
3242 3338 3489 3392 volarent
3520 3354 3535 3391 :

257 3431 654 3501 παρείληπται.
691 3434 763 3486 Τὸ
809 3434 861 3486 δὲ
890 3436 1138 3499 ἔσωθεν,
1172 3437 1251 3488 ὅτι
1285 3435 1435 3487 οὐδὲν
1464 3437 1531 3490 τὰ
1562 3437 1678 3489 θεῖα
1714 3438 1845 3489 λαν-

258 3521 447 3575 Θάνειν
484 3524 727 3586 δύναται.
764 3526 884 3579 οὐδὲ
911 3527 1019 3579 τῶν
1053 3529 1112 3579 ἐν
1144 3530 1481 3599 παραϐύστῳ
1515 3532 1626 3583 τισὶ
1658 3532 1840 3583 τελου-

260 3614 462 3681 μένων.
483 3616 555 3668 Τὸ
573 3617 650 3669 δέ·
670 3637 686 3666 ι
712 3619 952 3670 ’Λνάπαυ
964 3636 1044 3671 σιν
1063 3620 1162 3672 οὐκ
1180 3622 1413 3691 ἔχουσιν,
1429 3641 1447 3673 ι
1468 3623 1566 3692 οὐχ
1586 3624 1665 3675 ὅτι
1688 3623 1849 3690 ἔγκο-

256 3706 354 3757 πόν
385 3724 443 3758 τι
472 3707 811 3774 ὑφίστανται,
846 3713 911 3781 τῇ
943 3712 1206 3781 ἁνενδὸτῳ
1244 3714 1670 3784 λειτουργοῦντα
1709 3717 1846 3784 ύμν·

256 3803 412 3872 ῳδία.
443 3804 579 3873 Περὶ
604 3804 701 3874 τὴν
741 3806 1002 3880 αίσοητῂν
1030 3808 1136 3877 γὰρ
1165 3809 1342 3861 κτίσιν
1388 3811 1415 3862 ὁ
1465 3810 1632 3874 κόπος
1652 3827 1665 3840 ’
1711 3811 1845 3865 ἀκά-

260 3912 405 3962 ματα
427 3895 483 3947 δὲ
506 3896 681 3949 πάντα
716 3898 817 3950 ὅσα
849 3899 988 3968 ὑπὲρ
1012 3900 1110 3969 τὴν
1138 3900 1292 3969 ὓλην.
1322 3920 1340 3951 ι
1377 3903 1523 3954 Ἐκεῖ
1548 3904 1629 3964 δὲ,
1656 3921 1672 3953 ι
1703 3904 1844 3956 κατὰ

255 3988 345 4038 τὸν
375 3988 626 4053 εἰπόντα,
654 4008 672 4040 ι
701 3990 911 4060 ἀπέδρα
934 3992 1116 4062 ὀδύνη,
1153 3992 1319 4061 λύπη,
1350 3994 1445 4046 καὶ
1475 3995 1832 4071 στεναγμός.»

255 4080 328 4131 Ού
356 4080 422 4132 τὸ
460 4080 693 4149 ἕγκοπον
725 4079 815 4135 οὖν
851 4085 931 4136 τόο
964 4104 983 4136 ι
1036 4086 1372 4139 Ἀνάπαυσιν
1414 4086 1518 4137 οὐκ
1569 4086 1772 4156 ἔχουσι,
1817 4106 1835 4139 ι

256 4173 521 4243 παριστᾷ,
558 4172 692 4225 ἀλλὰ
738 4176 800 4227 τὸ
834 4176 963 4246 περὶ
995 4176 1093 4246 τὴν
1127 4177 1274 4229 Θείαν
1299 4177 1575 4246 ὑμνῳδίαν
1622 4178 1838 4232 ἁνένδοο

254 4279 365 4322 τον,
412 4263 654 4334 ὡσπερεὶ
683 4268 1179 4337 κατεντρυφὼντων
1205 4270 1341 4339 πρὸς
1366 4270 1525 4336 δόξαν
1555 4273 1649 4325 καὶ
1684 4267 1836 4326 αἶνον

253 4354 345 4406 τοῦ
380 4354 527 4408 Θείου
564 4357 657 4409 καὶ
692 4359 1149 4428 συντελουμένων.
1192 4361 1265 4413 Τὸ
1314 4362 1370 4415 δὲ
1405 4363 1837 4432 τρισυπόστατον

254 4448 331 4517 τῷ
370 4451 796 4522 τριπλασιασμῷ
825 4454 922 4523 τῆς
944 4452 1104 4523 δόξης
1136 4455 1233 4507 καὶ
1271 4454 1367 4507 τοῦ
1402 4456 1679 4527 ἁγιασμοῦ
1716 4457 1837 4529 ἔχο-

257 4554 356 4604 μεν
402 4543 562 4594 νοεῖν.

1957 3434 2176 3489 ιιιιςίιρλι
2206 3434 2528 3485 sublimiora
2558 3446 2621 3484 ac
2670 3428 3025 3499 profundiura
3069 3444 3183 3482 sua:
3235 3429 3540 3497 appl'CllCll'

1950 3528 2123 3582 siouis
2160 3526 2409 3579 videatur
2440 3527 2681 3594 ipsorum
2709 3538 2830 3578 esse
2857 3524 3058 3587 cultus,
3119 3532 3339 3592 prOpter
3370 3538 3535 3592 quem

1952 3622 2145 3675 mediis
2179 3622 2567 3689 praeciperetur
2591 3618 2823 3673 eximios
2859 3617 3182 3687 splendores
3218 3618 3419 3671 divinis
3446 3632 3534 3670 se-

1949 3714 2109 3765 dibus
2144 3713 2445 3767 cnncitarc.
2496 3710 2652 3776 Quod
2701 3719 2881 3763 autem
2934 3710 3160 3764 additur
3196 3710 3248 3763 in
3289 3710 3535 3773 circuitu,

1951 3817 2171 3875 propter
2207 3807 2588 3859 universorum
2638 3804 3037 3873 inspectionetn
3100 3805 3358 3858 traditum
3392 3812 3475 3858 est
3520 3819 3535 3857 :

1947 3901 2088 3953 intus
2110 3909 2316 3960 autem,
2349 3898 2475 3966 quia
2513 3898 2644 3950 nihil
2674 3897 2843 3951 latere
2872 3907 3047 3966 potest
3078 3913 3138 3951 ea
3174 3914 3298 3966 qua:
3352 3896 3536 3950 divina

1947 4002 2098 4051 sunt,
2138 4008 2203 4044 ne
2242 4006 2304 4044 ea
2341 3991 2564 4059 quidem
2598 4006 2720 4059 qum
2757 4006 2787 4043 a
2811 3991 3089 4044 nomiullis
3118 3990 3279 4060 693
3318 3990 3454 4043 ﬁunt
3482 3989 3534 4042 in

1945 4084 2184 4139 occulto.
2215 4083 2483 4137 Caeterum
2520 4083 2759 4150 requiem
2792 4098 2898 4135 non
2939 4084 3142 4135 habent
3190 4099 3202 4134 :
3244 4097 3352 4134 non
3387 4081 3535 4147 quod

1946 4174 2285 4230 laboriosum
2318 4171 2525 4241 aliquid
2562 4172 2797 4225 subeant
2841 4172 3108 4224 continuo
3156 4179 3322 4224 cantu
3368 4167 3535 4221 mini—

1944 4270 2189 4326 strando.
2224 4267 2379 4322 Circa
2417 4267 2731 4322 sensibilem
2780 4267 2926 4319 enim
2972 4277 3284 4321 creaturam
3338 4274 3422 4319 est
3449 4266 3533 4319 la-

1942 4362 2063 4424 bor,
2105 4358 2458 4425 infatigabilia
2491 4372 2670 4411 autem
2708 4368 2837 4411 sunt
2893 4372 3242 4428 quacunque
3276 4356 3535 4411 dicuntur

1946 4452 2331 4510 immaterialia
2367 4469 2380 4506 :
2416 4470 2434 4503 ι
2469 4451 2534 4504 Et
2568 4452 2661 4513 ibi,
2707 4469 2725 4502 ι
2766 4462 2827 4505 ut
2873 4450 2951 4503 ait
2981 4451 3092 4515 ille,
3128 4469 3146 4502 ι
3186 4450 3326 4521 fugit
3356 4450 3532 4512 dolor,

1941 4547 2122 4602 luctus
2158 4561 2221 4599 ac
2247 4542 2483 4614 gemitus
2508 4542 2573 4598 ".
2607 4561 2625 4594 ι
2678 4539 2796 4595 Non
2839 4542 3005 4613 igitur
3049 4541 3385 4596 laboriosum
3434 4540 3535 4594 ali-

252 4634 380 4700 quid
412 4634 751 4704 signitieatur
788 4653 880 4703 per
909 4637 1012 4691 hoc
1035 4640 1179 4707 quod
1212 4639 1434 4703 dicitur,
1471 4640 1716 4712 Requiem
1738 4658 1839 4696 non
1876 4640 2089 4703 habent,
2153 4636 2249 4692 sed
2309 4636 2604 4690 continuus
2645 4644 2801 4687 tenor
2833 4634 2975 4687 circa
3006 4632 3245 4687 divinam
3299 4633 3535 4696 tandem,

256 4738 312 4781 ut
337 4732 483 4798 quod
513 4730 774 4785 deliciose
805 4742 1094 4787 versentur
1120 4750 1184 4788 ac
1207 4734 1443 4803 perfecta
1478 4735 1588 4788 sint
1624 4736 1689 4791 ad
1724 4737 1953 4805 gloriam
1980 4742 2035 4789 et
2107 4731 2325 4787 laudem
2355 4729 2471 4785 Dei.
2515 4728 2740 4783 Demum
2800 4727 3167 4798 triplicatione
3234 4727 3425 4797 gloria:
3474 4743 3539 4781 ac

252 4822 567 4877 sanctitatis
591 4824 889 4893 intelligere
915 4840 1212 4895 possumus
1248 4843 1605 4897 persmiarum
1656 4828 1983 4882 trinitatem.

322 4915 660 4969 Πεσοῦνται
693 4919 746 4970 οἰ
771 4918 1259 4987 εἰκοσιτέσσαρες
1285 4922 1695 4989 πρεσϐύτεροι.
1736 4920 1836 4973 Διὰ

2014 4916 2297 4972 Procident
2320 4914 2505 4985 viginti
2532 4922 2761 4983 quatuor
2783 4914 3035 4967 seniores.
3070 4910 3176 4967 Per
3220 4911 3335 4968 lucc
3374 4913 3538 4968 nobis

248 5007 456 5060 τούτων
485 5008 743 5079 δηλοῦται
779 5010 875 5063 καὶ
924 5012 1051 5073 τοὺς
1081 5012 1372 5082 νοηθέντας
1426 5015 1553 5082 ἡμῖν
1589 5012 1832 5083 πρεσϐυ-

248 5100 302 5150 τέ
316 5115 442 5169 ρους
469 5102 761 5163 κοινωνοὺς
793 5097 935 5155 εἶναι
963 5102 1064 5169 τῆς
1093 5104 1367 5173 ύμνῳδίας
1413 5104 1521 5156 τῶν
1564 5105 1832 5174 οὐρανίων

249 5189 555 5259 δυνάμεων,
610 5192 1010 5261 ὁμολογοῦντας
1066 5196 1129 5247 ὲκ
1175 5195 1309 5248 Θεοῦ
1367 5197 1697 5266 κεκομίσθαι
1734 5198 1832 5266 τῆς

247 5284 357 5335 τῶν
398 5283 608 5353 νοητῶν
642 5285 853 5356 ἐχθρῶν
880 5286 1038 5354 νίκης
1068 5288 1165 5356 τὴν
1196 5288 1447 5359 δύναμιν.
1493 5291 1822 5360 Ἐπισκοπη-

249 5375 371 5427 τέον
407 5375 462 5427 δὲ
505 5377 603 5445 τὴν
637 5376 746 5429 τῶν
778 5379 1051 5449 χρονικῶν
1092 5380 1480 5450 διαστημάτων
1515 5386 1573 5436 ἐν
1615 5386 1682 5454 τῇ
1722 5385 1833 5452 ἀφηο

248 5468 447 5535 ηγήσει
468 5470 773 5537 ἀκρίϐειαν.
801 5468 932 5522 Ἀπδ
945 5471 1054 5540 γὰρ
1076 5474 1172 5541 τῆς
1194 5474 1303 5526 τῶν
1321 5474 1632 5528 ἐνεστώτων
1653 5477 1828 5541 ἐπαγ-

250 5557 462 5625 γελίας,
498 5561 590 5613 ἐπὶ
619 5562 688 5614 τὰ
717 5561 985 5632 μέλλοντα
1013 5567 1203 5634 χωρεῖ,
1236 5566 1336 5620 οὐκ
1385 5565 1647 5638 ἀσυνεσίᾳ
1673 5565 1831 5621 τοῦτο

326 5737 371 5773 ⁸³
396 5737 541 5794 Psal.
575 5756 673 5805 cu,
703 5742 793 5798 9.0.
872 5743 915 5773 ”
947 5746 1051 5801 lSa.
1088 5762 1249 5813 xxxv,
1286 5746 1373 5802 10.

320 5895 431 5967 (2t!)
468 5895 663 5951 Vocem
697 5897 995 5969 ὀξύρροπον
1031 5917 1132 5955 non
1163 5900 1317 5954 habet
1356 5901 1502 5970 vulg.
1536 5900 1667 5955 edit.

1941 5007 2284 5079 signiﬁcatur
2314 5004 2461 5071 ipsos
2488 5018 2709 5073 quoque
2754 5003 3005 5058 seniores
3053 5019 3192 5072 quos
3216 5004 3538 5058 considera-

1941 5102 2121 5153 vimus
2157 5097 2453 5168 participes
2485 5112 2608 5150 esse
2642 5106 2837 5151 cantus
2893 5112 2957 5150 ac
2988 5096 3168 5151 laudis
3226 5098 3535 5152 caelestium

1941 5197 2226 5251 virtutum.
2263 5207 2389 5245 cum
2424 5190 2535 5244 Deo
2570 5188 2815 5243 referunt
2846 5198 3128 5257 acceptam
3149 5191 3449 5259 potentiam
3471 5206 3538 5244 ac

1940 5289 2249 5350 victoriam,
2285 5285 2544 5357 quamde
2598 5284 2977 5351 spiritualibns
3022 5282 3275 5336 hostibus
3330 5281 3533 5335 retule—

1940 5389 2088 5435 runt.
2116 5377 2530 5435 Consideranda
2560 5386 2642 5429 est
2674 5385 2855 5429 autem
2914 5375 3197 5445 diligentia
3236 5374 3289 5425 in
3336 5386 3535 5424 narra-

1940 5473 2085 5527 tione
2111 5471 2525 5527 distinctionum
2559 5476 2900 5537 temporum:
2924 5466 3204 5537 siquidem
3236 5480 3265 5517 a
3297 5460 3533 5531 promis-

1939 5566 2094 5622 sione
2124 5563 2472 5634 praescntium
2532 5561 2778 5632 procedit
2833 5559 2899 5614 ad
2958 5558 3141 5613 futura
3202 5570 3359 5611 :noa
3413 5552 3539 5611 sine

2018 5897 2133 5965 (2|)
2162 5891 2353 5949 Eidem
2386 5893 2587 5949 desunt
2612 5908 2798 5959 voces,
2830 5893 2909 5959 τὸ,
2946 5890 3014 5947 ἓν
3038 5891 3167 5947 καθ’
3196 5891 3287 5949 ἐν.
