4034 6568
533 407 639 472 575

1334 411 1666 474 ARE'I'H/E
1702 413 2083 476 CAESARE/ﬁ
2122 414 2611 478 CAPPADOCIE
2646 416 2995 481 EPISCOPI

3704 420 3816 485 .576

533 520 823 594 prudentia
859 521 962 576 hoc
1024 520 1255 586 faciens,
1307 525 1402 580 sed
1433 527 1731 583 ostendens
1765 529 1912 599 quod
1957 528 2115 583 etiam

2229 529 2422 595 ποιῶν,
2461 529 2874 599 ἐνδεικνύμενος
2904 530 2963 583 δὲ
2991 529 3067 593 ὡς
3101 529 3198 583 καὶ
3235 530 3336 602 τῆς
3366 528 3473 602 πρὸ
3508 531 3607 601 τῆς
3630 531 3816 584 τελευ-

533 625 661 671 ante
690 616 1047 670 novissimum
1084 617 1421 685 pra-.conium
1441 633 1634 673 eorum
1672 621 1764 690 qui
1810 628 1957 675 recte
1987 637 2119 691 ope-

533 718 745 770 rantur,
789 707 861 763 sit
888 706 1071 778 aliqua
1104 708 1405 779 gratiarum
1460 710 1605 766 actio
1663 711 1748 766 his
1777 713 1872 782 qui
1920 713 2119 770 delun-

531 809 735 871 guutur
760 801 1015 871 przesenti
1051 801 1323 859 laborioso
1355 804 1556 868 stadio,
1587 806 1951 862 concedentes
1981 823 2118 877 prae-

529 898 641 949 ﬁxo
682 895 935 961 termino,
969 912 1095 951 cum
1127 897 1425 967 unicuique
1451 896 1734 954 deﬁnitum
1778 900 1849 955 sit
1888 900 1939 955 id
1971 904 2115 972 quod

530 985 661 1040 utile
682 994 769 1042 est
799 1001 813 1038 :
851 996 1038 1057 utpote
1074 988 1386 1057 recipiendo
1423 989 1590 1044 etiam
1634 1003 2114 1051 commensuratas

527 1077 595 1131 ad
622 1076 867 1132 futurum
889 1086 942 1133 et
972 1079 1350 1137 indissolubile
1384 1082 1644 1138 saeculum
1678 1085 2065 1143 retributiones
2098 1104 2112 1142 :

527 1172 641 1227 sive
686 1172 759 1226 sit
810 1174 1201 1229 miraculorum
1255 1190 1537 1239 accessus,
1590 1176 1707 1232 sive
1748 1178 1855 1233 alia
1909 1180 2114 1249 quaevis

527 1264 812 1320 beneﬁcia.
844 1265 959 1321 Non
984 1267 1154 1337 igitur
1178 1268 1545 1339 conﬁguratio
1576 1286 1707 1343 erga
1730 1271 1918 1329 Jesum
1946 1274 2111 1332 Chric

524 1368 668 1411 stum
705 1357 795 1413 Dei
831 1358 1030 1413 Filium
1059 1360 1433 1426 incarnatum,
1457 1378 1486 1415 a
1520 1363 1964 1421 ministrantibus
1987 1382 2114 1437 pro-

522 1449 723 1506 cedens
760 1452 1072 1522 Spiritibus,
1109 1454 1429 1526 pariterque
1454 1473 1581 1513 cum
1617 1459 1727 1515 illis
1746 1469 1802 1515 et
1832 1461 1903 1516 ab
1944 1462 2113 1517 homi-

522 1541 688 1595 nibus
718 1542 811 1610 qui
847 1558 971 1597 sese
1012 1545 1387 1614 prazstiterunt
1450 1548 1683 1604 eximios
1728 1552 2008 1621 operibus,
2056 1565 2111 1609 et

521 1633 831 1690 benedictio
859 1652 923 1692 ac
947 1637 1213 1704 laudatio,
1244 1639 1437 1695 ultimo
1459 1641 1727 1696 duntaxat
1753 1644 1842 1699 die
1869 1646 2109 1714 reposita

519 1734 626 1793 est,
658 1728 750 1781 sed
778 1728 942 1782 etiam
985 1729 1040 1783 in
1074 1732 1332 1800 priesenti
1375 1751 1389 1786 :
1419 1735 1890 1803 quemadmodum
1924 1738 1970 1792 is
2012 1740 2107 1805 qui

520 1819 860 1888 conspicitur
909 1822 1179 1876 transitus
1210 1822 1629 1877 distinctionum
1668 1834 1975 1895 temporum
2013 1829 2107 1883 de-

520 1910 847 1964 monstravit
872 1911 956 1965 his
984 1913 1077 1979 qui
1112 1922 1273 1967 acute
1292 1924 1526 1981 possunt
1564 1915 1895 1984 perspicere.

586 1998 658 2052 Et
678 2000 927 2068 objicient
954 2017 1180 2055 coronas
1210 2020 1357 2058 suas.
1400 2004 1646 2061 Coronas
1678 2016 1805 2061 ante
1848 2007 2103 2063 thronum

514 2090 754 2160 abjicere
786 2091 1073 2147 victoriam
1102 2094 1398 2163 signiﬁcat,
1433 2095 1594 2150 veluti
1630 2112 1777 2152 nunc
1808 2114 2027 2169 quoque
2051 2098 2105 2154 in

513 2183 600 2237 his
626 2183 808 2239 videre
833 2194 914 2239 est
940 2185 1034 2255 qui
1061 2185 1289 2241 vincunt
1316 2186 1367 2241 in
1392 2189 1807 2245 certaminibus.
1848 2188 2105 2247 Thronus

511 2291 643 2330 vero
668 2277 1098 2333 dominationem
1130 2294 1195 2334 ac
1229 2282 1524 2349 potentiam
1557 2282 1827 2351 designat.
1857 2282 1951 2337 Est
1998 2299 2103 2338 au-

514 2378 621 2423 tem
655 2386 858 2425 corona
906 2371 1055 2441 regni
1088 2372 1322 2443 insigne.
1358 2372 1463 2440 Qui
1518 2376 1681 2443 igitur
1712 2391 1948 2433 coronas
1978 2387 2104 2433 ante

510 2462 771 2516 thronum
800 2463 1086 2532 abjiciunt,
1118 2465 1248 2535 quid
1280 2465 1426 2520 aliud
1461 2482 1625 2536 quam
1653 2476 1861 2522 certum
1894 2484 1959 2523 ac
2006 2484 2101 2524 ve-

517 2570 635 2607 rum
679 2571 903 2623 regnum
932 2569 983 2611 et
1013 2557 1297 2613 victoriam
1332 2558 1597 2613 adversus
1619 2575 1832 2625 omnes,
1865 2558 1973 2613 Deo
2006 2575 2100 2628 per

510 2647 691 2700 (ltllllia
725 2648 1002 2703 referunt?
1028 2651 1271 2705 dicentes
1296 2669 1308 2705 :
1336 2650 1485 2716 Tibi,
1534 2650 1785 2716 Domine,
1821 2653 1890 2706 ab
1916 2652 2097 2707 moui-

513 2738 613 2791 bus
638 2738 869 2793 debetur
883 2741 1054 2809 gloria
1081 2752 1336 2812 tanquam
1360 2744 1634 2798 conditori
1666 2762 1730 2800 ac
1751 2746 2095 2815 plasmatori,

507 2840 561 2884 ιιι
588 2831 703 2900 qui,
734 2848 857 2886 cum
886 2849 991 2887 non
1024 2844 1231 2902 essent,
1279 2838 1587 2906 produxisti
1623 2847 1680 2894 ut
1722 2848 1926 2905 essent,
1959 2855 2093 2894 con-

505 2940 691 2980 servas
724 2942 789 2981 ac
817 2929 1087 2985 contines.

1014 3133 1180 3205 695
1210 3134 1439 3191 CAPUT
1475 3136 1567 3192 x1.

2221 620 2378 684 ταίας
2406 620 2516 674 τῶν
2548 621 2968 693 κατορθούντων
3003 622 3383 696 ἀναρρήσεως,
3414 623 3534 677 ἐστι
3584 643 3670 689 τις
3694 628 3812 689 τοῖς

2220 712 2583 768 ἁπεκδύνουσι
2608 714 2669 767 τὸ
2696 714 2875 785 παρὸν
2913 714 3209 784 ἐναγώνιον
3231 716 3470 781 στάδιον,
3515 717 3595 789 τῷ
3626 718 3810 773 τεθει-

2224 802 2369 873 μένῳ
2427 803 2745 858 ὑπείκουσιν
2804 806 2935 877 ὅρῳ,
2985 805 3080 860 τοῦ
3144 809 3519 879 συμφέροντος
3588 810 3810 881 ἑκάστῳ

2218 892 2643 966 ὠροθετηκότος.
2680 897 3021 969 εὐχαριστίᾳ,
3057 898 3154 952 ἅτε
3181 898 3277 952 καὶ
3326 899 3809 971 ἀντιλαμϐάνουσι

2221 986 2570 1056 συμμέτρους
2647 989 2784 1059 πρὸς
2840 989 2933 1043 τὸν
2999 990 3265 1060 μέλλοντα
3325 993 3419 1047 καὶ
3467 994 3811 1048 ἀκατάλυτον

2218 1076 2388 1130 αἰῶνα
2414 1076 2513 1140 τὰς
2545 1076 2867 1146 ἀντιδόσεις,
2897 1080 3016 1152 ἤτοι
3069 1080 3367 1149 θαυμάτων
3397 1082 3740 1153 περιουσίαν,
3767 1083 3806 1154 ἢ

2217 1167 2311 1221 καί
2342 1185 2495 1232 τινας
2537 1169 2731 1238 ἐτέρας
2764 1170 3107 1241 εὐεργεσίας.
3144 1173 3259 1227 Οὐκ
3290 1169 3383 1227 οὖν
3440 1174 3535 1227 ἐπὶ
3561 1174 3658 1241 τῆς
3711 1191 3808 1227 τεο

2215 1257 2475 1322 λευταίας
2510 1260 2676 1331 μόνον
2727 1260 3158 1331 τεθησαύρισται
3196 1262 3435 1332 ἡμέρας,
3466 1265 3499 1334 ἠ
3553 1263 3660 1317 ἀπὸ
3691 1262 3809 1315 τῶν

2214 1352 2603 1423 λειτουργικῶν
2627 1354 2956 1422 πνευμάτων
2983 1357 3079 1408 καὶ
3098 1356 3210 1409 τῶν
3232 1356 3465 1418 ἐκείνοις
3491 1356 3807 1426 ἐναμίλλων

2214 1442 2517 1515 ἀνθρώπων
2543 1443 2840 1515 ἐξαιρέτως
2885 1444 2964 1515 τῷ
3005 1445 3152 1517 ἔργῳ
3180 1446 3503 1517 δειχθέντων
3533 1448 3671 1516 πρὸς
3707 1448 3806 1502 τὸν

2216 1534 2570 1606 σαρκωθέντα
2606 1534 2816 1607 Ἰησοῦν
2851 1537 3089 1606 Χριστὸν
3109 1537 3200 1591 τὸν
3234 1539 3361 1592 Υίὸν
3384 1538 3481 1593 τοῦ
3512 1539 3647 1593 Θεοῦ
3670 1541 3807 1593 ὑπο-

2212 1627 2455 1690 τύπωσις
2485 1627 2579 1679 καὶ
2624 1626 2869 1697 εὐφημία
2918 1628 3011 1681 καὶ
3064 1623 3234 1693 αἶνος,
3267 1629 3382 1683 ἀλλ’
3419 1630 3521 1701 ἤδη
3564 1630 3658 1685 καὶ
3705 1631 3807 1683 ἐπὶ

2211 1717 2304 1769 τοῦ
2335 1716 2653 1779 ἐνεστῶτος,
2686 1716 2762 1780 ὼς
2796 1719 2828 1788 ή
2858 1718 3092 1772 δοκοῦσα
3126 1720 3235 1771 τῶν
3270 1722 3543 1790 χρονικῶν
3568 1722 3807 1793 διαστη-

2216 1803 2401 1875 μάτων
2445 1804 2760 1875 παράϐασις
2818 1810 2933 1870 τοῖς
2999 1807 3271 1873 ὀξυωπεῖν
3330 1812 3649 1881 δυναμένοις
3691 1812 3805 1866 ὑπ-

2210 1897 2457 1968 έστησεν.

2280 1992 2389 2046 Καὶ
2413 1992 2687 2056 ,βαλοῦσι
2716 1993 2860 2060 τοὺς
2894 1994 3239 2065 στεφάνους
3267 1994 3487 2052 αὐτῶν.
3512 1999 3585 2053 Τὸ
3615 1998 3806 2069 βαλεῖν

2208 2083 2336 2147 τοὺς
2384 2085 2684 2155 στεφάνους
2717 2084 2953 2139 ἐνώπιον
2998 2085 3093 2140 τοῦ
3131 2087 3348 2158 θρόνου,
3382 2088 3483 2159 τὴν
3514 2091 3673 2160 νίκην
3702 2091 3806 2162 δη-

2208 2180 2309 2241 λοῖ,
2349 2179 2425 2245 ὡς
2464 2182 2558 2236 καὶ
2585 2179 2679 2235 νῦν
2736 2182 2829 2235 ἐπὶ
2878 2182 2989 2236 τῶν
3039 2181 3317 2237 νικώντων
3375 2183 3599 2251 ἀγῶνας
3645 2184 3806 2238 ἐστιν

2211 2273 2375 2326 ἰδεῖν·
2426 2275 2454 2327 ό
2514 2273 2703 2345 θρόνος
2763 2275 2820 2329 δέ
2866 2274 2966 2346 τὴν
3017 2275 3318 2346 κυριότητα
3379 2278 3473 2330 καὶ
3518 2276 3801 2341 ἐξουσίαν.

2212 2368 2363 2420 Ἔστι
2395 2368 2488 2422 καὶ
2517 2368 2796 2438 βασιλείας
2818 2369 2846 2420 ὁ
2874 2370 3139 2437 στέφανος
3178 2369 3470 2439 σύμϐολον.
3500 2371 3803 2434 Βάλλοντες

2204 2458 2299 2513 οὖν
2328 2459 2559 2514 ἐνώπιον
2592 2460 2719 2524 τοὺς
2753 2461 3054 2530 στεφάνους
3078 2462 3171 2515 τοῦ
3202 2461 3415 2532 θρόνου,
3449 2463 3503 2515 τί
3536 2463 3602 2517 ἂν
3636 2464 3800 2529 ἄλλο,

2204 2550 2564 2623 ῆτὴνδντως
2616 2554 2709 2606 καὶ
2763 2554 2939 2624 ἀληθῆ
2990 2554 3287 2624 βασιλείαν,
3351 2555 3447 2608 καὶ
3502 2556 3604 2626 τὴν
3649 2558 3801 2610 κατὰ

2204 2644 2423 2698 πάντων
2495 2645 2670 2715 νίκην,
2711 2645 2792 2716 τῷ
2842 2646 2937 2699 ἐπὶ
2981 2648 3201 2701 πάντων
3265 2647 3582 2701 ἀνατιθέασι
3629 2649 3802 2718 Θεῷς

2203 2737 2475 2805 λέγοντεςο
2526 2738 2638 2800 Σοὶ,
2688 2740 2955 2804 Δέσποτα,
2990 2739 3144 2810 παρὰ
3176 2739 3406 2793 πάντων
3437 2741 3799 2809 ἐποφείλετοιι

2203 2828 2351 2894 δόξα.
2385 2828 2461 2891 ὡς
2492 2828 2683 2900 κτίστῃ
2706 2830 2800 2884 καὶ
2820 2830 3159 2900 δημιουργῷ,
3200 2830 3298 2884 καὶ
3328 2833 3392 2883 ἐκ
3414 2830 3509 2883 τοῦ
3540 2830 3614 2901 μὴ
3636 2831 3802 2896 ϐντος

2206 2922 2285 2981 είς
2315 2919 2375 2973 τὸ
2404 2916 2546 2974 εἶναι
2576 2925 2929 2994 προσαγωγεῖ
2968 2925 3064 2978 καὶ
3093 2926 3407 2995 συντηρητῇ
3465 2939 3512 2975 τε
3543 2924 3637 2977 καὶ
3665 2941 3801 2978 συν·

2202 3015 2341 3085 οχεῖ.

2795 3131 3052 3188 ΚΕΦΑΛ.
3094 3130 3197 3188 ΙΑ’.

502 3240 582 3297 De
611 3243 747 3320 libro
770 3246 978 3315 signato
1008 3249 1200 3316 sigillis
1226 3262 1420 3319 septem
1443 3254 1536 3320 qui
1565 3262 1680 3306 erat
1712 3255 1765 3308 in
1791 3271 1948 3309 manu
1975 3256 2084 3312 Do-
2113 3272 2115 3297 ι

2207 3241 2332 3320 Περὶ
2360 3241 2472 3320 τῇς
2499 3243 2885 3320 ,βίϐἷιουᾳτῆς
2916 3244 3411 3320 έσερραγισέιένης
3445 3247 3800 3320 σφραγῖσιν

607 3315 757 3383 mini,
790 3334 942 3386 quem
969 3315 1117 3374 nulla
1140 3315 1320 3375 creata
1344 3315 1536 3376 natura
1559 3328 1729 3392 potuit
1758 3328 1981 3396 aperire.
2079 3343 2087 3352 '

570 3492 632 3558 V,
662 3495 779 3551 1-5.
817 3495 883 3549 Et
917 3498 1024 3552 vidi
1069 3499 1123 3553 in
1162 3499 1385 3554 dextera
1429 3502 1656 3556 sedentis
1696 3504 1753 3557 in
1794 3506 1981 3560 throno
2021 3506 2089 3561 li-

498 3591 648 3642 brum
668 3592 921 3659 scriptum
954 3593 1098 3647 intus
1115 3603 1163 3647 et
1188 3594 1341 3663 foris,
1363 3596 1631 3665 signatum
1655 3598 1847 3667 sigillis
1870 3611 2083 3670 septem.

502 3678 567 3731 Et
600 3682 706 3734 vidi
746 3682 993 3751 angelum
1038 3685 1229 3753 fortem
1262 3688 1638 3754 pradicantem
1673 3706 1794 3743 voce
1841 3707 2035 3761 magna
2066 3708 2085 3745 :

494 3772 625 3835 Quis
651 3783 729 3827 est
760 3775 951 3844 dignus
988 3778 1192 3844 aperire
1243 3779 1441 3831 librum
1483 3790 1532 3833 et
1562 3780 1759 3835 solvere
1806 3783 2085 3851 signacula

490 3866 654 3929 eius?
684 3866 753 3919 Et
786 3884 936 3921 nenw
959 3879 1166 3937 poterat
1195 3886 1358 3939 neque
1389 3872 1444 3923 in
1490 3872 1617 3925 cwlo
1649 3889 1812 3943 neque
1854 3876 1907 3928 in
1943 3887 2085 3929 terra

493 3977 654 4031 neque
676 3961 855 4014 subter
882 3971 1075 4015 terram
1104 3964 1308 4029 aperire
1339 3965 1530 4018 librum
1565 3983 1729 4036 neque
1752 3970 1986 4037 aspicere
2016 3970 2085 4022 il-

492 4055 622 4107 lum.
662 4053 730 4107 Et
752 4071 844 4122 ego
866 4054 1056 4121 ﬂebam
1081 4056 1325 4121 multum,
1359 4059 1499 4127 quod
1543 4076 1691 4114 nemo
1732 4061 1921 4130 dignus
1947 4074 2081 4116 esset

491 4149 728 4200 iuventus
753 4151 961 4215 aperire
981 4148 1173 4202 librum
1203 4168 1366 4221 neque
1388 4154 1623 4223 aspicere
1649 4154 1823 4209 illum.
1853 4155 1919 4208 Et
1947 4172 2082 4210 riuus

488 4243 552 4293 de
585 4241 880 4296 senioribus
903 4242 1033 4296 dicit
1054 4244 1217 4300 mihi:
1244 4244 1326 4300 Ne
1356 4248 1584 4316 ﬂeveris.

556 4508 689 4574 Qum
747 4508 813 4562 ad
868 4509 1151 4564 dexteram
1190 4510 1285 4565 Dei
1348 4519 1481 4566 sunt
1528 4511 1825 4580 designant
1882 4512 2079 4567 auium:

2274 3313 2423 3384 ἑπτὰ
2458 3313 2567 3380 τῆς
2596 3314 2668 3366 ἐν
2692 3312 2763 3384 τῇ
2782 3314 2933 3381 χειρὶ
2960 3312 3068 3368 τοῦ
3094 3312 3265 3378 Θεοῦ.
3290 3312 3372 3383 ἢν
3391 3312 3592 3384 οὐδεὶς
3619 3312 3797 3374 ἀνοῖ-

2271 3384 2370 3448 ξαι
2394 3382 2643 3437 δύναται
2675 3383 2783 3453 τῆς
2815 3384 3067 3454 κτιστῆς
3095 3382 3357 3455 φύσεως.

2268 3494 2379 3550 Kal
2416 3492 2582 3550 εἶδον
2604 3495 2703 3549 ἐπὶ
2732 3496 2847 3565 τὴν
2889 3497 3099 3563 δεξιὰν
3145 3499 3251 3554 τοῦ
3301 3500 3644 3571 καθημένου
3685 3502 3796 3557 ἐπὶ

2197 3587 2305 3642 τοῦ
2377 3590 2597 3656 θρόνου
2648 3589 2896 3653 ,βιϐλίον
2945 3592 3359 3661 γεγραμμένον
3412 3595 3646 3649 ἔσωθεν
3688 3598 3797 3651 καὶ

2194 3680 2439 3745 ἔξωθεν,
2464 3684 3075 3752 κατεσφραγισμένον
3105 3688 3442 3756 σφραγῖσιν
3469 3688 3640 3743 ἑπτά.
3673 3690 3792 3743 Kal

2193 3769 2357 3827 εἶδον
2409 3773 2672 3843 ἄγγελον
2721 3776 2985 3845 ἰσχυρὸν
3039 3779 3437 3846 κηρύσσοντα
3488 3781 3561 3833 ἐν
3611 3781 3796 3849 φωνῇ

2193 3865 2428 3934 μεγάλῃ
2448 3879 2463 3893 ⁸
2512 3869 2607 3931 Τίς
2640 3867 2812 3933 ἄξιός
2845 3868 3019 3923 ἐστιν
3048 3870 3283 3934 ἀνοῖξαι
3314 3872 3380 3924 τὸ
3415 3873 3662 3936 ,βιϐλίον
3688 3874 3794 3927 καὶ

2192 3957 2379 4012 λῦσαι
2409 3958 2516 4023 τὰς
2544 3958 2886 4029 σφραγῖδας
2907 3961 3097 4015 αὐτοῦ
3122 3978 3141 4024 ;
3167 3962 3273 4015 Καὶ
3298 3962 3501 4029 οὐδεὶς
3525 3964 3792 4019 ἐδύνατο

2188 4052 2261 4104 ἐν
2295 4050 2376 4116 τῷ
2414 4052 2649 4121 οὐρανῷ
2690 4053 2833 4106 οὔτε
2878 4051 2978 4106 ἐπὶ
3008 4051 3117 4120 τῆς
3148 4053 3281 4124 γῆς,
3313 4055 3453 4107 οὔτε
3501 4055 3793 4110 ὑποκάτω

2191 4146 2302 4215 τῆς
2332 4146 2442 4216 γῆς
2486 4146 2721 4211 ἀνοῖξαι
2756 4147 2821 4200 τὸ
2847 4147 3114 4210 βιϐλίον,
3145 4148 3284 4201 οὔτε
3304 4146 3575 4211 βλέπειν
3610 4151 3787 4203 αὐτό.

2190 4241 2299 4296 Καὶ
2319 4241 2435 4310 ἐγὼ
2472 4240 2723 4295 ἔκλαιον
2765 4240 2949 4303 πολὺ,
2980 4240 3070 4294 ὅτι
3128 4240 3329 4306 οὐδεὶς
3366 4240 3536 4308 ἄξιος
3569 4244 3786 4310 εὑρέθη

2186 4331 2424 4395 ἀνοῖξαι
2458 4332 2525 4386 τὸ
2552 4333 2820 4397 βιϐλίον,
2850 4332 2993 4386 οὐδὲ
3034 4332 3301 4397 ,βλέπειν
3342 4335 3512 4387 αὑτό.
3548 4337 3657 4388 Kal
3695 4331 3791 4402 εἷς

2187 4425 2257 4477 ἐκ
2282 4423 2401 4478 τῶν
2425 4427 2847 4492 πρεσϐυτέρων
2865 4424 3027 4493 λέγει
3049 4442 3151 4493 μοι
3178 4442 3191 4455 ·
3230 4428 3287 4478 Μ
3296 4425 3331 4493 ἡ
3368 4425 3566 4480 κλαῖε.

2262 4514 2341 4565 Τὰ
2379 4515 2441 4565 ἐκ
2469 4513 2658 4577 δεξιῶν
2691 4514 2785 4567 τοῦ
2819 4515 2977 4577 Θεοῦ,
3008 4516 3075 4567 τὰ
3106 4514 3247 4568 κατὰ
3274 4516 3454 4586 ψυχὴν
3477 4516 3787 4572 αἰνίττεται

488 4602 653 4668 bona,
685 4619 808 4671 qua:
830 4604 997 4657 etiam
1027 4606 1412 4674 parwmiastcs
1445 4605 1705 4659 Solomon
1736 4603 1983 4659 ostendit
2024 4606 2075 4658 in

2207 4604 2384 4673 ιγαθὰ,
2428 4604 2572 4674 ἅπερ
2616 4605 2709 4658 κα)⁵
2769 4606 2797 4657 ὁ
2843 4606 3253 4676 παροιμιαστὴς
3296 4606 3551 4676 Σολομὼν
3604 4611 3662 4660 ἐν
3711 4612 3783 4678 τῇ

482 4698 705 4750 dextera
735 4698 1020 4765 sapientiae
1046 4699 1260 4767 reponi,
1294 4714 1389 4766 per
1429 4698 1597 4751 vitam
1639 4713 1703 4751 ea
1756 4696 2074 4766 signiﬁcans

2212 4698 2327 4769 εξιᾷ
2354 4697 2679 4751 ἀποκεῖσθαι
2713 4697 2867 4760 δηλοῖ
2916 4701 3017 4767 τῆς
3052 4698 3269 4765 σοφίας,
3316 4696 3352 4751 ἃ
3381 4698 3471 4751 διὰ
3504 4700 3599 4769 τῆς
3633 4701 3787 4767 ζωῆς

482 4790 715 4844 dicendo
748 4806 765 4844 :
805 4810 821 4842 ι
865 4789 923 4844 1η
957 4791 1184 4845 dextera
1220 4791 1394 4855 ipsius
1431 4788 1541 4841 vita
1577 4788 1639 4839 η.
1674 4808 1692 4841 ι
1730 4790 1861 4855 Qum
1885 4800 2014 4843 vero
2043 4805 2075 4846 ει

2207 4791 2457 4862 ιπέφηνεν
2490 4790 2685 4843 εἰπών’
2711 4810 2729 4841 ι
2755 4791 2845 4843 Ἐν
2876 4793 2943 4860 τῇ
2971 4789 3124 4861 δεξιᾷ
3156 4791 3329 4861 αὐτῆς
3354 4792 3490 4862 {mir
3514 4812 3532 4843 ι
3560 4793 3628 4844 τὰ
3648 4793 3706 4845 δὲ
3726 4794 3789 4858 ἐξ

481 4883 749 4945 sinistris,
782 4882 926 4937 bona
960 4883 1210 4951 corporis
1236 4891 1289 4935 et
1326 4880 1611 4935 mortalem
1664 4881 1805 4935 hanc
1851 4880 2015 4935 vitam
2057 4897 2072 4935 ;

481 4993 602 5045 qua:
636 4992 732 5047 per
760 4976 990 5046 gloriam
1025 4991 1089 5030 ac
1118 4976 1338 5030 divitias
1365 4973 1544 5026 innuit
1567 4973 1758 5028 dicens
1797 4990 1810 5027 :
1857 4991 1875 5024 ι
1909 4970 1967 5027 In
1996 4974 2075 5026 si-

481 5071 656 5124 nistra
684 5070 859 5140 ipsius
882 5069 1087 5123 divitiae
1122 5078 1176 5122 et
1198 5067 1400 5137 gloria.
1442 5084 1459 5118 ι
1504 5065 1576 5121 De
1603 5067 1803 5121 throno
1833 5083 1963 5121 vero
1990 5067 2077 5121 di-

478 5174 627 5218 ctum
653 5172 737 5218 est
760 5162 907 5232 quod
933 5169 1261 5231 potesmtem
1295 5176 1360 5214 ac
1400 5159 1756 5213 eminentiam
1806 5160 2077 5230 signiﬁcet

479 5258 600 5327 ejus
624 5258 716 5329 qni
750 5271 914 5326 super
957 5256 1134 5325 ipsum
1193 5253 1366 5308 sedet.
1426 5252 1571 5318 Quid
1598 5262 1683 5307 est
1715 5265 1898 5308 autem
1940 5254 2079 5307 liber

483 5352 588 5408 nisi
614 5348 1029 5421 sapientissima
1059 5358 1106 5401 et
1140 5344 1722 5417 incomprehensibilis
1748 5345 1843 5400 Dei
1866 5360 2077 5401 memo-

483 5447 603 5502 ria?
629 5460 792 5517 quam
815 5452 870 5496 et
888 5441 1150 5512 propheta
1176 5439 1344 5495 David
1367 5449 1422 5495 et
1441 5439 1619 5494 Moses
1638 5439 2073 5510 pra'signarunt:

483 5543 574 5596 ille
625 5539 847 5610 quidem
880 5551 1005 5590 cum
1048 5535 1300 5590 diceret:
1352 5552 1371 5586 ι
1421 5533 1479 5589 lu
1543 5534 1686 5588 libro
1742 5542 1836 5587 tuo
1887 5548 2077 5589 omnes

483 5630 851 5688 scribentur”
888 5646 903 5682 :
939 5648 957 5678 1
989 5629 1075 5682 hic
1107 5636 1288 5682 autem
1324 5642 1447 5681 cum
1472 5627 1589 5680 ait:
1628 5644 1645 5678 ι
1678 5626 1786 5681 Aut
1822 5626 1943 5680 dele
1990 5638 2079 5681 me

483 5727 551 5780 de
579 5725 720 5779 libro
747 5737 911 5791 quem
948 5721 1220 5792 scripsisti
1252 5722 1312 5777 εδ.
1362 5741 1379 5774 ι
1442 5720 1614 5774 Porro
1655 5721 1801 5776 intus
1835 5732 1888 5775 ct
1944 5719 2079 5775 foris

2182 4882 2510 4956 ἀριστερῶν,
2570 4882 2639 4935 τὰ
2672 4881 2816 4935 κατὰ
2843 4882 3004 4951 σῶμα
3036 4882 3133 4934 καὶ
3182 4882 3282 4952 τὴν
3332 4881 3536 4953 θνητὴν
3572 4882 3789 4953 ταύτην

2184 4976 2352 5045 ζωὴν,
2389 4977 2531 5047 ἆπερ
2562 4975 2650 5029 διὰ
2682 4976 2782 5045 τῆς
2835 4974 2991 5045 δόξης
3037 4976 3131 5028 καὶ
3166 4976 3260 5029 τοῦ
3293 4975 3527 5028 πλούτου
3560 4976 3789 5045 ᾐνίξατο

2182 5070 2396 5139 φήσας·
2428 5087 2446 5119 ι
2488 5069 2576 5121 Ἐν
2598 5071 2664 5139 τῇ
2694 5068 2961 5139 ἀριστερᾷ
2998 5068 3231 5132 πλοῦτος
3264 5071 3358 5121 καὶ
3382 5069 3529 5132 δόξα.
3569 5090 3586 5120 ι
3635 5070 3696 5123 ’0
3726 5069 3790 5136 δὲ

2186 5159 2401 5229 θρόνος,
2443 5161 2525 5213 ὅτι
2555 5160 2656 5231 τὴν
2694 5159 2943 5223 ἐξουσία-ι
2971 5162 3068 5213 καὶ
3096 5159 3158 5213 τὸ
3188 5160 3534 5231 ὑπερϐάλλον
3566 5159 3660 5212 τοῦ
3692 5159 3788 5212 ἐπ’

2183 5250 2347 5301 αὑτὸν
2369 5249 2570 5319 ὲπόχου
2613 5252 2893 5320 σημαίνει,
2928 5249 3170 5321 εἴρηται.
3225 5249 3290 5302 Τί
3325 5250 3383 5302 δὲ
3437 5250 3499 5303 τὸ
3533 5248 3786 5319 βιϐλίον;

2201 5344 2265 5397 Ἦ
2291 5344 2568 5415 πάνσοφος
2598 5345 2692 5397 τοῦ
2728 5345 2860 5397 Θεοῦ
2891 5345 2984 5399 καὶ
3011 5343 3386 5414 ἀνεπίληπτος
3421 5344 3638 5413 μνήμη.
3675 5345 3788 5396 Ἦν

2186 5442 2281 5495 καὶ
2326 5440 2354 5493 ὁ
2406 5438 2696 5509 προφήτης
2725 5437 2888 5491 Δαυῒδ
2942 5438 3039 5491 καὶ
3089 5438 3332 5506 Μωῡσῆς
3388 5437 3721 5508 παρεδήλου,
3752 5439 3789 5490 ὁ

2186 5534 2286 5605 μὲν
2329 5533 2418 5586 διὰ
2437 5531 2551 5585 τοῦ·
2584 5550 2602 5583 ι
2641 5532 2766 5585 Ἐπὶ
2789 5530 2848 5585 τὸ
2874 5530 3079 5601 βιϐλίον
3107 5548 3201 5584 σου
3232 5531 3435 5594 πάντες
3461 5530 3752 5601 γραφήσον
3779 5558 3787 5563 -

2182 5642 2293 5680 ται·
2328 5645 2346 5678 ι
2377 5627 2403 5678 ὁ
2435 5624 2492 5676 δὲ
2544 5624 2633 5679 διὰ
2655 5622 2770 5677 coo-
2809 5641 2827 5675 ι
2866 5624 3028 5695 Κάμὲ
3058 5624 3345 5694 ἐξάλειψον
3380 5625 3444 5677 ἐκ
3466 5623 3565 5692 τῆς
3594 5623 3789 5692 βίϐλου

2182 5714 2250 5791 ἧς
2284 5717 2556 5789 ἔγραψας.
2603 5733 2621 5767 ι
2652 5715 2723 5768 Τὸ
2749 5714 2805 5768 δὲ
2842 5714 3048 5769 ἔσωθεν
3078 5714 3389 5786 γεγράφθαι
3424 5715 3519 5768 καὶ
3551 5713 3784 5779 ἔξωθεν,

561 5886 603 5919 ⁸³
660 5886 820 5942 Prov.
872 5900 955 5950 ιιι,
1013 5886 1096 5943 lii.
1181 5887 1222 5919 ⁸³
1258 5886 1401 5942 Psal.
1438 5900 1707 5951 cxxxvm,
1746 5884 1828 5939 ib'.
1912 5881 2115 5938 ¹⁶ΕΧο1

2207 5898 2373 5947 usu,
2417 5880 2509 5935 5‘2.
