4030 6612
234 443 336 509 577

1307 435 1696 500 COMMENT.
1735 435 1818 498 ΙΝ
1857 433 2396 500 APOCALYPSIN.

3403 437 3510 502 578

232 559 328 616 καὶ
351 556 618 628 σφραγῖσι
661 549 1104 624 κατησφαλίσθαι
1148 549 1309 614 ἑπτὰ,
1343 549 1404 604 τὸ
1433 547 1638 601 ἔσωθεν
1682 548 1807 619 μὲν,

1936 548 2178 618 ιοιιὶριιιιη
2226 563 2350 603 esse
2411 556 2731 617 septemque
2789 546 2986 619 sigillis
3044 547 3344 620 signatum,
3407 553 3516 606 hoc

229 648 276 700 oi
298 647 375 710 ἐξ
419 643 758 714 Ιεοουσαλὴμ
781 642 848 696 ἂν
875 642 1069 713 εἴησαν
1093 639 1496 712 γεγραμμένοι,
1522 639 1599 704 ὡς
1626 638 1813 692 θεοσε-

228 738 350 802 ϐεῖς
373 740 442 808 τῇ
466 736 660 808 οδηγίᾳ
680 735 778 790 τοῦ
809 737 1003 806 νόμον,
1052 735 1115 788 τὸ
1153 733 1356 800 ἔξωθεν
1379 733 1436 787 δὲ
1469 734 1566 786 καὶ
1604 734 1672 803 τῇ
1705 731 1817 804 χεί-

229 847 352 886 οονι
378 845 456 898 po
478 845 573 900 ρα,
606 829 657 882 oi
687 828 746 892 ἐξ
773 828 966 883 ἐθνῶν.
998 828 1065 880 Ai
1105 827 1163 880 δὲ
1193 827 1332 880 ἐτττά
1377 825 1698 896 σφραγῖδες,
1739 824 1819 896 τῷ

234 921 372 974 ﬁndi
425 918 645 991 ἀριθμῷ
683 920 744 972 τὸ
789 919 1064 990 ἐπίσημον
1101 919 1348 988 ἔχουσαι,
1393 918 1495 982 τὰς
1534 917 1677 972 κατά
1725 915 1819 970 τὸν

234 1011 428 1078 θνητὸν
459 1011 651 1064 τοῦτον
675 1010 885 1081 κόσμον
917 1009 1030 1064 τῶν
1057 1011 1284 1081 ἡμερῶν
1311 1009 1614 1080 μεταϐολάς
1646 1027 1706 1063 τε
1727 1009 1822 1063 καλ⁵

231 1104 482 1174 διαδοχάς
511 1101 877 1174 σημαίνουσαι
925 1102 978 1156 τί
1002 1101 1070 1156 ἂν
1093 1102 1221 1156 ἀλλο
1248 1104 1485 1156 συνιέναι
1503 1103 1818 1173 παρέχοιεν,

229 1197 264 1258 ἦ
296 1196 358 1248 τὸ
389 1195 595 1266 μηδένα
625 1194 767 1265 πλὴν
821 1193 986 1264 μόνου
1024 1194 1162 1248 Θεοῦ
1193 1195 1261 1248 τά
1291 1194 1434 1249 κατά
1467 1195 1565 1266 τὴν
1584 1195 1822 1261 διέξοδον

229 1285 326 1339 τοῦ
359 1285 476 1356 βίου
507 1285 740 1338 ἑκάστου
772 1285 932 1355 ήμῶν
975 1285 1304 1358 ἐξακριϐοῦν
1355 1285 1522 1356 ἔχειν,
1577 1286 1818 1350 εἰδέναι;

235 1376 308 1428 ’Ἡ
338 1371 432 1428 οὖν
463 1373 647 1428 τοῦτο·
678 1375 711 1445 ἢ
742 1375 803 1428 τὸ
836 1374 1154 1430 κεκλεῖσθαι
1185 1377 1247 1430 τὸ
1293 1377 1499 1448 βιϐλίον
1526 1378 1622 1431 καὶ
1663 1377 1824 1430 τοῦτο

233 1467 562 1538 βουλομένου
590 1469 866 1541 παριστᾷν
899 1470 1042 1535 ἐστι,
1074 1470 1134 1522 τὺ
1155 1470 1357 1540 μηδένα
1374 1470 1640 1541 ἠξιῶσθαι
1672 1472 1824 1534 Θείας

231 1559 489 1628 ὲποψίας,
519 1559 662 1628 πλὴν
712 1559 1025 1626 ὀλιγίστων.
1062 1578 1080 1610 ι
1108 1561 1328 1624 Πάντες
1381 1561 1490 1632 γὰρ
1519 1561 1821 1626 ἐξέκλιναν,

232 1651 354 1720 ἅμα
377 1649 760 1721 ὴχρειώθησαν
782 1670 800 1702 ι
829 1653 926 1722 τὴν
947 1651 1055 1704 ἀπὸ
1080 1653 1181 1720 τῆς
1211 1653 1485 1723 ἁμαρτίας
1520 1653 1615 1705 τοῦ
1653 1653 1826 1723 Ἀδάμ

231 1742 554 1812 ἀχρείωσιν,
593 1746 688 1796 καὶ
739 1743 1123 1798 ἀπολωλέκασι
1164 1745 1266 1814 τὴν
1301 1744 1440 1816 πρὸς
1489 1746 1624 1798 Θεὸν
1681 1747 1824 1816 παρ-

235 1836 461 1906 ῥησίαν.

307 2013 420 2068 Καὶ
445 2012 646 2080 οὐδεὶς
671 2014 950 2069 ἐδύνατο.
989 2014 1324 2086 Ἀνθρώπων
1361 2016 1457 2086 μὲν
1488 2016 1667 2079 οὐδεὶς
1697 2014 1827 2084 ἡδύ-

234 2124 390 2162 νατο.
427 2106 500 2160 Τὸ
533 2107 591 2160 δὲ
620 2107 696 2169 ὡς
739 2107 926 2177 ἀρνίον
959 2108 1054 2159 καὶ
1110 2108 1280 2179 μάλα,
1326 2107 1402 2172 ὡς
1457 2108 1558 2179 ήδη
1611 2108 1826 2180 είρηται

234 2199 334 2251 καὶ
367 2197 457 2250 διὰ
489 2195 585 2249 τοῦ
613 2197 777 2249 Δαυῒδ
821 2197 963 2250 κατά
992 2197 1055 2250 τό
1078 2215 1092 2230 ·
1132 2216 1151 2249 ι
1195 2197 1346 2268 Πρωῖ
1397 2198 1695 2270 είσακούσῃ
1726 2203 1827 2270 τῆς

235 2290 426 2359 φωνῆς
463 2306 587 2359 μου,
623 2307 640 2340 ι
670 2291 884 2360 πρωῖαν
947 2289 1046 2361 τὴν
1073 2288 1160 2342 διὰ
1184 2289 1384 2358 σαρκὸς
1410 2291 1706 2361 ἐπιδημίαν
1730 2291 1826 2344 τοῦ

234 2383 448 2451 Κυρίου
504 2382 779 2450 λέγοντος,
829 2383 897 2438 δι’
938 2379 1006 2451 ἧς
1057 2383 1356 2454 ἐπιδημίας
1401 2383 1680 2455 ἄνθρωποι
1735 2385 1829 2438 καὶ

236 2474 392 2538 θείας
439 2475 670 2544 ὲποψίας
707 2473 1024 2546 ἠξιώθημεν
1077 2478 1480 2545 παραστάντες,
1526 2476 1694 2547 ἤγουν
1725 2494 1829 2531 πα-

236 2568 510 2640 ραστῆναι
562 2569 887 2633 ἀξιωθέντες
928 2569 1082 2640 παρά
1135 2569 1230 2622 τοῦ
1291 2569 1362 2621 τὰ
1400 2571 1830 2641 κατερραγμένα

233 2661 625 2734 ἀνορθοῦντος,
661 2663 775 2716 καὶ
802 2662 872 2715 τὰ
921 2662 1367 2732 συντετριμμένα
1409 2661 1825 2730 συσφίγγοντος.

234 2759 320 2812 Δι’
363 2757 402 2813 ἃ.
432 2760 527 2812 καὶ
554 2761 588 2830 ἠ
617 2759 758 2830 πρὸς
794 2759 946 2830 ἡμᾶς
999 2759 1168 2812 αὑτοῦ
1203 2757 1581 2829 εὔσπλαγχνος
1627 2759 1830 2830 ᾠκονο-

238 2851 392 2924 μήθη
442 2852 728 2924 ἐπιδημία.
772 2853 882 2906 Καὶ
915 2852 1003 2908 διά
1043 2852 1249 2924 ταύτην
1295 2853 1406 2906 τῶν
1437 2853 1735 2924 προφητῶν
1774 2856 1829 2908 ai

235 2945 457 3014 δεήσεις
501 2945 962 3017 είσηκούσθησαν,
1013 2939 1088 2998 ὧν
1137 2948 1253 3000 ἐστι
1301 2949 1393 3000 καὶ
1443 2949 1498 3019 ἠ,
1553 2967 1570 2999 ι
1633 2949 1828 3000 Κλῖνον

236 3036 369 3100 τοὺς
395 3036 660 3107 οὐρανοὺς
689 3037 784 3090 καὶ
818 3037 1116 3108 κατάϐηθι.
1157 3058 1173 3089 ι

311 3127 424 3181 Καὶ
448 3127 565 3198 ἐγὼ
591 3127 865 3192 ἔκλαιον,
898 3128 987 3182 ὅτι
1015 3129 1215 3196 οὐδεὶς
1238 3129 1409 3196 ἄξιος
1433 3129 1665 3199 εὑρέθη.
1693 3130 1829 3183 Οὐδὲ

238 3218 352 3290 γάρ
374 3219 633 3287 ἄγγελος,
687 3221 791 3274 οὐκ
817 3220 1106 3290 ἄνθρωπος
1131 3221 1305 3274 ταῦτα
1334 3220 1720 3293 κατώρθωσεν,
1755 3221 1829 3282 ὦς

241 3329 411 3383 φησιν
440 3313 690 3376 Ἡσαΐας,
719 3313 780 3365 οὐ
810 3313 1074 3384 πρέσϐυς,
1099 3313 1201 3366 οὐκ
1229 3314 1487 3381 ἄγγελος,
1513 3313 1630 3366 ἀλλ’
1662 3313 1828 3376 αὐτὸς

240 3405 451 3458 ἔσωσεν
477 3405 694 3469 αὐτούς.
722 3404 860 3460 Οὔτε
888 3405 982 3459 οὖν
1005 3407 1115 3460 τῶν
1146 3407 1406 3477 ἀσάρκων
1435 3423 1540 3470 τις,
1574 3404 1698 3458 οὕτε
1721 3405 1832 3459 τῶν

243 3500 306 3551 ὲν
326 3516 395 3552 σα
405 3500 496 3569 ρκὶ
509 3498 701 3564 ὄντων,
727 3498 852 3553 οὔτε
872 3500 983 3553 τῶν
1000 3502 1065 3554 ἐκ
1086 3500 1290 3571 σαρκὸς
1307 3499 1622 3570 ἀποδεδημη
1632 3500 1828 3566 κότων,

240 3593 342 3663 τὴν
371 3592 578 3663 ἀκριϐῆ
607 3592 716 3646 τῶν
739 3592 899 3646 θείων
920 3593 1112 3663 εἴληφε
1148 3593 1372 3662 γνῶσιν.
1409 3591 1584 3646 Τοῦτο
1629 3592 1739 3662 γὰρ
1772 3592 1834 3645 τὸ

245 3685 616 3754 συνεπτύχθαι
645 3685 796 3756 δηλοί
815 3685 877 3738 τὸ
913 3684 1138 3756 βιϐλίον,
1166 3685 1332 3739 οἱονεὶ
1368 3685 1430 3739 τὺ
1461 3685 1612 3758 πάσῃ
1638 3687 1830 3756 κτιστῇ

244 3778 408 3847 φύσει
469 3778 802 3848 ἀνεπινόητα
855 3775 998 3832 εἶναι
1069 3778 1140 3832 τὰ
1193 3779 1442 3850 κρίματα
1501 3779 1597 3832 τοῦ
1671 3777 1830 3833 Θεοῦ.

246 3873 456 3943 Κτιστῇ
490 3871 588 3940 μὲν
626 3871 718 3925 οὖν
753 3871 915 3940 φύσει
976 3871 1343 3925 συνέπτυκται
1384 3871 1442 3923 τὸ
1490 3870 1718 3940 βιϐλίον,
1743 3870 1836 3923 καὶ

244 3964 307 4018 οὐ
343 3962 505 4034 μόνον
533 3961 741 4027 ἀνοῖξαι
789 3979 874 4025 τις
903 3961 1038 4016 αὐτὸ
1073 3962 1356 4025 ἀδυνάτως
1392 3962 1527 4032 ἔχει,
1565 3961 1681 4015 ἀλλ’
1711 3961 1834 4015 οὐδὲ

248 4055 493 4126 βλέπειν,
536 4054 814 4107 τουτέστιν
861 4053 984 4106 οὐδὲ
1025 4054 1234 4117 ἀτενῶς
1295 4054 1433 4124 πρὸς
1462 4053 1528 4105 τά
1566 4053 1684 4106 θεῖα
1720 4052 1838 4123 κρι-

250 4165 400 4218 ματα
451 4148 677 4218 ίσχυσεν
717 4149 874 4219 ὁρᾷν.
919 4148 1061 4201 Ἀλλ’
1101 4149 1151 4200 οἱ
1211 4148 1470 4200 τοσούτου
1519 4145 1839 4216 ἀναπεπληη

251 4239 447 4311 σμένοι
469 4239 566 4294 τοῦ
595 4240 840 4308 ἀναξίου,
876 4239 1068 4312 ἐπειδὴ
1100 4237 1286 4305 αὐτοῖς
1314 4242 1347 4311 ὴ
1380 4239 1475 4293 τοῦ
1505 4239 1693 4311 ἀρνίου
1716 4239 1838 4292 ἐπι-

248 4331 424 4402 δημία
452 4332 721 4403 παρέστη,
775 4333 844 4385 τά
875 4334 1008 4403 πρὶν
1063 4332 1264 4403 ἀπορα,
1327 4330 1537 4403 εὔπορα
1571 4331 1834 4402 κατέστη,

251 4423 349 4477 καὶ
370 4423 440 4476 τά
466 4421 725 4493 δυσχερῆ,
765 4422 924 4494 ρᾁιά
951 4439 1009 4476 τε
1035 4423 1130 4476 καὶ
1153 4422 1380 4494 εὐχερῆ.

322 4697 436 4754 Καὶ
463 4691 554 4764 εἷς
588 4696 657 4750 ἐκ
685 4695 805 4749 τῶν
851 4695 1292 4765 πρεσϐυτέρων.
1331 4691 1426 4759 Εἷς
1448 4696 1557 4750 τῶν
1592 4698 1838 4768 πρεσϐυ-

249 4793 452 4864 τέρων,
477 4790 644 4861 ἤγουν
674 4788 782 4842 τῶν
805 4787 1436 4858 θειοτέρωνῄδυνάμεων.
1471 4789 1534 4841 Οἳ
1563 4790 1656 4842 καὶ
1685 4789 1842 4843 αὐτοὶ

251 4889 320 4957 τῇ
352 4885 491 4956 πρὸς
512 4885 661 4955 ἡμᾶς
693 4882 877 4953 σχέσει
919 4883 1096 4953 χαρᾶς
1154 4881 1515 4953 πληροῦνται,
1549 4883 1625 4947 ὡς
1679 4884 1774 4937 καὶ
1811 4885 1840 4937 ὁ

254 4981 462 5050 Κύριές
495 4995 669 5050 φησι·
702 4997 721 5031 ι
754 4977 916 5048 Χαρὰ
943 4978 1159 5045 γίνεται
1196 4977 1256 5030 έν
1281 4976 1498 5048 οὐρανῷ
1526 4978 1618 5031 ἐπὶ
1660 4979 1840 5049 ἀμαρ-

251 5073 413 5144 τωλῷ
444 5070 818 5143 μετανοοῦντι.
845 5091 864 5122 ι
901 5071 964 5124 Ei
988 5069 1046 5124 δὲ
1068 5070 1160 5124 ἐπὶ
1195 5069 1277 5124 ένὶ
1310 5068 1628 5140 ἀμαρτωλῷ
1653 5069 1834 5135 τοῦτο,

253 5165 398 5234 πόση
429 5161 526 5214 καὶ
548 5160 630 5224 τίς
660 5163 693 5232 η
724 5160 870 5232 χαρὰ
896 5160 1129 5231 συσταίη
1155 5160 1248 5214 ἐπὶ
1281 5159 1532 5226 πολλοῖς;
1560 5160 1629 5214 δι’
1653 5161 1720 5232 ἢν
1741 5163 1838 5215 καὶ

254 5255 604 5327 ήπαρῤησία
623 5254 718 5309 τοῦ
762 5255 974 5326 ἀρνίου,
1003 5254 1033 5307 ὃ
1079 5253 1256 5325 ἧνοιξε
1305 5253 1366 5307 τὸ
1397 5253 1604 5325 βιϐλίον
1657 5256 1737 5318 είς
1778 5254 1839 5307 τὸ

255 5346 466 5414 γνῶναι
495 5345 590 5400 τὸν
615 5347 708 5400 ἐπὶ
758 5346 1002 5417 σωτηρίᾳ
1050 5344 1211 5417 ἡμῶν
1255 5345 1697 5415 παραγεγονότα.
1731 5346 1842 5399 Καὶ

255 5439 340 5493 ὅτι
393 5437 573 5504 τοῦτο,
625 5439 786 5504 αὐτὸς
832 5441 982 5511 ἡμᾶς
1034 5439 1278 5492 διδάσκει
1328 5439 1357 5491 ὀ
1402 5437 1606 5510 Κύριος
1635 5437 1840 5507 λέγων·

263 5551 284 5584 ι
317 5533 434 5586 Οὐκ
473 5527 638 5602 ἦλθον
702 5533 931 5587 καλέσαι
992 5532 1256 5600 δικαίους,
1307 5532 1446 5587 ἀλλά
1481 5531 1844 5604 ἁμαρτωλοὺς

256 5629 340 5690 εἰς
372 5627 684 5697 μετάνοιαν.
714 5645 734 5678 ι

1918 638 2043 702 erit,
2079 649 2136 694 nt
2164 641 2312 694 intus
2345 640 2567 710 quidem
2597 633 2786 710 scripti
2835 642 3092 696 dicantur
3132 642 3230 712 qui
3283 651 3513 698 suntex

1921 731 2318 801 Hierosolymis
2349 739 2613 800 tanquam
2657 729 2748 784 Dei
2811 731 3056 786 cultores
3101 731 3236 802 legis
3257 732 3462 788 ducam
3493 752 3510 786 ι

1921 823 2060 879 foris
2110 834 2294 878 autem
2343 825 2460 878 sive
2493 839 2521 876 α
2552 832 2706 894 tergo
2744 835 2796 878 et
2841 823 3098 879 deteriori
3127 835 3301 895 parte,
3326 825 3420 895 qui
3445 841 3513 880 ex

1924 917 2207 988 gentibus.
2245 916 2464 987 Septem
2505 931 2637 970 vero
2694 915 2871 988 sigilla
2934 917 3248 986 septenario
3290 931 3518 972 numero

1921 1012 2138 1082 insigne
2173 1011 2430 1066 habentia
2464 1019 2518 1066 et
2554 1011 2924 1082 signiﬁcantia
2973 1011 3187 1065 dierum
3225 1011 3518 1066 varietates

1924 1120 1990 1160 ac
2016 1105 2400 1161 successiones
2430 1121 2551 1176 quae
2575 1105 2628 1158 in
2663 1105 2982 1160 transitorio
3014 1105 3121 1160 hoc
3157 1108 3363 1158 mundo
3386 1120 3519 1159 con-

1925 1196 2167 1266 tingunt,
2223 1197 2353 1265 quid
2411 1195 2557 1250 aliud
2620 1195 3036 1264 intelligendum
3092 1195 3339 1264 praebent
3411 1194 3516 1248 nisi

1924 1289 2070 1358 quod
2099 1303 2260 1342 nemo
2291 1297 2490 1356 pratter
2523 1287 2700 1342 solum
2730 1286 2898 1340 Deum
2929 1297 3120 1340 exacte
3161 1287 3302 1340 scire
3336 1285 3514 1355 possit

1925 1395 2048 1449 quze
2079 1379 2132 1432 in
2164 1379 2313 1433 exitu
2351 1380 2478 1433 vita:
2509 1379 2674 1450 695
2728 1380 2999 1448 cujusque
3057 1388 3308 1432 nostrum
3351 1394 3517 1448 expe-

1925 1468 2184 1524 ctentur?
2206 1468 2315 1522 Aut
2347 1467 2516 1538 igitur
2539 1469 2643 1522 hoc
2675 1469 2747 1521 ita
2773 1477 2886 1521 est:
2914 1469 3272 1522 autelausntn
3307 1484 3426 1523 esse
3448 1470 3516 1522 li-

1926 1560 2111 1626 brum,
2151 1560 2257 1614 hoc
2292 1559 2675 1614 demonstrare
2706 1561 2941 1615 volentis
2973 1570 3076 1625 est,
3101 1561 3309 1614 nullum
3334 1559 3519 1614 divino

1927 1663 2149 1722 asttectu
2213 1654 2439 1724 dignum
2493 1655 2680 1709 haberi
2732 1665 2927 1724 praeter
2973 1656 3360 1725 paucissimos.
3433 1655 3520 1709 Si-

1927 1746 2150 1814 quidem
2193 1765 2210 1795 ‹
2238 1761 2432 1799 onmes
2468 1744 2911 1811 declinaverunt,
2952 1747 3116 1802 simul
3143 1746 3362 1800 inutiles
3391 1746 3517 1801 facti

1931 1845 2080 1899 Sunt,
2096 1855 2112 1887 ι
2129 1837 2425 1890 inntilitate
2446 1851 2567 1906 quae
2586 1852 2649 1890 ex
2672 1849 2896 1906 peccato
2917 1839 3085 1892 Adam
3105 1847 3387 1893 contracta
3403 1846 3522 1892 est:

1857 1901 1902 1960 Β
1931 1938 1985 1984 et
2011 1930 2365 1998 perdiderunt
2400 1929 2706 1984 libertatem
2741 1946 2863 2000 quze
2897 1941 2981 1986 est
3013 1946 3141 2001 erga
3181 1929 3372 1985 Deum.

2003 2021 2070 2076 Et
2104 2040 2254 2076 nemo
2288 2033 2518 2094 poterat.
2555 2023 2850 2078 llominum
2879 2026 3096 2095 quidem
3144 2025 3327 2080 nullus
3370 2034 3524 2094 pote-

1928 2122 2035 2180 rat,
2065 2115 2111 2170 is
2137 2125 2317 2168 autem
2351 2117 2444 2184 qui
2471 2117 2624 2186 Agno
2649 2116 2845 2171 similis
2878 2124 2997 2170 erat
3031 2116 3304 2172 maxime:
3332 2131 3516 2186 quem.

1929 2208 2228 2262 admodum
2303 2211 2468 2262 etiam
2546 2225 2644 2279 per
2718 2208 2888 2264 David
2944 2211 3058 2280 jam
3111 2212 3317 2264 dictum
3384 2219 3526 2278 erat,

1937 2320 1954 2351 ι
1997 2300 2151 2355 Mane
2177 2302 2438 2355 exaudies
2464 2318 2651 2356 vocem
2688 2318 2868 2356 meam
2910 2304 2976 2370 ιτ,
3015 2321 3033 2354 ι
3085 2319 3241 2356 mane
3275 2303 3528 2357 vocando

1929 2392 2226 2446 adventum
2266 2391 2482 2448 Domini
2516 2410 2611 2464 per
2657 2410 2904 2461 carnem,
2958 2411 3054 2466 per
3083 2411 3249 2465 quam
3284 2410 3527 2466 prtesen-

1933 2483 2064 2537 tiam
2096 2484 2180 2537 vel
2225 2485 2516 2540 adventum
2567 2488 2706 2540 nacti
2768 2495 2899 2541 sunt
2964 2487 3214 2542 homines
3267 2487 3525 2541 divinum

1930 2586 2240 2646 aspectum,
2269 2579 2386 2634 sive
2411 2589 2469 2634 ιιι
2493 2590 2620 2636 ante
2646 2580 2796 2635 illum
2817 2581 3146 2636 sistercntur
3168 2582 3314 2652 digni
3346 2580 3528 2636 ell‘ecti

1930 2678 2084 2735 sunt,
2123 2671 2192 2725 ab
2227 2687 2293 2726 eo
2330 2674 2423 2742 qui
2473 2673 2713 2744 collapsa
2762 2674 2944 2744 erigit,
2981 2684 3034 2729 et
3080 2675 3316 2730 contrita
3369 2688 3530 2742 repa-

1933 2762 2104 2816 rando
2145 2765 2498 2835 constringit.
2540 2767 2777 2836 Propter
2825 2768 2939 2821 haec
3003 2767 3166 2821 etiam
3220 2765 3533 2821 misericors

1932 2853 2079 2908 illius
2114 2854 2179 2908 ad
2207 2870 2309 2909 nos
2336 2871 2592 2911 accessus
2616 2857 2906 2910 ordinatus
2933 2865 3037 2920 est,
3063 2865 3117 2909 et
3146 2864 3365 2924 propter
3388 2855 3531 2908 hunc

1931 2942 2318 3012 prophetarum
2347 2959 2536 3012 preces
2569 2945 2840 2998 exaudita:
2877 2954 3005 2999 sunt
3034 2961 3048 2998 :
3084 2945 3225 2997 inter
3277 2959 3416 3012 quas
3444 2954 3530 2998 est

1930 3040 1985 3085 et
2019 3033 2106 3084 illa
2139 3049 2151 3084 :
2196 3049 2214 3082 ε
2256 3031 2459 3086 lnclina
2493 3035 2664 3087 rmlos
2694 3044 2744 3087 et
2773 3034 3046 3089 descende
3080 3034 3142 3087 ".

2004 3123 2073 3178 Et
2104 3141 2198 3194 ego
2225 3124 2414 3193 ﬂebam
2459 3127 2598 3196 quod
2651 3144 2800 3181 nemo
2826 3127 3019 3196 dignus
3073 3138 3203 3180 esset
3254 3127 3526 3180 iuventus.

1934 3215 2120 3288 Neque
2150 3219 2296 3272 enim
2327 3220 2574 3288 angelus,
2632 3237 2811 3290 neque
2870 3221 3035 3274 ltomo
3087 3220 3201 3274 hate
3242 3229 3532 3274 assecutus

1935 3317 2042 3372 est,
2075 3319 2132 3363 ut
2168 3309 2346 3380 inquit
2373 3311 2557 3373 Isaias,
2596 3328 2702 3366 non
2757 3312 2959 3378 senior,
2995 3327 3104 3366 non
3159 3313 3406 3383 angelus,
3435 3313 3527 3367 sed

1937 3401 2054 3470 ipse
2085 3403 2269 3456 salvos
2301 3417 2397 3457 eos
2434 3401 2581 3456 fecit.
2605 3401 2792 3474 Neque
2822 3403 2987 3474 igitur
3011 3406 3306 3474 quisquam
3338 3419 3530 3457 eorum

1935 3494 2029 3565 qui
2055 3509 2220 3549 carne
2246 3505 2456 3560 carent,
2495 3513 2672 3568 neque
2700 3513 2893 3552 eorum
2915 3500 3010 3569 qui
3034 3499 3086 3553 in
3111 3514 3276 3553 carne
3301 3499 3530 3569 degunt,

1937 3601 2115 3655 neque
2147 3601 2338 3640 eorum
2388 3586 2481 3658 qui
2545 3604 2766 3644 carnem
2813 3592 3114 3646 morientes
3164 3591 3530 3661 reliquerunt,

1937 3687 2186 3733 exactam
2217 3680 2429 3749 accepit
2474 3680 2784 3735 divinarum
2836 3697 3018 3736 rerum
3077 3682 3323 3737 notitiam
3360 3700 3374 3736 :
3406 3696 3531 3735 nam

1939 3771 2043 3825 hoc
2074 3770 2278 3824 indicat
2318 3772 2712 3842 complicatum
2753 3771 2926 3829 fuisse
2966 3773 3164 3828 librum
3215 3792 3229 3829 :
3287 3775 3390 3830 ltoc
3449 3783 3538 3829 est

1942 3861 2217 3915 universae
2241 3873 2439 3917 creata:
2469 3874 2680 3919 natura:
2713 3865 2990 3937 incognita
3022 3883 3147 3922 esse
3175 3867 3269 3922 Dei
3295 3868 3532 3939 judicia.

1938 3951 2152 4007 Creataa
2185 3953 2371 4024 itaque
2419 3966 2630 4012 natura;
2686 3959 3051 4028 cotnplicatus
3105 3959 3207 4014 fuit
3242 3959 3400 4023 liber,
3434 3975 3536 4015 nrc

1940 4047 2116 4101 solum
2150 4047 2492 4116 impossibile
2541 4051 2644 4104 fuit
2699 4052 2958 4122 cuiquam
3007 4053 3246 4120 aperire,
3307 4053 3400 4106 sed
3433 4068 3534 4106 nec

1939 4139 2186 4208 aspicere
2211 4140 2364 4193 illum
2396 4141 2597 4210 potuit,
2635 4144 2740 4197 hoc
2776 4155 2883 4210 est,
2906 4159 3086 4214 neque
3111 4143 3234 4198 lixis
3255 4144 3320 4197 ad
3347 4144 3533 4197 divina

1935 4229 2144 4302 judicia
2181 4231 2358 4288 oculis
2406 4243 2666 4303 poterant
2710 4237 3013 4304 reSpicere.
3053 4237 3158 4291 Sed
3219 4237 3310 4307 qui
3369 4245 3534 4290 tantae

1939 4335 2098 4380 erant
2150 4325 2511 4394 indignitatis,
2568 4338 2861 4398 postquam
2905 4329 3237 4384 subsecutus
3287 4337 3372 4383 est
3405 4329 3532 4398 agni

1939 4417 2007 4471 ad
2029 4420 2124 4472 eos
2155 4417 2445 4483 adventus,
2490 4436 2613 4490 qua:
2653 4431 2816 4476 antea
2851 4423 3105 4494 perplexa
3137 4431 3192 4478 et
3239 4422 3537 4494 inexplica-

1943 4509 2073 4564 bilia
2106 4519 2286 4576 erant,
2345 4511 2505 4568 facile
2561 4515 2750 4583 pervia
2802 4515 2996 4570 ellecta
3041 4525 3172 4572 sunt
3232 4535 3247 4572 :
3305 4526 3358 4572 et
3411 4532 3536 4588 quae

1870 4615 1919 4676 ι)
1945 4602 2203 4670 diﬂieilia,
2238 4604 2418 4660 facilia
2449 4622 2512 4660 ac
2536 4618 2785 4679 prompta
2819 4608 2991 4664 fuere.

2013 4693 2083 4748 Et
2122 4712 2258 4749 unus
2285 4697 2349 4750 de
2378 4698 2692 4754 senioribus.
2743 4696 2898 4754 Unus
2925 4702 2990 4755 de
3033 4701 3370 4766 senioribus,
3419 4701 3537 4758 sive

1939 4786 2308 4843 divinioribus
2340 4789 2659 4856 virtutibus,
2691 4806 2810 4862 quae
2843 4799 2897 4845 et
2928 4793 3060 4861 ipsa:
3088 4809 3153 4847 ex
3187 4809 3374 4848 rerum
3419 4793 3536 4849 dis-

1939 4879 2215 4948 positione
2255 4896 2380 4951 qure
2407 4882 2554 4938 circa
2605 4899 2708 4939 nos
2739 4885 3008 4955 contingit
3037 4885 3240 4956 gaudio
3297 4887 3536 4957 impleu-

1939 4972 2050 5038 lur,
2083 4973 2549 5043 quemadmodum
2600 4978 2763 5032 etiam
2795 4977 2928 5033 dicit
2979 4976 3240 5035 Dominus
3275 4997 3288 5034 :
3331 4997 3350 5030 ι
3392 4978 3538 5034 Gau-

1945 5063 2096 5117 dium
2128 5062 2186 5117 llt
2213 5063 2268 5116 in
2297 5064 2440 5119 coelo
2469 5067 2538 5119 ob
2594 5081 2764 5121 unum
2809 5077 3157 5138 peccatorem
3209 5069 3538 5140 resipiscen-

1946 5163 2055 5208 tem
2087 5155 2154 5208 ¹⁹.
2190 5172 2210 5206 ι
2235 5155 2390 5220 Quod
2415 5154 2461 5210 si
2497 5156 2550 5211 id
2579 5157 2650 5212 ob
2677 5173 2846 5212 unum
2875 5168 3217 5228 peccatorem
3247 5160 3533 5230 contingit,

1945 5252 2210 5316 quantum
2243 5247 2369 5314 erit,
2415 5248 2667 5314 obsecro,
2719 5251 2979 5321 gaudium
3036 5261 3259 5322 propter
3298 5252 3538 5307 multos?

1949 5350 2177 5408 prepter
2205 5341 2351 5410 quod
2375 5342 2541 5396 etiam
2585 5343 2840 5414 provenit
2879 5344 3002 5414 agni
3048 5345 3400 5409 conﬁdentia,
3441 5345 3534 5416 qui

1950 5433 2166 5502 aperuit
2224 5433 2427 5489 librum
2478 5444 2538 5490 ut
2583 5446 3013 5507 cognosceretur
3072 5438 3120 5492 is
3179 5438 3272 5509 qui
3317 5447 3539 5508 propter

1951 5535 2193 5580 nostram
2238 5527 2468 5582 salutem
2527 5528 2848 5586 advenerat.
2883 5529 3152 5602 Quodque
3205 5531 3308 5584 boc
3364 5530 3439 5584 ita
3466 5530 3542 5584 sit

1948 5617 2138 5674 docuit
2171 5633 2274 5675 nos
2321 5620 2442 5692 ipse
2479 5619 2748 5680 Dominus
2797 5623 2990 5682 dicens
3040 5641 3054 5681 :
3093 5643 3113 5677 ι
3169 5623 3288 5679 Non
3323 5623 3445 5679 veni
3479 5630 3540 5680 ut

1948 5723 2138 5764 vocem
2166 5712 2375 5781 justos,
2406 5715 2500 5769 sed
2533 5727 2853 5787 peccatores
2881 5716 2949 5772 ad
2993 5716 3372 5788 paenitentiam
3394 5715 3464 5773 ²⁹.
3515 5732 3534 5767 ι

337 5875 558 5953 "PSaI.
599 5893 732 5960 ω.
811 5894 854 5927 η
886 5889 1337 5956 Psal.cxt.m,5.
1419 5890 1461 5922 ιθ
1493 5887 1625 5945 Luc.
1664 5906 1751 5957 xv,
1784 5891 1829 5946 7.

1937 5892 1957 5924 °
1994 5891 2162 5948 Matth
2218 5907 2272 5946 ts
2333 5893 2418 5947 1⁸5.
