4034 6574
531 407 635 470 5Ἶ9

1023 519 1193 591 696
1235 518 1462 574 CAPUT
1508 520 1622 576 xu.

527 612 607 670 De
655 629 791 685 agno
850 612 1074 667 habente
1102 629 1303 666 cornua
1356 623 1575 694 septem,
1607 613 1871 683 quomodo
1916 611 2112 663 librum

1165 695 1455 752 aperuerit.

604 772 665 838 V,
695 774 815 827 5—7.
841 771 976 826 Ecce
998 773 1119 827 vicit
1148 774 1224 827 leo
1248 774 1314 828 de
1338 773 1479 826 tribu
1501 770 1672 838 Iuda,
1718 772 1879 825 radix
1915 770 2111 836 David,

525 869 613 935 qui
653 866 820 935 aperit
853 865 1047 919 librum
1089 878 1135 919 et
1167 876 1361 935 septem
1399 864 1678 935 signacula
1723 864 1858 932 ejus.
1892 862 1960 915 Et
2008 864 2118 917 vidi

528 962 583 1011 in
611 961 781 1011 medio
831 958 1007 1011 throni
1030 970 1077 1013 et
1120 972 1350 1027 quatuor
1400 957 1719 1011 animalium
1764 967 1813 1009 et
1853 958 1908 1009 in
1946 958 2116 1011 medio

528 1054 794 1105 seniorum
811 1067 1005 1120 agnum
1028 1061 1253 1104 stantem
1281 1060 1531 1119 (unquam
1555 1050 1809 1112 occisum,
1841 1048 2116 1103 habentem

529 1162 729 1198 cornua
770 1155 964 1213 septem
1010 1154 1059 1196 et
1103 1143 1282 1196 oculos
1307 1155 1523 1212 septent.
1594 1158 1712 1213 quae
1761 1153 1883 1196 sunt
1920 1154 2117 1211 septem

529 1242 749 1311 spiritus
782 1239 880 1292 Dei
912 1240 1061 1291 missi
1100 1240 1151 1291 in
1181 1238 1483 1291 universam
1522 1250 1741 1292 tetram.
1795 1238 1864 1291 Et
1908 1239 2044 1293 venit
2068 1249 2117 1293 et

528 1333 726 1402 accepit
750 1333 813 1385 de
842 1334 1029 1384 dextra
1059 1331 1287 1385 sedentis
1311 1332 1362 1385 in
1392 1332 1580 1386 throno
1604 1332 1821 1387 librum.

598 1597 742 1653 Vicit
774 1612 899 1651 eum
955 1596 1046 1666 qui
1100 1612 1201 1651 nos
1246 1595 1457 1650 vicerat
1508 1593 1809 1649 diabolum.
1858 1590 1994 1659 Quis
2037 1599 2121 1646 est

525 1701 707 1745 autem
738 1692 829 1759 qui
879 1690 1039 1744 vicit?
1083 1690 1128 1743 ls
1174 1688 1267 1758 qui
1309 1698 1568 1757 tanquam
1611 1686 1753 1741 Deus
1778 1684 1998 1754 quidem
2034 1692 2121 1738 est

526 1783 631 1845 leo,
658 1782 725 1835 de
759 1796 868 1851 quo
918 1780 1229 1850 patriarcha
1282 1794 1503 1847 quoque
1550 1776 1725 1831 Jacob
1778 1776 2117 1830 decumbens

1353 404 1680 467 ARETH/E
1719 402 2103 467 C/ESARE/E
2141 401 2628 465 CAPPADOCI/E
2667 402 3020 466 EPISCOPI‘

3699 412 3808 474 580

2826 520 3072 571 ΚΕΦΛΛ.
3109 518 3205 572 ιη’.

2290 606 2431 676 Περὶ
2462 606 2571 662 τοῦ
2585 608 2826 682 aprica
2847 609 2956 682 τοᾷ
2979 610 3065 682 ,τὰ
3093 610 3242 682 ἑπτὰ
3288 610 3505 682 κέρατα
3533 611 3807 682 ἔχοντες,

2574 678 2734 743 ὅπως
2770 678 2885 746 τὴν
2914 680 3138 743 βίϐλον
3167 681 3452 746 ἀνέῳξεν.

2303 771 2460 827 Ἰδοὺ
2490 771 2777 838 ἐνίκησεν
2808 774 2841 826 ό
2872 772 3030 825 λέων
3054 776 3086 827 ό
3106 774 3176 826 ὲκ
3203 773 3314 841 τῆς
3338 774 3546 843 φυλῆς
3583 776 3810 837 Ἰούδα.

2221 864 2261 931 ἡ
2284 862 2419 931 ῥίζα
2444 863 2649 923 Δαυῒδ.
2685 866 2717 916 ὀ
2744 865 3005 933 ἀνοίγων
3024 864 3090 917 τὸ
3110 866 3361 929 βιϐλίον
3395 867 3623 934 καὶτὰς
3654 870 3811 923 ἑπτὰ

2223 955 2561 1024 σφραγῖδας
2586 956 2795 1009 αὐτοῦ.
2836 956 2945 1010 Kal
2973 954 3138 1011 εἶδον
3165 958 3237 1011 ἐν
3262 958 3430 1028 μέσῳ
3451 960 3557 1014 τοῦ
3588 962 3812 1028 θρόνου

2223 1048 2322 1100 καί
2378 1047 2498 1100 τῶν
2547 1048 2865 1116 τεσσάρων
2890 1047 3068 1116 ζώων,
3110 1052 3209 1104 καί
3230 1052 3299 1105 ἐν
3326 1052 3495 1121 μέσῳ
3518 1054 3637 1107 τῶν
3664 1073 3810 1124 πρε-

2223 1140 2530 1205 σϐυτέρων
2556 1140 2789 1218 ἀρνίον,
2814 1141 3064 1208 ἑστηκὸς
3109 1143 3189 1209 ὡς
3218 1143 3623 1213 ἐσφαγμένον,
3664 1147 3815 1214 ἕχον

2224 1229 2444 1296 κέρατα
2496 1230 2668 1293 ἑπτὰ,
2718 1233 2816 1285 καὶ
2859 1234 3209 1302 ὀφθαλμοὺς
3263 1235 3433 1297 ἑπτὰ,
3484 1236 3520 1291 ἄ
3569 1240 3686 1291 εἰσι
3738 1239 3815 1291 τὰ

2224 1320 2374 1373 ἑπτὰ
2430 1323 2743 1390 πνεύματα
2796 1324 2902 1376 τοῦ
2959 1324 3109 1377 Θεοῦ
3164 1326 3672 1395 ἀποστελλόμενα
3720 1331 3809 1391 είς

2224 1410 2433 1465 πᾶσαν
2468 1413 2584 1482 τὴν
2612 1414 2748 1483 γῆν.
2797 1415 2906 1470 Καὶ
2953 1413 3102 1485 ἦλθε
3136 1419 3234 1471 καὶ
3283 1420 3537 1487 εἴληφεν
3593 1421 3659 1474 ἐκ
3695 1420 3808 1489 τῆς

2223 1501 2428 1570 δεξιᾶς
2456 1506 2557 1559 τοῦ
2578 1509 2919 1577 καθημένου
2950 1510 3049 1563 ἐπὶ
3077 1511 3181 1565 τοῦ
3205 1514 3422 1581 θρόνου
3451 1514 3516 1566 τὸ
3538 1515 3805 1579 βιϐλίον.

2310 1598 2560 1669 Ἐνίκησε
2599 1600 2689 1653 τὸν
2720 1601 2989 1671 ἡμέτερον
3023 1604 3250 1674 νικητὴν
3279 1606 3373 1657 τὸν
3395 1605 3664 1662 διάϐολον.
3704 1608 3810 1672 Τίς

2222 1690 2280 1744 δὲ
2316 1691 2345 1744 6
2372 1694 2642 1761 νικήσαςς
2693 1692 2751 1747 ’0
2779 1694 2855 1756 ὡς
2883 1694 3015 1758 Θεὸς
3048 1696 3145 1763 μὲν
3185 1697 3345 1759 λέων.
3388 1698 3516 1769 περὶ
3548 1692 3608 1751 οὗ
3648 1701 3741 1753 καὶ
3775 1702 3811 1753 ὁ

2224 1782 2573 1853 πατριάρχης
2628 1784 2823 1837 Ἰακὼϐ
2852 1787 2879 1838 6
2910 1786 3261 1850 κατακλιθεὶς
3301 1790 3811 1861 ἐχρησμοδότησεν·

524 1874 857 1928 vaticinatus
909 1884 994 1927 est
1026 1891 1039 1926 :
1086 1892 1102 1923 ι
1157 1872 1226 1926 Ut
1259 1873 1343 1926 leo
1376 1873 1443 1926 de
1476 1871 1618 1924 tribu
1659 1869 1795 1923 Juda
1824 1870 1891 1924 “.
1925 1886 1942 1919 ι
1977 1867 2123 1922 Tan-

2233 1892 2250 1923 ι
2302 1874 2388 1937 Ὠς
2410 1875 2546 1928 λέων
2574 1876 2602 1927 6
2637 1876 2699 1928 ὲκ
2723 1879 2821 1946 τῆς
2851 1878 3024 1946 φυλῆς
3067 1878 3257 1932 Ἰούδα.
3300 1896 3317 1929 δ
3363 1879 3452 1941 Ὠς
3484 1880 3607 1949 ῥίζα
3630 1881 3688 1933 δὲ
3710 1882 3813 1935 τοῦ

525 1983 693 2036 quam
722 1967 877 2020 ratix
916 1982 1046 2020 vero
1096 1967 1268 2034 ipsius
1303 1964 1495 2030 David,
1546 1964 1691 2017 sicut
1733 1971 1949 2016 creator
1987 1977 2117 2031 pro-

522 2070 645 2133 pter
680 2061 1022 2115 divinitatem
1064 2080 1078 2116 :
1135 2077 1203 2114 ex
1258 2062 1441 2115 radice
1495 2071 1677 2113 autem
1725 2058 1893 2112 David
1938 2058 2118 2111 dictus

523 2162 692 2207 esteo
724 2153 870 2222 quod
906 2153 1114 2207 dictum
1151 2152 1319 2207 fuerit
1357 2154 1424 2205 de
1454 2153 1636 2205 radice
1689 2151 1857 2205 David
1908 2152 2116 2220 virgam

524 2244 852 2315 produxisse
885 2244 1072 2299 ﬂorem
1111 2254 1333 2314 propter
1373 2244 1795 2298 humanitatem.

599 2337 799 2406 Agnmn
831 2347 1056 2391 stantem
1079 2347 1331 2407 tanquam
1366 2338 1623 2391 occisum.
1648 2336 1837 2406 Agnus
1863 2342 1945 2389 est
1969 2333 2119 2388 Chri-

536 2438 655 2483 stus
689 2430 784 2498 qui
814 2430 979 2483 etiam
1014 2430 1467 2499 prreﬁgurabatur
1490 2444 1586 2499 per
1610 2443 1810 2499 agnum
1844 2429 1935 2498 qui
1965 2426 2121 2496 juxta

531 2524 702 2593 legale
736 2524 939 2593 pascha
974 2523 1382 2587 immolabatur,
1414 2530 1467 2576 et
1500 2536 1596 2591 per
1636 2521 1831 2575 Isaiam
1862 2530 2120 2588 tanquam

527 2629 593 2668 ex
630 2630 863 2685 persona
897 2614 1103 2668 Christi
1131 2612 1265 2667 dicit
1300 2630 1311 2666 :
1345 2630 1362 2661 ι
1405 2611 1517 2681 Ego
1552 2621 1735 2665 autem
1772 2612 2116 2679 sicutagnus

530 2707 798 2762 innocens
816 2708 904 2775 qui
926 2705 1143 2760 ducitur
1160 2716 1218 2760 ut
1242 2706 1579 2770 innnoletur,
1607 2720 1712 2757 non
1733 2704 1963 2772 cognovi
1986 2703 2069 2769 “;
2098 2720 2116 2753 ι

528 2808 582 2852 cl
618 2798 795 2854 illud:
846 2818 864 2849 ι
929 2798 1082 2853 Sicut
1139 2814 1311 2867 agnus
1365 2812 1552 2851 coram
1618 2797 1877 2849 tondente
1909 2811 1967 2850 se
2006 2796 2125 2850 sine

530 2906 662 2945 voce
697 2890 781 2955 ";
829 2910 845 2939 ι
896 2899 949 2944 et
980 2891 1023 2945 si
1074 2890 1203 2960 quid
1240 2890 1366 2943 huic
1402 2888 1686 2943 sententiae
1729 2888 2012 2942 conferme
2042 2896 2125 2941 est

527 2983 673 3053 quod
701 2982 940 3037 hominis
969 2982 1063 3036 Dei
1099 2982 1410 3052 passionem
1463 2982 1624 3035 nobis
1677 2978 2124 3035 manifestissime

530 3076 805 3145 ﬁguravit.
868 3075 1027 3140 Quod
1077 3083 1261 3127 autem
1321 3074 1539 3127 occisus
1583 3087 1695 3125 non
1754 3072 1990 3134 dicatur,
2025 3071 2121 3125 sed

531 3177 789 3235 tauquam
854 3166 1097 3228 occisus,
1142 3164 1507 3233 signiﬁcantis
1547 3171 1631 3217 est
1664 3164 1810 3234 quod
1845 3164 1898 3216 in
1946 3172 2123 3218 morte

530 3271 640 3310 non
673 3258 1034 3325 permanserit
1083 3274 1097 3311 :

529 3359 614 3404 est
645 3350 790 3419 quod
823 3350 1028 3404 dicitur
1059 3365 1165 3403 non
1197 3349 1317 3402 dari
1366 3359 1615 3402 sanctum
1654 3358 1713 3402 ut
1742 3348 1973 3416 videret,
2004 3363 2115 3403 non

532 3442 835 3509 interitum,
866 3443 957 3496 sed
1012 3445 1422 3512 corruptionem
1488 3462 1502 3496 :
1553 3452 1816 3511 tanquam
1864 3441 2116 3496 interitus

533 3534 750 3601 quidem
818 3534 1218 3602 separationem
1252 3534 1451 3588 anima:
1499 3549 1529 3586 a
1564 3548 1800 3603 corpore
1828 3533 2115 3603 designet:

535 3627 682 3696 quod
722 3626 886 3680 etiam
926 3641 1051 3679 vere
1081 3625 1303 3680 Christo
1350 3625 1619 3680 accidisse
1670 3625 1854 3679 nullus
1903 3626 2116 3694 piorum

535 3720 806 3773 cultorum
864 3728 1083 3772 recusat
1134 3718 1447 3785 suscipere,
1528 3716 1934 3784 corruptionem
1990 3732 2120 3768 vero

536 3825 669 3863 non.
720 3808 905 3877 Neque
954 3807 1101 3861 enim
1137 3808 1392 3877 perfectae
1426 3809 1789 3860 humanorum
1844 3807 2120 3859 meinan-

538 3915 660 3953 rum
699 3899 1056 3953 dissolutioni
1113 3899 1393 3969 subjectus
1432 3898 1555 3962 fuit,
1580 3897 1674 3952 sed
1722 3912 1833 3967 quo
1877 3910 2123 3967 tempore

538 3990 944 4060 corruptionem
989 3992 1307 4062 subiugi-edi
1334 3990 1692 4060 Oportuissct,
1721 3989 1884 4059 697
1925 4002 1990 4042 eo
2033 4004 2126 4042 sn-

540 4085 864 4154 pcrvenicns
917 4085 1248 4139 resurrectio
1307 4085 1679 4151 corruptionis
1740 4084 1848 4137 vim
1900 4081 2122 4139 retudit.

543 4175 667 4230 Ideo
697 4190 914 4246 quoque
955 4175 1208 4230 triduana
1266 4174 1366 4229 fuit
1395 4175 1599 4229 Christi
1629 4176 1681 4228 in
1723 4182 1896 4228 morte
1943 4188 2126 4228 remo-

543 4268 701 4321 ratio.
734 4266 1015 4338 Siquidem
1052 4267 1318 4338 probatus
1363 4278 1447 4322 est
1486 4268 1532 4321 is
1578 4268 1673 4337 qui
1704 4264 1926 4335 scripsit
1963 4273 2126 4320 natu-

540 4362 709 4415 ralem
742 4362 1054 4427 historiam,
1107 4363 1296 4417 dicens
1337 4378 1568 4431 corpora
1612 4360 1963 4416 morientium
2008 4375 2131 4429 qua:

541 4456 612 4508 ab
643 4455 766 4524 igne
810 4466 1135 4525 consumpta
1181 4472 1288 4510 non
1318 4465 1468 4521 sunt,
1513 4463 1624 4507 tres
1668 4453 1787 4508 dies
1834 4452 2127 4516 sustinere,

2222 1964 2404 2029 Δαυῒδ,
2438 1965 2514 2028 ὡς
2569 1966 2794 2034 κτίστης
2852 1966 2939 2019 διὰ
2982 1966 3081 2034 τὴν
3124 1966 3374 2036 θεότητα.
3424 1968 3518 2021 Ἐκ
3565 1969 3723 2039 ῥίζης
3750 1970 3815 2024 δε

2223 2054 2386 2108 Δαυτδ
2417 2056 2632 2127 εἴρηται
2655 2057 2741 2110 διὰ
2768 2058 2829 2110 τὸ
2856 2059 3108 2129 εἰρῆσθαι
3142 2060 3205 2112 ὲκ
3229 2060 3384 2131 ῥίζης
3423 2059 3586 2114 Δαυῒδ
3616 2062 3818 2116 ὀὰϐδον

2222 2148 2381 2212 ἄνθος
2408 2148 2705 2218 ϐλαστῆσαι
2734 2151 2821 2204 διὰ
2850 2151 2946 2222 τὴν
2977 2151 3394 2224 ἁνθρωπότητα.

2310 2325 2566 2394 Ἀρνίον,
2624 2327 2885 2394 ἑστηκὸς
2944 2330 3023 2395 ὡς
3074 2329 3479 2401 ἐσφαγμένον.
3542 2335 3752 2405 Ἀρνίον
3785 2336 3819 2389 6

2224 2420 2477 2488 Χριστὸς,
2513 2420 2540 2471 ὃ
2578 2421 2671 2474 καὶ
2719 2422 2808 2476 διὰ
2868 2422 2962 2475 τοῦ
3010 2424 3153 2477 κατὰ
3198 2426 3292 2478 τοῦ
3339 2428 3565 2497 νομικοῦ
3618 2431 3817 2501 Πάσχα

2227 2510 2489 2579 θυομένου
2533 2513 2907 2581 προετυποῦτο
2962 2515 3157 2585 ἀμνοῦ.
3189 2518 3297 2570 Καὶ
3347 2518 3435 2571 διὰ
3487 2519 3709 2573 Ἡσαΐου
3733 2522 3820 2584 ὡς

2228 2606 2291 2657 ὲκ
2347 2604 2642 2674 προσώπου
2696 2607 2832 2674 φησι
2897 2607 2992 2660 τοῦ
3032 2608 3315 2678 Χριστοῦ·
3368 2629 3386 2661 ι
3462 2610 3603 2678 Ἐγὼ
3644 2613 3700 2665 δὲ
3734 2616 3819 2676 ὡς

2226 2696 2411 2764 ἀρνίον
2468 2696 2675 2750 ἄκακον
2699 2699 2967 2768 ἀγόμενον
3004 2700 3097 2752 τοῦ
3136 2699 3381 2768 θύεσθαι,
3416 2704 3516 2756 οὐκ
3545 2704 3716 2771 ἔγνων
3740 2722 3757 2735 ·
3794 2728 3814 2757 ι

2227 2790 2322 2842 καὶ
2354 2790 2414 2842 τό
2450 2807 2461 2819 ·
2500 2810 2517 2841 ι
2568 2790 2655 2852 Ὠς
2703 2791 2875 2860 ἀμνὸς
2903 2792 3145 2845 ἐναντίον
3174 2793 3271 2845 τοῦ
3328 2794 3608 2864 κείραντος
3648 2797 3820 2849 αὑτὸν

2227 2882 2461 2952 ἄφωνος,
2510 2903 2527 2934 ι
2572 2886 2665 2937 καὶ
2701 2884 2805 2937 εἴτι
2848 2884 3024 2955 τούτῳ
3057 2885 3185 2955 ἑξῆς
3222 2885 3297 2956 τῷ
3350 2884 3521 2958 ῥητῷ,
3551 2888 3614 2941 τὸ
3639 2888 3820 2952 πάθος

2229 2977 2360 3045 ἡμῖν
2394 2975 2488 3029 τοῦ
2520 2976 2883 3046 Θεανθρώπου
2918 2978 3030 3047 (‘22)
3062 2978 3440 3048 ἐναργέστατα
3484 2980 3815 3034 διατυποῦν.

2230 3066 2305 3119 Τὸ
2350 3066 2409 3118 δὲ
2464 3067 2540 3138 μὴ
2574 3068 2918 3138 ἐσφαγμένον
2952 3069 3223 3139 εἰρῆσθαι,
3281 3069 3396 3122 ἀλλ’
3430 3070 3506 3134 ὡς
3535 3074 3823 3144 ἐσφαγμέ-

2230 3176 2339 3225 νον,
2368 3158 2429 3211 τὸ
2465 3161 2538 3230 μὴ
2575 3164 2932 3230 ὲναπομεῖναι
2966 3162 3253 3230 δηλοῦντός
3294 3165 3411 3216 ἐστι
3463 3163 3541 3235 τῷ
3575 3166 3820 3238 θανάτῳ.

1147 3258 1343 3311 revixit
1368 3256 1511 3309 enim
1533 3255 1785 3310 Christus
1813 3274 1826 3310 :
1854 3270 1979 3308 nam
2015 3255 2118 3309 hoc

2238 3253 2463 3306 Ἀνεϐίω
2486 3253 2595 3324 γὰρ
2633 3257 2660 3307 6
2691 3255 2949 3323 Χριστός.
2989 3255 3160 3309 Τοῦτο
3194 3258 3302 3327 γὰρ
3329 3257 3410 3324 τὸ,
3446 3230 3523 3330 μή
3543 3260 3634 3313 τὸν
3667 3230 3823 3314 ὅσιον

2225 3346 2356 3399 ἰδεῖν
2410 3348 2533 3416 ούχὶ
2575 3347 2819 3418 φθορὰν,
2872 3350 3007 3402 ἀλλὰ
3066 3350 3392 3420 διαφθορὰν,
3447 3352 3523 3414 ὡς
3572 3353 3673 3422 τῆς
3715 3355 3823 3423 μὲν

2223 3440 2430 3507 φθορᾶς
2486 3440 2583 3509 τὴν
2614 3439 2887 3505 διάζευξιν
2938 3443 3035 3507 τῆς
3082 3442 3260 3512 ψυχῆς
3309 3443 3409 3513 τὴν
3440 3444 3549 3496 ἀπὸ
3582 3443 3679 3497 τοῦ
3710 3444 3820 3497 σώ-

2226 3548 2394 3601 ματος
2434 3532 2726 3603 δηλούσης,
2762 3534 2789 3586 ὃ
2845 3536 2936 3585 κιὶ
2987 3536 3317 3587 πεπονθέναι
3368 3537 3606 3606 Χριστὸν
3636 3537 3823 3601 οὐδεὶς

2220 3621 2328 3672 τῶν
2346 3622 2715 3677 εὐσεϐούντων
2734 3627 2875 3677 κατὰ
2894 3626 3153 3694 ἀλήθειαν
3174 3629 3266 3679 καὶ
3284 3628 3587 3697 ὑποστῆναι
3606 3629 3822 3713 ἀθετεῖ,

2222 3713 2519 3783 διαψθοράν
2551 3716 2629 3783 δὲ,
2669 3716 2753 3769 ού.
2787 3718 2860 3769 Οὐ
2905 3717 3014 3787 γὰρ
3062 3722 3131 3789 τῇ
3187 3719 3370 3790 τελείᾳ
3417 3720 3661 3774 διαλύσει
3703 3723 3821 3775 τῶν

2224 3804 2583 3873 ἀνθρωπίνων
2637 3805 2821 3876 μερῶν
2854 3807 3159 3880 ύπεϐλήθη,
3190 3809 3325 3863 ὰ).λὰ
3352 3810 3477 3862 καθ’
3523 3810 3583 3864 ὃν
3610 3816 3819 3883 καιρὸν

2225 3895 2322 3964 τὴν
2384 3896 2687 3967 διαφθυρὰν
2751 3898 3057 3953 ύπεισιέναι
3112 3900 3302 3972 ἐχρῆν,
3364 3902 3503 3957 κατὰ
3560 3900 3752 3957 τοῦτον
3787 3906 3825 3974 ἡ

2225 3988 2523 4050 ἀνάστασις
2575 3990 2958 4061 ἐνεργηθεῖσα,
3016 3994 3116 4063 τὴν
3181 3993 3484 4064 διαφθορὰν
3542 3994 3818 4065 ἦμϐλυνε.

2228 4082 2319 4136 Διὸ
2357 4087 2451 4137 καὶ
2474 4085 2771 4155 τριήμερος
2799 4086 2832 4154 ἡ
2857 4086 2913 4138 ὲν
2943 4084 3020 4154 τῷ
3056 4086 3275 4156 Θανάτῳ
3318 4086 3412 4138 τοῦ
3446 4087 3654 4154 Κυρίου
3688 4087 3819 4140 διας

2228 4179 2416 4249 τριϐὴ,
2450 4179 2563 4246 εῐγε
2589 4178 2889 4241 ἀπόδεκτος
2934 4179 2963 4231 ὁ
2986 4178 3083 4247 τὴν
3115 4178 3353 4246 φυσικὴν
3380 4178 3626 4247 ἱστορίαν
3676 4180 3821 4250 γρά-

2230 4270 2359 4340 sitas.
2390 4270 2461 4323 τὰ
2492 4270 2723 4338 σώματα
2752 4270 2863 4322 τῶν
2896 4269 3242 4340 θνησκόντων
3270 4271 3347 4341 μὴ
3387 4272 3493 4324 ὑπὸ
3515 4273 3689 4341 πυρδς
3721 4275 3823 4327 ἀν-

2232 4363 2574 4428 αλωθέντων,
2607 4364 2756 4432 τρεῖς
2802 4363 3017 4435 ἡμέρας
3069 4363 3453 4435 διακαρτερεῖν
3503 4367 3570 4436 τῇ
3605 4368 3821 4436 φυσικῇ

2234 4454 2348 4528 ζωῇ
2373 4453 2761 4525 ἐνεργούμενα,
2794 4454 2887 4509 καὶ
2914 4454 2975 4508 τὸ
3020 4456 3127 4508 ἀπὸ
3152 4454 3305 4507 τοῦδε
3332 4458 3398 4524 τῇ
3439 4455 3639 4527 φθορᾷ,
3674 4454 3818 4525 μᾶλα

542 4548 777 4601 naturali
826 4549 931 4602 vita
998 4548 1051 4601 in
1090 4548 1170 4603 eis
1209 4557 1428 4616 agente,
1498 4562 1562 4600 ac
1612 4544 1813 4600 deinde
1859 4542 2124 4605 interitui.

2236 4547 2325 4600 λον
2345 4547 2402 4599 δὲ
2430 4548 2496 4620 τῇ
2527 4546 2791 4619 διαφθορᾷ
2816 4548 3226 4619 παραδίδοσθαι.

545 4638 655 4693 into
682 4644 862 4709 potius
892 4640 1231 4709 corruptioni
1266 4638 1429 4694 tradi.

620 4732 909 4787 [labentem
936 4751 1137 4787 cornua
1165 4742 1380 4801 septem.
1411 4730 1629 4784 Cornua
1663 4727 1956 4797 potentiam
1984 4725 2130 4781 desi-

545 4835 715 4895 gnant
747 4836 799 4880 et
842 4825 1095 4895 gloriam,
1124 4822 1587 4894 quemadmodum
1618 4820 1708 4874 ubi
1752 4819 1820 4873 de
1860 4826 2130 4887 potestate

544 4918 745 4973 dicitur
773 4935 786 4971 :
822 4935 840 4969 ι
870 4918 1064 4973 Omnia
1087 4930 1290 4971 cornua
1316 4922 1665 4985 peccatorum
1688 4910 2026 4978 confringant
2055 4928 2069 4964 :
2100 4929 2121 4962 ›

546 5014 613 5069 de
649 5014 819 5085 gloria
863 5026 995 5067 vero
1027 5028 1042 5065 :
1088 5028 1107 5063 ί
1154 5009 1220 5064 Et.
1252 5008 1583 5065 exaltabitur
1613 5022 1783 5061 cornu
1821 5006 1956 5077 justi
1992 5005 2057 5060 “.
2103 5023 2121 5058 ι

606 5199 736 5264 Qua:
759 5207 879 5253 sunt
912 5205 1103 5265 septem
1128 5193 1347 5263 spiritus
1371 5191 1484 5246 Dei.
1509 5191 1723 5259 Septem
1744 5188 1969 5259 spiritus
2001 5196 2129 5242 sunt

548 5302 755 5363 Septem
783 5290 1131 5362 operationcs
1163 5286 1431 5355 Spiritus,
1466 5297 1659 5352 nempe
1683 5280 1969 5350 sapientiae
1991 5320 2006 5342 ,
2039 5280 2125 5333 in-

548 5401 569 5441 t
605 5388 818 5447 llectus,
852 5383 1115 5448 scientiae,
1148 5378 1386 5443 consilii,
1423 5375 1786 5436 fortitudinis,
1823 5374 2038 5443 pictatis
2071 5382 2126 5427 et

550 5478 764 5531 timoris
801 5472 1016 5527 Domini
1063 5491 1076 5526 :
1123 5488 1245 5542 qua:
1291 5471 1642 5540 operationes
1687 5468 1980 5523 efﬁcaciam
2024 5467 2120 5521 ha-

554 5574 787 5627 buerunt
821 5571 872 5621 in
908 5569 1114 5621 sanctis
1145 5566 1235 5637 qui
1266 5575 1393 5619 sunt
1430 5565 1482 5619 in
1513 5564 1766 5618 universa
1803 5574 1969 5618 terra.

620 5755 662 5785 "
699 5753 836 5807 Gen.
892 5766 1040 5815 xttx,
1075 5749 1128 5804 9.
1207 5749 1251 5780 ²²
1291 5746 1493 5807 Jcrcin.
1545 5763 1620 5812 ιιι,
1660 5746 1746 5800 19.

619 5866 733 5938 (Ἡ)
777 5863 1089 5937 Ἀνθρώπου
1122 5867 1261 5935 vulg.

1851 5747 1896 5779 "
1931 5746 2036 5800 isa.
2076 5762 2229 5815 unt,
2258 5749 2313 5802 7.

2310 4731 2493 4799 Ἕχον
2534 4728 2750 4798 κέρατα
2789 4730 2958 4783 ἑπτά.
3006 4731 3230 4801 Κέρατα
3299 4729 3400 4800 τὴν
3442 4729 3675 4800 δύναμιν
3721 4749 3815 4803 σηο

2238 4824 2420 4892 μαίνει
2456 4822 2550 4876 καὶ
2584 4823 2681 4893 τὴν
2725 4822 2904 4886 δόξαν,
2944 4822 3019 4885 ὡς
3054 4824 3183 4877 ὅταν
3225 4822 3358 4893 περὶ
3390 4821 3491 4892 τῆς
3530 4822 3822 4893 δυνάμεως

2233 4916 2401 4989 λέγῃο
2452 4935 2470 4967 ι
2524 4916 2708 4969 Πάντα
2755 4917 2824 4968 τὰ
2874 4915 3081 4985 κέρατα
3124 4915 3236 4968 τῶν
3286 4914 3629 4986 ἁμαρτωλῶν
3687 4932 3823 4970 συν-

2234 5009 2434 5062 θλάσω’
2479 5029 2498 5062 ι
2543 5010 2671 5079 περὶ
2708 5009 2765 5061 δὲ
2807 5008 2908 5077 τῆς
2941 5008 3099 5078 δόξης
3124 5025 3135 5039 ·
3179 5027 3197 5060 ι
3230 5009 3340 5061 Καὶ
3374 5006 3725 5078 ὑψωθήσεται
3757 5009 3823 5060 τὸ

2231 5103 2401 5171 κέρας
2425 5100 2520 5155 τοῦ
2550 5101 2782 5155 δικαίου.
2820 5120 2838 5152 ι

2299 5195 2361 5248 Ἃ
2402 5196 2522 5247 εισι
2558 5196 2629 5249 τὰ
2668 5194 2817 5248 ἑπτὰ
2850 5196 3161 5263 πνεύματα
3192 5193 3298 5247 τοῦ
3344 5191 3513 5246 Θεοῦ.
3556 5192 3637 5244 Τὰ
3673 5193 3823 5245 ἑπτὰ

2227 5287 2538 5357 πνεύματα,
2574 5288 2631 5341 αἱ
2664 5288 2759 5339 τοῦ
2795 5288 3113 5357 Πνεύματος
3146 5287 3440 5356 ἐνέργειαι,
3468 5285 3569 5352 τῆς
3597 5284 3820 5351 σοφίας,

2226 5377 2326 5447 τῆς
2353 5378 2644 5441 συνέσεως,
2662 5378 2762 5447 τῆς
2790 5379 3063 5448 γνώσεως,
3108 5379 3208 5447 τῆς
3249 5378 3463 5448 βουλῆς,
3484 5376 3584 5445 τῆς
3608 5375 3821 5444 ἰσχύος,

2228 5471 2327 5539 τῆς
2349 5468 2652 5531 εὐσεϐείας,
2687 5471 2781 5523 καὶ
2806 5470 2899 5522 τοῦ
2932 5470 3100 5539 φόϐου
3130 5470 3222 5522 τοῦ
3256 5469 3413 5523 Θεοῦ.
3449 5469 3625 5537 Λῖπερ
3658 5468 3822 5537 ἐνέρ-

2230 5579 2379 5631 γειαι
2439 5563 2534 5615 ἐπὶ
2590 5562 2718 5626 τοὺς
2775 5564 2855 5625 είς
2912 5564 3093 5617 πᾶσαν
3136 5563 3233 5634 τὴν
3280 5566 3384 5635 γῆν
3416 5563 3576 5625 ὄντας
3621 5560 3820 5629 ἁγίους

2230 5655 2323 5725 ὲνή
2335 5671 2438 5724 ργη
2447 5670 2565 5708 σαν.

2498 5748 2542 5779 ³⁸
2570 5747 2713 5803 I’sal.
2748 5763 2932 5814 ωιτη,
2963 5748 3047 5803 il.
