4030 6592
301 458 396 522 582

1374 453 1762 515 COMMENT.
1811 453 1894 516 IN
1936 453 2471 522 APOCALYPSIN.

3469 464 3574 528 582

369 574 474 626 Καὶ
507 573 758 640 εἴληφεν
782 572 850 624 ἐκ
882 570 991 640 τῆς
1027 570 1230 636 δεξιᾶς
1272 571 1376 624 τοῦ
1405 571 1748 640 καθημένου
1784 569 1868 621 ἐπέ

2063 569 2130 623 Et
2182 573 2383 638 accepit
2424 573 2490 626 de
2530 573 2717 628 dextra
2764 576 2992 630 sedentis
3029 576 3084 630 in
3123 576 3310 630 throno
3357 575 3574 631 librum.

296 662 405 716 τοῦ
444 664 660 729 θρόνου
705 663 770 715 τὸ
815 664 1082 726 βιϐλίον.
1134 665 1208 715 Τὸ
1262 662 1547 733 εἰληφέναι
1596 663 1657 715 τὸ
1697 662 1886 732 ἀρνίον

296 755 362 805 ἐκ
388 754 486 822 τῆς
514 754 694 818 δεξιᾶς
723 754 818 807 τοῦ
863 755 1180 824 καθημένου
1222 756 1316 808 ἐπί
1340 753 1437 807 τοῦ
1481 754 1672 824 θρόνου
1704 754 1765 806 τὸ
1801 754 1885 823 βιι-

297 844 478 906 ὄλίον,
545 845 687 898 κατὰ
730 845 794 899 τὸ
855 847 1200 916 ἀνθρώπινον
1266 847 1520 916 νοητέον,
1567 844 1760 916 ὥσπερ
1823 847 1883 899 τὸ

295 937 594 1007 ἐσφάχθαι.
639 939 796 990 Κατὰ
832 939 942 1007 γὰρ
975 940 1035 992 τὸ
1079 941 1242 1005 θεῖον,
1281 939 1434 992 οὐδὲν
1481 937 1885 1008 ἐξιδιαζόμενον

292 1030 416 1090 ταῖς
453 1030 631 1095 τρισὶν
681 1029 1012 1082 ὑποστάσεσι
1052 1030 1160 1082 τῶν
1217 1029 1559 1099 θεοπρεπῶν,
1602 1029 1742 1100 πλὴν
1781 1031 1880 1099 τῆς

291 1119 388 1172 τοῦ
420 1120 622 1190 τρόπου
651 1124 984 1192 προαγωγῆς
1013 1125 1106 1176 τοῦ
1139 1125 1201 1191 ἀγ
1215 1125 1439 1194 εννητου
1468 1125 1563 1176 καὶ
1594 1124 1879 1194 γεννητοῦ,

293 1211 392 1263 καὶ
427 1213 783 1282 ἐκπορευτοῦ.

370 1304 480 1356 Καὶ
533 1305 632 1358 ὅτε
683 1306 861 1361 ἔλαϐε
911 1307 980 1362 τὸ
1011 1310 1293 1375 βιϐλίον,
1329 1312 1402 1367 τὰ
1454 1313 1722 1381 τέσσαρα
1770 1312 1882 1374 ζῶα

292 1397 394 1450 καὶ
436 1400 489 1450 οι
529 1399 939 1466 εἰκοσιτέσσαχ¹
955 1419 1020 1468 ες
1070 1406 1462 1472 πρεσϐύτεροι
1520 1406 1747 1460 ἔπεσον
1778 1409 1878 1461 ἐν·

289 1489 484 1542 ώπιον
508 1491 614 1543 τοῦ
645 1492 886 1559 ἀρνίου,
913 1493 1161 1563 ἔχοντες
1187 1496 1450 1564 ἕκαστος
1489 1498 1740 1566 κιθάραν
1777 1502 1877 1555 καὶ

289 1580 520 1648 φιάλας
549 1583 786 1651 χρυσᾶς
827 1587 1131 1654 γεμούσας
1172 1590 1580 1658 θυμιαμάτων,
1614 1593 1678 1647 αῖ
1720 1597 1880 1648 εἰσιν

286 1677 352 1727 al
385 1676 719 1745 προσευχαὶ
751 1677 870 1731 τῶν
894 1679 1100 1750 ἁγίων,
1136 1683 1234 1735 καὶ
1267 1682 1525 1750 ᾅδουσιν
1554 1685 1719 1753 ᾠδὴν
1753 1706 1878 1741 και-

284 1765 413 1832 νὴν
437 1766 720 1835 λέγοντες
743 1785 756 1798 ·
793 1770 988 1838 Ἄξιος
1015 1767 1073 1826 εἷ
1099 1774 1310 1828 λαϐεῖν
1343 1775 1411 1830 τὸ
1444 1777 1692 1841 ,ϐιϐλίον
1712 1819 1726 1844 ,
1775 1781 1874 1832 καὶ

283 1857 527 1920 ἀνοῖξαι
565 1860 672 1926 τὰς
705 1862 1040 1932 σφραγῖδας
1077 1866 1284 1932 αὑτοῦ,
1325 1868 1414 1922 ὅτι
1459 1869 1737 1938 ἐσφάγης
1776 1871 1875 1924 καί

283 1946 595 2015 ἠγόρασας
646 1949 725 2016 τῷ
776 1951 896 2017 Θεῷ
933 1953 1089 2021 ἡμᾶς
1118 1956 1186 2008 ἐν
1233 1955 1312 2022 τῷ
1354 1959 1559 2026 αἵματί
1604 1975 1741 2014 σου.
1803 1961 1872 2014 ἐκ

283 2039 496 2106 πάσης
546 2042 751 2112 φυλῆς
783 2046 880 2096 καὶ
918 2048 1244 2114 γλώσσης,
1297 2052 1393 2103 καὶ
1435 2051 1590 2104 λαοῦ
1637 2052 1735 2104 καὶ
1780 2053 1874 2107 ἔθ-

280 2148 457 2198 νους,
493 2134 592 2188 καὶ
621 2137 915 2204 ἐποίησας
945 2138 1104 2208 ἡμᾶς
1133 2141 1213 2206 τῷ
1244 2142 1364 2207 Θεῷ
1396 2143 1566 2211 ἡμῶν
1590 2145 1874 2212 ,ϐασιλεῖς

279 2225 382 2278 καὶ
411 2227 586 2293 Ιερεῖς
609 2246 623 2259 ·
665 2229 761 2282 καὶ
785 2231 1246 2302 ,βασιλεύσομεν
1276 2237 1373 2288 ἐπὶ
1407 2235 1512 2304 τῆς
1545 2238 1678 2307 γῆς.

359 2318 424 2369 Οί
459 2318 560 2387 μὲν
599 2320 933 2392 ὑπεροχικὰς
963 2323 1114 2388 θείας
1144 2326 1486 2399 ἐξηγήσαντο
1522 2330 1780 2398 δυνάμεις
1812 2333 1872 2386 τὸ

280 2414 792 2483 παντοκρατορικδν
841 2415 936 2468 τοῦ
975 2417 1110 2469 Θεοῦ
1159 2421 1287 2490 περὶ
1336 2420 1426 2473 τὸν
1474 2424 1536 2473 ἐκ
1589 2426 1870 2494 τεσσάρων

283 2503 572 2570 στοιχείων
629 2505 1107 2578 δημιουργηθέντα
1159 2512 1368 2582 κόσμον
1414 2515 1704 2583 ἐμφαίνειν
1752 2519 1871 2582 οἵας

276 2608 345 2680 ’τε
398 2594 599 2658 οὔσας·
638 2599 687 2650 οἱ
721 2599 776 2652 δὲ
824 2602 1084 2668 δυνάμεις
1129 2607 1260 2677 μὲν,
1296 2611 1524 2680 ἐφόρους
1569 2613 1625 2665 δὲ
1664 2615 1772 2666 τῶν
1813 2615 1870 2680 ἐξ

277 2677 361 2734 ὧν
389 2685 507 2738 τόδε
541 2688 601 2740 τὸ
634 2693 740 2744 πᾶν
782 2692 992 2765 ὑπέστη
1028 2699 1328 2769 στοιχείων,
1357 2703 1416 2754 τὸ
1447 2703 1668 2774 διαρκὲς
1703 2706 1867 2759 αὑτοῦ

281 2776 556 2847 συντηροῦ
567 2796 682 2842 σας.

359 2951 632 3006 Ἐπεσον
642 2954 897 3010 ἐνώπιον
913 2961 1017 3016 τοῦ
1034 2961 1266 3030 ἀρνίου.
1283 2968 1534 3023 Λαϐόντα
1546 2971 1638 3024 τὸν
1658 2973 1866 3044 Κύριον

276 3041 342 3094 τὸ
384 3043 589 3110 βιϐλίον
643 3051 1058 3123 προσεκύνησαν
1113 3059 1314 3124 πάντες
1354 3066 1768 3132 προεγνωκότες
1800 3070 1868 3140 ἢν

279 3133 474 3200 μέλλει
505 3140 780 3210 σωτηρίαν
813 3145 924 3207 τοῖς
955 3145 1268 3219 ἀνθρώποις
1306 3155 1595 3215 ἐπιτελεῖν.
1644 3133 1866 3214 κόλασιν

1908 1919 1950 1972 Β

1987 665 2202 734 Agnum
2240 668 2520 736 accepisse
2555 669 2622 722 de
2654 671 2875 723 dextera
2914 670 3154 726 sedentis
3193 671 3244 724 in
3283 670 3486 727 throno
3513 671 3578 725 li-

1986 761 2170 826 brum,
2194 764 2349 830 juxta
2375 765 2769 820 lmmauilatem
2801 766 3208 835 intelligendum
3239 777 3342 832 est,
3377 783 3574 836 quem-

1985 855 2281 909 admodum
2315 857 2561 911 occisum
2593 873 2715 912 esse
2744 876 2757 913 :
2785 859 2941 928 juxta
2969 860 3309 914 divinitatem
3341 875 3576 929 namque

1987 947 2123 1000 nihil
2154 948 2432 1016 proprium
2474 957 2558 1003 est
2596 949 2772 1004 tribus
2802 951 3054 1020 personis
3089 968 3155 1006 ex
3190 952 3276 1007 his
3303 968 3426 1022 qua:
3463 951 3575 1005 Deo

1985 1041 2337 1104 conveniunt,
2365 1051 2560 1111 praeter
2593 1045 2814 1098 modum
2844 1044 3222 1114 productionis
3255 1044 3481 1115 ingeniti
3517 1053 3574 1098 et

1984 1131 2147 1199 geniti
2183 1147 2246 1188 ac
2287 1135 2656 1202 procedentis.

2056 1310 2292 1380 Cumque
2330 1314 2610 1383 accepisset
2657 1315 2888 1380 librant,
2934 1328 3164 1387 quatuor
3215 1319 3478 1374 animalia
3521 1329 3571 1375 et

1983 1403 2176 1470 viginti
2205 1414 2437 1470 quatuor
2473 1406 2700 1459 seniores
2721 1409 3056 1474 prociderunt
3089 1426 3269 1462 coram
3299 1409 3450 1478 Agna
3476 1410 3575 1464 ha-

1982 1495 2153 1548 bentes
2189 1497 2387 1565 singuli
2419 1498 2653 1551 citharas
2692 1510 2740 1552 et
2773 1501 2982 1569 phialas
3017 1519 3207 1557 aureas
3241 1503 3423 1572 plenas
3445 1505 3573 1558 odo-

1982 1598 2372 1653 ramentorum,
2417 1608 2534 1661 quae
2577 1602 2699 1645 sunt
2745 1596 3072 1661 precationes
3113 1607 3465 1653 sanctorum:
3521 1610 3570 1653 et

1980 1689 2174 1733 canunt
2203 1683 2465 1737 canticum
2495 1701 2682 1738 novum
2709 1687 2937 1741 dicentes
2961 1704 2979 1741 :
3015 1688 3216 1758 Diguus
3246 1706 3300 1744 es
3334 1692 3571 1761 accipere

1979 1770 2172 1824 librum
2218 1784 2267 1826 et
2312 1776 2518 1838 aperire
2567 1777 2846 1847 signacula
2879 1779 3018 1850 ejus,
3059 1783 3310 1851 quoniam
3364 1785 3570 1838 occisus

1979 1863 2129 1931 fuisti
2178 1876 2224 1918 et
2260 1868 2526 1922 redemisti
2573 1886 2666 1923 nos
2708 1871 2817 1924 Deo
2852 1888 2944 1941 per
2972 1877 3284 1944 sanguinem
3310 1888 3460 1931 tuum
3503 1891 3570 1932 ea:

1978 1957 2123 2009 omni
2148 1958 2287 2011 tribu
2325 1971 2372 2013 et
2407 1959 2589 2031 lingua
2613 1973 2661 2016 et
2704 1963 2897 2032 populo
2944 1974 2994 2018 et
3022 1967 3255 2032 natione,
3291 1978 3340 2022 et
3389 1969 3568 2038 fecisti

1978 2065 2070 2102 nos
2102 2048 2210 2103 Deo
2235 2061 2413 2105 nostro
2441 2068 2653 2123 regnum
2689 2064 2738 2107 et
2769 2055 3069 2111 sacerdotes
3096 2073 3114 2112 :
3145 2067 3193 2112 et
3229 2061 3566 2129 regnabimus

1976 2157 2028 2194 nt
2061 2153 2223 2196 terra.

2046 2327 2278 2394 Quidam
2315 2345 2447 2383 sane
2502 2332 2828 2399 nterpretati
2863 2342 2993 2388 sunt
3027 2334 3144 2390 haec
3170 2346 3411 2406 quatuor
3441 2339 3565 2393 aui-

1976 2421 2138 2473 malia
2201 2422 2532 2476 excellentes
2595 2423 2814 2479 divinas
2873 2425 3103 2481 virtutes
3153 2429 3564 2500 qualescunque

1975 2510 2080 2563 illae
2129 2513 2272 2576 sint,
2327 2529 2446 2580 quae
2500 2513 2590 2567 Dei
2648 2516 2948 2584 potentiam
3006 2517 3362 2586 designarent
3415 2521 3563 2576 circa

1973 2603 2236 2656 mundum
2288 2620 2351 2657 ex
2394 2614 2629 2673 qtlntuor
2661 2605 2950 2660 elementis
3001 2609 3366 2663 constitutum
3407 2630 3421 2666 :
3468 2612 3562 2668 alii

1971 2708 2102 2746 vero
2130 2696 2358 2750 virtutes
2389 2698 2636 2766 quidem,
2669 2698 2762 2752 sed
2794 2714 2916 2767 qum
2942 2699 3227 2756 elementis
3256 2702 3566 2771 praeﬁciun-

1974 2793 2078 2848 tur,
2108 2787 2250 2840 unde
2283 2787 2460 2855 ipsum
2494 2790 2740 2842 subsistit
2774 2791 3118 2856 universum,
3151 2802 3353 2862 etquae
3379 2795 3560 2864 ipsum

1971 2890 2300 2933 conservant
2329 2890 2385 2932 ut
2409 2894 2743 2949 permaneat.

2041 2970 2390 3025 Prociderunt
2429 2990 2610 3027 eorum
2645 2991 2800 3043 agno.
2852 2976 3068 3046 Agnum
3099 2978 3192 3047 qui
3241 2980 3450 3050 accepit
3493 2981 3561 3036 li-

1970 3062 2129 3117 brum
2187 3065 2490 3119 adorarunt
2538 3081 2730 3120 omnes
2777 3067 2869 3135 qui
2902 3069 3260 3137 praescierunt
3317 3071 3556 3126 salutem

1971 3173 2134 3226 quam
2182 3158 2493 3212 hominibus
2544 3158 2712 3229 693
2756 3161 3076 3226 exhiberet,
3120 3171 3174 3216 ct
3228 3164 3558 3233 supplicium

272 3225 336 3278 δὲ
379 3231 492 3293 τοῖς
535 3232 868 3303 ἀκαθάρτοις
905 3238 1144 3310 δαίμοσι.
1181 3245 1252 3296 Τὸ
1281 3245 1337 3298 δὲ
1379 3247 1522 3317 ἔχειν
1563 3254 1863 3322 πρεσϐυτέ-

1976 3251 2110 3317 quod
2145 3251 2373 3318 impuris
2402 3250 2743 3306 daemonibus
2784 3251 3072 3322 indigeret.
3110 3253 3281 3309 Porro
3312 3257 3559 3310 seniores

281 3335 416 3388 ρους
455 3323 686 3393 κιθάρας
734 3328 795 3380 τὸ
843 3331 1166 3402 ἐναρμόνιον
1215 3337 1367 3408 δηλοῖ
1400 3344 1492 3394 καὶ
1532 3343 1729 3416 εὔηχον
1767 3349 1865 3418 τῆς

276 3412 363 3471 εἰς
388 3410 521 3464 Θεὸν
546 3413 873 3486 δοξολογίας.
903 3423 969 3474 Δί
995 3424 1051 3476 δὲ
1082 3431 1282 3496 χρυσαῖ
1312 3433 1521 3498 φιάλαι,
1553 3410 1865 3494 αίνδῂιάνοιάί

276 3506 390 3556 εἱσι
422 3506 534 3558 τῶν
577 3511 964 3582 ἐργαζομένων
1006 3517 1074 3571 τὰ
1132 3519 1351 3592 θεοφιλῆ
1399 3525 1505 3594 (διὸ
1549 3531 1640 3581 καὶ
1679 3533 1866 3604 χρυσῷ

277 3597 751 3693 ὑπεσημάνθησαν
794 3605 902 3658 ἀπὸ
949 3607 1049 3678 τῆς
1095 3612 1224 3681 παρ’
1266 3615 1400 3683 ἡμῖν
1434 3619 1622 3686 τιμίας
1672 3597 1804 3690 ῦλης
1821 3597 1863 3693 )’,

273 3687 362 3756 τῷ
405 3691 768 3765 ἐνδελεχισμῷ
806 3698 907 3767 τῆς
942 3701 1076 3771 πρὸς
1120 3703 1182 3755 τὸ
1226 3705 1368 3759 θεῖον
1400 3687 1770 3780 ἀναστάσεως)
1804 3687 1864 3771 τὸ

275 3783 427 3835 κατὰ
476 3787 759 3858 προκοπὴν
799 3790 978 3860 τίμιον
1006 3795 1341 3865 εὑρηκότων.
1399 3802 1492 3855 Ἐκ
1536 3805 1740 3861 τούτων
1773 3812 1864 3864 καὶ

274 3873 352 3926 τὰ
389 3873 752 3945 ἐξατμίζοντα
777 3880 838 3934 τὸ
879 3882 1014 3954 ἴαμα
1044 3887 1143 3955 τῆς
1175 3890 1300 3942 καθ’
1339 3894 1498 3962 ἡμῶν
1523 3896 1737 3964 δικαίας
1770 3902 1862 3955 τοῦ

275 3963 420 4058 φεοῦ
449 3966 616 4036 ὀργῆς
649 3970 935 4042 ἐνάμιλλον
963 3975 1074 4029 τῶν
1103 3981 1354 4050 πονηρῶν
1388 3963 1858 4058 ἐπιτηδευμάτων,

275 4056 591 4112 ἀναδίδοται
645 4063 987 4136 θυμιάματα.
1039 4069 1130 4122 Διὸ
1170 4073 1266 4126 καὶ
1319 4056 1686 4147 θυμιάματα,
1743 4085 1864 4154 οὐχ).

273 4146 554 4217 ἀρώματα
589 4151 823 4223 εἴρηται.
879 4177 897 4207 ι
956 4158 1120 4230 Ἴαμα
1169 4181 1187 4213 ι
1231 4163 1360 4236 γάρ,
1407 4146 1544 4222 κατὰ
1583 4171 1674 4223 τὸν
1713 4146 1865 4245 ειρῆ-

275 4238 438 4300 κότα,
469 4255 488 4288 ι
529 4241 885 4300 Καταπαύσει
934 4249 1212 4320 ἁμαρτίας
1259 4256 1522 4324 μεγάλας.
1567 4279 1585 4311 ι
1626 4264 1736 4318 Καὶ
1769 4238 1864 4319 ’ὅτι

274 4327 361 4389 εἰς
417 4328 592 4397 θυμοῦ
647 4332 783 4402 ἴαμα
815 4337 873 4388 αἱ
908 4343 1210 4410 προσευχαὶ
1263 4343 1370 4396 τῶν
1401 4347 1572 4414 ἁγίων
1607 4353 1727 4424 Θεῷ
1773 4356 1865 4408 ὲν-

274 4418 648 4487 τυγχάνουσι,
689 4423 886 4494 δῆλον·
923 4449 943 4481 ι
974 4432 1040 4484 ἐκ
1095 4435 1193 4503 μὲν
1231 4437 1330 4506 τῆς
1389 4442 1630 4509 ιῖαλαιᾶς
1662 4418 1731 4500 δὲ’
1789 4446 1865 4504 ὦν

276 4529 416 4581 φησι
435 4515 711 4588 Σαμουὴλ·
740 4538 758 4570 ι
785 4519 909 4575 Ἐὰν
933 4526 1012 4586 εἰς
1030 4525 1122 4578 τὸν
1147 4527 1280 4582 Θεὸν
1307 4531 1536 4608 ἁμάρτῃ
1553 4555 1661 4604 τις,
1683 4559 1858 4613 προσ-

276 4605 500 4671 εύξεται
554 4610 686 4681 περὶ
738 4613 906 4667 αὑτοῦ
935 4628 948 4643 ⁸
997 4619 1064 4670 ἐκ
1102 4619 1159 4673 δὲ
1205 4622 1307 4693 τῆς
1354 4605 1533 4692 Νέας,-
1569 4631 1637 4685 δι’
1689 4605 1764 4688 ὧν
1809 4639 1857 4690 οἱ

278 4693 418 4798 θεῖοι
459 4699 556 4798 τ.οῦ
597 4702 805 4773 Κυρίου
843 4707 1085 4776 μαθηταὶ
1124 4709 1271 4766 λύειν
1307 4717 1403 4768 καὶ
1432 4717 1649 4791 δεσμεῖν
1683 4725 1864 4798 ἀμαρ-

273 4785 416 4886 τίσις.
443 4787 694 4852 ἐξουσίαν
725 4792 940 4850 ἔλαϐον.
975 4799 1049 4850 Τὸ
1077 4800 1134 4854 δὲ
1171 4805 1365 4877 καινὴν
1398 4785 1545 4878 ᾄδειᾲ
1576 4785 1743 4886 ᾠδὴν,
1775 4785 1863 4873 sla

276 4877 343 4982 τδ
365 4874 505 4933 εἶναι
544 4884 730 4937 καινὸν
765 4890 858 4941 καὶ
893 4890 955 4943 τὸ
991 4874 1430 4966 ίλαστήριονντοῦ
1455 4874 1629 4974 θυμοῦ
1765 4912 1863 4982 ἀρ·

279 4971 400 5024 νίου
423 4975 776 5044 ἐσφαγμένου
800 4981 1040 5052 Χριστοῦ
1069 4987 1148 5050 εἰς
1177 4989 1446 5062 κάθαρσιν
1472 4971 1564 5050 καί
1589 4971 1864 5074 σωτηρίαν

277 5067 375 5120 τοῦ
414 5069 622 5141 κόσμου
667 5075 891 5141 παντὸς,
922 5078 1061 5150 ὑπὲρ
1089 5075 1152 5136 οὗ
1183 5086 1279 5138 καὶ
1320 5089 1527 5155 ἀνοῖξαι
1561 5093 1622 5146 τὸ
1657 5067 1864 5164 βιέλίον

277 5161 439 5232 ἐδόθη
472 5164 622 5235 αὑτῷ
668 5168 764 5221 καὶ
795 5168 956 5224 λῦσαι
1003 5175 1104 5238 τὰς
1147 5180 1480 5250 σφραγῖδας,
1524 5185 1600 5250 ὠς
1642 5161 1730 5244 διὰ
1764 5192 1859 5246 τοῦ

278 5254 516 5348 αἵματος
555 5259 721 5312 αὑτοῦ
760 5262 1094 5333 ἀγοράσαντι
1139 5271 1288 5340 ἡμᾶς
1320 5274 1385 5328 ἐκ
1422 5280 1623 5344 παντὸς
1671 5280 1860 5348 ἔθνους

279 5346 378 5447 ita!
409 5346 660 5418 γλώσσης
702 5351 941 5425 ἁπάσης.
979 5358 1148 5414 Τοῦτο
1196 5365 1303 5436 γὰρ
1351 5370 1384 5438 ὴ
1418 5372 1574 5443 καινὴ
1609 5374 1740 5447 ᾠδὴ,
1784 5346 1854 5433 διί

277 5438 350 5507 ἣν
388 5442 488 5509 τῆς
519 5441 883 5516 παλαιότητος
909 5449 1001 5502 τοῦ
1038 5457 1289 5523 γραπτοῦ
1323 5461 1486 5529 νόμου
1515 5438 1860 5539 ἀπαλλαγέν-

277 5549 407 5596 τες,
436 5536 496 5586 ἐν
531 5539 812 5610 καινότητι
839 5542 895 5596 δὲ
931 5545 1076 5616 ζωῆς
1107 5554 1533 5622 περιπατοῦντες
1561 5561 1610 5612 οἱ
1654 5563 1719 5616 ἐκ
1755 5566 1861 5620 πά-

279 5640 383 5726 σης
413 5628 524 5726 τῆς
551 5629 652 5696 γῆς
683 5639 1184 5706 καταυγασθέντες,
1217 5643 1362 5715 ᾄδειν
1412 5655 1742 5726 χαριστήρια
1770 5659 1858 5714 διὰ

277 5718 373 5771 τοῦ
393 5719 556 5788 ¹θείου
591 5723 903 5797 ιινεύματος
930 5732 1307 5810 ἐδιδάχθημεν.

355 5900 400 5931 ’⁵
427 5901 604 5960 Eccle.
635 5922 689 5974 ι,
718 5911 771 5966 At.

1973 3328 2173 3396 habere
2216 3345 2482 3410 citharas,
2510 3347 2937 3411 concinnumac
2977 3364 3202 3402 suavem
3233 3365 3430 3403 sonum
3477 3352 3557 3406 si-

1971 3437 2192 3506 gniﬁcat
2242 3439 2655 3507 gloritit-atiouis
2715 3455 2843 3510 erga
2907 3439 3077 3493 Deum
3131 3458 3145 3492 :
3193 3457 3372 3494 aureae
3427 3457 3557 3496 vero

1972 3530 2204 3599 phial:t:,
2265 3541 2473 3584 mentes
2521 3547 2642 3600 qua:
2687 3543 2840 3600 grata
2889 3532 3000 3586 Deo
3047 3548 3212 3601 opera
3269 3535 3560 3602 perﬁciunt

1971 3621 1989 3690 (
2016 3624 2131 3675 idm
2160 3640 2377 3692 qtinquc
2406 3639 2499 3692 per
2540 3640 2733 3676 aurum
2767 3625 3062 3692 designata:
3087 3633 3234 3689 sunt,
3267 3629 3556 3682 materiam

1969 3715 2110 3784 apud
2152 3733 2250 3769 nos
2284 3717 2624 3784 pretiosum),
2659 3733 2781 3786 qua:
2821 3733 2884 3769 rx
2918 3733 2983 3772 co
3017 3719 3164 3787 quod
3197 3719 3418 3772 assidue
3451 3720 3560 3772 eri-

1969 3817 2172 3876 guntur
2214 3809 2278 3860 ad
2314 3807 2362 3861 id
2408 3811 2552 3877 quod
2604 3809 2849 3862 divinum
2898 3820 3015 3874 est,
3067 3810 3350 3880 praemium
3397 3809 3556 3880 juxta

1967 3915 2314 3968 progressum
2377 3903 2428 3953 in
2489 3902 2689 3956 virtute
2740 3903 3089 3956 invenerunt.
3140 3903 3217 3957 Ex
3258 3903 3341 3957 his
3389 3904 3556 3958 etiam

1970 3992 2276 4060 procedunt
2304 3994 2658 4046 oloramenla
2690 3995 3046 4064 evaporantia
3088 3994 3256 4064 justa:
3306 3994 3400 4049 Dei
3456 3997 3557 4050 ad-

1969 4095 2188 4135 versum
2223 4099 2324 4137 nos
2371 4083 2463 4137 ira:
2501 4087 2844 4139 curationem
2885 4102 3007 4154 quae
3063 4101 3230 4155 prava
3276 4095 3561 4157 oppugnat

1968 4174 2147 4228 studia
2183 4191 2196 4227 :
2233 4174 2352 4228 idco
2384 4176 2548 4228 etiam
2575 4177 2917 4230 odoramema
2951 4177 3115 4243 dixit,
3147 4195 3255 4232 non
3282 4189 3554 4236 aromata.

1973 4283 1992 4318 ι
2024 4264 2248 4320 Curatio
2295 4287 2313 4318 ι
2349 4268 2517 4330 enim,
2566 4279 2624 4322 ut
2682 4268 2821 4322 dixit
2869 4268 2980 4332 ille,
3040 4287 3059 4320 ι
3111 4270 3343 4324 Cessare
3391 4268 3556 4326 faciet

1967 4369 2187 4429 peccata
2237 4375 2432 4430 magna
2458 4361 2527 4414 ’⁵.
2571 4379 2590 4412 ι
2628 4361 2785 4427 Quod
2833 4371 3019 4416 autem
3070 4361 3138 4416 ad
3189 4362 3358 4417 animi
3393 4377 3556 4418 cura-

1969 4451 2174 4506 tionem
2222 4464 2540 4507 sanctorum
2608 4452 2954 4523 precationes
3004 4452 3355 4523 interpellent
3407 4452 3555 4523 apud

1968 4543 2174 4607 Deum,
2209 4553 2263 4597 et
2301 4561 2364 4598 ex
2397 4543 2579 4599 Veteri
2631 4544 2986 4601 Testamento
3036 4545 3391 4600 manifestum
3431 4557 3552 4614 eat,

1963 4655 2086 4693 cum
2123 4639 2200 4691 ait
2229 4637 2452 4692 Samuel
2487 4656 2502 4692 :
2540 4637 2599 4691 Si
2627 4638 2752 4707 quis
2779 4637 2831 4690 in
2870 4637 3038 4693 Deum
3071 4640 3400 4708 peccaverit,
3427 4655 3554 4710 pre-

1961 4730 2176 4785 cabitur
2192 4745 2290 4799 pro
2320 4745 2385 4783 eo
2411 4746 2424 4782 :
2454 4743 2519 4783 ex
2547 4729 2699 4782 Novo
2719 4737 2927 4792 autem,
2948 4745 3072 4784 cum
3092 4731 3267 4785 sancti
3295 4731 3553 4802 discipuli

1963 4820 2177 4876 Domini
2209 4829 2545 4889 acceperunt
2578 4827 2906 4890 potestatem
2936 4821 3185 4876 solvendi
3224 4833 3450 4892 peccata
3485 4839 3552 4878 ac

1964 4914 2186 4984 ligandi.
2221 4910 2390 4966 Porro
2425 4927 2621 4966 novum
2651 4913 2919 4967 canebant
2951 4915 3249 4968 canticum.
3287 4916 3414 4986 quia
3449 4933 3552 4971 no-

1963 5022 2087 5060 vum
2108 5014 2226 5059 erat
2250 5004 2393 5074 quod
2423 5005 2559 5058 iram
2583 5003 2844 5074 placaret,
2866 5005 3012 5075 quod
3037 5006 3260 5062 occisus
3287 5007 3359 5062 sit
3377 5023 3552 5078 agnus

1961 5098 2218 5154 Christus
2266 5099 2330 5152 ad
2381 5095 2745 5166 expiationem
2789 5112 2854 5152 ac
2897 5099 3128 5153 salutem
3177 5100 3415 5156 universi
3455 5115 3549 5154 or-

1958 5193 2045 5249 bis
2073 5209 2089 5260 ;
2126 5193 2248 5247 ideo
2285 5206 2506 5261 quoque
2534 5191 2695 5247 datus
2729 5201 2813 5248 est
2839 5193 2919 5248 illi
2966 5193 3103 5249 liber
3135 5203 3190 5248 ut
3223 5195 3459 5264 aperiret
3487 5211 3551 5249 ac

1957 5286 2192 5341 solveret
2247 5284 2557 5353 signacula,
2596 5293 2656 5339 ut
2701 5285 2795 5356 qui
2847 5302 2946 5356 per
3000 5287 3324 5357 sanguinem
3385 5304 3546 5342 suum

1953 5376 2244 5433 redemerit
2291 5392 2392 5431 nos
2434 5391 2498 5431 ex
2533 5377 2686 5432 omni
2740 5380 2963 5434 natione
3016 5380 3280 5450 omnique
3315 5380 3543 5452 lingua:

1967 5485 2094 5524 nam
2142 5469 2241 5522 hoc
2275 5478 2359 5523 est
2399 5485 2598 5523 novum
2643 5471 2918 5525 canticum
2958 5490 2971 5526 :
3017 5481 3240 5540 prepter
3270 5472 3415 5541 quod
3451 5475 3545 5543 qui

1967 5576 2032 5616 ex
2068 5559 2218 5614 omni
2260 5569 2402 5615 terra
2450 5561 2701 5616 illustrati
2736 5579 2950 5630 sumus,
2987 5565 3326 5620 discedentes
3358 5583 3422 5622 ex
3453 5583 3546 5624 ve-

1968 5662 2170 5708 tustate
2197 5653 2333 5724 legis
2354 5653 2590 5724 scriptze,
2614 5664 2667 5709 et
2685 5655 3028 5711 ambulantes
3051 5657 3104 5711 in
3134 5658 3372 5713 novitate
3399 5660 3544 5729 vitre,

1968 5744 2145 5799 edocti
2181 5759 2374 5799 sumus
2397 5758 2594 5802 canere
2619 5762 2848 5804 munera
2875 5764 2971 5820 per
3000 5747 3262 5820 Spiritum
3292 5761 3544 5808 sanctum

1969 5837 2194 5893 donata.
