4034 6566
484 420 590 489 583

482 631 663 700 lingua
685 668 701 690 ,
731 637 784 682 et
813 641 944 689 non,
1013 625 1218 678 tribunt
1263 633 1318 679 et
1351 625 1616 696 linguam,
1655 625 2064 680 distinctionem

482 723 640 775 docet
686 717 829 789 quod
875 734 982 772 non
1025 731 1241 780 omnes,
1303 715 1395 771 sed
1445 715 1668 785 quidam
1703 716 1852 785 digni
1899 714 2069 770 habiti

483 811 692 865 fuerint
722 809 815 880 qui
843 824 874 863 a
903 809 1020 864 suis
1049 805 1332 863 laboribus
1358 806 1507 862 czede
1536 806 1663 877 agni
1687 816 1741 861 et
1770 821 1867 877 per
1897 805 2070 877 ipsius

482 904 806 975 sanguinem
837 901 1265 957 redimerentur.

557 1096 625 1150 Et
679 1094 846 1167 fecisti
878 1110 969 1146 nos
1022 1093 1125 1147 Deo
1165 1104 1345 1147 nostro
1390 1111 1606 1169 regnum
1648 1104 1697 1148 et
1749 1094 2066 1150 sacerdotes.

486 1189 614 1243 llazc
651 1190 816 1243 etiam
845 1187 1000 1256 juxta
1033 1187 1268 1240 litteram
1306 1187 1414 1256 jam
1447 1189 1755 1242 sortiuntur
1796 1189 2069 1254 effectum,

485 1291 772 1352 propterea
805 1281 950 1348 quod
987 1287 1043 1334 et
1077 1294 1230 1350 reges
1256 1287 1310 1333 et
1337 1280 1671 1344 sacerdotes,
1707 1279 1800 1335 Dei
1832 1282 2072 1336 cultores

486 1389 550 1428 ac
589 1373 772 1426 tideles
801 1382 1174 1442 perseverant.
1210 1374 1396 1428 Potest
1447 1384 1628 1429 autem
1677 1388 1730 1430 ct
1782 1377 2074 1432 sublimius

485 1465 711 1533 intelligi
751 1474 808 1518 ut
840 1481 996 1534 reges
1035 1465 1256 1534 quidem
1308 1468 1418 1520 sint
1461 1469 1554 1536 qui
1589 1468 1794 1537 regiam
1829 1470 2073 1524 victoriae

485 1573 749 1613 coronam
776 1558 1040 1612 adversus
1067 1559 1295 1613 allectus
1325 1561 1486 1628 capiti
1513 1561 1714 1615 habent
1735 1563 2073 1632 impositam,

485 1653 798 1707 sacerdotes
820 1666 947 1705 vero
970 1652 1062 1720 qui
1088 1651 1318 1706 hostiam
1343 1655 1518 1706 vivam
1539 1653 1648 1707 Deo
1673 1657 2071 1724 aceeptabilem

487 1744 698 1814 seipsos
727 1745 1116 1798 exhibucrunt.
1154 1745 1255 1810 Qui
1289 1745 1447 1813 juxta
1483 1746 1620 1800 hanc
1668 1747 2078 1818 interpretatio-

1299 413 1630 475 ARETH/E
1668 412 2047 475 CESAREIE
2081 412 2567 475 CAPPADOCI/E
2605 411 2950 474 EPISCOPI

553 537 640 592 Ea:
665 532 809 590 omni
847 532 986 586 tribu
1016 540 1066 586 et
1094 531 1297 602 lingua.
1331 531 1542 597 Dicere,
1573 548 1637 586 ea:
1667 534 1810 586 onmi
1852 535 1993 588 tribu
2021 543 2069 587 et
2097 539 2151 598 Α

3655 405 3760 470 58$

2256 537 2360 589 Ἐκ
2392 533 2597 600 πάσης
2631 532 2837 602 φυλῆς
2868 533 2965 588 καὶ
2994 532 3302 604 γλώσσης.
3337 529 3431 594 Τὸ,
3456 529 3524 583 ἐκ
3555 527 3760 596 πάσης

2172 627 2376 696 φυλῆς
2406 629 2506 682 καὶ
2542 631 2851 697 γλώσσης,
2897 629 3094 690 εἰπεῖν,
3131 625 3268 679 ἀλλά
3305 623 3403 695 μὴ,
3444 623 3627 676 πᾶσαν
3658 639 3762 690 φυ-

2171 720 2270 790 λὴν
2326 721 2422 774 καὶ
2474 721 2766 789 γλῶσσαν,
2819 719 3107 790 διαστολὴν
3166 719 3468 789 εἰσηγεῖται
3528 714 3623 768 τοῦ
3683 715 3760 784 μὴ

2173 811 2404 875 πάντας,
2438 810 2576 866 ἀλλὰ
2602 811 2755 874 τινὰς
2785 809 3051 881 ἠξιῶσθαι
3090 809 3152 874 ἐξ
3189 808 3406 863 οἰκείων
3444 805 3624 860 πόνων
3659 803 3760 873 τῆς

2172 904 2282 958 ἀπὸ
2318 905 2413 958 τοῦ
2455 905 2644 975 ἀρνίου
2687 903 2905 975 σφαγῆς
2951 903 3030 975 τῷ
3082 903 3276 973 αἵματι
3317 901 3508 955 τούτου
3549 899 3760 969 ἀγορα·

2176 997 2388 1068 σθῆναι.

2245 1111 2356 1165 Kal
2419 1110 2715 1178 ἐποίησας
2771 1108 2930 1178 ἡμᾶς
2971 1107 3051 1174 τῷ
3105 1107 3226 1172 Θεῷ
3270 1105 3437 1176 ἡμῶν
3475 1103 3762 1171 ,βασιλεῖς

2175 1203 2274 1256 καὶ
2317 1202 2512 1270 ἱερεῖς.
2556 1201 2728 1254 Τοῦτο
2779 1201 2872 1254 καὶ
2915 1199 3010 1253 ἀπ’
3061 1199 3313 1251 ἐντεῦθεν
3359 1199 3461 1267 ἤδη
3507 1197 3648 1251 κατὰ
3697 1196 3762 1247 τὸ

2176 1295 2414 1365 γράμμα
2443 1295 2784 1365 λαμϐάνουσι
2814 1293 2985 1360 τέλος,
3016 1293 3139 1346 καθ’
3161 1294 3241 1347 ὅτι
3267 1293 3360 1345 καὶ
3393 1291 3633 1360 βασιλεῖς
3663 1289 3762 1343 καὶ

2182 1387 2346 1458 ἱερεῖς
2408 1387 2740 1457 θεράποντες
2790 1385 2926 1438 Θεοῦ
2965 1388 3064 1456 τῆς
3112 1384 3349 1446 πίστεως
3399 1381 3759 1436 διατελοῦσιν.

2183 1480 2337 1533 Ἐστι
2367 1480 2424 1532 δὲ
2459 1480 2649 1547 νοῆσαι
2693 1481 2786 1532 καὶ
2819 1479 3318 1549 θεωρητικώτερον,
3354 1476 3592 1546 βασιλεῖς
3634 1475 3759 1545 μὲν,

2179 1573 2306 1636 τοὺς
2335 1571 2477 1625 κατὰ
2511 1573 2621 1625 τῶν
2652 1573 2838 1625 παθῶν
2891 1572 2992 1640 τῆς
3017 1572 3172 1640 νίκης
3204 1571 3296 1623 τὸν
3332 1569 3602 1640 βασίλειον
3643 1567 3765 1618 στέ-

2182 1684 2350 1736 φανον
2381 1666 2824 1735 ἀναδησαμένους
2851 1681 2865 1696 ⁸
2899 1667 3064 1735 ἱερεῖς
3091 1665 3171 1727 δὲ,
3204 1663 3329 1726 τοὺς
3355 1661 3546 1714 Θυσίαν
3579 1658 3763 1722 ζῶσαν

2185 1759 2484 1829 εὐάρεστον
2509 1763 2587 1830 τῷ
2620 1759 2738 1830 Θεῷ
2771 1759 2996 1820 ἑαυτοὺς
3023 1755 3442 1826 κατηρτικότας.
3475 1753 3630 1806 Κατὰ
3658 1751 3762 1821 τὴν

487 1850 611 1889 nem
680 1834 846 1888 tradit
917 1833 1108 1888 haberi
1177 1842 1398 1897 terram.
1475 1837 1782 1892 mansuetis
1873 1853 1904 1892 a
1969 1838 2080 1891 Do-

2188 1851 2412 1920 ὲκδοχὴν
2437 1848 2663 1922 ταύτην,
2696 1851 2792 1903 καὶ
2819 1851 2847 1902 6
2868 1849 2964 1919 τὴν
2986 1849 3089 1918 γῆν
3119 1848 3217 1918 τὴν
3246 1849 3357 1907 τοῖς
3395 1843 3626 1914 πραέσιν
3655 1841 3764 1894 ὑπο

489 1926 640 1980 mino
661 1925 787 1994 jure
816 1925 1164 1980 haereditario
1190 1927 1546 1995 promissam,
1596 1943 1944 1998 nequaquam
1986 1930 2074 1984 itt-

2188 1917 2386 2009 Κυρίου
2418 1917 2837 2011 ἐπηγγελμένην
2866 1917 3467 2007 κατακληρονομεῖσθαι
3509 1930 3762 2002 στοιχῶν,

487 2027 570 2070 ter
595 2031 690 2070 eos
715 2016 807 2084 qui
843 2031 872 2068 a
905 2030 1071 2085 scopo
1110 2015 1370 2070 aberrant
1397 2019 1608 2072 censeri
1634 2028 1833 2087 potest.

557 2127 628 2180 Et
664 2128 996 2198 regnabimus
1029 2128 1083 2182 in
1114 2137 1278 2186 terra.
1311 2130 1477 2201 699
1514 2131 1667 2198 Quod
1702 2132 1890 2188 dicunt
1920 2150 1935 2186 :
1972 2131 2079 2188 Re-

486 2220 778 2288 gnabunus
823 2219 878 2274 in
911 2229 1079 2284 terra,
1117 2221 1274 2291 juxta
1311 2225 1702 2292 promptiorem
1739 2225 2077 2280 intellectum

487 2321 543 2366 et
570 2310 666 2382 qui
699 2312 886 2367 multis
920 2314 1153 2380 videtur,
1191 2315 1414 2368 modum
1458 2316 1673 2370 vivendi
1715 2317 1873 2387 juxta
1905 2317 2078 2387 legem

487 2405 777 2475 designat,
834 2406 925 2475 qui
978 2406 1150 2476 magis
1200 2407 1604 2465 introductivus
1651 2420 1754 2472 est,
1808 2419 1864 2465 et
1911 2411 2078 2466 veluti

488 2498 712 2552 tradens
742 2499 1015 2554 elementa
1053 2499 1468 2569 perfectissima:
1507 2505 1949 2558 conversationis
1983 2520 2072 2560 se-

489 2591 730 2645 cundum
783 2591 1085 2657 Christum,
1131 2603 1403 2661 quatenus
1461 2593 1596 2647 nihil
1656 2594 1722 2648 ad
1777 2593 2076 2663 perlectum

490 2683 649 2738 dux-it
679 2685 783 2738 lex.
816 2683 978 2739 Juxta
1017 2701 1204 2739 verum
1245 2694 1427 2740 autem
1463 2687 1798 2740 intellectum
1830 2702 1950 2740 eam
1981 2685 2078 2740 de-

491 2775 673 2843 signat
707 2775 868 2830 vitam
903 2777 1116 2830 beatam
1158 2789 1590 2848 perpetuamque
1620 2794 1684 2833 ac
1725 2779 2081 2834 indissolubi-

489 2866 618 2929 lem,
648 2884 770 2936 quae
815 2868 868 2922 in
925 2867 1110 2922 futuro
1151 2871 1257 2925 erit
1301 2872 1546 2926 saaculo:
1597 2872 1829 2942 ideoque
1868 2872 1924 2925 in
1975 2870 2080 2925 line

489 2962 596 3016 hoc
621 2961 954 3014 insinuatur.
1608 2984 1610 2986 -

575 3073 637 3139 V,
689 3073 880 3126 Η-Ιιί.
927 3073 995 3125 Et
1037 3074 1146 3128 vidi
1170 3085 1219 3128 et
1260 3076 1440 3130 audivi
1472 3086 1723 3147 tanquam
1772 3094 1944 3131 vocem
1977 3094 2078 3130 an-

489 3165 726 3236 gelorum
769 3166 1058 3218 multorum
1097 3167 1152 3218 in
1192 3168 1418 3220 circuitu
1456 3169 1632 3221 throni
1670 3179 1717 3222 et
1759 3168 2076 3221 animalium

2178 2034 2240 2085 οὐ
2272 2035 2382 2096 τοῖς
2411 2035 2659 2104 ἀστόχοις
2687 2031 3130 2104 προσλογισθείη.

2251 2149 2362 2203 Kal
2394 2148 2858 2217 βασιλεύσομεν
2888 2146 2985 2199 ἐπὶ
3014 2145 3126 2214 τῆς
3167 2145 3303 2216 γῆς.
3333 2141 3427 2208 Τὸ,
3467 2141 3578 2195 Καὶ
3606 2139 3764 2211 βασι-

2179 2241 2468 2297 λεύσουσιν
2517 2244 2611 2296 ἐπὶ
2648 2239 2750 2310 τῆς
2780 2241 2912 2310 γῆς,
2945 2240 3086 2295 κατά
3119 2239 3220 2309 μὲν
3249 2238 3310 2292 τὸ
3343 2237 3635 2308 πρόχειρον
3667 2232 3769 2286 καὶ

2182 2333 2459 2405 θεωρητὺν
2507 2337 2621 2396 τοῖς
2655 2334 2870 2397 πολλοῖς
2892 2373 2908 2398 ,
2935 2333 3038 2404 τὴν
3088 2331 3230 2386 κατὰ
3258 2331 3423 2400 νόμον
3461 2328 3766 2383 αἰνίττεται

2183 2427 2502 2494 πολιτείαν,
2551 2426 3069 2498 εἰσαγωγικωτέραν
3111 2425 3280 2480 οὖσαν
3309 2424 3404 2478 καὶ¹
3445 2419 3764 2492 στοιχειώδη

2180 2519 2276 2573 τοῦ
2305 2521 2442 2574 κατὰ
2489 2520 2722 2592 Χριστὸν
2772 2519 3107 2573 τελεωτάτου
3151 2517 3582 2588 πολιτεύματος,
3627 2514 3768 2586 παρ’

2181 2612 2305 2665 ὅσον
2358 2613 2510 2665 οὐδὲν
2554 2611 2870 2665 ἐτελείωσεν
2899 2614 2928 2666 6
2972 2612 3172 2680 νόμος’
3221 2612 3365 2665 κατά
3407 2612 3554 2666 δὲτὸ
3593 2612 3766 2676 ὅντως

2180 2702 2260 2767 ὃν,
2296 2701 2394 2774 τὴν
2423 2703 2565 2758 κατά
2593 2705 2654 2756 τὸ
2690 2704 2882 2773 μέλλον
2916 2703 3190 2774 μακαρίαν
3232 2704 3416 2776 βιοτὴν
3452 2705 3678 2758 αἰωνίαν
3702 2723 3766 2758 τε

2180 2789 2348 2847 οὖσαν
2397 2795 2492 2848 καὶ
2543 2796 2907 2849 ἀκατάλυτον.
2939 2796 3030 2850 Διὸ
3073 2796 3168 2849 καὶ
3211 2796 3290 2868 τῷ
3329 2797 3473 2851 τέλει
3503 2797 3767 2866 ἐγκολπί-

2183 2887 2354 2952 ζεται.

2252 3093 2357 3147 Kal
2410 3089 2576 3146 εἶδον
2629 3092 2728 3146 καὶ
2780 3092 3021 3162 ἤκουσα
3079 3093 3161 3160 ὡς
3229 3093 3443 3164 φωνὴν
3495 3095 3774 3164 ἀγγέλων

2181 3185 2429 3240 πολλῶν
2479 3186 2681 3252 κύκλῳ
2720 3187 2826 3240 τοῦ
2879 3187 3100 3254 θρόνου
3148 3189 3244 3241 καὶ
3285 3187 3404 3242 τῶν
3460 3187 3616 3249 ζώων
3665 3191 3770 3244 καὶ

491 3269 540 3312 et
574 3260 862 3312 seniorum.
890 3258 959 3311 Et
995 3269 1109 3312 erat
1150 3277 1397 3314 numerus
1443 3278 1624 3314 eorum
1669 3261 1930 3332 myriades
1964 3277 2076 3329 my-

2188 3277 2298 3331 τῶν
2327 3279 2766 3348 πρεσϐυτέρων.
2809 3282 2917 3334 Καὶ
2954 3277 3033 3350 ἦν
3062 3283 3095 3334 d
3129 3281 3375 3350 ἀριθμὸς
3403 3283 3602 3337 αὐτῶν
3651 3302 3771 3352 μυ·-

489 3353 700 3406 riadum
731 3362 781 3406 et
810 3353 981 3406 millia
1023 3353 1250 3406 millium
1283 3355 1512 3407 dicentia
1569 3372 1687 3408 voce
1720 3371 1952 3424 magna:
1985 3354 2080 3407 Di-

2188 3369 2382 3436 ριάδες
2403 3371 2743 3439 μυριάδων,
2778 3373 2877 3427 καὶ
2908 3376 3179 3443 χιλιάδες
3210 3375 3518 3444 χιλιάδων,
3553 3376 3768 3446 λέγον-

489 3462 622 3515 gnus
653 3454 728 3500 est
761 3447 942 3516 Agnus
984 3451 1072 3516 qui
1109 3447 1312 3500 occisus
1333 3447 1433 3516 fuit
1456 3450 1686 3513 accipere
1719 3449 2006 3517 potentiam
2035 3456 2085 3501 et

2188 3480 2282 3529 τες
2337 3462 2507 3532 φωνῇ
2540 3463 2819 3532 μεγάλῃ·
2877 3467 3088 3530 Ἀξιόν
3138 3467 3270 3520 ἐστι
3323 3468 3390 3521 τὸ
3438 3469 3651 3537 ἀρνίον
3694 3470 3768 3522 τὸ

491 3539 705 3593 divitias
723 3550 771 3594 et
801 3541 1136 3608 sapientiam,
1170 3550 1219 3593 et
1253 3540 1648 3608 fortitudinem,
1674 3551 1722 3593 et
1738 3541 2005 3604 honorem,
2034 3549 2083 3592 et

493 3631 738 3702 gloriam,
764 3642 813 3686 et
847 3631 1285 3686 benedictionem.
1311 3632 1378 3685 Et
1403 3649 1607 3686 onmem
1634 3644 1934 3686 creaturam
1968 3647 2084 3702 qua:

492 3726 685 3778 eratin
715 3725 842 3778 caelo
867 3734 916 3778 et
944 3726 998 3778 in
1031 3734 1172 3778 terra
1203 3734 1252 3778 et
1289 3729 1468 3780 subter
1499 3736 1695 3779 terram
1729 3735 1777 3779 et
1803 3727 1872 3779 in
1919 3725 2075 3789 mari,

491 3828 540 3870 et
565 3833 683 3887 quae
705 3817 760 3870 in
792 3818 918 3885 ipsis
950 3825 1094 3883 sunt,
1122 3833 1300 3872 omnes
1330 3819 1532 3883 audiri,
1559 3819 1789 3873 dicentes
1815 3834 1832 3872 :
1859 3817 2076 3873 Sedenti

490 3909 548 3964 in
582 3910 767 3963 throno
801 3917 851 3962 et
896 3910 1044 3980 Agna
1093 3909 1386 3965 benedictio
1431 3919 1480 3965 et
1523 3911 1689 3966 honor
1734 3921 1784 3966 et
1821 3911 1994 3982 gloria
2029 3921 2079 3966 et

492 4004 766 4071 imperium
818 4004 872 4057 in
902 4004 1101 4059 sa-Icula
1133 4005 1470 4068 swculorum,
1512 4005 1695 4058 Amen.
1756 4003 1824 4058 Et
1851 4013 2080 4073 quatuor

491 4095 750 4148 animalia
773 4096 1000 4149 dicentia
1029 4111 1049 4149 :
1078 4097 1266 4150 Amen.
1300 4094 1371 4150 Et
1397 4099 1628 4150 seniores
1650 4096 1989 4167 prociderunt
2014 4113 2077 4150 ac

496 4187 874 4244 adoraverunt.

2180 3554 2586 3626 ἐσφαγμένον,
2618 3557 2829 3611 λαϐεῖν
2856 3557 2973 3626 τὴν
3010 3559 3269 3629 δύναμιν
3304 3559 3402 3613 καὶ
3434 3561 3538 3614 τὸν
3577 3561 3774 3615 πλοῦ-

2179 3664 2316 3713 τον,
2346 3648 2444 3702 καὶ
2489 3649 2732 3718 σοφίαν,
2765 3650 2863 3704 καὶ
2899 3651 3106 3719 ἰσχὺν,
3142 3653 3241 3706 καὶ
3286 3653 3487 3722 τιμὴν,
3526 3654 3622 3707 καί
3669 3653 3775 3708 δό-

2183 3737 2335 3804 ξαν,
2387 3741 2485 3794 καὶ
2521 3743 2832 3812 εὐλογίαν.
2884 3743 2996 3798 Kal
3048 3743 3175 3800 πᾶν
3235 3746 3459 3814 κτίσμα
3503 3746 3535 3799 ὃ
3572 3747 3643 3799 ἐν
3688 3745 3776 3812 τῷ

2185 3829 2420 3898 οὐρανῷ
2461 3832 2558 3886 καὶ
2597 3833 2693 3887 ἐπὶ
2737 3834 2848 3903 τῆς
2893 3835 3039 3905 τῆς,
3072 3836 3170 3891 καὶ
3201 3837 3482 3892 ὑποκάτω
3511 3838 3621 3905 τῆς
3652 3838 3776 3907 γῆς

2184 3921 2282 3974 καὶ
2321 3922 2422 3976 ἐπὶ
2472 3922 2583 3992 τῆς
2629 3927 2970 3995 θαλάσσης-δ
2991 3927 3146 3994 ἐστὶ,
3178 3929 3277 3983 καί
3320 3929 3393 3983 τὰ
3431 3930 3502 3982 ἐν
3537 3928 3772 3994 αὐτοῖς,

2184 4012 2415 4083 πάντας
2449 4017 2686 4086 ἥκουσα
2713 4019 3008 4092 λέγυντας
3028 4036 3042 4051 ·
3071 4021 3155 4086 Τῷ
3187 4022 3501 4091 καθημένῳ
3530 4021 3630 4075 ἐπὶ
3659 4022 3774 4076 τοῦ

2184 4108 2404 4176 θρόνου
2436 4110 2535 4164 xal
2567 4109 2646 4177 τῷ
2669 4113 2870 4183 ἀρνίῳ,
2910 4115 2949 4181 1)
2975 4115 3244 4183 εὐλογία,
3268 4115 3368 4168 καὶ
3406 4116 3444 4182 ἡ
3472 4114 3631 4182 τιμὴ,
3669 4114 3776 4167 καὶ

2183 4201 2223 4268 ἡ
2244 4199 2430 4268 (δόξα,
2459 4203 2557 4256 καὶ
2586 4205 2652 4258 τὸ
2676 4205 2891 4275 κράτος
2929 4209 3015 4274 εὶς
3051 4207 3199 4273 τοὺς
3228 4207 3447 4273 αἰῶνας
3486 4207 3606 4263 τῶν
3629 4205 3776 4260 aleb-

493 4299 639 4338 νων.
691 4281 889 4352 Ἀμήν.
940 4280 1051 4337 Καὶ
1094 4280 1168 4336 τὰ
1226 4280 1501 4351 τέσσαρα
1533 4279 1647 4343 ζῶα
1695 4281 1953 4352 λέγοντα
2001 4286 2104 4340 τό·
2159 4289 2356 4360 Ἀμήν.
2395 4295 2507 4348 Kal
2536 4297 2591 4349 οἱ
2620 4299 3010 4369 πρεσϐύτεροι
3041 4300 3272 4356 ἔπεσον
3333 4300 3434 4355 καὶ
3468 4300 3776 4371 προσεκύ-

492 4391 715 4444 νησαν.

571 4496 942 4568 Spiritualiter
969 4510 1074 4550 vox
1103 4504 1223 4552 crat
1246 4537 1262 4564 ,
1295 4505 1351 4551 at
1381 4511 1492 4550 non
1525 4494 1860 4549 sensibiliter
1904 4504 1958 4550 et
1986 4510 2082 4565 per

497 4589 787 4660 strepitum
824 4589 877 4643 itt
913 4603 1040 4643 aere
1079 4602 1350 4643 resonans
1382 4605 1394 4641 :
1432 4588 1554 4641 ideo
1585 4601 1804 4655 quoque
1839 4586 2084 4642 calculus

497 4679 758 4750 praeconii
785 4679 912 4749 agni
937 4680 1082 4748 quod
1113 4677 1300 4732 futuro
1322 4678 1427 4730 erit
1452 4687 1698 4745 tempore
1725 4677 2080 4744 describitur,

498 4787 608 4826 non
651 4770 797 4842 quod
846 4770 960 4840 jam
1009 4770 1345 4840 completum
1383 4777 1468 4823 est
1513 4785 1528 4821 :
1577 4776 1854 4837 quatenus
1903 4770 2084 4825 omnis

497 4863 594 4938 qui
627 4864 735 4918 Deo
771 4863 1046 4929 adhaeret,
1100 4872 1156 4918 et
1209 4875 1384 4932 usque
1435 4860 1504 4915 ad
1545 4861 2079 4916 consummationem

499 4972 597 5027 per
627 4957 950 5011 memoriam
996 4955 1355 5024 benignarum
1388 4966 1487 5022 pro
1525 4950 1686 5006 nobis
1718 4951 1844 5021 agni
1871 4952 2083 5022 passio-

499 5066 628 5104 num
662 5049 914 5120 prudenti
959 5047 1233 5104 dementia
1266 5053 1516 5115 urgetur,
1569 5045 1635 5100 ad
1671 5044 1875 5101 domini
1924 5049 2086 5104 retri-

496 5143 818 5206 butionem,
849 5155 1164 5212 quanquam
1212 5153 1402 5194 servus
1441 5138 1541 5200 sit,
1578 5152 1873 5208 properare
1919 5141 2081 5196 solet.

498 5234 634 5288 Nam
665 5233 731 5288 tle
769 5232 1081 5302 aequalitate
1111 5230 1336 5286 honoris
1365 5229 1699 5299 superﬂuum
1730 5244 1875 5288 esset
1907 5233 2080 5303 loqui.

498 5327 640 5394 Quid
681 5327 826 5382 enim
856 5341 1116 5396 magnum
1149 5323 1342 5379 iecerit
1373 5340 1586 5392 servus,
1619 5325 1663 5379 si
1689 5325 1878 5381 eadem
1911 5327 2085 5396 patia-

503 5433 592 5477 tur
621 5437 740 5492 quae
769 5419 1066 5475 dominus?
1089 5417 1341 5484 Quodam
1371 5425 1555 5473 autem
1591 5419 1786 5474 ordine
1817 5429 2076 5489 separata

501 5530 626 5571 esse
659 5512 901 5572 divitias,
931 5511 1251 5580 potentiam,
1277 5509 1604 5579 sapientiam
1632 5510 1853 5581 aliaque
1883 5511 2081 5582 hujus-

504 5605 673 5669 modi,
697 5619 760 5658 ex
790 5602 1011 5657 decreto
1039 5586 1160 5674 .quo
1192 5603 1282 5657 illa
1312 5618 1408 5673 per
1430 5603 1781 5658 eminentiam
1806 5603 2084 5674 accipian-

501 5709 629 5763 tur,
662 5713 786 5752 cum
820 5711 907 5751 res
938 5697 1012 5752 ita
1063 5714 1124 5755 se
1149 5712 1258 5752 non
1290 5697 1515 5764 habeat,
1557 5697 1797 5752 humana
1827 5697 2084 5768 opinione

506 5802 848 5862 assumptum
869 5801 954 5848 est
977 5792 1270 5849 :divinitas
1289 5792 1434 5847 enim
1461 5792 1546 5848 his
1574 5808 1682 5847 non
1709 5800 1852 5862 eget,
1881 5801 1941 5846 ut
1962 5807 2086 5861 qua:

507 5900 725 5942 omnem
753 5887 965 5944 excedit
997 5888 1285 5956 honorem,
1313 5895 1368 5943 ct
1395 5901 1519 5944 cum
1554 5885 1738 5942 omnia
1773 5901 1931 5941 suum
1964 5900 2086 5942 esse

2261 4502 2661 4574 Πνευματικῶς
2699 4508 2732 4578 ἡ
2767 4509 2940 4582 φωνὴ,
2977 4510 3093 4565 ἀλλ’
3122 4513 3222 4564 οὐκ
3251 4511 3528 4584 αἰσθητῶς
3558 4514 3653 4569 καὶ
3691 4517 3774 4586 τῷ

2187 4593 2312 4666 ἀέρι
2351 4597 2684 4668 διηχητικῶς
2727 4603 3106 4673 ἀπηχουμένη.
3142 4603 3234 4657 Διὸ
3281 4605 3422 4658 κατά
3461 4606 3523 4658 τὸ
3575 4607 3773 4676 μέλλον

2185 4689 2278 4742 τοῦ
2317 4690 2511 4760 χρόνου
2559 4692 2592 4761 ἠ
2642 4692 2821 4762 ψῆφος
2865 4694 2964 4763 τῆς
3015 4693 3370 4768 ἀναρρήσεως
3424 4697 3519 4751 τοῦ
3575 4699 3770 4770 ἀρνίου

2189 4780 2506 4852 ἱστορεῖται,
2543 4784 2604 4836 οὐ
2631 4784 2775 4839 κατὰ
2799 4785 2863 4839 τὸ
2917 4786 3018 4857 ήδη
3057 4789 3581 4859 συντετελεσμένον,
3629 4797 3770 4863 παρ’

2185 4874 2307 4928 ὅσον
2333 4874 2480 4940 ἆπας
2514 4877 2544 4930 6
2573 4875 2694 4947 Θεῷ
2725 4880 3258 4950 προσανατιθέμενος
3279 4921 3294 4946 ,
3337 4884 3431 4937 καὶ
3468 4883 3631 4956 μέχρι
3661 4885 3770 4955 τῆς

2188 4967 2497 5032 συντελείας
2520 4973 2584 5040 τῇ
2612 4972 2801 5042 μνήμῃ
2817 4969 2928 5024 τῶν
2955 4972 3095 5043 ὑπὲρ
3118 4973 3276 5043 ἡμῶν
3305 4975 3398 5029 τοῦ
3427 4977 3614 5047 ἀρνίου
3643 4977 3770 5046 φιλ-

2187 5058 2492 5130 ανθρώπων
2549 5062 2739 5116 παθῶν
2788 5064 3026 5132 σώφρονι
3069 5067 3238 5136 μανίᾳ
3280 5068 3768 5138 κατεπειγόμενος,

2189 5151 2326 5221 πρὸς
2357 5152 2626 5208 ἀντίδοσιν
2655 5155 2760 5210 κᾶν
2788 5157 3007 5226 οἰκέτης
3036 5156 3130 5210 τοῦ
3151 5157 3412 5212 δεσπότου
3447 5162 3773 5215 κατασπεῦ-

2191 5258 2280 5295 σαι
2316 5242 2497 5298 εἴωθε.
2529 5245 2601 5298 Τὸ
2643 5245 2752 5317 γὰρ
2782 5248 2843 5312 ἐξ
2867 5247 3155 5319 ὀμοτίμου,
3192 5252 3446 5323 περιττὸν
3473 5253 3568 5307 καὶ
3597 5254 3768 5324 ἐρεῖν.

2188 5332 2254 5386 Τί
2286 5333 2394 5404 γὰρ
2439 5337 2582 5406 μέγα
2614 5338 2785 5410 δούλῳ
2819 5342 3014 5394 παθεῖν
3047 5341 3118 5395 τὰ
3157 5343 3251 5397 τοῦ
3287 5345 3583 5414 δεσπότου;
3616 5347 3677 5400 τὸ
3709 5347 3770 5401 δὲ

2187 5425 2276 5480 διὰ
2319 5425 2666 5500 ψηφίσματος
2712 5433 2772 5486 ὲν
2811 5433 2960 5498 τάξει
2989 5439 3098 5486 τινὶ
3140 5434 3368 5492 πλοῦτον
3399 5439 3492 5492 καὶ
3534 5439 3770 5511 δύναμιν

2187 5520 2283 5575 καὶ
2332 5521 2522 5590 σοφίαν
2562 5525 2756 5578 καὶτὰ
2793 5528 3017 5582 τοιαῦτα
3057 5531 3134 5592 ὡς
3181 5531 3303 5583 καθ’
3354 5531 3632 5603 ὑπεροχὴν
3666 5534 3765 5589 τοῦ

2185 5612 2559 5684 λαμόἀνοντος
2588 5616 2879 5689 ἀφορίσθαι
2918 5621 2994 5685 ὡς
3036 5622 3137 5675 οὐκ
3166 5621 3380 5693 ἔχοντος
3401 5661 3418 5688 ,
3445 5623 3766 5699 ἀνθρωπίνῃ

2189 5706 2456 5777 ὑπολήψει
2489 5709 2878 5781 παρείληπται.
2901 5714 2972 5766 Τὸ
2997 5716 3152 5768 Θεῖον
3185 5716 3296 5787 γὰρ
3325 5715 3532 5771 τούτων
3555 5718 3768 5787 ἀπροσ-

2187 5793 2331 5858 δεὲς,
2361 5796 2437 5859 ὡς
2482 5798 2662 5866 πάσης
2689 5800 2855 5871 τιμῆς
2888 5802 3212 5875 ὑπέρτερον,
3264 5809 3358 5860 καὶ
3392 5808 3468 5871 ὡς
3491 5807 3600 5861 τῶν
3623 5809 3764 5862 πάν-

2189 5903 2296 5940 των
2336 5888 2428 5941 ὑπ’
2481 5889 2644 5944 αὑτοῦ
2685 5891 2746 5946 τὸ
2795 5889 2934 5950 εἶναι
2963 5895 3238 5954 λαϐόντων
3269 5900 3364 5956 καὶ
3400 5903 3630 5957 κατόπιν
3665 5902 3768 5957 τοῦ
