4034 6572
355 389 462 457 5‘5

1417 389 1805 455 COMMENT.
1847 385 1927 450 IN
1973 386 2504 450 APOCALYPSIN.

3523 384 3627 448 586

360 513 496 582 πρὸς
541 510 698 575 ἀξίαν
757 511 922 582 τιμὴν
994 513 1406 583 παραγαγόντος
1460 515 1630 578 αὐτὰ,
1693 513 1938 584 χωρούν-

2048 509 2113 561 ab
2141 523 2203 562 ea
2240 508 2571 576 acceperint,
2602 517 2656 562 et
2684 507 2939 578 deinceps
2970 505 3289 578 procedant.
3323 503 3628 561 deducente

357 625 487 661 των.

427 699 534 754 Καὶ
567 699 691 754 πᾶν
721 702 960 768 κτίσμα,
994 701 1088 753 καὶ
1110 701 1254 770 ἑξῆς.
1304 703 1396 755 Ἐκ
1422 703 1627 756 τούτων
1660 703 1936 766 ἁπάντων,

357 793 465 845 τῶν
495 792 722 862 νοητῶν,
771 791 936 862 φημὶ,
981 796 1075 846 καὶ
1114 793 1410 864 αἰσθητῶν,
1451 795 1560 848 τῶν
1597 813 1658 848 τε
1695 795 1937 860 ζώντων,

357 884 468 937 τῶν
497 901 556 938 τε
597 884 785 947 ἁπλῶς
811 884 980 938 ὅντων
1031 888 1279 951 φυσικοῖς
1308 885 1488 954 λόγοις
1507 927 1522 951 ,
1561 890 1589 940 6
1619 888 1750 952 Θεὸς
1787 888 1939 953 δοξά-

358 975 511 1040 ζεται
551 977 626 1040 ὡς
656 977 874 1030 πάντων
902 979 1284 1048 γενεσιάρχης.
1325 980 1436 1034 Καὶ
1463 983 1491 1033 6
1539 981 1731 1034 τούτου
1777 999 1936 1051 μονο-

357 1069 519 1138 γενὴς
548 1070 676 1131 Υἱὸς
703 1069 797 1122 καὶ
822 1069 1107 1140 ὁμοούσιος
1125 1111 1142 1138 ,
1169 1071 1265 1125 καὶ¹
1298 1072 1358 1125 τὸ
1385 1073 1654 1142 πανάγιον
1685 1074 1781 1128 καὶ
1805 1075 1940 1138 ζωο-

359 1162 512 1214 ποιδν
547 1159 790 1230 Πνεῦμα.

427 1336 537 1392 Καὶ
583 1339 653 1392 τὰ
703 1339 969 1407 τέσσαρα
1003 1335 1135 1400 ζῶα.
1185 1343 1292 1395 Καὶ
1333 1341 1423 1394 διά
1463 1342 1620 1395 τοῦτο
1662 1343 1939 1396 δείκνυται

360 1431 458 1500 μία
494 1431 698 1501 ποίμνη
750 1432 999 1499 ἀγγέλων
1033 1433 1129 1486 καὶ
1169 1432 1510 1503 ἀνθρώπιον,
1560 1435 1646 1488 διὰ
1700 1436 1938 1504 Χριστοῦ

354 1522 658 1591 τελουμένη
684 1564 697 1583 ,
755 1526 850 1575 καὶ
900 1523 992 1591 ὑφ’
1031 1524 1112 1576 ἑνὶ
1155 1524 1374 1592 ποιμένι
1419 1523 1652 1580 τελοῦσα
1681 1525 1936 1595 Χριστῷ’

356 1612 451 1664 καὶ
493 1612 592 1684 μία
653 1614 947 1682 Ἐκκλησία
978 1614 1066 1668 διὰ
1100 1615 1339 1684 Χριστοῦ
1379 1615 1472 1669 τοῦ
1517 1616 1578 1669 τὸ
1623 1619 1939 1687 μεσότοιχον

355 1704 449 1757 τοῦ
483 1707 740 1774 φραγμοῦ
773 1707 1052 1772 λύσαντος,
1082 1707 1111 1759 ὃ
1148 1709 1242 1762 καὶ
1274 1710 1306 1778 ἡ
1336 1709 1428 1761 τοῦ
1458 1710 1728 1779 γενάρχου
1769 1709 1941 1779 Ἀδὰμ

356 1799 612 1869 παρακοὴ
681 1800 1066 1870 περιετείχισε,
1127 1801 1202 1853 Τὸ
1256 1802 1350 1864 δὲ,
1421 1801 1631 1871 Ἀμὴν.
1679 1803 1788 1856 ἀπὸ
1839 1807 1938 1871 τῆς

367 1890 649 1960 Ἐϐραῒδος
674 1892 926 1961 εἴληπται
960 1893 1146 1963 φωνῆς
1171 1896 1263 1948 ἐπὶ
1300 1894 1495 1966 βεϐαίᾳ
1537 1895 1935 1963 συγκαταθέσει

353 1982 800 2052 προφερόμενον,
865 1984 1221 2054 ἰσοδυναμοῦν
1265 1985 1376 2056 τῷ,
1425 1987 1550 2050 ναὶ,
1601 1987 1799 2056 ἀληθὲς
1841 1989 1933 2040 καὶ

354 2077 793 2146 ἀμετακινήτως.

424 2167 534 2220 Καὶ
575 2171 629 2222 οἱ
667 2171 1074 2238 πρεσϐύτεροι.
1132 2173 1237 2225 Καὶ
1303 2174 1335 2243 ἡ
1381 2172 1490 2226 τῶν
1545 2176 1934 2244 πρεσὸυτέριην

357 2259 692 2324 ὑπόπτωσις,
743 2262 882 2331 μετὰ
918 2263 1026 2316 τῶν
1081 2264 1364 2333 τεσσάρων
1400 2265 1554 2330 ζώων
1596 2268 1777 2334 (ἅτινα
1820 2267 1933 2328 ζῶα

352 2348 512 2401 τίνων
549 2351 696 2402 ἐστὶν
731 2351 948 2419 εῖρηται
983 2354 1414 2422 ἀπεικάσματα),
1458 2356 1549 2407 καὶ
1578 2357 1626 2407 οί
1653 2373 1932 2426 χαρακτη-

359 2441 589 2508 ριστικοὶ
614 2439 706 2494 τοῦ
731 2442 841 2495 τῶν
865 2443 1190 2512 σωζομένων
1214 2445 1516 2515 ἀνθρώπων
1545 2447 1932 2518 πληρώματος,

353 2530 438 2582 διὰ
467 2530 568 2600 τῆς
598 2533 1019 2604 προσκυνήσεως
1051 2533 1262 2599 ἔδειξαν
1290 2537 1370 2588 ὃτι
1405 2535 1483 2606 τῷ
1509 2537 1702 2608 Ἀρνίῳ
1729 2540 1760 2609 ἡ
1788 2537 1935 2604 ἐξου-

359 2621 448 2674 σία
476 2622 617 2692 ὑπὲρ
655 2624 747 2676 τοῦ
795 2625 1064 2695 ὲσφάχθαι
1095 2626 1296 2681 δίδοται
1328 2627 1437 2681 τῶν
1471 2631 1810 2701 ἐπουρανίων
1844 2635 1936 2685 καὶ

356 2715 614 2781 ἐπιγείων
637 2717 732 2769 καὶ
761 2718 1153 2788 καταχθονίων,
1188 2721 1312 2774 ὅσον
1339 2721 1487 2774 ἔστιν
1509 2723 1675 2777 αὐτοῦ
1705 2724 1938 2779 ἀκοῦσαι

355 2808 464 2860 ἀπὸ
491 2810 590 2876 τῆς
619 2810 682 2861 ἐκ
709 2812 920 2882 νεκρῶν
945 2813 1296 2878 ἀναστάσεως
1319 2857 1332 2878 ,
1365 2816 1613 2884 λέγοντος
1633 2835 1646 2848 ·
1687 2836 1705 2868 ι
1751 2817 1936 2888 Ἐδόθη

359 2918 452 2969 μοι
488 2904 639 2955 πᾶσα
673 2903 890 2969 ἐξουσία
924 2907 983 2958 ὲν
1009 2907 1224 2978 οὐρανῷ
1254 2908 1348 2962 καὶ
1383 2909 1476 2962 ἐπὶ
1509 2911 1630 2979 γῆς.
1671 2930 1689 2962 ι

958 3104 1204 3158 ΚΕΦΑᾹ.
1250 3100 1346 3158 1Γ’.

2041 615 2100 652 ea
2126 598 2412 653 divinitate
2443 597 2508 652 ad
2545 598 2771 669 dignum
2807 599 2940 669 ipsis
2971 599 3252 652 honorem.

2117 691 2182 745 Et
2213 707 2419 746 omnem
2450 701 2772 751 creaturam.
2817 703 2922 746 etc.
2957 692 3040 745 Ab
3089 691 3174 744 his
3219 690 3476 744 omnibus
3519 698 3629 744 tant

2041 785 2500 840 intellectualilms
2523 800 2685 854 quam
2721 800 2941 839 sensum
2978 785 3368 854 sequentibus.
3410 792 3518 838 tam
3554 784 3633 838 vi-

2045 881 2301 934 ventibus
2341 895 2505 948 quam
2539 878 2860 946 simpliciter
2891 893 3012 931 esse
3050 878 3376 930 habentibus
3409 894 3503 946 per
3535 893 3631 930 na-

2043 974 2253 1028 turales
2289 974 2552 1038 rationes,
2595 970 2735 1025 Deus
2775 971 3110 1040 glorilicatur
3139 981 3397 1038 tanquam
3430 971 3632 1039 prim-i-

2044 1067 2192 1135 pium
2220 1075 2271 1119 et
2297 1076 2492 1120 auctor
2523 1063 2769 1118 omnium
2793 1101 2810 1127 ,
2845 1073 2898 1116 et
2932 1062 3246 1131 unigenitus
3281 1076 3345 1114 ac
3397 1061 3634 1114 consub-

2043 1158 2320 1212 stantialis
2345 1158 2508 1226 hujus
2534 1155 2730 1223 Filius,
2761 1167 2814 1210 et
2838 1155 3226 1211 sanctissimus
3258 1169 3321 1207 ac
3352 1153 3634 1206 vivilieaus

2043 1251 2206 1321 700
2236 1249 2493 1319 Spiritus.

2122 1340 2190 1392 Et
2248 1352 2478 1408 quatuor
2547 1337 2828 1390 animalia.
2903 1334 3002 1386 His
3057 1347 3273 1402 quoque
3325 1334 3636 1385 ostenditur

2045 1444 2215 1482 unum
2251 1429 2392 1482 ovile
2435 1427 2754 1494 angelorum
2790 1432 2842 1475 et
2895 1424 3181 1475 hominum
3217 1437 3311 1488 per
3350 1420 3632 1474 Christum

2044 1519 2368 1589 perfectura,
2404 1518 2507 1570 sub
2539 1531 2645 1568 uno
2676 1524 2895 1583 pastore
2926 1512 3145 1565 Christo
3179 1527 3378 1580 agens,
3417 1529 3636 1581 unaque

2043 1608 2290 1665 Ecclesia
2321 1621 2414 1676 per
2445 1605 2727 1659 Christum
2761 1605 2852 1672 qui
2884 1603 3240 1658 interstitinm
3275 1605 3522 1658 macerizc
3544 1607 3636 1678 di-

2045 1701 2175 1761 ruit,
2210 1699 2356 1767 quod
2404 1696 2566 1766 primi
2601 1695 2844 1764 parentis
2874 1695 3042 1747 Adam
3099 1695 3470 1748 inobediettlia
3500 1713 3635 1750 con-

2045 1801 2341 1848 struxerat.
2374 1795 2537 1845 Amen
2568 1804 2696 1844 vero
2730 1805 2794 1842 ex
2832 1788 3018 1857 lingua
3049 1787 3314 1841 llebraica
3357 1800 3634 1858 smnptnm

1973 1892 2142 1952 Best,
2184 1888 2248 1940 ad
2303 1885 2616 1938 firmitatem
2669 1882 3086 1952 approbationis
3133 1882 3454 1948 inductum,
3495 1898 3639 1936 eam-

2037 1979 2160 2033 dem
2201 1977 2408 2032 habens
2450 1975 2556 2029 vim
2605 1989 2769 2044 quam
2817 1988 2918 2036 me,
2952 1971 3220 2040 profecto,
3259 1982 3406 2027 certe
3433 1984 3485 2028 et
3529 1975 3631 2026 im.

2039 2072 2394 2127 mutabiliter.

2123 2164 2191 2219 Et
2222 2165 2452 2218 seniores
2497 2161 2856 2231 prociderunt.
2895 2157 2960 2210 Et
2988 2160 3266 2210 seniorum
3311 2157 3633 2226 procubitus

2037 2257 2150 2309 sive
2179 2253 2443 2324 postratio
2471 2267 2576 2305 nua
2608 2266 2733 2306 cum
2763 2258 3004 2320 quatuor
3025 2251 3356 2303 animalibus
3388 2252 3485 2321 (de
3513 2254 3636 2321 quia

2040 2347 2141 2400 bus
2171 2345 2503 2400 animalibus
2530 2346 2735 2398 dictum
2777 2355 2861 2399 est
2902 2359 3137 2411 quorum
3181 2343 3367 2413 ﬁgura:
3403 2346 3552 2414 sint)
3585 2336 3639 2398 ιι

2038 2439 2130 2507 qui
2174 2439 2463 2506 designant
2511 2437 2976 2504 complementum
3021 2437 3306 2488 hominum
3365 2437 3457 2504 qui
3495 2437 3634 2491 salvi

2045 2532 2199 2594 ﬁunt,
2264 2545 2357 2599 per
2407 2529 2785 2584 adorationem
2858 2527 3226 2580 ostenderunt
3283 2531 3424 2596 quol
3475 2529 3634 2598 Aguo

2042 2635 2328 2694 postquam
2374 2622 2592 2678 occisus
2638 2621 2739 2674 fuit
2775 2622 2937 2674 datur
2992 2627 3233 2689 potestas
3287 2621 3633 2684 «mlestium,

2043 2717 2383 2772 terrestrium
2409 2724 2464 2769 et
2495 2715 2797 2770 inferorum
2831 2733 2842 2767 :
2870 2716 3336 2783 quemadmodum
3365 2725 3418 2768 t-t
3451 2715 3630 2784 ipsum

2042 2809 2232 2875 audire
2258 2824 2555 2878 possumus
2611 2809 2884 2861 dicentem
2926 2818 3214 2877 postquam
3265 2810 3568 2864 resurrexit
3606 2824 3638 2864 α

2046 2908 2327 2959 mortuis:
2371 2925 2387 2953 ι
2435 2903 2565 2957 Data
2598 2910 2680 2957 est
2716 2903 2848 2955 tnihi
2893 2902 3075 2954 omnis
3119 2913 3361 2969 potestas
3394 2902 3446 2954 in
3490 2904 3635 2958 rtelo

2045 3009 2098 3052 et
2128 2997 2181 3050 in
2215 3006 2361 3050 terra
2392 2996 2458 3048 ⁸⁵.
2494 3016 2513 3046 ι

2636 3107 2864 3162 CAPUT
2900 3106 3040 3160 XIII.

355 3222 548 3285 Λύσις
582 3217 694 3287 τῆς
718 3219 954 3298 πρώτᾼης
991 3220 1352 3298 σφραγῖδα,
1386 3221 1498 3286 τὴν
1523 3219 1939 3287 ἀποστολικίιι-

2049 3224 2260 3280 Salutio
2301 3224 2462 3290 primi
2506 3223 2670 3293 sigilli
2723 3221 3007 3298 designans
3063 3221 3359 3274 doctrinam
3414 3233 3636 3292 aposto-

802 3290 1060 3359 διδαχὴν
1087 3291 1499 3360 σημαίνουσα.

428 3405 534 3459 Kui
566 3401 733 3458 εἶδον
763 3403 852 3456 ὅτι
897 3403 1109 3472 ἤνοιξε
1143 3403 1210 3458 τὸ
1263 3404 1489 3471 Ἀρνίον
1527 3383 1669 3473 ρίαν
1708 3405 1777 3458 ἐκ
1823 3403 1940 3457 τῶν

351 3497 505 3553 ἑπτὰ
542 3497 890 3566 σφραγίδων
916 3514 930 3529 ·
980 3497 1077 3550 καὶ
1111 3497 1347 3565 ἥκουσα
1375 3496 1514 3563 ἐνὸς
1551 3498 1617 3550 ἐκ
1663 3498 1781 3550 τῶν
1810 3513 1940 3551 τεσ-

354 3588 561 3657 σάρων
589 3588 746 3648 ζώων
768 3588 1055 3658 λέγοντος
1085 3590 1160 3654 ὡς
1199 3589 1370 3659 φωνῄ
1397 3591 1652 3660 βροντῆς
1675 3609 1687 3620 '
1717 3595 1939 3662 Ἔρχου

354 3683 453 3736 καί
496 3683 603 3737 ιδε.
623 3683 731 3738 Καὶ
767 3682 1106 3753 ίδοὺλππος
1141 3685 1384 3750 λευκὸς,
1417 3686 1515 3739 καί
1543 3690 1575 3740 ό
1606 3687 1942 3757 καθήμενος

353 3777 448 3828 ἐπ’
480 3777 671 3830 αὑτὸν
704 3776 861 3846 ἔχων
899 3775 1100 3841 τόξον.
1150 3778 1256 3830 Καὶ
1302 3778 1482 3847 ἐδόοη
1519 3775 1679 3845 αὐτῷ
1720 3779 1938 3850 στέρτιο

353 3887 484 3936 νος,
514 3868 611 3922 καί
641 3868 862 3937 ἐξῆλθε
884 3868 1089 3932 νικῶν,
1119 3869 1218 3923 καί
1249 3871 1347 3923 ἵνα
1378 3874 1622 3941 νικήσῃ.

431 3963 494 4016 Ei
528 3963 589 4014 τὸ
642 3961 1006 4031 ὲσφραγίσθαι
1054 3963 1112 4014 τὸ
1148 3963 1352 4032 βιϐλίον
1399 3965 1459 4016 τὸ
1493 3966 1941 4038 ἀπαρρησίαστον

353 4052 466 4107 τῶν
499 4056 557 4105 ἐν
588 4054 737 4124 αὑτῴ
773 4055 1180 4125 γεγραμμένων
1217 4055 1385 4125 δηλοῖ,
1417 4059 1510 4109 καὶ
1539 4059 1598 4110 τὸ
1629 4059 1940 4129 πεφράχθαι

357 4152 576 4206 πάντων
628 4152 687 4204 τὸ
739 4153 915 4221 στόμα
971 4151 1202 4205 ἐνώπιον
1242 4150 1335 4202 τοῦ
1384 4147 1521 4202 Θεοῦ
1578 4149 1711 4218 πρὸς
1762 4153 1942 4203 πᾶσαν

355 4243 728 4310 δικαιολογίαν
769 4244 909 4296 κατά
936 4243 996 4296 τὸ
1028 4243 1320 4315 εἰρημένον
1354 4243 1412 4294 ὲν
1451 4244 1563 4304 τοῖς
1609 4239 1941 4310 ἔμπροσθεν,

355 4343 420 4391 τὸ
452 4337 834 4409 προαιρεῖσθαι
867 4336 1007 4390 κατά
1043 4336 1234 4405 μικρὸν
1275 4334 1373 4398 τὰς
1407 4334 1735 4405 σφραγῖδας,
1769 4350 1942 4386 κατα-

361 4430 528 4500 μέρος
575 4427 920 4496 ἐπανάληψιν
977 4429 1296 4499 σημαίνοιεν
1347 4428 1413 4480 ἂν
1482 4427 1582 4495 τῆς
1629 4425 1765 4496 πρὸς
1810 4425 1942 4478 Θεὸν

358 4519 676 4590 παρρησίας
737 4519 833 4573 καὶ
890 4519 1258 4587 οἰκειότητος,
1296 4518 1362 4586 ἣν
1417 4515 1776 4586 προεξένησεν
1811 4517 1943 4586 ἡμῖν

2745 3294 2923 3344 licam.

2132 3410 2221 3470 Vl.
2269 3413 2318 3477 1,
2352 3412 2406 3465 ‘2.
2457 3410 2524 3463 Et
2569 3409 2676 3464 vidi
2709 3409 2846 3479 quod
2877 3411 3138 3475 aperurrit
3167 3409 3342 3478 Agnus
3378 3427 3538 3462 unum
3572 3423 3636 3465 ea:

2043 3517 2236 3574 septem
2265 3507 2478 3575 sigillis;
2506 3514 2553 3557 et
2578 3504 2762 3556 audivi
2793 3519 2954 3555 unum
2989 3519 3016 3555 e
3053 3512 3282 3572 quatuor
3313 3501 3636 3556 animalibus

2044 3600 2220 3652 dicens
2269 3607 2519 3666 tanquam
2573 3611 2693 3649 voce
2732 3595 2998 3647 tonitrui:
3047 3592 3169 3644 Veni
3193 3606 3237 3646 et
3264 3595 3397 3646 ride.
3431 3593 3499 3646 Et
3522 3611 3638 3648 εστι

2043 3707 2204 3761 equus
2263 3689 2413 3742 albus
2436 3731 2450 3753 ,
2483 3699 2530 3741 et
2575 3689 2665 3758 qui
2706 3686 2916 3740 sedebat
2952 3702 3109 3754 super
3141 3702 3256 3738 eum
3289 3685 3510 3738 habebat
3542 3703 3634 3740 ar-

2045 3800 2186 3848 cum,
2222 3792 2269 3836 et
2301 3783 2428 3835 data
2461 3792 2535 3834 est
2574 3780 2622 3835 ei
2648 3796 2842 3834 corona
2874 3795 2890 3831 :
2927 3788 2974 3830 ct
3018 3779 3176 3831 eaivit
3225 3780 3454 3842 vincens,
3491 3789 3538 3832 et
3581 3785 3635 3831 ut

2046 3879 2288 3930 vinceret.

2124 3969 2179 4022 Si
2219 3969 2492 4037 signatura
2533 3982 2652 4022 esse
2707 3966 2908 4020 librum
2945 3964 3219 4035 signiﬁcat
3255 3979 3362 4019 non
3406 3979 3526 4019 esse
3574 3962 3637 4017 li-

2049 4062 2239 4115 berum
2275 4061 2458 4113 dicere
2488 4075 2610 4128 quae
2646 4057 2698 4111 in
2744 4059 2864 4127 ipso
2917 4057 3122 4126 scripta
3164 4065 3312 4123 sunt;
3345 4066 3397 4110 et
3448 4056 3636 4110 clausa

2046 4169 2170 4208 esse
2209 4153 2455 4205 omnium
2491 4166 2585 4203 ora
2620 4165 2806 4203 emam
2853 4149 2982 4213 Deo,
3014 4160 3068 4202 et
3099 4149 3163 4212 ad
3201 4163 3418 4200 onmem
3453 4163 3638 4201 causa:

2047 4241 2443 4306 defensionem,
2482 4242 2638 4306 juxta
2689 4256 2750 4293 ea
2807 4254 2930 4308 qua:
2971 4239 3023 4290 in
3075 4236 3453 4306 superioribus
3490 4237 3634 4291 dicta

2050 4341 2223 4386 sunt:
2259 4329 2522 4400 paulatim
2552 4337 2703 4383 certe
2741 4327 2941 4396 aperiri
2975 4327 3153 4395 sigilla
3191 4325 3501 4395 signiﬁcare
3537 4341 3638 4396 po-

2048 4433 2156 4479 test
2204 4423 2399 4477 fartam
2445 4422 2651 4476 sensim
2702 4419 3133 4475 sublevationem
3178 4419 3230 4471 in
3270 4418 3523 4473 libertate
3571 4435 3636 4473 ac

2052 4515 2421 4570 familiaritate
2460 4531 2588 4586 erga
2635 4513 2839 4577 Deum,
2901 4528 3066 4581 quam
3120 4511 3280 4566 nobis
3323 4512 3637 4566 conciliavit

358 4612 518 4665 ἑνανθ
529 4615 790 4683 ρωπήσας
813 4612 840 4663 ὁ
862 4611 1174 4681 Μονογενὴς
1195 4611 1305 4672 τοῖς
1321 4611 1540 4671 οἰκείοις
1561 4607 1939 4679 κατορθώμασι

2061 4607 2385 4679 Unigenitus
2416 4608 2758 4668 incarnatus,
2785 4606 2904 4659 suis
2937 4603 3202 4674 operibus
3238 4613 3420 4657 nostra
3459 4605 3636 4659 corri-

357 4706 458 4768 τὰς
492 4704 769 4774 ἡμετέρας
813 4702 1219 4774 ὲπανωρθώσας
1257 4701 1656 4771 πλημμελείας.
1703 4703 1946 4755 Κάντεῦ-

362 4793 452 4846 θεν
488 4794 544 4846 δὲ
585 4795 618 4863 ἡ
668 4793 778 4846 τῶν
831 4793 890 4844 ὲν
924 4793 1172 4862 οὐρανοῖς
1206 4792 1427 4858 εὐταξία
1477 4791 1836 4860 σημαίνεται,
1882 4793 1946 4844 ἐκ

360 4886 472 4938 τῶν
508 4886 742 4956 πρώτων
771 4885 979 4950 τάξεων
1021 4887 1098 4946 εἰς
1132 4885 1198 4937 τά
1243 4885 1470 4953 δεύτερα
1522 4884 1945 4939 καταϐαίνουσα.

362 4978 452 5029 Διὸ
477 4979 541 5030 ὲκ
575 4977 683 5030 τῶν
719 4979 1002 5049 τεσσάρων
1033 4978 1185 5042 ζώων
1211 4978 1328 5041 ἑνὸς
1363 4977 1456 5031 τοῦ
1495 4976 1787 5046 προσώπου
1809 5019 1821 5042 ,
1856 4977 1949 5030 τοῦ

360 5071 578 5135 λέοντος
639 5071 884 5141 δηλαδὴ,
943 5071 1044 5141 τὴν
1098 5070 1323 5142 πρώτην
1376 5070 1706 5138 γεγενῆσθαι
1766 5071 1950 5140 φωνὴν

359 5168 614 5234 ἤκουσεν,
647 5165 1080 5236 ἐγκελευομένην
1113 5167 1192 5228 τὸ,
1227 5165 1472 5234 Ἔρχου.
1509 5166 1732 5234 Ἔρχου
1765 5165 1839 5226 δὲ,
1870 5165 1947 5234 τῷ

356 5261 460 5333 τὴν
487 5262 758 5315 ὀπτασίαν
805 5261 1100 5314 διατυποῦν
1130 5258 1498 5330 αἰνίττεσθαι,
1528 5258 1700 5321 οὕτως
1737 5258 1945 5328 θεωμέ-

359 5371 452 5408 νου
496 5354 592 5408 τοῦ
624 5354 926 5408 ἀποστόλου
975 5353 1071 5424 τὴν
1107 5353 1392 5413 ὀπτασίαν,
1425 5352 1742 5407 ἀναθετέον.
1783 5353 1855 5404 Τὸ
1886 5353 1942 5406 δὲ

363 5448 580 5518 πρῶτον
628 5447 768 5512 ζῶον
809 5449 838 5499 6
880 5447 1017 5500 λέων
1053 5445 1338 5516 ἐμφαίνειν
1394 5462 1482 5515 μοι
1523 5444 1758 5499 δοκεῖτὸ
1788 5443 1939 5514 βασι-

358 5539 514 5593 λικὸν
549 5538 656 5591 τῶν
699 5540 1014 5592 ἀποστόλων
1061 5538 1315 5609 φρόνημα
1354 5537 1493 5590 κατὰ
1523 5535 1808 5605 δαιμόνων.
1851 5537 1940 5589 Διὸ

360 5634 599 5704 εἴρηταισ
653 5655 669 5684 ι
728 5635 789 5684 0i
821 5632 1059 5702 βασιλεῖς
1103 5635 1200 5700 τῆς
1244 5631 1346 5699 γῆς
1377 5629 1750 5700 συνήχθησαν
1791 5649 1808 5681 ι
1849 5630 1942 5681 καὶ

358 5725 420 5778 τό
444 5741 456 5754 ·
497 5742 515 5774 ι
564 5725 947 5793 Καταστήσεις
974 5722 1170 5783 αὐτοὺς
1195 5722 1461 5790 ἄρχοντας
1505 5722 1591 5770 ἐπὶ
1631 5723 1808 5772 πᾶσαν
1845 5720 1941 5789 τὴν

437 5886 482 5915 ³⁸
512 5881 703 5936 Matth.
750 5894 940 5941 xxvttt,
972 5878 1053 5933 I8.
1144 5879 1186 5906 ²⁷
1229 5877 1368 5929 l‘sal.
1407 5894 1570 5937 χιι-ιι,
1609 5881 1660 5930 7.

691 5974 962 6034 ΡΑτῐιωι..
1009 5975 1121 6028 (in.
1166 5969 1308 6029 (ΖΗ.

2046 4718 2178 4773 gens
2227 4703 2450 4757 delicta.
2498 4701 2767 4756 Prteterea
2819 4715 3042 4770 quoque
3093 4699 3439 4765 significatur
3508 4700 3638 4753 hinc

2047 4796 2267 4850 debitus
2322 4796 2519 4849 modus
2571 4803 2822 4848 servatus
2871 4794 2922 4846 in
2961 4793 3304 4856 (ωιρδῑίιηιε,
3355 4807 3382 4844 a
3445 4792 3638 4862 primis

2051 4888 2339 4942 ordinibus
2374 4889 2438 4942 ad
2477 4889 2749 4942 secundos
2782 4886 3143 4941 descendens.
3190 4885 3398 4940 ldt-irco
3431 4887 3500 4939 ab
3529 4903 3640 4940 uno

2049 4991 2285 5050 quatuor
2339 4983 2684 5043 animalium,
2725 4980 2863 5034 facie
2925 4979 3173 5033 videlicet
3231 4977 3423 5041 leonis,

2053 5074 2286 5141 primam
2325 5087 2512 5125 vocem
2542 5073 2743 5126 editam
2776 5071 2948 5125 fuisse
2997 5071 3228 5131 audivit,
3266 5085 3374 5138 qua
3403 5070 3640 5137 jubeba-

2059 5177 2168 5228 tur,
2216 5166 2362 5220 I'eni.
2409 5164 2771 5220 R-ft-rcndum
2825 5175 2907 5218 est
2963 5175 3142 5217 autem
3202 5160 3328 5216 Veni
3384 5162 3448 5214 ad
3507 5162 3640 5215 insi-

2056 5259 2338 5314 nuandum
2384 5258 2880 5329 prwligurationem
2922 5255 3174 5318 visionis,
3217 5271 3342 5308 cum
3389 5256 3459 5307 ita
3507 5270 3638 5307 cou-

2053 5350 2293 5420 spcserit
2327 5349 2612 5419 apostolus
2653 5348 2944 5401 visionem.
2982 5344 3225 5398 Primum
3264 5358 3393 5397 vero
3433 5340 3634 5395 animal

2051 5441 2195 5511 quod
2276 5451 2360 5496 est
2407 5442 2490 5495 leo
2539 5440 2846 5512 significare
2923 5439 3056 5492 mihi
3142 5435 3355 5490 videtur
3421 5435 3631 5504 regiam

2053 5535 2426 5605 apostolorum
2464 5535 2730 5589 adversus
2765 5536 3043 5588 daemones
3086 5529 3474 5584 constantiam.
3510 5527 3634 5583 ldct

2054 5629 2258 5683 dictum
2287 5639 2364 5682 est
2393 5645 2406 5680 :
2435 5647 2452 5678 ι
2495 5627 2666 5698 Reges
2703 5635 2863 5681 terrae
2895 5623 3210 5696 congregati
3249 5633 3378 5677 sunt
3407 5621 3490 5683 '7;
3529 5639 3548 5672 ι
3585 5633 3640 5675 et

2057 5721 2221 5774 alibi:
2253 5739 2268 5771 ι
2296 5719 2613 5774 Constitues
2651 5737 2745 5774 eos
2776 5719 3051 5788 principes
3079 5730 3247 5785 super
3276 5728 3494 5768 omnem
3529 5721 3639 5766 ter-

3169 5970 3243 6026 19
