4034 6594
423 405 532 468 ὗδἹ

1250 403 1579 464 ΑΒΕΤΗιΕ
1619 402 1995 466 CAESARE/ﬂ
2034 403 2511 465 CAPPADOCLE
2573 406 2911 469 EPISCOPI

3586 417 3691 478 533

427 529 546 567 ram
577 510 642 564 ³⁸.
676 528 693 560 ι
725 509 862 563 Sunt
891 516 1070 563 autem
1102 509 1352 563 nonnulli
1376 510 1468 580 qui
1501 510 1798 580 cujuslibet
1850 511 2011 581 sigilli

2118 511 2240 579 γῆν.
2282 531 2301 563 ι
2344 512 2464 565 Εἰσὶ
2487 513 2542 566 δέ
2577 532 2717 579 τινες
2746 518 2794 568 οἳ
2828 519 3062 589 ἑκάστης
3089 524 3383 588 σφραγῖδος
3408 526 3504 597 τὴν
3537 527 3691 581 λύσιν

429 605 757 661 solutionem
792 602 1262 657 intellexeruntdc
1284 604 1509 657 salutari
1538 602 1753 658 Domini
1788 614 2008 674 propter

429 714 529 751 nos
560 693 932 749 incarnatione
963 710 977 748 :
1017 695 1255 764 primum
1293 695 1594 751 referentes
1630 696 1695 749 ad
1750 696 2007 750 nativita-

420 800 534 844 tem
567 804 688 858 quae
714 786 875 841 solvit
903 801 1002 840 nos
1027 802 1055 840 a
1091 789 1321 842 vinculis
1343 788 1580 842 carnalis
1602 789 2004 858 generationis,

425 877 888 948 quemadmodum
929 887 984 932 et
1040 879 1209 933 Paulo
1273 879 1490 933 videtur
1548 894 1672 933 cum
1738 881 1932 934 scribit
1988 899 2003 935 :

432 991 451 1021 ι
491 969 707 1039 Alioqui
744 970 839 1022 ﬁlii
872 971 1041 1025 vestri
1088 971 1355 1024 immundi
1398 986 1606 1036 essent,
1645 987 1787 1025 nunc
1822 979 2003 1025 autent

425 1064 600 1117 sancti
636 1070 765 1116 sunt
787 1064 830 1094 ²⁹
870 1077 883 1114 :
928 1063 1214 1128 immundi,
1248 1073 1474 1132 propter
1502 1073 1838 1132 assumptum
1876 1064 2005 1118 sub-

426 1156 685 1210 stantiam
718 1171 745 1206 a
777 1156 1125 1224 corruptione
1149 1157 1303 1226 juxta
1327 1171 1546 1209 carnem
1581 1173 1595 1207 :
1632 1157 1806 1209 sancti
1850 1171 2002 1221 vero,

424 1259 683 1314 tanquam
734 1245 1046 1298 conformes
1097 1246 1274 1300 θίγοι-[ἰ
1337 1248 1673 1315 incorrupta:
1734 1249 2003 1303 nativitati

422 1336 543 1404 ejus
578 1337 671 1404 qui
703 1336 768 1387 ad
805 1350 903 1388 nos
936 1336 1083 1388 venit
1112 1350 1177 1389 ex
1215 1336 1443 1403 virgine.
1475 1335 1786 1390 Secundum
1819 1346 2000 1389 autent

422 1429 489 1481 ad
528 1427 994 1495 regenerationem
1034 1426 1200 1480 divini
1234 1428 1614 1496 baptismatis,
1647 1427 1792 1496 quod
1828 1428 2004 1482 abluit

423 1535 527 1574 nos
563 1534 593 1573 a
626 1519 968 1588 turpitudine
997 1521 1371 1587 generationis
1421 1519 1720 1574 secundum
1758 1535 1999 1572 carnem.

424 1610 549 1666 llrec
593 1611 660 1665 de
714 1611 891 1679 primo
933 1620 988 1663 et
1025 1611 1288 1674 secundo,
1343 1620 1397 1665 et
1444 1611 1512 1664 de
1553 1612 1903 1681 generatione
1935 1627 1998 1665 ex

422 1706 646 1778 Virgine
691 1716 747 1758 et
768 1720 839 1772 ea
873 1719 994 1772 quae
1022 1714 1103 1758 est
1133 1720 1348 1759 sacrum
1382 1705 1650 1775 baptisma
1673 1747 1688 1771 ,
1720 1720 1842 1773 qua:
1877 1715 1999 1758 tan-

418 1815 583 1870 quam
614 1806 669 1853 et
702 1797 817 1867 ipsa
852 1796 1124 1867 pellucida
1158 1797 1353 1851 similis
1382 1798 1429 1850 ei
1471 1812 1592 1867 qua:
1641 1796 1746 1850 fuit
1779 1811 1842 1850 ex
1882 1795 2001 1849 Vir-

421 1895 566 1961 gine,
598 1891 888 1960 conjuncta
916 1898 1018 1943 est.
1053 1888 1222 1942 Tertii
1270 1904 1395 1941 vero
1426 1889 1588 1959 sigilli
1643 1889 1991 1953 solutionem,

421 1986 487 2037 ad
522 1985 830 2038 divinorum
882 1981 1272 2034 miraculorum
1344 1979 1559 2033 Domini
1622 1980 1993 2049 operationem

418 2091 540 2145 quae
569 2084 692 2145 post
728 2076 840 2126 ltazc
873 2073 1161 2126 sucressit.
1194 2071 1385 2137 Quarti
1416 2073 1481 2126 ad
1520 2073 1994 2141 przesentatiot'tem

417 2182 605 2222 coram
648 2165 841 2219 Pilato.
876 2162 1063 2229 Quinti
1097 2164 1163 2218 ad
1201 2163 1507 2218 aliixionem
1542 2166 1593 2217 in
1627 2179 1809 2219 cruce.
1845 2163 1994 2219 Sexti

416 2261 483 2313 at!
540 2258 940 2329 «lupo-itionem
992 2258 1044 2310 in
1091 2258 1426 2326 sepulcrum.
1480 2256 1703 2325 δομιίιιιί
1756 2259 1822 2310 ad
1870 2272 1997 2326 Spo-

416 2354 693 2408 liationcm
730 2351 928 2405 factam
969 2351 1022 2403 in
1052 2349 1286 2404 inferno.

490 2444 555 2500 Et
603 2461 716 2498 ecce
748 2460 908 2514 equus
942 2444 1114 2497 albus.
1166 2441 1352 2509 Equus
1386 2441 1604 2510 quidem
1658 2440 1814 2495 albus
1845 2456 1995 2512 sym-

416 2539 599 2592 bolum
649 2546 733 2589 est
789 2535 1105 2604 apostolicae
1156 2534 1598 2603 praulicatiouis,
1655 2542 1842 2603 utpote
1899 2549 1997 2604 per

417 2632 591 2700 ipsam
642 2639 696 2681 ct
746 2642 934 2680 eorum
989 2628 1395 2695 generationem
1448 2626 1686 2679 maximo
1733 2626 1996 2680 beneﬁcio

420 2722 734 2777 hominibus
768 2720 1027 2790 praestito.
1076 2718 1249 2773 Porro
1284 2734 1426 2788 equo
1466 2731 1655 2773 vecms
1699 2727 1783 2772 est
1828 2717 1875 2772 is
1927 2717 1993 2771 ad

417 2831 580 2886 queui
650 2813 907 2867 Habacuc
953 2812 1042 2866 ille
1083 2812 1468 2866 sanctissimus
1500 2811 1649 2864 canit
1679 2809 1941 2864 divinitus
1977 2824 1991 2868 :

423 2927 443 2961 ι
476 2906 741 2962 luduxisti
775 2904 827 2957 in
868 2919 1018 2957 mare
1055 2919 1228 2972 equos
1258 2912 1418 2970 tuos;
1460 2923 1477 2953 ι
1516 2912 1570 2957 et
1601 2905 1773 2973 ipsum
1807 2918 1993 2956 areum

416 3014 577 3070 quem
632 2997 774 3050 idem
816 3011 1036 3066 quoque
1069 2994 1324 3051 llabacuc
1372 2995 1721 3061 vaticinatur,
1762 2995 1991 3050 dicens:

422 3109 439 3141 ι
471 3088 766 3145 lutendeus
794 3088 1047 3144 intendes
1076 3103 1266 3143 arcum
1309 3098 1463 3141 tuum
1486 3088 1552 3138 ⁸ο.
1586 3106 1603 3138 ι
1628 3086 1801 3141 Porro
1833 3101 1986 3141 coro-

416 3198 541 3237 nam
578 3189 908 3250 acceperunt
939 3180 1041 3249 ipsi
1088 3179 1390 3233 beatissimi
1443 3180 1697 3248 apostoli,
1738 3193 1804 3233 eo
1847 3177 1991 3248 quod

416 3292 512 3346 per
550 3274 832 3328 veritatem
883 3271 1204 3326 devicerunt
1253 3270 1618 3341 principatum
1669 3270 1877 3323 erroris
1924 3270 1995 3324 ob

419 3383 572 3439 spem
604 3364 857 3421 secunda:
889 3365 1129 3420 victoriae
1160 3381 1281 3434 qua:
1326 3373 1409 3419 est
1452 3380 1547 3433 per
1591 3362 1993 3417 confessionem

418 3458 683 3517 Dominici
712 3458 948 3513 nominis
972 3470 1246 3513 servatam
1280 3470 1451 3527 usque
1482 3454 1547 3509 ad
1580 3464 1829 3509 mortem.

488 3647 557 3702 Et
585 3647 739 3702 exivit
763 3645 968 3699 vincens
998 3651 1046 3696 et
1082 3648 1138 3693 ut
1171 3639 1414 3692 vinceret.
1448 3635 1703 3692 Christus
1730 3642 1848 3688 erat
1874 3632 1996 3687 vin-

416 3753 547 3795 cens
574 3745 633 3793 ut
665 3737 926 3796 vinceret,
971 3730 1089 3802 qui;
1136 3729 1226 3783 ubi
1268 3728 1440 3798 prima
1476 3726 1693 3782 vicisset
1730 3725 1993 3789 victoria,

418 3846 611 3901 nempe
638 3828 878 3899 gentium
908 3825 975 3879 ab
1006 3823 1166 3879 idolis
1185 3821 1560 3883 conversione,
1593 3835 1619 3872 a
1654 3833 1759 3888 qua
1789 3830 1842 3871 et
1875 3818 1995 3870 vin-

418 3941 548 3981 cens
599 3920 1021 3993 cognominatus
1077 3926 1180 3979 est,
1234 3913 1301 3968 ad
1360 3913 1655 3968 secundam
1709 3911 1994 3966 victoriam

418 4020 723 4073 instructus
752 4022 859 4078 est,
900 4010 1061 4082 702
1111 4024 1215 4079 qua
1248 4008 1315 4061 de
1352 4005 1570 4060 mortali
1630 4008 1731 4059 hoc
1767 4018 1998 4073 corpore

416 4127 512 4181 per
552 4107 928 4164 correctioues
969 4106 1092 4159 illos
1132 4103 1314 4173 jungit
1362 4099 1456 4170 qui
1522 4099 1853 4153 confessioni
1909 4098 1993 4152 sui

421 4202 658 4258 nominis
699 4200 928 4255 ﬁrmiter
959 4198 1342 4261 adhaeserunt,
1372 4204 1425 4251 et
1459 4193 1703 4249 coronati
1740 4202 1868 4248 sunt
1902 4207 1997 4247 co-

416 4310 573 4358 rona,
606 4308 798 4362 nempe
825 4292 982 4362 signo
1009 4305 1122 4345 sua:
1160 4289 1427 4343 victori-.e.

1016 4425 1248 4481 CAPUT
1281 4424 1420 4479 XIV.

420 4565 630 4622 Salutio
661 4564 875 4620 secundi
918 4561 1084 4632 sigilli
1121 4560 1429 4632 signiﬁcans
1469 4556 1660 4610 bellum
1698 4551 1991 4623 inﬁdelium

963 4629 1211 4686 adversus
1242 4629 1445 4697 fideles.

496 4769 583 4835 Vl,
632 4770 687 4832 5,
721 4770 771 4823 6.
823 4768 1046 4821 Etcum
1092 4763 1382 4834 aperuisset
1436 4760 1718 4814 secundum
1768 4756 1998 4826 sigillum

420 4859 598 4913 audiri
641 4856 929 4910 secundum
976 4854 1198 4917 animal,
1231 4852 1407 4904 dicens
1443 4865 1461 4903 .'
1496 4849 1622 4903 Veni
1663 4858 1712 4901 et
1758 4848 1893 4900 vide.
1932 4844 2000 4898 Et

417 4953 575 5006 exiuit
599 4950 735 5002 alius
758 4963 919 5018 equus
954 4946 1129 5015 rufus,
1159 4953 1207 4998 et
1245 4942 1445 4996 sedenti
1485 4957 1639 5009 super
1666 4956 1784 4993 eum
1813 4938 1999 4990 datum

416 5052 494 5096 est
524 5050 578 5094 ut
599 5041 802 5095 tolleret
836 5053 1017 5108 pacem
1051 5038 1112 5090 de
1140 5045 1303 5098 terra,
1334 5042 1389 5086 ut
1426 5033 1643 5086 invicem
1674 5048 1726 5087 se
1748 5029 2002 5099 interﬁce-

418 5143 534 5189 rmt
567 5150 584 5187 :
626 5143 673 5186 et
701 5134 861 5187 datus
887 5140 966 5187 est
991 5130 1089 5198 ipsi
1114 5127 1319 5199 gladius
1348 5142 1587 5196 magnus.

492 5321 804 5379 Secundum
864 5312 1068 5370 animal
1133 5320 1216 5364 cst
1276 5308 1474 5364 vitulus
1528 5307 1619 5377 qui
1673 5316 1989 5362 sanctorum

420 5425 719 5487 martyrum
747 5418 966 5467 sanctas
985 5404 1238 5475 designat
1267 5412 1320 5457 et
1355 5401 1710 5455 rationabiles
1737 5399 1947 5453 hostias
1976 5417 1989 5452 :

420 5507 659 5579 primum
689 5503 836 5559 enim
888 5494 1093 5553 animal
1146 5493 1501 5562 apostolicam
1537 5490 1843 5563 designavit
1894 5504 1992 5559 po-

420 5606 691 5659 testatem,
721 5601 781 5648 ut
802 5591 915 5661 jam
940 5588 1144 5641 dictum
1179 5594 1285 5641 est.

491 5684 560 5743 Ut
614 5684 811 5739 tolleret
848 5696 1028 5750 pacem
1075 5682 1138 5731 de
1173 5690 1334 5731 terra.
1368 5675 1695 5747 Conjcctura
1726 5692 1991 5748 asscquor

488 5860 533 5890 ³⁸
559 5861 703 5918 Psal.
736 5876 883 5928 κων,
916 5860 1000 5915 l7.
1077 5860 1120 5891 ¹⁹
1150 5856 1316 5914 lCor.
1352 5877 1445 5930 vn,
1484 5860 1569 5913 Μ.

2020 4600 2074 4659 D

2110 602 2188 665 εἰς
2220 602 2316 672 τὴν
2352 604 2455 656 ὑπὸ
2480 604 2572 658 τοῦ
2609 607 2815 678 Κυρίου
2851 610 2917 663 δι’
2951 612 3094 679 ἡμᾶς
3127 616 3392 685 σωτήριον
3418 619 3689 691 ὲνανθρὼ-

2110 712 2275 763 πησιν
2322 697 2660 768 ὲξειλήφασι,
2713 701 2814 770 τὴν
2859 704 3105 774 πρώτην,
3140 706 3220 768 εἰς
3271 710 3368 775 τὴν
3413 711 3690 781 γέννησιν,

2108 789 2227 857 ἥτις
2256 788 2445 842 ἔλυσεν
2499 793 2645 861 ἡμᾶς
2673 792 2781 845 τῶν
2811 792 3028 864 δεσμῶν
3076 799 3176 867 τῆς
3217 800 3487 871 σαρκικῆς
3532 806 3689 870 γενέ-

2108 898 2265 947 σεως,
2307 883 2381 945 ὼς
2409 886 2503 936 καὶ
2530 884 2728 955 Παύλῳ
2762 886 2928 947 δοκεῖ,
2962 887 3029 939 δι’
3070 882 3145 941 ὧν
3175 892 3376 960 γράφει
3403 908 3416 921 ο
3457 913 3474 944 ι
3531 895 3687 948 Ἐπεὶ

2105 973 2172 1025 τα
2192 974 2356 1026 τέκνα
2384 975 2537 1044 ὑμῶν
2567 976 2875 1045 ἀκάθαρτα,
2905 978 2999 1030 νῦν
3022 980 3078 1032 δὲ
3101 980 3249 1048 ἆγια.
3288 1002 3304 1033 ι
3354 984 3683 1054 Ἀκάθαρτα,

2103 1065 2177 1127 ὡς
2206 1066 2312 1117 ἀπὸ
2335 1067 2433 1135 τῆς
2458 1067 2601 1119 κατὰ
2630 1067 2821 1138 ρσάρκα
2850 1069 3055 1140 φθορᾶς
3083 1074 3352 1143 ἐσχηκότα
3377 1076 3476 1146 τὴν
3507 1077 3689 1149 ὓπαρο

2105 1154 2186 1221 ξιν
2211 1172 2222 1184 ⁸
2258 1156 2389 1223 ἆγια
2411 1156 2485 1218 δὲ,
2510 1156 2584 1220 ὡς
2615 1158 3083 1227 συμμορφούμενα
3115 1164 3179 1230 τῇ
3199 1161 3462 1232 ἀφθάρτῳ
3485 1167 3685 1234 γεννή-

2106 1264 2187 1298 σει
2211 1246 2302 1299 τοῦ
2343 1249 2405 1299 ἐκ
2443 1247 2716 1318 Παρθένου
2752 1250 2883 1318 ἡμῖν
2913 1251 3391 1320 ἐπιδεδημηκότας.
3431 1256 3539 1324 Τὴν
3566 1256 3689 1307 δευ-

2103 1339 2263 1408 τέραν
2300 1338 2382 1400 δὲ,
2426 1342 2505 1401 είς
2542 1340 2638 1410 τὴν
2666 1340 2760 1393 τοῦ
2796 1340 2943 1393 θείου
2978 1343 3353 1411 βαπτίσματος
3387 1346 3689 1416 ἀναγέννη-

2105 1444 2208 1493 σιν,
2244 1428 2336 1481 τοῦ
2378 1430 2596 1499 αἴσχους
2627 1433 2775 1501 ἡμᾶς
2807 1433 3160 1486 ἀπολύσασαν
3192 1435 3290 1503 τῆς
3330 1438 3470 1488 κατὰ
3503 1437 3687 1508 σάρκα

2102 1519 2388 1585 γενέσεως.
2439 1520 2622 1574 Ταῦτα
2674 1523 2803 1592 περὶ
2836 1522 2937 1592 τῆς
2986 1523 3209 1594 πρώτης
3255 1525 3680 1596 καὶδευτέρας,

2102 1611 2199 1681 τῆς
2228 1628 2287 1663 τε
2317 1613 2379 1663 ἐκ
2399 1612 2671 1680 παρθένου
2695 1614 3022 1684 γεννήσεως,
3057 1615 3150 1668 καὶ
3176 1617 3270 1684 τῆς
3295 1615 3382 1669 διὰ
3404 1617 3494 1669 τοῦ
3525 1618 3685 1683 ἁγίου

2104 1702 2500 1772 βαπτίσματος,
2528 1704 2651 1773 ἥτις
2676 1704 2751 1767 ὼς
2784 1705 3020 1775 φωτεινὴ
3051 1707 3146 1759 καὶ
3176 1706 3314 1777 αὑτὴ
3352 1710 3417 1777 τῇ
3449 1711 3513 1759 ἐκ
3537 1726 3684 1777 παρ-

2104 1797 2258 1850 θένου
2288 1797 2583 1867 ἐφάμιλλος
2614 1798 2991 1862 συνέζευκται.
3037 1800 3239 1868 Τρίτης
3278 1799 3334 1853 δὲ
3374 1803 3685 1871 σφραγῖδος

2102 1889 2275 1951 λύσιν,
2308 1892 2385 1952 εἰς
2414 1891 2515 1961 τὴν
2549 1890 2688 1959 μετὰ
2720 1890 2893 1944 ταῦτα
2930 1890 3039 1943 τῶν
3077 1891 3417 1962 θεοσημείων
3443 1893 3537 1946 τοῦ
3566 1896 3684 1948 Κυ-

2106 1979 2221 2049 ρίου
2268 1982 2568 2049 ἐνέργειαν.
2616 1982 2922 2053 Τετάρτης,
2956 1984 3036 2045 είς
3065 1983 3163 2052 τὴν
3201 1984 3291 2036 ἐπὶ
3322 1984 3414 2037 τοῦ
3448 1986 3681 2040 Πιλάτου

2100 2076 2462 2147 παράστασιν.
2497 2078 2764 2149 Πέμπτης
2793 2081 2875 2141 εἰς
2909 2080 3007 2148 τὴν
3036 2080 3126 2131 ἐπὶ
3159 2079 3253 2132 τοῦ
3284 2083 3518 2152 σταυροῦ
3544 2083 3682 2137 καθα

2100 2169 2319 2238 ήλωσιν.
2380 2171 2607 2239 Ἕκτης,
2654 2172 2733 2232 είς
2779 2171 2877 2239 τὴν
2933 2172 2991 2222 ὲν
3041 2170 3117 2239 τῷ
3160 2171 3316 2242 τάφῳ
3364 2174 3679 2228 κατάθεσιν.

2114 2259 2398 2329 Ἑϐδόμης,
2432 2263 2510 2324 είς
2538 2263 2636 2330 τὴν
2664 2264 2721 2313 ὲν
2753 2260 2831 2331 τῷ
2864 2262 2962 2331 ᾇδη
2998 2261 3306 2315 σκύλευσιν.

2090 2460 2093 2463 ‘
2170 2443 2274 2496 Kal
2315 2441 2443 2496 ἰδοὺ
2489 2444 2673 2509 ἵππος
2718 2444 2957 2509 λευκός.
3009 2444 3065 2498 ὐ
3134 2446 3235 2514 μὲν
3278 2445 3469 2508 λευκὸς
3517 2447 3682 2511 ἵππος

2099 2535 2368 2604 σύμϐολον
2420 2535 2656 2606 ὑπάρχει
2701 2534 2795 2588 τοῦ
2838 2536 3200 2590 ἀποστολικοῦ
3255 2538 3677 2607 εὐαγγελ.ισμοῦ,

2097 2628 2172 2691 ὡς
2218 2629 2281 2681 δι’
2317 2629 2483 2682 αὑτοῦ
2532 2629 2625 2681 καὶ
2658 2629 2759 2698 τῆς
2791 2629 2911 2682 κατ’
2954 2630 3134 2685 αὐτῶν
3168 2633 3361 2700 γενεᾶς
3413 2631 3681 2699 μεγίστης

2097 2720 2418 2790 εὐεργεσίας
2471 2720 2781 2789 ἀνθρώποις
2830 2722 3223 2793 γενησομένης.
3292 2723 3350 2775 Ὀ
3382 2722 3437 2775 δέ
3480 2739 3539 2790 γε
3599 2723 3679 2791 τῷ

2100 2813 2250 2881 ἵππῳ
2292 2813 2508 2883 ἔποχος,
2540 2816 2567 2866 6
2614 2815 2748 2883 πρὸς
2775 2813 2834 2866 ὃν
2876 2814 3190 2885 Ἀϐὁακοὺμ
3223 2817 3251 2868 6
3284 2815 3447 2879 αὐτὸς
3477 2818 3506 2868 6
3539 2816 3677 2869 θειό-

2096 2920 2256 2966 τατος
2287 2904 2381 2967 τὸ,
2419 2922 2437 2955 ς
2492 2905 2856 2967 Ἐπεϐίὸασας
2901 2907 2979 2968 είς
3015 2906 3289 2959 θάλασσαν
3322 2908 3448 2971 τοὺς
3478 2908 3679 2972 ἵππους

2100 3011 2216 3059 σου,
2277 3013 2294 3045 ι
2332 2994 2620 3065 θεσμῳδεῖ,
2671 2996 2765 3048 καὶ
2799 2995 2859 3047 τὸ
2893 2998 3046 3060 τόξον
3078 2998 3104 3049 ὃ
3144 2999 3235 3050 καὶ
3270 2999 3401 3051 αὐτὸ
3443 3001 3471 3052 6
3516 3001 3678 3063 αὐτὸς

2111 3087 2425 3157 ’Λῦὅακοὺμ
2460 3088 2778 3158 χρησμῳδεῖ
2829 3090 3109 3150 ἐντείνων,
3168 3092 3394 3158 φάσκων
3421 3109 3433 3122 ·
3475 3112 3492 3143 ‹
3559 3092 3679 3146 Ἐν·

2099 3182 2273 3242 τενεῖς
2312 3179 2373 3232 τὸ
2405 3180 2554 3243 τόξον
2607 3197 2719 3232 σου.
2766 3198 2784 3231 ι
2839 3181 2941 3232 Τὸν
2987 3181 3043 3233 δὲ
3086 3182 3349 3251 στέφανον
3394 3184 3679 3253 εἰλήφασιν

2098 3274 2146 3323 οί
2171 3272 2324 3324 αὐτοὶ
2361 3274 2687 3341 μακαριστοὶ
2717 3272 3027 3336 ἀπόστολοι,
3057 3273 3174 3326 ἀνθ’
3204 3267 3277 3327 ὧν
3303 3275 3391 3328 διὰ
3415 3277 3512 3346 τῆς
3539 3278 3676 3345 ἁλτι-

2099 3363 2247 3426 θείας
2278 3363 2369 3416 τὸν
2416 3364 2514 3433 τῆς
2550 3363 2757 3433 πλάνης
2802 3365 3041 3434 ἀρχηγὸν
3071 3366 3421 3436 νενικήκασιν
3462 3366 3549 3418 ἐπ’
3584 3368 3675 3419 ὲ).-

2099 3456 2211 3507 πίδι
2240 3456 2499 3525 δευτέρας
2552 3456 2707 3519 νίκης
2742 3458 2839 3526 τῆς
2889 3456 3051 3527 μέχρι
3106 3457 3339 3512 θανάτου
3389 3460 3679 3529 ὁμολογίας

2097 3547 2189 3599 τοῦ
2218 3546 2551 3600 Δεσποτικοῦ
2584 3547 2671 3599 δνό
2679 3565 2867 3618 ματος.

2169 3642 2277 3695 Kal
2319 3641 2538 3709 ἐξῆλθε
2592 3640 2798 3704 νικῶν,
2847 3641 2943 3695 καὶ
2998 3642 3098 3695 ἵνα
3149 3640 3392 3710 νικήσῃ.
3445 3644 3678 3713 Χριστῆς

2098 3728 2166 3803 ἦν
2193 3736 2220 3786 6
2252 3732 2415 3785 νικῶν
2446 3734 2532 3785 ἵνα
2573 3734 2793 3806 νικήσῃ,
2829 3734 2886 3797 ὃς
2927 3733 3025 3805 τὴν
3074 3733 3296 3804 πρώτην
3329 3734 3488 3803 νίκην
3523 3740 3677 3806 νικήο

2100 3841 2198 3887 σας
2243 3823 2339 3894 τὴν
2370 3823 2478 3878 τῶν
2534 3823 2705 3878 ἐθνῶν
2734 3826 2842 3878 ἀπὸ
2886 3825 2994 3877 τῶν
3034 3824 3271 3878 εἰδώλων
3306 3828 3678 3897 ἐπιστροφὴν,

2097 3916 2190 3987 ἀφ’
2235 3912 2302 3987 ἧς
2334 3918 2424 3970 καὶ
2450 3916 2614 3970 νικῶν
2645 3918 3087 3988 κατωνόμασται,
3130 3918 3209 3981 είς
3236 3917 3492 3989 δευτέραν
3522 3920 3677 3986 νίκην

2096 4009 2482 4079 ηὐτρέπισται,
2514 4008 2614 4078 τὴν
2646 4009 2754 4062 ἀπὸ
2782 4008 2873 4061 τοῦ
2907 4007 3103 4079 θνητοῦ
3150 4008 3423 4077 σώματος,
3453 4009 3679 4062 ὑπαλείο

2100 4120 2302 4171 φουσαν
2331 4100 2418 4155 διὰ
2452 4100 2725 4155 κολάσεων
2751 4102 2877 4164 τοὺς
2921 4102 3017 4154 ὐπὲ
3029 4118 3058 4170 ρ
3084 4099 3177 4153 τοῦ
3210 4100 3471 4170 ὀνόματος
3512 4102 3677 4156 αὖτοῦ

2097 4197 2197 4264 τῆς
2226 4193 2515 4263 ὁμολογίας
2540 4192 2955 4262 ἀντεχομένους,
2984 4194 3078 4246 xa‘t
3107 4194 3167 4246 τὸ
3197 4192 3468 4263 σύμϐολον
3498 4196 3681 4250 αὐτῶν

2098 4286 2199 4355 τῆς
2229 4286 2387 4354 νίκης
2412 4284 2503 4337 τὸν
2540 4286 2806 4354 στέφανον
2838 4286 3344 4355 ἐστεφανωμένους.

2698 4421 2948 4473 ΚΕΦΑΛ.
2990 4421 3087 4473 IA'.

2101 4554 2291 4625 Λύσις
2346 4553 2452 4622 τῆς
2508 4553 2789 4622 δευτέρας
2842 4555 3201 4625 σφραγῖδοςθ,
3256 4556 3535 4623 δηλοῦσα
3574 4556 3683 4609 τὸν

2223 4624 2341 4676 τῶν
2368 4625 2641 4678 ἀπίστων
2673 4627 2822 4679 κατὰ
2851 4625 2970 4679 τῶν
2998 4624 3232 4680 πιστῶν
3262 4628 3550 4696 πόλεμον.

2170 4760 2277 4814 Kal
2356 4760 2453 4814 ὅτε
2532 4760 2737 4829 ἤνοιξε
2813 4761 2927 4826 τὴν
2991 4759 3278 4828 δευτέραν
3342 4759 3679 4829 σφραγῖδα,

2098 4851 2336 4920 ἥκουσα
2390 4853 2495 4907 τοῦ
2542 4852 2826 4921 δευτέρου
2886 4852 3028 4914 ζώου
3089 4852 3409 4921 λέγοντος·
3462 4852 3679 4919 Ἔρχου

2098 4944 2196 4997 καί
2242 4945 2457 5009 βλέπε.
2504 4944 2613 4999 Kal
2655 4944 2915 5014 ἐξῆλθεν
2956 4944 3145 5010 ἄλλος
3190 4945 3374 5008 ἵππος
3422 4943 3672 5010 supplic,

2099 5035 2199 5089 καὶ
2235 5033 2314 5100 τῷ
2354 5035 2669 5106 καθημένῳ
2703 5036 2797 5089 ἐπ’
2839 5035 3028 5089 αὐτὸν
3067 5035 3246 5101 ἐδόθη
3274 5033 3434 5098 αὐτῷ
3472 5032 3684 5086 λαϐεῖν

2098 5127 2212 5193 τὴν
2236 5125 2484 5195 εἰρήνην
2508 5127 2576 5181 ἐκ
2607 5125 2714 5195 τῆς
2741 5126 2873 5197 γῆς,
2899 5127 2999 5181 ἵνα
3029 5125 3344 5194 ἀλλήλους
3376 5124 3680 5195 σφάξωσι.

2101 5218 2209 5271 Kal
2242 5219 2420 5286 ἐδόθη
2447 5218 2607 5285 αὐτῷ
2631 5219 2895 5289 μάχαιρα
2915 5218 3173 5289 μεγάλη.

2171 5312 2434 5382 Δεύτερον
2463 5313 2601 5377 ζῶον
2636 5314 2663 5366 6
2700 5314 2922 5385 μόσχος,
2953 5315 3012 5377 ὃς
3044 5315 3152 5367 τῶν
3183 5316 3357 5382 ἁγίων
3386 5311 3681 5385 μαρτύρων

2092 5402 2192 5466 τὰς
2242 5404 2397 5474 ἱερὰς
2447 5404 2637 5469 θυσίας
2672 5405 3070 5477 χαρακτηρίζει
3125 5406 3218 5459 καὶ
3267 5406 3533 5474 λογικὰς,
3582 5403 3679 5457 τοῦ

2091 5496 2362 5569 προτέρου
2409 5496 2550 5561 ζὼου
2603 5498 2701 5569 τὴν
2735 5498 3103 5569 ἀποστολικὴν
3154 5497 3404 5564 ἐξουσίαν
3446 5498 3677 5567 διαγρά-

2091 5603 2302 5655 φοντος,
2330 5587 2404 5650 ὡς
2438 5589 2537 5659 ἤδη
2570 5589 2805 5660 εἴρηται.

2167 5677 2286 5747 Τὴν
2317 5679 2567 5747 εἰρήνην
2599 5677 2668 5732 ἐκ
2699 5678 2807 5749 τῆς
2848 5678 2977 5751 γῆς.
3020 5680 3238 5750 Ταύτην
3281 5681 3546 5751 στοχάσας
3577 5676 3674 5747 τὴν

1649 5858 1691 5890 ³ο
1723 5857 1927 5912 llabac.
1962 5872 2042 5923 tu,
2077 5856 2128 5911 8.
