4030 6626
360 464 466 530 539

1436 451 1819 517 COMMENT.
1860 451 1941 510 IN
1984 445 2514 509 APOCALYPSIN.

3521 422 3623 494 5θο

359 584 621 654 δευτέραν
666 580 774 635 τῶν
829 578 1144 633 ἀποστόλων
1180 573 1517 644 ὲνδιαδοχὴν,
1554 573 1620 643 ἢν
1659 572 1748 624 διὰ
1800 585 1941 640 μαρ-
1975 612 1980 628 λ

2090 577 2194 617 anc
2230 559 2528 615 secundam
2583 569 2704 610 esse
2761 554 2828 608 ah
2880 553 3144 624 apostolis
3193 547 3620 610 successionem,

361 677 541 746 τύρων
591 675 686 727 καὶ
733 671 1068 725 διδασκάλων
1125 667 1626 737 συμπληρουμένην
1673 665 1940 732 ἔγνωμεν,

363 771 421 820 έν
542 764 947 833 πλατυνομένου
997 760 1184 813 λοιπὸν
1221 758 1315 812 τοῦ
1367 756 1744 827 κηρύγματος,
1777 756 1809 824 ἡ
1850 753 1943 806 τοῦ

365 861 574 930 κόσμου
617 859 807 928 εἰρήνη
837 855 1025 923 ἐλύθη,
1072 853 1195 906 καθ’
1227 851 1426 919 εαυτῆς
1468 847 1817 919 μερισθείσης
1848 846 1946 913 τῆς

367 951 717 1022 ἀνθρωπίνης
772 951 1010 1015 φύσεως,
1047 945 1192 998 κατὰ
1235 943 1296 996 τὸ
1347 941 1510 1012 ῥηθὲν
1561 939 1666 992 ὑπὸ
1697 938 1791 992 τοῦ
1835 938 1946 990 Κυ-

371 1044 489 1112 ρίου
520 1060 532 1072 ·
565 1061 584 1093 ι
617 1043 732 1096 Ούκ
757 1038 922 1112 ἦλθον
955 1039 1137 1108 βαλεῖν
1163 1037 1386 1107 εἰρήνην
1414 1035 1506 1086 ἐπὶ
1533 1033 1634 1103 τὴν
1663 1033 1788 1103 γῆν,
1814 1031 1949 1085 ἀλλὰ

373 1137 673 1208 μάχαιραν,
703 1137 796 1187 καὶ
828 1136 1106 1202 ἐπεγεῖραι
1141 1131 1356 1199 πατέρα
1414 1127 1508 1178 καὶ
1554 1127 1689 1191 υἱὸν,
1739 1126 1829 1178 καὶ
1859 1124 1950 1177 θυι

372 1229 579 1297 γατέρα
642 1227 738 1280 καὶ
801 1224 1034 1295 μητέρα,
1097 1224 1189 1276 καὶ
1253 1222 1474 1291 νύμφην
1535 1220 1631 1273 καὶ
1681 1217 1952 1287 πενθερὰν

371 1322 514 1372 κατᾶ
547 1318 791 1387 ἀλλήλων
828 1316 1048 1386 φονίως.
1091 1334 1108 1366 ι
1157 1315 1275 1382 Ἀφ’
1305 1308 1366 1368 οἶδ
1395 1314 1489 1366 καὶ
1532 1314 1600 1365 τὰ
1638 1311 1952 1383 μαρτυρικὲι

374 1410 585 1478 σφάγια
623 1413 702 1473 είς
755 1409 816 1462 τὸ
849 1410 961 1465 ἅνω
991 1409 1376 1476 θυσιαστήριον
1427 1406 1723 1476 ἀνηνέχθη.
1785 1404 1843 1456 '0
1897 1402 1955 1456 δὲ

377 1503 586 1573 πυρρὸς
634 1502 822 1564 ἵππος,
872 1503 906 1572 ἢ
959 1503 1059 1570 τῆς
1106 1499 1381 1570 ὲκχύσεως
1436 1498 1546 1551 τῶν
1597 1496 1954 1567 μαρτυρικῶν

376 1596 629 1664 αἱμάτων
669 1593 962 1663 σύμϐολον,
997 1595 1031 1666 ἢ
1072 1593 1174 1662 τῆς
1204 1591 1510 1662 πυριπνόου
1546 1591 1673 1660 περ)⁵
1720 1589 1956 1658 Χριστὸν

375 1686 668 1750 διαθέσεως
697 1687 803 1740 τῶν
853 1687 1170 1758 μαρτύρων,
1203 1685 1271 1737 δι’
1306 1685 1372 1754 ἢν
1407 1682 1501 1736 καὶ
1537 1681 1766 1744 θάνατος
1793 1679 1957 1748 ἡδίων

377 1773 562 1835 αὐτοῖς
588 1773 686 1843 τῆς
715 1774 862 1843 ζωῆς
893 1773 1178 1843 ἐνομίσθη.
1215 1773 1288 1825 Τὸ
1332 1773 1391 1825 δὲ
1433 1771 1769 1841 γεγράφθαι,
1801 1770 1958 1842 δοθῆ-

379 1881 466 1916 ναι
495 1862 572 1933 τῷ
600 1865 897 1936 καθημένῳ
923 1867 1016 1919 ἐπὶ
1049 1866 1140 1918 τὸν
1171 1866 1338 1918 ἵππον
1369 1864 1555 1918 λαϐεῖν
1581 1864 1682 1934 τὴν
1710 1864 1955 1935 εἰρήνην,

378 1955 481 2025 τὴν
527 1955 806 2024 πάνσοφον
829 1957 1070 2011 δείκνυσι
1107 1957 1202 2011 τοῦ
1242 1956 1378 2010 Θεοῦ
1415 1955 1788 2026 συγχώρησιν,
1835 1955 1958 2018 τοὺς

382 2044 609 2106 πιστοὺς
637 2044 855 2108 δούλους
880 2046 970 2100 διὰ
996 2045 1319 2117 πειρασμῶν
1340 2045 1763 2116 δοκιμάζουσαν.

454 2134 562 2190 Καὶ
606 2135 787 2205 ἐδόθη
828 2135 988 2203 αὐτῷ
1011 2138 1276 2206 μάχαιρα
1313 2137 1571 2207 μεγάλη.
1609 2137 1700 2208 Τῷ
1750 2138 1842 2191 ἐπὶ
1869 2137 1962 2190 τοῦ

385 2229 599 2298 πυρροὖ
641 2229 809 2282 ἵππου
843 2229 1141 2302 καθημένῳ
1177 2231 1333 2303 ἐδόθη
1369 2232 1633 2302 μάχαιρα,
1681 2232 1768 2284 ἵνα
1797 2231 1965 2302 ἀλλή-

384 2320 509 2382 λους
545 2322 964 2391 κατασφάξωσι,
997 2324 1300 2387 τουτέστιν,
1347 2325 1426 2387 είς
1450 2324 1510 2376 τὸ
1537 2325 1639 2392 τὴν
1664 2325 1744 2388 εἰς
1775 2323 1834 2376 τὺ
1865 2342 1966 2376 κα-

387 2415 482 2466 κδν
508 2413 763 2484 ὁμόνοιαν
807 2415 915 2468 τῶν
961 2417 1055 2469 ἐπὶ
1095 2417 1200 2485 γῆς
1237 2417 1434 2471 διελεῖν
1477 2418 1571 2472 καὶ
1613 2419 1964 2486 κατατεμεῖν.

397 2506 660 2575 Ὀμόνοια
696 2507 798 2572 μὲν
848 2504 918 2577 ἦν
965 2510 1190 2574 αὐτοῖς,
1250 2509 1735 2582 προσϐαλλομένης
1780 2510 1837 2563 δὲ
1878 2510 1970 2562 λα-

389 2595 597 2666 τρείας,
626 2596 869 2667 ἀλλήλων
894 2598 1131 2669 ἧρξαντο
1170 2601 1382 2653 ἀνελεῖν
1424 2600 1524 2663 τὰς
1555 2601 1650 2654 ἐπὶ
1681 2601 1742 2654 τὺ
1789 2603 1970 2671 χεῖρον

393 2689 649 2753 σπονδάς.
683 2689 854 2744 Τοῦτο
891 2692 1002 2761 γὰρ
1053 2694 1087 2763 ἡ
1131 2692 1228 2746 τοῦ
1273 2691 1478 2763 πατρὸς
1528 2693 1664 2762 πρὸς
1694 2692 1830 2759 υἱὸν,
1881 2692 1974 2746 καὶ

393 2784 430 2851 ἡ
467 2781 567 2849 τῆς
619 2781 839 2852 νύμφης
891 2784 1029 2855 πρὸς
1076 2785 1346 2856 πενθερὰν
1397 2785 1766 2849 ἐπανάστασις
1815 2788 1975 2838 ὑπαι-

393 2891 630 2928 νιττεται
637 2915 651 2929 .

985 2990 1237 3043 ΚΕΦΛΛ.
1289 2992 1390 3044 1Ε’.

400 3105 591 3172 Λύσις
632 3107 741 3173 τῆς
779 3105 986 3172 τρίτης
1031 3104 1388 3174 σφραγῖδος,
1433 3104 1710 3172 δηλοῦσα
1744 3104 1861 3158 τῶν
1895 3105 1979 3173 μὴ

436 3178 662 3247 παγίως
692 3176 1181 3250 πεπιστευκότων
1212 3175 1445 3243 Χριστῷ
1480 3175 1594 3244 τὴν
1621 3176 1945 3232 ἔκπτωσιν.

470 3289 578 3344 Καὶ
634 3290 732 3343 ὅτε
789 3289 998 3357 ἤνοιξε
1068 3289 1183 3356 τὴν
1219 3289 1523 3359 σφραγῖδα
1582 3289 1699 3358 τὴν
1749 3268 2052 3360 τρίτην,(ἶ

399 3383 642 3449 ἥκουσα
680 3383 786 3436 τοῦ
827 3387 1030 3450 τρίτου
1073 3380 1217 3443 ζώου
1253 3382 1572 3450 λέγοντος’
1619 3385 1836 3452 Ἔρχου
1881 3383 1980 3437 καὶ

402 3474 512 3529 Ῑὸε.
546 3474 653 3528 Καὶ
679 3473 809 3528 ἰδοὺ
849 3475 1034 3540 ἵππος
1058 3473 1271 3542 μέλας.
1302 3473 1410 3526 Καὶ
1441 3477 1474 3528 ό
1519 3475 1858 3543 καθήμενος
1889 3474 1981 3528 ἐπ’

401 3567 610 3630 αὐτὸν,
633 3566 790 3634 ἔχων
809 3563 988 3633 ζυγὸν
1008 3564 1078 3617 ἐν
1094 3562 1166 3631 τῇ
1194 3563 1344 3632 χειρὶ
1373 3561 1581 3616 αὐτοῦ.
1597 3563 1714 3618 ,Καὶ
1747 3564 1986 3631 ἥκουσα

404 3658 616 3729 φωνὴν
658 3659 729 3712 ἐν
767 3657 938 3728 μέσῳ
971 3654 1090 3709 τῶν
1119 3655 1431 3725 τεσσάρων
1459 3654 1618 3716 ζώων
1645 3655 1982 3726 λέγουσαν·

405 3752 609 3816 Χοῖνιξ
638 3753 812 3806 σίτου
836 3751 1148 3820 δηναρίου,
1185 3749 1282 3803 καί
1311 3751 1464 3816 τρεῖς
1492 3750 1757 3818 χοίνικες
1777 3748 1986 3814 κριθῆς

405 3844 694 3913 δηναρίου
717 3860 730 3874 ·
784 3842 882 3896 καὶ
932 3841 996 3896 τό
1035 3841 1245 3894 ἔλαιον
1284 3840 1516 3905 καὶτὸν
1553 3837 1722 3894 οἶνον
1746 3839 1828 3911 μὴ
1858 3839 1986 3894 ἀδι-

409 3938 628 4006 κῆον-ης.

481 4031 675 4101 Τρίτον
716 4029 853 4094 ζῶον
891 4032 918 4084 ό
957 4029 1242 4100 ἄνθρωπος
1295 4025 1529 4080 ἐνταῦθα
1575 4025 1829 4092 λέγεται,
1891 4024 1990 4093 τὴν

409 4125 520 4190 τῷν
569 4122 871 4194 ἀνθρώπων
935 4123 1111 4190 δηλῶν
1173 4121 1470 4173 ἔκπτωσιν.
1532 4118 1642 4170 Καὶ
1691 4117 1781 4169 διὰ
1831 4115 1992 4167 τοῦτο

413 4215 698 4289 κρείττονα
730 4215 828 4284 τῆς
872 4214 1202 4277 ἐκπτώσεως
1234 4209 1698 4280 ὲπεισερχομένην
1727 4208 1866 4278 ἔχων
1893 4207 1992 4276 τὴν

413 4307 653 4362 κόλασιν.
697 4308 916 4377 ’Έτεροι
963 4306 1054 4370 δὲ,
1091 4305 1167 4368 ὡς
1203 4303 1557 4374 προείρηται,
1586 4301 1682 4371 τὴν
1711 4299 1864 4352 λύσιν
1895 4299 1994 4368 τῆς

413 4400 604 4469 τρίτης
640 4397 933 4469 σφραγῖδος
957 4397 1056 4467 τὴν
1082 4398 1158 4458 εἰς
1183 4397 1328 4465 ἡμᾶς
1361 4392 1730 4463 ἐλεημοσύνην
1757 4391 1994 4463 Χριστοῦ

413 4509 549 4559 φασι
599 4487 969 4560 παραδηλοῦν,
1016 4487 1076 4550 ὃς
1107 4488 1206 4540 οὐκ
1263 4486 1536 4558 ἰσορρόπῳ
1585 4489 1704 4548 ταῖς
1743 4483 1996 4555 ἀνομίαις

415 4581 575 4652 ἡμῶν
615 4581 963 4652 χρησάμενον
1007 4583 1072 4650 τῇ
1115 4579 1378 4632 ἀντιδόσει
1420 4578 1555 4649 πρὶς
1586 4578 1682 4646 τὴν
1713 4577 1997 4644 ἀποστρο-

416 4674 526 4744 φὴν
560 4673 1024 4745 κατακριθέντων,
1060 4672 1194 4725 ἀλλὰ
1233 4673 1350 4732 ταῖς
1396 4670 1796 4740 σωτηριὼδεσιν
1835 4667 1999 4721 αὑτοῦ

414 4773 792 4835 διδασκαλίαις
859 4771 953 4824 καὶ
1009 4767 1363 4838 θεοσημείαις
1416 4767 1783 4837 εὐεργετήσας
1826 4765 1996 4836 ἡμᾶς,

418 4866 664 4919 ἐπίδοσιν
705 4865 945 4936 παρέσχε
975 4864 1075 4932 τῆς
1100 4861 1195 4915 τοῦ
1232 4859 1478 4913 διαϐόλου
1511 4856 1880 4916 καταλύσεως.

495 4962 600 5014 Καὶ
625 4960 753 5014 ἰδοὺ
778 4961 963 5024 ἵππος
981 4957 1193 5027 μέλας.
1229 4953 1288 5008 ’0
1319 4954 1482 5024 μέλας
1512 4953 1675 5014 ἵππος
1703 4950 2005 5020 κατηφείας

425 5052 694 5121 σύμϐολον
722 5053 818 5104 καὶ
848 5049 1098 5111 πένθους,
1129 5045 1480 5114 ὲπιταθείσης
1515 5043 1612 5112 τῆς
1639 5041 1733 5094 τοῦ
1758 5040 2008 5093 διαϐόλου

425 5146 800 5214 καθαιρέσεως
820 5146 939 5206 ταῖς
967 5143 1138 5204 θείαις
1166 5138 1589 5208 παιδαγωγίαις,
1622 5137 1714 5189 καὶ
1739 5136 1826 5190 διὰ
1852 5133 2011 5187 τοῦτο

429 5237 755 5300 πενθοῦντος
801 5235 899 5305 τὴν
945 5232 1142 5288 ἑαυτοῦ
1179 5231 1334 5284 λύσιν
1377 5229 1468 5282 διὰ
1506 5228 1614 5280 τῶν
1655 5227 2008 5296 μαρτυρικῶν

426 5329 682 5401 αἱμάτων
715 5325 1208 5389 κατακλυσθέντος,
1247 5321 1340 5375 τοῦ
1372 5320 1466 5374 ἐπὶ
1493 5319 1769 5380 τοσούτοις
1798 5319 2012 5387 χρόνοις

429 5423 530 5491 τῆς
558 5419 908 5490 ἀνθρωπίνης
941 5416 1157 5486 φύσεως
1190 5411 1617 5484 κεκρατηκότος.
1663 5410 1723 5463 Ὀ
1747 5409 1802 5462 δὲ
1831 5409 2014 5475 ζυγὸς,

437 5513 680 5584 ῖσότητός
703 5515 821 5566 ἐστι
855 5513 948 5566 καὶ
978 5507 1326 5576 δικαιοσύνης
1373 5505 1624 5575 αἴνιγμα.
1675 5521 1691 5553 ι
1729 5503 2020 5565 Ἐκὰθισας

438 5608 579 5676 γὰρ,
631 5607 796 5676 φησιν
864 5607 893 5657 ὁ
936 5603 1137 5667 Δαυῖδ,
1191 5602 1284 5653 ἐπὶ
1335 5599 1526 5670 θρόνου
1555 5638 1569 5660 ,
1617 5599 1644 5650 ὁ
1693 5597 1894 5664 κρίνων
1938 5595 2021 5648 διη

439 5699 757 5770 καιοσύνην.
793 5717 812 5751 ι
871 5695 931 5751 '0
973 5695 1137 5764 ζυγὸς
1172 5693 1288 5754 οὖν,
1323 5689 1594 5761 σύμϐολον
1623 5689 1720 5757 τῆς
1751 5686 1844 5741 τοῦ
1885 5687 2022 5740 Θεοῦ

439 5790 862 5864 δικαιοκρισίας.
905 5789 998 5843 Διὸ
1041 5789 1137 5840 καὶ
1185 5785 1420 5854 ἐπῆλθεν
1456 5780 1765 5853 ἀνθρώποις
1803 5783 2025 5853 iratior,-

512 5931 551 5962 "
588 5929 779 5986 Matth.
813 5948 866 5997 χ,
897 5930 986 5998 ⁸54,
1011 5931 1102 5985 55.
1180 5930 1224 5961 ³⁹
1258 5926 1402 5982 Psal.
1434 5943 1506 5992 Ix,

2047 671 2210 727 quam
2244 670 2340 725 per
2379 663 2649 722 martyres
2699 657 2752 702 et
2803 648 3059 703 doctores
3093 647 3365 715 expletam
3420 658 3626 711 cogno-

2049 750 2232 804 vimus
2269 767 2280 802 :
2354 747 2406 800 in
2449 761 2556 815 qua
2593 759 2716 796 cttm
2747 741 2860 809 jam
2893 757 2951 795 se
2995 739 3312 810 praedicatio
3340 736 3625 799 dilataret,

2051 846 2234 897 mundi
2270 857 2369 911 pax
2409 839 2584 893 soluta
2617 844 2722 899 est,
2755 835 2926 888 divisa
2964 835 3225 887 adversus
3255 831 3486 900 seipsam
3529 831 3630 882 huc

2056 953 2212 992 mana
2257 947 2447 990 natura
2473 976 2486 996 ,
2515 934 2666 1002 juxta
2706 932 2832 985 illud
2887 929 3031 1000 quod
3088 944 3116 982 a
3155 929 3383 982 Domino
3423 927 3628 981 dit-tum

2052 1040 2135 1084 est
2160 1048 2172 1084 :
2205 1049 2224 1081 ‹
2253 1027 2369 1082 Non
2397 1027 2514 1081 veni
2543 1036 2602 1081 ut
2631 1026 2843 1080 mittam
2868 1038 3053 1093 pacem
3077 1020 3127 1075 in
3159 1019 3494 1083 terram,sed
3519 1019 3633 1086 gla-

2053 1121 2227 1183 dium,
2268 1129 2317 1174 et
2350 1129 2407 1173 ut
2455 1118 2687 1173 excitem
2729 1125 2936 1186 patrem
2974 1123 3026 1168 et
3063 1113 3258 1178 lilium,
3291 1121 3342 1166 et
3377 1113 3539 1164 ﬁliam
3577 1118 3632 1165 et

2056 1223 2306 1278 matrem,
2326 1220 2378 1266 et
2401 1227 2599 1265 nurum
2617 1220 2669 1263 et
2690 1224 2908 1263 socrum
2930 1207 2982 1260 in
3011 1205 3212 1260 caedem
3237 1214 3482 1258 mutuam
3511 1204 3575 1258 ".
3611 1224 3630 1256 ι

2059 1305 2210 1360 Unde
2253 1314 2306 1359 et
2347 1315 2647 1374 martyrum
2685 1302 2994 1356 occisiones
3043 1300 3108 1353 ad
3161 1299 3418 1370 superius
3463 1298 3637 1351 altare

2057 1403 2284 1455 sublata:
2315 1411 2459 1454 sunt.
2508 1402 2675 1453 Porro
2711 1400 2868 1453 rufus
2905 1414 3109 1466 equus,
3161 1405 3256 1450 aut
3307 1396 3523 1467 signum
3557 1409 3641 1450 est

2056 1493 2336 1548 eﬂ‘usionis
2370 1493 2652 1562 sanguinis
2678 1502 2977 1562 martyrum
3006 1505 3019 1541 :
3055 1498 3146 1542 aut
3176 1486 3435 1556 spirantis
3461 1487 3636 1558 ignem

2059 1587 2286 1642 alit-ctus
2335 1595 2637 1655 martyrum
2679 1599 2803 1652 erga
2854 1581 3173 1645 Christum,
3221 1586 3446 1650 prepter
3475 1593 3636 1649 quem

2059 1690 2113 1734 et
2159 1693 2306 1732 mors
2343 1677 2478 1748 ipsis
2524 1677 2630 1730 vita
2669 1676 2894 1731 suavior
2939 1675 3212 1744 apparuit.
3253 1671 3411 1739 Quod
3456 1683 3639 1727 autem

2061 1773 2323 1843 scriptum
2359 1781 2445 1826 cst
2474 1772 2659 1824 datum
2700 1769 2871 1824 fuisse
2906 1769 3117 1823 sedenti
3152 1783 3318 1838 super
3350 1783 3550 1836 equum
3588 1777 3648 1820 ut

2063 1868 2274 1920 tolleret
2297 1879 2484 1935 pacem
2514 1865 2580 1918 de
2605 1873 2770 1923 terra,
2793 1861 3259 1929 sapientissimam
3291 1860 3380 1916 Dei
3413 1861 3646 1928 permis-

2063 1958 2270 2012 sionem
2314 1957 2574 2020 osmnlit,
2621 1971 2726 2023 qua
2777 1954 2963 2009 ﬁdeles
3015 1969 3200 2008 servos
3234 1953 3428 2022 prohat
3473 1963 3648 2008 tenta-

2065 2051 2329 2106 tionibus.

2136 2142 2206 2197 Et
2232 2145 2389 2197 datus
2435 2153 2509 2196 est
2555 2143 2654 2212 ipsi
2693 2141 2904 2212 gladius
2935 2156 3178 2212 magnus.
3213 2139 3433 2194 Sedcnti
3486 2154 3653 2208 super

2066 2251 2266 2306 equum
2301 2235 2483 2289 rufum
2508 2234 2668 2288 datus
2698 2243 2781 2288 est
2808 2233 3020 2303 gladius
3044 2248 3297 2304 magnus,
3334 2241 3393 2285 ut
3418 2231 3648 2285 invicem

2070 2348 2129 2386 se
2164 2331 2412 2385 homines
2445 2329 2762 2384 occiderent
2801 2348 2814 2384 :
2855 2331 2958 2384 hoc
3005 2337 3120 2392 est,
3173 2339 3232 2382 ut
3289 2327 3547 2381 tollerent
3589 2343 3654 2378 ac

2071 2432 2415 2492 amputarent
2443 2423 2792 2478 concordiam
2829 2424 2894 2477 ad
2925 2423 3127 2475 malum
3159 2436 3350 2474 eorum
3383 2421 3474 2489 qui
3501 2428 3659 2473 erant

2075 2517 2126 2570 in
2161 2526 2302 2570 terra
2326 2557 2340 2581 ,
2374 2515 2643 2586 siquidem
2676 2515 2970 2570 concordia
3008 2515 3148 2568 inter
3175 2514 3322 2582 ipsos
3357 2520 3476 2566 erat
3506 2529 3522 2566 :
3553 2526 3660 2565 cm-

2074 2619 2248 2663 terum
2278 2609 2371 2663 ubi
2397 2608 2728 2663 commissus
2753 2617 2838 2662 est
2858 2606 2954 2660 Dei
2992 2606 3197 2669 cultus,
3229 2605 3390 2676 703
3422 2620 3452 2660 a
3487 2618 3546 2659 se
3575 2603 3662 2657 in—

2076 2702 2247 2756 vicem
2273 2702 2459 2755 tollere
2486 2710 2771 2770 carperent
2790 2698 2992 2754 foedera
3019 2697 3087 2752 ad
3117 2699 3318 2752 malum
3349 2717 3359 2750 :
3389 2697 3492 2752 hoc
3514 2696 3660 2751 enim

2077 2794 2328 2864 designat
2357 2794 2688 2849 insurreetio
2716 2793 2892 2862 patris
2921 2792 3188 2847 adversus
3231 2791 3442 2856 lilium,
3476 2797 3532 2846 et
3563 2805 3662 2843 nu-

2081 2901 2175 2940 rus
2206 2885 2467 2941 adversus
2496 2900 2738 2939 socrum.

2683 2994 2910 3049 CAPUT
2948 2993 3063 3050 XV.

2086 3117 2298 3173 Salutio
2334 3116 2475 3169 tertii
2523 3114 2724 3182 sigilli.
2765 3130 2946 3168 eorum
2985 3113 3292 3181 siqui/iram
3347 3111 3668 3166 cxcisionem

2297 3187 2387 3257 qui
2419 3203 2518 3239 non
2556 3187 2782 3255 ﬁrmiter
2831 3185 3043 3238 (.‘Itristo
3094 3184 3455 3237 crediderunt.

2163 3299 2252 3364 γι,
2285 3299 2340 3363 5,
2383 3299 2438 3354 6.
2460 3297 2525 3352 Et
2562 3314 2679 3352 cum
2711 3297 3000 3367 aperuisset
3034 3298 3248 3351 tertium
3275 3297 3532 3367 sigillum,
3565 3313 3668 3350 au-

2090 3393 2198 3448 divi
2229 3393 2447 3446 tertium
2491 3391 2719 3454 animal,
2776 3390 2954 3444 dicens
2983 3405 3002 3443 :
3045 3387 3170 3443 Veni
3201 3399 3248 3442 et
3279 3390 3415 3444 vide.
3456 3388 3525 3443 Et
3558 3405 3674 3444 ecce

2089 3501 2250 3554 equus
2285 3484 2450 3555 niger,
2483 3493 2532 3536 et
2562 3484 2652 3552 qui
2688 3481 2898 3536 sedebat
2930 3495 3086 3548 super
3114 3481 3266 3533 illum
3306 3480 3531 3536 habebat
3561 3494 3676 3536 sm-

2093 3587 2259 3630 teram
2295 3577 2351 3628 in
2390 3591 2552 3628 manu
2581 3589 2700 3627 sua.
2733 3571 2800 3626 Et
2832 3573 3011 3626 audivi
3047 3589 3214 3626 rocem
3253 3573 3317 3626 de
3348 3575 3520 3627 medio
3541 3591 3676 3644 qua—

2094 3678 2217 3722 tuor
2248 3667 2586 3730 animalium,
2624 3666 2885 3720 dicentem
2916 3681 2934 3720 :
2969 3663 3190 3722 Cltmnix
3233 3667 3402 3719 tritici
3432 3663 3674 3728 denario.

2093 3771 2142 3814 et
2175 3773 2277 3814 tres
2309 3761 2560 3814 chaettices
2585 3759 2767 3813 hordei
2791 3761 3013 3813 denario
3036 3770 3119 3812 :et
3141 3747 3315 3813 vinum
3337 3769 3384 3812 et
3420 3759 3589 3813 oleum
3616 3777 3678 3816 ne

2095 3852 2315 3905 la'scris.

2171 4029 2411 4083 Tertium
2468 4029 2672 4084 animal
2726 4030 2814 4084 hic
2857 4031 3060 4084 dicitur
3108 4031 3308 4095 homo,
3361 4031 3681 4100 signiﬁcans

2102 4123 2387 4176 hominum
2442 4123 2779 4177 excisionem
2811 4139 2823 4173 :
2859 4133 2910 4176 et
2962 4133 3250 4191 propterea
3292 4124 3477 4176 minus
3516 4124 3682 4177 indu-

2102 4229 2236 4269 cens
2278 4215 2635 4284 supplicium,
2673 4229 2866 4283 nempe
2895 4215 3260 4269 excisionem.
3296 4213 3489 4268 Caeteri
3527 4231 3680 4279 vero,

2103 4306 2249 4360 sicut
2289 4305 2610 4374 prtctlictum
2643 4314 2750 4365 est,
2806 4305 2948 4358 tertii
2997 4304 3162 4373 sigilli
3195 4305 3550 4369 solutionem,
3589 4308 3682 4361 Dei

2104 4414 2230 4467 erga
2259 4413 2359 4452 nos
2392 4397 2826 4451 misericordiam
2857 4396 3171 4466 signiﬁcare
3199 4397 3413 4462 dicunt,
3448 4400 3541 4468 qui
3575 4415 3682 4453 non

2105 4489 2336 4559 aequalis
2376 4488 2640 4542 momenti
2693 4488 2900 4543 duc-sus
2953 4499 3169 4544 nostras
3209 4489 3528 4558 iniquitates
3563 4508 3685 4545 cum

2111 4585 2474 4640 retributione
2507 4585 2574 4640 ad
2622 4590 3120 4640 eondemnatorum
3173 4585 3556 4652 aversionem,
3593 4588 3686 4641 sed

2111 4677 2434 4732 salutarium
2499 4693 2724 4733 suarum
2779 4678 3154 4733 doctrinarum
3191 4686 3247 4734 et
3279 4678 3588 4732 divinorum
3619 4680 3692 4732 si-

2115 4784 2349 4839 gnorum
2377 4769 2658 4825 beneﬁciis
2690 4785 2793 4826 nos
2825 4769 3086 4830 alliciens.
3122 4771 3430 4826 auctarium
3464 4772 3694 4840 pra-imit

2111 4861 2492 4917 dissolutionis
2522 4861 2745 4916 diaboli.

2185 4952 2322 5007 Ecce
2349 4970 2512 5020 equus
2545 4955 2709 5025 niger.
2737 4954 2924 5024 Equus
2953 4955 3107 5023 niger
3139 4956 3395 5011 maeroris
3428 4972 3491 5010 ac
3517 4957 3694 5011 luctus

2082 5030 2427 5118 'symbolum
2479 5056 2587 5108 est,
2635 5057 2796 5101 aucta
2827 5058 2881 5102 el
2914 5050 3156 5102 exhibita
3212 5050 3415 5103 diaboli
3468 5051 3697 5104 subver-

2117 5137 2272 5191 sione
2307 5153 2403 5207 per
2453 5138 2670 5192 divinas
2721 5139 3158 5202 exhortationes,
3199 5149 3249 5193 et
3282 5141 3487 5194 idcirco
3539 5155 3695 5194 suam

2120 5231 2270 5298 luget
2298 5229 2717 5284 dissolutionem
2749 5249 2762 5284 :
2799 5231 2944 5300 quod
2994 5235 3086 5302 qui
3121 5243 3230 5286 tam
3263 5232 3452 5286 multis
3483 5241 3695 5300 tempo-

2122 5323 2278 5378 rilius
2325 5324 2592 5379 adversus
2648 5324 2944 5379 httmanam
2998 5327 3364 5396 prmi-aluerat
3422 5335 3698 5387 naturam,

2121 5428 2419 5487 martyrum
2477 5417 2744 5486 sanguine
2793 5419 3082 5474 demersus
3137 5420 3229 5473 sit.
3269 5417 3442 5472 Porro
3496 5427 3700 5472 statera

2121 5509 2457 5579 mqualitatis
2487 5525 2551 5564 ac
2577 5510 2806 5580 justitim
2847 5511 3111 5565 indicium
3147 5522 3248 5565 est.
3283 5511 3373 5566 Ait
3417 5510 3562 5564 enim
3599 5509 3702 5562 Da-

2121 5599 2260 5654 vid:
2300 5619 2317 5650 ι
2361 5599 2560 5655 Sedisti
2620 5618 2785 5672 super
2837 5603 3097 5658 thronum
3152 5603 3244 5673 qui
3293 5602 3512 5671 judicas
3540 5602 3704 5671 justi-

2123 5693 2253 5746 tiam
2290 5695 2354 5747 ³³.
2402 5714 2419 5744 ι
2454 5692 2668 5750 Statera
2725 5697 2893 5766 igitur
2945 5699 3164 5767 signum
3210 5706 3294 5753 est
3343 5697 3476 5766 justi
3508 5695 3702 5764 judieii

2127 5786 2218 5840 Dei
2257 5805 2269 5839 :
2304 5787 2426 5842 ideo
2475 5804 2696 5859 quoque
2734 5791 2851 5845 ausi
2893 5802 3023 5847 sunt
3049 5792 3314 5873 homines
3348 5792 3520 5847 libere
3555 5789 3706 5862 loqui
