4034 6588
395 400 494 466 591

1228 400 1555 461 ARETI-L‘E
1590 401 1969 462 C:ES.~\RE.‘E
2003 403 2484 464 CAPPADOCIA‘I
2519 405 2856 464 EPISCOPI

3534 407 3640 469 592

403 514 530 576 Deo,
553 509 828 564 dicentes:
860 525 877 560 ι
911 507 1104 564 Fecisti
1134 506 1405 578 judicium
1437 525 1616 566 meum
1657 520 1706 566 et
1739 527 1958 568 causam

2072 512 2309 576 σιᾱσθαι,
2362 514 2420 564 ἐν
2471 511 2546 581 τῷ
2586 512 2844 580 φάσκειν·
2901 529 2918 562 ι
2966 511 3254 582 Ἐποίησας
3308 515 3408 585 τὴν
3458 518 3640 588 κρίσιν

398 617 574 658 meam
600 601 669 655 ³³.
707 619 728 653 ι

465 693 682 750 Clrwnix
716 694 882 747 triciti
924 693 1162 748 denario.
1198 693 1461 749 Triticum
1492 711 1689 764 magno
1733 695 1964 751 distrahi

396 788 592 842 futura:
621 787 783 842 famis
831 788 1048 856 signum
1095 796 1199 850 est,
1230 803 1354 857 qua:
1383 789 1546 842 etiam
1596 788 1736 843 facta
1770 799 1874 851 est,
1909 801 1968 843 ut

395 881 448 932 in
472 878 829 945 sequentibus
852 878 1089 933 dicetur.
1117 876 1279 948 704
1305 877 1486 932 Potest
1512 888 1692 931 autem
1724 880 1963 932 triticum

394 971 677 1026 moraliter
708 986 804 1026 eos
835 972 1126 1041 designare
1157 971 1248 1039 qui
1282 970 1522 1040 legitime
1553 981 1774 1041 propter
1803 972 1965 1026 Chri-

397 1075 539 1119 stum
584 1074 950 1123 certaverunt,
987 1062 1268 1132 quietiam
1312 1062 1539 1116 denario
1568 1063 1716 1133 digni
1761 1064 1965 1119 inventi

397 1163 546 1221 sunt,
578 1164 768 1226 ttlpulc
818 1156 958 1210 data:
994 1154 1096 1210 sihi
1140 1154 1337 1208 divina:
1376 1155 1628 1225 imaginis
1677 1155 1966 1227 diligentes

394 1249 777 1303 observatores
820 1246 1049 1301 estensi.
1088 1245 1224 1299 Tres
1256 1261 1386 1300 vero
1418 1247 1696 1304 chmnices
1731 1249 1846 1304 sive
1879 1265 1964 1303 se-

395 1341 655 1394 mimodia
706 1339 894 1393 hordei
955 1353 1049 1391 eos
1116 1340 1432 1408 designant,
1487 1340 1582 1410 qui
1633 1356 1756 1394 cum
1816 1356 1967 1396 more

392 1433 677 1486 hrntorum
707 1447 772 1485 ex
801 1431 970 1485 animi
1009 1447 1076 1500 pu
1117 1431 1462 1486 illanimitate
1491 1443 1546 1487 et
1576 1433 1789 1503 ignavia
1819 1433 1965 1501 judi-

301 1514 303 1516 ’
391 1523 546 1577 cibus
575 1523 1035 1586 succubuissent,
1069 1525 1182 1592 pari
1239 1524 1401 1578 modo
1440 1527 1791 1594 postmodum
1829 1527 1963 1581 resi-

391 1614 682 1682 pisccntes,
735 1615 1014 1670 sordidam
1053 1615 1292 1670 animam
1341 1616 1598 1688 lacrymis
1644 1619 1959 1672 ahluerunt.

391 1706 562 1761 Porro
617 1717 729 1762 tres
781 1707 833 1761 hi
881 1708 1163 1762 chusniees
1223 1709 1454 1764 denario
1506 1725 1615 1764 uno
1671 1711 1960 1780 appreliati

391 1805 541 1860 sunt,
575 1805 836 1867 tanquam
893 1801 1056 1851 unius
1105 1799 1306 1852 Christi
1365 1799 1620 1854 triduana
1678 1800 1959 1868 svpultura

2072 621 2173 674 μου
2206 605 2294 656 καὶ
2325 604 2420 674 τὴν
2451 605 2606 674 δίκην
2647 622 2769 675 μου.
2811 623 2828 655 ιι

2139 695 2339 758 Χοῖνιξ
2375 696 2549 750 σίτου
2579 695 2890 765 δηναρίου.
2942 697 3013 749 Τὸ
3054 698 3146 749 τὸν
3192 701 3337 749 σῖτον
3385 700 3636 768 τιμιουλ-

2068 789 2301 850 κεῖσθαι,
2331 787 2493 858 λιμοῦ
2537 788 2756 858 δεῖγμα,
2799 789 2858 845 ὃν
2903 791 2994 842 καί
3033 790 3381 858 γεγενῆσθαι,
3417 791 3493 854 ὡς
3540 794 3636 846 καὶ

2067 879 2125 932 ἐν
2154 881 2264 942 τοῖς
2317 880 2442 950 ἑξῆς
2493 881 2813 951 ῥηθήσεται.
2863 883 3018 936 Ἐστι
3064 883 3121 936 δὲ
3153 884 3431 951 τροπικῶς
3493 888 3638 938 σῖτον

2067 972 2191 1035 τοὺς
2235 971 2478 1041 νομίμως
2534 973 2870 1043 ἁθλήσαντας
2911 974 2998 1028 διὰ
3049 977 3284 1046 Χριστὸν
3319 980 3538 1045 ἐννοεῖν,
3587 981 3637 1033 οἳ

2070 1065 2164 1116 καὶ
2207 1063 2460 1136 δηναρίου
2489 1065 2786 1136 ἐκρίθησαν
2836 1065 2994 1131 ἄξιοι,
3031 1067 3105 1132 ὡς
3135 1069 3234 1140 τῆς
3259 1071 3505 1142 δοθείσης
3537 1073 3635 1125 αὑ-

2065 1158 2179 1218 τοῖς
2212 1155 2360 1219 θείας
2399 1156 2606 1220 εἰκόνος
2649 1157 2892 1228 ἀκριϐεῖς
2945 1159 3182 1227 φύλακες
3243 1164 3636 1225 καταστάντες.

2068 1247 2206 1309 Τοὺς
2255 1247 2311 1300 δὲ
2369 1250 2516 1318 τρεῖς
2568 1249 2811 1317 χοίνικας
2855 1248 3042 1322 [κατὰ]
3093 1252 3191 1320 τῆς
3237 1251 3453 1323 κριθῆς,
3511 1256 3636 1316 τοῦς

2068 1339 2462 1408 κτηνοπρεπῶς
2513 1343 2622 1402 τοῖς
2667 1340 2950 1404 δικασταῖς
2994 1342 3064 1394 δι’
3111 1342 3428 1412 ἀνανδρείαν
3456 1343 3636 1412 ψυχῆς

2068 1430 2452 1500 ὑποκύψαντας
2486 1433 2577 1484 καὶ
2615 1432 2891 1499 ἀναλόγως
2925 1436 3360 1502 μετανοήσαντας
3390 1435 3634 1505 ὕστερον,

2067 1522 2160 1574 καὶ
2209 1521 2308 1590 τὴν
2347 1521 2608 1592 ρυπῶσαν
2655 1524 2840 1574 εἰκόνα
2883 1524 3146 1594 δάκρυσιν
3196 1525 3634 1588 ἀποπλύναντας.

2066 1614 2226 1682 Τρεῖς
2263 1611 2320 1664 δὲ
2351 1611 2582 1681 χοίνικες
2631 1607 2775 1666 οὗτοι
2822 1613 3073 1683 δηναρίου
3107 1613 3222 1678 ἐνὸς
3272 1615 3632 1684 ἐτιμήθησαν,

2066 1703 2140 1767 ὡς
2182 1702 2277 1756 τοῦ
2319 1704 2434 1767 ἑνὸς
2464 1704 2698 1774 Χριστοῦ
2726 1707 2794 1774 τῇ
2820 1707 3102 1775 τριημέρῳ
3132 1705 3295 1758 αὐτοῦ
3324 1709 3464 1776 ταφῇ
3500 1707 3635 1772 ὑπὲρ

2065 1793 2157 1846 τοῦ
2188 1794 2392 1863 κόσμου
2428 1795 2628 1857 παντὸς
2675 1794 2768 1847 τοῦ
2795 1795 2880 1848 διὰ
2909 1796 3008 1864 τῆς
3053 1796 3325 1866 ἁμαρτίας
3357 1797 3455 1867 τὴν
3486 1795 3638 1850 θείαν

386 1890 571 1944 oblata
603 1903 701 1958 pro
740 1889 999 1942 universo
1054 1891 1280 1952 mundo,
1314 1891 1407 1959 qui
1455 1891 1636 1944 datam
1678 1890 1781 1945 sibi
1817 1891 1956 1943 divi-

2063 1882 2245 1934 εἰκόνα
2282 1883 2528 1937 δοθεῖσαν
2569 1883 2716 1954 αὑτῷ
2755 1885 3122 1955 ρυπώσαντος.
3171 1886 3341 1949 Αὐτὸς
3379 1887 3478 1957 μὲν
3526 1887 3634 1955 γάρ

389 1997 515 2035 nam
570 1980 858 2050 imaginem
918 1996 1013 2050 per
1053 1993 1334 2051 peccaturo
1397 1982 1785 2037 defmdaverat.
1845 1981 1962 2052 Ipse

389 2073 657 2142 siquidem
706 2072 960 2126 Christus
995 2073 1173 2141 primo
1218 2074 1308 2127 die
1349 2074 1492 2142 apud
1543 2073 1750 2130 inferos
1805 2075 1961 2130 haesit

388 2179 493 2230 pro
525 2163 610 2218 his
641 2164 732 2233 qui
766 2174 890 2218 ante
925 2163 1058 2219 Mosi
1103 2165 1271 2234 legem
1303 2176 1683 2235 peccaverant,
1720 2169 1961 2222 secundo

385 2269 488 2324 pro
539 2255 622 2309 his
652 2254 742 2325 qui
777 2257 829 2309 in
881 2255 1018 2327 lege.
1061 2254 1300 2312 Tametsi
1340 2259 1483 2312 enim
1527 2260 1772 2313 nonnulli
1823 2263 1961 2314 resi-

391 2349 711 2417 pisccntiam
754 2349 1127 2404 ostendissent
1164 2349 1234 2404 ob
1279 2367 1442 2420 prava
1480 2366 1643 2421 Opera
1675 2369 1704 2406 a
1736 2369 1792 2408 se
1833 2370 1960 2422 per-

391 2451 598 2508 petrata
627 2481 642 2504 ,
700 2443 905 2512 pariter
967 2442 1108 2496 hanc
1162 2443 1268 2497 illis
1308 2455 1680 2512 Oppouentes,
1714 2457 1956 2502 attamen

390 2531 518 2586 licet
549 2546 676 2586 vere
705 2539 1021 2600 sperassent
1041 2533 1279 2596 veniam,
1307 2550 1428 2588 cum
1459 2534 1504 2588 is
1529 2537 1767 2589 nondum
1795 2552 1962 2606 appa-

390 2622 595 2677 ruisset
624 2622 716 2693 qni
747 2623 887 2679 hanc
927 2622 1059 2678 dare
1087 2633 1295 2695 posset,
1329 2625 1572 2681 nomium
1609 2628 1780 2698 ip.am
1810 2644 1960 2685 asse-

390 2714 501 2767 cuti
559 2723 761 2768 erant:
799 2725 1082 2785 propterea
1137 2733 1266 2770 sane
1313 2727 1364 2771 t‘l
1405 2719 1648 2774 secundo
1687 2720 1773 2775 die
1818 2722 1960 2791 apud

396 2805 603 2860 inferos
636 2810 932 2874 permansit
968 2823 982 2860 :
1015 2810 1170 2862 tertia
1211 2825 1339 2863 vero
1370 2825 1520 2864 mora
1553 2811 1649 2866 fuit
1681 2814 1733 2867 in
1765 2829 1869 2882 qua
1905 2823 1961 2869 et

391 2898 716 2962 resurrexit,
753 2899 1012 2968 quoniam
1047 2899 1390 2969 impossibile
1429 2901 1530 2956 fuit
1558 2919 1654 2972 per
1686 2920 1743 2958 se
1773 2905 1961 2958 viverr-

391 2992 496 3040 tem
547 3001 576 3040 a
621 2989 972 3058 corruptione
1053 2991 1324 3061 superari.
1385 2993 1649 3046 Praeterea
1719 2994 1957 3047 triticum

387 3078 606 3144 quidem
639 3081 988 3150 evangelicus
1016 3097 1079 3136 ac
1113 3083 1374 3138 salutaris
1409 3100 1592 3139 sermo
1622 3086 1729 3138 dici
1761 3095 1958 3155 potest,

386 3177 441 3223 et
487 3171 582 3240 qui
635 3171 904 3240 perfectos
951 3173 1107 3229 decet
1155 3175 1303 3230 viros
1354 3178 1444 3246 qui
1500 3193 1700 3232 sensus
1759 3178 1960 3233 habent

2064 1975 2120 2025 ἐν
2149 1973 2275 2044 ᾅδου
2318 1975 2625 2045 διατρίψας,
2675 1978 2774 2048 τὴν
2820 1975 3040 2046 πρώτην
3076 1977 3216 2048 ὑπὲρ
3251 1977 3359 2029 τῶν
3388 1978 3496 2049 πρὸ
3541 1979 3634 2030 τοῦ

2062 2066 2342 2129 Μωῦσέως
2377 2067 2557 2136 νόμων
2611 2067 3026 2139 ἡμαρτηκότων,
3055 2068 3153 2135 τὴν
3183 2067 3460 2140 δευτέραν,
3493 2069 3634 2138 ὑπὲρ

2061 2157 2170 2210 τῶν
2219 2159 2277 2210 ἐν
2329 2158 2406 2230 τῷ
2446 2159 2615 2229 νόμῳ.
2672 2159 2782 2212 Καὶ
2809 2157 2916 2228 γὰρ
2952 2161 3001 2211 εἰ
3041 2160 3134 2211 καὶ
3177 2159 3461 2227 μετάνοιάν
3487 2176 3634 2220 τινες

2063 2248 2409 2312 ὑπεδείξαντο
2441 2249 2550 2302 τῶν
2583 2249 2800 2302 ἀτόπων
2829 2249 3012 2311 αὐτοῖς
3046 2248 3399 2318 πραχθέντων
3429 2248 3634 2319 ταύτην

2063 2340 2348 2410 ἐνάμιλλον
2393 2341 2576 2404 αὐτοῖς
2625 2341 3080 2409 άντιστὴσαντες,
3115 2339 3228 2392 ἀλλ’
3280 2340 3428 2408 ὅμως
3484 2340 3630 2407 σαφῆ

2061 2431 2158 2501 τὴν
2207 2431 2556 2502 συγχώρησιν
2593 2431 2908 2501 ἠλπικότες,
2961 2429 3053 2483 τοῦ
3087 2429 3386 2500 δυναμένου
3425 2431 3632 2499 ταύτην

2062 2531 2366 2598 παρασχεῖν
2405 2526 2502 2597 οὐχ
2547 2527 2883 2598 ἑωραμένον,
2929 2527 3081 2584 οὗπω
3111 2525 3315 2601 ταύτης
3345 2532 3625 2599 ἐπέτυχον.

2060 2617 2157 2669 Διὰ
2193 2615 2350 2670 τοῦτο
2397 2619 2493 2688 μὲν
2524 2619 2618 2671 καὶ
2667 2622 2699 2688 ἡ
2743 2620 2971 2689 δευτέρα
3004 2623 3061 2672 ἐν
3095 2622 3221 2691 ᾅδου
3251 2622 3519 2692 διατριϐή.
3565 2620 3630 2672 'll

2060 2711 2215 2779 τρίτη
2243 2709 2320 2773 δὲ,
2347 2709 2469 2763 καθ’
2493 2713 2558 2779 ἣν
2588 2711 2683 2762 καὶ
2705 2711 2923 2779 ἀνέστη.
2957 2712 3080 2764 Ὅτι
3111 2713 3244 2782 μηδὲ
3272 2716 3338 2783 τῇ
3363 2711 3630 2782 διαφθορᾷ

2063 2801 2405 2871 κρατηθῆναι
2424 2797 2606 2855 οἷόντε
2624 2803 2722 2868 τὴν
2742 2803 3017 2873 αὐτοζωήν
3041 2805 3176 2872 (25).
3196 2804 3304 2856 Καὶ
3321 2805 3348 2855 ὁ
3371 2803 3468 2872 μὲν
3488 2805 3627 2865 σῖτος

2061 2895 2088 2945 ὁ
2118 2892 2468 2960 εὖαγγελικδς
2508 2893 2574 2946 ἂν
2615 2895 2699 2962 εῐη
2743 2894 2834 2946 καὶ
2876 2897 3135 2964 σωτήριος
3166 2895 3342 2963 λόγος,
3372 2895 3465 2947 καὶ
3496 2895 3630 2963 πρέ-

2063 3001 2179 3036 πων
2205 2984 2426 3054 ἀνδράσι
2453 2983 2679 3046 τελείοις
2707 2987 2819 3048 τοῖς
2859 2985 2926 3037 τὰ
2960 2985 3287 3055 αἰσθητήρια
3319 2985 3502 3055 ἔχουσι
3535 3000 3629 3051 γε-

2062 3075 2418 3145 γυμνασμένα
2448 3075 2583 3146 πρὸς
2612 3075 2879 3146 διάκρισιν
2912 3074 3076 3130 καλοῦ
3103 3079 3197 3128 καὶ
3228 3076 3419 3128 κακοῦ.
3451 3075 3628 3146 Κριθὴ

2062 3168 2118 3221 δέ
2147 3171 2177 3237 ἡ
2229 3169 2504 3231 Μωῦσέως
2536 3169 2846 3237 νομοθεσία,
2875 3167 3062 3239 ὥσπερ
3088 3170 3119 3238 ὴ
3150 3168 3310 3238 κριθὴ
3342 3169 3603 3238 προακμά

388 3264 717 3318 exercitatos
739 3265 804 3319 ad
827 3266 1214 3322 discretionem
1255 3269 1380 3322 boni
1414 3283 1478 3324 ac
1502 3271 1627 3323 mali
1654 3289 1666 3324 :
1694 3271 1955 3325 hordeum

2065 3276 2206 3313 σασα
2244 3258 2337 3312 τοῦ
2389 3259 2556 3325 σίτου,
2605 3260 2746 3312 οὕτω
2799 3261 2892 3312 καὶ
2931 3261 3070 3329 αὐτὴ
3126 3259 3220 3312 τοῦ
3267 3257 3628 3326 εὐαγγελικοῦ

387 3367 522 3408 vero
551 3354 656 3408 erit
686 3353 823 3408 Mosi
872 3355 1164 3424 legislatio.
1196 3354 1331 3410 Nam
1365 3358 1508 3411 sicut
1535 3356 1800 3411 hordeum
1832 3365 1959 3412 ante

390 3445 630 3500 triticum
661 3447 1000 3511 maturescit,
1036 3446 1108 3501 ita
1141 3455 1195 3501 et
1223 3446 1334 3502 hzee
1359 3456 1485 3501 ante
1516 3446 1956 3519 praedicationem

389 3537 782 3606 evangelicam,
816 3537 972 3592 alens
1001 3537 1253 3593 homines
1278 3540 1451 3608 magis
1475 3539 1738 3602 brutales,
1769 3553 1961 3607 nempe

389 3626 664 3686 lsraelitas
695 3629 768 3684 ita
804 3645 992 3685 crasse
1033 3630 1259 3684 aﬂ‘ectos
1290 3633 1354 3684 ad
1389 3631 1592 3685 divina.
1624 3630 1714 3684 Ait
1743 3645 1875 3700 ergo
1915 3631 1961 3685 is

388 3720 480 3788 qui
515 3721 699 3776 divina
745 3721 905 3776 nobis
951 3722 1043 3776 dat
1101 3737 1361 3792 responsa
1407 3723 1460 3775 in
1495 3722 1672 3776 medio
1723 3731 1960 3790 quatuor

390 3813 733 3880 animalium,
781 3813 946 3867 tritici
998 3814 1216 3883 quidem
1258 3815 1560 3869 chmnicem
1594 3813 1752 3869 vendi
1785 3813 1958 3868 dena-

2059 3352 2431 3422 κηρύγματος,
2459 3354 2551 3404 καὶ
2573 3352 2844 3423 τρέφουσα
2873 3354 2999 3413 τοὺς
3032 3352 3497 3424 κτηνωδεστέρους
3531 3352 3629 3402 ἁν‹

2059 3444 2332 3515 θρώπους,
2368 3445 2492 3506 τοὺς
2530 3443 2907 3515 διακειμένους
2935 3445 3063 3516 περὶ
3095 3445 3160 3497 τὰ
3189 3443 3307 3498 θεῖα
3359 3444 3629 3514 Ἰσραηλί-

2060 3553 2177 3600 τας.
2207 3538 2374 3604 Φησὶν
2399 3533 2491 3588 οὖν
2517 3539 2544 3588 ὁ
2576 3537 2935 3606 χρηματίζων
2957 3538 3014 3588 ἐν
3044 3537 3190 3607 μέσῳ
3211 3536 3319 3589 τῶν
3349 3537 3630 3606 τεσσάρων

2062 3630 2234 3695 ζώων,
2258 3629 2513 3699 δηναρίου
2538 3630 2636 3699 μὲν
2657 3629 2952 3681 ἀποδόσθαι
2977 3629 3065 3681 τὸν
3091 3630 3305 3699 χοίνικα
3331 3629 3423 3682 τοῦ
3458 3629 3628 3692 σίτου,

2067 3723 2232 3792 τριίῖν
2261 3721 2318 3774 δὲ
2347 3722 2444 3792 τῆς
2473 3719 2690 3791 κριθῆς,
2723 3719 2795 3782 ὼς
2825 3720 2917 3774 τοῦ
2946 3721 3306 3789 εὐαγγελικοῦ
3339 3720 3630 3790 κηρύγμα-

2064 3831 2154 3877 τος
2183 3814 2534 3885 άπορωτέρου
2563 3814 2714 3876 ὄντος
2742 3815 2831 3867 διὰ
2858 3814 2917 3867 τὸ
2945 3815 3036 3868 τοῦ
3062 3814 3265 3883 βιϐλίου
3294 3814 3541 3884 άκριὸἑς.

389 3907 492 3973 rio,
525 3907 715 3961 hordei
747 3922 873 3960 vero
921 3918 1030 3962 tres
1061 3907 1338 3963 chmniccs
1371 3909 1533 3964 etiam
1575 3910 1831 3976 denario,
1877 3921 2134 3983 tanquam
2179 3912 2356 3983 major
2387 3913 2458 3967 sit
2499 3912 2827 3983 evangelica:
2888 3912 3288 3982 praedicationis
3351 3910 3534 3982 inepia
3557 3910 3627 3965 ob

387 3999 511 4055 libri
547 3997 960 4070 perfectionem.

972 4109 1202 4167 CAPUT
1233 4111 1372 4167 XVI.

389 4223 805 4300 Solutio‘quarti
841 4225 1004 4300 sigilli
1045 4228 1391 4300 manifestans
1427 4228 1646 4283 inducta
1672 4230 1961 4300 castigato-

461 4298 556 4370 ria
578 4296 793 4365 ﬂagella
829 4297 895 4370 in
944 4313 1030 4370 eos
1066 4300 1158 4367 qui
1211 4299 1498 4352 Dominum
1552 4296 1864 4370 negaverunt
1897 4302 1958 4353 ob

461 4368 725 4435 defectum
762 4369 1082 4422 tolerantiw.

459 4502 548 4556 Vl.
583 4501 706 4565 7,8.
736 4501 800 4556 Et
837 4518 955 4556 cum
981 4498 1268 4572 aperuisset
1301 4513 1545 4572 quartum
1577 4504 1830 4572 sigillum,
1853 4520 1951 4555 au-

2641 4112 2888 4165 ΚΕΦΛΛ.
2927 4109 3041 4178 ις’.

2059 4233 2102 4282 Λ
2114 4231 2250 4294 ὑσις
2271 4227 2380 4294 τῆς
2410 4227 2692 4294 τετάρτης
2727 4227 3075 4296 σφραγῖδος,
3104 4227 3484 4296 ἐμφαίνουσα
3520 4228 3625 4295 τὰς

2126 4298 2500 4369 ἐπαγομένας
2524 4296 2907 4369 παιδευτικὰς
2928 4297 3226 4369 μάστιγας
3262 4298 3384 4363 τοῖς
3421 4299 3497 4351 δι’
3522 4299 3626 4353 ἀν-

2129 4366 2548 4434 υπομονησϊας
2578 4366 3022 4434 ἀρνησαμένοις
3046 4367 3152 4421 τὸν
3185 4369 3422 4435 Κύριον.

2139 4500 2244 4553 Καὶ
2292 4499 2390 4552 ὅτε
2431 4499 2636 4566 ἤνοιξε
2686 4499 2798 4568 τὴν
2849 4502 3282 4572 σφραγῖδατὴν
3317 4503 3624 4573 τετάρτην,

389 4595 495 4648 (tiri
521 4605 769 4665 quartum
797 4571 1022 4658 animal,
1051 4596 1226 4647 dicens
1255 4609 1271 4646 :
1301 4571 1459 4662 705
1499 4591 1625 4644 Veni
1653 4603 1700 4645 et
1727 4594 1856 4645 vide.
1890 4592 1956 4645 Et

2062 4589 2296 4656 ἥκουσα
2347 4588 2451 4642 τοῦ
2506 4589 2786 4655 τετάρτου
2847 4589 2990 4649 ζὼου
3043 4592 3362 4659 λέγοντος·
3409 4595 3626 4662 Ἔρχου

387 4703 502 4740 erce
548 4703 708 4755 equus
763 4686 1014 4755 pallidus,
1041 4694 1089 4738 et
1119 4685 1319 4738 sedenti
1366 4700 1522 4752 super
1561 4684 1732 4751 ipsum
1773 4700 1956 4736 nomen

387 4789 498 4830 erat
533 4792 695 4839 mors,
722 4787 770 4830 et
799 4777 1036 4845 infernus
1073 4773 1381 4843 sequebatur
1411 4773 1600 4840 ipsam.
1637 4769 1705 4821 Et
1733 4771 1858 4822 data
1883 4781 1956 4824 est

387 4868 498 4922 illis
544 4878 774 4938 potestas
824 4884 984 4937 super
1031 4873 1276 4936 quartam
1333 4873 1536 4932 partem
1576 4870 1746 4924 terrw,
1789 4870 1842 4912 ut
1875 4863 1958 4913 in-

389 4960 680 5027 terﬁcerent
740 4958 936 5028 gladio,
975 4968 1022 5011 et
1071 4957 1230 5027 fame,
1281 4964 1328 5008 et
1379 4966 1562 5016 morte,
1605 4965 1652 5006 et
1695 4973 1724 5007 a
1778 4957 1954 5009 bestiis

388 5061 563 5106 terrw.

459 5231 727 5296 Quartum
777 5228 1004 5291 animal,
1059 5242 1251 5296 nempe
1286 5227 1509 5296 aquila,
1571 5237 1754 5297 utpote
1808 5228 1952 5281 acuti

387 5332 645 5393 aspectus
677 5333 731 5376 et
766 5321 1036 5374 velociter
1085 5321 1310 5374 tendens
1347 5320 1412 5373 ad
1455 5334 1672 5384 escam,
1722 5335 1955 5389 superne

388 5417 536 5471 venit
561 5430 628 5469 ex
661 5413 808 5466 illata
841 5427 870 5464 a
907 5411 1014 5465 Deo
1046 5412 1146 5475 ira,
1187 5412 1373 5480 plagas
1414 5409 1655 5464 inferens
1687 5411 1751 5463 ad
1786 5410 1948 5463 ultio-

392 5525 515 5562 nem
551 5507 788 5577 piorum.

457 5673 499 5701 ³³
529 5667 671 5722 [³ε;.1.
705 5683 780 5729 ιλ,
813 5665 867 5719 5.

456 5824 567 5893 (23)
597 5820 704 5894 ἰ’ὴν
731 5818 892 5875 αὐτοῦ
923 5818 1064 5890 ζωὴν
1091 5819 1232 5888 vnlg.

2057 4681 2152 4734 καὶ
2183 4680 2272 4733 ἴδε
2291 4697 2302 4709 ·
2334 4681 2440 4735 Καὶ
2467 4680 2592 4735 ἰδοὺ
2621 4683 2802 4747 ἵππος
2817 4683 3066 4750 χλωρὸς,
3100 4684 3196 4736 καὶ
3229 4688 3261 4738 ὁ
3287 4685 3626 4754 καθήμενος

2055 4771 2252 4824 ἐπάνω
2279 4773 2485 4835 αὐτοῦ,
2519 4773 2704 4842 ὄνομα
2737 4773 2895 4838 αὐτῷ
2927 4777 2958 4827 ό
2994 4775 3269 4841 θάνατος,
3299 4775 3394 4829 καί
3419 4780 3451 4829 ὁ
3473 4777 3624 4843 ᾅδης

2056 4864 2371 4932 ἠκολούθει
2416 4864 2594 4927 αὐτῷ.
2627 4866 2731 4917 Kal
2774 4865 2950 4932 ἐδόθη
2996 4865 3199 4931 αὐτοῖς
3241 4867 3492 4931 ἐξουσία
3524 4869 3621 4921 ἐπὶ

2059 4956 2123 5008 τὸ
2172 4955 2321 5021 τέτα,
2348 4973 2453 5008 τον
2507 4954 2613 5022 τῆς
2663 4956 2792 5023 γῆς,
2835 4957 3178 5010 ἀποκτεῖναι
3223 4958 3294 5010 ἐν
3321 4960 3622 5028 ῥομφαίᾳ,

2063 5047 2157 5100 καὶ
2185 5049 2251 5100 ἐν
2291 5047 2443 5116 ,λιμῷ
2468 5047 2562 5100 καὶ
2599 5048 2666 5099 ἐν
2696 5048 2946 5116 θανάτῳ,
2979 5050 3073 5101 καὶ
3122 5051 3232 5102 ὑπὸ
3266 5050 3381 5103 τῶν
3407 5052 3625 5118 θηρίων

2056 5138 2163 5204 τῆς
2193 5139 2322 5208 γῆς.

2129 5233 2200 5285 Τὸ
2233 5233 2488 5304 τέταρτον
2532 5234 2688 5299 ζῶον,
2741 5237 2768 5290 ὁ
2813 5237 2965 5300 ἀετὸς
2999 5237 3229 5307 δηλαδὴ,
3267 5237 3341 5299 ὡς
3370 5235 3621 5307 ὁξυωπὴς

2058 5324 2148 5376 καὶ
2173 5323 2296 5388 ὀξὺς
2321 5326 2453 5395 πρὸς
2477 5325 2662 5396 βορὰν,
2693 5326 2896 5380 ἄνωθεν
2925 5329 3049 5398 ἥκει
3162 5328 3424 5397 θεηὶάτου
3451 5327 3621 5398 ὀργῆς

2055 5416 2151 5478 τὰς
2190 5415 2401 5485 πληγὰς
2440 5417 2716 5487 ἐπιφέρων
2745 5419 2878 5488 πρὸς
2916 5419 3194 5488 ἐκδίκησιν
3223 5419 3328 5471 τῶν
3359 5416 3618 5471 εὐσεϐῶν.
