4030 6592
348 426 452 491 593

1407 430 1796 491 COMMENT.
1845 430 1928 489 IN
1967 429 2499 491 APOCALYI’SIN.

3443 399 3446 403 ’
3511 421 3617 486 σοι

421 538 528 592 Καί
559 537 688 592 ἰδοὺ
721 538 906 605 ἵππος
931 539 1180 608 χλωρός.
1225 539 1281 592 Ὀ
1307 541 1514 610 χλωρὸς
1541 542 1726 608 ἵππος,
1759 541 1927 612 ὀργῆς

2111 540 2175 594 Et
2203 556 2318 594 ecce
2349 554 2512 601 equus
2539 536 2800 606 pallidus.
2835 535 3022 607 Equus
3047 533 3275 607 χλωρὸς,
3297 533 3346 589 id
3379 544 3480 597 cst,
3509 533 3621 604 pal-

347 632 616 704 σύμ6ολον
635 650 646 664 ·
677 634 770 687 καὶ
792 633 963 696 οὕτως
985 637 1018 703 ή
1042 634 1170 705 χλόη
1197 636 1227 705 ἡ
1257 635 1361 688 ὑπὸ
1391 636 1590 707 ἰατρῶν
1615 636 1925 706 καλουμένη

345 725 552 796 χλωρά.
591 725 648 778 Ὀ
678 725 734 778 δέ
758 742 820 793 γε
851 726 1080 789 θάνατος
1112 728 1204 778 καὶ
1229 730 1257 780 ὸ
1286 727 1419 798 ᾇδης
1457 728 1928 798 καταστρατεῦσαι

344 817 550 886 νοητῶς
583 817 816 886 ἔστησαν
863 817 1006 870 κατά
1039 816 1147 870 τῶν
1177 818 1473 888 ἀλιτηρίων
1506 819 1798 888 δαιμόνων,
1835 825 1929 873 καὶ

343 911 500 979 δίκην
545 909 942 978 εἰσπράξασθαι
989 911 1090 979 τῆς
1136 911 1245 964 τῶν
1275 911 1582 982 ἀνθρώπων
1626 912 1925 975 ἀπωλείας.
1973 946 1980 954 ι

345 1002 511 1056 Οὔπω
533 1001 590 1055 δὲ
622 1001 699 1072 τῷ
732 1002 876 1072 λόγῳ
903 1005 936 1073 ἡ
966 1003 1146 1058 τελεία
1179 1003 1500 1074 καθαίρεσις
1525 1003 1632 1056 τῶν
1657 1005 1928 1074 δαιμόνων

343 1096 680 1167 εἰσφέρεται,
711 1095 845 1148 ἀλλά
888 1097 1048 1164 μόνον
1073 1097 1332 1169 τετάρτου
1367 1099 1597 1170 μέρους,
1636 1097 1824 1169 ἐπειδὴ
1851 1098 1928 1166 τῷ

343 1187 487 1258 λόγῳ
519 1187 619 1256 τῆς
665 1186 803 1257 μετά
849 1190 1004 1256 χεῖρα
1035 1189 1321 1252 ὀπτασίας,
1363 1187 1516 1242 οῦπω
1549 1189 1687 1242 κατά
1720 1190 1782 1242 τὸ
1816 1188 1930 1258 τρί-

343 1297 435 1333 τον
481 1279 652 1342 πάθος
700 1279 950 1350 ἐπράχθη
1015 1279 1273 1352 Χριστοῦ.
1325 1279 1438 1350 Τὴν
1494 1281 1551 1334 δὲ
1609 1281 1928 1353 καθαίρεσιν

341 1374 620 1442 τροπικῶς
679 1375 893 1444 σφαγὴν
959 1375 1245 1445 ὀνομάζει,
1298 1376 1394 1430 καὶ
1425 1376 1581 1447 λιμὸν
1609 1377 1718 1429 τῶν
1760 1376 1928 1430 πάλαι

345 1466 800 1535 προσκυνούντων
827 1466 1010 1528 αὐτοῖς
1050 1466 1146 1536 τὴν
1173 1465 1436 1536 ἔκλειψιν,
1476 1465 1570 1520 καὶ
1601 1468 1691 1519 τὸν
1725 1470 1928 1536 ἀφανι-

346 1557 484 1628 σμὸν
531 1559 630 1628 τῆς
669 1559 981 1628 τυραννίδος
1037 1559 1215 1612 αὐτῶν
1265 1560 1360 1612 καὶ
1410 1559 1516 1612 ὑπὸ
1567 1559 1676 1612 τῶν
1721 1559 1929 1629 θηρίων

342 1651 642 1723 διαφθοράν
688 1654 891 1717 αὐτῶν,
942 1652 1106 1724 θηρία
1137 1653 1322 1708 καλῶν
1368 1655 1494 1725 γῆς,
1531 1655 1628 1718 τὰς
1676 1655 1784 1708 τῶν
1812 1657 1930 1710 δαι-

347 1744 522 1811 μόνων
551 1741 674 1796 καθ’
714 1745 745 1813 ή
757 1744 871 1814 μῶν
902 1747 982 1808 εἰς
1012 1745 1316 1818 φθοροποιά
1357 1748 1502 1818 πάθη
1554 1747 1806 1819 ὀχλήσεις
1837 1748 1942 1802 καὶ

345 1835 775 1898 ἐπαναστάσεις.-

414 2107 642 2172 Ἀ.ἰ.ἰως
689 2106 757 2160 ἐκ
793 2106 912 2161 τῶν
947 2106 1056 2160 τοῦ
1119 2107 1421 2177 Ἀνδρέου.
1482 2109 1740 2172 Εὐσέϐιος
1793 2109 1850 2162 δὲ
1902 2111 1930 2162 ὁ

343 2198 634 2268 Παμφίλου
686 2199 745 2251 ὲν
787 2197 864 2269 τῷ
890 2199 1062 2270 ὀγδόῳ
1110 2201 1390 2272 κεφαλαίῳ
1429 2202 1524 2255 τοῦ
1559 2200 1602 2255 θ’
1641 2203 1802 2270 λόγου
1829 2203 1931 2271 τῆς

353 2289 905 2358 Ἐκκλησιιιστικῆς
947 2294 1218 2362 ἱστορίας
1268 2294 1470 2364 γράφει
1525 2295 1687 2348 τάδε·
1737 2296 1824 2348 Ἐν
1861 2297 1927 2366 τῇ

340 2382 448 2434 τῶν
467 2381 725 2452 διωγμῶν
755 2383 905 2454 ἀκμῇ
941 2384 1034 2436 ἐπὶ
1063 2383 1410 2455 Μαξιμιανοῦ
1457 2385 1744 2456 Ῥωμαίων
1775 2386 1930 2457 βασι-

340 2473 608 2538 λεύοντος,
647 2474 755 2527 ὑπὸ
792 2476 889 2545 μὲν
921 2475 1082 2545 λιμοῦ
1116 2479 1208 2530 καὶ
1248 2477 1439 2546 λοιμοῦ
1473 2477 1930 2548 κατασκήψαντος

342 2567 527 2629 αὐτοῖς
585 2569 683 2620 σῦν
730 2567 938 2638 ἑτέροις
995 2567 1424 2638 συμπτώμασιν,
1485 2570 1690 2639 ἄπειρα
1748 2571 1927 2642 πλήθη

341 2656 730 2727 διεφθείροντο,
761 2657 904 2712 ὥστε
930 2662 1078 2730 ταφῇ
1111 2659 1186 2729 μὴ
1216 2659 1476 2713 δύνασθαι
1513 2659 1928 2732 παραδίδοσθαι,

343 2751 549 2821 καίπερ
579 2751 921 2822 Χριστιανῶν
947 2752 1068 2805 τότε
1093 2752 1392 2823 φιλοτίμως
1427 2753 1556 2825 περὶ
1578 2754 1676 2816 τὰς
1707 2754 1932 2823 κηδείας

340 2843 752 2915 ὴσχολημένων,
802 2844 896 2898 καὶ
949 2845 1027 2915 τῷ
1069 2844 1440 2918 φιλανθρώπῳ
1468 2848 1594 2909 τοὺς
1645 2847 1930 2916 πεπλανη-

345 2938 536 3005 μένους
566 2938 869 3005 ἐναγόντων
901 2938 1036 3008 πρὸς
1061 2939 1159 3009 τὴν
1184 2939 1283 3008 τῆς
1313 2938 1574 3008 ἀληθείας
1608 2939 1926 3008 ἐπίγνωσιν.

355 3028 490 3080 Ὑπὸ
541 3029 599 3082 δὲ
647 3031 952 3100 ’Λρμενίων
1003 3032 1429 3086 ἐπαναστάντων
1495 3033 1791 3102 Ῥωμαίοις
1831 3035 1932 3088 οὐκ

340 3119 554 3188 ὀλίγους
594 3121 902 3193 ἀνῃρῆσθαι
956 3123 1219 3195 ῥομφαίᾳ.
1277 3125 1386 3176 Καὶ
1467 3125 1574 3177 ὑπὸ
1630 3125 1840 3178 κυνῶν·
1875 3125 1932 3178 δέ

342 3228 508 3280 φησιν
551 3212 864 3282 ἀνηλῶσθαι
915 3212 984 3265 τὰ
1037 3213 1145 3267 τῶν
1199 3213 1472 3267 θανόντων
1534 3214 1796 3285 σώματα,
1857 3215 1932 3280 ὡς

341 3303 530 3358 λοιπὸν
557 3307 683 3369 τοὺς
725 3305 1084 3375 λειπομένους
1119 3307 1200 3369 είς
1239 3307 1594 3362 κυνοκτονίαν
1627 3307 1930 3378 τραπῆναι,

340 3398 580 3461 δεδιότας
601 3397 676 3470 μὴ
697 3398 792 3451 καὶ
809 3398 963 3452 αὐτοὶ
980 3398 1234 3462 θανόντες
1255 3399 1466 3464 ζῶντας
1483 3401 1710 3466 τούτους
1726 3403 1932 3473 τάφους

342 3492 674 3560 κτήσωνται.
722 3491 837 3544 Οὐκ
889 3491 1113 3554 ἀπεικὸς
1161 3490 1219 3544 δὲ
1266 3495 1381 3554 τοῖς
1438 3494 1566 3546 κυσὶ
1618 3493 1719 3563 τῆς
1759 3495 1930 3564 αύτῆς

342 3582 523 3650 θοίνης
567 3583 661 3635 καὶ
712 3582 936 3653 ἀγρίους
987 3582 1157 3654 θῆρας
1207 3586 1574 3657 συμμετέχειν
1625 3588 1714 3642 διὰ
1744 3587 1930 3658 τὸτῆς

341 3673 546 3744 τροφῆς
575 3673 829 3742 ἄφθονον.
854 3675 966 3728 Καὶ
993 3677 1050 3729 ἐν
1079 3679 1144 3748 τῇ
1178 3677 1424 3750 ἡμετέρᾳ⁵
1447 3679 1504 3732 δὲ
1530 3683 1694 3752 γενεᾷ
1718 3681 1929 3735 τούτων

340 3764 572 3817 ἕκαστον
605 3765 822 3835 συμῦἀν
853 3766 1121 3838 ἔγνωμεν,
1155 3769 1220 3822 ὲκ
1252 3769 1360 3823 τῶν
1389 3772 1508 3826 νυνὶ
1554 3773 1924 3844 φαινομένων.

927 3951 1176 4007 ΚΕΦΑΑ.
1223 3957 1320 4009 ΙΖ’.

341 4058 532 4142 Λύσις
559 4059 687 4138 ,τῆς
725 4076 1004 4142 πεμιπτης
1045 4066 1378 4142 σφραγῖδος
1421 4068 1538 4136 τὴν
1572 4070 1693 4124 τῶν
1737 4073 1926 4142 ἁγίων

411 4131 629 4213 ψυχῶν
659 4133 1047 4213 σημαίνουσα
1270 4131 1492 4207 Κύριον
1530 4131 1923 4211 καταϐόήσιν,

408 4201 564 4253 ὥστε
595 4201 870 4269 γενέσθαι
899 4201 1281 4262 συντέλειαν.

409 4316 518 4370 Kal
546 4317 646 4371 ὅτε
689 4318 896 4387 ἤνοιξε
939 4321 1054 4389 τὴν
1083 4323 1362 4393 πέμπτην
1409 4327 1732 4396 σφραγῖδα,
1759 4325 1928 4384 εἶδον

337 4409 617 4464 ὑποκάτω
645 4411 750 4466 τοῦ
774 4414 1211 4483 θυσιαστηρίου
1238 4419 1345 4484 τὰς
1365 4419 1568 4488 ψυχὰς
1597 4419 1717 4474 τῶν
1736 4421 1924 4492 ἐσφα-

339 4501 568 4569 ῃιένων
589 4502 686 4556 διὰ
710 4503 1020 4576 τὸνλόγον
1052 4509 1159 4562 τοῦ
1186 4511 1358 4573 Θεοῦ,
1385 4512 1484 4565 καί
1511 4511 1612 4566 διὰ
1637 4514 1752 4581 τὴν
1774 4532 1922 4584 μαρ-

2038 637 2180 691 lidns
2209 644 2303 688 aut
2333 631 2543 698 viridis,
2565 629 2816 699 geritira:
2838 629 3149 702 symbolum
3181 645 3196 683 :
3225 629 3370 684 sicut
3391 635 3443 682 et
3464 628 3621 698 χλόη,

2039 729 2090 782 id
2140 735 2244 792 est,
2297 726 2465 782 herba
2517 740 2639 796 quae
2681 740 2712 780 a
2764 723 2991 780 medicis
3043 723 3233 794 χλωρά
3289 721 3618 793 appellatur.

2035 819 2182 876 Mors
2216 829 2397 874 autem
2429 827 2484 873 et
2511 815 2762 872 infernus
2814 824 3112 881 steterunt,
3163 824 3222 871 ut
3253 815 3621 886 Spiritualiter

2037 923 2343 983 pugnarent
2373 912 2639 966 adversus
2683 910 2947 966 scelestos
2999 910 3298 976 daemones,
3334 918 3388 964 et
3413 907 3624 978 suppli-

2036 1007 2181 1062 cium
2215 1006 2483 1060 inferrent
2516 1012 2740 1074 propter
2788 1002 3079 1056 hominum
3120 1001 3618 1071 interemptionem.

2035 1098 2286 1155 Nondum
2349 1109 2531 1152 tamen
2581 1097 2686 1151 hoc
2747 1110 3003 1151 sermone
3087 1094 3323 1148 infertur
3381 1091 3622 1163 perfecta

2036 1192 2345 1247 daemonum
2405 1190 2778 1261 interemptio,
2834 1189 2928 1244 sed
2982 1203 3047 1243 ex
3099 1197 3296 1258 quarta
3357 1185 3626 1241 duntaxat

2037 1292 2228 1353 parte:
2253 1283 2513 1351 quoniam
2541 1282 2694 1351 juxta
2727 1289 3052 1352 praesentem
3078 1280 3347 1336 visionem
3378 1279 3622 1333 nomium

2038 1373 2276 1441 perfecta
2332 1384 2418 1428 est
2473 1373 2677 1428 Christi
2755 1373 2940 1443 passio
2993 1387 3059 1428 ex
3115 1373 3292 1427 tribus
3353 1371 3622 1442 partibus.

2037 1465 2208 1520 Porro
2249 1467 2610 1521 vastationem
2680 1467 2887 1536 tropice
2958 1467 3208 1521 nominat
3241 1465 3622 1520 occisionem:

2036 1569 2090 1614 et
2117 1558 2340 1623 famem,
2372 1560 2590 1614 illorum
2624 1559 2989 1615 defectionem
3020 1559 3112 1628 qui
3142 1559 3290 1629 ipsos
3323 1557 3453 1612 olim
3488 1557 3624 1612 ado-

2038 1664 2344 1707 ravcrunt:
2377 1662 2432 1708 et
2481 1653 2760 1708 interitum
2825 1652 3130 1724 tyrannidis
3190 1653 3434 1722 ipsorum
3487 1649 3621 1706 dicit

2036 1743 2403 1798 vastationem
2463 1743 2545 1798 vel
2609 1743 3022 1814 corruptionem
3094 1755 3284 1797 eorum
3329 1739 3623 1796 abestiis:

2040 1853 2245 1891 means
2302 1837 2508 1892 bestias
2567 1847 2724 1892 terra:
2785 1835 3100 1892 daemonum
3171 1837 3464 1890 adversum
3527 1847 3627 1889 1.03

2034 1928 2348 1984 vexationes
2379 1937 2433 1983 et
2465 1927 2704 1983 insultus
2723 1927 2790 1983 ad
2822 1927 3168 1994 afﬂictiones,
3203 1943 3324 1995 qua:
3353 1925 3628 1980 adducant

2032 2020 2340 2074 interitum.

2106 2113 2225 2165 Al-‘o
2273 2111 2426 2165 modo
2458 2127 2524 2165 ea:
2568 2111 2804 2164 Andrea.
2870 2109 3137 2164 Eusebius
3187 2125 3318 2165 vero
3351 2108 3626 2180 Pamphili

2034 2215 2232 2261 octavo
2283 2205 2462 2274 capite
2496 2204 2618 2258 libri
2669 2205 2798 2258 noni
2855 2201 3250 2258 Ecclesiastirw
3293 2203 3532 2258 historice
3571 2203 3625 2257 in

2033 2300 2181 2353 hunc
2203 2298 2399 2353 scribit
2429 2298 2649 2351 modum
2677 2315 2689 2350 :
2724 2296 2779 2350 in
2809 2295 3022 2351 fervore
3049 2297 3492 2367 persecutionum
3524 2295 3628 2352 sub

2035 2390 2374 2446 Maximiano
2402 2390 2496 2460 qui
2534 2390 2793 2444 Romanis
2831 2390 3157 2460 imperabat,
3215 2389 3356 2444 fame
3392 2401 3447 2445 et
3477 2398 3629 2460 peste

2035 2483 2179 2538 inter
2197 2483 2311 2537 hcce
2340 2489 2536 2552 praeter
2554 2491 2784 2536 caeteros
2806 2497 2970 2536 casus
2993 2491 3298 2550 grassante,
3332 2482 3625 2535 innumera

2037 2575 2334 2630 multitudo
2367 2574 2728 2638 moriebatur,
2767 2573 2906 2628 adeo
2975 2581 3034 2627 nt
3067 2573 3168 2644 ipsi
3206 2574 3459 2643 sepulcro
3485 2573 3625 2628 tradi

2034 2687 2145 2726 non
2180 2682 2404 2740 possent
2435 2690 2446 2725 :
2480 2686 2798 2741 quanquam
2843 2670 3154 2726 Christiani
3212 2681 3342 2725 tunc
3368 2671 3530 2725 enixe
3563 2684 3628 2724 ac

2035 2765 2343 2820 liberaliter
2384 2765 2533 2820 circa
2583 2764 2775 2819 funera
2817 2774 3248 2836 occuparentur,
3279 2775 3331 2819 et
3363 2767 3626 2820 seductos

2037 2856 2378 2911 humanitate
2416 2856 2741 2912 inducet-ent
2772 2857 2836 2910 ad
2867 2856 3114 2912 veritatis
3149 2857 3506 2927 agnitionem.
3542 2857 3625 2912 Ab

2035 2947 2313 3004 Armeniis
2335 2965 2487 3014 vero,
2512 2949 2604 3020 qui
2635 2950 2687 3003 in
2716 2948 2999 3004 Romanos
3035 2949 3477 3014 insurrexerunt,
3512 2964 3624 3003 non

2035 3057 2241 3112 paucos
2269 3041 2399 3096 dicit
2424 3042 2607 3113 gladio
2635 3043 2804 3096 fuisse
2833 3043 3160 3108 trucidatos,
3185 3051 3239 3096 et
3267 3043 3621 3097 morientium

2036 3148 2267 3204 corpora
2291 3151 2319 3190 a
2343 3136 2575 3192 canibus
2595 3136 2765 3191 fuisse
2788 3145 3115 3207 consumpta
3143 3155 3155 3190 :
3179 3137 3260 3192 sic
3293 3145 3349 3191 nt
3379 3145 3625 3206 postmo-

2037 3227 2166 3282 dum
2200 3228 2379 3283 caeteri
2415 3230 2509 3298 qui
2567 3229 2742 3284 relicti
2797 3238 2976 3293 erant,
3007 3229 3072 3284 ad
3119 3245 3317 3284 cauum
3360 3231 3624 3284 interem-

2037 3323 2278 3392 ptionem
2303 3333 2779 3389 converterentur,
2811 3323 2967 3378 veriti
2999 3340 3067 3378 ne
3088 3332 3141 3378 ct
3168 3323 3269 3394 ipsi
3295 3324 3620 3390 morientes,

2034 3417 2155 3482 hos,
2208 3417 2252 3472 si
2307 3417 2591 3483 viverent,
2646 3417 2899 3487 sepulcra
2966 3417 3317 3473 sortirentur.
3371 3416 3488 3470 Non
3536 3427 3623 3474 est

2033 3517 2215 3562 autem
2251 3507 2554 3562 absurdum
2583 3519 2652 3562 ur
2672 3523 2837 3563 canes
2863 3507 2916 3561 in
2936 3506 3069 3578 ipsis
3094 3521 3314 3578 quoque
3341 3505 3622 3562 alimentis

2033 3602 2329 3673 participes
2356 3601 2564 3657 faciant
2591 3600 2719 3656 fera:
2742 3594 3006 3672 agrestes,
3032 3611 3258 3673 propter
3283 3616 3422 3657 escae
3447 3601 3623 3656 abun-

2031 3694 2299 3750 dantiam.
2329 3695 2493 3766 706
2522 3694 2578 3748 lu
2609 3703 2795 3750 nostra
2831 3694 2996 3749 etiam
3030 3697 3254 3750 natione
3286 3694 3481 3748 horum
3511 3693 3622 3749 sin-

2031 3791 2158 3860 gula
2188 3789 2491 3861 contigisse
2521 3787 2886 3860 cognovimus
2916 3804 2980 3844 ex
3011 3789 3095 3845 his
3128 3806 3251 3860 qua:
3281 3804 3424 3845 nunc
3454 3802 3623 3859 appa-

2033 3891 2176 3936 rent.

2595 3973 2826 4030 CAPUT
2882 3971 3048 4030 XVII.

2029 4085 2240 4141 Salutio
2284 4088 2456 4157 quinti
2506 4088 2671 4156 sigilli
2715 4089 3026 4157 signiﬁcans
3081 4090 3368 4144 clamorem
3399 4101 3620 4146 sancta-

2100 4175 2232 4241 rum.
2280 4159 2584 4212 animarum
2642 4161 2712 4212 ad
2758 4159 3081 4226 Dominum,
3119 4169 3176 4213 ut
3227 4160 3324 4229 ﬁat
3365 4177 3617 4216 consum-

2101 4239 2287 4283 matio.

2097 4341 2188 4407 Vl,
2221 4342 2374 4397 9-H.
2399 4341 2465 4396 Et
2491 4360 2607 4396 cum
2633 4343 2923 4413 aperuisset
2961 4344 3204 4415 quintum
3226 4343 3485 4415 sigillum,
3511 4346 3618 4400 vidi

2024 4438 2204 4491 subter
2239 4436 2408 4490 altare
2458 4437 2668 4491 animas
2707 4436 3108 4505 interfectorum
3145 4446 3358 4508 propter
3404 4438 3615 4492 verbum

2023 4529 2142 4593 Dei,
2178 4539 2225 4584 et
2263 4539 2478 4600 prapter
2504 4529 2863 4583 testimonium
2898 4511 3036 4600 Aigni
3062 4530 3202 4600 quod
3237 4530 3495 4585 habebant
3521 4548 3539 4587 :
3567 4542 3616 4587 et

336 4590 547 4692 tvpt'ar
572 4591 680 4645 τοῦ
725 4593 956 4662 Ἀρνίου
987 4595 1067 4662 ἣν
1093 4593 1284 4667 εἶχον.
1317 4602 1428 4655 Kal
1454 4602 1722 4671 ἔκραξαν
1743 4606 1915 4677 φωνῇ

2036 4619 2379 4673 :lnmaverunt
2414 4636 2534 4674 voce
2587 4637 2803 4690 magna,
2840 4620 3072 4673 dicentes
3105 4636 3122 4674 :
3160 4619 3455 4692 Usquequo,
3506 4623 3618 4678 Do-

329 4681 567 4752 μεγάλῃ
591 4684 906 4755 λέγοντες·
936 4689 1091 4754 ’Έως
1106 4692 1272 4754 πότε,
1299 4695 1333 4746 ὁ
1357 4696 1664 4762 Δεσπότης
1695 4700 1726 4750 ό
1755 4697 1922 4767 ἅγιος

333 4771 431 4824 καὶ
468 4772 790 4840 ἀληθινὸς,
841 4778 911 4830 οὺ
966 4779 1191 4846 κρίνεις
1241 4781 1340 4834 καί
1386 4782 1644 4850 ἐκδικεῖς
1684 4788 1747 4839 τό
1779 4782 1920 4856 αἷμα

331 4861 500 4928 ἡμῶν
545 4865 615 4918 ἐκ
669 4866 786 4920 τῶν
831 4871 1273 4924 κατοικούντων
1322 4874 1421 4926 ἐπὶ
1476 4873 1583 4940 τῆς
1626 4877 1777 4946 Trio;
1809 4880 1919 4932 Καὶ

331 4953 511 5023 ἐδόθη
561 4957 767 5024 αὐτοῖς
809 4960 1004 5028 στολὴ
1039 4962 1254 5031 λευκὴ,
1290 4964 1388 5018 καί
1419 4965 1633 5034 ἐρῤἐθη
1674 4970 1880 5035 αὐτοῖς
1903 5011 1918 5033 ,

332 5046 432 5100 ἵνα
460 5047 927 5106 dramaticum-tat
949 5053 1037 5106 ἔτι
1064 5058 1308 5123 χρόνον,
1357 5057 1469 5122 ἕως
1494 5059 1920 5128 πληρώσονται

331 5141 432 5195 καί
458 5145 512 5196 οἰ
549 5144 882 5199 σύνδουλοι
915 5145 1136 5213 αὐτῶν,
1180 5149 1276 5202 καί
1311 5152 1364 5203 οἰ
1403 5149 1655 5220 ἀδελφοί
1696 5152 1918 5220 αὐτῶν,

332 5231 430 5287 καί
461 5236 516 5288 οἰ
533 5235 868 5304 μέλλοντες
897 5238 1359 5294 ἁποκτείνεσθαι
1379 5242 1460 5308 ὡς
1485 5245 1582 5298 καί
1613 5246 1806 5300 αὐτοί.

403 5326 517 5396 Τῆς
557 5327 815 5401 πέμπτης
865 5332 1162 5401 σφραγῖδος
1211 5332 1309 5403 τὴν
1355 5333 1530 5400 λύσιν,
1593 5339 1642 5390 οἰ
1675 5339 1774 5410 τὴν
1807 5342 1918 5395 τῶν

332 5420 748 5492 προειρημένων
785 5424 1070 5495 τεσσάρων
1123 5427 1204 5488 εἰς
1245 5426 1313 5478 τά
1358 5427 1598 5498 Χριστοῦ
1632 5431 1777 5502 πάθη
1823 5436 1920 5489 καὶ

330 5509 401 5560 τά
441 5510 541 5578 τῆς
585 5512 854 5582 σωτηρίου
885 5515 1020 5583 ἡμῖν
1041 5513 1520 5586 ίὲνανθρωπήσεως
1562 5519 1919 5594 οἰκονομικῶς

333 5600 654 5656 τελεσθέντα
699 5605 1122 5675 προσνέμοντες,
1165 5609 1240 5671 ὡς
1277 5609 1376 5680 ἤδη
1412 5611 1787 5684 παρεθέμεθα,
1825 5619 1919 5672 καὶ

332 5692 537 5766 ταύτην
565 5695 794 5761 εἰκότως
823 5698 920 5770 τὴν
950 5701 1282 5772 καταϐόησιν
1302 5705 1414 5766 τοῖς
1447 5707 1921 5775 προτελειωθείσιν

333 5786 531 5856 ἀνάψει
578 5791 888 5862 προφήταις
941 5793 1033 5846 καὶ
1073 5793 1352 5864 θεοσόφοις
1393 5797 1619 5870 ἀνδράσι
1672 5805 1770 5874 τὴν
1821 5805 1916 5859 τοῦ

335 5879 574 5946 Χριστοῦ
604 5883 900 5956 ἐπιδημίαν
932 5886 1154 5942 ποθοῦσι
1185 5894 1276 5945 καὶ
1316 5893 1413 5964 τὴν
1441 5893 1707 5967 ἀναϐολὴν
1748 5899 1916 5970 αὐτῆς

2023 4711 2182 4770 mine,
2215 4713 2302 4780 qui
2329 4728 2382 4766 es
2406 4711 2588 4780 justus
2626 4721 2675 4765 et
2706 4728 2885 4775 verax,
2922 4728 3027 4764 non
3053 4712 3276 4781 jndicas
3301 4724 3348 4768 et
3375 4716 3615 4770 vindicas

2022 4804 2326 4871 sanguinem
2360 4814 2601 4857 nostrum
2634 4803 2698 4858 de
2728 4806 2810 4857 Itis
2837 4805 2927 4876 qui
2959 4807 3200 4859 habitant
3244 4809 3294 4861 in
3333 4818 3475 4864 terra
3496 4811 3522 4864 ?
3546 4807 3617 4864 Et

2022 4896 2153 4948 data
2185 4905 2259 4950 est
2296 4897 2426 4966 ipsis
2471 4899 2613 4952 stola
2663 4897 2809 4963 alba,
2867 4900 3171 4969 dictumque
3217 4911 3292 4954 est
3332 4903 3406 4955 eis
3439 4912 3494 4956 ut
3529 4920 3616 4956 re-

2022 4988 2342 5056 quiescerent
2399 4989 2570 5042 adltuc
2617 4990 2688 5043 ad
2732 5000 2960 5060 tempus,
3011 4991 3174 5046 donec
3229 4993 3617 5063 complerentur

2023 5083 2255 5133 conservi
2295 5096 2499 5147 eorum,
2546 5093 2594 5136 et
2641 5083 2839 5153 fratres
2890 5099 3099 5149 eorum,
3131 5093 3179 5139 et
3207 5085 3300 5154 qui
3339 5087 3617 5142 occidendi

2020 5181 2171 5226 erant
2206 5173 2342 5227 sicut
2370 5182 2420 5227 et
2449 5174 2573 5243 ipsi.

2091 5342 2278 5409 Quinti
2342 5343 2508 5414 sigilli
2570 5345 2934 5415 apertionem,
2979 5345 3036 5400 hi
3083 5346 3177 5417 qui
3219 5345 3610 5416 praedictorum

2021 5445 2260 5506 quatuor
2290 5436 2624 5492 solutionem
2649 5436 2856 5492 Christi
2894 5439 3248 5508 passionibus
3279 5437 3609 5502 attribuunt,

2021 5537 2076 5583 et
2105 5527 2188 5582 his
2219 5543 2344 5598 quae
2373 5527 2778 5599 dispensatorie
2811 5539 3032 5600 peracta
3063 5538 3192 5584 sunt
3219 5528 3366 5583 circa
3399 5529 3611 5584 saluta-

2024 5631 2136 5670 rem
2174 5617 2334 5674 uobis
2366 5617 2829 5685 incarnationem,
2866 5619 3025 5678 sicuti
3049 5620 3162 5689 jam
3187 5619 3605 5690 proposuimus,

2021 5709 2162 5764 hanc
2192 5711 2357 5765 etiam
2383 5712 2663 5782 querelam
2689 5721 2743 5768 et
2769 5712 3066 5767 clamorem
3100 5712 3298 5767 merito
3325 5712 3610 5783 prophetis

2021 5802 2271 5858 tribuunt
2328 5813 2488 5858 antea
2545 5806 2812 5864 mortuis.
2849 5814 2904 5860 et
2955 5805 3052 5862 Dei
3103 5806 3373 5877 sapientia
3428 5806 3608 5877 plenis

2022 5899 2180 5968 viris,
2215 5899 2419 5955 Christi
2459 5900 2754 5955 adventum
2781 5900 3195 5970 exoptantibus,
3225 5901 3454 5974 ejusque
3483 5915 3607 5957 mo-
