4030 6598
336 389 440 454 537

1395 404 1778 467 COMMENT.
1828 408 1905 466 IN
1952 409 2489 472 APOCALYI‘SIN.
3481 415 3584 479 533

333 501 428 553 τοῦ
472 500 715 573 φθαρτοῦ
782 503 1073 576 ἠνέσχοντο
1131 510 1475 581 καρτερικῶς
1529 513 1757 582 ἐκϐῆναι
1812 515 1904 567 κό-

2015 518 2175 588 708
2227 520 2429 573 unindo
2476 519 2824 587 excederent,
2861 521 2950 576 ubi
3010 538 3155 578 nunc
3200 523 3269 579 ad
3308 524 3473 579 vitam
3504 526 3593 579 in-

336 608 496 656 σμου,
520 592 615 645 νῦν
641 593 902 667 ἀφθάρτῳ
921 597 1019 668 βίῳ
1043 600 1138 651 καὶ
1160 601 1384 673 ἀμόχθῳ
1411 604 1912 675 προσορμισθέντας

332 683 577 754 ὡσπερεί
639 686 801 755 κόρον
861 690 1049 743 τούτου
1112 693 1378 758 λαϐόντας
1442 696 1799 767 ἀνασείρασιν
1849 700 1913 751 ἐκ

332 776 495 846 κόρου
547 777 752 833 λαϐεῖν·
818 782 912 851 ἀφ’
964 774 1024 835 οὗ
1085 786 1245 857 καὶὴ
1286 787 1394 839 τῶν
1434 789 1679 857 ἀγγέλων
1718 792 1799 854 εἰς
1844 791 1914 844 τὰ

332 868 529 925 αἰώνια
567 874 887 943 παράκυψις
937 876 1142 944 ἀγαθὰ,
1176 880 1283 931 τινὶ
1323 879 1433 933 τῶν
1469 881 1912 952 θεοφορουμένων

333 964 714 1034 παρείληπται
758 965 824 1019 δι’
858 967 1153 1037 ἐπιθυμίας
1198 968 1357 1035 εἶναι,
1388 972 1463 1036 ὡς
1488 973 1576 1025 διὰ
1603 975 1701 1045 τῆς
1730 992 1912 1045 παρα-

332 1056 547 1124 κύψεως
580 1058 634 1110 τί
671 1059 736 1113 ἂν
762 1060 891 1113 ἄλλο
930 1061 1262 1133 ζητήσαντος
1293 1065 1481 1127 αὑτοῦ,
1514 1066 1547 1136 ἢ
1581 1068 1675 1119 καὶ
1721 1067 1782 1121 τὸ
1817 1086 1909 1139 μισ

330 1149 468 1219 κρὰν
514 1151 693 1204 αὐτῶν
743 1153 943 1221 γνῶσιν
995 1154 1182 1211 λαϐεῖν
1246 1158 1305 1211 ὲν
1345 1157 1674 1231 ἀδιαλείπτῳ
1727 1160 1911 1231 ἐφέσει

331 1238 829 1312 προσλιπαροῦνται
849 1261 864 1311 ;

914 1351 1167 1407 ΚΕΦΑΛ.
1228 1354 1335 1409 IH'.

327 1484 517 1551 Λύσις
546 1484 654 1566 τῇς
679 1486 861 1566 ἕκτης
883 1491 1234 1566 σφραγῖδος,
1262 1495 1368 1558 τὰς
1393 1495 1462 1548 ἐν
1486 1495 1561 1564 τῇ
1584 1498 1915 1566 συντελείᾳ

576 1557 952 1628 ἐπαγομέναξ
970 1557 1211 1632 unum
1238 1557 1644 1633 σημαίνουσα.

396 1691 506 1744 Καὶ
535 1688 698 1746 εἶδον
728 1693 825 1748 ὅτε
854 1694 1062 1764 ἤνοιξε
1092 1696 1209 1766 τὴν
1235 1699 1536 1768 σφραγῖδα
1562 1700 1678 1768 τὴν
1699 1702 1903 1771 ἕκτην.

327 1784 437 1837 Kal
470 1788 726 1856 σεισμὸς
752 1787 941 1857 μέγας
971 1790 1232 1859 ἐγένετο.
1265 1792 1375 1846 Kal
1409 1795 1441 1847 ὁ
1468 1794 1642 1861 ἥλιος
1669 1795 1906 1865 ἐγένετο

2022 611 2431 679 corruptibilem
2470 621 2525 666 et
2550 611 2737 667 labore
2768 622 3043 668 carentem
3076 616 3430 685 appulerunt,
3474 626 3599 670 tan-

2022 718 2185 771 quam
2215 712 2429 773 sumpta
2459 703 2620 773 hujus
2647 705 2920 769 satietate.
2967 708 3307 763 evulsionem
3333 723 3397 763 ex
3429 709 3599 764 satic-

2022 802 2129 846 tate
2173 794 2442 864 accipere.
2490 794 2640 850 Unde
2691 794 2857 849 etiam
2909 797 3229 867 angelorum
3277 799 3344 852 ad
3394 810 3598 854 aeterna

2021 882 2160 937 bona
2211 894 2551 954 prospectus,
2581 901 2609 939 a
2637 886 2876 955 quodam
2937 887 3117 941 aIIlnto
3148 888 3333 943 divino
3372 889 3597 943 numine

2020 985 2275 1045 sumptus
2312 985 2396 1031 est
2431 985 2651 1046 propter
2685 978 2960 1032 desideria
2995 996 3008 1031 :
3039 989 3300 1048 tanquam
3338 997 3433 1051 per
3467 995 3598 1050 pro-

2019 1077 2261 1136 spectum
2294 1068 2429 1122 nihil
2465 1069 2610 1125 aliud
2662 1070 2761 1140 ipsi
2796 1072 3153 1139 requisierint
3182 1088 3345 1143 quam
3372 1073 3454 1127 vel
3482 1088 3600 1130 m0—

2018 1161 2195 1216 dicam
2237 1161 2453 1216 illorum
2483 1163 2733 1235 accipere
2762 1165 3154 1234 cognitionem,
3203 1166 3424 1221 assiduo
3450 1165 3597 1220 desi-

2028 1254 2182 1309 derio
2208 1270 2423 1325 semper
2453 1255 2693 1312 alIixam.

2577 1370 2807 1427 CAPUT
2834 1371 3022 1426 XVIII.

2018 1499 2224 1554 Salutio
2255 1504 2390 1557 sexti
2414 1504 2582 1572 sigilli
2618 1505 2925 1574 signiﬁcans
2965 1523 3053 1560 eos
3082 1523 3198 1576 qua:
3224 1507 3518 1576 inferantur
3543 1505 3596 1559 in

2457 1577 2907 1629 consummatione
2939 1577 3148 1647 plagas.

2092 1706 2178 1775 VI,
2232 1710 2317 1772 12,
2395 1712 2477 1765 15.
2548 1710 2616 1765 Et
2671 1713 2777 1766 vidi
2831 1730 2950 1767 cum
3011 1715 3300 1782 aperuisset
3359 1713 3597 1784 sigillum

2015 1811 2223 1855 sextum
2257 1817 2274 1855 :
2306 1812 2354 1856 et
2406 1813 2737 1858 terra’motus
2790 1806 2966 1873 fartus
3017 1814 3093 1859 est
3126 1821 3372 1875 magnus,
3425 1815 3472 1859 et
3516 1806 3595 1859 sol

321 1876 537 1945 μέλας,
587 1880 666 1946 ὡς
700 1880 931 1949 σάκκος
979 1884 1247 1953 τρίχινος
1269 1901 1281 1914 °
1317 1885 1415 1939 καὶ
1462 1888 1499 1955 ἠ
1531 1888 1764 1955 σελήνη
1797 1889 1909 1957 ὅλη

2015 1895 2188 1964 factus
2209 1907 2285 1951 est
2306 1898 2453 1967 niger
2470 1909 2718 1968 tanquam
2738 1916 2924 1954 saccus
2956 1901 3225 1967 cilicinus,
3255 1910 3303 1954 et
3335 1901 3596 1953 lunatota

324 1970 564 2039 ἐγένετο
608 1974 689 2039 ὠς
722 1969 885 2044 αἷμα,
942 1976 1040 2029 καὶ
1092 1979 1146 2031 οἱ
1193 1977 1449 2046 ἀστέρες
1501 1980 1609 2034 τοῦ
1644 1982 1906 2050 οὐρανοῦ

2014 1989 2155 2051 [σι-ια
2182 1998 2259 2043 est
2290 2001 2541 2060 tauquam
2582 1993 2822 2061 sanguis,
2858 2001 2906 2046 et
2932 1994 3101 2047 s'ella:
3131 1994 3250 2047 caeli
3289 1993 3593 2047 ceciderunt

325 2063 556 2119 ἔπεσον
576 2068 664 2132 εὶς
692 2065 807 2132 τὴν
830 2067 968 2137 γῆν,
999 2069 1079 2136 ὡς
1112 2071 1276 2139 συκῆ
1305 2071 1528 2136 ,βάλλει
1561 2075 1701 2141 τοὺς
1730 2076 1909 2131 ὀλύν-

2015 2079 2064 2133 in
2099 2088 2315 2146 terram,
2366 2085 2505 2136 sicut
2552 2083 2684 2152 licus
2749 2082 2935 2153 objicit
2996 2100 3207 2155 grossos
3247 2101 3371 2139 suos
3410 2100 3528 2138 cum
3562 2100 3595 2137 a

326 2158 472 2223 θους
509 2159 724 2227 αὐτῆς,
760 2160 877 2214 ὑπὸ
906 2162 1134 2231 ἀνέμου
1164 2164 1435 2233 μεγάλου
1465 2168 1771 2237 σειομένη.

408 2249 473 2301 'H
508 2249 646 2320 ἕκτη
688 2255 787 2322 τῆς
836 2254 1129 2322 σφραγῖδος
1202 2254 1356 2319 λύσις
1400 2256 1738 2328 τελεωτάτην
1776 2260 1909 2329 ἡμῖν

324 2338 425 2412 τὴν
453 2342 730 2413 σωτηρίαν
772 2344 1084 2415 εἰργάσατο.
1119 2347 1276 2399 Κατὰ
1331 2347 1534 2419 ταύτην
1567 2349 1674 2420 γὰρ
1709 2352 1737 2403 ὁ
1770 2352 1909 2421 Χρι-

328 2433 452 2497 στὸς
480 2432 570 2487 τὸν
596 2434 821 2488 θάνατον
845 2437 1133 2503 κατέλυσε,
1160 2439 1255 2508 τὴν
1280 2438 1426 2510 ζωὴν
1447 2443 1786 2513 ἐπανήγαγε,
1817 2444 1910 2497 τὸν

328 2525 557 2597 νικητὴν
589 2527 697 2580 τῶν
718 2528 1022 2599 ἀνθρώπων
1053 2533 1479 2601 ἀπεστεφάνωσε
1510 2534 1908 2606 θριαμϐεύσας.

329 2616 473 2669 κατὰ
517 2617 579 2671 τὸ
610 2620 1024 2690 γεγραμμένον’
1087 2641 1105 2674 ι
1154 2623 1378 2694 Ἀνέϐης
1414 2625 1491 2687 εἰς
1526 2624 1678 2693 ὕψος,
1727 2628 1910 2697 ᾐχμα-

326 2705 607 2771 λώτευσας
636 2709 1038 2779 αἰχμαλωσίαν.
1078 2731 1096 2763 ι
1135 2713 1231 2776 Τίς
1269 2713 1325 2766 δὲ
1358 2715 1392 2783 ή
1425 2712 1579 2778 λύσις
1616 2715 1717 2786 τῆς
1745 2717 1912 2787 ἕκτης

331 2800 661 2870 σφραγῖδος;
722 2802 779 2856 '0
826 2804 1056 2875 σταυρὸς
1087 2804 1181 2857 τοῦ
1230 2805 1439 2876 Κυρίου
1478 2806 1571 2859 καὶ
1602 2808 1628 2858 ὁ
1661 2807 1907 2874 θάνατος,

328 2886 411 2955 οἷς
451 2893 819 2964 ἠκολούθησεν
870 2897 903 2966 ἡ
962 2896 1192 2950 εὐκταία
1242 2898 1376 2951 πᾶσι
1436 2902 1646 2961 πιστοῖς
1695 2916 1756 2952 τε
1817 2902 1912 2954 καὶ

330 2982 612 3053 αἰσθητοῖς
645 2984 961 3048 ἀνάστασις.
996 2984 1179 3057 Ἦπερ
1225 2987 1283 3040 ού
1321 2987 1479 3053 μόνον
1506 2988 1632 3050 τοὺς
1667 2987 1908 3052 ζῶντας,

331 3072 474 3126 ἀλλὰ
506 3074 601 3128 καὶ
630 3076 759 3137 τοὺς
789 3091 1131 3145 προκεκοιμη
1143 3076 1338 3145 μένους
1368 3077 1733 3147 εὐηργέτησε.

400 3165 511 3219 Kal
542 3167 797 3235 σεισμὸς
822 3165 1013 3237 μέγας
1044 3167 1300 3236 ἐγένετο.
1348 3168 1543 3235 Σαφῶς
1575 3171 1643 3222 τὰ
1692 3172 1786 3224 ἐπὶ
1831 3172 1910 3244 τῷ

2010 2187 2159 2229 vento
2200 2193 2387 2247 magno
2421 2188 2678 2234 movetur.

2082 2267 2234 2323 Sexti
2267 2270 2431 2340 sigilli
2466 2272 2669 2327 solutio
2693 2273 3144 2343 perfectiSsimam
3175 2272 3336 2328 nobis
3359 2273 3593 2328 salutem

2011 2370 2234 2429 operata
2276 2372 2382 2418 est.
2413 2361 2492 2416 Ex
2525 2366 2626 2419 hac
2652 2366 2798 2419 enim
2840 2366 3097 2421 Christus
3129 2374 3358 2420 mortem
3395 2363 3597 2419 dissol-

2012 2452 2129 2518 vit,
2180 2454 2347 2509 vitam
2401 2456 2642 2524 reduxit,
2674 2457 2741 2513 ab
2774 2473 2839 2513 eo
2875 2458 2970 2526 qui
3018 2457 3268 2513 homines
3318 2458 3597 2513 devicerat

2013 2545 2433 2616 triumphando,
2498 2562 2764 2604 coronam
2822 2550 3055 2605 abstulit
3093 2549 3291 2620 :juxta
3350 2550 3401 2604 id
3448 2548 3595 2620 quod

2012 2636 2276 2707 scriptum
2306 2648 2425 2694 est:
2461 2658 2478 2690 ι
2518 2640 2827 2697 Ascendisti
2861 2642 2915 2696 in
2964 2643 3168 2705 altum,
3223 2641 3593 2712 captivitatem

2012 2726 2219 2784 duxisti
2248 2732 2523 2800 captivam
2556 2733 2621 2788 ".
2659 2753 2678 2787 ι
2723 2733 2856 2800 Quae
2904 2744 2988 2789 est
3028 2743 3208 2790 autem
3262 2733 3398 2790 sexti
3430 2733 3596 2803 sigilli

2014 2822 2249 2876 solutio?
2296 2822 2441 2877 Crux
2469 2832 2523 2878 et
2556 2840 2704 2880 mors
2754 2824 2970 2879 Domini
3001 2864 3016 2887 ,
3074 2826 3221 2879 unde
3268 2835 3457 2879 secuta
3509 2835 3596 2878 est

2014 2912 2250 2981 optanda
2274 2914 2490 2969 cunctis
2518 2922 2626 2969 tam
2653 2916 2905 2972 ﬁdelibus
2927 2932 3093 2987 quam
3124 2932 3347 2972 sensum
3367 2930 3598 2983 sequen-

2014 3005 2161 3062 tibns
2215 3006 2568 3071 resurrectio,
2623 3022 2742 3077 quae
2782 3023 2890 3061 non
2924 3008 3078 3062 vivos
3117 3007 3294 3062 solum
3332 3003 3597 3060 beneﬁcio

2015 3097 2217 3158 aﬂ'ecit,
2253 3113 2441 3152 verum
2473 3100 2636 3153 etiam
2672 3100 2793 3155 illos
2819 3100 2913 3169 qui
2955 3110 3112 3155 antea
3149 3098 3515 3153 dormierant.

2088 3187 2155 3241 Et
2189 3198 2520 3243 terrwmotus
2560 3191 2734 3258 [actus
2786 3200 2864 3245 est
2895 3207 3138 3261 magnus.
3177 3189 3461 3245 Mauifeste
3496 3188 3595 3244 de-

332 3255 552 3325 σταυρῷ
581 3258 922 3327 γεγενημένα
952 3260 1154 3327 σημεῖα
1204 3257 1236 3327 ή
1269 3256 1503 3309 ὀπτασία
1534 3258 1668 3327 ἡμῖν
1698 3259 1907 3324 ἀναζωο

2020 3278 2211 3332 scribit
2257 3277 2417 3331 nobis
2462 3255 2600 3332 visio
2651 3278 2807 3346 signa
2848 3255 3057 3350 QUZB'III
3085 3277 3290 3334 Christi
3340 3278 3596 3350 passione

329 3350 553 3417 γραφεῖ,
583 3347 674 3399 τὸν
706 3348 928 3418 σεισμὸν
961 3349 1055 3402 καὶ
1091 3348 1181 3400 τὸν
1215 3348 1402 3402 κλόνον
1435 3349 1535 3419 τῆς
1568 3351 1691 3419 γῆς,
1725 3351 1786 3404 τὸ
1814 3352 1909 3405 τοῦ

331 3440 483 3508 ἡλίου
536 3440 727 3501 σκότος
778 3441 872 3493 καὶ
922 3440 1024 3510 τῆς
1076 3441 1304 3511 σελήνης
1351 3441 1480 3512 ὅλης
1514 3441 1611 3513 τὴν
1644 3446 1723 3507 είς
1772 3440 1911 3515 αἷμα

335 3529 657 3599 μεταϐολήν.
704 3531 853 3585 Πάνυ
892 3532 947 3585 δὲ
993 3532 1237 3603 ἀκριϐῶς
1271 3532 1364 3585 ἐπὶ
1408 3533 1510 3601 τῆς
1559 3534 1791 3607 σελήνης
1828 3538 1909 3601 τὸ,

330 3619 465 3688 ὅλη,
520 3621 838 3693 δεδήλωται.
884 3624 1205 3694 Πλησιφαὴς
1255 3624 1364 3696 γὰρ
1398 3624 1553 3689 οὖσα,
1589 3625 1683 3679 ἆτε
1717 3644 1912 3682 τεσσα-

334 3714 787 3783 ρεσκαιδεκαταία
820 3714 879 3768 οὒ
892 3734 977 3780 τα,
1008 3717 1104 3769 καὶ
1132 3717 1270 3770 κατὰ
1297 3717 1588 3790 διάμετρον
1618 3720 1911 3788 ἀφεστῶσα

330 3807 421 3859 τοῦ
452 3807 625 3879 ήλίου,
659 3808 775 3870 πῶς
803 3809 888 3862 οἵα
920 3827 977 3862 τε
1006 3810 1095 3862 τὸν
1124 3810 1274 3882 ἥλιον
1306 3814 1371 3883 τῇ
1400 3813 1600 3882 ἑαυτῆς
1626 3814 1908 3887 ὑποδρομῇ

261 3901 264 3903 “
332 3899 617 3965 σκοτίσαι;
654 3900 811 3954 Οὕτω
840 3901 950 3973 γὰρ
978 3903 1075 3972 τὴν
1101 3903 1331 3973 ἡλιακὴν
1358 3903 1601 3973 ἔκλειψίν
1650 3924 1782 3975 φασι
1835 3907 1913 3976 γί-

330 3991 517 4044 νεσθαι
564 3994 613 4045 οἰ
662 3992 863 4065 ταύτης
910 3993 1007 4065 τὴν
1044 3994 1242 4066 σχολὴν
1278 3996 1663 4065 πεποιημένοι.
1697 3998 1820 4063 Πῶς
1853 4001 1910 4054 δὲ

332 4081 493 4136 πάλιν
526 4082 751 4136 δυνατὸν
773 4086 872 4154 τὴν
903 4083 1131 4155 σελήνην
1165 4087 1221 4137 ὲν
1249 4085 1327 4156 τῷ
1356 4087 1603 4158 ἡμερινῷ
1629 4092 1909 4163 καταστή-

334 4191 463 4243 ματι
515 4174 770 4246 τοιαύτην
814 4176 1080 4247 φανῆναι;
1138 4177 1257 4246 Ἀφ’
1298 4170 1361 4233 οὗ
1414 4180 1508 4232 καὶ
1561 4181 1836 4247 Διονύσιος
1882 4187 1910 4238 ὁ

343 4267 742 4337 Ἀρεοπαγίτης
788 4271 867 4332 εἰς
919 4269 1250 4341 θεοσημείαν
1285 4272 1549 4344 ἀναφέρει
1588 4274 1648 4327 τὸ
1678 4277 1770 4328 ἐπὶ
1813 4278 1909 4331 τοῦ

335 4358 568 4429 σταυροῦ
611 4360 823 4430 συμϐὰν
876 4361 954 4429 τῷ
998 4363 1169 4434 ἡλίῳ,
1219 4364 1319 4417 οὐκ
1376 4367 1457 4430 εἰς
1495 4366 1684 4429 εἰωθὸς
1737 4368 1910 4433 πάθος

331 4451 443 4510 τοῖς
490 4452 609 4502 κατ’
659 4451 890 4521 οὐρανὸν
942 4452 1180 4523 σώμασι.
1224 4454 1380 4518 Τινὲς
1410 4455 1659 4510 δὲταῦτα
1691 4461 1769 4523 είς
1810 4462 1909 4530 τὴν

335 4541 440 4595 ὑπὸ
486 4543 898 4597 Οὐεσπασιανοῦ
929 4546 1229 4617 γενομένην
1269 4547 1593 4620 πολιορκίαν
1629 4551 1906 4618 ἐξέλαϐον,

334 4636 510 4689 πάντα
537 4636 605 4688 τὰ
632 4635 895 4707 εἰρημένα
928 4638 1451 4709 τροπολογήσαντες.
1489 4640 1554 4694 Οἱ
1579 4640 1636 4694 δὲ
1666 4642 1908 4696 πλεῖστοι

334 4729 440 4781 τῶν
484 4729 834 4800 ὲρμηνευτῶν
907 4731 1134 4799 σεισμὸν
1182 4730 1279 4802 τὴν
1334 4732 1632 4801 μετάϐασιν
1676 4735 1910 4789 ἐνταῦθα

336 4821 612 4890 εἰρήκασι,
643 4820 742 4889 τὴν
768 4817 875 4873 ἀπὸ
905 4818 1014 4871 τῶν
1045 4821 1101 4872 ἐν
1136 4822 1247 4883 τοῖς
1276 4821 1365 4874 διὰ
1394 4824 1628 4894 Χριστὸν
1654 4825 1911 4897 διωγμοῖς

335 4912 631 4981 γενομένην
667 4912 745 4973 εἰς
789 4910 880 4964 τὸν
934 4911 1076 4965 κατὰ
1120 4911 1214 4965 τοῦ
1276 4913 1650 4986 Ἀντιχρίστου
1697 4921 1911 4991 καιρὸν,

337 5002 557 5073 σεισμὸν
592 5004 846 5065 εἰωθυίας
875 5002 971 5073 τῆς
1018 5004 1239 5075 Γραφῆς
1272 5006 1459 5061 καλεῖν
1488 5010 1586 5078 τὴν
1618 5011 1728 5064 τῶν
1773 5029 1916 5082 πρα-

334 5096 557 5164 γμάτων
585 5094 904 5164 μετάϐασιν,
933 5096 1120 5171 ὥσπερ
1156 5098 1233 5151 τό’
1279 5118 1295 5150 ι
1330 5100 1449 5153 Ἔτι
1486 5102 1635 5167 ama
1663 5103 1847 5157 σείσω.
1885 5124 1904 5158 ι

336 5188 495 5257 Δηλοί
522 5188 630 5259 γὰρ
673 5188 770 5258 τὴν
799 5189 907 5242 τῶν
964 5191 1340 5261 σαλευομένων
1389 5195 1701 5263 μετάθεσιν,
1760 5198 1834 5263 ὡς
1880 5202 1909 5253 ὁ

339 5281 479 5343 θεῖός
516 5296 647 5351 φησι
700 5280 930 5345 Παῦλος.
981 5282 1091 5334 Καὶ
1120 5284 1177 5335 ὲν
1208 5287 1273 5353 τῇ
1312 5286 1523 5358 Παλαιᾷ
1552 5290 1584 5359 ή
1616 5290 1711 5342 ἀπ’
1736 5293 1907 5361 Αίγύ-

340 5388 471 5423 πτου
500 5368 609 5421 τῶν
654 5369 997 5440 Ἰσραηλιτῶν
1042 5370 1219 5436 ἔξοδος
1276 5376 1498 5446 σεισμὸς
1544 5378 1777 5451 εἴρηται,
1818 5400 1915 5436 κα-

341 5465 448 5530 θὼς
478 5471 572 5521 καὶ
605 5472 767 5525 Δαυῖδ
804 5490 968 5543 φησι·
1008 5493 1024 5525 ι
1063 5474 1136 5544 Γῆ
1169 5475 1417 5548 ἐσείσθη·
1452 5485 1545 5532 καὶ
1571 5480 1679 5552 γὰρ
1717 5483 1765 5535 οἰ
1817 5483 1913 5535 ού-

346 5564 495 5627 ρανοὶ
540 5560 791 5627 ἔπταξαν,
844 5582 860 5614 ι
911 5564 1192 5629 Τοσαύτας
1245 5568 1353 5638 γὰρ
1397 5568 1609 5639 θλίψεις
1662 5574 1915 5642 γενέσθαι

346 5654 531 5719 φασὶν,
573 5656 691 5719 οἵας
739 5656 950 5711 οὐδέπω
994 5662 1366 5731 γεγενημένας
1405 5662 1677 5735 ἔγνωμεν,
1736 5669 1915 5738 σοφῶς

417 5833 459 5865 ³³
494 5833 635 5891 I‘sal.
692 5854 856 5905 vau,
916 5841 993 5895 l9.
1075 5843 1117 5873 ³⁵
1159 5841 1321 5897 Ichr.
1353 5860 1450 5910 xu,
1479 5847 1548 5899 26

2016 3368 2160 3423 facta
2212 3380 2342 3425 sunt
2377 3388 2389 3423 :
2422 3379 2789 3425 terraimotum
2842 3381 2897 3425 cl.
2938 3372 3350 3442 quassationcm
3412 3381 3592 3439 terrm,

2018 3463 2151 3518 solis
2202 3463 2477 3527 tenebras,
2514 3472 2567 3518 ct
2602 3463 2770 3518 totius
2817 3467 2957 3519 lunae
2987 3467 3347 3519 mutationem
3381 3465 3434 3519 in
3466 3481 3597 3519 san-

2016 3559 2257 3628 guinem.
2295 3558 2369 3612 Ex
2401 3559 2635 3612 maxima
2678 3569 2865 3613 autem
2903 3560 3187 3631 diligentia
3220 3560 3590 3631 significatum

2014 3657 2099 3703 est
2129 3648 2181 3701 in
2209 3649 2339 3705 luna
2384 3650 2529 3719 quod
2560 3660 2671 3705 tota
2707 3660 2914 3705 mutata
2952 3650 3118 3706 fuerit
3157 3652 3209 3706 in
3246 3652 3593 3721 sanguinem.

2017 3736 2154 3793 Cum
2185 3740 2331 3795 enim
2359 3750 2503 3797 esset
2527 3741 2685 3811 pleno
2711 3742 2931 3805 lumine,
2962 3753 3146 3813 utpote
3178 3742 3597 3813 decimoquartn

2015 3832 2125 3895 die,
2153 3840 2208 3886 et
2232 3847 2299 3886 ex
2329 3830 2596 3887 diametro
2626 3830 2856 3887 distaret
2888 3848 2918 3886 a
2947 3833 3080 3897 sole,
3118 3833 3393 3901 quomodo
3420 3834 3598 3902 possi-

2015 3924 2125 3979 bile
2155 3923 2260 3979 fuit
2290 3934 2348 3978 ut
2376 3924 2544 3979 solem
2584 3926 2875 3995 repentino
2922 3939 3024 3979 suo
3063 3926 3296 3979 adventu
3329 3925 3596 3978 obscura-

2015 4018 2133 4073 ret?
2166 4018 2331 4088 709
2355 4017 2489 4072 Nam
2531 4018 2605 4073 ita
2646 4019 2884 4073 solarem
2934 4017 3181 4087 eclipsim
3237 4016 3352 4071 ﬁeri
3405 4017 3597 4071 dicunt

2014 4110 2107 4179 qui
2148 4110 2293 4165 circa
2321 4126 2442 4164 eam
2482 4110 2916 4180 investigandam
2954 4125 3076 4165 sese
3108 4119 3399 4181 occupant.
3444 4111 3593 4165 Itur-

2015 4217 2137 4257 sum
2170 4202 2449 4272 quomodo
2498 4202 2765 4273 possibile
2812 4202 2915 4256 fuit
2944 4213 3003 4257 ut
3038 4203 3166 4257 luna
3202 4202 3257 4256 in
3300 4204 3478 4258 medio
3506 4203 3598 4259 die

2015 4295 2314 4350 constituta
2364 4294 2486 4351 talis
2533 4295 2859 4365 appareret?
2891 4292 3045 4350 Unde
3080 4295 3247 4351 etiam
3290 4295 3588 4367 Dionysius

2015 4388 2340 4457 Areopagita
2374 4388 2441 4443 ad
2467 4388 2710 4443 divinum
2740 4387 2908 4443 refert
2936 4387 3261 4443 miraculum
3292 4389 3436 4458 quod
3459 4398 3597 4443 tem-

2015 4495 2146 4549 pore
2164 4482 2436 4550 passionis
2460 4482 2514 4537 in
2540 4482 2654 4536 sole
2682 4482 2932 4552 contigit,
2956 4496 3065 4536 non
3085 4482 3242 4552 juxta
3274 4482 3597 4539 all‘ecnours

2016 4573 2070 4627 in
2109 4575 2436 4643 corporibus
2472 4575 2794 4630 ccelestibus
2834 4576 2949 4631 lieri
2977 4575 3193 4630 solitas.
3229 4576 3461 4643 Quidam
3492 4592 3593 4631 au-

1944 4694 1985 4750 ι)
2019 4676 2125 4721 tem
2159 4667 2415 4737 praedicta
2442 4669 2626 4723 omnia
2656 4669 2936 4723 moraliter
2965 4669 3338 4739 intelligendo,
3363 4670 3430 4723 ad
3462 4669 3600 4723 ciri-

2018 4757 2144 4812 tatis
2194 4758 2539 4813 obsidionem
2587 4775 2710 4829 qua:
2761 4761 2865 4815 sub
2912 4760 3255 4830 Vespasiano
3309 4759 3453 4816 facta
3490 4768 3595 4826 est,

2014 4849 2340 4905 retulerunt.
2374 4852 2607 4906 Plurimi
2637 4868 2765 4907 vero
2816 4853 3179 4924 interpretum
3219 4862 3591 4908 tcrrmmotum

2016 4938 2118 4994 hoc
2141 4941 2260 4997 loco
2280 4943 2539 4998 dixerunt
2569 4945 2859 5000 transitum
2883 4961 2949 5000 ex
2972 4946 3450 5016 persecutionibus
3476 4962 3601 5016 qua:

2017 5040 2239 5099 propter
2273 5030 2554 5088 Chrismni
2611 5034 2847 5089 inducta:
2895 5044 3051 5099 sunt,
3086 5036 3155 5088 ad
3187 5046 3400 5103 tempus
3439 5036 3601 5089 Anti-

2018 5120 2213 5174 christi
2250 5139 2263 5176 :
2293 5136 2356 5175 ex
2384 5123 2782 5178 consuetudine
2810 5122 3107 5194 Scriptura:
3140 5124 3386 5179 dicentes
3414 5133 3600 5179 terra!-

2018 5223 2226 5269 motum
2251 5216 2434 5269 vocari
2468 5217 2824 5273 mutationem
2858 5234 3038 5273 rerum
3061 5260 3074 5281 ,
3128 5217 3591 5289 quemadmodum

2012 5308 2107 5362 ubi
2143 5308 2381 5363 dicitur:
2417 5329 2435 5361 ι
2467 5310 2660 5365 Adhuc
2691 5311 2879 5375 semel,
2914 5327 3014 5383 ego
3050 5314 3362 5367 concutiam
3399 5310 3464 5365 ⁸⁵.
3512 5309 3599 5364 Si-

2015 5400 2239 5471 gnificat
2266 5402 2411 5455 enim
2475 5402 2889 5457 translationem
2941 5418 3133 5458 eorum
3183 5419 3303 5473 qua:
3342 5416 3594 5456 commo—

2016 5502 2234 5560 ventur,
2268 5493 2434 5549 veluti
2466 5494 2713 5551 declarat
2757 5494 2919 5550 divus
2967 5495 3192 5550 Paulus.
3228 5494 3293 5549 Et
3324 5494 3377 5547 in
3415 5492 3597 5549 Veteri

2020 5583 2374 5643 Testamento
2395 5603 2655 5659 egressus
2676 5587 3049 5645 Israelitarum
3073 5603 3135 5644 ex
3162 5586 3397 5659 Egypto
3417 5586 3599 5641 dictus

2016 5685 2101 5732 est
2154 5688 2515 5749 terrmmotus,
2595 5679 3056 5751 quemadmodum
3144 5678 3221 5733 ait
3271 5687 3325 5733 et
3374 5674 3596 5731 David:
