4034 6572
389 381 490 443 5ῗο
1221 388 1552 450 ΑΒΕΤΙΗΞ
1591 389 1969 452 (ΣΕΞΑΒΕΈ

2059 397 2240 459 APPA
2250 401 2491 463 DOCLE
2529 406 2874 472 EPISCOPI
3548 416 3652 479 60')

395 521 412 552 ι
450 498 617 554 Terra
670 511 812 558 mota
865 513 968 568 est,
1004 506 1209 560 etenim
1246 509 1368 562 coeli
1403 509 1805 564 distillaverunt
1838 510 1901 564 ³⁸.
1943 531 1959 563 ι

2069 517 2226 571 τοῦτο
2255 525 2646 594 προειρηκότες
2675 527 2809 597 πρὸς
2832 527 2891 580 τὸ
2915 528 3452 600 προμεμελετηκέναι
3480 532 3651 586 ταῦτα

389 595 672 663 Siquidem
726 606 907 653 tantas
946 597 1272 655 alllictiones
1323 600 1438 656 fore
1480 600 1692 664 dicunt,
1732 613 1965 673 quantas

2301 577 2312 590 Ι
2416 577 2426 594 ι
2472 577 2483 594 Ι
2597 577 2644 588 "'
2682 577 2739 597 ⁷⁷1⁷
2767 577 2805 590 “*
2844 577 2886 580 ’⁷
2920 577 3451 600 "r't"'r“""'t"""'
3491 577 3652 586 '—"_

2072 610 2201 674 τους
2238 611 2556 683 ἀνθρώπους
2601 616 2694 670 τοῦ
2742 617 2817 688 μὴ
2842 620 3096 672 ἀπειπεῖν
3135 619 3270 690 πρὸς
3307 621 3402 684 τάς
3449 622 3653 692 ἐπαγο-

389 701 666 755 nunquam
695 697 853 743 antea
880 690 1050 745 fuisse
1077 693 1458 762 cognovimus,
1494 694 1658 764 idque
1688 697 1966 764 sapienter

2076 703 2245 771 μένας
2286 704 2379 757 τοῦ
2424 707 2794 779 Ἀντιχρίστου
2829 710 3101 774 κολάσεις.
3134 711 3208 765 Τὸ
3238 712 3293 765 δὲ
3343 713 3514 782 μέλαν
3555 690 3651 767 τοῦ

389 779 795 846 praedixerunt,
850 791 909 836 ιιι
973 782 1058 838 his
1122 786 1512 853 praemeditans
1563 786 1814 841 homines
1857 801 1962 840 non

2074 792 2248 862 ἡλίου,
2281 797 2376 848 καὶ
2414 796 2515 865 τῆς
2542 798 2768 869 σελήνης
2801 801 2862 852 τὸ
2901 802 3142 870 ἀφεγγὲς
3189 803 3283 855 καὶ
3318 779 3648 873 αἱματῶδες,

387 872 702 929 fatiscerent
754 876 820 930 ad
873 876 1094 931 inducta
1130 877 1198 932 ab
1255 879 1594 933 AntichriSto
1669 879 1959 948 supplicia.

2073 885 2134 937 τὸ
2161 887 2274 949 τοῖς
2307 887 2744 957 καταλειφθεῖσιν
2786 890 2890 943 ὑπὸ
2919 891 3015 960 τῆς
3051 890 3200 953 θείας
3237 872 3409 962 ὀργῆς
3439 891 3649 959 ἀφώτι-

390 964 558 1019 Ροιί·‹›
607 969 738 1023 solis
793 970 1018 1039 nigredo
1055 980 1108 1024 et
1159 971 1300 1023 lunae
1344 971 1656 1025 obscuritas
1703 972 1964 1041 colorque

2075 994 2200 1031 στον
2237 981 2592 1038 ἐνδείκνυται.
2630 982 2831 1054 [Οὕτω
2861 984 2967 1055 γάρ
2992 985 3252 1050 πολλάκις
3291 986 3319 1038 6
3379 986 3651 1056 μακάριος

387 1059 723 1127 sanguineus
782 1061 921 1116 lueis
951 1063 1187 1117 ostendit
1211 1063 1512 1117 carc-ntiatn
1545 1063 1595 1116 in
1631 1064 1714 1118 his
1736 1065 1828 1134 qui
1861 1065 1965 1119 sub

2074 1070 2340 1142 Κύριλλος
2385 1073 2632 1145 ἐξήλειψε
2672 1075 2846 1148 (25).]
2881 1078 2955 1130 Τὸ
2988 1077 3044 1131 δὲ
3099 1081 3285 1131 πεσεῖν
3329 1079 3455 1142 τοὺς
3491 1079 3651 1131 ἀστέ-

385 1153 571 1206 divina
612 1155 688 1206 ira
731 1153 939 1208 fuerint
973 1155 1312 1223 deprehensi.
1348 1156 1424 1209 lta
1453 1159 1598 1209 enim
1643 1172 1748 1210 non
1796 1161 1962 1213 semel

2075 1180 2204 1233 ρας,
2235 1165 2329 1217 καὶ
2360 1167 2487 1229 τοὺς
2522 1167 2813 1232 δοκοῦντας
2855 1164 2992 1223 εἶναι
3026 1170 3334 1242 φωστῆραςν
3357 1175 3414 1225 ὲν
3459 1171 3651 1242 κόσμῳ

389 1242 583 1300 μνείας
623 1245 862 1314 Cyrillus
884 1248 1159 1316 exposuit.
1189 1247 1388 1302 Stellas
1417 1257 1598 1301 autem
1635 1248 1832 1304 cadere
1858 1261 1961 1311 est,

2074 1257 2296 1310 πίπτειν
2330 1259 2404 1322 ὼς
2433 1263 2544 1323 τοῖς
2573 1261 2882 1330 γινομένοις
2904 1261 3256 1326 δκλάζοντας.
3291 1262 3382 1316 Διὸ
3414 1263 3510 1316 καὶ
3534 1265 3649 1324 τοῖς

387 1349 481 1388 Cos
513 1337 603 1403 qui
638 1338 891 1391 videntur
943 1339 1234 1394 luminaria
1263 1340 1316 1393 in
1347 1340 1574 1397 mundo.
1608 1342 1807 1397 cadere
1839 1352 1963 1398 tan-

2071 1347 2284 1401 ἀτελέσι
2329 1349 2429 1416 τῆς
2481 1352 2650 1421 συκῆς
2707 1354 2942 1422 καρποῖς
2979 1354 3092 1416 τοῖς
3142 1351 3386 1416 ὁλύνθοις
3447 1350 3651 1422 δηλαδὴ

387 1439 550 1488 quam
588 1425 942 1481 labefactatus
975 1429 1040 1483 ad
1081 1444 1140 1483 ea
1171 1445 1295 1500 qua:
1333 1432 1703 1502 contigerint;
1734 1433 1965 1504 ideoque

906 1444 942 1481 is
975 1429 1040 1483 ad
1081 1444 1140 1483 ea
1171 1445 1295 1500 qua:
1333 1432 1703 1502 contigerint;
1734 1433 1965 1504 ideoque
2072 1438 2499 1508 ἀπεικάσθησαν.

386 1517 720 1586 imperfectis
747 1520 1012 1580 fructibus
1035 1524 1192 1591 licus,
1214 1541 1408 1596 nempe
1431 1528 1656 1597 grossis,
1676 1528 1963 1584 assimilati

385 1621 534 1664 sunt.

460 1703 548 1766 \‘l,
575 1706 762 1760 H-l'l.
807 1708 873 1762 Et
907 1709 1091 1763 coelum
1123 1712 1334 1765 recessit
1368 1717 1503 1766 sicut
1541 1715 1672 1769 liber
1708 1717 1798 1786 qui
1854 1716 1962 1770 cir-

2144 1709 2255 1762 Καί
2281 1712 2313 1763 ὀ
2346 1711 2604 1778 οὐρανὸς
2631 1713 3012 1781 ἀπεχωρίσθη
3043 1712 3122 1778 ὡς
3137 1712 3382 1776 βιὸλίον
3398 1710 3647 1765 ἐλισσόυ

384 1800 729 1852 cnmvolvitnr
764 1813 781 1851 :
815 1812 860 1854 et
902 1803 1070 1856 omnis
1099 1818 1246 1855 mons
1268 1813 1314 1855 et
1344 1803 1519 1856 insula
1551 1805 1615 1858 de
1669 1805 1801 1859 locis
1850 1807 1960 1858 suis

2067 1817 2270 1868 μενος.
2305 1802 2412 1857 Καὶ
2456 1802 2579 1859 πᾶν
2621 1803 2760 1870 ὄρος
2801 1804 2898 1857 καί
2923 1803 3132 1872 -νῆσος
3178 1804 3247 1857 ἐκ
3281 1803 3400 1857 τῶν
3440 1805 3640 1857 τόπων

386 1902 528 1943 ιιιυια
569 1903 708 1944 sunt.
744 1891 810 1945 Et
849 1910 988 1962 reges
1024 1905 1176 1947 terra:
1202 1895 1547 1959 etprimates,
1587 1906 1633 1949 et
1673 1897 1870 1951 tribuni
1910 1907 1959 1952 et

2067 1893 2265 1948 αὐτῶν
2289 1879 2679 1960 ἐκινήθησαν.
2711 1897 2817 1950 Καὶ
2848 1901 2902 1951 oi
2946 1897 3234 1963 βασιλεῖς
3255 1896 3364 1963 τῆς
3388 1894 3517 1965 γῆς,
3550 1893 3647 1948 καί

383 1982 572 2035 divites
595 2000 656 2035 ac
699 1983 881 2050 fortes,
915 1995 962 2036 et
991 1987 1159 2037 omnis
1200 2002 1378 2039 servus
1405 2003 1465 2039 ac
1499 1985 1630 2040 liber
1669 1988 1955 2043 absconde-

2068 1989 2121 2040 οἱ
2185 1987 2564 2057 μεγιστᾶνες,
2591 1990 2684 2042 καί
2728 1993 2781 2044 oi
2813 1991 3130 2060 χιλίαρχοι,
3194 1990 3292 2044 καί
3341 1991 3396 2042 ol
3449 1988 3644 2041 πλού-

383 2085 510 2128 runt
542 2092 597 2129 sc
638 2077 690 2128 in
716 2076 978 2142 speluncis
1022 2088 1068 2130 et
1103 2079 1154 2129 in
1186 2079 1347 2145 petris
1383 2081 1660 2142 montium,
1692 2094 1741 2133 et
1783 2083 1966 2136 dicunt

2067 2096 2211 2146 O’tOt,
2244 2081 2342 2134 καί.
2380 2084 2716 2150 οιὶσχυροί,
2746 2084 2842 2136 καί
2893 2081 3012 2149 πᾶς
3055 2082 3278 2148 δοῦλος
3324 2081 3422 2136 καί
3472 2080 3649 2133 ἐλεύ-

382 2168 643 2221 montibus
683 2179 728 2222 et
778 2169 937 2236 petris
967 2185 983 2223 :
1010 2168 1204 2224 (ludite
1256 2187 1413 2238 super
1468 2189 1582 2235 nos,
1621 2182 1666 2225 et
1708 2174 1965 2227 occultate

2067 2176 2257 2241 θερος,
2283 2174 2560 2244 ἔκρυψαν
2581 2173 2835 2240 ἑαυτοὺς
2861 2177 2949 2238 εἰς
2996 2177 3066 2227 τὰ
3096 2173 3373 2239 σπήλαια
3425 2172 3520 2226 καὶ
3559 2173 3648 2235 είς

381 2273 474 2310 nos
510 2275 540 2309 a
565 2258 700 2324 [acie
739 2260 970 2313 sedentis
998 2277 1156 2328 super
1207 2261 1478 2327 thronum,
1510 2274 1559 2316 et
1587 2265 1650 2315 ab
1682 2264 1764 2316 ira
1801 2263 1960 2332 Agni,

2064 2265 2171 2329 τὰς
2199 2265 2421 2334 πέτρας
2462 2265 2582 2319 τῶν
2635 2265 2840 2336 ὀρέων.
2867 2266 2976 2321 Καὶ
3005 2264 3258 2335 λέγουσι
3305 2263 3430 2330 τοῖς
3482 2262 3649 2331 ὄρεσι

378 2351 630 2414 quoniam
660 2351 794 2404 venit
821 2352 932 2405 dies
963 2369 1188 2422 magnus
1217 2354 1312 2407 im
1340 2353 1526 2422 ipsius,
1553 2364 1600 2409 et
1631 2356 1750 2424 quis
1773 2359 1961 2422 poterit

2061 2359 2158 2410 καὶ
2186 2358 2315 2422 ταῖς
2335 2359 2575 2428 πέτραις
2601 2377 2614 2389 ·
2650 2361 2872 2414 Πέσετε
2911 2359 3003 2428 ἐφ’
3032 2359 3214 2428 ἡμᾶς,
3242 2357 3341 2411 καί
3365 2357 3640 2425 κρύψατε

381 2441 556 2494 salvus
582 2443 699 2511 ﬁeri
718 2447 744 2499 ?

2064 2449 2217 2518 ἡμᾶς
2240 2451 2358 2504 ἀπὸ
2370 2453 2696 2520 προσώπου
2725 2452 2829 2506 τοῦ
2852 2450 3191 2521 καθημένου
3212 2450 3309 2504 ἐπὶ
3331 2448 3410 2514 τῷ
3434 2448 3647 2516 θρόνῳ,

381 2535 477 2589 καί
528 2536 647 2589 ἀπὸ
694 2535 804 2603 τῆς
845 2535 1023 2607 ὀργῆς
1058 2535 1160 2591 τοῦ
1222 2538 1448 2607 ‘Aprloo
1480 2556 1492 2569 ·
1531 2539 1619 2592 ὅτι
1670 2535 1855 2608 ἦλθεν
1908 2542 1946 2606 ἡ
1989 2543 2170 2612 ἡμέρα
2227 2547 2263 2613 ἡ
2303 2546 2537 2617 μεγάλη
2578 2545 2683 2614 τῆς
2739 2544 2922 2616 ὀργῆς
2980 2545 3187 2606 αὑτοῦ,
3221 2545 3316 2598 καί
3351 2544 3437 2609 τίς
3468 2541 3652 2596 cura-

381 2642 470 2680 ται
509 2625 773 2696 σωθῆναι
792 2643 810 2690 ;

449 2718 661 2774 Caelum
709 2719 764 2772 in
818 2718 1037 2773 modum
1067 2719 1189 2774 libri
1221 2722 1471 2775 convolvi
1502 2732 1596 2776 aut
1630 2723 1956 2792 simpliciter

2127 2726 2200 2777 Τὸ
2243 2725 2334 2776 τὸν
2383 2723 2609 2794 οὐρανὸν
2649 2723 2974 2777 είλίτσεσθαι
3029 2725 3104 2785 ὡς
3144 2721 3440 2795 βιϐλίον,ἢ
3481 2725 3541 2779 τὺ
3583 2727 3648 2779 ἀ-

379 2813 630 2879 designat
668 2813 971 2866 secundum
1017 2812 1219 2868 Christi
1254 2815 1418 2888 710
1449 2817 1742 2869 adventum
1774 2834 1786 2870 :
1824 2818 1959 2870 liher

2065 2815 2211 2881 πλῶς
2251 2817 2310 2868 τὸ
2351 2815 2449 2886 τῆς
2496 2809 2756 2887 δευτέρας
2798 2815 3038 2888 Χριστοῦ
3089 2816 3392 2885 παρουσίας
3419 2815 3652 2869 αἰνίττεο

381 2919 617 2970 namquc
670 2904 789 2959 sine
835 2906 1066 2974 strepitu
1118 2922 1182 2960 ac
1239 2919 1458 2976 repente
1515 2909 1759 2977 aperitur
1805 2925 1819 2963 :
1865 2919 1962 2963 aut

2063 2928 2153 2963 ται
2187 2926 2201 2940 ·
2238 2909 2475 2980 ἀψοφητὶ
2529 2910 2638 2980 γὰρ
2685 2913 2782 2964 καὶ
2819 2911 2876 2963 ὲν
2907 2912 3110 2980 ἀκαρεῖ
3139 2911 3172 2980 ή
3207 2909 3396 2980 βίϐλος
3429 2909 3645 2977 ἀνοίγε-

379 2997 523 3065 quod
550 2996 803 3051 caelestes
851 3012 1072 3066 quoque
1102 2998 1333 3052 virtutes
1363 2999 1448 3054 his
1481 3000 1776 3054 condolent
1803 3000 1896 3069 qui
1932 3016 1962 3053 a

2069 3023 2161 3059 ται
2199 3022 2212 3035 ο
2251 3005 2284 3075 ἢ
2331 3005 2414 3057 ὅτι
2460 3003 2554 3056 καὶ
2608 3003 2662 3056 αί
2727 3002 2975 3074 οὐράνιαι
3023 3001 3280 3073 δυνάμεις
3325 3003 3440 3064 τοῖς
3487 3000 3645 3054 ἐκπί-

379 3089 583 3145 Christi
615 3089 719 3145 fide
760 3091 1080 3145 exciderunt
1109 3102 1367 3161 tanquam
1409 3091 1959 3146 circumvolutionem

2071 3115 2262 3152 πτουσι
2295 3097 2391 3167 τῆς
2421 3097 2655 3161 πίστεως
2693 3094 3068 3164 συναλγοῢσιν,
3095 3096 3255 3148 οἱονεὶ
3270 3093 3492 3166 ἐλιγμόν
3528 3110 3649 3146 τινα

380 3199 443 3238 ac
471 3184 791 3241 maestitiam
822 3183 1115 3238 habituris.
1139 3185 1239 3238 Per
1275 3186 1378 3238 hoc
1405 3194 1588 3240 autem
1621 3185 1784 3239 etiam
1811 3183 1960 3238 aliud

2072 3190 2162 3242 καὶ
2206 3186 2382 3257 λύπην
2418 3189 2618 3255 ἕξουσι.
2655 3189 2753 3243 Διά
2788 3187 2976 3242 τούτου
3017 3188 3075 3241 δὲ
3115 3187 3210 3241 καὶ
3251 3187 3438 3256 ἕτερον
3489 3186 3517 3238 6
3553 3186 3647 3239 τοῦ

381 3278 502 3333 libri
545 3277 1038 3333 circumvolutione
1094 3277 1328 3345 intelligi
1384 3278 1735 3339 admonetur,
1768 3293 1965 3346 nempe

2074 3281 2278 3351 βιόλίου
2306 3280 2526 3350 ὲλιγμδς
2553 3283 2693 3334 νοεῖν
2730 3279 3112 3344 ὑποϐάλλεται,
3135 3277 3210 3347 μὴ
3239 3277 3545 3347 ἀφανισμὸν
3564 3278 3654 3330 τέ-

381 3372 525 3439 quod
558 3386 757 3440 corpus
777 3370 997 3425 cmleste
1029 3386 1136 3423 non
1168 3370 1439 3424 sustineat
1462 3367 1760 3439 perfectam
1795 3369 1966 3422 aboli-

2070 3371 2190 3425 λεον
2217 3371 2277 3424 τὸ
2297 3371 2550 3442 οὐράνιον
2576 3371 2690 3441 (‘26)
2725 3370 3053 3440 ὑψίστασθαι
3089 3387 3267 3439 σωμα,
3295 3369 3367 3432 ὦς
3395 3385 3528 3438 φησι
3555 3369 3647 3421 καὶ

384 3466 608 3524 tionem,
642 3462 1105 3535 quemadmodum
1161 3461 1237 3515 ait
1295 3461 1534 3516 Irenarus
1583 3459 1966 3530 Lugdunensis

2079 3462 2371 3534 Εἰρηναῖος
2393 3464 2420 3515 6
2447 3464 2801 3533 Λουγδούνου,
2834 3465 2892 3516 ὲν
2933 3463 3170 3534 πέμπτῳ
3202 3465 3346 3533 λόγῳ
3367 3462 3458 3515 τοῦ
3500 3461 3649 3529 ὲλέγ-

383 3559 574 3625 qninto
602 3556 1002 3626 redargutionis
1024 3555 1161 3608 libro
1185 3555 1450 3610 adversus
1481 3555 1802 3610 electionem
1827 3553 1966 3608 falso

2075 3573 2171 3625 χου
2249 3556 2352 3625 τῆς
2407 3555 2764 3625 ψευδωνύμου
2816 3555 3072 3624 γνώσεως
3137 3557 3228 3607 ἐπὶ
3305 3555 3523 3618 λέξεως.
3574 3554 3647 3607 Οὔ

384 3654 540 3709 ιιίυιιιξ
560 3651 844 3720 sapientia:
868 3667 879 3703 :
906 3651 1089 3718 Diuque.
1112 3649 1254 3704 enim
1271 3665 1525 3718 persona,
1541 3665 1714 3718 neque
1728 3650 1965 3703 essentia

2074 3649 2241 3718 γάρή
2279 3647 2599 3712 ὑπόστασις,
2645 3648 2766 3699 οὐδὲ
2798 3648 2830 3716 ή
2865 3648 3022 3700 οὐσία
3077 3646 3174 3716 τῆς
3237 3646 3464 3708 κτίσεως
3513 3645 3653 3712 ἀφα-

385 3743 769 3797 nhsrurahitur
800 3742 851 3794 in
885 3751 1136 3794 creatura
1171 3759 1189 3793 :
1217 3756 1379 3794 verus
1410 3748 1492 3794 cst
1519 3740 1664 3794 enim
1696 3749 1750 3792 et
1777 3739 1968 3793 firmus

2070 3736 2384 3808 νισθήσεται
2413 3753 2427 3767 ο
2463 3736 2670 3807 ἀληθὴς
2738 3739 2845 3806 γὰρ
2903 3738 2995 3790 καὶ
3043 3736 3257 3806 βέσαιος
3287 3739 3315 3789 6
3351 3735 3518 3806 αὐτὴν
3561 3753 3654 3788 συ·-

383 3837 476 3906 qni
513 3838 686 3906 ipsam
719 3834 1004 3888 constituit
1035 3852 1046 3888 :
1088 3833 1180 3888 sed
1216 3831 1447 3887 fortnam
1501 3833 1724 3887 adducit
1779 3831 1966 3886 mundi

2074 3828 2411 3898 στησάμενος
2452 3843 2467 3858 ο
2495 3826 2631 3882 ἀλλά
2679 3827 2738 3880 τὸ
2769 3827 2957 3898 σχῆμα
3009 3827 3249 3899 παράγει
3291 3827 3387 3880 τοῦ
3444 3828 3651 3896 κόσμου

387 3931 571 3998 hujus,
605 3929 768 3984 etiam
826 3928 916 3982 Ulli
956 3927 1319 3996 transgressio
1350 3925 1492 3981 facta
1543 3933 1648 3981 est.
1678 3924 1803 3980 Ideo
1832 3940 1968 3994 quo-

2071 3922 2260 3976 τούτου
2309 3922 2367 3973 ἐν
2418 3914 2501 3983 οἷς
2548 3921 2640 3972 καὶ
2676 3922 2709 3989 ή
2751 3919 3062 3988 παρὰὃασις
3105 3917 3340 3986 ἐγένετο.
3371 3919 3464 3972 Διὸ
3498 3918 3593 3970 καὶ
3627 3921 3653 3970 ὀ

384 4041 490 4094 que
527 4022 715 4085 David,
752 4041 768 4073 ι
834 4018 1160 4081 Renovabis,
1185 4016 1382 4087 inquit,
1415 4017 1607 4071 faciem
1651 4026 1808 4070 terra:
1833 4017 1897 4081 ³⁷,
1943 4034 1961 4066 ι

2079 4016 2270 4069 Δαυῖδ;
2298 4035 2315 4067 ι
2341 4013 2701 4076 Ἀνακαινιεῖς
2715 4013 2778 4065 τὸ
2790 4013 3079 4084 πρόσωπον
3091 4011 3191 4082 τῆς
3211 4012 3334 4082 γῆς,
3373 4029 3390 4062 ι
3417 4009 3532 4064 ἀλλ’
3552 4011 3653 4067 οὐκ

387 4128 687 4177 nouantem
708 4114 1050 4171 immutahis.
1088 4112 1442 4166 Arhitramur
1474 4111 1642 4166 veteri
1666 4117 1967 4164 consuetu-

2073 4107 2344 4176 ἀλλάξεις.
2402 4104 2716 4176 Ἠγούμεθα
2749 4103 2806 4157 δὲ
2856 4107 2919 4175 τῇ
2973 4103 3175 4176 ἀρχαίᾳ
3220 4103 3475 4176 συνηθείᾳ
3517 4104 3651 4172 χρή-

382 4213 509 4268 dine
543 4225 704 4263 usum
743 4206 912 4262 fuisse
953 4206 1285 4276 apostolum.
1325 4202 1595 4258 Heln-ams
1627 4201 1772 4256 enim
1822 4217 1884 4255 ea
1912 4217 1969 4256 re

2074 4198 2269 4254 σασθαι
2303 4197 2395 4252 τὸν
2453 4196 2772 4251 ἀπόστολον.
2817 4196 3120 4267 Είλιτάριον
3178 4194 3287 4265 γὰρ
3326 4195 3355 4248 6
3403 4195 3654 4262 Ἑϐραῖος

383 4319 504 4374 quae
563 4299 1015 4357 circumvolvitur
1067 4313 1199 4359 usus
1240 4307 1345 4361 est,
1381 4297 1524 4350 sicut
1571 4295 1686 4348 ﬁeri
1735 4293 1873 4346 solet
1913 4292 1968 4346 in

2073 4293 2195 4346 ἀντὶ
2227 4291 2338 4343 τῶν
2369 4292 2494 4361 παρ’
2530 4291 2662 4361 ήμῖν
2709 4289 2930 4360 βιϐλίων
2977 4289 3262 4359 ἐκέχρητο,
3289 4281 3363 4341 ὦν
3392 4291 3422 4358 ἡ
3457 4286 3655 4340 ἀνείλι-

385 4399 536 4459 Iibris
592 4397 686 4467 qui
738 4395 880 4474 apud
934 4409 1034 4449 nos
1087 4401 1240 4456 sunt,
1293 4405 1529 4460 quorum
1578 4387 1818 4442 evolutio
1859 4401 1966 4438 non

2076 4399 2158 4444 σις
2183 4381 2280 4434 οὐκ
2305 4380 2633 4448 ἀφανισμὸν,
2667 4379 2803 4434 ἀλλὰ
2836 4379 2946 4432 τῶν
2973 4379 3378 4450 γεγραμμένων
3400 4381 3651 4449 φανέρω-

384 4471 852 4551 ohscurationein,
879 4486 972 4540 sed
1009 4500 1198 4540 eorum
1235 4500 1356 4553 qua:
1386 4485 1590 4551 scripta
1623 4488 1753 4534 sunt
1786 4479 1965 4531 mani-

1009 4500 1198 4540 eornm
1235 4500 1356 4553 quae
1386 4485 1590 4551 scripta
1623 4488 1753 4534 sunt
1786 4479 1965 4531 ntani-
2078 4489 2160 4525 σιν
2194 4471 2576 4541 ἀπειργάζετο.

386 4581 732 4638 l'estaticnem
761 4578 974 4632 eﬂicere
999 4577 1161 4631 solet.
1997 4562 2050 4620 D

464 4673 526 4728 Et
560 4674 731 4734 omnis
767 4689 913 4725 mons
945 4680 993 4725 et
1038 4671 1238 4734 insula.
1279 4667 1488 4720 Montes
1522 4676 1575 4719 et
1599 4665 1810 4718 insulas
1840 4662 1970 4718 dicit

2148 4652 2255 4708 Kal
2280 4652 2402 4707 ,τᾶν
2423 4652 2561 4721 ὄρος
2585 4652 2681 4706 καί
2703 4651 2915 4721 νῆσος.
2944 4653 3084 4723 Ὀρη
3110 4652 3202 4704 καὶ
3234 4654 3427 4719 νήσους
3463 4651 3531 4704 τά
3546 4650 3657 4706 τῶν

389 4767 751 4837 superborum
787 4764 1096 4818 daemonum
1128 4768 1326 4822 eteius,
1356 4761 1512 4827 juxta
1553 4757 1684 4810 illud
1713 4757 1857 4824 qttod
1903 4757 1971 4810 de

2079 4743 2464 4817 ὑψηλοφρόνων
2503 4743 2774 4812 δαιμόνων
2813 4742 2968 4797 καλεῖ
3019 4743 3363 4813 συστήματα,
3392 4743 3534 4794 κατά
3595 4741 3659 4795 τὸ

391 4834 526 4934 ipsis
554 4857 818 4928 scriptum
873 4867 990 4910 est:
1028 4875 1044 4904 ι
1081 4855 1148 4908 Ει
1201 4852 1601 4906 transferentur
1648 4860 1862 4903 montes
1917 4849 1969 4902 in

2077 4837 2462 4908 γεγραμμένον
2509 4836 2642 4906 περὶ
2683 4835 2886 4900 αὐτῶν,
2925 4836 3017 4889 καὶ
3047 4834 3435 4906 μετατίθεσθαι
3465 4834 3566 4905 δρη
3597 4835 3657 4886 ὲν

388 4924 484 5005 cor
500 4952 667 5005 maris
697 4950 775 5000 ³⁸;
808 4967 825 5000 ι
861 4965 921 5001 ac
953 4947 996 5000 si
1022 4946 1160 4998 dicat
1197 4943 1348 5012 ipsos
1379 4942 1432 4994 in
1470 4941 1620 4996 falsis
1659 4941 1822 5011 hujus
1849 4942 1974 4994 vita:

2080 4929 2327 5001 καρδίαις
2387 4928 2693 4994 θαλασσῶν,
2739 4928 2900 4981 οίονεὶ
2952 4930 3010 4980 ὲν
3053 4931 3166 4990 τοῖς
3215 4926 3506 4988 ἐνεστῶτος
3537 4924 3655 4994 βίου

387 5041 838 5102 distt'actionihus
894 5035 1310 5106 circntnagitare
1341 5033 1475 5088 istos
1501 5033 1874 5102 pusillanimes
1905 5032 1971 5086 ad

2079 5023 2343 5094 ἁλμυροῖς
2378 5023 2781 5091 περισπασμοῖς
2824 5019 3047 5082 τούτους
3089 5016 3484 5089 περισοϐοὖντα
3530 5015 3659 5077 τοὺς

388 5136 682 5193 vehemens
702 5134 944 5189 studium
977 5131 1027 5182 in
1053 5129 1362 5182 animarum
1402 5141 1625 5182 suarum
1652 5124 1968 5195 perniciem.

2076 5113 2431 5188 ὀλιγοψύχους
2452 5112 2586 5182 πρὸς
2615 5111 2676 5164 τὸ
2709 5111 2920 5164 ἑαυτῶν
2963 5107 3297 5180 ψυχόλεθρον
3349 5102 3656 5176 περισπού-

389 5230 499 5288 llos
526 5235 749 5300 quoque
783 5224 1004 5280 eosdem
1042 5230 1203 5282 vocat
1241 5220 1470 5282 insulas,
1495 5229 1551 5274 ut
1587 5220 1680 5288 qui
1730 5219 1782 5272 in
1809 5218 1973 5271 dictis

2077 5211 2278 5278 ὅδισμα.
2310 5207 2421 5260 Καὶ
2453 5206 2649 5276 νήσους
2674 5204 2729 5256 δὲ
2752 5205 2878 5268 τοὺς
2929 5204 3124 5265 αὐτοὺς
3179 5203 3237 5258 ὲν
3270 5203 3387 5261 ταῖς
3423 5197 3522 5267 ἤδη
3577 5198 3661 5248 εἰ-

388 5326 664 5380 variarnm
703 5320 1064 5390 cupiditatum
1088 5314 1543 5370 intnnlationihns
1567 5313 1724 5369 nobis
1752 5312 1966 5366 molesti

2083 5302 2346 5374 ρημέναις
2379 5297 2732 5370 περικλύσεσι
2762 5297 2872 5351 τῶν
2908 5294 3176 5367 βιωτικῶν
3204 5291 3500 5364 συμφορῶν
3526 5291 3663 5358 ἡμῖν

389 5429 538 5474 sunt.
572 5415 712 5470 Num
771 5413 824 5466 hi
876 5420 1002 5466 sunt
1057 5407 1234 5462 callidi
1276 5408 1512 5466 artiﬁces
1568 5407 1632 5462 ad
1700 5415 1966 5476 pra'stan~

2082 5397 2500 5468 ἐνοχλήσαντας.
2536 5388 2693 5447 Οὗτοι
2717 5393 2824 5461 γὰρ
2877 5389 3202 5463 δημιουργοὶ
3233 5387 3330 5451 τὰς
3365 5382 3505 5438 κατά
3527 5382 3663 5437 Θεὸν

394 5512 522 5564 dum
546 5506 930 5577 impedimenta
954 5504 1105 5555 ltottx
1125 5501 1282 5561 fama:
1303 5509 1502 5557 nostra:
1530 5516 1649 5576 qua:
1667 5499 1970 5557 secundum

1390 5509 1502 5554 ιιι-ευ
1530 5516 1649 5576 qum
1667 5499 1970 5557 δοςυηάυιιι
2083 5491 2240 5560 ἡμῶν
2271 5489 2516 5550 εὐκλείας
2545 5486 2983 5556 ἐμποδοστατεῖν.

400 5603 566 5661 Deum
591 5611 696 5653 est.

465 5741 510 5769 ³⁸
536 5736 679 5792 l’sal.
716 5750 884 5798 van,
923 5733 974 5786 9.
1057 5733 1098 5762 ³⁷
1126 5729 1264 5785 l’sal.
1299 5745 1412 5794 cnt,
1437 5729 1525 5784 50.
1605 5732 1646 5762 ³⁸
1696 5727 1835 5783 I‘sal.
1871 5743 1991 5792 λιν,
2025 5725 2076 5780 3.

469 5879 579 5955 ιτ»)
630 5876 793 5941 Uncis
830 5877 1035 5937 inclusa
1084 5877 1304 5932 deerant
1343 5875 1492 5949 vulg.

1201 5885 1304 5931 “ant
1343 5875 1492 5949 vulg.
2149 5864 2260 5934 (26)
2283 5863 2352 5916 Τὸ
2382 5859 2610 5930 οὖρενόν
2637 5856 2791 5928 vulg.
