4034 6612
331 423 428 487 601

1404 425 1790 486 COMMENT.
1841 427 1917 485 IN
1961 426 2492 489 APOCALYPSIN.

3483 433 3594 496 602

403 538 510 594 Kal
531 541 584 594 ot
614 536 898 602 βασιλεῖς
921 535 1031 605 τῆς
1051 535 1184 606 γῆς,
1221 537 1319 590 καὶ
1341 540 1394 590 οὶ
1412 537 1796 606 μεγιστᾶνες.
1821 539 1924 592 Βα-

2101 538 2169 592 Et
2195 557 2334 610 reges
2383 549 2538 594 terrm
2565 549 2612 594 et
2660 541 2930 608 primates.
2964 542 3140 611 Reges
3181 547 3342 596 terra:
3393 549 3446 595 et
3497 542 3606 610 pri-

333 629 500 691 σιλείς
521 631 618 698 τῆς
645 628 750 696 γῆς
797 627 890 680 καὶ
924 629 1259 697 μεγιστᾶνας
1291 629 1384 680 καὶ
1413 629 1593 680 πᾶσαν
1621 629 1920 696 τὴντοιαύ-

332 739 429 792 την
455 719 747 790 τερθρείαν
769 720 896 782 τοὺς
910 719 1110 780 αὐτοὺς
1130 720 1221 771 καὶ
1249 719 1338 770 τὸν
1363 707 1712 788 κατάρχοντα
1740 718 1920 771 αὐτῶν

333 814 580 867 Σατανᾶν
627 814 862 881 νοήσεις,
901 811 1284 880 κατάρξαντας
1337 809 1449 864 τῶν
1504 811 1804 880 περιγείων
1849 810 1918 863 δι’

332 906 551 974 ἀπάτης
589 907 684 959 καὶ
727 905 878 959 δόλου
907 924 920 935 ·
947 905 1169 966 δούλους
1197 904 1254 956 δὲ
1289 904 1385 956 καὶ
1411 902 1756 974 ἐλευθέρους,
1793 905 1921 966 τοὺς

334 1003 391 1052 ἐν
419 1000 533 1062 τοῖς
561 999 783 1070 δαίμοσι
812 996 1150 1068 προῦχοντας
1180 997 1276 1049 καὶ
1307 995 1806 1065 ὑποτεταγμένους.
1831 995 1922 1049 Διὸ

335 1091 429 1144 καὶ
459 1091 519 1144 τὸ
549 1089 950 1144 κατασπεύδειν
998 1090 1066 1142 τὰ
1095 1089 1195 1159 ὅρη
1223 1088 1531 1155 ἐγκελεύειν
1567 1087 1625 1152 ἐξ
1653 1089 1922 1157 αἰτήσεως

335 1187 521 1236 πεσεῖν
552 1185 638 1236 ἐπ’
684 1183 903 1246 αὐτοὺς,
938 1181 1191 1252 κρύψεως
1235 1181 1418 1250 χάριν,
1455 1180 1736 1249 τροπικῶς
1761 1180 1919 1252 εἴρη-

336 1293 448 1328 ται.
495 1275 803 1330 Δίνίττεται
855 1274 965 1344 γὰρ
1008 1273 1250 1342 φυγάδας
1293 1273 1487 1336 αὐτοὺς
1521 1273 1775 1341 γενέσθαι
1815 1275 1924 1328 ἀπὸ

337 1367 438 1437 τῆς
484 1367 941 1437 ὲπαχθησομένης
982 1366 1166 1430 αὐτοῖς
1189 1367 1294 1419 ὑπὸ
1316 1365 1554 1438 Χριστοῦ
1621 1365 1920 1429 κολάσεως.

345 1459 615 1531 Εὑρήσεις
645 1458 704 1511 δὲ
737 1458 832 1512 καὶ
865 1457 1041 1522 ἄλλως
1072 1458 1480 1529 ἑρμηνευθέντα
1520 1457 1696 1512 ταῦτα
1729 1459 1788 1512 ἐν
1815 1460 1926 1522 τοῖς

336 1569 510 1604 κάτω.

406 1642 631 1697 Πέσετε
656 1642 749 1712 ἐφ’
779 1641 959 1711 ἡμᾶς.
1013 1641 1078 1696 Ἦ
1117 1642 1254 1714 πρὸς
1281 1641 1347 1696 τὰ
1380 1641 1480 1713 δρη
1504 1641 1692 1713 δέησις
1718 1641 1882 1695 τίνων
1905 1659 1920 1710 ;

336 1731 459 1786 Τὼν
490 1730 566 1802 μὴ
585 1731 1132 1801 ἐποικοδομήσάντων
1156 1734 1224 1802 τῇ
1274 1731 1456 1784 πίστει
1486 1732 1549 1786 τὸ
1585 1732 1769 1803 τίμιον
1816 1733 1925 1785 τῶν

338 1826 516 1897 ἔργων
565 1825 660 1878 καὶ
697 1825 1007 1895 δογμάτων,
1038 1825 1173 1879 ἀλλὰ
1225 1825 1321 1878 καὶ¹
1355 1825 1490 1891 ξύλα
1532 1828 1624 1880 καὶ
1654 1826 1868 1896 χόρτον,
1889 1825 1925 1880 ἃ

2027 644 2198 688 mates
2262 648 2535 703 omneque
2591 634 2904 703 hujusmodi
2985 635 3316 704 priestigium
3382 636 3604 690 eosdem

2026 725 2296 796 intelligas
2340 741 2404 781 ac
2448 727 2748 796 principem
2797 742 2994 782 eorum
3043 727 3330 792 Satanam,
3371 728 3602 782 terrenis

2025 818 2371 872 dominantes
2420 834 2513 888 per
2557 818 2744 873 dolum
2795 833 2860 873 ac
2916 816 3210 873 fallaciam.
3243 819 3446 874 Servos
3474 832 3607 872 vero

2025 925 2089 965 ac
2115 911 2338 976 liberos,
2369 928 2466 966 eos
2496 912 2589 982 qui
2645 911 2785 965 inter
2828 910 3104 965 daemones
3137 920 3267 966 sunt
3299 920 3396 965 aut
3440 927 3608 981 supe-

2026 1005 2200 1058 riores
2247 1013 2342 1059 aut
2390 1004 2617 1072 subiecti
2650 1021 2664 1058 :
2697 1004 2820 1058 ideo
2869 1017 3092 1072 quoque
3151 1002 3358 1072 tropice
3400 1002 3607 1057 dictum

2025 1105 2108 1152 est
2147 1097 2291 1166 quod
2319 1097 2574 1152 studeant
2613 1097 2842 1152 incitare
2881 1105 3117 1161 montes,
3157 1103 3400 1162 petentes
3426 1103 3486 1150 ut
3513 1111 3611 1149 su-

2027 1201 2123 1255 per
2172 1202 2230 1240 se
2292 1187 2492 1241 cadant
2546 1201 2658 1256 quo
2717 1186 3113 1240 occultentur:
3157 1185 3410 1254 designat
3460 1185 3606 1238 enim

2025 1278 2170 1348 quod
2217 1269 2408 1348 fuge're
2455 1278 2681 1347 cupiant
2711 1278 3048 1348 supplicium
3080 1277 3227 1346 quod
3262 1291 3432 1347 super
3464 1277 3612 1348 ipsos

2028 1369 2316 1422 inducetur
2363 1382 2394 1421 a
2423 1366 2668 1424 Christo.
2711 1368 2962 1424 Invenies
3017 1379 3194 1422 autem
3240 1377 3294 1422 et
3331 1371 3446 1424 hzec
3503 1367 3611 1422 alio

2029 1462 2191 1516 modo
2218 1461 2494 1516 declarata
2519 1462 2573 1516 in
2617 1461 2703 1516 his
2731 1477 2854 1532 quae
2888 1472 3214 1528 sequentur.

2097 1637 2286 1694 Cadite
2317 1652 2473 1705 super
2497 1651 2610 1689 nos.
2645 1634 2893 1702 Quorum
2913 1646 2996 1690 est
3021 1637 3332 1706 deprecatio
3355 1636 3424 1700 ad
3455 1652 3612 1691 mon-

2029 1733 2154 1788 tes?
2185 1734 2388 1787 Eorum
2443 1730 2534 1798 qui
2570 1744 2678 1784 non
2709 1737 3032 1785 struxerunt
3073 1744 3238 1798 super
3265 1728 3422 1782 fidem
3483 1744 3611 1799 pre-

2030 1825 2226 1878 tiosum
2259 1821 2462 1892 aliquid
2485 1823 2537 1874 in
2573 1821 2836 1890 operibus
2861 1830 2916 1874 et
2940 1819 3318 1889 dogmatibus,
3356 1819 3609 1889 sedligna

348 1892 480 1987 μηδὲ
511 1917 686 1986 πυρὸς
719 1892 812 1970 tofi
859 1918 1118 1985 τυχόντος
1140 1915 1318 1986 ὀσμὴν
1347 1910 1436 1971 οἶά
1467 1934 1524 1968 τε
1577 1892 1921 1985 ὑπενεγκεῖν,

2032 1927 2082 1971 et
2127 1916 2357 1980 ΐωιιιιιιι,
2422 1929 2545 1983 qua:
2611 1928 2680 1968 ne
2729 1913 2954 1967 odorem
2998 1912 3220 1980 quidem
3271 1912 3611 1967 occurrentis

342 2008 416 2079 μή
455 2009 538 2062 ὅτι
599 2009 771 2078 πυρὸς
813 2008 1063 2078 ἀπειλήν.
1127 2026 1146 2060 ι
1190 2009 1306 2080 Πῦρ
1358 2010 1487 2077 γὰρ,
1515 2007 1591 2071 ὦς
1637 2025 1820 2075 φασιν,
1895 2009 1924 2060 ό

336 2100 467 2163 Θεός
488 2115 502 2128 ’
531 2119 549 2151 ι
584 2101 676 2152 καὶ
693 2099 907 2170 μάλισθ’
927 2101 1003 2152 ὅτ’
1024 2100 1090 2154 ἂν
1109 2101 1172 2153 ὲκ
1191 2100 1292 2168 τῆς
1310 2101 1773 2169 καταφρονήσεως
1794 2102 1923 2152 ἁνα-

337 2193 605 2261 φλέγηται
633 2191 741 2245 τῶν
768 2192 934 2245 αὐτοῦ
961 2193 1421 2263 προσταγμάτων,
1452 2192 1549 2245 καὶ
1589 2195 1653 2244 ὲκ
1675 2190 1922 2259 παραλο-

336 2283 540 2352 γισμοῦ
595 2283 692 2350 τῆς
720 2282 813 2335 τοῦ
845 2281 977 2336 Υἱοῦ
1014 2283 1182 2336 αὑτοῦ
1229 2281 1650 2353 ἁνυπερὸλήτου
1701 2297 1922 2351 συμπα-

337 2376 507 2439 θείας.

407 2469 527 2520 Ὀτι
550 2463 740 2536 ἦλθεν
769 2467 806 2533 ἠ
831 2464 1024 2534 ἡμέρα
1045 2465 1331 2534 ἠμεγάλη
1360 2465 1471 2533 τῆς
1501 2463 1686 2535 ὀργῆς
1711 2463 1919 2519 αὐτοῦ.

347 2561 468 2612 Ἐπὶ
518 2561 617 2630 τῆς
662 2558 973 2620 συν-τελείας
1021 2557 1140 2627 μεθ’
1180 2557 1496 2629 ὐπερδολῆς
1526 2557 1912 2627 άνυπερθέτως

333 2652 435 2706 οὐκ
463 2652 522 2704 ὲν
549 2653 728 2722 μέρει,
763 2650 876 2703 ἀλλ’
932 2653 990 2704 ὲν
1025 2651 1191 2703 παντὶ
1223 2650 1302 2720 τῷ
1341 2650 1531 2720 κόσμῳ
1574 2648 1922 2719 συμσήσεται

337 2743 514 2815 θλίψις
566 2743 902 2814 ὑπερϐολικὴ
948 2745 1014 2814 τῇ
1062 2741 1158 2795 τοῦ
1210 2743 1580 2813 ’Δντιχρίστου
1629 2742 1920 2812 ἐπιδημία,

335 2837 393 2886 ὲν
421 2830 587 2904 ᾖτοῖς
613 2833 733 2888 κατ’
771 2832 964 2904 ἐξοχὴν
1018 2833 1128 2885 εἴτε
1167 2834 1440 2902 κοσμικῆς
1490 2832 1763 2897 ἐξουσίας,
1819 2829 1920 2892 οὓς

333 2925 423 2980 διὰ
447 2925 574 2987 τοὺς
599 2923 842 2994 βασιλεῖς
880 2924 1172 2994 ἐδήλωσεν,
1210 2923 1320 2976 εἴτε
1351 2922 1812 2992 ὲκκλησιαστικῆς
1835 2921 1922 2974 εὑ-

333 3017 546 3081 ταξίας,
580 3016 676 3081 οὓς
701 3017 802 3082 ὅρη
835 3016 928 3069 καὶ
954 3017 1152 3084 νήσους
1189 3015 1467 3086 τροπικῶς
1495 3014 1774 3085 ὠνόμασε,
1795 3012 1922 3066 τού-

332 3124 470 3170 τοις,
504 3108 669 3177 φημὶ,
698 3107 904 3160 ἅπασιν
963 3105 1150 3174 ἐκείνη
1191 3107 1224 3174 ή
1269 3105 1475 3173 φοϐερά
1525 3103 1703 3172 θλίψις
1743 3105 1926 3156 ἐπενεο

2028 2011 2168 2080 ignis
2230 2007 2691 2077 lrrre'possuut,
2757 2021 2934 2075 neque
2991 2005 3135 2072 ignis
3209 2007 3406 2060 minas.
3472 2002 3608 2057 Nam

2032 2124 2049 2151 ι
2092 2102 2258 2171 Ignis,
2301 2121 2320 2152 s
2350 2111 2407 2153 ιιι
2435 2099 2510 2154 ait
2570 2099 2680 2162 ille,
2717 2116 2736 2149 ι
2794 2097 2933 2151 Deus
2978 2112 3310 2152 consumens
3349 2107 3432 2152 est
3482 2098 3548 2161 ³⁸,
3587 2114 3604 2146 ι

2026 2197 2183 2268 71],
2220 2203 2275 2248 et
2302 2194 2538 2248 maxime
2585 2207 2710 2246 cum
2753 2192 3024 2246 exusserit
3063 2206 3161 2246 eos
3197 2190 3268 2246 ob
3300 2198 3609 2258 contempta

2026 2299 2290 2358 praecepta
2333 2303 2452 2352 sua,
2488 2294 2544 2340 et
2579 2285 2650 2339 ob
2679 2285 3087 2338 cavillationem
3109 2284 3374 2338 adversus
3400 2282 3612 2336 inaesti-

2027 2381 2278 2434 mabilem
2318 2376 2762 2448 compassionem
2790 2375 2908 2429 Filii
2942 2375 3048 2429 sui.

2097 2471 2364 2536 Quoniam
2421 2469 2560 2523 venit
2623 2467 2734 2522 dies
2799 2484 3022 2537 magnus
3081 2467 3178 2520 ira:
3241 2467 3427 2532 ipsius.
3491 2465 3608 2519 Sub

2027 2563 2212 2617 mundi
2245 2560 2776 2617 consummationem
2801 2559 3084 2614 excessive
3104 2566 3339 2624 etsupra
3366 2556 3610 2621 modum,

2027 2671 2135 2710 non
2169 2656 2222 2709 in
2259 2664 2433 2724 parte,
2463 2652 2557 2707 sed
2593 2651 2647 2706 in
2681 2660 2796 2707 toto
2825 2652 3032 2704 mundo
3064 2649 3341 2717 continget
3368 2648 3610 2701 maxima

2026 2746 2248 2803 aIIlictio
2277 2762 2375 2817 per
2430 2746 2726 2800 adventum
2753 2742 3103 2806 Antichristi,
3135 2742 3187 2796 in
3234 2754 3344 2811 quo
3381 2740 3486 2802 his,
3519 2740 3614 2808 qui

2028 2843 2079 2896 in
2107 2839 2412 2896 sublimiori
2441 2845 2604 2892 erunt
2649 2837 2936 2908 dignitate,
3003 2835 3119 2891 sive
3155 2833 3430 2888 mundana
3476 2847 3616 2902 pra:-

2027 2933 2127 2988 diti
2181 2932 2291 2988 sint
2343 2940 2636 3002 potestate,
2669 2944 2811 3000 quos
2860 2944 2958 2998 per
3022 2942 3177 2996 reges
3243 2925 3613 2994 signiﬁcavit;

2028 3025 2144 3080 sive
2175 3024 2228 3078 in
2252 3023 2624 3079 ecclesiastica
2649 3021 2760 3078 sint
2795 3020 3085 3090 disciplina
3117 3026 3173 3072 et
3223 3017 3437 3081 ordine,
3476 3031 3617 3086 quos

2033 3127 2250 3173 montes
2285 3127 2339 3172 et
2367 3117 2576 3172 insulas
2599 3115 2809 3184 tropice
2851 3113 3158 3167 nominavit
3199 3113 3318 3167 :his
3367 3111 3614 3180 inquam,

334 3201 617 3272 χθήσεται.
659 3200 801 3268 Ὀρη
837 3197 893 3251 δὲ
929 3199 1023 3250 καὶ
1050 3198 1246 3268 νήσους
1285 3197 1382 3265 οὐχ
1414 3195 1600 3258 ἁπλῶς
1653 3196 1778 3258 τοὺς
1812 3194 1923 3247 τῶν

2032 3211 2288 3266 onmibus
2340 3208 2624 3264 tremenda
2673 3207 2763 3261 illa
2808 3205 3030 3260 aIIlictio
3078 3203 3366 3258 inferetur.
3408 3203 3616 3257 Montes

348 3292 688 3364 Ἐκκλησιῶν
729 3289 1070 3362 προῦχοντας
1118 3289 1486 3358 ὑπελάϐομεν,
1511 3287 1627 3341 ἀλλ’
1653 3289 1788 3358 ὅπερ
1824 3288 1922 3340 καῖ.

335 3386 490 3456 παρὰ
522 3383 602 3454 τῷ
637 3383 837 3452 Ἡσαΐᾳ
859 3381 1089 3451 εὓρηται
1124 3380 1496 3449 γραφόμενον,
1525 3379 1626 3442 τὰς
1674 3380 1924 3446 ὲγκαινι-

334 3479 568 3548 ζομένας
617 3477 836 3548 νήσους,
875 3475 930 3528 αἳ
983 3473 1048 3544 δὴ
1087 3473 1404 3543 φεύξονται.
1447 3475 1612 3526 τόπον
1656 3474 1721 3524 ὲκ
1759 3471 1926 3524 τόπου

334 3569 661 3639 άμείὃουσαι
694 3566 783 3619 διὰ
820 3566 911 3618 τὸν
939 3565 1362 3635 Ψευδόχριστον.
1396 3564 1552 3626 Τίνες
1582 3563 1638 3616 δὲ
1680 3564 1729 3615 οξ
1769 3563 1926 3634 βασι-

336 3663 450 3725 λεῖς
470 3663 568 3732 τῆς
597 3661 722 3730 γῆς,
758 3660 852 3712 καὶ
901 3659 952 3711 oi
1005 3657 1332 3728 μεγιστᾶνες
1388 3674 1446 3711 τε
1505 3657 1599 3709 καὶ
1631 3656 1925 3727 χιλίαρχοι,

337 3755 437 3809 καὶ
488 3755 597 3816 πᾶς
635 3751 821 3814 δοῦλός
874 3766 931 3802 τε
985 3748 1080 3802 καλ⁵
1135 3748 1451 3820 ἐλεύθερος,
1502 3748 1676 3819 ἀλλ’ἢ
1721 3751 1770 3801 οἱ
1815 3748 1926 3808 τῶν

336 3847 546 3917 γηΐνων
593 3842 1106 3908 κατεξουσιάζοντες
1157 3842 1252 3894 καὶ
1303 3840 1470 3911 μηδὲν
1516 3839 1611 3894 τοῦ
1655 3843 1715 3893 ὲν
1755 3841 1926 3912 οὐρα-

338 3937 625 4008 νοῖς’(26⁶)
675 3934 1074 4006 πολιτεύματος
1124 3934 1582 4003 πεφροντικότες;
1613 3933 1800 3986 Δοῦλοι
1845 3933 1926 3997 δὲ,

336 4035 390 4084 οι
417 4033 484 4101 τῇ
523 4028 847 4099 ματαιότητι
887 4026 983 4080 τοῦ
1022 4026 1290 4097 παρόντος
1325 4026 1532 4095 κόσμου
1589 4026 1926 4095 δεδουλωμέ-

338 4141 420 4176 νοι
445 4164 460 4184 ,
493 4123 687 4192 ὥσπερ
720 4122 810 4175 καὶ
855 4117 1131 4188 ἐλεύθεροι
1163 4119 1211 4170 οἱ
1246 4120 1347 4186 τῆς
1392 4116 1631 4187 Χριστοῦ
1693 4117 1932 4185 ἀφηνιά-

340 4231 530 4278 σαντες
551 4212 793 4276 δουλείας
817 4214 911 4266 καὶ
941 4212 1148 4274 ἀνέτως
1183 4209 1332 4280 βιοῦν
1347 4209 1781 4280 αἱρετισὰμενοι.

412 4307 517 4361 Kal
574 4305 726 4374 μετὰ
776 4304 954 4359 τοῦτο
1023 4299 1188 4358 εἶδον
1266 4302 1573 4370 τέσσαρας
1634 4301 1930 4370 ἀγγέλους

338 4397 603 4464 ἑστῶτας
630 4399 729 4452 ἐπὶ
765 4397 870 4463 τὰς
893 4397 1199 4466 τέσσαρας
1236 4397 1452 4466 γωνίας
1486 4394 1594 4462 τῆς
1623 4393 1755 4463 γῆς,
1791 4413 1933 4462 xpu-

339 4491 596 4556 τοῦντας
614 4491 756 4556 τοὺς
778 4490 1086 4556 τέσσαρας
1112 4489 1376 4558 ἀνέμους
1406 4485 1510 4556 τῆς
1539 4485 1676 4556 γῆς.
1709 4489 1810 4540 ἵνα
1839 4487 1928 4556 μὴ

2029 3320 2158 3359 vero
2193 3312 2248 3356 et
2277 3301 2490 3356 insulas
2533 3315 2640 3355 non
2673 3299 2995 3368 simpliciter
3045 3297 3347 3366 accipimus
3385 3311 3482 3350 eos
3521 3294 3615 3364 qui

2027 3404 2266 3467 praesunt
2329 3392 2758 3456 ecclesiis,sed,
2807 3390 2949 3461 quod
2999 3389 3164 3443 etiam
3219 3387 3361 3458 apud
3417 3386 3616 3441 Isaiam

2028 3490 2293 3558 scriptum
2339 3487 2633 3549 invenitur,
2694 3485 2985 3538 innovatas
3039 3481 3275 3546 insulas,
3317 3494 3440 3549 quae
3483 3492 3617 3533 sane

2029 3583 2259 3652 fugient,
2284 3581 2464 3635 locum
2500 3593 2530 3634 e
2567 3579 2687 3632 loco
2730 3583 3140 3631 commutantes
3192 3584 3415 3642 propter
3462 3570 3621 3624 Anti-

2028 3675 2314 3731 christum.
2345 3671 2582 3739 Quinam
2614 3686 2744 3724 vero
2771 3677 2899 3723 sunt
2931 3682 3084 3738 reges
3118 3675 3299 3729 terrae,
3327 3674 3381 3719 et
3409 3665 3618 3733 prima-

2031 3781 2131 3833 tes,
2157 3776 2211 3822 et
2251 3767 2478 3832 tribuni,
2509 3773 2564 3820 et
2593 3777 2807 3827 servus,
2841 3770 2894 3816 et
2943 3760 3100 3822 liber,
3137 3757 3240 3813 nisi
3274 3757 3311 3812 ii
3335 3757 3428 3826 qui
3458 3766 3614 3826 pote-

2035 3869 2232 3915 statem
2269 3867 2526 3912 exercent
2572 3857 2712 3910 intcr
2757 3862 3004 3908 terrenos
3037 3850 3449 3915 homines,cum
3483 3847 3616 3901 nihil

2031 3950 2140 4005 illis
2173 3965 2318 4004 cura:
2334 3949 2405 4004 sit
2425 3949 2492 4002 de
2524 3945 2920 4017 gubernatione
2944 3942 3154 3997 caelesti
3174 3941 3196 3994 ?
3219 3939 3375 3994 Servi
3405 3946 3613 4000 autem,

2032 4045 2125 4112 qui
2168 4043 2392 4097 vanitati
2438 4041 2602 4109 hujus
2648 4037 2839 4092 mundi
2886 4037 3218 4098 servierunt,
3255 4034 3616 4102 quemn-tmo-

2033 4135 2162 4190 dum
2186 4145 2236 4188 et
2267 4133 2447 4193 liberi.
2477 4132 2570 4201 qui
2602 4147 2630 4182 a
2657 4129 2865 4185 Christi
2895 4128 3156 4183 servitute
3178 4141 3237 4180 se
3267 4133 3615 4194 separarunt,

2033 4235 2087 4281 ct
2114 4224 2346 4278 remisso
2370 4223 2558 4277 animo
2596 4221 2777 4274 vivere
2810 4220 3115 4289 elegerunt.

2109 4313 2220 4378 VII,
2261 4315 2378 4369 1-5.
2421 4311 2488 4365 Et
2509 4322 2622 4377 post
2655 4313 2766 4363 lucc
2800 4310 2906 4362 vidi
2936 4317 3169 4378 quatuor
3213 4304 3426 4374 angelos
3475 4315 3622 4358 stan-

2037 4416 2112 4460 tes
2155 4419 2312 4472 super
2339 4411 2570 4472 quatuor
2619 4402 2844 4468 angulos
2892 4406 3070 4458 terrae,
3101 4401 3332 4446 tenentes
3391 4400 3619 4459 quatuor

2040 4505 2222 4548 uentos
2249 4505 2426 4557 terra,
2458 4508 2521 4544 ne
2551 4490 2705 4558 ﬂaret
2737 4500 2918 4540 ventus
2981 4499 3140 4551 super
3187 4494 3406 4545 terram,
3456 4495 3620 4544 neque

339 4582 494 4651 πνέῃ
515 4583 736 4652 ἄνεμος
755 4582 852 4634 ἐπὶ
883 4579 995 4648 τῆς
1010 4579 1148 4648 γῆς.
1171 4579 1428 4647 mirati-’5’
1451 4577 1559 4645 τῆς
1580 4578 1924 4644 θαλάσσηςν

2034 4603 2195 4656 super
2256 4602 2422 4649 mare,
2466 4599 2629 4654 neque
2698 4596 2858 4650 super
2888 4577 3054 4630 ullam
3081 4577 3344 4629 arborem.
3383 4571 3446 4626 Et
3510 4572 3616 4625 uidi

334 4681 491 4746 μήτε
518 4677 620 4729 έπι
644 4691 698 4727 τι
747 4672 1023 4741 δένδρον.
1065 4671 1174 4726 Καὶ
1229 4667 1396 4724 εἶδον
1429 4669 1691 4740 ἄγγελον
1716 4664 1928 4723 ’ἄλλον

337 4769 744 4822 ἀναϐαίνοντα
773 4766 893 4820 ἀπὸ
918 4763 1220 4832 ἀνατολῆς
1253 4762 1457 4829 ἡλίου,
1493 4763 1714 4830 ἔχοντα
1733 4776 1928 4830 σφρα-

340 4860 476 4928 γῖδα
515 4858 663 4912 Θεοῦ
697 4857 930 4920 ζῶντος,
965 4855 1064 4908 καί
1087 4856 1304 4923 ἕκραξε
1333 4850 1506 4922 φωνῇ
1532 4851 1770 4921 μεγάλῃ
1803 4850 1928 4917 τοῖς

339 4952 674 5019 τέσσαρσιν
723 4949 1004 5020 ἀγγέλοις
1039 4943 1132 5012 οἷς
1163 4947 1342 5012 ἐδόθη
1391 4944 1596 5010 αὐτοῖς
1639 4943 1929 5010 ἀδικῆσαι

341 5043 454 5110 τὴν
483 5041 600 5112 γῆν
624 5040 720 5094 καὶ
769 5042 885 5108 τὴν
932 5038 1280 5100 θάλασσαν,
1313 5035 1508 5105 λέγων
1535 5051 1550 5068 ο
1576 5039 1633 5089 Μ
1643 5035 1674 5103 ὴ
1716 5035 1929 5102 ademi--

339 5153 494 5208 σητε
551 5134 665 5201 τὴν
707 5132 844 5202 γῆν,
869 5130 1022 5201 μήτε
1069 5129 1184 5199 τὴν
1230 5129 1576 5193 θάλασσαν,
1643 5126 1790 5192 μήτε
1858 5127 1928 5180 τὰ

347 5229 589 5298 δένδρα.
615 5227 785 5296 ἄχρις
806 5222 877 5281 οὗ
912 5224 1345 5295 σφραγίσωμεν
1366 5221 1506 5290 τοὺς
1533 5220 1794 5286 δούλους
1819 5220 1927 5273 τοῦ

343 5321 492 5379 Θεοῦ
523 5318 694 5392 ἡμῶν
728 5319 826 5372 ἐπὶ
860 5319 976 5370 τῶν
1003 5317 1293 5386 μετώπων
1317 5314 1541 5368 αὐτῶν.

425 5413 707 5468 Ἐντεῦθεν
729 5413 915 5466 λοιπον
940 5413 1008 5466 τὰ
1030 5410 1374 5482 μεταστάντα
1403 5409 1590 5476 σαφῶς
1636 5407 1925 5471 Ἰουδαίους

341 5514 400 5562 ἐν
431 5508 508 5577 τῷ
539 5509 674 5579 πρὸς
711 5506 1016 5577 Ῥωμαίους
1043 5506 1286 5574 πολέμῳ,
1314 5500 1646 5573 ἁντάμειψις
1661 5501 1790 5554 ὄντα
1817 5501 1926 5554 τῶν

340 5601 436 5658 το]
481 5604 685 5674 Κυρίου
738 5602 926 5657 παθῶν
982 5602 1258 5656 δείκνυται
1303 5599 1381 5670 τῷ
1425 5597 1811 5668 εὐαγγελιστῇ.
1860 5597 1922 5649 υἱ

417 5745 460 5777 ε’
504 5744 665 5798 llcbr.
712 5759 811 5807 HI,
851 5744 942 5799 ‘29.

417 5883 563 5956 (23³)
610 5881 732 5935 ’.Χ-10
744 5880 817 5953 pro
827 5899 941 5944 ποις
972 5879 1116 5950 vulg.

2027 4681 2192 4735 alium
2222 4677 2465 4750 angelum
2489 4675 2858 4730 ascendentem
2891 4669 2955 4723 ab
2998 4679 3118 4722 ortu
3143 4667 3297 4733 solis,
3336 4666 3616 4720 habentem

2027 4771 2265 4841 sigillum
2299 4769 2393 4822 Dei
2430 4769 2553 4831 vivi,
2578 4777 2624 4821 et
2677 4766 2925 4819 clamavit
2969 4777 3091 4816 voce
3141 4776 3333 4828 magna
3387 4769 3619 4828 quatuor

2031 4863 2235 4934 angelis
2277 4862 2467 4930 quibus
2498 4859 2684 4912 datum
2712 4870 2784 4912 est
2813 4855 3148 4910 ut'norereut
3175 4864 3331 4906 terra:
3372 4859 3423 4904 et
3477 4849 3614 4902 muri

2029 4957 2240 5008 dicens:
2263 4951 2346 5005 Ne
2365 4951 2652 5006 nocueritis
2679 4960 2854 5014 terrae,
2881 4964 3043 5018 neque
3072 4946 3232 5010 mari,
3264 4957 3430 5013 neque
3461 4941 3618 4993 arbo-

2033 5046 2197 5110 ribus,
2227 5044 2566 5116 quoadusque
2590 5044 2855 5113 signemus
2870 5057 3045 5095 servos
3079 5038 3171 5093 Dei
3196 5036 3366 5091 nostri
3390 5035 3444 5088 in
3461 5032 3618 5100 [ron-

2031 5142 2168 5193 tibus
2211 5140 2346 5192 suis.

2107 5406 2244 5462 Ilinc
2284 5411 2688 5476 consequenter
2719 5400 2820 5471 ipsi
2861 5399 3213 5468 evangelistze
3240 5393 3612 5451 ostenduntur

2035 5518 2157 5574 quae
2213 5508 2399 5572 aperte
2439 5497 2732 5552 manebant
2775 5492 2996 5549 Judaeos
3033 5495 3086 5545 in
3153 5490 3296 5545 bello
3355 5489 3617 5543 adversus

2037 5586 2314 5650 Romanos
2349 5593 2401 5647 in
2429 5591 2688 5646 ultionem
2721 5586 3077 5642 alllictionum
3109 5583 3346 5640 Domini.
3371 5580 3617 5650 Quatuor
