4034 6628
364 410 467 473 603

1201 412 1535 474 ARETﬂxE
1577 414 1955 474 CiESAREE
1993 414 2475 477 CAPPADOCL‘E
2515 418 2857 479 EPISCOPI

3529 420 3635 484 604

364 525 510 577 enim
547 523 721 593 angeli
744 523 1039 578 servabant
1068 525 1327 580 excubias
1378 542 1545 601 super
1585 538 1822 595 quatuor
1857 542 1956 579 att-
1987 576 1988 582 η

2078 527 2323 592 τέσσαρες
2347 527 2570 598 ἄγγελοι
2618 530 2727 601 γὰρ
2756 528 3055 599 ἐφρούρουν
3093 529 3190 592 τὰς
3228 529 3501 609 τέσσαρας
3531 550 3639 602 γω-

367 617 522 685 gulos
570 624 729 670 terra:
778 614 1115 682 Judazorttm,
1189 617 1328 687 fugae
1374 622 1624 676 timorem
1688 622 1794 676 illis
1849 621 1948 675 im-

371 708 666 769 mittcntes,
704 716 798 759 aut
848 707 1194 763 difﬁcultates
1238 712 1504 777 quasdam
1558 725 1609 766 et
1645 713 1943 777 molestias,

368 806 464 850 aut
497 799 937 868 intempestivam
978 803 1167 869 patriae
1210 801 1563 858 aillictionem
1596 820 1660 859 ac
1706 805 1949 860 dilectis-

370 891 630 942 simarum
666 907 936 946 uxorum:
965 893 1125 963 712
1168 911 1288 963 qua:
1342 898 1548 966 tropice
1592 897 1949 966 designantur

373 982 653 1036 imminere
672 982 893 1049 Judacte,
919 986 1011 1039 sed
1046 997 1100 1040 ei.
1122 999 1313 1042 ventos
1340 989 1618 1057 prohiberi
1658 991 1949 1059 nequando

372 1077 499 1132 ﬂent
565 1094 739 1148 neque
795 1095 960 1148 super
1035 1089 1237 1135 terram
1315 1096 1489 1150 neque
1548 1097 1712 1150 super
1778 1098 1948 1139 mare.

372 1169 548 1238 Super
606 1180 805 1226 terram
856 1173 1099 1240 quidem,
1140 1188 1205 1227 ne
1257 1172 1340 1227 vel
1405 1174 1459 1227 in
1516 1174 1745 1228 minimo
1794 1174 1953 1229 refri-

373 1265 583 1327 eet-ium
633 1265 912 1319 inveniant
958 1278 1200 1334 tempore
1250 1269 1376 1323 belli
1423 1268 1713 1322 adversum
1745 1266 1951 1321 Roma-

376 1371 474 1408 nos
508 1372 521 1407 :
555 1372 731 1424 neque
784 1357 1033 1426 agricola:
1079 1358 1391 1427 plantarum
1445 1360 1726 1430 diligentia
1764 1377 1953 1415 assur-

374 1456 525 1515 gant,
556 1448 816 1516 quoniam
877 1459 931 1503 et
987 1450 1214 1507 arbores
1248 1464 1534 1507 ventorum
1587 1455 1955 1508 commotione

370 1539 670 1606 gaudentes
728 1540 1102 1596 t'efocillantur
1151 1561 1163 1596 :
1237 1560 1416 1614 neque
1467 1545 1707 1615 pedestri
1774 1562 1953 1614 pugna

372 1641 667 1698 certantes,
708 1649 886 1704 neque
944 1636 1145 1701 navali,
1188 1639 1447 1706 quoniam
1498 1640 1675 1694 navali
1735 1655 1955 1710 quoque

374 1741 556 1793 pugna
594 1727 1013 1797 impetebantur,
1042 1729 1198 1798 juxta
1232 1729 1572 1799 Joscphum;
1609 1746 1730 1784 nam
1771 1733 1955 1785 omnia

377 1818 516 1872 mala
559 1819 1099 1888 comprehenderunt
1149 1822 1294 1877 illos.
1337 1821 1438 1876 Sed
1474 1836 1790 1890 quanquam
1844 1822 1957 1875 haec

2056 620 2174 684 νίας
2198 623 2297 691 τῆς
2339 622 2611 675 Ἰουδαίων
2663 624 2788 691 γῆς,
2828 622 3034 674 δειλίαν
3063 623 3249 685 αὐτοῖς
3273 622 3638 692 ἐμϐάλλοντες

2057 715 2308 785 φυγῆς,ἢ
2350 714 2670 785 δυσχερείας
2702 715 2928 784 τινὰς,ἥ
2965 713 3193 781 ἐξώριον
3220 715 3392 779 πάθος
3436 718 3637 787 πατρί-

2055 806 2162 869 δος,
2197 808 2473 874 γυναικῶν
2498 825 2555 860 τε
2596 807 2892 875 φιλτάτων,
2932 807 3093 861 ἅτινα
3146 808 3422 877 τροπικῶς
3443 809 3636 879 διαση-

2061 898 2311 965 μαίνεται
2342 902 2661 970 κρατεῖσθαι
2704 901 2802 969 τῆς
2852 900 3130 964 Ἰουδαίας,
3163 902 3296 954 ἀλλά
3330 919 3391 968 γε
3432 902 3497 971 δὴ
3541 903 3638 955 καὶ

2058 989 2426 1059 τοὺςάνέμους
2452 992 2789 1045 κεκωλύσθαι
2820 992 2905 1060 ἐφ’
2928 994 3016 1045 ὅτε
3048 991 3121 1063 μὴ
3153 994 3337 1046 πνέειν
3359 993 3470 1065 (27)
3498 995 3636 1064 μήτε

2058 1082 2152 1133 ἐπὶ
2214 1083 2316 1150 γῆς
2368 1085 2505 1152 μήτε
2560 1086 2652 1136 ἐπὶ
2700 1086 2797 1152 τῆς
2845 1084 3144 1156 Θαλάσσης.
3200 1086 3326 1139 Ἐπὶ
3383 1089 3507 1156 γῆς,
3563 1087 3639 1157 τῷ

2063 1174 2332 1245 μηδεμίαν
2389 1176 2586 1239 αὐτοὺς
2642 1177 2925 1248 ἀναψυχὴν
2972 1178 3230 1248 εὑρέσθαι
3281 1181 3341 1231 ὲν
3399 1178 3476 1248 τῷ
3505 1180 3639 1247 πρὸς

2069 1269 2368 1339 Ῥωμαίους
2436 1270 2654 1340 πολέμῳ
2686 1286 2699 1300 ο
2748 1272 2886 1340 μήτε
2953 1274 3080 1333 τοὺς
3158 1274 3442 1341 γεωργοὺς
3515 1272 3641 1335 τοὺς

2060 1360 2352 1431 ἐπιμελείᾳ
2399 1360 2583 1428 φυτῶν
2626 1361 3082 1430 προσανέχοντας,
3114 1361 3237 1413 ἐπεὶ
3266 1362 3359 1413 καὶ
3426 1361 3493 1413 τὰ
3527 1362 3643 1413 δέν-

2059 1455 2161 1523 δρα
2190 1453 2291 1522 τῆς
2342 1453 2449 1506 ἀπὸ
2504 1452 2613 1505 τῶν
2662 1452 2880 1522 ἀνέμων
2920 1452 3257 1515 ἀποσείσεως
3300 1451 3643 1505 ἀπολαύοντα

2061 1548 2395 1616 ἀναψύχεται
2419 1564 2431 1576 ο
2467 1546 2604 1616 μήτε
2631 1546 2759 1608 τοὺς
2792 1544 3241 1614 πεζομαχοῦντας
3288 1542 3394 1616 [μὴ
3426 1545 3555 1607 τοὺς
3586 1548 3646 1596 ὲν

2066 1639 2309 1708 θαλάσσῃ
2336 1637 2751 1708 ναυμαχοῦντας
2766 1636 2921 1708 (28)],
2951 1639 3072 1689 ἐπεὶ
3095 1637 3189 1690 καλ⁴
3232 1636 3643 1706 ἐναυμάχησαν,

2065 1735 2206 1786 κατὰ
2234 1734 2325 1784 τὸν
2367 1732 2659 1802 Ἰώσηπον·
2691 1734 2869 1786 πάντα
2918 1732 3027 1801 γάρ
3059 1731 3254 1792 αὐτοὺς
3285 1729 3550 1782 κατέλαϐε
3578 1731 3646 1781 τὰ

2066 1827 2233 1879 κακά.
2253 1824 2391 1877 Ἀλλ’
2424 1826 2473 1877 εἰ
2507 1824 2601 1877 καὶ
2630 1821 2986 1885 ταῦτα,ούτω
3015 1821 3352 1891 δικαιότερον
3390 1819 3470 1884 ὃν,
3496 1820 3648 1890 ὅμως

373 1910 683 1978 justissinte
736 1913 810 1965 ita
866 1913 1082 1977 tierent,
1110 1914 1351 1978 apertius
1409 1924 1589 1967 tamen
1644 1914 1961 1983 contingent

2078 1917 2584 1986 ιπιτευκτικώτερον
2622 1914 2765 1969 κατὰ
2782 1915 2883 1983 τὴν
2900 1914 2996 1967 106
3027 1913 3400 1983 Ἀντιχρίστου
3425 1912 3650 1965 ἑπέλευ-

376 2004 526 2057 cirra
581 2004 900 2058 Antichristi
962 2005 1276 2068 adventum,
1315 2020 1423 2057 non
1485 2006 1537 2058 in
1586 2015 1738 2074 parte
1786 2016 1946 2059 terra:

375 2095 711 2158 Judaaorum,
744 2096 837 2150 sed
867 2096 919 2149 in
952 2098 1209 2151 universo
1234 2098 1367 2151 orbe
1401 2114 1415 2151 :
1452 2113 1614 2166 quem
1640 2099 1802 2151 etiam
1841 2114 1960 2153 sor—

378 2186 459 2239 titi
492 2198 649 2240 erant
684 2186 1070 2242 ministeriales
1102 2188 1352 2256 spiritus,
1385 2197 1647 2257 tanquam
1690 2203 1787 2242 sua
1813 2204 1964 2244 com-

379 2281 585 2349 pientes
615 2280 878 2347 obsequia
902 2280 1203 2334 secundum
1247 2288 1487 2349 quatuor
1512 2290 1672 2334 teme
1702 2281 1959 2349 angulos,

382 2388 577 2441 nempe
632 2373 924 2433 orientem,
981 2374 1459 2442 septentrionem,
1512 2373 1851 2427 occidentem
1911 2380 1967 2426 et

382 2464 689 2517 meridiem.
745 2462 1045 2517 Ventorum
1088 2472 1268 2517 autem
1325 2463 1622 2532 prohibitio
1680 2462 1968 2517 manifeste

383 2557 630 2626 designat
656 2556 819 2611 debiti
856 2557 1068 2612 ordinis
1095 2558 1448 2617 solutionem.
1484 2566 1538 2611 et
1582 2556 1850 2610 malorum
1885 2558 1970 2609 in-

384 2650 820 2705 evitabilitatem.
860 2648 960 2703 Per
997 2658 1193 2705 ventos
1222 2650 1366 2704 enim
1406 2656 1462 2703 et
1495 2665 1644 2703 mare
1675 2648 1963 2718 navigatur

384 2746 450 2798 ad
485 2744 810 2812 obsequium
847 2743 1131 2797 hominum
1164 2741 1237 2814 [et
1268 2742 1467 2812 planta:
1509 2751 1798 2796 ventorum
1838 2740 1965 2794 ﬂatu

384 2832 806 2904 refocillanturj.

458 2926 717 2998 Angelnm
750 2926 917 2980 alium
958 2926 1326 2980 ascendentem
1367 2926 1431 2980 ab
1477 2936 1597 2980 ortu
1628 2928 1778 2981 satis.
1824 2925 1971 2979 Divi-

2064 2028 2149 2063 σιν
2170 2011 2479 2079 γενήσεται,
2522 2008 2621 2060 ούκ
2643 2009 2700 2058 ὲν
2729 2006 2888 2077 μέρει
2920 2006 3019 2074 τῆς
3066 2004 3334 2057 Ἰουδαίων
3380 2004 3507 2073 γῆς,
3533 2003 3647 2057 ἀλλ’

2064 2104 2120 2154 ὲν
2174 2102 2324 2171 πάσῃ
2369 2104 2438 2171 τῇ
2484 2099 2803 2169 οἰκουμένῃ,
2858 2098 2925 2167 ἢν
2976 2097 3072 2149 καὶ
3115 2096 3308 2166 ἔλαχον
3357 2096 3499 2150 κατά
3550 2095 3649 2158 τὰς

2063 2194 2339 2263 τέσσαρας
2367 2193 2591 2261 γωνίας,
2625 2190 2911 2260 ἀνατολῆς,
2942 2190 3169 2259 ἄρκτου,
3195 2188 3400 2250 δύσεως
3429 2188 3524 2240 καὶ
3553 2204 3653 2256 με-

2069 2288 2366 2358 σημϐρίας,
2393 2288 2462 2339 τὰ
2482 2283 2844 2355 λειτουργικὰ
2880 2283 3173 2353 πνεύματα
3218 2283 3294 2344 ὡς
3343 2280 3652 2351 πληροῦντα

2067 2383 2165 2445 τὰς
2192 2381 2487 2444 διακονίας.
2542 2379 2606 2433 Ἡ
2644 2378 2700 2433 δὲ
2739 2377 2848 2429 τῶν
2886 2377 3106 2445 ἀνέμων
3152 2374 3325 2443 ὲποχὴ
3369 2374 3654 2445 προδήλως

2073 2475 2230 2528 λύσιν
2266 2473 2544 2539 εὐταξίας,
2571 2472 2667 2524 καὶ
2686 2470 2747 2523 τὸ
2787 2469 2897 2521 τῶν
2926 2467 3115 2520 κακῶν
3166 2466 3525 2535 ἀδιάδραστον
3556 2466 3655 2531 ὲμ-

2073 2568 2274 2637 φαίνει.
2298 2566 2397 2619 Διὰ
2414 2565 2632 2633 ἀνέμων
2656 2562 2788 2631 γὰρ,
2814 2560 3059 2615 θάλασσά
3075 2575 3137 2611 τε
3169 2558 3380 2611 πλεῖται
3412 2556 3544 2625 πρὸς
3557 2556 3654 2624 τὴν

2072 2660 2169 2714 ἀνθ
2179 2658 2376 2730 ρώπων
2416 2657 2661 2710 δουλείαν
2678 2654 2796 2727 [καὶ
2836 2654 2978 2723 φυτὰ
3003 2650 3375 2722 τρέφεταιξὰνέ
3385 2666 3505 2720 μοις
3526 2650 3658 2701 ἀνα-

2070 2750 2400 2823 ψυχόμενα].

2150 2927 2445 2997 Ἀγγελον
2493 2924 2687 2977 ἄλλον
2718 2923 3126 2977 ἀναϐαίνοντα
3179 2918 3299 2974 ἀπὸ
3350 2916 3661 2986 ἀνατολῆς

388 3036 515 3074 num
557 3020 810 3090 angelum
855 3020 925 3074 ab
977 3027 1100 3073 ortu
1135 3018 1269 3072 solis
1307 3026 1363 3072 et
1402 3034 1510 3072 non
1558 3017 1627 3072 ab
1687 3033 1887 3072 occasu
1921 3024 1977 3070 et

2078 3023 2280 3091 ἡλίου.
2321 3019 2393 3071 Τὸ
2444 3018 2542 3088 μὲν
2586 3017 2696 3070 ἀπὸ
2743 3017 2842 3084 τῆς
2883 3015 3150 3084 ἀνατολῆς
3191 3013 3361 3081 ἡλίου,
3404 3011 3541 3063 ἀλλά
3587 3011 3660 3080 μὴ

390 3114 621 3183 hespero
652 3114 859 3179 venire,
920 3112 1247 3180 praeclarum
1278 3110 1493 3166 facinus
1510 3110 1801 3181 designare
1835 3109 1981 3163 vide-

2078 3115 2186 3170 ἀπὸ
2219 3112 2437 3183 δυσμῶν
2470 3111 2562 3163 καὶ
2578 3110 2674 3180 τῆς
2701 3108 2940 3179 ἑσπέρας
2965 3106 3365 3178 παραγίνεσθαι
3397 3105 3489 3157 τὸν
3514 3104 3660 3157 θεῖον

389 3216 477 3258 tur
523 3221 585 3260 ac
648 3205 992 3268 beneficium,
1024 3204 1173 3274 quod
1227 3203 1608 3272 contemplans
1664 3204 1717 3256 in
1769 3201 1966 3271 spirittt

2080 3206 2335 3276 ἄγγελον,
2368 3200 2735 3272 ἀγαθοεργίαν
2785 3199 3122 3252 αἰνίττεσθαι
3150 3198 3245 3251 καὶ
3267 3197 3558 3265 σημαίνειν
3579 3195 3663 3248 δο-

390 3298 606 3351 Domini
642 3298 977 3368 progenitor,
1010 3315 1028 3347 ι
1074 3298 1362 3366 Sigttatum
1405 3306 1510 3360 est,
1561 3296 1762 3364 inquit,
1806 3310 1971 3364 super

392 3408 492 3445 nos
540 3392 724 3445 lunten
760 3391 943 3445 vultus
967 3391 1067 3453 tui,
1109 3389 1333 3443 Domine
1360 3388 1431 3442 ⁸ο.
1478 3407 1496 3440 ι
1534 3388 1699 3443 Recte
1751 3401 1973 3457 quoque

390 3482 564 3548 jubet,
601 3491 658 3534 ut
688 3480 1056 3533 nulliinterim
1087 3488 1348 3533 noceatur
1369 3492 1656 3546 quousque
1685 3476 1974 3546 signaren-

395 3582 485 3626 tur
510 3574 601 3643 qui
639 3590 669 3628 e
712 3571 915 3628 ludatis
964 3572 1316 3626 tnerebantur
1368 3571 1505 3624 salvi
1557 3569 1695 3629 ﬁeri,
1726 3584 1791 3622 ne
1838 3567 1975 3636 justi

397 3666 596 3719 similia
621 3673 935 3734 paterentur
972 3679 1099 3718 cum
1149 3664 1233 3718 his
1263 3664 1356 3732 qui
1390 3663 1578 3731 inique
1603 3661 1980 3719 extendissent

402 3775 593 3812 manus
638 3775 766 3813 suas
813 3758 878 3811 ad
941 3757 1282 3826 iniquitatem
1359 3754 1623 3809 adversus
1677 3752 1976 3806 Christum.

398 3852 551 3918 Quod
578 3851 623 3905 si
650 3852 766 3905 haec
798 3851 869 3903 ita
899 3859 1052 3913 sunt,
1073 3858 1241 3912 certe,
1265 3858 1324 3903 ut
1350 3848 1558 3902 dictum
1595 3857 1702 3910 est,
1736 3855 1981 3914 tempore

397 3946 662 3999 adventus
697 3942 1020 3997 Antichristi
1072 3942 1291 4011 signum
1346 3941 1578 3995 viviticaa
1627 3938 1809 3992 crucis
1848 3937 1983 3990 emi-

400 4036 683 4089 nentiores
717 4034 1125 4089 demonstrabit
1153 4050 1271 4099 eos,
1297 4035 1389 4103 qui
1421 4049 1585 4099 super
1617 4046 1676 4086 se
1728 4040 1982 4101 portave-

402 4139 526 4182 runt
560 4128 972 4198 inscriptionem
1000 4128 1145 4183 sacri
1174 4127 1520 4197 baptismatis
1545 4144 1558 4194 ;
1586 4141 1712 4180 nam
1756 4123 1812 4178 hi
1856 4134 1987 4179 sunt.

399 4223 606 4277 Christi
643 4221 957 4275 haereditas.

477 4402 559 4457 Ne
581 4404 884 4457 nocueritis.
912 4404 1192 4458 Creaturze
1214 4411 1399 4473 utpote
1435 4410 1653 4472 propter
1682 4415 1782 4454 nos
1810 4397 1989 4461 factm.

414 4512 541 4552 cum
580 4513 681 4551 nos
711 4498 1068 4566 castigantur,
1102 4514 1209 4550 una
1235 4496 1518 4551 nobiscum
1549 4493 1846 4563 participes
1865 4493 1993 4543 sunt

408 4589 745 4657 ﬂagellorum
800 4606 814 4642 :

409 4682 614 4736 sanctis
645 4681 809 4735 simul
845 4681 1209 4735 collzetautur.
1249 4679 1324 4730 Ex
1368 4677 1473 4730 hoc
1503 4687 1685 4728 autem
1717 4670 1988 4725 discimus

408 4776 488 4829 ris
510 4776 603 4843 qui
640 4774 941 4829 secundum
989 4774 1251 4828 virtutem
1290 4770 1501 4830 vivunt,
1527 4768 1594 4821 ad
1640 4764 1989 4834 cooperatio-

408 4880 533 4917 nem
565 4880 705 4933 opus
735 4878 858 4917 esse
904 4864 1152 4935 angelico
1207 4860 1434 4924 auxilio,
1473 4868 1533 4912 ut
1577 4856 1899 4911 atﬂictiones
1929 4869 1993 4909 ac

413 4959 742 5013 tentationes
785 4958 930 5013 ferre
958 4959 1190 5028 possint.

887 5072 1048 5143 713
1082 5068 1314 5125 CAPUT
1365 5067 1514 5122 XIX.

412 5184 487 5238 De
523 5186 601 5238 Itis
640 5185 729 5255 qui
777 5196 1055 5239 servantur
1104 5200 1136 5255 α
1176 5184 1335 5252 plaga
1391 5191 1621 5251 quatuor
1664 5178 1993 5255 angelorum,

529 5252 709 5327 nempe
739 5268 945 5309 centum
973 5254 1329 5324 quadraginta
1361 5266 1592 5317 quatuor
1629 5252 1887 5304 millibus.

490 5372 601 5441 VII,
626 5372 745 5429 4-8.
780 5371 846 5425 Et
879 5372 1058 5424 audivi
1093 5385 1368 5423 numerum
1422 5369 1755 5438 signatorum
1789 5376 1999 5419 centum

415 5468 777 5538 quadraginta
818 5475 1047 5534 quatuor
1086 5463 1259 5517 millia
1303 5462 1500 5532 signati
1554 5477 1618 5514 ex
1662 5460 1806 5513 omni
1855 5458 1995 5512 tribu

493 5651 535 5681 ⁸⁰
557 5649 699 5704 l’sal.
734 5661 807 5712 tv,
826 5648 876 5699 7.

506 5808 618 5869 (‘27)
636 5808 830 5859 Πεσείν
850 5804 935 5859 ed.

500 5880 609 5947 {223)
674 5878 883 5933 Inclusa
929 5875 1128 5931 omittit
1193 5877 1304 5940 cd.,

2074 3300 2271 3370 κεῖ,ἢν
2321 3298 2349 3349 ὁ
2414 3296 2513 3367 μὲν
2569 3293 2871 3366 προπάτωρ
2893 3290 2987 3345 τοῦ
3036 3291 3240 3360 Κυρίου
3282 3291 3339 3341 ἐν
3390 3288 3664 3357 πνεύματι

2077 3390 2321 3461 θεωρῶν,
2368 3408 2387 3441 ι
2435 3386 2785 3457 Ἐσημείωθη
2819 3385 2901 3454 ἐφ’
2935 3384 3081 3453 ἡμᾶς
3121 3383 3183 3434 τὸ
3220 3380 3337 3449 φῶς
3362 3379 3457 3433 106
3499 3395 3666 3449 προσο

2077 3486 2229 3538 ώπου
2276 3499 2393 3543 σου,
2432 3480 2629 3549 Κύριε,
2665 3498 2683 3529 ι
2717 3477 2894 3545 ἔλεγε.
2927 3475 3120 3537 Καλῶς
3153 3475 3210 3527 δὲ
3235 3475 3330 3527 καὶ
3371 3473 3431 3525 τὸ
3465 3471 3669 3542 μηδένα

2078 3578 2213 3639 τέως
2240 3573 2562 3643 ἀδικηθῆναι
2596 3569 2829 3634 κελεύει,
2864 3571 3024 3637 ἄχρις
3066 3562 3128 3620 οὗ
3172 3564 3587 3635 σφραγισθῶσιν
3616 3565 3665 3615 οἱ

2080 3668 2173 3723 τοῦ
2218 3664 2552 3733 διασωθῆναι
2594 3663 2735 3727 ἄξιοι
2777 3661 2885 3713 τῶν
2927 3658 3219 3720 Ἰουδαίων,
3274 3656 3348 3718 ὡς
3393 3655 3458 3709 ἂν
3493 3654 3569 3725 μὴ
3622 3654 3671 3706 οἱ

2082 3764 2280 3815 δίκαιοι
2307 3759 2374 3812 τὰ
2411 3758 2576 3827 ὃμοια
2623 3754 2849 3807 πάθοιεν
2882 3755 2995 3816 τοῖς
3048 3753 3107 3805 ὲν
3154 3751 3353 3823 ἀνομίᾳ
3410 3752 3475 3820 τῇ
3530 3748 3672 3801 κατά

2083 3854 2337 3927 Χριστοῦ
2374 3848 2770 3911 ὲκτείνασιτάς
2796 3849 2989 3917 χεῖρας
3026 3845 3205 3899 αὐτῶν
3251 3845 3471 3905 ἀδίκως.
3505 3842 3567 3895 Ei
3616 3840 3673 3893 δὲ

2084 3948 2261 4002 ταῦτα
2297 3944 2491 4009 οὕτως,
2536 3942 2651 3996 ἀλλ’
2683 3936 2799 4004 οὖν,
2850 3940 2925 4001 ὡς
2977 3938 3218 4008 εἴρηται,
3268 3938 3324 3989 ὲν
3358 3938 3436 4005 τῷ
3494 3933 3673 4005 καιρῷ

2088 4043 2186 4112 τῆς
2236 4037 2580 4099 ὲπελεύσεως
2629 4034 2725 4087 τοῦ
2774 4032 3149 4102 Ἀντιχρίστου
3196 4032 3229 4100 ἡ
3284 4030 3521 4100 σφραγὶς
3576 4025 3673 4080 τοῦ

2090 4132 2361 4200 ζωοποιοῦ
2412 4128 2650 4199 σταυροῦ
2680 4126 3075 4196 ἐκδηλοτέρους
3120 4125 3393 4192 ἀποφανεῖ
3424 4121 3554 4183 τοὺς
3580 4119 3673 4173 τοῦ

2091 4228 2251 4296 ἁγίου
2292 4224 2666 4295 βαπτίσματος
2699 4217 3132 4289 ἐπιφερομένους
3194 4216 3515 4285 σημείωσιν.
3542 4214 3676 4284 Χρι-

2094 4319 2223 4373 c106
2252 4318 2358 4387 γὰρ
2392 4316 2596 4384 κλῆρος
2619 4310 2785 4365 οὗτοι.

2166 4411 2261 4476 Μὴ
2309 4407 2661 4471 ἀδικήσητε.
2704 4404 2768 4455 Ἤ
2804 4402 2981 4463 κτίσις
3026 4401 3098 4465 ὡς
3140 4402 3209 4455 δι’
3240 4402 3390 4473 ἡμᾶς
3415 4415 3679 4467 γεγεννη-

2100 4503 2256 4572 μένη,
2274 4498 2684 4569 παιδευομένοις
2706 4497 2838 4567 ἡμῖν
2856 4498 3104 4549 κοινωνεῖ
3129 4496 3223 4548 ἐπὶ
3252 4497 3370 4558 ταῖς
3404 4491 3679 4563 μάστιξιν,

881 4588 1348 4658 quemadmodum
1426 4586 1590 4637 etiam
1664 4578 1988 4652 gloriﬁcatis

2097 4594 2285 4663 ὥσπερ
2338 4592 2430 4645 οὖν
2462 4592 2554 4647 καὶ
2604 4590 2989 4660 δοξαζομένοις
3038 4590 3150 4648 τοῖς
3202 4587 3378 4654 ἁγίοις
3433 4601 3681 4654 συμφαιε-

2092 4686 2367 4753 δρύνεται.
2390 4685 2488 4737 Διὰ
2516 4684 2674 4737 τοῦτο
2702 4684 2759 4735 δὲ
2779 4682 3120 4753 μανθάνομεν
3150 4681 3385 4742 καὶτοὺς
3410 4679 3528 4731 κατ’
3553 4680 3681 4747 ἀρε-

2094 4781 2192 4847 τὴν
2236 4778 2489 4848 βιοῦντας
2518 4777 2654 4847 πρὸς
2688 4776 2983 4845 συνεργίαν
3018 4773 3226 4827 δεῖσθαι
3249 4774 3347 4841 τῆς
3377 4770 3676 4839 ἀγγελικῆς

2095 4872 2350 4945 βοηθείας
2374 4871 2511 4941 πρὸς
2545 4872 2646 4933 τὰς
2672 4868 2782 4922 τῶν
2811 4866 3142 4938 πειρασμῶν
3176 4864 3474 4935 ἐπιφοράς.

2691 5073 2945 5126 ΚΕΦᾹΛ.
2993 5070 3096 5124 ῙΘ’.

2105 5184 2247 5253 Περὶ
2313 5184 2431 5237 τῶν
2478 5182 2830 5251 σωζομένων
2878 5183 2946 5235 ἐκ
2986 5179 3232 5253 πληγῆς
3287 5176 3407 5253 ζῶν
3466 5175 3690 5231 τεσσά-

2458 5272 2582 5324 ρων
2606 5247 2877 5324 ἀγγέλων
2904 5247 3189 5321 χιλιάδων
3204 5247 3361 5318 ρμδἎ

2177 5366 2285 5420 Καὶ
2318 5365 2556 5435 ἤκουσα
2593 5366 2701 5419 τὸν
2747 5363 2996 5433 ἀριθμὸν
3018 5361 3137 5415 τῶν
3157 5357 3694 5429 ἐσφραγισμένων,

2111 5455 3084 5529 ἐκατοντεσσαρακυντατέσσαρες
3118 5452 3389 5527 χιλιάδες
3410 5452 3698 5523 ἐσφραγιο

1379 5885 1435 5927 ttt
1497 5875 1635 5929 infra
1688 5876 1852 5931 YCI'ittt
1912 5874 2005 5928 καὶ
2049 5868 2350 5940 φυτόιμδιιέ.
