4030 6592
301 411 403 473 605

1367 418 1754 480 COMMENT.
1801 417 2451 495 [ΝΖΑΡορΑιΥΡΞιΝ.

3451 455 3560 517 6ξὶ6

293 546 376 596 σμ
387 527 514 582 ένοι
536 528 603 582 ἐκ
621 528 826 596 πάσης
845 527 1052 599 φυλῆς
1073 529 1219 585 υἱῶν
1245 531 1516 600 Ἰσραήλ.
1549 537 1644 590 Ἐκ
1667 539 1876 607 φυλῆς

1982 546 2210 615 filiorum
2245 547 2438 605 Israel.
2470 546 2554 606 Ex
2580 555 2720 608 tribu
2751 556 2918 624 Juda,
2947 561 3149 632 signati
3177 576 3329 620 erant
3364 571 3562 624 duode-

303 619 511 682 Ἰούδα,
576 619 807 675 δώδεκα
886 620 1155 690 χιλιάδες
1224 624 1697 695 ἐσφραγισμένοι
1735 643 1751 660 ο
1805 631 1875 684 ἐκ

287 710 491 779 φυλῆς
517 711 802 781 Ῥουσείμ,
820 711 1052 768 δώδεκα
1090 715 1362 783 χιλιάδες
1384 718 1874 789 ἐσφραγισμένου

287 804 356 857 ἐκ
381 803 586 873 φυλῆς
617 806 767 868 Γὰδ,
797 805 1028 860 δώδεκα
1057 807 1327 876 χιλιάδες
1360 811 1830 882 ἐσφραγισμένοι
1857 831 1871 843 ·

285 897 354 951 ἐκ
369 898 574 966 φυλῆς
603 898 801 968 Ἀσὴρ,
820 899 1050 954 δώδεκα
1073 901 1342 969 χιλιάδες
1371 905 1845 975 ἐσφραγισμένοι
1861 925 1875 938 ·

285 990 354 1042 ἐκ
407 989 610 1058 φυλῆς
643 992 1003 1060 Νεφθαλείμ,
1049 993 1281 1047 δώδεκα
1350 995 1614 1063 χιλιάδες
1659 999 1882 1066 ἐσφρα-

289 1080 558 1149 γισμένοι
586 1097 599 1110 ⁸
627 1082 697 1136 ἐκ
742 1082 942 1152 φυλῆς
968 1084 1290 1154 Μανασσῆ,
1323 1086 1550 1142 δώδεκα
1597 1091 1872 1159 χιλιάδες

286 1171 712 1242 ἑφραγισμένοι
736 1191 752 1206 ο
783 1175 851 1228 ἐκ
875 1175 1079 1244 φυλῆς
1109 1178 1372 1246 Συμεὼν,
1405 1179 1634 1234 δώδεκα
1679 1183 1874 1251 χιλιά-

289 1263 392 1328 δες
432 1265 909 1335 ἐσφραγισμένοι
935 1283 949 1297 ’
985 1269 1054 1322 ἐκ
1075 1271 1279 1339 φυλῆς
1309 1275 1472 1337 Acut,
1513 1275 1752 1331 δώδεκα
1783 1296 1878 1347 χιο

284 1355 494 1421 λιάδες
523 1357 989 1428 ἐσφραγισμένοι
1010 1376 1024 1389 ’
1047 1361 1117 1415 ἐκ
1133 1363 1338 1432 φυλῆς
1362 1365 1630 1435 Ἰσάχιιρ,
1651 1369 1880 1424 δώδεκα

289 1446 563 1514 χιλιάδες
589 1449 1062 1520 ἐσφραγισμένοι
1089 1470 1104 1485 ο
1152 1455 1222 1508 ἐκ
1251 1457 1457 1525 φυλῆς
1494 1459 1738 1529 Ἰωσὴφ,
1769 1460 1881 1514 δώ·

1968 639 2082 714 νεὶιιι
2122 641 2292 693 millia
2330 658 2347 695 :
2392 659 2456 696 ea:
2509 644 2653 698 tribu
2697 645 2900 716 Ruben,
2930 653 3208 708 duodecim
3265 660 3434 714 millia
3487 663 3562 714 si-

1979 731 2124 798 gnati
2159 751 2171 785 :
2209 747 2273 786 ex
2296 734 2434 786 tribu
2476 734 2592 788 ϐοά
2638 738 2915 793 duodecim
2974 744 3146 798 millia
3189 747 3388 816 signati
3433 766 3452 802 :
3493 767 3558 804 ea:

1978 820 2118 873 tribu
2170 825 2322 887 Aser,
2365 825 2641 880 duodecim
2683 830 2849 884 millia
2901 834 3136 901 signati:
3167 855 3231 890 ea;
3272 839 3417 892 tribu
3460 839 3562 894 Ne-
3615 866 3622 870 ~

1980 910 2236 977 plitltalim
2257 913 2534 970 duodecim
2567 919 2734 971 millia
2767 921 3005 991 signati:
3037 941 3101 978 ex
3127 930 3263 981 tribu
3287 929 3563 994 Manasse,

1983 1002 2258 1058 duodecim
2313 1008 2480 1060 millia
2529 1011 2728 1079 signati
2781 1029 2799 1066 :
2848 1030 2912 1067 ea;
2953 1019 3092 1071 tribu
3139 1019 3388 1088 Simeon,
3435 1025 3567 1078 duo-

1974 1096 2142 1148 decim
2162 1098 2335 1152 millia
2371 1102 2567 1170 signati
2593 1120 2611 1157 :
2640 1121 2704 1157 ex
2735 1105 2875 1160 tribu
2904 1107 3030 1162 Levi
3070 1112 3350 1166 duodecim
3396 1119 3564 1169 millia

1974 1187 2172 1256 signati
2206 1207 2225 1244 :
2264 1209 2328 1245 ex
2351 1195 2490 1247 tribu
2522 1193 2767 1260 Isac/iar,
2805 1200 3080 1255 duodecun
3109 1206 3287 1261 millia
3323 1210 3563 1278 signati:

1979 1295 2042 1332 ex
2087 1281 2230 1334 tribu
2263 1282 2463 1354 Ioseph
2503 1289 2781 1342 duodecim
2834 1292 3008 1346 millia
3062 1297 3259 1365 signati
3285 1315 3384 1351 :ea:
3425 1304 3566 1353 tribu

1981 1368 2244 1438 Zabulon,
2271 1375 2546 1431 duodecim
2580 1381 2750 1433 millia
2777 1385 2970 1453 signati
3002 1403 3018 1440 :
3054 1403 3118 1440 ex
3165 1390 3304 1442 tribu
3362 1389 3566 1461 Benja-

1981 1467 2115 1528 ntin,
2139 1465 2416 1519 duodecim
2439 1469 2612 1522 millia
2639 1472 2854 1540 signati.

285 1537 433 1592 δέκα
483 1541 754 1608 χιλιάδες
793 1542 1265 1615 ἐσφραγισμένοι
1297 1564 1311 1577 ⁸
1373 1550 1442 1604 ἐκ
1488 1553 1696 1622 φυλῆς
1766 1557 2124 1624 Ζαϐουλὼν,
2159 1558 2387 1615 δώδεκα
2446 1537 2715 1632 χιλιάδες
2779 1567 3296 1642 ἐσφραγισμένοι·
3349 1577 3416 1630 ἐκ
3455 1595 3568 1647 φυ-

283 1633 403 1702 λῆς
435 1636 739 1705 Βενιιιμὶν,
765 1638 998 1693 δώδεκα
1057 1640 1328 1709 χιλιάδες
1358 1643 1867 1716 ζέσφραγισμένοι.

357 1726 550 1780 Πολλοὶ
597 1730 706 1799 γὰρ
742 1724 882 1799 ἦσαν
925 1732 1019 1784 καὶ
1052 1731 1284 1802 ἀριθμὸν
1332 1733 1767 1806 ὑπερϐάλλοντες
1815 1741 1867 1790 οἱ

2048 1737 2202 1794 Multi
2237 1742 2507 1812 siquidem
2547 1759 2707 1802 erant
2755 1752 3105 1823 maximoque
3138 1772 3367 1813 numero
3397 1761 3488 1830 qui
3535 1779 3566 1816 c

284 1819 508 1889 Χριστῷ
538 1820 938 1884 πιστεύσαντες
969 1823 1036 1874 ὲκ
1090 1823 1204 1878 τῶν
1252 1825 1549 1881 Ἰουδαίων.
1583 1830 1692 1882 Καὶ
1729 1830 1872 1900 μάρ-

1982 1831 2182 1890 ludatis
2233 1836 2284 1889 in
2335 1834 2617 1893 Christum
2653 1844 3044 1900 crediderant:
3080 1849 3239 1917 cuius
3288 1853 3364 1905 rei
3400 1862 3565 1909 testes

281 1927 446 1980 τυρες
474 1912 524 1964 oi.
562 1913 757 1984 Παύλῳ
781 1912 859 1984 τῷ
886 1913 1018 1985 θείῳ
1054 1917 1114 1968 ὲν
1163 1916 1524 1990 Ἰερουσαλὴμ
1576 1924 1860 1992 γενομένῳ

281 2004 536 2071 λέγοντες
557 2020 571 2035 ·
603 2024 620 2056 ι
645 2005 905 2077 Θεωρεῖς,
922 2008 1142 2077 ἀδελφὲ,
1171 2011 1339 2065 πόσαι
1360 2014 1622 2083 μυριάδες
1646 2016 1755 2068 είσὶ
1769 2017 1877 2068 τῶν

281 2100 733 2154 πεπιστευκότων
768 2103 1072 2170 Ἰουδαίων;
1103 2124 1120 2155 ι
1146 2105 1382 2169 Τούτους
1397 2107 1452 2160 δὲ
1471 2108 1545 2179 μὴ
1583 2113 1876 2181 μετασχεῖν

280 2193 380 2260 τῆς
405 2191 512 2244 ὑπὸ
570 2191 858 2264 Ῥωμαίων
925 2196 1324 2267 πανωλεθρίας,
1355 2201 1384 2252 ὀ
1413 2203 1770 2270 χρηματίζων
1802 2203 1880 2274 τῷ

282 2284 646 2357 εὐαγγελιστῇ
675 2303 861 2356 φησιν.
892 2286 1058 2342 Οὔπω
1105 2289 1213 2361 γὰρ
1237 2292 1270 2361 ἡ
1294 2291 1401 2345 ὑπὸ
1436 2293 1725 2364 Ῥωμαίων
1772 2299 1880 2349 ἀπο

281 2374 454 2428 ὡλεια
494 2377 786 2443 Ἰουδαίους
817 2381 1164 2450 κατειλήφει,
1196 2384 1284 2436 ὅτε
1320 2385 1416 2439 καὶ
1441 2380 1596 2449 οὗτος
1624 2387 1652 2438 ό
1710 2387 1878 2455 εὐαγ-

287 2469 541 2540 γελιστὴς
571 2472 980 2543 ἐχρησμῳδεῑτο
1001 2475 1200 2530 ταῦτα.
1234 2479 1341 2532 Καὶ
1386 2479 1488 2533 οὐκ
1519 2482 1576 2532 ὲν
1609 2480 1878 2551 Ἰερουσα-

284 2563 416 2633 λὴμ,
439 2564 555 2617 ἀλλ’
593 2566 650 2618 ὲν
699 2567 879 2637 Ἰωνίᾳ
909 2570 974 2638 τῇ
1020 2568 1142 2622 κατ’
1173 2570 1429 2640 Ἔφεσον.
1466 2571 1624 2626 Μετὰ
1665 2576 1774 2645 γὰρ
1819 2576 1879 2628 τὸ

287 2653 458 2717 πάθος
481 2654 576 2708 τοῦ
611 2657 818 2726 Κυρίου
845 2658 980 2712 δέκα
1013 2664 1110 2713 καὶ
1143 2661 1385 2732 τέσσαρα
1417 2663 1554 2732 μόνα
1589 2663 1685 2734 ἔτη
1707 2683 1881 2734 προσ-

287 2746 545 2815 ήδρευσεν
577 2750 636 2801 ἐν
683 2750 1063 2822 Ἰερουσαλὴμ,
1127 2754 1230 2807 ὅσα
1257 2755 1353 2806 καὶ
1403 2756 1463 2808 τὸ
1497 2755 1754 2827 Θεοδὸχον
1781 2759 1880 2825 τῆς

287 2839 382 2892 τοῦ
428 2841 633 2910 Κυρίου
660 2843 886 2914 Μητρὸς
915 2845 1116 2915 σκῆνος
1147 2849 1214 2918 τῇ
1263 2848 1508 2919 ὲγκαίρῳ
1535 2852 1705 2921 ταύτῃ
1765 2850 1876 2923 ζωῇ

286 2935 430 3004 μετὰ
454 2935 516 2988 τὸ
544 2934 717 2998 πάθος
747 2938 843 2989 καὶ
895 2937 997 3009 τὴν
1049 2938 1346 2992 ἀνάστασιν
1385 2941 1480 2993 τοῦ
1516 2941 1757 3012 ἀφθόρου
1793 2943 1880 2995 τό-

285 3043 384 3078 κου
437 3026 605 3096 αὐτῆς
633 3027 932 3098 διετηρήθη
967 3044 982 3060 °
1021 3022 1182 3100 ᾖκαὶ
1223 3031 1528 3101 συμπαρῆν
1567 3031 1662 3086 ἆτε
1705 3036 1878 3104 μητρὶ

286 3119 394 3171 ὑπὸ
417 3119 513 3172 τοῦ
547 3120 756 3192 Κυρίου
793 3120 944 3191 αύτῷ
969 3121 1409 3193 παραδεδομένῃ.
1453 3124 1610 3176 Μετὰ
1639 3126 1748 3195 γὰρ
1771 3126 1872 3197 τὴν

285 3211 590 3266 ἁποὸίωσιν
623 3213 848 3283 ταύτης,
875 3213 976 3266 οὐκ
1005 3213 1085 3267 ἔτι
1110 3217 1177 3285 τῇ
1233 3213 1465 3284 Ἰουδαίᾳ
1494 3193 1873 3288 ἐμφιλοχωρῆ-
1898 3193 1940 3250 C

287 3321 400 3366 σαι,
453 3304 592 3358 ἀλλὰ
647 3304 784 3376 πρὸς
844 3303 1080 3374 Ἔφεσον
1121 3307 1457 3375 μεταστῆναι
1489 3306 1653 3360 αὐτὸν
1683 3307 1867 3375 λόγος.

289 3396 428 3449 Καθ’
461 3396 550 3466 ἦν,
579 3397 652 3459 ὡς
687 3396 922 3466 εἴρηται,
951 3397 1045 3450 καὶ
1073 3397 1140 3449 τὰ
1171 3397 1270 3467 τῆς
1300 3398 1672 3468 προκειμένης
1714 3399 1875 3452 Ἀπο-

287 3489 576 3558 καλύψεως
638 3489 1025 3560 ἐνεργηθῆναι,
1056 3489 1164 3542 τῶν
1217 3489 1522 3558 μελλόντων
1575 3490 1744 3545 οὖσαν
1780 3492 1876 3563 δή·

288 3584 478 3646 λωσιν,
516 3582 635 3637 καθ’
701 3585 784 3637 ὃτι
842 3583 982 3652 μετὰ
1010 3583 1074 3635 τὸ
1123 3583 1566 3656 τεσσαρακοστὸν
1619 3583 1738 3647 ἔτος
1774 3585 1876 3655 τῆς

288 3676 611 3748 ἀναλήψεως
639 3676 734 3729 τοῦ
768 3675 973 3746 Κυρίου
1001 3674 1142 3727 κατὰ
1165 3674 1274 3727 τῶν
1330 3675 1600 3747 Ἐϐραίων
1631 3678 1664 3746 ἡ
1696 3676 1874 3747 θλίψις

293 3769 617 3840 συνηνέχθη.
655 3769 778 3822 Ὅτι
796 3767 854 3820 δὲ
874 3767 968 3820 καὶ
993 3765 1238 3836 ἀριθμοῦ
1263 3767 1573 3836 κρείττονες
1605 3770 1656 3822 oi
1683 3769 1874 3823 διασω-

293 3863 481 3925 θέντες
505 3862 683 3932 δῆλον.
713 3861 788 3914 Οὐ
819 3860 979 3930 μόνον
1012 3859 1122 3930 γὰρ
1148 3860 1197 3912 οἱ
1255 3861 1436 3913 πιστοὶ
1482 3860 1742 3930 διέφυγον
1784 3864 1876 3917 τὸν

290 3956 516 4028 δλεθρον
554 3955 645 4008 τὸν
668 3955 772 4007 ὑπὸ
829 3951 1142 4024 Ῥωμαίων,
1177 3953 1314 4006 ἀλλὰ
1352 3955 1446 4006 καὶ
1483 3954 1532 4006 οἱ
1581 3956 1639 4006 ἐν
1683 3956 1877 4029 ἀγνοίᾳ

291 4049 370 4120 τῷ
401 4048 624 4119 σταυρῷ
661 4047 753 4101 τοῦ
792 4047 997 4114 Κυρίου
1059 4045 1486 4115 συνηργηκότες.
1541 4046 1603 4099 Ἡ
1623 4049 1877 4118 ἀκρίϐεια

291 4140 394 4208 τῆς
427 4138 489 4203 ἐξ
519 4139 752 4208 ἑκάστης
784 4137 959 4208 φυλῆς
1001 4137 1247 4205 ἰσότητος
1291 4137 1580 4206 ἐμφαίνειν
1615 4139 1762 4192 δοκεῖ
1784 4142 1876 4196 τὸν

294 4228 776 4298 πσλυπλασιασμὸν
821 4227 918 4280 τοῦ
969 4225 1332 4280 ἀποστολικοῦ
1375 4227 1578 4298 σπόρου
1640 4231 1878 4285 δωδεκά-

294 4338 381 4383 κις
442 4318 1091 4389 δωδεκαπλασιαζομένου
1131 4317 1226 4370 ἐπὶ
1274 4317 1366 4372 τὸν
1415 4320 1623 4374 τέλειον
1649 4321 1758 4375 τῶν
1791 4342 1876 4393 χι-

291 4415 494 4467 λιάδων
533 4413 780 4484 ἀριθμὸν,
818 4412 913 4464 καὶ
954 4409 1128 4472 οὕτως
1157 4409 1257 4474 τὰς
1315 4411 1577 4482 ῥηθείσας
1628 4414 1877 4484 χιλιάδας

293 4506 680 4560 ἀποτελοῦντα.
713 4502 1146 4575 Ἐπισημαντέον
1171 4503 1229 4556 δὲ
1252 4505 1409 4557 τοῦτο
1444 4503 1519 4568 ὡς
1551 4507 1583 4576 ή
1615 4509 1757 4578 φυλὴ
1778 4509 1874 4562 τοῦ
1908 4541 1952 4595 D

296 4600 405 4652 Δάν
449 4597 536 4652 διὰ
593 4599 656 4651 τὸ
708 4599 769 4662 ἐξ
811 4599 980 4666 αὐτῆς
1011 4599 1102 4653 τὸν
1163 4600 1532 4671 Ἀντίχριστον
1569 4600 1874 4664 τίκτεσθαι,

295 4694 418 4754 ταῖς
443 4691 658 4751 λοιπαῖς
691 4691 752 4742 ού
787 4691 1166 4757 συντέτακται,
1216 4692 1329 4747 ἀλλ’
1363 4694 1480 4746 ἀντ’
1509 4694 1680 4763 αὐτῆς
1719 4695 1751 4763 ἡ
1785 4692 1879 4746 τοῦ

295 4783 428 4837 Λευῖ
457 4823 472 4845 ,
511 4784 585 4845 ὡς
640 4784 895 4854 ίερατικὴ
941 4785 1022 4848 είς
1085 4786 1352 4856 μερισμὸν
1376 4788 1629 4857 ἐχομένη.
1665 4788 1768 4839 Τὸν
1821 4787 1880 4840 δὲ

311 4877 512 4946 Ἰωσὴφ
537 4879 659 4930 ἀντὶ
691 4874 785 4929 τοῦ
829 4876 1069 4947 Ἐφραῖμ
1088 4877 1184 4932 τοῦ
1211 4876 1330 4930 υἱοῦ
1351 4878 1516 4931 αὐτοῦ
1543 4878 1776 4942 τέθεικε,
1810 4879 1886 4942 ὡς

299 4971 400 5022 οὐκ
423 4970 650 5038 ἄκαιρον
682 4969 989 5040 μνησθῆναι
1024 4969 1118 5022 καὶ
1188 4969 1296 5021 τῶν
1337 4969 1619 5032 ὀνομάτων
1652 4971 1885 5024 ἑκάστου

299 5061 410 5114 τῶν
439 5061 751 5131 φυλάρχων.
785 5062 991 5115 Αὐτίκα
1039 5063 1148 5131 γὰρ
1173 5063 1273 5131 τὴν
1301 5063 1362 5127 ἐξ
1419 5061 1596 5115 Ἰούδα
1626 5062 1801 5132 φυλὴν
1829 5062 1888 5126 ὃς

302 5152 742 5222 ἐξομολόγησις
757 5151 1144 5223 ἑρμηνεύεται,
1158 5153 1494 5206 αἰνίττεσθαι
1508 5153 1740 5223 λέγομεν
1761 5154 1889 5215 τοὺς

304 5247 393 5301 διὰ
427 5249 714 5316 μετανοίας
767 5249 860 5301 καὶ
892 5248 1111 5318 ἀγάπης
1143 5248 1244 5319 τῆς
1293 5246 1428 5318 πρὸς
1473 5248 1564 5300 τὸν
1613 5247 1672 5311 ἐξ
1724 5247 1890 5302 αὑτοῦ

309 5340 687 5410 βλαστήσαντα
711 5341 946 5411 Χριστὸν
974 5340 1334 5411 σωζομένους.
1367 5339 1479 5407 Τὴν
1504 5340 1560 5392 δὲ
1597 5340 1694 5394 τοῦ
1739 5340 1890 5394 Ῥου-

309 5434 440 5502 οεὶμ
494 5434 589 5486 τοῦ
649 5433 961 5504 δηλοῦντος,
1024 5435 1101 5500 ὡς
1158 5433 1417 5504 ὁρῶντος
1463 5432 1620 5498 υἱοῦ,
1671 5433 1703 5504 ἢ
1754 5433 1890 5487 υἱοῦ

311 5525 596 5592 ὁράσεως,
628 5528 755 5590 τοὺς
787 5527 1063 5599 καθαροὺς
1091 5530 1156 5598 τῇ
1181 5526 1376 5598 καρδίᾳ
1415 5527 1510 5578 καὶ
1545 5526 1786 5596 ὁρῶντας
1812 5526 1890 5595 τάξ)

313 5620 604 5690 πνεύματι.
633 5621 744 5691 Τὴν
769 5620 825 5674 δὲ
861 5621 966 5674 Γὰδ
991 5621 1020 5674 ὃ
1061 5621 1211 5692 δηλοί
1236 5621 1570 5690 πειρασμὸν
1600 5620 1631 5689 ἦ
1684 5635 1889 5688 πειρα-

313 5711 539 5781 τήριον,
573 5713 700 5776 τοὺς
721 5712 808 5767 διὰ
839 5713 1072 5783 θλίψεων
1097 5714 1190 5768 καὶ
1213 5714 1539 5784 πειρασμῶν
1580 5711 1654 5776 ὡς
1682 5713 1887 5784 χρυσὸν

385 5873 423 5902 δ’
448 5876 569 5925 Art.
595 5877 810 5932 κακίω.

1980 1931 2132 1974 erant
2185 1922 2278 1991 qui
2332 1924 2460 1978 divo
2514 1925 2705 1992 Paulo,
2751 1947 2876 1986 cum
2909 1933 3290 2010 Hierosolyma
3329 1943 3568 1999 venisset

1979 2014 2251 2077 dicebant.
2290 2035 2308 2068 ι
2345 2016 2530 2084 Vides,
2564 2020 2905 2094 frater,quot
2941 2031 3215 2098 myriades
3243 2033 3564 2090 sinteorum

1979 2107 2070 2175 qui
2102 2109 2452 2165 crediderunt
2490 2111 2800 2169 Judaeorum
2831 2119 2914 2172 "?
2950 2137 2968 2170 ι
3015 2119 3122 2177 llos
3156 2137 3338 2178 autem
3375 2127 3421 2181 is
3472 2129 3566 2198 qui

1979 2202 2292 2269 cvauglistaa
2313 2205 2405 2258 dat
2433 2210 2676 2272 oracula,
2703 2210 2779 2264 ait
2839 2227 2945 2266 non
2979 2213 3100 2270 lore
3147 2217 3441 2288 participes
3475 2223 3558 2272 iu-

1982 2295 2310 2350 ternecionis
2354 2297 2674 2354 inducenda:
2725 2319 2754 2356 a
2792 2302 3056 2360 Romanis
3090 2327 3103 2362 :
3136 2310 3380 2364 nondum
3417 2314 3563 2366 enim

1979 2383 2197 2442 Judaeos
2258 2392 2748 2460 comprehenderat
2797 2399 3031 2453 vastatio
3079 2417 3108 2454 a
3155 2401 3418 2458 Romanis
3473 2408 3569 2459 ad-

1980 2478 2167 2541 ducta.
2207 2497 2330 2535 cum
2385 2485 2717 2554 evangelista
2773 2489 2887 2543 lucc
2937 2494 3241 2561 susciperet
3290 2498 3560 2554 oracula:

1984 2585 2082 2624 nec
2109 2570 2158 2623 id
2194 2569 2612 2645 Hierosolymis,
2671 2579 2764 2630 sed
2828 2578 2879 2631 in
2919 2577 3066 2633 lonia
3117 2598 3238 2650 qum
3286 2591 3370 2636 est
3411 2582 3567 2652 juxta

1981 2660 2279 2731 Ephesum.
2315 2665 2595 2736 Siquidem
2628 2670 3045 2738 quatuordecim
3097 2674 3364 2729 duntaxat
3402 2678 3566 2732 annis

1980 2769 2010 2808 a
2062 2753 2282 2810 Christo
2338 2773 2500 2827 passo
2552 2762 2856 2828 permansit
2906 2762 3327 2836 Hierosolymis,
3367 2768 3567 2836 quibus

1991 2846 2157 2900 etiam
2180 2849 2596 2904 tabernaculum
2629 2851 2822 2906 Matris
2858 2853 3071 2906 Domini
3117 2857 3262 2924 quod
3299 2856 3467 2911 Deum
3510 2859 3564 2912 iu

1981 2953 2038 2990 se
2068 2952 2409 3009 susceperat,
2434 2941 2488 2995 in
2548 2943 2651 2996 hac
2705 2947 2994 3014 temporali
3049 2948 3154 3001 vita
3189 2958 3313 3016 post
3343 2951 3556 3019 passio-

1983 3045 2106 3083 nem
2137 3049 2199 3085 ac
2249 3035 2700 3090 resurrectionem
2753 3038 2836 3092 sui
2879 3038 3182 3110 incorrupti
3214 3053 3404 3110 partus
3449 3059 3566 3098 ser-

1981 3135 2165 3177 vatum
2203 3135 2287 3179 est
2325 3143 2338 3179 :
2376 3142 2500 3181 cum
2561 3144 2668 3198 qua
2719 3129 2806 3184 hic
2850 3147 3066 3202 semper
3103 3137 3309 3199 aderat,
3364 3145 3421 3190 ut
3475 3139 3564 3190 cui

1977 3225 2148 3271 mater
2183 3218 2373 3272 tradita
2422 3219 2600 3274 fuerat
2645 3237 2674 3275 a
2729 3220 2982 3277 Domino.
3009 3223 3136 3278 Post
3187 3226 3350 3293 hujus
3397 3244 3560 3281 nam-

1977 3324 2085 3377 que.
2121 3309 2399 3364 interitum
2455 3311 2627 3366 fertur
2670 3330 2778 3369 non
2813 3315 3048 3385 amplius
3086 3321 3459 3386 permansisse
3508 3321 3564 3374 in

1975 3398 2184 3464 Judaca,
2217 3401 2382 3474 714
2427 3404 2520 3458 sed
2575 3407 2837 3461 transisse
2876 3406 2931 3461 in
2974 3406 3247 3477 Ephesum
3289 3427 3304 3464 :
3351 3411 3403 3465 in
3456 3429 3565 3482 qua

1976 3493 2164 3558 etiam,
2192 3505 2252 3547 ut
2299 3497 2508 3549 dictum
2542 3508 2646 3562 est,
2683 3500 2994 3569 conscripta
3036 3516 3165 3556 sunt
3198 3521 3320 3574 qua:
3354 3505 3408 3558 in
3448 3508 3552 3564 hac

1980 3586 2250 3640 habentur
2288 3588 2636 3660 Apocalypsi,
2671 3607 2794 3662 quae
2833 3603 2916 3647 est
2973 3593 3304 3663 signiﬁcatio
3339 3597 3559 3652 futuro-

1977 3693 2099 3732 rum
2137 3695 2150 3733 :
2181 3696 2245 3733 eo
2285 3682 2429 3749 quod
2460 3692 2583 3751 post
2609 3682 3091 3754 quadragesimum
3121 3705 3326 3742 annum
3368 3691 3437 3744 ab
3469 3707 3564 3746 as-

1979 3780 2200 3840 sumpto
2223 3771 2451 3826 Domino
2472 3775 2745 3830 successit
2766 3775 2984 3832 aﬁlictio
3002 3779 3264 3835 adversus
3290 3780 3571 3839 llehrzeos.

1979 3863 2135 3931 Quod
2161 3875 2343 3920 autem
2374 3868 2678 3921 vehementi
2709 3885 2935 3923 numero
2958 3873 3158 3926 servati
3187 3871 3410 3940 fuerint,
3440 3891 3565 3929 ma-

1979 3956 2237 4010 nifestum
2290 3965 2394 4010 est.
2433 3955 2621 4026 Neque
2656 3958 2801 4012 enim
2849 3959 2952 4012 soli
3019 3960 3209 4015 ﬁdeles
3260 3961 3568 4031 etIngerant

1979 4048 2259 4102 interitum
2293 4063 2323 4101 a
2367 4047 2633 4104 Romanis
2689 4051 3118 4120 provenieutem,
3156 4053 3250 4107 sed
3284 4064 3337 4107 et
3375 4054 3428 4108 lii
3473 4055 3568 4124 qui

1980 4141 2296 4210 ignei-auter
2319 4142 2383 4195 ad
2419 4143 2631 4204 Domini
2665 4143 2975 4211 passionem
3007 4147 3287 4214 conpl-rati
3325 4146 3568 4202 fuerant.

1981 4231 2268 4302 ASqualem
2329 4242 2508 4287 autem
2566 4244 2756 4288 exacte
2817 4236 3050 4304 positum
3109 4253 3228 4291 esse
3281 4254 3567 4292 numerum

1980 4323 2038 4378 in
2085 4324 2316 4394 singulis
2366 4326 2620 4379 tribubus
2663 4327 2955 4382 ostendere
2982 4328 3198 4382 videtur
3253 4331 3554 4398 plurimum

1981 4418 2400 4486 multiplicatum
2456 4434 2581 4474 esse
2631 4435 2815 4474 semen
2869 4423 3257 4490 apostolicum,
3311 4425 3456 4477 adeo
3509 4433 3569 4476 ut

1981 4509 2276 4565 duodecies
2323 4510 2527 4564 factum
2567 4514 2640 4566 sit
2678 4511 3083 4583 duodecuplum
3141 4518 3206 4568 ad
3264 4515 3566 4582 perlectum

1981 4618 2275 4657 nun‘ierum
2337 4603 2728 4665 millcnarium,
2791 4605 2885 4674 qui
2957 4607 3032 4659 ita
3098 4607 3343 4674 perﬁciat
3392 4609 3570 4663 dictas

1983 4695 2276 4750 chiliadcs.
2330 4695 2888 4751 Animadvertendum
2943 4707 3020 4752 est
3103 4710 3285 4754 autem
3364 4701 3570 4754 tribum

1985 4787 2098 4841 Dan
2127 4789 2340 4842 caeteris
2373 4803 2481 4842 non
2516 4803 2642 4843 esse
2670 4799 3115 4855 annumeralam,
3159 4809 3224 4846 co
3266 4793 3408 4862 quod
3445 4809 3574 4863 pro-

1987 4881 2274 4934 ducendus
2301 4881 2372 4934 sit
2398 4896 2467 4934 ex
2495 4881 2611 4950 ipsa
2647 4883 3041 4951 Autichristus,
3077 4887 3171 4938 sed
3212 4901 3308 4954 pro
3356 4903 3417 4939 ea
3445 4903 3576 4956 sup--

1988 4974 2162 5042 posita
2193 4983 2276 5028 est
2319 4975 2495 5028 tribus
2543 4973 2692 5038 Levi,
2737 4976 2894 5043 quasi
2929 4977 3290 5032 sacerdotalis
3323 4979 3389 5033 ad
3426 4979 3572 5033 divi-

1989 5065 2200 5118 sionem
2265 5065 2556 5133 pertingat.
2613 5063 2786 5119 Porro
2829 5063 3031 5136 Joscpli
3113 5083 3211 5137 pro
3282 5069 3394 5124 ﬁlio
3471 5084 3576 5123 suo

1993 5155 2254 5225 Ephraim
2299 5157 2510 5225 positus
2563 5167 2665 5221 est,
2725 5157 2798 5213 ita
2841 5169 2900 5212 ut
2958 5163 3404 5230 intempestivum
3462 5178 3579 5215 non

1993 5247 2158 5300 fuerit
2189 5247 2521 5300 mentionem
2543 5245 2722 5302 facere
2747 5249 3030 5303 nominum
3054 5252 3322 5321 cujusque
3342 5252 3574 5320 patriar-

1987 5341 2104 5395 cha:
2153 5340 2348 5393 harum
2392 5340 2655 5395 tribuum.
2691 5342 2889 5397 Statim
2921 5343 3068 5398 enim
3106 5346 3281 5401 tribus
3311 5361 3372 5400 ex
3406 5343 3570 5407 Juda,

1988 5434 2080 5502 qui
2124 5433 2512 5501 interpretatur
2555 5433 2837 5503 confessio,
2870 5436 3122 5508 designat
3185 5453 3282 5491 eos
3333 5438 3426 5506 qui
3478 5452 3574 5507 per

1991 5525 2364 5596 pmnitentiam
2398 5535 2452 5580 et
2481 5542 2722 5582 amorem
2781 5545 2908 5600 erga
2941 5529 3225 5585 Christum
3269 5530 3361 5600 qui
3407 5531 3476 5585 ab
3509 5546 3581 5584 eo

1990 5619 2279 5688 processit,
2329 5618 2467 5673 salvi
2528 5621 2682 5673 liunt.
2719 5618 2921 5677 Tribus
2986 5631 3166 5676 autem
3230 5623 3444 5688 Ruben,
3477 5624 3573 5692 qui

1989 5711 2264 5780 signiﬁcat
2321 5711 2583 5781 tanquam
2618 5713 2798 5768 ridens
2839 5713 2982 5784 [ilius
3015 5721 3110 5768 aut
3159 5715 3286 5769 visio
3318 5715 3440 5785 ﬁlii,
3479 5728 3572 5768 osa
