4046 6562
416 352 522 416 607

1262 365 1595 429 ΛΒΕΤΗᾸΞ
1635 371 2011 438 CAESARE/ﬁ
2049 377 2531 446 CAPPADOCIE
2571 389 2916 453 EPISCOPI

3591 401 3700 466 €08

416 471 587 528 tendit
623 489 788 544 puros
826 475 991 531 corde
1016 476 1108 548 qui
1148 491 1380 535 cernunt
1430 499 1527 554 per
1557 486 1832 555 spiritum.
1872 491 2008 560 Tris

2100 501 2530 570 πεπυρωμένους
2555 503 2633 575 τῷ
2661 505 2868 578 δοκίμῳ
2924 508 3023 578 τῆς
3071 508 3327 578 πίστεως.
3356 513 3467 585 ’Ῑξὴν
3493 516 3548 571 δέ
3601 522 3697 576 τοῦ

416 567 518 620 bus
545 583 668 622 vero
704 567 840 630 Gad,
875 571 968 640 qui
1022 572 1294 642 signiticat
1327 579 1670 632 tentationem
1702 592 1798 636 aut
1823 585 1996 639 locant

415 659 743 723 tentationis,
776 678 872 717 eos
904 664 1086 718 innuit
1119 666 1208 735 qui
1254 684 1350 737 per
1377 669 1697 728 alﬂictiones
1729 691 1792 728 ac
1819 686 1996 732 tenta-

415 751 588 804 tiones
620 763 878 822 tauquam
917 773 1112 812 aurum
1144 760 1266 830 igne
1300 764 1597 818 examinati
1634 777 1762 820 sunt
1799 770 1996 837 proha-

413 844 558 896 tione
584 845 726 901 lidei.
765 848 931 903 l'orro
952 851 1128 906 tribus
1153 853 1308 916 Aser,
1338 871 1432 923 per
1460 873 1621 925 quem
1647 858 1994 929 significatur

410 936 701 1002 beatitudo,
730 958 824 995 eos
847 943 1096 1014 designat
1131 947 1222 1014 qui
1254 950 1635 1004 observatione
1665 955 1991 1011 traditarum

410 1046 438 1081 a
483 1029 593 1083 Deo
631 1034 1052 1101 beatitudinum,
1081 1041 1220 1092 nacti
1253 1051 1385 1095 sunt
1421 1041 1812 1102 beatitudinem
1852 1066 1993 1104 nun-

408 1138 570 1188 quam
627 1127 949 1183 desitnram.
988 1131 1255 1185 Caeterum
1318 1135 1492 1189 tribus
1540 1134 1849 1207 Nepthalim
1900 1145 1994 1214 qui

411 1215 799 1286 interpretatur
815 1222 1126 1292 intelligens.
1148 1234 1243 1278 aut
1267 1243 1414 1280 ramo
1433 1232 1514 1284 vel
1531 1233 1686 1302 stirpi
1705 1251 1986 1305 appensus,

407 1320 504 1359 eos
534 1307 783 1375 designat
819 1311 910 1378 qui
941 1328 1064 1364 cum
1095 1328 1246 1367 ramo
1283 1316 1364 1369 vel
1395 1326 1590 1374 trunco
1614 1322 1707 1390 qui
1749 1335 1831 1377 est
1857 1339 1994 1379 crux

406 1396 610 1451 Christi
653 1404 998 1460 contendunt
1047 1414 1102 1460 et
1152 1405 1513 1479 intelligentia
1563 1415 1810 1470 coronati
1841 1425 1993 1480 sunt,

404 1507 469 1545 ac
493 1493 765 1548 daemones
799 1511 894 1564 per
927 1497 1060 1553 illud
1092 1501 1254 1556 veluti
1288 1519 1458 1558 cornu
1495 1516 1708 1576 petunt.
1748 1507 1991 1564 Rursum

405 1582 579 1638 tribus
620 1589 884 1653 Manasse,
920 1591 1012 1660 qui
1043 1594 1110 1645 ab
1165 1593 1424 1650 oblivione
1475 1601 1644 1654 sumit
1667 1601 1993 1670 interpreta-

404 1674 632 1741 tionem,
666 1693 760 1734 eos
791 1681 966 1736 innuit
991 1685 1084 1753 qui
1108 1688 1286 1754 gentis
1313 1698 1406 1744 aut
1436 1689 1654 1746 familiae
1683 1702 1797 1748 'suar
1841 1693 1994 1748 obliti

407 1778 535 1822 sunt
581 1782 803 1841 propter
847 1773 1150 1842 Christum,
1180 1780 1332 1848 juxta
1375 1783 1543 1838 illud:
1583 1804 1602 1837 ι
1654 1784 1993 1842 Obliviscere

2113 592 2302 663 Ἀσὴρ,
2339 593 2408 646 δι’
2436 588 2498 647 οὗ
2542 599 2917 668 μακαρισμὸς
2970 602 3298 672 σημαίνεται
3330 607 3456 671 τοὺς
3496 613 3561 681 τῇ
3595 628 3697 682 τη-

2107 687 2263 756 ρήσει
2324 686 2437 740 τῶν
2468 687 2826 743 θεοδιδάκτων
2883 695 3252 764 μακαρισμῶν
3299 698 3398 767 τῆς
3455 686 3698 772 ἀλήκτου

2095 774 2454 845 τευξομὲνους
2512 781 2937 852 μακαριότητος.
2991 784 3102 856 Τὴν
3176 785 3233 838 δέ
3309 787 3404 841 τοῦ
3469 791 3695 859 Νεφθα-

2097 869 2242 939 λεὶμ,
2270 873 2708 943 ἑρμηνευομένων
2737 877 3021 942 συνετοῦ,
3047 879 3426 948 ἤστελέχους
3442 883 3700 953 ἐξημμέ⁶

2096 977 2229 1024 νου,
2263 963 2391 1026 τοὺς
2414 964 2873 1035 ἐπερειδομὲνους
2917 968 3090 1037 αὐτῷ,
3119 971 3176 1032 ὃς
3206 975 3354 1025 ἐστιν
3388 975 3416 1026 ὁ
3457 977 3694 1046 σταυρὸς

2097 1054 2192 1106 τοῦ
2209 1055 2468 1126 Χριστοῦ,
2491 1059 2580 1110 καὶ
2603 1058 3092 1129 ἐστεφανωμένους
3118 1063 3255 1133 μετὰ
3284 1067 3576 1130 συνέσεως.
3597 1069 3694 1121 καὶ

2100 1148 2156 1200 ἐν
2177 1149 2369 1219 ἐκείνῳ
2391 1151 2516 1211 τοὺς
2535 1150 2796 1220 δαίμονας
2817 1153 3224 1222 κερατὶξοντας.
3245 1156 3356 1227 Τὴν
3383 1157 3438 1209 δὲ
3462 1158 3553 1210 τοῦ
3572 1160 3696 1212 Μα-

2098 1241 2294 1309 νασσῆ,
2314 1239 2373 1304 ὃς
2399 1241 2515 1295 ἀπὸ
2541 1241 2731 1308 λήθης
2765 1244 3153 1314 ἑρμηνεύεται,
3179 1247 3307 1311 τοὺς
3327 1249 3684 1302 ἐπιλανθανο-
3715 1243 3717 1245 ’

2101 1329 2296 1398 μένους
2333 1331 2441 1383 τῶν
2477 1333 2724 1404 πατριῶν
2751 1333 2839 1386 διὰ
2871 1336 3131 1404 Χριστὸν,
3167 1337 3317 1391 κατὰ
3366 1339 3447 1398 τὸ.
3485 1359 3503 1390 t
3544 1341 3691 1393 Ἐπι-

2096 1421 2262 1475 λὰθου
2286 1423 2380 1476 τοῦ
2404 1425 2534 1476 λαού
2569 1441 2666 1478 σου
2719 1426 2813 1478 καὶ
2845 1427 2939 1479 τοῦ
2971 1428 3122 1482 οῐκου
3157 1428 3251 1483 τοῦ
3298 1434 3502 1500 πατρὸς
3527 1449 3644 1487 σου.
3669 1451 3688 1484 ι

2097 1513 2210 1583 Τὴν
2243 1514 2298 1566 δὲ
2322 1513 2417 1567 τοῦ
2453 1515 2700 1585 Συμεὼν,
2751 1519 2888 1586 ὅπερ
2934 1519 3332 1589 ἐπακουσμὸν
3359 1522 3530 1591 δηλοῖ,
3560 1525 3695 1587 τοὺς

2096 1605 2206 1657 τῶν
2238 1605 2397 1658 θείων
2418 1607 2651 1660 ἐντολῶν
2681 1609 3062 1672 ὑπακούοντας
3087 1611 3156 1664 δι’
3186 1612 3411 1680 ἀγαθῶν
3457 1616 3549 1668 καὶ
3580 1633 3680 1668 κα-

2098 1697 2281 1768 θαρῶν
2311 1697 2584 1769 πράξεων.
2609 1700 2721 1769 Τὴν
2757 1700 2812 1754 δὲ
2837 1701 2932 1754 τοῦ
2959 1702 3094 1756 Λευῒ
3126 1703 3184 1767 ὃς
3205 1706 3694 1774 προειλημμένον

2099 1787 2383 1857 σημαίνει,
2413 1791 2542 1852 τοὺς
2588 1791 2694 1844 ὑπὸ
2726 1791 2862 1845 Θεοῦ
2897 1795 3377 1864 προειλημμένους
3419 1799 3499 1859 εἰς
3525 1797 3683 1850 ἐκλο-

402 1863 587 1930 pnpuli
624 1866 699 1919 tui
734 1875 786 1921 et
825 1869 1021 1924 domus
1053 1874 1224 1939 patris
1297 1876 1371 1930 ιιιί
1411 1877 1480 1932 ⁸⁸.
1524 1896 1542 1929 ›
1577 1877 1778 1933 Tribus
1807 1889 1988 1934 autem

2097 1853 2223 1950 γήν,
2261 1881 2403 1934 κατὰ
2440 1882 2502 1933 τὸ
2531 1882 2806 1954 ψαλμικὸν
2853 1853 3055 1953 λὸίιον,
3247 1889 3304 1940 ἐν
3357 1853 3688 1952 ταῖς-θείαις

403 1951 646 2018 Simeon,
702 1957 794 2024 qui
830 1959 1184 2014 obedientiam
1212 1965 1505 2033 significat,
1534 1967 1732 2024 divinis
1773 1969 1985 2025 obtem-

401 2054 656 2112 perantes
704 2052 988 2118 prteceptis
1046 2069 1138 2121 per
1199 2056 1368 2111 bonas
1411 2073 1476 2112 ac
1526 2076 1690 2129 puras
1741 2063 1988 2118 actiones

401 2134 672 2204 designat.
709 2137 910 2194 Tribus
951 2158 1080 2196 vero
1117 2143 1268 2208 Levi,
1305 2149 1396 2215 qui
1434 2150 1706 2218 signiﬁcat
1746 2169 1986 2220 pra'ven-

405 2233 541 2290 tum,
576 2227 736 2298 715
798 2246 893 2285 eos
924 2234 1015 2302 qui
1053 2251 1081 2286 a
1113 2234 1222 2290 Deo
1261 2243 1520 2308 prteventi
1571 2253 1700 2296 sunt
1763 2245 1828 2297 ad
1875 2245 1986 2300 cle-

401 2317 638 2372 ctionem
690 2321 963 2392 designat,
1023 2326 1179 2394 juitIa
1227 2333 1548 2398 psalmicum
1592 2338 1904 2400 oraculum,
1934 2345 1988 2391 et

400 2409 490 2476 qui
531 2410 886 2468 iulialiitaturi
917 2427 1044 2470 sunt
1077 2420 1126 2472 in
1157 2421 1358 2477 divinis
1396 2426 1779 2482 tabernaculis.
1816 2427 1986 2483 Porro

400 2499 578 2555 tribus
612 2501 857 2568 lsachar,
888 2509 1031 2576 quod
1083 2520 1168 2565 cst
1218 2529 1434 2579 merces,
1469 2516 1715 2584 designat
1762 2534 1856 2572 eos
1891 2520 1985 2589 qui

399 2590 626 2645 virtutes
652 2595 1056 2652 constituerunt
1081 2601 1132 2653 in
1163 2608 1484 2673 acceptione
1511 2606 1820 2663 futurorum
1847 2626 1984 2679 prte-

399 2681 632 2734 miorum
671 2699 768 2752 pro
801 2689 1072 2744 mercede.
1107 2689 1307 2747 Tribus
1327 2707 1502 2749 autem
1535 2697 1802 2762 Zabulou,
1835 2702 1981 2771 quod

399 2773 794 2843 interpretatur
852 2795 1222 2852 prwoccupnta
1293 2785 1562 2852 liberalia,
1589 2806 1684 2845 eos
1729 2792 1982 2863 designat

399 2865 491 2933 qui
525 2866 744 2921 divitias
789 2873 1122 2940 pauperibus
1155 2875 1424 2940 dividunt,
1463 2887 1514 2932 et
1567 2895 1594 2933 a
1634 2879 1850 2936 Christo
1899 2900 1982 2938 ac-

400 2955 630 3024 cipiunt.
661 2957 860 3014 Tribus
885 2978 1013 3016 vero
1036 2962 1266 3034 Josepli.
1305 2969 1452 3037 quod
1483 2979 1562 3024 est
1595 2970 1851 3027 bonorum
1875 2975 1976 3028 ad-

395 3047 554 3110 ditia,
583 3064 678 3105 eos
711 3051 1073 3122 designatqui
1098 3056 1165 3110 ad
1193 3073 1416 3128 regnum
1447 3063 1714 3118 cmlorum
1748 3067 1799 3120 in
1825 3078 1979 3137 parte

395 3141 862 3210 augmentisuut,
897 3155 950 3199 et
979 3147 1101 3200 vitae
1152 3151 1464 3204 necessaria
1496 3154 1564 3206 ah
1618 3169 1682 3210 eo
1714 3156 1806 3224 qui
1870 3173 1976 3212 non

403 3234 666 3286 mentitur
692 3237 991 3305 accipiunt.
1017 3237 1245 3293 Dcmum
1305 3242 1478 3298 tribus
1513 3243 1795 3310 Beniamin
1831 3250 1978 3318 quod

403 3321 793 3392 interpretatur
850 3327 996 3396 ﬁlius
1059 3331 1264 3384 doloris
1347 3343 1434 3386 aut
1489 3334 1636 3402 filius
1689 3337 1830 3403 diei,
1884 3353 1981 3394 eos

397 3414 626 3468 denmat
654 3417 749 3486 qui
808 3419 876 3472 ad
915 3421 1213 3475 curandam
1279 3424 1685 3480 multitudinem
1728 3429 1979 3484 dolorum

393 3506 487 3575 qui
515 3507 567 3560 in
595 3512 758 3563 corde
787 3520 936 3575 sunt,
973 3522 1032 3566 ut
1062 3515 1209 3569 canit
1241 3515 1428 3581 David,
1459 3519 1675 3574 divinas
1706 3537 1736 3575 e
1759 3522 1976 3578 diverso

2093 1972 2541 2043 ἐγκατασκηνοῦν
2567 1974 2862 2043 μέλλοντας
2890 1977 3103 2040 αύλαῖς.
3147 1978 3258 2049 Τὴν
3291 1980 3347 2032 δὲ
3411 1979 3507 2032 τοῦ
3548 1981 3690 2032 ’1σά-

2091 2080 2218 2133 χαρ,
2249 2065 2385 2134 ὅπερ
2409 2066 2525 2118 ἐστὶ
2551 2067 2792 2134 μισθὸς,
2827 2069 2954 2131 τοὺς
3001 2069 3100 2132 τὰς
3136 2070 3341 2140 ἀρετὰς
3396 2071 3533 2142 πρὸς
3568 2072 3678 2124 τῶν

2097 2155 2404 2224 μελλόντων
2432 2156 2684 2210 ἐπάθλων
2718 2161 2815 2226 τῆς
2866 2158 3082 2228 λήψεως
3112 2162 3192 2223 εἰς
3253 2161 3443 2231 μισθὸν
3495 2161 3680 2230 ὁριζο-

2093 2245 2310 2314 μένους.
2360 2246 2470 2316 Τὴν
2509 2246 2563 2301 δὲ
2621 2247 2715 2301 τοῦ
2775 2250 3088 2314 Ζαϐουλὼν,
3132 2252 3270 2322 ὅπερ
3309 2253 3686 2323 ἑρμηνεύεται

2087 2338 2263 2403 ῥύσις
2302 2338 2771 2408 προειλημμένη,
2809 2343 2935 2403 τοὺς
2965 2345 3056 2395 τὸν
3103 2343 3330 2397 πλοῦτον
3359 2346 3472 2406 τοῖς
3527 2361 3679 2397 πτω-

2089 2431 2200 2498 χοῖς
2248 2429 2646 2499 ἀπονέμοντας,
2676 2433 2771 2485 καὶ
2805 2434 2910 2486 ὑπὸ
2956 2434 3196 2505 Χριστοῦ
3252 2436 3678 2505 προσλαμϐανο-

2092 2522 2307 2590 μένους.
2343 2522 2453 2594 Τὴν
2480 2523 2537 2576 δὲ
2595 2523 2690 2577 τοῦ
2775 2526 2996 2596 Ἰωσὴφ,
3031 2530 3170 2598 ὅπερ
3228 2529 3401 2595 ἐστιν,
3437 2526 3685 2596 ἀγαθῶν

2087 2611 2426 2680 προσθήκη,
2455 2615 2580 2676 τοὺς
2625 2617 2683 2667 ἐν
2712 2619 3028 2688 προσθήκης
3055 2621 3210 2689 μέρει
3244 2623 3380 2688 πρὶς
3440 2621 3539 2690 τὴν
3574 2619 3677 2690 βα-

2087 2704 2295 2756 σιλείαν
2325 2704 2432 2757 τῶν
2466 2705 2712 2776 οὐρανῶν
2735 2709 3168 2779 ἀναληφθέντας,
3201 2712 3294 2764 καὶ
3327 2712 3396 2764 τὰ
3438 2711 3677 2782 χρειώδη

2084 2796 2180 2848 τοῦ
2231 2796 2348 2866 βίου
2377 2799 2529 2869 παρὰ
2564 2798 2658 2850 τοῦ
2683 2799 2951 2869 ἀψευδοῦς
2972 2805 3244 2857 Δεσπὸτου
3261 2803 3670 2874 λαμϐάνοιτας.

2093 2889 2206 2960 Τὴν
2249 2889 2305 2942 δὲ
2336 2889 2430 2942 τοῦ
2478 2891 2761 2961 Βενιαμὶν,
2809 2894 2948 2964 ὅπερ
3007 2896 3139 2962 υἱὸς
3183 2897 3413 2962 ὀδύνης
3457 2895 3488 2965 ἢ
3544 2895 3683 2962 υἱὸς

2085 2981 2313 3048 ἡμέρας
2349 2982 2734 3054 ἑρμηνεύεται,
2759 2986 2887 3048 τοὺς
2948 2987 3037 3040 διὰ
3086 2987 3146 3041 τὸ
3199 2987 3402 3058 πλῆθος
3459 2987 3569 3040 τῶν
3620 2988 3681 3040 ἐν

2083 3069 2281 3142 καρδίᾳ
2325 3071 2530 3124 ὀδυνῶν
2560 3112 2576 3137 ,
2634 3073 2710 3137 ῶς
2757 3074 2923 3127 Δαϐὶδ
3008 3075 3288 3146 μελῳδεῖ,
3354 3073 3682 3145 ἐναμίλλους

2085 3163 2184 3224 τὰς
2240 3161 2390 3225 θείας
2423 3165 2799 3235 παρακλήσεις
2846 3165 2957 3236 (29)
3002 3165 3531 3236 ἀντιλαμϐάνοντες.
3564 3163 3674 3217 ’1ὀῦ

2083 3253 2140 3306 δὲ
2185 3253 2292 3306 Δὰν
2337 3255 2436 3326 τὴν
2462 3255 2780 3326 ὀνομασίαν,
2814 3257 2992 3310 καίτοι
3048 3258 3328 3329 φυλάρχου
3357 3258 3452 3310 καὶ
3499 3255 3676 3310 αὑτοῦ

2085 3347 2444 3417 ὑπάρχοντος,
2467 3349 2528 3400 ού
2566 3348 2823 3415 συνέταξε
2849 3353 2970 3414 ταῖς
2997 3351 3234 3416 λοιπαῖς,
3265 3352 3354 3404 διὰ
3383 3350 3445 3403 τὸ
3491 3349 3550 3413 ἐξ
3577 3352 3672 3420 ἁρ-

2091 3437 2196 3506 χῆς
2256 3438 2548 3508 εἰρημένον
2580 3438 2641 3492 τὸ
2698 3441 2762 3516 ἐκ
2826 3440 2997 3513 φυλῆς
3021 3441 3184 3496 αὑτοῦ
3213 3440 3464 3511 γενέσθαι
3495 3438 3682 3507 σαφῶς

2092 3529 2186 3580 τὸν
2231 3528 2626 3598 Ἀντίχριστον.

395 3605 669 3675 accipiunt
715 3612 1143 3670 consolationes.
1200 3615 1371 3673 Porro
1430 3623 1970 3691 cognominationem
2026 3629 2162 3698 Dan,
2211 3651 2524 3705 quanquam
2559 3646 2615 3690 et
2659 3636 2776 3706 ipse
2807 3635 2876 3690 sit
2927 3633 3185 3705 princeps
3234 3631 3429 3695 tribus,
3458 3629 3674 3684 caeteris

395 3715 502 3755 non
543 3705 848 3774 conjunxit,
885 3707 954 3762 ob
1006 3710 1058 3765 id
1106 3712 1250 3781 quod
1302 3715 1370 3769 ab
1417 3715 1574 3772 initio
1627 3719 1834 3776 dictum
1883 3732 1988 3792 est,
2021 3741 2214 3798 nempe
2244 3730 2390 3800 quod
2431 3705 2723 3785 manifeste
2781 3743 2847 3782 ex
2872 3742 2938 3782 ea
2994 3725 3139 3782 tribu
3164 3725 3411 3779 oriturus
3441 3721 3514 3776 sit
3543 3720 3660 3774 An-

393 3793 703 3851 ticbristus.

1005 3919 1235 3975 CAPUT
1270 3921 1388 3977 XX.

394 4042 470 4097 De
492 4043 863 4102 innumerabili
892 4051 1047 4130 tn‘rba
1067 4069 1244 4108 eorum
1271 4059 1361 4127 qui
1383 4075 1446 4112 ex
1468 4059 1707 4130 gentibus
1735 4078 1840 4116 una
1864 4079 1982 4117 cum

908 4121 1118 4177 Christo
1154 4121 1464 4196 regnabant.

464 4272 572 4338 γη,
605 4275 756 4331 9-12.
805 4277 932 4332 Post
967 4279 1077 4336 haec
1109 4285 1248 4352 vidi,
1291 4293 1340 4338 et
1381 4305 1497 4344 ecce
1545 4291 1700 4345 turba
1754 4309 1980 4362 magna,

387 4379 544 4431 quant
575 4368 912 4426 dinumerare
944 4391 1092 4430 nemo
1118 4387 1345 4445 poterat,
1375 4396 1440 4434 ea:
1461 4384 1602 4435 ontni
1633 4393 1780 4450 gente
1802 4396 1850 4437 et
1883 4387 1974 4438 tri-

390 4455 556 4509 bubus
579 4468 627 4511 et
659 4462 867 4529 populis
909 4475 956 4518 et
989 4465 1206 4539 linguis,
1246 4481 1445 4526 stantes
1487 4482 1608 4526 ante
1643 4474 1889 4527 tltronum
1924 4487 1972 4529 et

2694 3929 2946 3982 ΚΕΦΑΛ.
2989 3928 3074 3982 Κ’.

2092 4066 2229 4136 Περὶ
2260 4063 2368 4120 τοῦ
2400 4063 2810 4149 ἀναριθμήτου
2839 4063 3027 4149 ὅχνξου
3061 4061 3180 4149 τῶν
3226 4062 3295 4128 ἐξ
3325 4061 3517 4119 ἐθνῶν
3542 4066 3678 4134 Χρι-

2477 4135 2602 4200 στῴ
2645 4135 3286 4204 συμϐασιλευσὰντων.

2161 4295 2322 4350 Μετὰ
2352 4294 2540 4348 ταῦτα
2577 4288 2777 4355 εἶδον,
2813 4291 2909 4345 καὶ
2953 4290 3081 4345 ἰδοὺ
3122 4291 3308 4360 ὄχλος
3341 4291 3570 4358 πολὺς,
3605 4291 3679 4345 ὃν

2080 4384 2406 4454 ἀριθμῆσαι
2432 4383 2634 4448 οὐδεὶς
2664 4381 2939 4445 ἐδύνατο,
2967 4382 3036 4435 ἐκ
3074 4383 3304 4447 παντὸς
3333 4383 3550 4446 ἔθνους
3572 4382 3672 4436 καὶ

2080 4475 2293 4548 φυλῶν
2321 4478 2417 4530 καὶ
2445 4475 2612 4530 λαῶν
2645 4477 2742 4530 καὶ
2773 4474 3096 4544 γλωσσῶν.
3121 4475 3388 4540 ἑστῶτας
3415 4473 3674 4528 ἐνώπιον

389 4562 510 4603 ante
540 4552 767 4621 :lgnutn,
799 4559 1020 4614 amictos
1053 4564 1202 4616 stolis
1233 4563 1390 4627 albis,
1421 4573 1468 4616 et
1498 4565 1688 4632 palma:
1715 4567 1768 4620 in
1799 4569 1969 4620 mani-
2003 4576 2011 4630 1

2094 4569 2178 4622 τοῦ
2222 4569 2460 4636 θρόνου,
2485 4567 2583 4621 καὶ
2615 4567 2870 4623 ἐνώπιον
2897 4567 3003 4622 τοῦ
3031 4569 3283 4636 Ἀρνέου,
3317 4568 3672 4634 περιϐεϐλη-

389 4641 481 4695 bus
522 4661 724 4707 eorum.
752 4660 798 4701 et
827 4651 1131 4707 clamabant
1160 4672 1278 4708 voce
1316 4673 1509 4725 magna
1528 4697 1540 4717 ,
1570 4658 1797 4710 dicentes
1819 4673 1838 4711 :
1871 4657 1974 4712 Sac

2095 4659 2289 4726 ιένους
2323 4659 2550 4724 στολὰς
2571 4660 2820 4726 λευκὰς,
2851 4661 2948 4714 καὶ
2974 4661 3246 4728 φοίνικες
3282 4660 3352 4712 ἐν
3379 4658 3509 4722 ταῖς
3542 4675 3673 4726 χερ-

386 4731 468 4784 lus
504 4733 610 4788 Deo
641 4748 820 4793 nostro
843 4743 934 4811 qui
971 4745 1112 4798 sedet
1139 4762 1296 4814 super
1334 4746 1580 4799 thronum
1627 4758 1676 4801 et
1707 4746 1874 4818 Agna.
1910 4748 1975 4802 Et

2094 4754 2182 4806 γὶν
2199 4750 2416 4805 αὐτῶν
2443 4753 2539 4806 καὶ
2571 4751 2885 4821 κράζοντες
2912 4750 3083 4822 φωνῇ
3099 4750 3336 4849 μεγάλη
3354 4751 3668 4849 ,ἰάχοντεςί

386 4841 563 4881 omnes
601 4831 773 4900 angeli
808 4834 1022 4888 stabant
1064 4837 1120 4889 in
1155 4837 1381 4890 circuitu
1418 4839 1595 4890 throni
1623 4850 1670 4891 et
1711 4839 1978 4892 seniorum

2094 4846 2151 4898 Ἠ
2182 4847 2448 4913 σωτηρία
2482 4843 2560 4909 τῷ
2591 4842 2713 4909 Θεῷ
2759 4843 2928 4912 ἡμῶν
2962 4842 3042 4908 τῷ
3086 4843 3401 4912 καθημένῳ
3445 4842 3545 4895 ἐπὶ
3591 4839 3674 4905 τῷ

384 4927 435 4969 et
474 4929 704 4988 quatuor
729 4925 1068 4991 animalium,
1101 4939 1149 4981 et
1177 4928 1566 4997 procubuerunt
1590 4941 1712 4985 ante
1731 4932 1980 4986 thronum

2094 4937 2268 5004 9ρόνφ
2328 4935 2428 4988 καὶ
2483 4933 2561 5000 τῷ
2619 4933 2842 5003 Ἀρνίῳ.
2885 4933 2995 4988 Καὶ
3046 4933 3273 4998 πάντες
3327 4935 3382 4987 οὶ
3425 4932 3672 5001 ἄγγελοι

383 5009 530 5064 illius
566 5015 618 5066 in
641 5015 808 5083 facies
839 5035 964 5072 suas
1009 5035 1027 5072 .'
1054 5030 1102 5073 et
1145 5021 1496 5076 adoraverunt
1532 5024 1722 5090 Deum,
1747 5027 1975 5082 dicentes

396 5103 547 5130 A.......
589 5119 600 5130 .
642 5105 933 5130 D---_.t:_.:-
979 5123 1011 5130 ,.
1088 5113 1100 5130 ι
1173 5115 1184 5124 ο
1281 5125 1291 5130 _
1426 5117 1437 5127 -
1513 5118 1546 5130 ,.
1643 5128 1650 5130 Α
1807 5121 1818 5130 .

2094 5028 2466 5097 stat-rixemur
2495 5028 2700 5091 κύκλῳ
2727 5027 2831 5081 τοῦ
2868 5028 3087 5096 θρόνου
3122 5027 3220 5081 καὶ
3254 5025 3371 5080 τῶν
3403 5026 3672 5093 πρεσϐυ-

383 5103 547 5158 Anten
584 5119 600 5158 :
633 5105 938 5162 Benedictio
964 5123 1011 5165 et
1047 5113 1218 5181 gloria
1244 5125 1291 5167 et
1319 5117 1581 5182 sapientia
1603 5128 1651 5172 et
1677 5121 1974 5189 gratiarum

2094 5121 2262 5190 γέρων
2299 5120 2397 5174 καὶ
2447 5117 2566 5172 τῶν
2594 5118 2909 5184 τεσσάρων
2954 5117 3132 5183 ζώων,
3174 5119 3270 5171 καὶ
3312 5120 3539 5171 ἔπεσον
3569 5116 3668 5167 ἑν-

381 5199 541 5261 actio,
577 5199 846 5270 honorque
874 5213 923 5257 et
960 5207 1126 5259 virtus
1161 5223 1221 5260 ac
1265 5209 1527 5277 fortitudo
1560 5210 1666 5266 Deo
1708 5225 1888 5268 nostra
1921 5216 1973 5268 in

388 5292 574 5315 -..--.Ι..
608 5295 841 5315 ,..---1Αη-
902 5313 910 5315 _
983 5295 999 5315 Δ

2094 5215 2262 5267 {imor
2291 5212 2397 5266 τοῦ
2431 5213 2647 5279 θρόνου
2672 5210 2858 5265 αὐτοῦ
2885 5211 2982 5263 ἐπὶ
3009 5209 3080 5264 τὰ
3113 5211 3408 5278 πρόσωπα
3442 5207 3669 5268 αὐτῶν,

2457 5304 2468 5315 .
2764 5299 2788 5309 -
2835 5304 2869 5315 η
2920 5301 2945 5310 -
2995 5301 3046 5315 .,
3354 5301 3390 5315 ..
3473 5298 3485 5315 .

380 5292 574 5347 alecula
601 5295 936 5349 swculorum.
964 5295 1149 5352 Amen.

2094 5307 2175 5360 cal
2208 5304 2678 5376 προσεκύνησαν
2717 5299 2796 5366 τῷ
2829 5301 2952 5368 Θεῷ
2977 5301 3263 5370 λέγοντες
3288 5317 3302 5331 ·
3341 5297 3673 5402 ,Ἁμήνζίξ

379 5385 648 5454 εὐλογία,
675 5387 772 5440 καὶ
803 5391 838 5456 ἡ
858 5389 1030 5454 δόξα,
1060 5393 1160 5446 καὶ
1184 5396 1222 5462 ἡ
1249 5398 1459 5466 σοφία,
1486 5399 1584 5454 καὶ
1614 5401 1652 5468 ἡ
1676 5403 2048 5472 εὐχαριστία,
2075 5403 2174 5458 καὶ
2207 5403 2245 5470 η
2276 5399 2446 5472 τιμὴ,
2480 5397 2577 5453 καὶ
2616 5397 2654 5466 ἡ
2689 5396 2977 5468 δύναμις,
3008 5395 3108 5450 καὶ
3141 5395 3180 5465 ἠ
3213 5393 3394 5465 ἰσχῦς
3429 5391 3508 5460 τῷ
3543 5391 3668 5458 θεῷ

382 5475 553 5546 ἡμῶν
577 5480 665 5544 εἰς
705 5481 848 5548 τοὺς
877 5484 1100 5553 αἰῶνας
1122 5487 1239 5544 τῶν
1276 5490 1527 5548 αἰώνων.
1569 5494 1778 5567 Ἀμήν.

444 5664 486 5694 ⁸³
508 5665 653 5719 Psal.
673 5679 821 5730 xuv,
857 5667 941 5722 ll.

465 5822 576 5894 (‘29)
616 5823 966 5897 Περιχρὶσεις
1003 5827 1092 5882 cd.
