4030 6598
287 453 393 518 θθ)
487 453 498 467 ’

1348 450 1738 512 (ἰδ’)ΜΜΕΝῬ.
1783 451 1860 512 ΙΝ
1905 449 2435 528 APOCALYPSIN.

3455 455 3560 517 610

358 561 557 616 Σκόπει
589 560 705 625 πῶς
742 560 1074 632 παρεστησιν
1110 563 1185 625 ὡς
1214 563 1275 616 τὸ
1309 564 1683 634 ἀναρίθμητον
1713 574 1864 618 τοῦτο

2051 562 2214 633 716
2262 563 2558 618 Considera
2613 565 2814 634 quibus
2868 566 3051 622 verbis
3103 567 3360 622 ostendat
3417 573 3564 639 quod

286 655 378 710 καὶ
401 653 672 722 παγγενὲς
700 653 926 724 πλῆθος,
951 655 1050 724 τὴν
1071 654 1164 708 τοῦ
1182 655 1396 727 Ἀρνίου
1420 656 1613 724 δηλοῦν
1634 657 1869 730 σφαγὴν,

286 747 480 815 ἐκείνῳ
503 747 597 800 καὶ
623 745 812 816 ἐτύθη.

350 837 462 893 Kal
492 837 806 906 κράζοντες
840 835 1012 906 φωνῇ
1041 837 1299 906 μεγάλη.
1335 837 1610 908 Ἔκραζον
1634 881 1648 901 ,
1683 839 1869 907 φησὶν,

284 932 361 992 εἰς
409 931 472 982 τὸ
512 928 898 1000 δυναμωθῆναι
948 931 1100 999 ἡμᾶς
1133 930 1240 982 ὑπὸ
1290 929 1383 982 τοῦ
1421 929 1637 1001 Ἀρνίου
1693 933 1773 993 εἰς
1811 932 1873 984 τὸ

285 1025 506 1094 νικῆσαι
551 1025 641 1078 τὸν
689 1025 929 1094 ἄρχοντα
972 1025 1065 1078 τοῦ
1113 1026 1339 1088 σκότους
1382 1030 1575 1079 τούτου
1610 1027 1706 1080 καὶ
1748 1028 1874 1090 τοὺς

282 1116 374 1167 ὑπ’
404 1115 569 1169 αὑτοῦ
609 1117 1036 1186 ὲνεργουμὲνους
1081 1117 1474 1188 εἰδωλολάτρας
1523 1117 1868 1189 ἀνθρώπους.

353 1209 462 1263 Καὶ
502 1207 723 1274 πάντες
753 1211 807 1261 οἱ
840 1208 1082 1276 ἄγγελοι
1107 1209 1497 1276 εἱστήκεισαν
1528 1211 1732 1278 κύκλῳ
1765 1211 1870 1265 τοῦ

280 1302 500 1367 θρόνου
541 1301 641 1353 καὶ
682 1299 801 1353 τῶν
829 1301 1252 1376 πρεσϐυτέρων
1275 1302 1374 1356 καὶ
1403 1301 1525 1355 τῶν
1556 1304 1872 1371 τεσσάρων

281 1391 458 1451 ζώων.
505 1393 636 1446 Ἰδοὺ
679 1394 778 1462 μία
823 1393 1092 1462 ἐκκλησία
1133 1395 1381 1463 ἀγγέλων
1413 1395 1510 1448 καὶ⁵
1539 1395 1867 1467 ἀνθρώπων.

279 1486 354 1537 Τὸ
403 1486 460 1538 δὲ
517 1488 774 1556 συστῆναι
821 1486 1087 1554 ἀγγέλους
1143 1487 1490 1560 ἀνθρώποις,
1532 1488 1584 1542 τί
1636 1492 1702 1544 ἂν
1743 1489 1871 1543 ἄλλο

277 1577 572 1641 δείκνυσιν,
622 1579 654 1648 ἢ
704 1579 766 1632 τὸ
813 1580 1257 1651 ὑπερανεστηκδς
1301 1583 1382 1644 εἰς
1433 1580 1600 1651 τιμὴν
1632 1581 1730 1652 τῆς
1772 1583 1867 1635 ἀν·

280 1667 468 1738 θρωπε
477 1669 562 1733 la;
588 1670 803 1738 φύσεως
829 1689 844 1736 ;

350 1763 461 1816 Kal
501 1765 978 1830 προσεκύνησαν
1020 1763 1100 1830 τῷ
1132 1765 1254 1832 Θεῷ
1292 1767 1612 1836 λέγοι-τεςο
1656 1768 1866 1837 Ἀμήν.

279 1855 363 1908 Τὰ
413 1857 470 1907 ὲν
527 1855 834 1927 ἀνθρώποις
885 1858 1233 1930 λειτουργικὰ
1283 1861 1572 1930 πνεύματα
1623 1861 1720 1914 σὺν
1757 1863 1867 1924 τοῖς

280 1948 677 2020 πρεσὸυτέροις
707 1953 1025 2021 ὑπήκουσαν
1046 1953 1128 2015 τὸ,
1157 1953 1354 2024 Ἀμήν.
1400 1954 1524 2006 Ἐπὶ
1552 1953 1613 2006 τὸ
1639 1954 1867 2021 ἕϐδομον

277 2042 334 2093 δὲ
369 2041 462 2094 τοῦ
492 2042 728 2112 ἀριθμοῦ
759 2044 1149 2116 προεχώρησεν
1179 2047 1366 2110 αὐτοῖς
1397 2049 1430 2117 ἡ
1463 2046 1597 2118 πρὸς
1624 2047 1685 2099 τὸ
1711 2047 1868 2100 Θεῖον

280 2131 556 2202 σεδασμία
607 2135 781 2204 τιμὴ,
835 2137 895 2188 ού
939 2137 1100 2206 μόνον
1132 2137 1216 2190 ὅτι
1271 2137 1550 2207 σύστοιχος
1580 2131 1755 2202 οὗτος,
1791 2137 1868 2201 ὡς

278 2225 382 2295 ἢδη
420 2227 794 2297 παρεθέμεθα,
831 2231 859 2280 ὁ
893 2229 1126 2300 ἀριθμὸς
1155 2228 1234 2300 τῷ
1262 2231 1490 2300 παρόντι
1524 2231 1714 2291 αἰῶνι,
1747 2231 1866 2285 ἀλλ’

277 2319 359 2370 ὅτι
383 2319 477 2372 καὶ
500 2317 692 2389 ὥσπερ
723 2315 879 2384 οὗτος
897 2323 924 2372 ὁ
947 2321 1181 2390 ἀριθμὸς
1205 2323 1308 2375 οὐκ
1331 2322 1390 2385 ἐξ
1416 2322 1601 2391 ἐτέρου
1630 2321 1864 2393 ἀριθμοῦ

275 2409 386 2462 τῶν
428 2412 580 2474 ἐντὸς
623 2412 722 2482 τῆς
759 2413 979 2477 δεκάδος
1029 2414 1418 2478 ἀποτίικτεται,
1464 2414 1638 2477 οὕτως
1683 2417 1778 2468 καὶ
1821 2409 1865 2484 ᾧ

280 2505 566 2558 ἐπιϐοᾶται
599 2504 771 2558 ταῦτα
801 2504 956 2570 Θεὸς,
983 2507 1082 2559 οὐκ
1117 2507 1175 2572 ἐξ
1206 2506 1397 2576 ἑτέρου
1434 2506 1502 2560 τὰ
1534 2507 1653 2559 θεῖα
1692 2505 1863 2560 ταῦτα

279 2596 616 2666 ἀποφέρεται
649 2596 1124 2668 πλεονεκτήματα.

345 2686 457 2740 Καὶ
501 2685 790 2755 ἀπεκρίθη
835 2681 922 2753 εἷς
959 2687 1028 2740 ἐκ
1057 2686 1176 2740 τῶν
1218 2686 1639 2755 πρεσϐυτέρων
1669 2686 1864 2755 λέγων

272 2796 394 2846 μοι·
454 2775 630 2834 Οὗτοι
677 2783 730 2834 οὶ
781 2779 1268 2849 περιϐεϐλημένοι
1319 2779 1426 2845 τὰς
1477 2779 1706 2845 στολὰς
1756 2782 1863 2844 τὰς

277 2875 507 2938 λευκὰς
534 2913 544 2936 ,
578 2873 738 2938 τίνες
765 2873 885 2926 εισὶ
905 2913 920 2936 ,
953 2872 1050 2926 καὶ
1082 2873 1267 2927 πόθεν
1295 2869 1521 2943 nidor;
1554 2873 1657 2926 Kal
1689 2868 1863 2926 εἷπον

279 2964 458 3030 αὐτῷ·
491 2966 670 3036 Κύριέ
694 2983 812 3036 μου
832 3005 848 3027 ,
883 2967 964 3021 σὺ
993 2962 1178 3032 οἶδας.
1211 2967 1321 3021 Καὶ
1347 2962 1479 3020 εἶπέ
1501 2982 1604 3034 μοι
1625 2982 1641 2999 ο
1682 2962 1862 3018 Οὗτοι

279 3059 437 3111 εἰσιν
464 3059 519 3110 ol
549 3058 856 3127 ἐρχόμενοι
892 3057 961 3112 ἐκ
993 3057 1104 3126 τῆς
1131 3060 1394 3127 θλίψεως
1417 3057 1528 3126 τῆς
1566 3056 1858 3126 ιιεῖιάληι,μ

280 3149 376 3202 καὶ
417 3149 694 3203 ἔπλυναν
733 3153 840 3217 τὰς
868 3152 1097 3217 στολὰς
1135 3150 1335 3206 αὐτῶν
1378 3151 1475 3204 καὶ
1520 3151 1861 3204 ἐλεύκαναν

280 3242 349 3296 ἐν
375 3242 458 3307 τῷ
483 3243 686 3313 αἵματι
725 3243 830 3297 τοῦ
882 3245 1117 3312 Ἀρνίου
1143 3262 1158 3275 ·
1191 3244 1289 3298 διὰ
1328 3244 1504 3298 τοῦτο
1555 3244 1716 3298 εἰσιν
1760 3244 1858 3296 ἐν·
1887 3267 1928 3324 C

282 3335 469 3390 ὠπιον
519 3337 624 3391 τοῦ
667 3341 884 3406 θρόνου
927 3338 1036 3392 τοῦ
1089 3339 1237 3393 Θεοῦ
1261 3381 1274 3403 ,
1329 3337 1426 3392 καὶ
1466 3338 1868 3405 λατρεύουσιν

283 3425 442 3492 αὐτῷ
479 3426 702 3496 ἡμέρας
732 3428 827 3481 καὶ
856 3427 1080 3494 νυκτὸς
1110 3429 1182 3481 ἐν
1218 3425 1299 3492 τῷ
1326 3425 1450 3491 ναῷ
1472 3423 1678 3479 αὐτοῦ’
1711 3424 1808 3478 καὶ
1836 3426 1868 3477 ὁ

286 3519 619 3588 καθήμενος
653 3521 749 3572 ἐπὶ
795 3520 874 3585 τῷ
912 3523 1105 3588 θρόνῳ
1135 3522 1442 3586 σκηνώσει
1483 3519 1576 3572 ἐπ’
1622 3518 1866 3582 αὐτούς.

288 3615 367 3666 οὺ
405 3612 804 3666 πεινάσουσιν
839 3612 949 3676 ἐτι,
983 3612 1126 3666 οὐδὲ
1171 3610 1549 3680 διψήσουσιν
1577 3610 1665 3663 ἔτι
1690 3626 1704 3640 ο
1739 3609 1868 3664 οὐδ’

281 3707 353 3758 οὺ
377 3705 462 3774 μὴ
489 3704 646 3773 πέσῃ
669 3705 761 3758 ἐπ’
793 3705 1018 3772 αὐτοὺς
1039 3709 1070 3759 d
1100 3706 1294 3774 ἣλιος,
1323 3705 1467 3759 οὐδὲ
1497 3704 1620 3759 πᾶν
1645 3703 1866 3772 καῦμα·

1981 655 2400 712 innumerabilis
2450 657 2564 712 lucc
2601 666 2656 713 et
2699 659 2989 728 omnigena
3043 661 3336 716 multitudo
3386 664 3564 718 maui-

1975 745 2182 801 testans
2203 749 2338 818 Λειιί
2373 752 2599 814 caedem,
2634 750 2734 819 ipsi
2761 766 2983 821 quoque
3017 753 3298 808 immolata
3325 757 3420 810 sit.

2046 838 2116 894 Et
2147 841 2449 896 clamabant
2488 859 2604 896 voce
2636 860 2851 915 magna.
2885 844 3238 908 Clamabam.
3266 849 3480 918 inquit,
3507 859 3568 904 ut

1973 947 2078 987 nos
2111 934 2180 988 ab
2205 935 2359 1004 Agno
2400 935 2864 990 ronﬁrmaremur
2891 938 2956 990 ad
3000 939 3328 993 vincendum
3358 943 3565 1010 princi-

1972 1037 2094 1092 pem
2126 1025 2496 1093 tenebrarum,
2533 1026 2898 1096 hominesque
2921 1029 3240 1086 idololatras
3273 1034 3364 1101 qui
3397 1035 3466 1086 ab
3499 1050 3566 1088 eo

1973 1114 2317 1171 obsidentur.

2045 1207 2112 1261 Et
2141 1225 2319 1264 omnes
2347 1211 2520 1280 angeli
2547 1211 2760 1266 stabant
2787 1213 2841 1266 in
2862 1215 3088 1268 circuitu
3115 1215 3292 1270 throni
3319 1226 3367 1270 et
3395 1217 3566 1270 senio-

1971 1315 2088 1352 rum
2117 1310 2165 1354 ει
2191 1312 2420 1371 quatuor
2451 1305 2784 1359 animalium.
2826 1305 2964 1361 ECCe
3002 1323 3108 1361 una
3136 1308 3366 1364 ecclesia
3399 1325 3565 1382 ange—

1973 1391 2147 1444 lorum
2186 1403 2239 1446 et
2271 1394 2575 1448 hominum.
2615 1398 2774 1450 Stare
2801 1414 2930 1452 vero
2965 1399 3191 1468 angelos
3229 1401 3394 1456 simul
3436 1419 3562 1458 cum

1973 1483 2290 1540 hominibus
2324 1489 2454 1556 quid
2487 1488 2633 1540 aliud
2681 1490 2922 1544 ostendit
2965 1507 3129 1561 quam
3179 1495 3563 1550 excellentiam

1972 1577 2227 1633 humana:
2258 1589 2470 1632 naturae
2498 1581 2548 1632 in
2575 1580 2820 1635 honore?

2043 1755 2111 1808 Et
2153 1758 2507 1812 adoraverunt
2553 1757 2740 1823 Deum,
2788 1759 3018 1814 dicentes
3047 1776 3066 1812 :
3106 1761 3291 1816 Amen.
3327 1761 3565 1832 Spiritus

1971 1846 2349 1902 ministrantes
2404 1847 2547 1901 inter
2601 1850 2851 1904 homines
2904 1865 3010 1903 una
3069 1865 3194 1904 cum
3247 1853 3564 1908 senioribus

1969 1939 2369 2000 obaudierunt.
2402 1942 2598 1994 Amen.
2635 1941 2714 1995 Ad
2753 1943 3123 2010 septenarimn
3162 1955 3344 1998 autem
3375 1961 3566 1999 Imme-

1969 2047 2091 2086 rum
2125 2034 2194 2086 ab
2222 2033 2356 2102 ipsis
2379 2049 2699 2102 processum
2725 2045 2809 2088 est
2843 2035 2896 2088 in
2932 2037 3184 2106 religiosa
3214 2039 3564 2094 veneratione

1968 2123 2137 2178 divini
2173 2123 2458 2186 Numinis.
2492 2142 2600 2180 non
2627 2127 2806 2181 solum
2842 2128 2986 2197 quod
3017 2128 3194 2184 allinis
3236 2130 3307 2184 sit
3337 2131 3425 2185 hic
3461 2147 3562 2184 nu-

1969 2231 2175 2278 merus,
2196 2225 2254 2270 ut
2278 2217 2388 2285 jam
2409 2219 2818 2287 proposuimus,
2837 2221 3038 2275 szeculo
3059 2222 3308 2289 praesenti
3335 2239 3348 2274 :
3374 2237 3560 2276 vermn

1967 2310 2132 2362 etiam
2181 2311 2351 2379 quod,
2378 2311 2844 2379 quemadmodum
2882 2312 2972 2367 hic
3017 2329 3286 2368 uutncrtls
3325 2329 3433 2368 non
3485 2315 3564 2385 gi~

1966 2402 2152 2470 gnitur
2185 2417 2250 2457 ex
2294 2403 2402 2456 alio
2440 2417 2670 2457 numero
2713 2417 2902 2458 eorum
2951 2405 3044 2472 qui
3092 2405 3235 2459 intra
3273 2405 3560 2460 denarium

1967 2496 2342 2559 continentur,
2376 2497 2445 2548 ita
2480 2510 2657 2565 neque
2700 2494 2840 2550 Deus
2875 2498 2961 2549 cui
3003 2497 3115 2550 lnec
3159 2499 3559 2562 acclamantur,

1966 2586 2186 2639 aliunde
2215 2587 2418 2656 accipit
2453 2587 2552 2640 has
2587 2588 2803 2642 divinas
2836 2588 3218 2642 excellentias.

2037 2675 2148 2739 VII,
2191 2678 2374 2732 l5-l7.
2435 2677 2500 2730 Et
2549 2681 2818 2749 respondit
2867 2697 3000 2733 unus
3048 2681 3112 2734 de
3163 2683 3455 2737 senioribus
3511 2693 3560 2738 et

1963 2766 2099 2820 dixit
2139 2769 2262 2820 mihi
2299 2784 2316 2820 :
2351 2768 2417 2822 lli
2443 2769 2533 2838 qui
2555 2770 2742 2823 amicti
2776 2779 2897 2824 sunt
2932 2771 3085 2825 stolis
3119 2773 3290 2839 albis,
3317 2792 3403 2846 qut
3435 2790 3560 2831 sunt

1963 2872 2012 2915 et
2037 2863 2174 2916 unde
2200 2865 2490 2917 venerunt?
2516 2864 2584 2918 Et
2610 2865 2726 2918 dixi
2759 2865 2840 2919 illi
2873 2882 2892 2920 :
2931 2866 3152 2922 Domine
3184 2871 3276 2929 ini.
3305 2887 3359 2922 tu
3395 2874 3555 2926 nosti.

1965 2953 2035 3008 Et
2063 2938 2206 3009 dixit
2259 2957 2388 3008 milii
2433 2972 2451 3010 :
2502 2955 2572 3010 lli
2617 2969 2739 3011 sunt
2782 2961 2873 3029 qui
2907 2963 3121 3014 veniunt
3169 2979 3234 3016 ex
3275 2963 3559 3033 afﬂictione

1964 3065 2155 3118 magna
2189 3061 2237 3102 et
2284 3051 2524 3102 laverunt
2572 3051 2741 3104 stolas
2771 3069 2896 3105 suas
2921 3093 2935 3114 ,
2965 3063 3012 3106 et
3046 3054 3422 3109 dealbarcrunt
3465 3073 3558 3125 per

1961 3143 2270 3213 sanguinem
2317 3145 2454 3212 Αθιή
2488 3159 2505 3196 :
2543 3143 2660 3196 ideo
2710 3156 2830 3197 sunt
2880 3157 3001 3198 ante
3049 3146 3296 3199 thronum
3351 3148 3475 3214 Dei,
3507 3160 3556 3204 et

1963 3236 2190 3289 serviunt
2226 3236 2273 3288 ei
2299 3237 2382 3288 die
2417 3251 2477 3288 ac
2504 3245 2654 3289 nocte
2685 3237 2737 3288 in
2771 3237 2964 3305 templo
2993 3239 3183 3306 ipsius,
3213 3248 3260 3292 et
3291 3242 3381 3309 qui
3411 3246 3554 3298 sedet

1965 3343 2119 3394 super
2147 3328 2392 3379 thronum
2416 3325 2675 3380 habitabit
2707 3343 2864 3396 super
2887 3328 3028 3381 illos.
3065 3327 3182 3381 Non
3214 3332 3448 3384 esui-ient
3473 3350 3559 3386 nc-

1965 3436 2064 3489 qne
2090 3421 2266 3473 sitient
2295 3420 2545 3489 amplius,
2581 3437 2742 3490 neque
2771 3421 2920 3473 cadet
2952 3437 3108 3490 super
3140 3421 3258 3475 illos
3285 3424 3364 3476 sol
3397 3441 3558 3493 neque

1965 3511 2108 3565 ullus
2131 3523 2287 3564 a’stus
2323 3512 2610 3580 :quoniam
2633 3512 2813 3581 Agnus
2845 3513 2932 3580 qui
2961 3513 3012 3565 in
3048 3513 3217 3567 medio
3252 3513 3428 3567 throni
3454 3525 3556 3582 est,

1965 3614 2142 3672 pascet
2175 3604 2296 3657 illos
2321 3645 2334 3664 .
2365 3613 2412 3657 et
2441 3605 2659 3657 deducet
2694 3619 2781 3656 eos
2812 3604 2880 3656 ad
2913 3603 3084 3672 fontes
3114 3620 3372 3672 aquarum
3413 3605 3554 3660 l‘lltl‘.

1970 3695 2038 3749 Et
2063 3697 2320 3765 absterget
2357 3695 2492 3750 Deus
2517 3711 2719 3749 omnem
2747 3694 3041 3766 lacryntam
3071 3697 3136 3749 ab
3165 3697 3332 3751 oculis
3352 3713 3554 3751 eorum.

283 3795 367 3854 ὅτι
404 3803 469 3854 τὸ
505 3803 734 3870 Ἀρνιον
776 3801 840 3854 τὸ
882 3802 1195 3870 ἁνιιμέσον
1223 3801 1332 3856 τοῦ
1379 3801 1601 3870 θρόνου
1631 3796 1913 3869 ποιμανεῖ
1963 3792 2225 3858 αὐτοὺς,
2271 3791 2366 3845 καὶ
2427 3791 2716 3861 ὁδηγήσει
2764 3793 2987 3859 αὐτοὺς
3034 3793 3132 3846 ἐπὶ
3176 3793 3323 3862 ζωῆς
3361 3796 3559 3867 πηγὰς

282 3895 536 3952 ὑδάτων.
574 3897 680 3951 Kal
719 3897 1026 3966 ἐξαλείψει
1073 3899 1106 3950 ὀ
1151 3897 1296 3963 Θεὸς
1329 3895 1453 3952 πᾶν
1497 3896 1764 3963 δάκρυον
1800 3893 1869 3947 ἐκ
1897 3889 2015 3946 τῶν
2041 3885 2367 3957 ὀφθαλμῶν
2388 3885 2608 3942 αὐτῶν.

349 3991 489 4052 Τοὺς
529 3989 806 4061 μάρτυράς
845 4007 978 4061 φησι
1003 4031 1018 4054 ,
1071 3989 1166 4043 τοῦ
1204 3989 1441 4060 Χριστοῦ
1488 3989 1581 4042 τὸν
1631 3987 1865 4056 σταυρὸν

282 4083 630 4152 ἀραμένους,
681 4084 774 4135 καὶ
825 4083 916 4135 τὸν
968 4081 1136 4134 αὐτοῦ
1188 4083 1418 4136 θάνατον
1472 4081 1864 4152 μιμουμένους.

281 4175 453 4229 Τοῦτο
485 4176 594 4247 γάρ
620 4176 736 4227 ἐστι
764 4174 845 4236 τὸ,
870 4172 1212 4238 Ἐπλυναν,
1245 4174 1343 4243 οὐχ
1376 4171 1604 4244 ἑτέρωθι
1631 4171 1664 4242 ἦ
1695 4170 1764 4224 ἐν
1788 4171 1868 4236 τῷ

279 4270 475 4337 αἵματι
510 4267 615 4321 τοῦ
647 4268 731 4333 Ἀ]
751 4268 906 4322 νΙου.

347 4360 458 4414 Kal
498 4361 888 4424 λατρεύουσιν
918 4360 1076 4426 αὐτῷ
1115 4358 1337 4428 ἡμέρας
1370 4359 1464 4412 καὶ
1500 4357 1740 4420 νυκτός.
1789 4354 1860 4406 Ἥ

277 4455 336 4507 τὸ
371 4452 744 4506 ἀδιὰπαυστον
772 4451 963 4522 δηλοῦν
1000 4452 1246 4522 βούλεται
1269 4493 1283 4512 ,
1319 4451 1351 4522 ἢ
1391 4452 1451 4503 τὸ
1488 4448 1597 4502 τῶν
1631 4447 1735 4500 ὑπὸ
1763 4445 1857 4498 τοῦ

278 4546 412 4600 Θεοῦ
465 4547 854 4613 διοικουμένων
931 4547 1284 4601 ἁνενδύαστον
1333 4547 1432 4615 τῆς
1477 4541 1855 4613 εὐχαριστίας,

1976 4537 2050 4592 bis
2082 4537 2174 4606 qui
2207 4553 2236 4591 a
2267 4537 2428 4606 717
2464 4536 2573 4590 Deo
2617 4538 2996 4608 gubernantur

277 4639 340 4691 ἄν
376 4653 434 4688 τε
484 4635 774 4706 πρόδηλοι,
804 4637 869 4690 ἄν
913 4653 972 4689 τε
1005 4639 1144 4690 κατὰ
1193 4636 1252 4688 τὸ
1295 4633 1712 4704 ἀνεξερεύνητον
1759 4633 1858 4700 τῆς

279 4731 468 4799 σοφίας
504 4729 673 4783 αὐτοῦ
712 4729 874 4799 βάθος
901 4730 1296 4798 διεξαγόμενοι.
1340 4727 1454 4792 Νὺξ
1480 4727 1588 4798 γὰρ
1618 4728 1734 4778 ἐκεῖ
1759 4725 1859 4777 οὐκ

277 4824 446 4882 ἔστιν.
495 4823 610 4875 ἀλλ’
648 4823 835 4893 ήμέρα
879 4821 996 4892 μία,
1037 4821 1114 4892 τῷ
1144 4823 1241 4890 τῆς
1286 4819 1633 4886 δικαιοσύνης
1692 4817 1860 4885 Ἡλίῳ

277 4916 893 4986 καταλαμπρυνομένων
921 4915 1196 4969 ἁπάντων.
1235 4913 1394 4975 Ἴσως
1437 4912 1492 4964 δὲ
1525 4912 1621 4977 νὺξ
1660 4912 1858 4962 νοεῖται

276 5009 341 5060 τὰ
383 5008 680 5077 ἀπύκρυφα
739 5009 831 5060 καὶ
873 5006 1041 5075 βαθέα
1067 5000 1069 5002 ’
1096 5006 1194 5075 τῆς
1247 5003 1501 5073 γνώσεως
1560 5003 1854 5073 μυστήρια,

275 5095 460 5162 ἡμέρα
491 5094 546 5146 δὲ
585 5095 651 5147 τὰ
702 5093 850 5164 σαφῆ
901 5111 956 5146 τε
1007 5095 1101 5147 καὶ
1147 5093 1414 5162 εὔληπτα.
1460 5093 1602 5154 Nato;
1656 5093 1712 5146 δὲ
1763 5092 1853 5144 τοῦ

277 5184 412 5237 Θεοῦ
445 5186 597 5237 πᾶσα
634 5186 730 5254 μὲν
765 5187 798 5256 ἡ
844 5186 1303 5255 ἀνακαινιζομένη
1337 5186 1425 5238 ὑπ’
1469 5182 1635 5238 αὑτοῦ
1684 5184 1857 5246 κτίσις

275 5277 362 5329 διὰ
393 5277 489 5330 τοῦ
519 5278 852 5347 Πνεύματος,
891 5279 1126 5349 μάλιστα
1156 5278 1209 5330 δὲ
1254 5279 1300 5331 οἱ
1325 5279 1416 5331 τὸν
1438 5278 1732 5350 ἀρραϐῶνα
1761 5276 1855 5330 τοῦ

278 5368 597 5437 Πνεύματος
629 5368 890 5421 ἄσϐεστον
937 5371 1367 5440 διατηρήσαντες
1388 5409 1401 5431 ,
1431 5366 1511 5433 οἷς
1554 5370 1857 5439 ἐνοικήσειν

278 5464 371 5514 καὶ
400 5462 877 5530 ἐμπεριπατήσειν
909 5461 1269 5531 ἐπήγγελται.

349 5557 434 5607 Οὐ
476 5553 874 5607 πεινάσουσιν
904 5555 1010 5609 ἔτι.
1079 5555 1164 5620 Ἐξ
1213 5553 1398 5624 ἑτέρου
1435 5553 1532 5622 μὲν
1573 5551 1680 5624 γὰρ
1723 5554 1858 5623 πρὸς

278 5649 466 5716 ἕτερον
500 5642 664 5718 ἦλθον
703 5647 1006 5717 πειρασμὸν
1040 5650 1087 5699 οἱ
1127 5647 1269 5714 ἅγιοι
1301 5648 1624 5711 διαπαντὸς,
1655 5646 1853 5716 μᾶλλον

279 5741 333 5792 δὲ
363 5742 412 5793 οἱ
442 5741 501 5804 ἐξ
537 5740 706 5794 ἐθνῶν
737 5742 830 5793 ἐπὶ
863 5745 960 5812 τῆς
996 5742 1298 5810 παρουσίας
1329 5741 1424 5794 τοῦ
1466 5741 1858 5811 Ἀντιχρίστου.

281 5834 432 5886 Μετὰ
456 5833 511 5886 δὲ
538 5833 629 5886 τὴν
649 5833 888 5887 τοιοῦτον
913 5834 1098 5903 καιρὸν
1113 5834 1476 5896 eam);th
1503 5833 1857 5904 κορεσθήσον.

278 5938 365 5975 ται
399 5923 507 5976 τῶν
551 5925 846 5995 ἀμυθήτων
876 5924 1094 5993 ἀγαθῶν
1116 5967 1128 5989 ,
1178 5926 1337 5995 ἄρτον
1369 5925 1466 5995 μὲν
1504 5925 1717 5995 ἔχοντες
1764 5925 1855 5979 τὸν

2036 3981 2305 4046 Martyres
2352 3979 2442 4034 Dei
2473 3980 2606 4034 dicit
2639 3979 2729 4050 qui
2762 3995 2980 4034 crucem
3021 3981 3226 4037 Christi
3275 3982 3512 4037 tulerunt
3537 3999 3554 4026 ο

1963 4086 2018 4130 et
2055 4085 2285 4128 mortem
2315 4075 2490 4143 ipsius
2535 4074 2731 4128 imitati
2772 4083 2918 4129 sunt.
2956 4073 3090 4130 Nam
3140 4077 3242 4131 hoc
3284 4087 3370 4132 est
3409 4079 3554 4148 quod

1965 4167 2206 4220 laverunt
2256 4167 2420 4221 stolas
2473 4184 2629 4232 suas,
2661 4185 2770 4222 non
2824 4169 2951 4222 alibi
2999 4185 3161 4238 quam
3204 4171 3257 4223 iu
3299 4172 3556 4239 sanguine

1967 4261 2126 4330 Agtti.

2043 4351 2107 4405 Et
2131 4353 2358 4406 serviunt
2388 4353 2436 4406 ei
2457 4353 2544 4408 die
2571 4369 2632 4406 ac
2659 4363 2826 4409 nocte.
2860 4352 3346 4409 Incessahilitatem
3378 4356 3554 4427 signi-

1967 4445 2131 4500 ticare
2180 4445 2294 4498 vult
2327 4454 2421 4498 aut
2454 4445 2842 4500 crrtitudinem
2879 4445 3176 4516 gratiarum
3212 4448 3446 4503 actionis
3495 4450 3550 4503 in

3045 4556 3059 4592 :
3104 4539 3218 4594 sive
3263 4540 3552 4596 manifeste

1964 4630 2066 4684 hoc
2117 4628 2227 4691 fiat,
2280 4631 2395 4683 sive
2446 4629 2600 4696 juxta
2655 4629 3068 4685 inscrutabilem
3120 4646 3232 4686 suae
3269 4633 3551 4702 sapienth

1959 4721 2388 4792 profunditatem
2437 4723 2746 4787 dirigantur
2783 4741 2795 4777 :
2841 4739 2946 4777 non
2992 4732 3077 4777 est
3119 4725 3265 4777 enim
3301 4725 3370 4778 ibi
3419 4741 3546 4792 nov,

1960 4816 2054 4870 sed
2094 4817 2212 4871 dies
2243 4832 2349 4868 una
2373 4856 2387 4878 ,
2425 4831 2550 4870 cum
2585 4830 2777 4870 omnes
2832 4832 2860 4869 a
2899 4816 3026 4871 Sole
3067 4818 3297 4886 justitiie
3346 4819 3550 4874 illumi-

1961 4917 2181 4963 nentur.
2217 4907 2490 4964 Fortassis
2540 4919 2722 4964 autem
2768 4925 2865 4979 per
2913 4919 3127 4964 noctem
3173 4913 3549 4985 intelliguntur

1959 5002 2171 5055 occulta
2201 5016 2263 5056 ae
2305 4999 2571 5070 profunda
2615 5001 2892 5069 sapientiae
2931 5004 3212 5074 mysteria,
3251 5020 3346 5074 per
3400 5005 3545 5060 diem

1960 5106 2090 5145 vero
2135 5089 2422 5145 manifesta
2464 5089 2732 5159 facileque
2787 5095 3328 5164 compreln-nsibilia.
3375 5095 3549 5152 Porro

1961 5182 2053 5236 Dei
2095 5182 2353 5250 templum
2385 5191 2466 5236 est
2496 5186 2678 5238 omnis
2709 5195 2960 5240 creatura
2991 5203 3111 5258 qua:
3143 5189 3210 5242 ab
3247 5189 3364 5258 ipso
3389 5206 3548 5243 reno-

1960 5285 2119 5328 vatur
2146 5289 2241 5343 per
2272 5274 2534 5342 Spiritum
2567 5293 2580 5328 :
2617 5277 2853 5330 maxime
2894 5294 3023 5331 vero
3053 5280 3144 5348 qni
3179 5281 3546 5333 arrbalmnem

1962 5367 2225 5436 Spiritum
2262 5375 2650 5432 servaverunt,
2687 5368 2738 5421 in
2782 5369 2983 5438 quibus
3016 5385 3074 5425 se
3109 5371 3544 5424 inhabitatnrum

1959 5468 2014 5512 et
2042 5457 2507 5511 inamlmlaturum
2548 5459 2822 5528 pollicitus
2851 5470 2955 5514 est.

2032 5553 2149 5607 Non
2216 5556 2468 5610 esurient.
2532 5555 2760 5625 Semper
2815 5559 3033 5628 quidem
3088 5558 3260 5612 sancti
3321 5574 3383 5610 ex
3442 5558 3546 5611 alia

1964 5647 2259 5701 afﬂictione
2289 5659 2682 5718 processerunt
2709 5649 2773 5702 ad
2818 5651 3002 5714 aliam,
3038 5651 3210 5720 magis
3242 5660 3420 5704 tamen
3451 5651 3546 5720 qui

1961 5758 2024 5796 ex
2065 5743 2319 5812 gentibus
2370 5743 2590 5796 fuerunt
2629 5745 2680 5796 in
2720 5745 2955 5796 adventu
3005 5743 3323 5798 Antichristi
3359 5761 3372 5796 :
3424 5755 3547 5812 post

1959 5836 2088 5888 illud
2124 5844 2304 5887 autem
2344 5843 2562 5902 tempus
2592 5836 2709 5888 sine
2758 5836 3168 5889 intermissione
3201 5837 3548 5892 satiabuntur

1961 5924 2421 5979 inenarrabililms
2449 5926 2606 5978 bonis
2640 5942 2651 5976 :
2680 5940 2870 5993 panem
2899 5927 3117 5994 quidem
3150 5927 3408 5983 habentes
3438 5944 3550 5984 ca:-
