4030 6578
438 425 538 489 Gil

1255 410 1582 473 ΑΒΕΤΗᾹΞ
1639 402 2017 468 C/ESARE/E
2055 399 2532 461 CAPPADOCL'E
2595 397 2934 459 EPISCOPI

3599 393 3705 458 €12

442 538 632 594 lestem
664 534 811 589 illum
834 573 848 598 ,
883 531 973 600 qui
1007 539 1219 598 propter
1247 544 1437 582 eorum
1470 526 1701 580 saltttem
1732 519 2016 574 descendit

2142 517 2390 583 ’ὑράνιονν
2425 515 2482 570 ὃς
2510 514 2598 566 διὰ
2629 513 2727 582 τὴν
2769 511 3042 582 σωτηρίαν
3081 509 3260 562 αὐτῶν
3292 510 3578 578 ἐφοίτησεν
3609 513 3703 565 ἐπὶ

443 625 500 679 in
538 633 758 683 terrain,
797 635 993 690 aquam
1032 633 1162 672 vero
1191 617 1566 670 abundantem
1604 613 1840 682 Spiritus
1873 609 2020 663 inlu-

446 718 678 777 sionem,
708 715 773 766 de
795 728 904 782 qua
944 713 1106 765 etiam
1133 726 1161 764 a
1199 709 1430 762 Domino
1461 708 1663 760 dictum
1697 715 1778 758 est
1812 722 1826 757 :
1861 723 1879 755 ι
1919 703 2023 767 Qui

447 809 620 865 euellit
666 810 718 860 in
757 823 871 866 tne,
917 804 1141 858 (lumina
1168 804 1236 856 de
1286 813 1472 854 vontre
1506 799 1624 867 ejus
1661 797 1826 879 ﬂuent
1871 811 2026 864 aqua)

447 903 583 956 viva:
611 900 676 954 “.
705 919 722 950 ι
755 898 976 952 Esurire
1006 911 1240 966 namque
1271 895 1407 949 solet
1440 893 1712 962 appellare
1743 891 2024 957 Scriptura

449 991 803 1061 indigentiam
843 989 1152 1043 divinorum
1186 987 1476 1041 bonorum.
1518 981 1687 1036 Porro
1727 983 1894 1036 solem
1936 997 2025 1035 as-

449 1085 711 1138 similavit
767 1081 1161 1136 tentatiouibus
1217 1079 1329 1131 sive
1387 1075 1797 1128 aﬂliclionibus.
1861 1074 2029 1144 quue

449 1174 550 1227 tibi
582 1172 944 1240 persuadeant
967 1169 1175 1223 semina
1202 1183 1364 1236 super
1390 1177 1596 1236 petram
1627 1181 1838 1234 sparsa,
1875 1165 2025 1219 brevi

451 1267 670 1332 quidem
707 1273 896 1318 exorta
946 1260 1218 1330 simulque
1256 1269 1437 1322 enata,
1482 1259 1574 1314 sed
1609 1259 1869 1312 continuo
1915 1260 2031 1313 sole

449 1364 665 1411 exusta.

523 1446 785 1512 Quoniam
819 1444 996 1513 Agnus
1029 1442 1119 1510 qui
1151 1441 1202 1493 in
1243 1442 1414 1494 modio
1447 1440 1618 1492 throni
1645 1449 1719 1492 cst
1749 1450 1923 1507 pascet
1963 1439 2025 1490 il-

453 1537 551 1602 los,
601 1547 648 1589 et
681 1537 894 1589 deducet
926 1551 1012 1588 eos
1049 1535 1116 1584 ad
1153 1533 1320 1601 fontes
1355 1547 1613 1602 aquarum
1650 1532 1786 1584 vitaz.
1826 1529 1893 1582 Et
1933 1531 2030 1582 ab-

451 1639 638 1698 sterget
699 1627 832 1679 Deus
886 1641 1086 1678 omnem
1141 1626 1435 1692 lacrgmam
1489 1623 1552 1674 ab
1606 1623 1772 1674 oculis
1827 1638 2026 1675 eorum.

464 1720 764 1788 Ἀναμέσον
792 1717 884 1770 τοῦ
916 1717 1129 1786 θρόνου,
1170 1716 1272 1768 ltoc
1302 1725 1405 1778 est,
1442 1729 1470 1767 e
1523 1714 1702 1766 medio
1732 1713 1935 1777 throni,
1968 1727 2031 1767 ac

453 1814 498 1867 si
539 1814 745 1866 diceret
784 1829 797 1864 :
859 1810 934 1863 Ex
985 1819 1208 1878 paterna
1254 1808 1424 1879 gloria
1475 1807 1590 1860 sive
1639 1805 2029 1859 dominationis

2128 610 2228 679 γῆς
2252 649 2268 672 ,
2301 608 2444 674 ὕδωρ
2478 608 2556 671 δὲ,
2600 608 2700 675 τὴν
2741 606 2972 675 ἄφθονον
3012 605 3171 673 χύσιν
3217 603 3308 658 τοῦ
3361 604 3703 674 Πνεύματγ,

2130 701 2256 770 περὶ
2285 692 2346 752 οὗ
2387 699 2482 752 καὶ
2511 682 2724 769 ε’ῖρηται
2747 697 2852 750 ὑπὸ
2882 695 2976 750 τοῦ
3005 695 3211 766 Κυρίου
3232 711 3246 726 ο
3285 715 3304 746 ι
3350 695 3408 748 'U
3429 696 3706 748 πιστεύων

2127 793 2205 852 εἰς
2251 791 2381 860 ἐμὲ,
2418 789 2652 859 ποταμοὶ
2689 788 2973 860 ῥεύσουσιν
3019 789 3084 841 ὲκ
3136 787 3232 856 τῆς
3272 787 3480 850 κοιλίας
3535 787 3704 840 αὐτοῦ

2129 880 2319 944 ὓδατος
2351 881 2572 944 ζῶντος.
2629 900 2647 932 ι
2705 881 2779 934 Τὸ
2823 881 2932 950 γὰρ
2981 882 3172 950 πεινῇν
3233 880 3353 939 ἔθος
3399 883 3465 949 τῇ
3515 881 3703 949 Γραφῇ

2129 974 2312 1027 καλεῖν
2341 975 2438 1044 τὴν
2470 975 2581 1027 τῶν
2619 974 2777 1028 θείων
2811 974 3030 1042 ἀγαθῶν
3064 975 3287 1028 ἔνδειαν.
3319 975 3423 1028 Τὸν
3452 975 3507 1027 δὲ
3554 974 3708 1044 ἥλιον

2129 1068 2452 1134 πειρασμοῖς
2494 1065 2890 1133 ἀφωμοίωσεν·
2937 1065 3032 1117 καὶ
3084 1063 3320 1116 πειθέτω
3365 1082 3424 1116 σε
3453 1065 3521 1118 τὰ
3568 1067 3708 1135 πρὶς

2132 1156 2305 1227 βραχὺ
2339 1157 2698 1210 ἀνατείλαντα
2739 1159 2798 1209 ὲν
2838 1158 2904 1227 τῇ
2939 1157 3114 1227 πέτρᾳ
3147 1156 3472 1226 σπέρματα,
3509 1158 3708 1228 ἀθρόον

2133 1247 2231 1317 μὲν
2261 1248 2506 1315 φύσαντα
2527 1287 2541 1312 ,
2567 1245 2766 1308 εὐθέως
2796 1246 2852 1299 δὲ
2884 1247 2988 1300 ὑπὸ
3013 1246 3106 1300 τοῦ
3135 1245 3290 1317 ἡλίου
3321 1247 3706 1316 φλογισθέντα.

2201 1431 2327 1484 Ὀτι
2346 1430 2409 1482 τὸ
2436 1429 2660 1505 Ἀρηίον
2675 1427 2740 1482 τὸ
2760 1428 3067 1497 ἀναμέσον
3085 1426 3187 1480 τοῦ
3203 1426 3418 1492 θρόνου
3435 1427 3718 1494 ποιμανεῖ

2128 1522 2370 1586 αὐτοὺς,
2421 1521 2520 1574 καὶ
2576 1521 2863 1588 ὁδηγήσει
2917 1518 3140 1583 αὐτοὺς
3187 1518 3284 1570 ἐπὶ
3329 1517 3478 1584 ζωῆς
3512 1519 3714 1587 πηγὰς

2132 1615 2381 1671 ὑδάτων.
2411 1614 2515 1668 Kal
2539 1613 2844 1681 ἐξαλείψει
2868 1616 2900 1666 o'
2920 1611 3062 1677 Θεὸς
3079 1609 3200 1666 πᾶν
3219 1609 3484 1677 δάκρυον
3503 1610 3569 1663 ἐκ
3591 1610 3716 1665 τῶν

2131 1703 2453 1775 ὀφθαλμῶν
2495 1703 2713 1758 αὐτῶν.
2763 1704 2856 1767 Τὸ,
2904 1701 3210 1770 ἀναμέσων
3237 1699 3338 1754 τοῦ
3367 1702 3606 1768 θρόνου,
3632 1702 3713 1753 εἴ.

2137 1813 2296 1866 ρηται
2327 1796 2448 1848 ἀντὶ
2475 1793 2599 1859 τοῦ,
2633 1795 2698 1847 ἐκ
2742 1793 2907 1862 μέσου
2949 1791 3043 1844 τοῦ
3077 1790 3296 1861 θρόνου,
3323 1789 3484 1843 οἱονεὶ
3518 1790 3584 1842 ὲκ
3612 1789 3714 1856 τῆς

453 1906 786 1975 principatu,
813 1919 908 1972 per
929 1917 1210 1956 accessum
1244 1901 1550 1954 divinarum
1582 1899 2028 1963 illustrationum,

2142 1888 2404 1957 πατρικῆς
2443 1888 2637 1956 δόξης,
2687 1887 2854 1956 ἧγουν
2909 1884 3269 1955 κυριαρχίας,
3301 1886 3398 1950 τῆς
3444 1886 3716 1953 σαρκικῆς

455 2001 564 2051 imo
595 1995 1058 2051 incommutabilis
1098 1994 1405 2047 divinitatis
1438 2009 1560 2045 cum
1593 1994 1777 2046 carnis
1817 1991 2033 2060 dispen-

2142 1979 2443 2049 οἰκονομίας
2465 1982 2530 2048 τῇ
2567 1977 2828 2047 ἐπεισόδῳ
2859 1976 2966 2029 τῶν
3001 1975 3162 2028 θείων
3197 1975 3537 2044 ὲλλάμψεων,
3577 1975 3714 2044 μᾶλα

452 2089 680 2143 satione.
716 2087 852 2142 llinc
883 2096 1064 2140 autem
1109 2088 1279 2141 libere
1309 2085 1492 2139 divino
1529 2084 1777 2138 attribuit
1801 2082 1937 2137 Filio
1969 2098 2033 2137 ac.

2142 2075 2224 2126 λον
2245 2073 2301 2126 δὲ
2357 2075 2455 2142 τῆς
2485 2070 2842 2124 ἁναλλοιώτου
2874 2068 3126 2137 θεότητος
3155 2066 3612 2137 ὑποχιοιρησὰσης.
3642 2066 3717 2118 Ίὸ

451 2179 686 2233 Domino
710 2188 896 2234 nostro
919 2176 1046 2232 .lesu
1069 2177 1310 2231 Christo.
1339 2174 1619 2244 Siquidem
1647 2175 1903 2228 convenit
1928 2174 2031 2243 ipsi

2142 2165 2243 2216 ἀπο
2275 2163 2468 2216 τούτου
2527 2162 2582 2215 δὲ
2619 2161 2994 2222 ἀνυποστόλως
3026 2158 3326 2228 θεοπρεπὲς
3362 2157 3438 2226 τῷ
3480 2157 3591 2227 Υίῷ
3621 2159 3718 2210 καὶ

455 2289 678 2343 pascere
705 2287 769 2326 ac
792 2272 1059 2325 deduc-ere
1089 2285 1278 2340 greges
1309 2283 1405 2338 per
1430 2267 1881 2336 gubernationem
1915 2282 1945 2321 a
1976 2282 2035 2321 se

2142 2255 2324 2325 Κυρίῳ
2351 2255 2507 2324 ἡμῶν
2543 2253 2716 2323 Ἰησοῦ
2745 2252 2983 2322 Χριστῷ.
3009 2252 3083 2303 Τὸ
3104 2251 3212 2320 γὰρ
3235 2249 3544 2319 ποιμαίνειν
3567 2248 3718 2318 αὐτῷ

454 2371 704 2427 creatos,
737 2362 940 2433 quibus
992 2361 1246 2432 laerymae
1297 2360 1524 2429 posthac
1569 2374 1678 2412 non
1718 2369 1879 2411 erunt
1918 2373 2036 2411 ino-

2142 2347 2433 2416 προσέσται
2463 2347 2558 2398 καὶ
2587 2346 2804 2415 ὁδηγεῖν
2843 2343 2911 2396 τὰ
2945 2343 3038 2396 ὑπ’
3059 2340 3224 2394 αὑτοῦ
3252 2341 3476 2409 ποίμνια
3499 2339 3588 2392 διὰ
3614 2337 3718 2408 τῆς

455 2457 624 2510 leam.

939 2567 1106 2638 713
1133 2563 1362 2620 CAPUT
1402 2564 1548 2620 XXI.

459 2687 668 2741 Salutio
720 2686 929 2751 septimi
981 2683 1169 2754 sigilli,
1219 2681 1358 2752 quod
1413 2679 1661 2750 angelicae
1705 2681 1922 2754 virtutes
1956 2681 2034 2754 ad

533 2757 696 2810 Deum
733 2749 907 2826 ferant
950 2749 1252 2808 sanctorum
1288 2768 1464 2821 preces
1490 2749 1758 2819 tanquam
1803 2749 2033 2819 thymia-

529 2843 696 2879 mata.

535 2939 663 3002 Vill,
704 2940 749 3005 Ι,
781 2939 836 2992 9..
880 2937 944 2991 Ει
982 2953 1098 2991 cum
1125 2936 1408 3004 aperuisset
1447 2934 1728 3002 septimam
1773 2931 2032 3002 sigillum,

457 3033 658 3101 factum
707 3041 783 3083 est
818 3030 1083 3081 silentium
1115 3029 1168 3080 in
1210 3026 1336 3078 vwlo
1361 3026 1585 3078 dimidia
1634 3025 1740 3093 fere
1776 3025 1926 3076 liora.
1967 3021 2032 3076 Et

459 3124 563 3175 ridi
594 3137 780 3188 septem
826 3121 1036 3190 angelos
1072 3120 1160 3190 qui
1211 3118 1426 3171 stabant
1481 3127 1602 3170 ante
1646 3119 1887 3168 thronum
1931 3131 1950 3169 :
1985 3125 2034 3168 et

457 3212 601 3264 datae
624 3221 743 3263 sunt
770 3210 896 3278 ipsis
924 3218 1117 3277 septem
1147 3212 1304 3262 tubae.

532 3299 757 3368 Septimi
784 3298 941 3366 sigilli
970 3297 1171 3351 solutio
1197 3295 1443 3364 designat
1475 3293 1800 3349 solutionem
1834 3294 2042 3346 tumul-

462 3403 552 3446 ωε
595 3389 798 3444 terreni
834 3389 967 3443 illati
1007 3403 1104 3460 per
1148 3397 1354 3457 septem
1391 3385 1629 3455 angelos
1665 3386 2040 3438 ministrantes

463 3486 528 3538 ad
562 3485 829 3553 supplicia
860 3484 1041 3552 impiis
1070 3485 1270 3537 debita.
1304 3483 1592 3536 Silentium
1623 3491 1801 3535 autem
1833 3481 2039 3551 angeli-

461 3591 581 3630 cam
616 3576 888 3645 signiﬁcat
924 3575 1246 3628 modestiam
1279 3589 1344 3628 ac
1377 3573 1774 3636 reverentiam,
1810 3582 1865 3626 et
1897 3575 2042 3626 circa

463 3668 762 3720 secundum
803 3667 1014 3720 Domini
1047 3667 1341 3720 adventum
1375 3673 1425 3718 et
1455 3665 1596 3717 circa
1625 3664 1858 3732 primum
1893 3663 2046 3732 igno-

463 3761 722 3812 rautiam.
766 3758 938 3812 Porro
977 3757 1122 3828 quod
1170 3756 1409 3810 dimidia:
1445 3755 1517 3810 sit
1567 3754 1746 3818 horse,
1781 3755 2045 3823 temporis

463 3853 712 3919 designat
741 3852 1055 3905 brevitatem
1100 3867 1112 3902 :
1149 3850 1198 3901 in
1227 3863 1337 3918 quo
1373 3855 1493 3917 post
1522 3845 1703 3900 omnia
1737 3862 1858 3914 quae
1882 3847 2045 3900 indu-

462 3950 669 3996 cuntur
693 3951 746 3994 et
771 3957 891 4008 qua:
913 3942 965 3994 in
993 3949 1134 3994 terra
1162 3945 1519 4008 peraguntur,
1547 3949 1771 4004 regnum
1805 3932 1899 3988 Dei
1928 3949 2042 3986 ma-

464 4031 837 4086 nifestabitur.

538 4124 605 4178 Et
652 4127 796 4178 data:
839 4134 963 4177 sunt
1007 4125 1132 4190 ipsis
1183 4133 1373 4192 septem
1421 4123 1577 4177 tubae.
1627 4119 1793 4176 Tuba:
1838 4127 2041 4190 septem

461 4219 665 4274 dantur
695 4229 957 4287 tanquatn
990 4217 1311 4270 adveniente
1341 4231 1486 4285 rege.
1517 4213 1650 4282 Ipsae
1683 4221 1862 4267 autem
1889 4212 2044 4281 juxta

464 4311 707 4365 divinant
745 4309 971 4364 Paulum
1007 4309 1073 4362 ad
1111 4307 1630 4363 ThessalonicenSes
1675 4305 2044 4366 scribentem,

460 4400 922 4470 expergelarturze
966 4408 1096 4452 sunt
1145 4407 1390 4452 mortuos
1415 4397 1500 4459 “;
1534 4411 1671 4463 quos
1699 4392 2046 4463 pt-mcessisse

463 4498 645 4549 dictus
667 4503 751 4547 est
769 4490 1167 4560 priuilegenitus
1191 4505 1256 4542 ex
1283 4490 1534 4551 mortuis,
1561 4486 1833 4540 Christus.
1857 4483 2048 4537 Scien-

2135 2437 2446 2506 οίκονομίας
2473 2435 2782 2499 κτισθέντα,
2819 2428 2899 2496 οἷς
2948 2432 3132 2486 οὐκέτι
3163 2431 3399 2502 δάκρυον
3447 2431 3714 2501 ἐνοχλοίη.

2698 2545 2950 2597 ΚΕΦᾹΛ.
3011 2541 3142 2596 KA'.

2139 2654 2327 2718 Λύσις
2341 2652 2449 2723 τῆς
2462 2653 2717 2723 ἑϐδόμης
2737 2653 3089 2723 σφραγῖδος.
3105 2652 3381 2723 δηλοῦσα
3397 2653 3719 2722 ἀγγελικὰς

2207 2722 2494 2792 δυνάμεις
2521 2722 2852 2793 προσάγειν
2887 2722 3008 2788 Θεῴ
3033 2725 3138 2788 τὰς
3162 2722 3280 2776 τῶν
3321 2725 3504 2793 ἁγίων
3529 2740 3720 2791 προσ-

2210 2810 2280 2846 ευ
2285 2796 2398 2861 χὰς
2425 2795 2505 2859 ὡς
2528 2795 2882 2865 θυμιάματα.

2206 2907 2315 2961 Kal
2368 2906 2467 2960 ὅτε
2497 2905 2702 2974 ἤνοιξε
2746 2905 2858 2975 τὴν
2898 2905 3198 2976 σφραγῖδα
3252 2905 3369 2973 τὴν
3411 2905 3675 2973 ἑϐδόμην
3701 2942 3720 2968 ,

2135 2999 2373 3067 ἐγένετο
2411 2998 2554 3068 σιγὴ
2594 3001 2663 3051 ἐν
2691 2998 2769 3063 τῷ
2797 2998 3034 3064 οὐρανῷ
3061 2999 3140 3064 ὡς
3173 2997 3476 3066 ἡμιώριον.
3508 2997 3614 3050 Kal
3641 2992 3725 3050 εῖ-

2136 3091 2246 3144 δον
2290 3092 2431 3156 τοὺς
2477 3091 2628 3145 ἑπτὰ
2673 3090 2967 3160 ἀγγέλους
3009 3089 3065 3143 oZ
3113 3089 3372 3142 ἐνώπιον
3410 3088 3517 3142 τοῦ
3569 3090 3723 3143 Θεοῦ

2066 3219 2106 3274 C
2141 3179 2462 3250 ἑστήκασι·
2491 3182 2587 3235 και
2618 3180 2920 3249 ἐδόθησαν
2956 3179 3168 3246 αὐτοῖς
3186 3179 3336 3235 ἑπτὰ
3357 3179 3719 3250 σάλπιγγες.

2225 3275 2289 3328 Ἦ
2321 3274 2416 3346 τῆς
2455 3275 2687 3346 ἑϐδόμης
2723 3275 3018 3346 σφραγῖδος
3079 3273 3233 3338 λύσις
3269 3273 3368 3343 τὴν
3395 3273 3492 3344 τῆς
3523 3274 3724 3344 γητνης

2140 3365 2346 3436 τύρϐης
2374 3365 2527 3418 λύσιν
2558 3367 2942 3436 διασημαίνει,
2969 3367 3110 3420 ἑπτὰ
3135 3365 3384 3433 ἀγγέλων
3405 3366 3722 3420 διακονούνο

2143 3475 2252 3510 των
2279 3460 2398 3520 ταῖς
2427 3458 2720 3529 τιμωρίαις
2743 3460 2862 3522 ταῖς
2893 3459 3032 3512 κατὰ
3057 3459 3163 3511 τῶν
3194 3459 3403 3512 ἀσεϐῶν
3433 3459 3723 3528 ὀφειλομέ-

2144 3564 2282 3610 ναις.
2328 3547 2392 3600 'Il
2421 3547 2476 3599 δὲ
2509 3547 2633 3616 σιγὴ
2654 3548 2752 3616 τὴν
2801 3547 3098 3616 ἀγγελικὴν
3157 3547 3406 3611 εὐταξίαν
3435 3546 3585 3616 δηλοῖ
3627 3548 3726 3602 καὶ

2145 3641 2246 3712 τὴν
2273 3641 2579 3706 εὐλάϐειαν,
2616 3641 2678 3694 τό
2705 3658 2765 3693 τε
2798 3642 2929 3712 περὶ
2960 3641 3058 3708 τῆς
3095 3639 3352 3709 δευτέρας
3383 3638 3476 3692 τοῦ
3512 3641 3722 3710 Κυρίου

2147 3734 2471 3806 παρουσίας,
2498 3734 2597 3787 καὶ
2621 3737 2720 3803 τῆς
2749 3735 3022 3803 προτέρας
3061 3733 3334 3801 ἀγνόημα.
3363 3731 3437 3783 Τὸ
3462 3731 3520 3784 δὲ
3547 3731 3725 3801 ήμιὼ-

2147 3841 2260 3894 ριον
2311 3826 2374 3877 τὸ
2407 3824 2501 3877 τοῦ
2531 3824 2725 3895 καιροῦ
2767 3825 3020 3894 ἐμφαίνει
3055 3822 3248 3892 βραχὺ,
3283 3822 3340 3874 ὲν
3366 3813 3409 3888 ᾧ
3443 3821 3551 3874 τῶν
3582 3823 3721 3876 παν-

2142 3935 2250 3971 των
2271 3917 2629 3987 ἐπαγομένων
2652 3918 2743 3970 καὶ
2763 3917 2872 3970 τῶν
2896 3917 2986 3968 ἐπὶ
3017 3919 3112 3985 τῆς
3136 3919 3236 3984 γῆς
3260 3913 3720 3985 συντελουμένων,

2142 4011 2174 4078 ἡ
2199 4009 2290 4062 τοῦ
2319 4009 2454 4062 Θεοῦ
2487 4009 2600 4078 (30)
2636 4007 2882 4078 βασιλεία
2912 4009 3230 4079 φανήσεται.

2215 4101 2326 4155 Kal
2360 4101 2665 4168 ἐδόθησαν
2711 4099 2916 4166 αὐτοῖς
2955 4100 3104 4154 ἑπτὰ
3151 4099 3504 4170 σάλπιγγες.
3550 4099 3724 4154 Ἑπτὰ

2148 4196 2478 4260 σάλπιγγες,
2509 4193 2585 4254 ὡς
2631 4184 2890 4261 βασιλέως
2924 4191 3286 4261 ἐφισταμένου
3309 4206 3321 4218 ·
3359 4191 3416 4243 al.
3461 4190 3505 4243 δ’
3537 4189 3720 4250 αὑταὶ.

2146 4284 2284 4338 κατὰ
2309 4285 2398 4337 τὸν
2427 4283 2685 4352 θεόσοφον
2710 4282 2919 4335 Παῦλον
2943 4281 3397 4335 Θεσσαλοεθικεῦσι
3421 4285 3720 4352 γράφοντα.

2146 4377 2242 4428 καὶ
2269 4375 2570 4439 διυπνίζειν
2607 4374 2856 4444 μέλλουσι
2879 4374 3005 4436 τοὺς
3036 4375 3284 4444 νεκροὺς,
3311 4365 3384 4425 ὧν
3414 4372 3725 4439 προκατάρ-

2149 4485 2264 4536 χειν
2323 4469 2351 4519 ὁ
2411 4468 2753 4535 πρωτότοκος
2810 4468 2872 4518 ὲκ
2935 4465 3144 4534 νεκρῶν
3195 4465 3408 4535 εἴρηται
3466 4463 3721 4534 Χριστός.

462 4586 592 4640 dum
624 4595 705 4639 est
735 4554 921 4636 autem
945 4554 1112 4650 quod,
1139 4581 1266 4634 licet
1297 4595 1358 4632 ca
1392 4593 1512 4646 quae
1545 4577 1798 4629 videntur
1823 4573 1887 4627 ad
1923 4587 2037 4625 ma-

2158 4561 2354 4614 Ίστέον
2387 4561 2443 4613 δὲ
2475 4561 2577 4623 ὅτι,
2615 4560 2663 4612 εἰ
2705 4558 2798 4612 καὶ
2854 4557 3278 4628 σχηματίζονται
3324 4557 3404 4618 εἰς
3449 4554 3577 4618 ῦλας
3627 4555 3726 4606 καὶ

462 4681 661 4734 teriam
695 4676 988 4745 quamdam
1022 4688 1086 4726 ac
1119 4672 1333 4726 colores
1355 4670 1704 4736 ellingautur,
1729 4665 1841 4718 sive
1877 4664 1926 4718 id
1961 4664 2041 4716 al-

465 4782 583 4823 tare
635 4770 727 4832 sit,
786 4768 902 4822 sive
941 4763 1322 4823 thuribulnni,
1376 4761 1492 4815 sive
1543 4758 1822 4828 quidpiam
1876 4753 2044 4818 aliud,

469 4862 768 4916 invisibilia
807 4872 988 4914 tamen
1031 4872 1095 4912 ac
1125 4853 1427 4925 spiritualia
1455 4859 1602 4906 sunt.
1648 4849 1702 4902 In
1738 4847 2046 4916 hujnsmodi

466 4955 632 5025 igitur
674 4963 826 5008 stans
856 4951 1103 5020 angelus,
1139 4957 1194 5003 et
1236 4948 1361 5001 thus
1395 4955 1606 5008 tenens,
1649 4955 1842 5010 nempe
1877 4939 2048 4994 thuri—

465 5048 654 5100 bulum
686 5043 830 5113 quod
874 5042 998 5096 thus
1029 5041 1272 5095 continet
1297 5079 1311 5099 .
1344 5049 1532 5105 preces
1571 5040 1889 5087 sanctorum
1924 5039 2044 5083 tan-

465 5154 629 5208 quam
663 5145 906 5191 aromata
937 5132 1270 5203 porrigebat.
1299 5127 1473 5182 Porro
1500 5140 1725 5180 aureum
1753 5123 1855 5177 hoc
1878 5121 2045 5176 fuisse

465 5232 621 5294 dicit,
657 5245 723 5283 eo
752 5228 897 5298 quod
939 5227 1053 5280 haec
1087 5224 1315 5279 materia
1365 5218 1759 5290 pretiosissima
1795 5216 1867 5269 sit
1899 5215 2039 5284 apud

466 5325 715 5378 homines
747 5333 800 5374 et
831 5319 1067 5373 maxime
1098 5312 1476 5370 desiderabilis
1496 5349 1512 5372 ,
1559 5325 1654 5380 per
1683 5307 1825 5379 quod
1877 5307 2040 5361 etiam

463 5417 784 5483 ili-signatur
813 5412 954 5480 quod
985 5409 1128 5479 apud
1160 5407 1325 5460 Deum
1358 5418 1575 5473 quoque
1611 5415 1802 5470 preces
1829 5407 2044 5452 sancto-

465 5526 583 5563 rum
611 5507 789 5574 dtgnte
827 5504 1130 5558 habeantur
1179 5495 1492 5568 huiusmodi
1537 5493 1899 5562 susceptione.
1938 5490 2044 5543 Ad-

467 5601 743 5652 tltlt'lllllUl‘
794 5606 976 5650 autem
1023 5607 1212 5664 preces
1259 5589 1326 5644 ad
1378 5586 1545 5642 Deum
1594 5585 1662 5639 ab
1701 5583 1907 5656 angelis
1950 5582 2042 5652 qui

537 5736 580 5767 “
619 5734 765 5787 loan.
815 5748 909 5796 vn,
939 5733 1027 5788 '58.
1121 5729 1166 5761 “
1199 5727 1215 5780 l
1245 5725 1439 5781 Thess.
1476 5738 1547 5789 tv,
1581 5720 1668 5775 15.

537 5851 645 5916 (Si);
689 5848 1059 5919 Ἀντιχρίστου
1093 5847 1177 5900 ed.

2145 4654 2413 4726 χρώματα
2455 4654 2522 4706 τὰ
2556 4652 2841 4722 ὁρώμενα,
2874 4650 2984 4702 εἴτε
3025 4649 3408 4718 θυσιαστήριον
3431 4685 3446 4710 ,
3476 4646 3585 4699 εἴτε
3627 4645 3724 4698 θυ-

2148 4741 2473 4812 μιατήριον,
2524 4739 2633 4792 εἴτε
2679 4757 2732 4791 τι
2784 4739 2947 4803 ἄλλο,
2982 4739 3188 4808 ἀόρατα
3235 4737 3384 4806 ὅμως
3429 4737 3520 4789 καὶ
3551 4739 3722 4804 νοητὰ

2145 4836 2271 4888 ὄντα
2300 4833 2677 4904 τυγχάνουσιν.
2723 4832 2845 4886 Ἐπὶ
2882 4830 3125 4882 τοιούτου
3166 4829 3344 4881 τοίνυν
3377 4827 3508 4890 στὰς
3551 4829 3579 4880 ὁ
3623 4827 3724 4894 ἆγ-

2147 4927 2324 4994 γελος,
2350 4927 2442 4980 καὶ
2469 4925 2558 4977 τὸν
2578 4923 2894 4984 λιϐανωτὸν,
2925 4921 2986 4974 τὸ
3008 4921 3097 4974 τὸν
3118 4919 3413 4973 λιϐανωτὸν
3430 4920 3724 4988 δεχόμενον

2151 5017 2507 5086 θυμιατήριον
2536 5013 2735 5083 δηλαδὴ
2780 5011 3018 5082 κρατῶν,
3059 5011 3157 5074 τὰς
3191 5010 3356 5080 εὐχὰς
3397 5009 3505 5062 τῶν
3551 5010 3723 5076 ἁγίων

2146 5107 2222 5169 ὡς
2257 5106 2578 5175 θυμιάματα
2610 5101 2909 5172 ἑνεφάνιζε.
2941 5099 3188 5171 Χρυσοῦν
3217 5099 3270 5152 δὲ
3300 5099 3458 5152 τοῦτο
3497 5098 3721 5168 φάσίει,

2144 5199 2219 5270 τῷ
2250 5199 2348 5269 τὴν
2384 5199 2514 5267 ὓλην
2546 5195 2749 5265 ταύτην
2771 5193 3216 5262 τιμαλφεστάτην
3245 5187 3382 5244 εἶναι
3412 5189 3723 5261 ἀνθρώποις

2144 5291 2238 5346 καὶ
2267 5290 2653 5360 περιπόθητον,
2683 5287 2747 5338 δι’
2777 5281 2838 5338 οῦ
2873 5285 3168 5337 αἰνίττεται
3191 5285 3286 5337 καὶ
3313 5283 3463 5352 παρὰ
3493 5283 3568 5352 τῷ
3600 5282 3724 5352 Θεῷ

2141 5387 2241 5448 τὰς
2270 5384 2378 5436 τῶν
2408 5383 2578 5451 ἁγίων
2604 5380 2768 5449 εὐχὰς
2799 5377 3058 5447 τοιαύτης
3101 5374 3490 5440 καταξιοῦσθαι
3525 5374 3726 5430 ἀποδο-

2143 5481 2262 5550 χῆς.
2287 5479 2499 5545 Ὥσπερ
2520 5474 2647 5527 δέτι
2670 5471 2995 5542 πρωτόλειον
3017 5470 3110 5522 καὶ
3133 5467 3522 5540 ἀπαρχὴτιμία
3547 5482 3723 5536 προσ-

2145 5575 2371 5643 άγονται
2413 5565 2532 5637 Θεῴ
2571 5565 2627 5618 αἱ
2650 5564 2806 5634 εὐχαὶ
2835 5561 2983 5632 παρὰ
3013 5559 3120 5614 τῶν
3142 5559 3586 5628 προστατούντων
3616 5557 3723 5625 ἀγ-
