4030 6584
312 438 418 501 €13

1381 436 1593 495 COMM
1608 436 1773 495 ENT.
1824 435 1901 495 ΙΝ
1943 436 2469 497 APOCALYPSIN.

3478 440 3590 502 614

314 548 486 617 γέλων
504 542 683 617 ἡμῶν,
710 546 765 599 αἳ
792 546 951 615 φύσει
977 544 1079 614 μὲν
1113 546 1248 596 εἰσὶν
1273 544 1517 609 εὐώδεις,
1544 545 1897 615 εὐωδέστεροι

2011 545 2163 599 nobis
2216 553 2475 612 praesunt,
2527 543 2691 614 ’119
2740 553 2997 613 tanquam
3040 547 3290 615 pretiosa:
3339 550 3591 618 primitia:

313 641 371 692 δὲ
403 639 645 706 γίνονται
674 640 742 709 τῇ
782 636 876 689 τοῦ
921 635 1393 706 μεταχειρίζοντος
1440 637 1641 698 ταύτας
1670 636 1902 703 ἀγγέλου

316 730 600 800 συνεργίᾳ.
649 728 907 801 ᾘτοῦντο
959 729 1015 781 δὲ
1063 730 1149 781 διὰ
1183 730 1281 797 τῆς
1331 728 1677 797 παγκοσμίου
1720 745 1904 780 συντε-

313 822 486 884 λείας,
512 823 633 884 ταῖς
661 821 758 891 μὲν
779 822 1183 891 τιμωρητικαῖς
1217 821 1440 890 μάστιξι
1471 822 1592 882 ταῖς
1626 820 1766 873 κατά
1796 821 1902 871 τῶν

313 917 590 971 δυιιτεόὦν
614 919 705 969 καὶ
730 916 1064 987 παρανόμων
1082 914 1246 980 ἀξῗως
1271 914 1723 983 ἡτοιμασμέναις,
1754 912 1904 979 λῆξιν

312 1009 380 1078 τῇ
410 1005 675 1076 συντομία
701 1006 801 1074 τῆς
832 1008 1102 1075 ἐπιφορᾶς
1142 1005 1240 1073 τῆς
1269 1004 1569 1065 κακώσεως
1597 1020 1902 1072 πρυτανευο

313 1098 493 1167 θῆναι,
520 1101 612 1151 καὶ
638 1098 700 1150 τὸ
733 1098 810 1168 μὴ
842 1098 977 1169 πρὸς
1007 1097 1261 1161 πλείονας
1297 1096 1622 1164 ἀνθρώπους
1657 1095 1904 1163 διαδοθῆ-

312 1204 425 1242 ναι’
457 1189 667 1251 ἑαυτοῖς
694 1188 750 1241 δὲ
778 1190 869 1241 τὸν
898 1189 986 1242 διά
1030 1189 1129 1257 τῆς
1157 1189 1460 1258 παρουσίας
1493 1188 1585 1241 τοῦ
1622 1186 1904 1251 ἀξιονίκως

312 1280 384 1330 τὰ
418 1280 627 1332 ἔπαθλα
654 1280 932 1349 διανέμειν
965 1281 1165 1343 εἰδότος
1197 1283 1309 1343 τοῖς
1340 1282 1397 1333 ὲν
1430 1280 1508 1349 τῷ
1535 1280 1761 1349 παρόντι
1804 1278 1904 1348 βίῳ

315 1372 456 1441 ὑπὲρ
485 1373 687 1443 ἀρετῆς
714 1376 1189 1443 παγκρατιασταῖς
1222 1372 1433 1443 μισθὸν,
1459 1374 1656 1436 οἵτινες
1683 1373 1783 1424 οὐκ
1807 1372 1903 1425 ἀλ-

312 1464 417 1529 λοι,
460 1465 489 1533 ἢ
537 1458 682 1517 οὗτοι
712 1465 760 1517 οἱ
798 1466 888 1518 τὸν
929 1464 1225 1536 ἀθλοθέτην
1260 1467 1318 1517 ἐν
1352 1468 1466 1528 τοῖς
1502 1466 1713 1520 ἑαυτῶν
1743 1468 1901 1532 60%-

316 1572 509 1620 σαντες
545 1555 776 1626 σώμασι.

388 1742 713 1809 Kait’i.i.10q
758 1744 1013 1812 ἄγγελος
1058 1740 1226 1813 ἦλθε,
1262 1746 1359 1797 καὶ
1400 1742 1626 1811 ἐστάθη
1670 1742 1768 1797 ἐπὶ
1798 1742 1903 1796 τοῦ

310 1836 789 1903 θυσιαστηρίου,
848 1836 1007 1905 ἔχων
1061 1836 1394 1890 λιϐανωτὸν
1446 1836 1748 1903 χρυσοῦν,
1804 1834 1900 1888 καὶ

2006 634 2120 688 sive
2148 635 2370 704 fruges:
2410 649 2531 703 qum
2569 644 2763 703 suapte
2801 636 3025 703 quidem
3063 651 3257 692 natuta
3301 650 3426 694 sunt
3457 641 3593 695 odo-

2006 725 2221 791 riferm,
2259 727 2435 796 magis
2485 738 2666 780 tamen
2699 726 3008 796 fragrantes
3058 732 3363 785 redduntur
3417 734 3595 801 anguli

2004 818 2098 884 qui
2125 833 2220 871 eas
2254 826 2447 870 tractat
2477 817 2702 869 auxilio.
2742 816 3005 871 Petebant
3035 830 3217 872 autem
3254 830 3311 874 ut
3342 838 3435 889 per
3467 825 3594 876 uui-

2004 900 2273 962 versaletn
2303 909 2489 962 mundi
2520 910 3081 972 consummationem,
3118 914 3378 980 punitivis
3405 914 3590 983 flagel-

2006 1001 2073 1055 lis
2113 1001 2376 1055 adversus
2409 1002 2605 1070 impios
2645 1012 2698 1054 et
2746 1011 3184 1069 transgressores
3230 1005 3425 1058 merito
3463 1022 3598 1073 prte-

2005 1094 2249 1161 paralis,
2333 1091 2457 1146 finis
2525 1094 2888 1147 adduceretur
2948 1095 3359 1149 abbreviatione
3436 1097 3597 1150 illam:

2005 1184 2342 1248 afflictionis,
2371 1201 2549 1255 neque
2575 1187 2639 1238 ad
2674 1186 2856 1254 plures
2877 1186 3131 1239 homines
3158 1190 3549 1256 pertransirenl
3582 1207 3594 1241 :

2006 1277 2253 1346 sihiipsis
2289 1290 2469 1331 autem
2513 1280 2817 1331 mercedem
2853 1279 3205 1347 postulabant
3254 1296 3350 1347 per
3389 1281 3599 1334 adven-

2007 1380 2119 1423 tum
2156 1371 2331 1433 illius,
2366 1371 2459 1439 qui
2494 1371 2634 1423 solet
2678 1372 3026 1426 certantibus
3080 1374 3132 1423 in
3192 1374 3445 1440 praesenti
3484 1376 3593 1428 vita

2005 1476 2103 1530 pro
2133 1462 2336 1514 virtute
2365 1461 2587 1530 prtemia
2616 1461 2773 1528 juxta
2822 1460 3060 1514 victoria:
3101 1461 3421 1529 dignitatem
3458 1462 3598 1515 dixi-

2005 1554 2134 1607 derc
2161 1574 2172 1608 :
2205 1568 2373 1622 porro
2399 1553 2670 1606 luctantes
2699 1570 2807 1605 non
2838 1554 3254 1622 aliisuntquam
3290 1556 3321 1607 ii
3352 1555 3444 1624 qui
3465 1571 3597 1622 ago-

2005 1645 2266 1698 notheten
2298 1645 2415 1699 suis
2444 1644 2825 1713 gloriﬁcarunt
2853 1647 3204 1714 corporibus.

2081 1734 2216 1799 VIII,
2265 1737 2387 1789 3-6.
2440 1734 2508 1788 Et
2542 1738 2683 1789 alius
2718 1737 2937 1807 angelus
2975 1738 3110 1790 venit
3166 1746 3215 1789 et
3255 1739 3399 1790 stetit
3444 1754 3604 1805 supwr

2008 1831 2180 1884 altare
2210 1830 2405 1884 habens
2449 1831 2777 1883 thuribulum
2808 1847 3026 1883 aureum
3062 1846 3079 1883 :
3108 1840 3155 1883 et
3188 1830 3315 1883 data
3354 1841 3474 1882 sunt
3520 1829 3602 1882 illi

310 1924 491 1990 ἐδόθη
545 1924 705 1990 αὐτῷ
755 1924 1091 1995 θυμιάματα
1145 1926 1380 1993 πολλὰ,
1427 1928 1526 1979 ἵνα
1568 1926 1737 1993 δώσῃ
1771 1926 1900 1989 ταῖς

2011 1925 2221 1977 incensa
2252 1924 2443 1983 multa.
2489 1932 2547 1975 ut
2592 1924 2739 1975 daret
2767 1922 3099 1975 orationibus
3140 1933 3446 1977 sanctorum
3488 1938 3605 1974 om-

311 2016 687 2085 προσευχαῖς
718 2015 835 2070 τῶν
864 2018 1050 2087 ἁγίων
1079 2016 1321 2071 πάντων
1347 2017 1446 2072 ἐπὶ
1479 2020 1542 2071 τὸ
1577 2017 1906 2085 θυσιαστή-

303 2126 445 2177 ριον
494 2110 560 2163 τὸ
611 2111 885 2179 χρυσοῦν
930 2112 994 2165 τὸ
1035 2111 1293 2165 ἐνώπιον
1338 2112 1445 2166 τοῦ
1494 2112 1731 2179 θρόνου.
1790 2112 1903 2167 Καὶ

310 2199 497 2268 ἀνέϐη
520 2205 553 2256 ὀ
572 2203 803 2270 καπνὸς
830 2202 949 2257 τῶν
968 2207 1350 2273 θυμιαμάτων
1373 2203 1503 2270 ταῖς
1528 2205 1900 2274 προσευχαῖς

309 2291 435 2346 τῶν
457 2294 661 2363 ἁγίων,
699 2296 767 2350 ἐκ
809 2298 1006 2366 χειρὸς
1038 2298 1144 2351 τοῦ
1194 2298 1454 2366 ἀγγέλου
1496 2298 1751 2353 ἐνώπιον
1792 2298 1899 2352 τοῦ

308 2382 484 2438 Θεοῦ.
524 2384 635 2439 Καὶ
663 2386 915 2455 εἴληφεν
956 2392 988 2439 ό
1011 2386 1266 2455 ἄγγελος
1288 2387 1394 2439 τὸν
1420 2387 1773 2451 λιϐανωτὸν,
1796 2385 1896 2440 καὶ

307 2474 592 2542 ἐγέμισεν
618 2477 805 2530 αὐτὸν
826 2477 895 2530 ἐκ
929 2477 1033 2530 τοῦ
1066 2479 1258 2545 πυρὸς
1290 2476 1396 2530 τοῦ
1426 2477 1896 2545 θυσιαστηρίου,

306 2564 413 2616 καὶ
460 2564 677 2620 ἔϐαλεν
708 2569 798 2632 είς
829 2567 946 2635 τὴν
973 2567 1121 2637 γῆν,
1167 2569 1264 2621 καί
1328 2567 1606 2637 ἐγένοντο
1650 2568 1904 2635 ,βρονταὶ

2011 2019 2178 2081 nium,
2205 2034 2361 2085 super
2381 2017 2552 2070 altare
2577 2034 2795 2070 aureum
2822 2058 2835 2079 ,
2860 2018 2998 2086 quod
3029 2027 3144 2069 erat
3176 2028 3297 2069 ante
3331 2018 3601 2069 thronum.

2010 2107 2080 2161 Et
2110 2109 2343 2161 ascendit
2371 2109 2546 2177 fumus
2576 2110 2906 2161 incensurum
2951 2125 3069 2161 cum
3112 2110 3355 2178 precibus
3386 2119 3601 2162 sancto-

2008 2215 2145 2260 rum,
2180 2199 2244 2253 de
2270 2216 2430 2252 manu
2460 2201 2633 2270 angeli
2668 2217 2846 2253 coram
2882 2200 3011 2253 Deo.
3051 2199 3118 2253 Et
3151 2202 3351 2269 accepit
3383 2200 3601 2270 angelus

2005 2292 2332 2346 thuribulum
2370 2309 2387 2346 :
2418 2303 2465 2346 et
2492 2293 2723 2361 implevit
2755 2292 2889 2347 illud
2915 2294 2979 2346 de
3009 2294 3128 2362 igne
3157 2293 3369 2357 altaris,
3402 2303 3450 2347 et
3480 2310 3601 2362 pro-

1992 2384 2123 2453 jecit
2158 2387 2211 2437 in
2242 2395 2435 2437 (errant
2472 2400 2490 2436 :
2522 2385 2768 2453 factuque
2819 2395 2942 2437 sunt
2994 2387 3231 2439 tonitrua
3278 2396 3327 2439 et
3362 2386 3602 2455 fulgura.

2007 2477 2075 2531 Et
2110 2486 2304 2546 septeni
2343 2476 2517 2545 angeli
2549 2477 2795 2529 habentes
2844 2487 3038 2546 septem
3085 2480 3238 2531 tubas
3271 2494 3604 2547 prtrp'trave-

2009 2576 2131 2620 runt
2160 2583 2212 2619 se
2238 2574 2293 2618 ut
2329 2566 2452 2618 tuba
2480 2575 2746 2619 canerent.

308 2659 411 2710 καὶ
439 2660 759 2729 ἀστραπαί.
787 2664 890 2717 Kal
920 2666 971 2717 οἱ
1000 2664 1149 2717 ἑπτὰ
1171 2663 1413 2733 ἄγγελοι
1446 2667 1500 2717 οἱ
1528 2665 1774 2733 ἔχοντες
1822 2663 1930 2729 τὰς
1969 2663 2119 2715 ἑπτὰ
2172 2660 2519 2729 σάλπιγγας
2549 2700 2563 2725 ,
2597 2661 2938 2730 ἡτοίμασαν
3002 2662 3256 2728 ἑαυτοὺς
3290 2662 3391 2715 ἵνα
3440 2664 3560 2715 σαλ
3580 2691 3605 2702 -

308 2754 539 2808 almum
548 2796 562 2809 .

389 2848 460 2900 Τὸ
513 2848 898 2919 θυσιαστήριον
949 2850 1107 2903 τοῦτο
1146 2851 1174 2903 ὁ
1210 2853 1447 2921 Χριστός
1511 2853 1694 2918 ἐστιν,
1746 2853 1804 2905 ὲν
1856 2844 1900 2919 ᾧ

311 2942 469 2995 πᾶσα
500 2942 850 3013 λειτουργικη
885 2947 981 2997 καὶ⁸
1013 2944 1145 3012 ἀγία
1188 2946 1486 3015 συνέστηκε
1519 2946 1757 3011 σύνοδος,
1808 2946 1902 2998 καὶ

315 3033 661 3102 μαρτυρικαὶ
709 3033 890 3087 θυσίαι
926 3036 1330 3105 προσάγονται,
1385 3030 1446 3089 οὗ
1503 3032 1571 3106 ἦν
1626 3035 1795 3099 τύπος
1840 3036 1901 3088 τὸ

311 3125 530 3194 δειχθὲν
583 3127 640 3178 ὲν
677 3129 746 3197 τῇ
802 3129 976 3197 σκηνῇ
1028 3126 1415 3197 θυσιαστήριον
1453 3129 1511 3180 ἐν
1548 3129 1627 3199 τῷ
1663 3128 1779 3196 ὄρει
1822 3129 1899 3199 τῷ

312 3214 551 3284 Ηωῡσῇ.
584 3216 663 3268 Τὰ
685 3215 743 3267 δὲ
773 3216 1115 3286 θυμιάματα,
1140 3220 1195 3270 αἱ
1226 3219 1530 3288 προσευχαὶ
1562 3218 1672 3270 τῶν
1704 3219 1897 3285 ἁγίων,

312 3296 398 3363 οἷς
430 3304 685 3356 εὐκταῖον
714 3307 765 3358 εί
802 3322 854 3357 τι
888 3304 983 3358 καὶ
1024 3306 1153 3359 ἄλλο
1186 3306 1262 3375 τῷ
1298 3307 1418 3374 Θεῷ
1455 3308 1812 3377 προσαχθείη,
1844 3310 1901 3359 ὲν

317 3394 490 3464 μοίρᾳ
524 3394 884 3465 θυμιαμάτων
917 3398 1070 3467 αὐτῷ
1110 3398 1465 3469 λογισθῆναι,
1498 3400 1592 3452 τοῦ
1627 3401 1902 3471 μοχθηροῦ

312 3484 508 3538 τούτου
543 3490 636 3539 καὶ
672 3486 940 3551 δυσώδους
986 3488 1104 3558 βίου
1154 3490 1231 3559 τῷ
1278 3492 1411 3562 πυρὶ
1459 3492 1560 3560 τῆς
1610 3494 1691 3555 εἰς
1740 3494 1904 3546 αὑτὸν

312 3578 541 3648 ἀγάπης
597 3578 1036 3649 ἐξατμισθέντος.
1091 3583 1340 3652 Τοσαύτη
1387 3584 1497 3653 γὰρ
1549 3588 1579 3654 ἡ
1634 3586 1764 3653 περὶ
1812 3586 1903 3637 τὸν

313 3670 557 3738 Χριστὸν
581 3671 768 3742 ἀγάπη
796 3672 857 3725 τὸ
891 3671 1011 3735 ζέον
1039 3669 1151 3743 εἶχε
1180 3674 1276 3727 καὶ
1304 3674 1586 3746 διάπυρον,
1616 3676 1691 3738 ὡς
1726 3677 1903 3729 πάντα

316 3760 635 3829 ἡγήσασθαι
658 3762 722 3815 τά
742 3763 835 3815 τοῦ
858 3764 1123 3832 παρόντος
1154 3766 1347 3829 αἰῶνος
1373 3768 1602 3837 τερπνά,
1635 3769 1899 3832 σκύϐαλα,

318 3853 485 3923 μόνον
519 3854 603 3905 ἵνα
633 3855 852 3925 Χρ.στῷ
883 3856 957 3925 τῷ
990 3856 1108 3926 θεῴ
1138 3858 1445 3910 ἁποδοθῶσι
1493 3862 1747 3914 συνεῖναι.
1785 3862 1899 3912 Καρ

317 3944 454 3995 πνὸν
478 3945 534 3996 δὲ
557 3946 824 4015 ἀναϐῆναι
849 3949 957 3999 ἀπὸ
982 3949 1080 4016 τῆς
1104 3950 1213 4000 τῶν
1243 3949 1603 4018 θυμιαμάτων
1629 3953 1901 4020 ἐντυχίας,

316 4036 401 4088 ὃτι
427 4038 651 4100 καπνὸς,
676 4038 843 4107 ὀργῆς
872 4042 1199 4111 τεκμήριον,
1226 4042 1300 4103 ὠς
1326 4043 1418 4096 καὶ
1440 4044 1497 4095 ἐν
1525 4043 1621 4113 τῷ,
1649 4064 1666 4095 ι
1711 4045 1902 4115 Ἀνέϐη

317 4127 532 4188 καπνὸς
564 4129 621 4179 ὲν
657 4128 795 4198 ὀργῇ
826 4129 1012 4183 αὐτοῦ.
1054 4150 1074 4181 ι
1111 4131 1281 4184 Τοῦτο
1303 4128 1395 4185 οὖν
1418 4134 1479 4186 ού
1512 4134 1579 4186 δι’
1608 4135 1736 4187 ἀλλο
1767 4154 1903 4206 συμ-

316 4219 484 4289 ϐῆναι
533 4221 966 4290 ἐσχημάτισται,
1013 4223 1044 4294 ἢ
1100 4225 1193 4278 τοῦ
1255 4225 1533 4296 δειχθῆναι
1586 4228 1745 4298 χάριν
1808 4230 1902 4281 καὶ

321 4313 710 4381 φανερωθῆναι
742 4315 801 4366 τὸ
826 4319 923 4386 τῆς
955 4318 1176 4388 ἀγάπης
1206 4319 1471 4389 διάπυρον
1504 4322 1611 4373 τῶν
1644 4323 1814 4390 ἁγίων
1844 4324 1903 4375 τὸ

319 4404 452 4473 περὶ
495 4402 586 4454 τὸν
620 4404 855 4472 Χριστὸν
887 4408 961 4469 ὡς
990 4408 1102 4479 πῦρ
1144 4410 1176 4480 ἢ
1212 4411 1302 4464 τὸν
1341 4411 1533 4482 θυμὸν,
1573 4412 1648 4474 ὡς
1696 4417 1902 4468 καπνὸν

313 4495 390 4557 ὼ,
425 4497 519 4547 καὶ
545 4495 723 4548 αὐτῶν
752 4499 847 4567 τῆς
866 4500 1033 4569 αὐτῆς
1056 4505 1167 4561 τοῖς
1197 4505 1450 4573 ἀγγέλοις
1474 4506 1689 4571 φύσεως
1712 4509 1903 4578 λαχόνο

2080 2847 2267 2901 Altare
2306 2847 2410 2901 hoc
2450 2847 2705 2903 Christus
2758 2860 2838 2903 est
2888 2851 2943 2903 in
2994 2866 3105 2920 quo
3154 2851 3257 2905 sita
3296 2860 3379 2905 est
3421 2855 3603 2905 omnis

2007 2952 2194 2993 sancta
2231 2955 2295 2993 ac
2343 2941 2724 2994 ministerialis
2770 2941 3018 3011 synodus
3043 2982 3058 3006 ,
3097 2954 3149 2996 et
3178 2943 3242 2995 ad
3279 2944 3423 3011 quod
3456 2960 3603 2996 mar-

2008 3040 2188 3100 tyrum
2225 3032 2463 3085 victimae
2493 3032 2866 3097 adducuntur,
2902 3032 3064 3101 cujus
3093 3045 3247 3101 typus
3267 3044 3385 3087 erat
3415 3046 3603 3088 osten-

2006 3138 2128 3176 sum
2164 3121 2301 3176 Mosi
2340 3123 2393 3177 in
2422 3132 2607 3176 monte
2635 3123 2805 3176 altare
2825 3124 2968 3190 quod
2994 3132 3112 3175 erat
3137 3122 3189 3175 in
3220 3123 3597 3178 tabernaculo.

2006 3212 2177 3268 Porro
2240 3214 2463 3269 incensa
2527 3216 2642 3269 sive
2702 3216 3057 3286 thymiamata
3126 3224 3256 3270 sunt
3318 3218 3600 3270 orationes

2006 3318 2346 3373 sanctorum,
2378 3310 2581 3379 quibus
2614 3309 2665 3362 in
2706 3309 2847 3364 votis
2881 3318 2963 3363 cst
3000 3310 3045 3363 si
3078 3309 3206 3378 quid
3254 3310 3418 3364 etiam
3452 3312 3600 3366 aliud

2007 3401 2079 3453 sit
2124 3403 2268 3470 quod
2322 3401 2427 3455 Deo
2465 3403 2648 3456 oll'crri
2685 3404 2881 3471 possit,
2936 3405 2989 3457 iu
3044 3415 3200 3473 parte
3249 3404 3597 3457 incensurum

2007 3491 2109 3560 ipsi
2163 3509 2446 3547 recensere
2498 3513 2510 3547 :
2561 3494 2829 3563 flagitiosa
2880 3495 2981 3549 hac
3013 3504 3069 3549 et
3114 3495 3447 3563 graveoleuti
3491 3497 3598 3548 vita

2007 3580 2131 3648 igne
2180 3583 2384 3635 amoris
2442 3597 2567 3652 erga
2623 3585 2801 3653 ipsum
2857 3596 3155 3654 evaporata
3203 3602 3216 3638 :
3256 3595 3405 3639 tanta
3449 3587 3595 3639 enim

2005 3671 2227 3725 dilectio
2255 3689 2381 3741 erga
2413 3674 2695 3728 Christum
2725 3675 2915 3730 habuit
2940 3676 3213 3730 fervorem
3242 3686 3292 3729 et
3316 3677 3597 3739 ardorem,

2006 3767 2143 3819 adeo
2198 3774 2257 3818 ut
2294 3766 2580 3820 universas
2631 3768 2921 3836 prmsmtis
2953 3769 3079 3821 vita:
3117 3767 3347 3821 delicias
3393 3769 3593 3822 rudera

2004 3874 2125 3913 esse
2156 3859 2441 3921 dueercnt,
2475 3859 2654 3911 solum
2694 3876 2800 3927 ιιι-,ν
2824 3876 2889 3912 eo
2914 3869 2972 3911 ut
3005 3860 3084 3913 eis
3113 3861 3455 3926 continget-rt
3490 3874 3596 3911 Una

2005 3966 2128 4003 cum
2161 3948 2381 4002 Christo
2418 3950 2525 4003 Deo
2554 3951 2715 4003 vitam
2749 3966 2925 4018 agere.
2954 3951 3163 4004 Fumus
3194 3960 3373 4004 autem
3409 3966 3599 4003 asce:.-

2005 4042 2146 4095 dita
2176 4043 2574 4111 supplicatione
2621 4043 3010 4109 incensurum,
3058 4044 3187 4113 quia
3235 4041 3419 4097 fumus
3458 4044 3596 4097 iram

2004 4136 2244 4205 designat
2271 4175 2284 4197 ,
2317 4136 2457 4190 sicut
2501 4137 2551 4189 in
2597 4153 2663 4190 eo
2694 4137 2812 4191 loco
2854 4138 2941 4189 uhi
3000 4138 3234 4190 dicitur:
3278 4156 3295 4187 (
3339 4138 3599 4189 Ascendit

2007 4225 2192 4280 fumus
2241 4229 2294 4280 in
2348 4228 2424 4281 ira
2479 4228 2692 4294 eius“.
2740 4249 2758 4281 ι
2797 4228 2908 4283 lloc
2952 4230 3115 4298 igitur
3170 4246 3276 4283 non
3321 4235 3389 4281 υΙι
3445 4232 3595 4283 aliud

2004 4319 2301 4386 contigisse
2343 4319 2634 4387 figuratum
2675 4331 2782 4384 est,
2822 4321 2925 4374 nisi
2960 4333 3015 4374 ut
3047 4323 3428 4376 ostenderetur
3469 4340 3598 4390 gra-

2007 4410 2102 4475 tia,
2138 4420 2190 4464 et
2223 4412 2667 4465 manifestaretur
2725 4412 2890 4466 ardor
2932 4414 3245 4468 dilectionis
3275 4426 3595 4470 sanctorum

2005 4500 2059 4552 in
2095 4501 2315 4554 modum
2344 4501 2485 4570 ignis
2515 4519 2643 4573 erga
2670 4504 2973 4568 Christum,
3008 4505 3170 4574 720
3202 4514 3296 4558 aut
3326 4507 3472 4575 quod
3511 4510 3591 4562 ira

312 4607 451 4654 των,
483 4590 542 4643 ού
572 4592 705 4661 πρὸς
732 4592 924 4660 ὁμοίαν
954 4593 1011 4645 δὲ
1041 4594 1251 4658 τούτοις
1291 4600 1653 4668 εὐαρέστησιν
1681 4601 1777 4654 τοῦ
1809 4620 1901 4654 πε-

2011 4608 2199 4647 eorum
2248 4606 2507 4664 tauquam
2557 4597 2738 4651 fumos
2766 4600 3025 4651 ascendat
3059 4616 3071 4650 :
3106 4598 3262 4667 quasi
3298 4601 3436 4668 ipsi,
3469 4618 3593 4653 cum

314 4684 608 4753 ποιηκὸτος
634 4687 1167 4744 κατεσπουδακότων.

402 4951 501 5005 Ἐκ
553 4953 751 5021 χειρὸς
794 4955 897 5009 τοῦ
939 4955 1221 5025 ἀγγέλου.
1284 4960 1450 5032 ὐρᾷς
1488 4962 1568 5016 ὅτι
1606 4966 1758 5036 παρά
1806 4970 1897 5023 τοῦ

314 5044 553 5113 ἀγγέλου
577 5047 785 5118 ὑπῆρξε
810 5049 870 5102 τὸ
892 5050 1262 5123 εὐωδεστέρας
1286 5054 1381 5117 τάς
1405 5056 1569 5126 εύχάς
1594 5060 1703 5113 τῶν
1729 5062 1900 5130 ἁγίων

314 5137 598 5203 γενέσθαι,
632 5138 727 5192 κα)⁸
752 5138 908 5203 ἀξίας
937 5140 1031 5194 τοῦ
1064 5144 1529 5213 προσκομίζεσθαι
1550 5148 1779 5206 ἐνώπιον
1801 5154 1897 5207 τοῦ

311 5229 456 5283 θεοῦ
484 5247 499 5295 ;

390 5321 500 5376 Kal
552 5323 807 5390 εἴληφεν
853 5325 885 5376 d
939 5323 1194 5393 ἅγγελος
1239 5330 1345 5381 τὸν
1389 5332 1738 5389 λιϐανωτόν.
1798 5336 1900 5390 Τὸν

309 5415 615 5467 λιϐανωτὶν
653 5415 737 5467 ὅτι
789 5415 1145 5488 θυμιατήριον
1182 5419 1431 5489 βούλεται
1460 5423 1673 5493 δηλοῦν,
1709 5431 1799 5480 καί
1837 5429 1898 5482 τὸ

315 5508 705 5577 θυσιαστήριον
723 5508 813 5561 τὸν
839 5509 1094 5579 Χριστὸν,
1122 5512 1323 5567 καὶτὸν
1346 5518 1572 5584 καπνὸν,
1596 5522 1685 5572 τὸν
1705 5521 1894 5592 θυμὸν,

315 5602 412 5655 καὶ
439 5601 499 5653 τὸ
531 5600 644 5671 πῦρ
672 5599 734 5651 τὸ
760 5600 867 5652 ἀπὸ
895 5601 989 5654 τοῦ
1020 5601 1427 5676 θυσιαστηρίου,
1461 5609 1519 5661 τὸ
1548 5609 1810 5680 διάπυρον
1840 5614 1899 5665 τὸ

316 5694 449 5765 περὶ
491 5692 582 5744 τὸν
616 5690 748 5745 Θεὸν
789 5692 899 5745 τῶν
936 5692 1106 5763 ἁγίων
1156 5695 1586 5766 προεξετασθὲν,
1621 5702 1897 5772 ἐχομένως

388 5873 435 5907 δ’
479 5873 624 5927 l‘sal.
663 5891 792 5940 xvu,
828 5879 877 5929 9.

2008 4689 2255 4741 eamdem
2287 4706 2407 4741 cum
2442 4690 2650 4760 angelis
2678 4691 2856 4744 sortiti
2894 4692 3004 4745 sint
3049 4702 3333 4755 naturam,
3366 4708 3470 4743 non
3498 4708 3593 4745 c0-

2012 4781 2124 4833 nati
2158 4783 2266 4835 sint
2300 4793 2564 4851 priestare
2601 4785 2846 4837 eamdem
2882 4800 3003 4837 eum
3036 4785 3123 4839 his
3154 4787 3323 4838 animi
3356 4785 3595 4854 placabi-

2007 4873 2234 4927 litatem.

2084 4966 2158 5020 De
2188 4984 2346 5021 manu
2378 4970 2574 5039 angeli.
2601 4968 2763 5023 Vides
2785 4970 2927 5039 quod
2952 4970 3021 5039 ab
3051 4972 3245 5042 angelo
3272 4972 3596 5041 proveniant

2009 5072 2068 5113 ut
2108 5062 2378 5114 suavioris
2416 5064 2527 5115 sint
2559 5064 2869 5132 fragrantia:
2903 5079 3091 5132 preces
3143 5076 3494 5130 sanctorum,
3529 5081 3595 5121 ac

2007 5153 2185 5224 digna:
2213 5157 2323 5208 sint
2360 5167 2417 5209 ut
2449 5156 2767 5210 deferantur
2800 5172 2984 5210 coram
3022 5156 3168 5212 Deo?

2081 5334 2149 5387 Et
2174 5336 2372 5403 accepit
2398 5334 2611 5406 angelus
2643 5336 2990 5389 tlturibulum.
3008 5334 3113 5390 Per
3140 5336 3437 5390 λιϐανωτὸν
3465 5353 3589 5390 rum

2009 5444 2108 5498 pro
2136 5429 2415 5483 tliurihulo
2434 5438 2702 5498 capiatur,
2736 5439 2789 5484 et
2814 5431 2939 5483 item
2975 5446 3068 5499 per
3094 5432 3262 5483 altare
3289 5431 3587 5500 siguiticari

2007 5524 2286 5577 Christum
2323 5542 2337 5576 :
2372 5540 2465 5592 per
2487 5524 2695 5577 fumum
2727 5540 2854 5577 vero
2888 5524 3043 5583 iram,
3079 5518 3172 5593 per
3202 5526 3378 5594 ignem
3407 5536 3587 5578 autem

2007 5616 2100 5684 qui
2147 5618 2215 5672 ab
2245 5615 2402 5670 altari
2432 5616 2692 5679 sumitur,
2727 5616 2977 5669 ardorem
3024 5617 3117 5686 qui
3161 5627 3244 5671 est
3292 5618 3343 5670 in
3379 5624 3590 5674 sanctis

2007 5723 2133 5778 erga
2168 5708 2361 5774 Deum,
2398 5709 2559 5779 paulo
2594 5722 2717 5764 ante
2751 5710 3078 5780 inquirendo
3109 5712 3450 5781 propositum
3482 5723 3584 5767 est.
