4030 6592
377 367 481 431 617

1451 360 1841 422 COMMENT.
1890 356 1971 416 ΙΝ
2010 355 2541 417 APOCALYPSIN.

3527 354 3632 417 6l8

374 497 523 534 o‘satv
547 478 833 551 ἀγριαῖνον
870 476 1194 551 παραδηλοῖ.
1230 474 1304 528 Τὸ
1341 474 1398 527 δὲ
1427 473 1607 544 τρίτον
1631 475 1728 543 τῆς
1758 472 1957 525 θαλάσ-

2085 472 2174 525 'ios
2208 486 2372 524 casus
2398 470 2535 523 mari
2572 468 2804 522 ferocior
2836 466 3083 522 efficitur.
3115 467 3383 521 Cancrum
3421 469 3629 521 tertiam

376 589 497 640 σης,
536 564 677 641 αἷμα
710 570 990 638 γενέσθαι,
1020 570 1129 623 τῶν
1162 569 1252 623 διά
1284 565 1587 639 μαρτυρίου
1620 564 1955 628 τελειώσεως

375 662 805 730 ἐρυθρωσάντων
861 664 961 732 τὴν
1023 662 1303 733 περίγειον
1366 662 1565 714 κτίσιν.
1632 659 1786 712 Ἐπεὶ
1828 659 1885 711 δὲ
1930 660 1958 711 ὁ

375 752 503 823 τρία
536 752 767 822 ἀριθμὸς
792 755 937 825 ἀρχὴ
967 753 1208 824 πλήθους
1261 755 1409 807 ἐστὶν
1434 752 1509 816 ὡς
1558 753 1592 823 ἡ
1621 751 1958 823 ἀριθμητικὴ

378 843 628 907 βούλεται
668 844 915 912 μέθοδος,
944 846 1007 898 τὸ
1052 845 1218 899 πλέον
1250 844 1359 897 τῶν
1385 843 1776 914 ἀπολλυμένων
1804 842 1864 895 οὐ
1897 842 1960 894 τὸ

378 936 509 997 πᾶν,
546 934 620 996 ῶς
650 935 744 987 καὶ
775 937 880 1003 πρὸ
912 936 1107 1005 μικροῦ
1139 936 1517 1009 παρεθέμεθα,
1539 935 1628 989 διὰ
1649 938 1744 987 τοῦ
1774 935 1958 1006 τρίτου

379 1026 672 1098 εδὴλωσεν.

456 1208 643 1264 Καὶτὸ
676 1210 879 1277 τρίτον
908 1206 1029 1262 τῶν
1058 1209 1289 1263 πλοίων
1330 1207 1641 1277 διεφθάρη.
1665 1207 1835 1261 Πλοῖα
1861 1205 1960 1269 τὰς

378 1304 487 1357 τῶν
515 1303 687 1371 ἁγίων
719 1303 898 1373 ψυχὰς
952 1302 1228 1373 τροπικῶς
1260 1300 1517 1371 ὀνομάζει
1550 1315 1567 1331 ⁸
1590 1298 1626 1352 ἃ.
1652 1298 1748 1352 καὶ
1796 1315 1965 1351 κατα-

382 1397 567 1461 παίζει
602 1396 729 1459 τοὺς
753 1396 811 1449 ἐν
838 1398 906 1466 τῇ
935 1394 1178 1464 θαλάσσῃ
1214 1392 1629 1462 δράκοντας,ῶς
1655 1391 1712 1443 ὲν
1734 1390 1812 1461 τῷ
1834 1391 1965 1442 ἑκα-

380 1489 552 1559 τοστῷ
580 1489 748 1560 τρίτῳ
774 1487 974 1558 ψαλμῴ
1021 1486 1401 1558 ἀλληγορικῶς
1443 1484 1804 1555 τεθεώρηται.
1846 1483 1968 1535 Ἐν-

381 1580 556 1634 ταῦθα
590 1580 671 1633 δὲ·
699 1580 937 1651 μάλιστα
992 1579 1166 1642 οὕτως
1225 1577 1541 1648 ἐκδέχεσθαι
1585 1577 1665 1629 δεῖ
1719 1574 1966 1645 σύμϐολα

386 1672 735 1744 πράγματος,
761 1671 862 1723 οὐκ
916 1670 1200 1740 ἐνέργειαν
1248 1670 1348 1739 τῆς
1404 1665 1777 1740 προκειμένης
1833 1667 1970 1719 ἁπο-

2060 564 2227 616 maris
2256 571 2462 631 partem
2494 561 2609 614 ﬁeri
2630 561 2947 631 sanguinem
2974 561 3152 614 innuit
3184 569 3453 613 terrenam
3479 575 3633 613 crea-

2061 662 2238 707 turam
2273 652 2581 723 expletione
2610 650 2856 722 martyrii
2901 651 3187 706 l'llbl'lC:|l‘i.
3239 651 3506 717 Quoniam
3535 666 3634 704 au-

2061 757 2167 801 tem
2219 761 2482 800 numerus
2533 745 2805 800 ternarius
2840 745 3054 798 initium
3104 755 3188 799 est
3245 744 3636 806 multitudinis,

2062 840 2223 893 veluti
2253 839 2414 893 tradit
2443 837 2787 893 arithmetica
2812 837 3122 908 disciplina,
3154 852 3250 905 per
3276 836 3489 891 tertiam
3510 851 3635 905 par-

2064 943 2169 986 tem
2204 932 2530 1003 signiﬁcavit
2580 932 2879 984 maximum
2938 944 3058 984 esse
3092 944 3376 982 munerum
3443 944 3633 983 eorum

2063 1024 2154 1093 qui
2179 1033 2428 1093 pereunt,
2463 1039 2571 1077 non
2610 1033 2789 1077 tamen
2824 1021 3135 1085 universos,
3170 1021 3632 1089 quemadmodum

2067 1118 2230 1185 paulo
2269 1128 2395 1170 ante
2421 1116 2829 1185 proposuimus.

2137 1206 2206 1260 Et
2237 1208 2394 1261 tertia
2418 1224 2540 1276 pars
2563 1208 2891 1276 navigiorum
2918 1205 3140 1259 interiit.
3168 1203 3491 1259 Sanctorum
3522 1205 3640 1258 ani-

2068 1315 2186 1353 mus
2211 1300 2416 1369 tropice
2443 1299 2651 1367 navigia
2672 1299 2927 1369 appellat,
2955 1314 3076 1368 qua:
3097 1299 3261 1351 etiam
3292 1299 3560 1353 dracones
3587 1298 3639 1351 in

2071 1391 2207 1444 mari
2243 1391 2405 1459 722
2438 1402 2718 1446 versantes
2755 1391 3010 1452 illudunt,
3040 1389 3204 1444 veluti
3255 1390 3465 1459 psalmo
3517 1406 3646 1444 cen-

2071 1482 2267 1536 tesimo
2297 1482 2453 1535 tertio
2485 1481 2776 1549 allegorice
2836 1481 2995 1534 datur
3044 1480 3265 1534 intueri.
3296 1477 3410 1534 lloc
3463 1490 3645 1535 autem

2071 1577 2193 1630 loco
2230 1575 2303 1629 ita
2330 1575 2677 1644 potissimum
2704 1574 2983 1644 suscipere
3005 1583 3219 1643 Oportet
3243 1574 3398 1643 signa
3437 1588 3646 1638 rerum,

2070 1678 2125 1723 et
2152 1684 2257 1723 non
2280 1668 2529 1723 effectura
2549 1669 2729 1739 ipsum
2784 1666 3037 1739 praesenti
3078 1668 3414 1723 revelatioue
3474 1670 3648 1723 addu-

388 1764 673 1835 καλύψεως
719 1763 1100 1834 παριστώσης.
1136 1763 1290 1815 Ἐπεὶ
1325 1762 1419 1816 οὖν
1446 1762 1543 1814 καὶ
1579 1760 1688 1815 ἀπὸ
1719 1759 1829 1812 τῶν
1873 1758 1971 1827 τῆς

2085 1771 2244 1816 etum.
2277 1760 2545 1827 Quoniam
2572 1762 2739 1831 igitur
2767 1760 3064 1815 verisimile
3119 1770 3236 1813 erat
3265 1763 3529 1829 quosdam
3567 1774 3655 1815 se-

390 1833 665 1927 σωτηρίας
709 1855 1027 1926 δεξαμένων
1065 1853 1405 1925 πλανηθῆναί
1434 1870 1585 1917 τινας
1618 1851 1785 1916 είκδς,
1820 1849 1970 1920 φόϐῳ

2085 1854 2198 1909 luci
2222 1869 2288 1909 cx
2314 1855 2399 1909 his
2429 1855 2523 1925 qui
2548 1855 2611 1908 ad
2637 1855 2867 1909 salutem
2886 1853 3155 1922 assumpti
3173 1861 3320 1916 sunt,
3353 1867 3451 1922 per
3486 1852 3649 1907 timo-

388 1948 482 2000 τοῦ
503 1949 581 2020 μὴ
595 1949 755 2001 τοῦτο
781 1948 976 2001 παθεῖν
998 1946 1190 2018 ἄρδην,
1210 1949 1275 2017 τῇ
1300 1946 1395 1999 τοῦ
1429 1946 1612 2015 τρίτου
1634 1943 1973 2014 προαγγελίᾳ

388 2039 488 2111 τὴν
511 2041 922 2096 παντοπάθειαν
956 2040 1318 2111 ἠσφαλίσατο.

976 2174 1229 2228 ΚΕΦΑΛ.
1256 2174 1379 2227 KA'.

403 2313 469 2366 Ὀ
494 2312 691 2383 τρίτος
731 2309 989 2382 ἄγγελος
1032 2313 1139 2397 τιέίκ
1165 2308 1285 2364 τῶν
1335 2312 1618 2380 ποταμῶν
1677 2309 1970 2377 πικραίνει

1062 2381 1280 2436 ὕδατα.

464 2515 571 2571 Kal
595 2516 628 2570 ό
656 2515 852 2585 τρίτος
879 2512 1133 2585 ἄγγελος
1157 2513 1480 2579 ἐσάλπισε,
1509 2512 1607 2565 καὶ
1646 2511 1868 2565 ἔπεσεν
1903 2512 1971 2565 ἐκ

392 2606 504 2661 τοῦ
530 2604 791 2674 οὐρανοῦ
814 2604 1010 2672 ἀστὴρ
1039 2603 1224 2674 μέγας
1257 2605 1573 2670 καιόμενος
1594 2601 1673 2666 ὡς
1688 2599 1932 2670 λαμπάς
1954 2615 1969 2631 ⁶

396 2698 497 2753 καί
541 2698 762 2752 ἔπεσεν
817 2686 916 2750 ἐπὶ
976 2699 1045 2750 τὸ
1104 2696 1307 2764 τρίτον
1355 2692 1475 2748 τῶν
1516 2693 1828 2764 ποταμῶν,
1874 2696 1972 2749 καὶ

395 2793 495 2846 ἐπὶ
531 2792 638 2858 τὰς
681 2789 878 2860 πηγὰς
925 2786 1045 2842 τῶν
1076 2787 1330 2844 ὑδάτων.
1353 2787 1463 2841 Kal
1511 2787 1575 2840 τὸ
1628 2786 1817 2856 ὄνομα
1866 2786 1974 2841 τοῦ

397 2883 652 2952 ἀστέρος
706 2882 943 2951 λέγεται
1008 2884 1040 2935 ὁ
1090 2879 1369 2948 ἅψινθος.
1432 2878 1543 2934 Kal
1590 2878 1830 2948 ἐγένετο
1906 2880 1974 2931 τὸ

398 2977 603 3045 τρίτον
628 2974 746 3029 τῶν
773 2973 1007 3030 ὑδάτων
1043 2974 1129 3038 εἱς
1157 2973 1463 3039 άψίνθιον,
1484 2970 1581 3025 καὶ
1610 2970 1830 3025 πολλοὶ
1857 2968 1979 3024 τῶν

399 3066 725 3136 ανθρώπων
777 3066 1083 3122 ἀπέθανον
1138 3065 1209 3118 ἐκ
1261 3064 1382 3117 τῶν
1424 3063 1681 3131 ὑδάτων,
1708 3063 1798 3117 ὅτι
1851 3063 1977 3117 ἐπι-

400 3161 538 3231 κράι
557 3166 774 3229 θησαν.

477 3252 556 3325 Τῇ
589 3252 839 3305 σαλπίσει
865 3250 958 3304 τοῦ
985 3249 1189 3321 ,τρίτου
1217 3247 1452 3317 ἀγγέλου
1480 3247 1568 3301 τὸν
1601 3248 1809 3319 ἀστέρα
1840 3251 1974 3320 φησὶ

402 3347 591 3398 πεσεῖν
621 3344 713 3397 τὸν
742 3343 917 3414 μέγαν
946 3342 1021 3404 ὼς
1050 3339 1314 3410 λαμπάδα
1368 3339 1680 3409 καιόμενον,
1707 3340 1896 3394 τοῦτον
1921 3341 1978 3395 δὲ

405 3440 612 3490 ἐκεῖνον
651 3432 792 3489 εἶναι
831 3436 922 3488 τὸν
963 3435 1209 3489 διάϐολον
1261 3432 1562 3504 ἡγούμεθα.
1602 3434 1886 3505 Ποταμοὺς
1922 3434 1997 3505 δὲ¹

403 3532 475 3585 τὰ
538 3532 664 3602 ἑθνη
709 3528 983 3601 τροπικῶς
1026 3528 1280 3599 ὀνομάζει
1307 3543 1323 3557 ⁶
1384 3528 1565 3598 πηγὰς
1613 3528 1691 3594 δὲ,
1716 3528 1816 3591 τὰς
1864 3529 1984 3582 τού·

404 3642 517 3676 των
546 3622 781 3694 φατρίας
813 3637 827 3651 ⁸
858 3623 891 3692 ἡ
922 3620 1127 3684 πτῶσις
1164 3620 1222 3672 δὲ
1251 3620 1444 3673 τούτου
1472 3620 1570 3692 τὴν
1616 3621 1709 3674 ἐπὶ
1734 3624 1848 3686 τοῖς
1890 3622 1982 3676 ὑπ’

407 3717 577 3771 αὑτοῦ
615 3716 1044 3785 πλανησομένοις
1079 3712 1385 3783 παραδηλοῖ
1414 3711 1704 3783 ἐπιφοράν,
1743 3713 1863 3784 μεθ’
1909 3707 1984 3768 ὧν

406 3809 487 3879 τῷ
512 3807 733 3878 γεέννης
756 3805 1091 3877 παραδοθείη
1121 3806 1254 3877 πυρί¹
1290 3807 1368 3869 είς
1403 3804 1597 3859 καῦσιν
1623 3805 1842 3861 αἰώνιον
1889 3809 1984 3861 καὶ

412 3900 789 3970 ἀτελεύτητον.

485 3991 591 4046 Kal
615 3990 683 4044 τὸ
717 3990 902 4060 ὄνομα
932 3988 1039 4043 τοῦ
1071 3988 1329 4057 ἀστέρος
1363 3987 1599 4058 λέγεται
1631 3991 1664 4042 ὁ
1704 3988 1985 4058 delt-W009.

414 4083 617 4155 Πικρὸν
645 4085 741 4154 μὲν
768 4084 829 4136 τὸ
857 4082 1104 4152 άψίνθιον
1134 4083 1167 4152 ἡ
1202 4082 1423 4151 βοτάνη.
1470 4080 1775 4147 ὐξυωπίαν
1799 4082 1854 4135 δὲ
1888 4085 1983 4137 αὐ-

410 4178 511 4248 τὴν
534 4175 792 4247 παρέχειν
812 4178 922 4238 τοῖς
949 4175 1220 4228 ἐσθίουσιν
1250 4173 1454 4244 ἰατρῶν
1485 4174 1672 4238 παῖδες
1703 4175 1985 4231 διδάσκου-

415 4289 520 4324 σιν.
558 4269 984 4332 Ἐπιτευκτικῶς
1027 4266 1119 4322 οὖν
1150 4268 1244 4322 καὶ
1271 4267 1362 4320 τὸν
1400 4267 1738 4339 παντολμίαν
1778 4269 1984 4342 ἀστέρα

413 4365 554 4432 ἄγαν
595 4362 842 4433 ἀψίνθιον
877 4362 1124 4416 ἐκάλεσε.
1165 4361 1396 4432 Πικρίαν
1423 4361 1532 4432 γάρ
1561 4362 1627 4415 δι’
1666 4362 1858 4434 ἡδονῆς
1888 4381 1987 4416 πο-

415 4455 578 4519 τίζων
607 4454 730 4516 τοὺς
776 4451 1096 4522 ἀνθρώπους
1121 4453 1215 4505 καὶ¹
1255 4453 1566 4523 ἀνατροπὴν
1607 4450 1857 4523 θολερὰν,
1890 4455 1986 4507 καὶ

2074 1962 2187 2001 rem
2228 1962 2297 2001 ne
2327 1962 2556 2017 prorsus
2584 1950 2688 2002 hoc
2716 1948 3008 2017 patiantur,
3035 1947 3371 2018 tertiiangeli
3402 1962 3651 2017 praniun-

2077 2038 2302 2093 tiatione
2323 2042 2391 2094 ab
2412 2039 2727 2094 omnimoda
2757 2039 3047 2095 allliclione
3068 2040 3438 2113 prtemunivit.

2597 2173 2828 2230 CAPUT
2856 2173 3049 2230 XXIV.

2081 2301 2288 2359 Tertius
2319 2305 2536 2376 angelus
2568 2323 2733 2376 aquas
2764 2307 3049 2375 ﬂuminum
3078 2309 3250 2364 reddit
3277 2326 3514 2366 amaras.

2148 2501 2396 2569 Vll|,10,
2422 2504 2511 2559 ll.
2549 2502 2616 2557 Et
2645 2506 2830 2559 tertius
2865 2506 3082 2577 angelus
3142 2507 3268 2562 tuba
3316 2510 3502 2564 cecinit
3554 2527 3572 2566 :
3607 2524 3657 2567 et

2077 2596 2265 2649 cecidit
2286 2595 2350 2650 de
2374 2596 2501 2650 carlo
2522 2597 2676 2652 stella
2707 2616 2902 2669 magna
2930 2600 3122 2654 ardens
3153 2611 3405 2671 tanquam
3433 2603 3615 2672 facula
3638 2620 3658 2658 :

2076 2700 2124 2742 et
2157 2690 2346 2743 cecidit
2400 2690 2455 2742 in
2484 2695 2696 2744 tertiam
2748 2701 2950 2761 partem
2992 2692 3275 2761 ﬂuminum
3316 2704 3365 2748 et
3395 2695 3449 2749 in
3490 2696 3659 2767 fontes

2077 2795 2357 2848 aquarum.
2411 2778 2481 2833 Et
2514 2796 2703 2834 nomen
2725 2781 2892 2835 stella:
2950 2783 3149 2835 dicitur
3210 2784 3553 2841 absinthium.
3590 2786 3659 2841 Et

2080 2885 2225 2922 rersa
2252 2879 2328 2923 est
2361 2870 2519 2924 tertia
2548 2887 2672 2940 pars
2692 2887 2953 2940 aquarum
2975 2873 3031 2924 in
3055 2871 3404 2939 absinthium,
3431 2884 3481 2929 et
3505 2876 3659 2931 multi

2082 2960 2352 3012 hominum
2392 2964 2591 3015 mortui
2623 2972 2830 3016 suntex
2860 2962 3034 3031 aquis,
3085 2963 3212 3031 quia
3242 2980 3443 3019 amara:
3502 2966 3661 3034 factte

2082 3062 2257 3105 erant.

2162 3240 2331 3297 Τρηὶί
2362 3241 2539 3312 angeli
2570 3240 2953 3297 buccinatione
3000 3242 3213 3297 stellam
3271 3245 3536 3302 cecidisse
3591 3248 3667 3304 ait

2090 3350 2341 3405 magnam
2377 3344 2636 3405 tanquam
2670 3335 2904 3390 faculam
2939 3336 3217 3390 ardentem
3257 3355 3270 3391 :
3306 3337 3448 3393 hanc
3482 3350 3664 3396 autem

2091 3428 2269 3498 ipsum
2322 3442 2446 3482 esse
2483 3426 2759 3482 diabolum
2800 3426 3155 3483 arbitramur.
3196 3427 3448 3485 Flumina
3505 3447 3633 3487 vero

2092 3521 2301 3591 tropice
2350 3519 2591 3591 appellat
2629 3528 2862 3591 gentes:
2929 3520 3106 3578 fontes
3166 3508 3369 3590 autem,
3423 3525 3663 3595 ipsarum

2088 3613 2350 3670 familias.
2392 3614 2565 3669 Porro
2613 3613 2774 3681 hujus
2813 3629 2976 3669 casus
3029 3615 3288 3685 impetum
3353 3618 3668 3673 manilestat

2090 3706 2355 3761 adversus
2387 3721 2484 3762 eos
2506 3705 2599 3779 qui
2629 3706 2698 3761 ab
2731 3706 2825 3761 illo
2858 3706 3155 3762 scducendi
3190 3715 3342 3773 sunt,
3382 3724 3506 3763 cum
3539 3710 3667 3780 qui-

2093 3801 2196 3856 bus
2228 3800 2282 3854 in
2320 3800 2497 3868 ignem
2524 3802 2784 3871 gehennae
2817 3800 3080 3865 tradatur,
3135 3800 3202 3855 ad
3262 3816 3549 3871 perennem
3612 3814 3667 3858 et

2094 3908 2370 3962 nunquam
2391 3892 2677 3947 finiendam
2705 3892 3066 3948 exustionem.

2167 3984 2237 4038 Et
2270 4001 2457 4039 nomen
2479 3985 2641 4039 stetlee
2686 3985 2885 4038 dicitur
2943 3984 3289 4039 absinthium.
3319 3985 3669 4041 Absinthinm

2093 4079 2259 4133 herba
2298 4094 2484 4132 amara
2507 4087 2591 4134 est
2627 4093 2642 4132 :
2674 4092 2836 4148 porro
2882 4078 3170 4134 edentibus
3222 4079 3401 4135 visum
3468 4096 3665 4135 acuere

2096 4169 2318 4247 tradunt
2352 4170 2567 4225 medici.
2604 4168 3000 4223 Convenienter
3053 4170 3220 4240 igitur
3276 4170 3489 4227 stellam
3546 4187 3669 4241 qua:

2094 4279 2312 4318 omnem
2363 4262 2580 4317 adducit
2617 4262 2977 4333 perditionem
3035 4262 3249 4317 vocavit
3285 4263 3617 4318 absinthium
3650 4279 3665 4316 :

2096 4372 2224 4410 nam
2254 4372 2347 4427 per
2369 4356 2701 4426 voluptatem
2726 4356 2818 4410 dat
2845 4356 3162 4411 hominibus
3196 4356 3491 4426 potandam
3518 4372 3670 4411 ama-

2097 4446 2387 4502 ritudinem
2422 4462 2488 4501 ae
2514 4444 2759 4501 dolosam
2784 4447 3201 4501 subversionem
3238 4463 3251 4500 :
3286 4456 3340 4501 et
3361 4447 3430 4501 ob
3452 4448 3502 4501 id
3532 4464 3666 4516 pra:-

413 4549 501 4601 διὰ
552 4546 710 4601 τοῦτο
749 4547 1217 4618 συγχωρούμενος,
1248 4547 1347 4611 τὰς
1376 4550 1754 4619 τιμωρητικὰς
1804 4550 1980 4615 αὐτοῖς

2097 4538 2333 4593 mittitur
2367 4537 2458 4591 hic
2506 4552 2696 4593 severa
2759 4535 2967 4608 ﬂagella
3009 4536 3061 4590 in
3117 4552 3215 4591 eos
3273 4536 3529 4592 inducere
3564 4557 3577 4593 :
3611 4552 3665 4593 ut

418 4642 612 4710 ἐπάγει
647 4641 879 4696 ἐνταῦθα
933 4640 1225 4711 μάστιγας,
1253 4639 1328 4703 ὼς
1355 4641 1420 4693 ἂν
1447 4642 1498 4693 οἱ
1542 4641 1832 4713 δυνάμενοι
1870 4644 1987 4698 δια-

421 4714 634 4803 βλέψάι,
689 4734 756 4785 δι’
815 4732 1092 4802 ὑπομονῆς
1142 4732 1236 4784 καὶ
1284 4732 1578 4803 καρτερίας
1634 4736 1990 4807 χαριστήριον

419 4828 733 4898 ἀναφέρωσι
777 4825 854 4897 τῷ
889 4824 1274 4895 συμφερόντως
1312 4827 1432 4885 ταῖς
1490 4824 1700 4893 θλίψεσι
1731 4843 1991 4897 παραχω-

423 4919 607 4990 ροῦντι
627 4916 1033 4988 δοκιμάζεσθαι.
1069 4916 1131 4967 Ol
1166 4914 1339 4978 οὓτως
1364 4912 1456 4967 οὖν
1484 4913 1753 4980 ὀξυωπεῖν
1776 4919 1991 4987 ἔχοντες

422 5016 487 5081 τῇ
525 5010 708 5080 ἀδοξίᾳ.
740 5008 852 5061 τῶν
882 5006 1136 5075 θλίψεων,
1175 5005 1264 5059 διὰ
1294 5005 1512 5071 ἀδοξίας
1556 5006 1654 5059 καὶ
1681 5005 1994 5078 δυσφημίας

425 5106 488 5155 ἐκ
520 5102 627 5154 τῶν
652 5099 948 5155 δοκούντων
979 5098 1267 5169 ζημιωδῶν
1309 5097 1509 5169 μᾶλλον
1554 5099 1864 5170 ἐκέρδαινον
1914 5101 1995 5154 δό-

425 5196 521 5259 ξαν
543 5194 638 5246 καὶ
666 5190 966 5260 εὐφημίαν,
993 5190 1088 5243 καὶ
1119 5188 1211 5242 ἐπὶ
1238 5189 1413 5260 τούτῳ
1457 5188 1556 5259 τὴν
1587 5190 1805 5242 αἰώνιον
1842 5190 1994 5261 βασι-

425 5287 594 5350 λείαν,
616 5284 682 5338 δι’
727 5284 793 5354 ἣν
840 5284 932 5337 καὶ
958 5282 1062 5335 ὑπὸ
1088 5280 1181 5335 τοῦ
1211 5281 1548 5350 ἀγωνοθέτου
1601 5282 1996 5353 δοκιμασθῆναι

426 5397 501 5431 πα
511 5378 924 5447 ρεχωρήθησαν.

498 5471 607 5524 Kal
627 5468 863 5539 ἐγένετο
892 5469 955 5522 τὸ
977 5471 1177 5535 τρίτον
1193 5465 1311 5520 τῶν
1329 5466 1565 5522 ὑδάτων
1581 5469 1667 5534 εἰς
1692 5468 1997 5536 άψίνθιον.

430 5563 537 5617 Τυῦ
568 5560 863 5634 πειραστοῦ
892 5562 993 5631 τῆς
1038 5559 1331 5623 διαθέσεως
1373 5560 1781 5630 μεταλαμβάνει
1813 5562 1906 5614 καὶ
1934 5560 2004 5615 τὰ

435 5655 906 5729 περιστατούμενά
927 5672 987 5708 τε
1027 5655 1122 5706 καὶ⁸
1150 5653 1542 5725 πειραζόμενα.
1578 5652 2000 5724 Μεταλαμϐάνει

432 5750 511 5816 ἑὲ,
538 5750 598 5802 οὐ
630 5747 773 5802 κατὰ
798 5748 861 5799 τὸ
888 5744 1216 5816 πικραίνειν,
1249 5746 1385 5799 ἀλλὰ
1402 5744 1495 5799 τοῦ
1524 5746 1613 5799 διὰ
1642 5746 1741 5815 τῆς
1776 5746 2003 5817 πικρίας

432 5843 494 5895 τὸ
526 5840 751 5895 ὀπτικδν
786 5837 1084 5911 ρωννύντος
1115 5838 1325 5901 ἑαυτοῖς
1371 5840 1675 5909 σωτηρίως.
1713 5834 1845 5892 Εἶτα
1886 5841 2009 5893 ἑπι-

680 5934 950 5994 Ρηιιοι..
968 5931 1100 6015 (in.
1134 5929 1290 5993 CVI.

2096 4631 2188 4702 qui
2216 4630 2525 4702 perspicere
2566 4638 2816 4700 possunt,
2851 4646 2943 4699 per
2975 4629 3293 4699 patientiam
3337 4645 3400 4683 ac
3436 4630 3670 4685 toleran-

2097 4726 2223 4780 tiam
2266 4725 2469 4796 gratias
2500 4723 2576 4777 illi
2602 4732 2764 4795 agant
2820 4722 2913 4792 qui
2970 4723 3037 4775 ad
3078 4721 3321 4789 ipsorum
3381 4723 3667 4776 utilitatem

2095 4817 2345 4887 permisit
2364 4826 2423 4871 ut
2442 4816 2829 4871 alilictionibus
2859 4814 3240 4884 probarentur.
3264 4815 3557 4884 ltaqueqni
3578 4830 3674 4884 per

2096 4909 2448 4964 alliictionum
2476 4909 2830 4978 ignominiam
2858 4909 2993 4961 adeo
3010 4917 3170 4962 acute
3200 4906 3385 4961 videre
3415 4920 3670 4976 possunt,

2098 5004 2150 5058 hi
2184 5018 2277 5073 per
2315 5012 2687 5072 contemptum
2722 5011 2776 5055 et
2813 5001 3094 5055 infamiam
3128 5001 3271 5056 unde
3300 5001 3560 5055 damnum
3586 5016 3671 5055 re-

2100 5094 2245 5149 ferre
2274 5093 2617 5159 videbantur,
2637 5093 2798 5162 723
2834 5092 3004 5163 magis
3036 5093 3418 5148 luerifecerunl
3444 5092 3672 5161 gloriam

2100 5195 2155 5242 et
2192 5186 2389 5240 bonam
2451 5184 2675 5249 famam,
2726 5185 2948 5252 insuper
3000 5195 3054 5239 ct
3099 5201 3322 5256 regnum
3385 5195 3671 5249 aztcrnum,

2102 5289 2320 5350 prOpter
2348 5279 2494 5349 quod
2529 5279 2690 5332 etiam
2725 5277 2793 5331 ab
2823 5280 3148 5347 agonotheta
3187 5278 3401 5348 probari
3424 5277 3673 5348 permissi

2102 5384 2252 5431 sunt.

2182 5466 2248 5521 Et
2290 5482 2437 5521 versa
2469 5474 2546 5519 est
2593 5464 2747 5519 tertia
2780 5480 2905 5534 pars
2936 5481 3191 5534 aquarum
3227 5465 3280 5517 in
3332 5462 3672 5517 absinthium.

2106 5563 2420 5617 Commutat
2447 5574 2510 5614 ca
2541 5574 2663 5630 qua:
2685 5572 2752 5612 ex
2783 5557 2976 5613 all’ectu
3002 5558 3289 5612 tentatoris
3318 5555 3560 5624 afﬂigunt
3613 5570 3678 5607 ae

2110 5664 2318 5709 tentant
2349 5670 2362 5707 :
2399 5658 2731 5707 transmutat
2758 5659 2939 5705 autem
2972 5666 3078 5705 non
3115 5650 3168 5703 in
3217 5664 3281 5703 eo
3311 5647 3453 5719 quod
3492 5662 3678 5702 amara

2111 5748 2243 5814 sint,
2274 5746 2365 5801 sed
2392 5746 2446 5799 in
2483 5759 2549 5797 eo
2578 5744 2721 5813 quod
2774 5744 2997 5799 salutari
3029 5746 3188 5798 modo
3214 5758 3309 5813 per
3359 5741 3680 5797 amaritudi-

2114 5852 2235 5894 nem
2266 5835 2441 5891 visum
2474 5832 2576 5887 sibi
2609 5833 2982 5890 corroborent.
3010 5832 3211 5890 Deinde
3233 5832 3510 5905 subiungit
3532 5832 3680 5905 quod

3286 5924 3365 5985 20
