4046 6628
345 412 451 472 61')

1164 411 1497 472 ΔΒΕΤΙΙᾹΞ
1535 409 1917 471 Cz'ESAREfE
1953 410 2188 471 CAPPA
2203 410 2443 473 DOCHE
2486 409 2827 475 EPISCOPI

3508 407 3616 473 6‘20

346 523 581 577 multiex
620 520 778 592 aquis
802 522 998 576 mortui
1036 520 1163 578 sint.
1191 521 1630 589 Quinamautcm
1662 534 1790 578 Stlttt
1839 521 1934 574 hi?

2050 522 2193 591 φέρει
2224 525 2308 576 ὅτι
2337 526 2523 579 πολλοὶ
2574 526 2637 579 ἐκ
2665 525 2774 579 τῶν
2811 525 3020 579 ὑδάτων
3057 526 3347 579 ἀπέθανον.
3373 525 3529 589 Τίνες
3562 527 3617 579 δὲ

342 620 443 686 Qui
478 619 717 672 humano
747 630 897 669 more
927 615 1246 672 afﬂictiones
1282 617 1663 672 sustinuerunt
1693 615 1745 669 in
1770 627 1925 668 ama-

343 712 585 766 ritudine
630 708 912 764 absinthii.

909 841 1141 899 CAPUT
1168 841 1310 897 XXV

346 989 579 1053 Quartus
604 984 820 1056 angelus
854 985 1064 1036 tertiam
1109 982 1324 1056 luminis
1363 980 1555 1033 solaris
1599 996 1661 1032 ac
1722 979 1929 1033 lunaris

841 1065 1045 1124 partem
1071 1054 1338 1105 obscurat.

416 1216 485 1272 Et
503 1228 726 1289 quartus
754 1215 970 1285 angelus
994 1212 1117 1266 tuba
1147 1210 1355 1275 cecinit,
1376 1225 1423 1264 et
1442 1208 1699 1279 percussit
1719 1210 1933 1263 tertiam

344 1321 550 1381 partem
575 1310 704 1364 solis
731 1325 792 1360 ac
824 1308 1036 1361 tertium
1076 1314 1281 1373 partem
1298 1301 1441 1355 luna:
1462 1311 1511 1355 et
1537 1302 1748 1355 tertiam
1810 1317 1935 1369 par-

348 1416 450 1461 tem
483 1404 781 1463 stellarum,
813 1400 892 1453 ita
914 1410 970 1453 ut
990 1397 1366 1452 obscuraretur
1391 1396 1550 1449 tertia
1572 1410 1695 1464 pars
1716 1408 1932 1447 earum:

347 1506 397 1554 et
423 1495 530 1548 diei
564 1510 669 1548 non
699 1492 895 1546 luceret
923 1506 1048 1561 pars
1119 1489 1301 1555 tertia,
1336 1497 1385 1542 et
1441 1488 1690 1542 similiter
1742 1486 1934 1541 noctis.

347 1586 417 1641 Et
450 1588 558 1641 vidi
586 1595 635 1640 et
660 1585 842 1639 audivi
862 1600 1024 1638 uuam
1052 1581 1286 1653 aquilam
1311 1581 1573 1635 volantem
1590 1597 1683 1649 per
1708 1581 1936 1633 medium

346 1680 489 1747 carli,
508 1680 768 1734 dicentem
792 1694 914 1733 voce
942 1693 1135 1748 magna
1161 1692 1180 1730 :
1238 1674 1346 1740 Vat,
1376 1692 1472 1738 var,
1491 1691 1586 1734 me.
1644 1674 1937 1727 habitanti-

348 1777 444 1830 bus
479 1778 533 1829 in
552 1784 693 1829 terra
715 1790 747 1827 a
768 1773 969 1827 cttteris
996 1772 1243 1824 tubarum
1279 1768 1489 1824 vocibus
1509 1769 1671 1821 trium
1722 1766 1937 1837 angelo-

349 1888 468 1925 rum
500 1872 590 1941 qui
608 1879 727 1924 sunt
746 1870 867 1922 tuba
890 1865 1144 1920 canituri.

419 2158 803 2215 Animadverte
820 2155 964 2228 quod
981 2153 1217 2211 dicendo
1248 2152 1464 2209 tertiam
1492 2162 1701 2223 partem
1754 2149 1937 2205 stella-

349 2256 426 2310 ris
464 2250 861 2324 dispositionis,
892 2265 999 2303 non
1033 2248 1182 2319 ipsas
1217 2247 1411 2303 stellas
1442 2245 1581 2301 dixit
1621 2241 1934 2306 obscurari,

351 2345 444 2401 sed
468 2344 522 2399 id
556 2343 700 2415 quod
741 2343 810 2397 ab
847 2341 928 2397 eis
983 2340 1313 2402 illustratur,
1371 2336 1516 2407 quod
1574 2345 1659 2389 est
1722 2342 1935 2388 terrena

349 2450 600 2495 creatura
631 2454 645 2491 :
677 2437 797 2491 ideo
821 2450 1041 2507 quoque
1072 2430 1354 2501 subjuugit
1390 2444 1404 2482 :
1433 2428 1502 2482 Et
1526 2428 1630 2481 diei
1652 2442 1753 2481 non
1792 2424 1939 2479 luce-

351 2540 429 2586 ret
454 2546 580 2601 pars
613 2529 793 2595 tertia,
842 2528 947 2582 hoc
983 2535 1087 2589 est,
1152 2533 1211 2579 ut
1260 2531 1473 2577 terrena
1527 2527 1780 2574 creatura
1830 2530 1936 2569 non

354 2626 754 2680 illuminaretur
775 2621 985 2678 coalesti
1014 2618 1226 2681 ordine,
1279 2631 1345 2672 ex
1386 2627 1498 2685 quo
1528 2621 1582 2667 et
1611 2612 1845 2665 diurnus
1884 2614 1941 2662 et

353 2727 658 2772 nocturnus
686 2724 862 2770 status
889 2711 1188 2784 perficitur.

427 2823 496 2878 Et
522 2823 695 2878 vidiet
718 2821 897 2876 audivi
930 2835 1092 2873 unam
1127 2817 1363 2889 aquilam
1385 2816 1668 2872 volantem.
1710 2810 1846 2879 Quis
1862 2809 1944 2865 di-

355 2916 499 2971 citur
530 2916 631 2971 hoc
662 2915 783 2969 loco
805 2913 1003 2983 aquilae
1032 2910 1279 2965 volatus?
1313 2908 1670 2978 Angelorum,
1730 2912 1791 2959 ut
1835 2902 1947 2972 opi-

355 3022 475 3071 nor,
498 3005 591 3076 qui
614 3006 834 3060 interim
865 3002 1055 3059 emissi
1079 3011 1209 3057 sunt
1244 3013 1301 3054 ut
1323 2999 1589 3071 supplicia
1617 2997 1951 3053 ministran-'

356 3109 436 3154 tcs
471 3096 757 3159 inferrent,
794 3096 1059 3150 adversus
1090 3110 1187 3149 eos
1231 3092 1324 3163 qui
1360 3108 1459 3163 per
1512 3090 1944 3146 inobedientiam

353 3199 408 3246 ct
436 3188 841 3260 improbitatem
875 3195 1308 3250 contemnerent,
1336 3183 1465 3238 dum
1508 3183 1789 3238 moderate
1831 3179 1947 3250 qui-

2036 609 2217 683 uit-cat;
2256 619 2319 671 Οἱ
2351 618 2707 687 ἀνθρωπίνως
2741 622 2863 684 ταῖς
2920 618 3132 689 θλίψεσι
3165 616 3615 689 προσανέχοντες,

2033 713 2101 783 τῇ
2118 712 2315 784 πικρίᾳ
2346 714 2440 767 τοῦ
2459 714 2733 784 ἀψινθίου.

2605 852 2860 906 ΚΕΦΛΛ.
2911 851 3041 906 κε’.

2052 985 2104 1037 '0
2138 984 2417 1056 τέταρτος
2443 986 2699 1056 ἅγγελος
2728 984 2796 1039 τὸ
2818 986 3017 1055 τρίτον
3054 984 3473 1056 τοῦμήλιακοῦ
3517 984 3620 1040 καὶ

2389 1053 2759 1127 σελήνιιικού
2774 1053 2896 1126 φωτ
2905 1057 2970 1123 ὸς
2985 1053 3265 1116 σκοτίζει.

2108 1215 2215 1271 Kal
2246 1218 2280 1270 ὁ
2317 1214 2597 1283 τέταρτος
2624 1212 2879 1284 ἅγγελος
2904 1212 3227 1276 ἐσάλπισε,
3260 1211 3356 1265 καὶ
3384 1209 3620 1280 ἐπλήγη

2039 1310 2105 1365 τὸ
2124 1311 2325 1377 τρίτον
2352 1309 2464 1363 τοῦ
2491 1309 2696 1378 ἡλίου,
2738 1306 2835 1361 καὶ
2858 1306 2925 1361 τὸ
2952 1307 3156 1376 τρίτον
3180 1304 3293 1374 τῆς
3321 1305 3621 1372 σελήνης,

2038 1406 2138 1460 καὶ
2178 1405 2246 1459 τὸ
2294 1405 2500 1473 τρίτον
2550 1404 2672 1458 τῶν
2711 1402 3002 1471 ἀστέρων,
3034 1402 3135 1455 ἵνα
3203 1399 3503 1467 σκοτισθῇ
3554 1400 3624 1452 τὸ

2040 1497 2240 1564 τρίτον
2267 1494 2487 1558 αὐτῶν,
2522 1493 2620 1548 καὶ
2664 1495 2703 1564 ἡ
2740 1492 2927 1563 ἡμέρα
2954 1492 3041 1562 μὴ
3076 1492 3265 1561 φαίνῃ
3298 1491 3363 1543 τὸ
3413 1491 3625 1558 τρίτον

2038 1587 2250 1656 αὐτῆς,
2273 1588 2371 1641 καὶ
2415 1587 2451 1654 ἠ
2482 1585 2599 1651 νὺξ
2626 1588 2860 1656 ὁμοίως.
2898 1584 3009 1638 Kal
3041 1582 3208 1639 εἶδον
3238 1583 3337 1636 καὶ
3382 1581 3625 1650 ἥκουσα

2038 1681 2178 1747 ἐνὸς
2198 1679 2378 1736 ἀετοῦ
2409 1678 2761 1748 πετομένου,
2785 1680 2855 1731 ἐν
2878 1679 3391 1749 μεσουρανήματι,
3416 1673 3628 1743 λέγον-

2040 1792 2142 1841 τος
2167 1772 2337 1844 φωνῇ
2368 1773 2603 1843 μεγάλῃ
2632 1788 2645 1801 ’
2693 1772 2863 1834 Οὐαὶ,
2898 1770 3067 1835 οὐαὶ,
3100 1770 3233 1823 οὐαὶ
3278 1768 3403 1835 τοῖς
3430 1785 3629 1820 κατοι-

2040 1865 2259 1921 κοῦσιν
2300 1864 2401 1918 ἐπὶ
2445 1864 2558 1935 τῆς
2594 1861 2705 1935 γῆς
2730 1864 2798 1918 ὲκ
2844 1862 2962 1917 τῶν
2996 1861 3229 1917 λοιπῶν
3256 1858 3472 1931 φωνῶν
3514 1858 3629 1925 τῆς

2042 1958 2386 2028 σάλπιγγος
2408 1956 2529 2011 τῶν
2583 1954 2762 2027 τριῶν
2803 1955 3077 2028 ἀγγέλων
3124 1953 3245 2008 τῶν
3278 1952 3632 2023 μελλόντων

2039 2052 2378 2114 σαλπίζειν.

2112 2168 2310 2222 Σκόπει
2354 2167 2430 2229 ὡς
2455 2165 2515 2219 τὸ
2553 2164 2738 2237 τρίτον
2782 2160 2954 2216 εἰπὼν
3000 2162 3099 2232 τῆς
3130 2158 3385 2231 ἀστρῴας
3442 2159 3628 2212 διακοο

2043 2262 2322 2332 σμήσεως,
2353 2259 2454 2312 οὐκ
2478 2258 2680 2322 αὐτοὺς
2709 2253 2830 2310 εἷπε
2864 2255 3241 2325 σκοτισθῆναι,
3270 2252 3409 2306 ἀλλὰ
3438 2250 3500 2304 τὸ
3538 2250 3629 2302 ὐπ’

2042 2352 2223 2407 αὐτῶν
2250 2350 2765 2420 καταλαμπόμενον,
2793 2349 2820 2403 ὂ
2856 2350 2889 2420 ἡ
2933 2347 3206 2417 περίγειος
3250 2344 3428 2407 κτίσις
3461 2341 3629 2397 ἐστίν.

2043 2444 2135 2499 Διὸ
2172 2445 2266 2498 καὶ
2293 2444 2545 2515 ἐπιφέρει
2574 2458 2587 2472 °
2619 2442 2726 2497 Kal
2763 2441 2830 2495 τὸ
2854 2441 3057 2509 τρίτον
3077 2436 3268 2505 αὐτῆς
3286 2435 3372 2506 μὴ
3420 2434 3631 2504 φαίνῃ.

2044 2534 2357 2601 Τουτέστιν,
2392 2533 2479 2586 ἵνα
2532 2530 2608 2603 μὴ
2647 2533 2712 2601 τῇ
2756 2528 2995 2599 οὐρανίῳ
3044 2524 3407 2595 διακοσμήσει
3461 2537 3635 2574 κατα-

2044 2627 2266 2699 λαμφθῇ
2302 2626 2364 2681 τὸ
2392 2626 2693 2697 περίγειον,
2724 2622 2819 2692 ἀφ’
2846 2616 2921 2676 ὧν
2944 2621 3007 2675 τὸ
3035 2618 3295 2692 ἡμερινὸν
3328 2635 3387 2672 τε
3410 2616 3505 2670 καὶ
3544 2633 3634 2667 νυ-

2045 2720 2295 2792 κτερινδν
2324 2717 2667 2773 ἀποτελεῖται
2690 2716 3044 2786 κατάστημα.

2117 2832 2224 2889 Kal
2245 2832 2410 2887 εἶδον
2446 2831 2545 2886 καὶ
2574 2830 2814 2900 ἤκουσα
2846 2828 2985 2896 ἐνὸς
3033 2826 3216 2883 ἀετοῦ
3271 2824 3627 2893 πετομένου.

2048 2926 2144 2989 Τίς
2175 2927 2209 2997 ἡ
2230 2924 2326 2979 τοῦ
2358 2923 2518 2977 ἀετοῦ
2555 2923 2792 2977 ἐνταύοα
2815 2925 3049 2993 πτῆσις;
3077 2920 3197 2974 Τῶν
3230 2918 3364 2979 τέως
3393 2916 3635 2985 ὑποϐλη-

2050 3020 2251 3075 θέντων
2300 3018 2548 3086 ἀγγέλων
2581 3018 2680 3081 τὰς
2725 3016 2996 3086 τιμωρίας
3026 3015 3298 3068 διακονεῖν
3338 3027 3636 3081 παρεωρα-

2056 3114 2256 3184 μένων,
2285 3106 2464 3182 οἶμαι,
2494 3111 2582 3164 διὰ
2615 3110 2677 3163 τὸ
2703 3109 2928 3171 ἀπειθὲς
2960 3108 3055 3160 καὶ
3088 3106 3497 3173 ὰσωφρόνιστον
3525 3100 3632 3152 τῶν

2050 3205 2119 3260 δι’
2143 3204 2293 3267 ἔλεος
2325 3205 2564 3275 μετρίως
2601 3202 2696 3255 καὶ
2728 3200 2865 3270 πρὸς
2908 3201 3251 3270 ἐπιστροφὴν
3289 3198 3413 3255 ταῖς
3465 3210 3635 3264 τιμω-

354 3286 475 3340 dem
512 3292 659 3337 etex
706 3279 1086 3336 misericordia
1113 3289 1167 3334 et
1188 3280 1254 3333 ad
1306 3278 1720 3333 conversionem
1773 3273 1949 3345 pmnis

2059 3298 2201 3367 ρίαις
2256 3273 2717 3366 ὐποΰαλλομὲνων
2774 3294 2897 3365 μὲν,
2928 3291 3137 3346 ἑαυτῶν
3185 3290 3243 3343 δὲ
3300 3289 3379 3352 εἰς
3428 3286 3637 3357 βέλτιον

355 3376 747 3447 subjiciuntur,
777 3391 933 3430 suam
967 3382 1146 3427 autem
1187 3373 1390 3426 nullam
1428 3370 1858 3432 habentcuram,
1885 3375 1943 3420 ut

357 3470 617 3527 accedant
642 3468 708 3523 ad
739 3467 789 3522 id
818 3466 967 3537 quod
1011 3466 1204 3520 melius
1225 3473 1329 3520 est.
1370 3461 1535 3534 724
1573 3462 1651 3516 Ad
1681 3461 1780 3515 hos
1813 3472 1944 3527 ergo

360 3565 454 3637 qui
487 3580 595 3619 non
646 3563 997 3633 resipiscunt,
1041 3569 1100 3613 nt
1132 3560 1370 3613 divinam
1430 3556 1743 3610 manifestet
1783 3554 1941 3619 iram,

359 3670 414 3714 et
446 3659 593 3712 volat
625 3666 681 3711 et
709 3655 911 3709 clamat
932 3652 1138 3721 aquila,
1170 3661 1229 3705 ut
1258 3649 1339 3704 vel
1368 3647 1531 3717 hujus
1560 3647 1755 3702 timore
1812 3645 1945 3698 fiant

360 3766 475 3807 suae
506 3750 704 3806 salutis
742 3760 1033 3802 memores.
1079 3745 1183 3799 Pcr
1225 3742 1463 3796 medium
1518 3740 1641 3794 cmli
1682 3738 1944 3807 loqueba-

359 3859 473 3913 tur,
503 3847 633 3915 quia
656 3856 828 3913 neque
859 3841 1001 3894 ultra
1034 3839 1135 3893 hoc
1161 3835 1457 3907 procedere
1487 3840 1737 3903 possunt,
1772 3842 1946 3899 neque

362 3954 485 3995 eSSe
508 3938 716 4007 absque
742 3936 846 3990 hoc
877 3934 1075 3988 throno
1096 3946 1161 3985 ac
1182 3938 1418 3985 vectore.
1444 3926 1640 3997 Aquila
1667 3938 1796 3979 vero
1828 3929 1944 3978 erat

362 4050 429 4090 ex
456 4031 565 4087 illis
606 4028 959 4093 animalibus,
990 4040 1113 4096 quae
1150 4020 1545 4093 quadriformia
1579 4024 1738 4073 erant
1768 4034 1782 4071 :
1825 4029 1924 4070 nec

363 4128 511 4185 aliud
549 4126 693 4181 inter
717 4136 781 4177 ea
838 4136 960 4191 qure
1015 4117 1365 4172 manifestata
1410 4121 1539 4169 sunt
1574 4109 1748 4167 fuisse
1801 4108 1946 4163 circa

363 4225 646 4284 thronum,
692 4230 757 4272 eo
784 4214 930 4285 quod
970 4212 1179 4267 nullum
1220 4209 1453 4265 aliorum
1498 4206 1682 4261 volare
1711 4206 1945 4260 dicatur.

366 4316 523 4374 Unde
547 4314 709 4369 etiam
745 4310 869 4365 huic
898 4306 1056 4363 facile
1077 4304 1181 4361 fuit
1211 4304 1451 4360 medium
1479 4301 1603 4358 caeli
1635 4312 1945 4370 occupare:

366 4420 425 4467 et
462 4407 715 4464 similiter
747 4418 812 4458 eo
856 4401 1001 4472 quod
1027 4408 1190 4455 acuto
1239 4406 1463 4468 aspectu
1513 4394 1695 4467 (quod
1751 4392 1948 4463 aquilis

368 4494 617 4552 naturale
648 4494 766 4563 est)
796 4491 973 4545 futura
1002 4491 1253 4543 videatur
1284 4503 1389 4540 non
1422 4486 1700 4554 ignorare,
1742 4490 1923 4552 potest

370 4604 434 4645 ea
451 4596 672 4658 propter
704 4599 823 4653 qua:
852 4579 1187 4635 vociferatur
1213 4578 1409 4633 sistere
1425 4584 1549 4629 ante
1571 4589 1667 4629 eos
1700 4576 1793 4642 qui
1819 4571 1952 4626 ohe-

368 4680 546 4735 tliunt.
570 4676 899 4745 Triplicatur
917 4679 1095 4723 autem
1129 4685 1227 4733 rte,
1257 4684 1368 4721 non
1398 4666 1575 4721 solum
1595 4665 1664 4719 ad
1687 4662 1952 4732 cognitio-

369 4786 493 4838 ne_m
521 4768 808 4824 afﬂuentia:
830 4764 1300 4827 dolorum,vcrum
1324 4758 1489 4813 etiam
1509 4767 1568 4812 ut
1590 4754 1953 4811 sanctissimae

371 4863 666 4920 Trinitatis
698 4861 1137 4930 indignationem
1160 4851 1458 4916 describat,
1502 4847 1556 4906 et
1594 4859 1816 4920 propter
1844 4864 1961 4904 ca:-

376 4958 598 5015 lestium
635 4971 762 5025 erga
792 4967 892 5007 nos
914 4947 1338 5010 condolentiam,
1364 4953 1585 5014 propter
1610 4958 1774 5012 quam
1798 4943 1962 5001 etiam

2045 3390 2295 3460 οὐδαμῶς
2351 3386 2915 3460 ὲπιφροντισαμένωνο
2949 3383 3160 3447 τούτοις
3194 3378 3288 3435 οὖν
3327 3382 3440 3440 τοῖς
3487 3380 3630 3447 ἀμε-

2045 3484 2328 3552 τανοήτοις
2361 3482 2461 3551 τῆς
2493 3480 2646 3543 θείας
2693 3479 2864 3549 ὀργῆς
2903 3478 2982 3539 εἰς
3014 3475 3250 3547 δήλωσιν
3280 3472 3507 3524 πέτεται
3539 3468 3636 3521 καὶ

2051 3574 2247 3645 κράζει
2277 3574 2305 3625 ὁ
2329 3572 2509 3637 ἀετὸς,
2536 3572 2611 3633 ὠς
2661 3570 2727 3624 ἂν
2756 3573 2833 3640 τῷ
2869 3567 3020 3639 φόὸῳ
3050 3565 3277 3633 ταύτης,
3300 3564 3398 3633 τῆς
3428 3560 3638 3615 ἑαυτῶν

2050 3666 2319 3735 γένωνται
2371 3662 2669 3731 σωτηρίας.
2708 3661 2806 3715 Ἐκ
2850 3657 3334 3730 μεσουρανήματος
3394 3653 3514 3724 μὲν,
3554 3652 3639 3704 ὅτι

2054 3755 2189 3827 μηδὲ
2216 3754 2389 3825 πέραν
2414 3751 2608 3805 τούτου
2641 3752 2773 3823 ἄτερ
2806 3752 2901 3804 τοῦ
2949 3748 3142 3821 Ορὸνου
3174 3749 3371 3818 χωρεῖν
3403 3745 3497 3797 καὶ
3540 3747 3640 3795 ἐπ-

2056 3849 2181 3919 όχου
2205 3848 2393 3901 τούτου
2426 3840 2529 3899 οἷοί
2586 3844 2646 3897 τέ
2677 3845 2836 3898 εἰσιν.
2880 3844 3066 3906 Ἀετὸς
3089 3842 3166 3906 δὲ,
3199 3840 3308 3894 τῶν
3332 3837 3639 3909 τετραμόρ-

2052 3959 2188 4012 φων,
2225 3940 2319 3994 καὶ
2343 3940 2442 3993 οὐκ
2463 3939 2591 3993 ἄλλο
2620 3938 2726 3991 τῶν
2760 3937 2886 4007 περὶ
2918 3935 3012 3989 τὸν
3045 3934 3238 4006 θρόνον
3264 3931 3637 4003 δηλωθέντων,

2052 4034 2147 4089 ἆτε
2176 4034 2379 4087 τοᾶτων
2401 4030 2615 4094 οὐδενὸς
2644 4029 2705 4084 τὸ
2731 4028 3012 4084 ἵπτασθαι.
3049 4027 3140 4093 ἘΞ
3170 4020 3231 4080 οὗ
3269 4026 3363 4078 καὶ
3397 4024 3455 4076 τὸ
3495 4038 3634 4092 μεσα

2053 4131 2342 4204 ουράνημα
2382 4128 2713 4183 καταλαϐεῖν
2744 4122 2813 4198 ἦν
2845 4123 3111 4186 εὐπετῶς.
3148 4122 3243 4175 καὶ
3274 4121 3391 4190 ἅμα
3417 4120 3490 4181 (Lg
3520 4116 3643 4187 ἕχον

2052 4228 2120 4297 τῇ
2148 4223 2393 4295 ὀξυωπία
2422 4222 2471 4292 (ὃ
2507 4221 2788 4292 σύμφυτον
2813 4220 3015 4285 ἀετοῖς)
3055 4216 3116 4270 τὸ
3160 4214 3453 4283 ἀλάοητον,
3487 4227 3645 4280 περι-

2056 4316 2216 4386 σταίη
2255 4318 2369 4379 τοῖς
2405 4314 2696 4384 κατηκόοις
2731 4313 2801 4367 τὰ
2831 4311 2915 4382 ἐφ’
2939 4306 3019 4375 οἷς
3057 4309 3246 4379 ἐκϐοᾷ.
3297 4307 3640 4378 Τριπλασιὶ-

2055 4403 2279 4468 ζεταιδὲ
2309 4403 2389 4465 τὸ,
2417 4404 2574 4469 οὐαὶ,
2615 4403 2675 4455 οὐ
2727 4403 2885 4473 μόνον
2908 4403 2987 4465 εἰς
3010 4398 3249 4473 ὀδυρμοῦ
3285 4397 3486 4466 γνῶσιν
3536 4411 3642 4446 πε-

2065 4494 2325 4565 ριουσίας,
2351 4494 2464 4547 ἀλλ’
2501 4495 2587 4547 ἵνα
2614 4496 2707 4548 καὶ
2748 4495 2847 4565 τὴν
2888 4493 3272 4562 ἀγανάκτησιν
3328 4488 3421 4542 τοῦ
3476 4488 3646 4557 Τρισ-

2062 4586 2221 4655 αγίου
2257 4586 2571 4659 ὑπογράφῃ,
2602 4588 2916 4660 συμπαθείᾳ
2959 4604 3016 4640 τε
3046 4586 3152 4637 τῶν
3189 4583 3457 4655 οὐρανίων
3508 4580 3646 4650 προς

2064 4680 2235 4750 ἡμᾶς,
2261 4679 2328 4732 δι’
2351 4681 2417 4751 ἢν
2452 4681 2684 4752 μάλιστα
2707 4682 2799 4735 καὶ
2832 4681 2892 4735 τὸ
2916 4681 3048 4735 οὐαὶ
3082 4678 3291 4741 τούτοις
3316 4675 3646 4747 τριπλασιά-

2062 4768 2235 4834 (erat,
2273 4770 2372 4841 τῆς
2399 4771 2851 4842 ὑπερϐαλλούσης
2884 4772 3179 4841 ἐμφάσεως
3201 4770 3301 4839 τῆς
3334 4768 3473 4837 ὑπὲρ
3494 4766 3648 4836 ἡμῶν

2062 4860 2365 4933 θρηνῳδίας
2400 4863 2699 4917 συνδούλων
2727 4865 2909 4927 αὐτοῖς
2935 4863 3127 4917 ὄντων.
3166 4860 3256 4913 Διὸ
3286 4859 3380 4913 καὶ
3400 4860 3460 4911 τὸ
3478 4858 3641 4926 ἁ).γύ-

2065 4953 2256 5007 νεσθαι
2286 4956 2505 5021 αὐτοῦς,
2542 4957 2621 5021 εἰς
2644 4955 2959 5027 περιουσίαν
2997 4953 3261 5024 ὑπῆρξεν.

380 5054 722 5127 potissimum
748 5064 828 5104 va:
858 5048 993 5118 ipsis
1022 5043 1328 5110 triplicatur
1371 5058 1383 5091 :
1424 5041 1493 5093 ad
1535 5038 1954 5109 significandum
1994 5046 2443 5106 lamentationem
2520 5052 2811 5105 tttnximam
2839 5064 3005 5120 quam
3041 5046 3212 5102 nostri
3271 5044 3443 5116 gratia
3464 5046 3645 5099 susci-

378 5150 554 5221 piunt,
586 5156 846 5214 tauquam
880 5140 951 5195 ob
997 5150 1128 5193 suos
1179 5146 1478 5190 conservos
1513 5148 1527 5185 :
1568 5131 1798 5202 ideoque
1828 5136 2100 5211 contingit
2125 5151 2185 5197 ut
2214 5141 2289 5197 illi
2326 5142 2565 5197 atnuenti
2602 5142 2820 5198 tristitia
2853 5140 3179 5196 aniciantur,

444 5265 482 5319 Α
535 5263 736 5319 caeteris
776 5255 1007 5312 vocibus.
1052 5250 1211 5307 Unde
1239 5248 1533 5305 declaravit
1596 5240 1778 5318 aquila
1831 5266 1953 5307 esse

373 5377 448 5415 rw
473 5361 498 5413 1’
522 5358 738 5421 Avoce,
770 5350 972 5422 inquit,
1010 5348 1175 5411 tubm,
1205 5358 1313 5399 non
1354 5343 1498 5413 quod
1546 5342 1663 5413 ipsa
1700 5358 1801 5398 vox
1860 5359 1953 5399 su-

369 5451 651 5525 perveniat
687 5460 806 5517 qua:
857 5442 1042 5497 futura
1074 5437 1212 5492 mala
1236 5434 1451 5503 elliciat,
1479 5435 1572 5491 sed
1596 5435 1858 5506 quoniam
1885 5452 1955 5492 ex

375 5540 794 5618 pt':BCCtlt:ttllllm
861 5532 1183 5605 angelorum
1244 5529 1632 5586 buccinatione
1706 5530 1956 5586 animum

375 5658 481 5695 non
537 5635 868 5705 appulerunt
899 5628 967 5683 ad
1026 5624 1483 5698 resipiscentiam,
1547 5623 1625 5679 nil
1678 5624 1828 5680 aliud
1868 5639 1957 5680 re-

373 5742 485 5790 Stat
551 5727 652 5784 nisi
714 5735 774 5780 ut
823 5720 951 5777 tuba
1028 5735 1248 5775 rursum
1306 5718 1619 5775 excitentur
1692 5726 1953 5787 tanquam

375 5838 592 5891 somno,
634 5832 690 5876 ut
735 5819 816 5878 vel
882 5821 964 5879 sic
1009 5823 1306 5887 operentur
1355 5828 1478 5885 quae
1543 5812 1647 5868 sibi
1688 5811 1951 5869 salutaria

372 5927 524 5975 sunt.

2146 5257 2245 5312 Ἐκ
2265 5256 2381 5311 τῶν
2394 5258 2624 5311 λοιπῶν
2639 5254 2873 5327 φωνῶν.
2894 5257 3064 5310 Πόθεν
3089 5254 3150 5309 τὸ
3170 5250 3647 5319 οὺαὶδιεσάφησεν

2064 5352 2093 5403 ὁ
2114 5350 2270 5415 ἀετός
2296 5368 2310 5416 ;
2350 5351 2484 5404 Ἀπὸ
2510 5351 2607 5419 τῆς
2636 5351 2817 5420 φωνῆς
2844 5352 3023 5420 φήσας
3052 5348 3150 5417 τῆς
3178 5346 3477 5412 σάλπιγγος
3503 5358 3515 5369 ·
3544 5341 3643 5410 οὐχ

2064 5444 2146 5497 ὄτι
2179 5443 2318 5514 αὐτὴ
2347 5445 2380 5514 ἡ
2416 5443 2568 5513 φωνὴ
2596 5444 2925 5514 δημιουργὸς
2955 5441 3064 5495 τῶν
3119 5438 3423 5511 μελλόντων
3458 5434 3647 5489 κακῶν

2064 5536 2415 5608 ὲπέρχεσΊαι,
2447 5535 2563 5589 ἀλλ’
2613 5535 2734 5588 ἐπεὶ
2777 5535 2851 5607 μὴ
2884 5534 2962 5604 τῷ
3003 5529 3297 5601 σαλπισμῷ
3356 5528 3465 5582 τῶν
3511 5543 3647 5597 προ-

2063 5629 2389 5699 ηχησάντων
2422 5628 2671 5697 ἀγγέλων
2706 5628 2843 5700 πρὸς
2875 5627 3164 5699 μετάνοιαν
3215 5622 3461 5682 ἁπείδον,
3490 5620 3544 5672 τί
3578 5618 3645 5672 ἂν

2062 5721 2417 5775 ὑπολείπεται
2471 5720 2679 5793 eum)
2732 5722 2793 5774 τὸ
2832 5721 2988 5774 πάλιν
3028 5721 3094 5790 τῇ
3144 5716 3409 5783 σάλπιγγι
3454 5712 3530 5773 ὡς
3584 5710 3645 5773 ἐξ

2062 5813 2234 5866 ὐπνου
2263 5814 2619 5885 διαναστῆναι
2665 5812 2801 5883 πρὸς
2850 5810 2947 5882 τὴν
2978 5810 3088 5864 τῶν
3134 5806 3418 5879 σωτηρίων
3458 5804 3643 5865 αὐτοῖς

2063 5907 2325 5979 ἐργασίαν
2354 5925 2368 5975 ;
