4046 6586
378 481 477 546 621
1034 544 1049 551 ,
1446 484 1833 545 COMMENT.
1870 484 1951 546 IN
1991 485 2521 546 APOCALYPSIN.
3520 487 3628 551 6'22

939 588 1188 642 item.
1247 589 1380 643 κη’.
1978 603 2022 657 Α
2557 576 2787 648 ΟΑῙῖυΤ
2819 595 3063 651 xxvm.

373 701 520 777 Περί
540 700 665 777 ,τοῦ
736 700 1010 777 πέμπτου
1044 701 1319 777 ,ἀγγέλου
1342 743 1357 767 ,
1385 704 1518 777 ’καί
1544 704 1665 777 τῶν
1728 705 1795 757 ἐκ
1837 703 1950 777 γῆς

2055 704 2131 757 Dr
2154 708 2337 774 quinto
2363 706 2548 776 angelo
2572 718 2620 761 et
2646 710 3012 777 spiritualibns
3061 711 3275 763 locustis
3297 710 3630 764 ascendenti—

442 772 718 850 ἀϐῥσσου
746 770 1184 850 ,ᾀνερχθομένων
1202 772 1457 850 prensa»:
1489 775 1751 842 ἀκρίδων
1778 814 1793 838 ,
1844 770 1948 826 καί

2125 770 2218 829 bus
2256 792 2321 831 ea:
2345 770 2531 848 abysso
2566 770 2742 845 terrae,
2790 781 2953 849 deque
3003 782 3149 834 varia
3171 782 3339 850 specie
3372 782 3627 849 ipsarum.

449 841 553 894 τοῦ
590 842 872 893 ποικίλου
892 841 1000 907 τῆς
1023 841 1264 908 μορφῆς
1300 843 1521 897 αὐτῶν.

445 950 552 1004 Kal
590 953 623 1005 ό
676 949 942 1019 πέμπτος
1001 952 1257 1022 ἅγγελος
1278 954 1581 1008 ἐσάλπισε
1605 971 1620 987 ⁸
1660 956 1755 1009 καί
1785 950 1952 1011 εἶδον

2139 952 2205 1006 Ει
2237 954 2452 1024 quintus
2479 955 2694 1025 angelus
2735 955 2863 1009 tuba
2917 956 3315 1021 cecinit,etvidi
3333 957 3541 1010 stellam
3571 958 3633 1009 de

372 1043 594 1110 ἀστέρα
617 1043 683 1095 ἐκ
710 1043 816 1097 τοῦ
854 1044 1113 1110 οὐρανοῦ
1142 1047 1496 1101 πεπτωκότα
1519 1048 1605 1112 είς
1635 1047 1751 1113 τὴν
1790 1046 1908 1117 γῆν
1933 1062 1948 1077 ο

2054 1044 2181 1101 caelo
2210 1048 2459 1101 cecidisse
2482 1048 2533 1101 in
2555 1059 2750 1102 terram
2779 1064 2797 1101 :
2829 1058 2877 1102 et
2901 1050 3034 1101 data
3068 1057 3145 1103 est
3204 1048 3307 1117 ipsi
3330 1048 3490 1102 clavis
3538 1066 3635 1117 pu-

375 1136 473 1188 xal
504 1135 682 1202 ἐδόθη
712 1133 875 1199 αὐτῷ
903 1134 940 1202 ὴ
975 1136 1144 1204 κλεὶς
1188 1136 1293 1190 τοῦ
1316 1136 1569 1205 φρέατος
1603 1138 1715 1206 τῆς
1758 1139 1948 1193 ἀϐύσ-

2057 1140 2125 1190 tei
2148 1140 2345 1209 abyssi,
2366 1150 2415 1193 et
2456 1140 2662 1205 aperuit
2700 1151 2913 1209 puteum
2936 1140 3112 1210 abyssi
3136 1149 3221 1194 :et
3259 1140 3492 1193 ascendit
3545 1148 3632 1209 ju-

378 1242 495 1281 σου
526 1243 541 1257 ο
565 1226 665 1279 καί
697 1227 881 1292 ἀνέϐη
921 1227 1151 1293 καπνὸς
1188 1228 1256 1281 ἐκ
1288 1228 1395 1281 τοῦ
1423 1228 1698 1297 φρέατος,
1724 1230 1803 1294 ὠς
1847 1245 1952 1282 κα-

2072 1245 2170 1281 nus
2188 1232 2250 1281 de
2270 1239 2446 1297 puteo,
2478 1232 2613 1284 sicut
2641 1231 2818 1301 {unius
2839 1232 3076 1300 fornacis
3103 1230 3360 1296 ardentis,
3378 1241 3426 1285 et
3446 1230 3634 1284 obscu-
3667 1300 3670 1311 ν

378 1319 530 1384 πνὸς
558 1319 812 1387 καμίνου
844 1318 1164 1387 καιομένης
1194 1335 1207 1350 ⁸
1251 1320 1348 1373 καὶ
1378 1320 1702 1388 ἐσκοτίσθη
1723 1322 1756 1374 ὁ
1779 1321 1954 1389 ἣλιος

2058 1333 2205 1375 ratus
2221 1331 2297 1375 est
2317 1322 2396 1375 sol
2424 1333 2473 1376 et
2497 1340 2587 1377 aer
2610 1341 2642 1377 a
2664 1325 2808 1393 [unto
2840 1326 3026 1395 putei:
3056 1334 3105 1378 et
3134 1324 3197 1379 de
3226 1326 3371 1395 fumo
3395 1325 3636 1379 exierunt

378 1409 475 1461 καί
503 1411 535 1462 ὀ
563 1408 680 1477 ἀὴρ
707 1409 775 1461 ἐκ
796 1409 901 1462 τοῦ
929 1408 1162 1463 καπνοῦ
1186 1410 1292 1465 τοῦ
1314 1411 1569 1480 φρέατος
1599 1428 1615 1443 ·
1637 1411 1736 1465 καί
1762 1412 1828 1467 ἐκ
1847 1411 1954 1465 τοῦ

2058 1411 2274 1465 locusta:
2292 1414 2344 1466 in
2365 1422 2583 1477 terram,
2597 1426 2644 1469 et
2662 1415 2789 1469 data
2811 1425 2885 1471 est
2905 1417 3030 1486 ipsis
3047 1426 3273 1486 potestas
3291 1418 3424 1471 sicut
3445 1418 3637 1473 habent

379 1500 615 1554 καπνοῦ
652 1499 917 1569 ἐξῆλθον
952 1502 1192 1571 ἀκρίδες
1218 1504 1305 1569 είς
1346 1503 1460 1572 τὴν
1482 1502 1617 1573 γῆν,
1649 1504 1746 1558 καί
1777 1503 1953 1571 ἐδόθη

1293 1523 1305 1567 τ
1346 1503 1460 1572 τὴν
1482 1502 1617 1573 γῆν,
1649 1504 1746 1558 καί
1777 1503 1953 1571 ἐδόθη
2056 1515 2361 1573 potestatem
2386 1507 2681 1575 scorpiones
2720 1517 2891 1563 teme.

375 1590 587 1657 αὑταῖς
607 1591 860 1655 ἐξουσία
889 1593 970 1659 ὡς
990 1593 1250 1661 ἔχουσιν
1273 1594 1566 1660 ἐξουσίαν
1595 1599 1649 1651 ot
1675 1596 1955 1664 σκορπίοι

377 1683 489 1753 τῆς
528 1683 661 1755 ritc-

461 1778 557 1831 Ἐκ
609 1776 707 1831 τοῦ
761 1777 1000 1847 οὑρανοῦ
1049 1777 1234 1831 πεσὼν
1273 1779 1475 1850 ἀστὴρ,
1507 1780 1535 1833 δ
1568 1778 1815 1842 διάϐολός
1863 1779 1957 1831 ἑσ-

2131 1774 2293 1847 725
2312 1775 2500 1841 Stella,
2512 1790 2634 1846 quae
2649 1790 2679 1830 e
2695 1775 2833 1831 cmlo
2851 1776 3068 1838 cecidit,
3083 1785 3166 1832 est
3185 1777 3455 1845 diabolus;
3470 1777 3636 1833 clavis

380 1886 463 1924 τιν
486 1884 503 1901 ’
548 1871 584 1940 ἡ
612 1868 761 1933 κλεὶς
798 1870 855 1923 δὲ
885 1870 977 1922 τοῦ
1005 1870 1259 1942 φρέατος,
1285 1872 1319 1941 ή
1350 1871 1565 1925 δοθεῖσα
1612 1871 1759 1942 αὑτῷ
1784 1871 1958 1942 τούτῳ

2062 1879 2241 1922 autem
2264 1866 2431 1936 pulei,
2446 1882 2568 1938 qua:
2583 1866 2709 1923 huic
2732 1867 2833 1937 ipsi
2858 1868 2981 1922 data
2996 1876 3099 1933 est,
3122 1868 3323 1922 dicitur
3339 1867 3633 1922 certitudo:

380 1962 648 2031 ἀσφάλεια
678 1979 693 1994 ο
751 1962 1153 2032 ἀνεκφεύκτους
1189 1957 1329 2017 εἶναι
1386 1964 1510 2025 τοὺς
1542 1964 1955 2033 κατεχομένους,

2061 1961 2209 2031 quod
2268 1935 2344 2015 illi
2384 1935 2494 2015 non
2550 1935 2808 2031 etl‘ugient
2861 1964 2955 2031 qui
2984 1961 3052 2016 ab
3092 1961 3211 2029 ipso
3269 1960 3635 2030 possidentur,

385 2054 619 2124 μάλιστα
655 2055 703 2106 εί
736 2054 1052 2124 ἁμαρτωλοὶ
1100 2049 1210 2107 εἷεν
1241 2071 1255 2086 ·
1291 2055 1470 2128 φρέαρ
1520 2055 1598 2120 δὲ,
1633 2056 1693 2109 τὸ
1748 2059 1805 2109 ὲν
1841 2059 1912 2127 γῇ
1941 2071 1953 2085 ’

2060 2054 2296 2107 maxime
2316 2053 2360 2107 si
2379 2061 2693 2121 peccatores
2718 2052 2861 2119 sint;
2895 2062 3089 2121 puteus
3112 2066 3241 2106 vero
3269 2051 3323 2105 in
3356 2060 3497 2105 terra
3518 2060 3640 2107 est:

381 2145 442 2199 οὑ
474 2145 584 2215 γάρ
616 2144 792 2209 ἄλλως
822 2146 884 2198 τὸ
911 2147 1322 2216 ἀναποδραστον
1349 2146 1382 2217 ἢ
1416 2147 1500 2202 διὰ
1532 2146 1764 2218 φρέατος
1793 2148 1962 2218 δηλω-

2062 2159 2241 2215 neque
2266 2145 2414 2199 enim
2444 2145 2553 2199 alio
2581 2144 2744 2199 modo
2767 2144 3175 2213 signiﬁcaretur
3226 2143 3635 2206 inevitabilitas,

382 2237 523 2307 θείη.
556 2237 826 2299 Ἀϐυσσος
856 2238 913 2291 δὲ
942 2239 1035 2291 καὶ
1067 2240 1125 2291 ὲν
1155 2242 1227 2310 γῇ
1263 2252 1278 2267 ⁶
1309 2239 1402 2292 ἐπὶ
1434 2238 1540 2309 γῆς
1571 2239 1678 2310 γὰρ
1704 2240 1737 2311 ή
1781 2257 1957 2308 τιμω-

2062 2235 2166 2290 nisi
2202 2250 2299 2304 per
2327 2242 2550 2303 puteum
2580 2251 2595 2288 ε
2628 2235 2863 2304 abyssus
2891 2249 3111 2305 quoque
3138 2236 3191 2289 in
3220 2244 3362 2289 terra
3392 2250 3516 2291 esse
3558 2236 3639 2289 di-

384 2329 478 2399 ρία
508 2330 601 2383 καὶ
634 2331 691 2381 ὲν
728 2328 951 2400 ἀϐύσσῳ
1012 2331 1229 2401 φρέατι.
1272 2333 1545 2385 Ἀϐυσσον
1577 2333 1687 2402 γὰρ
1734 2332 1961 2387 καλοῦσι

2061 2329 2203 2383 citur
2236 2344 2402 2383 :nam
2446 2328 2502 2383 in
2542 2337 2687 2383 terra
2737 2336 2821 2383 est
2856 2330 3180 2398 supplicium
3235 2338 3286 2384 et
3341 2331 3396 2384 in
3443 2331 3642 2402 abysso

383 2418 444 2473 τὸ
474 2418 608 2472 πολὺ
643 2417 806 2488 βάθος
832 2420 925 2473 τοῦ
957 2421 1175 2490 πρώτου
1212 2422 1500 2493 στοιχείου,
1529 2422 1562 2493 ἢ
1589 2422 1733 2476 κατὰ
1763 2424 1960 2493 στέρη-

2062 2429 2249 2490 puteo.
2276 2418 2555 2489 Siquidem
2584 2419 2842 2489 abyssum
2893 2429 3093 2475 vocant
3116 2421 3492 2477 vehementem
3534 2422 3641 2492 pri-

386 2527 470 2562 σιν
528 2508 622 2561 τοῦ
676 2508 938 2579 βεϐὑσθαι
985 2510 1044 2564 τὸ
1102 2511 1356 2582 ἀειχανὲς
1406 2510 1879 2582 ὑποϐαλλομὲνου,
1918 2511 1953 2583 ἦ

2063 2510 2137 2563 mi
2171 2509 2428 2566 elementi
2455 2509 2903 2580 profunditatem,
2934 2518 3030 2565 aut
3055 2524 3153 2578 per
3168 2511 3527 2579 privationem
3546 2510 3640 2563 τοῦ

388 2600 531 2654 κατὰ
580 2600 833 2655 ἐπίτασιν
890 2601 953 2655 τὸ
998 2601 1303 2667 πολυϐαθὲς
1358 2602 1798 2674 παριστάνοντος.
1840 2605 1963 2658 Ὀτι

2064 2600 2346 2672 βεϐύσθαι,
2369 2601 2425 2656 id
2465 2610 2553 2658 est
2576 2601 2983 2667 occultationis,
3024 2602 3173 2672 quod
3198 2617 3416 2673 semper
3440 2602 3643 2659 biando

385 2691 443 2745 δὲ
472 2693 529 2745 ὲν
559 2696 628 2763 γῇ
653 2695 685 2763 ή
713 2692 915 2764 κρίσις,
942 2693 1053 2747 τῶν
1083 2694 1254 2763 ἁγίων
1285 2711 1370 2757 τις
1417 2695 1713 2766 προφητῶν
1740 2695 1828 2748 διὰ
1864 2698 1963 2764 τῆς

2065 2709 2175 2750 non
2208 2695 2443 2749 occultet
2480 2694 2531 2749 id
2567 2695 2710 2764 quod
2741 2696 3084 2765 suppositum
3118 2705 3213 2751 aut
3252 2696 3511 2766 injectum
3535 2708 3639 2763 est,

386 2784 630 2848 κοιλάδας
658 2785 879 2857 ᾐνίξατο
906 2786 1001 2863 τοῦ
1036 2787 1326 2856 Ἰωσαφὰτ,
1351 2789 1409 2841 ὲν
1502 2787 1846 2844 καθεδεῖσθαι
1872 2789 1963 2841 τὸν

2065 2798 2157 2844 aut
2192 2805 2285 2858 per
2338 2788 2700 2844 intensionem
2736 2790 2893 2861 (nam
2922 2808 2957 2843 α
3004 2798 3059 2846 et
3084 2791 3445 2860 privationem
3470 2792 3645 2862 signi-

389 2876 520 2932 Θεὸν
566 2879 645 2939 εἰς
694 2878 878 2949 κρίσιν
922 2878 1419 2949 ὲχρησμοδότησεν,
1448 2878 1528 2948 τῷ
1578 2878 1805 2942 πολλοὺς
1847 2879 1964 2931 ἐκεῖ

2066 2881 2190 2935 licet
2220 2888 2273 2933 et
2303 2878 2710 2947 intensionem)
2757 2882 2903 2949 quod
2953 2879 3332 2934 vehementem
3395 2882 3644 2936 ostendat

390 2969 657 3039 πολέμους
709 2974 1009 3041 συμπεσεῖν
1050 2971 1144 3026 καὶ
1188 2970 1590 3042 συγχωσθῆναι.
1637 2971 1859 3024 Καπνὸν
1906 2970 1965 3024 δὲ

2067 2971 2512 3042 profunditatem.
2542 2972 2697 3037 Quod
2721 2984 2901 3026 autem
2934 2973 2988 3026 in
3017 2980 3159 3027 terra
3187 2971 3436 3027 futurum
3461 2973 3640 3042 sitju-

390 3065 718 3134 ἀναδοθῆναι
744 3066 853 3120 ἀπὸ
875 3065 970 3119 τοῦ
1007 3066 1264 3137 φρέατος,
1293 3066 1391 3136 τῆς
1429 3067 1538 3119 τῶν
1566 3068 1682 3118 ἐκεῖ
1720 3082 1962 3138 περιειρ-

2066 3064 2293 3128 dicium,
2324 3064 2546 3133 quidam
2571 3072 2888 3118 sanctorum
2914 3063 3302 3133 prophetarum
3329 3079 3423 3133 per
3448 3064 3638 3118 vallem

390 3157 609 3226 γμένων
625 3157 838 3212 ἀσεϐῶν
864 3158 1083 3229 μνήμης
1099 3175 1156 3212 τε
1178 3159 1272 3211 καὶ
1295 3158 1610 3227 ὲκφάνσεως
1626 3156 1968 3227 ὀργιλώτατα

2066 3154 2327 3224 Josapbat
2361 3154 2682 3219 insinuavit,
2716 3155 2910 3224 inqua
2964 3169 3245 3209 sessurum
3301 3170 3424 3210 esse
3473 3154 3642 3210 Deum

398 3248 855 3319 παραστησάσης,
900 3250 994 3303 καὶ
1027 3249 1320 3320 τοσαύτην,
1351 3250 1484 3319 ὅσην
1530 3250 1675 3311 εἰκὸς
1712 3251 1806 3303 καὶ
1862 3250 1996 3309 ἀπὸγ

2069 3245 2136 3300 ad
2164 3244 2434 3315 judicium
2465 3243 2795 3298 vaticinatus
2824 3252 2948 3297 est:
2999 3244 3147 3313 quod
3183 3242 3352 3297 multa
3382 3243 3456 3297 ibi
3505 3244 3644 3300 bella

393 3341 622 3411 καμίνου
659 3341 1027 3398 ἀναδίδοσθαι.
1057 3341 1169 3395 Καὶ
1201 3341 1392 3411 ὥσπερ
1439 3344 1643 3403 ἐκεῖνος
1673 3342 1701 3393 ὁ
1754 3340 1959 3403 καπνὸς

2067 3336 2412 3406 contigerint,
2454 3335 2722 3405 multique
2754 3336 3032 3391 exercitus
3066 3335 3173 3391 fusi
3215 3336 3348 3392 sint.
3408 3336 3642 3393 Fumum

394 3434 552 3505 ἀχλὺῖ
608 3435 704 3489 καὶ
766 3434 943 3506 σκότῳ
999 3435 1059 3488 τὸ
1112 3434 1370 3505 περιέχον
1420 3433 1853 3502 ἀναμπιμπλῶν,
1905 3432 1966 3485 τὸ

2068 3439 2303 3485 autema
2348 3437 2512 3497 puteo
2561 3426 2786 3496 produci
2822 3428 3047 3491 dicitur,
3096 3428 3239 3497 quod
3286 3430 3549 3483 memoria
3584 3444 3648 3483 ac

394 3525 617 3596 ἡλιακὸν
663 3524 779 3594 φῶς
827 3526 1106 3595 ἀμαυροῖ·
1151 3523 1243 3577 τὸν
1302 3522 1463 3575 αὑτὸν
1516 3523 1716 3593 τρόπον
1786 3521 1880 3576 καὶ
1932 3521 1965 3590 ὴ

2071 3520 2314 3577 narratio
2357 3519 2424 3573 de
2476 3519 2659 3588 impiis
2712 3520 2804 3589 qui
2858 3520 2928 3573 ibi
2961 3519 3295 3581 detinentur,
3321 3519 3557 3587 proferat
3584 3534 3647 3573 ea

396 3616 502 3668 τῶν
532 3614 743 3669 ἀσεϐῶν
777 3614 967 3685 μνήμη
998 3612 1465 3673 ἀνακαινισθεῖσα,
1502 3613 1633 3674 πᾶν,
1678 3610 1782 3664 εἴτι
1823 3628 1965 3680 συμ-

2068 3628 2192 3682 qua:
2226 3610 2523 3666 maximam
2564 3611 2845 3665 continent
2897 3611 3057 3675 iram,
3113 3618 3168 3663 et
3201 3619 3413 3663 tantum
3468 3610 3651 3666 luctus

396 3708 626 3770 παθείας
671 3706 807 3775 φῶς,
840 3706 1098 3762 ἐσϐέσθαι
1126 3705 1415 3779 ἐνεποίησε
1442 3705 1519 3775 τῷ
1552 3703 1829 3774 μεγαλείῳ
1855 3703 1960 3757 τῶν

2070 3713 2335 3773 quantum
2367 3701 2502 3756 fumi
2530 3702 2827 3758 verisimile
2858 3702 2945 3757 cst
2974 3717 3003 3755 a
3033 3701 3251 3756 camino
3280 3703 3529 3771 produci.
3586 3703 3652 3758 Et

396 3795 773 3865 τολμηθέντων
809 3796 1016 3859 αὑτοῖς.
1210 3870 1219 3875 ί
1518 3874 1524 3875 γ

2069 3795 2533 3867 quemadmodum
2596 3796 2685 3850 ille
2716 3795 2898 3850 fumus
2922 3794 3156 3866 caligine
3190 3809 3255 3849 ac
3286 3796 3525 3851 tenebris
3553 3811 3645 3850 re-

401 3889 549 3957 pletis
580 3889 804 3959 quiquid
839 3874 1291 3959 circumadjacet,
1361 3874 1543 3944 solare
1576 3888 1758 3945 lumen
1807 3893 2114 3947 obseurat:
2169 3894 2235 3947 ad
2269 3893 2520 3948 eumdem
2586 3907 2806 3961 quoque
2859 3892 3079 3947 modum
3131 3904 3397 3950 renovata
3454 3891 3653 3962 impio-

400 3996 517 4033 rum
557 3984 840 4044 memoria,
901 3982 945 4034 si
991 3983 1136 4052 quod
1174 3989 1258 4035 est
1317 3980 1713 4049 compassionis
1757 3981 1963 4047 lumen,
2002 3998 2163 4039 omne
2196 3983 2327 4038 illud
2387 3981 2659 4052 exstingui
2682 3983 2858 4052 coegit
2886 3983 2957 4038 ob
2984 3997 3173 4039 eorum
3209 3982 3644 4056 magnitudinem

398 4094 519 4149 quae
550 4078 651 4148 ipsi
679 4088 890 4145 patrare
916 4080 1035 4133 ausi
1069 4090 1214 4132 sunt.

468 4174 575 4227 Kal
601 4172 670 4225 ἐκ
701 4173 805 4226 τοῦ
839 4174 1072 4227 καπνοῦ
1098 4170 1361 4240 ἐξῆλθον
1387 4170 1646 4240 ἀκρίδες.
1701 4170 1761 4224 'll
1792 4172 1978 4242 μνήμη

2158 4172 2225 4226 Ει
2255 4174 2319 4227 de
2343 4174 2489 4242 fumo
2516 4174 2758 4228 exierunt
2804 4174 3043 4228 locustw.
3075 4173 3277 4229 Mentio
3316 4174 3373 4228 ﬁt
3413 4174 3652 4233 locusta.

398 4265 506 4322 τῶν
560 4263 838 4335 ἀκρίδων,
899 4262 1294 4333 ὑποσημαίνειν
1353 4262 1531 4314 ἔοικεν
1600 4262 1977 4332 ἁπηνεστέραν

2082 4280 2204 4320 rum
2235 4264 2302 4319 ad
2338 4264 2729 4335 designandum
2782 4263 3231 4318 violentissimam
3308 4275 3652 4335 peccatorum

396 4358 495 4427 τὴν
532 4358 751 4429 μνήμην
777 4358 873 4427 τῆς
909 4356 1019 4410 τῶν
1054 4354 1395 4427 ἁμαρτωλῶν
1435 4357 1492 4407 ἐν
1526 4356 1593 4425 τῇ
1656 4354 1976 4426 προσκαίρῳ

2081 4358 2551 4413 conversationem
2593 4358 2647 4411 in
2680 4358 2780 4412 hac
2808 4355 3092 4424 temporali
3122 4356 3255 4422 vita,
3287 4358 3365 4412 sic
3392 4366 3650 4414 uteorum

401 4450 565 4505 αὑτοῦ
610 4449 723 4522 ζωῇ
755 4452 1139 4518 ὲκτοπωτάτης
1167 4449 1467 4518 διαγωγῆς.
1517 4447 1606 4501 Διὸ
1647 4447 1741 4502 καὶ
1779 4448 1846 4500 ὲκ
1877 4447 1974 4501 τοῦ

2083 4463 2304 4518 quoque
2334 4448 2597 4502 memoria
2626 4447 2699 4503 sit
2735 4446 3060 4516 gravissima
3097 4463 3111 4501 :
3151 4448 3274 4502 ideo
3320 4463 3539 4520 quoque
3578 4454 3656 4507 ait

402 4542 612 4597 καπνοῦ
637 4544 737 4613 τὴν
772 4542 988 4611 γένεσίν
1034 4558 1200 4612 φησιν
1251 4540 1579 4610 ἐσχηκέναι,
1613 4539 1843 4610 ἐπείπερ
1880 4538 1976 4592 καὶ

2082 4555 2147 4595 ex
2176 4539 2325 4594 iunio
2353 4554 2448 4594 eas
2469 4548 2650 4594 ortum
2670 4540 2953 4602 habuisse,
2990 4539 3434 4610 quandoquidem
3456 4552 3511 4598 et
3533 4558 3656 4599 cor-

399 4636 509 4687 τῶν
550 4634 827 4705 αἰσθητῶν
888 4634 1123 4703 ἀκρίδων
1183 4634 1217 4704 ή
1270 4632 1483 4699 γένεσις
1535 4633 1602 4684 ὲκ
1648 4629 1976 4702 φθοροποιοῦ

2084 4635 2357 4706 poralium
2391 4635 2728 4689 locustarum
2761 4635 3045 4705 generatio
3098 4635 3443 4691 occasionem
3489 4643 3657 4692 sumit

401 4726 746 4796 περιέχοντος
794 4724 1063 4795 λαμϐάνει
1092 4724 1190 4794 τὴν
1245 4724 1526 4792 ἀφορμήν.
1572 4720 1734 4774 ’Λλλά
1778 4720 1874 4775 καὶ
1916 4720 1977 4773 τὸ

2080 4743 2148 4782 ex
2184 4735 2570 4795 corrumpente
2609 4727 2791 4796 aliqua
2840 4725 3338 4797 circumatljaccnte
3402 4731 3653 4786 materia.

402 4818 643 4885 ἀκρίδες
667 4817 861 4887 δνομα,
901 4818 1002 4869 οὑκ
1026 4816 1130 4882 ἔξω
1174 4814 1269 4868 τοῦ
1318 4814 1440 4868 κατ’
1474 4815 1648 4883 ἄκρας
1686 4813 1784 4877 τάς
1808 4830 1979 4882 τιμω-

2080 4818 2183 4873 Sed
2205 4828 2256 4872 et
2285 4833 2479 4871 nomen
2509 4816 2769 4887 ἀκρίδων,
2790 4815 2843 4869 id
2863 4823 2946 4870 est.
2969 4815 3325 4879 locustarum,
3347 4831 3453 4869 non
3477 4816 3575 4871 abs
3602 4833 3658 4873 re

406 4908 526 4977 ρίας
560 4908 865 4978 ἐπαχθῆναι
897 4909 1033 4979 πρὸς
1076 4907 1311 4977 δήλωσιν
1342 4905 1689 4976 παρελήφθη.
1719 4903 1979 4958 Δεθόσθαι

2084 4919 2425 4977 assumptum
2450 4917 2551 4973 est,
2580 4905 2673 4960 sed
2704 4906 2769 4960 ad
2802 4906 3215 4977 signiﬁcandum
3258 4908 3521 4977 supplicia
3572 4908 3657 4962 in-

404 5001 463 5053 δὲ
500 5001 749 5065 ἐξουσίαν
774 5001 849 5064 ὡς
884 5002 979 5056 ἐπὶ
1008 5000 1267 5070 ὲμψύχων
1298 4999 1489 5060 αὑταῖς
1520 4994 1882 5064 διεσκευάσθη
1907 4996 1976 5065 τῇ

2080 5002 2203 5057 duci
2226 5000 2344 5052 κατ’
2366 5000 2540 5073 ἄκρας
2564 4998 2617 5051 id
2634 5007 2717 5053 est
2746 4998 2797 5051 in
2823 5014 3040 5053 summo
3058 5000 3172 5054 sive
3188 4999 3338 5068 juxta
3357 5014 3655 5056 extremam

407 5093 848 5163 προσωποποιίᾳ,
896 5092 973 5162 τῷ
1024 5090 1405 5151 ἀνυποστόλως
1456 5087 1552 5141 καὶ
1599 5085 1981 5155 ἁπαρεμποδί-

2083 5094 2454 5147 acerbitatem.
2517 5090 2689 5144 Porro
2742 5092 2921 5143 datam
2963 5090 3095 5163 ipsis
3149 5106 3269 5146 esse
3328 5102 3650 5162 potestatem

410 5203 550 5249 στως
583 5185 681 5247 τὰς
717 5185 991 5255 τιμωρίας
1041 5182 1336 5237 ἀνύεσθαι·
1363 5181 1480 5234 ἀλλ’
1534 5180 1623 5232 ῖνα
1665 5179 1738 5247 μή
1788 5194 1871 5241 τις
1914 5176 1982 5229 τὰ

2085 5194 2339 5254 tanquam
2362 5182 2499 5237 vivis
2522 5181 2873 5244 animalibus,
2894 5196 2990 5251 per
3017 5184 3453 5251 prosopopmiam
3474 5183 3658 5253 dispo-

407 5281 519 5333 τῶν
565 5278 804 5350 ἀκρίδων
846 5278 1102 5348 δήγματα
1138 5273 1291 5337 εἰδὼς
1336 5274 1396 5326 οὑ
1454 5270 1725 5340 τοσαύτην
1788 5267 1983 5337 ὀδύνην

2085 5276 2247 5332 situm
2302 5286 2409 5340 est,
2481 5275 2625 5344 quod
2701 5275 2855 5335 nullo
2906 5284 3050 5329 metu
3092 5276 3365 5345 nulloque
3430 5276 3658 5347 impedi-

413 5373 747 5443 παρέχοντα,
783 5370 1025 5440 φορητὴν
1048 5367 1311 5421 ὑπολάϐοι
1336 5365 1436 5435 τὴν
1468 5362 1761 5433 ἀλγηδόνα,
1786 5360 1847 5413 τὸ
1874 5359 1984 5412 τῶν

2088 5380 2267 5421 mento
2293 5366 2557 5435 supplicia
2586 5374 2942 5435 exsequatur.
2968 5364 3072 5419 Sed
3097 5366 3298 5439 nequis
3322 5366 3501 5421 sciens
3524 5382 3659 5436 qna-

413 5466 692 5536 σκορπίων
756 5464 1010 5533 ἐπιφέρει
1072 5461 1397 5529 ὑπόδειγμα,
1449 5456 1829 5524 ἀλγεινοτέραν
1884 5453 1983 5517 τὴν

2087 5460 2165 5514 les
2204 5459 2311 5513 sint
2342 5458 2678 5513 locustarum
2716 5472 2953 5523 morsus,
3000 5468 3058 5511 ut
3091 5458 3179 5532 qui
3227 5473 3337 5513 non
3401 5473 3655 5529 magnum

414 5559 666 5627 αἴσθησιν
694 5561 759 5629 τῇ
790 5558 1018 5628 κέντρου
1049 5554 1345 5626 ἐγχρίμψει
1373 5553 1738 5622 παρεχόντων.
1763 5545 1855 5603 Διὸ
1890 5545 1987 5599 καὶ

2086 5550 2313 5605 afferant
2348 5552 2671 5616 cruciatum,
2715 5549 3045 5606 tolerabilem
3073 5548 3381 5617 suspicetur
3396 5550 3658 5619 dolorem,

411 5653 613 5723 ὲρῤέθη
642 5653 702 5705 οὑ
756 5654 868 5715 τοῖς
911 5652 1165 5720 καρποῖς,
1197 5647 1333 5701 ἀλλά
1365 5647 1483 5707 ταῖς
1514 5643 1725 5711 ἀκρίσι,
1754 5643 1819 5709 τῇ
1854 5656 1985 5709 προ-

2086 5643 2434 5712 scorpionum
2501 5641 2782 5711 subjungit
2855 5640 3186 5710 exemplum,
3240 5639 3332 5708 qui
3403 5640 3658 5708 majorem

415 5745 721 5796 cremantia
769 5744 1044 5813 ἐπιμένων
1083 5739 1381 5799 κάνταῦθα,
1411 5738 1497 5790 ἵνα
1540 5734 1615 5805 μὴ
1656 5734 1987 5799 ἀδικήσωσιν

2087 5732 2293 5800 praebet
2330 5731 2503 5785 aculei
2539 5730 2833 5798 pune-tione
2864 5729 3178 5783 sensibilem
3211 5728 3480 5782 dolorem.
3536 5727 3660 5783 Ideo

413 5837 475 5889 οὐ
498 5837 623 5897 τοὺς
654 5834 995 5907 ἀνθρώπους,
1028 5832 1163 5886 ἀλλά
1188 5833 1256 5884 τὰ
1288 5831 1395 5883 ἀπὸ
1414 5831 1515 5899 γῆς
1548 5826 1809 5896 φυόμενα.
1832 5822 1988 5886 Τινὲς

2089 5838 2305 5891 quoque
2352 5822 2557 5876 dictum
2602 5832 2686 5874 est
2747 5837 2855 5874 non
2912 5820 3201 5885 fructibus,
3262 5821 3354 5877 sed
3417 5822 3661 5891 locustis,

417 5928 473 5981 δὲ
511 5927 615 5982 τῶν
638 5928 898 6002 Πατάρων
914 5928 1013 5992 τὰς
1051 5925 1277 5996 ἀκρίδας
1304 5926 1382 5987 είς
1428 5921 1716 5992 σκώληκας
1766 5915 1989 5989 μετέλα·

2091 5915 2255 5970 etiam
2289 5914 2374 5969 hic
2400 5914 2453 5968 in
2515 5912 2895 5984 prosopopoeia
2938 5914 3225 5981 manendo,
3260 5929 3326 5969 ne
3379 5927 3660 5987 nocerent,

2569 6012 2614 6021 ν.
