4046 6558
365 471 474 534 ιέ23

1187 473 1516 534 ΑΒΕΤΗιΕ
1556 466 1935 533 (ΙίΕΞΛῐίΕιίΕ
1976 469 2465 534 CAPPADOCI/E
2501 471 2843 534 EPISCOPI

3519 467 3629 534 C94

354 595 462 636 non
490 582 708 653 quidem
743 582 1082 647 hominibus,
1112 575 1276 654 726
1307 584 1398 639 sed
1431 585 1515 640 his
1543 601 1666 654 quae
1688 599 1753 638 ex
1794 592 1941 638 terra
1973 622 1982 647 λ

2063 583 2160 651 ἲον,
2191 579 2324 658 ἴναῇ
2349 585 2645 654 σύμφωνος
2672 584 2814 652 αὓτη
2841 586 2874 655 ἡ
2900 583 3125 655 ἔκληψις
3148 583 3245 655 τῆς
3264 582 3358 637 τοῦ
3400 583 3628 636 Ἡσαΐου

354 672 748 738 producuntur.
774 671 1010 739 Quidam
1043 688 1174 725 vero
1207 672 1433 728 Patrum
1464 673 1705 730 locustas
1735 675 1789 729 in
1810 688 1931 728 ver-

2039 675 2422 746 ἀποφάνσεως,
2457 677 2540 730 ὅτι
2569 695 2587 727 ι
2621 676 2682 729 Ὀ
2705 676 2922 748 σκώληξ
2943 678 3122 731 αὐτῶν
3151 678 3213 730 οὐ
3237 676 3576 744 τελευτήσει.
3604 692 3621 724 ι

355 780 472 821 mes
507 775 960 831 transmutarunt,
989 774 1052 820 ut
1097 766 1170 822 sit
1207 765 1512 822 conformis
1543 767 1662 839 haec
1730 765 2034 837 assumptio
2105 783 2232 823 cum
2278 766 2432 823 Isaiae
2470 768 2753 839 propheta:
2794 768 3087 837 sententia,
3139 784 3248 839 qua
3297 767 3433 824 dicit
3485 762 3636 837 quod

363 879 384 913 ι
425 857 635 915 Vermis
663 873 856 914 eorum
887 874 997 914 non
1024 861 1292 915 morietur
1313 862 1382 912 ⁵⁸.
1427 877 1444 909 ι

429 974 522 1040 ΙΧ,
565 974 686 1030 4-6.
712 975 779 1028 Et
830 975 1032 1030 dictum
1053 986 1130 1030 est
1163 976 1310 1045 ipsis,
1370 992 1431 1027 ne
1474 974 1720 1028 (arderent
1764 969 1943 1042 [ritum

358 1076 534 1130 terrm,
566 1083 726 1136 neque
756 1082 908 1130 omne
935 1066 1122 1131 viride,
1150 1083 1312 1136 neque
1347 1069 1552 1119 omnem
1577 1067 1838 1130 arborem,
1856 1062 1946 1118 sed

357 1159 590 1212 homines
623 1168 828 1211 tantum
851 1159 940 1228 qui
974 1174 1076 1210 non
1100 1156 1288 1210 habent
1310 1156 1522 1226 signum
1561 1151 1665 1209 Dei
1690 1155 1744 1209 iu
1795 1154 1948 1224 [rou-

361 1254 498 1306 tibus
528 1243 658 1305 suis.
697 1250 763 1304 Et
782 1251 969 1305 datum
992 1260 1064 1303 est
1097 1248 1206 1303 illis
1241 1266 1303 1304 ne
1363 1249 1657 1304 occiderent
1693 1261 1800 1312 eos,
1859 1248 1949 1302 sed

359 1354 416 1398 ut
452 1343 820 1396 cruciarentur
847 1341 1110 1394 mensibus
1135 1341 1382 1410 quinque.
1439 1337 1508 1394 Et
1566 1339 1838 1393 cruciatus
1873 1354 1955 1391 ea-

357 1450 477 1487 rum
503 1442 560 1487 ut
588 1434 856 1487 cruciatus
877 1433 1100 1502 scorpii,
1145 1445 1266 1485 cum
1311 1431 1624 1501 percusserit
1671 1431 1952 1485 hominem.

361 1525 428 1580 Et
455 1528 509 1580 in
532 1527 714 1580 diebus
746 1525 857 1580 illis
909 1537 1142 1595 qucerent
1194 1526 1433 1579 homines
1479 1532 1720 1590 mortem,
1752 1535 1799 1578 et
1851 1539 1954 1576 non

357 1621 621 1675 invenient
651 1620 822 1687 ipsum
851 1628 937 1674 :et
965 1618 1339 1674 desiderabunt
1359 1620 1515 1685 mori,
1545 1627 1593 1672 et
1627 1634 1766 1672 mors
1793 1617 1956 1686 fugiet

361 1714 425 1767 ab
452 1715 547 1768 eis.

2121 966 2233 1022 Kal
2256 967 2464 1037 ἐρρέθη
2497 965 2706 1031 αὐταῖς
2730 966 2830 1019 ἵνα
2857 966 2946 1036 μὴ
2973 965 3308 1034 ἀδικήσωσι
3348 967 3457 1021 τὸν
3496 972 3637 1038 κόι-

2048 1078 2157 1116 τον
2203 1058 2314 1129 τῆς
2347 1058 2480 1130 γῆς,
2529 1058 2673 1113 οὐδὲ
2723 1057 2847 1114 πᾶν
2887 1059 3306 1130 χ.1ωρὸν,οὐδὲ
3338 1058 3464 1116 πᾶν
3503 1061 3639 1115 δέν-

2049 1156 2196 1225 δρον
2224 1170 2238 1183 ·
2262 1155 2316 1208 εἰ
2342 1153 2428 1222 μὴ
2459 1151 2604 1219 τοὺς
2626 1149 2984 1220 ἀνθρώπους
3009 1153 3232 1218 οἵτινες
3264 1154 3378 1206 οὐκ
3414 1154 3636 1222 ἔχουσι

2051 1249 2168 1317 τὴν
2186 1245 2490 1317 σφραγῖδα
2516 1245 2622 1300 τοῦ
2657 1245 2808 1300 Θεοῦ
2833 1246 2932 1299 ἐπὶ
2955 1233 3072 1298 τῶν
3094 1245 3388 1316 μετώπων
3417 1247 3638 1302 αὐτᾶν.

2054 1340 2163 1398 Καὶ
2186 1340 2367 1408 ἐδόθη
2408 1337 2620 1404 αὑταῖς
2641 1338 2742 1392 ἵνα
2768 1337 2855 1408 μὴ
2902 1339 3345 1394 ἀποκτείνωσιν
3386 1340 3636 1406 αὐτοὺς,

2054 1434 2190 1488 ἀλλ’
2259 1432 2362 1485 ἵνα
2421 1429 2850 1496 βασανισθῶσι
2901 1430 3105 1501 μῆνας
3167 1433 3370 1487 πέντε.
3439 1433 3547 1486 Καὶ
3609 1437 3643 1486 o'

2052 1524 2446 1595 βασανισμὸς
2506 1523 2726 1591 αὐτῶν,
2759 1525 2839 1592 ὡς
2864 1526 3261 1596 ,βασανισμὸς
3306 1528 3634 1597 σκορπίου.

2057 1618 2204 1672 ὅταν
2253 1619 2447 1686 παίσῃ
2511 1616 2850 1685 ἄνθρωπον.
2887 1617 2996 1673 Kal
3046 1618 3116 1672 ἐν
3184 1618 3315 1685 ταῖς
3387 1618 3638 1688 ἡμέραις

2056 1709 2319 1776 ἐκείναις
2381 1707 2755 1777 ζητήσουσιν
2793 1711 2846 1762 ol
2890 1707 3192 1776 ἄνθρωποι
3218 1711 3324 1762 τόν
3349 1707 3644 1773 θάνατον,

361 1809 458 1864 καὶ
479 1811 551 1863 οὺ
587 1809 672 1879 μὴ
706 1809 1081 1878 εὑρήσουσιν
1103 1809 1312 1863 αὐτόν.
1353 1806 1463 1863 Καὶ
1492 1805 1985 1876 ἐπιθυμήσουσιν
2001 1805 2352 1870 ἀποθανεῖν,
2384 1805 2484 1860 καί
2511 1805 2793 1876 φεύξεται
2808 1803 2908 1860 ἀπ’
2937 1804 3138 1859 αὐτῶν
3166 1809 3198 1859 ό
3222 1804 3500 1871 θάνατος.

422 1938 477 1991 Si
505 1938 662 2007 juxta
690 1939 1003 2010 praedictam
1042 1939 1391 2011 allegoricam
1425 1940 1800 2010 acceptionem
1829 1939 1950 1996 velit
1985 1979 2027 2034 Β

359 2031 485 2100 quis
515 2032 773 2088 ordinare
800 2047 924 2103 quae
950 2041 1210 2102 tanquam
1243 2031 1429 2087 divina
1490 2034 1830 2105 aenigmatice
1890 2049 1956 2089 ac

359 2120 587 2192 mystice
620 2120 943 2186 eﬂ'eruntur,
984 2130 1199 2192 Oportet
1231 2124 1477 2194 accipere
1551 2125 1735 2180 fenum
1797 2135 1956 2182 terra:

359 2214 583 2285 etquod
619 2213 792 2270 viride
817 2214 1066 2270 exoritur
1091 2224 1146 2270 et
1172 2231 1391 2271 omnem
1416 2216 1692 2284 arborem,
1723 2227 1784 2273 ut
1815 2218 1956 2274 reie-

361 2315 554 2362 rantur
582 2309 650 2363 ad
675 2306 951 2373 homines,
984 2309 1077 2378 qui
1111 2317 1374 2378 tanquam
1416 2308 1591 2380 paleis
1647 2310 1860 2365 similes
1900 2319 1958 2366 et

362 2399 532 2456 veluti
559 2400 788 2457 arbores
816 2400 1238 2458 irrationalitate
1266 2403 1691 2475 degenerarunt,
1719 2411 1772 2459 et
1792 2405 1956 2475 quasi

365 2493 432 2548 ad
453 2491 744 2549 arboream
806 2495 1104 2565 quamdam
1163 2495 1645 2552 insensibilitatem
1703 2512 1956 2552 accesse-

366 2596 498 2643 runt
541 2601 726 2659 :quos
758 2587 1044 2642 hominum
1078 2595 1294 2642 amator
1364 2587 1511 2646 Deus
1551 2590 1712 2645 venia
1761 2590 1958 2660 dignos

369 2679 601 2747 habens,
625 2679 873 2751 praecipit
898 2694 966 2734 ne
981 2679 1170 2735 eadem
1196 2679 1507 2736 sustineant
1530 2681 1800 2752 supplicia
1831 2697 1956 2738 cum

382 2776 453 2832 iis
523 2775 852 2831 facinorosis
911 2774 1006 2845 qui
1061 2774 1316 2830 consulto
1347 2784 1402 2830 et
1443 2789 1509 2829 ex
1571 2774 1963 2832 deliheratione

370 2875 692 2938 peccarunt,
744 2865 813 2922 de
866 2865 1068 2937 quibus
1115 2865 1230 2935 jam
1289 2867 1612 2923 conclusum
1667 2875 1754 2924 est
1815 2870 1962 2939 quod

368 2961 513 3016 hanc
545 2960 881 3030 repulerunt.
905 2955 1063 3025 Quod
1086 2957 1132 3014 si
1156 2959 1284 3029 quis
1321 2967 1551 3014 conetur
1582 2960 1737 3030 juxta
1783 2961 1958 3031 ipsam

367 3051 605 3107 litteram
636 3050 960 3121 intelligere,
1001 3059 1055 3104 et
1077 3048 1261 3104 fenum
1289 3064 1354 3105 ac
1377 3063 1503 3105 vere
1523 3051 1749 3106 arbores
1772 3050 1962 3106 vatici-

370 3144 462 3199 nio
481 3143 778 3214 signiﬁcari
807 3151 981 3213 putet,
1014 3140 1181 3196 David
1207 3141 1430 3197 citando
1477 3150 1672 3198 testem
1709 3141 1902 3213 quiait
1945 3159 1960 3197 :

375 3255 394 3288 ι
432 3234 744 3291 Renovabis
773 3234 967 3290 [aciem
1024 3243 1182 3289 terrae
1203 3233 1294 3288 “z
1335 3249 1356 3286 ι
1392 3241 1545 3289 certe
1597 3243 1786 3305 posset
1840 3233 1965 3304 quis

291 3355 293 3357 ι
373 3329 514 3384 ferre
545 3327 904 3393 intellectum,
939 3326 1043 3382 nisi
1065 3325 1155 3380 ille
1205 3325 1620 3380 renovationem
1665 3326 1969 3396 accepisset

373 3433 472 3490 pro
503 3419 609 3474 vita
639 3417 978 3473 renovationi
1016 3424 1284 3472 creaturae
1307 3415 1677 3472 convenientl.
1716 3415 1904 3486 Itaque
1924 3415 1972 3471 si

377 3522 435 3567 et
499 3511 876 3580 jumentorum
945 3509 1285 3564 renovationi
1370 3508 1648 3563 intendere
1725 3516 1972 3579 oportet,

383 3605 504 3659 ﬁeri
570 3603 773 3675 poterit
829 3613 890 3658 ut
943 3610 998 3658 et
1063 3601 1249 3657 fenum
1300 3609 1356 3656 et
1404 3600 1633 3656 arbores
1683 3601 1972 3657 aeternitati

372 3695 748 3766 respondeant
812 3711 826 3748 :
891 3694 1040 3766 quod
1100 3695 1146 3750 si
1195 3694 1393 3748 horum
1452 3693 1592 3748 nihil
1655 3703 1782 3761 est,
1821 3693 1970 3749 litte-

376 3789 508 3845 ralis
545 3789 853 3844 intellectus
877 3787 943 3844 de
966 3797 1112 3844 terra
1185 3787 1324 3842 faeie
1375 3794 1636 3842 renovata
1689 3786 1973 3843 habendus

373 3891 458 3937 est
488 3896 590 3952 pro
623 3881 1028 3937 inconsiderata
1052 3894 1117 3936 ac
1167 3879 1463 3936 temeraria
1521 3879 1861 3950 acceptione,
1918 3889 1973 3936 et

370 3976 486 4031 illis
515 3974 780 4031 conformi
818 3973 911 4041 qui
950 3983 1076 4047 post
1102 3974 1228 4030 vitae
1251 3974 1547 4031 decursum
1583 3973 1638 4029 in
1684 3974 1832 4029 mille
1867 3989 1970 4029 an-
2013 3999 2022 4007 -

377 4083 574 4124 norum
607 4067 817 4123 Christi
859 4082 1050 4138 regno,
1079 4066 1132 4123 in
1157 4066 1431 4123 conviviis
1463 4080 1528 4122 ac
1546 4066 1758 4122 deliciis
1783 4067 1971 4122 hilari-

381 4172 464 4218 ter
501 4177 561 4217 se
593 4161 839 4217 victuros
865 4163 1186 4230 opinantur.

445 4253 551 4310 Sed
570 4253 803 4309 homines
830 4253 1145 4309 tantum.Ex
1173 4253 1278 4309 hoc
1310 4252 1668 4309 manifestum
1692 4261 1802 4318 cst,
1824 4255 1967 4323 quod

377 4364 486 4404 non
515 4349 582 4404 de
609 4348 735 4403 leno
790 4357 846 4403 et
885 4349 1184 4404 arboribus
1215 4349 1288 4403 sit
1345 4347 1610 4402 cohibitio
1636 4361 1667 4400 a
1727 4345 1967 4410 laesione,

376 4443 519 4498 sicut
567 4457 772 4498 sonare
818 4441 1033 4496 videtur
1082 4447 1441 4512 praeceptum,
1481 4440 1580 4497 sed
1624 4439 1693 4494 de
1736 4438 1823 4494 his
1874 4439 1968 4508 qui

380 4537 506 4592 leno
542 4543 950 4605 comparantur,
980 4550 1046 4590 eo
1070 4535 1216 4606 quod
1261 4533 1328 4588 ad
1367 4535 1624 4589 virtutem
1649 4545 1757 4584 non
1812 4545 1969 4585 act-e-

378 4630 531 4683 dant.

2127 1943 2190 1996 El
2220 1941 2320 2014 μὲν
2347 1941 2488 1996 κατὰ
2509 1941 2614 2012 τὴν
2645 1939 3064 2013 προειρημένην
3091 1939 3464 2012 ἀλληγορικὴν
3483 1939 3644 2010 ἔκλη-

2059 2034 2156 2106 ψιν
2181 2035 2324 2088 θέλει
2354 2050 2440 2098 τις
2476 2037 2729 2103 στοιχεῖν,
2757 2031 2827 2086 τά
2880 2031 3227 2103 συμῦολικῶς
3267 2032 3365 2086 ἅτε
3398 2032 3517 2086 (ilia
3553 2033 3648 2084 καὶ

2058 2125 2335 2198 μυστικῶς
2355 2125 2706 2196 ἐκφερόμενα
2728 2124 2925 2196 χόρτον
2954 2124 3055 2196 τῆς
3075 2124 3180 2194 γῆς
3201 2124 3296 2178 καὶ
3316 2123 3544 2195 χλοεράν
3559 2124 3626 2177 ἔκ

2057 2237 2242 2289 φυσιν,
2265 2218 2362 2273 καὶ
2395 2219 2504 2272 πᾶν
2539 2217 2778 2289 δένδρον,
2808 2218 2889 2281 είς
2915 2218 3045 2281 τοὺς
3091 2216 3397 2288 ἀχυρώδεις
3430 2216 3649 2287 ἀνθρώ-

2058 2328 2216 2376 πους,
2269 2310 2364 2362 καὶ
2424 2308 2522 2363 άτε
2578 2308 2816 2380 δένδρα,
2874 2306 3069 2380 ἀλογίᾳ
3119 2306 3648 2376 άποδενδρωθέντας,

2057 2403 2221 2458 οἱονεὶ⁸
2253 2405 2332 2465 εἰς
2371 2398 2642 2471 δενδρὼδη
2671 2400 2794 2454 τινὰ
2827 2399 3145 2470 ἠλιθιότητα
3181 2397 3518 2468 προδάντας,
3556 2398 3649 2452 θε-

2058 2495 2198 2550 τέον.
2233 2493 2340 2558 Οὓς
2358 2496 2392 2566 ἡ
2415 2493 2802 2564 φιλάνθρωπος
2843 2491 3076 2562 Θειότης
3104 2490 3319 2561 φειδοῦς
3342 2491 3527 2556 ἀξίους
3560 2491 3651 2545 θε-

2063 2590 2222 2661 μένη,
2249 2589 2312 2642 οὐ
2333 2589 2434 2658 τὴν
2454 2587 2627 2658 αὐτὴν
2650 2588 2852 2651 αὐτοὺς
2882 2591 3155 2658 τιμωρίαν
3181 2586 3406 2656 ὑπέχειν
3431 2591 3547 2651 τοῖς
3579 2589 3646 2642 ἐκ

2060 2681 2318 2752 προνοίας
2349 2680 2446 2734 καὶ
2489 2679 2734 2749 σκέψεως
2780 2678 3117 2749 κακούργοις
3147 2678 3225 2750 τῷ
3278 2679 3650 2748 ὲσφραγίσθαι

2059 2772 2265 2844 ταύτην
2310 2773 2733 2842 ἀπωσαμένους,
2767 2771 3097 2827 ἐντέλλεται.
3130 2770 3193 2826 Ei
3243 2770 3300 2825 δὲ
3338 2769 3427 2825 ἐπ’
3481 2773 3649 2826 αὐτοῦ

2060 2866 2156 2920 τοῦ
2193 2867 2521 2937 γράμματος
2562 2865 2641 2938 τῷ
2677 2867 2818 2919 νοεῖν
2861 2864 3294 2936 άπασχοληθεὶη,
3327 2867 3425 2921 καὶ
3460 2868 3654 2940 χόρτον

2063 2958 2141 3030 τῷ
2175 2958 2290 3013 δντι
2343 2958 2441 3012 καὶ
2491 2957 2682 3028 δένδρα
2730 2955 2809 3028 τῷ
2867 2957 3265 3029 χρηματισμῷ
3300 2959 3651 3032 ἐκφερόμενα

2063 3052 2296 3125 οἰηθείη,
2327 3051 2420 3106 τὸν
2451 3050 2612 3105 Δαυῒδ
2634 3051 2772 3122 έχων
2794 3051 3108 3122 συνίστορα,
3137 3069 3158 3104 ι
3197 3050 3584 3118 ’Δνακαινιεῖς,
3627 3074 3644 3104 ι

2064 3146 2364 3215 φάσκοντα,
2400 3163 2420 3197 ι
2458 3145 2519 3198 τὸ
2537 3143 2831 3216 πρόσωπον
2861 3142 2961 3213 τῆς
3001 3143 3128 3213 γῆς,
3167 3162 3186 3195 ι
3223 3143 3459 3214 ὑπέσχεν
3482 3145 3656 3209 ἄντες

2062 3238 2166 3310 τὴν
2183 3236 2452 3309 ὑπακοὴν,
2483 3237 2530 3290 εί
2564 3236 2638 3309 μὴ
2659 3236 2753 3290 τὸν
2776 3234 3182 3306 ἀνακαινισμδν
3207 3236 3288 3300 είς
3315 3237 3654 3308 κατάλληλον

2070 3331 2150 3403 τῷ
2191 3329 2574 3400 ἀνακαινισμῷ
2615 3329 2718 3400 τῆς
2767 3329 3002 3392 κτίσεως
3047 3327 3193 3398 ζωὴν
3247 3329 3653 3400 ὑπελάμϐανεν.

2075 3418 2138 3471 Εἰ
2161 3418 2258 3489 μὲν
2281 3417 2374 3471 οὖν
2399 3419 2494 3472 καὶ
2519 3421 2688 3492 κτήνη
2709 3417 2788 3489 τῷ
2823 3418 3208 3491 ἀνακαινισμῷ
3233 3419 3648 3492 ὲνθεωρηθῆναι

2073 3509 2201 3582 χρὴ,
2233 3509 2292 3564 εὖ
2327 3510 2393 3565 ἂν
2415 3511 2528 3582 ἔχοι
2563 3513 2659 3568 καὶ
2685 3514 2881 3587 χόρτον
2915 3513 3008 3568 καὶ
3041 3511 3235 3584 δένδρα
3257 3516 3325 3586 τῇ
3379 3515 3652 3588 ὰῖδιότητι

2075 3601 2489 3674 ὑπολειφθῆναι.
2510 3605 2573 3659 Εἰ
2594 3605 2652 3658 δὲ
2672 3604 2880 3660 τούτων
2899 3605 3072 3674 οὐδὲν,
3103 3609 3172 3678 τῇ
3193 3609 3655 3684 ἁνακαινιζομένῃ

2073 3693 2134 3746 τὸ
2168 3695 2460 3766 πρόσωπον
2491 3698 2562 3767 γῇ
2592 3698 2673 3760 εἰς
2703 3697 3044 3770 ἀπρονόητον
3072 3699 3305 3771 ἕκληψιν
3331 3703 3392 3756 τὸ
3428 3703 3566 3773 πρὸς
3591 3706 3657 3758 τὸ

2075 3785 2312 3859 γράμμα
2342 3788 2545 3856 θετέον,
2579 3793 2674 3845 καὶ
2697 3791 2992 3861 σύμφωνον
3025 3794 3138 3857 τοῖς
3154 3793 3253 3866 τὴν
3283 3795 3491 3867 χιλιετῆ
3521 3798 3656 3869 Χρι-

2076 3877 2205 3933 στοῦ
2257 3879 2538 3951 βασιλείαν
2587 3881 2730 3953 μετὰ
2759 3883 2861 3952 τὴν
2890 3883 3046 3938 τοῦδε
3077 3884 3171 3939 τοῦ
3232 3887 3353 3957 βίου
3383 3890 3658 3964 παραδρο-

2077 3970 2185 4044 μὴν
2213 3971 2399 4037 πότοις
2427 3972 2522 4028 καὶ
2552 3973 2804 4028 άνέσεσιν
2833 3974 3340 4048 ἐνευθηνουμένοις.

2139 4265 2208 4316 El
2234 4264 2321 4334 μὴ
2347 4265 2491 4330 τοὺς
2518 4263 2893 4333 ἀνθρώπους.
2937 4267 3033 4320 Ἐκ
3063 4266 3258 4321 τούτου
3287 4269 3453 4338 σαφὲς
3489 4269 3564 4334 ὼς
3592 4273 3653 4325 ού

2073 4356 2202 4425 περὶ
2229 4355 2426 4426 χόρτου
2449 4355 2545 4409 καὶ
2580 4356 2817 4428 δένδρων
2845 4360 2881 4430 ἡ
2920 4359 3194 4432 ύποστολὴ
3227 4360 3324 4417 τοῦ
3376 4363 3645 4435 ἀδικηθῆ-

2073 4465 2183 4511 ναι,
2205 4447 2282 4511 ὡς
2304 4451 2333 4502 ό
2353 4449 2718 4519 προστάσσων
2740 4454 2928 4524 φησὶν,
2960 4454 3098 4508 ἀλλὰ
3125 4455 3253 4520 τοὺς
3277 4456 3456 4529 χόρτῳ
3474 4476 3652 4530 παρα-

2071 4539 2458 4611 ϐαλλομένους,
2492 4541 2582 4595 διὰ
2609 4542 2669 4596 τὸ
2696 4543 2772 4615 μὴ
2807 4544 2908 4616 τὴν
2943 4544 3147 4619 ἀρετὴν
3179 4549 3450 4619 μετιέναι.

449 4767 610 4840 727
651 4765 719 4821 Ut
768 4783 869 4820 non
901 4767 1222 4821 occcidereut
1252 4778 1360 4824 eos,
1391 4761 1482 4815 sed
1512 4770 1569 4814 ut
1602 4757 1966 4812 cruciarentur

2145 4765 2257 4820 Kal
2281 4765 2457 4834 ἐδόθη
2487 4769 2696 4836 αὐταῖς
2716 4770 2817 4824 ἵνα
2831 4771 2916 4840 μὴ
2935 4771 3382 4830 ἀποκτείνωσιν
3399 4777 3652 4845 αὐτοὺς,

381 4863 646 4917 mensibus
696 4861 945 4932 quinque.
996 4858 1135 4914 Illud
1187 4872 1294 4910 non
1333 4853 1585 4909 occidere
1625 4850 1968 4906 demonstrat

374 4958 459 5013 eis
497 4956 590 5028 qui
630 4954 968 5026 experientia
1007 4962 1340 5022 cognoscere
1371 4953 1606 5016 possunt
1651 4941 1966 4999 intolerabi-

373 5050 589 5104 alitatem
646 5054 1067 5111 tormentorum,
1117 5039 1266 5112 quod
1315 5039 1383 5094 ad
1421 5045 1651 5092 mortem
1691 5035 1834 5090 viam
1869 5050 1966 5106 pa-

379 5158 508 5198 rare
534 5143 749 5198 soleant
783 5159 800 5196 :
833 5141 901 5194 ab
927 5140 1030 5194 hac
1062 5136 1230 5208 igitur
1257 5147 1418 5205 poma
1450 5129 1803 5195 intolerabili,
1831 5143 1967 5200 prae-

379 5248 628 5308 ceptum,
667 5235 810 5305 quod
843 5235 910 5288 ad
938 5232 1144 5287 bonum
1176 5227 1368 5291 tendit,
1400 5225 1558 5296 jubet
1580 5223 1830 5294 supplicii
1864 5222 1968 5276 mi-

385 5331 593 5385 nistros
650 5327 945 5382 abstinere.
1011 5322 1180 5377 Porro
1220 5319 1501 5374 mensibus
1553 5317 1797 5387 quinque
1860 5314 1966 5369 hoc

381 5419 523 5485 fieri,
557 5416 820 5488 quoniam
843 5421 898 5469 et
923 5424 1140 5467 menses
1167 5408 1446 5465 sensibilis
1474 5406 1664 5462 mundi
1696 5419 1965 5460 mensurae

376 5520 534 5577 sunt,
563 5508 709 5564 unde
745 5517 801 5562 et
835 5519 1032 5562 sensus
1059 5502 1158 5573 ipsi
1191 5509 1526 5571 acceperunt
1551 5510 1602 5555 ut
1640 5499 1964 5555 exhiberent

373 5604 548 5674 hujus
599 5597 994 5668 cOgnitionetn,
1051 5593 1248 5648 merito
1300 5593 1552 5662 designat
1598 5607 1824 5662 peccare
1865 5607 1963 5662 per

375 5691 775 5749 exhihitionem
810 5687 1083 5758 inaequali
1111 5699 1381 5739 numero:
1415 5685 1481 5739 ad
1512 5685 1828 5739 memoriam
1862 5684 1960 5738 ho-

373 5785 623 5841 rninibus
652 5781 988 5837 inferendam
1020 5795 1210 5835 eorum
1248 5794 1342 5849 per
1371 5791 1494 5849 quae
1523 5776 1784 5834 deberent
1813 5777 1961 5848 judiv

446 5965 498 5999 ⁵⁸
524 5965 636 6019 lsa.
666 5978 810 6034 τινι,
834 5968 925 6024 ‘24.
1032 5965 1079 5999 δ’
1115 5961 1258 6017 Psal.
1281 5977 1398 6026 CIII,
1433 5961 1523 6016 '50.

2073 4861 2329 4916 ἀλλ’ἵνα
2353 4861 2785 4925 ,βασανισθῶσι
2820 4863 3022 4933 μῆνας
3059 4865 3260 4921 πέντε.
3302 4869 3376 4922 Τὸ
3407 4869 3484 4940 μὴ
3519 4872 3654 4925 ἀπο-

2072 4955 2283 5007 κτεῖναι
2300 4953 2477 5006 ὲκεῖνο
2499 4956 2742 5026 παριστᾷ
2759 4958 2871 5020 τοῖς
2889 4956 2980 5011 διά
3000 4958 3196 5027 πείρας
3215 4958 3432 5030 ἔχουσιν
3455 4961 3656 5016 εἰδέναι

2071 5046 2132 5098 τὸ
2161 5043 2268 5098 τῶν
2301 5043 2550 5114 βασάνων
2578 5046 2856 5118 ἀφόρητον
2879 5050 2962 5101 ὅτι
2992 5051 3074 5113 είς
3109 5050 3341 5105 θάνατον
3386 5053 3656 5108 ὁδοποιεῖν

2071 5136 2250 5191 εἴωθε.
2278 5136 2482 5191 Τούτου
2503 5133 2599 5191 οὖν
2626 5138 2718 5192 τοῦ
2757 5140 3037 5211 ἀφορήτου
3065 5143 3367 5213 ἀπέχεσθαι
3391 5145 3521 5209 τοὺς
3551 5146 3652 5216 βα-

2072 5227 2382 5299 σανιστὰςή
2419 5229 2719 5299 φιλάγαθος
2756 5232 2945 5302 ἐντολὴ
2982 5235 3440 5304 παρακελεύεται.
3489 5239 3562 5291 Τὸ
3593 5238 3652 5292 δὲ

2069 5325 2380 5391 πεμπταῖον
2425 5321 2533 5378 τῶν
2561 5323 2767 5394 μηνῶν,
2793 5326 2917 5379 ἐπεὶ
2945 5327 3039 5380 καὶ
3065 5329 3114 5382 oi
3149 5328 3317 5399 μῆνες
3342 5329 3437 5382 τοῦ
3467 5329 3656 5399 αἰσθη-

2069 5409 2162 5464 τοῦ
2197 5409 2404 5481 κόσμου
2441 5412 2638 5482 μέτρα,
2662 5412 2784 5466 ὅθεν
2812 5415 2904 5466 καὶ
2935 5415 3003 5470 τὰ
3027 5419 3341 5489 γνωστήρια
3370 5419 3561 5472 τούτου
3590 5421 3649 5472 at

2067 5502 2348 5574 αἰσθήσεις
2401 5503 2462 5556 τὸ
2513 5504 2761 5574 ἐνεργεῖν
2813 5506 3029 5575 ἔλαόον,
3087 5511 3314 5572 εἰκότως
3375 5511 3653 5583 ίσαρίθμῳ

2066 5593 2416 5660 παραστάσει
2446 5593 2507 5646 τὸ
2538 5594 2880 5664 ἁμαρτάνειν
2928 5598 3251 5665 αἰνίττεται,
3308 5601 3388 5665 εἰς
3421 5602 3484 5653 τὸ
3515 5603 3650 5672 μνή-

2068 5701 2176 5756 μην
2223 5684 2534 5756 ἀνθρώποις
2581 5687 2834 5757 ἐμποιεῖν
2870 5683 2978 5743 τῶν
3010 5691 3080 5745 δι’
3123 5685 3198 5745 ὧν
3230 5692 3389 5763 ἔσχον
3434 5695 3498 5749 τὸ
3547 5694 3648 5747 τὴν

2065 5779 2248 5850 κρίσιν
2277 5778 2592 5849 ἀνέχεσθαι.
2637 5781 2733 5834 Ἐκ
2759 5781 2968 5838 τούτων
2995 5785 3104 5856 γὰρ
3135 5785 3233 5840 καὶ
3273 5787 3404 5856 περὶ
3433 5785 3651 5841 τούτων
