4030 6572
414 373 520 439 627

1230 376 1566 440 ARETILE
1604 379 1982 441 CAESARE/ii
2027 378 2512 442 CAPPADOCl/E
2552 380 2897 444 EPISCOPI

3576 383 3684 447 62%

416 502 558 559 tum,
591 492 735 564 quod
770 506 879 570 non
912 493 965 548 in
997 492 1216 549 silentio
1246 494 1358 559 ﬁat,
1394 497 1521 565 quia
1551 512 1731 567 neque
1758 502 1811 554 in
1844 510 1995 555 certo

2095 501 2157 553 ού
2220 499 2342 553 καθ’
2405 500 2638 570 ἡσυχίαν
2690 496 3113 567 έκτελουμένην,
3161 495 3243 549 ὅτι
3298 492 3431 567 μηδὲ
3461 494 3520 550 ἐν
3578 512 3683 553 τινι

417 585 603 654 aliquo
635 584 777 649 loco,
817 566 911 640 sed
949 585 1003 639 in
1040 584 1295 641 universo
1341 588 1547 641 mundo
1586 566 1898 646 coniicitur.
1938 591 2001 646 Et

420 674 548 728 hinc
562 674 803 745 estquod
822 690 932 730 non
952 676 1004 731 in
1022 691 1212 732 omnes
1228 678 1512 733 hominum
1533 696 1714 737 mores
1739 694 1997 753 umquam

416 765 472 819 in
495 766 753 823 socordes
780 768 1029 839 regiones
1060 769 1320 824 insultum
1352 771 1581 835 faciunt,
1612 775 1704 827 sed
1735 775 2001 830 duntaxat

417 859 472 911 in
526 860 817 928 quosdam,
868 878 1063 931 nempe
1112 864 1169 918 in
1225 879 1326 920 eos
1372 865 1466 935 qui
1515 865 1827 922 ﬁrmitatem
1888 885 1995 924 non

415 953 645 1008 omnino
696 954 940 1025 prmbent
986 957 1118 1013 eis:
1173 967 1270 1013 aut
1320 959 1563 1028 prwbent
1606 960 1849 1030 quidem,
1903 963 1996 1017 sed

418 1046 627 1099 tirmior
652 1055 737 1101 est
762 1062 856 1117 per
886 1048 1147 1118 impetum
1181 1064 1197 1103 :
1236 1053 1378 1104 unde
1411 1053 1573 1105 etiam
1604 1069 1708 1107 vox
1744 1054 1857 1108 sive
1887 1054 1997 1107 fra-

417 1152 518 1205 gor
568 1140 923 1195 constituitur
974 1153 1229 1211 tanquam
1282 1151 1525 1198 rotarum
1588 1160 1852 1200 curruum
1904 1162 1999 1215 per

421 1232 774 1285 mutationum
807 1248 870 1288 ac
904 1233 1260 1289 recidentiam
1293 1236 1596 1291 radiorum.

490 1321 557 1375 Et
589 1323 845 1379 habebant
869 1327 1068 1382 caudas
1091 1328 1289 1382 similes
1316 1330 1655 1399 scorpionum
1687 1340 1736 1383 et
1760 1327 1995 1385 aculeos.
2052 1326 2055 1329 ’

418 1412 776 1484 Scorpionum
822 1418 1012 1474 caudis
1057 1428 1112 1473 et
1158 1420 1365 1475 aculeis
1400 1421 1688 1476 assimilati
1731 1432 1860 1476 sunt
1892 1424 2000 1477 dae-

417 1522 642 1561 monum
699 1509 934 1564 insultus
988 1510 1254 1566 adversus
1315 1512 1587 1578 homines,
1633 1515 1893 1581 quoniam
1946 1524 1999 1569 et

416 1598 695 1656 dremones
728 1616 833 1656 non
865 1604 1048 1657 statim
1077 1612 1137 1657 ut
1169 1603 1473 1674 loquuntur
1497 1605 1857 1660 manifestam
1897 1621 1998 1660 no-

416 1705 755 1758 cumcntum,
784 1696 926 1751 sicut
952 1711 1126 1767 neque
1146 1699 1400 1768 scorpius
1424 1697 1685 1755 forﬁculis
1709 1700 1760 1752 in
1788 1714 1995 1754 morem

416 1790 602 1840 cancri
644 1789 1017 1857 denticulatis,
1064 1792 1155 1846 sed
1202 1806 1233 1845 a
1283 1800 1434 1861 tergo
1490 1792 1664 1847 cauda
1716 1792 1861 1847 hedit
1903 1808 1999 1862 per

2103 594 2273 663 τόπῳ,
2309 591 2424 644 ἀλλ’
2449 594 2508 643 ὲν
2536 590 2701 644 παντὶ
2730 590 2809 659 τῷ
2861 593 3055 659 κόσμῳ
3102 588 3508 661 συντελουμένη
3553 608 3684 661 τυγ-

2104 687 2276 755 χάνει,
2328 683 2422 752 ἀφ’
2455 677 2517 739 οὗ
2574 685 2668 737 καὶ
2715 684 2790 754 μὴ
2828 684 2997 736 πᾶσιν
3048 682 3355 753 ἀνθρώπων
3394 682 3584 754 ἦθεσιν
3605 682 3684 748 ὡς

2102 776 2316 839 ὑπτίοις
2343 776 2568 846 χωρίοις
2599 774 3058 847 προσϐάλλουσιν,
3096 772 3236 826 ἀλλά
3258 791 3389 837 τισι,
3419 778 3535 838 τοῖς
3560 775 3686 845 μηδ’

2101 867 2238 933 ὅλως
2261 868 2323 921 τὸ
2363 867 2599 938 βεϐηκὸς
2649 866 2841 931 αὐταῖς
2904 866 3327 935 παρέχουσιν,ῆ
3380 866 3685 937 παρέχουσι

2104 960 2224 1030 μὲν,
2279 960 2580 1032 βιαιότερον
2608 959 2721 1031 (31)
2769 958 2827 1011 δὲ
2870 959 2936 1030 τῇ
2991 957 3163 1029 ῥύμῃ.
3224 957 3344 1025 Ἀφ’
3370 952 3431 1012 οὗ
3475 960 3570 1011 καὶ
3607 958 3686 1021 ὡς

2101 1054 2197 1109 ἀπ’
2222 1054 2531 1126 ἁμαξιαίων
2582 1053 2815 1125 τροχῶν,
2873 1055 2940 1124 τῇ
2978 1050 3329 1123 μεταπτώσει
3369 1070 3427 1105 τε
3461 1053 3555 1107 καὶ
3584 1053 3682 1105 άν-

2100 1148 2363 1202 τιπτώσει
2402 1148 2510 1203 τῶν
2542 1148 2799 1213 σκώλων,
2827 1146 3011 1217 φωνὴ,
3064 1146 3234 1217 ήγουν
3280 1144 3491 1210 κτύπος
3552 1163 3684 1201 συν-

2105 1240 2342 1296 ίσταται.

2171 1334 2279 1389 Καὶ
2310 1335 2563 1402 ἔχουσιν
2599 1334 2784 1403 οὐρὰς
2816 1335 3024 1404 ὁμοίας
3065 1336 3381 1405 σκορπίοις
3418 1334 3515 1389 καὶ
3541 1333 3681 1387 κέγ-

2099 1442 2228 1494 τρα.
2266 1425 2551 1497 Σκορπίων
2573 1426 2763 1496 οὐραῖς
2792 1427 2885 1478 καὶ
2918 1426 3166 1497 κέντροις
3194 1428 3249 1480 ai
3277 1427 3385 1480 τῶν
3412 1427 3684 1498 δαιμόνων

2100 1516 2514 1587 ἀπεικάσθησαν
2542 1518 2840 1588 προσϐολαὶ
2868 1520 2923 1571 αἱ
2947 1518 3085 1589 πρὸς
3118 1518 3467 1589 ἀνθρώπους,
3493 1518 3683 1589 ἐπειδὴ

2101 1612 2198 1663 καὶ
2226 1610 2276 1663 oi
2315 1610 2571 1679 δαίμονες
2600 1609 2722 1679 οὐχὶ
2764 1610 2881 1680 ἅμα
2926 1611 3006 1681 τῷ
3045 1611 3429 1682 χρηματίσαι,
3463 1611 3525 1664 τὸ
3555 1611 3687 1681 βλαο

2100 1703 2294 1757 πτικδν
2317 1704 2730 1772 ἀποφαίνουσιν,
2770 1704 2851 1756 δτι
2883 1704 3019 1774 μηδὲ
3048 1704 3308 1776 σκορπίος
3334 1706 3455 1770 ταῖς
3484 1722 3682 1777 καρκι-

2101 1799 2294 1854 νώδεσι
2339 1800 2554 1872 χηλαῖς,
2589 1800 2723 1854 ἀλλὰ
2774 1799 2852 1870 τῷ
2880 1800 3165 1865 ἐξόπισθεν
3206 1801 3413 1873 οὐραίῳ
3461 1802 3547 1857 διὰ
3588 1802 3683 1855 τοῦ

417 1878 691 1931 aculeum.
741 1880 957 1933 Interim
1008 1895 1227 1951 quoque
1276 1880 1522 1935 exitiales
1553 1882 1828 1936 daemones
1870 1897 1993 1936 eum

2103 1869 2370 1965 κέντρου..
2398 1869 2564 1957 ᾐτέως
2608 1893 2663 1947 δὲ
2706 1894 2798 1947 καὶ
2820 1869 2868 1947 oi
2899 1894 3168 1965 ἀλιτήριοι
3199 1869 3457 1965 δαίμονες
3478 1893 3573 1957 οὓς
3613 1895 3681 1947 ἂν

416 1969 632 2038 aliquos
665 1970 973 2025 insidiando
1001 1971 1266 2040 ceperint,
1304 1988 1414 2025 non
1443 1974 1624 2027 statim
1658 1973 1860 2028 habent
1891 1974 1996 2029 im-

419 2060 647 2114 missum
702 2062 1027 2131 supplicium
1067 2072 1287 2133 propter
1321 2063 1484 2134 729
1536 2065 1777 2134 ipsorum
1840 2067 1997 2121 deceo

416 2152 687 2217 ptionem,
728 2154 820 2206 sed
872 2153 1017 2208 linali
1052 2155 1159 2224 igni
1206 2158 1407 2209 servati
1448 2171 1571 2210 cum
1611 2156 1696 2213 his
1733 2172 1871 2225 quos
1905 2173 1996 2213 se-

413 2244 712 2310 duxerunt,
744 2244 906 2315 digna
938 2258 1346 2317 consequentur
1369 2250 1613 2318 praemia.
1656 2251 1826 2307 Porro
1864 2250 1994 2321 quid

415 2337 516 2390 sibi
548 2337 677 2391 velit
719 2340 863 2408 quod
906 2340 971 2393 ad
1000 2340 1251 2409 quintum
1283 2341 1549 2395 duntaxat
1592 2356 1833 2396 mensem
1872 2358 1999 2412 pro-

417 2428 675 2482 tendatur
706 2438 946 2498 potestas
987 2432 1252 2486 inferendi
1281 2432 1582 2497 cruciatus,
1628 2433 1744 2503 jam
1772 2433 1803 2488 a
1838 2434 1996 2489 nobis

417 2520 620 2573 dictum
648 2530 749 2576 est.
783 2520 916 2586 Quis
960 2522 1102 2577 enim
1144 2523 1324 2592 ignem
1376 2533 1726 2593 peccatorum
1775 2524 1995 2579 auferre

414 2624 595 2682 potest
628 2615 759 2684 quin
796 2606 1057 2685 perpetuo
1084 2616 1258 2679 duret,
1289 2627 1385 2672 aut
1438 2616 1582 2671 aliud
1630 2617 1776 2686 quod
1805 2617 1877 2670 ibi
1924 2617 1997 2673 sit

414 2705 710 2759 sirnsibile?
752 2705 856 2760 Sed
890 2708 1351 2777 quemadmodum
1402 2724 1577 2778 neque
1602 2708 1797 2763 oculus
1836 2720 1995 2778 aptus

414 2809 499 2852 est
537 2799 602 2853 ad
630 2799 919 2853 videndum
945 2800 1084 2854 bona
1105 2840 1120 2864 ,
1146 2817 1326 2871 neque
1351 2802 1501 2855 auris
1531 2802 1596 2855 ad
1636 2801 1993 2867 audiendum,

414 2907 590 2963 neque
617 2892 668 2945 in
699 2908 796 2948 cor
844 2893 1084 2949 hominis
1115 2894 1303 2949 subire
1338 2903 1569 2965 possunt
1603 2911 1617 2948 :
1658 2894 1735 2949 sic
1765 2910 1868 2952 nec
1902 2896 1994 2952 illa

411 3000 534 3055 qua:
560 2984 826 3055 aliligunt,
860 2986 1034 3041 donec
1062 2986 1438 3057 experimento
1469 2986 1789 3056 probentur.

473 3073 737 3128 Habentes
778 3090 934 3143 super
965 3092 1020 3129 se
1046 3092 1214 3147 regem
1243 3078 1487 3148 angelum
1522 3077 1719 3147 abyssi.
1751 3078 1992 3149 Angelus

414 3168 502 3222 hic
536 3168 660 3222 licet
704 3169 1035 3239 quibusdam
1062 3171 1218 3226 visus
1251 3171 1323 3225 sit
1363 3186 1489 3227 esse
1519 3186 1721 3241 pravus
1751 3171 1989 3235 daemon,

412 3269 651 3315 attamen
681 3276 789 3315 non
826 3270 996 3317 recte.
1028 3260 1149 3328 Quo
1178 3261 1324 3317 enim
1355 3271 1536 3332 pacto,
1567 3278 1693 3317 cum
1730 3262 1995 3319 Dominus

411 3354 738 3409 sententiam
786 3354 973 3409 tulerit
1017 3355 1413 3410 retrudendum
1456 3371 1579 3411 esse
1633 3355 1911 3411 diabolum
1944 3366 1999 3412 et

410 3446 635 3515 angelos
664 3446 836 3516 ipsius
862 3447 917 3501 in
948 3446 1091 3518 ignis
1113 3447 1466 3518 supplicium,
1497 3447 1770 3518 quispiam
1804 3463 1993 3503 eorum

409 3538 503 3608 qui
540 3539 606 3593 ad
653 3540 983 3609 supplicium
1026 3539 1299 3610 designati
1335 3548 1482 3606 sunt,
1530 3541 1676 3611 regia
1726 3549 1997 3611 potestate

408 3632 608 3699 dignus
643 3632 972 3687 haberetur?
1017 3630 1136 3689 Non
1186 3649 1315 3705 ergo
1346 3634 1493 3688 malo
1527 3634 1717 3705 angelo
1752 3643 1995 3704 potestas

409 3724 708 3778 constituta
737 3733 840 3789 est,
882 3724 977 3779 sed
1020 3725 1071 3779 ei
1115 3726 1201 3781 cui
1251 3726 1609 3781 commissum
1638 3735 1722 3782 est
1751 3726 1991 3782 debitum

408 3831 471 3869 ac
511 3816 846 3871 conveniens
900 3816 1296 3874 ministerium.
1350 3817 1538 3889 Neque
1593 3819 1738 3874 enim
1800 3837 1994 3878 omnes

410 3909 793 3964 ministratorii
832 3909 1061 3978 spiritus
1095 3910 1389 3967 mittuntur
1422 3913 1487 3968 ad
1519 3912 1711 3969 salutis
1746 3913 1991 3969 ministe-

408 4000 575 4066 rium,
598 4001 753 4072 juxta
778 4002 963 4057 divum
994 4002 1222 4059 Paulum
1252 4005 1345 4077 qui
1377 4004 1481 4061 hoc
1510 4005 1673 4072 dixit,
1706 4006 1798 4061 sed
1825 4007 1990 4062 etiam

407 4094 473 4150 ad
511 4094 853 4150 inferendum
890 4096 1221 4167 supplicium
1257 4116 1270 4153 :
1304 4098 1766 4169 quemadmodum
1802 4100 1846 4155 is
1896 4101 1989 4172 qui

405 4190 757 4260 Assyriorum
802 4192 1103 4247 exercitum
1151 4204 1539 4265 congregatum
1602 4210 1727 4250 cum
1784 4195 1993 4250 Scnna-

404 4283 597 4339 cherih
640 4300 807 4357 super
853 4282 1159 4342 Jerusalem
1201 4288 1423 4352 delevit,
1460 4297 1516 4344 et
1560 4290 1654 4359 qui
1690 4303 1854 4358 super
1889 4287 1992 4342 So-

403 4373 564 4430 doma
592 4376 824 4447 ignitum
876 4378 1104 4436 immisit
1161 4379 1467 4437 interitum.
1498 4380 1654 4447 Quod
1694 4390 1875 4435 autem
1932 4380 1986 4433 in

390 4457 844 4539 'praacedentibus
873 4474 1331 4544 signiﬁcavimus,
1368 4475 1533 4529 etiam
1576 4488 1720 4527 nunc
1752 4472 1992 4527 dicimus

2098 1988 2339 2043 λάϐωσιν
2367 1986 2425 2054 ἐξ
2454 1986 2688 2057 ἀπάτης,
2726 1986 2828 2041 οὐκ
2849 1987 3011 2050 εὐθὺς
3035 1986 3218 2057 ἔχουσι
3264 1987 3360 2039 καὶ
3389 1987 3491 2058 τὴν
3541 1987 3682 2057 ὑπὲρ

2103 2078 2207 2147 τῆς
2239 2077 2446 2131 τούτων
2469 2078 2689 2145 ἀπάτης
2717 2077 2990 2149 τιμωρίαν
3015 2078 3199 2141 αὐτοῖς
3223 2077 3682 2148 ἐπιϐαλλομένην.

2100 2170 2448 2243 Τηρηθέντες
2470 2169 2527 2223 δὲ
2557 2169 2635 2240 τῷ
2653 2169 2949 2241 τελευταίῳ
2968 2171 3104 2242 πυρὶ
3130 2170 3248 2241 μεθ’
3276 2164 3351 2224 ὧν
3366 2172 3680 2242 ἠπάτησαν,

2097 2262 2208 2317 τῶν
2240 2262 2407 2327 ἀξίων
2433 2262 2615 2334 γερῶν
2649 2261 2947 2327 τεύξονται.
2985 2263 3060 2316 Τὸ
3092 2263 3150 2315 δὲ
3176 2263 3273 2333 τὴν
3304 2264 3558 2330 ἐξουσίαν
3581 2264 3679 2333 τῆς

2098 2356 2372 2429 τιμωρίας
2423 2354 2720 2426 πεμπταίῳ
2778 2357 2939 2427 μόνον
2999 2357 3131 2427 μηνὶ
3174 2358 3601 2429 παρατείνεσθαι
3628 2358 3679 2411 τί

2100 2448 2375 2520 βούλεται,
2404 2449 2619 2520 εἴρηται
2646 2449 2780 2518 ἡμῖν
2804 2448 2928 2519 ἤδη.
2957 2448 3054 2512 Τίς
3090 2449 3199 2519 γὰρ
3230 2451 3257 2502 ό
3280 2450 3341 2502 τὸ
3368 2449 3677 2514 διαιωνίζον

2098 2540 2543 2611 παραιρούμενος
2568 2540 2678 2593 τῶν
2712 2539 3057 2611 ἁμαρτωλῶν
3084 2541 3215 2612 πῦρ,
3254 2542 3381 2613 μήτ’
3408 2542 3536 2595 ἄλλο
3562 2544 3679 2595 ἐκεῖ

2098 2634 2395 2705 αίσθητόνς
2444 2634 2535 2695 Ὠς
2584 2634 2692 2705 γὰρ
2733 2635 2801 2686 τά
2858 2633 3040 2701 ἀγαθά
3076 2635 3176 2688 οὐκ
3214 2635 3493 2705 ὀφθαλμὸς
3547 2636 3676 2688 ἰδεῖν

2096 2726 2352 2795 αἰσθητὸς
2378 2725 2582 2788 ἱκανὸς,
2611 2723 2731 2778 ούδὲ
2754 2718 2847 2787 οὖς
2880 2723 3133 2791 ἀκοῦσαι,
3168 2725 3291 2779 οὐδὲ
3314 2726 3408 2778 ἐπὶ
3446 2726 3675 2794 καρδίαν

2096 2819 2383 2889 ἀνθρώπου
2444 2818 2735 2890 ἀναϐῆναι,
2790 2817 2965 2883 οὕτως
3024 2818 3147 2871 οὐδὲ
3199 2819 3269 2873 τὰ
3324 2818 3675 2891 τιμωροῦντα

2097 2910 2224 2982 ἄχρι
2262 2909 2365 2982 τῆς
2391 2908 2610 2981 πείρας.

2170 3091 2467 3162 Ἕχουσαι
2514 3091 2788 3158 ,ϐασιλέα
2853 3090 2947 3145 ἐπ’
3006 3089 3207 3145 αὐτῶν
3243 3090 3503 3161 ἄγγελον
3565 3088 3679 3158 τῆς

2022 3218 2066 3277 c
2097 3184 2397 3242 ἀϐύσσου.
2431 3185 2491 3239 '0
2526 3184 2759 3255 ἄγγελος
2780 3177 2956 3248 οὗτος,
2988 3183 3037 3235 εί
3070 3182 3162 3236 καί
3200 3199 3345 3235 τισιν
3384 3181 3531 3246 ἔδοξε
3580 3199 3679 3235 ποο

2100 3278 2265 3350 νηρὸς
2290 3278 2502 3351 δαίμων
2536 3273 2707 3342 εἶναι,
2750 3276 2867 3332 ἀλλ’
2898 3277 3049 3347 ὅμως
3070 3276 3130 3330 ού
3158 3275 3360 3340 καλῶς.
3403 3275 3529 3339 Πῶς
3567 3276 3678 3346 γὰρ

2097 3368 2192 3422 τοῦ
2222 3369 2431 3441 Κυρίου
2457 3369 2557 3442 τὴν
2583 3370 2808 3424 κόλασιν
2836 3366 2930 3421 τοῦ
2962 3368 3137 3438 πυρὸς
3164 3365 3243 3438 τῷ
3272 3366 3507 3437 διαϐόλῳ
3533 3366 3673 3419 ἀπο-

2098 3459 2415 3531 φηναμένου
2447 3461 2545 3515 καὶ
2582 3462 2694 3523 τοῖς
2728 3458 2987 3528 ἀγγέλοις
3015 3456 3203 3522 αὐτοῦ,
3251 3458 3315 3509 ὲκ
3344 3456 3552 3510 τούτων
3592 3473 3678 3519 τις

2095 3552 2205 3606 τῶν
2239 3554 2321 3617 είς
2359 3553 2582 3607 κόλασιν
2608 3549 3039 3622 ἀφωρισμένων,
3076 3548 3369 3619 βασιλικῆς
3406 3545 3671 3613 ἀξιωθείη

2095 3644 2384 3713 ἑξουσίαςς
2421 3646 2535 3699 Οὐκ
2564 3641 2658 3699 οὖν
2710 3642 2935 3713 πονηρῷ
2964 3641 3183 3712 ἀγγέλῳ
3213 3642 3246 3713 ἠ
3278 3640 3501 3707 ἐξουσία
3535 3638 3673 3711 βραο

2095 3736 2357 3806 ϐευθείη,
2392 3736 2679 3811 ὲκείνῳλδὲ
2734 3736 2813 3806 τῷ
2863 3734 3201 3804 κατάλληλον
3252 3733 3352 3803 τὴν
3395 3732 3677 3787 διακονίαν

2097 3825 2625 3899 μεταχειριζομένῳ.
2673 3825 2749 3878 Οὐ
2786 3824 2897 3895 γάρ
2945 3824 3149 3886 πάντες
3196 3824 3278 3886 είς
3324 3822 3678 3893 λειτουργικὰ

2093 3920 2386 3991 πνεύματα
2417 3921 2497 3982 είς
2548 3918 2825 3973 διακονίαν
2878 3918 3147 3988 σωτήριον
3188 3914 3673 3984 ἀποστελλόμενοι,

2094 4012 2235 4066 κατά
2263 4010 2354 4066 τὸν
2393 4010 2656 4084 εἰρηκότα
2687 4011 2830 4064 θεῖον
2860 4008 3092 4075 Παῦλον,
3126 4008 3265 4061 ἀλλά
3296 4008 3392 4061 καὶ
3428 4007 3567 4077 πρὸς
3596 4023 3677 4058 τι-

2096 4105 2328 4177 μωρίαν,
2360 4104 2435 4169 ὡς
2460 4107 2489 4158 ὁ
2511 4104 2602 4157 τὸν
2641 4102 2933 4174 Ἀσσύριον
2988 4102 3224 4172 στρατὸν
3256 4101 3395 4172 μετὰ
3425 4103 3671 4171 Σεναχη-

2097 4199 2224 4268 ρεὶμ
2270 4198 2364 4250 ἐπὶ
2433 4194 2789 4267 Ἰερουσαλὴμ
2832 4193 3192 4263 ἀθροισθέντα
3247 4192 3543 4261 ἀφανίσας,
3579 4190 3676 4244 καὶ

2092 4288 2199 4342 τῶν
2216 4288 2469 4358 Σοδόμων
2489 4288 2580 4341 τὸν
2606 4287 2870 4359 διάπυρον
2895 4286 3116 4358 ὄλεθρον
3140 4286 3465 4356 ἐπιστήσας.
3496 4285 3675 4354 Ὅπερ

2092 4380 2149 4432 δὲ
2182 4382 2274 4432 καὶ
2308 4378 2671 4449 προλαϐόντες
2689 4377 3190 4449 ἀπεσημηνάμεθα,
3223 4378 3317 4430 καὶ
3347 4378 3443 4429 νῦν
3470 4392 3673 4445 φαμεν,

2092 4468 2168 4531 ὠς
2202 4467 2375 4522 ταῦτα
2425 4469 2473 4521 εί
2528 4468 2624 4521 καὶ
2662 4467 3049 4539 παρῳχημένῳ
3100 4466 3512 4535 ἐξαγγέλλεται,
3559 4464 3673 4518 ἀλλ’

402 4562 551 4633 quod
612 4564 729 4619 lucc
775 4579 1090 4634 quanquam
1130 4567 1182 4619 in
1237 4565 1515 4635 praeterito
1565 4563 1984 4627 annuntientur,

2095 4559 2186 4614 οὖν
2222 4560 2484 4629 μέλλοντα
2538 4560 2796 4614 νοεῖσθαι.
2857 4558 3016 4613 Ἀλλὰ
3069 4559 3216 4611 δυοῖν
3267 4558 3429 4628 χάριν
3493 4554 3671 4619 τοῦτο,

355 4716 359 4722 ,
402 4669 641 4711 attamen
677 4657 745 4712 de
780 4656 964 4712 futuro
1002 4658 1383 4727 intelliguntur
1420 4675 1434 4711 :
1472 4671 1660 4709 verum
1715 4655 1768 4708 id
1816 4654 1990 4722 dupli-

400 4765 519 4804 cem
552 4749 623 4803 ob
655 4765 878 4805 causam
917 4750 995 4814 lit,
1038 4751 1153 4805 sive
1185 4750 1329 4821 quod
1387 4746 1698 4803 certissimo
1735 4745 1978 4802 futurum

400 4843 564 4895 situt
618 4842 783 4906 liant,
822 4843 966 4899 nulla
1018 4858 1075 4897 re
1133 4841 1584 4911 impedimentum
1642 4849 1982 4909 prmstante:

2096 4654 2216 4725 ἦτοι
2254 4654 2327 4719 ὡς
2360 4654 2579 4719 πάντως
2612 4654 3113 4725 άπαρεμποδίστως
3160 4652 3460 4723 ἐσομένων,
3501 4651 3535 4722 ἢ
3582 4649 3675 4703 καὶ

2093 4748 2190 4802 τοῦ
2217 4750 2657 4822 χρηματίζοντος
2706 4748 2786 4819 τῷ
2820 4747 3185 4818 εύαγγελιστῇ
3215 4746 3284 4799 τὰ
3328 4745 3673 4818 προκείμενα

2096 4844 2238 4897 κατά
2269 4844 2332 4897 τὸ
2362 4843 2462 4913 τῆς
2502 4842 2842 4915 προφητείας
2872 4840 3092 4911 ἀξίωμα
3128 4839 3582 4911 περιπατοῦντος.

402 4937 691 4992 autetiam
727 4936 872 5006 quod
907 4935 1072 5003 isqui
1108 4934 1457 4992 evangelista:
1508 4948 1572 4987 ea
1626 4933 1877 4988 tradebat
1930 4937 2154 4993 oracula
2195 4934 2263 4991 de
2334 4937 2538 5007 quibus
2593 4951 2741 4990 nunc
2792 4946 3130 5002 tractamus,
3172 4934 3330 5006 juxta
3395 4932 3670 5003 propheltl’

399 5031 718 5102 dignitatem
751 5032 1030 5101 procedat.

472 5122 573 5179 Cui
598 5137 785 5175 nomen
836 5118 1093 5174 llebraice
1124 5116 1401 5171 Abbadon.
1443 5112 1651 5171 Nomen
1704 5115 1981 5171 lleln'aiczn

398 5217 597 5287 linguae
626 5215 695 5270 ab
732 5214 881 5269 exitu
910 5220 1187 5281 sumptum
1223 5223 1326 5275 est,
1364 5210 1509 5266 sicut
1546 5226 1609 5265 ex
1644 5211 1831 5266 Graeco
1866 5228 1981 5266 ma-

399 5310 660 5363 nifestum
692 5318 800 5360 est.
842 5304 983 5371 Quid
1016 5303 1163 5357 enim
1198 5302 1344 5357 aliud
1374 5302 1643 5365 signiﬁcat
1687 5303 1977 5375 Apollyou,

396 5416 560 5471 quam
594 5398 828 5469 pertlens
860 5398 943 5451 vel
972 5394 1373 5465 corrumpens?

859 5489 1021 5561 730
1041 5487 1271 5546 CAPUT
1306 5488 1518 5545 xxvn.

399 5586 474 5639 De
512 5595 657 5639 sexto
711 5583 895 5654 angelo
935 5600 955 5639 :
991 5590 1041 5637 et
1092 5585 1285 5638 solutio
1333 5587 1642 5655 angelorum
1692 5585 1781 5655 qui
1822 5600 1979 5653 super

806 5655 1127 5719 Euphratem
1157 5656 1370 5727 alligati
1398 5667 1569 5710 erant.

466 5744 559 5812 IX,
597 5745 785 5800 12-16.
838 5744 925 5801 Va:
956 5762 1120 5801 unum
1151 5746 1303 5813 abiit,
1335 5756 1383 5802 et
1423 5763 1535 5801 ecce
1564 5746 1773 5802 veniunt
1805 5746 1975 5800 adhuc

467 5884 579 5957 (5|)
618 5883 862 5960 βεϐαιότε
872 5902 981 5957 ρον,
1010 5887 1097 5942 ed.

2163 5117 2384 5185 Ὄνομα
2417 5115 2579 5182 αὐτῷ
2641 5113 2940 5184 Ἐϐραϊστί
2993 5115 3311 5170 Ἀδϐαδών.
3366 5115 3440 5168 Τὸ
3499 5116 3667 5186 ὄνομα

2088 5211 2183 5265 τοῦ
2226 5209 2518 5283 Ἐϐραῖκοῦ
2570 5210 2679 5263 ἀπὸ
2738 5211 2835 5281 τῆς
2879 5210 3163 5274 ἐκϐάσεως
3216 5210 3549 5273 πέπλασται,
3596 5211 3667 5275 ὡς

2089 5303 2252 5373 δῆλον
2283 5302 2391 5355 ἀπὸ
2418 5302 2513 5355 τοῦ
2549 5301 2887 5374 Ἑλληνικοῦ.
2944 5301 3257 5356 ’Δπολλύων
3309 5302 3438 5373 γὰρ,
3467 5302 3521 5356 τί
3553 5303 3665 5356 ’ἐτε-

2092 5413 2185 5467 ρον
2220 5393 2253 5464 ἢ
2288 5394 2347 5447 τὸ
2372 5394 2683 5466 διαφθεῖρον
2710 5394 2969 5464 σημαίνει
2995 5412 3009 5459 ;

2676 5489 2931 5543 ΚΕΦᾹΛ.
2964 5485 3091 5542 ΚΖ’.

2088 5581 2227 5652 Περὶ
2258 5578 2363 5634 τοῦ
2386 5580 2563 5634 ἕκτου
2581 5581 2864 5652 ἀγγέλου,
2891 5581 2990 5634 καὶ
3012 5579 3129 5633 τῶν
3152 5579 3253 5633 ἐπὶ*
3280 5579 3358 5645 τῷ
3390 5580 3667 5649 Εὐφράτῃ

2404 5650 2715 5718 λυομένων
2745 5651 3017 5722 ἀγγέλων
3048 5652 3350 5717 ἑπΙλυσις.

2170 5745 2231 5803 Ἡ
2264 5745 2395 5800 οὐαί
2425 5744 2461 5813 τ’]
2486 5744 2593 5814 μία
2619 5742 2894 5811 ἀπῆλθεν
2917 5761 2930 5776 ο
2973 5743 3105 5799 ίδοὺ
3140 5743 3416 5814 ἔρχονται
3441 5745 3527 5800 ἐτι
3557 5744 3665 5799 δύο
