4030 6648
330 486 441 552 629

1391 477 1781 543 COMMENT.
1822 474 1907 537 ΙΝ
1948 471 2483 573 ΑΡΟΟΑΙἸΥΡΞΙΝ.

3484 472 3589 538 630

332 599 465 653 οὐαὶ
492 593 642 667 μετὰ
660 594 865 651 ταῦτα.
895 592 1001 651 Kal
1036 596 1069 648 ό
1098 594 1272 661 ἕκτος
1297 593 1553 664 ἅγγελος
1577 590 1900 649 ἐσάλπισε,

2026 585 2109 637 luo
2156 600 2233 638 tne
2261 584 2542 652 posthaec.
2608 581 2671 635 Et
2718 590 2899 637 sextus
2939 581 3159 653 angelus
3203 580 3331 637 tuba
3384 589 3594 639 cecinit.

332 690 430 743 καί
464 688 703 757 ἤκουσα
730 687 941 758 φωνὴν
973 687 1123 757 μίαν
1149 687 1218 741 ἐκ
1244 684 1364 741 τῶν
1389 684 1705 752 τεσσάρων
1741 679 1912 749 κερά-

332 800 451 835 των
474 782 578 837 τοῦ
630 783 1068 851 θυσιαστηρίου
1099 782 1208 837 τοῦ
1242 779 1479 851 χρυσοῦ
1517 776 1624 832 τοῦ
1651 776 1913 831 ἐνώπιον

332 876 439 931 τοῦ
460 877 628 939 Θεοῦ,
659 877 949 946 λέγοντος
972 876 1053 945 τῷ
1079 877 1230 945 ἕκτῳ
1255 876 1511 947 ἀγγέλῳ,
1545 875 1613 941 ὃς
1646 870 1773 943 εἶχε
1794 872 1912 940 τὴν

332 969 669 1039 σάλπιγγαο
696 971 905 1025 Λῦσον
935 970 1078 1037 τοὺς
1110 969 1414 1038 τέσσαρας
1438 968 1738 1039 ἀγγέλους
1767 966 1911 1033 τοὺς

332 1062 695 1133 δεδεμένους
725 1064 822 1117 ἐπὶ
854 1065 933 1129 τῷ
962 1064 1207 1132 ποταμῷ
1233 1062 1314 1129 τῷ
1332 1062 1576 1134 μεγάλῳ
1601 1063 1907 1134 Εὐφράτῃ.

334 1158 441 1210 Kal
491 1157 804 1224 ἐλύθησαν
838 1160 892 1211 οί
928 1159 1223 1227 τέσσαρες
1260 1157 1504 1228 ἄγγελοι
1557 1158 1613 1211 οἱ
1666 1156 1912 1224 ἡτοιμα-

334 1247 545 1315 σμένοι
570 1250 655 1314 εἰς
677 1247 790 1316 τὴν
809 1246 968 1315 ὥραν
984 1248 1079 1303 καὶ
1106 1251 1192 1315 εὶς
1218 1248 1335 1316 τὴν
1356 1249 1605 1319 ἡμέραν,
1629 1246 1726 1301 καὶ
1743 1246 1912 1317 μῆνα

334 1341 434 1392 καὶ
471 1339 773 1404 ἐνιαυτὸν,
839 1343 939 1395 ἵνα
986 1342 1388 1396 ἀποκτείνωσι
1438 1342 1506 1396 τὸ
1546 1342 1751 1411 τρίτον
1790 1340 1911 1396 τῶν

333 1430 676 1498 ἀνθρώπων.
706 1431 813 1486 Καὶ
843 1436 874 1486 ὀ
900 1433 1144 1500 ἀριθμὸς
1176 1432 1294 1486 τῶν
1318 1431 1782 1501 στρατευμάτων
1804 1431 1911 1486 τοῦ

335 1521 605 1588 ἱππικοῦ,
661 1522 771 1577 δύο
822 1523 1109 1592 μυριάδες
1150 1523 1486 1595 μυριάδων·
1528 1523 1625 1580 καὶ
1672 1523 1912 1593 ἤκουσα

335 1611 444 1666 τὸν
464 1612 713 1682 ἀριθμὸν
740 1612 963 1667 αὐτῶν.

408 1703 482 1754 Τὸ
511 1703 645 1757 οὐαί
668 1703 957 1777 ὲπίῤῥημὰ
986 1705 1102 1758 ἐστι
1130 1705 1538 1776 σχετλιαστικόν
1559 1721 1573 1736 ⁸
1611 1706 1808 1777 σχέτλη
1854 1707 1910 1761 δὲ

332 1799 395 1849 τὸ
425 1798 619 1868 ὀδύνην
671 1798 931 1868 ὲπιφὲρον
966 1798 1236 1854 καλεῖται.
1302 1799 1570 1871 Ἀπῆλθεν
1620 1798 1714 1855 οὖν
1758 1803 1820 1856 οὐ
1851 1800 1912 1855 τὸ

332 1892 640 1963 ἐπίρρημα.
667 1892 791 1955 Πῶς
812 1893 922 1964 γὰρ
942 1893 1001 1947 τὸ
1037 1892 1180 1949 κατὰ
1198 1894 1567 1966 συμὸεϐηκὸς,
1594 1896 1686 1949 καὶ
1705 1897 1765 1949 οὗ
1789 1894 1911 1949 καθ’

2014 676 2083 730 Ει
2117 677 2296 731 audivi
2329 692 2502 731 vocem
2535 692 2696 729 unam
2743 690 2808 730 ea:
2841 684 3071 746 quatuor
3117 676 3364 731 cornibus
3404 677 3595 731 altaris

2012 772 2181 835 aurei,
2212 769 2349 838 quod
2379 779 2494 822 erat
2534 776 2658 821 ante
2690 767 2880 830 Deum,
2904 768 3158 822 dicentem
3206 779 3357 824 sexto
3404 770 3595 837 angelo

2012 863 2103 931 qui
2146 861 2368 915 habebat
2406 858 2631 912 tubam:
2666 856 2823 912 Solve
2872 866 3103 927 quatuor
3153 862 3367 929 angelos
3407 861 3498 931 qui
3527 861 3597 914 li-

2012 956 2125 1026 gati
2151 964 2272 1010 sunt
2305 972 2463 1025 super
2508 955 2702 1025 ﬂumen
2732 969 2982 1022 magnum
3010 953 3355 1023 Euphratem.
3395 954 3464 1009 Et
3507 974 3597 1010 so-

2013 1048 2113 1102 luti
2153 1058 2272 1102 sunt
2307 1058 2538 1118 quatuor
2577 1046 2768 1117 angeli,
2799 1047 2891 1117 qui
2925 1047 3103 1116 parati
3134 1055 3285 1100 erant
3323 1047 3377 1099 in
3407 1046 3598 1099 horam

2012 1152 2061 1196 et
2089 1142 2227 1197 diem
2275 1152 2324 1198 et
2366 1158 2592 1197 mensem
2623 1152 2672 1196 et
2712 1158 2935 1201 annum.
2967 1150 3022 1194 ut
3055 1140 3350 1194 occiderent
3388 1140 3597 1193 tertiam

2012 1244 2216 1304 partem
2275 1235 2566 1289 hominum.
2621 1232 2689 1288 Et
2738 1250 2986 1289 numerus
3033 1233 3289 1305 equestris
3336 1232 3597 1287 exercitus

2012 1327 2170 1381 vicies
2218 1327 2408 1383 millies
2458 1327 2634 1382 decem
2697 1326 2871 1382 millia
2911 1343 2931 1382 :
2963 1336 3013 1381 et
3076 1327 3257 1381 audivi
3319 1341 3599 1380 numerum

2012 1436 2217 1474 eorum.

2096 1687 2184 1744 Va:
2210 1688 2527 1744 adverbium
2556 1698 2642 1745 est
2670 1688 2906 1746 miseriae
2950 1689 3337 1756 indicativum,
3376 1688 3601 1744 miseria

2015 1791 2198 1836 autem
2256 1792 2488 1837 vocatur
2538 1781 2684 1852 quod
2738 1781 2919 1838 all‘ert‘
2957 1781 3224 1838 dolorem.
3297 1780 3417 1836 Non
3469 1796 3602 1849 ergo

2016 1873 2334 1928 adverbium
2369 1875 2504 1929 abiit
2545 1892 2557 1929 :
2596 1876 2873 1943 quomodo
2903 1877 3049 1931 enim
3101 1875 3247 1946 quod
3283 1873 3605 1944 contingen-

334 1954 631 2038 ὑπόστασιν
685 1954 952 2057 ὑπάρχον,
997 1986 1113 2039 ἀλλ’
1144 1954 1361 2057 ἆμαΙτῇ
1394 1954 1608 2056 γενέσει
1650 1988 1912 2055 ἀφανιζό-

2026 1978 2099 2023 ler
2129 1969 2349 2033 accidit,
2398 1978 2453 2023 et
2501 1984 2610 2022 non
2661 1968 2825 2023 habet
2872 1969 3262 2033 substantiam,
3304 1965 3400 2022 sed
3437 1965 3603 2021 simul

338 2094 518 2145 μενον,
557 2076 783 2147 πρόοδον
830 2077 1023 2147 σχοίη;
1067 2077 1209 2132 Ἀλλ’
1246 2079 1474 2132 ἐκείνων
1529 2078 1912 2149 παρελθόντων

334 2165 441 2217 τῶν
473 2166 749 2238 ὀδυνηρῶν
786 2166 855 2220 δι’
894 2167 930 2221 ἃ
978 2168 1075 2221 καὶ
1130 2171 1192 2222 τὸ
1247 2169 1489 2222 τοιοῦτον
1531 2168 1914 2241 προσφώνημα

334 2260 565 2329 γίνεται,
600 2262 775 2315 καὶτὸ
807 2261 942 2316 οὐαὶ
966 2263 1192 2328 εἰκότως
1226 2262 1420 2335 ἐλέχθη
1454 2263 1735 2319 ἀπελθεῖν.

406 2432 510 2486 Kal
576 2431 821 2502 ἤκουσα
869 2436 1080 2504 φωνὴν
1118 2436 1268 2504 μίαν
1306 2438 1374 2491 ἐκ
1430 2437 1550 2491 τῶν
1600 2439 1914 2509 τεσσάρων

336 2526 621 2594 κεράτιον.
665 2527 762 2581 Ἐκ
784 2527 895 2581 τῶν
924 2529 1210 2599 τεσσάρων
1244 2529 1493 2600 κεράτων
1523 2533 1557 2601 ὴ
1583 2534 1760 2601 φωνὴ,
1804 2533 1914 2586 τῶν

335 2616 568 2685 ἐχόντων
603 2617 661 2671 τὸ
694 2618 1105 2691 θυσιαστήριον,
1137 2618 1173 2672 ὃ.
1208 2619 1416 2690 κέρατα
1468 2620 1567 2685 τὰς
1590 2622 1916 2691 περιϐεϐλη-

339 2710 505 2780 μένας
560 2709 709 2776 θείας
752 2712 1012 2781 δυνάμεις
1049 2713 1363 2768 ἀκουστέον.
1400 2715 1558 2768 Ἤτοι
1584 2713 1680 2769 τοῦ
1723 2714 1911 2769 Θυσια-

338 2802 564 2873 στηρέου
613 2803 1075 2876 ἅπαρτιζομένου,
1115 2808 1173 2859 ἐν
1211 2799 1254 2875 ᾧ
1305 2807 1374 2860 τὰ
1415 2805 1635 2877 θύματα
1667 2808 1806 2880 πυρὶ
1838 2810 1916 2880 τῷ

335 2897 455 2967 Θεῷ
504 2895 848 2966 καθήπτετο,
892 2898 1240 2970 καθεκάστην
1302 2900 1508 2969 γωνίαν
1568 2901 1917 2973 κερατοειδὴς

334 2988 496 3061 ἐξοχὴ
550 2991 969 3063 συνεστήρικται
1008 2992 1307 3059 συνέξουσα
1355 2994 1456 3057 τὰς
1509 2994 1722 3066 σχίζας,
1755 2991 1845 3059 αἷς
1886 2997 1915 3050 ό

338 3086 522 3154 βωμὸς
553 3085 932 3156 ἀναπτόμενος
974 3088 1090 3151 τοῖς
1141 3086 1373 3156 θύμασι,
1408 3086 1470 3139 τὸ
1504 3088 1916 3161 καλλιερεῖοθαι

337 3179 627 3247 παρεῖχεν,
675 3176 733 3245 ἐξ
774 3170 835 3232 οὗ
886 3177 981 3230 καὶ
1039 3176 1120 3249 τῷ
1177 3176 1289 3230 ἄνω
1351 3178 1749 3251 Θυσιαστηρίῳ,
1799 3182 1919 3236 κατ’

2015 2080 2139 2119 cum
2183 2080 2285 2120 suo
2338 2074 2463 2120 ortu
2521 2066 2917 2134 corrumpitur,
2984 2080 3334 2136 progressum
3398 2062 3603 2117 habere

2017 2158 2237 2227 posset?
2270 2158 2374 2213 Sed
2399 2158 2817 2213 transeuntibus
2843 2158 2950 2213 illis
2973 2173 3097 2227 qua:
3120 2158 3309 2212 dolore
3337 2154 3601 2214 afﬁciunt.

2016 2261 2235 2322 pmpter
2263 2267 2385 2322 quae
2414 2251 2540 2306 data
2569 2260 2654 2307 est.
2694 2250 3011 2320 huiusmodi
3046 2249 3363 2321 appellatio,
3401 2247 3602 2303 merito

2016 2361 2235 2415 quoque
2261 2361 2338 2399 va:
2366 2346 2574 2400 dictum
2609 2354 2694 2400 est
2722 2344 3011 2400 transisse.

2089 2437 2157 2492 Et
2188 2439 2366 2492 audivi
2397 2454 2568 2492 vocem
2602 2454 2764 2491 unam
2811 2438 2875 2492 de
2904 2445 3136 2507 quatuor
3163 2435 3432 2492 cornibus.
3466 2435 3605 2491 Pro-

2017 2529 2245 2585 cedebat
2294 2545 2395 2585 vox
2439 2530 2508 2586 de
2566 2539 2807 2600 quatuor
2854 2529 3118 2584 cornibus
3150 2544 3274 2600 quae
3325 2528 3606 2583 habebant

2017 2622 2187 2677 altare
2220 2637 2232 2674 :
2260 2639 2382 2693 quae
2423 2638 2631 2678 cornua
2682 2621 3033 2691 intelligenda
3069 2630 3200 2677 sunt
3250 2635 3374 2676 csse
3406 2619 3607 2674 divina:

2016 2714 2246 2770 virtutes
2272 2715 2538 2785 stipantes
2567 2732 2581 2769 :
2614 2724 2709 2769 aut
2742 2715 2887 2784 quod
2930 2714 3169 2784 perfecto
3199 2712 3359 2768 altari
3390 2713 3446 2767 in
3496 2728 3608 2783 quo

2018 2807 2249 2862 victima
2296 2806 2406 2862 Deo
2452 2809 2578 2878 igne
2624 2807 3090 2873 accendebantur,
3126 2806 3194 2860 ad
3222 2805 3470 2876 singulos
3517 2821 3611 2859 an-

2018 2899 2176 2970 gulos
2234 2915 2361 2970 pars
2404 2900 2655 2955 eminens
2700 2900 2754 2952 in
2803 2898 3043 2967 speciem
3088 2912 3262 2951 cornu
3308 2897 3605 2950 constituta

2017 3001 2171 3056 erat,
2222 3008 2343 3062 quae
2390 2992 2624 3047 ﬁssuras
2674 2991 3017 3056 contineret,
3076 2988 3282 3059 quibus
3342 2988 3611 3057 praeberet.

2019 3086 2190 3140 altare
2239 3093 2299 3140 ut
2340 3084 2594 3140 accensis
2627 3083 2873 3138 victimis
2934 3096 3103 3152 super
3153 3080 3288 3134 illud
3336 3080 3606 3133 litaretur.

2022 3175 2176 3233 Unde
2209 3177 2378 3249 Moysi
2400 3192 2622 3248 quoque
2650 3186 2981 3247 praeceptum
3015 3174 3120 3230 fuit
3147 3174 3201 3227 in
3235 3182 3421 3226 monte
3451 3170 3606 3235 Sina,

336 3269 544 3332 εἰκόνα,
580 3268 643 3321 τὸ
695 3269 850 3323 κάτω
886 3269 979 3321 καὶ
1008 3268 1114 3322 ὑπὸ
1152 3270 1395 3334 Μωσέως
1448 3272 1507 3323 ὲν
1552 3270 1631 3340 τῷ
1674 3272 1802 3344 Σινᾷ
1841 3272 1919 3327 δι·

2026 3279 2082 3326 ιιι
2114 3269 2342 3325 inl‘erius
2373 3268 2581 3323 laceret
2621 3269 2690 3322 ad
2736 3266 3154 3323 similitudinem
3192 3263 3499 3334 superioris
3528 3264 3611 3317 al-

338 3360 731 3415 ετὰττετο.Διὸ
764 3360 859 3413 καὶ
889 3361 917 3414 ό
940 3362 1300 3431 χρηματίζων
1323 3361 1490 3433 αὐτῷ,
1520 3381 1538 3415 ι
1568 3363 1738 3435 Ὅρα,
1760 3367 1918 3437 φησὶ,

340 3457 586 3527 ποιήσεις
618 3455 799 3509 πάντα
838 3456 981 3508 κατὰ
1004 3453 1098 3507 τὸν
1125 3452 1299 3508 τύπον
1319 3454 1413 3509 τὸν
1441 3456 1723 3527 δειχθέντα
1748 3477 1830 3514 σοι
1861 3463 1920 3514 ἐν

336 3546 417 3617 τῷ
440 3545 579 3616 ὄρει.
620 3563 642 3599 ι
670 3544 783 3609 Τὰς
812 3544 1005 3616 ἐξοχὰς
1049 3544 1115 3616 δὴ
1152 3544 1379 3610 ταύτας,
1411 3546 1478 3611 ἃς
1536 3550 1729 3621 νοεράς
1762 3551 1922 3607 δυνά-

343 3656 467 3709 μεις
494 3638 825 3709 εἰρήκαμεν,
875 3639 1126 3708 συνέχειν
1165 3638 1316 3703 εἰκὸς
1343 3639 1407 3694 τὸ
1450 3641 1780 3712 ὑπερούσιον
1828 3646 1923 3699 καὶ

341 3733 658 3804 ἀνθρωπίνῃ
685 3730 844 3801 φύσει
869 3731 1169 3802 ἀπρόσιτον
1212 3732 1432 3805 μύημα,
1485 3734 1581 3788 τοῦ
1617 3738 1755 3808 μήτε
1793 3756 1924 3809 προ-

342 3825 541 3895 χείρως
586 3827 699 3888 τοῖς
756 3824 874 3896 μετ’
916 3826 1094 3880 ὲκεῖνο
1147 3826 1248 3898 τὴν
1300 3828 1464 3897 φύσιν
1515 3825 1657 3883 εἶναι
1692 3831 1919 3901 ληπτὸν,

347 3914 485 3982 μήτε
525 3913 623 3975 τὰς
648 3912 873 3982 λογικὰς
903 3914 1093 3979 Θυσίας
1130 3920 1551 3989 προσαγομένας
1579 3921 1729 3993 αὐτῷ
1751 3922 1827 3987 ὡς
1856 3923 1923 3978 ἂν

344 4005 497 4073 τύχοι
532 4004 1003 4077 διαρρυἳσκεσθαι.
1038 4011 1397 4081 Τετράγωνον
1429 4012 1485 4065 δὲ
1513 4014 1575 4067 τὸ
1601 4016 1790 4086 σχῆμα
1827 4015 1922 4070 τοῦ

347 4098 755 4170 θυσιαστηρίου,
794 4100 1177 4173 ίσοσχημάτως
1208 4102 1286 4174 τῷ
1325 4108 1698 4178 τετραστοίχῳ
1732 4109 1924 4181 κόσμῳ

343 4188 542 4259 τοὺτῳ,
572 4189 666 4259 ἀφ’
697 4184 759 4245 οὗ
794 4191 891 4245 καὶ
921 4193 987 4247 ἐκ
1017 4193 1221 4257 παντὸς
1245 4194 1411 4248 αὐτοῦ
1447 4198 1649 4268 μέρους
1676 4200 1732 4254 αί
1772 4199 1926 4270 λογιο

346 4282 441 4336 καὶ
494 4282 680 4337 θυσίαι
730 4284 1003 4357 καθαραὶ,
1046 4286 1192 4341 κατὰ
1245 4286 1338 4341 τὸν
1389 4292 1699 4364 προφήτην,
1751 4310 1923 4366 προσ-

348 4372 599 4443 ἀγονται.

419 4555 631 4611 Λῦσον
681 4555 825 4622 τοὺς
869 4557 1171 4626 τέσσαρας
1210 4559 1526 4630 ἀγγέλους.
1584 4563 1822 4629 Τούτους
1875 4567 1925 4620 oi

2030 3361 2182 3419 taris.
2226 3362 2318 3417 Ait
2363 3363 2509 3417 enim
2544 3361 2638 3432 qui
2668 3359 2771 3431 ipsi
2799 3359 2967 3416 dabat
2999 3359 3220 3415 oracula
3257 3374 3272 3411 :
3310 3375 3330 3410 ι
3373 3356 3509 3412 Vide
3552 3363 3612 3411 ut

2028 3455 2211 3511 omnia
2250 3455 2418 3512 facias
2458 3455 2611 3525 juxta
2648 3463 2835 3527 typum
2876 3453 2971 3524 qui
3003 3453 3099 3509 tibi
3142 3461 3486 3507 monstratus
3524 3459 3611 3506 est

2029 3550 2083 3605 in
2117 3559 2299 3605 monte
2320 3550 2388 3605 ⁵⁸.
2428 3568 2447 3602 ι
2486 3548 2596 3605 Has
2645 3563 2777 3604 sane
2809 3547 3114 3602 eminentes
3150 3553 3331 3614 partes
3362 3560 3501 3616 quas
3531 3543 3611 3598 in-

2030 3640 2361 3696 tellectuales
2394 3640 2623 3695 virtutes
2647 3653 2771 3694 esse
2799 3638 3063 3702 diximus,
3106 3637 3264 3708 731
3308 3635 3610 3691 verisimile

2029 3742 2113 3788 est
2136 3732 2418 3787 continere
2467 3730 3052 3802 supersubstantialem
3106 3742 3160 3784 et
3221 3729 3474 3783 humanae
3508 3744 3610 3782 na-

2030 3836 2167 3880 tura:
2207 3825 2547 3880 inaccessum
2580 3824 2899 3896 mysterium
2939 3825 3065 3879 :sic
3107 3831 3169 3878 ut
3220 3836 3399 3892 neque
3452 3820 3613 3876 facile

2029 3917 2275 3987 sitjuxta
2308 3927 2559 3972 naturam
2590 3916 3086 3987 comprehensibile
3112 3915 3182 3971 ab
3231 3915 3316 3970 bis
3354 3915 3447 3985 qui
3479 3914 3609 3969 illud

2030 4015 2357 4076 sequuntur,
2387 4020 2561 4075 neque
2591 4006 2888 4061 rationales
2914 4007 3125 4062 hostias
3154 4006 3209 4060 in
3238 4006 3357 4075 ipso
3391 4005 3608 4060 oblatas

2032 4105 2237 4151 temere
2258 4095 2522 4151 dillluere.
2556 4097 2656 4151 Est
2685 4109 2866 4151 autem
2902 4098 3093 4153 altaris
3121 4098 3294 4168 ﬁgura
3327 4097 3611 4166 quadran-

2032 4189 2272 4259 gularis,
2310 4188 2507 4259 atquali
2560 4189 2730 4258 ﬁgura
2789 4204 2915 4244 cum
2955 4190 3061 4245 hoe
3114 4189 3320 4244 mundo
3372 4197 3614 4260 quatuor

2032 4280 2254 4337 ordines
2287 4280 2541 4337 habente.
2579 4279 2734 4338 Unde
2761 4281 2927 4337 etiam
2974 4296 3040 4336 ex
3079 4281 3233 4336 omni
3261 4280 3433 4352 ipsius
3457 4290 3615 4351 parte

2033 4374 2326 4431 rationales
2399 4375 2594 4431 hostia:
2654 4389 2805 4446 purae
2865 4375 3021 4447 juxta
3086 4375 3413 4446 prophetam
3476 4373 3613 4430 oll‘c-

2031 4477 2250 4523 runtur.

2107 4560 2259 4615 Solve
2305 4572 2530 4630 quatuor
2573 4561 2808 4631 angelos.
2843 4562 2956 4617 Hos
3002 4560 3228 4632 angelos
3285 4575 3452 4630 super
3493 4576 3614 4613 ma-

353 4650 456 4721 μὲν
486 4648 664 4712 θείους
695 4649 1001 4719 παρέθεντο
1043 4650 1123 4722 τῷ
1174 4652 1407 4724 ποταμῷ
1433 4654 1511 4725 τῷ
1546 4658 1768 4729 μεγάλῳ
1821 4660 1923 4712 Εὐ-

2030 4670 2195 4725 gnum
2228 4653 2431 4708 ﬂumen
2462 4654 2716 4724 alligatos
2750 4653 2970 4725 quidam
2999 4653 3217 4709 divinos
3243 4668 3370 4708 esse
3399 4653 3611 4717 dicunt,

350 4744 534 4814 φράτῃ
590 4743 930 4812 δεδεμένους,
973 4745 1136 4797 οἱονεὶ
1177 4747 1687 4819 προσλιπαροῦντας
1732 4754 1827 4806 καὶ
1857 4757 1926 4825 τῇ

351 4835 483 4904 περὶ
547 4833 708 4886 αὐτόν
767 4834 1269 4905 ὲνασχολουμένους
1321 4835 1418 4889 καὶ
1464 4839 1928 4912 εὐφραινομένους

350 4928 519 4995 νοητῇ
564 4925 802 4995 θεωρίᾳ·
845 4921 985 4979 εἶναι
1048 4926 1158 4997 γὰρ
1226 4927 1418 4981 τοῦτον
1458 4930 1625 4985 Θεόνθ
1672 4934 1803 5005 περὶ
1867 4930 1929 4989 οὖ

360 5018 595 5081 Ἡσαΐας
626 5019 726 5088 μὲν
764 5019 963 5087 φάσκει
990 5018 1066 5082 ὡς
1098 5019 1159 5095 ἐξ
1182 5019 1351 5073 αὑτοῦ
1376 5020 1470 5075 τοῦ
1502 5022 1639 5076 Θεοῦ
1667 5041 1683 5058 ο
1727 5045 1746 5078 ι
1795 5027 1929 5082 Ἰδοὺ

351 5109 468 5177 ἐγὼ
497 5108 732 5162 ὲκκλίνω
786 5111 867 5172 είς
897 5110 1097 5173 αὐτοὺς
1130 5111 1205 5174 ὡς
1257 5112 1504 5182 ποταμὸς
1542 5115 1789 5188 εἰρήνης,
1834 5119 1932 5173 καὶ

351 5200 429 5263 ὡς
456 5200 795 5270 χειμάρρους
813 5200 1125 5264 ἐπικλύζων
1138 5201 1297 5266 δόξαν
1319 5202 1489 5257 ἐθνῶν
1515 5220 1528 5233 ·
1568 5224 1587 5255 ι
1623 5206 1717 5258 καὶ
1742 5207 1928 5274 Δαυῒδ,

361 5313 380 5346 ι
417 5293 527 5347 Τοῦ
557 5294 805 5365 ποταμοῦ
832 5296 898 5348 τὰ
925 5295 1229 5366 ὁρμήματα
1255 5297 1613 5366 εὐφραίνουσι
1648 5299 1749 5368 τὴν
1775 5301 1930 5355 πόλιν

355 5386 452 5440 τοῦ
492 5385 651 5439 Θεοῦ.
695 5404 713 5437 ›
760 5383 915 5440 Εἶναι
968 5387 1026 5440 δὲ
1069 5387 1194 5452 τοὺς
1227 5388 1501 5457 τέσσαρας
1546 5391 1815 5459 ἀγγέλους
1843 5394 1933 5447 τὸν

359 5479 514 5548 παρὰ
540 5477 632 5529 τὸν
660 5477 885 5548 Δανιὴλ,
918 5478 1161 5549 Μιχαὴλ,
1188 5479 1430 5550 Γαϐριὴλ
1461 5483 1611 5552 παρὰ
1661 5482 1736 5553 τῷ
1782 5484 1935 5537 Ματ-

360 5570 521 5641 θαίῳ,
565 5567 812 5640 Ῥαφαὴλ
830 5569 980 5639 παρὰ
999 5569 1075 5640 τῷ
1104 5571 1453 5642 Μαρδοχαίῳ,
1478 5574 1571 5625 καὶ
1595 5573 1686 5625 τὸν
1704 5575 1776 5627 Οὐ
1788 5574 1931 5645 ριήλ.

372 5660 739 5731 Ἀπολυθῆναι
771 5661 828 5714 δὲ
878 5663 1075 5726 αὐτοὺς
1106 5662 1209 5732 τῆς
1260 5663 1521 5735 τοιαύτης
1571 5666 1725 5730 θείας
1768 5670 1933 5738 ἀσχο-

362 5754 481 5819 λίας
544 5755 621 5818 εἰς
676 5754 775 5807 οὐκ
836 5754 1152 5826 ἀπᾲδουσαν
1202 5755 1544 5827 λειτουργίαν
1597 5759 1696 5829 τῆς
1729 5777 1790 5812 τε.
1838 5761 1933 5813 τοῦ

2030 4756 2290 4815 tanquam
2322 4745 2542 4802 assidue
2582 4748 2652 4801 ibi
2682 4747 2960 4817 degentes,
2996 4755 3050 4801 et
3080 4745 3356 4817 spirituali
3377 4754 3618 4801 contem-

2031 4839 2272 4908 platione
2320 4839 2466 4894 circa
2520 4839 2652 4894 illud
2685 4848 2986 4909 occupatos
3009 4848 3063 4893 et
3097 4838 3401 4894 delectatos
3445 4851 3614 4892 :nam

2032 4931 2165 4986 illud
2198 4932 2365 4987 Deum
2396 4948 2518 4988 esse
2541 4933 2736 4988 dicunt
2769 4949 2783 4987 :
2809 4933 2875 4987 de
2902 4947 3013 5002 quo
3036 4931 3205 4987 Isaias
3231 4931 3454 5002 quidem
3484 4928 3619 4985 dicit

2032 5034 2290 5094 tanquam
2312 5040 2375 5079 ex
2405 5040 2636 5094 persona
2669 5025 2842 5095 ipsius
2872 5024 2967 5079 Dei
3002 5042 3014 5077 :
3047 5042 3066 5076 ι
3109 5023 3247 5079 Ecce
3272 5039 3374 5093 ego
3399 5022 3616 5077 declino

2033 5117 2100 5172 ad
2128 5117 2279 5187 ipsos
2309 5127 2566 5187 tanquam
2589 5118 2789 5175 ﬂuvius
2824 5118 2997 5188 pacis,
3025 5127 3079 5172 et
3108 5127 3368 5186 tanquam
3400 5124 3616 5169 torrens

2036 5208 2309 5263 inundans
2339 5209 2568 5279 gloriam
2609 5210 2854 5281 gentium
2874 5211 2918 5241 ⁸¹
2960 5230 2980 5264 ι
3011 5218 3065 5264 et
3103 5208 3310 5263 David:
3348 5226 3367 5258 ι
3406 5206 3617 5260 Flumi—

2037 5300 2123 5355 nis
2166 5301 2403 5370 impetus
2456 5301 2734 5357 laztilicant
2777 5303 3054 5358 civitatem
3112 5301 3205 5357 Dei
3235 5302 3304 5356 ⁵³.
3353 5319 3370 5351 ι
3418 5299 3617 5353 Dicunt

2037 5403 2216 5448 autem
2250 5394 2347 5449 bos
2381 5406 2615 5464 quatuor
2644 5397 2867 5466 angelos
2889 5412 3011 5452 esse
3039 5396 3381 5458 Michaelem,
3413 5392 3482 5446 de
3510 5408 3618 5460 quo

2039 5485 2181 5554 apud
2215 5484 2490 5541 Danielem
2513 5531 2528 5554 ,
2587 5488 2895 5545 Gabrieletn
2930 5489 3074 5558 apud
3124 5487 3460 5551 Matthaaum,
3494 5484 3617 5538 Ra—

2038 5577 2281 5647 pliatrletn
2310 5579 2448 5648 apud
2483 5580 2907 5644 Mardoeltaeum,
2936 5591 2989 5637 et
3010 5580 3240 5636 Urielem
3270 5597 3283 5633 :
3314 5578 3462 5647 ipsos
3491 5592 3619 5631 veto

2041 5670 2250 5725 solutos
2295 5686 2417 5727 esse
2473 5673 2541 5727 ab
2593 5675 2907 5745 huiusmodi
2938 5675 3119 5729 divina
3155 5671 3517 5741 occupatione
3550 5671 3615 5721 ad

2045 5779 2153 5817 non
2190 5762 2461 5834 ingratum
2494 5766 2882 5835 ministerium,
2919 5778 3031 5823 tum
3072 5766 3397 5824 t'edditionis
3422 5762 3620 5821 divine

434 5932 480 5963 ⁸ο
516 5930 689 5987 Exod.
725 5947 850 5997 xxv,
888 5932 975 5989 40.
1051 5933 1095 5965 ⁵⁸
1131 5933 1236 5989 lsa.
1273 5950 1419 6002 um,
1446 5937 1548 5992 '12.
1624 5941 1667 5972 θ’
1703 5938 1847 5996 Psal.
1890 5958 1977 6009 LV,
2011 5943 2063 5999 5.
