4030 6606
488 410 586 499 tat

1302 445 1632 506 ΑΠΕΤΗᾸΞ
1672 445 2054 506 ΟΈΞοᾹΙὶΕΕ
2091 447 2578 509 ΟΑΡΡΑΒΟΩΙΕ
2621 442 2969 513 EPISCOPI
3648 449 3749 515 631?.

483 554 730 619 justitiam
761 560 873 609 tum
914 555 1138 625 gloriosi
1184 557 1449 613 adventus
1483 558 1750 629 ipsorum.
1784 559 1887 613 Alii
1937 575 2069 615 vero

2200 562 2331 615 Delon
2358 562 2723 627 δικαιοδοσὶας
2754 565 2848 617 καὶ
2882 566 2984 635 τῆς
3020 564 3204 619 αὐτῶν
3230 566 3588 636 μεγαλοδόξου
3616 585 3750 638 παρ-

492 663 600 701 non
631 647 883 717 angelos,
926 650 1019 704 sed
1061 665 1257 719 pravos
1306 652 1582 705 «laniones
1620 666 1743 706 esse
1779 662 2068 716 aStruunt,

490 738 740 808 alligatos
785 741 1005 810 quidem
1053 742 1105 795 in
1138 744 1372 797 adventu
1406 743 1607 799 Christi
1635 744 1789 814 juxta
1823 745 2069 800 divinum

494 839 845 900 praeceptum,
896 849 1063 902 porro
1109 849 1362 903 egressos
1396 850 1425 887 a
1458 836 1865 903 superhumano
1916 837 2071 890 altari

492 924 627 976 solvi
665 940 694 977 a
728 924 914 978 divino
954 926 1149 995 angelo
1195 936 1253 981 ut
1288 927 1473 981 liceret
1508 928 1725 981 turbare
1752 939 1938 998 gentes
1973 949 1985 985 :
2020 940 2076 985 et

494 1031 559 1069 ex
595 1015 701 1069 bac
734 1017 1043 1071 turbatione
1098 1018 1445 1073 manifestum
1489 1018 1603 1072 ﬁeri
1639 1019 1767 1089 quid
1812 1022 1883 1075 sit
1936 1022 2077 1075 triti-

496 1124 653 1162 ceum
707 1110 760 1163 in
813 1110 1098 1178 ﬁdelibus,
1151 1113 1295 1181 quod
1347 1113 1400 1165 in
1438 1114 1695 1168 horreum
1732 1113 1937 1169 Christi
1984 1132 2075 1169 re-

496 1201 768 1257 condatur
815 1223 828 1257 :
875 1214 930 1257 et
985 1204 1112 1272 quid
1173 1204 1486 1273 paleaceum
1548 1206 1600 1260 in
1653 1208 2074 1276 peccatoribus,

497 1294 642 1363 quod
679 1306 923 1365 paratum
954 1305 1037 1351 est
1069 1297 1135 1351 ad
1163 1301 1509 1353 exustionem
1545 1300 2073 1368 incxstinguibilem.

501 1385 685 1454 Neque
718 1386 1070 1454 improbabile
1101 1398 1183 1442 est
1214 1389 1398 1443 dicere
1428 1389 1703 1445 daemones
1729 1392 1924 1458 ligatos
1958 1408 2079 1447 esse

496 1483 562 1530 ad
607 1478 935 1548 Euphratem
971 1497 985 1535 :
1023 1497 1148 1534 cum
1186 1482 1310 1536 inde
1365 1484 1512 1537 brevi
1565 1495 1826 1538 venturus
1863 1486 1933 1539 sit
1965 1487 2078 1540 An-

500 1569 804 1635 tichristus,
831 1586 860 1625 a
897 1571 1104 1627 Juda‘is
1134 1573 1225 1641 qui
1258 1571 1611 1645 Jerosolymis
1633 1577 1832 1630 servati
1862 1576 2081 1631 fuerant

497 1660 718 1729 captivi,
749 1671 803 1716 et
838 1662 893 1716 in
931 1664 1065 1719 locis
1096 1664 1204 1720 illis
1234 1678 1668 1722 commorantur.

572 1838 643 1893 Et
678 1856 925 1894 numerus
969 1843 1223 1911 equestris
1265 1844 1545 1899 exercitus.
1579 1844 1715 1899 Cum
1752 1846 1818 1900 de
1868 1848 2075 1901 excrci-

503 1939 651 1992 tibus
700 1938 837 1992 nihil
892 1940 1237 2008 praemiserit,
1300 1940 1464 2010 hujus
1525 1956 1814 1994 numerum
1885 1942 2080 1996 reddit.
2116 1917 2155 1971 Β

507 2030 853 2086 Manifestum
907 2040 992 2087 est
1031 2032 1199 2103 igitur
1249 2034 1392 2102 quod
1429 2034 1521 2101 qui
1553 2043 1793 2103 quatuor
1829 2036 2083 2090 ordinum

500 2124 757 2179 ductores
783 2134 1130 2195 acceperunt,
1166 2123 1484 2182 Michaelem
1512 2168 1526 2192 ,
1558 2126 1890 2190 Gabrielem,
1928 2127 2087 2184 Urie-

503 2219 629 2283 lem,
660 2217 1013 2286 Rapbaelem,
1044 2233 1152 2271 non
1186 2217 1305 2273 sine
1335 2234 1499 2273 causa
1530 2220 1752 2273 adducti
1785 2228 1914 2273 sunt
1945 2239 1960 2273 ι
1992 2236 2085 2274 ων

505 2313 585 2380 pit
624 2312 768 2366 enim
805 2311 1211 2382 quodammodo
1259 2320 1439 2366 turma
1489 2312 1644 2381 sequi
1681 2312 1935 2365 ordinum
1986 2311 2090 2366 du-

504 2415 710 2460 ctores.
742 2404 916 2460 Porro
948 2404 1097 2459 mille
1140 2404 1308 2459 millia
1336 2411 1390 2458 et
1435 2404 1621 2459 decies
1653 2404 1854 2458 millies
1900 2404 2087 2457 decem

508 2495 680 2551 millia
721 2495 1152 2551 ministrantium
1200 2495 1414 2550 discere
1442 2495 1567 2550 licet
1594 2495 1735 2563 apud
1784 2494 2086 2549 Danielem.

507 2586 664 2642 Nunc
714 2598 897 2642 autem
946 2588 1276 2657 duplicatam
1331 2588 1386 2641 in
1445 2602 1733 2642 numerum
1783 2588 2086 2658 myriadum

509 2688 694 2733 narrat
723 2696 782 2735 se
814 2680 1017 2735 vidisse
1046 2679 1448 2734 multitudinem
1474 2695 1596 2750 qua:
1624 2680 1785 2750 732
1813 2682 2089 2734 exercitus

507 2774 679 2826 duces
716 2773 1071 2842 sequebatur;
1101 2788 1167 2827 eo
1187 2773 1333 2843 quod
1366 2774 1593 2829 liberius
1615 2781 1670 2828 et
1700 2774 1908 2843 absque
1945 2783 2087 2828 metu

510 2873 633 2932 post
666 2864 877 2919 Domini
910 2865 1340 2921 incarnationem
1363 2875 1650 2921 versentur
1671 2865 1923 2921 homines
1964 2880 2087 2919 cum

510 2957 721 3029 angelis
759 2975 773 3012 :
810 2957 935 3012 ideo
965 2973 1185 3030 quoque
1234 2957 1441 3013 dictqu
1477 2968 1562 3013 est
1604 2960 1750 3030 quod
1794 2960 1967 3015 visuri
2001 2976 2087 3015 es-

511 3059 635 3106 sent
656 3051 880 3121 augelos
914 3051 1271 3107 ascendentes
1300 3067 1467 3122 super
1498 3050 1695 3106 Filium
1730 3052 1993 3109 hominis.

581 3141 673 3209 IX,
700 3142 888 3197 17-19.
922 3142 991 3196 Et
1018 3143 1097 3197 ita
1124 3143 1229 3197 vidi
1260 3159 1417 3213 equos
1446 3145 1499 3197 in
1528 3144 1746 3209 visione,
1780 3154 1828 3199 et
1858 3146 2091 3200 sedentes

508 3254 666 3302 super
686 3253 773 3290 eos
805 3236 1052 3291 habentes
1097 3236 1335 3290 thoraces
1365 3236 1542 3307 igneos
1566 3248 1615 3291 et
1646 3237 2018 3306 hyacinthinos
2046 3247 2093 3290 et

516 3328 825 3398 sulphureos
875 3342 894 3381 :
941 3336 992 3381 et
1061 3329 1237 3396 capita
1295 3344 1546 3398 equorum
1603 3340 1858 3400 tauquam
1915 3329 2094 3398 capita

511 3421 741 3486 leonum,
786 3430 835 3474 et
882 3437 950 3475 ea;
996 3438 1085 3475 ore
1118 3438 1300 3475 eorum
1342 3422 1705 3492 egrediebatur
1732 3423 1891 3492 ignis,
1921 3430 1971 3474 et
2011 3422 2099 3490 {u-

517 3531 655 3581 mus,
682 3524 730 3568 et
756 3514 997 3583 sulphur.
1029 3515 1104 3567 Ab
1135 3515 1213 3568 his
1249 3515 1415 3568 tribus
1442 3515 1615 3584 plagis
1638 3516 1812 3568 occisa
1832 3528 1909 3569 est
1943 3516 2099 3568 tertia

514 3623 637 3675 pars
684 3607 976 3671 hominum,
1008 3624 1187 3676 nempe
1214 3608 1276 3660 ob
1302 3608 1420 3677 igne
1464 3617 1514 3661 et
1542 3608 1689 3676 fumo
1729 3625 1791 3661 ac
1819 3608 2095 3677 sulphure,

516 3714 633 3768 qua
674 3697 1076 3769 egrediebantur
1126 3712 1191 3752 ea:
1223 3714 1313 3751 ore
1361 3698 1617 3765 ipsorum.
1675 3698 1915 3751 Potestas
1960 3698 2099 3751 enim

515 3808 765 3862 equorum
786 3792 843 3846 in
870 3807 961 3846 ore
987 3792 1223 3861 ipsorum
1245 3799 1340 3856 est,
1365 3801 1412 3843 et
1437 3792 1490 3844 in
1520 3790 1704 3845 caudis
1721 3807 1919 3844 eorum.
1956 3788 2101 3843 Nam

518 3883 707 3937 cauda:
740 3883 975 3951 ipsorum
1026 3882 1227 3936 similes
1272 3893 1424 3937 erant
1460 3884 1807 3952 serpentibus,
1856 3882 2100 3937 habentes

518 3976 718 4044 capita,
748 3985 799 4031 et
821 3992 914 4041 per
944 3976 1053 4030 haec
1081 3984 1289 4029 nocent.

515 4077 669 4137 ἐστι,
712 4075 808 4129 καί
851 4074 923 4128 ἐν
965 4074 1094 4142 ταῖς
1126 4072 1333 4143 οὐραῖς
1376 4073 1595 4131 αὐτῶν.
1625 4078 1697 4131 Al
1762 4076 1872 4146 γὰρ
1930 4074 2104 4144 οὐραὶ

519 4172 728 4239 αὐταῖς
760 4169 1063 4228 ἀδικοῦσι.

590 4271 871 4342 Equorum
905 4284 1228 4327 ascensores
1267 4280 1360 4325 aut
1386 4270 1717 4341 accipienda:
1746 4279 1875 4326 sunt
1906 4270 2105 4326 divinae

521 4365 750 4420 virtutes
774 4380 897 4436 quae
928 4365 1137 4419 sortita:
1158 4372 1289 4419 sunt
1319 4362 1429 4417 vim
1461 4363 1775 4434 corrigendi
1822 4377 2002 4416 mores
2050 4369 2105 4415 et

520 4459 773 4523 aﬂ‘ectns,
813 4468 868 4512 et
899 4458 965 4513 ad
1000 4459 1196 4513 melius
1225 4457 1493 4526 dirigendi
1519 4476 1533 4512 :
1557 4459 1630 4510 ita
1670 4457 1815 4511 enim
1846 4465 1901 4508 et
1931 4468 2103 4522 equo-

527 4568 645 4607 rum
680 4549 979 4605 domitores
1031 4550 1462 4604 conscendentes
1490 4564 1682 4617 equos,
1718 4547 1964 4614 dirigunt
2009 4561 2104 4599 eos

524 4657 681 4696 ramo
709 4650 762 4696 et
801 4640 958 4695 freno
994 4657 1007 4694 :
1040 4649 1135 4695 aut
1171 4640 1356 4695 divina
1388 4641 1567 4710 jussu,
1601 4641 1670 4694 ob
1701 4654 1890 4693 eorum
1929 4638 2105 4692 zelum

524 4732 621 4801 qui
661 4739 912 4801 pereunt,
967 4730 1268 4785 assimilata
1322 4730 1493 4799 ignea:
1525 4740 1579 4784 et
1629 4729 1999 4800 hyacinthina:
2043 4743 2109 4783 ac

525 4824 835 4893 sulphuer
863 4833 1179 4878 armatur-.12.
1215 4821 1370 4877 Unde
1413 4832 1466 4877 et
1512 4822 1681 4877 David
1720 4822 1944 4884 (divino
1976 4838 2108 4879 sane

528 4911 683 4982 zelo)
736 4911 942 4967 indicat
974 4913 1121 4982 quod
1162 4931 1181 4963 ε
1213 4914 1473 4967 Ascendit
1521 4912 1705 4969 fumus
1752 4913 1809 4968 in
1852 4913 1930 4968 ira
1965 4914 2106 4985 ejus,

528 5016 582 5061 ct
606 5006 749 5078 ignis
785 5024 812 5060 a
860 5006 998 5062 facie
1039 5007 1160 5076 ejus
1187 5007 1414 5073 exarsit,
1465 5017 1520 5063 et
1549 5009 1813 5065 carbones
1858 5008 2108 5064 succensi

529 5099 746 5155 sunt".
787 5117 807 5152 ι
848 5099 925 5153 Ad
965 5098 1236 5154 utrumvis
1287 5099 1478 5153 horum
1515 5115 1774 5157 sensuum
1805 5102 2003 5172 cuique
2043 5100 2110 5154 li-

529 5192 672 5247 cebit
708 5192 966 5247 accedere
999 5210 1013 5247 :
1048 5192 1179 5246 mihi
1217 5197 1390 5263 magis
1425 5193 1630 5249 arridet
1662 5195 1967 5250 similitudo
2002 5210 2109 5265 qua

528 5300 655 5355 erga
692 5298 888 5353 pravos
918 5294 1203 5340 exercetur
1234 5287 1503 5341 correctio
1532 5297 1585 5342 et
1614 5288 1859 5343 directio.

600 5470 670 5524 Et
721 5471 899 5541 capita
940 5488 1193 5541 equorum
1228 5480 1478 5543 tanquam
1509 5474 1685 5545 capita
1719 5473 1947 5529 leonum.
1983 5471 2108 5529 Sive

530 5566 655 5636 quis
711 5566 1020 5621 divinorum
1079 5565 1410 5635 iudiciorum
1463 5566 1627 5621 veluti
1680 5566 1990 5622 vehiculum
2039 5564 2107 5617 ad

531 5658 843 5723 spiritualcs
889 5670 943 5715 et
992 5658 1250 5729 angelieas
1299 5659 1422 5714 vitae
1481 5659 1730 5716 homines
1789 5658 2105 5721 transferat,

531 5749 646 5805 sive
671 5750 835 5805 etiam
868 5750 935 5805 ad
973 5766 1154 5807 mores
1189 5760 1243 5808 et
1275 5751 1525 5820 affectus,
1563 5753 1703 5810 nihil
1735 5751 2023 5810 dissidebit
2054 5751 2106 5804 in

602 5936 645 5967 ⁵³
678 5935 819 5990 Psal.
862 5950 998 5994 xvu,
1023 5934 1076 5988 9.

2173 656 2384 718 ουσίας.
2417 656 2573 719 Τινὲς
2594 656 2649 709 δὲ
2680 657 2779 709 οὐκ
2813 657 3101 725 ἀγγέλους,
3133 658 3269 712 ἀλλά
3297 658 3559 728 δαίμονας
3583 678 3750 731 πονη-

2180 749 2324 819 ρους,
2351 747 2604 811 δεθέντας
2638 749 2737 819 μὲν
2757 751 2814 802 ὲν
2834 752 2900 821 τῇ
2931 749 3023 803 τοῦ
3050 750 3289 820 Χριστοῦ
3314 751 3592 822 παρουσίᾳ
3614 752 3753 805 κατὰ

2175 843 2234 893 τὸ
2262 839 2403 894 θεῖον
2432 841 2780 911 πρόσταγμα,
2814 843 2877 895 ἐκ
2909 842 3003 895 τοῦ
3037 842 3522 913 ὑπερανθρωπίνου
3558 844 3615 896 δὲ
3667 842 3756 895 θυ-

2178 933 2498 1003 σιαστηρίου
2527 932 2844 997 ἐξελθόντας
2874 934 3100 988 λύεσθαι
3126 935 3231 987 ὑπὸ
3272 934 3368 988 τοῦ
3418 935 3565 988 θείου
3594 935 3760 1002 ἀγγέ-

2176 1024 2290 1090 λου,
2330 1025 2407 1087 ὡς
2466 1025 2583 1078 ἐστι
2623 1024 2856 1097 ταράξαι
2886 1025 3038 1097 ἔθνη,
3088 1028 3185 1078 καὶ
3236 1029 3301 1097 τῇ
3334 1028 3545 1097 ταραχῇ
3583 1024 3760 1096 ταύτῃ

2177 1119 2424 1189 διάδηλον
2464 1119 2721 1187 γενέσθαι
2783 1120 2893 1173 τῶν
2928 1137 2987 1173 τε
3040 1120 3250 1172 πιστῶν
3290 1119 3349 1173 τὸ
3384 1119 3611 1182 σιτῶδες
3670 1119 3761 1170 καὶ

2179 1212 2317 1283 πρὸς
2351 1213 2643 1281 ἀποθήκας
2695 1212 2874 1265 αὐτῶν
2918 1214 3309 1284 ταμιεύσιμον,
3338 1213 3448 1266 τῶν
3475 1230 3534 1265 τε
3584 1213 3762 1282 ἀμαρ-

2178 1303 2367 1356 τωλῶν
2398 1302 2458 1356 τὸ
2500 1303 2782 1374 ἀχυρῶδες
2829 1304 2925 1357 καὶ
2967 1304 3103 1375 πρὸς
3162 1304 3359 1358 καῦσιν
3399 1304 3619 1374 ἕτοιμον
3668 1305 3762 1357 καὶ

2179 1399 2475 1467 ἄχρηστον.
2505 1398 2619 1449 Οὐκ
2666 1396 2926 1467 ἀδόκιμον
2951 1397 3007 1450 δέ
3056 1400 3171 1450 ἐστι
3196 1398 3257 1450 τὸ
3287 1398 3521 1467 φάσκειν
3560 1400 3646 1460 είς
3672 1397 3763 1450 τὸν

2184 1489 2477 1559 Εὐφράτην
2532 1488 2779 1542 δεδέσθαι
2833 1490 2956 1553 τοὺς
3004 1489 3286 1558 δαίμονας,
3351 1488 3494 1558 τάχα
3555 1488 3764 1541 ἐκεῖθεν

2180 1580 2277 1633 τοῦ
2317 1578 2686 1651 Ἀντιχρίστου
2712 1578 3129 1648 ὲξελευσομένου
3166 1580 3273 1632 ἀπὸ
3312 1581 3423 1632 τῶν
3468 1577 3762 1631 διασωθέν-

2180 1690 2290 1725 των
2313 1672 2371 1724 ὲν
2404 1674 2467 1741 τῇ
2538 1669 2901 1740 Ἰερουσαλὴμ
2944 1670 3305 1740 αἰχμαλώτων
3367 1669 3636 1743 Ἐϐραίων
3668 1672 3763 1723 καί

2180 1768 2294 1829 τοῖς
2326 1767 2443 1818 ἐκεῖ
2477 1764 2666 1826 τόποις
2704 1766 3205 1833 ἐναπομεινάντων.

2256 1858 2366 1912 Kal
2397 1860 2430 1911 ό
2461 1856 2707 1924 ἀριθμὸς
2732 1856 2852 1909 τῶν
2871 1855 3333 1926 στρατευμάτων
3361 1855 3468 1911 τοῦ
3493 1858 3765 1911 ἱππικοῦ.

2191 1951 2283 2020 Μὴ
2305 1948 2586 2020 προειπὼν
2607 1948 3016 2018 στρατεύματα,
3040 1948 3272 2018 ἀριθμὸν
3298 1948 3487 2001 τούτου
3506 1951 3767 2003 ποιεῖται.

2192 2044 2359 2112 Δῆλον
2389 2039 2483 2094 οὖν
2506 2041 2589 2103 ὡς
2618 2043 2667 2093 οί
2692 2041 2992 2111 ταξιάρχας
3007 2042 3134 2104 τοὺς
3160 2040 3430 2110 τέσσαρας
3462 2040 3769 2111 ἑκλαϐὀμε-

2191 2153 2292 2198 νοι,
2334 2134 2577 2205 Μιχαὴλ,
2629 2133 2892 2204 Γαϐριὴλ,
2929 2133 3157 2203 Οὐριὴλ,
3210 2131 3478 2203 Ῥαιραὴλ,
3522 2134 3623 2185 οὐκ
3652 2133 3775 2186 ἁδοο

2191 2230 2372 2298 κίμως
2422 2227 2752 2298 ἠνέχθησαν.
2782 2226 2933 2279 Φιλεῖ
2977 2226 3086 2295 γάρ
3120 2241 3238 2288 πως
3287 2225 3366 2296 τῷ
3392 2224 3666 2297 ταξιάρχῃ
3714 2224 3774 2277 τὸ

2193 2324 2379 2391 στῖφος
2408 2320 2660 2374 ἕπεσθαι.
2694 2318 2891 2382 Χιλίας
2919 2318 2975 2372 δὲ
3008 2318 3257 2389 χιλιάδας
3288 2323 3384 2370 καὶ
3422 2318 3625 2388 μυρίας
3675 2334 3779 2388 μυ-

2194 2412 2384 2484 ριάδας
2418 2411 2526 2464 τῶν
2548 2409 3016 2481 λειτουργούντων
3055 2412 3114 2463 ὲν
3138 2409 3216 2480 τῷ
3254 2408 3455 2478 Δανιὴλ
3505 2407 3778 2477 μάθοιμεν

2192 2506 2280 2559 ἀν.
2329 2501 2740 2557 Ἐπιδιπλάσιον
2765 2503 2822 2555 δὲ
2850 2501 2945 2554 νῦν
2974 2500 3067 2555 τοῦ
3102 2500 3398 2573 μυριοστοῦ
3436 2497 3676 2570 ἀριθμοῦ
3710 2500 3773 2551 τὸ

2193 2597 2398 2667 πλῆθος
2414 2595 2476 2649 τὸ
2502 2596 2774 2666 ἑπόμενον
2802 2597 2915 2657 τοῖς
2932 2593 3252 2665 ταξιάρχαις
3274 2594 3529 2660 διέξεισιν
3549 2596 3577 2647 ὁ
3604 2592 3773 2664 δρῶν,

2192 2688 2269 2758 τῷ
2298 2688 2682 2751 ἀνυποστόλως
2741 2686 2881 2757 μετὰ
2913 2687 3012 2757 τὴν
3045 2685 3467 2758 ἐνανθρώπησιν
3523 2686 3618 2739 τοῦ
3660 2687 3780 2738 Κυ-

2196 2782 2336 2853 ρίου,
2369 2780 2636 2848 ἀγγέλους
2666 2777 2981 2845 ἀνθρώποις
3025 2777 3420 2831 ἐνδιαιτᾶσθαι.
3452 2778 3544 2829 Διὸ
3576 2776 3671 2829 καὶ
3718 2777 3782 2828 τὸ

2196 2872 2589 2937 ἀναϐαίνοντας
2615 2872 2711 2926 καὶ
2758 2872 3196 2935 καταϐαίνοντας
3222 2869 3481 2942 εἰρῆσθαι
3531 2870 3629 2924 ἐπὶ
3684 2869 3783 2925 τὸν

2198 2967 2327 3021 Υἰδν
2344 2966 2439 3022 τοῦ
2470 2966 2784 3038 ἀνθρώπου.

2270 3144 2378 3199 Kal
2432 3143 2623 3210 οὕτως
2657 3140 2823 3197 εἶδον
2888 3142 3031 3209 τοὺς
3086 3141 3404 3208 ἵππους-ἐν
3444 3139 3521 3209 τῇ
3552 3139 3784 3208 ὁράσει,

2199 3236 2298 3290 καὶ
2313 3236 2455 3302 τοὺς
2479 3235 2854 3305 καθημένους
2877 3234 2969 3289 ἐπ’
2984 3234 3203 3297 αὐτῶν,
3233 3235 3485 3303 ἔχοντας
3509 3232 3783 3300 θώρακας

2203 3329 2517 3397 πυρίνους,
2570 3328 2669 3381 καί
2699 3327 3093 3393 ὑακινθίνους
3136 3326 3233 3380 καί
3268 3324 3527 3391 θειώδεις
3546 3340 3562 3356 ο
3592 3324 3695 3378 καὶ
3725 3328 3787 3378 al

2205 3420 2461 3489 κεφαλαί
2482 3418 2603 3474 τῶν
2627 3420 2947 3485 ἵππων,ὠς
2979 3417 3236 3489 κεφαλαί
3264 3419 3560 3473 λεόντωνο
3594 3415 3692 3471 καί
3716 3416 3789 3470 ἐκ

2205 3513 2325 3569 τῶν
2384 3513 2703 3583 στομάτων
2764 3511 2967 3567 αὐτῶν
3029 3512 3416 3580 ἐκπορεύεται
3480 3510 3640 3578 πῦρ,
3687 3508 3789 3564 καὶ

2206 3606 2460 3672 καπνὸς,
2494 3607 2593 3661 καὶ
2635 3604 2797 3661 θεῖον
2818 3620 2834 3636 ⁶
2867 3605 2987 3660 ἀπὸ
3025 3604 3145 3659 τῶν
3172 3604 3350 3673 τριῶν
3377 3602 3628 3672 πληγῶν
3652 3602 3789 3654 τού-

2208 3715 2326 3752 των
2368 3698 2838 3766 ἀπεκτάνθησαν
2878 3698 2946 3751 τὸ
3008 3696 3210 3765 τρίτον
3264 3694 3385 3749 τῶν
3435 3692 3786 3763 ἀνθρώπων,

2208 3791 2329 3846 ἀπὸ
2359 3791 2465 3845 τοῦ
2514 3792 2728 3861 πυρὸς,
2776 3792 2874 3845 καί
2910 3792 3017 3845 τοῦ
3042 3789 3297 3855 καπνοῦ,
3340 3788 3567 3844 καὶτοῦ
3598 3787 3786 3843 θείου.

2208 3883 2316 3937 τοῦ
2353 3883 2831 3955 ἐκπορευομένου
2870 3883 2937 3937 ἐκ
2967 3881 3085 3936 τῶν
3113 3882 3432 3950 στομάτων
3455 3878 3675 3935 αὐτῶν.
3718 3879 3793 3931 Ἠ

2210 3976 2320 4046 γὰρ
2348 3976 2602 4041 ἐξουσία
2637 3975 2759 4030 τῶν
2802 3975 3001 4029 ἵππων
3060 3975 3131 4026 ἐν
3180 3972 3260 4039 τῷ
3312 3972 3561 4041 στόματι
3589 3967 3794 4023 αὐτῶν

2159 4074 2362 4130 αὐτῶν
2419 4074 2615 4145 ὅμοιαι
2683 4073 2899 4142 ὄφεων,
2946 4072 3201 4140 ἔχουσαι
3256 4068 3547 4139 κεφαλὰς,
3582 4065 3678 4128 καὶ
3716 4065 3794 4118 ὲν

2287 4263 2429 4327 Τοὺς
2455 4261 2715 4332 ἐφέδρους
2759 4259 2869 4313 τῶν
2919 4259 3123 4322 ἵππων,
3162 4257 3273 4310 εἴτε
3317 4255 3580 4326 δυνάμεις
3636 4254 3790 4319 θείας

2214 4356 2577 4426 ὑποληπτέον,
2609 4352 2731 4405 κατ’
2759 4352 2905 4423 ἠθῶν
2935 4352 3030 4405 καὶ
3054 4350 3244 4403 παθῶν
3270 4349 3704 4420 κληρωσαμένας
3727 4350 3796 4401 τὺ

2214 4447 2479 4515 ἀγκτικόν
2506 4463 2565 4498 τε
2592 4444 2843 4516 καὶπρὸς
2868 4444 2928 4497 τὸ
2955 4445 3201 4515 κρεῖττον
3242 4440 3599 4513 ρυθμιστικδν
3622 4440 3793 4510 (οὕτω

2215 4541 2324 4609 γάρ
2358 4537 2456 4591 καὶ
2504 4538 2633 4601 τοὺς
2690 4537 2891 4602 ἵππους
2936 4537 2985 4590 οἱ
3030 4534 3382 4605 πωλοδάμναι
3433 4532 3797 4603 ῥυθμίζουσιν

2215 4637 2601 4700 ἀναϐαίνοντες
2639 4634 2807 4705 κημῷ
2836 4648 2896 4684 τε
2937 4630 3031 4684 καὶ
3062 4625 3321 4699 χαλινοῖς)
3348 4644 3362 4657 ·
3395 4626 3506 4680 εἴτε
3536 4626 3629 4678 καὶ
3668 4625 3797 4678 θεῖα.

2215 4732 2639 4803 προστάγματα,
2675 4729 2823 4799 ζήλῳ
2858 4727 2965 4780 τῶν
3017 4721 3408 4793 ἀπολλυμένων
3434 4723 3514 4785 είς
3557 4719 3801 4790 πυρίνην

2214 4825 2623 4881 ἀπεικασθέντα
2653 4821 2749 4875 καὶ⁸
2797 4818 3116 4888 ὑακινθίνην
3167 4814 3262 4868 καὶ
3301 4811 3497 4882 θειώδη
3552 4829 3798 4865 παντευ-

2212 4921 2357 4991 χίαν.
2404 4917 2523 4987 Ἀφ’
2553 4911 2615 4971 οὗ
2646 4914 2741 4968 καὶ
2768 4912 2929 4966 Δαυῖδ
2959 4911 3074 4981 (τοῦ
3098 4908 3265 4973 θείου,
3298 4906 3463 4977 φημὶ,
3496 4904 3681 4976 ζήλου)
3707 4904 3800 4963 τὸ,

2219 5034 2236 5065 ι
2264 5011 2455 5081 Ἀνέϐη
2474 5008 2680 5071 καπνὸς
2707 5008 2764 5059 ὲν
2797 5005 2936 5075 ὀργῇ
2967 5003 3189 5067 αὐτοῦ,ι
3231 5002 3470 5070 μινύρει,
3504 5017 3521 5049 ι
3557 4998 3653 5050 καὶ
3679 4995 3803 5066 πῦρ

2215 5106 2325 5159 ἀπὸ
2361 5102 2660 5173 προσώπου
2707 5097 2872 5152 αὐτοῦ
2907 5094 3318 5165 καταφλεγῆναι
3357 5092 3452 5145 καὶ
3512 5090 3803 5158 ἄνθρακας

2214 5198 2541 5269 ἀναφθῆναι.
2577 5214 2595 5247 ι
2642 5191 2923 5260 Ὀποτέρῳ
2947 5187 3155 5242 τούτων
3181 5183 3474 5256 πρόσθοιτό
3507 5200 3611 5247 τις,
3650 5182 3803 5252 μᾶλ-

2219 5292 2310 5344 λον
2368 5287 2495 5341 καθ’
2553 5285 2748 5355 ἡδονήν
2813 5300 2904 5352 μοι
2955 5281 3136 5346 ἔσται,
3186 5276 3282 5331 τοῦ
3326 5278 3465 5347 πρὸς
3519 5273 3805 5345 πονηροὺς

2214 5380 2612 5440 ἀπευθύνοντος
2641 5375 2701 5428 τὸ
2733 5373 2983 5442 ἵνδαλμα.

2286 5473 2392 5529 Kal
2416 5474 2475 5525 al
2501 5467 2753 5538 κεφαλαὶ
2791 5465 2911 5519 τῶν
2947 5465 3181 5526 ἳππωντ
3204 5460 3285 5526 ὠς
3313 5456 3572 5528 κεφαλαὶ
3618 5456 3809 5510 λεόν-

2214 5582 2351 5620 των.
2415 5561 2488 5614 Τὸ
2532 5560 2717 5631 ὄχημα
2766 5556 2877 5609 τῶν
2918 5555 3077 5609 θείων
3130 5552 3439 5624 κριμάτων,
3489 5550 3599 5601 εἴτε
3652 5546 3804 5617 πρὸς

2215 5652 2621 5726 πνευματικοὺς
2656 5650 2752 5704 καὶ
2792 5648 3116 5718 ἀγγελικους
3163 5644 3255 5699 τὸν
3307 5643 3422 5714 βίον
3467 5635 3806 5726 ἀνθρώπους

2218 5725 2629 5818 μεταλαμϐάνει
2666 5758 2773 5807 τις,
2804 5740 2839 5811 ἣ
2878 5737 2970 5792 καὶ
3003 5736 3139 5807 πρὸς
3181 5734 3285 5805 ἤθη
3317 5731 3412 5787 καὶ
3441 5728 3611 5799 πάθη,
3634 5725 3807 5781 οὐδὲν
