4030 6636
436 429 540 495 6'33

1496 411 1882 498 COMMENT.
1933 438 2014 498 m
2060 437 2592 508 APOCALYPSIN.

3579 445 3685 508 634

437 546 619 599 διοίσει
663 543 740 615 τῷ
775 544 850 615 μὴ
885 544 1157 612 φιλαύτως
1207 544 1286 616 τῷ
1331 546 1566 617 ὁράματι
1602 552 1902 622 προσκειμέ
1917 570 1999 621 up.

2112 568 2173 606 ea
2204 569 2325 622 qua:
2355 555 2509 608 nobis
2541 557 2857 624 proponitur
2885 553 3110 622 visione,
3141 559 3282 625 apud
3312 572 3434 612 cum
3468 558 3558 623 qni
3593 559 3675 610 sui

441 637 716 706 Ιίεφαλαῖς
749 637 806 690 δέ
837 637 1068 690 λεόντων
1105 637 1523 709 ἀπεικάσθησαν
1568 642 1648 704 είς
1675 632 1893 712 δεῖγμα,
1923 645 2005 696 ὅτι

437 727 657 791 τούτους
685 729 810 790 τοὺς
831 717 1288 799 διακονουμένους
1312 731 1425 794 τοῖς
1457 731 1623 796 θείοις
1665 735 1765 787 οὐκ
1813 725 2009 788 ἀναθε-

438 819 720 889 όλημένως
743 818 842 889 τὴν
874 818 1216 889 λειτουργίαν
1237 821 1341 892 χρὴ
1385 824 1651 892 μετιέναι.
1687 845 1704 878 ι
1739 827 1856 879 Ζῶν
1898 812 2008 896 γάρ

437 917 466 967 ὁ
493 913 650 982 λόγος
671 912 764 968 τοῦ
795 913 931 967 Θεοῦ
961 915 1056 966 καὶ
1091 914 1270 986 πάσης
1300 915 1615 988 τομώτερος
1651 917 1949 989 μαχαίρας.
1987 937 2004 969 ι

437 1006 640 1074 Διόπερ
693 1006 769 1068 ὡς
814 1004 1220 1076 ἑκατοντάρχης
1269 1006 1331 1059 τὸ
1366 1007 1664 1076 κεφάλαιον
1717 1009 2008 1077 ἐμφανίζει

437 1098 537 1170 τὴν
571 1099 945 1167 ἀγανάκτησιν
982 1098 1122 1167 μετά
1168 1098 1468 1153 λεοντιαίου
1516 1102 1899 1172 σφοδρότητος,
1935 1101 2010 1164 ὡς

435 1192 537 1246 οὐκ
576 1191 640 1244 ἂν
673 1191 868 1254 ἄλλως.
894 1190 926 1260 ἢ
957 1190 1132 1254 οὕτως
1165 1191 1307 1256 ἕξειν
1330 1192 1420 1244 τὸν
1455 1193 1730 1265 ἀκροατὴν
1770 1195 1848 1258 είς
1883 1212 2012 1262 συγ-

438 1283 732 1336 κατάθεσιν
783 1282 1126 1353 ἔμπρακτον.
1175 1284 1288 1337 Οὐκ
1331 1284 1560 1354 ἄμοιρος
1594 1286 1651 1338 δέ
1704 1287 1865 1356 τῆσδε
1915 1286 2011 1340 καὶ

442 1373 650 1437 Παῦλος
675 1374 777 1442 τῆς
811 1375 1110 1444 περινοίας,
1166 1375 1325 1429 ὁπότε
1375 1378 1687 1448 Κορινθίοις
1729 1378 1828 1446 τὴν
1874 1377 2012 1448 μετά

442 1467 636 1536 ῥάϐδου
666 1467 849 1529 αὐτοῖς
879 1466 1175 1538 ἐπιδημίαν
1205 1468 1399 1522 ἐαυτοῦ
1427 1468 1660 1523 ἀπειλεῖ.
1692 1469 1868 1522 Τοῦτο
1913 1469 2010 1540 μὲν

434 1557 531 1613 οῦν
565 1560 621 1614 αἱ
650 1559 889 1628 κεφαλαὶ
920 1559 1316 1616 ὑπαινίττοντο.
1351 1561 1432 1614 Τά
1459 1563 1702 1632 στόματα
1731 1561 1787 1615 δέ
1822 1561 1881 1615 τὸ
1903 1561 2013 1614 ἀπὸ

437 1651 537 1720 τῆς
565 1652 863 1720 ἐγγύτητος
899 1651 1141 1722 ὀλέθριον
1162 1647 1370 1722 ἆσθμα,
1417 1653 1478 1706 οὔ
1521 1655 1804 1728 πόρρωθεν
1832 1651 2012 1727 διορᾶ-

439 1759 578 1807 σεως
610 1741 998 1812 ἐλπιζόμενον,
1029 1744 1146 1796 ἀλλ’
1189 1746 1477 1816 ἀγχοτάτω
1522 1751 1589 1820 τῇ
1643 1749 2011 1821 προσπελάσει

439 1833 498 1885 τδ
561 1833 975 1903 ἀναπόδραστον
1031 1835 1478 1906 ἐμπεδούμενον,
1541 1842 1718 1912 πυρὸς
1787 1841 1888 1912 μὲν
1951 1843 2012 1895 τὸ

2117 660 2220 696 non
2255 654 2337 698 est
2360 656 2588 699 amator.
2618 645 2898 715 Capitibus
2919 657 3100 703 autent
3135 648 3348 702 leonum
3381 647 3678 702 assimilata

2113 745 2263 798 Sunt,
2304 737 2369 790 ad
2401 739 2820 802 ostendendum,
2855 740 2998 808 quod
3030 756 3123 795 eos
3159 740 3251 809 qui
3281 739 3482 794 divinis
3515 738 3681 794 rebus

2113 829 2448 894 inserviunt,
2513 846 2620 884 non
2678 843 2892 902 oportet
2942 834 3008 886 ad
3048 832 3414 887 ministerium
3471 830 3684 898 dejecto

2113 922 2297 976 animo
2341 923 2624 979 accedere.
2683 943 2700 977 ι
2743 923 2908 979 Vivus
2945 935 3028 980 est
3069 925 3212 979 enim
3263 939 3442 980 sermo
3473 921 3588 988 Dei,
3629 929 3684 974 et

2113 1015 2305 1082 quovis
2335 1016 2514 1086 gladio
2551 1017 2721 1087 magis
2749 1034 2940 1074 secans
2965 1018 3030 1072 ".
3061 1037 3079 1069 ι
3104 1017 3230 1072 Ideo
3254 1027 3511 1085 tanquam
3551 1030 3684 1070 cen-

2115 1108 2257 1160 tttrio
2286 1119 2447 1178 caput
2480 1109 2813 1174 manifestat,
2857 1125 3053 1180 nempe
3095 1109 3522 1178 indignationem
3557 1123 3681 1162 cum

2113 1199 2454 1254 vehementia
2517 1201 2729 1256 leonina
2765 1221 2780 1256 :
2813 1202 2968 1271 quasi
3022 1217 3130 1256 non
3193 1202 3300 1256 alio
3353 1215 3514 1270 quant
3579 1200 3684 1253 hoc

2114 1291 2277 1344 modo
2317 1291 2603 1346 habiturus
2627 1293 2699 1346 sit
2724 1294 3025 1348 auditorem
3057 1301 3366 1362 promptum
3391 1293 3456 1346 ad
3491 1307 3684 1346 assen-

2117 1380 2377 1433 tiendnm.
2410 1379 2597 1450 Neque
2633 1382 2701 1436 ab
2749 1383 2850 1437 hac
2901 1383 3250 1452 intelligentia
3287 1383 3516 1437 dissidet
3547 1382 3685 1435 l’an-

2087 1471 2220 1534 'lus,
2251 1471 2470 1539 quando
2495 1473 2793 1527 Corinthiis
2827 1475 3064 1527 minatur
3099 1489 3157 1527 se
3185 1489 3308 1528 cum
3342 1473 3500 1543 733
3533 1472 3682 1540 virga

2113 1563 2178 1616 ad
2211 1565 2358 1632 ipsos
2394 1573 2705 1618 venturum.
2741 1563 2852 1618 lloc
2899 1565 3080 1633 itaque
3126 1566 3444 1634 designabat
3484 1565 3680 1632 capita.

2113 1653 2220 1708 Ora
2271 1669 2399 1708 vero
2452 1654 2816 1724 perniciosam
2869 1655 3198 1708 anxietatem
3252 1671 3283 1709 e
3331 1655 3603 1724 proximo,
3633 1662 3688 1706 et

2115 1755 2220 1793 non
2270 1740 2457 1809 procul
2504 1755 2534 1794 a
2573 1741 2785 1795 visione
2836 1751 3238 1810 exspectatam,
3284 1750 3338 1796 et
3377 1741 3685 1796 inevitabile

2119 1833 2388 1886 vinculum
2415 1832 2873 1903 propinquissime
2896 1834 3133 1889 vicinum
3160 1852 3174 1889 :
3208 1845 3266 1888 ut
3294 1834 3436 1904 ignis
3462 1834 3679 1904 quidem

437 1923 816 1990 ἀφανιστικὸν,
882 1926 1092 1978 καπνοῦ
1134 1925 1194 1979 τὸ
1247 1928 1365 1998 μετ’
1404 1929 1573 2000 ὀργῆς
1625 1931 1852 2002 (Ἀνέϐη
1903 1935 2009 2004 γάρ

2115 1924 2164 1976 id
2211 1923 2457 1992 designet
2493 1925 2637 1994 quod
2669 1926 2826 1980 aﬂert
2857 1925 3160 1990 interitum,
3208 1928 3386 1983 fumus
3431 1928 3483 1982 id
3533 1930 3678 1998 quod

437 2015 670 2080 καπνὸς
697 2015 768 2068 ἐν
795 2015 942 2086 ὀργῇ
975 2017 1211 2086 αὐτοῦ),
1249 2018 1395 2074 θείου
1415 2021 1472 2074 δὲ
1502 2022 1562 2075 τὸ
1594 2025 1701 2077 ἀπὸ
1733 2025 1882 2090 θείας
1911 2028 2011 2098 μή-

435 2106 579 2169 νιδος
613 2106 990 2176 ἐμφαίνοντος,
1044 2109 1078 2179 ἢ
1121 2111 1217 2164 καὶ
1270 2113 1332 2165 τὸ
1379 2113 1691 2185 θεαρέστως
1731 2123 1844 2182 τοῖς
1878 2119 2009 2174 ἀκο·

435 2197 656 2262 λάστοις
709 2199 1072 2271 ἐπενεχθῆναι
1107 2201 1300 2259 ταῦτα.
1343 2204 1467 2258 ’Ὁτι
1519 2206 1575 2259 δέ
1620 2208 1856 2279 ὀχήματι
1898 2211 2009 2264 τῶν

434 2289 630 2344 ἐαυτοῦ
671 2294 957 2361 κριμάτων
987 2294 1078 2346 καὶ
1118 2295 1437 2367 μυστηρίων
1475 2299 1632 2352 εἴωθε
1677 2302 1915 2371 χρῆσθαι
1947 2306 2009 2358 τὸ

432 2381 588 2434 Θεῐον
606 2384 718 2445 τοῖς
753 2384 1054 2452 ίσαγγέλως
1083 2384 1314 2454 βιοῦσιν,
1343 2388 1544 2464 ἱκανῶς
1580 2391 1640 2444 τὸ
1668 2394 1800 2464 παρ’
1842 2395 2007 2450 αὐτοῦ

433 2475 576 2560 πρὸς
597 2474 848 2529 ’Δνανίαν
865 2479 1240 2548 χρηματισθὲν
1264 2485 1392 2552 περὶ
1407 2483 1620 2538 Παύλου
1642 2491 2007 2560 παραστήσει,

431 2566 501 2618 δι’
529 2557 604 2619 ὧν
633 2582 767 2634 φησι
799 2565 1010 2618 Παῦλον
1039 2567 1233 2631 σκεῦος
1258 2569 1490 2640 ἐκλογῆς
1520 2567 1680 2637 εἶναι,
1705 2557 2006 2644 ἀκαμάτως

435 2656 723 2727 βαστάζειν
776 2657 969 2728 ἔχοντα
1023 2660 1092 2713 τά
1130 2660 1412 2734 θεοπρεπῆ
1450 2663 1722 2734 δόγματα,
1754 2667 1896 2736 ἆπερ
1922 2667 2010 2720 διὰ

432 2750 528 2802 τοῦ
581 2751 846 2819 ὀνόματος
900 2751 1308 2824 παρεδήλωσεν,
1356 2757 1576 2810 ἐπειδὰν
1625 2758 1768 2829 ἔφη·
1823 2779 1840 2811 ι
1899 2759 2008 2812 Τοῦ

436 2843 704 2911 βαστάσαι
735 2843 794 2896 τὸ
817 2843 989 2912 ὄνομά
1025 2861 1127 2912 μου
1151 2861 1165 2875 ·
1205 2865 1221 2897 ι
1259 2845 1432 2916 ὄνομα
1464 2848 1583 2901 ἀντὶ
1603 2849 1697 2902 τοῦ
1725 2849 1820 2922 τὴν
1850 2851 2009 2916 δόξαν

435 2933 605 2986 εἰπὼν
655 2935 748 2987 καὶ
779 2935 1196 3004 μεγαλειότητα,
1249 2938 1344 2989 καὶ
1382 2939 1488 2992 πᾶν
1537 2939 1601 2991 τὸ
1635 2939 1776 3011 ὑπὲρ
1824 2940 2005 3010 λόγον,

434 3025 601 3094 ἤγουν
629 3026 978 3096 κατανόησιν,
1004 3025 1066 3079 ού
1103 3025 1266 3097 μόνον
1300 3029 1522 3100 θνητὴν,
1550 3030 1688 3084 ἀλλά
1721 3032 1815 3086 καὶ
1842 3034 2007 3101 ἀγγε-

433 3115 612 3187 λικήν.

517 3295 588 3350 Ἢ
641 3295 751 3366 γὰρ
795 3298 1049 3363 ἐξουσία
1108 3301 1225 3355 τῶν
1267 3303 1469 3355 ἵππων
1539 3301 1610 3355 ἐν
1647 3299 1727 3367 τῷ
1763 3303 2012 3374 στόματι

435 3388 637 3444 αὐτῶν
665 3390 818 3448 ἐστι.
849 3393 914 3445 Τί
941 3393 1136 3460 τοῦτο;
1168 3395 1229 3447 τὸ
1279 3397 1380 3465 τὴν
1419 3394 1668 3460 ἐξουσίαν
1699 3396 2010 3450 ἀνατιθέναι

436 3480 806 3551 τῷστόματι,
845 3484 938 3537 καὶ
970 3484 1135 3537 οἱονεὶ
1174 3485 1274 3554 τὴν
1316 3485 1492 3540 αίτίαν
1527 3487 1620 3540 τοῦ
1675 3487 2010 3542 ἀπεστάλθαι

437 3571 564 3634 τοὺς
593 3571 828 3637 furrow;
858 3573 892 3643 ἢ
917 3573 978 3626 τὸ
1006 3574 1114 3628 ἀπὸ
1141 3575 1249 3629 τῶν
1291 3577 1576 3645 στομάτων
1609 3578 1788 3631 αὐτῶν
1817 3578 2013 3648 ἐμφαί-

437 3678 518 3715 νει
542 3663 796 3729 ἀπειλάς,
826 3666 1205 3732 ἐκφοϐούντων
1225 3666 1548 3740 ἀνθρώπους
1585 3670 1680 3722 τοῦ
1709 3669 2010 3740 ἀπέχεσθαι

437 3752 546 3807 τῶν
587 3753 839 3824 πονηρῶν
892 3757 1363 3827 ἐπιτηδευμάτων,
1400 3759 1492 3813 τοῦ
1528 3760 1602 3831 μὴ
1649 3764 1768 3822 ταῖς
1821 3761 2010 3832 οὐραῖς

435 3847 616 3902 αὐτῶν
648 3849 970 3920 ἐκδοθῆναι;
1015 3851 1108 3915 Εἰς
1157 3853 1328 3924 οὐράς
1374 3855 1483 3926 γὰρ
1516 3857 1585 3911 τά
1608 3856 1738 3927 τέλη
1785 3857 1880 3910 κοιλ⁵
1908 3857 2007 3927 τὴν

438 3941 667 3996 ἐκσασιν
708 3943 818 3996 τῶν
845 3943 1236 4016 ἀπολλυμένων
1270 3947 1567 4016 διατυπὼν,
1599 3951 1695 4004 καὶ
1727 3950 1792 4022 δή
1821 3967 1884 4018 γε
1914 3947 2011 4004 καὶ

439 4033 611 4104 αὐτὴν
658 4033 758 4106 τὴν
811 4034 1040 4090 έκῦασιν
1092 4037 1430 4111 διαμορφῶν,
1481 4039 1668 4108 δφεσιν
1720 4042 2010 4106 ἀπεικάζει

440 4126 634 4194 ὁμοίας
663 4127 848 4198 έχουσι
889 4129 1153 4202 κεφαλὰς,
1188 4129 1248 4194 ἐξ
1281 4131 1448 4200 αὐτῆς
1477 4130 1676 4201 δηλαδὴ
1698 4132 1796 4201 τῆς
1820 4132 2009 4200 ἐφόδου

440 4216 502 4270 τὸ
522 4206 1204 4290 ό>.έθριον’ἐμφανιζούσας
1241 4221 1336 4275 καὶ
1370 4223 1794 4290 ἀναπόδραστον,
1829 4224 1922 4276 καὶ
1950 4223 2012 4276 τὺ

439 4309 705 4379 ἀμελλητὶ
754 4311 854 4382 τὴν
899 4313 1144 4366 κάκωσιν
1212 4308 1515 4386 ἐπιφέρειν,
1567 4315 1668 4368 οὐκ
1715 4313 1881 4386 οὔσης
1931 4316 2011 4368 ἔτι

441 4403 723 4472 stigmata;
751 4403 850 4474 τὴν
877 4405 1122 4458 κάκωσιν
1150 4405 1568 4477 διαδιδράσκειν.

511 4497 618 4552 Καὶ
646 4499 700 4550 ol
737 4497 933 4550 λοιποί
960 4495 1078 4549 τῶν
1121 4498 1449 4564 ἀνθρώπων
1477 4496 1534 4551 οἳ
1565 4500 1675 4551 οὐκ
1712 4495 2010 4552 ἀπεκτάν-

439 4590 638 4654 θησαν
666 4587 738 4641 ἐν
768 4586 899 4651 ταῖς
935 4586 1196 4656 πληγαῖς
1222 4588 1494 4654 ταύταις,
1535 4589 1606 4642 οὐ
1627 4589 2007 4656 μετενόησαν

438 4682 506 4734 ἐκ
526 4681 645 4734 τῶν
673 4680 860 4749 ἔργων
883 4679 1002 4734 τῶν
1027 4678 1241 4748 χειρῶν
1268 4680 1486 4743 αὐτῶν,
1511 4681 1613 4734 ἵνα
1635 4679 1721 4748 μὴ
1748 4695 2010 4748 apamea-

439 4773 674 4838 νήσωσι
707 4773 780 4827 τὰ
818 4771 1112 4842 δαιμόνια,
1169 4772 1268 4825 καὶ
1324 4772 1393 4825 τὰ
1419 4773 1638 4826 εἴδωλα
1688 4773 1759 4826 τὰ
1809 4770 2009 4841 χρυσᾶ

442 4863 539 4916 καί
567 4862 640 4916 τὰ
685 4860 912 4932 ἀργυρᾶ
940 4862 1038 4916 καὶ
1084 4861 1156 4915 τὰ
1194 4864 1398 4916 λίθινα
1447 4862 1544 4915 καὶ
1585 4862 1659 4915 τὰ
1705 4862 1941 4925 ξύλινα,
1972 4862 2011 4916 ἅ

440 4953 577 5008 οὔτε
599 4953 857 5018 ,βλέπειν
905 4955 1174 5019 δύναται,
1205 4954 1344 5008 οὔτε
1375 4954 1643 5019 ἀκούειν,
1672 4955 1812 5008 οὕτε
1847 4970 2012 5021 περι-

445 5044 654 5098 πατεῖν
673 5060 688 5076 ο
713 5044 811 5096 καὶ
838 5046 909 5099 οὐ
924 5045 1303 5112 μετενόησαν
1328 5044 1397 5098 ἐκ
1417 5042 1536 5097 τῶν
1562 5045 1765 5113 φόνων
1788 5047 2007 5111 αὐτῶν,

443 5135 580 5188 οὔτε
611 5135 680 5188 ἐκ
715 5132 832 5186 τῶν
855 5134 1181 5203 φαρμάκων
1205 5133 1427 5200 αὐτῶν,
1454 5135 1594 5188 οὔτε
1620 5136 1688 5188 ἐκ
1719 5135 1829 5203 τῆς
1866 5154 2010 5205 πορ-

442 5225 608 5290 νείας
642 5223 863 5289 αὐτῶν,
886 5225 1024 5278 οὔτε
1051 5225 1121 5277 ἐκ
1146 5224 1264 5300 τῶν
1286 5224 1637 5294 κλεμμάτων
1665 5226 1882 5282 αὐτῶν.

521 5315 858 5385 ’Υπερϐολὴν
893 5315 1301 5386 ἀναισθησίαςὸ
1329 5316 1486 5386 λόγος
1527 5319 1807 5388 σημαίνει,
1845 5319 2013 5388 ἤγουν

445 5403 777 5473 ἀναλγησίας
808 5404 901 5456 καὶ
934 5403 1252 5471 ἀκολασίας,
1282 5405 1374 5458 τὸν
1416 5405 1514 5473 τῆς
1566 5405 1653 5458 ἐπ’
1680 5406 1875 5469 αὐτοὺς
1922 5405 2012 5459 διὰ

448 5495 857 5565 φιλανθρωπίαν
886 5494 1100 5564 φειδοῦς
1131 5496 1266 5559 τέως
1288 5496 1714 5567 ὑπερτιθέμενον
1738 5495 2012 5568 σωτηρίας

449 5589 636 5659 καιρὸν
665 5589 747 5650 εἰς
805 5588 983 5657 μάτην
1032 5587 1460 5653 ἀναλωσάντων,
1518 5590 1613 5642 καὶ
1665 5591 1742 5654 είς
1795 5590 1859 5643 τὸ
1907 5591 2008 5661 τὴν

447 5681 566 5733 κατ’
595 5679 754 5744 ἀξίαν
789 5683 886 5749 τῆς
936 5677 1210 5750 ῥᾳθυμίας
1239 5679 1420 5733 αὐτῶν
1467 5681 1824 5736 ἀνταπόδοσιν
1863 5683 2002 5735 ἀπο-

514 5837 559 5869 ⁸⁵
592 5837 753 5893 llebt‘.
789 5853 864 5904 tv,
908 5838 989 5894 12.
1066 5838 1111 5870 ⁸⁵
1144 5839 1266 5894 Act.
1324 5855 1398 5905 Ix,
1439 5842 1522 5896 l5.

2110 2030 2234 2069 cum
2269 2015 2348 2069 ira
2381 2016 2530 2070 venit
2562 2035 2577 2071 :
2611 2018 2772 2086 (nam
2802 2016 3046 2072 Ascendit
3087 2020 3270 2089 fumus
3302 2021 3358 2073 in
3385 2021 3468 2073 ira
3495 2020 3606 2089 ejus
3630 2021 3688 2089 :)

2110 2106 2341 2176 sulphur
2371 2116 2551 2162 autem
2598 2109 2652 2163 id
2691 2109 2835 2179 quod
2867 2110 3031 2165 etiam
3075 2126 3106 2165 a
3136 2109 3318 2164 divina
3350 2119 3432 2165 est
3456 2110 3559 2176 ira,
3591 2112 3684 2165 sed

2109 2198 2548 2265 permanentiore
2590 2214 2604 2250 :
2648 2208 2743 2252 aut
2797 2200 2944 2268 quod
3003 2200 3118 2254 lucc
3167 2201 3446 2254 voluntate
3500 2199 3683 2254 divina

2111 2285 2332 2347 lascivis
2378 2300 2432 2346 et
2477 2292 2943 2350 incontinentihus
2974 2295 3123 2347 illata
3159 2295 3287 2349 sint.
3323 2293 3478 2359 Quod
3505 2302 3684 2348 autem

2090 2383 2197 2438 his
2228 2384 2400 2438 soleat
2440 2385 2518 2438 uti
2554 2384 2826 2440 Divinitas
2858 2386 2950 2454 qui
3009 2387 3173 2440 vitam
3218 2385 3427 2440 ducunt
3480 2386 3686 2454 angeli-

2109 2489 2252 2536 cam,
2287 2483 2546 2544 tanquam
2581 2490 2804 2529 suorum
2829 2475 3160 2543 judiciorum
3201 2491 3265 2530 ac
3299 2477 3684 2546 mysteriorum

2111 2565 2387 2628 vehiculo,
2417 2567 2551 2622 satis
2574 2566 2915 2621 demonstrat
2939 2566 2988 2620 id
3019 2565 3163 2636 quod
3190 2566 3304 2634 ipse
3332 2565 3593 2622 Dominus
3621 2565 3690 2620 de

2112 2655 2282 2712 Paulo
2311 2658 2446 2712 dixit
2492 2660 2558 2712 ad
2600 2656 2889 2722 Ananiam,
2938 2658 3028 2712 ubi
3059 2657 3135 2711 ait
3166 2655 3396 2711 Paulum
3430 2672 3524 2712 vas
3572 2659 3684 2712 ele-

2111 2749 2309 2804 ctionis
2353 2765 2504 2816 esse,
2539 2758 2598 2804 ut
2631 2750 2902 2806 indefesso
2928 2749 3071 2804 ferre
3122 2759 3305 2819 posset
3355 2750 3538 2803 divina
3586 2751 3684 2804 do-

2112 2850 2314 2910 gmata,
2349 2857 2471 2912 qua:
2502 2856 2598 2912 per
2628 2857 2825 2897 nomen
2865 2857 3024 2897 suum
3061 2840 3407 2910 signiﬁcavit,
3457 2841 3685 2896 dicens:

2117 2952 2136 2984 ι
2174 2933 2244 2988 Ut
2277 2942 2456 3004 portet
2484 2949 2682 2988 nomen
2718 2950 2899 2988 meum
2919 2934 2966 2968 "
3001 2952 3013 2988 :
3044 2953 3064 2985 ι
3110 2949 3306 2988 nomen
3336 2949 3539 2988 vocans
3573 2933 3690 3002 glo-

2113 3025 2249 3078 riam
2282 3033 2337 3079 et
2375 3025 2750 3094 maiestatem,
2785 3040 3056 3095 omneque
3108 3025 3160 3078 id
3197 3025 3340 3094 quod
3373 3038 3684 3080 sermonem

2112 3115 2323 3171 excedit
2371 3116 2486 3172 sive
2526 3117 2886 3180 intellectum,
2944 3133 3052 3171 non
3109 3126 3319 3171 tantum
3371 3117 3682 3180 mortalem,

2037 3183 2078 3239 (ἶ
2115 3223 2302 3260 verum
2333 3207 2494 3260 etiam
2529 3207 2858 3277 angelicum.

2185 3298 2428 3352 Potestas
2457 3301 2594 3353 enim
2623 3316 2877 3368 equorum
2922 3300 2978 3353 iu
3017 3315 3104 3354 ore
3140 3301 3376 3369 ipsorum
3408 3311 3508 3355 est.
3543 3299 3687 3366 Quid

2115 3391 2255 3446 hoc?
2301 3407 2369 3446 an
2429 3400 2750 3461 potestatem
2800 3391 2882 3445 ori
2928 3391 3208 3457 attribuit,
3262 3392 3425 3445 veluti
3460 3406 3684 3446 causam

2113 3484 2300 3539 dicens
2332 3499 2426 3538 cur
2458 3483 2612 3539 missi
2668 3485 2780 3540 sint
2817 3483 2984 3552 equi?
3027 3497 3094 3536 an
3135 3483 3280 3553 quod
3311 3483 3388 3537 ait
3428 3502 3442 3538 :
3492 3483 3561 3536 ab
3593 3498 3689 3538 ore

2114 3577 2397 3645 ipsorum,
2441 3577 2624 3630 minas
2665 3577 2906 3632 ostendit
2947 3590 3136 3630 earum
3183 3589 3366 3630 rerum
3413 3589 3536 3644 qua:
3587 3574 3688 3628 lto-

2115 3670 2290 3723 mines
2314 3676 2611 3735 exterrent,
2646 3677 2705 3722 ut
2741 3685 2771 3723 a
2804 3669 2986 3738 pravis
3026 3668 3334 3723 abstineant
3369 3666 3586 3732 studiis,
3619 3681 3690 3720 ne

2114 3761 2301 3816 caudis
2355 3761 2574 3814 illorum
2610 3760 2940 3815 tradantur?
2971 3758 3076 3813 Per
3117 3759 3265 3828 ipsas
3297 3758 3442 3813 enim
3483 3756 3688 3813 caudas

2115 3854 2274 3908 linem
2325 3867 2390 3908 ac
2433 3864 2684 3907 eventum
2718 3852 3012 3920 designans
3042 3867 3232 3906 eortnn
3274 3850 3367 3920 qui
3405 3857 3634 3919 pereunt
3668 3867 3684 3904 :

2114 3953 2169 4000 et
2192 3944 2304 4014 jam
2340 3945 2516 4011 ipsum
2564 3956 2783 4014 quoque
2816 3955 3068 3998 eventum
3113 3942 3376 4012 eﬂlgians,
3415 3940 3688 4010 serpenti-

2115 4037 2217 4091 bus
2245 4044 2546 4104 comparat,
2575 4036 2669 4106 qui
2711 4034 2913 4090 similia
2949 4035 3185 4089 habeant
3211 4033 3390 4102 capita
3420 4049 3435 4085 :
3467 4047 3532 4086 ex
3567 4030 3689 4100 ipso

2113 4127 2366 4182 videlicet
2399 4127 2604 4197 impetu
2637 4135 2692 4181 et
2724 4141 2951 4182 accessu
2997 4125 3293 4180 ostendens
3330 4123 3531 4177 afferre
3568 4122 3687 4176 exi-

2115 4219 2249 4272 tium
2293 4219 2627 4285 inevitabile,
2658 4226 2709 4272 et
2750 4227 3074 4288 prmsentem
3105 4215 3276 4284 magis
3322 4221 3487 4282 quam
3533 4213 3687 4267 l‘utu-

2115 4326 2229 4364 ram
2272 4308 2651 4374 aﬂlictionem,
2689 4325 2813 4364 cum
2865 4309 3012 4363 nulla
3042 4308 3154 4377 jam
3205 4307 3427 4360 solertia
3473 4304 3687 4358 valeant

2113 4401 2456 4456 alilictionem
2486 4401 2744 4470 eﬂ’ugere.

2185 4492 2291 4558 IX,
2324 4493 2428 4559 20,
2473 4493 2562 4550 2|.
2599 4492 2664 4546 El
2705 4493 2883 4547 ταῖιαὶ
2920 4492 3157 4546 homines
3183 4495 3272 4563 qui
3310 4509 3410 4546 non
3442 4497 3563 4544 sunt
3595 4505 3686 4544 oc-

2116 4586 2212 4638 cisi
2268 4585 2348 4638 his
2393 4584 2600 4653 plagis,
2651 4602 2751 4638 non
2795 4585 3123 4654 resipueruut
3180 4585 3244 4638 ab
3289 4583 3528 4652 operibus
3579 4582 3703 4635 suis.

2115 4679 2316 4746 pravis,
2367 4689 2420 4730 ut
2453 4694 2555 4730 non
2602 4678 2887 4730 adorarent
2930 4679 3190 4731 dieruonia
3221 4687 3269 4730 et
3322 4676 3494 4737 idola,
3527 4689 3700 4726 aurea

2116 4777 2164 4820 et
2204 4777 2452 4837 argentea
2499 4776 2548 4820 et
2589 4765 2798 4834 lapidea
2827 4775 2876 4820 et
2912 4767 3122 4836 lignea,
3160 4782 3278 4835 qua:
3307 4781 3470 4834 neque
3517 4761 3690 4816 cidere

2115 4868 2370 4926 possunt,
2410 4875 2574 4928 neque
2631 4859 2850 4921 audire,
2906 4874 3067 4928 neque
3118 4857 3391 4911 ambulare
3435 4871 3456 4908 :
3488 4865 3538 4909 et
3587 4869 3703 4907 non

2117 4959 2333 5018 egerunt
2390 4951 2745 5018 paznitentiam
2793 4951 2857 5003 de
2901 4949 3200 5002 homicidiis
3247 4949 3392 5010 suis,
3425 4961 3586 5016 neque
3627 4945 3700 4997 de

2108 5045 2366 5111 veneﬁciis
2419 5045 2549 5107 suis,
2587 5059 2745 5112 neque
2777 5045 2841 5096 de
2890 5043 3208 5096 scortatioue
3259 5057 3383 5103 sua,
3423 5053 3585 5107 neque
3625 5035 3697 5090 de

2112 5136 2269 5204 furtis
2303 5135 2427 5188 suis.

2105 5345 2110 5348 -
2184 5311 2476 5367 Maximam
2535 5311 2784 5382 designat
2835 5311 2923 5364 hic
2972 5325 3152 5365 sermo
3213 5306 3696 5362 inscnsibilitatcm

2116 5406 2232 5459 sive
2274 5406 2630 5459 indolentiam
2675 5420 2741 5458 ac
2786 5403 3070 5459 lasciviam
3115 5401 3275 5472 734
3313 5415 3502 5455 eorum
3530 5436 3544 5460 ,
3594 5399 3694 5467 qui

2119 5507 2334 5565 tempus
2367 5497 2509 5562 quod
2552 5496 2769 5551 interim
2811 5495 2954 5549 Deus
2982 5493 3215 5561 benigne
3245 5491 3516 5558 parcendo
3549 5503 3688 5543 con-

2118 5597 2363 5644 cesserat
2411 5589 2543 5657 ipsis
2583 5589 2648 5641 ad
2697 5587 2968 5652 salutem,
3015 5599 3151 5638 vane
3200 5588 3694 5652 contempserunt,

2115 5693 2176 5738 ut
2230 5681 2470 5738 referant
2524 5682 2938 5738 retributionem
2989 5695 3108 5751 qua:
3143 5678 3307 5748 digna
3346 5677 3416 5732 sit
3458 5673 3698 5746 segnitie
