4030 6564
502 333 611 395 639

1260 322 1261 325 η
1316 328 1649 394 ΑΒΕΤΗᾸΞ
1688 334 2065 395 (ΣίΕδΑΠΕΛέ
2106 337 2588 397 ΟΛΡΡΛΠΟΟΙᾹΞ
2630 336 2971 398 EPISCOPI

3647 334 3750 398 650

506 463 627 507 rasa
693 458 1035 519 peccatorum
1091 448 1184 517 qui
1241 448 1519 503 sustinent
1574 450 1874 518 Supplicia,
1939 450 2070 518 quid

2181 450 2380 504 ἐσθίειν
2444 451 2694 523 ἀλλήλοις
2776 452 2885 503 τῶν
2963 448 3191 502 ὀδόντων
3278 448 3749 519 συγκρουομένων.

504 541 675 610 inagis
722 550 1149 596 consentaneum
1193 551 1318 605 est,
1375 556 1538 611 quam
1582 540 1837 609 βρύκειν,
1888 539 1937 592 id
1985 549 2068 594 est
2098 542 2349 610 stridere,
2384 543 2529 598 unde
2591 553 2646 598 et
2708 540 2975 614 βρυγμὸς,
3008 542 3061 595 id
3092 549 3177 597 est
3211 541 3418 595 stridor
3472 540 3765 594 dentium?

504 633 787 702 Snmptum
840 642 925 686 est
991 645 1170 689 autem
1232 634 1457 688 verbum
1527 632 1873 704 βρύκειν,εο
1923 633 2069 702 quod

2181 636 2319 690 anile
2375 635 2447 691 sit
2501 635 2723 707 βρώσει,
2769 635 2819 689 id
2880 642 2964 689 est
3006 633 3159 701 cibo,
3211 634 3356 704 quod
3404 644 3662 704 tanquam
3704 633 3758 686 in

500 724 709 779 edendo
740 726 929 779 dentes
962 727 1103 780 inter
1137 743 1196 781 se
1225 727 1611 780 concutiantnr
1641 736 1696 780 et
1724 726 2074 780 collidantur.

574 821 652 885 Χ,
682 823 794 877 4-7.
854 822 919 875 Et
957 839 1071 876 cum
1109 824 1287 877 locuta
1326 823 1548 890 fuissent
1590 836 1781 890 septem
1819 822 2080 884 tonitrua,

499 928 592 980 ego
629 912 925 980 scripturus
952 930 1118 973 erant,
1151 923 1201 966 et
1239 914 1416 965 audiri
1454 928 1624 965 vocem
1658 912 1720 963 tte
1748 910 1873 965 caelo
1906 912 2085 964 dicen-

500 1014 603 1057 tem
638 1019 656 1055 :
692 1002 924 1072 Obsigna
955 1022 1015 1058 ea
1046 1021 1164 1074 qua:
1199 1005 1375 1057 locuta
1415 1012 1535 1056 sunt
1576 1013 1771 1071 septem
1820 1005 2079 1067 tonitrua,

501 1106 547 1146 et
594 1110 656 1147 ne
686 1095 959 1162 scripseris
996 1112 1077 1148 ea.
1136 1094 1205 1146 Et
1261 1093 1475 1163 angelus
1512 1109 1663 1161 quem
1717 1094 1824 1146 vidi
1859 1103 2081 1146 stantem

501 1202 657 1254 super
697 1202 840 1239 mare
884 1195 932 1239 et
975 1202 1131 1253 super
1163 1195 1391 1251 terrant,
1441 1185 1626 1239 levavit
1665 1200 1882 1237 manum
1919 1184 2080 1254 737

499 1292 653 1329 suam
697 1275 940 1328 dextram
1006 1277 1053 1328 in
1087 1277 1273 1329 ctrtum
1304 1290 1323 1328 :
1388 1286 1436 1329 et
1456 1276 1659 1344 juravit
1697 1277 1751 1328 in
1788 1293 1847 1329 eo
1889 1277 1978 1345 qui
2006 1277 2082 1329 vi-

502 1369 571 1421 vit
614 1370 667 1419 in
718 1370 915 1420 sarcula
958 1368 1313 1433 swculorum,
1357 1368 1447 1436 qui
1487 1368 1678 1419 creavit
1711 1366 1897 1420 caelum
1925 1377 1975 1419 et
2018 1384 2079 1420 ea

498 1476 616 1527 qua:
650 1461 706 1512 in
738 1461 829 1513 illo
862 1470 985 1514 sunt
1010 1502 1023 1522 ,
1051 1471 1099 1515 et
1132 1471 1329 1514 terram
1373 1470 1421 1514 et
1471 1476 1532 1513 ea
1566 1477 1684 1530 qua:
1716 1461 1771 1513 in
1807 1461 1904 1513 illa
1935 1469 2078 1526 sunt,

496 1560 545 1602 ct
577 1566 722 1604 mare
758 1560 807 1603 et
854 1567 917 1605 ea
949 1567 1067 1622 qua:
1100 1554 1151 1603 in
1197 1553 1309 1619 ipso
1335 1560 1457 1603 sunt
1499 1567 1517 1604 ε
1553 1551 1689 1619 quod
1720 1562 1921 1621 tempus
1978 1568 2079 1606 non

496 1643 599 1696 erit
650 1643 911 1712 amplius,
966 1643 1061 1698 sed
1115 1646 1169 1696 in
1226 1644 1408 1697 diebus
1460 1644 1601 1696 vocis
1660 1645 1871 1714 septimi
1908 1644 2081 1714 angeli

2262 814 2369 869 Kal
2401 814 2499 868 ὅτε
2540 812 2858 880 ἐλάλησαν
2905 814 2965 865 ai
3005 811 3155 865 ἑπτὰ
3195 812 3471 878 βρονται,
3501 817 3764 885 ἔμελλον

2187 907 2467 977 γράφειν,
2516 904 2615 958 καί
2654 903 2892 971 ἥκουσα
2944 904 3155 971 φωνὴν
3208 907 3278 959 ἐκ
3329 906 3437 959 τοῦ
3497 910 3761 976 οὐρανοῦ

2185 998 2495 1068 λέγουσαν
2513 1013 2527 1028 ·
2561 994 2905 1070 Σφράγισον
2930 993 2968 1048 ἃ
2987 994 3305 1063 ἐλάλησαν
3319 1001 3380 1050 αἱ
3413 998 3566 1052 ἑπτὰ
3585 1001 3767 1069 βρον-

2187 1092 2304 1153 ταὶ,
2341 1089 2439 1143 καί
2490 1088 2576 1156 μὴ
2628 1088 2780 1141 αὐτὰ
2813 1085 3074 1155 γράψῃς.
3135 1089 3243 1142 Καὶ
3295 1090 3328 1141 ὁ
3394 1091 3651 1159 ἅγγελος
3692 1094 3767 1147 ὃν

2184 1175 2348 1233 εἶδον
2368 1175 2600 1231 ἑστῶτα
2630 1174 2727 1229 ἐπὶ
2750 1174 2864 1242 τῆς
2890 1176 3215 1243 θαλάσσης
3246 1175 3343 1229 καί
3368 1177 3465 1230 ἐπὶ
3492 1177 3603 1246 τῆς
3624 1178 3762 1247 τῆς,

2184 1270 2291 1343 ἦρε
2308 1272 2425 1339 τὴν
2455 1271 2629 1341 χεῖρα
2642 1269 2832 1324 αὐτοῦ
2854 1269 2970 1335 τὴν
2994 1268 3203 1332 δεξιὰν
3224 1271 3311 1333 εἷς
3332 1271 3441 1324 τὸν
3465 1272 3729 1339 οὐρανόν
3746 1288 3761 1301 ο

2183 1366 2282 1418 καὶ
2327 1364 2567 1434 ὤμοσεν
2596 1363 2666 1416 ἐν
2712 1361 2792 1427 τῷ
2836 1360 3003 1422 ζῶντι
3054 1362 3136 1425 εις
3184 1361 3328 1427 τοὺς
3375 1361 3597 1428 αἰῶνας
3643 1364 3768 1416 τῶν

2182 1456 2435 1518 αἰώνων,
2466 1455 2534 1520 ὃς
2558 1455 2762 1509 ἔκτισε
2784 1452 2895 1506 τὸν
2926 1452 3198 1519 οὐρανὸν
3236 1452 3334 1506 καί
3378 1455 3452 1506 τὰ
3483 1454 3552 1507 ἐν
3579 1454 3763 1519 αὐτῷ,

2184 1549 2281 1602 καί
2314 1547 2427 1616 τὴν
2454 1546 2572 1617 γῆν
2604 1546 2702 1603 καί
2744 1545 2817 1599 τὰ
2841 1545 2910 1597 ἐν
2939 1543 3116 1613 αὐτῇ,
3151 1544 3249 1598 καί
3293 1546 3410 1612 τὴν
3441 1545 3768 1599 θάλασσαι·

2187 1642 2283 1695 καὶ
2311 1642 2381 1695 τὰ
2414 1640 2485 1693 ἐν
2507 1638 2685 1707 αὐτῇ,
2722 1638 2811 1691 ὅτι
2853 1642 3073 1708 χρόνος
3120 1640 3233 1693 οὐκ
3260 1638 3349 1691 ἔτι
3394 1638 3589 1703 ἔσται,
3624 1640 3767 1693 ἀλλ’

498 1734 710 1803 quando
768 1735 890 1787 tuba
950 1738 1225 1789 caniturus
1280 1746 1397 1800 est,
1471 1738 1948 1790 consummandam
2002 1748 2076 1791 est

2184 1733 2254 1786 ἐν
2276 1731 2402 1797 ταῖς
2436 1731 2684 1799 ἡμέραις
2709 1729 2820 1795 τῆς
2844 1729 3051 1799 φωνῆς
3069 1729 3175 1784 τοῦ
3196 1730 3451 1799 ἑϐδόμου
3472 1731 3763 1801 ἀγγέλου,

502 1830 808 1897 mysterium
861 1828 991 1893 Dei,
1033 1830 1170 1883 sicut
1210 1829 1542 1885 annuntiavit
1593 1831 1756 1883 servis
1804 1832 1915 1885 suis
1953 1847 2078 1900 pro-

498 1919 687 1987 phetis.

567 2093 1012 2152 Manifestissime
1048 2097 1137 2153 hic
1175 2098 1337 2154 datur
1372 2099 1622 2170 intelligi,
1656 2101 1799 2171 quod
1834 2104 2076 2159 tonitrua

496 2185 609 2241 sint
655 2188 917 2258 angelicae
971 2198 1318 2258 potestates:
1367 2193 1672 2248 substantia
1727 2210 1962 2264 namque
1994 2206 2078 2251 est

495 2295 619 2348 qua:
655 2279 922 2350 loquitur,
955 2298 1063 2336 non
1098 2282 1324 2350 tonitru,
1354 2284 1501 2353 quod
1546 2286 1721 2339 solum
1756 2295 1840 2340 est
1885 2301 2073 2356 sonus,

496 2370 794 2441 statimque
832 2381 891 2426 ut
924 2371 1115 2442 incipit
1152 2389 1294 2437 esse,
1327 2374 1533 2428 tollitur
1566 2392 1596 2430 e
1626 2377 1825 2431 medio.

568 2464 762 2518 Audivi
816 2481 990 2519 vocem
1041 2465 1105 2519 de
1152 2466 1280 2521 ccelo
1317 2469 1595 2522 dicentem.
1637 2467 1953 2523 Prohibitus
1992 2485 2078 2525 εει

498 2553 765 2619 scribere,
796 2555 913 2611 sive
946 2570 1044 2626 per
1076 2556 1408 2627 scripturam
1441 2559 1756 2616 hominibus
1790 2561 2074 2617 manifesta

499 2644 680 2699 facere
718 2661 837 2715 quae
873 2646 1216 2713 videbantur,
1251 2649 1369 2713 sed,
1406 2648 1672 2720 Obsigna,
1730 2653 1930 2721 inquit,
1972 2654 2076 2709 hoc

499 2745 585 2790 est
634 2737 788 2792 tirma
843 2739 1148 2794 retentione
1183 2740 1236 2794 in
1282 2752 1462 2796 mente
1517 2752 1607 2797 tua
1666 2750 2073 2811 conserva,sed

498 2845 847 2899 nequaquam
907 2847 1003 2900 per
1065 2831 1396 2905 scripturam
1447 2834 1693 2906 divulges
1744 2854 1758 2890 :
1822 2836 2075 2893 fortassis

496 2921 642 2989 quod
667 2922 802 2977 nihil
833 2924 1119 2992 prodesset
1151 2924 1502 2980 manifestare
1529 2926 1619 2980 illa
1646 2938 1771 2982 ante
1798 2938 2072 2999 postrema

496 3012 766 3068 adventus
803 3014 1006 3070 Christi
1037 3023 1305 3085 tempora,
1330 3018 1771 3088 quandoquidem
1804 3029 1860 3075 et
1888 3022 2072 3076 Daniel

2186 1821 2332 1874 ὅταν
2351 1820 2550 1889 μέλλῃ
2584 1819 2918 1882 σαλπίζειν,
2964 1817 3401 1887 τελεσθήσεται
3440 1818 3505 1871 τὸ
3530 1820 3770 1886 μυστή-

2176 1930 2315 1981 ριον
2341 1913 2447 1966 τοῦ
2477 1913 2648 1978 Θεοῦ,
2676 1912 2758 1979 ὠς
2777 1911 3137 1983 εὐηγγέλισε
3165 1910 3290 1978 τοῖς
3309 1910 3555 1977 δούλοις
3576 1912 3772 1965 αὐτοῦ

2183 2005 2308 2073 τοῖς
2344 2006 2697 2075 προφήταις.

2267 2096 2549 2150 Ἐντεῦθεν
2581 2095 2851 2166 ἀριδήλως
2883 2096 2940 2149 αῖ
2988 2094 3232 2167 βρονταὶ,
3279 2092 3572 2164 ἀγγελικαὶ
3598 2093 3770 2147 sm-

2185 2207 2309 2261 μεις
2338 2188 2720 2260 γνωρίζονται.
2750 2188 2918 2242 Λαλεῖ
2944 2188 3055 2260 γὰρ
3089 2188 3123 2257 ἡ
3146 2186 3327 2252 οὐσία,
3352 2188 3451 2257 οὐχ
3482 2188 3516 2256 ἠ
3542 2185 3767 2256 βροντὴ.

2182 2286 2462 2355 ἀπήχησις
2511 2280 2670 2350 οὖσα,
2708 2284 2774 2354 τῇ
2825 2281 3034 2352 γενέσει
3086 2281 3182 2336 καὶ
3240 2280 3322 2351 τῷ
3382 2275 3528 2334 εῖναι
3596 2280 3768 2348 ἁφαιο

2188 2394 2281 2449 pou
2289 2377 2447 2447 μένη.

2256 2472 2532 2523 Ἤκουσα
2585 2465 2798 2536 φωνὴν
2828 2465 2900 2519 ἐκ
2961 2465 3071 2520 τοῦ
3123 2463 3385 2533 οὐρανοῦ
3428 2465 3759 2535 λέγουσαν.

2189 2560 2296 2613 Τοῦ
2324 2559 2583 2629 γράφειν,
2613 2560 2734 2630 ἦτοι
2790 2556 3034 2628 πρόδηλα
3099 2558 3275 2609 ποιεῖν
3321 2556 3625 2627 ἀνθρώποις
3670 2554 3765 2608 διὰ

2186 2653 2406 2725 γραφῆς
2427 2653 2496 2705 τὰ
2525 2650 2803 2722 ὁρώμενα,
2853 2647 3125 2718 ἐκωλύθη.
3175 2648 3436 2718 Σφραγῖδι
3484 2647 3540 2700 δὲ
3594 2648 3763 2700 οἱονεὶ

2182 2745 2415 2812 ἀσφαλεῖ
2444 2746 2649 2814 κατοχῇ
2686 2746 2745 2797 ὲν
2770 2744 2837 2813 τῇ
2882 2742 3090 2811 διανοίᾳ
3120 2757 3214 2793 σου
3255 2740 3535 2810 συντήρει,
3571 2741 3759 2808 φησιν,

2183 2837 2415 2907 ἔκφορον
2445 2836 2503 2888 δὲ
2530 2835 2619 2889 διὰ
2667 2834 2887 2904 γραφῆς
2921 2832 3044 2903 μηδ’
3099 2832 3238 2895 ὅλως
3268 2831 3447 2893 ποιοῦ,
3499 2832 3627 2892 ἴσως
3673 2830 3761 2883 ὅτι

2186 2930 2262 3000 μὴ
2311 2928 2579 2982 λυσιτελεῖ
2612 2928 2718 2998 πρὸ
2773 2929 2875 2997 τῆς
2925 2924 3231 2996 παρουσίας
3277 2923 3386 2977 τῶν
3434 2921 3761 2975 τελευταίων

2186 3018 2392 3085 καιρῶν
2418 3017 2836 3089 ἐμφανίζεσθαι,
2884 3017 3007 3070 ἐπεὶ
3035 3016 3128 3069 καὶ
3155 3014 3351 3084 Δανιὴλ
3385 3013 3763 3084 ἐσφραγισμέ-

494 3104 797 3158 docebatur
824 3117 881 3158 ut
900 3107 1216 3176 obsignaret
1250 3110 1565 3180 hujusmodi
1588 3129 1893 3172 sermones.
1921 3115 2074 3181 Quod

2185 3128 2311 3173 νους
2338 3110 2465 3173 τοὺς
2502 3109 2612 3162 τῶν
2649 3108 2905 3162 τοιούτων
2941 3107 3135 3175 λόγους
3174 3106 3506 3169 ἑδιδάσκετο,
3544 3103 3759 3156 λυσιτε-

498 3208 683 3254 autem
724 3189 899 3269 prosit
931 3218 997 3257 ea
1050 3204 1443 3272 reconditioni,
1494 3206 1808 3277 conjectura
1864 3207 2078 3266 discere

491 3287 680 3343 licebit
717 3303 841 3345 esse
887 3292 1285 3347 vehementiam
1320 3295 1741 3351 constitutorum
1787 3299 2079 3369 supplicio-

495 3394 638 3442 rum,
686 3396 810 3436 cum
844 3382 1158 3439 misericors
1199 3384 1341 3441 Deus
1368 3404 1467 3442 sua
1519 3388 1858 3459 benignitate
1915 3392 2077 3446 retri-

494 3468 776 3524 butionem
828 3473 1076 3543 supplicii
1137 3492 1243 3530 non
1302 3477 1527 3533 inducat
1580 3480 1779 3549 aequali
1838 3481 2079 3550 pondere

487 3572 619 3612 cum
651 3561 909 3627 peccatis.
946 3564 1100 3620 Unde
1126 3567 1290 3620 etiam
1321 3568 1399 3622 ait
1419 3568 1899 3641 psalmographus,
1928 3574 2074 3643 quod

495 3666 605 3705 non
638 3651 793 3720 juxta
837 3654 1156 3722 iniquitates
1190 3669 1429 3726 nostras,
1464 3678 1639 3732 neque
1660 3661 1819 3732 juxta
1854 3679 2075 3736 peccata

493 3740 826 3798 admetiatur
854 3747 1013 3803 nobis
1044 3750 1481 3807 retributionem.

568 3834 901 3899 Quwtocuta
935 3850 1057 3893 sunt
1094 3852 1289 3911 septem
1334 3844 1593 3900 tonitrua.
1639 3845 2075 3905 Existimandum

494 3932 582 3979 est
631 3936 815 3982 autem
867 3933 1103 3985 tonitrua
1155 3948 1278 3988 esse
1325 3935 1554 3991 virtutes
1607 3940 1916 4009 angelicas,
1957 3959 2078 4012 quae

498 4019 756 4076 tonitruis
806 4024 1179 4079 assimilantur
1236 4027 1305 4082 ob
1348 4030 1632 4085 horrorem
1674 4033 1765 4097 qui
1817 4033 2079 4090 incutitur

501 4126 596 4177 per
624 4127 686 4167 ea
726 4130 848 4183 quae
887 4115 955 4170 ab
993 4116 1131 4185 ipsis
1161 4117 1440 4175 dicuntur.
1476 4120 1802 4193 llujusmodi
1841 4141 2078 4197 namque

492 4214 625 4259 sunt
677 4205 1107 4277 incorporalium
1148 4222 1464 4268 sanctorum
1519 4218 1839 4288 angelorum
1894 4236 2075 4288 vet-es,

490 4310 618 4363 qua:
661 4297 729 4352 ab
787 4298 903 4368 ipsa
956 4302 1400 4360 manifestatione
1438 4306 1724 4362 horrorem
1765 4324 1952 4364 secum
1997 4310 2078 4365 fe-

493 4396 623 4441 rant
664 4405 679 4441 :
724 4392 1189 4458 quemadmodum
1226 4397 1577 4453 manifestum
1609 4410 1787 4455 estex
1830 4415 1897 4455 eo
1927 4401 2075 4472 quod

2180 3203 2292 3257 λεῖν
2318 3203 2377 3257 δὲ
2404 3202 2465 3255 τὸ
2492 3202 2887 3273 ταμιεύεσθαι,
2915 3198 3248 3261 είκαστικῶς
3276 3197 3525 3267 εἴποιμεν
3552 3194 3618 3248 ἂν
3646 3194 3760 3248 τῶν

2179 3294 2589 3364 διαταξαμένων
2644 3293 2920 3347 κολάσεων
2964 3291 3025 3344 τὸ
3077 3289 3328 3360 σφοδρὸν,
3377 3286 3763 3357 φιλανθρωπίᾳ

2179 3386 2275 3441 τοῦ
2319 3387 2613 3457 ὲλεήμονος
2659 3383 2797 3438 Θεοῦ
2832 3383 2911 3455 μὴ
2961 3382 3289 3452 ἰσόσταθμον
3319 3380 3619 3448 ἐπάγοντος
3658 3377 3762 3448 τὴν

2180 3476 2510 3530 ἀντέκτισιν.
2555 3474 2647 3540 Ἐξ
2695 3466 2757 3527 οὗ
2807 3476 2903 3528 καὶ
2936 3474 3019 3536 τὸ,
3059 3472 3153 3543 Μὴ
3199 3470 3340 3526 κατά
3387 3471 3489 3534 τὰς
3527 3469 3761 3540 ἀνομίας

2180 3566 2360 3638 ἡμῶν,
2407 3567 2503 3621 καὶ
2537 3568 2617 3632 τὸ,
2648 3567 2790 3620 κατά
2832 3566 2931 3631 τὰς
2986 3566 3263 3637 ἁμαρτίας
3320 3563 3697 3633 ἀνταπόδομα,
3730 3564 3760 3614 ὁ

2192 3659 2577 3730 Ὑμνογράφος
2599 3660 2765 3730 φησιν
2794 3658 3218 3731 ἐπιμετρεῖσθαι
3256 3658 3408 3729 ἡμῖν.

2262 3845 2613 3914 Ἐλάλησαν
2642 3848 2701 3901 al
2731 3845 2882 3900 ἑπτὰ
2906 3845 3179 3914 βρονταί.
3215 3845 3326 3908 Τὰς
3384 3841 3615 3914 βροντὰς
3662 3842 3760 3894 δυ-

2181 3940 2374 4011 νάμεις
2403 3941 2702 4009 ἀγγελικὰς
2744 3938 2885 3996 εἶναι
2913 3942 3146 4012 οἰητέον,
3179 3941 3428 4011 βρονταῖς
3460 3938 3759 4004 ἀπεικαζοο

2182 4031 2350 4101 μένας
2383 4031 2470 4085 διὰ
2508 4033 2569 4085 τὸ
2595 4034 3036 4104 καταπληκτικὸν
3074 4035 3182 4085 τῶν
3227 4033 3317 4086 ὑπ’
3352 4032 3537 4087 αὐτῶν
3573 4032 3758 4101 tmpus-

2179 4125 2479 4195 νουμένων.
2511 4126 2771 4179 Τοιαῦται
2819 4127 2928 4196 γὰρ
2980 4127 3036 4179 αί
3091 4126 3199 4178 τῶν
3243 4126 3549 4194 ἀσωμάτων
3584 4125 3758 4191 ἁγίων

2179 4216 2430 4284 ἀγγέλων
2475 4218 2675 4286 φωναὶ,
2730 4216 2824 4270 καὶ
2878 4218 2975 4270 ἀπ’
3014 4217 3181 4287 αὐτῆς
3216 4217 3312 4286 τῆς
3343 4214 3644 4285 ἐμφανείας
3691 4215 3753 4267 τὸ

2182 4311 2627 4379 καταπληκτικὸν
2650 4310 2889 4380 ἔχουσαι,
2908 4311 2983 4373 ὡς
3016 4310 3173 4380 δῆλον
3200 4309 3307 4362 ἀπὸ
3330 4307 3422 4361 τοῦ
3444 4307 3536 4360 τὸν
3560 4305 3755 4375 Δανιὴλ

2186 4398 2323 4465 μηδὲ
2361 4400 2604 4470 προσηνῆ
2649 4400 2777 4453 θέαν
2824 4398 3082 4468 ἀγγέλου,
3141 4398 3339 4468 μήτιγε
3396 4395 3755 4465 ἀπειλητικὴν

494 4478 687 4535 Daniel
750 4498 819 4535 ne
876 4484 1053 4539 lenem
1103 4488 1324 4557 quidem
1380 4492 1558 4559 angeli
1615 4494 1885 4547 visionem
1940 4494 2076 4547 nihil

2184 4493 2448 4559 ἐνεγκεῖν.
2482 4493 2790 4563 Σφραγίσαι
2818 4493 2875 4546 δὲ
2900 4491 2998 4555 τὰς
3026 4491 3135 4544 τῶν
3161 4492 3298 4544 ἑπτα
3332 4489 3569 4561 βροντῶν
3589 4489 3755 4556 ἀγγεο

493 4568 790 4625 habentem
817 4576 1264 4632 comminationis
1295 4578 1437 4633 terre
1469 4583 1726 4648 potuerit.
1763 4583 1959 4636 Datum
1990 4591 2077 4639 est

489 4669 681 4715 autem
729 4675 1055 4733 praeceptum
1112 4676 1174 4722 ut
1229 4669 1657 4740 obsignarentur
1701 4686 1822 4741 qua:
1872 4684 2077 4743 septem

492 4753 740 4808 tonitrua
792 4757 1197 4825 nuntiaverant,
1242 4762 1345 4818 hoc
1384 4772 1490 4827 est,
1532 4772 1742 4818 secreta
1788 4779 2079 4821 servaren-

492 4851 627 4897 tur:
661 4845 805 4913 quod
850 4847 1087 4915 perfecta
1130 4850 1322 4904 horum
1366 4853 1730 4921 apprehensiu
1788 4865 2078 4927 apertaque

489 4935 743 5003 cognitio
768 4940 1030 4995 extremis
1059 4943 1406 5012 temporibus
1431 4944 1635 4999 utiliter
1665 4955 1979 5015 reponatur.

565 5024 777 5084 Levavit
808 5047 1020 5084 manum
1058 5050 1214 5087 suam
1242 5034 1483 5089 dextram
1514 5037 1570 5091 in
1612 5040 1819 5093 malum.
1862 5038 2074 5095 Dextra:

492 5134 694 5178 manus
745 5123 979 5179 elevatio
1034 5124 1224 5179 etIicax
1283 5141 1349 5180 ac
1408 5128 1616 5183 ﬁrmius
1663 5130 1912 5201 designat
1956 5147 2074 5185 esse

495 5208 700 5267 factum
729 5214 847 5285 ejus
878 5215 971 5285 qui
1001 5214 1231 5284 iuravit.
1270 5216 1395 5272 Ideo
1428 5234 1648 5289 quoque
1685 5222 1891 5276 dictum
1929 5229 2014 5278 est
2054 5240 2068 5277 :

499 5322 522 5354 ι
561 5303 787 5361 Dextera
826 5307 1039 5361 Domini
1078 5308 1203 5362 fecit
1234 5312 1485 5365 virtutem
1519 5314 1584 5367 ⁸⁸.
1625 5333 1643 5365 ι

572 5394 638 5448 In
680 5414 739 5451 eo
773 5401 864 5467 qui
918 5402 1038 5453 vivit
1065 5403 1118 5455 in
1148 5402 1365 5457 stecula.
1412 5403 1673 5460 Videntur
1706 5407 1924 5475 quidem
1958 5410 2073 5464 haec

498 5489 741 5544 Graecam
774 5506 880 5546 non
932 5494 1131 5550 habere
1165 5496 1405 5565 phrasim
1440 5516 1455 5552 :
1488 5498 1651 5568 738
1679 5500 1880 5554 dicitur
1925 5502 2069 5555 enim

491 5580 681 5649 jurare
713 5597 807 5650 per
854 5585 1090 5657 aliquem
1140 5598 1195 5644 et
1243 5606 1347 5646 non
1400 5592 1454 5647 in
1488 5594 1689 5664 aliquo.
1734 5593 1844 5649 Nec
1890 5605 2084 5650 tamen.

570 5738 616 5769 ”
665 5711 806 5795 Psal.
863 5760 1041 5812 cxvn,
1082 5745 1162 5803 ιι).

2177 4583 2298 4646 λίας
2328 4584 2361 4654 ἡ
2393 4584 2581 4655 ἐντολὴ
2612 4586 2986 4656 παραδίδοται,
3018 4585 3317 4647 τουτέστιν,
3351 4584 3408 4635 ὲν
3452 4582 3753 4652 ἀπορρήτῳ

2174 4672 2448 4742 κατέχειν,
2488 4675 2563 4738 ὡς
2604 4678 2702 4745 τῆς
2734 4674 3096 4747 περὶτούτων
3128 4673 3337 4734 τελείας
3387 4671 3752 4743 καταλήψεως

2173 4766 2272 4819 καὶ
2298 4768 2628 4837 τρανοτέρας
2675 4768 2955 4837 είδήσεως.
3004 4769 3117 4830 τοῖς
3168 4765 3498 4829 τελευταίοις
3538 4765 3753 4836 χρόνοις

2175 4859 2547 4929 ἀποκειμένης
2582 4858 2989 4928 συμφερόντως.

2247 5034 2394 5106 Ἦρε
2436 5037 2553 5105 τὴν
2586 5036 2755 5106 χεῖρα
2784 5036 2969 5091 αὐτοῦ
3014 5035 3130 5101 τὴν
3163 5032 3371 5098 δεξιὰν
3400 5034 3485 5096 εὶς
3515 5030 3622 5084 τὸν
3649 5034 3755 5094 οὐ·

2166 5132 2382 5197 ρανόν.
2420 5130 2482 5182 'll
2535 5132 2635 5201 τῆς
2666 5128 2847 5195 δεξιᾶς
2897 5128 3130 5201 ἔπαρσις
3182 5129 3243 5182 τὸ
3291 5129 3606 5199 ἔμπρακτον
3655 5127 3752 5179 τοῦ

2180 5220 2469 5290 ὀμνύοντος
2501 5220 2881 5274 ύπαινίττεται
2910 5220 3007 5273 καὶ
3037 5221 3498 5291 δυναμικώτερον.
3532 5218 3622 5271 Διὸ
3656 5219 3755 5271 καὶ

2180 5314 2422 5384 εἴρηται·
2456 5333 2475 5365 ι
2506 5314 2665 5381 Aege:
2703 5312 2911 5383 Κυρίου
2944 5312 3168 5381 ἐποίησε
3196 5312 3445 5381 δύναμιν.
3493 5329 3511 5357 ι

2253 5408 2325 5460 Τὸ
2342 5408 2417 5473 δὲ,
2436 5409 2505 5462 ἐν
2522 5408 2599 5474 τῷ
2614 5410 2780 5469 ζῶντι
2795 5411 2884 5476 είς
2900 5407 3041 5474 τοὺς
3053 5407 3292 5474 αἰῶνας.
3313 5410 3461 5462 δοκεῖ
3479 5408 3578 5476 μὲν
3591 5404 3748 5458 ἀνελ-

2182 5501 2431 5571 λήνιστον
2447 5494 2607 5552 εἶναι.
2624 5499 2873 5569 Ὀμνύειν
2885 5500 2994 5571 γὰρ
3009 5499 3223 5568 λέγεται
3239 5500 3379 5553 κατὰ
3393 5516 3557 5561 τινος,
3576 5500 3676 5551 οὐκ
3693 5498 3755 5551 ἐν

2182 5611 2311 5649 τινι.
2339 5590 2483 5661 Πλὴν
2504 5592 2604 5645 οὐκ
2632 5593 2887 5645 ἀπαίσιον
2924 5590 2992 5665 ἦν
3018 5592 3089 5646 τὰ
3113 5593 3170 5646 ὲν
3194 5592 3272 5663 τῷ
3295 5590 3458 5657 ζῶντι
3492 5590 3751 5660 ὀμνύναι,
