4046 6584
255 488 349 550 (itii

1326 491 1718 553 COMMENT.
1764 494 1845 556 ΙΝ
1886 492 2419 560 APOCALYPSIN.

3417 491 3526 555 649.

253 603 331 674 τῷ
387 599 529 654 κατὰ
561 600 815 670 βούλησιν
859 602 1132 671 παριστᾷν
1188 602 1283 657 τοῦ
1326 605 1447 656 καθ’
1480 599 1543 658 οὗ
1594 607 1621 658 ὁ
1678 606 1829 675 ὅρκος

1942 609 2299 675 incongruum
2335 605 2437 658 fuit
2479 604 2668 673 jurarc
2715 603 2769 656 in
2815 616 2881 658 eo
2911 601 3005 673 qui
3051 600 3204 668 vivit,
3234 600 3300 663 ad
3340 610 3530 657 osten~

254 695 651 767 παρείληπται.
680 697 812 759 Θεὸς
847 697 948 763 μὲν
980 698 1104 750 ἐπεὶ
1144 698 1265 750 κατ’
1299 698 1513 762 οὐδενὸς
1544 696 1656 769 εἶχε
1716 700 1837 769 μεί-

252 790 408 854 ζονος
435 789 653 858 ὀμόσαι,
688 790 823 858 ὅπερ
877 789 945 841 δι’
976 788 1100 853 ἔθος
1141 792 1255 852 τοῖς
1298 789 1612 859 ὀμνύουσιν,
1648 790 1841 862 ὀμνύει

252 882 380 935 καθ’
412 881 632 937 ἑαυτοῦ.
659 884 789 945 Καὶ,
829 902 846 933 ι
883 884 1017 936 Κατ’
1047 882 1287 953 ἐμαυτοῦ
1311 886 1421 954 γὰρ
1441 881 1653 953 ὤμοσα,
1688 885 1839 953 λέγει

254 975 482 1045 Κύριος.
525 995 544 1027 s
578 975 833 1042 Ἄγγελοι
873 975 928 1027 δὲ
956 975 1029 1037 ὡς
1068 976 1276 1044 κτίσμα
1312 975 1453 1028 κατά
1474 976 1569 1029 τοῦ
1602 978 1837 1033 Κτίστου

253 1067 541 1137 ὀμνύουσι,
574 1067 674 1138 τὴν
705 1067 988 1138 ἡμετέραν
1021 1067 1281 1121 ἀπιστίαν
1310 1067 1398 1121 διὰ
1440 1069 1533 1120 τοῦ
1564 1067 1720 1121 Θείου
1742 1072 1839 1140 τῆς

254 1162 631 1234 παραλήψεως
658 1161 1029 1230 πιστούμενοι.
1059 1162 1263 1228 Ὤμοσε
1288 1161 1397 1232 γὰρ
1418 1162 1612 1231 χρόνον
1641 1163 1839 1232 μηκέτι

253 1253 420 1320 εἶναι,
458 1254 643 1317 καλῶς
689 1254 785 1306 καλ⁵
816 1254 1055 1325 ἀληθῶς,
1099 1253 1189 1306 ὅτι
1245 1254 1465 1323 χρόνος
1511 1256 1623 1308 οὐκ
1665 1256 1839 1308 ἔσται

252 1350 367 1403 ἔτι.
405 1349 478 1400 Τὸ
507 1347 618 1417 γὰρ
641 1348 760 1400 τότε
794 1347 1225 1416 διαστηματικὸν
1256 1346 1433 1417 ῥεῦμα
1455 1348 1553 1417 τῆς
1583 1350 1838 1419 χρονικῆς

253 1443 637 1506 ὑποστάσεως,
660 1440 975 1509 ιὰνέσπερόν
1004 1456 1061 1490 τε
1091 1438 1243 1491 ἔσται
1269 1440 1361 1491 καὶ
1391 1439 1708 1502 ἀδιάκοπον,
1743 1442 1838 1493 καὶ

250 1536 343 1587 διὰ
386 1534 548 1587 τοῦτο
588 1534 648 1585 οὐ
677 1532 888 1603 χρόνος.
922 1532 1018 1595 Τίς
1054 1532 1162 1601 γὰρ
1213 1530 1440 1601 ήλιακοῦ
1469 1533 1648 1601 φωτὸς
1678 1534 1837 1604 χρεία

249 1630 353 1699 τῆς
379 1628 646 1696 συστολῆς
679 1625 803 1679 καθ’
834 1625 902 1695 ἢν
933 1625 1241 1685 ἀνάπαυσις
1292 1624 1400 1678 τῶν
1424 1626 1533 1678 ἀπὸ
1558 1625 1658 1694 τῆς
1702 1626 1838 1695 ἡμέ-

256 1740 359 1793 ρας
387 1722 572 1774 κόπων
597 1720 710 1780 τοῖς
735 1718 894 1780 ζώοις
914 1718 1221 1784 ὲγγίνεταις
1253 1719 1435 1787 Χωρὶς
1467 1720 1576 1788 γὰρ
1608 1719 1834 1782 τούτων,

250 1813 340 1873 τίς
366 1809 593 1880 ἡλιακοῦ
628 1808 803 1877 φωτὸς
835 1809 1021 1878 χρείας
1059 1807 1250 1871 Ἥλιος
1284 1809 1382 1877 μὲν
1411 1808 1504 1862 οὖν
1552 1809 1726 1872 ἔσται,
1755 1812 1836 1864 ὅτι

257 1905 388 1976 μηδ’
421 1906 500 1967 είς
527 1902 872 1973 ἁνυπαρξίαν
904 1904 1133 1975 χωρήσῃ
1160 1904 1187 1956 ὁ
1227 1904 1322 1955 νῦν
1351 1904 1581 1973 κόσμος,
1611 1904 1727 1956 ἀλλ’
1758 1907 1837 1968 εἰς

252 1998 671 2067 ἀνακαινισμόν.
714 2000 922 2070 ’Ὠσπερ
955 2001 1009 2053 δὲ
1034 2001 1129 2053 νῦν
1166 2002 1342 2073 ἄστρα
1374 2005 1476 2073 μὲν
1502 2003 1619 2055 ἔστι
1649 2004 1745 2056 καὶ
1774 2006 1832 2055 ὲν

251 2091 462 2163 ἡμέρᾳ,
490 2091 552 2143 οὐ
577 2091 682 2162 μὴν
704 2091 1005 2162 καθορᾶται
1032 2094 1453 2163 ὑπερνικώντων
1482 2098 1580 2166 τήν
1609 2097 1835 2149 ἐκείνων

249 2183 577 2253 λαμπηδόνα
611 2182 705 2236 τοῦ
734 2184 883 2255 ἡλίου
915 2186 1024 2238 τῶν
1072 2189 1473 2258 μαρμαρυγῶν,
1508 2189 1605 2242 καὶ
1637 2188 1830 2255 οὕτως,

250 2275 395 2329 ὥστε
423 2278 503 2329 ὅτι
535 2278 674 2329 εἰσὶν
703 2280 762 2331 ὲν
786 2279 1003 2348 οὐρανῷ
1032 2281 1367 2348 ἀγνοεῖσθαι,
1391 2280 1536 2335 οὓτω
1567 2288 1661 2335 καὶ
1686 2284 1830 2339 τότε.

249 2370 329 2422 Τὸ
352 2370 463 2441 γάρ
506 2371 588 2423 ὅτι
619 2370 745 2424 οὐδὲ
782 2371 882 2441 μία
920 2372 1069 2424 αίτία
1109 2372 1205 2425 τοῦ
1243 2374 1321 2437 είς
1350 2375 1693 2445 ἀνυπαρξίαν
1720 2393 1830 2445 χω-

251 2463 419 2534 ρῆσαι
454 2460 693 2531 παντελῆ
725 2460 804 2533 τῷ
854 2460 949 2515 νῦν
983 2461 1172 2534 κόσμῳ
1200 2463 1335 2529 τέως
1383 2464 1620 2533 ἀγνοεῖν,
1664 2465 1763 2536 οὐχ
1798 2466 1831 2537 ή

248 2552 492 2625 τυχοῦσα
524 2552 740 2621 ἄγνοια.

322 2824 447 2875 Ὅτι
504 2826 724 2892 χρόνος
773 2824 885 2878 οὐκ
926 2825 1021 2879 ἔτι
1063 2826 1259 2881 ἔσται.
1314 2825 1522 2896 Χρόνον
1563 2824 1638 2898 μὴ
1691 2819 1830 2879 εἶναι

248 2914 488 2985 ὤμοσεν,
538 2915 600 2967 οὐ
646 2916 756 2967 τῶν
795 2917 1120 2987 τηνικαῦτα,
1174 2919 1309 2973 ἀλλὰ
1359 2919 1469 2972 τῶν
1514 2921 1602 2973 ὅτε
1644 2920 1830 2989 μέλλει

250 3006 541 3071 σαλπίζειν
582 3010 611 3061 ὁ
656 3008 889 3079 ’ἐϐδομος
921 3009 1169 3078 ἄγγελος.
1200 3011 1290 3065 Διὸ
1319 3012 1416 3065 καὶ
1444 3012 1620 3076 οὓτως
1661 3015 1829 3067 ἀκου-

250 3104 409 3156 στέον
467 3102 605 3173 μετά
648 3102 1008 3173 προσθήκης,
1046 3106 1131 3156 ὅτι
1177 3106 1367 3174 χρόνος
1399 3107 1501 3158 οὐκ
1548 3104 1630 3159 ἔτι
1674 3104 1830 3158 ἔσται

246 3195 361 3248 ἀπὸ
390 3193 485 3247 τοῦ
517 3193 637 3247 νῦν.
670 3194 745 3247 Οὐ
776 3194 887 3263 γὰρ
928 3191 1025 3248 οὖν
1056 3197 1198 3249 κατὰ
1230 3196 1390 3250 τοῦτο
1422 3200 1449 3250 ὁ
1491 3198 1676 3269 ὅρκος,
1712 3196 1827 3250 ἀλλ’

1945 699 2185 753 dendum
2242 711 2363 752 esse
2391 696 2764 766 juramentum
2811 694 2969 764 juxta
3009 694 3348 750 voluntatem
3406 693 3531 765 ejus

1945 809 2044 863 per
2076 808 2236 863 quem
2274 799 2620 860 assumptum
2668 798 2769 843 est.
2809 787 2876 843 Et
2907 788 3049 844 Deus
3100 789 3320 858 quidem
3342 828 3359 853 ,
3388 804 3530 860 quo-

1950 884 2093 938 niam
2126 901 2220 955 per
2250 884 2459 939 nullum
2492 882 2754 953 majorem
2783 882 2959 953 potuit
2984 882 3169 951 jurare
3191 922 3204 945 ,
3239 882 3383 952 quod
3412 898 3530 936 mo-

1948 978 2024 1033 ris
2046 988 2131 1033 est.
2155 978 2498 1046 jurantilnts,
2524 977 2671 1045 jurat
2697 991 2792 1044 per
2827 974 3091 1044 seipsum.
3127 972 3191 1028 Et
3218 973 3290 1027 ait
3325 992 3339 1028 :
3374 992 3393 1025 ι
3429 974 3531 1028 Per

1946 1073 2330 1141 mcmetipsnm
2382 1070 2603 1140 jurari,
2657 1068 2791 1122 dicit
2836 1067 3098 1121 Dominus
3143 1067 3227 1129 ‘7;
3270 1085 3289 1119 ι
3352 1067 3527 1135 angeli

1944 1180 2075 1219 vero
2105 1171 2368 1232 tanquam
2399 1170 2668 1217 creatura:
2704 1176 2796 1228 per
2826 1157 3140 1211 Creatorem
3184 1157 3401 1227 jurant,
3438 1172 3531 1224 per

1944 1252 2111 1307 divini
2164 1250 2421 1304 Numinis
2468 1249 2899 1317 assumptionem
2952 1244 3343 1300 conlirmantes
3426 1259 3529 1298 no-

1954 1355 2123 1399 stram
2178 1342 2551 1396 dinidt-ntiam.
2616 1338 2829 1393 Juravit
2864 1353 3099 1408 namque
3127 1339 3387 1406 deinceps
3421 1353 3527 1392 non

1945 1436 2061 1490 fore
2111 1448 2355 1504 tempus,
2409 1442 2555 1488 recte
2600 1448 2663 1487 ac
2705 1448 2848 1493 vere,
2894 1430 3031 1501 quod
3067 1442 3267 1501 tempus
3298 1447 3401 1484 non
3428 1433 3529 1483 erit

1946 1528 2205 1595 amplius.
2285 1524 2533 1595 Spatium
2596 1525 2743 1579 enim
2816 1522 3129 1591 temporalis
3208 1521 3530 1577 substantiae

1943 1620 2088 1689 quod
2123 1628 2253 1672 tunc
2280 1617 2432 1682 ﬂuet,
2465 1617 2584 1671 sine
2614 1630 2839 1684 vespera
2870 1630 2933 1669 ac
2963 1614 3379 1683 interpolatione
3403 1616 3531 1681 erit,

1944 1723 1997 1767 et
2035 1713 2104 1765 ita
2159 1727 2268 1765 non
2321 1713 2427 1765 erit
2462 1721 2700 1777 tempus.
2749 1708 2883 1774 Quis
2924 1709 3070 1761 enim
3133 1723 3268 1761 usus
3305 1708 3529 1761 luminis

1943 1805 2162 1866 solaris,
2213 1818 2338 1857 cum
2376 1801 2633 1856 animalia
2677 1800 3030 1869 requiescunt
3064 1816 3092 1853 a
3126 1799 3337 1853 diurnis
3376 1799 3533 1852 labo-

1946 1896 2137 1950 ribus?
2161 1895 2295 1949 Nam
2322 1895 2442 1949 sine
2474 1896 2562 1950 his
2593 1911 2716 1964 qua:
2740 1903 2824 1950 est
2853 1893 3053 1949 solaris
3082 1893 3308 1949 luminis
3341 1910 3533 1949 neces-

1867 1963 1911 2021 Β
1940 1989 2075 2043 sitas
2116 1990 2200 2043 vel
2229 1991 2392 2043 etiam
2436 2003 2573 2043 usus
2594 1963 2623 2041 ?ﬁ
2652 1987 2744 2041 Sol
2782 1987 3003 2058 quidem
3036 1989 3162 2051 erit,
3190 1988 3319 2057 quia
3353 2003 3531 2058 neque

1938 2082 2006 2136 ad
2035 2082 2317 2135 interitum
2353 2082 2536 2135 tendet
2566 2096 2805 2150 praesens
2839 2081 3098 2147 nnmdns,
3124 2079 3220 2135 sed
3258 2080 3325 2134 ad
3363 2082 3526 2135 inno-

1937 2176 2237 2228 vationem.
2281 2173 2752 2239 Quemadmodum
2811 2188 2940 2227 vera
3001 2188 3150 2227 nunc
3201 2182 3348 2227 aSIra
3398 2184 3528 2229 sunt

1937 2267 2157 2337 quidem
2184 2268 2348 2320 etiam
2382 2269 2435 2320 in
2467 2268 2578 2330 die,
2610 2282 2717 2319 non
2747 2276 2929 2319 tamen
2960 2266 3380 2337 conspiciuntur
3410 2267 3527 2320 vin-

1936 2368 2094 2414 cente
2150 2359 2500 2427 splendorem
2552 2357 2768 2411 illarum
2822 2358 2954 2412 selis
2997 2358 3231 2427 fulgore,
3284 2358 3421 2412 adeo
3468 2369 3525 2413 ut

1936 2456 2253 2511 nesciantur
2309 2469 2433 2509 esse
2480 2454 2532 2507 in
2566 2452 2707 2507 coelo
2751 2469 2765 2507 :
2820 2453 2894 2505 ita
2927 2460 2982 2505 et
3036 2460 3190 2506 tunc.
3241 2450 3522 2521 Siquidem

1936 2547 2193 2618 ignorare
2237 2546 2384 2615 quod
2420 2545 2570 2599 nulla
2612 2545 2684 2600 sit
2714 2560 2882 2598 causa
2932 2559 3032 2597 cur
3065 2559 3309 2613 praesens
3364 2561 3527 2598 mun-

1933 2641 2037 2695 dus
2072 2639 2316 2693 tenderct
2350 2639 2416 2692 ad
2454 2638 2755 2709 perlectum
2793 2635 3097 2701 interitum,
3130 2651 3240 2689 non
3282 2635 3527 2707 vulgaris

1935 2742 2081 2789 esset
2111 2733 2443 2801 ignorantia.

2007 2826 2159 2891 Quod
2194 2836 2397 2896 tempus
2430 2842 2531 2879 non
2571 2825 2671 2879 erit
2703 2824 2951 2892 antplius.
2988 2822 3227 2892 Tempus
3258 2838 3365 2876 non
3410 2820 3530 2877 fore

1928 2916 2136 2987 juravit
2161 2958 2176 2983 ,
2215 2932 2321 2973 non
2373 2916 2442 2971 al)
2488 2932 2556 2970 eo
2596 2927 2841 2983 tempore
2880 2928 2990 2983 quo
3024 2914 3137 2967 lucc
3169 2913 3522 2982 loquebatur,

1935 3009 2030 3064 sed
2090 3024 2201 3078 quo
2254 3009 2523 3078 septimus
2575 3006 2804 3074 angelus
2840 3006 2965 3059 tuba
3015 3005 3303 3059 caniturns
3354 3014 3523 3060 esset.

1934 3099 2059 3155 Ideo
2086 3116 2306 3170 quoque
2358 3101 2431 3152 ita
2478 3097 2891 3168 intelligendum
2923 3106 3041 3159 est,
3081 3113 3206 3151 cum
3240 3096 3524 3153 additione

1932 3194 2079 3263 quod
2118 3206 2332 3262 tempus
2362 3191 2623 3261 deinceps
2648 3191 2718 3244 ab
2748 3206 2814 3243 eo
2842 3190 3065 3246 instanti
3104 3206 3213 3245 non
3244 3189 3370 3246 erit.
3414 3189 3525 3247 Ne-

246 3288 332 3340 ὃτι
359 3287 416 3339 ὲν
439 3288 559 3349 ταῖς
586 3286 824 3357 ἡμέραις
855 3286 955 3357 τῆς
971 3287 1157 3358 φωνῆς
1186 3287 1282 3340 τοῦ
1306 3289 1539 3359 ἑϐδόμου
1569 3290 1824 3359 ἀγγέλου.

1935 3301 2037 3355 que
2068 3287 2215 3341 enim
2252 3286 2319 3340 de
2348 3285 2602 3354 prazsenti
2635 3283 2840 3339 factum
2876 3293 2960 3339 est
2982 3284 3358 3353 juramentum
3384 3325 3399 3350 ,
3426 3285 3523 3340 sed

246 3379 409 3433 Κατὰ
443 3380 629 3448 σχῆμα
669 3377 725 3430 δὲ
775 3378 1065 3448 ἐλλείψεως
1094 3380 1330 3452 εἴρηται.
1394 3381 1661 3436 Ἐλλείπει
1717 3385 1827 3456 γὰρ

243 3472 328 3535 τὸ,
356 3471 479 3523 τότε
516 3469 672 3523 ἔσται
695 3469 792 3523 τοῦ
824 3472 1017 3541 χρόνου
1063 3473 1096 3543 ἡ
1125 3474 1387 3537 ἀπουσία,
1428 3474 1524 3529 τοῦ
1557 3474 1648 3529 τὸν
1675 3476 1827 3546 ἥλιον

249 3565 326 3635 μὴ
368 3565 587 3635 μετρεῖν
617 3563 685 3617 τὰ
716 3565 947 3635 χρονικὰ
994 3566 1362 3637 διαστήματα.
1393 3569 1524 3621 Ὅτε
1554 3568 1664 3640 γάρ
1699 3569 1828 3640 μέλ-

243 3656 329 3708 λει
352 3654 636 3719 σαλπίζειν
658 3657 686 3707 ὁ
714 3655 942 3726 ἕϐδομος
964 3656 1216 3725 ἄγγελος,
1240 3659 1360 3711 τότε
1383 3660 1476 3711 καὶ
1506 3660 1572 3713 τὰ
1599 3661 1826 3729 χρονικὰ

244 3749 593 3818 διαστήματα
643 3748 902 3817 ἐλλείψει,
934 3752 1031 3803 καὶ
1069 3752 1219 3804 πᾶσα
1252 3754 1285 3821 ή
1314 3752 1423 3805 τῶν
1458 3753 1673 3805 ἀσεϐῶν
1705 3756 1828 3807 ἐπι-

246 3840 514 3909 στήσεται
564 3838 809 3902 κόλασις,
878 3839 1157 3912 διαφόροις
1209 3843 1477 3906 ὲκδικίαις
1533 3845 1823 3898 συντελου-

247 3933 410 4003 μένη.
443 3930 639 4004 Καιρῴ
664 3932 958 4003 τοιγαροῦν
984 3933 1062 4003 τῷ
1086 3939 1420 4004 προσήκοντι
1445 3936 1822 4003 σαλπίζοντος,

243 4026 401 4079 ἔσται
436 4025 748 4091 συντέλεια,
782 4026 843 4079 οὐ
876 4024 971 4078 νῦν
1002 4025 1091 4078 ὅτε
1115 4026 1174 4078 ἐν
1206 4028 1271 4096 τῇ
1299 4025 1502 4099 θεωρίᾳ
1534 4027 1595 4080 τὸ
1636 4028 1825 4082 σαλπί-

246 4134 363 4171 σας.
392 4118 550 4171 Κατὰ
591 4119 647 4171 δὲ
692 4118 785 4171 τὸν
810 4121 1158 4187 προσήκοντα
1190 4120 1384 4189 καιρὸν
1412 4119 1509 4172 καὶ
1533 4120 1601 4173 τά
1638 4122 1826 4174 σαλπί-

246 4210 411 4274 ζοντα
467 4209 620 4273 τέλος
669 4209 936 4279 λήψεται,
987 4210 1141 4280 φησι,
1193 4211 1287 4263 καὶ
1358 4212 1417 4263 τὸ
1472 4213 1824 4283 μυστήριοιὸ

243 4302 568 4374 εύηγγέλισε
591 4301 721 4365 Θεὸς
748 4305 859 4365 τοῖς
884 4301 1080 4356 ἑαυτοῦ
1110 4302 1316 4366 δούλοις
1341 4305 1451 4366 τοῖς
1493 4306 1819 4374 προφήταις.

252 4393 417 4463 Ἄχρι
446 4395 555 4465 γὰρ
579 4394 680 4463 τῆς
718 4393 953 4464 κρίσεως
982 4394 1076 4447 καὶ
1109 4395 1205 4464 τῆς
1242 4394 1351 4447 τῶν
1380 4395 1596 4465 ἐκάστῳ
1631 4395 1823 4464 βεϐιω-

250 4486 428 4555 μένων
482 4485 827 4548 ἀντιδόσεως,
865 4486 1281 4557 προεφήτευσαν
1313 4488 1360 4539 οί
1414 4488 1713 4559 προφῆται.
1757 4488 1823 4540 Ὀ

242 4578 343 4630 καὶ⁵
377 4577 577 4646 Παύλῳ
619 4577 699 4647 τῷ
739 4576 871 4647 θείῳ
904 4578 1071 4639 δοκεῖ,
1117 4577 1371 4646 γλώσσας
1401 4595 1460 4631 τε
1508 4579 1821 4634 παύσεσθαι

1932 3376 1985 3431 in
2020 3378 2238 3438 diebus,
2288 3375 2490 3445 inquit,
2524 3373 2677 3427 vocis
2718 3373 2931 3443 septimi
2963 3373 3162 3442 angeli.
3192 3371 3407 3428 Dictum
3436 3381 3526 3428 est

1932 3478 2113 3523 autem
2159 3484 2257 3536 per
2284 3469 2512 3536 ligurum
2541 3465 2774 3535 ellipsis,
2804 3466 2853 3520 id
2886 3476 2973 3521 est
3022 3465 3267 3520 defectus
3301 3465 3526 3520 :dellcit

1929 3560 2098 3613 enim.
2130 3557 2287 3612 Tunc
2315 3558 2421 3613 erit
2450 3559 2717 3629 temporis
2749 3557 2872 3612 linis
2907 3557 2986 3611 vel
3016 3556 3303 3620 absentia,
3347 3564 3406 3610 ut
3438 3557 3522 3611 sol

1930 3667 2037 3704 non
2086 3652 2403 3705 dimetiatur
2470 3650 2793 3720 temporalia
2852 3647 3157 3704 intervalla.
3237 3648 3521 3717 Siquidem

1931 3743 2020 3797 ubi
2072 3742 2356 3797 canitnrus
2395 3754 2479 3798 est
2539 3743 2805 3814 septimus
2855 3742 3116 3813 angelus,
3171 3750 3304 3796 tunc
3354 3739 3521 3794 etiam

1928 3836 2248 3905 temporalia
2281 3836 2453 3904 spatia
2485 3852 2581 3891 seu
2635 3836 2917 3890 intervalla
2950 3834 3206 3891 deﬁcient
3245 3852 3259 3889 :
3306 3840 3364 3891 et
3393 3833 3519 3887 uni-

1929 3943 2086 3982 versa
2149 3929 2444 3997 impiorum
2501 3929 2716 4000 punitio
2780 3928 3122 3994 imminebit,
3186 3944 3311 3998 qua:
3353 3927 3525 3982 variis

1930 4022 2110 4089 pretiis
2164 4023 2496 4090 pcrliciatur.
2550 4022 2691 4077 Cum
2752 4021 2921 4092 igitur
2976 4037 3219 4091 congruo
3278 4031 3524 4090 tempore

1932 4112 2219 4166 caniturus
2258 4124 2361 4177 cst,
2394 4114 2502 4166 erit
2528 4112 2957 4177 consummatio,
2984 4128 3094 4167 non
3122 4129 3272 4167 nunc
3298 4112 3522 4182 quando

1930 4200 1986 4253 in
2032 4202 2492 4269 contemplatione
2546 4203 2674 4255 tuba
2713 4202 2883 4255 canit.
2926 4202 3285 4256 Convenienti
3334 4212 3519 4256 autem

1932 4302 2181 4363 tempore
2216 4294 2378 4348 linem
2412 4311 2630 4364 quoque
2678 4295 2952 4365 accipient
2984 4311 3107 4365 qua:
3140 4295 3269 4350 tuba
3311 4310 3520 4349 canun-

1932 4396 2040 4449 tur,
2086 4387 2282 4455 inquit,
2337 4397 2392 4442 et
2439 4388 2757 4458 mysterium
2789 4388 2936 4459 quod
2969 4387 3320 4441 annuntiavit
3375 4387 3519 4442 Deus

1929 4478 2105 4533 servis
2143 4479 2261 4534 suis
2309 4480 2610 4550 prophetis.
2645 4479 2780 4534 Nam
2839 4495 3015 4550 usque
3059 4480 3126 4535 ad
3156 4480 3425 4549 judicium
3464 4493 3520 4537 et

1928 4587 2119 4626 eorum
2174 4574 2549 4641 repensionem
2607 4590 2729 4643 qua:
2765 4575 3000 4643 quisque
3043 4574 3095 4627 in
3141 4576 3248 4628 vita
3287 4577 3516 4646 peregit,

244 4668 367 4722 κατ’
402 4670 577 4723 ἐκεῖνο
610 4669 831 4740 καιροῦ,
878 4670 975 4724 καὶ⁵
1013 4670 1353 4741 προφητείας
1398 4673 1816 4744 καταργηθήσε-

1935 4665 2213 4719 vaticinati
2243 4674 2371 4719 sunt
2402 4665 2678 4737 pr0pltetm
2710 4684 2722 4719 :
2748 4666 2894 4734 quod
2930 4674 2984 4719 et
3013 4666 3140 4720 divo
3171 4665 3343 4721 Paulo
3372 4668 3514 4723 vide-

245 4761 394 4814 σθαι.
428 4760 845 4831 Εὑαγγελισμὸν
874 4762 931 4815 δὲ
975 4763 1076 4834 τὴν
1122 4762 1329 4815 τούτων
1371 4763 1598 4817 ἔκϐασιν
1635 4765 1814 4831 καλεῖ,

236 4849 330 4904 διὰ
355 4850 455 4924 τὴν
487 4853 902 4924 ήτοιμασμένην
933 4856 1045 4916 τοῖς
1072 4853 1249 4920 ἁγίοις
1273 4854 1603 4909 ἀνάπαυσιν.

312 5116 423 5170 Καὶ
470 5116 506 5183 ἡ
532 5115 701 5185 φωνὴ
733 5116 814 5185 ἣν
850 5116 1088 5187 ἤκουσα
1109 5120 1176 5173 ἐκ
1208 5119 1313 5173 τοῦ
1342 5121 1603 5188 οὐρανοῦ
1634 5123 1821 5175 πάλιν

234 5209 519 5263 λαλοῦσα
570 5213 698 5278 μετ’
756 5211 903 5279 ἐμοῦ
944 5212 1043 5265 καὶ
1084 5212 1353 5279 λέγουσα
1381 5230 1396 5245 ο
1452 5216 1685 5283 ’Υπαγε
1717 5216 1817 5269 καί

232 5300 386 5356 λάϐε
433 5301 498 5354 τὸ
539 5303 918 5371 ,βιϐλιδάριον
945 5308 1009 5358 τὸ
1040 5304 1418 5375 ἀνεῳγμένον
1454 5307 1523 5359 ἐν
1550 5306 1623 5377 τῇ
1666 5309 1820 5378 χειρί

230 5393 346 5447 τοῦ
375 5392 635 5463 ἀγγέλου
660 5394 763 5449 τοῦ
792 5396 1050 5464 ἑστῶτος
1075 5398 1173 5450 ἐπὶ
1214 5396 1322 5465 τῆς
1348 5400 1669 5468 θαλάσσης
1717 5402 1815 5457 καὶ

224 5484 335 5537 ἐπὶ
389 5484 501 5553 τῆς
542 5486 677 5555 γῆς.
721 5489 835 5541 Kal
881 5488 1165 5557 ἀπῆλθον
1202 5491 1356 5557 πρὸς
1404 5493 1512 5545 τόν
1548 5492 1815 5562 ἄγγελον

225 5576 433 5646 λέγων
463 5575 641 5646 αὐτῷ,
660 5579 875 5636 δοῦναί
898 5600 999 5651 μοι
1030 5584 1094 5635 τὸ
1116 5584 1514 5653 βιϐλιὸἁριον,
1533 5587 1629 5640 καί
1658 5588 1823 5656 λέγει

1929 4767 2038 4821 tur,
2082 4774 2278 4827 nempe
2334 4759 2545 4827 linguas
2597 4774 2663 4813 eo
2711 4768 2955 4826 tempore
3005 4770 3317 4815 cessaturas
3370 4776 3514 4825 esse,

1928 4851 2092 4921 739
2113 4860 2164 4905 et
2195 4852 2508 4921 prapltntias
2541 4851 2863 4906 abolendas.
2900 4851 3104 4906 Horum
3133 4864 3315 4907 autem
3343 4868 3512 4908 even-

1928 4952 2044 4998 lutn
2077 4956 2231 4999 vocat
2261 4945 2685 5014 εύαγγελισμὸν,
2721 4946 2772 5002 id
2808 4954 2892 5000 est
2924 4946 3102 5000 lanam
3134 4946 3512 5002 annuntiatio-

1933 5051 2077 5097 nem,
2119 5048 2337 5106 propter
2378 5051 2620 5107 paratam
2658 5041 2865 5094 sanctis
2901 5041 3169 5109 requiem.

2003 5127 2065 5181 l.\'
2082 5167 2096 5191 ,
2118 5131 2171 5193 8,
2188 5129 2244 5182 9.
2274 5128 2338 5181 Et
2366 5146 2464 5182 rex
2477 5148 2636 5199 quant
2653 5133 2828 5184 audivi
2845 5133 2908 5185 de
2924 5133 3051 5185 caelo
3073 5132 3509 5202 rursumloqueus

1929 5238 2147 5287 mecum,
2185 5232 2233 5277 et
2258 5223 2435 5277 dicens
2460 5240 2479 5279 :
2509 5224 2629 5289 Abi,
2658 5235 2706 5278 et
2744 5227 2920 5294 accipe
2941 5227 3173 5281 libellum
3192 5236 3427 5294 apertum
3446 5228 3510 5278 (le

1929 5332 2089 5370 manu
2131 5317 2308 5385 angeli
2340 5319 2530 5371 stantis
2560 5332 2715 5385 super
2756 5335 2899 5371 mare
2927 5330 2972 5373 et
2999 5334 3155 5387 super
3188 5330 3406 5373 tetram.
3440 5316 3508 5371 Et

1929 5406 2039 5461 abii
2062 5408 2131 5460 ad
2164 5410 2429 5477 angelum,
2467 5411 2683 5480 dixique
2710 5412 2790 5465 illi
2822 5423 2875 5464 ut
2905 5413 3052 5465 daret
3084 5414 3214 5467 mihi
3249 5412 3507 5477 libellum,

1922 5509 1971 5552 et
1999 5500 2075 5552 ait
2101 5500 2230 5553 mihi
2257 5517 2275 5554 :
2301 5502 2511 5572 Accipe,
2541 5512 2590 5556 et
2634 5504 2825 5557 devora
2859 5504 3035 5557 illum:
3060 5515 3105 5557 et
3151 5504 3308 5570 faciet
3355 5522 3507 5558 ama-

1922 5590 2088 5645 t‘icari
2110 5605 2334 5648 ventrem
2363 5605 2533 5662 tuum,
2571 5596 2661 5649 sed
2695 5597 2749 5650 in
2779 5613 2867 5651 ore
2899 5608 2989 5651 tuo
3037 5596 3135 5652 erit
3172 5598 3343 5653 dulcis
3384 5609 3508 5652 lau-

224 5683 338 5733 μοι
362 5683 374 5695 ·
406 5667 564 5722 Λάϐε
595 5670 691 5723 καὶ
726 5670 1033 5741 κατάφαγε
1060 5675 1229 5740 αὐτὸ,
1261 5676 1360 5728 καὶ
1401 5675 1679 5743 πικρανεῖ
1703 5693 1821 5732 σου

1935 5698 2079 5753 [nam
2112 5686 2231 5741 mel.

231 5761 355 5828 τὴν
378 5765 636 5830 κοιλίαν,
658 5766 797 5821 ἀλλ’
818 5768 888 5822 ἐν
915 5766 995 5833 τῷ
1023 5770 1275 5839 στόματί
1295 5787 1411 5826 σου
1432 5770 1600 5826 ἔσται
1628 5774 1822 5842 γλυκὺ
1858 5776 1939 5844 ὡς
1956 5778 2114 5849 μέλι.

309 5922 357 5965 ⁸⁷
411 5920 549 5979 Gen.
584 5939 719 5988 xxn,
754 5924 845 5979 16.
