4030 6578
513 504 619 568 643

1342 494 1668 557 ΛΠΕΤΠᾸΞ
1703 490 2077 553 CAESARE-‘13
2119 482 2599 549 CAPPADOCUE
2637 476 2978 541 EPISCOPI

3652 466 3758 534 614

585 618 807 687 Oportet
854 614 920 669 ad
961 612 1253 683 pleniorem
1291 625 1476 665 corum
1522 623 1644 675 (11118
1693 606 1949 659 dicuntur
2004 602 2088 654 in-

2271 600 2362 650 Δεῖ
2387 597 2521 667 πρὸς
2551 593 2935 663 ἐντελεστέραν
2955 590 3064 643 τῶν
3098 586 3408 656 λεγομένων
3454 585 3655 653 γνῶσιν
3686 583 3764 652 τῷ

513 708 881 778 telligentiam,
932 716 1026 761 aut
1073 706 1343 775 praedicta:
1386 701 1667 756 sententim
1725 705 1910 766 aptare
1961 710 2083 746 ν1ι1-

514 804 641 856 butn
667 801 1093 859 substantivntn,
1116 807 1174 850 ut
1201 798 1271 852 sit
1296 809 1490 850 sensus
1516 811 1529 846 :
1559 793 1622 845 lit
1657 806 1757 842 vox
1793 802 1954 857 quam
1988 802 2079 838 au-

514 897 623 948 divi
654 895 719 948 de
754 898 911 956 8111211,
946 906 1164 945 rursum
1206 901 1321 943 erat
1376 889 1605 953 loquens
1653 897 1863 936 mectnn
1899 890 1953 933 et
2004 880 2089 931 di-

513 1000 644 1038 cens
680 1001 691 1036 :
731 991 844 1043 aut,
887 980 1041 1034 lianc
1090 995 1275 1034 vocem
1314 975 1493 1039 audivi
1554 988 1772 1027 rursum
1819 972 2086 1024 dicentem

518 1076 648 1128 mihi
687 1091 699 1127 :
731 1075 832 1128 hoc
876 1083 1055 1126 autem
1088 1081 1190 1136 est,
1224 1089 1242 1122 1
1274 1068 1467 1122 Audivi
1524 1081 1738 1120 rursum
1772 1064 2041 1117 dicentem
2069 1076 2083 1112 :

516 1168 639 1230 Abi,
659 1176 711 1221 et
742 1166 925 1233 accipe
946 1165 1447 1231 Iibellumapertum
1470 1162 1533 1210 de
1556 1174 1716 1211 manu
1750 1155 1924 1225 angeli
1947 1165 2090 1208 stan-

518 1264 584 1315 tis
609 1275 774 1327 super
794 1273 938 1311 tnare
965 1265 1016 1309 et
1040 1271 1199 1325 super
1234 1253 1565 1308 terramnlil
1598 1252 1685 1304 hic
1706 1251 1808 1303 alia
1839 1248 2087 1317 qn:edam

514 1350 839 1404 eminentior
897 1348 1139 1418 angelica
1203 1356 1442 1415 potestas
1520 1344 1730 1397 videtur
1799 1340 2091 1410 praecipere

514 1442 880 1510 evangelista,
947 1449 1005 1492 111
1036 1454 1129 1508 per
1194 1439 1391 1491 librum
1449 1434 1817 1504 cognitionem
1863 1430 2092 1499 accipiat

519 1550 709 1588 eorum
731 1550 852 1601 qute
881 1533 1103 1587 oraculo
1126 1531 1493 1585 tradebantur.
1533 1529 1671 1595 Quid
1700 1537 1880 1582 autem
1908 1528 2093 1594 11111118⁹

518 1626 677 1679 11111111
705 1623 727 1677 ?
760 1625 827 1678 Ut
861 1634 1080 1693 caperet
1106 1625 1301 1678 librum
1336 1624 1402 1676 ab
1430 1623 1643 1691 angelo.

590 1808 778 1877 Accipe
811 1820 857 1863 et
876 1809 1068 1862 devora
1090 1807 1261 1870 illum,
1294 1814 1401 1861 etc.
1428 1805 1586 1860 Juxta
1623 1803 1766 1874 quod
1792 1804 1921 1857 1111111
1954 1818 2091 1871 pra:-

519 1910 731 1969 ct-ptum
774 1908 911 1963 erat,
950 1900 1145 1969 inquit,
1181 1898 1287 1951 abii
1318 1898 1381 1951 ad
1414 1897 1664 1967 angelum
1719 1908 1911 1964 petens
1936 1895 2091 1948 libel-

2190 691 2537 761 προκειμένῳ
2568 686 2811 760 ρητῷ,ἢ
2864 683 2926 736 τὺ
2974 680 3311 750 ὑπαρκτικὸν
3354 679 3501 748 ῥῆμα
3536 676 3769 747 προσνέο

2194 799 2337 852 μειν,
2360 782 2436 841 ὡς
2466 774 2604 830 εἶναι
2635 775 2804 837 οὕτως
2831 790 2846 805 ⁸
2885 773 3048 841 Καλή
3080 771 3231 839 φωνὴ
3260 772 3325 838 ἣν
3358 771 3564 837 ἤκουσα
3588 769 3652 819 ὲκ
3673 763 3769 819 τοῦ

2190 871 2442 942 οὐρανοῦ,
2477 865 2544 939 ἦν
2582 868 2743 919 πάλιν
2772 864 3010 917 λαλοῦσα
3035 861 3150 933 μετ’
3182 860 3315 929 ἐμοῦ
3360 860 3453 912 καὶ
3489 858 3727 927 λέγουσα

2193 966 2251 1036 ἢ,
2312 963 2528 1031 Ταύτην
2550 961 2647 1030 τὴν
2682 958 2865 1027 φωνὴν
2916 957 3126 1027 ἤκουσα
3155 954 3315 1006 πάλιν
3355 952 3615 1019 λέγουσαν
3648 950 3771 1019 μετ’

2192 1054 2348 1125 ἐμοῦ.
2387 1052 2558 1106 Τοῦτο
2587 1051 2643 1103 δέ
2673 1053 2788 1102 ἐστι
2832 1046 2915 1111 τὸ,
2948 1065 2965 1097 1
3006 1046 3251 1097 Ἥκοισα
3287 1042 3448 1095 πάλιν
3482 1039 3767 1106 λέγουσαν·

2194 1148 2412 1213 ’Ύπαγε
2461 1145 2555 1199 καὶ
2604 1142 2736 1197 λάϐε
2770 1140 2831 1193 τὸ
2861 1139 3192 1210 βιϐλιδάριον
3226 1135 3288 1189 τὸ
3333 1134 3677 1205 ἀνεῳγμένον
3714 1133 3773 1184 ὲν

2192 1243 2256 1309 τῇ
2295 1238 2439 1308 χειρὶ
2474 1236 2567 1288 τοῦ
2592 1233 2825 1302 ἀγγέλου
2847 1230 2940 1284 τοῦ
2973 1231 3207 1291 ἑστῶτος
3246 1226 3341 1281 ἐπὶ
3367 1228 3464 1296 τῆς
3494 1225 3774 1293 Θαλάσσης

2194 1334 2288 1386 καὶ
2310 1331 2403 1383 ἐπὶ
2453 1328 2554 1397 τῆς
2610 1326 2735 1396 γῆς.
2775 1345 2793 1377 1
2829 1322 3121 1378 Κάνταῦθα
3176 1322 3311 1392 άλλη
3368 1337 3451 1383 τις
3499 1318 3774 1387 ἀγγελικὴ

2196 1422 2472 1493 ὑπερτέρα
2521 1419 2748 1487 δύναμις
2816 1416 2892 1485 τῷ
2954 1414 3318 1482 εὐαγγελιστῇ
3378 1408 3771 1479 ἐγκελεύεσθαι

2195 1515 2440 1583 φαίνεται
2464 1512 2549 1564 διὰ
2573 1510 2665 1563 τοῦ
2702 1508 2906 1579 βιϐλίου
2937 1508 3036 1577 τὴν
3074 1505 3277 1574 γνῶσιν
3310 1503 3417 1557 τῶν
3444 1501 3776 1573 χρησμῳόη-

2196 1608 2399 1660 θέντων
2435 1602 2821 1667 ὑποδέξασθαι.
2861 1601 2934 1653 Τί
2988 1599 3042 1653 δὲ
3098 1598 3315 1663 ἐλάλεις
3353 1598 3553 1650 Λαϐεἰν
3591 1596 3651 1649 τὸ
3691 1593 3775 1664 βι-

2195 1698 2342 1751 ϐλίον
2376 1699 2441 1750 ἐκ
2469 1695 2565 1749 τοῦ
2595 1695 2852 1763 ἀγγέλου.

2265 1790 2420 1845 Λάϐε
2473 1788 2571 1841 καὶ
2620 1786 2924 1855 κατάφαγε
2977 1783 3161 1847 αὐτὸ,
3196 1781 3290 1836 καὶ
3326 1780 3473 1849 ἑξῆς.
3519 1779 3678 1833 Κατά
3717 1779 3779 1829 τὸ

2201 1878 2546 1953 προσταχθέν
2579 1894 2691 1946 μοι,
2728 1876 2915 1944 φησὶν,
2951 1871 3192 1941 ἀπῆλθον
3237 1868 3374 1939 πρὸς
3422 1866 3514 1918 τὸν
3540 1862 3776 1932 ἄγγελον

522 1992 656 2054 111111,
694 2002 745 2045 81
782 2002 1061 2059 acceptum
1103 1990 1312 2043 comedi
1352 1990 1506 2057 juxta
1539 1988 1683 2042 illius
1740 1998 2089 2057 praeceptum,

2207 1974 2365 2028 αἰτῶν
2396 1972 2457 2025 τὸ
2515 1969 2868 2040 βιϐλιδάριον,
2931 1965 3024 2017 καὶ
3072 1961 3253 2017 λαϐὼν
3303 1960 3507 2029 ἔφαγον
3544 1957 3687 2011 κατὰ
3717 1956 3781 2006 τὸ

520 2081 637 2150 qui,
682 2092 739 2133 ut
776 2081 823 2134 ei
850 2096 1067 2149 quoque
1092 2078 1265 2133 visum
1299 2080 1471 2133 fuerat
1500 2080 1592 2147 qui
1623 2077 1867 2142 dederat,
1902 2078 1957 2131 in
1988 2077 2093 2130 ini-

522 2174 598 2226 tio
623 2174 798 2228 dulcis
817 2184 931 2228 erat
963 2182 1182 2243 propter
1203 2172 1515 2226 futurorum
1539 2172 1904 2242 cognitionem
1935 2189 1948 2224 :
1971 2186 2093 2224 nam

523 2267 627 2321 hoc
653 2267 901 2335 designat
947 2281 1041 2334 per
1070 2282 1152 2329 us,
1183 2265 1310 2335 quia
1341 2280 1435 2333 per
1459 2264 1635 2332 ipsum
1666 2264 1723 2317 lit
1752 2263 1965 2316 initium
1999 2277 2095 2317 co-

524 2358 837 2413 tnestionis:
873 2373 1037 2427 porro
1067 2373 1289 2411 amarus
1331 2366 1448 2412 erat
1475 2357 1529 2410 in
1579 2367 1789 2420 ventre,
1853 2366 2094 2410 ventrem

529 2451 718 2505 dicens
750 2450 920 2503 animi
955 2450 1433 2519 recogitationem,
1473 2449 1588 2503 sive
1619 2462 1967 2518 progressum
2003 2462 2096 2501 ra-

524 2543 808 2596 tionalium
843 2545 1247 2596 alimentorum.
1284 2542 1552 2608 Quoniam
1572 2541 1716 2595 enim
1748 2549 1973 2594 noverat
1997 2540 2099 2593 im-

525 2633 737 2700 piorutn
772 2632 1061 2700 supplicia,
1094 2648 1215 2700 qua:
1243 2632 1312 2686 ab
1344 2647 1532 2686 eorum
1575 2646 1697 2702 quae
1731 2646 1761 2685 a
1790 2630 1901 2685 Deo
1938 2645 2099 2699 sepa-

526 2724 627 2777 rati
674 2733 832 2777 eraut
893 2725 1155 2793 operibus
1210 2725 1617 2793 procedebant:
1672 2731 1897 2778 noverat
1936 2726 2099 2778 etiam

524 2815 670 2884 quod
699 2814 811 2868 lure
842 2817 1057 2877 notitia,
1095 2831 1289 2884 nempe
1314 2816 1455 2882 quod
1493 2814 1742 2871 homines
1766 2815 1853 2870 sui
1886 2815 2101 2885 generis

528 2904 639 2959 Deo
673 2906 1023 2961 abominandi
1058 2917 1262 2972 essent,
1298 2915 1353 2961 et
1386 2906 1457 2961 ob
1484 2906 1536 2961 id
1569 2907 1764 2961 merito
1793 2907 1847 2961 in
1887 2906 2100 2976 suppli-

526 2997 607 3049 cia
658 2997 971 3065 alijiciendi,
1016 3013 1180 3051 causa
1213 2996 1350 3052 foret
1382 2997 1765 3053 amaritudinis
1805 2998 1858 3051 in
1907 3012 1974 3053 eo
2003 2997 2098 3067 qui

524 3088 985 3157 contemplatione
1007 3090 1209 3157 dignus
1233 3090 1544 3156 haberetur,
1574 3090 1644 3143 ob
1665 3089 2097 3160 compassiouem

525 3192 654 3247 erga
694 3179 818 3232 illos
841 3180 933 3247 qui
969 3180 1049 3233 sui
1087 3181 1301 3249 generis
1328 3188 1531 3235 essent.
1566 3180 1754 3235 Potest
1788 3180 1888 3235 11118
1921 3182 2086 3235 etiam

2200 2066 2409 2119 ἐκείνου
2450 2062 2804 2133 πρόσταγμα,
2838 2058 2866 2110 ὃ
2898 2059 2992 2110 καὶ
3024 2050 3124 2126 ἦν,
3155 2055 3227 2115 ὡς
3251 2052 3423 2105 ἐδόκει
3458 2049 3551 2104 καὶ
3583 2048 3659 2117 τῷ
3689 2047 3782 2099 δε-

2195 2158 2414 2221 δωκότι,
2466 2155 2640 2224 γλυκὺ
2684 2153 2782 2223 μὲν
2831 2148 2950 2203 κατ’
2984 2148 3184 2218 ἀρχὰς,
3218 2144 3306 2198 διὰ
3354 2144 3454 2214 τὴν
3505 2141 3613 2194 τῶν
3650 2139 3783 2209 μελ-

2196 2251 2398 2305 λόντων
2427 2248 2627 2316 γνῶσιν
2651 2262 2665 2277 ⁸
2718 2245 2878 2299 τοῦτο
2908 2243 3014 2312 γάρ
3044 2240 3347 2293 αἰνίττεται
3382 2237 3469 2289 διὰ
3502 2234 3598 2287 τοῦ
3653 2233 3751 2285 στὸ

2201 2357 2395 2412 ματος,
2436 2340 2519 2392 ὅτι
2540 2337 2607 2390 δι’
2637 2334 2803 2389 αὐτοῦ
2836 2336 2868 2403 ὴ
2902 2332 2995 2385 τοῦ
3047 2330 3248 2383 ἐσθίειν
3287 2328 3464 2396 ἀρχή·
3498 2324 3695 2394 πικρὸν
3723 2323 3782 2379 δὲ

2198 2436 2256 2487 ὲν
2278 2432 2479 2501 κοιλίᾳ,
2507 2428 2713 2485 κοιλίαν
2741 2427 2802 2481 τὸ
2835 2424 3175 2495 διανοητικὸν
3199 2421 3371 2489 λέγων
3408 2418 3441 2489 ἢ
3474 2416 3783 2487 χωρητικὸν

2196 2524 2305 2578 τῶν
2336 2520 2567 2590 λογικῶν
2596 2518 2831 2590 τροφῶν.
2873 2514 3029 2570 Ἐπεὶ
3055 2514 3163 2582 γὰρ
3195 2512 3336 2579 ἔγνω
3371 2510 3467 2572 τὰς
3500 2508 3607 2561 τῶν
3643 2508 3776 2560 ἀσε-

2199 2616 2308 2667 ϐῶν
2366 2613 2615 2675 κολάσεις
2671 2610 2730 2677 ἐξ
2793 2608 2971 2678 ἔργων
3026 2602 3328 2676 ἐσχηκυίας
3379 2601 3476 2672 τὴν
3545 2597 3785 2670 ὓπαρξιν

2198 2705 2306 2757 τῶν
2332 2702 2703 2774 ἀπηχημένων
2736 2698 2875 2769 Θεῷ,
2907 2697 3048 2766 ἔγνω
3074 2697 3170 2749 καὶ
3196 2694 3271 2755 ὡς
3298 2691 3375 2762 τῷ
3406 2692 3503 2759 τῆς
3543 2689 3781 2761 θεωρίις

2198 2797 2487 2868 ἠξιωμὲνῳ
2531 2795 2619 2847 διὰ
2662 2790 3007 2862 συμπάθειαν
3064 2787 3160 2842 τοῦ
3211 2783 3504 2855 ὁμογενοῦς
3547 2782 3779 2851 πικρίας

2199 2888 2486 2960 παραίτιον
2528 2888 2817 2957 γενήσεται
2856 2886 2890 2956 ἡ
2920 2882 3121 2951 γνῶσις
3160 2878 3253 2933 τοῦ
3310 2875 3601 2948 ὁμογενοῦς
3632 2874 3786 2928 ὲὸδε-

2199 2981 2472 3050 λυγρὲνου
2497 2977 2638 3049 Θεῷ,
2671 2978 2766 3031 καὶ
2791 2977 2879 3031 διά
2905 2975 3064 3031 τοῦτο
3115 2972 3404 3028 κολάσεσιν
3432 2970 3595 3035 ἀξίως
3645 2968 3782 3023 ὑπο⁴

2201 3073 2629 3145 ϐληθησομένου.
2665 3072 2823 3125 Ἐστι
2852 3069 2944 3122 καὶ
2971 3066 3147 3129 οὕτως
3180 3065 3309 3135 περί
3336 3062 3540 3117 τούτων
3563 3062 3740 3117 εἰπεῖν
3768 3076 3781 3089 ’

2203 3167 2313 3222 Καὶ
2343 3164 2531 3234 ἐπειδὴ
2565 3164 2623 3216 ὲν
2656 3162 2733 3233 τῷ
2765 3160 2957 3232 βιϐλίῳ
2995 3157 3171 3227 τούτῳ
3220 3157 3373 3209 πᾶσα
3399 3153 3783 3224 ὲναπὸγραφος

527 3244 691 3323 modo
715 3270 781 3324 de
810 3244 893 3325 bis
923 3271 1028 3325 dici
1061 3244 1373 3337 :quoniam
1410 3272 1464 3326 in
1502 3272 1605 3328 boe
1650 3274 1787 3327 libro
1820 3273 2095 3343 descripta

2207 3263 2235 3333 ἡ
2285 3259 2393 3313 τῶν
2441 3259 2499 3311 ὲν
2543 3255 2677 3327 τῷδε
2731 3254 2809 3324 τῷ
2839 3253 2940 3323 βίῳ
2987 3246 3541 3321 ἐμπεπολιτευμένων
3571 3244 3786 3312 ἀγωγὴ,

527 3370 682 3415 8111111
708 3362 958 3415 universa
1000 3363 1174 3416 studia
1206 3377 1394 3416 eorum
1425 3364 1518 3432 qui
1552 3363 1732 3417 11111118
1759 3364 1867 3417 vita
1904 3364 2101 3418 versati

2209 3351 2431 3413 εἰκότως
2464 3350 2586 3402 κατ’
2614 3348 2791 3418 ἀρχὰς
2827 3348 2925 3416 μὲν
2955 3344 3011 3397 ὲν
3041 3346 3107 3414 τῇ
3133 3341 3242 3395 τῶν
3270 3337 3652 3406 ἀγαθουργιῶν
3699 3337 3789 3388 εὑ-

533 3451 745 3505 fucrant
787 3453 980 3506 merito
1011 3452 1166 3521 juxta
1193 3452 1345 3507 initia
1383 3428 1602 3522 quidem
1645 3454 1695 3506 in
1738 3453 1878 3507 felici
1933 3454 2104 3507 bono-

2208 3445 2369 3514 τυχίᾳ
2398 3440 2770 3510 γλυκανθῆναι
2792 3438 3061 3507 ἐφαίνετο.
3098 3436 3222 3488 Ἐπὶ
3252 3432 3386 3486 πολὺ
3417 3431 3473 3483 δὲ.
3497 3428 3787 3499 προϐάντι,

532 3559 652 3597 111111
688 3557 913 3613 operum
948 3559 1205 3598 successu
1235 3544 1909 3619 1111161180816-1111811111111*ζ
1937 3559 2103 3614 porro

2208 3537 2347 3607 ὅπερ
2376 3536 2409 3605 ἡ
2443 3535 2746 3597 κατάποσις
2776 3532 3106 3602 είσηγείται,
3131 3528 3228 3582 καὶ
3256 3528 3373 3589 ταῖς
3407 3522 3514 3577 τῶν
3545 3521 3780 3589 κακούρ.

539 3633 630 3688 11111
668 3634 887 3703 longius
934 3635 1315 3702 processisset,
1369 3634 1516 3703 quod
1549 3614 1767 3687 indicat
1813 3634 2107 3687 devorandi

2211 3646 2325 3697 γων
2360 3626 2761 3699 περιενεχθέντι
2781 3624 3102 3696 βδελυρίαις,
3143 3621 3334 3689 ὀδύνης
3370 3614 3788 3687 ἀναπλησθῆναι

530 3738 657 3786 vox,
693 3731 747 3778 et
799 3726 851 3777 in
889 3740 1181 3793 pravorum
1219 3724 1652 3778 abominationes
1693 3726 1986 3794 perductus
2020 3739 2110 3777 es-

531 3824 634 3877 set,
667 3815 828 3884 740
855 3817 1098 3870 cruciatu
1131 3823 1179 3870 et
1214 3815 1578 3869 amaritudine
1606 3816 1914 3884 rcplebatur
1939 3832 1952 3868 :
1982 3829 2109 3869 cru-

533 3905 673 3959 ciatu
699 3909 940 3976 quidem,
972 3917 1193 3977 propter
1223 3906 1490 3977 ejulatum
1523 3918 1867 3977 peccatorum
1898 3922 1962 3961 ex
1989 3914 2105 3962 tor-

535 3998 773 4052 mentis:
822 3999 1189 4053 amaritudine
1218 4014 1369 4064 vero,
1399 3999 1525 4070 quia
1566 4009 1757 4054 contra
1785 4000 1859 4053 illi
1890 3999 1984 4068 qui
2019 3996 2105 4053 sui

531 4093 745 4156 generis
776 4102 953 4157 erant,
985 4108 1054 4147 ne
1084 4108 1178 4147 eos
1207 4092 1425 4163 quidem
1480 4092 1716 4147 tulerant
1746 4092 1839 4162 qui
1890 4090 2105 4162 egregia
2128 4152 2143 4170 .

2215 3722 2312 3774 xal.
2371 3719 2595 3789 πικρίας
2626 3735 2638 3748 ·
2696 3718 2910 3787 ὀδύνης,
2949 3716 3036 3768 διὰ
3064 3716 3156 3769 τὸν
3186 3716 3249 3767 ὲκ
3273 3711 3378 3766 τῶν
3406 3710 3652 3779 βασάνων
3679 3705 3790 3759 τῶν

2214 3811 2556 3882 ἁμαρτωλῶν
2604 3808 2900 3877 ὀλολυγμὸν
2921 3825 2935 3839 θ
2970 3806 3198 3875 πικρίας
3222 3842 3238 3867 ,
3268 3805 3350 3857 ὅτι
3381 3801 3455 3871 μὴ
3502 3796 3790 3867 ἐνάμιλλοι

2214 3904 2310 3957 καὶ
2330 3904 2483 3958 αὐτοὶ
2512 3903 2790 3972 ὁμογενεῖς
2807 3900 2959 3962 ὄντες
2984 3902 3096 3960 τοῖς
3122 3894 3537 3963 κατωρθωκὸσιν
3561 3888 3789 3961 ὴνέχοης

2216 3995 2417 4052 σαν.Ἢ
2444 3994 2560 4057 πῶς
2589 3994 2654 4047 ἂν
2671 3993 2732 4044 τὸ
2754 3992 2931 4058 λόγιον
2960 3989 3227 4043 ὲκτελεῖτο
3254 3987 3334 4050 τὸ,
3355 4004 3374 4037 ι
3400 3982 3622 4054 Χαίρειν
3652 3980 3791 4049 μετὰ

2214 4089 2541 4161 χαιρόντων,
2575 4088 2667 4140 καὶ
2695 4086 2899 4139 κλαίειν
2931 4084 3072 4154 μετὰ
3109 4081 3443 4147 κλαιόντων;
3475 4096 3493 4129 1

531 4177 774 4235 facinora
806 4182 1194 4250 prazstiterant.
1222 4182 1436 4255 Alioqui
1455 4184 1727 4254 quomodo
1756 4166 2141 4253 complereturv
2163 4181 2472 4244 oraculum,
2509 4198 2527 4231 1
2557 4178 2799 4234 Gaudete
2850 4192 2971 4232 cum
3004 4173 3370 4245 gaudentibus
3393 4181 3446 4225 et
3498 4166 3621 4225 ﬂete
3662 4180 3788 4220 cum

532 4274 787 4330 ﬂentibus
808 4275 889 4329 ⁵⁸2
919 4294 939 4329 1

1095 4385 1325 4441 CAPUT
1356 4383 1525 4439 XXIX

536 4496 688 4561 Quod
743 4495 979 4549 libellum
1033 4498 1097 4550 118
1161 4514 1320 4549 manu
1372 4496 1545 4566 angeli
1585 4496 1905 4566 evangelista
1956 4512 2109 4549 acce-

1238 4569 1394 4634 perit.
1604 4594 1609 4599 ι
2142 4601 2186 4654 D

618 4679 715 4745 IX,
742 4680 830 4743 10,
862 4679 949 4731 Η.
983 4678 1048 4732 Et
1073 4681 1250 4747 accepi
1284 4679 1519 4732 libellum
1549 4680 1612 4733 de
1641 4697 1802 4733 manu
1835 4680 2027 4748 angeli,
2058 4690 2106 4733 ct

538 4771 780 4823 devoravi
810 4770 987 4834 illum,
1010 4771 1295 4837 erutgnein
1323 4786 1411 4822 ore
1442 4786 1554 4822 meo
1585 4781 1835 4839 tanquam
1861 4770 1961 4822 mel
1991 4770 2109 4823 dul-

538 4865 636 4921 cis,
668 4869 715 4913 et
754 4877 872 4913 cum
922 4860 1252 4914 devorassem
1287 4860 1460 4924 illum,
1495 4864 1816 4915 amaricalus
1841 4871 1916 4915 est
1941 4874 2113 4916 venter

538 4968 681 5005 meus
707 4967 726 5005 :
754 4961 801 5005 et
834 4952 1014 5005 dicunt
1048 4953 1213 5006 mihi:
1243 4953 1458 5023 Oportet
1487 4963 1532 5007 te
1562 4969 1771 5006 rursum
1803 4954 2112 5023 prophetare

537 5044 597 5099 in
638 5045 865 5115 populis,
898 5055 945 5098 et
978 5046 1233 5116 gentibus,
1258 5056 1305 5100 et
1340 5046 1555 5115 linguis,
1580 5055 1629 5099 et
1664 5047 1870 5117 regibus
1906 5047 2109 5101 ntultis.

613 5220 798 5276 Potest
827 5234 879 5277 et
910 5223 1015 5275 alio
1063 5222 1224 5276 modo
1255 5222 1321 5276 de
1348 5221 1710 5275 amaritudine
1735 5236 1797 5275 118
1824 5222 2114 5276 dulcedine

542 5310 733 5365 haberi
772 5311 1179 5380 contemplatio.
1235 5311 1502 5376 Quoniam
1550 5312 1693 5365 enim
1753 5323 1975 5366 sanctus
2020 5314 2112 5380 qui

542 5404 657 5457 lucc
687 5403 997 5457 intuebatur
1030 5419 1226 5472 expers
1253 5415 1369 5457 erat
1404 5403 1714 5472 hujusniodi
1750 5406 2112 5475 impietatum,

540 5494 764 5564 jubetur
798 5510 890 5563 per
918 5494 1039 5547 libri
1070 5497 1496 5557 devorationem,
1529 5498 1580 5549 in
1605 5512 1713 5566 quo
1737 5508 1789 5551 81
1818 5499 2039 5551 nomina
2064 5506 2117 5553 et

553 5587 803 5640 actiones
830 5585 1119 5654 iirpiorum
1163 5587 1602 5652 continebantur,
1639 5590 1993 5659 omniumque
2019 5603 2119 5657 pu-

548 5678 805 5743 nitiones,
853 5678 1096 5747 jubetur,
1133 5680 1393 5749 inquam,
1428 5696 1532 5734 non
1590 5680 1910 5750 simpliciter
1933 5679 2116 5745 edere,

546 5768 715 5837 (nam
747 5768 849 5824 hoc
901 5770 1177 5839 vulgarem
1227 5778 1281 5825 et
1341 5770 1775 5843 qualemcunque
1825 5770 2112 5842 experien-

613 5919 663 5958 ⁸⁸
714 5920 875 5981 lium.
914 5940 1009 5994 1111,
1067 5924 1151 5981 15.

2781 4374 3029 4427 ΚΕΦΑΛ.
3063 4368 3189 4426 ΚΘ’.

2220 4468 2423 4552 Ὅπως
2446 4486 2513 4539 τὸ
2538 4485 2920 4555 ,βιϐλιδάριον
2950 4486 3017 4555 ἐκ
3062 4483 3261 4552 χειρὸς
3314 4482 3420 4536 τοῦ
3459 4481 3721 4551 ἀγγέλου
3760 4486 3794 4536 δ

2635 4554 3070 4626 εὐαγγελιστὴς
3095 4556 3364 4621 εἴληφεν.

2292 4670 2399 4725 Kal
2429 4670 2651 4725 ἔλαϐον
2674 4670 2739 4723 τὸ
2768 4670 3015 4733 βιϐλίον
3039 4668 3106 4720 ἐκ
3132 4666 3242 4733 τῆς
3268 4667 3464 4735 χειρὸς
3481 4666 3589 4719 τοῦ
3620 4667 3796 4735 ἀγγέ-

2211 4768 2357 4831 λου,
2397 4763 2497 4816 καί
2531 4761 2869 4830 κατέφαγον
2893 4761 3060 4814 αὑτό.
3095 4762 3199 4813 Καὶ
3232 4756 3402 4835 ἦκὲν
3434 4759 3514 4824 τῷ
3541 4761 3796 4828 στόματι

2205 4875 2347 4926 μου,
2380 4856 2460 4920 ὡς
2491 4853 2630 4923 μέλι
2661 4853 2876 4921 γλυκύ.
2910 4852 3017 4905 Καὶ
3053 4851 3153 4904 ὅτε
3193 4853 3423 4920 ἔφαγον
3464 4852 3631 4915 αὐτὸ,
3671 4853 3798 4905 ἐπι-

2214 4949 2438 5017 γράνθη
2469 4948 2505 5014 ἠ
2534 4946 2731 4998 κοιλία
2774 4961 2894 5012 μου
2917 4983 2932 5008 ,
2996 4943 3095 4997 καὶ
3120 4942 3376 5011 λέγουσι
3413 4960 3548 5011 μοι’
3585 4943 3684 4995 Δεῖ
3721 4960 3797 4997 σε

2214 5040 2403 5093 πάλιν
2459 5036 2880 5107 προφητεῦσαι
2931 5035 3029 5088 ἐπὶ
3057 5035 3260 5102 λαοῖς,
3298 5034 3399 5088 καὶ
3433 5036 3533 5089 ἐπὶ
3567 5036 3794 5100 ἔθνεσι,

2215 5129 2313 5182 καὶ
2354 5128 2686 5197 γλώσσαις,
2717 5127 2815 5180 καὶ
2842 5126 3177 5190 ,βασιλεῦσι
3196 5126 3469 5190 πολλοῖς.

2292 5222 2452 5273 Ἔστι
2480 5221 2579 5273 καὶ
2617 5220 2791 5283 ἄλλως
2827 5218 2956 5289 περὶ
3000 5217 3093 5272 τοῦ
3152 5217 3353 5288 πικροῦ
3395 5216 3665 5287 θεωρῆσαι
3700 5218 3797 5269 καὶ
3896 5272 3901 5277 ,

2216 5311 2311 5363 τοῦ
2343 5310 2609 5377 γλυκέως.
2653 5310 2805 5361 Ἐπεὶ
2856 5309 2964 5379 γάρ
3005 5310 3034 5360 ὁ
3059 5307 3231 5360 ταῦτα
3256 5307 3397 5376 ὁρῶν
3430 5306 3603 5373 άγιος,
3634 5307 3797 5357 άπείο

2225 5415 2387 5470 ρατος
2414 5397 2673 5449 τοιούτων
2702 5396 3092 5467 ἀνοσιουργιῶν
3122 5398 3354 5467 ὑπῆρχε,
3385 5395 3663 5449 κελεύεται
3707 5396 3797 5448 διὰ

2218 5494 2317 5561 τῆς
2345 5492 2702 5554 καταπόσεως
2728 5490 2822 5543 τοῦ
2844 5490 3075 5559 βιϐλίου,
3105 5482 3149 5557 ᾧ
3180 5488 3239 5541 αῖ
3257 5505 3316 5541 τε
3349 5487 3679 5556 ὀνομάστραι
3702 5486 3799 5542 καὶ

2220 5587 2275 5638 αί
2312 5585 2537 5654 πράξεις
2566 5584 2674 5636 τῶν
2699 5583 2912 5638 ἀσεϐῶν
2926 5583 3245 5652 ἑνεφέροντο
3267 5582 3359 5634 καὶ
3386 5582 3443 5633 αί
3471 5581 3559 5633 διὰ
3584 5580 3795 5641 πάντας

2221 5677 2491 5742 κολάσεις,
2529 5677 2686 5730 τοῦτο
2744 5680 2842 5747 οὐχ
2897 5676 3084 5740 ἁπλῶς
3129 5679 3322 5745 φαγεῖν
3352 5673 3528 5745 (τοῦτο
3562 5673 3665 5742 γάρ
3698 5673 3798 5736 τὴν

2221 5769 2297 5834 ὡς
2331 5770 2488 5842 ἔτυχε
2545 5773 2741 5842 πεῖραν
2773 5770 3198 5839 ὑποϐάλλεται),
3249 5768 3388 5823 άλλά
3418 5768 3789 5835 καταφαγεῖν,
