4046 6658
244 504 345 570 645

1327 505 1718 570 COMMENT.
1763 505 1847 567 ΙΝ
1886 505 2420 571 APOCALYPSIN.

3406 510 3514 573 646

243 621 544 691 τουτέστιν,
565 621 623 676 ὲν
659 620 825 694 πείρᾳ
847 621 945 676 τοῦ
969 621 1297 694 πράγματος
1319 624 1595 690 γενέσθαι,
1636 623 1727 676 καὶ
1756 622 1830 686 ὡς

1940 625 2068 677 tiam
2109 623 2428 694 designat),
2463 625 2556 679 sed
2591 625 2876 692 devorare,
2914 627 3016 682 hoc
3065 633 3148 683 est
3183 625 3395 696 plenam
3436 628 3517 684 rei

245 715 549 787 αὐτουργὸν
577 717 933 786 κομισθῆναι,
984 716 1057 781 ὡς
1105 717 1194 771 διὰ
1230 716 1332 787 τῆς
1382 717 1585 788 πολλῆς
1632 717 1832 788 πείρας

247 806 576 877 ἐληλακότας
603 807 698 861 τοῦ
742 808 1010 863 τοιούτου.
1053 809 1134 862 Δι’
1185 810 1324 879 ὅπερ
1381 807 1664 879 καταρχὰς
1731 809 1832 880 μὲν

243 898 330 952 διὰ
359 900 460 971 τὴν
515 901 724 968 γνῶσιν
748 942 763 966 ,
806 901 932 972 ἦτις
964 902 1054 956 ἀεὶ
1105 902 1575 974 περισπούδαστος
1615 898 1829 972 ἀνθρώ-

243 1007 386 1057 ποις,
419 991 757 1064 γλυκύτητος
809 995 1047 1066 ἔμφασιν
1081 999 1384 1068 παρασχεῖν
1417 998 1689 1066 φαίνεται,
1739 1015 1831 1050 πι-

244 1083 406 1154 κρίας
452 1085 534 1149 δὲ,
566 1087 654 1140 διὰ
703 1086 806 1158 τὴν
853 1087 1298 1158 ἀπαραλόγιστον
1331 1090 1536 1158 γνῶσιν
1586 1090 1697 1144 τῶν
1758 1091 1826 1161 τῇ

244 1176 449 1249 ἀμοιϐῇ
478 1178 587 1231 τῶν
621 1180 1017 1252 ἀνοσιουργιῶν
1051 1181 1516 1254 ύποκεισομένων.

313 1440 414 1494 Δεῖ
440 1455 517 1493 σε
539 1439 728 1494 πάλιν
759 1442 1194 1511 προφητεῦσαι.
1245 1445 1346 1499 Διά
1379 1445 1584 1501 τούτων
1613 1447 1825 1501 δείκνυ-

241 1549 333 1586 ται
360 1532 434 1604 μὴ
462 1533 661 1586 αὐτίκα
691 1534 830 1603 μετά
846 1534 942 1606 τὴν
969 1535 1158 1606 ὅρασιν
1182 1536 1281 1606 τῆς
1306 1538 1705 1609 ἀποκαλύψεως
1725 1540 1826 1608 τὴν

243 1624 473 1677 ἔκϐασιν
501 1625 613 1678 τῶν
641 1627 953 1696 ὁραθέντων
983 1629 1395 1695 ἐπακολουθεῖν,
1426 1631 1561 1685 ἀλλά
1590 1631 1702 1684 δεῖν
1731 1632 1826 1686 τὸν

246 1720 522 1788 μακάριον
559 1719 749 1772 τοῦτον
775 1722 970 1774 πολλοῦ
1002 1722 1098 1776 τοῦ
1139 1723 1334 1794 χρόνου
1363 1726 1824 1796 παρατεινομένου

251 1807 417 1876 μέχρι
471 1807 572 1876 τῆς
623 1809 932 1873 συντελείας
975 1812 1068 1865 τοῦ
1104 1813 1300 1882 θνητοῦ
1341 1797 1550 1884 κόσμου
1607 1813 1822 1882 τούτου,

244 1897 382 1950 κλθὸ
411 1898 585 1951 ταῦτα
623 1897 722 1970 τὴν
777 1899 1058 1971 πλήρωσιν
1109 1903 1263 1956 λάϐοι
1289 1945 1303 1970 ,
1336 1904 1552 1969 πολλοῖς
1611 1923 1825 1979 προφη-

1936 718 2327 786 expcrientiam
2379 733 2617 782 sumere,
2659 729 2713 774 et
2739 721 2895 789 quasi
2938 721 3014 774 rei
3062 730 3257 775 auctor
3312 723 3514 792 depor-

1939 811 2068 873 tari,
2112 821 2370 879 tauquam
2415 812 2582 866 multa
2610 812 2940 882 experientia
2978 813 3044 866 ad
3084 814 3185 868 hoc
3219 814 3510 882 pervenis-

1932 912 2015 957 set
2045 920 2061 960 :
2093 912 2314 973 propter
2344 904 2488 974 quod
2532 906 2584 958 in
2609 904 2766 959 initio
2794 903 3037 973 quidem,
3067 915 3288 974 propter
3312 906 3506 974 cogni-

1933 994 2133 1048 tionem
2170 1010 2290 1066 qua:
2335 1010 2551 1066 semper
2583 995 2652 1051 ab
2707 995 3027 1050 hominibus
3075 1012 3275 1066 magno
3329 997 3515 1052 studio

1930 1086 2256 1152 all‘cctatur,
2327 1088 2630 1144 dulcedinis
2700 1087 3229 1143 demonstrationem
3286 1103 3395 1157 pra:
3457 1103 3517 1142 se

1930 1177 2076 1234 ferre
2103 1179 2359 1236 videtur:
2405 1181 2823 1238 amaricationis
2868 1197 3000 1236 vero
3039 1191 3264 1252 propter
3315 1180 3517 1235 iul‘alli-

1929 1270 2092 1325 bilem
2129 1272 2502 1342 cognitionem
2537 1289 2728 1328 eorum
2762 1289 2884 1344 quae
2915 1274 3157 1344 reposita
3188 1281 3319 1328 sunt
3349 1272 3404 1327 in
3435 1288 3517 1328 re.

1929 1363 2286 1418 tributionem
2318 1362 2684 1434 impietaium.

2002 1455 2219 1523 Oportet
2253 1465 2299 1511 te
2339 1473 2547 1510 rursum
2571 1458 2902 1526 prophetare.
2940 1456 3042 1512 Per
3070 1457 3185 1512 haec
3209 1458 3520 1514 ostenditur

1927 1547 2072 1618 quod
2107 1564 2215 1602 nun
2245 1549 2427 1602 statim
2459 1557 2581 1618 post
2612 1551 2876 1603 visionem
2925 1549 3280 1604 revelatiouis
3315 1565 3514 1618 seque-

1927 1649 2081 1694 retur
2095 1654 2285 1694 eorum
2310 1651 2536 1695 eventus
2556 1657 2679 1710 qua:
2709 1640 2825 1695 visa
2845 1649 3023 1702 erant,
3049 1641 3142 1695 sed
3175 1641 3320 1709 quod
3346 1655 3515 1710 Opor-

1929 1739 2067 1786 tcret
2095 1734 2241 1788 [nunc
2261 1736 2477 1789 beatum
2510 1735 2688 1787 virum
2717 1733 2890 1787 multo
2919 1743 3182 1802 tempore,
3215 1733 3359 1802 quod
3387 1747 3519 1801 pro-

1928 1827 2245 1883 tenderetur
2266 1843 2441 1899 usque
2463 1828 2530 1882 ad
2563 1826 2938 1897 corruptibilis
2970 1825 3136 1895 hujus
3169 1824 3360 1878 mundi
3387 1839 3510 1878 con-

1928 1919 2377 1986 surunlationem,
2409 1920 2538 1974 dum
2560 1919 2678 1974 haec
2699 1919 3160 1989 complementum
3182 1917 3517 1988 accipereut,

243 1988 480 2053 τεύσειν,
525 1990 636 2043 εἴτε
691 1991 782 2044 διὸ.
837 1995 1094 2060 γνώσεως
1143 1995 1238 2049 τοῦ
1284 1995 1616 2067 Εύαγγελίου
1662 2000 1829 2053 αὐτοῦ

1940 2011 2124 2068 multis
2152 2013 2511 2082 prophetare:
2543 2013 2658 2068 sive
2687 2029 2784 2084 per
2813 1988 3184 2080 cciguitionem
3219 2011 3303 2066 sui
3333 2010 3514 2064 Evan-

246 2081 308 2130 ἐν
355 2072 399 2147 ᾧ
446 2082 573 2135 τινὰ
613 2081 722 2134 τῶν
756 2081 1061 2151 μελλόντων
1115 2086 1418 2156 ἐμφέρεται
1446 2127 1460 2152 ,
1515 2087 1548 2159 ἢ
1598 2088 1694 2141 καὶ
1737 2088 1826 2142 διὰ

243 2172 344 2240 τῆς
397 2173 768 2245 προκειμένης
833 2175 1279 2247 ’Λποκαλύψεωςο
1331 2177 1405 2242 ὡς
1437 2179 1540 2250 ἤδη
1583 2179 1822 2250 εἴρηται·

246 2265 363 2318 Οᾷκ
409 2265 626 2335 ἀγνοεῖν
663 2266 720 2321 δὲ
768 2269 850 2321 δεῖ
886 2269 963 2334 ὡς
1019 2270 1128 2323 ἀπὸ
1167 2270 1357 2324 τούτου
1381 2271 1477 2324 τοῦ
1510 2271 1674 2342 ῥητοῦ
1707 2271 1824 2339 τοῦ,

244 2355 348 2409 Δεῖ
411 2370 488 2410 σε
547 2357 738 2412 πάλιν
807 2361 1262 2430 προφητεῦσαι,
1322 2363 1507 2434 ἔχουσι
1558 2363 1719 2429 δόξαν
1775 2367 1826 2418 0t

245 2449 434 2502 πολλοὶ
461 2449 539 2514 ὡς
569 2452 736 2524 μέχρι
789 2454 890 2524 τῆς
941 2453 1257 2519 συντελείας
1302 2458 1331 2510 6
1365 2457 1636 2528 μακάριος
1666 2451 1825 2522 οὗτος

252 2540 470 2612 (instat
523 2541 644 2612 ἥξει
698 2543 842 2598 κατά
895 2545 1086 2617 καιρὸν
1131 2547 1228 2600 τοῦ
1284 2548 1652 2619 ’Λντιχρίστου
1687 2550 1829 2619 μετά

258 2635 430 2705 Ἑνὼχ
469 2637 564 2691 καὶ
623 2635 808 2690 ⁹Ηλιοῦ
843 2639 959 2708 alia
996 2639 1183 2703 αὐτοῖς
1207 2640 1677 2712 ἐπανορθούμενος
1703 2645 1830 2706 τοὺς

241 2726 548 2797 τηνικαῦτα
593 2728 939 2800 ἀνθρώπους,
975 2731 1072 2784 καὶ
1126 2733 1232 2786 ὑπὸ
1294 2733 1390 2787 τοῦ
1455 2736 1828 2806 Ἀντιχρίστου

243 2817 742 2889 ἀποκτανθήσεται.

319 2910 425 2964 Kal
451 2910 628 2982 ἐδόθη
649 2930 751 2981 μοι
786 2913 1055 2984 κάλαμος
1100 2917 1303 2986 ὅμοιος
1341 2916 1580 2985 ῥάϐδῳ,
1604 2915 1827 2989 λέγων·

247 3004 533 3072 Ἕτειραι,
554 3005 652 3061 καί
678 3006 986 3075 μέτρησον
1004 3011 1112 3062 τὸν
1133 3009 1287 3064 ναὸν
1312 3010 1419 3065 τοῦ
1438 3009 1609 3076 Θεοῦ,
1639 3011 1736 3065 καὶ
1763 3010 1830 3065 τὸ

243 3097 705 3166 θυσιαστήριον,
729 3098 826 3186 καὶ
857 3100 1002 3167 τοὺς
1021 3102 1528 3170 προσκυνοῦντας
1547 3105 1617 3156 ἐν
1645 3101 1828 3168 αὐτῷ,

242 3186 698 3256 καιτὴναὺλὶιν
719 3189 1068 3258 τὴνὲεωθεν
1101 3191 1208 3246 τοῦ
1247 3193 1402 3247 ναοῦ
1439 3194 1660 3248 ἔκϐαλε
1691 3192 1832 3258 ἔξω,

242 3279 347 3333 καὶ
371 3277 451 3346 μὴ
481 3280 678 3348 αὐτὴν
711 3283 1038 3352 μετρήσῃς,
1083 3283 1172 3337 ὅτι
1215 3285 1394 3354 ἐδόθη
1441 3284 1565 3351 τοῖς
1603 3284 1830 3349 ἔθνεσι,

243 3371 351 3426 καὶ
379 3371 495 3440 τὴν
509 3375 693 3429 πόλιν
711 3380 824 3443 τὴν
837 3377 1017 3443 ἁγίαν
1031 3379 1378 3445 πατήσουσι
1390 3377 1592 3450 μῆνας
1617 3397 1832 3436 τεσσα-

231 3467 634 3535 ρακονταδύο.

321 3558 424 3610 Τὸν
454 3559 701 3629 κάλαμον
757 3561 816 3614 ὃν
855 3562 1100 3616 δεδόσθαι
1134 3563 1283 3631 αύτῷ
1342 3564 1370 3616 6
1419 3564 1822 3636 εύαγγελιστής

244 3667 438 3721 φησιν,
479 3655 528 3706 εἰ
558 3655 760 3722 γνῶσίν
793 3673 866 3718 τις
903 3655 1075 3709 ὲθέλοι
1107 3657 1291 3709 καλεῖν
1329 3656 1530 3727 νοερῶν
1558 3659 1824 3728 πραγμάι

242 3761 382 3808 των,
414 3743 552 3798 καθὸ
584 3746 678 3798 καὶ
708 3746 870 3799 Δαυῖδ
895 3747 1140 3817 κάλαμον
1167 3748 1478 3818 ὁξυγράφου
1517 3751 1823 3818 κεκτῆσθαι

241 3839 352 3906 τὴν
386 3838 579 3891 ἑαυτοῦ
609 3839 861 3906 γλῶσσαν
895 3841 1072 3911 αὐχεῖ,
1117 3841 1217 3894 ούκ
1245 3842 1311 3895 ἂν
1346 3844 1602 3912 ἁμάρτοι.
1640 3843 1832 3896 Τοίνυν

241 3931 350 3984 καὶ
406 3933 435 3985 6
489 3934 886 4001 εὖαγγελιστὴς
917 3936 1016 4004 τὴν
1049 3935 1251 4002 γνῶσιν
1288 3935 1387 4006 τὴν
1433 3938 1630 4006 vespm;
1681 3936 1832 4006 αὐτῷ

241 4030 634 4101 ἐγγινομένην,
673 4031 760 4085 διὰ
795 4030 1040 4101 καλάμου
1067 4029 1270 4093 δόσεώς
1301 4048 1435 4102 φησι
1472 4030 1830 4100 χρηματίσαι,

239 4123 313 4187 ὃς
337 4124 432 4176 καὶ
458 4124 638 4196 ῥάϐδῳ
694 4127 760 4195 τῇ
813 4126 1078 4195 ὁμοιώσει
1139 4124 1464 4185 ἁπείκαστο,
1503 4123 1604 4191 τῆς
1636 4124 1832 4192 ῥάϐδου

238 4219 420 4270 πάλιν
435 4217 495 4270 τὸ
521 4219 899 4288 ύπερειστικον
925 4217 1324 4288 αἰνιττομένης.
1360 4217 1474 4286 Τὴν
1502 4215 1609 4268 τῶν
1632 4215 1836 4287 νοερῶν

239 4312 436 4366 τοένυν
456 4311 657 4377 γνῶσιν
686 4310 961 4366 κάνταῦθα
991 4311 1079 4364 διὰ
1103 4311 1200 4376 τὴς
1228 4310 1322 4363 τοῦ
1364 4309 1612 4378 καλάμου
1637 4309 1838 4372 δόσεως

240 4403 574 4459 ὑποδιδόντα
611 4403 701 4456 τὸν
735 4404 1136 4474 χρηματισμῆν,
1164 4402 1238 4466 ὡς
1269 4401 1357 4455 διά
1380 4402 1555 4454 ἄλλων
1588 4399 1834 4470 ἀψύχων,

235 4499 351 4552 τοῦ
379 4497 766 4567 θυσιαστηρίου
792 4496 935 4564 λέγω
965 4496 1060 4550 καὶ
1089 4496 1280 4566 θρόνου
1313 4495 1534 4549 καὶτῶν
1555 4493 1834 4560 τοιούτων,

235 4599 357 4652 οὐκ
381 4597 609 4658 ἀπεικὸς
637 4595 945 4650 ὑπολαϐεῖν.
983 4595 1056 4648 Ού
1095 4595 1204 4665 γὰρ
1259 4591 1630 4663 ἀηζνυχαταῦτα
1671 4593 1833 4657 νοεῖν,

1927 2104 2056 2174 gelii
2107 2104 2160 2158 in
2208 2119 2319 2174 quo
2349 2104 2532 2159 futura
2565 2106 2826 2159 nonnulla
2859 2102 3194 2166 inferuntur,
3231 2102 3512 2157 autetiam

1928 2211 2024 2264 per
2057 2208 2380 2266 praesentem
2409 2197 2816 2264 revelationcm,
2854 2196 3012 2268 741
3052 2205 3113 2250 ut
3157 2195 3271 2265 jam
3303 2194 3512 2248 dictum

1927 2298 2033 2344 est.
2072 2287 2186 2342 Non
2222 2302 2306 2343 est
2335 2301 2515 2344 autem
2539 2291 2903 2360 ignoraudum
2945 2288 3090 2359 quod
3114 2305 3180 2342 ex
3216 2287 3513 2350 llocdicto,

1932 2378 2150 2447 Oportet
2181 2391 2228 2434 te
2251 2397 2462 2434 rursum
2499 2381 2830 2450 prophetare,
2858 2381 3153 2450 opinantur
3189 2377 3344 2433 multi
3386 2377 3518 2431 bea-

1929 2479 2042 2524 tqu
2101 2471 2248 2525 hunc
2294 2471 2481 2525 virum
2530 2487 2703 2541 usque
2749 2471 2817 2526 ad
2848 2471 3033 2526 szcculi
3079 2470 3513 2525 consummatio-

1930 2578 2053 2616 nem
2093 2564 2297 2630 vivere,
2328 2579 2394 2618 ac
2419 2573 2709 2619 venturum
2738 2579 2860 2618 esse
2885 2563 3033 2618 circa
3081 2571 3327 2631 tempora
3356 2559 3515 2613 Anti-

1929 2651 2122 2707 cbristi
2154 2668 2280 2707 cum
2314 2653 2499 2707 Euoclt
2524 2663 2579 2708 ct
2607 2652 2745 2716 Elia,
2782 2660 2843 2707 ut
2884 2668 2988 2706 una
3029 2667 3155 2707 cum
3201 2651 3307 2704 illis
3335 2648 3518 2702 corri-

1931 2750 2023 2814 gat
2051 2758 2147 2798 eos
2179 2743 2274 2813 qui
2305 2752 2435 2798 tunc
2461 2744 2647 2798 vivent
2674 2743 2945 2808 homines,
2975 2752 3030 2797 et
3056 2742 3200 2813 quod
3228 2739 3332 2795 sub
3358 2740 3518 2794 Auti-

1932 2833 2141 2888 christo
2169 2833 2574 2889 ittterimemlus
2603 2834 2691 2888 sit.

2004 2923 2184 2994 Χ1,1,
2209 2925 2268 2979 2.
2313 2924 2384 2978 Et
2409 2925 2568 2980 datus
2604 2935 2680 2979 est
2700 2925 2828 2978 mihi
2856 2923 3096 2977 (alamus
3127 2923 3320 2976 similis
3349 2925 3510 2990 virga!

1932 3015 2112 3071 dicens
2147 3032 2165 3071 :
2197 3015 2390 3087 Surge,
2421 3034 2484 3070 ac
2513 3018 2699 3072 metire
2729 3017 2979 3084 templum
3007 3015 3123 3076 Dei,
3155 3027 3204 3069 et
3236 3019 3429 3079 altare,
3451 3029 3516 3066 ac

1937 3109 2222 3164 adorantes
2260 3110 2315 3164 in
2334 3127 2393 3164 eo
2422 3125 2441 3164 :
2481 3119 2530 3164 et
2565 3112 2759 3163 atrium
2791 3109 2930 3179 quod
2959 3120 3113 3162 extra
3155 3107 3402 3175 templum
3441 3115 3517 3160 est

1933 3203 2064 3272 ejice
2093 3203 2261 3273 foras,
2292 3213 2340 3257 et
2367 3219 2430 3257 ue
2469 3201 2710 3256 metiaris
2744 3201 2900 3264 illud,
2931 3202 3055 3271 quia
3081 3202 3265 3253 datum
3293 3210 3368 3252 est
3393 3215 3516 3269 geu-

1937 3296 2075 3349 tibus
2105 3312 2124 3350 :
2144 3309 2188 3350 et
2220 3297 2485 3349 civitatem
2507 3309 2746 3349 sanetam
2779 3294 3059 3348 calcabunt
3095 3294 3359 3350 mensibus
3385 3309 3520 3364 qua-

1937 3389 2186 3461 draginta
2217 3391 2440 3444 duobus.

2009 3567 2065 3622 Si
2091 3568 2218 3640 quis
2244 3569 2514 3624 calamum
2539 3585 2699 3639 quem
2723 3568 2826 3623 sibi
2855 3568 3040 3623 datum
3065 3567 3141 3621 ait
3159 3565 3517 3638 evangelista,

1937 3664 2304 3731 (agnitionem
2355 3663 2628 3732 appellare
2678 3663 2804 3716 velit
2836 3677 3017 3716 rerum
3070 3660 3519 3730 intelligibilium,

1933 3756 2087 3824 juxta
2119 3756 2167 3810 id
2200 3755 2344 3826 quod
2395 3766 2448 3810 et
2475 3755 2640 3810 David
2678 3755 2943 3826 gloriatur
2972 3755 3211 3822 linguam
3236 3767 3392 3806 suam
3427 3767 3526 3805 na-

1935 3863 2082 3904 cmm
2117 3866 2240 3904 esse
2269 3851 2542 3904 calamum
2578 3851 2772 3904 scriba:
2813 3849 3037 3914 velocis,
3060 3861 3404 3917 nequaquam
3431 3861 3524 3900 er-

1942 3944 2104 3996 rabit.
2136 3942 2373 3998 Proinde
2405 3943 2736 4014 evangelista
2761 3958 2979 4012 quoque
3005 3942 3371 4011 cognitionem
3403 3955 3525 4009 qua:

1939 4037 2297 4103 sp.ritualiter
2327 4037 2431 4090 sibi
2464 4037 2696 4106 contigit
2743 4035 3005 4105 appellari
3039 4035 3174 4088 dicit
3203 4051 3300 4104 per
3325 4024 3538 4088 calami-

1938 4128 2238 4195 dationem,
2263 4129 2360 4198 qui
2395 4129 2558 4183 etiam
2591 4129 2645 4182 in
2681 4128 2847 4199 virga:
2868 4128 3283 4184 similitudinem
3304 4125 3524 4194 efﬁgia-

1941 4229 2030 4275 tus
2079 4231 2182 4285 est,
2224 4221 2375 4289 virga
2415 4219 2532 4274 sive
2570 4220 2766 4274 baculo
2812 4235 3030 4273 rursum
3052 4219 3373 4288 designante
3413 4217 3524 4270 lul-

1941 4312 2263 4367 cimentum.
2290 4309 2409 4366 Non
2439 4310 2600 4367 fuerit
2633 4313 2818 4381 itaque
2853 4313 3118 4379 ineptum,
3146 4320 3206 4363 ut
3225 4311 3329 4363 hoc
3353 4309 3520 4363 etiam

1941 4405 1996 4458 in
2030 4405 2148 4458 loco
2173 4403 2218 4458 is
2252 4404 2342 4474 qui
2372 4404 2754 4459 subministrat
2779 4403 3062 4458 oraculum
3087 4418 3184 4472 per
3198 4402 3394 4456 calami
3423 4401 3522 4455 da-

1940 4498 2142 4552 tionem
2162 4497 2423 4567 intelligat
2444 4497 2809 4567 spiritualium
2827 4495 3195 4567 cognitionem
3217 4533 3233 4560 ,
3257 4493 3523 4562 quemad-
3590 4500 3596 4506 '

1941 4589 2164 4645 modum
2193 4607 2288 4658 per
2311 4591 2414 4644 alia
2456 4589 2780 4654 inanimata,
2808 4590 2980 4644 altare
3003 4589 3128 4642 dico
3153 4595 3209 4642 et
3239 4586 3522 4648 thronum,

237 4684 368 4737 οὐδ’
401 4683 478 4747 ὡς
505 4685 720 4756 ὁρᾶται,
753 4687 894 4736 κατά
942 4683 1005 4736 τὸ
1053 4687 1298 4755 κρεῖττον
1319 4684 1375 4737 δὲ
1421 4682 1518 4752 τῆς
1553 4683 1834 4752 ὑπάρξεως

1945 4687 2162 4754 aliaque
2205 4684 2540 4754 hujusmodi.
2565 4682 2752 4754 Neque
2776 4684 2920 4736 enim
2948 4679 3299 4736 commodum
3327 4687 3412 4734 est
3438 4678 3524 4734 in-

240 4778 356 4831 καὶ
386 4776 592 4847 νοερὲρν,
628 4777 795 4847 ἤγουν
819 4774 918 4847 τὴν
949 4774 1292 4846 διακριτικὴν
1318 4773 1518 4842 γνῶσιν
1557 4773 1668 4826 τῶν
1700 4775 1842 4842 ὁρω-

244 4868 444 4940 μένων
465 4908 482 4932 ,
515 4869 594 4931 εἰς
635 4868 782 4921 δοσιν
811 4869 876 4922 ἄν
917 4885 1000 4931 τις
1048 4867 1360 4936 ἀλληγοροῖ,
1400 4866 1523 4929 Πῶς
1546 4866 1656 4938 γὰρ
1687 4867 1716 4918 6
1747 4866 1839 4919 κά-

237 4964 432 5031 λαμος
466 4960 670 5031 ἄψυχος
707 4959 782 5013 ὢν
808 4961 1034 5030 ἔλεγεν·
1075 4961 1338 5030 ’Ξῖ-σειραι
1386 4958 1485 5012 καὶ
1537 4957 1845 5028 μέτρησον

238 5057 370 5110 τὸν
398 5055 550 5109 ναὸν
575 5055 681 5109 τοῦ
709 5054 895 5117 Θεοῦ;
946 5055 1040 5108 Ἐκ
1066 5055 1254 5108 τούτου
1280 5052 1372 5107 οῦν
1387 5053 1660 5106 δείκνυται
1681 5052 1847 5118 ἀγγε-

238 5151 389 5220 ὶικῇ
422 5148 636 5201 συνέσει
666 5147 988 5219 μετρεῖσθαι
1015 5149 1108 5200 τὸν
1136 5147 1231 5200 τοῦ
1264 5147 1400 5199 Θεοῦ
1437 5148 1584 5200 ναόν.
1627 5141 1846 5213 Ἐπειδὴ

237 5244 322 5297 δέ
350 5257 495 5304 τινες
527 5241 730 5310 ἑτέρως
766 5242 894 5312 περὶ
923 5241 1128 5294 τούτων
1179 5239 1454 5310 διαφόρως
1505 5237 1844 5306 ἠνέχθησαν,

201 5385 216 5392 -
236 5335 411 5404 λέγω
439 5335 528 5404 δὴ,
561 5334 656 5388 τοῦ
691 5335 821 5389 ναοῦ
849 5335 943 5388 καὶ
969 5333 1063 5388 τοῦ
1095 5332 1482 5403 θυσιαστηρίου
1507 5369 1523 5394 ,
1552 5330 1588 5384 ὃ.
1620 5328 1716 5384 καὶ
1748 5346 1842 5398 μεν

235 5426 536 5498 πρηθῆναι
582 5427 646 5481 τὸ
691 5428 1038 5497 πρόσταγμα,
1079 5426 1173 5479 καὶ
1213 5425 1340 5487 τοὺς
1402 5421 1848 5492 προσκυνοῦντας

241 5525 326 5576 ὲν
355 5519 528 5588 αὐτῷ,
564 5521 694 5575 ναῖον
725 5520 863 5573 Θεοῦ
908 5520 1002 5573 καὶ
1035 5518 1421 5589 θυσιαστήριον
1469 5517 1569 5587 τὴν
1607 5513 1848 5568 Παλαιὰν

238 5612 548 5684 Διαθήκην
601 5613 1053 5684 ἀποφηνάμενοι,
1113 5611 1283 5681 αὐλὴν
1325 5611 1380 5664 δὲ
1435 5611 1534 5680 τὴν
1589 5609 1736 5660 Νέαν
1789 5608 1848 5660 ού

241 5708 413 5765 κατὰ
449 5706 659 5761 σκοποῦ
694 5706 978 5777 βάλλοντες
999 5704 1166 5775 (οὕτω
1210 5706 1321 5776 γὰρ
1347 5704 1413 5757 ἂν
1438 5703 1631 5771 εἴησαν
1661 5717 1851 5770 μυστι-

239 5802 490 5872 κώτερά
517 5819 574 5856 τε
599 5804 696 5855 καὶ
745 5802 1013 5873 ἱερώτερα
1047 5802 1232 5854 ἐκεῖνα
1288 5800 1385 5868 τῆς
1419 5797 1560 5851 κατὰ
1615 5794 1850 5865 Χριστὸν

242 5894 623 5966 ἐνδιαθήκης,
657 5896 771 5964 εἴγε
798 5893 892 5948 καὶ
925 5896 954 5948 6
977 5894 1103 5956 ναὸς
1133 5892 1229 5946 καὶ
1252 5893 1313 5945 τὸ
1343 5889 1731 5959 θυσιαστήριον
1750 5886 1851 5956 τῆς

245 5987 448 6060 αὐλῆς
481 5989 830 6060 τιμιώτερα),
883 5979 980 6059 ούχ
1013 5987 1184 6052 οὕτως
1209 5986 1270 6040 τὸ
1300 5982 1729 6065 ἐπιτεταγμένον
1758 5979 1854 6035 τοῦ

1945 4777 2188 4830 animata
2211 4776 2326 4830 haec
2352 4777 2577 4846 intelligi
2611 4777 2774 4830 veluti
2806 4790 2915 4844 pra:
2937 4789 2996 4829 se
3013 4772 3218 4835 ferunt,
3247 4771 3345 4826 sed
3369 4771 3527 4840 juxta

1946 4869 2224 4923 meliorem
2253 4868 2556 4924 exsisteudi
2608 4866 2832 4921 modum
2861 4876 2917 4920 et
2946 4865 3293 4935 spiritualem
3331 4861 3530 4932 poterit

1948 4961 2221 5030 quispiam
2252 4963 2542 5032 allegorice
2572 4959 2798 5024 referre,
2843 4974 3038 5028 nempe
3070 4966 3128 5013 ut
3155 4955 3530 5012 deturuotitia

1948 5053 2291 5108 discernendi
2327 5068 2389 5106 ea
2422 5069 2542 5123 qua:
2573 5053 2846 5106 videntur.
2877 5049 3166 5116 Quomodo
3195 5048 3340 5103 enim
3381 5047 3532 5102 dicc-

1952 5146 2384 5202 retiuauimatus
2410 5148 2655 5201 calamus
2689 5163 2703 5200 :
2739 5145 2905 5216 Surge
2956 5157 3004 5198 et
3046 5146 3230 5198 metire
3280 5141 3533 5211 templum

1957 5239 2055 5293 Dei
2075 5242 2102 5296 2
2127 5237 2202 5294 Ex
2221 5239 2320 5294 hoc
2342 5240 2506 5309 igitur
2532 5239 2856 5310 intelligitur
2878 5252 2971 5308 per
2987 5237 3292 5306 angelicum
3326 5237 3538 5291 intelle-

1957 5341 2106 5384 ctum
2149 5339 2529 5383 meusuratum
2555 5344 2679 5383 esse
2713 5329 2975 5398 templum
3006 5327 3124 5383 Del.
3162 5325 3360 5381 Verum
3391 5342 3535 5395 quo-

1956 5423 2100 5478 niam
2133 5421 2381 5476 nonnulli
2405 5423 2472 5478 de
2504 5421 2588 5478 his
2618 5422 2728 5476 alio
2751 5422 2912 5476 modo
2929 5431 2982 5476 et
3005 5420 3361 5477 multifariam
3404 5437 3535 5489 pru-

1957 5515 2222 5578 tuleruut,
2272 5513 2397 5568 dico
2422 5529 2554 5570 sane
2581 5513 2649 5569 de
2680 5514 2883 5583 templo
2909 5525 2962 5568 et
3013 5514 3170 5568 altari
3208 5529 3331 5583 quae
3375 5514 3536 5566 etiam

1957 5608 2261 5665 mensurari
2287 5607 2700 5678 praecipiuntur,
2734 5609 2881 5663 etde
2906 5607 3266 5662 adorantibus
3297 5609 3352 5660 in
3388 5606 3530 5675 ipso:

1957 5702 2220 5772 templqu
2240 5703 2334 5756 Dei
2360 5711 2415 5756 et
2437 5701 2609 5756 altare
2635 5699 2805 5757 Vetus
2822 5700 3232 5755 Testamentum
3255 5699 3541 5754 declaran-

1958 5808 2064 5861 tes,
2082 5797 2281 5852 atrium
2306 5809 2458 5858 vero,
2485 5792 2698 5848 Novqu
2737 5810 2881 5849 :nou
2915 5795 3243 5864 attingeutes
3277 5809 3538 5862 scopum:

1966 5901 2094 5940 nam
2121 5887 2224 5941 hoc
2265 5883 2430 5938 modo
2465 5884 2836 5952 spiritualiora
2876 5899 2939 5940 ac
2969 5887 3264 5940 sacratiora
3310 5887 3546 5946 fuissem

1965 5979 2078 6046 illa,
2104 5992 2269 6048 quam
2313 5983 2698 6031 testamentum
2728 5976 2872 6044 quod
2905 5976 3124 6033 tradidit
3148 5978 3400 6038 Christus
3429 5983 3549 6040 :si-
