4046 6640
479 456 588 522 ΜΠ

1305 451 1638 512 ΑΒΕΤῐῐιΕ
1673 451 2053 512 ΟᾺΕΞΛΠΕᾹΞ
2094 453 2583 516 CAPPADOCL‘E
2618 454 2963 517 EPISCOPI

3649 455 3763 518 648

483 569 708 641 quidem
735 566 997 639 templum
1027 580 1091 621 ac
1124 564 1298 619 altare
1325 565 1674 618 honoratiora
1708 573 1837 617 sunt
1874 565 2014 617 atrio
2050 580 2062 615 :

2176 567 2540 639 ἐξηγουμένου
2581 567 2902 638 προϐαίνειν
2929 566 3098 629 εἰκάς.
3138 565 3281 620 Ἀλλ’
3315 567 3363 619 εἰ
3389 565 3489 636 μὲν
3510 564 3593 617 ὅτι
3616 581 3765 618 στοι-

485 682 596 719 non
629 667 702 718 ita
734 663 1028 717 verisimile
1046 670 1128 715 est
1147 660 1442 731 procedere
1457 659 1601 730 quod
1627 659 1900 736 narrando
1926 673 2066 729 prie.

473 763 698 825 ceptum
731 762 834 808 est.
867 753 1032 826 742
1061 753 1118 807 Si
1147 761 1328 806 tamen
1362 767 1426 805 eo
1463 751 1648 804 tendat
1681 751 1824 818 quod
1858 751 1946 804 illa
1976 765 2067 802 es.-

487 858 610 902 sent
635 848 853 902 rudiora
884 848 1153 902 elementa
1173 847 1238 901 ad
1264 844 1474 900 Novum
1493 844 1929 907 Testamentum,
1951 847 2064 913 pri-

476 954 684 1009 suaque
723 940 791 994 ad
835 938 930 995 Dei
985 941 1190 994 cultum
1243 939 1422 1002 initia,
1458 953 1580 992 cum
1622 937 1786 991 etiam
1843 951 2066 992 mensu-

475 1042 674 1085 rrentur
693 1033 785 1099 qui
803 1032 958 1102 juxta
985 1032 1116 1086 illud
1140 1031 1358 1102 praemia
1384 1030 1710 1092 retulerunt,
1733 1029 1945 1084 ratione
1962 1046 2069 1088 non

480 1135 642 1179 caret
671 1125 982 1180 intellectus
1032 1125 1140 1178 ille.
1177 1125 1232 1177 Si
1267 1138 1395 1177 vero
1419 1124 1484 1177 ad
1525 1124 1765 1203 divinam
1807 1123 2072 1198 respiciat

488 1215 850 1272 humanorum
878 1229 1093 1267 morum
1139 1215 1615 1274 instaurationem,
1642 1224 1807 1282 utque
1829 1214 2072 1283 apertius

486 1305 1130 1373 dicam,conditoriserga
1149 1319 1249 1358 nos
1267 1319 1510 1358 antorem
1535 1320 1645 1374 quo
1671 1320 1767 1358 nos
1781 1304 2070 1372 gubernat,

484 1397 720 1454 conferri
758 1413 862 1450 non
895 1405 1074 1466 potest
1112 1397 1214 1450 hoc
1254 1381 1417 1450 modo
1463 1397 1633 1465 legale
1680 1405 2071 1450 testamentum

483 1488 636 1544 Novo
655 1488 1026 1543 Testamento.
1062 1489 1246 1545 Potest
1269 1490 1450 1556 itaque
1481 1489 1678 1542 atrium
1709 1505 1831 1542 esse
1853 1489 1940 1543 Dei
1975 1489 2074 1541 Ec-

436 1563 444 1570 .
488 1579 674 1641 etesia,
699 1581 844 1648 quod
869 1581 1247 1636 circumscribi
1272 1598 1379 1634 non
1405 1581 1720 1650 possit,tum
1753 1590 1972 1650 propter
1995 1581 2075 1633 lo-

489 1688 638 1738 cutn,
671 1682 784 1726 tum
811 1683 1031 1743 propter
1060 1674 1482 1728 innumerabiles
1513 1681 1701 1743 gentes
1725 1690 1845 1743 quae
1881 1674 1933 1727 in
1961 1675 2078 1742 ejus

491 1768 610 1820 loco
642 1776 1013 1821 continentur.
1044 1765 1162 1821 Non
1200 1769 1437 1822 turberis
1475 1777 1654 1821 autem
1691 1767 1837 1836 quod
1870 1784 2076 1836 praeco-

492 1867 644 1930 ptum
691 1860 917 1929 jusserit
956 1871 1108 1916 extra
1157 1862 1416 1930 templum
1470 1860 1600 1913 illud
1639 1860 1887 1928 ejicere:
1942 1861 2076 1915 nihil

2173 660 2534 732 χειωδέστερα
2561 661 2660 730 τῆς
2687 660 2835 722 Νέας
2868 663 3072 720 ἐκεῖνα.
3118 662 3213 713 καὶ
3255 660 3395 731 πρὸς
3443 659 3761 729 θεοσέϐειαν

2171 751 2524 823 ἀρχαϊζοντα,
2587 750 2647 814 ἐξ
2695 744 2755 803 οὗ
2803 750 2899 801 καὶ
2936 750 3198 821 μετρηταὶ
3234 750 3286 802 oi
3339 747 3461 800 κατ’
3496 745 3668 816 αὐτὴν
3696 747 3763 798 τὸ

2173 844 2445 915 ἀριστεῖον
2478 841 2938 910 ἁπενεγκὰμενοι.
2958 840 3072 912 ἔχει
3095 840 3217 898 τινὰ
3239 840 3397 905 λόγον
3429 841 3463 910 ἡ
3499 837 3754 908 ἔκληψις.

2175 938 2236 990 Ei
2265 937 2321 990 δὲ
2350 938 2488 1008 πρὸς
2518 937 2884 1007 θεοπρὲπειαν
2929 938 3024 988 καὶ
3064 934 3410 1006 ἀνθρωπίνου
3441 931 3607 1004 ἦθους
3655 949 3756 984 κα-

2175 1031 2454 1092 τάστασιν,
2493 1033 2606 1095 καί,
2642 1031 2730 1083 ἵνα
2762 1030 3091 1101 τρανότερον
3115 1030 3222 1098 φῶ,
3255 1028 3356 1099 τὴν
3381 1026 3475 1079 τοῦ
3512 1026 3758 1078 Πλὰστου

2177 1123 2314 1194 πρὸς
2339 1125 2486 1192 ἡμᾶς
2518 1123 2887 1194 κηδεμονικὴν
2914 1122 3326 1192 φιλοστοργίαν,
3369 1119 3758 1191 ἀπαράϐλτ,τος

2174 1220 2241 1287 τῇ
2274 1217 2388 1287 Νέᾳ
2413 1199 2656 1288 Διαθήκῃ
2684 1219 2717 1287 ἡ
2777 1218 2919 1270 κατὰ
2950 1216 3134 1285 νόμον.
3171 1215 3274 1284 Εἴη
3311 1213 3378 1268 ἂν
3419 1213 3512 1266 οὖν
3545 1213 3685 1282 αὐλὴ
3723 1215 3757 1280 ἡ

2175 1309 2268 1362 τοῦ
2319 1308 2454 1361 Θεοῦ
2504 1309 2824 1377 Ἐκκλησία,
2875 1308 3261 1377 ἁπεριὸριστος
3300 1301 3435 1358 οὖσα
3469 1307 3564 1358 καὶ
3605 1305 3761 1375 τύπῳ

2179 1402 2271 1456 καὶ
2291 1403 2404 1463 τοῖς
2463 1399 2583 1452 κατ’
2621 1399 2790 1469 αὐτὴν
2840 1397 3249 1468 τοποχωροῦσιν
3286 1395 3497 1449 ἔθνεσιν
3539 1396 3765 1450 ἀνεικὰ-

2181 1511 2347 1556 στοις.
2383 1493 2476 1563 Μὴ
2527 1492 2825 1561 θορυϐείτω
2853 1490 2910 1544 δὲ
2965 1491 3026 1542 τὸ
3075 1492 3408 1560 πρόσταγμα
3451 1489 3512 1540 τὸ
3559 1487 3762 1552 ἔξωθεν

2177 1586 2272 1640 τοῦ
2305 1585 2432 1639 ναοῦ
2469 1584 2750 1637 ἐκϐάλλειν
2798 1583 2988 1651 αὐτήν.
3023 1582 3098 1634 Οὐ
3131 1581 3241 1651 γάρ
3291 1598 3343 1633 τι
3378 1581 3529 1645 ἄλλο,
3584 1580 3618 1649 ἦ
3661 1580 3763 1647 τῆς

2179 1681 2409 1749 νομικῆς
2445 1675 2810 1746 στενοχωρίας
2867 1674 2977 1727 τῶν
3023 1673 3480 1743 ἀκριϐασμάτων,
3541 1687 3764 1741 περιτοο

2183 1773 2312 1842 μῆς,
2343 1768 2750 1838 σαϐϐατισμῷν,
2803 1767 2898 1820 καὶ
2949 1767 3058 1818 τῶν
3088 1766 3263 1819 ἄλλων
3300 1764 3574 1830 περιττῶν
3605 1765 3766 1832 ἁγνι-

2183 1867 2404 1934 σμὰτων
2433 1861 2728 1931 ἐλευθέραν
2757 1859 3156 1928 ἁποφαίνοντός
3189 1859 3359 1912 ἐστιν.
3395 1855 3547 1912 Εἶναι
3583 1859 3639 1911 δὲ
3674 1858 3768 1910 τὸν

490 1951 637 2006 enim
665 1953 810 2006 aliud
841 1954 943 2006 hoc
970 1962 1237 2022 estquam
1264 1953 1408 2022 quod
1442 1953 1694 2006 ostendat
1717 1952 1942 2008 liberam
1961 1969 2082 2008 esse

2186 1957 2342 2022 λόγον
2370 1956 2463 2007 καὶ
2494 1953 2552 2006 τὸ
2608 1953 2781 2006 αἴτιον
2801 1993 2816 2017 ,
2853 1952 2937 2005 ὅτι
2970 1952 3404 2020 ἀπαρατήρητον
3435 1952 3550 2013 τοῖς
3583 1949 3769 2003 ἔθνεσι

493 2044 795 2098 Ecclesiam
817 2044 883 2098 ab
902 2045 1151 2114 angustia
1175 2045 1566 2114 exquisitarum
1584 2046 2079 2111 examinatiouum,

2179 2049 2289 2110 τοῖς
2318 2046 2460 2099 κατὰ
2482 2045 2716 2115 Χριστὸν
2739 2042 2887 2114 βιοῦν
2923 2042 3204 2097 ἐθέλουσιν
3236 2042 3418 2113 ἐδόθη.
3452 2041 3542 2112 Τῷ
3572 2041 3630 2095 δὲ
3665 2042 3770 2113 τὴν

486 2136 924 2190 circumcisionis
954 2175 968 2199 ,
999 2134 1364 2190 Sabbatorum
1399 2138 1740 2208 aliarumque
1775 2139 2082 2210 superﬂua—

2181 2140 2337 2202 πόλιν
2363 2138 2460 2208 τὴν
2487 2137 2653 2205 ἁγίαν
2681 2136 2994 2206 πατηθῆναι
3020 2136 3199 2206 μῆνας
3229 2135 3769 2206 τεσσαρακονταδύο,

489 2243 609 2280 rutn
635 2229 1048 2300 purgationunt.
1069 2227 1165 2284 Est
1191 2238 1372 2285 autem
1392 2233 1534 2286 ratio
1556 2245 1608 2287 et
1627 2248 1811 2297 causa,
1839 2232 1965 2303 quia
1980 2233 2078 2285 da-

487 2331 600 2374 tum
633 2328 717 2375 est
744 2321 952 2390 absque
973 2321 1080 2376 ulla
1102 2322 1485 2378 observatione
1507 2325 1708 2378 atrium
1740 2326 1869 2378 illud
1901 2325 2080 2396 genti-

487 2411 589 2464 bus
619 2427 742 2480 quae
785 2413 1087 2466 secundum
1127 2410 1406 2467 Christum
1436 2414 1617 2468 vivere
1658 2415 1868 2468 volunt.
1901 2412 2075 2468 Porro

486 2501 762 2556 civitatem
830 2511 1077 2558 sanctam
1135 2504 1333 2558 calcari
1384 2506 1668 2560 mensibus
1713 2506 2076 2576 quadraginta

486 2595 722 2662 duobus,
745 2596 1015 2652 civitatem
1045 2613 1142 2653 san
1159 2607 1289 2653 stam
1312 2600 1521 2654 vocavit
1544 2599 1868 2667 Ecclesiam,
1889 2615 2058 2671 quam

489 2703 518 2740 a
562 2687 816 2757 gentibus
848 2688 1045 2742 calcari
1075 2690 1352 2756 norimus,
1375 2692 1577 2760 quibus
1609 2691 1859 2746 videlicet
1887 2692 2074 2746 datum

484 2789 570 2833 est
595 2789 653 2833 ut
678 2779 731 2832 in
759 2794 822 2833 ea
855 2790 1334 2843 eonversarentur,
1362 2782 1660 2837 Christiani
1688 2783 1906 2854 quidem
1966 2783 2076 2852 pic,

485 2869 751 2926 increduli
765 2886 893 2926 vero
906 2875 1329 2944 contemptimjet
1351 2875 1416 2929 ad
1434 2874 1790 2946 perdendum.
1805 2873 2074 2942 Quoniam

486 2970 665 3014 autem
701 2962 944 3016 nonnulli
968 2961 1202 3032 ejectum
1243 2979 1365 3019 esse
1385 2966 1608 3030 atrium,
1641 2974 1974 3038 acet-perunt
2003 2966 2070 3020 de

2182 2232 2338 2284 πόλιν
2396 2230 2558 2300 ἁγίαν
2615 2230 2716 2297 τὴν
2784 2228 3120 2298 Ἐκκλησίαν
3171 2227 3455 2290 ἐκάλεσεν.
3487 2228 3555 2297 ἣν
3607 2226 3772 2296 ἴσμεν

2181 2319 2478 2374 πατεῖσθαι
2510 2318 2616 2372 ὑπὸ
2633 2316 2825 2406 ξονῶν,
2866 2311 2948 2382 οἷς
2968 2317 3125 2388 ἐδόθη
3158 2317 3325 2371 οἱονεὶ
3351 2321 3411 2372 ὲν
3444 2317 3582 2387 αὐτῇ
3630 2317 3773 2371 ἀνα-

2185 2413 2537 2484 στρέφεσθαι,
2569 2411 2676 2464 ὑπὸ
2717 2410 2816 2482 μὲν
2861 2412 3206 2482 Χριστιανῶν
3237 2408 3501 2479 θεοφιλῶς
3521 2450 3536 2474 ,
3569 2409 3673 2462 ὑπὸ
3709 2409 3773 2462 δὲ

2185 2503 2429 2557 ἀπίστων
2478 2501 2971 2573 καταφρονητικῶς
3015 2499 3111 2553 καὶ
3175 2499 3460 2570 ὀλεθρίως.
3504 2498 3658 2551 Ἐπεὶ
3708 2497 3774 2551 δέ

2184 2609 2328 2656 τινες
2354 2592 2416 2646 τὸ
2447 2591 2812 2662 ἐκϐεϐλῆσθαι
2859 2591 2960 2664 τὴν
3002 2591 3174 2662 αὐλὴν
3217 2590 3318 2662 τὴν
3353 2591 3464 2643 τῶν
3515 2589 3774 2643 ἀπίστων

2188 2680 2356 2735 ἐθνῶν
2379 2698 2438 2734 τε
2455 2684 2552 2734 καὶ
2593 2681 2864 2754 Ἰουδαίων
2915 2681 3243 2750 συναγωγὴν
3300 2679 3636 2747 ἐξεδέξαντο,
3664 2678 3768 2741 οὓς

2184 2777 2279 2828 καὶ
2313 2774 2660 2844 ἐφυϐρίστως
2698 2776 2756 2827 ἐν
2791 2774 2930 2844 αὐτῇ
2979 2774 3285 2827 διαδιώκειν
3329 2773 3464 2842 φασὶ
3510 2775 3639 2836 τοὺς
3673 2789 3774 2825 πι-

2185 2865 2366 2928 στοὺς,
2405 2865 2640 2934 μάλιστα
2677 2862 2820 2919 κατὰ
2847 2863 2938 2917 τὸν
2977 2865 3072 2920 τοῦ
3140 2865 3518 2935 ’Δντιχρίστου
3546 2863 3769 2935 καιρὸν,

2183 2959 2324 3013 κατὰ
2352 2956 2462 3012 τῶν
2488 2958 2834 3029 Χριστιανῶν
2857 2958 3023 3013 τοῦτο
3053 2958 3396 3030 ὲξειλήφασι.

493 3068 767 3126 synagoga
801 3054 1104 3112 infidelium
1154 3059 1394 3130 gentium
1422 3077 1486 3116 ac
1533 3060 1874 3130 Judaeorum,
1927 3061 2020 3133 qui
2064 3070 2122 3130 ut
2175 3059 2330 3112 aiunt
2363 3056 2529 3109 etiam
2562 3055 2962 3111 contumeliose
3022 3054 3076 3110 in
3131 3069 3199 3109 eo
3231 3053 3776 3110 insectaridicuntur

489 3146 695 3212 tideles,
757 3146 916 3215 idque
943 3150 1180 3202 maxime
1207 3158 1450 3220 tempore
1473 3149 1824 3219 Antichristi,
1867 3151 2132 3220 adversus
2157 3147 2501 3201 Christianos
2531 3145 2638 3201 hoc
2667 3146 3069 3202 intellexerunt.
3267 3137 3284 3153 ’

557 3239 626 3292 Et
652 3238 915 3293 civitatem
948 3251 1187 3294 sanctam
1237 3241 1518 3296 calcabunt
1550 3243 1812 3298 mensibus
1849 3244 2083 3315 quadra-

2261 3238 2369 3292 Καὶ
2414 3237 2530 3306 τὴν
2563 3240 2750 3292 πόλιν
2791 3238 2906 3304 τὴν
2950 3239 3131 3308 ἁγίαν
3165 3238 3515 3304 πατήσουσι
3566 3235 3773 3308 μῆνας

486 3333 872 3404 ginta'duobus.
898 3332 1141 3403 Tempus
1162 3334 1527 3406 quadraginta
1547 3336 1780 3391 duorum
1801 3335 2069 3390 mensium

485 3428 782 3498 opinamur
811 3428 1239 3499 signiticativum
1284 3445 1408 3484 esse
1456 3431 1858 3485 contraetionis
1904 3445 2071 3484 morae

486 3520 632 3576 circa
655 3519 948 3575 adventum
977 3520 1306 3576 Antichristi
1334 3538 1352 3575 :
1380 3529 1599 3593 propter
1620 3537 1786 3592 quam
1817 3521 2070 3577 aﬂlictio-

486 3628 610 3668 nem
637 3612 732 3668 Dei
761 3613 1067 3669 cultoribus
1111 3613 1479 3680 inferendam,
1517 3630 1680 3670 verus
1716 3614 1860 3671 Deus
1908 3615 2071 3670 Chri-

495 3713 618 3760 stus
651 3703 982 3759 breviandos
1006 3718 1128 3759 esse
1149 3703 1224 3758 ait
1247 3705 1364 3758 dies
1391 3706 1534 3761 illos.
1569 3705 1709 3760 Sunt
1725 3718 1908 3762 autem
1927 3723 2070 3779 qua-

488 3796 741 3865 draginta
771 3796 882 3850 duo
912 3811 1126 3852 menses
1179 3807 1288 3852 tres
1321 3798 1449 3871 anni
1473 3808 1526 3853 et
1555 3797 1838 3864 dimidius,
1864 3801 1917 3854 in
1948 3801 2071 3871 qui-

484 3884 590 3940 bus
620 3885 898 3955 continget
933 3884 1117 3942 lideles
1141 3900 1206 3941 ac
1235 3887 1493 3958 probatos
1509 3887 1820 3944 conculcari
1849 3906 1912 3946 ac
1944 3906 2072 3963 per-

478 3992 612 4033 seen
621 3977 824 4032 tionem
859 3979 990 4048 pati.

948 4094 1108 4167 743
1145 4096 1374 4153 CAPUT
1399 4098 1572 4156 xxx.

554 4205 633 4260 De
655 4204 840 4261 Enoclt
877 4217 927 4262 et
965 4207 1117 4276 Elia,
1151 4213 1240 4281 qui
1272 4213 1656 4270 Antieltristum
1683 4226 1994 4287 coarguent.

553 4374 664 4440 XI,
693 4377 819 4432 5-.6.
843 4375 913 4430 Et
938 4379 1076 4433 dabo
1100 4383 1306 4438 duobus
1323 4387 1545 4441 testibus
1584 4388 1741 4454 meis,
1765 4398 1812 4442 et
1847 4388 2070 4456 prophe-

485 4471 671 4525 tabunt
705 4471 887 4524 diebus
913 4471 1058 4526 mille
1090 4474 1331 4532 ducentis
1347 4480 1643 4549 sexaginta,
1675 4482 1854 4533 amicti
1875 4481 2064 4533 saccis.

487 4563 556 4618 lli
594 4573 715 4616 sunt
745 4565 866 4616 dua:
898 4563 1052 4620 oliva:
1103 4576 1151 4620 et
1185 4568 1291 4622 duo
1335 4570 1651 4624 candelabra
1682 4571 1735 4622 in
1790 4580 2068 4639 conspectu

484 4655 698 4710 Domini
723 4667 877 4712 terra:
897 4663 1118 4716 stantia.
1147 4661 1214 4714 Et
1242 4663 1286 4715 si
1307 4663 1423 4731 quis
1446 4663 1586 4731 ipsos
1620 4663 1837 4717 voluerit
1857 4662 2065 4728 laedere,

485 4750 624 4818 ignis
651 4754 947 4824 egredietur
967 4758 1029 4810 de
1059 4772 1149 4809 ore
1176 4771 1380 4818 eorum,
1422 4764 1472 4808 et
1507 4755 1777 4808 devorabit
1826 4756 2066 4810 inimicos

486 4847 837 4912 ipsorum..Et
858 4852 904 4903 si
930 4851 1047 4920 quis
1077 4848 1300 4902 voluerit
1331 4849 1471 4918 ipsos
1505 4849 1714 4909 [φάει-ε.
1753 4849 1832 4902 ita
1864 4859 2064 4918 oportet

488 4953 604 4990 eum
637 4943 830 4994 occidi.
871 4940 944 4994 lli
970 4950 1278 5010 potestatem
1325 4940 1514 4994 habent
1554 4941 1832 4994 claudendi
1881 4942 2066 4996 caelum

490 5045 552 5084 ne
579 5031 726 5097 piunt
757 5044 984 5100 tempore
1005 5034 1289 5101 prophetia:
1317 5035 1550 5102 ipsorum
1587 5049 1606 5088 :
1648 5045 1696 5088 et
1750 5043 2064 5103 potestatem

489 5121 680 5176 habent
709 5140 866 5189 super
896 5141 1064 5192 aquas
1107 5126 1437 5179 convertendi
1465 5143 1552 5180 eas
1579 5129 1631 5180 in
1663 5129 1991 5198 sanguinem,
2021 5143 2066 5185 et

485 5216 805 5284 percutiendi
865 5224 1058 5269 terram
1117 5218 1524 5288 quotiescunque
1581 5219 1832 5274 voluerint
1899 5223 2043 5275 omni

487 5305 668 5375 plaga.

562 5568 837 5637 Quoniam
868 5570 922 5624 in
953 5571 1165 5628 visione
1204 5584 1592 5644 repraesentata
1636 5582 1765 5630 sunt
1788 5577 2066 5647 evangeli-

492 5672 592 5718 sta:
653 5675 777 5728 quae
859 5661 1153 5719 Dontinicae
1214 5667 1611 5722 incarnationis
1663 5671 2066 5725 coneernebant

491 5753 1196 5829 dispensationem,nempe
1219 5763 1498 5826 nativitas,
1537 5762 1888 5826 tentatioues,
1926 5779 2062 5832 pra:-

495 5842 716 5910 dicatio,
747 5859 902 5912 crux,
938 5857 993 5902 et
1028 5862 1221 5919 praeter
1256 5853 1370 5908 hinc
1419 5855 1582 5909 etiam
1620 5853 1956 5908 resurrectio
2000 5870 2063 5909 ae

493 5939 769 5995 secundus
795 5941 1103 6000 adventus:
1144 5945 1210 6001 ad
1249 5946 1364 6003 hasc
1395 5957 1710 6004 sanctorum
1756 5960 1975 6015 quoque
1999 5964 2064 6003 ac

2180 3329 2767 3398 τεσσαρακονταδύο.
2827 3330 2951 3383 Τῶν
3004 3330 3516 3401 τεσσαρακονταδύο
3576 3331 3772 3402 μηνῶν

2178 3420 2272 3472 τὸν
2306 3419 2502 3490 χρόνον
2560 3421 2854 3491 συντομίας
2886 3418 3026 3475 εἶναι
3055 3422 3352 3494 δηλωτικὸν
3381 3423 3772 3495 ὑπειλήφαμεν

2179 3511 2323 3565 κατὰ
2359 3512 2458 3580 τὴν
2486 3511 2790 3582 παρουσίαν
2829 3513 2924 3566 τοῦ
2967 3513 3360 3585 ’Δντιχρίστου,
3392 3514 3461 3567 δι’
3487 3516 3554 3587 ἣν
3587 3514 3772 3570 θλιϐε-

2186 3606 2288 3676 ραν
2320 3603 2492 3657 οὖσαν
2521 3607 2634 3667 τοῖς
2686 3605 2981 3674 φιλοθέοις,
3009 3608 3038 3660 ὁ
3062 3607 3270 3678 ἀληθὴς
3301 3608 3435 3672 Θεὸς
3472 3610 3499 3661 ὁ
3529 3609 3771 3679 Χριστὸς

2179 3695 2538 3750 κολοϐοῦσθαι
2604 3697 2778 3760 αὑτὰς
2829 3697 2929 3761 τὰς
2987 3699 3200 3772 ἡμέρας
3227 3699 3400 3768 λέγει.
3440 3702 3558 3754 Εἰσὶ
3613 3702 3670 3754 δὲ
3714 3703 3774 3756 οἱ

2178 3787 2682 3858 τεσσαρακονταδύο
2711 3791 2900 3861 μῆνες,
2927 3788 3056 3860 τρία
3083 3791 3255 3860 ἥμισυ
3280 3790 3394 3861 ἐτη,
3425 3791 3483 3844 ὲν
3504 3787 3586 3854 οἷς
3617 3808 3680 3844 συ
3690 3809 3770 3860 μ-

2180 3880 2407 3950 ϐήσεται
2463 3881 2590 3943 τοὺς
2629 3884 2855 3946 πιστοὺς
2891 3884 2988 3936 καὶ
3035 3882 3293 3954 δοκίμους
3347 3884 3638 3941 πατεῖσθαι
3665 3884 3776 3939 καὶ

2179 3969 2492 4026 διώκεσθαι.

2777 4088 3032 4144 ΚΕΦΛΛ.
3074 4087 3154 4145 Δ’.

2181 4199 2319 4269 Περὶ
2365 4200 2550 4271 Ἑνὼχ
2579 4201 2680 4255 καὶ
2712 4203 2874 4276 Ἠλία
2911 4203 3244 4273 διελέγχειν
3260 4207 3616 4276 μελλόντων
3653 4207 3774 4259 τὸν

2757 4275 3176 4342 Ἀντίχριστον.

2247 4382 2358 4436 Καὶ
2390 4381 2562 4435 δώσω
2587 4384 2710 4450 τοῖς
2747 4385 2890 4440 δυσὶ
2906 4387 3173 4456 μάρτυσί
3199 4407 3322 4458 μου
3341 4430 3356 4454 ,
3397 4390 3496 4443 καὶ
3526 4408 3768 4460 προεδη-

2177 4475 2508 4528 τεύσουσιν
2547 4477 2773 4546 ἡμέρας
2810 4483 3010 4550 χιλίας
3061 4481 3375 4550 διακοσίας
3433 4484 3764 4551 ἐξήκοντα,

2180 4568 2674 4636 περιϐεϐλημένοι
2742 4571 3039 4639 σάκκους.
3103 4571 3282 4630 Οὗτοί
3327 4579 3490 4630 είσιν
3544 4579 3605 4631 al
3646 4579 3768 4632 δύο

2107 4625 2148 4678 D
2176 4659 2371 4712 ἐλαῖαι
2575 4666 2635 4714 αἱ
2686 4662 2797 4718 δύο
2825 4625 3071 4734 λυχνίαι
3109 4667 3369 4721 ἐνώπιον
3399 4669 3508 4722 τοῦ
3536 4672 3765 4740 Κυρίου

2173 4750 2285 4819 τῆς
2309 4752 2424 4822 γῆς
2472 4755 2751 4810 ἑστῶσαι.
2778 4758 2886 4812 Καὶ
2920 4759 2976 4812 ει
3000 4777 3096 4826 τις
3121 4760 3345 4826 αὐτοὺς
3363 4760 3519 4814 θέλει
3547 4763 3764 4834 ἀδικῆ-

2174 4859 2299 4911 σαι,
2327 4847 2448 4916 πῦρ
2470 4847 2850 4915 ἐκπορεύεται
2872 4849 2940 4902 ἐκ
2959 4851 3063 4903 τοῦ
3104 4853 3401 4920 στόματος
3431 4852 3630 4905 αὐτῶν
3653 4857 3760 4909 καὶ

2174 4940 2472 4994 κατεσθίει
2527 4939 2670 5004 τοὺς
2700 4940 2952 5007 ἐχθροὺς
2984 4942 3200 4998 αὐτῶν.
3244 4945 3354 4997 Καὶ
3379 4945 3437 4998 ει
3470 4963 3560 5012 τις
3595 4947 3766 5001 θέλει

2174 5030 2393 5095 αὐτοὺς
2421 5031 2728 5098 ἀδικῆσαι,
2758 5032 2912 5086 οὕτω
2931 5033 3027 5087 δεῖ
3050 5035 3240 5088 αὐτὸν
3277 5037 3766 5106 ἀποκτανθῆναι.

2176 5117 2354 5176 Οὗτοι
2381 5123 2595 5192 έχουσι
2623 5128 2730 5178 τὸν
2759 5127 3022 5193 οὐρανὸν
3041 5128 3334 5192 ἐξουσίαν
3365 5131 3626 5195 κλεῖσαι,
3653 5133 3777 5189 ἵνα.

2167 5211 2252 5281 μὴ
2275 5213 2446 5279 ὑετὸς
2475 5215 2668 5284 βρέχῃ
2709 5215 2819 5282 τὰς
2857 5219 3082 5289 ἡμέρας
3121 5221 3232 5290 τῆς
3252 5227 3618 5292 προφητείας
3654 5228 3781 5279 αὺ-

2174 5301 2306 5356 τῶν.
2360 5305 2470 5358 Καὶ
2521 5306 2815 5370 ἐξουσίαν
2855 5311 3113 5378 ἔχουσιν
3169 5313 3270 5366 ἐπὶ
3311 5313 3429 5366 τῶν
3488 5315 3775 5382 ὑδάτων,

2169 5399 2453 5465 στρέφειν
2483 5400 2633 5453 αὐτὰ
2664 5404 2751 5468 εις
2780 5399 2926 5471 αἷμα
2946 5445 2960 5470 ,
3013 5405 3110 5458 καὶ
3147 5406 3407 5469 πατάξαι
3452 5406 3569 5474 τὴν
3607 5408 3776 5478 γῆν,

2165 5489 2382 5557 ὁσάκις
2401 5491 2510 5546 ἐὰν
2535 5495 2900 5564 θελήσωσιν,
2931 5499 3002 5552 ἐν
3019 5500 3189 5568 πάσῃ
3224 5500 3451 5570 πληγῇ.

2151 5637 2156 5640 ,
2255 5584 2488 5663 Ἐπειδὴ⁸
2515 5586 2693 5641 πάντα
2720 5589 2778 5643 ὲν
2808 5593 2873 5662 τῇ
2919 5592 3158 5662 ὀπτασίᾳ
3189 5593 3486 5666 διεπλάσθη
3541 5595 3620 5666 τῷ
3660 5597 3792 5649 εὐ-

2170 5678 2492 5749 αγγελιστῇ.
2519 5678 2589 5732 τὰ
2614 5680 2756 5735 κατὰ
2792 5682 2893 5754 τὴν
2930 5683 3196 5756 ἔνσαρκον
3218 5687 3312 5741 τοῦ
3356 5689 3564 5759 Κυρίου
3604 5693 3797 5746 οἰκο-

2169 5767 2385 5836 νομίαν,
2417 5771 2451 5840 ἠ
2475 5770 2750 5841 γέννησις,
2776 5775 2826 5826 oi
2859 5779 3177 5846 πειρασμοὶ,
3204 5780 3262 5832 αἱ
3313 5779 3678 5845 διδασκαλίαι.
3746 5790 3796 5842 ὁ

2171 5859 2425 5929 σταυρὸς,
2455 5862 2548 5914 ἐπὶ
2577 5862 2786 5928 τούτοις
2812 5866 2907 5918 καὶ
2938 5868 2972 5938 ἠ
2997 5869 3315 5934 ἀνάστασις,
3356 5871 3390 5943 ἠ
3427 5871 3659 5943 δευτέρα
3687 5895 3793 5934 τε

2169 5953 2482 6024 παρουσία,
2530 5956 2625 6010 καὶ
2684 5957 2822 6028 πρὸς
2866 5959 3100 6029 τούτοις,
3147 5964 3180 6033 ή
3219 5961 3328 6018 τῶν
3355 5963 3527 6033 ἁγίων
3555 5980 3616 6019 τε
3648 5971 3804 6029 καὶ
