4030 6586
310 335 415 398 τις)

1383 330 1772 392 CUMMEXT.
1819 328 1896 391 ΙΝ
1939 320 2478 387 APOCALYPSIN.

3467 323 3572 385 6:33
3605 384 3610 388 .

318 444 655 516 ἁμαρτωλῶν
702 445 987 510 ἀντίδοσις,
1024 444 1159 515 μόνα
1206 443 1258 496 δὲ
1314 443 1652 511 παρελείφθη
1678 443 1745 496 τὰ
1793 443 1890 511 τῆς

2010 449 2345 510 peccatorum
2389 436 2677 492 retributio
2712 455 2723 491 :
2761 437 2875 494 Sola
2903 445 3084 492 autem
3110 449 3171 493 ea
3206 437 3573 507 pra‘termissa

313 538 569 608 δευτέρας
603 540 927 608 παρουσίας,
972 537 1033 602 ἐξ
1084 536 1434 607 ὑποστροφῆς
1488 534 1584 589 νῦν
1641 536 1711 588 τὰ
1762 535 1893 604 περὶ

314 631 520 684 τούτων
550 630 882 688 διδάσκεται.
920 631 1031 685 Καὶ
1059 630 1141 683 ὅτι
1168 629 1268 700 μὲν
1316 628 1502 693 Ἠλίας
1538 628 1659 697 ἣξει
1695 629 1722 681 ὁ
1755 646 1894 697 προ-

318 725 495 794 φήτης
552 722 737 793 δῆλον,
809 723 1302 795 προαγορευσάσης
1366 722 1464 792 τῆς
1512 721 1737 793 Γραφῆς
1797 721 1886 776 διὰ

313 811 599 881 Μαλαχίου
639 812 1125 884 χρησμῳδοῦντοςο
1178 832 1196 866 ι
1246 814 1379 867 Ἰδοὺ
1430 814 1543 883 ἐγὼ
1577 814 1895 870 ἀποστέλλω

314 903 447 972 ὑμῖν
491 901 677 958 Ἠλίαν
708 906 799 957 τὸν
837 905 1104 976 Θεσὸίτην
1147 906 1278 975 πρὶν
1322 906 1498 963 ἐλθεῖν
1536 907 1636 978 τὴν
1678 908 1896 979 ἡμέραν

316 993 521 1063 Κυρίου
547 996 644 1064 τὴν
678 995 919 1066 μεγάλην
948 997 1044 1049 καὶ
1071 997 1332 1068 ἐπιφανῆ
1369 999 1429 1063 ὃς
1450 1000 1896 1070 ἀποκαταστήσει

314 1086 546 1156 καρδίαν
573 1086 779 1157 πατρὸς
835 1087 971 1158 πρὸς
1017 1091 1153 1154 υἱον,
1207 1091 1302 1144 καὶ
1338 1091 1567 1162 καρδίαν
1600 1093 1894 1163 ἀνθρώπου

314 1180 456 1249 πρὸς
478 1178 569 1233 τὸν
590 1180 818 1250 πλησίον
840 1180 1030 1235 αὐτοῦ.
1062 1200 1080 1234 ι
1108 1183 1245 1252 Περὶ
1271 1183 1329 1237 δὲ
1358 1182 1451 1237 τοῦ
1490 1183 1658 1255 Ἑνὼχ
1688 1202 1897 1254 μαρτυ-

317 1269 445 1338 ρίαν
486 1270 585 1339 μὲν
612 1270 735 1323 ὅσον
764 1271 901 1343 πρὸς
934 1272 1032 1342 τὴν
1062 1273 1368 1344 παρουσίαν
1396 1275 1507 1328 ἀπὸ
1542 1275 1640 1346 τῆς
1672 1276 1897 1346 Γραφῆς

311 1362 419 1413 οὐκ
447 1361 663 1432 ἔχομεν,
700 1362 840 1433 πλὴν
888 1364 982 1418 τοῦ
1026 1364 1115 1417 διὰ
1152 1366 1498 1436 μεταθέσεως
1553 1368 1897 1422 ἀπαθανατι-

314 1451 534 1521 σθῆναι.
569 1453 744 1522 Λόγος
778 1454 834 1507 δὲ
862 1455 1089 1523 φέρεται
1115 1457 1180 1509 ὲκ
1215 1457 1565 1527 παραδόσεως
1599 1460 1798 1530 φοιτῶν
1828 1464 1896 1532 τῇ

333 1542 632 1615 Ἐκκλησία
668 1547 1111 1617 ἀπαρατρέτιτως
1169 1552 1264 1603 καὶ
1329 1551 1492 1604 αὑτὸν
1547 1551 1700 1622 ἥξειν
1759 1555 1899 1623 μετὰ

327 1636 516 1690 Ἦλιοῦ
550 1637 644 1690 τοῦ
684 1638 944 1692 Θεσϐίτου
977 1640 1189 1710 (ἥξουσι
1215 1643 1325 1714 γὰρ
1362 1644 1529 1713 ἄμφω
1559 1645 1898 1717 προδιαμαρ-

311 1729 589 1800 τύρασθαι
647 1734 760 1794 τοῖς
799 1730 918 1784 οὖσι
970 1734 1115 1798 τότε,
1170 1734 1245 1803 μὴ
1296 1738 1407 1799 τοῖς
1449 1738 1749 1808 ἀπατηλοῖς
1800 1739 1896 1792 τοῦ

1995 542 2151 587 erant
2178 545 2297 601 qua:
2314 528 2617 584 secundum
2653 530 3371 586 eoncernebantadventum
3403 546 3415 582 :
3446 529 3572 598 jure

1996 624 2321 695 postliminii
2370 640 2517 679 nunc
2547 627 2612 680 de
2649 625 2733 680 his
2784 626 3066 681 edocetur.
3108 625 3176 680 Et
3224 634 3370 681 certe
3425 626 3572 693 quod

1998 716 2147 772 Elias
2171 717 2436 787 propheta
2470 726 2733 772 venturus
2765 719 2836 773 sit
2890 718 3243 774 manifestum
3290 729 3394 783 est,
3446 734 3572 773 cum

1998 807 2277 878 Scriptura
2314 808 2415 864 hoc
2452 808 2781 878 praedixerit.
2804 824 2923 879 quae
2957 825 3051 879 per
3106 809 3426 865 Malaehiam
3475 823 3579 865 va-

2001 899 2259 955 ticinatur
2300 918 2313 955 :
2346 919 2364 953 ι
2395 899 2534 957 Ecce
2567 915 2668 971 ego
2694 901 2905 956 mittam
2938 901 3091 956 vobis
3126 901 3302 956 Eliam
3351 900 3579 957 Theshi¢

2002 999 2109 1045 tem
2161 992 2481 1063 priusquam
2540 992 2727 1047 veniat
2781 992 2898 1048 dies
2955 990 3172 1047 Domini
3227 1007 3458 1063 magnus
3524 1001 3579 1046 et

2001 1074 2347 1150 rnanil‘estus,
2407 1084 2501 1154 qui
2578 1092 2861 1139 convertet
2906 1098 3002 1139 cor
3056 1084 3233 1154 patris
3272 1084 3341 1139 ad
3397 1084 3572 1137 [ilium

2000 1184 2052 1227 et
2081 1191 2176 1229 cor
2226 1176 2464 1231 hominis
2493 1177 2557 1231 ad
2591 1177 2897 1245 proximum
2926 1192 3086 1231 suum
3120 1176 3187 1230 ⁵⁹.
3218 1194 3237 1229 ι
3274 1174 3349 1232 De
3389 1175 3577 1231 Enocli

2003 1282 2130 1321 vero
2160 1269 2532 1324 testimonium
2567 1270 2786 1339 quidem
2836 1270 2981 1339 quod
3025 1271 3091 1325 ad
3126 1270 3415 1325 adventum
3452 1286 3580 1340 spe-

2002 1368 2112 1413 ctat
2162 1376 2226 1414 ex
2264 1362 2546 1430 Scriptura
2600 1378 2708 1417 non
2746 1362 3032 1428 habemus,
3085 1374 3280 1434 praeter
3324 1377 3579 1433 transpo-

2003 1451 2257 1504 sitiouem
2301 1466 2367 1504 ne
2424 1460 2672 1521 gustaret
2730 1462 2984 1507 mortem.
3046 1450 3241 1507 Fertur
3294 1462 3476 1508 autem
3509 1469 3579 1507 ex

2004 1544 2295 1597 tradilione
2328 1558 2639 1612 prxeeonum
2669 1543 2872 1599 Christi
2902 1544 3047 1614 quod
3081 1546 3471 1601 invariabiliter
3522 1548 3578 1600 in

2003 1634 2246 1689 Ecclesia
2296 1634 2577 1703 recipitur,
2612 1633 2788 1703 ipsum
2838 1649 3058 1704 quoque
3108 1644 3395 1690 venturum
3448 1653 3577 1692 cum

2004 1725 2153 1782 Helia
2187 1725 2466 1782 Tlieshite.
2500 1725 2730 1781 Venient
2757 1727 2902 1783 enim
2928 1728 3089 1782 ambo
3121 1736 3180 1781 ut
3210 1738 3581 1797 protestentur

328 1823 708 1893 Ἀντιχρίστου
758 1826 1105 1897 παράγεσθαι
1154 1829 1467 1901 σημείοις),
1520 1830 1613 1883 καὶ
1662 1832 1728 1901 τῇ
1788 1831 1896 1903 ίδία

2010 1821 2089 1875 his
2120 1821 2213 1884 qui
2246 1829 2376 1875 tunc
2414 1828 2594 1886 erunt,
2630 1836 2701 1875 ne
2740 1819 3028 1874 fallacibus
3054 1819 3376 1874 Antichristi
3407 1821 3580 1889 signis

320 1917 603 1988 μαρτυρίᾳ
628 1920 804 1989 ταύτῃ
836 1919 1091 1989 τριϐἧναι
1124 1923 1317 1991 χρόνον
1359 1922 1601 1993 τριετίας
1630 1923 1726 1977 καὶ
1771 1924 1900 1995 ἡμίο

320 2025 481 2072 σεως.
511 2010 680 2063 Τοῦτο
706 2011 814 2081 γάρ
838 2012 1080 2081 αίχίλιαι
1127 2013 1404 2068 διακόσιαι
1460 2014 1731 2084 ἑξήκοντα
1763 2015 1900 2085 ὴμέ-

320 2117 418 2169 ραι
448 2103 695 2171 χρονικὸν
744 2104 1066 2157 ἀποτελοῦσι
1091 2105 1386 2177 διάστημα.
1424 2107 1488 2159 'll
1520 2107 1575 2159 δὲ
1606 2107 1715 2160 τῶν
1770 2107 1899 2159 σάκο

320 2208 439 2246 κων
505 2195 769 2266 περιϐολὴ
833 2197 894 2249 τὸ
950 2197 1089 2267 μετὰ
1146 2197 1425 2259 εὐτελείας
1492 2199 1767 2269 προϐῆναι
1810 2202 1901 2253 καὶ

322 2285 557 2350 πένθους
583 2289 677 2341 καὶ
718 2289 1178 2361 σκυθρωπότητος
1236 2293 1477 2363 παριστᾷ
1505 2292 1727 2356 τούτους
1776 2295 1899 2354 τοῖς

321 2376 444 2441 δύο,
482 2376 576 2441 οὓς
616 2379 825 2444 ἐλαίαις
870 2381 1145 2451 Ζαχαρίας
1200 2383 1229 2435 ὁ
1272 2384 1562 2453 προφήτης
1585 2382 1897 2446 ἀπεικάζει,

326 2469 427 2519 καὶ
485 2468 727 2537 λυχνίαις
770 2470 942 2537 δυσὶν,
991 2471 1223 2537 ἐλαίαις,
1272 2471 1362 2525 διὰ
1391 2472 1469 2535 τὸ,
1499 2473 1560 2525 τὸ
1598 2472 1774 2525 ἔλαιον
1802 2473 1899 2540 τὴν

324 2556 534 2626 τροφὴν
563 2556 656 2609 τοῦ
693 2557 868 2626 φωτὸς
896 2559 1186 2629 πηγάζειν,
1212 2558 1455 2630 λυχνίαις
1489 2561 1565 2627 δὲ,
1587 2562 1670 2615 ὅτι
1717 2562 1899 2631 ὄχημα

324 2650 427 2718 τῆς
483 2648 738 2721 ἀληθείας
788 2652 1100 2719 γεγόνασιν,
1161 2653 1283 2723 ἥτις
1348 2670 1406 2705 τε
1455 2652 1522 2706 δι’
1576 2653 1788 2723 ἀρετῶν
1841 2652 1902 2705 τὸ

323 2740 579 2811 ἀληθινὸν
611 2741 725 2811 φῶς
755 2742 1155 2814 ὀνομαζόμενον
1184 2744 1497 2808 ὑποδύεται,
1533 2748 1624 2799 καὶ
1652 2763 1901 2815 φρυκτω-

331 2835 417 2903 ρεῖ
440 2835 563 2898 τοὺς
592 2835 947 2901 πελάζοντας,
983 2838 1011 2890 ὂ
1033 2839 1126 2891 καὶ
1159 2839 1344 2899 αιὶτοῖς
1377 2838 1724 2911 περιγίνεται
1769 2842 1905 2911 παῤ⁶

328 2929 672 2999 ρησιάζουσι.
696 2931 774 2983 Τὸ
807 2931 864 2985 δὲ
899 2933 1130 2985 ἐνώπιον
1171 2934 1394 2987 ἐστᾶναι
1438 2932 1646 3004 Κυρίου
1674 2934 1772 3003 τῆς
1800 2933 1902 3002 γῆς

326 3022 380 3073 τί
434 3020 499 3073 ἂν
550 3022 1081 3093 ἄλλο“σημαίνει,’ῆ
1133 3026 1194 3076 τὸ
1242 3024 1529 3094 ἀγχοτάτω
1570 3024 1664 3077 τοῦ
1713 3023 1900 3093 κριτοῦ

328 3111 549 3175 ζώντων
590 3115 682 3167 καὶ
717 3115 924 3185 νεκρῶν
953 3115 1051 3186 τῆς
1084 3115 1265 3169 αὐτῶν
1312 3115 1613 3186 παρουσίας
1654 3114 1756 3186 τὴν
1809 3114 1902 3182 ἔφυ
1932 3153 1976 3210 c

327 3205 450 3258 050v
474 3206 752 3275 γίνεσθαι;

400 3297 528 3366 Πῦρ
553 3299 939 3368 ἐκπορεύεται
965 3299 1036 3354 ἐκ
1060 3300 1167 3355 τοῦ
1202 3302 1496 3371 στόματος
1540 3300 1759 3356 αὐτῶν.
1798 3303 1903 3371 Ση-

331 3391 531 3461 μείοις,
567 3394 723 3460 φησι,
750 3394 1046 3464 χρήσονται
1077 3393 1173 3447 καὶ
1198 3393 1356 3447 αὐτοὶ
1385 3393 1631 3457 δυνατοῖς
1657 3434 1670 3456 ,
1689 3394 1779 3448 δια
1807 3392 1903 3446 τοῦ

330 3481 589 3551 ἀληθινοῦ
638 3482 847 3535 ἑαυτῶν
908 3483 979 3535 τὰ
1045 3482 1189 3536 κατὰ
1261 3483 1473 3552 πλάνην
1536 3483 1633 3535 καὶ
1690 3484 1906 3551 ἀπάτην

331 3576 670 3645 ἐλέγχοντες,
723 3577 815 3629 καὶ
852 3578 978 3639 τοὺς
1007 3574 1253 3645 ὁρῶντας
1298 3576 1377 3639 είς
1409 3574 1596 3628 πίστιν
1647 3576 1741 3627 καὶ
1778 3592 1906 3645 συγ-

332 3668 626 3723 κατάθεσιν
674 3668 941 3732 ἓλκοντες.
996 3668 1170 3722 Βαὸαὶ
1213 3670 1313 3736 τῆς
1361 3667 1512 3731 θείας
1567 3666 1907 3738 ἀγαθότητος

330 3760 659 3832 ἀντίρροπον
688 3764 753 3833 τῇ
792 3761 971 3832 πλάνῃ
994 3761 1092 3831 τὴν
1125 3759 1383 3829 ἀλήθειαν
1419 3759 1812 3832 ἀντιταξάσηςί
1848 3764 1905 3813 ἐν

331 3854 561 3926 δυνάμει
587 3855 694 3928 γὰρ
755 3855 1028 3926 ἀληθινῶν
1068 3855 1313 3925 σημείων
1363 3856 1459 3909 καὶ
1503 3856 1749 3927 τεράτων
1780 3855 1907 3915 τοὺς

332 3946 525 4014 ἁγίους
575 3946 798 4010 τούτους
850 3944 1229 4009 καθοπλίσας,
1278 3944 1461 4013 λόγοις
1507 3945 1908 4007 διδασκαλικοῖς

333 4038 797 4107 ἐπιστρέφοντας,
856 4037 950 4091 καὶ
1020 4036 1159 4106 πρὸς
1213 4035 1427 4099 τούτοις
1486 4036 1579 4088 καὶ
1632 4036 1903 4105 μάστιξιν,

333 4128 665 4199 ἀνομϐρίας,
692 4127 854 4196 λέγω,
886 4129 981 4182 καὶ
1006 4128 1199 4196 πυρὸς,
1222 4126 1317 4179 καὶ
1346 4129 1464 4190 ταῖς
1495 4125 1604 4178 τῶν
1629 4127 1907 4195 στοιχείων

337 4217 752 4290 μεταπτώσεσιν
799 4220 891 4273 ἐπὶ
927 4219 988 4273 τὸ
1023 4218 1321 4289 βλαπτικὸν
1348 4217 1765 4287 προχωρούσαις
1795 4221 1910 4282 τοῖς

334 4313 747 4383 ἀνεπιστρόφως
760 4312 1146 4383 διακειμένοις,
1165 4311 1288 4374 τοὺς
1302 4310 1576 4374 ἐναντίους
1591 4310 1756 4364 αὑτοῦ
1775 4328 1909 4365 κατα

334 4405 583 4472 αισχυνεῖ
598 4402 735 4473 μετά
750 4403 857 4455 τῶν
883 4402 1124 4471 τεράτων
1144 4401 1251 4455 τῶν
1288 4400 1525 4469 ἀληθῶν·
1546 4397 1641 4454 καὶ
1653 4400 1797 4454 οὕτω
1812 4401 1911 4472 μὲν

2007 1913 2164 1968 Iidem
2213 1914 2626 1968 adhibeantmt
2654 1914 2707 1967 in
2766 1914 2869 1968 hoc
2916 1928 3018 1969 suo
3073 1913 3387 1968 testimonio
3418 1915 3582 1987 744.

2003 2015 2164 2075 agent
2192 2006 2260 2061 ad
2307 2015 2522 2077 tempus
2576 2008 2742 2061 trium
2774 2020 3044 2060 annorum
3079 2015 3135 2060 et
3162 2006 3375 2061 dimidii
3407 2020 3422 2060 :
3451 2023 3580 2061 nam

2009 2098 2157 2153 mille
2195 2098 2416 2152 ducenti
2448 2098 2729 2168 sexaginta
2787 2098 2904 2153 dies
2934 2109 3144 2152 tantum
3197 2099 3417 2168 explent
3449 2108 3587 2153 tem-r

2005 2191 2153 2258 poris
2170 2191 2423 2259 spatium.
2446 2190 2743 2245 Saccorum
2767 2199 2949 2245 autem
2974 2191 3212 2245 amictus
3240 2192 3585 2247 demonstrat

2006 2282 2106 2334 hos
2133 2279 2273 2334 duos
2320 2281 2626 2349 praecedere
2649 2296 2774 2334 cum
2833 2280 3141 2349 ahjectione
3189 2282 3370 2336 luctus
3419 2294 3585 2351 atque

2006 2373 2301 2436 intestinae,
2337 2387 2478 2441 quos
2509 2370 2806 2426 Zacharias
2836 2372 3099 2440 propheta
3133 2373 3290 2429 olivis
3320 2374 3587 2428 assimilat

2004 2470 2058 2515 et
2077 2461 2294 2516 duobus
2310 2461 2715 2517 candelahris“
2747 2481 2763 2516 :
2800 2462 2983 2527 olivis,
3014 2477 3078 2516 eo
3108 2464 3253 2533 quod
3280 2464 3590 2533 produciint

2005 2554 2185 2608 oleum
2227 2555 2367 2610 lucis
2414 2557 2810 2610 nutrimentum
2843 2574 2856 2611 :
2900 2555 3242 2613 candelabris
3274 2572 3421 2623 vero,
3458 2558 3591 2627 quia

2007 2647 2318 2702 vehiculum
2347 2648 2474 2702 facti
2505 2658 2631 2704 sunt
2664 2648 2934 2714 veritatis,
2972 2664 3097 2719 qua:
3125 2659 3181 2705 et
3212 2665 3308 2719 per
3352 2651 3587 2707 virtutes

2007 2754 2199 2794 nomen
2231 2755 2370 2795 vera:
2392 2740 2529 2795 lueis
2563 2742 2806 2811 suscipit,
2842 2752 2896 2797 et
2923 2743 3179 2812 praelucet
3200 2744 3285 2799 his
3315 2744 3404 2815 qui
3432 2760 3589 2801 acce4

2005 2832 2160 2899 dunt,
2184 2836 2329 2903 quod
2367 2834 2530 2888 etiam
2564 2833 2648 2889 his
2686 2835 2949 2905 contingit
2996 2836 3087 2905 qui
3120 2836 3288 2891 libere
3329 2848 3383 2891 et
3431 2838 3587 2908 inge—-

2008 2938 2118 2979 nne
2203 2925 2525 2990 loquuntur.
2588 2925 2856 2980 Caaterum
2917 2927 2972 2981 in
3027 2937 3320 2996 conspectu
3372 2929 3590 2985 Domini

2009 3027 2168 3073 terra:
2191 3026 2358 3083 stare,
2387 3018 2518 3088 quid
2537 3017 2683 3073 aliud
2708 3018 3019 3088 signiﬁcare
3031 3028 3229 3089 potest,
3257 3037 3418 3089 quam
3443 3025 3589 3092 quod

2010 3125 2267 3167 accessus
2294 3111 2484 3165 horum
2497 3112 3005 3186 propinquissimus
3031 3111 3132 3168 erit
3163 3114 3417 3169 adventui
3443 3115 3592 3185 judi-

2012 3205 2093 3260 cis
2123 3205 2370 3260 vivorum
2394 3219 2459 3259 ac
2493 3215 2831 3275 mortuorum
2855 3205 2878 3259 ’ἓ

2087 3300 2232 3370 Ignis
2250 3301 2542 3371 egredietur
2562 3300 2626 3353 de
2648 3315 2736 3352 ore
2762 3315 2962 3352 eorunt.
2994 3297 3195 3368 Signis,
3214 3300 3412 3370 inquit,
3436 3312 3593 3358 utena

2014 3402 2103 3448 tur
2126 3402 2181 3449 et
2198 3392 2300 3463 ipsi
2332 3392 2664 3463 petentibus,
2701 3390 2929 3445 veritate
2962 3391 3179 3446 illorum
3231 3406 3592 3464 eoarguentes

2013 3497 2076 3536 ea
2102 3497 2223 3552 qua:
2247 3481 2301 3536 in
2340 3495 2527 3537 errore
2548 3495 2612 3536 ac
2636 3480 2955 3536 seductione
2986 3481 3139 3548 tient,
3172 3491 3227 3538 et
3251 3499 3349 3539 eos
3383 3488 3475 3556 qui
3508 3490 3593 3540 vi-

2014 3571 2196 3626 derint
2215 3570 2284 3626 ad
2310 3570 2468 3626 ﬁdem
2491 3581 2544 3626 et
2563 3587 2846 3628 assensum
2869 3575 3228 3633 attrahentes,
3255 3576 3299 3634 Ο
3317 3581 3603 3636 admirari-

2015 3665 2140 3720 dam
2162 3664 2401 3720 divinam
2424 3665 2726 3720 bonitatem
2753 3682 2874 3737 quae
2908 3683 2975 3722 ex
3006 3668 3244 3726 adverso
3275 3675 3481 3729 erroris
3498 3688 3592 3729 or-

2015 3754 2225 3809 dinavit
2248 3754 2550 3810 remedium
2580 3756 2857 3813 veritatis!
2889 3774 3015 3813 nam
3048 3775 3144 3827 per
3156 3771 3479 3831 potestatem
3497 3781 3590 3819 ve-

2016 3861 2206 3904 rerum
2244 3848 2524 3917 signorum
2564 3858 2617 3904 et
2658 3850 3032 3922 prodigiorum
3074 3863 3297 3912 sanctos
3326 3857 3466 3913 istos
3495 3862 3593 3914 ob.

2016 3955 2259 4007 armans,
2284 3950 2345 3996 ut
2389 3941 2653 3999 doctrina:
2685 3946 3036 4002 sermonibus
3072 3949 3319 4005 homines
3366 3967 3598 4007 converd

2018 4042 2173 4089 tant:
2214 4043 2475 4102 praeterea
2509 4036 2672 4091 etiam
2723 4037 2967 4107 ﬂagellis,
3011 4054 3208 4111 nempe
3257 4041 3455 4112 pluviae
3497 4061 3595 4100 ca-

2018 4128 2194 4184 rentia
2219 4139 2275 4185 et
2308 4130 2452 4201 igne,
2470 4129 2635 4184 variis
2659 4129 2824 4184 etiam
2857 4131 3251 4188 elementorum
3285 4137 3607 4191 mutationi‘

2019 4220 2144 4285 bus,
2164 4221 2230 4276 ad
2266 4221 2370 4277 hoc
2395 4220 2767 4286 tendentibus,
2807 4230 2867 4279 ut
2889 4222 2955 4278 iis
2978 4233 3169 4279 noceat
3197 4227 3290 4295 qui
3322 4228 3394 4281 ita
3415 4229 3597 4284 allecti

2019 4321 2150 4371 sunt
2177 4322 2237 4368 ut
2266 4314 2511 4369 converti
2547 4321 2847 4382 nequeant,
2891 4330 3022 4371 suos
3070 4316 3416 4375 adversarios
3448 4323 3594 4375 veris

2020 4404 2189 4475 signis
2215 4403 2509 4476 pudefacit.
2542 4405 2609 4459 Et
2637 4404 2712 4460 ita
2745 4406 2964 4475 quidem
2986 4415 3289 4463 tractantur
3330 4422 3593 4469 amentes.

334 4497 388 4548 oi.
418 4494 690 4549 ἀσύνετοι.
711 4494 848 4548 Οἱδὲ
882 4494 1124 4564 βελτίους
1156 4494 1251 4548 καὶ
1288 4494 1425 4563 πρὸς
1450 4492 1784 4564 ἐπιστροφὴν
1801 4494 1906 4546 ἁπ-

2021 4497 2191 4553 Ροιτο
2222 4497 2471 4553 saniores
2500 4506 2555 4552 et
2576 4498 2671 4571 qui
2708 4499 2777 4553 ad
2810 4499 3222 4555 conversionem
3270 4504 3593 4572 respiciunt,

343 4588 547 4651 ιδόντες
571 4588 734 4659 (κατά
757 4588 840 4650 τὸ,
870 4605 888 4639 ι
910 4588 973 4639 Ἠ
996 4587 1212 4640 παιδεία
1242 4586 1447 4653 Κυρίου
1474 4586 1680 4654 ἀνοίγει
1710 4603 1814 4656 μου
1844 4586 1912 4641 τὰ

336 4675 454 4734 ῶτα
483 4696 527 4730 ι·
560 4680 651 4733 καὶ
679 4679 760 4745 τὸ,
786 4699 804 4732 ι
822 4681 918 4733 “Ov
937 4680 1124 4749 ἀγαπᾷ
1157 4679 1358 4747 Κύριος
1384 4679 1715 4749 παιδεύει,›)
1748 4681 1910 4751 ἐκέρ-

337 4772 526 4837 δαναν,
571 4772 620 4825 εί
652 4772 746 4825 καὶ
778 4771 992 4840 βιαίοις,
1027 4771 1142 4824 ἀλλ’
1183 4766 1274 4822 οὗν
1298 4770 1358 4821 τὸ
1406 4771 1696 4840 σωτήριον,
1727 4772 1909 4834 αὐτοῖς

332 4863 733 4936 ἐπιϐραὸευθὲν
762 4866 913 4933 παρά
933 4864 1027 4916 τοῦ
1064 4862 1139 4934 μὴ
1183 4860 1509 4933 ἀμαρτωλοῦ
1542 4862 1635 4914 τὸν
1680 4862 1911 4916 θάνατον

332 4958 606 5020 θέλοντος,
637 4956 771 5009 ἀλλὰ
798 4959 896 5026 τὴν
930 4958 1243 5027 μετάνοιαν.

408 5052 517 5108 Καὶ
564 5051 820 5115 πατάξαι
858 5051 971 5118 τὴν
1011 5050 1146 5121 γῆν.
1188 5049 1556 5121 Ἀντιρρόπως
1596 5049 1736 5103 κατά
1761 5048 1911 5102 θείαν

334 5146 686 5216 χρηστότητα
702 5148 767 5215 τῇ
792 5145 972 5214 πληγῇ
992 5144 1312 5215 ἐπιφέρεται
1337 5144 1433 5196 κα)⁵
1458 5146 1487 5210 ἡ
1508 5144 1672 5206 ἴασις.
1693 5142 1913 5211 Ἐπειδὴ

334 5242 447 5312 γὰρ
483 5242 540 5292 ὲν
584 5242 717 5294 πᾶσι
763 5241 1009 5309 σημείοις
1051 5240 1143 5293 καὶ
1186 5238 1381 5309 τέρασι
1415 5237 1665 5306 ψεύδους,
1699 5235 1915 5287 πάντων

339 5334 652 5403 φαρμάκων
678 5332 831 5385 ἔσται
852 5330 1310 5402 περιφανέστερος
1344 5330 1466 5385 κατ’
1501 5329 1785 5399 ἐνέργειαν
1819 5327 1911 5379 τοῦ

338 5426 573 5491 Σατανᾶ,
593 5425 622 5477 ὁ
638 5423 838 5491 ἀγαθὸς
856 5423 987 5487 Θεὸς
1003 5422 1124 5485 τοὺς
1143 5422 1330 5489 ἁγίους
1352 5421 1573 5484 τούτους
1597 5419 1915 5473 καθοπλίσει

336 5519 400 5571 ἐν
409 5516 636 5585 δυνάμει
649 5516 889 5587 σημείων
901 5515 1188 5585 ἀληθινῶν,
1208 5514 1268 5567 τὸ
1283 5512 1477 5583 ψεῦδος
1494 5512 1911 5580 άπελέγξοντας,

340 5609 586 5673 καὶτοὺς
631 5610 729 5680 μὲν
769 5609 1218 5680 πεπλανημένους
1249 5610 1700 5679 ἐπιστρέφοντας,
1726 5606 1817 5659 τὸν
1856 5608 1911 5659 δὲ

409 5771 454 5804 ⁵⁸
504 5770 695 5826 Malae.
751 5786 826 5836 tv,
876 5769 929 5824 6.
1004 5770 1049 5800 ⁸ο
1106 5768 1271 5823 Zaeh.
1322 5784 1395 5835 tv,
1435 5769 1520 5823 ll.
1563 5768 1605 5800 ⁸³
1647 5767 1808 5822 Prov.
1846 5784 1927 5834 ιιι,
1964 5770 2012 5825 l.

661 5869 929 5928 ΡΑτιιοι..
976 5867 1095 5927 Gn.
1126 5866 1282 5928 CV].

2016 4588 2317 4659 juxtaillud
2342 4606 2387 4643 τι
2412 4588 2703 4658 Disciplina
2724 4591 2934 4644 Domini
2953 4592 3127 4660 aperit
3149 4607 3312 4648 aures
3329 4600 3591 4654 meas":i

2022 4691 2074 4735 et
2104 4680 2236 4735 illud
2271 4700 2286 4739 :
2320 4700 2338 4733 ι
2373 4680 2545 4747 Quem
2577 4682 2754 4754 diligit
2819 4681 3082 4739 Dominus
3107 4686 3337 4756 castigat
3356 4688 3424 4753 θ’,
3456 4707 3474 4739 ι
3508 4706 3599 4744 sa-

2023 4772 2189 4824 lutem
2238 4770 2655 4837 luet'il‘ecerunt,
2695 4787 3004 4843 quanquam
3060 4773 3316 4840 violente,
3361 4787 3599 4834 attamen

2022 4862 2125 4915 sibi
2154 4862 2493 4932 designatam
2530 4864 2599 4919 ab
2628 4878 2695 4918 eo
2727 4864 2818 4934 qui
2860 4878 2971 4919 non
3006 4865 3118 4919 vult
3137 4875 3370 4924 mortem
3402 4884 3597 4939 pecea-

2020 4958 2175 5023 toris,
2208 4958 2300 5012 sed
2328 4959 2779 5029 resipiscentiam.

2099 5050 2163 5103 Et
2196 5052 2521 5119 percutiendi
2570 5062 2783 5109 terram.
2823 5051 2987 5108 Juxta
3026 5055 3267 5110 divinam
3296 5057 3597 5116 bonitatem

2025 5146 2478 5215 correspondenti
2522 5145 2684 5200 modo
2714 5146 2780 5200 ad
2810 5147 3024 5217 plagam
3058 5148 3223 5202 etiam
3253 5152 3604 5219 subjungitm-

2024 5239 2265 5293 sanatio.
2323 5236 2616 5307 Postquam
2652 5236 2798 5292 enim
2836 5238 3215 5296 Antichristus
3264 5258 3358 5311 per
3414 5247 3600 5299 omnia

2026 5333 2184 5403 signa
2230 5340 2285 5387 et
2336 5330 2584 5401 prodigia
2629 5332 2917 5387 mendacia
2957 5334 3175 5389 cunctis
3221 5334 3399 5392 factus
3435 5338 3602 5392 fuerit

2028 5421 2299 5477 illustrior
2320 5420 2626 5476 secundum
2661 5424 3038 5491 operationem
3059 5422 3293 5490 Satanaz,
3332 5428 3601 5497 benignus

2025 5516 2172 5571 Deus
2208 5526 2432 5572 sanctos
2464 5531 2598 5573 suos
2626 5517 2936 5575 obarmahit
2973 5535 3071 5590 per
3100 5521 3399 5590 potentiam
3446 5536 3603 5577 vero:

2023 5623 2143 5662 rum
2198 5609 2479 5680 signorum
2523 5629 2536 5665 :
2573 5622 2629 5667 ut
2683 5612 3029 5669 mendacium
3069 5623 3393 5686 coarguant,
3426 5624 3477 5670 et
3509 5628 3603 5669 eo;

2092 5767 2252 5825 llehr.
2294 5786 2386 5835 an,
2420 5770 2471 5823 6.

3136 5869 3208 5936 21
