4030 6566
461 290 565 358 651

1293 300 1627 361 ARETIIIE
1667 302 2045 365 CAESARE/ﬁ
2078 305 2561 368 CAPPADOCIE
2600 306 2944 368 EPISCOPI

3624 310 3729 376 652

457 409 553 480 qui
599 407 808 464 fuerint
835 407 1046 466 seducti
1086 419 1436 479 convertant,
1473 429 1538 469 ac
1567 415 1912 471 seductorem
1954 431 2047 487 pa-

2155 420 2361 474 πλάνον
2406 418 3018 489 παραδειγματίσοντας
3059 416 3156 472 καὶ
3187 418 3357 489 μηδὲν
3383 418 3737 489 πεισομένους

458 506 566 560 lam
625 505 938 570 traducant,
987 504 1239 575 nihilque
1260 506 1479 563 adversi
1536 508 1607 563 ab
1659 524 1726 564 eo
1771 510 2047 580 patiantur

460 612 639 667 usque
672 598 739 652 ad
776 598 1076 652 terminum
1120 613 1235 653 sua:
1265 599 1589 668 prophetiae.

528 688 619 754 XI,
651 688 800 744 7-10.
835 689 1071 761 Cumque
1117 691 1439 761 expleverint
1485 694 1841 747 testimonium
1869 710 2043 761 suum,

462 779 622 852 745
655 778 827 835 bestia
856 798 974 851 qua
1008 782 1247 838 ascendit
1274 783 1338 838 de
1365 784 1560 853 abysso
1586 786 1873 840 committet
1907 802 2046 855 prte-

460 874 591 927 liunt
624 872 877 927 adversus
913 874 1083 945 ipsos,
1110 884 1159 929 et
1199 876 1366 929 uincet
1409 892 1516 942 eos,
1556 893 1618 931 ac
1647 877 1847 932 occidet
1884 879 2044 948 ipsos,

457 978 507 1020 et
533 969 791 1021 cadavera
812 983 994 1021 eorum
1010 967 1268 1037 jacebunt
1292 968 1346 1021 in
1370 968 1548 1037 platea
1573 970 1803 1024 civitatis
1816 986 2043 1041 magna,

458 1076 576 1130 qua!
609 1070 829 1114 vocatur
861 1061 1220 1130 spiritualiter
1267 1060 1499 1116 Sodoma
1543 1070 1593 1117 et
1633 1063 1922 1134 (Egyptus,
1958 1066 2048 1121 ubi

458 1163 507 1206 et
562 1154 815 1207 Dominus
851 1170 1033 1207 eorum
1074 1154 1363 1222 cruciﬁxus
1414 1163 1513 1208 est.
1566 1154 1634 1210 Et
1696 1156 1942 1210 videbunt
1982 1158 2047 1212 de

458 1244 669 1314 populis
708 1253 755 1298 et
794 1245 1033 1297 tribubus
1081 1253 1129 1297 et
1176 1244 1370 1314 linguis
1414 1254 1464 1299 et
1505 1245 1744 1315 gentibus
1779 1246 1848 1300 ad
1878 1247 2044 1301 cada-

459 1352 578 1389 rera
616 1350 797 1388 eorum
850 1334 1016 1387 tribus
1050 1333 1236 1387 diebus
1288 1342 1338 1387 et
1390 1334 1635 1400 dimidio,
1688 1343 1737 1389 et
1789 1334 2045 1390 cadavera

457 1444 639 1483 eorum
674 1443 776 1481 non
808 1428 1112 1497 permittent
1143 1428 1268 1497 poni
1296 1428 1354 1481 in
1393 1439 1786 1482 monumentum
1817 1442 1836 1482 :
1870 1437 1918 1483 et
1962 1428 2047 1481 in-

457 1521 761 1573 habitantes
814 1530 1012 1573 terram
1053 1521 1356 1590 gaudebunt
1406 1536 1565 1589 super
1598 1519 1733 1585 illis,
1787 1529 1837 1575 et
1892 1520 2045 1574 laeta-

458 1614 658 1666 buntur
692 1628 756 1666 ac
798 1628 1020 1665 munera
1049 1610 1251 1664 dabunt
1277 1611 1501 1665 invicem
1531 1626 1549 1665 :
1578 1611 1829 1681 quoniam
1860 1610 1915 1663 lii
1940 1611 2044 1663 duo

458 1703 724 1774 propheta:
760 1705 1124 1759 cruciaveraut
1149 1703 1452 1758 habitantes
1481 1703 1535 1758 in
1561 1713 1724 1757 terra.

2154 513 2247 567 ὑπ’
2284 512 2496 567 ικείνου
2522 511 2768 583 λυπηρὸν
2792 510 2923 582 ἄχρι
2943 510 3207 583 περάτων
3233 513 3335 583 τῆς
3370 510 3583 566 ἑαυτῶν
3611 529 3735 584 προ-

2154 604 2404 676 φητείας.

2224 694 2334 748 Kal
2397 694 2544 749 ὅταν
2582 692 2884 749 τελέσωσι
2943 694 3062 761 τὴν
3118 696 3455 763 μαρτυρίαν
3502 694 3734 761 αὐτῶν,

2151 786 2221 839 τὸ
2248 787 2458 855 θηρίον
2484 786 2551 840 τὸ
2562 785 2893 841 ἀναϐαῖνον
2917 786 2986 839 ἐκ
3008 784 3122 853 τῆς
3156 786 3459 851 ἀϐύσσου,
3491 786 3737 854 ποιήσει

2144 875 2273 945 μετ’
2300 875 2502 931 αὐτῶν
2555 876 2846 944 πόλεμον,
2897 874 2996 929 και
3050 875 3291 943 νικήσει
3336 875 3582 941 αὐτοὺς,
3638 878 3738 929 καὶ

2150 966 2472 1023 ἀποκτενεῖ
2500 967 2746 1034 αὐτοὺς,
2779 966 2967 1021 καὶτὸ
3007 966 3218 1037 πτῶμα
3253 967 3456 1022 αὐτῶν
3487 967 3587 1021 ἐπὶ
3628 969 3743 1035 τῆς

2151 1060 2445 1127 πλατείας
2473 1060 2586 1127 τῆς
2606 1062 2835 1127 πόλεως
2870 1059 2982 1128 τῆς
2993 1060 3286 1130 μεγάλης,
3310 1059 3445 1127 ἥτις
3472 1060 3739 1114 καλεῖται

2148 1152 2564 1222 πνευματικῶς
2595 1151 2829 1221 Σόδομα
2868 1149 2967 1205 zeal
2997 1151 3317 1221 Αιγυπτος.
3348 1150 3543 1205 Ὅπου
3574 1150 3672 1204 καὶ
3708 1153 3743 1202 ό

2148 1245 2364 1312 Κύριος
2392 1242 2592 1299 αὐτῶν
2621 1242 2992 1312 ἐσταυρώθη,
3017 1243 3115 1297 καὶ
3136 1242 3489 1307 ,ϐλέπουσιν
3520 1241 3589 1297 ἐκ
3617 1241 3740 1295 τῶν

2146 1337 2314 1392 λαῶν
2358 1336 2457 1390 και
2510 1334 2725 1406 φυλῶν
2768 1334 2869 1390 καί
2923 1333 3248 1405 γλωσσῶν,
3288 1334 3386 1388 καὶ
3436 1334 3628 1389 ἐθνῶν
3670 1334 3742 1387 τὸ

2148 1430 2358 1501 πτῶμα
2392 1429 2592 1485 αὐτῶν
2607 1429 2834 1499 ἡμέρας
2871 1430 3031 1498 τρεῖς
3067 1429 3279 1497 ἣμισυ.
3334 1428 3442 1481 Kal
3481 1427 3556 1481 τὰ
3584 1425 3743 1481 πτῶ-

2140 1542 2301 1595 ματα
2321 1525 2519 1579 αὐτῶν
2547 1526 2658 1579 οὐκ
2681 1523 2993 1592 ἀφήσουσι
3010 1522 3254 1591 τεθῆναι
3268 1524 3358 1588 εις
3371 1520 3602 1590 μνῆμα,
3637 1521 3740 1574 καὶ

2143 1624 2199 1675 οι
2226 1618 2649 1683 κατοικοῦντες
2672 1615 2774 1670 ἐπὶ
2824 1614 2935 1684 τῆς
2964 1614 3079 1684 γῆς
3100 1614 3475 1684 χαρήσονται
3492 1613 3587 1667 ἐπ’
3634 1617 3744 1667 αἱ»-

2146 1712 2273 1779 τοῖς
2294 1752 2308 1777 ,
2353 1710 2453 1764 καὶ
2506 1708 3059 1779 εὐφρανθήσονται,
3094 1706 3192 1761 καί
3225 1706 3384 1774 δῶρα
3422 1706 3746 1761 δώσουσιν

2076 1770 2119 1828 Β
2148 1770 2467 1870 ἀλληλοις,
2497 1770 2595 1854 ὅτι⁷
2614 1770 2782 1858 οὗτοι
2801 1770 2859 1854 οι
2885 1798 2997 1852 δύο
3025 1770 3326 1867 προφῆται
3360 1796 3744 1852 ἐϐασάνισαν

2149 1895 2294 1961 τοὺς
2323 1892 2751 1957 κατοικοῦντας
2783 1890 2882 1945 ἐπὶ
2918 1889 3029 1958 τῆς
3060 1887 3193 1957 γῆς.

545 1967 778 2039 Cumque
863 1968 1180 2035 expleverint
1261 1968 1644 2023 testimonium.
1728 1968 2047 2035 Quodnam?

2220 1987 2329 2041 Kal
2384 1986 2529 2039 ὅταν
2586 1983 2885 2038 τελέσωσι
2947 1982 3066 2051 τὴν
3118 1982 3476 2051 μαρτυρίαν.
3538 1980 3740 2046 ΙΙοίαν;

461 2062 616 2128 Quod
635 2062 682 2117 is
720 2060 818 2131 qui
868 2070 1000 2115 tunc
1042 2075 1284 2131 praesens
1330 2062 1436 2117 erit
1495 2076 1602 2115 non
1651 2060 1720 2115 sit
1767 2061 2046 2124 Christus,

2152 2083 2276 2136 ’Ότι
2304 2074 2458 2143 οὗτος
2488 2082 2517 2133 ὁ
2566 2077 2760 2149 παρὼν
2790 2077 2891 2133 οὐκ
2932 2077 3083 2131 ἔστιν
3118 2077 3147 2129 ὁ
3177 2075 3432 2145 Χριστὸς,
3481 2074 3749 2129 ἀπατεὼν

460 2153 560 2210 sed
603 2154 872 2223 impostor
910 2166 976 2208 ac
1021 2154 1367 2224 perniciosus
1413 2153 1671 2209 seductor
1708 2170 1722 2208 ε
1759 2154 1851 2209 sed
1886 2154 2049 2223 paulo

2152 2176 2207 2230 δὲ
2236 2175 2330 2229 καὶ
2355 2173 2599 2245 ὀλέθριος
2630 2172 2854 2233 πλάνος.
2900 2168 3060 2233 Ἥξει
3101 2167 3159 2223 δὲ
3196 2167 3323 2221 ὅσον
3373 2165 3527 2223 οὔπω
3561 2168 3591 2219 ὁ
3643 2164 3745 2218 τοῦ

458 2254 579 2316 post
614 2254 879 2299 venturus
919 2243 992 2299 sit
1030 2243 1123 2299 Dei
1158 2242 1352 2310 Filius,
1376 2244 1464 2300 cui
1518 2243 1683 2298 etiam
1713 2242 2065 2299 credendum

2152 2269 2286 2322 Θεοῦ
2336 2242 2498 2331 Υἱὸς,
2531 2259 2575 2334 ᾧ
2628 2264 2722 2318 καὶ
2765 2264 3085 2316 πιστευτέον
3134 2260 3211 2324 ὡς
3251 2261 3467 2331 Σωτῆρι
3506 2261 3602 2313 sui
3645 2260 3745 2311 ἐπὶ

457 2335 530 2391 sit
557 2346 816 2405 tanquam
847 2332 1121 2389 Salvatori
1159 2352 1172 2388 :
1210 2334 1304 2403 qui
1341 2334 1407 2388 ad
1451 2332 1899 2389 benefaciendum
1946 2331 2048 2387 ho-

458 2429 701 2485 minibus
741 2428 854 2499 jam
882 2426 1014 2485 olim
1063 2426 1366 2493 advenerit,
1414 2434 1470 2482 et
1517 2440 1665 2481 nunc
1722 2441 1941 2482 rursum
1979 2425 2053 2481 sit

458 2530 622 2579 ventu
632 2538 745 2577 HIS.

529 2615 709 2669 Bestia
739 2628 859 2684 quea
880 2610 1117 2666 ascendit
1141 2611 1205 2667 de
1237 2612 1446 2682 abysso.
1478 2609 1713 2667 Bestiam
1740 2610 2052 2666 dicitAnti-

458 2708 752 2772 christum,
783 2714 1008 2775 prapter
1057 2702 1438 2767 crudelitatem
1465 2712 1520 2759 et
1572 2703 2049 2771 inhumanitatem,

456 2814 523 2857 ac
568 2798 796 2855 humani
853 2796 1143 2867 sanguinis
1198 2796 1563 2852 aviditatem:
1619 2797 1878 2868 abyssum
1924 2813 2053 2854 vero

456 2894 626 2948 vitam
660 2891 969 2953 hominum,
1007 2904 1252 2943 amaram
1306 2897 1531 2960 propter
1566 2899 1811 2959 peccata,
1848 2900 1903 2946 et
1952 2891 2052 2946 tri-

456 2995 595 3040 stem
625 2998 690 3039 ac
722 2980 1039 3039 instabilem
1072 2979 1146 3035 ob
1184 2979 1451 3036 adversos
1495 2979 1739 3050 undique
1785 2978 1948 3035 ﬂatus
1988 2994 2055 3036 ac

458 3076 659 3134 sibilos
689 3074 1057 3145 malignorum
1090 3072 1407 3144 spirituum.
1439 3071 1628 3143 Neque
1664 3072 1813 3127 cnim
1845 3088 1913 3128 ex
1942 3072 2046 3128 alia

457 3178 654 3225 natura
687 3177 946 3239 exsurget
966 3166 1269 3223 sceleratus
1290 3165 1403 3231 ille,
1425 3166 1519 3221 sed
1550 3180 1615 3220 ex
1642 3174 1830 3222 nostra
1857 3175 1912 3221 et
1940 3166 2044 3221 hu-

457 3276 621 3318 mana
653 3261 964 3322 substantia
999 3276 1014 3315 :
1055 3274 1181 3315 nam
1228 3259 1395 3315 homo
1422 3257 1528 3315 crit
1556 3258 1864 3315 secundum
1916 3275 2047 3331 ope-

457 3356 729 3411 rationem
759 3352 1000 3417 Satana,
1036 3361 1098 3407 ut
1135 3350 1251 3422 jam
1298 3350 1510 3405 dictum
1556 3360 1664 3405 est.
1720 3348 1847 3407 llzec
1883 3350 2049 3421 igitur

455 3448 654 3513 bestia,
692 3447 893 3517 inquit,
926 3443 1192 3516 pugnabit
1223 3443 1491 3499 adversus
1530 3444 1631 3499 hos
1662 3453 1884 3499 sanctos
1915 3458 2047 3514 pro—

455 3544 671 3615 phetas,
721 3548 776 3596 et
806 3539 1022 3596 occidet
1069 3553 1187 3604 eos,
1226 3549 1279 3594 et
1317 3552 1551 3609 corpora
1616 3536 1863 3606 ipsorum
1899 3536 2046 3592 insc-

456 3634 602 3708 pulta
645 3632 894 3705 projiciet
942 3631 996 3686 in
1037 3630 1229 3702 plateis
1276 3629 1585 3687 Jerusalem
1626 3630 1730 3686 :in
1779 3644 1842 3685 ea
1898 3631 2045 3685 enim

454 3726 727 3799 regnabit.
765 3734 1027 3797 tanquam
1059 3740 1155 3780 rex
1180 3721 1498 3780 Judzeorum
1529 3737 1669 3796 quos
1716 3722 1961 3789 seducet,
1993 3731 2049 3778 et

453 3818 513 3875 in
544 3818 805 3874 omnibus
834 3817 1058 3873 habebit
1091 3818 1377 3874 ministros
1420 3818 1639 3890 sibique
1662 3819 2047 3889 obtemperan-

454 3918 562 3967 tes.
589 3909 656 3965 Et
692 3909 960 3985 Dominus
977 3910 1122 3982 apud
1146 3909 1439 3978 Joannem,
1477 3929 1496 3963 ι
1531 3909 1646 3981 Ego
1671 3911 1815 3978 veni,
1843 3910 2043 3981 inquit,

454 4002 513 4060 in
546 4004 771 4059 nomine
798 4001 981 4059 Patris
1010 4003 1140 4070 mei,
1179 4010 1235 4058 et
1264 4016 1373 4058 non
1398 4001 1643 4073 recipitis
1677 4017 1800 4071 me;
1840 4002 1887 4059 si
1906 4002 2047 4058 alius

452 4098 666 4155 venerit
728 4098 953 4152 nomine
1004 4096 1251 4168 proprio,
1300 4095 1454 4152 illum
1487 4096 1761 4167 recipietis
1784 4096 1852 4151 “.
1886 4114 1906 4148 ι
1945 4094 2047 4151 So-

452 4192 615 4248 doma
641 4207 774 4248 vero
799 4200 855 4248 et
875 4190 1173 4263 Egyptum
1206 4190 1344 4247 dicit
1375 4192 1558 4247 vocari
1594 4191 1901 4247 Jerusalem
1928 4190 2047 4261 spi-

450 4284 749 4349 ritualiter,
788 4284 894 4339 hoc
914 4292 1000 4339 est
1018 4282 1177 4353 juxta
1206 4283 1529 4356 allegoriam
1570 4303 1584 4337 :
1624 4282 1883 4349 Sodoma,
1921 4298 2047 4352 pro-

453 4384 573 4445 pter
589 4374 991 4445 impudicitiam
1011 4381 1065 4429 et
1083 4375 1360 4445 hospitum
1380 4375 1753 4439 aiilictionem,
1776 4390 1898 4444 qua:
1916 4386 2047 4427 tunc

2153 2360 2444 2432 εὐεργεσίᾳ
2472 2358 2583 2413 τῶν
2613 2356 2920 2427 ἀνθρώπων
2952 2354 3050 2408 καὶ
3094 2351 3267 2409 πάλαι
3301 2351 3703 2423 παραγεγονότι
3722 2388 3744 2417 ,

2153 2452 2249 2507 καὶ
2278 2452 2374 2507 νῦν
2402 2449 2851 2523 παραγινομένῳ.

2231 2632 2300 2687 Τὸ
2334 2631 2543 2699 θηρίον
2578 2628 2644 2683 τὸ
2678 2626 3008 2683 ἀναϐαῖνον
3030 2625 3102 2679 ἐκ
3146 2623 3256 2693 τῆς
3294 2624 3598 2681 ἀϐύσσου.
3632 2624 3747 2695 Θη-

2158 2726 2273 2799 ρίον
2301 2725 2394 2779 τὸν
2442 2722 2813 2793 Ἀντίχριστον
2838 2718 3009 2787 λέγει,
3042 2718 3131 2771 διά
3154 2718 3216 2771 τὸ
3246 2717 3399 2788 ὠμὸν
3434 2718 3530 2773 καὶ
3562 2717 3747 2771 ἀπάν-

2157 2819 2374 2891 θρωπον
2397 2817 2492 2871 καὶ
2542 2814 2839 2885 αἱμοῦόρον
2873 2827 2888 2843 ’
2911 2812 3148 2865 ἄϐυσσον
3174 2811 3232 2864 δὲ
3261 2813 3354 2864 τὸν
3379 2810 3488 2865 τῶν
3523 2809 3747 2882 ἀνθρώ-ο

2156 2931 2275 2967 πων
2319 2912 2457 2983 βίον,
2494 2910 2588 2963 τὸν
2633 2906 2835 2979 πικρὸν
2877 2907 2999 2969 ταῖς
3029 2903 3327 2975 ἁμαρτίαις
3360 2905 3453 2957 καὶ
3494 2902 3746 2972 λυπηρὸν

2156 3006 2251 3061 καὶ
2285 3002 2625 3060 ἅστατοῦντα
2674 3002 2797 3063 ταῖς
2833 2994 3239 3069 περιφυσήσεσι
3274 2998 3369 3050 καὶ
3400 2995 3743 3057 ἀντιπνοίαις

2077 3114 2120 3173 α
2154 3099 2263 3153 τῶν
2299 3095 2553 3168 πονηρῶν
2586 3091 2935 3162 πνευμάτων.
2973 3091 3050 3143 Οὐ
3083 3090 3194 3160 γὰρ
3235 3087 3293 3153 ιξ
3330 3088 3494 3156 ἄλλης
3522 3087 3745 3155 φύσεως

2154 3190 2515 3263 ἐγερθήσεται
2543 3189 2573 3242 ὁ
2600 3186 2880 3255 ἁλιτήριος
2909 3175 3086 3247 οὗτος,
3113 3180 3227 3236 ἀλλ’
3250 3181 3314 3233 ὲκ
3338 3180 3438 3251 τῆς
3461 3179 3739 3251 ἡμετέρας

2154 3283 2251 3338 καὶ
2281 3279 2631 3353 ἀνθρωπίνης
2669 3275 2882 3340 οὐσίας.
2919 3274 3243 3345 Ἀνθρωπος
3273 3271 3381 3343 γὰρ
3422 3271 3577 3325 ἔσται
3614 3268 3745 3324 κατ’

2153 3376 2437 3447 ἐνέργειαν
2473 3371 2568 3427 τοῦ
2615 3368 2855 3431 Σατανᾶ,
2876 3367 2951 3431 ὡς
2981 3366 3082 3438 ἤδη
3131 3366 3371 3436 εἴρηται.
3410 3362 3585 3418 Τοῦτο
3616 3361 3743 3432 οὖν,

2155 3467 2315 3537 φησι,
2350 3464 2412 3518 τὸ
2456 3462 2646 3533 θηρίον
2680 3459 2981 3531 πολεμήσει
3005 3458 3118 3521 τοῖς
3148 3458 3323 3527 ἁγίοις
3347 3455 3558 3518 τούτοις
3602 3471 3751 3529 προ-η

2154 3558 2390 3625 φήταις,
2449 3555 2547 3608 καὶ
2600 3554 2895 3607 ἀποκτενεῖ
2950 3549 3184 3613 αὐτοὺς,
3234 3548 3331 3601 καὶ
3385 3547 3455 3601 τὰ
3507 3545 3739 3617 σώματα

2154 3648 2339 3705 αὐτῶν
2375 3648 2559 3715 ἄταφα
2593 3644 2741 3717 ῥίψει
2777 3645 2837 3697 ἐν
2868 3643 2986 3706 ταῖς
3019 3640 3304 3703 πλατείαις
3330 3640 3429 3710 τῆς
3469 3639 3742 3708 Ἰερουσα-

2151 3742 2287 3813 λήμ.
2330 3739 2421 3795 Ἑν
2461 3738 2599 3810 αὐτῇ
2643 3735 2754 3808 γὰρ
2790 3732 3101 3806 βασιλεύσει
3147 3732 3222 3797 ὡς
3276 3731 3541 3786 Ἰουδαίων
3580 3730 3743 3803 βασε-

2152 3833 2315 3898 λεὺς,
2349 3832 2445 3896 οὒς
2486 3830 2762 3900 ἀπατήσει
2818 3828 2915 3882 καὶ
2962 3827 3075 3894 ἔξει
3121 3825 3262 3897 πρὸς
3303 3824 3483 3881 πάντα
3527 3824 3741 3897 ὑπουρ-

2152 3924 2387 3997 γοῦντας
2450 3922 2546 3978 καὶ
2615 3920 2996 3991 πειθομένους.
3060 3918 3170 3974 Καὶ
3224 3919 3253 3972 ὁ
3313 3917 3515 3990 Κύριος
3582 3916 3741 3985 ποιρά

2166 4018 2387 4089 Ἰωάννῃ
2404 4032 2420 4048 ο
2454 4034 2475 4069 ι
2523 4012 2668 4083 Ἐγὼ
2694 4011 2932 4084 ἐλήλυθα
2958 4012 3015 4064 ἐν
3042 4009 3121 4081 τῷ
3147 4008 3374 4079 ὀνόματι
3397 4006 3494 4061 τοῦ
3520 4006 3740 4077 Πατρός

2156 4127 2279 4182 μου,
2311 4108 2406 4163 καὶ
2451 4106 2513 4160 οὐ
2542 4103 2851 4176 λαμϐάνετε
2884 4119 2973 4172 με.
3029 4102 3157 4155 Ἐἀν
3182 4100 3342 4163 ἄλλος
3387 4099 3517 4173 ἔλθῃ
3551 4099 3609 4152 ὲν
3656 4096 3739 4169 τῷ

2150 4200 2376 4270 ὀνόματι
2406 4196 2485 4268 τῷ
2517 4195 2655 4266 ἰδίῳ,
2701 4194 2911 4247 εκείνον
2937 4190 3196 4263 λήψεσθε.
3234 4208 3253 4242 ι
3305 4189 3513 4261 Σόδομα
3549 4189 3604 4242 δδ
3636 4190 3738 4257 τὴν

2168 4291 2526 4363 Ἰερουσαλὴμ
2566 4288 2661 4343 καὶ
2712 4287 2990 4355 Αἴγυπτον
3033 4283 3425 4355 πνευματικῶς
3452 4299 3586 4355 φησι
3629 4300 3737 4336 κα-

2153 4384 2386 4446 λεῖσθαι,
2435 4382 2598 4435 οἱονεὶ
2645 4380 2788 4434 κα.τά
2830 4378 3197 4449 ἀλληγορίαν·
3247 4376 3479 4447 Σόδομα,
3508 4374 3598 4428 διὰ
3632 4376 3737 4445 τὴν

450 4468 694 4523 eruntin
729 4465 935 4522 Judzeis
989 4466 1163 4537 ipsam
1208 4467 1686 4524 inhabitantibus:
1744 4466 2040 4537 Egyptutu

2152 4476 2271 4529 τότε
2326 4474 2618 4540 ἀσέλγειαν
2669 4475 2727 4527 ἐν
2777 4473 2917 4543 αὐτῇ
2972 4470 3249 4541 ἐσομένων
3316 4468 3589 4523 Ἰουδαίων
3637 4468 3735 4521 καὶ

452 4570 661 4627 autem,
684 4569 947 4630 tanquam
996 4558 1050 4613 in
1080 4560 1401 4615 servitutem
1434 4560 1772 4630 redigentem
1808 4574 1873 4612 ac
1905 4557 2049 4624 inju-

452 4656 567 4710 rias
590 4652 915 4709 inferentem
946 4651 1155 4709 Christi
1202 4654 1398 4722 servis,
1432 4650 1895 4723 quemadmodum
1950 4650 2044 4708 illa

450 4745 735 4801 lsraelitis.

517 4837 619 4895 Ubi
683 4849 734 4894 et
792 4839 1054 4897 Dominus
1118 4856 1301 4896 eorum
1364 4842 1651 4911 cruci/iras
1710 4854 1809 4898 est.
1876 4842 2042 4917 746

450 4931 676 5001 Eorum,
716 4948 910 5005 nempe
939 4935 1137 4991 horum
1170 4936 1403 4993 duorum
1438 4939 1683 4994 testium.

523 5026 590 5084 Et
618 5029 864 5085 uidebunt
903 5033 969 5086 de
1023 5032 1253 5103 populis.
1318 5030 1579 5089 Videntes
1630 5030 1802 5087 Judzei
1846 5034 1939 5103 qui
1972 5049 2036 5088 ex

447 5124 597 5181 omni
622 5125 764 5180 tribu
798 5125 1232 5181 ahAntichristo
1265 5124 1474 5181 seducti
1524 5123 1750 5188 fuerint,
1806 5125 2039 5179 occisio-

448 5233 573 5273 nem
604 5217 840 5273 duorum
894 5227 1193 5289 martyrum
1256 5217 1369 5273 sive
1415 5217 1656 5279 testium,
1704 5216 2037 5287 gaudebunt,

444 5325 642 5379 nempe
670 5311 816 5381 quod
848 5326 943 5366 rex
976 5325 1113 5366 suus
1145 5310 1334 5365 vicerit
1365 5326 1378 5364 :
1437 5325 1503 5365 ac
1534 5309 1693 5364 donis
1729 5310 2033 5380 gratulato-

446 5400 542 5454 riis
569 5399 802 5471 benigne
833 5400 1067 5456 invicem
1100 5400 1374 5471 excipient
1401 5440 1415 5465 ,
1453 5410 1505 5456 ct
1556 5415 1786 5471 corpora
1838 5416 2031 5457 eorum

445 5494 719 5565 insepulta
747 5509 966 5549 manere
992 5494 1216 5562 facient,
1248 5494 1299 5550 id
1325 5494 1377 5549 in
1413 5508 1632 5565 pcenum
1670 5495 2032 5565 rcpendcntes

444 5586 661 5641 duobus
690 5588 984 5656 prophetis.

554 5745 599 5778 ⁸³
627 5742 788 5799 Joan.
816 5758 867 5809 v,
886 5743 972 5798 45.

2145 4565 2499 4634 κακοξενίαν·
2572 4564 2869 4633 Αἴγυπτον,
2939 4562 3016 4627 ὼς
3074 4562 3579 4632 καταδουλουμένην
3635 4560 3735 4614 καὶ

2143 4658 2438 4715 ἀδικοῦσαν
2496 4660 2624 4723 τοὺς
2690 4656 2930 4731 Χριστοῦ
2967 4657 3213 4723 δούλους,
3263 4656 3340 4723 ὡς
3397 4656 3580 4727 ἐκείνη
3637 4656 3736 4708 τὸν

2153 4750 2391 4822 Ἰσραήλ.

2213 4840 2396 4897 Ὅπου
2426 4841 2524 4896 καί
2558 4846 2590 4897 ό
2624 4842 2839 4909 Κύριος
2871 4840 3072 4896 αὐτῶν
3100 4839 3470 4909 ἐσταιφώθη.
3500 4838 3729 4909 Κύριος,

2143 4935 2251 4988 τῶν
2282 4934 2375 4988 δύο
2398 4934 2693 5005 μαρτύρων
2724 4933 2983 5002 δηλονᾶτι.
3759 4928 3765 4941 ’

2212 5027 2331 5082 Kal
2368 5027 2721 5092 ,βλέπουσιν
2764 5026 2833 5081 ἐκ
2876 5026 2996 5080 τῶν
3029 5024 3215 5080 λαῶν.
3272 5024 3537 5097 Ὀρῶντες
3584 5026 3639 5079 δὲ
3679 5027 3730 5078 οἱ

2140 5120 2218 5191 τῷ
2296 5120 2654 5191 ’Δντιχρίστῳ
2709 5121 2775 5171 ὲκ
2846 5118 3026 5188 πάσης
3088 5118 3262 5188 φυλῆς
3321 5116 3731 5187 ἐξηπατημένοι

2155 5213 2396 5266 Ἰουδαῖοι
2445 5213 2547 5282 τὴν
2599 5210 2881 5281 ἀναίρεσιν
2925 5209 3034 5263 τῶν
3070 5208 3164 5262 δύο
3208 5208 3521 5281 μαρτύρων,
3552 5209 3729 5278 χαριῇ-

2145 5323 2330 5359 σονται
2361 5305 2436 5369 ὡς
2466 5303 2560 5358 τοῦ
2603 5304 2755 5374 σφῶν
2780 5303 3045 5374 βασιλέως
3089 5302 3455 5372 νενικηκότος,
3493 5302 3589 5354 καὶ
3619 5299 3727 5353 δώ-

2147 5417 2261 5469 ροις
2311 5398 2688 5471 χαριστηρίοις
2738 5396 3085 5462 δεξιώσονται
3150 5395 3435 5468 ἀλλήλους.
3500 5394 3613 5449 Καὶ
3657 5393 3729 5445 τὰ

2143 5496 2374 5565 σώματα
2421 5493 2601 5547 αὐτῶν
2649 5492 2833 5562 ἄταφα
2888 5495 3175 5562 ποιήσουσι
3240 5493 3443 5561 μεῖναι,
3488 5486 3729 5559 ἀμοιϐὴν

2141 5586 2299 5640 τοῦτο
2331 5588 2661 5659 παρέχοντες
2691 5587 2804 5649 τοῖς
2834 5584 2927 5640 δύο
2955 5586 3285 5657 προφήταις.
