4030 6580
378 325 485 392 655

1216 322 1540 383 ARETHIE
1575 322 1954 383 CxESARE/E
1992 325 2474 386 CAPPADOCl/E
2514 318 2856 388 EPISCOPI

3530 328 3640 393 656

379 437 652 495 exhalatio
702 436 930 494 nebulas
974 436 1301 502 Constituit,
1358 452 1465 506 qua
1504 435 1852 491 exhalatione
1902 436 1955 491 in

2061 455 2201 509 τητα
2239 440 2335 493 καὶ
2389 440 2457 493 δι’
2510 440 2774 509 ἀφάνειαν
2808 439 2905 493 καὶ
2932 438 3027 511 llr,
3048 480 3064 507 ,
3111 440 3231 509 ἦτοι
3266 439 3379 510 φῶς
3410 438 3636 517 ὴᾉιακὸν

381 531 623 601 pluviam
648 530 919 596 discussa,
956 538 1010 586 et
1041 529 1188 585 velut
1210 529 1570 585 concoctione
1606 527 1777 589 facta,
1806 529 1952 598 quod

382 638 450 677 ex
478 637 540 677 ea
564 632 746 677 manet
782 622 1137 692 indigestum,
1172 620 1239 675 ad
1279 621 1442 676 nubis
1469 621 1611 676 cedit
1644 622 1954 690 generatio-

2062 531 2469 602 ἐμφιλοχωρεῖ,
2505 532 2580 596 ὡς
2615 528 2756 586 εἶναι
2796 532 2960 585 οἱονεὶ
3008 531 3168 602 νέφος
3223 532 3636 603 πεφωτισμένον

2063 623 2157 676 καὶ
2183 623 2425 692 διαυγές.

382 733 507 773 nem
555 718 651 772 :in
681 732 789 787 qua
819 726 1040 787 pr0pter
1070 716 1349 771 raritatem
1403 725 1457 773 et
1512 717 1806 786 quamdam
1865 718 2279 784 obscuritatem,
2303 722 2550 777 ealiditas
2584 721 2746 777 etiam
2802 721 2916 777 sive
2955 721 3135 777 solare
3169 720 3352 776 lumen
3410 721 3640 778 libenter

381 811 729 873 immoratur,
751 818 811 864 ut
835 810 908 865 sit
933 809 1099 865 veluti
1128 810 1321 864 nebula
1357 808 1661 864 illuminata
1694 822 1758 863 ac
1789 809 2078 878 pellucida.

450 902 519 957 Et
545 903 716 958 occisa
753 914 875 958 sunt
908 904 962 957 in
1018 913 1320 959 tememotu
1352 902 1590 957 nomina.
1640 900 1961 971 Specialiori

378 1012 514 1053 usus
540 1006 623 1052 est
645 996 1106 1068 promulgatione.
1141 995 1329 1067 Neque
1361 994 1509 1050 enim
1529 993 1751 1049 nomina
1780 995 1963 1050 occisa

378 1100 507 1145 sunt
536 1108 549 1144 :
583 1090 862 1160 quomodo
909 1091 1053 1145 enim
1094 1088 1212 1143 ﬁeri
1249 1095 1435 1157 posset
1486 1096 1545 1141 ut
1602 1087 1656 1140 in
1705 1087 1954 1141 ordinent

379 1183 496 1239 sive
530 1184 703 1238 aciem
737 1185 1137 1253 redigerentur,
1182 1197 1304 1253 qua:
1339 1181 1548 1250 absque
1581 1178 1842 1250 subjecta:
1886 1180 1962 1234 rei

377 1275 736 1344 productione
774 1284 827 1330 et
851 1274 1226 1344 producuntur
1254 1281 1309 1328 et
1334 1287 1455 1329 esse
1475 1272 1758 1335 desinunt,
1792 1270 1957 1325 veluti

376 1365 781 1421 deelarantviri
807 1367 860 1420 in
900 1366 984 1421 his
1017 1366 1179 1421 rebus
1224 1364 1465 1420 eruditi?
1508 1363 1961 1434 Sed‘intelligen-

374 1457 504 1513 dum
534 1457 838 1513 estdictum
876 1459 998 1524 hoc,
1029 1458 1176 1529 quod
1208 1458 1286 1513 illi
1337 1457 1450 1513 sint
1499 1454 1665 1512 occisi
1698 1455 1961 1510 adversus

375 1563 514 1619 quos
539 1550 758 1604 nomina
792 1558 919 1606 sunt
950 1551 1150 1620 posita.

838 1685 1002 1757 748
1039 1684 1268 1741 CAPUT
1308 1682 1524 1739 XXXII.

2137 906 2245 962 Kal
2305 907 2777 974 ἀπεκτάνθησαν
2829 906 2899 959 ἐν
2949 905 3028 971 τῷ
3065 904 3296 976 σεισμῷ
3356 907 3635 976 ὀνόματα.

2074 995 2409 1065 Ἰδικώτερον
2467 994 2733 1065 κέχρηται
2781 997 2847 1066 τῇ
2904 996 3228 1066 ἐπαγγελίᾳ.
3284 995 3359 1048 ῡύ
3410 1000 3522 1069 γὰρ
3569 999 3639 1051 τὰ

2060 1086 2299 1156 ὀνόματα
2330 1086 2646 1157 ἀπεκτάνθη
2672 1104 2688 1117 ’
2738 1087 2856 1149 πῶς
2888 1085 2993 1157 γὰρ
3021 1087 3090 1139 τά
3136 1087 3195 1139 ἐν
3234 1087 3385 1151 τάξει
3432 1087 3639 1157 mp6:-

2064 1178 2310 1246 δηκότων
2362 1178 2630 1248 κείμενα,
2682 1178 2719 1231 ἃ
2767 1178 2935 1248 χωρὶς
2985 1177 3087 1247 τῆς
3129 1177 3225 1231 τοῦ
3274 1179 3638 1247 ὑποκειμένου

2068 1273 2273 1343 φθορᾶς
2311 1273 2522 1342 γίνεται
2556 1273 2648 1326 καὶ
2698 1272 3044 1340 ἀπογίνεται,
3091 1272 3165 1335 ὡς
3206 1273 3256 1325 οἱ
3307 1273 3436 1340 περὶ
3469 1272 3639 1326 ταῦτα

2063 1364 2226 1418 δεινοὶ
2282 1364 2713 1435 ὲμφανίζουσιν;
2780 1364 2893 1418 ἀλλ’
2955 1364 3179 1418 ἐκείνων
3240 1366 3641 1433 ἀναιρεθέντων

2061 1457 2170 1508 τῶν
2223 1456 2345 1510 καθ’
2393 1450 2469 1511 ὧν
2520 1456 2591 1511 τὰ
2634 1457 2875 1527 ὀνόματα
2930 1457 3206 1521 τέθειται,
3240 1457 3301 1510 τὸ
3348 1458 3643 1527 λεγόμενον

2063 1548 2299 1617 νοητέον.

2648 1683 2899 1737 ΚΕΦΑΛ.
2941 1682 3059 1738 AB'.

375 1796 454 1853 De
483 1799 706 1869 septima
751 1799 879 1853 tuba
925 1808 973 1872 et
1026 1800 1227 1854 sanctis
1268 1799 1441 1853 Deum
1483 1793 1827 1854 laudantibus
1890 1796 1952 1850 ob

2061 1794 2199 1861 Περὶ
2242 1790 2351 1872 τῆς
2384 1794 2649 1872 έλόδέμῃς-
2684 1796 3049 1872 σὰτὶπςιγγρς,
3086 1795 3181 1872 atat
3221 1790 3340 1872 τῶν
3380 1795 3641 1872 ὑμνούν-

911 1871 1151 1939 futurum
1206 1872 1489 1938 iudicium.

446 2002 542 2068 ΧῙ,
578 2002 761 2058 lii-l8.
790 2001 861 2055 Et
918 2005 1170 2071 septimus
1203 2005 1422 2075 angelus
1466 2007 1592 2060 tuba
1651 2006 1863 2072 cecinit,
1896 2014 1947 2059 et

372 2096 531 2165 [actm
554 2106 677 2149 sunt
719 2112 861 2150 voces
902 2112 1109 2167 magnae
1138 2098 1190 2151 in
1244 2098 1392 2165 caelo,
1424 2099 1654 2153 dicentes
1677 2111 1697 2152 :
1728 2097 1958 2151 Factum

371 2194 450 2242 est
482 2204 697 2258 regnum
736 2188 892 2257 hujus
926 2190 1109 2243 mundi
1145 2190 1357 2246 Domini
1387 2192 1555 2245 nostri
1583 2190 1709 2246 Iesu
1731 2190 1956 2255 Christi,

371 2288 421 2333 et
442 2278 676 2349 regnabit
712 2280 766 2333 in
807 2280 1005 2333 srecula
1041 2285 1380 2336 swculorum.
1409 2280 1476 2334 Et
1517 2282 1699 2351 viginti
1730 2289 1959 2350 quatuor

374 2370 602 2425 seniores
636 2371 726 2440 qui
753 2380 874 2424 sunt
902 2372 956 2424 in
988 2382 1271 2440 conspectu
1300 2372 1475 2427 throni
1510 2372 1628 2437 Dei,
1666 2373 1755 2442 qui
1780 2372 1957 2426 sedent

373 2477 531 2530 super
552 2461 698 2515 sedes
729 2478 875 2526 suas,
910 2462 1206 2517 ceciderunt
1235 2464 1291 2517 in
1316 2464 1478 2533 facies
1501 2480 1650 2528 suas,
1686 2472 1736 2517 et
1766 2462 1959 2515 adora-

368 2566 557 2610 cerunt
580 2553 771 2621 Deum,
800 2556 1030 2609 dicentes
1054 2572 1074 2610 :
1095 2550 1313 2611 Gratias
1332 2557 1540 2626 agimus
1568 2555 1696 2620 tibi,
1728 2554 1956 2609 Domine

366 2644 514 2701 :Deus
536 2647 891 2716 omnipotens,
912 2649 1003 2717 qui
1032 2663 1085 2702 es
1113 2656 1163 2701 et
1213 2648 1305 2718 qui
1334 2664 1475 2712 eras,
1511 2646 1763 2717 quoniam
1807 2661 1957 2700 acce-

366 2736 499 2803 pisti
520 2736 809 2806 potentiam
840 2746 984 2790 tuam
1027 2755 1297 2809 magnam,
1326 2748 1374 2794 et
1398 2740 1655 2811 regnasti,
1703 2749 1751 2793 et
1785 2746 1957 2807 gentes

365 2827 665 2896 indignata:
685 2837 825 2883 sunt.
860 2826 928 2881 Et
953 2831 1087 2883 venit
1115 2831 1197 2883 ira
1219 2841 1309 2883 tua
1334 2841 1382 2885 et
1406 2840 1606 2898 tempus
1629 2839 1957 2884 ntortuorum

372 2917 775 2985 utjudicentur,
824 2927 874 2972 et
928 2920 1120 2974 reddas
1163 2923 1450 2976 mercedem
1484 2923 1646 2976 servis
1700 2922 1806 2974 tuis
1836 2934 1957 2989 pro-

365 3008 539 3078 phetis
553 3019 603 3063 et
624 3012 843 3076 sanctis,
868 3021 917 3066 et
943 3014 1010 3067 iis
1042 3014 1134 3082 qui
1167 3014 1352 3067 timent
1376 3030 1561 3068 nomen
1588 3024 1757 3075 tuum,
1786 3011 1957 3081 pusil-

370 3100 438 3159 lis
459 3109 509 3155 et
528 3102 756 3172 magnis,
783 3114 833 3157 et
854 3113 1045 3173 perdas
1071 3121 1156 3159 eos
1185 3106 1273 3173 qui
1306 3106 1529 3174 perdunt
1559 3114 1778 3160 terram.

2129 1880 2249 1917 των
2279 1864 2358 1930 τῷ
2389 1864 2511 1929 Θεῷ
2550 1864 2733 1934 ἁγίων
2762 1864 2860 1917 ἐπὶ
2906 1865 2979 1933 τῇ
3012 1867 3331 1935 μελλούσῃ
3362 1868 3572 1936 κρίσει.

2131 1994 2241 2050 Καί
2271 1999 2303 2049 ὀ
2327 1994 2575 2065 ἕϐδομος
2601 1995 2859 2065 ἅγγελος
2889 1995 3208 2064 ἐσάλπισε,
3236 1998 3334 2052 καὶ
3362 1998 3643 2067 ἐγένοντο

2060 2089 2249 2159 φωναί
2275 2088 2534 2159 μεγάλαι
2581 2088 2653 2142 ἐν
2680 2088 2761 2154 τῷ
2811 2089 3065 2159 οὐρανῷ,
3108 2091 3401 2160 λέγουσαι
3426 2107 3440 2121 ο
3491 2093 3643 2160 Ἐγέ-

2060 2201 2197 2238 νετο
2236 2185 2275 2253 η
2318 2184 2611 2248 βασιλεία
2651 2182 2757 2236 τοῦ
2802 2182 3068 2251 κόσμου,
3116 2183 3213 2236 καὶ
3265 2182 3372 2237 τοῦ
3420 2183 3643 2252 Κυρίου

2060 2274 2231 2345 ἡμῶν
2288 2275 2493 2343 Ἰησοῦ
2535 2274 2815 2344 Χριστοῦ,
2859 2276 2955 2328 καὶ
2980 2276 3346 2339 βασιλεύσει
3376 2279 3462 2342 εις
3498 2276 3643 2342 τοὺς

2058 2368 2280 2435 αἰῶνας
2320 2365 2439 2422 τῶν
2468 2367 2717 2421 αἰώνων.
2749 2368 2858 2421 Καὶ
2899 2370 2953 2421 οἱ
2987 2367 3473 2435 εἰκοσιτέσσαρες
3499 2384 3643 2437 πρε-

2059 2460 2359 2527 σϐύτεροι,
2410 2462 2465 2513 al
2512 2458 2770 2512 ἐνώπιον
2810 2459 2916 2513 τοῦ
2963 2460 3179 2528 θρόνου
3214 2459 3319 2513 τοῦ
3366 2459 3549 2524 Θεοῦ,
3585 2460 3645 2513 οἳ

2061 2551 2349 2620 κάθηνται
2394 2549 2492 2606 ἐπὶ
2525 2550 2668 2618 τοὺς
2710 2553 2961 2619 θρόνους
3010 2550 3233 2614 αὐτῶν,
3278 2551 3504 2606 ἔπεσον
3542 2551 3643 2605 ἐπὶ

2060 2644 2132 2698 τὰ
2160 2644 2453 2712 πρόσωπα
2494 2644 2715 2710 αὐτῶν,
2758 2642 2858 2697 καὶ
2886 2645 3358 2711 προσεκύνησαν
3382 2642 3460 2708 τῷ
3494 2643 3638 2708 Θεῷ,

2060 2735 2373 2807 λέγοντες·
2416 2731 2913 2805 Ὲὺχαριστοῦμέν
2965 2750 3099 2797 σοι,
3149 2736 3323 2802 Κύριε
3354 2738 3386 2788 ό
3419 2736 3563 2799 Θεὸς
3609 2738 3645 2788 ό

2061 2827 2506 2896 παντοκράτωρ,
2551 2830 2584 2881 ό
2613 2826 2698 2880 ὢν
2737 2827 2838 2881 καὶ
2867 2830 2900 2882 ὀ
2943 2828 3044 2895 ἦν,
3106 2826 3194 2880 ὅτι
3241 2828 3497 2896 εἴληφας
3526 2826 3646 2891 τὴν

2060 2915 2321 2984 δύναμίν
2361 2931 2479 2969 σου
2526 2914 2642 2983 τὴν
2683 2915 2989 2985 μεγάλην,
3050 2916 3149 2969 καὶ
3198 2916 3638 2982 ἐϐασίλευσας,

2058 3010 2160 3065 καί
2192 3011 2263 3065 τὰ
2287 3008 2432 3076 ἔθνη
2477 3006 2882 3078 ὠργίσθησαν.
2912 3009 3022 3063 Kal
3060 3005 3246 3079 ἦλθεν
3270 3009 3307 3075 ἠ
3352 3009 3497 3077 ὀργή
3523 3026 3643 3064 σου

2062 3102 2161 3156 καί
2206 3105 2239 3155 ὁ
2290 3102 2497 3170 καιρὸς
2540 3100 2657 3155 τῶν
2688 3101 2918 3169 νεκρῶν
2957 3102 3227 3171 κριθῆναι
3274 3100 3375 3154 γαί
3429 3101 3644 3155 δοῦν-ιιι

370 3194 478 3249 τὸν
505 3195 728 3265 μισθόν
757 3197 883 3265 τοῖς
910 3198 1153 3266 δούλοις
1189 3216 1306 3254 σου
1332 3201 1456 3268 τοῖς
1484 3200 1819 3270 προφήταις
1850 3199 1950 3253 καί
1980 3197 2105 3263 τοῖς
2142 3199 2333 3268 ἁγίοις
2354 3238 2368 3263 ,
2399 3196 2496 3251 καί
2549 3196 2675 3263 τοῖς
2729 3198 3123 3266 φοϐουμένοις
3159 3199 3226 3252 τὸ
3286 3198 3471 3267 ὄνομά
3500 3215 3641 3260 σου,

365 3282 497 3351 τοῖς
533 3284 765 3355 μικροῖς
805 3287 904 3341 καὶ
936 3288 1057 3356 τοῖς
1097 3291 1383 3360 μεγάλοις
1407 3332 1421 3356 ,
1469 3291 1569 3345 καί
1609 3290 1942 3360 διαφθεῖραι
1970 3290 2112 3357 τοὺς
2143 3289 2593 3359 διαφθείροντας
2619 3289 2734 3356 τὴν
2760 3286 2899 3358 γῆν.

446 3377 761 3435 Buccinatio
792 3382 1007 3452 septimi
1038 3384 1215 3452 angeli
1241 3383 1481 3439 ostendit
1506 3400 1629 3453 quae
1657 3391 1786 3439 sunt
1833 3393 1944 3437 ter-
1974 3404 1977 3432 l

2123 3382 2203 3435 Τὰ
2232 3382 2330 3451 τῆς
2360 3381 2552 3452 τρίτης
2595 3381 2717 3434 οὐαὶ
2776 3382 2809 3450 ἡ
2839 3379 2930 3433 τοῦ
2968 3380 3193 3451 ἑϐδόμου
3246 3381 3479 3449 ἀγγέλου
3514 3383 3644 3435 σάλ-

372 3469 438 3527 tii
474 3469 581 3537 Vae,
614 3486 811 3542 nempe
852 3488 1017 3530 voces
1050 3490 1276 3547 magnas
1310 3477 1364 3531 in
1419 3476 1559 3531 cado
1610 3487 1952 3541 resonantes,

373 3560 655 3618 decretum
686 3579 751 3620 ac
800 3566 1129 3621 sententiam
1166 3568 1511 3631 inducentes,
1544 3582 1668 3622 nam
1721 3568 1824 3622 hoc
1852 3567 1955 3621 sibi

369 3653 491 3709 vult
516 3669 706 3709 earum
734 3655 938 3711 dicere.
968 3656 1105 3724 Quid
1125 3671 1208 3715 est
1238 3660 1403 3729 igitur
1434 3660 1582 3729 quod
1629 3668 1819 3715 notum
1865 3660 1957 3714 lit?

373 3742 601 3799 Factum
632 3753 709 3799 est
755 3763 993 3817 regnum.
1042 3748 1269 3821 Semper
1303 3752 1523 3821 quidem
1571 3750 1714 3807 Deus
1744 3762 1951 3821 regnat,

366 3850 551 3906 neque
590 3837 812 3907 incepit,
869 3856 1045 3910 neque
1090 3841 1321 3907 desinet,
1353 3843 1469 3898 sive
1521 3844 1705 3899 omnia
1753 3844 1955 3899 intelli-

372 3936 593 3998 gantur,
617 3930 731 3985 sive
755 3930 1028 3987 intellectu
1054 3948 1162 3988 non
1194 3934 1536 4004 attingantur
1569 3954 1581 3990 :
1610 3952 1786 4006 neque
1805 3938 1953 3992 enim

372 4031 568 4078 cuncta
599 4023 983 4093 complectitur
1008 4025 1248 4080 humana
1283 4026 1659 4099 intelligentia,
1696 4029 1804 4084 imu
1834 4031 1954 4086 sine

371 4111 530 4169 initio
544 4122 598 4168 et
618 4114 736 4169 sine
766 4114 872 4169 line
902 4115 1286 4171 universorum
1312 4116 1577 4176 Dominus
1597 4128 1682 4177 est
1699 4122 1952 4177 domina-

374 4215 476 4261 tor.
510 4207 779 4273 Quoniam
814 4218 995 4263 autem
1032 4212 1346 4266 mundanus
1388 4213 1730 4284 principatus
1758 4230 1823 4267 ac
1862 4230 1953 4271 re-

371 4311 536 4366 gnum
555 4297 882 4367 quandoque
904 4298 1005 4367 ipsi
1032 4300 1341 4355 ostenditur
1362 4316 1469 4357 non
1488 4303 1816 4374 subjectum,
1835 4304 1951 4359 suis

371 4389 742 4446 intumescens
760 4389 1096 4445 vanitatibus
1120 4409 1133 4445 :
1158 4390 1286 4446 hinc
1320 4402 1503 4447 autem
1531 4394 1741 4448 accedit
1761 4409 1952 4448 corru-

369 4480 545 4551 ptibili
565 4480 694 4537 huic
719 4480 925 4534 mundo
948 4481 1111 4536 veluti
1133 4498 1230 4553 per
1247 4484 1522 4538 somnium
1538 4484 1711 4553 gloria
1736 4483 1803 4537 ad
1828 4498 1952 4551 per-

369 4573 657 4640 ditionem,
685 4573 815 4629 dum
848 4573 1175 4642 quatiuntur
1209 4588 1275 4628 ac
1304 4582 1739 4643 eompeseuntur
1774 4574 1827 4628 hi
1855 4575 1947 4643 qui

370 4683 537 4738 super
583 4676 786 4722 terram
831 4674 1064 4736 regnant
1110 4680 1177 4720 ac
1224 4665 1571 4735 tyrannidem
1612 4675 1805 4735 agunt,
1838 4682 1948 4723 non

367 4768 551 4815 tamen
575 4776 723 4825 vere,
743 4760 836 4817 sed
860 4757 1027 4814 veluti
1052 4773 1148 4828 per
1164 4756 1450 4828 speculum
1471 4772 1537 4813 ae
1560 4758 1949 4817 simulacrum:

367 4855 520 4910 solus
565 4854 613 4909 is
646 4854 743 4926 qui
779 4867 906 4909 vere
943 4851 1086 4909 Deus
1133 4867 1199 4908 ac
1245 4865 1342 4905 rex
1372 4859 1456 4906 est
1494 4860 1757 4921 perpetuo
1796 4854 1945 4923 prin-

365 4947 550 5016 cipatu
600 4961 665 5001 ac
699 4947 972 5017 potentia,
1012 4942 1176 5016 749
1209 4944 1393 4999 dictus
1458 4950 1543 4999 est
1582 4944 1943 5015 principatum

369 5040 557 5092 tenere
609 5052 673 5092 ac
712 5049 942 5107 regnare
990 5034 1043 5089 in
1080 5034 1301 5090 saecula.

436 5128 750 5183 Ceciderunt
794 5130 849 5181 in
880 5128 1044 5196 facies
1089 5143 1234 5180 suas.
1273 5126 1542 5191 Quoniam
1591 5143 1750 5183 casus
1775 5130 1938 5184 etiam

2060 3491 2215 3537 πισις
2245 3476 2489 3545 παριστᾷ
2513 3512 2528 3537 ,
2560 3474 2746 3543 φωνάς
2797 3474 3039 3544 μεγάλας
3070 3476 3128 3527 ὲν
3160 3472 3376 3545 οὐρανῷ
3420 3475 3642 3545 ὲξηχουο

2063 3569 2263 3638 μένας,
2293 3568 2529 3636 δήλωσιν
2560 3566 2915 3637 ὲμποιούσας.
2960 3564 3130 3618 Τοῦτο
3157 3566 3265 3636 γὰρ
3298 3565 3545 3633 βούλεται
3578 3566 3641 3619 τὸ

2058 3661 2261 3729 λέγειν.
2301 3663 2367 3714 Τί
2395 3658 2488 3715 οὖν
2526 3661 2587 3714 τὸ
2619 3658 2947 3730 δηλούμενον
2968 3676 2982 3721 ;
3001 3656 3263 3726 Ἐγένετο
3277 3660 3314 3726 ἡ
3324 3658 3637 3723 βασιλεία.

2072 3755 2183 3809 ’Λεὶ
2234 3756 2334 3826 μὲν
2378 3757 2407 3808 ὁ
2458 3755 2590 3819 Θεὸς
2622 3754 2930 3827 βασιλεύει,
2976 3752 3101 3806 οὔτε
3135 3751 3477 3822 ἀρξάμενος,
3508 3749 3638 3803 οὔτε

2059 3848 2433 3918 παυσάμενος,
2472 3848 2780 3918 νοουμένων
2826 3863 2885 3899 τε
2923 3846 3140 3898 πάντων
3179 3843 3273 3896 καὶ
3299 3844 3641 3911 ἀνεννοήτων

2059 3938 2163 4005 (δτι
2202 3940 2335 4009 μηδὲ
2368 3938 2585 3992 πάντων
2616 3943 2649 4008 ἡ
2696 3937 3015 4006 ἀνθρωπίνη
3062 3935 3478 4006 περιδράττεται
3507 3935 3637 4005 νόη-
3682 3968 3687 3971 λ

2063 4046 2147 4093 at;
2165 4031 2204 4099 ),
2236 4030 2372 4084 ἀλλὰ
2403 4031 2499 4083 καὶ
2528 4032 2781 4101 ἀνάρχως
2810 4031 2904 4083 καὶ
2932 4029 3305 4097 ἀτελευτὴτως
3337 4029 3452 4081 ἐστὶ
3492 4030 3638 4082 πάν-

2055 4139 2164 4174 των
2191 4120 2392 4189 Κύριος
2421 4124 2449 4176 ὁ
2478 4122 2776 4191 Δεσπότης.
2815 4120 3033 4190 Ἐπειδὴ
3062 4120 3120 4173 δὲ
3151 4120 3183 4190 ὴ
3218 4118 3459 4189 κοσμικὴ
3489 4121 3637 4191 ἀρχὴ

2059 4214 2152 4266 καὶ
2188 4212 2436 4282 βασιλεία
2484 4213 2600 4267 ἐσθ’
2643 4214 2733 4267 ὅτε
2784 4212 2846 4265 τὸ
2899 4212 3275 4265 ἀνυπότακτον
3319 4212 3637 4277 ἐπεδείξατο

2055 4303 2209 4374 αὐτῷ
2255 4305 2483 4367 οἰκείαις
2530 4305 2857 4375 ματαιότησι
2901 4303 3310 4374 κορυφουμένη,
3352 4297 3455 4374 ἧκε
3492 4304 3549 4355 δὲ
3572 4305 3637 4358 τὸ

2053 4394 2162 4447 ἀπὸ
2212 4394 2404 4446 τούτου
2461 4394 2857 4464 ὀνειρώττουσα
2906 4394 3033 4459 δόξα
3090 4394 3168 4463 τῷ
3224 4394 3404 4465 θνητῷ
3457 4394 3636 4465 τούτῳ

2054 4486 2245 4555 κόσμῳ
2277 4486 2411 4556 πρὸς
2443 4486 2670 4555 φθορὰν,
2698 4487 2967 4541 λυθέντων
3000 4488 3094 4541 καὶ
3125 4490 3491 4558 παυσαμένων
3522 4490 3636 4541 τῶν

2054 4579 2147 4630 ἐπὶ
2178 4577 2283 4648 γῆς
2327 4578 2715 4649 βασιλευόντων
2759 4580 2855 4633 καὶ
2887 4580 3295 4650 τυραννούντων
3341 4581 3442 4634 οὐκ
3487 4580 3628 4651 ἀλη-

2058 4668 2167 4732 θῶς
2197 4669 2333 4740 (55),
2380 4669 2496 4724 ἀλλ’
2538 4673 2595 4724 ἐν
2624 4670 2875 4741 ἐσόπτρῳ
2904 4688 2962 4724 τε
2998 4671 3090 4724 καὶ
3125 4671 3425 4741 ίνδάλματι,
3470 4673 3660 4739 μόνος¹

2056 4760 2086 4813 ὁ
2111 4756 2189 4827 τῷ
2215 4760 2328 4812 ὄντι
2370 4759 2501 4822 Θεὸς
2531 4761 2627 4813 καὶ
2656 4740 2909 4831 βασιλεὺς
2942 4762 3164 4825 κρατεῖν
3198 4740 3291 4813 καί
3325 4740 3659 4830 βασιλεύεινδ

2054 4852 2136 4916 εἰς
2180 4852 2305 4914 τοὺς
2357 4851 2560 4915 αἰῶνας
2613 4851 2882 4921 ἀδιαδόχῳ
2916 4852 3108 4923 κράτει
3142 4852 3236 4906 καὶ
3285 4852 3501 4922 ἐξουσίᾳ
3551 4834 3652 4963 et];

2057 4961 2235 5013 ρηταμ

2129 5130 2399 5183 Ἐπεσον
2429 5129 2527 5182 ἐπὶ
2575 5130 2646 5182 τὰ
2692 5131 2984 5196 πρόσωπα
3038 5126 3257 5181 αὐτῶν.
3325 5124 3543 5193 Ἐπειδὴ
3590 5125 3627 5193 ἡ

346 5215 636 5286 signillcat
672 5216 947 5286 vulgarem
979 5215 1225 5284 corporis
1255 5215 1668 5284 dispositionem
1693 5259 1706 5281 ,
1741 5235 1806 5273 ne
1839 5221 1940 5274 hoc

2061 5221 2255 5283 πτῶσις
2306 5224 2402 5272 καὶ
2457 5222 2555 5289 τὴν
2610 5221 2793 5283 ἁπλῶς
2835 5219 3054 5282 κάθεξιν
3112 5216 3388 5287 σημαίνει,
3426 5215 3510 5267 ἶνα
3551 5218 3631 5283 μὴ

352 5308 746 5377 suspicareris,
781 5307 1066 5377 subjuuxit
1105 5325 1117 5361 :
1163 5308 1216 5360 in
1252 5306 1417 5374 facies
1446 5324 1569 5361 suas
1594 5324 1613 5363 :
1639 5310 1731 5379 qui
1769 5312 1939 5367 honor

2061 5313 2204 5366 τοῦτο
2266 5312 2641 5383 ὑποληφθείη,
2706 5314 3022 5382 ἐπήγαγεν,
3075 5310 3174 5364 ἐπὶ
3221 5307 3292 5362 τὰ
3335 5306 3636 5375 πρόσωπα

362 5398 520 5452 debet
554 5398 699 5452 heris
733 5397 900 5451 tribui
940 5397 1008 5452 ab
1041 5398 1125 5453 his
1160 5398 1252 5469 qui
1291 5399 1505 5452 minimi
1559 5412 1769 5457 suntae
1800 5402 1936 5458 inl‘e-

364 5489 534 5545 riores
563 5490 617 5543 in
652 5490 877 5545 honore.

2045 5404 2295 5473 ἑαυτῶν,
2343 5407 2479 5472 ὅπερ
2511 5408 2575 5474 τῇ
2612 5407 2915 5475 Δεσποτικῇ
2951 5403 3294 5471 ὲποφείλεται
3328 5398 3480 5468 παρά
3513 5394 3632 5450 τῶν

2049 5499 2455 5569 ὑποδεεστέρων
2483 5501 2636 5569 τιμῇ.

432 5671 546 5754 (δξ)
736 5671 961 5745 φθορὰν,
990 5674 1133 5730 κατὰ
1162 5673 1268 5730 τῶν
1285 5675 1650 5733 σαλευθέντων
1682 5688 1771 5733 καὶ
1810 5683 2183 5754 παυσαμένων
2226 5683 2335 5737 τῶν
2377 5685 2468 5737 ἐπὶ
2526 5682 2630 5752 γῆς
2667 5682 3061 5752 βασιλευόντων
3090 5679 3184 5735 καὶ
3215 5675 3635 5750 τυραννοοὲινιων

362 5740 462 5795 οὐκ
483 5741 716 5813 ἀληθῶς.
