4046 6622
432 504 537 569 657
556 554 557 557 η

1508 512 1892 573 COMMENT.
1935 512 2017 572 IN
2055 508 2581 573 APOCALYPSIN.

3576 506 3684 572 658

516 616 618 674 Kal
650 614 839 690 ἦλθεν
873 624 910 690 ἠ
948 622 1096 692 ὀργή
1126 639 1265 679 σου.
1297 624 1495 687 Πολλὰ,
1538 625 1694 694 φησὶ,
1743 623 2015 695 μακροθυ-

2190 620 2509 677 Etvem'tira
2542 631 2655 676 tua.
2689 622 2825 677 Cum
2862 622 3128 679 hactenus
3162 638 3289 678 cum
3318 622 3402 677 his
3431 622 3522 692 qui
3556 622 3685 676 olim

445 713 619 779 μήσας
667 712 747 764 ἔτι
778 715 890 777 τοῖς
940 714 1134 780 πάλαι¹,
1185 716 1308 769 ἐπεὶ
1363 716 1530 787 μηδὲν
1583 716 1869 769 ἀπώναντο
1918 718 2014 785 τῆς

442 801 809 871 χρηστότητός
860 821 975 871 σου,
1030 805 1126 859 νῦν
1161 807 1305 861 κατὰ
1348 807 1539 878 καιρὸν
1585 803 1770 878 ἦλθες.
1808 807 2015 878 Καιρὸν

441 892 494 945 δὲ
525 892 631 945 τῶν
657 894 865 965 νεκρῶν
905 897 995 951 τὸν
1039 898 1136 969 τῆς
1178 899 1524 969 παγκοσμίου
1560 899 1724 969 φησὶν
1778 900 2014 953 ἀναστά-

446 998 601 1046 σεως,
637 984 694 1036 ὲν
814 986 1030 1058 ἑκάστῳ
1077 990 1432 1061 καταλλήλως
1466 990 1753 1061 δοθήσεται
1782 990 1853 1043 τὰ
1892 991 2015 1044 ἐπί-

442 1090 621 1144 χειρα.
677 1077 775 1130 Διά
821 1077 879 1130 δὲ
910 1079 1020 1133 τῶν
1051 1081 1371 1151 προφητῶν.
1418 1082 1513 1135 καὶ
1549 1081 1659 1134 τῶν
1687 1081 1888 1149 ἁγίων,
1921 1082 2018 1135 καὶ

446 1165 553 1217 τῶν
581 1178 591 1220 .'
602 1168 955 1239 φοϐουμένων
986 1171 1079 1225 τὸν
1107 1173 1261 1240 Θεὸν,
1301 1175 1368 1228 τὰ
1394 1173 1522 1245 τρία
1551 1175 1808 1245 τάγματα
1833 1174 1943 1226 τῶν
1973 1172 2015 1244 ρ’

447 1257 539 1308 καὶ
586 1254 649 1320 ξ’,
704 1259 798 1313 καὶ
844 1261 1127 1332 τεσσάρων
1167 1263 1662 1335 καρποφορούντων
1710 1263 1867 1334 φησὶ,
1916 1264 2018 1333 τῆς

449 1348 671 1420 πρώτης
723 1351 930 1422 λήξεως
986 1355 1096 1408 τῶν
1150 1356 1464 1410 ἀποστόλων
1508 1357 1867 1427 ἀξιουμένων,
1925 1355 2019 1408 καὶ

447 1439 543 1507 τῆς
604 1443 696 1494 ἐπὶ
737 1442 946 1497 δώδεκα
994 1445 1201 1515 θρόνων
1254 1446 1534 1517 ἱδρύσεως.
1604 1446 1879 1510 Ὡσαύτως
1925 1447 2021 1499 καὶ

449 1532 575 1595 τοὺς
628 1536 915 1604 προφήτας
963 1537 1198 1607 μάλιστα
1250 1540 1377 1603 τοὺς
1433 1519 1846 1605 ὑπολυσσῶσασς
1899 1543 2019 1594 κατ’

450 1626 627 1679 αὐτῶν
671 1629 937 1698 βασιλέων
974 1635 1267 1705 τιμωρίαις
1307 1636 1730 1706 ύποϐληθέντας.
1774 1636 2021 1707 Μικροὺς

450 1715 507 1769 δὲ
539 1718 633 1771 καὶ
681 1721 968 1789 μεγάλους.
1000 1726 1268 1795 Μικροὺς,
1308 1727 1436 1791 τοὺς
1476 1724 1640 1800 ἦττον
1670 1728 1879 1796 ἁγίους,
1923 1745 2021 1797 με-

452 1808 671 1876 γάλους,
712 1814 838 1876 τοὺς
892 1815 1091 1884 μᾶλλον
1145 1818 1513 1889 ὑπερέχοντας
1541 1819 1809 1889 ἁγιότητι.
1868 1821 2024 1874 Ἐπεὶ

452 1897 508 1951 δὲ
533 1898 706 1965 διττὸς
746 1902 774 1953 6
823 1904 1007 1972 φόϐος,
1059 1907 1087 1959 6
1118 1906 1219 1977 μὲν
1246 1910 1742 1979 προκαταρκτχὸς,
1790 1908 1899 1961 ὁδὲ
1941 1926 2024 1961 τε-

2118 714 2343 769 fuerunt
2377 714 2673 783 plurimum
2702 722 3011 770 remoratus
3036 716 3204 772 fueris
3232 734 3245 769 :
3285 717 3338 770 in
3362 715 3510 770 nullo
3539 715 3684 769 enim

2117 816 2210 861 tua
2253 807 2401 863 fruiti
2430 816 2560 863 sunt
2598 807 2881 863 bonitate:
2911 823 3055 862 nunc
3104 819 3412 879 opportune
3468 808 3685 862 venisti.

2118 897 2359 968 Tempus
2392 907 2571 953 autem
2606 905 2944 951 mortuorum
2964 897 3097 952 dicit
3127 907 3340 968 tempus
3366 898 3690 952 universalis

2119 989 2572 1054 resurrectionis,
2616 989 2668 1043 in
2719 1004 2826 1059 quo
2858 989 3152 1059 uniruique
3180 989 3558 1044 convenientia
3596 990 3691 1042 da-

2118 1080 2323 1135 buntur
2350 1081 2592 1150 praemia.
2618 1079 2720 1135 Per
2747 1079 3040 1150 prophetas
3065 1089 3244 1134 autem
3291 1090 3344 1133 et
3374 1089 3594 1134 sanctos
3629 1095 3693 1133 ac

2120 1171 2376 1227 timentes
2411 1172 2601 1237 Deum,
2636 1171 2886 1243 intelligit
2916 1180 3028 1226 tres
3070 1171 3289 1227 ordines
3320 1171 3538 1225 illorum
3564 1185 3696 1224 cen-

2122 1272 2236 1317 tum
2265 1262 2539 1333 oct0ginta
2583 1272 2821 1331 quatuor
2870 1263 3101 1318 millium
3155 1263 3247 1334 qui
3292 1263 3402 1317 Deo
3453 1261 3693 1317 fructum

2121 1356 2357 1412 ali‘erunt
2389 1376 2401 1409 :
2430 1371 2622 1426 nempe
2676 1356 3047 1425 apostolorum
3093 1355 3185 1425 qui
3240 1355 3389 1425 digiti
3427 1354 3696 1408 habentur

2121 1450 2295 1519 prima
2344 1458 2525 1515 sorte,
2578 1458 2631 1502 et
2663 1458 2718 1504 ut
2749 1450 3159 1503 constituantur
3193 1462 3359 1516 super
3404 1446 3694 1500 duodecim

2123 1544 2301 1599 sedes.
2332 1542 2593 1597 Similiter
2638 1552 2692 1597 et
2743 1542 3034 1611 prophetas
3072 1539 3414 1610 potissimum
3440 1539 3571 1594 dicit
3600 1548 3697 1595 eos

2122 1638 2215 1708 qui
2237 1637 2496 1692 immania
2530 1636 3117 1705 sustinueruntregum
3148 1636 3410 1689 adversus
3448 1650 3508 1689 sc
3539 1649 3699 1688 exas-

2124 1737 2439 1799 peraturum
2478 1726 2765 1797 supplicia.
2815 1726 3056 1781 Pusillos
3098 1739 3229 1778 vero
3281 1724 3413 1779 dicit
3456 1724 3699 1777 minores

2126 1832 2368 1885 sanctos,
2401 1835 2633 1889 magnos
2669 1826 2850 1872 autem
2903 1817 2997 1887 qui
3043 1816 3238 1886 majori
3285 1815 3700 1885 praecelluerunt

2129 1913 2439 1969 sanctitate.
2505 1910 2701 1965 Verum
2752 1912 2880 1979 quia
2937 1908 3135 1979 duplex
3194 1915 3279 1962 est
3316 1907 3501 1972 timor,
3558 1918 3701 1958 unus

454 1988 753 2056 λειωτικὸς,
792 1996 1006 2050 καὶτοῦ
1040 2000 1140 2067 μὲν
1186 2001 1667 2072 προκαταρκτικοῦ
1727 2004 1837 2065 τοῖς
1871 2001 2024 2055 οῠπω

2137 2003 2351 2075 quidem
2388 2000 2615 2057 initialis
2647 2009 2701 2055 et
2747 2001 2883 2054 alter
2916 1998 3385 2054 consummativus
3418 2014 3431 2049 :
3476 1995 3702 2067 initialis

454 2082 552 2152 τὴν
582 2084 830 2139 ἁθώωσιν
864 2088 1111 2159 εἰληφόσι
1140 2091 1411 2157 συνόντος,
1467 2093 1563 2146 τοῦ
1593 2094 1939 2147 τελειωτικοῦ
1968 2094 2025 2147 δὲ

455 2176 564 2237 τοῖς
604 2177 707 2246 ήδη
753 2179 857 2232 ὑπὸ
905 2180 1040 2233 Θεοῦ
1100 2184 1541 2254 ἀνειλημμένοις,
1577 2180 1658 2248 οἷς
1685 2186 1780 2239 καὶ
1808 2185 1898 2239 διὰ
1929 2187 2028 2254 φό-

458 2265 552 2317 ϐου
586 2268 674 2320 ἀεὶ
703 2269 763 2321 τὸ
794 2272 868 2342 μή
904 2290 955 2326 τι
986 2274 1170 2337 αὐτοῖς
1204 2276 1367 2340 ἐνδεῖ,
1398 2276 1457 2330 ὃν
1490 2278 1633 2340 εἰκὸς
1663 2278 1878 2330 ὑπεῖναι
1918 2281 2029 2341 τοῖς

458 2359 663 2430 σφόδρα
686 2362 991 2430 ἀγαπῶσιψ
1024 2366 1124 2420 οὐκ
1154 2368 1489 2438 ἀποϐλητέον
1515 2366 1669 2437 οἶμαι
1694 2370 1755 2421 τὸ
1786 2370 1893 2423 ἀπὸ
1922 2371 2030 2423 τῶν

457 2449 627 2516 ἁγίων
663 2453 1033 2526 ύποσταλῆναι
1073 2460 1198 2522 τοὺς
1237 2460 1629 2531 φοϐουμένους,
1663 2461 1740 2523 ὡς
1770 2462 1879 2513 τῶν
1932 2463 2030 2530 μὲν

464 2542 674 2613 μικρῶν
704 2546 780 2615 τῷ
828 2548 941 2602 ὄντι
972 2550 1123 2621 φόϐῳ
1161 2552 1518 2621 ἐνεχομένων,
1550 2552 1659 2606 τῶν
1687 2552 1745 2606 δὲ
1778 2554 2030 2623 μεγάλων

462 2634 511 2685 οἳ
534 2633 718 2704 ἔχουσι
742 2638 804 2691 τὸ
828 2639 1081 2711 θαρρεῖν,
1115 2643 1304 2712 ῶσπερ
1338 2643 1573 2714 εἴρηται,
1611 2646 1705 2697 καὶ
1733 2643 1809 2713 τῷ
1839 2644 2031 2716 θάρρει

462 2727 551 2779 τὸν
581 2730 745 2797 φόϐον
794 2738 1190 2806 παρομαρτεῖν.
1242 2736 1558 2807 Ἐκατέροις
1586 2738 1764 2789 τοίνυν
1795 2740 1823 2791 6
1869 2738 2032 2805 φόϐος

461 2818 547 2872 διὰ
577 2821 674 2890 τὴν
705 2824 973 2879 ἀντίδοσιν
1016 2827 1117 2899 τὴν
1173 2828 1307 2899 πρὸς
1341 2829 1495 2893 ἀξίαν
1539 2828 1647 2881 τῶν
1683 2829 2033 2899 βεϐιωμένων

464 2912 558 2963 καὶ
588 2912 686 2983 τήν
711 2915 1079 2986 ἀντιμισθίαν,
1115 2922 1227 2983 τοῖς
1270 2920 1371 2987 μὲν
1404 2921 1682 2990 μεγάλοις,
1714 2921 1845 2973 αὐτὸ
1875 2921 2035 2974 τοῦτο

468 3002 543 3075 μή
573 3006 898 3063 πεποιθέναι
920 3010 1129 3076 ἑαυτοῖς
1162 3015 1459 3085 προσεῖναι
1476 3012 1855 3077 reda/sums;
1876 3056 1891 3080 ,
1919 3015 2033 3079 τοῖς

470 3101 683 3166 μικροῖς
708 3100 764 3152 δὲ
789 3102 1180 3168 ἀνενδοιάστως
1211 3105 1586 3177 ὲλπιζομένοις
1623 3106 1912 3172 σώζεσθαι,
1941 3111 2037 3163 καὶ

465 3189 554 3241 ὅτε
580 3191 704 3253 τοὺς
724 3191 816 3244 τοῦ
842 3193 977 3246 Θεοῦ
1004 3195 1224 3261 δούλους
1243 3198 1544 3252 ὑπέϐαλλον
1568 3199 1799 3267 ἀπηνέσι
1822 3202 2032 3264 κακοῖς,

2130 2106 2216 2154 est
2246 2110 2438 2152 eorum
2467 2094 2560 2164 qui
2596 2094 2837 2148 nondum
2877 2102 3203 2161 acceperunt
3254 2101 3313 2145 ut
3350 2090 3575 2159 impune
3606 2103 3700 2141 au-

2132 2189 2325 2244 derent
2356 2187 2618 2242 accedere
2648 2204 2662 2239 :
2710 2184 2982 2254 perfectus
3015 2199 3145 2238 vero
3188 2198 3378 2238 eorum
3408 2181 3503 2251 qui
3529 2181 3642 2251 jam
3671 2196 3701 2234 a

2134 2280 2246 2334 Deo
2275 2279 2544 2349 assumpti
2574 2286 2730 2342 snnt,
2770 2276 2865 2347 qui
2906 2276 3071 2331 etiam
3106 2290 3319 2344 semper
3344 2284 3604 2328 verentur
3637 2286 3705 2325 ne

2134 2373 2265 2442 quid
2289 2371 2393 2427 sibi
2424 2370 2566 2425 desit
2580 2385 2770 2425 eorum
2796 2385 2917 2439 quae
2938 2369 3095 2424 decet
3116 2382 3237 2422 esse
3272 2368 3326 2420 in
3378 2366 3464 2421 his
3492 2365 3585 2435 qui
3613 2379 3705 2418 ve-

2133 2466 2417 2519 hementer
2441 2471 2647 2517 amant.
2674 2460 2791 2515 Non
2813 2461 3008 2530 opinor
3032 2459 3387 2529 rejiciendum
3411 2472 3532 2512 esse
3558 2456 3705 2525 quod

2134 2568 2165 2607 a
2198 2551 2403 2607 sanctis
2448 2552 2684 2620 separati
2751 2550 2863 2604 sint
2912 2549 2949 2603 ii
3003 2548 3097 2618 qui
3141 2547 3379 2601 timent:
3411 2547 3568 2616 quasi
3610 2562 3709 2615 pu-

2134 2642 2242 2697 silli
2267 2640 2377 2697 sint
2400 2640 2493 2711 qui
2526 2655 2654 2695 vero
2686 2640 2882 2693 timore
2914 2645 3172 2692 tenentur
3195 2678 3207 2701 ,
3252 2638 3433 2705 magni
3456 2650 3587 2690 vero
3611 2634 3706 2705 qtti

2136 2730 2677 2803 possuntjcontidere
2718 2729 2860 2783 sicut
2884 2729 3093 2782 dictum
3127 2736 3243 2794 est,
3278 2741 3342 2781 ac
3377 2727 3707 2783 conﬁdentia

2139 2824 2391 2877 timorem
2427 2820 2705 2875 comitari.
2736 2819 2995 2888 Utrisque
3041 2820 3205 2888 igitur
3235 2820 3491 2874 convenit
3545 2820 3711 2875 timor

2136 2915 2206 2968 ob
2236 2913 2647 2968 retributionem
2676 2928 2799 2982 qua:
2832 2912 2891 2965 tit
2934 2912 3088 2981 juxta
3124 2912 3344 2984 dignam
3372 2930 3561 2969 eorum
3590 2927 3714 2983 qua:

2136 3004 2192 3060 in
2215 3004 2329 3060 ,vita
2388 3014 2609 3076 peracta
2682 3011 2813 3057 sunt
2874 3007 3368 3061 remunerationem
3423 3021 3436 3057 ε
3498 3001 3712 3072 magnis

2126 3098 2383 3169 quidem,
2413 3095 2558 3168 quod
2586 3110 2691 3152 non
2737 3094 2872 3152 satis
2902 3097 3067 3152 lidant
3094 3097 3197 3151 hoc
3226 3099 3405 3166 ipsum
3442 3095 3546 3150 sibi
3580 3107 3713 3148 con-

2140 3192 2350 3262 tingere
2396 3193 2602 3260 absque
2635 3190 2850 3247 defectu
2879 3209 2894 3245 :
2924 3190 3137 3261 pusillis
3164 3204 3329 3253 vero,
3366 3188 3514 3259 quod
3562 3196 3713 3243 certo

467 3281 559 3379 καὶ
591 3275 671 3343 οἷς
708 3282 887 3346 ἄλλοις
928 3286 1155 3352 ἀτόποις
1210 3289 1389 3343 αὐτῶν
1426 3289 1606 3359 ἔργοις
1658 3291 1888 3361 ἐμίαναν
1934 3291 2033 3353 τὴν

2142 3290 2363 3354 sperent
2382 3296 2441 3337 se
2459 3282 2751 3337 salvandos
2772 3281 2934 3336 etiam
2968 3280 3099 3335 dum
3124 3295 3316 3335 servos
3347 3278 3439 3333 Dei
3458 3280 3714 3349 gravibus

466 3370 568 3441 γῆν
596 3372 691 3425 καὶ
715 3372 1048 3446 διέφθειραν.

1050 3581 1297 3634 ΚΕΦᾹΛ.
1338 3579 1456 3636 ΛΓ.

470 3708 607 3762 Περὶ
650 3710 768 3761 τῶν
806 3711 1076 3789 διωγμῶν
1113 3712 1225 3789 τῆς
1270 3715 1632 3789 Ἐκκᾷησιάς
1656 3718 1796 3789 ,τῶν
1833 3720 2039 3789 προτέ-

659 3797 808 3848 ρων,
852 3782 949 3835 καὶ
982 3783 1096 3836 τῶν
1131 3784 1231 3836 ἐπὶ
1263 3784 1368 3838 τοῦ
1415 3786 1840 3855 ’Λντιχρὶστου.

539 3914 647 3968 Καὶ
692 3915 944 3985 ἠνοίχθη
988 3919 1021 3971 ὁ
1046 3918 1191 3985 ναὸς
1222 3919 1292 3972 ἐν
1330 3918 1411 3983 τῷ
1438 3920 1689 3987 οὐρανῷ,
1742 3922 1836 3977 καί
1872 3924 2037 3993 ὤφθη

471 4007 509 4074 ἡ
543 4008 782 4074 κιϐωτὸς
826 4009 935 4077 τῆς
966 4009 1255 4077 διαθήκης
1298 4011 1403 4065 τοῦ
1434 4013 1652 4079 Kvplov
1688 4016 1759 4066 ἐν
1799 4015 1877 4079 τῷ
1915 4015 2040 4080 ναῷ

469 4099 677 4155 αὑτοῦ.
724 4100 831 4159 Καὶ
881 4100 1158 4171 ἐγένοντο
1210 4102 1511 4169 ἀστραπαὶ
1566 4104 1661 4160 καὶ
1705 4105 1894 4172 φωναὶ
1939 4107 2040 4161 καὶ

467 4193 738 4260 βρονταί,
769 4193 865 4247 καὶ
890 4193 1116 4262 χάλαζα
1138 4193 1394 4261 μεγάλη.

546 4285 702 4339 Μετὰ
735 4286 832 4354 τὴν
883 4286 1307 4358 εὐχαριστήριον
1334 4286 1494 4351 δόξαν
1523 4285 1632 4339 τῶν
1671 4287 1917 4355 ἀγγέλων
1949 4288 2044 4342 καὶ

476 4377 582 4430 τῶν
614 4378 910 4447 ἰσαγγὲλως
936 4379 1236 4450 ζησάντων,
1266 4377 1511 4449 ήνοῐχθαι
1537 4379 1631 4431 τὸν
1655 4380 1884 4449 οὐρανόν
1909 4398 2043 4451 φησι

477 4468 572 4521 καὶ
595 4468 827 4539 ὀφθῆναι
856 4469 953 4539 τὴν
983 4471 1215 4524 κιϐωτὸν
1243 4471 1344 4541 τῆς
1372 4470 1660 4543 διαθήκης,
1691 4472 1919 4543 οὐρανὸν
1945 4474 2045 4545 τὴν

477 4557 908 4629 ὑπεράνθρωπον
948 4560 1124 4630 λέγων
1158 4560 1381 4625 γνῶσιν,
1411 4563 1469 4615 ὲν
1502 4555 1546 4629 ᾧ
1596 4563 1689 4617 καὶ
1716 4563 2043 4637 τεθησαύρι-

2142 3375 2454 3430 aﬂlixerunt
2521 3375 2718 3440 malis,
2801 3376 3017 3444 aliaque
3074 3373 3312 3428 absurda
3363 3379 3716 3441 patraverunt

2142 3484 2333 3539 opera,
2350 3468 2551 3540 quibus
2562 3476 3000 3536 conspurcarunt
3024 3482 3090 3520 ac
3101 3475 3466 3537 corruperunt
3485 3474 3712 3523 terram.

2567 3583 2731 3653 750
2774 3581 3004 3637 CAPUT
3039 3580 3285 3637 xxxm.

2146 3723 2219 3777 De
2244 3720 2509 3793 prioribus
2562 3717 2806 3793 Ecclesia:
2848 3716 3322 3793 persecutionibus,
3364 3726 3413 3770 et
3467 3715 3531 3769 iis
3601 3730 3717 3785 qua

2613 3789 2708 3842 sub
2759 3787 3081 3840 Antichristo
3110 3787 3259 3855 ﬁent.

2213 3927 2304 3989 XI,
2350 3926 2430 3980 19.
2466 3923 2529 3975 Et
2563 3932 2798 3989 apertum
2828 3928 2902 3971 est
2962 3917 3211 3985 templum
3243 3916 3338 3971 Dei
3387 3917 3442 3970 in
3495 3916 3643 3979 caelo,
3668 3924 3718 3967 et

2144 4019 2387 4089 apparuit
2414 4033 2541 4069 arca
2574 4011 2873 4067 testamenti
2932 4009 3142 4061 Domini
3176 4009 3230 4061 in
3281 4007 3470 4077 templo
3498 4024 3611 4060 suo.
3652 4006 3719 4059 Et

2145 4114 2289 4180 facta
2333 4118 2454 4163 sunt
2493 4106 2705 4175 fulgura
2761 4111 2811 4154 et
2854 4115 2997 4153 voces
3028 4115 3090 4151 ac
3142 4099 3377 4152 tonitrua
3433 4107 3481 4151 et
3517 4098 3718 4167 grando

2144 4220 2355 4273 magna.

2216 4295 2344 4349 Post
2374 4293 2673 4363 gratiarum
2702 4292 2972 4345 actionem
3031 4296 3085 4343 et
3127 4283 3356 4355 gloriam
3419 4280 3602 4335 datam
3650 4278 3720 4331 ab

2146 4388 2357 4457 angelis
2388 4396 2443 4441 et
2482 4386 2551 4439 iis
2579 4384 2672 4454 qui
2703 4384 2868 4437 vitam
2888 4382 3164 4435 duxerunt
3195 4374 3521 4446 angelicam,
3555 4385 3717 4439 aper-

2147 4493 2260 4537 tum
2304 4479 2473 4535 fuisse
2531 4479 2728 4533 coelum
2774 4475 2942 4539 dicit,
2973 4472 3259 4539 visamque
3309 4466 3482 4521 fuisse
3530 4475 3717 4517 arcam

2148 4571 2484 4634 testamenti,
2520 4568 2716 4624 malum
2749 4580 2953 4620 vocans
2986 4561 3353 4631 cognitionem
3398 4555 3522 4626 plus
3552 4567 3717 4623 quam

480 4667 602 4703 σται
638 4668 657 4701 ι
700 4650 737 4704 ἃ
776 4650 1050 4722 ὀφθαλμὸς
1085 4654 1185 4705 οὐκ
1232 4648 1361 4719 εῐδε,
1411 4653 1505 4707 καὶ
1539 4654 1631 4717 οῦς
1673 4656 1775 4709 οὐκ
1823 4657 2033 4726 ἤκουσε,

2154 4661 2491 4724 humanam,
2545 4656 2597 4708 in
2665 4668 2775 4724 quo
2815 4653 2979 4708 etiam
3034 4647 3317 4705 recondita
3366 4655 3496 4700 sunt
3535 4661 3555 4693 ι
3597 4655 3721 4711 qua:

478 4743 575 4796 καὶ
621 4745 712 4797 ἐπὶ
743 4744 969 4816 καρδίαν
1001 4744 1288 4816 ἀνθρώπου
1322 4746 1421 4800 οὐκ
1453 4746 1641 4817 ἀνέϐη,
1680 4748 1721 4802 ἃ.
1755 4750 2050 4821 ἡτοίμασεν

478 4835 505 4886 6
545 4834 677 4897 Θεὸς
707 4837 818 4899 τοῖς
851 4836 1137 4905 ἀγαπῶσιν
1169 4837 1351 4890 αὐτόν.
1408 4856 1426 4889 ι
1489 4839 1576 4892 Ἔν
1621 4838 1795 4910 τούτῳ
1840 4841 1917 4911 τῷ
1949 4843 2049 4912 τῆς

480 4924 733 4991 γνώσεως
762 4926 977 4998 οὐρανῷ
1039 4928 1134 4981 καὶ
1183 4930 1216 4999 ή
1251 4928 1480 4992 κιϐωτὸς
1517 4927 1677 4999 ὤφθη
1711 4931 1810 5000 τῆς
1858 4931 2045 5004 διαθή-

481 5032 603 5085 κης.
632 5018 697 5070 Τί
725 5017 781 5071 δὲ
804 5018 871 5073 δι’
898 5019 1069 5087 αὐτῆς
1089 5019 1282 5090 δηλοῦν
1308 5018 1595 5088 ἐθελούσης
1621 5021 1718 5089 τῆς
1746 5022 2008 5085 ὀπτασίας
2033 5038 2048 5089 ;

483 5108 555 5161 Τὸ
581 5108 684 5175 ὅτι,
714 5108 903 5182 ῶσπερ
931 5113 988 5164 ὲν
1014 5110 1207 5180 ἐκείνῳ
1232 5110 1408 5180 καιρῷ
1434 5111 1646 5182 εἴρηται
1666 5114 1893 5183 Μωῦσῇ,
1914 5132 2052 5184 συμσ

484 5200 675 5255 ϐολικά
725 5201 897 5256 ταῦτα
954 5201 1025 5257 τὰ
1082 5203 1540 5275 παραταττόμενα
1585 5203 1753 5274 αύτῷ,
1808 5205 1921 5258 ἀλλ’
1952 5206 2053 5260 οὐκ

483 5294 759 5364 ἐνεργείας
818 5295 1051 5366 ἐχόμενα
1098 5296 1154 5364 (ι
1194 5295 1337 5364 Ὅρα
1383 5297 1527 5367 γὰρ,
1581 5298 1748 5367 φησὶ,
1805 5299 2053 5370 ποιήσεις

485 5387 663 5442 πάντα
684 5387 826 5442 κατά
840 5390 931 5443 τὸν
951 5387 1121 5442 τύπον
1145 5388 1234 5441 τὸν
1257 5387 1533 5459 δειχθέντα
1557 5406 1639 5443 σοι
1664 5391 1722 5443 ὲν
1744 5389 1819 5460 τῷ
1839 5390 1956 5461 ὄρει
1983 5393 2049 5463 ι)·

481 5478 623 5533 οὕτω
651 5478 745 5533 καὶ
777 5478 873 5532 νῦν
903 5478 1080 5535 ταῦτα
1105 5480 1428 5546 εἰσηγεῖται,
1461 5478 1567 5531 τῶν
1597 5481 1890 5550 ὁρωμένων
1921 5499 2054 5535 κατ-

481 5570 724 5639 αλλήλως
751 5569 831 5640 τῷ
859 5570 1096 5642 οὐρανίῳ
1134 5570 1259 5641 ὕψει
1314 5570 1661 5640 μετεωρίζων
1702 5572 1801 5641 τὴν
1829 5571 2051 5640 γνῶσιν.

483 5664 597 5717 Καὶ
641 5662 828 5735 ἐπειδὴ
879 5666 945 5735 τῇ
990 5651 1260 5731 ὑποδείξει
1302 5664 1511 5734 Μωῦσῇ
1544 5663 1645 5732 τῆς
1674 5663 1909 5718 κιϐωτοῦ
1955 5664 2054 5735 τῆς

483 5754 751 5826 διαθήκης
794 5756 1082 5826 προτέλεια
1112 5756 1168 5809 αἱ
1221 5756 1501 5827 ἀστραπαὶ
1527 5756 1622 5817 καὶ
1650 5756 1873 5829 βρονταὶ
1915 5756 2055 5813 κατά

556 5938 602 5970 ⁸⁸
634 5938 653 5993 ι
682 5938 808 5994 Cor.
846 5953 907 6005 tt,
941 5938 994 5993 9.
1071 5939 1114 5971 ⁸⁵
1146 5936 1313 5993 Exod.
1350 5955 1483 6006 xxv,
1535 5939 1621 5994 40.

2151 4753 2343 4808 oculus
2372 4766 2478 4805 non
2507 4747 2662 4811 vidit,
2694 4760 2793 4802 nec
2821 4743 2971 4798 auris
3001 4741 3237 4804 audivit,
3272 4752 3373 4793 nec
3413 4736 3467 4789 in
3498 4749 3595 4788 cur
3625 4733 3725 4786 ho-

2153 4842 2313 4898 minis
2346 4839 2741 4899 ascenderunt.
2775 4850 2898 4905 quae
2928 4829 3255 4904 praeparavit
3306 4827 3451 4882 Deus
3491 4824 3725 4893 diligen-

2151 4935 2298 4990 tibus
2325 4949 2384 4989 se
2409 4934 2474 4985 “.
2517 4951 2536 4983 ι
2564 4931 2622 4985 ln
2658 4931 2761 4983 hoc
2803 4923 3133 4996 cognitionis
3167 4920 3305 4977 coelo
3343 4932 3469 4974 arca
3504 4931 3726 4987 quoque

2154 5024 2465 5080 testamenti
2503 5022 2618 5076 visa
2646 5028 2732 5074 est
2762 5036 2776 5071 :
2807 5016 2937 5086 quid
2966 5023 3147 5069 autem
3173 5011 3342 5067 voluit
3373 5025 3470 5080 per
3494 5008 3597 5062 hoc
3639 5008 3690 5061 vi
3710 5034 3726 5046 ο

2155 5116 2239 5171 sio
2260 5115 2373 5184 ipsa
2400 5111 2752 5183 signiﬁcare?
2779 5108 2955 5175 Quod,
2974 5101 3435 5176 quemadmodum
3471 5100 3564 5154 illo
3587 5108 3725 5152 tem-

2154 5222 2289 5279 pore
2320 5206 2453 5262 Mosi
2482 5206 2686 5261 dictum
2727 5212 2842 5265 est,
2876 5215 2941 5255 ca
2964 5214 3086 5269 qua:
3136 5196 3238 5267 ipsi
3278 5193 3615 5266 jubebantur
3645 5189 3725 5245 si-

2157 5299 2463 5371 gniﬁcativa
2517 5312 2658 5361 esse,
2708 5308 2809 5349 nec
2850 5289 3097 5346 veritatis
3142 5285 3441 5343 efﬁcaciam
3493 5281 3722 5337 habere:

2162 5412 2181 5445 ι
2224 5390 2380 5455 Vide,
2414 5390 2618 5459 inquit,
2656 5386 2837 5442 omnia
2876 5384 3047 5439 facias
3076 5381 3231 5451 juxta
3280 5388 3469 5448 typum
3500 5374 3595 5444 qui
3626 5372 3724 5425 tibi

2153 5489 2411 5538 ostensus
2448 5488 2534 5534 est
2568 5478 2623 5532 in
2660 5474 2901 5530 monte“
2935 5490 2949 5527 :
2992 5491 3011 5524 ι
3047 5470 3123 5525 ita
3173 5481 3321 5522 nunc
3353 5477 3575 5534 quoque
3610 5462 3726 5514 haec

2153 5579 2519 5633 enarrantur,
2568 5563 2913 5624 convenienti
2965 5560 3128 5617 modo
3183 5555 3482 5612 attollendo
3540 5551 3729 5622 cogni-

2156 5665 2358 5720 tionem
2384 5676 2573 5719 eorum
2624 5674 2745 5730 quae
2777 5657 3030 5711 videntur
3055 5652 3123 5708 ad
3167 5650 3445 5706 caelestem
3478 5641 3729 5700 sublimi-

2157 5765 2346 5815 tatem.
2377 5754 2444 5810 Et
2473 5751 2733 5825 quoniam
2766 5749 2893 5804 dum
2929 5759 3057 5803 arca
3103 5738 3415 5801 testamenti
3459 5735 3598 5793 Mosi
3636 5734 3729 5792 de-
