  <div class='ocr_page' id='page_1' title='image "/cluster/home/n/w/nwhite01/storage/ocr_20150623/106/hvd.32044051727071/342.png"; bbox 0 0 4030 6650; ppageno 0'>
   <div class='ocr_carea' id='block_1_1' title="bbox 316 497 3635 571">
    <p class='ocr_par' dir='ltr' id='par_1_1' title="bbox 316 497 3635 571">
     <span class='ocr_line' id='line_1_1' title="bbox 316 497 3635 571; baseline -0.003 -3"><span class='ocrx_word' id='word_1_1' title='bbox 316 498 417 569; x_wconf 82' lang='grc'><strong>661</strong></span> <span class='ocrx_word' id='word_1_2' title='bbox 1380 502 1767 566; x_wconf 85' lang='lat' dir='ltr'><strong>COMMENT.</strong></span> <span class='ocrx_word' id='word_1_3' title='bbox 1810 501 1895 563; x_wconf 86' lang='lat' dir='ltr'><strong>IN</strong></span> <span class='ocrx_word' id='word_1_4' title='bbox 1930 499 2463 565; x_wconf 79' lang='lat' dir='ltr'><strong>APOCALYPSIN.</strong></span> <span class='ocrx_word' id='word_1_5' title='bbox 3481 497 3587 561; x_wconf 77' lang='lat'><strong>(62</strong></span> <span class='ocrx_word' id='word_1_6' title='bbox 3630 566 3635 571; x_wconf 23' lang='grc' dir='ltr'><strong>λ</strong></span> 
     </span>
    </p>
   </div>
   <div class='ocr_carea' id='block_1_2' title="bbox 317 615 1908 695">
    <p class='ocr_par' dir='ltr' id='par_1_2' title="bbox 317 615 1901 695">
     <span class='ocr_line' id='line_1_2' title="bbox 317 615 1901 695; baseline -0.001 -20"><span class='ocrx_word' id='word_1_7' title='bbox 317 620 493 695; x_wconf 65' lang='grc' dir='ltr'>σκέπη</span> <span class='ocrx_word' id='word_1_8' title='bbox 523 617 683 674; x_wconf 73' lang='grc' dir='ltr'>αὑτὸν</span> <span class='ocrx_word' id='word_1_9' title='bbox 715 615 821 692; x_wconf 73' lang='grc' dir='ltr'><strong>ἔφη</strong></span> <span class='ocrx_word' id='word_1_10' title='bbox 850 617 1306 692; x_wconf 80' lang='grc' dir='ltr'>περιϐεϐληκέναι</span> <span class='ocrx_word' id='word_1_11' title='bbox 1338 619 1437 692; x_wconf 83' lang='grc' dir='ltr'><strong>τὴν</strong></span> <span class='ocrx_word' id='word_1_12' title='bbox 1470 620 1707 692; x_wconf 80' lang='grc' dir='ltr'>μητέρα.</span> <span class='ocrx_word' id='word_1_13' title='bbox 1738 620 1901 674; x_wconf 81' lang='grc' dir='ltr'>Ἔτε-</span> 
     </span>
    </p>
   </div>
   <div class='ocr_carea' id='block_1_3' title="bbox 1999 615 3590 695">
    <p class='ocr_par' dir='ltr' id='par_1_3' title="bbox 2003 615 3590 690">
     <span class='ocr_line' id='line_1_3' title="bbox 2003 615 3590 690; baseline -0.003 -16"><span class='ocrx_word' id='word_1_14' title='bbox 2003 619 2342 690; x_wconf 75' lang='lat' dir='ltr'><strong>protectione</strong></span> <span class='ocrx_word' id='word_1_15' title='bbox 2368 620 2445 675; x_wconf 99' lang='lat' dir='ltr'><strong>ait</strong></span> <span class='ocrx_word' id='word_1_16' title='bbox 2479 618 2658 690; x_wconf 89' lang='lat' dir='ltr'><strong>ipsum</strong></span> <span class='ocrx_word' id='word_1_17' title='bbox 2687 617 3125 674; x_wconf 85' lang='lat' dir='ltr'><strong>circumdedissc</strong></span> <span class='ocrx_word' id='word_1_18' title='bbox 3154 625 3407 672; x_wconf 85' lang='lat' dir='ltr'><strong>matrem.</strong></span> <span class='ocrx_word' id='word_1_19' title='bbox 3442 615 3590 670; x_wconf 81' lang='lat' dir='ltr'><strong>Rur-</strong></span> 
     </span>
    </p>
   </div>
   <div class='ocr_carea' id='block_1_4' title="bbox 318 706 1909 785">
    <p class='ocr_par' dir='ltr' id='par_1_4' title="bbox 318 710 1900 785">
     <span class='ocr_line' id='line_1_4' title="bbox 318 710 1900 785; baseline -0.001 -19"><span class='ocrx_word' id='word_1_20' title='bbox 318 731 400 785; x_wconf 79' lang='grc' dir='ltr'><strong>ροι</strong></span> <span class='ocrx_word' id='word_1_21' title='bbox 422 712 482 766; x_wconf 83' lang='grc' dir='ltr'>δὲ</span> <span class='ocrx_word' id='word_1_22' title='bbox 531 710 693 767; x_wconf 87' lang='grc' dir='ltr'>πάλιν</span> <span class='ocrx_word' id='word_1_23' title='bbox 744 710 949 783; x_wconf 81' lang='grc' dir='ltr'>ταύτην</span> <span class='ocrx_word' id='word_1_24' title='bbox 1004 711 1104 783; x_wconf 83' lang='grc' dir='ltr'><strong>τὴν</strong></span> <span class='ocrx_word' id='word_1_25' title='bbox 1137 713 1372 780; x_wconf 83' lang='grc' dir='ltr'>γυναῖκα</span> <span class='ocrx_word' id='word_1_26' title='bbox 1422 714 1522 785; x_wconf 81' lang='grc' dir='ltr'>τὴν</span> <span class='ocrx_word' id='word_1_27' title='bbox 1569 712 1900 782; x_wconf 76' lang='grc' dir='ltr'><strong>Ἐκκλησίαν</strong></span> 
     </span>
    </p>
   </div>
   <div class='ocr_carea' id='block_1_5' title="bbox 2003 706 3594 785">
    <p class='ocr_par' dir='ltr' id='par_1_5' title="bbox 2005 706 3594 768">
     <span class='ocr_line' id='line_1_5' title="bbox 2005 706 3594 768; baseline -0.004 0"><span class='ocrx_word' id='word_1_28' title='bbox 2005 724 2125 768; x_wconf 84' lang='lat' dir='ltr'><strong>sum</strong></span> <span class='ocrx_word' id='word_1_29' title='bbox 2154 726 2289 767; x_wconf 80' lang='lat' dir='ltr'><strong>vero</strong></span> <span class='ocrx_word' id='word_1_30' title='bbox 2323 711 2416 766; x_wconf 83' lang='lat' dir='ltr'><strong>alii</strong></span> <span class='ocrx_word' id='word_1_31' title='bbox 2454 711 2592 765; x_wconf 89' lang='lat' dir='ltr'><strong>hanc</strong></span> <span class='ocrx_word' id='word_1_32' title='bbox 2624 710 2912 766; x_wconf 80' lang='lat' dir='ltr'><strong>mulierem</strong></span> <span class='ocrx_word' id='word_1_33' title='bbox 2960 709 3217 765; x_wconf 82' lang='lat' dir='ltr'><strong>dixerunt</strong></span> <span class='ocrx_word' id='word_1_34' title='bbox 3247 722 3370 765; x_wconf 86' lang='lat' dir='ltr'><strong>esse</strong></span> <span class='ocrx_word' id='word_1_35' title='bbox 3401 706 3594 762; x_wconf 85' lang='lat' dir='ltr'><strong>Eccle-</strong></span> 
     </span>
    </p>
   </div>
   <div class='ocr_carea' id='block_1_6' title="bbox 317 799 1908 878">
    <p class='ocr_par' dir='ltr' id='par_1_6' title="bbox 317 799 1898 875">
     <span class='ocr_line' id='line_1_6' title="bbox 317 799 1898 875; baseline 0.001 -19"><span class='ocrx_word' id='word_1_36' title='bbox 317 803 527 872; x_wconf 77' lang='grc' dir='ltr'>ἔφασαν</span> <span class='ocrx_word' id='word_1_37' title='bbox 572 799 734 868; x_wconf 76' lang='grc' dir='ltr'>εἶναι,</span> <span class='ocrx_word' id='word_1_38' title='bbox 768 802 892 873; x_wconf 78' lang='grc' dir='ltr'>ἥτις</span> <span class='ocrx_word' id='word_1_39' title='bbox 936 800 1028 856; x_wconf 75' lang='grc' dir='ltr'>τὸν</span> <span class='ocrx_word' id='word_1_40' title='bbox 1076 802 1174 874; x_wconf 79' lang='grc' dir='ltr'>τῆς</span> <span class='ocrx_word' id='word_1_41' title='bbox 1202 802 1552 875; x_wconf 79' lang='grc' dir='ltr'><strong>δικαιοσύνης</strong></span> <span class='ocrx_word' id='word_1_42' title='bbox 1579 804 1731 875; x_wconf 74' lang='grc' dir='ltr'>ἣλιον</span> <span class='ocrx_word' id='word_1_43' title='bbox 1760 804 1898 873; x_wconf 84' lang='grc' dir='ltr'>Χρι-</span> 
     </span>
    </p>
   </div>
   <div class='ocr_carea' id='block_1_7' title="bbox 2004 799 3595 878">
    <p class='ocr_par' dir='ltr' id='par_1_7' title="bbox 2005 802 3595 878">
     <span class='ocr_line' id='line_1_7' title="bbox 2005 802 3595 878; baseline -0.005 -14"><span class='ocrx_word' id='word_1_44' title='bbox 2005 809 2169 874; x_wconf 83' lang='lat' dir='ltr'><strong>siam,</strong></span> <span class='ocrx_word' id='word_1_45' title='bbox 2226 823 2350 878; x_wconf 68' lang='lat' dir='ltr'><strong>qua:</strong></span> <span class='ocrx_word' id='word_1_46' title='bbox 2407 808 2524 863; x_wconf 86' lang='lat' dir='ltr'><strong>sole</strong></span> <span class='ocrx_word' id='word_1_47' title='bbox 2564 805 2795 878; x_wconf 73' lang='lat' dir='ltr'><strong>iustitiae</strong></span> <span class='ocrx_word' id='word_1_48' title='bbox 2843 802 3065 860; x_wconf 88' lang='lat' dir='ltr'><strong>Christo</strong></span> <span class='ocrx_word' id='word_1_49' title='bbox 3122 804 3322 874; x_wconf 86' lang='lat' dir='ltr'><strong>stipata</strong></span> <span class='ocrx_word' id='word_1_50' title='bbox 3373 812 3458 857; x_wconf 90' lang='lat' dir='ltr'><strong>est</strong></span> <span class='ocrx_word' id='word_1_51' title='bbox 3491 818 3504 854; x_wconf 94' lang='lat'><strong>:</strong></span> <span class='ocrx_word' id='word_1_52' title='bbox 3541 811 3595 856; x_wconf 78' lang='lat' dir='ltr'><strong>ct</strong></span> 
     </span>
    </p>
   </div>
   <div class='ocr_carea' id='block_1_8' title="bbox 320 892 1911 970">
    <p class='ocr_par' dir='ltr' id='par_1_8' title="bbox 320 892 1900 966">
     <span class='ocr_line' id='line_1_8' title="bbox 320 892 1900 966; baseline 0.001 -20"><span class='ocrx_word' id='word_1_53' title='bbox 320 894 443 947; x_wconf 83' lang='grc' dir='ltr'>στὸν</span> <span class='ocrx_word' id='word_1_54' title='bbox 480 892 892 965; x_wconf 86' lang='grc' dir='ltr'>περιϐέϐληται,</span> <span class='ocrx_word' id='word_1_55' title='bbox 922 892 1018 948; x_wconf 74' lang='grc' dir='ltr'><strong>καὶ</strong></span> <span class='ocrx_word' id='word_1_56' title='bbox 1044 892 1146 964; x_wconf 78' lang='grc' dir='ltr'>τὴν</span> <span class='ocrx_word' id='word_1_57' title='bbox 1179 894 1410 966; x_wconf 77' lang='grc' dir='ltr'>σελήνην</span> <span class='ocrx_word' id='word_1_58' title='bbox 1436 895 1536 966; x_wconf 81' lang='grc' dir='ltr'>τὴν</span> <span class='ocrx_word' id='word_1_59' title='bbox 1566 894 1900 965; x_wconf 81' lang='grc' dir='ltr'>Συναγωγὴν</span> 
     </span>
    </p>
   </div>
   <div class='ocr_carea' id='block_1_9' title="bbox 2004 892 3595 970">
    <p class='ocr_par' dir='ltr' id='par_1_9' title="bbox 2007 895 3595 970">
     <span class='ocr_line' id='line_1_9' title="bbox 2007 895 3595 970; baseline -0.004 -15"><span class='ocrx_word' id='word_1_60' title='bbox 2007 902 2221 966; x_wconf 78' lang='lat' dir='ltr'><strong>lunam,</strong></span> <span class='ocrx_word' id='word_1_61' title='bbox 2272 900 2324 955; x_wconf 88' lang='lat' dir='ltr'><strong>id</strong></span> <span class='ocrx_word' id='word_1_62' title='bbox 2357 909 2443 955; x_wconf 87' lang='lat' dir='ltr'><strong>est</strong></span> <span class='ocrx_word' id='word_1_63' title='bbox 2493 900 2838 970; x_wconf 79' lang='lat' dir='ltr'><strong>Synagogam</strong></span> <span class='ocrx_word' id='word_1_64' title='bbox 2884 898 2986 952; x_wconf 86' lang='lat' dir='ltr'><strong>sub</strong></span> <span class='ocrx_word' id='word_1_65' title='bbox 3020 896 3250 967; x_wconf 86' lang='lat' dir='ltr'><strong>pedibus</strong></span> <span class='ocrx_word' id='word_1_66' title='bbox 3296 895 3437 965; x_wconf 86' lang='lat' dir='ltr'><strong>ejus,</strong></span> <span class='ocrx_word' id='word_1_67' title='bbox 3470 904 3595 949; x_wconf 82' lang='lat' dir='ltr'><strong>tan-</strong></span> 
     </span>
    </p>
   </div>
   <div class='ocr_carea' id='block_1_10' title="bbox 324 984 1915 1072">
    <p class='ocr_par' dir='ltr' id='par_1_10' title="bbox 324 984 1902 1060">
     <span class='ocr_line' id='line_1_10' title="bbox 324 984 1902 1060; baseline 0.002 -21"><span class='ocrx_word' id='word_1_68' title='bbox 324 985 580 1040; x_wconf 79' lang='grc' dir='ltr'><strong>ὑποκάτω</strong></span> <span class='ocrx_word' id='word_1_69' title='bbox 610 984 720 1038; x_wconf 85' lang='grc' dir='ltr'>τῶν</span> <span class='ocrx_word' id='word_1_70' title='bbox 768 985 969 1052; x_wconf 83' lang='grc' dir='ltr'>ποδῶν,</span> <span class='ocrx_word' id='word_1_71' title='bbox 999 985 1075 1051; x_wconf 82' lang='grc' dir='ltr'>ὡς</span> <span class='ocrx_word' id='word_1_72' title='bbox 1105 986 1207 1058; x_wconf 67' lang='grc' dir='ltr'>ἤδη</span> <span class='ocrx_word' id='word_1_73' title='bbox 1236 986 1665 1053; x_wconf 83' lang='grc' dir='ltr'>παλαιωθεῖσαν,</span> <span class='ocrx_word' id='word_1_74' title='bbox 1712 987 1902 1060; x_wconf 75' lang='grc' dir='ltr'>ἔθηκε.</span> 
     </span>
    </p>
   </div>
   <div class='ocr_carea' id='block_1_11' title="bbox 2007 984 3598 1072">
    <p class='ocr_par' dir='ltr' id='par_1_11' title="bbox 2008 988 3598 1072">
     <span class='ocr_line' id='line_1_11' title="bbox 2008 988 3598 1072; baseline -0.004 -24"><span class='ocrx_word' id='word_1_75' title='bbox 2008 1008 2172 1065; x_wconf 83' lang='lat' dir='ltr'><strong>quam</strong></span> <span class='ocrx_word' id='word_1_76' title='bbox 2214 993 2327 1065; x_wconf 84' lang='lat' dir='ltr'><strong>jam</strong></span> <span class='ocrx_word' id='word_1_77' title='bbox 2379 993 2751 1072; x_wconf 52' lang='lat' dir='ltr'><strong>vetustiorcm.</strong></span> <span class='ocrx_word' id='word_1_78' title='bbox 2777 988 3050 1054; x_wconf 82' lang='lat' dir='ltr'><strong>etiectam,</strong></span> <span class='ocrx_word' id='word_1_79' title='bbox 3102 989 3337 1059; x_wconf 88' lang='lat' dir='ltr'><strong>posuit:</strong></span> <span class='ocrx_word' id='word_1_80' title='bbox 3373 999 3429 1043; x_wconf 89' lang='lat' dir='ltr'><strong>et</strong></span> <span class='ocrx_word' id='word_1_81' title='bbox 3474 1001 3598 1059; x_wconf 63' lang='lat' dir='ltr'><strong>qua:</strong></span> 
     </span>
    </p>
   </div>
   <div class='ocr_carea' id='block_1_12' title="bbox 326 1076 1917 1159">
    <p class='ocr_par' dir='ltr' id='par_1_12' title="bbox 326 1076 1907 1153">
     <span class='ocr_line' id='line_1_12' title="bbox 326 1076 1907 1153; baseline 0.003 -22"><span class='ocrx_word' id='word_1_82' title='bbox 326 1077 436 1132; x_wconf 72' lang='grc' dir='ltr'><strong>Καὶ</strong></span> <span class='ocrx_word' id='word_1_83' title='bbox 467 1076 535 1131; x_wconf 82' lang='grc' dir='ltr'><strong>τά</strong></span> <span class='ocrx_word' id='word_1_84' title='bbox 565 1077 693 1148; x_wconf 80' lang='grc' dir='ltr'><strong>ἑξῆς</strong></span> <span class='ocrx_word' id='word_1_85' title='bbox 716 1077 893 1133; x_wconf 86' lang='grc' dir='ltr'>πάντα</span> <span class='ocrx_word' id='word_1_86' title='bbox 908 1078 1208 1151; x_wconf 83' lang='grc' dir='ltr'><strong>ἁρμοδίως,</strong></span> <span class='ocrx_word' id='word_1_87' title='bbox 1238 1079 1314 1144; x_wconf 82' lang='grc' dir='ltr'>ὡς</span> <span class='ocrx_word' id='word_1_88' title='bbox 1349 1079 1605 1153; x_wconf 79' lang='grc' dir='ltr'><strong>Ἀνδρέας</strong></span> <span class='ocrx_word' id='word_1_89' title='bbox 1633 1081 1728 1135; x_wconf 72' lang='grc' dir='ltr'>καὶ</span> <span class='ocrx_word' id='word_1_90' title='bbox 1757 1080 1907 1135; x_wconf 68' lang='lat' dir='ltr'><strong>M30-</strong></span> 
     </span>
    </p>
   </div>
   <div class='ocr_carea' id='block_1_13' title="bbox 2009 1076 3600 1159">
    <p class='ocr_par' dir='ltr' id='par_1_13' title="bbox 2011 1080 3600 1159">
     <span class='ocr_line' id='line_1_13' title="bbox 2011 1080 3600 1159; baseline -0.007 -15"><span class='ocrx_word' id='word_1_91' title='bbox 2011 1095 2323 1159; x_wconf 86' lang='lat' dir='ltr'><strong>sequuntur</strong></span> <span class='ocrx_word' id='word_1_92' title='bbox 2364 1089 2551 1143; x_wconf 84' lang='lat' dir='ltr'><strong>omnia</strong></span> <span class='ocrx_word' id='word_1_93' title='bbox 2601 1100 2842 1157; x_wconf 83' lang='lat' dir='ltr'><strong>congruo</strong></span> <span class='ocrx_word' id='word_1_94' title='bbox 2898 1080 3061 1139; x_wconf 91' lang='lat' dir='ltr'><strong>modo</strong></span> <span class='ocrx_word' id='word_1_95' title='bbox 3116 1082 3477 1154; x_wconf 83' lang='lat' dir='ltr'><strong>adaptarunt,</strong></span> <span class='ocrx_word' id='word_1_96' title='bbox 3538 1088 3600 1135; x_wconf 90' lang='lat' dir='ltr'><strong>nt</strong></span> 
     </span>
    </p>
   </div>
   <div class='ocr_carea' id='block_1_14' title="bbox 326 1168 1917 1236">
    <p class='ocr_par' dir='ltr' id='par_1_14' title="bbox 326 1168 488 1231">
     <span class='ocr_line' id='line_1_14' title="bbox 326 1168 488 1231; baseline 0.006 -10"><span class='ocrx_word' id='word_1_97' title='bbox 326 1168 488 1231; x_wconf 83' lang='grc' dir='ltr'>όδιος.</span> 
     </span>
    </p>
   </div>
   <div class='ocr_carea' id='block_1_15' title="bbox 1119 1168 2710 1236">
    <p class='ocr_par' dir='ltr' id='par_1_15' title="bbox 2011 1180 2710 1236">
     <span class='ocr_line' id='line_1_15' title="bbox 2011 1180 2710 1236; baseline -0.001 0"><span class='ocrx_word' id='word_1_98' title='bbox 2011 1183 2263 1236; x_wconf 79' lang='lat' dir='ltr'><strong>Andreas</strong></span> <span class='ocrx_word' id='word_1_99' title='bbox 2295 1191 2349 1236; x_wconf 91' lang='lat' dir='ltr'><strong>et</strong></span> <span class='ocrx_word' id='word_1_100' title='bbox 2379 1180 2710 1236; x_wconf 81' lang='lat' dir='ltr'><strong>Methodins.</strong></span> 
     </span>
    </p>
   </div>
   <div class='ocr_carea' id='block_1_16' title="bbox 397 1261 1988 1343">
    <p class='ocr_par' dir='ltr' id='par_1_16' title="bbox 397 1261 1911 1336">
     <span class='ocr_line' id='line_1_16' title="bbox 397 1261 1911 1336; baseline 0.003 -20"><span class='ocrx_word' id='word_1_101' title='bbox 397 1261 508 1319; x_wconf 81' lang='lat' dir='ltr'><strong>Kal</strong></span> <span class='ocrx_word' id='word_1_102' title='bbox 552 1261 651 1316; x_wconf 76' lang='grc' dir='ltr'><strong>ἐπὶ</strong></span> <span class='ocrx_word' id='word_1_103' title='bbox 695 1262 808 1332; x_wconf 84' lang='grc' dir='ltr'>τῆς</span> <span class='ocrx_word' id='word_1_104' title='bbox 843 1263 1117 1335; x_wconf 72' lang='grc' dir='ltr'>κεφαλῆς</span> <span class='ocrx_word' id='word_1_105' title='bbox 1145 1265 1338 1335; x_wconf 81' lang='grc' dir='ltr'>αὐτῆς</span> <span class='ocrx_word' id='word_1_106' title='bbox 1370 1265 1679 1336; x_wconf 70' lang='grc' dir='ltr'>στέφανοι.</span> <span class='ocrx_word' id='word_1_107' title='bbox 1726 1266 1786 1321; x_wconf 88' lang='grc' dir='ltr'><strong>Ὀ</strong></span> <span class='ocrx_word' id='word_1_108' title='bbox 1815 1266 1911 1321; x_wconf 71' lang='grc' dir='ltr'><strong>ἐπὶ</strong></span> 
     </span>
    </p>
   </div>
   <div class='ocr_carea' id='block_1_17' title="bbox 2013 1261 3604 1343">
    <p class='ocr_par' dir='ltr' id='par_1_17' title="bbox 2085 1264 3604 1343">
     <span class='ocr_line' id='line_1_17' title="bbox 2085 1264 3604 1343; baseline -0.005 -15"><span class='ocrx_word' id='word_1_109' title='bbox 2085 1274 2155 1328; x_wconf 87' lang='lat' dir='ltr'><strong>Et</strong></span> <span class='ocrx_word' id='word_1_110' title='bbox 2185 1275 2239 1328; x_wconf 86' lang='lat' dir='ltr'><strong>in</strong></span> <span class='ocrx_word' id='word_1_111' title='bbox 2260 1274 2435 1343; x_wconf 80' lang='lat' dir='ltr'><strong>capite</strong></span> <span class='ocrx_word' id='word_1_112' title='bbox 2463 1274 2578 1343; x_wconf 75' lang='lat' dir='ltr'><strong>ejus</strong></span> <span class='ocrx_word' id='word_1_113' title='bbox 2595 1287 2811 1327; x_wconf 83' lang='lat' dir='ltr'><strong>corona.</strong></span> <span class='ocrx_word' id='word_1_114' title='bbox 2839 1269 3055 1327; x_wconf 80' lang='lat' dir='ltr'><strong>Corona</strong></span> <span class='ocrx_word' id='word_1_115' title='bbox 3078 1267 3133 1325; x_wconf 88' lang='lat' dir='ltr'><strong>in</strong></span> <span class='ocrx_word' id='word_1_116' title='bbox 3154 1267 3331 1338; x_wconf 82' lang='lat' dir='ltr'><strong>capite</strong></span> <span class='ocrx_word' id='word_1_117' title='bbox 3359 1264 3604 1322; x_wconf 83' lang='lat' dir='ltr'><strong>mulieris</strong></span> 
     </span>
    </p>
   </div>
   <div class='ocr_carea' id='block_1_18' title="bbox 326 1355 1917 1432">
    <p class='ocr_par' dir='ltr' id='par_1_18' title="bbox 326 1355 1912 1432">
     <span class='ocr_line' id='line_1_18' title="bbox 326 1355 1912 1432; baseline 0.003 -25"><span class='ocrx_word' id='word_1_118' title='bbox 326 1355 426 1425; x_wconf 81' lang='grc' dir='ltr'>τῆς</span> <span class='ocrx_word' id='word_1_119' title='bbox 458 1357 699 1427; x_wconf 80' lang='grc' dir='ltr'><strong>κεφαλῆς</strong></span> <span class='ocrx_word' id='word_1_120' title='bbox 728 1357 826 1428; x_wconf 77' lang='grc' dir='ltr'><strong>τῆς</strong></span> <span class='ocrx_word' id='word_1_121' title='bbox 851 1357 1111 1426; x_wconf 84' lang='grc' dir='ltr'>γυναικὸς</span> <span class='ocrx_word' id='word_1_122' title='bbox 1141 1357 1201 1423; x_wconf 81' lang='grc' dir='ltr'>ἐξ</span> <span class='ocrx_word' id='word_1_123' title='bbox 1248 1359 1495 1432; x_wconf 79' lang='grc' dir='ltr'><strong>ἀστέρων</strong></span> <span class='ocrx_word' id='word_1_124' title='bbox 1526 1358 1735 1414; x_wconf 78' lang='grc' dir='ltr'>δώδεκα</span> <span class='ocrx_word' id='word_1_125' title='bbox 1784 1372 1912 1413; x_wconf 89' lang='grc' dir='ltr'>συν-</span> 
     </span>
    </p>
   </div>
   <div class='ocr_carea' id='block_1_19' title="bbox 2012 1355 3603 1432">
    <p class='ocr_par' dir='ltr' id='par_1_19' title="bbox 2012 1359 3603 1431">
     <span class='ocr_line' id='line_1_19' title="bbox 2012 1359 3603 1431; baseline -0.005 -9"><span class='ocrx_word' id='word_1_126' title='bbox 2012 1376 2077 1422; x_wconf 77' lang='lat' dir='ltr'><strong>ex</strong></span> <span class='ocrx_word' id='word_1_127' title='bbox 2100 1364 2384 1421; x_wconf 79' lang='lat' dir='ltr'><strong>duodecim</strong></span> <span class='ocrx_word' id='word_1_128' title='bbox 2414 1364 2587 1420; x_wconf 83' lang='lat' dir='ltr'><strong>stellis</strong></span> <span class='ocrx_word' id='word_1_129' title='bbox 2610 1361 2930 1430; x_wconf 86' lang='lat' dir='ltr'><strong>constituta,</strong></span> <span class='ocrx_word' id='word_1_130' title='bbox 2963 1361 3142 1418; x_wconf 81' lang='lat' dir='ltr'><strong>sancti</strong></span> <span class='ocrx_word' id='word_1_131' title='bbox 3184 1369 3313 1415; x_wconf 89' lang='lat' dir='ltr'><strong>sunt</strong></span> <span class='ocrx_word' id='word_1_132' title='bbox 3346 1359 3603 1431; x_wconf 80' lang='lat' dir='ltr'><strong>apostoli.</strong></span> 
     </span>
    </p>
   </div>
   <div class='ocr_carea' id='block_1_20' title="bbox 332 1447 1923 1528">
    <p class='ocr_par' dir='ltr' id='par_1_20' title="bbox 332 1447 1913 1521">
     <span class='ocr_line' id='line_1_20' title="bbox 332 1447 1913 1521; baseline 0.002 -19"><span class='ocrx_word' id='word_1_133' title='bbox 332 1447 623 1517; x_wconf 86' lang='grc' dir='ltr'>ιστάμενος</span> <span class='ocrx_word' id='word_1_134' title='bbox 666 1448 954 1517; x_wconf 77' lang='grc' dir='ltr'>στέφανος,</span> <span class='ocrx_word' id='word_1_135' title='bbox 989 1450 1038 1502; x_wconf 83' lang='grc' dir='ltr'>οἱ</span> <span class='ocrx_word' id='word_1_136' title='bbox 1073 1448 1221 1521; x_wconf 73' lang='grc' dir='ltr'>ἆγιοί</span> <span class='ocrx_word' id='word_1_137' title='bbox 1247 1450 1387 1503; x_wconf 76' lang='grc' dir='ltr'>εἰσιν</span> <span class='ocrx_word' id='word_1_138' title='bbox 1409 1451 1723 1505; x_wconf 75' lang='grc' dir='ltr'><strong>ἀπόστολοι.</strong></span> <span class='ocrx_word' id='word_1_139' title='bbox 1758 1451 1832 1503; x_wconf 88' lang='grc' dir='ltr'>Τὸ</span> <span class='ocrx_word' id='word_1_140' title='bbox 1855 1450 1913 1505; x_wconf 81' lang='grc' dir='ltr'>δὲ</span> 
     </span>
    </p>
   </div>
   <div class='ocr_carea' id='block_1_21' title="bbox 2013 1447 3604 1528">
    <p class='ocr_par' dir='ltr' id='par_1_21' title="bbox 2014 1452 3604 1528">
     <span class='ocr_line' id='line_1_21' title="bbox 2014 1452 3604 1528; baseline -0.008 -15"><span class='ocrx_word' id='word_1_141' title='bbox 2014 1458 2184 1514; x_wconf 83' lang='lat' dir='ltr'><strong>Porro</strong></span> <span class='ocrx_word' id='word_1_142' title='bbox 2201 1458 2346 1528; x_wconf 86' lang='lat' dir='ltr'><strong>quod</strong></span> <span class='ocrx_word' id='word_1_143' title='bbox 2367 1469 2651 1527; x_wconf 75' lang='lat' dir='ltr'><strong>praegnans</strong></span> <span class='ocrx_word' id='word_1_144' title='bbox 2666 1455 2860 1515; x_wconf 84' lang='lat' dir='ltr'><strong>clamet</strong></span> <span class='ocrx_word' id='word_1_145' title='bbox 2878 1469 3000 1510; x_wconf 89' lang='lat' dir='ltr'><strong>cum</strong></span> <span class='ocrx_word' id='word_1_146' title='bbox 3018 1452 3260 1508; x_wconf 91' lang='lat' dir='ltr'><strong>cruciatu</strong></span> <span class='ocrx_word' id='word_1_147' title='bbox 3281 1453 3346 1506; x_wconf 88' lang='lat' dir='ltr'><strong>ad</strong></span> <span class='ocrx_word' id='word_1_148' title='bbox 3368 1460 3604 1522; x_wconf 87' lang='lat' dir='ltr'><strong>partum,</strong></span> 
     </span>
    </p>
   </div>
   <div class='ocr_carea' id='block_1_22' title="bbox 329 1539 1920 1616">
    <p class='ocr_par' dir='ltr' id='par_1_22' title="bbox 329 1539 1913 1616">
     <span class='ocr_line' id='line_1_22' title="bbox 329 1539 1913 1616; baseline 0.003 -23"><span class='ocrx_word' id='word_1_149' title='bbox 329 1539 429 1612; x_wconf 78' lang='grc' dir='ltr'>τὴν</span> <span class='ocrx_word' id='word_1_150' title='bbox 476 1541 534 1595; x_wconf 87' lang='grc' dir='ltr'><strong>ἐν</strong></span> <span class='ocrx_word' id='word_1_151' title='bbox 580 1542 781 1614; x_wconf 74' lang='grc' dir='ltr'>γαστρὶ</span> <span class='ocrx_word' id='word_1_152' title='bbox 827 1541 1058 1613; x_wconf 78' lang='grc' dir='ltr'>ἔχουσαν</span> <span class='ocrx_word' id='word_1_153' title='bbox 1103 1542 1333 1614; x_wconf 77' lang='grc' dir='ltr'><strong>κράζειν</strong></span> <span class='ocrx_word' id='word_1_154' title='bbox 1366 1542 1802 1616; x_wconf 76' lang='grc' dir='ltr'>βασανιζομένην</span> <span class='ocrx_word' id='word_1_155' title='bbox 1834 1544 1913 1616; x_wconf 84' lang='grc' dir='ltr'>τῷ</span> 
     </span>
    </p>
   </div>
   <div class='ocr_carea' id='block_1_23' title="bbox 2019 1539 3610 1616">
    <p class='ocr_par' dir='ltr' id='par_1_23' title="bbox 2019 1543 3610 1615">
     <span class='ocr_line' id='line_1_23' title="bbox 2019 1543 3610 1615; baseline -0.006 -8"><span class='ocrx_word' id='word_1_156' title='bbox 2019 1551 2171 1607; x_wconf 80' lang='lat' dir='ltr'><strong>aiunt</strong></span> <span class='ocrx_word' id='word_1_157' title='bbox 2200 1551 2395 1604; x_wconf 88' lang='lat' dir='ltr'><strong>lsaiam</strong></span> <span class='ocrx_word' id='word_1_158' title='bbox 2420 1548 2589 1603; x_wconf 87' lang='lat' dir='ltr'><strong>tilium</strong></span> <span class='ocrx_word' id='word_1_159' title='bbox 2621 1545 2789 1605; x_wconf 80' lang='lat' dir='ltr'><strong>Amos</strong></span> <span class='ocrx_word' id='word_1_160' title='bbox 2812 1546 3151 1611; x_wconf 67' lang='lat' dir='ltr'><strong>dissoli-isse,</strong></span> <span class='ocrx_word' id='word_1_161' title='bbox 3174 1560 3299 1601; x_wconf 91' lang='lat' dir='ltr'><strong>cum</strong></span> <span class='ocrx_word' id='word_1_162' title='bbox 3328 1545 3404 1599; x_wconf 90' lang='lat' dir='ltr'><strong>ait</strong></span> <span class='ocrx_word' id='word_1_163' title='bbox 3432 1543 3610 1615; x_wconf 85' lang='lat' dir='ltr'><strong>prius-</strong></span> 
     </span>
    </p>
   </div>
   <div class='ocr_carea' id='block_1_24' title="bbox 330 1630 1921 1715">
    <p class='ocr_par' dir='ltr' id='par_1_24' title="bbox 330 1630 1917 1705">
     <span class='ocr_line' id='line_1_24' title="bbox 330 1630 1917 1705; baseline 0.004 -19"><span class='ocrx_word' id='word_1_164' title='bbox 330 1630 495 1704; x_wconf 85' lang='grc' dir='ltr'>τόκῳ,</span> <span class='ocrx_word' id='word_1_165' title='bbox 519 1634 608 1687; x_wconf 81' lang='grc' dir='ltr'><strong>τὸν</strong></span> <span class='ocrx_word' id='word_1_166' title='bbox 636 1634 732 1688; x_wconf 83' lang='grc' dir='ltr'>τοῦ</span> <span class='ocrx_word' id='word_1_167' title='bbox 775 1633 958 1705; x_wconf 81' lang='grc' dir='ltr'>Ἀμώς</span> <span class='ocrx_word' id='word_1_168' title='bbox 997 1652 1161 1703; x_wconf 86' lang='grc' dir='ltr'>φασιν</span> <span class='ocrx_word' id='word_1_169' title='bbox 1200 1637 1425 1693; x_wconf 75' lang='grc' dir='ltr'>Ἡσαΐαν</span> <span class='ocrx_word' id='word_1_170' title='bbox 1450 1639 1828 1694; x_wconf 82' lang='grc' dir='ltr'>ἀπολύσασθαι</span> <span class='ocrx_word' id='word_1_171' title='bbox 1849 1638 1917 1692; x_wconf 80' lang='grc' dir='ltr'>δι’</span> 
     </span>
    </p>
   </div>
   <div class='ocr_carea' id='block_1_25' title="bbox 2022 1630 3613 1715">
    <p class='ocr_par' dir='ltr' id='par_1_25' title="bbox 2022 1636 3613 1715">
     <span class='ocr_line' id='line_1_25' title="bbox 2022 1636 3613 1715; baseline -0.004 -19"><span class='ocrx_word' id='word_1_172' title='bbox 2022 1658 2181 1715; x_wconf 81' lang='lat' dir='ltr'><strong>quam</strong></span> <span class='ocrx_word' id='word_1_173' title='bbox 2200 1641 2494 1713; x_wconf 87' lang='lat' dir='ltr'><strong>parturiret</strong></span> <span class='ocrx_word' id='word_1_174' title='bbox 2516 1637 2791 1710; x_wconf 79' lang='lat' dir='ltr'><strong>peperisse</strong></span> <span class='ocrx_word' id='word_1_175' title='bbox 2812 1638 2879 1706; x_wconf 85' lang='lat'><strong>&quot;,</strong></span> <span class='ocrx_word' id='word_1_176' title='bbox 2915 1647 2969 1694; x_wconf 86' lang='lat' dir='ltr'><strong>et</strong></span> <span class='ocrx_word' id='word_1_177' title='bbox 2989 1638 3308 1709; x_wconf 82' lang='lat' dir='ltr'><strong>priusquam</strong></span> <span class='ocrx_word' id='word_1_178' title='bbox 3329 1636 3613 1692; x_wconf 81' lang='lat' dir='ltr'><strong>accederet</strong></span> 
     </span>
    </p>
   </div>
   <div class='ocr_carea' id='block_1_26' title="bbox 333 1718 1924 1807">
    <p class='ocr_par' dir='ltr' id='par_1_26' title="bbox 333 1718 1920 1804">
     <span class='ocr_line' id='line_1_26' title="bbox 333 1718 1920 1804; baseline 0.005 -25"><span class='ocrx_word' id='word_1_179' title='bbox 333 1718 409 1779; x_wconf 79' lang='grc' dir='ltr'>ὧν</span> <span class='ocrx_word' id='word_1_180' title='bbox 444 1725 679 1796; x_wconf 79' lang='grc' dir='ltr'>φάσκειο</span> <span class='ocrx_word' id='word_1_181' title='bbox 722 1744 743 1775; x_wconf 71' lang='grc' dir='ltr'><strong><em>ε</em></strong></span> <span class='ocrx_word' id='word_1_182' title='bbox 781 1728 917 1800; x_wconf 76' lang='grc' dir='ltr'>Πρὶν</span> <span class='ocrx_word' id='word_1_183' title='bbox 950 1728 1047 1801; x_wconf 81' lang='grc' dir='ltr'>τὴν</span> <span class='ocrx_word' id='word_1_184' title='bbox 1072 1730 1373 1785; x_wconf 79' lang='grc' dir='ltr'>ὠδίνουσαν</span> <span class='ocrx_word' id='word_1_185' title='bbox 1417 1734 1620 1799; x_wconf 79' lang='grc' dir='ltr'>τεκεῖν,</span> <span class='ocrx_word' id='word_1_186' title='bbox 1654 1733 1751 1787; x_wconf 74' lang='grc' dir='ltr'>καὶ</span> <span class='ocrx_word' id='word_1_187' title='bbox 1787 1733 1920 1804; x_wconf 82' lang='grc' dir='ltr'>πρὶν</span> 
     </span>
    </p>
   </div>
   <div class='ocr_carea' id='block_1_27' title="bbox 2020 1718 3611 1807">
    <p class='ocr_par' dir='ltr' id='par_1_27' title="bbox 2020 1726 3611 1807">
     <span class='ocr_line' id='line_1_27' title="bbox 2020 1726 3611 1807; baseline -0.007 -15"><span class='ocrx_word' id='word_1_188' title='bbox 2020 1737 2180 1792; x_wconf 85' lang='lat' dir='ltr'><strong>labor</strong></span> <span class='ocrx_word' id='word_1_189' title='bbox 2196 1734 2445 1807; x_wconf 85' lang='lat' dir='ltr'><strong>pariendi</strong></span> <span class='ocrx_word' id='word_1_190' title='bbox 2472 1730 2731 1804; x_wconf 81' lang='lat' dir='ltr'><strong>eil&#39;ugisse</strong></span> <span class='ocrx_word' id='word_1_191' title='bbox 2751 1738 2804 1787; x_wconf 87' lang='lat' dir='ltr'><strong>et</strong></span> <span class='ocrx_word' id='word_1_192' title='bbox 2830 1731 3104 1803; x_wconf 83' lang='lat' dir='ltr'><strong>peperisse</strong></span> <span class='ocrx_word' id='word_1_193' title='bbox 3120 1728 3447 1786; x_wconf 82' lang='lat' dir='ltr'><strong>masculum.</strong></span> <span class='ocrx_word' id='word_1_194' title='bbox 3475 1726 3611 1781; x_wconf 82' lang='lat' dir='ltr'><strong>Nam</strong></span> 
     </span>
    </p>
   </div>
   <div class='ocr_carea' id='block_1_28' title="bbox 334 1818 1925 1900">
    <p class='ocr_par' dir='ltr' id='par_1_28' title="bbox 334 1818 1922 1894">
     <span class='ocr_line' id='line_1_28' title="bbox 334 1818 1922 1894; baseline 0.004 -23"><span class='ocrx_word' id='word_1_195' title='bbox 334 1818 512 1872; x_wconf 82' lang='grc' dir='ltr'>ἐλθεῖν</span> <span class='ocrx_word' id='word_1_196' title='bbox 560 1819 650 1873; x_wconf 70' lang='grc' dir='ltr'><strong>τὸν</strong></span> <span class='ocrx_word' id='word_1_197' title='bbox 702 1820 864 1874; x_wconf 84' lang='grc' dir='ltr'>πόνον</span> <span class='ocrx_word' id='word_1_198' title='bbox 906 1818 1016 1875; x_wconf 87' lang='grc' dir='ltr'>τῶν</span> <span class='ocrx_word' id='word_1_199' title='bbox 1062 1822 1291 1890; x_wconf 82' lang='grc' dir='ltr'>ὠδίνων,</span> <span class='ocrx_word' id='word_1_200' title='bbox 1338 1823 1572 1894; x_wconf 75' lang='grc' dir='ltr'><strong>ἐξέφυγε</strong></span> <span class='ocrx_word' id='word_1_201' title='bbox 1615 1826 1711 1879; x_wconf 74' lang='grc' dir='ltr'><strong>καὶ</strong></span> <span class='ocrx_word' id='word_1_202' title='bbox 1734 1824 1922 1878; x_wconf 75' lang='grc' dir='ltr'>ἔτεκεν</span> 
     </span>
    </p>
   </div>
   <div class='ocr_carea' id='block_1_29' title="bbox 2020 1818 3611 1900">
    <p class='ocr_par' dir='ltr' id='par_1_29' title="bbox 2023 1821 3611 1900">
     <span class='ocr_line' id='line_1_29' title="bbox 2023 1821 3611 1900; baseline -0.008 -14"><span class='ocrx_word' id='word_1_203' title='bbox 2023 1838 2324 1899; x_wconf 88' lang='lat' dir='ltr'><strong>utrumque</strong></span> <span class='ocrx_word' id='word_1_204' title='bbox 2368 1825 2605 1900; x_wconf 83' lang='lat' dir='ltr'><strong>contigit</strong></span> <span class='ocrx_word' id='word_1_205' title='bbox 2638 1822 2873 1897; x_wconf 78' lang='lat' dir='ltr'><strong>Virgini.</strong></span> <span class='ocrx_word' id='word_1_206' title='bbox 2917 1822 3137 1879; x_wconf 86' lang='lat' dir='ltr'><strong>Etenim</strong></span> <span class='ocrx_word' id='word_1_207' title='bbox 3170 1821 3431 1878; x_wconf 87' lang='lat' dir='ltr'><strong>clamavit</strong></span> <span class='ocrx_word' id='word_1_208' title='bbox 3460 1830 3514 1874; x_wconf 91' lang='lat' dir='ltr'><strong>ct</strong></span> <span class='ocrx_word' id='word_1_209' title='bbox 3559 1821 3611 1874; x_wconf 91' lang='lat' dir='ltr'><strong>in</strong></span> 
     </span>
    </p>
   </div>
   <div class='ocr_carea' id='block_1_30' title="bbox 334 1910 1925 1992">
    <p class='ocr_par' dir='ltr' id='par_1_30' title="bbox 334 1910 1922 1988">
     <span class='ocr_line' id='line_1_30' title="bbox 334 1910 1922 1988; baseline 0.003 -25"><span class='ocrx_word' id='word_1_210' title='bbox 334 1910 537 1981; x_wconf 79' lang='grc' dir='ltr'>ἀρῤεν·</span> <span class='ocrx_word' id='word_1_211' title='bbox 565 1929 584 1963; x_wconf 77' lang='grc' dir='ltr'><strong>ι</strong></span> <span class='ocrx_word' id='word_1_212' title='bbox 630 1912 916 1984; x_wconf 82' lang='grc' dir='ltr'>ἀμφότερα</span> <span class='ocrx_word' id='word_1_213' title='bbox 948 1912 1006 1967; x_wconf 80' lang='grc' dir='ltr'>δὲ</span> <span class='ocrx_word' id='word_1_214' title='bbox 1044 1915 1243 1987; x_wconf 90' lang='grc' dir='ltr'>συνέϐη</span> <span class='ocrx_word' id='word_1_215' title='bbox 1262 1918 1330 1987; x_wconf 79' lang='grc' dir='ltr'>τῇ</span> <span class='ocrx_word' id='word_1_216' title='bbox 1363 1916 1647 1988; x_wconf 76' lang='grc' dir='ltr'><strong>Παρθένῳ.</strong></span> <span class='ocrx_word' id='word_1_217' title='bbox 1682 1917 1789 1972; x_wconf 76' lang='grc' dir='ltr'><strong>Καὶ</strong></span> <span class='ocrx_word' id='word_1_218' title='bbox 1814 1915 1922 1985; x_wconf 76' lang='grc' dir='ltr'>γὰρ</span> 
     </span>
    </p>
   </div>
   <div class='ocr_carea' id='block_1_31' title="bbox 2022 1910 3613 1992">
    <p class='ocr_par' dir='ltr' id='par_1_31' title="bbox 2026 1910 3613 1992">
     <span class='ocr_line' id='line_1_31' title="bbox 2026 1910 3613 1992; baseline -0.008 -16"><span class='ocrx_word' id='word_1_219' title='bbox 2026 1921 2282 1992; x_wconf 82' lang='lat' dir='ltr'><strong>angustia</strong></span> <span class='ocrx_word' id='word_1_220' title='bbox 2331 1929 2470 1984; x_wconf 89' lang='lat' dir='ltr'><strong>erat,</strong></span> <span class='ocrx_word' id='word_1_221' title='bbox 2526 1918 2699 1975; x_wconf 88' lang='lat' dir='ltr'><strong>verita</strong></span> <span class='ocrx_word' id='word_1_222' title='bbox 2750 1932 2818 1971; x_wconf 88' lang='lat' dir='ltr'><strong>ne</strong></span> <span class='ocrx_word' id='word_1_223' title='bbox 2867 1931 3105 1987; x_wconf 86' lang='lat' dir='ltr'><strong>sponsus</strong></span> <span class='ocrx_word' id='word_1_224' title='bbox 3158 1915 3334 1986; x_wconf 90' lang='lat' dir='ltr'><strong>ipsam</strong></span> <span class='ocrx_word' id='word_1_225' title='bbox 3390 1910 3613 1968; x_wconf 89' lang='lat' dir='ltr'><strong>crimini</strong></span> 
     </span>
    </p>
   </div>
   <div class='ocr_carea' id='block_1_32' title="bbox 338 2001 1929 2079">
    <p class='ocr_par' dir='ltr' id='par_1_32' title="bbox 338 2001 1924 2079">
     <span class='ocr_line' id='line_1_32' title="bbox 338 2001 1924 2079; baseline 0.003 -22"><span class='ocrx_word' id='word_1_226' title='bbox 338 2002 540 2074; x_wconf 75' lang='grc' dir='ltr'>ἔκραζε</span> <span class='ocrx_word' id='word_1_227' title='bbox 570 2004 663 2057; x_wconf 69' lang='grc' dir='ltr'>καὶ</span> <span class='ocrx_word' id='word_1_228' title='bbox 708 2006 765 2058; x_wconf 81' lang='grc' dir='ltr'><strong>ἐν</strong></span> <span class='ocrx_word' id='word_1_229' title='bbox 804 2005 1015 2078; x_wconf 79' lang='grc' dir='ltr'>ἀθυμίᾳ</span> <span class='ocrx_word' id='word_1_230' title='bbox 1045 2001 1135 2079; x_wconf 79' lang='grc' dir='ltr'>ἦν,</span> <span class='ocrx_word' id='word_1_231' title='bbox 1163 2007 1255 2061; x_wconf 81' lang='grc' dir='ltr'><strong>τὸν</strong></span> <span class='ocrx_word' id='word_1_232' title='bbox 1287 2008 1579 2079; x_wconf 74' lang='grc' dir='ltr'>μνηστῆρα</span> <span class='ocrx_word' id='word_1_233' title='bbox 1617 2007 1924 2062; x_wconf 79' lang='grc' dir='ltr'><strong>ὑπονοοῦσα</strong></span> 
     </span>
    </p>
   </div>
   <div class='ocr_carea' id='block_1_33' title="bbox 2026 2001 3617 2079">
    <p class='ocr_par' dir='ltr' id='par_1_33' title="bbox 2032 2001 3617 2077">
     <span class='ocr_line' id='line_1_33' title="bbox 2032 2001 3617 2077; baseline -0.007 -11"><span class='ocrx_word' id='word_1_234' title='bbox 2032 2010 2286 2068; x_wconf 85' lang='lat' dir='ltr'><strong>adulterii</strong></span> <span class='ocrx_word' id='word_1_235' title='bbox 2317 2009 2611 2065; x_wconf 78' lang='lat' dir='ltr'><strong>obnoxiam</strong></span> <span class='ocrx_word' id='word_1_236' title='bbox 2641 2008 2866 2064; x_wconf 84' lang='lat' dir='ltr'><strong>duceret</strong></span> <span class='ocrx_word' id='word_1_237' title='bbox 2899 2025 2911 2062; x_wconf 89' lang='lat'><strong>:</strong></span> <span class='ocrx_word' id='word_1_238' title='bbox 2951 2005 3099 2077; x_wconf 87' lang='lat' dir='ltr'><strong>quod</strong></span> <span class='ocrx_word' id='word_1_239' title='bbox 3130 2006 3296 2060; x_wconf 88' lang='lat' dir='ltr'><strong>etiam</strong></span> <span class='ocrx_word' id='word_1_240' title='bbox 3322 2003 3400 2058; x_wconf 90' lang='lat' dir='ltr'><strong>ait</strong></span> <span class='ocrx_word' id='word_1_241' title='bbox 3438 2001 3617 2056; x_wconf 80' lang='lat' dir='ltr'><strong>Evan-</strong></span> 
     </span>
    </p>
   </div>
   <div class='ocr_carea' id='block_1_34' title="bbox 342 2092 1933 2175">
    <p class='ocr_par' dir='ltr' id='par_1_34' title="bbox 342 2092 1925 2169">
     <span class='ocr_line' id='line_1_34' title="bbox 342 2092 1925 2169; baseline 0.004 -24"><span class='ocrx_word' id='word_1_242' title='bbox 342 2092 591 2163; x_wconf 82' lang='grc' dir='ltr'><strong>μοιχείας</strong></span> <span class='ocrx_word' id='word_1_243' title='bbox 628 2093 799 2165; x_wconf 80' lang='grc' dir='ltr'>αὐτὴν</span> <span class='ocrx_word' id='word_1_244' title='bbox 824 2095 1134 2169; x_wconf 84' lang='grc' dir='ltr'>ἐγκλήματι</span> <span class='ocrx_word' id='word_1_245' title='bbox 1182 2098 1438 2152; x_wconf 76' lang='grc' dir='ltr'><strong>ὑπόδικον</strong></span> <span class='ocrx_word' id='word_1_246' title='bbox 1480 2098 1869 2169; x_wconf 84' lang='grc' dir='ltr'>καταστήσειν,</span> <span class='ocrx_word' id='word_1_247' title='bbox 1894 2097 1925 2151; x_wconf 82' lang='grc' dir='ltr'><strong>ὃ</strong></span> 
     </span>
    </p>
   </div>
   <div class='ocr_carea' id='block_1_35' title="bbox 2026 2092 3617 2175">
    <p class='ocr_par' dir='ltr' id='par_1_35' title="bbox 2034 2094 3617 2175">
     <span class='ocr_line' id='line_1_35' title="bbox 2034 2094 3617 2175; baseline -0.004 -20"><span class='ocrx_word' id='word_1_248' title='bbox 2034 2103 2259 2175; x_wconf 75' lang='lat' dir='ltr'><strong>gelium,</strong></span> <span class='ocrx_word' id='word_1_249' title='bbox 2291 2117 2417 2158; x_wconf 93' lang='lat' dir='ltr'><strong>cum</strong></span> <span class='ocrx_word' id='word_1_250' title='bbox 2446 2102 2658 2158; x_wconf 88' lang='lat' dir='ltr'><strong>occulte</strong></span> <span class='ocrx_word' id='word_1_251' title='bbox 2685 2101 2849 2156; x_wconf 78' lang='lat' dir='ltr'><strong>vellet</strong></span> <span class='ocrx_word' id='word_1_252' title='bbox 2881 2098 3157 2156; x_wconf 87' lang='lat' dir='ltr'><strong>dimittere</strong></span> <span class='ocrx_word' id='word_1_253' title='bbox 3176 2114 3318 2155; x_wconf 89' lang='lat' dir='ltr'><strong>eam.</strong></span> <span class='ocrx_word' id='word_1_254' title='bbox 3347 2094 3617 2164; x_wconf 84' lang='lat' dir='ltr'><strong>Quoniam</strong></span> 
     </span>
    </p>
   </div>
   <div class='ocr_carea' id='block_1_36' title="bbox 340 2188 1931 2265">
    <p class='ocr_par' dir='ltr' id='par_1_36' title="bbox 340 2188 1921 2264">
     <span class='ocr_line' id='line_1_36' title="bbox 340 2188 1921 2264; baseline 0.002 -23"><span class='ocrx_word' id='word_1_255' title='bbox 340 2189 438 2242; x_wconf 72' lang='grc' dir='ltr'><strong>καὶ</strong></span> <span class='ocrx_word' id='word_1_256' title='bbox 467 2188 527 2241; x_wconf 76' lang='grc' dir='ltr'>τὸ</span> <span class='ocrx_word' id='word_1_257' title='bbox 557 2189 889 2259; x_wconf 81' lang='grc' dir='ltr'>Εὑαγγέλιόν</span> <span class='ocrx_word' id='word_1_258' title='bbox 920 2208 1051 2262; x_wconf 73' lang='grc' dir='ltr'>φησι</span> <span class='ocrx_word' id='word_1_259' title='bbox 1077 2191 1166 2245; x_wconf 78' lang='grc' dir='ltr'>διὰ</span> <span class='ocrx_word' id='word_1_260' title='bbox 1206 2191 1301 2247; x_wconf 76' lang='grc' dir='ltr'><strong>τοῦ</strong></span> <span class='ocrx_word' id='word_1_261' title='bbox 1325 2192 1503 2264; x_wconf 84' lang='grc' dir='ltr'>λάθρα</span> <span class='ocrx_word' id='word_1_262' title='bbox 1531 2191 1800 2246; x_wconf 76' lang='grc' dir='ltr'>ἀπολῦσαι</span> <span class='ocrx_word' id='word_1_263' title='bbox 1819 2191 1921 2244; x_wconf 80' lang='grc' dir='ltr'><strong>αὐ-</strong></span> 
     </span>
    </p>
   </div>
   <div class='ocr_carea' id='block_1_37' title="bbox 2026 2188 3617 2265">
    <p class='ocr_par' dir='ltr' id='par_1_37' title="bbox 2034 2191 3617 2265">
     <span class='ocr_line' id='line_1_37' title="bbox 2034 2191 3617 2265; baseline -0.006 -13"><span class='ocrx_word' id='word_1_264' title='bbox 2034 2206 2218 2252; x_wconf 87' lang='lat' dir='ltr'><strong>antem</strong></span> <span class='ocrx_word' id='word_1_265' title='bbox 2267 2198 2537 2252; x_wconf 84' lang='lat' dir='ltr'><strong>successit</strong></span> <span class='ocrx_word' id='word_1_266' title='bbox 2581 2192 2744 2261; x_wconf 82' lang='lat' dir='ltr'><strong>hujus</strong></span> <span class='ocrx_word' id='word_1_267' title='bbox 2793 2193 3128 2265; x_wconf 87' lang='lat' dir='ltr'><strong>suspicionis</strong></span> <span class='ocrx_word' id='word_1_268' title='bbox 3175 2191 3451 2255; x_wconf 83' lang='lat' dir='ltr'><strong>liheratio,</strong></span> <span class='ocrx_word' id='word_1_269' title='bbox 3479 2205 3617 2244; x_wconf 86' lang='lat' dir='ltr'><strong>con-</strong></span> 
     </span>
    </p>
   </div>
   <div class='ocr_carea' id='block_1_38' title="bbox 340 2278 1931 2355">
    <p class='ocr_par' dir='ltr' id='par_1_38' title="bbox 340 2278 1929 2353">
     <span class='ocr_line' id='line_1_38' title="bbox 340 2278 1929 2353; baseline 0.002 -23"><span class='ocrx_word' id='word_1_270' title='bbox 340 2278 440 2348; x_wconf 81' lang='grc' dir='ltr'>τὴν</span> <span class='ocrx_word' id='word_1_271' title='bbox 463 2278 835 2350; x_wconf 78' lang='grc' dir='ltr'>βουλεύεσθαι.</span> <span class='ocrx_word' id='word_1_272' title='bbox 876 2281 1030 2334; x_wconf 76' lang='grc' dir='ltr'>Ἐπεὶ</span> <span class='ocrx_word' id='word_1_273' title='bbox 1050 2280 1108 2334; x_wconf 86' lang='grc' dir='ltr'><strong>δέ</strong></span> <span class='ocrx_word' id='word_1_274' title='bbox 1128 2280 1347 2353; x_wconf 84' lang='grc' dir='ltr'>ἀγγέλῳ</span> <span class='ocrx_word' id='word_1_275' title='bbox 1370 2281 1505 2353; x_wconf 82' lang='grc' dir='ltr'>θείῳ</span> <span class='ocrx_word' id='word_1_276' title='bbox 1529 2283 1629 2351; x_wconf 82' lang='grc' dir='ltr'>τῆς</span> <span class='ocrx_word' id='word_1_277' title='bbox 1669 2280 1929 2345; x_wconf 82' lang='grc' dir='ltr'>ὑπονοίας</span> 
     </span>
    </p>
   </div>
   <div class='ocr_carea' id='block_1_39' title="bbox 2034 2278 3625 2355">
    <p class='ocr_par' dir='ltr' id='par_1_39' title="bbox 2038 2284 3625 2355">
     <span class='ocr_line' id='line_1_39' title="bbox 2038 2284 3625 2355; baseline -0.005 -11"><span class='ocrx_word' id='word_1_278' title='bbox 2038 2289 2291 2344; x_wconf 81' lang='lat' dir='ltr'><strong>ﬁrmante</strong></span> <span class='ocrx_word' id='word_1_279' title='bbox 2320 2285 2514 2355; x_wconf 73' lang='lat' dir='ltr'><strong>angelo</strong></span> <span class='ocrx_word' id='word_1_280' title='bbox 2552 2285 2720 2340; x_wconf 82' lang='lat' dir='ltr'><strong>fetum</strong></span> <span class='ocrx_word' id='word_1_281' title='bbox 2756 2301 2879 2340; x_wconf 77' lang='lat' dir='ltr'><strong>esse</strong></span> <span class='ocrx_word' id='word_1_282' title='bbox 2916 2298 2980 2341; x_wconf 85' lang='lat' dir='ltr'><strong>ex</strong></span> <span class='ocrx_word' id='word_1_283' title='bbox 3012 2284 3219 2354; x_wconf 85' lang='lat' dir='ltr'><strong>Spiritu</strong></span> <span class='ocrx_word' id='word_1_284' title='bbox 3250 2294 3465 2346; x_wconf 85' lang='lat' dir='ltr'><strong>sancto,</strong></span> <span class='ocrx_word' id='word_1_285' title='bbox 3493 2288 3625 2336; x_wconf 89' lang='lat' dir='ltr'><strong>tunc</strong></span> 
     </span>
    </p>
   </div>
   <div class='ocr_carea' id='block_1_40' title="bbox 340 2368 1931 2451">
    <p class='ocr_par' dir='ltr' id='par_1_40' title="bbox 340 2368 1931 2442">
     <span class='ocr_line' id='line_1_40' title="bbox 340 2368 1931 2442; baseline -0.004 -15"><span class='ocrx_word' id='word_1_286' title='bbox 340 2368 548 2441; x_wconf 65' lang='grc' dir='ltr'>ταύτης</span> <span class='ocrx_word' id='word_1_287' title='bbox 569 2368 857 2440; x_wconf 79' lang='grc' dir='ltr'>ἀπηλλάγη</span> <span class='ocrx_word' id='word_1_288' title='bbox 880 2368 945 2423; x_wconf 77' lang='grc' dir='ltr'><strong>ἐκ</strong></span> <span class='ocrx_word' id='word_1_289' title='bbox 974 2368 1290 2439; x_wconf 80' lang='grc' dir='ltr'>Πνεῦματος</span> <span class='ocrx_word' id='word_1_290' title='bbox 1316 2370 1474 2439; x_wconf 81' lang='grc' dir='ltr'>ἁγίου</span> <span class='ocrx_word' id='word_1_291' title='bbox 1503 2369 1602 2442; x_wconf 80' lang='grc' dir='ltr'><strong>τὴν</strong></span> <span class='ocrx_word' id='word_1_292' title='bbox 1629 2368 1931 2440; x_wconf 82' lang='grc' dir='ltr'>κυοφορίαν</span> 
     </span>
    </p>
   </div>
   <div class='ocr_carea' id='block_1_41' title="bbox 2032 2368 3623 2451">
    <p class='ocr_par' dir='ltr' id='par_1_41' title="bbox 2037 2369 3623 2451">
     <span class='ocr_line' id='line_1_41' title="bbox 2037 2369 3623 2451; baseline -0.007 -15"><span class='ocrx_word' id='word_1_293' title='bbox 2037 2392 2091 2436; x_wconf 90' lang='lat' dir='ltr'><strong>et</strong></span> <span class='ocrx_word' id='word_1_294' title='bbox 2122 2383 2239 2451; x_wconf 91' lang='lat' dir='ltr'><strong>ipsa</strong></span> <span class='ocrx_word' id='word_1_295' title='bbox 2266 2377 2455 2448; x_wconf 78' lang='lat' dir='ltr'><strong>eii‘ngit</strong></span> <span class='ocrx_word' id='word_1_296' title='bbox 2481 2392 2699 2432; x_wconf 88' lang='lat' dir='ltr'><strong>omnem</strong></span> <span class='ocrx_word' id='word_1_297' title='bbox 2742 2392 2865 2447; x_wconf 72' lang='lat' dir='ltr'><strong>qua:</strong></span> <span class='ocrx_word' id='word_1_298' title='bbox 2895 2391 2953 2432; x_wconf 88' lang='lat' dir='ltr'><strong>se</strong></span> <span class='ocrx_word' id='word_1_299' title='bbox 2982 2374 3267 2432; x_wconf 83' lang='lat' dir='ltr'><strong>cruciabat</strong></span> <span class='ocrx_word' id='word_1_300' title='bbox 3294 2369 3623 2428; x_wconf 87' lang='lat' dir='ltr'><strong>molestiam.</strong></span> 
     </span>
    </p>
   </div>
   <div class='ocr_carea' id='block_1_42' title="bbox 345 2457 2496 2536">
    <p class='ocr_par' dir='ltr' id='par_1_42' title="bbox 345 2457 2496 2536">
     <span class='ocr_line' id='line_1_42' title="bbox 345 2457 2496 2536; baseline -0.005 -19"><span class='ocrx_word' id='word_1_301' title='bbox 345 2463 487 2520; x_wconf 78' lang='grc' dir='ltr'>εἶναι</span> <span class='ocrx_word' id='word_1_302' title='bbox 506 2457 893 2536; x_wconf 73' lang='grc' dir='ltr'>ἐμπεδοῦντοί,</span> <span class='ocrx_word' id='word_1_303' title='bbox 913 2459 1034 2512; x_wconf 84' lang='grc' dir='ltr'>τότε</span> <span class='ocrx_word' id='word_1_304' title='bbox 1061 2458 1157 2512; x_wconf 73' lang='grc' dir='ltr'>καὶ</span> <span class='ocrx_word' id='word_1_305' title='bbox 1185 2458 1325 2530; x_wconf 81' lang='grc' dir='ltr'>αὐτὴ</span> <span class='ocrx_word' id='word_1_306' title='bbox 1353 2460 1585 2530; x_wconf 75' lang='grc' dir='ltr'>ἐξέφυγε</span> <span class='ocrx_word' id='word_1_307' title='bbox 1618 2460 1803 2513; x_wconf 81' lang='grc' dir='ltr'>πᾶσαν</span> <span class='ocrx_word' id='word_1_308' title='bbox 1833 2457 1932 2528; x_wconf 82' lang='grc' dir='ltr'><strong>τὴν</strong></span> <span class='ocrx_word' id='word_1_309' title='bbox 2490 2465 2496 2471; x_wconf 82' lang='grc'><em>”</em></span> 
     </span>
    </p>
   </div>
   <div class='ocr_carea' id='block_1_43' title="bbox 344 2551 1272 2627">
    <p class='ocr_par' dir='ltr' id='par_1_43' title="bbox 344 2551 1272 2627">
     <span class='ocr_line' id='line_1_43' title="bbox 344 2551 1272 2627; baseline -0.005 -17"><span class='ocrx_word' id='word_1_310' title='bbox 344 2558 645 2611; x_wconf 74' lang='grc' dir='ltr'>ὠδίνουσαν</span> <span class='ocrx_word' id='word_1_311' title='bbox 664 2557 837 2627; x_wconf 71' lang='grc' dir='ltr'>αὐτὴν</span> <span class='ocrx_word' id='word_1_312' title='bbox 860 2551 1272 2627; x_wconf 78' lang='grc' dir='ltr'>πραγματείαν.</span> 
     </span>
    </p>
   </div>
   <div class='ocr_carea' id='block_1_44' title="bbox 424 2641 2015 2723">
    <p class='ocr_par' dir='ltr' id='par_1_44' title="bbox 424 2641 1934 2719">
     <span class='ocr_line' id='line_1_44' title="bbox 424 2641 1934 2719; baseline -0.001 -16"><span class='ocrx_word' id='word_1_313' title='bbox 424 2650 531 2703; x_wconf 74' lang='grc' dir='ltr'><strong>Καὶ</strong></span> <span class='ocrx_word' id='word_1_314' title='bbox 569 2648 735 2719; x_wconf 68' lang='grc' dir='ltr'>ὤφθη</span> <span class='ocrx_word' id='word_1_315' title='bbox 774 2648 932 2703; x_wconf 68' lang='grc' dir='ltr'>ἄλλο</span> <span class='ocrx_word' id='word_1_316' title='bbox 985 2648 1241 2718; x_wconf 82' lang='grc' dir='ltr'>σημεῖον</span> <span class='ocrx_word' id='word_1_317' title='bbox 1296 2648 1368 2701; x_wconf 84' lang='grc' dir='ltr'>ἐν</span> <span class='ocrx_word' id='word_1_318' title='bbox 1405 2641 1485 2713; x_wconf 80' lang='grc' dir='ltr'>τῷ</span> <span class='ocrx_word' id='word_1_319' title='bbox 1533 2642 1789 2717; x_wconf 57' lang='lat' dir='ltr'><strong>appara}.</strong></span> <span class='ocrx_word' id='word_1_320' title='bbox 1827 2643 1934 2701; x_wconf 78' lang='grc' dir='ltr'><strong>Καὶ</strong></span> 
     </span>
    </p>
   </div>
   <div class='ocr_carea' id='block_1_45' title="bbox 2039 2641 3630 2723">
    <p class='ocr_par' dir='ltr' id='par_1_45' title="bbox 2118 2642 3630 2723">
     <span class='ocr_line' id='line_1_45' title="bbox 2118 2642 3630 2723; baseline -0.004 -14"><span class='ocrx_word' id='word_1_321' title='bbox 2118 2649 2235 2718; x_wconf 74' lang='grc' dir='ltr'><strong>ΧΗ,</strong></span> <span class='ocrx_word' id='word_1_322' title='bbox 2265 2652 2319 2716; x_wconf 78' lang='lat'><strong>5.</strong></span> <span class='ocrx_word' id='word_1_323' title='bbox 2362 2650 2408 2708; x_wconf 66' lang='grc' dir='ltr'><strong>ί.</strong></span> <span class='ocrx_word' id='word_1_324' title='bbox 2456 2649 2519 2708; x_wconf 83' lang='lat' dir='ltr'><strong>Et</strong></span> <span class='ocrx_word' id='word_1_325' title='bbox 2552 2650 2725 2710; x_wconf 76' lang='lat' dir='ltr'><strong>risum</strong></span> <span class='ocrx_word' id='word_1_326' title='bbox 2752 2658 2825 2707; x_wconf 67' lang='lat' dir='ltr'><strong>est</strong></span> <span class='ocrx_word' id='word_1_327' title='bbox 2856 2646 3005 2705; x_wconf 78' lang='lat' dir='ltr'><strong>aliud</strong></span> <span class='ocrx_word' id='word_1_328' title='bbox 3037 2645 3244 2723; x_wconf 76' lang='lat' dir='ltr'><strong>signant</strong></span> <span class='ocrx_word' id='word_1_329' title='bbox 3277 2648 3329 2705; x_wconf 86' lang='lat' dir='ltr'><strong>in</strong></span> <span class='ocrx_word' id='word_1_330' title='bbox 3359 2642 3487 2705; x_wconf 76' lang='lat' dir='ltr'><strong>cwlu</strong></span> <span class='ocrx_word' id='word_1_331' title='bbox 3527 2660 3547 2704; x_wconf 91' lang='lat'><strong>.&#39;</strong></span> <span class='ocrx_word' id='word_1_332' title='bbox 3581 2654 3630 2704; x_wconf 82' lang='lat' dir='ltr'><strong>et</strong></span> 
     </span>
    </p>
   </div>
   <div class='ocr_carea' id='block_1_46' title="bbox 349 2738 1940 2816">
    <p class='ocr_par' dir='ltr' id='par_1_46' title="bbox 349 2738 1939 2809">
     <span class='ocr_line' id='line_1_46' title="bbox 349 2738 1939 2809; baseline 0 -16"><span class='ocrx_word' id='word_1_333' title='bbox 349 2740 487 2794; x_wconf 83' lang='grc' dir='ltr'>ίδοὺ</span> <span class='ocrx_word' id='word_1_334' title='bbox 529 2739 766 2809; x_wconf 77' lang='grc' dir='ltr'>δράκων</span> <span class='ocrx_word' id='word_1_335' title='bbox 806 2742 1035 2809; x_wconf 78' lang='grc' dir='ltr'>πυρῤὐς</span> <span class='ocrx_word' id='word_1_336' title='bbox 1058 2738 1268 2809; x_wconf 77' lang='grc' dir='ltr'>μέγας,</span> <span class='ocrx_word' id='word_1_337' title='bbox 1303 2738 1461 2807; x_wconf 73' lang='grc' dir='ltr'>ἔχων</span> <span class='ocrx_word' id='word_1_338' title='bbox 1493 2740 1761 2808; x_wconf 62' lang='grc' dir='ltr'>κεφαλὰς</span> <span class='ocrx_word' id='word_1_339' title='bbox 1790 2738 1939 2793; x_wconf 79' lang='grc' dir='ltr'>ἑπτὰ</span> 
     </span>
    </p>
   </div>
   <div class='ocr_carea' id='block_1_47' title="bbox 2041 2738 3632 2816">
    <p class='ocr_par' dir='ltr' id='par_1_47' title="bbox 2048 2745 3632 2816">
     <span class='ocr_line' id='line_1_47' title="bbox 2048 2745 3632 2816; baseline -0.005 -15"><span class='ocrx_word' id='word_1_340' title='bbox 2048 2764 2163 2801; x_wconf 80' lang='lat' dir='ltr'><strong>ecce</strong></span> <span class='ocrx_word' id='word_1_341' title='bbox 2202 2747 2367 2801; x_wconf 72' lang='lat' dir='ltr'><strong>draco</strong></span> <span class='ocrx_word' id='word_1_342' title='bbox 2411 2748 2563 2814; x_wconf 81' lang='lat' dir='ltr'><strong>rufus</strong></span> <span class='ocrx_word' id='word_1_343' title='bbox 2606 2763 2827 2816; x_wconf 84' lang='lat' dir='ltr'><strong>magnus</strong></span> <span class='ocrx_word' id='word_1_344' title='bbox 2872 2745 3069 2799; x_wconf 78' lang='lat' dir='ltr'><strong>habens</strong></span> <span class='ocrx_word' id='word_1_345' title='bbox 3119 2748 3297 2812; x_wconf 81' lang='lat' dir='ltr'><strong>capita</strong></span> <span class='ocrx_word' id='word_1_346' title='bbox 3349 2752 3543 2811; x_wconf 84' lang='lat' dir='ltr'><strong>septem</strong></span> <span class='ocrx_word' id='word_1_347' title='bbox 3581 2749 3632 2794; x_wconf 85' lang='lat' dir='ltr'><strong>et</strong></span> 
     </span>
    </p>
   </div>
   <div class='ocr_carea' id='block_1_48' title="bbox 350 2830 1941 2907">
    <p class='ocr_par' dir='ltr' id='par_1_48' title="bbox 350 2830 1939 2900">
     <span class='ocr_line' id='line_1_48' title="bbox 350 2830 1939 2900; baseline 0.001 -16"><span class='ocrx_word' id='word_1_348' title='bbox 350 2833 452 2884; x_wconf 77' lang='grc' dir='ltr'>καὶ</span> <span class='ocrx_word' id='word_1_349' title='bbox 490 2831 705 2900; x_wconf 82' lang='grc' dir='ltr'>κέρατα</span> <span class='ocrx_word' id='word_1_350' title='bbox 753 2831 929 2886; x_wconf 77' lang='grc' dir='ltr'>δέκα·</span> <span class='ocrx_word' id='word_1_351' title='bbox 976 2831 1071 2885; x_wconf 71' lang='grc' dir='ltr'><strong>καί</strong></span> <span class='ocrx_word' id='word_1_352' title='bbox 1130 2830 1229 2884; x_wconf 74' lang='grc' dir='ltr'><strong>ἐπὶ</strong></span> <span class='ocrx_word' id='word_1_353' title='bbox 1278 2831 1387 2897; x_wconf 84' lang='grc' dir='ltr'>τὰς</span> <span class='ocrx_word' id='word_1_354' title='bbox 1429 2831 1699 2900; x_wconf 67' lang='grc' dir='ltr'>κεφαλὰς</span> <span class='ocrx_word' id='word_1_355' title='bbox 1750 2832 1939 2886; x_wconf 85' lang='grc' dir='ltr'>αὐτοῦ</span> 
     </span>
    </p>
   </div>
   <div class='ocr_carea' id='block_1_49' title="bbox 2042 2830 3633 2907">
    <p class='ocr_par' dir='ltr' id='par_1_49' title="bbox 2048 2835 3633 2907">
     <span class='ocr_line' id='line_1_49' title="bbox 2048 2835 3633 2907; baseline -0.006 -11"><span class='ocrx_word' id='word_1_356' title='bbox 2048 2857 2248 2896; x_wconf 84' lang='lat' dir='ltr'><strong>cornua</strong></span> <span class='ocrx_word' id='word_1_357' title='bbox 2286 2842 2483 2900; x_wconf 83' lang='lat' dir='ltr'><strong>decem.</strong></span> <span class='ocrx_word' id='word_1_358' title='bbox 2518 2853 2565 2894; x_wconf 86' lang='lat' dir='ltr'><strong>et</strong></span> <span class='ocrx_word' id='word_1_359' title='bbox 2594 2855 2751 2907; x_wconf 81' lang='lat' dir='ltr'><strong>super</strong></span> <span class='ocrx_word' id='word_1_360' title='bbox 2777 2856 2975 2892; x_wconf 83' lang='lat' dir='ltr'><strong>cornua</strong></span> <span class='ocrx_word' id='word_1_361' title='bbox 3008 2838 3179 2907; x_wconf 80' lang='lat' dir='ltr'><strong>ipsius</strong></span> <span class='ocrx_word' id='word_1_362' title='bbox 3218 2844 3413 2905; x_wconf 81' lang='lat' dir='ltr'><strong>septem</strong></span> <span class='ocrx_word' id='word_1_363' title='bbox 3447 2835 3633 2888; x_wconf 77' lang='lat' dir='ltr'><strong>diade-</strong></span> 
     </span>
    </p>
   </div>
   <div class='ocr_carea' id='block_1_50' title="bbox 350 2923 1941 2999">
    <p class='ocr_par' dir='ltr' id='par_1_50' title="bbox 350 2924 1941 2995">
     <span class='ocr_line' id='line_1_50' title="bbox 350 2924 1941 2995; baseline -0.001 -17"><span class='ocrx_word' id='word_1_364' title='bbox 350 2925 510 2979; x_wconf 74' lang='grc' dir='ltr'><strong>ἑπτὰ</strong></span> <span class='ocrx_word' id='word_1_365' title='bbox 536 2924 891 2995; x_wconf 71' lang='grc' dir='ltr'>διαδήματα,</span> <span class='ocrx_word' id='word_1_366' title='bbox 925 2924 1021 2978; x_wconf 76' lang='grc' dir='ltr'>καὶ</span> <span class='ocrx_word' id='word_1_367' title='bbox 1055 2925 1093 2990; x_wconf 74' lang='grc' dir='ltr'>ἡ</span> <span class='ocrx_word' id='word_1_368' title='bbox 1130 2925 1279 2994; x_wconf 78' lang='grc' dir='ltr'><strong>οὐρὰ</strong></span> <span class='ocrx_word' id='word_1_369' title='bbox 1304 2926 1492 2979; x_wconf 83' lang='grc' dir='ltr'>αὑτοῦ</span> <span class='ocrx_word' id='word_1_370' title='bbox 1522 2926 1696 2992; x_wconf 84' lang='grc' dir='ltr'>σύρει</span> <span class='ocrx_word' id='word_1_371' title='bbox 1729 2925 1793 2978; x_wconf 81' lang='grc' dir='ltr'>τὸ</span> <span class='ocrx_word' id='word_1_372' title='bbox 1826 2926 1941 2992; x_wconf 80' lang='grc' dir='ltr'>τρί-</span> 
     </span>
    </p>
   </div>
   <div class='ocr_carea' id='block_1_51' title="bbox 2043 2923 3634 2999">
    <p class='ocr_par' dir='ltr' id='par_1_51' title="bbox 2052 2923 3634 2999">
     <span class='ocr_line' id='line_1_51' title="bbox 2052 2923 3634 2999; baseline -0.005 -14"><span class='ocrx_word' id='word_1_373' title='bbox 2052 2943 2216 2995; x_wconf 80' lang='lat' dir='ltr'><strong>muta,</strong></span> <span class='ocrx_word' id='word_1_374' title='bbox 2252 2942 2300 2985; x_wconf 85' lang='lat' dir='ltr'><strong>et</strong></span> <span class='ocrx_word' id='word_1_375' title='bbox 2341 2933 2515 2985; x_wconf 84' lang='lat' dir='ltr'><strong>cauda</strong></span> <span class='ocrx_word' id='word_1_376' title='bbox 2572 2931 2737 2999; x_wconf 81' lang='lat' dir='ltr'><strong>ipsius</strong></span> <span class='ocrx_word' id='word_1_377' title='bbox 2791 2929 2953 2983; x_wconf 80' lang='lat' dir='ltr'><strong>trahit</strong></span> <span class='ocrx_word' id='word_1_378' title='bbox 2995 2929 3209 2982; x_wconf 85' lang='lat' dir='ltr'><strong>tertiam</strong></span> <span class='ocrx_word' id='word_1_379' title='bbox 3261 2936 3469 2998; x_wconf 88' lang='lat' dir='ltr'><strong>partem</strong></span> <span class='ocrx_word' id='word_1_380' title='bbox 3502 2923 3634 2979; x_wconf 84' lang='lat' dir='ltr'><strong>stel-</strong></span> 
     </span>
    </p>
   </div>
   <div class='ocr_carea' id='block_1_52' title="bbox 354 3016 1945 3090">
    <p class='ocr_par' dir='ltr' id='par_1_52' title="bbox 354 3016 1945 3086">
     <span class='ocr_line' id='line_1_52' title="bbox 354 3016 1945 3086; baseline -0.001 -14"><span class='ocrx_word' id='word_1_381' title='bbox 354 3036 469 3072; x_wconf 69' lang='grc' dir='ltr'><strong>των</strong></span> <span class='ocrx_word' id='word_1_382' title='bbox 508 3016 625 3071; x_wconf 81' lang='grc' dir='ltr'><strong>τῶν</strong></span> <span class='ocrx_word' id='word_1_383' title='bbox 660 3017 930 3086; x_wconf 81' lang='grc' dir='ltr'><strong>ἀστέρων</strong></span> <span class='ocrx_word' id='word_1_384' title='bbox 971 3018 1077 3072; x_wconf 86' lang='grc' dir='ltr'>τοῦ</span> <span class='ocrx_word' id='word_1_385' title='bbox 1129 3018 1414 3086; x_wconf 81' lang='grc' dir='ltr'>οὐρανοῦ,</span> <span class='ocrx_word' id='word_1_386' title='bbox 1444 3018 1541 3071; x_wconf 79' lang='grc' dir='ltr'>καὶ</span> <span class='ocrx_word' id='word_1_387' title='bbox 1576 3018 1798 3072; x_wconf 68' lang='grc' dir='ltr'>ἔϐαλεν</span> <span class='ocrx_word' id='word_1_388' title='bbox 1835 3017 1945 3072; x_wconf 83' lang='grc' dir='ltr'><strong>αὺ-</strong></span> 
     </span>
    </p>
   </div>
   <div class='ocr_carea' id='block_1_53' title="bbox 1551 3016 3142 3090">
    <p class='ocr_par' dir='ltr' id='par_1_53' title="bbox 1576 3017 3142 3090">
     <span class='ocr_line' id='line_1_53' title="bbox 1576 3017 3142 3090; baseline 0.001 -19"><span class='ocrx_word' id='word_1_389' title='bbox 1576 3018 1798 3072; x_wconf 58' lang='grc' dir='ltr'>ἕϐαρῑεν</span> <span class='ocrx_word' id='word_1_390' title='bbox 1835 3017 1945 3072; x_wconf 79' lang='grc' dir='ltr'><strong>αὐ·</strong></span> <span class='ocrx_word' id='word_1_391' title='bbox 2054 3025 2230 3079; x_wconf 85' lang='lat' dir='ltr'><strong>larum</strong></span> <span class='ocrx_word' id='word_1_392' title='bbox 2260 3024 2398 3090; x_wconf 72' lang='lat' dir='ltr'><strong>carli,</strong></span> <span class='ocrx_word' id='word_1_393' title='bbox 2435 3036 2483 3078; x_wconf 88' lang='lat' dir='ltr'><strong>et</strong></span> <span class='ocrx_word' id='word_1_394' title='bbox 2520 3024 2663 3077; x_wconf 85' lang='lat' dir='ltr'><strong>misit</strong></span> <span class='ocrx_word' id='word_1_395' title='bbox 2697 3037 2786 3077; x_wconf 85' lang='lat' dir='ltr'><strong>eas</strong></span> <span class='ocrx_word' id='word_1_396' title='bbox 2823 3026 2877 3075; x_wconf 82' lang='lat' dir='ltr'><strong>in</strong></span> <span class='ocrx_word' id='word_1_397' title='bbox 2922 3031 3142 3075; x_wconf 88' lang='lat' dir='ltr'><strong>terram.</strong></span> 
     </span>
    </p>
   </div>
   <div class='ocr_carea' id='block_1_54' title="bbox 356 3109 917 3181">
    <p class='ocr_par' dir='ltr' id='par_1_54' title="bbox 356 3109 917 3181">
     <span class='ocr_line' id='line_1_54' title="bbox 356 3109 917 3181; baseline 0 -15"><span class='ocrx_word' id='word_1_398' title='bbox 356 3110 506 3178; x_wconf 80' lang='grc' dir='ltr'>τοὺς</span> <span class='ocrx_word' id='word_1_399' title='bbox 533 3113 620 3178; x_wconf 78' lang='grc' dir='ltr'>εὶς</span> <span class='ocrx_word' id='word_1_400' title='bbox 644 3110 758 3178; x_wconf 78' lang='grc' dir='ltr'><strong>τὴν</strong></span> <span class='ocrx_word' id='word_1_401' title='bbox 781 3109 917 3181; x_wconf 70' lang='grc' dir='ltr'>γῆν.</span> 
     </span>
    </p>
   </div>
   <div class='ocr_carea' id='block_1_55' title="bbox 436 3191 2027 3276">
    <p class='ocr_par' dir='ltr' id='par_1_55' title="bbox 436 3204 1943 3276">
     <span class='ocr_line' id='line_1_55' title="bbox 436 3204 1943 3276; baseline -0.001 -17"><span class='ocrx_word' id='word_1_402' title='bbox 436 3205 717 3276; x_wconf 83' lang='grc' dir='ltr'>Δράκοντα</span> <span class='ocrx_word' id='word_1_403' title='bbox 760 3205 851 3259; x_wconf 78' lang='grc' dir='ltr'><strong>τὸν</strong></span> <span class='ocrx_word' id='word_1_404' title='bbox 909 3205 1153 3259; x_wconf 76' lang='grc' dir='ltr'>Σατανᾶν</span> <span class='ocrx_word' id='word_1_405' title='bbox 1195 3207 1373 3272; x_wconf 83' lang='grc' dir='ltr'>καλεῖ,</span> <span class='ocrx_word' id='word_1_406' title='bbox 1445 3204 1533 3258; x_wconf 80' lang='grc' dir='ltr'>διὰ</span> <span class='ocrx_word' id='word_1_407' title='bbox 1581 3204 1644 3258; x_wconf 80' lang='grc' dir='ltr'>τὸ</span> <span class='ocrx_word' id='word_1_408' title='bbox 1696 3204 1943 3259; x_wconf 85' lang='grc' dir='ltr'>σκολιόν·</span> 
     </span>
    </p>
   </div>
   <div class='ocr_carea' id='block_1_56' title="bbox 2047 3191 3638 3276">
    <p class='ocr_par' dir='ltr' id='par_1_56' title="bbox 2135 3191 3638 3265">
     <span class='ocr_line' id='line_1_56' title="bbox 2135 3191 3638 3265; baseline -0.007 -10"><span class='ocrx_word' id='word_1_409' title='bbox 2135 3203 2435 3256; x_wconf 87' lang='lat' dir='ltr'><strong>Draconcm</strong></span> <span class='ocrx_word' id='word_1_410' title='bbox 2491 3210 2651 3254; x_wconf 77' lang='lat' dir='ltr'><strong>vocat</strong></span> <span class='ocrx_word' id='word_1_411' title='bbox 2703 3197 2984 3258; x_wconf 87' lang='lat' dir='ltr'><strong>Satanam,</strong></span> <span class='ocrx_word' id='word_1_412' title='bbox 3033 3210 3097 3250; x_wconf 86' lang='lat' dir='ltr'><strong>co</strong></span> <span class='ocrx_word' id='word_1_413' title='bbox 3161 3191 3309 3265; x_wconf 90' lang='lat' dir='ltr'><strong>quod</strong></span> <span class='ocrx_word' id='word_1_414' title='bbox 3357 3200 3638 3247; x_wconf 89' lang='lat' dir='ltr'><strong>tortuosus</strong></span> 
     </span>
    </p>
   </div>
   <div class='ocr_carea' id='block_1_57' title="bbox 364 3283 1955 3394">
    <p class='ocr_par' dir='ltr' id='par_1_57' title="bbox 364 3296 1950 3373">
     <span class='ocr_line' id='line_1_57' title="bbox 364 3296 1950 3373; baseline -0.001 -20"><span class='ocrx_word' id='word_1_415' title='bbox 364 3299 578 3373; x_wconf 73' lang='grc' dir='ltr'>πυρρὸν</span> <span class='ocrx_word' id='word_1_416' title='bbox 608 3298 686 3363; x_wconf 78' lang='grc' dir='ltr'>δὲ,</span> <span class='ocrx_word' id='word_1_417' title='bbox 738 3298 827 3353; x_wconf 83' lang='grc' dir='ltr'>διὰ</span> <span class='ocrx_word' id='word_1_418' title='bbox 858 3298 918 3352; x_wconf 79' lang='grc' dir='ltr'>τὸ</span> <span class='ocrx_word' id='word_1_419' title='bbox 948 3298 1244 3370; x_wconf 84' lang='grc' dir='ltr'>αἱμοϐόρον</span> <span class='ocrx_word' id='word_1_420' title='bbox 1290 3299 1385 3353; x_wconf 75' lang='grc' dir='ltr'><strong>καὶ</strong></span> <span class='ocrx_word' id='word_1_421' title='bbox 1412 3298 1648 3369; x_wconf 84' lang='grc' dir='ltr'>ὀργίλον.</span> <span class='ocrx_word' id='word_1_422' title='bbox 1685 3296 1869 3368; x_wconf 70' lang='grc' dir='ltr'>Οὐρᾶιν</span> <span class='ocrx_word' id='word_1_423' title='bbox 1893 3299 1950 3352; x_wconf 90' lang='grc' dir='ltr'><strong>δέ</strong></span> 
     </span>
    </p>
   </div>
   <div class='ocr_carea' id='block_1_58' title="bbox 2046 3283 3637 3394">
    <p class='ocr_par' dir='ltr' id='par_1_58' title="bbox 2061 3283 3637 3359">
     <span class='ocr_line' id='line_1_58' title="bbox 2061 3283 3637 3359; baseline -0.008 -12"><span class='ocrx_word' id='word_1_424' title='bbox 2061 3293 2133 3347; x_wconf 91' lang='lat' dir='ltr'><strong>sit</strong></span> <span class='ocrx_word' id='word_1_425' title='bbox 2172 3312 2184 3347; x_wconf 93' lang='lat'>:</span> <span class='ocrx_word' id='word_1_426' title='bbox 2222 3291 2405 3345; x_wconf 83' lang='lat' dir='ltr'><strong>rulnm</strong></span> <span class='ocrx_word' id='word_1_427' title='bbox 2461 3301 2667 3355; x_wconf 87' lang='lat' dir='ltr'><strong>autem,</strong></span> <span class='ocrx_word' id='word_1_428' title='bbox 2719 3289 2848 3359; x_wconf 86' lang='lat' dir='ltr'><strong>quia</strong></span> <span class='ocrx_word' id='word_1_429' title='bbox 2897 3296 3164 3342; x_wconf 88' lang='lat' dir='ltr'><strong>cruentus</strong></span> <span class='ocrx_word' id='word_1_430' title='bbox 3218 3294 3271 3340; x_wconf 92' lang='lat' dir='ltr'><strong>et</strong></span> <span class='ocrx_word' id='word_1_431' title='bbox 3320 3283 3637 3339; x_wconf 84' lang='lat' dir='ltr'><strong>iracundus.</strong></span> 
     </span>
    </p>
   </div>
   <div class='ocr_carea' id='block_1_59' title="bbox 365 3373 1956 3460">
    <p class='ocr_par' dir='ltr' id='par_1_59' title="bbox 365 3386 1956 3460">
     <span class='ocr_line' id='line_1_59' title="bbox 365 3386 1956 3460; baseline -0.003 -14"><span class='ocrx_word' id='word_1_432' title='bbox 365 3390 602 3446; x_wconf 74' lang='grc' dir='ltr'>ἐνταῦθα</span> <span class='ocrx_word' id='word_1_433' title='bbox 633 3389 724 3443; x_wconf 84' lang='grc' dir='ltr'>τὸν</span> <span class='ocrx_word' id='word_1_434' title='bbox 768 3388 908 3460; x_wconf 81' lang='grc' dir='ltr'>ἀέρα</span> <span class='ocrx_word' id='word_1_435' title='bbox 958 3390 1187 3459; x_wconf 79' lang='grc' dir='ltr'>φάσκει,</span> <span class='ocrx_word' id='word_1_436' title='bbox 1220 3388 1296 3452; x_wconf 83' lang='grc' dir='ltr'><strong>ὡς</strong></span> <span class='ocrx_word' id='word_1_437' title='bbox 1329 3389 1387 3455; x_wconf 78' lang='grc' dir='ltr'><strong>ἐξ</strong></span> <span class='ocrx_word' id='word_1_438' title='bbox 1433 3388 1598 3442; x_wconf 82' lang='grc' dir='ltr'>αὑτοῦ</span> <span class='ocrx_word' id='word_1_439' title='bbox 1634 3386 1710 3459; x_wconf 84' lang='grc' dir='ltr'>μὴ</span> <span class='ocrx_word' id='word_1_440' title='bbox 1740 3404 1956 3441; x_wconf 86' lang='grc' dir='ltr'>πεπτω-</span> 
     </span>
    </p>
   </div>
   <div class='ocr_carea' id='block_1_60' title="bbox 2051 3373 3642 3460">
    <p class='ocr_par' dir='ltr' id='par_1_60' title="bbox 2056 3373 3642 3447">
     <span class='ocr_line' id='line_1_60' title="bbox 2056 3373 3642 3447; baseline -0.008 -7"><span class='ocrx_word' id='word_1_441' title='bbox 2056 3385 2302 3441; x_wconf 71' lang='lat' dir='ltr'><strong>(laudant</strong></span> <span class='ocrx_word' id='word_1_442' title='bbox 2337 3400 2465 3438; x_wconf 84' lang='lat' dir='ltr'><strong>vero</strong></span> <span class='ocrx_word' id='word_1_443' title='bbox 2512 3383 2646 3438; x_wconf 87' lang='lat' dir='ltr'><strong>dicit</strong></span> <span class='ocrx_word' id='word_1_444' title='bbox 2696 3380 2800 3437; x_wconf 88' lang='lat' dir='ltr'><strong>hoc</strong></span> <span class='ocrx_word' id='word_1_445' title='bbox 2840 3381 2960 3436; x_wconf 91' lang='lat' dir='ltr'><strong>loco</strong></span> <span class='ocrx_word' id='word_1_446' title='bbox 3011 3392 3214 3446; x_wconf 88' lang='lat' dir='ltr'><strong>aerem,</strong></span> <span class='ocrx_word' id='word_1_447' title='bbox 3248 3377 3394 3447; x_wconf 86' lang='lat' dir='ltr'><strong>quod</strong></span> <span class='ocrx_word' id='word_1_448' title='bbox 3431 3376 3499 3429; x_wconf 89' lang='lat' dir='ltr'><strong>ab</strong></span> <span class='ocrx_word' id='word_1_449' title='bbox 3550 3373 3642 3429; x_wconf 89' lang='lat' dir='ltr'><strong>illo</strong></span> 
     </span>
    </p>
   </div>
   <div class='ocr_carea' id='block_1_61' title="bbox 368 3468 1959 3552">
    <p class='ocr_par' dir='ltr' id='par_1_61' title="bbox 368 3480 1959 3552">
     <span class='ocr_line' id='line_1_61' title="bbox 368 3480 1959 3552; baseline -0.003 -13"><span class='ocrx_word' id='word_1_450' title='bbox 368 3485 531 3549; x_wconf 84' lang='grc' dir='ltr'>κότος</span> <span class='ocrx_word' id='word_1_451' title='bbox 567 3482 661 3537; x_wconf 81' lang='grc' dir='ltr'><strong>τοῦ</strong></span> <span class='ocrx_word' id='word_1_452' title='bbox 705 3481 975 3536; x_wconf 87' lang='grc' dir='ltr'>διαϐόλου.</span> <span class='ocrx_word' id='word_1_453' title='bbox 1029 3480 1153 3544; x_wconf 80' lang='grc' dir='ltr'><strong>Πῶς</strong></span> <span class='ocrx_word' id='word_1_454' title='bbox 1182 3480 1292 3552; x_wconf 78' lang='grc' dir='ltr'>γὰρ</span> <span class='ocrx_word' id='word_1_455' title='bbox 1321 3480 1650 3535; x_wconf 81' lang='grc' dir='ltr'>ἐκπέπτωκε</span> <span class='ocrx_word' id='word_1_456' title='bbox 1682 3480 1899 3545; x_wconf 78' lang='grc' dir='ltr'>τούτου,</span> <span class='ocrx_word' id='word_1_457' title='bbox 1931 3482 1959 3535; x_wconf 84' lang='grc' dir='ltr'>ὁ</span> 
     </span>
    </p>
   </div>
   <div class='ocr_carea' id='block_1_62' title="bbox 2053 3468 3644 3552">
    <p class='ocr_par' dir='ltr' id='par_1_62' title="bbox 2062 3468 3644 3543">
     <span class='ocr_line' id='line_1_62' title="bbox 2062 3468 3644 3543; baseline -0.008 -10"><span class='ocrx_word' id='word_1_458' title='bbox 2062 3492 2171 3534; x_wconf 89' lang='lat' dir='ltr'><strong>non</strong></span> <span class='ocrx_word' id='word_1_459' title='bbox 2202 3476 2462 3533; x_wconf 74' lang='lat' dir='ltr'><strong>ceciderit</strong></span> <span class='ocrx_word' id='word_1_460' title='bbox 2492 3472 2745 3531; x_wconf 87' lang='lat' dir='ltr'><strong>diabolus</strong></span> <span class='ocrx_word' id='word_1_461' title='bbox 2779 3492 2792 3529; x_wconf 90' lang='lat'><strong>:</strong></span> <span class='ocrx_word' id='word_1_462' title='bbox 2840 3488 2967 3528; x_wconf 89' lang='lat' dir='ltr'><strong>nam</strong></span> <span class='ocrx_word' id='word_1_463' title='bbox 2999 3486 3109 3543; x_wconf 88' lang='lat' dir='ltr'><strong>quo</strong></span> <span class='ocrx_word' id='word_1_464' title='bbox 3155 3470 3319 3525; x_wconf 84' lang='lat' dir='ltr'><strong>modo</strong></span> <span class='ocrx_word' id='word_1_465' title='bbox 3358 3468 3426 3522; x_wconf 90' lang='lat' dir='ltr'><strong>ab</strong></span> <span class='ocrx_word' id='word_1_466' title='bbox 3460 3480 3525 3521; x_wconf 93' lang='lat' dir='ltr'><strong>eo</strong></span> <span class='ocrx_word' id='word_1_467' title='bbox 3549 3481 3644 3522; x_wconf 86' lang='lat' dir='ltr'><strong>ee-</strong></span> 
     </span>
    </p>
   </div>
   <div class='ocr_carea' id='block_1_63' title="bbox 370 3564 1961 3648">
    <p class='ocr_par' dir='ltr' id='par_1_63' title="bbox 370 3571 1961 3648">
     <span class='ocr_line' id='line_1_63' title="bbox 370 3571 1961 3648; baseline -0.001 -17"><span class='ocrx_word' id='word_1_468' title='bbox 370 3578 473 3648; x_wconf 78' lang='grc' dir='ltr'>τὴν</span> <span class='ocrx_word' id='word_1_469' title='bbox 506 3575 777 3641; x_wconf 80' lang='grc' dir='ltr'>ἐξουσίαν,</span> <span class='ocrx_word' id='word_1_470' title='bbox 829 3573 971 3627; x_wconf 85' lang='grc' dir='ltr'>κατὰ</span> <span class='ocrx_word' id='word_1_471' title='bbox 1010 3573 1241 3639; x_wconf 77' lang='grc' dir='ltr'>Παῦλον,</span> <span class='ocrx_word' id='word_1_472' title='bbox 1270 3571 1409 3642; x_wconf 75' lang='grc' dir='ltr'>ἔχων</span> <span class='ocrx_word' id='word_1_473' title='bbox 1439 3573 1496 3625; x_wconf 83' lang='grc' dir='ltr'><strong>ἐν</strong></span> <span class='ocrx_word' id='word_1_474' title='bbox 1523 3572 1703 3644; x_wconf 84' lang='grc' dir='ltr'>αὐτῷ,</span> <span class='ocrx_word' id='word_1_475' title='bbox 1742 3592 1760 3625; x_wconf 81' lang='grc' dir='ltr'><strong>ι</strong></span> <span class='ocrx_word' id='word_1_476' title='bbox 1804 3572 1961 3629; x_wconf 80' lang='grc' dir='ltr'>Κατὰ</span> 
     </span>
    </p>
   </div>
   <div class='ocr_carea' id='block_1_64' title="bbox 2053 3564 3644 3648">
    <p class='ocr_par' dir='ltr' id='par_1_64' title="bbox 2061 3564 3644 3644">
     <span class='ocr_line' id='line_1_64' title="bbox 2061 3564 3644 3644; baseline -0.009 -15"><span class='ocrx_word' id='word_1_477' title='bbox 2061 3574 2218 3640; x_wconf 85' lang='lat' dir='ltr'><strong>cidit,</strong></span> <span class='ocrx_word' id='word_1_478' title='bbox 2251 3572 2342 3644; x_wconf 83' lang='lat' dir='ltr'><strong>qui</strong></span> <span class='ocrx_word' id='word_1_479' title='bbox 2374 3572 2529 3642; x_wconf 74' lang='lat' dir='ltr'><strong>juxta</strong></span> <span class='ocrx_word' id='word_1_480' title='bbox 2582 3568 2811 3625; x_wconf 80' lang='lat' dir='ltr'><strong>Paulum</strong></span> <span class='ocrx_word' id='word_1_481' title='bbox 2843 3568 3007 3623; x_wconf 88' lang='lat' dir='ltr'><strong>habet</strong></span> <span class='ocrx_word' id='word_1_482' title='bbox 3046 3566 3099 3620; x_wconf 93' lang='lat' dir='ltr'><strong>in</strong></span> <span class='ocrx_word' id='word_1_483' title='bbox 3141 3564 3264 3635; x_wconf 89' lang='lat' dir='ltr'><strong>ipso</strong></span> <span class='ocrx_word' id='word_1_484' title='bbox 3295 3568 3644 3634; x_wconf 87' lang='lat' dir='ltr'><strong>potestatem,</strong></span> 
     </span>
    </p>
   </div>
   <div class='ocr_carea' id='block_1_65' title="bbox 372 3654 1963 3739">
    <p class='ocr_par' dir='ltr' id='par_1_65' title="bbox 372 3663 1963 3739">
     <span class='ocr_line' id='line_1_65' title="bbox 372 3663 1963 3739; baseline -0.003 -18"><span class='ocrx_word' id='word_1_485' title='bbox 372 3668 467 3721; x_wconf 63' lang='grc' dir='ltr'><strong>τὸν</strong></span> <span class='ocrx_word' id='word_1_486' title='bbox 502 3668 759 3739; x_wconf 75' lang='grc' dir='ltr'>ἄρχοντα,</span> <span class='ocrx_word' id='word_1_487' title='bbox 800 3685 820 3721; x_wconf 73' lang='grc' dir='ltr'><strong>ι</strong></span> <span class='ocrx_word' id='word_1_488' title='bbox 864 3665 1123 3734; x_wconf 78' lang='grc' dir='ltr'>λέγοντα,</span> <span class='ocrx_word' id='word_1_489' title='bbox 1178 3682 1198 3717; x_wconf 82' lang='grc' dir='ltr'><strong>ι</strong></span> <span class='ocrx_word' id='word_1_490' title='bbox 1235 3663 1330 3718; x_wconf 84' lang='grc' dir='ltr'><strong>τοῦ</strong></span> <span class='ocrx_word' id='word_1_491' title='bbox 1386 3664 1614 3727; x_wconf 81' lang='grc' dir='ltr'>σκότους</span> <span class='ocrx_word' id='word_1_492' title='bbox 1659 3664 1755 3718; x_wconf 76' lang='grc' dir='ltr'><strong>τοῦ</strong></span> <span class='ocrx_word' id='word_1_493' title='bbox 1799 3664 1963 3734; x_wconf 87' lang='grc' dir='ltr'>ἀέρος</span> 
     </span>
    </p>
   </div>
   <div class='ocr_carea' id='block_1_66' title="bbox 2058 3654 3649 3739">
    <p class='ocr_par' dir='ltr' id='par_1_66' title="bbox 2063 3654 3649 3735">
     <span class='ocr_line' id='line_1_66' title="bbox 2063 3654 3649 3735; baseline -0.009 -13"><span class='ocrx_word' id='word_1_494' title='bbox 2063 3667 2195 3722; x_wconf 87' lang='lat' dir='ltr'><strong>dum</strong></span> <span class='ocrx_word' id='word_1_495' title='bbox 2245 3669 2321 3721; x_wconf 89' lang='lat' dir='ltr'><strong>ait</strong></span> <span class='ocrx_word' id='word_1_496' title='bbox 2368 3684 2381 3721; x_wconf 89' lang='lat'><strong>:</strong></span> <span class='ocrx_word' id='word_1_497' title='bbox 2428 3685 2446 3717; x_wconf 81' lang='grc' dir='ltr'><strong>ι</strong></span> <span class='ocrx_word' id='word_1_498' title='bbox 2496 3663 2660 3720; x_wconf 73' lang='lat' dir='ltr'><strong>Juxta</strong></span> <span class='ocrx_word' id='word_1_499' title='bbox 2713 3661 3012 3735; x_wconf 75' lang='lat' dir='ltr'><strong>piineipem</strong></span> <span class='ocrx_word' id='word_1_500' title='bbox 3055 3658 3344 3732; x_wconf 87' lang='lat' dir='ltr'><strong>potestatis</strong></span> <span class='ocrx_word' id='word_1_501' title='bbox 3380 3656 3521 3712; x_wconf 89' lang='lat' dir='ltr'><strong>aeris</strong></span> <span class='ocrx_word' id='word_1_502' title='bbox 3549 3654 3649 3709; x_wconf 82' lang='lat' dir='ltr'><strong>bu-</strong></span> 
     </span>
    </p>
   </div>
   <div class='ocr_carea' id='block_1_67' title="bbox 372 3747 1963 3830">
    <p class='ocr_par' dir='ltr' id='par_1_67' title="bbox 372 3757 1963 3829">
     <span class='ocr_line' id='line_1_67' title="bbox 372 3757 1963 3829; baseline -0.004 -13"><span class='ocrx_word' id='word_1_503' title='bbox 372 3761 592 3828; x_wconf 73' lang='grc' dir='ltr'>τούτους</span> <span class='ocrx_word' id='word_1_504' title='bbox 626 3781 645 3813; x_wconf 73' lang='grc' dir='ltr'><strong>ι</strong></span> <span class='ocrx_word' id='word_1_505' title='bbox 682 3758 940 3829; x_wconf 76' lang='grc' dir='ltr'>Κεφαλὰς</span> <span class='ocrx_word' id='word_1_506' title='bbox 964 3758 1023 3813; x_wconf 82' lang='grc' dir='ltr'>δὲ</span> <span class='ocrx_word' id='word_1_507' title='bbox 1050 3757 1237 3822; x_wconf 74' lang='grc' dir='ltr'>αὐτοῦ,</span> <span class='ocrx_word' id='word_1_508' title='bbox 1272 3758 1372 3822; x_wconf 76' lang='grc' dir='ltr'><strong>τὰς</strong></span> <span class='ocrx_word' id='word_1_509' title='bbox 1397 3758 1768 3828; x_wconf 79' lang='grc' dir='ltr'>πονηροτέρας</span> <span class='ocrx_word' id='word_1_510' title='bbox 1796 3757 1963 3811; x_wconf 80' lang='grc' dir='ltr'>αὑτοῦ</span> 
     </span>
    </p>
   </div>
   <div class='ocr_carea' id='block_1_68' title="bbox 2058 3747 3649 3830">
    <p class='ocr_par' dir='ltr' id='par_1_68' title="bbox 2063 3747 3649 3830">
     <span class='ocr_line' id='line_1_68' title="bbox 2063 3747 3649 3830; baseline -0.009 -16"><span class='ocrx_word' id='word_1_511' title='bbox 2063 3761 2155 3830; x_wconf 88' lang='lat' dir='ltr'><strong>jus</strong></span> <span class='ocrx_word' id='word_1_512' title='bbox 2207 3759 2273 3812; x_wconf 79' lang='grc'><strong>⁸⁸.</strong></span> <span class='ocrx_word' id='word_1_513' title='bbox 2319 3775 2336 3811; x_wconf 78' lang='grc' dir='ltr'><strong>ι</strong></span> <span class='ocrx_word' id='word_1_514' title='bbox 2377 3758 2571 3829; x_wconf 89' lang='lat' dir='ltr'><strong>Capita</strong></span> <span class='ocrx_word' id='word_1_515' title='bbox 2621 3769 2806 3811; x_wconf 89' lang='lat' dir='ltr'><strong>autem</strong></span> <span class='ocrx_word' id='word_1_516' title='bbox 2852 3752 3025 3826; x_wconf 84' lang='lat' dir='ltr'><strong>ipsius</strong></span> <span class='ocrx_word' id='word_1_517' title='bbox 3082 3752 3216 3807; x_wconf 86' lang='lat' dir='ltr'><strong>dicit</strong></span> <span class='ocrx_word' id='word_1_518' title='bbox 3269 3747 3649 3805; x_wconf 89' lang='lat' dir='ltr'><strong>sceleratiores</strong></span> 
     </span>
    </p>
   </div>
   <div class='ocr_carea' id='block_1_69' title="bbox 375 3837 1966 3923">
    <p class='ocr_par' dir='ltr' id='par_1_69' title="bbox 375 3847 1966 3923">
     <span class='ocr_line' id='line_1_69' title="bbox 375 3847 1966 3923; baseline -0.005 -16"><span class='ocrx_word' id='word_1_519' title='bbox 375 3853 637 3923; x_wconf 76' lang='grc' dir='ltr'>δυνάμεις</span> <span class='ocrx_word' id='word_1_520' title='bbox 691 3850 788 3905; x_wconf 70' lang='grc' dir='ltr'><strong>καὶ</strong></span> <span class='ocrx_word' id='word_1_521' title='bbox 837 3852 957 3912; x_wconf 88' lang='grc' dir='ltr'>ταῖς</span> <span class='ocrx_word' id='word_1_522' title='bbox 1004 3850 1409 3919; x_wconf 79' lang='grc' dir='ltr'>πνευματικαῖς</span> <span class='ocrx_word' id='word_1_523' title='bbox 1449 3847 1759 3919; x_wconf 79' lang='grc' dir='ltr'>ἐνεργείαις</span> <span class='ocrx_word' id='word_1_524' title='bbox 1817 3848 1966 3899; x_wconf 82' lang='grc' dir='ltr'>ἀντι-</span> 
     </span>
    </p>
   </div>
   <div class='ocr_carea' id='block_1_70' title="bbox 2061 3837 3652 3923">
    <p class='ocr_par' dir='ltr' id='par_1_70' title="bbox 2068 3837 3652 3919">
     <span class='ocr_line' id='line_1_70' title="bbox 2068 3837 3652 3919; baseline -0.009 -16"><span class='ocrx_word' id='word_1_525' title='bbox 2068 3849 2189 3917; x_wconf 79' lang='lat' dir='ltr'><strong>ejns</strong></span> <span class='ocrx_word' id='word_1_526' title='bbox 2237 3856 2557 3919; x_wconf 81' lang='lat' dir='ltr'><strong>potestates,</strong></span> <span class='ocrx_word' id='word_1_527' title='bbox 2608 3854 2663 3902; x_wconf 89' lang='lat' dir='ltr'><strong>et</strong></span> <span class='ocrx_word' id='word_1_528' title='bbox 2719 3842 3099 3916; x_wconf 83' lang='lat' dir='ltr'><strong>spiritualibus</strong></span> <span class='ocrx_word' id='word_1_529' title='bbox 3146 3840 3408 3911; x_wconf 83' lang='lat' dir='ltr'><strong>operibus</strong></span> <span class='ocrx_word' id='word_1_530' title='bbox 3458 3837 3652 3892; x_wconf 81' lang='lat' dir='ltr'><strong>adver-</strong></span> 
     </span>
    </p>
   </div>
   <div class='ocr_carea' id='block_1_71' title="bbox 372 3928 1963 4015">
    <p class='ocr_par' dir='ltr' id='par_1_71' title="bbox 372 3939 1963 4015">
     <span class='ocr_line' id='line_1_71' title="bbox 372 3939 1963 4015; baseline -0.006 -15"><span class='ocrx_word' id='word_1_531' title='bbox 372 3946 591 4009; x_wconf 86' lang='grc' dir='ltr'>θέτους,</span> <span class='ocrx_word' id='word_1_532' title='bbox 625 3944 659 4015; x_wconf 79' lang='grc' dir='ltr'><strong>ἢ</strong></span> <span class='ocrx_word' id='word_1_533' title='bbox 691 3943 790 4007; x_wconf 76' lang='grc' dir='ltr'>τὰς</span> <span class='ocrx_word' id='word_1_534' title='bbox 832 3942 972 3997; x_wconf 74' lang='grc' dir='ltr'>ἑπτὰ</span> <span class='ocrx_word' id='word_1_535' title='bbox 998 3942 1197 4007; x_wconf 81' lang='grc' dir='ltr'>κακίας</span> <span class='ocrx_word' id='word_1_536' title='bbox 1226 3940 1291 4007; x_wconf 77' lang='grc' dir='ltr'>ἃς</span> <span class='ocrx_word' id='word_1_537' title='bbox 1332 3943 1360 3997; x_wconf 71' lang='grc' dir='ltr'><strong>ὁ</strong></span> <span class='ocrx_word' id='word_1_538' title='bbox 1390 3940 1642 4013; x_wconf 85' lang='grc' dir='ltr'>Σολομὼν</span> <span class='ocrx_word' id='word_1_539' title='bbox 1674 3943 1732 3995; x_wconf 82' lang='grc' dir='ltr'><strong>ὲν</strong></span> <span class='ocrx_word' id='word_1_540' title='bbox 1770 3939 1963 4014; x_wconf 78' lang='grc' dir='ltr'>καρδίᾳ</span> 
     </span>
    </p>
   </div>
   <div class='ocr_carea' id='block_1_72' title="bbox 2063 3928 3654 4015">
    <p class='ocr_par' dir='ltr' id='par_1_72' title="bbox 2070 3928 3654 4010">
     <span class='ocr_line' id='line_1_72' title="bbox 2070 3928 3654 4010; baseline -0.009 -13"><span class='ocrx_word' id='word_1_541' title='bbox 2070 3952 2256 3998; x_wconf 87' lang='lat' dir='ltr'><strong>santes</strong></span> <span class='ocrx_word' id='word_1_542' title='bbox 2292 3958 2305 3995; x_wconf 88' lang='lat'><strong>:</strong></span> <span class='ocrx_word' id='word_1_543' title='bbox 2342 3949 2439 3995; x_wconf 89' lang='lat' dir='ltr'><strong>aut</strong></span> <span class='ocrx_word' id='word_1_544' title='bbox 2470 3949 2675 4010; x_wconf 87' lang='lat' dir='ltr'><strong>septem</strong></span> <span class='ocrx_word' id='word_1_545' title='bbox 2720 3936 2998 4008; x_wconf 86' lang='lat' dir='ltr'><strong>nequitias</strong></span> <span class='ocrx_word' id='word_1_546' title='bbox 3040 3948 3178 4004; x_wconf 88' lang='lat' dir='ltr'><strong>quas</strong></span> <span class='ocrx_word' id='word_1_547' title='bbox 3224 3930 3486 3987; x_wconf 90' lang='lat' dir='ltr'><strong>Solomon</strong></span> <span class='ocrx_word' id='word_1_548' title='bbox 3519 3928 3654 3984; x_wconf 90' lang='lat' dir='ltr'><strong>dicit</strong></span> 
     </span>
    </p>
   </div>
   <div class='ocr_carea' id='block_1_73' title="bbox 379 4032 1970 4109">
    <p class='ocr_par' dir='ltr' id='par_1_73' title="bbox 379 4033 1067 4109">
     <span class='ocr_line' id='line_1_73' title="bbox 379 4033 1067 4109; baseline -0.006 -17"><span class='ocrx_word' id='word_1_549' title='bbox 379 4033 526 4093; x_wconf 82' lang='grc' dir='ltr'>εἷναί</span> <span class='ocrx_word' id='word_1_550' title='bbox 561 4054 698 4109; x_wconf 76' lang='grc' dir='ltr'>φησι</span> <span class='ocrx_word' id='word_1_551' title='bbox 726 4035 820 4090; x_wconf 80' lang='grc' dir='ltr'><strong>τοῦ</strong></span> <span class='ocrx_word' id='word_1_552' title='bbox 846 4034 1067 4106; x_wconf 77' lang='grc' dir='ltr'>ἐχθροῦ.</span> 
     </span>
    </p>
   </div>
   <div class='ocr_carea' id='block_1_74' title="bbox 1139 4032 2730 4109">
    <p class='ocr_par' dir='ltr' id='par_1_74' title="bbox 2069 4032 2730 4093">
     <span class='ocr_line' id='line_1_74' title="bbox 2069 4032 2730 4093; baseline -0.011 0"><span class='ocrx_word' id='word_1_553' title='bbox 2069 4052 2193 4093; x_wconf 88' lang='lat' dir='ltr'><strong>esse</strong></span> <span class='ocrx_word' id='word_1_554' title='bbox 2222 4036 2273 4090; x_wconf 91' lang='lat' dir='ltr'><strong>in</strong></span> <span class='ocrx_word' id='word_1_555' title='bbox 2305 4035 2469 4091; x_wconf 88' lang='lat' dir='ltr'><strong>corde</strong></span> <span class='ocrx_word' id='word_1_556' title='bbox 2503 4032 2730 4089; x_wconf 89' lang='lat' dir='ltr'><strong>inimici.</strong></span> 
     </span>
    </p>
   </div>
   <div class='ocr_carea' id='block_1_75' title="bbox 453 4114 2044 4199">
    <p class='ocr_par' dir='ltr' id='par_1_75' title="bbox 453 4126 1973 4199">
     <span class='ocr_line' id='line_1_75' title="bbox 453 4126 1973 4199; baseline -0.003 -14"><span class='ocrx_word' id='word_1_557' title='bbox 453 4130 568 4185; x_wconf 74' lang='grc' dir='ltr'><strong>Καὶ</strong></span> <span class='ocrx_word' id='word_1_558' title='bbox 636 4128 853 4198; x_wconf 80' lang='grc' dir='ltr'>κέρατα</span> <span class='ocrx_word' id='word_1_559' title='bbox 908 4128 1073 4184; x_wconf 77' lang='grc' dir='ltr'>δέκα.</span> <span class='ocrx_word' id='word_1_560' title='bbox 1135 4127 1209 4180; x_wconf 80' lang='grc' dir='ltr'><strong>Τὸ</strong></span> <span class='ocrx_word' id='word_1_561' title='bbox 1295 4126 1466 4199; x_wconf 82' lang='grc' dir='ltr'>κέρας</span> <span class='ocrx_word' id='word_1_562' title='bbox 1546 4126 1826 4195; x_wconf 81' lang='grc' dir='ltr'>δυνάμεως</span> <span class='ocrx_word' id='word_1_563' title='bbox 1875 4128 1973 4182; x_wconf 74' lang='grc' dir='ltr'><strong>καὶ</strong></span> 
     </span>
    </p>
   </div>
   <div class='ocr_carea' id='block_1_76' title="bbox 2067 4114 3658 4199">
    <p class='ocr_par' dir='ltr' id='par_1_76' title="bbox 2148 4114 3658 4192">
     <span class='ocr_line' id='line_1_76' title="bbox 2148 4114 3658 4192; baseline -0.01 -9"><span class='ocrx_word' id='word_1_564' title='bbox 2148 4129 2215 4183; x_wconf 83' lang='lat' dir='ltr'><strong>Et</strong></span> <span class='ocrx_word' id='word_1_565' title='bbox 2260 4144 2461 4182; x_wconf 79' lang='lat' dir='ltr'><strong>cornua</strong></span> <span class='ocrx_word' id='word_1_566' title='bbox 2502 4128 2697 4182; x_wconf 79' lang='lat' dir='ltr'><strong>decem.</strong></span> <span class='ocrx_word' id='word_1_567' title='bbox 2730 4124 2911 4179; x_wconf 89' lang='lat' dir='ltr'><strong>Cornu</strong></span> <span class='ocrx_word' id='word_1_568' title='bbox 2944 4119 3202 4192; x_wconf 72' lang='lat' dir='ltr'><strong>polentia:</strong></span> <span class='ocrx_word' id='word_1_569' title='bbox 3252 4134 3316 4173; x_wconf 89' lang='lat' dir='ltr'><strong>ac</strong></span> <span class='ocrx_word' id='word_1_570' title='bbox 3364 4115 3551 4188; x_wconf 67' lang='lat' dir='ltr'><strong>gloriae</strong></span> <span class='ocrx_word' id='word_1_571' title='bbox 3582 4114 3658 4170; x_wconf 90' lang='lat' dir='ltr'><strong>si-</strong></span> 
     </span>
    </p>
   </div>
   <div class='ocr_carea' id='block_1_77' title="bbox 380 4213 1971 4295">
    <p class='ocr_par' dir='ltr' id='par_1_77' title="bbox 380 4218 1971 4295">
     <span class='ocr_line' id='line_1_77' title="bbox 380 4218 1971 4295; baseline -0.003 -18"><span class='ocrx_word' id='word_1_572' title='bbox 380 4224 545 4295; x_wconf 80' lang='grc' dir='ltr'>δόξης</span> <span class='ocrx_word' id='word_1_573' title='bbox 596 4220 930 4293; x_wconf 87' lang='grc' dir='ltr'>σημαντικόν</span> <span class='ocrx_word' id='word_1_574' title='bbox 982 4222 1151 4275; x_wconf 83' lang='grc' dir='ltr'>ἐστιν.</span> <span class='ocrx_word' id='word_1_575' title='bbox 1199 4218 1342 4273; x_wconf 83' lang='grc' dir='ltr'>Δέκα</span> <span class='ocrx_word' id='word_1_576' title='bbox 1381 4219 1443 4273; x_wconf 79' lang='grc' dir='ltr'>δὲ</span> <span class='ocrx_word' id='word_1_577' title='bbox 1475 4220 1543 4272; x_wconf 85' lang='grc' dir='ltr'>τὰ</span> <span class='ocrx_word' id='word_1_578' title='bbox 1578 4219 1807 4289; x_wconf 85' lang='grc' dir='ltr'>κέρατα,</span> <span class='ocrx_word' id='word_1_579' title='bbox 1841 4219 1872 4290; x_wconf 83' lang='grc' dir='ltr'>ἢ</span> <span class='ocrx_word' id='word_1_580' title='bbox 1904 4219 1971 4273; x_wconf 84' lang='grc' dir='ltr'>τὰ</span> 
     </span>
    </p>
   </div>
   <div class='ocr_carea' id='block_1_78' title="bbox 2067 4213 3658 4295">
    <p class='ocr_par' dir='ltr' id='par_1_78' title="bbox 2076 4213 3658 4293">
     <span class='ocr_line' id='line_1_78' title="bbox 2076 4213 3658 4293; baseline -0.009 -18"><span class='ocrx_word' id='word_1_581' title='bbox 2076 4221 2450 4293; x_wconf 81' lang='lat' dir='ltr'><strong>gnilicativum</strong></span> <span class='ocrx_word' id='word_1_582' title='bbox 2496 4228 2599 4273; x_wconf 89' lang='lat' dir='ltr'><strong>est.</strong></span> <span class='ocrx_word' id='word_1_583' title='bbox 2647 4218 2845 4271; x_wconf 86' lang='lat' dir='ltr'><strong>Decem</strong></span> <span class='ocrx_word' id='word_1_584' title='bbox 2872 4229 3001 4269; x_wconf 86' lang='lat' dir='ltr'><strong>vero</strong></span> <span class='ocrx_word' id='word_1_585' title='bbox 3044 4225 3277 4274; x_wconf 86' lang='lat' dir='ltr'><strong>cornua,</strong></span> <span class='ocrx_word' id='word_1_586' title='bbox 3317 4220 3405 4263; x_wconf 90' lang='lat' dir='ltr'><strong>aut</strong></span> <span class='ocrx_word' id='word_1_587' title='bbox 3434 4213 3658 4279; x_wconf 78' lang='lat' dir='ltr'><strong>peccata</strong></span> 
     </span>
    </p>
   </div>
   <div class='ocr_carea' id='block_1_79' title="bbox 386 4295 1977 4386">
    <p class='ocr_par' dir='ltr' id='par_1_79' title="bbox 386 4311 1973 4385">
     <span class='ocr_line' id='line_1_79' title="bbox 386 4311 1973 4385; baseline -0.003 -16"><span class='ocrx_word' id='word_1_588' title='bbox 386 4314 934 4385; x_wconf 77' lang='grc' dir='ltr'>ἀντιδιαστελλόμενα</span> <span class='ocrx_word' id='word_1_589' title='bbox 986 4317 1108 4377; x_wconf 85' lang='grc' dir='ltr'>ταῖς</span> <span class='ocrx_word' id='word_1_590' title='bbox 1161 4312 1297 4367; x_wconf 82' lang='grc' dir='ltr'>δέκα</span> <span class='ocrx_word' id='word_1_591' title='bbox 1352 4311 1593 4375; x_wconf 78' lang='grc' dir='ltr'>ἐντολαῖς</span> <span class='ocrx_word' id='word_1_592' title='bbox 1649 4311 1745 4365; x_wconf 80' lang='grc' dir='ltr'>τοῦ</span> <span class='ocrx_word' id='word_1_593' title='bbox 1802 4312 1973 4383; x_wconf 80' lang='grc' dir='ltr'>νόμου</span> 
     </span>
    </p>
   </div>
   <div class='ocr_carea' id='block_1_80' title="bbox 2069 4295 3660 4386">
    <p class='ocr_par' dir='ltr' id='par_1_80' title="bbox 2077 4295 3660 4386">
     <span class='ocr_line' id='line_1_80' title="bbox 2077 4295 3660 4386; baseline -0.014 -14"><span class='ocrx_word' id='word_1_594' title='bbox 2077 4332 2198 4386; x_wconf 77' lang='lat' dir='ltr'><strong>qua:</strong></span> <span class='ocrx_word' id='word_1_595' title='bbox 2222 4315 2410 4369; x_wconf 83' lang='lat' dir='ltr'><strong>decem</strong></span> <span class='ocrx_word' id='word_1_596' title='bbox 2459 4309 2745 4381; x_wconf 70' lang='lat' dir='ltr'><strong>praeceptis</strong></span> <span class='ocrx_word' id='word_1_597' title='bbox 2776 4306 2909 4377; x_wconf 78' lang='lat' dir='ltr'><strong>legis</strong></span> <span class='ocrx_word' id='word_1_598' title='bbox 2945 4312 3328 4375; x_wconf 87' lang='lat' dir='ltr'><strong>opponuntur,</strong></span> <span class='ocrx_word' id='word_1_599' title='bbox 3362 4308 3417 4353; x_wconf 89' lang='lat' dir='ltr'><strong>ct</strong></span> <span class='ocrx_word' id='word_1_600' title='bbox 3447 4295 3660 4369; x_wconf 74' lang='lat' dir='ltr'><strong>periec-</strong></span> 
     </span>
    </p>
   </div>
   <div class='ocr_carea' id='block_1_81' title="bbox 390 4388 1981 4478">
    <p class='ocr_par' dir='ltr' id='par_1_81' title="bbox 390 4402 1977 4478">
     <span class='ocr_line' id='line_1_81' title="bbox 390 4402 1977 4478; baseline -0.002 -18"><span class='ocrx_word' id='word_1_601' title='bbox 390 4406 845 4478; x_wconf 83' lang='grc' dir='ltr'>πλημμελήματα</span> <span class='ocrx_word' id='word_1_602' title='bbox 902 4404 999 4459; x_wconf 78' lang='grc' dir='ltr'>καὶ</span> <span class='ocrx_word' id='word_1_603' title='bbox 1042 4404 1111 4460; x_wconf 77' lang='grc' dir='ltr'>τὰ</span> <span class='ocrx_word' id='word_1_604' title='bbox 1163 4402 1485 4458; x_wconf 73' lang='grc' dir='ltr'>τελειωτικά</span> <span class='ocrx_word' id='word_1_605' title='bbox 1534 4403 1635 4473; x_wconf 79' lang='grc' dir='ltr'>τῆς</span> <span class='ocrx_word' id='word_1_606' title='bbox 1680 4403 1977 4477; x_wconf 82' lang='grc' dir='ltr'>σατανικῆς</span> 
     </span>
    </p>
   </div>
   <div class='ocr_carea' id='block_1_82' title="bbox 2071 4388 3662 4478">
    <p class='ocr_par' dir='ltr' id='par_1_82' title="bbox 2080 4388 3662 4467">
     <span class='ocr_line' id='line_1_82' title="bbox 2080 4388 3662 4467; baseline -0.013 -4"><span class='ocrx_word' id='word_1_607' title='bbox 2080 4419 2167 4463; x_wconf 89' lang='lat' dir='ltr'><strong>tos</strong></span> <span class='ocrx_word' id='word_1_608' title='bbox 2223 4412 2458 4461; x_wconf 84' lang='lat' dir='ltr'><strong>conatus</strong></span> <span class='ocrx_word' id='word_1_609' title='bbox 2509 4400 2771 4458; x_wconf 71' lang='lat' dir='ltr'><strong>sataniere</strong></span> <span class='ocrx_word' id='word_1_610' title='bbox 2820 4395 3115 4467; x_wconf 75' lang='lat' dir='ltr'><strong>apostasia:</strong></span> <span class='ocrx_word' id='word_1_611' title='bbox 3148 4411 3162 4447; x_wconf 90' lang='lat'>:</span> <span class='ocrx_word' id='word_1_612' title='bbox 3200 4400 3296 4448; x_wconf 87' lang='lat' dir='ltr'><strong>aut</strong></span> <span class='ocrx_word' id='word_1_613' title='bbox 3334 4390 3485 4461; x_wconf 75' lang='lat' dir='ltr'><strong>regni</strong></span> <span class='ocrx_word' id='word_1_614' title='bbox 3519 4388 3662 4444; x_wconf 77' lang='lat' dir='ltr'><strong>(livi-</strong></span> 
     </span>
    </p>
   </div>
   <div class='ocr_carea' id='block_1_83' title="bbox 391 4481 1982 4569">
    <p class='ocr_par' dir='ltr' id='par_1_83' title="bbox 391 4496 1977 4569">
     <span class='ocr_line' id='line_1_83' title="bbox 391 4496 1977 4569; baseline -0.002 -16"><span class='ocrx_word' id='word_1_615' title='bbox 391 4499 734 4563; x_wconf 84' lang='grc' dir='ltr'>ὰποστασίας</span> <span class='ocrx_word' id='word_1_616' title='bbox 762 4498 987 4569; x_wconf 82' lang='grc' dir='ltr'>ἐγχειρή</span> <span class='ocrx_word' id='word_1_617' title='bbox 998 4514 1163 4568; x_wconf 88' lang='grc' dir='ltr'>ματα,</span> <span class='ocrx_word' id='word_1_618' title='bbox 1188 4497 1221 4567; x_wconf 83' lang='grc' dir='ltr'><strong>ἢ</strong></span> <span class='ocrx_word' id='word_1_619' title='bbox 1244 4496 1343 4561; x_wconf 86' lang='grc' dir='ltr'>τὰς</span> <span class='ocrx_word' id='word_1_620' title='bbox 1371 4496 1666 4569; x_wconf 82' lang='grc' dir='ltr'>διαιρέσεις</span> <span class='ocrx_word' id='word_1_621' title='bbox 1690 4497 1791 4567; x_wconf 81' lang='grc' dir='ltr'>τῆς</span> <span class='ocrx_word' id='word_1_622' title='bbox 1820 4497 1977 4567; x_wconf 86' lang='grc' dir='ltr'>βασι-</span> 
     </span>
    </p>
   </div>
   <div class='ocr_carea' id='block_1_84' title="bbox 2073 4481 3664 4569">
    <p class='ocr_par' dir='ltr' id='par_1_84' title="bbox 2082 4481 3664 4568">
     <span class='ocr_line' id='line_1_84' title="bbox 2082 4481 3664 4568; baseline -0.015 -13"><span class='ocrx_word' id='word_1_623' title='bbox 2082 4500 2268 4556; x_wconf 83' lang='lat' dir='ltr'><strong>siones</strong></span> <span class='ocrx_word' id='word_1_624' title='bbox 2303 4511 2425 4568; x_wconf 71' lang='lat' dir='ltr'><strong>qua:</strong></span> <span class='ocrx_word' id='word_1_625' title='bbox 2462 4493 2728 4549; x_wconf 84' lang='lat' dir='ltr'><strong>mundum</strong></span> <span class='ocrx_word' id='word_1_626' title='bbox 2767 4490 2833 4545; x_wconf 87' lang='lat' dir='ltr'><strong>ad</strong></span> <span class='ocrx_word' id='word_1_627' title='bbox 2869 4489 3047 4559; x_wconf 77' lang='lat' dir='ltr'><strong>ipsum</strong></span> <span class='ocrx_word' id='word_1_628' title='bbox 3080 4484 3287 4548; x_wconf 80' lang='lat' dir='ltr'><strong>ferunt,</strong></span> <span class='ocrx_word' id='word_1_629' title='bbox 3324 4492 3381 4537; x_wconf 88' lang='lat' dir='ltr'><strong>ut</strong></span> <span class='ocrx_word' id='word_1_630' title='bbox 3413 4481 3501 4551; x_wconf 90' lang='lat' dir='ltr'><strong>qni</strong></span> <span class='ocrx_word' id='word_1_631' title='bbox 3527 4495 3664 4550; x_wconf 78' lang='lat' dir='ltr'><strong>gau-</strong></span> 
     </span>
    </p>
   </div>
   <div class='ocr_carea' id='block_1_85' title="bbox 393 4568 1984 4661">
    <p class='ocr_par' dir='ltr' id='par_1_85' title="bbox 393 4568 1980 4661">
     <span class='ocr_line' id='line_1_85' title="bbox 393 4568 1980 4661; baseline -0.002 -16"><span class='ocrx_word' id='word_1_632' title='bbox 393 4592 548 4656; x_wconf 77' lang='grc' dir='ltr'>λείας</span> <span class='ocrx_word' id='word_1_633' title='bbox 583 4589 788 4661; x_wconf 79' lang='grc' dir='ltr'>κόσμον</span> <span class='ocrx_word' id='word_1_634' title='bbox 819 4568 1091 4660; x_wconf 71' lang='grc' dir='ltr'>φερούσας</span> <span class='ocrx_word' id='word_1_635' title='bbox 1126 4587 1301 4660; x_wconf 82' lang='grc' dir='ltr'>αὐτῷ,</span> <span class='ocrx_word' id='word_1_636' title='bbox 1329 4589 1405 4653; x_wconf 87' lang='grc' dir='ltr'>ὼς</span> <span class='ocrx_word' id='word_1_637' title='bbox 1435 4568 1555 4652; x_wconf 83' lang='grc' dir='ltr'>ταῖς</span> <span class='ocrx_word' id='word_1_638' title='bbox 1601 4587 1980 4660; x_wconf 83' lang='grc' dir='ltr'>διχοστασίαις</span> 
     </span>
    </p>
   </div>
   <div class='ocr_carea' id='block_1_86' title="bbox 2075 4568 3666 4661">
    <p class='ocr_par' dir='ltr' id='par_1_86' title="bbox 2083 4568 3666 4659">
     <span class='ocr_line' id='line_1_86' title="bbox 2083 4568 3666 4659; baseline -0.016 -11"><span class='ocrx_word' id='word_1_639' title='bbox 2083 4594 2175 4648; x_wconf 90' lang='lat' dir='ltr'><strong>det</strong></span> <span class='ocrx_word' id='word_1_640' title='bbox 2197 4605 2416 4659; x_wconf 87' lang='lat' dir='ltr'><strong>semper</strong></span> <span class='ocrx_word' id='word_1_641' title='bbox 2442 4585 2703 4643; x_wconf 87' lang='lat' dir='ltr'><strong>dissidiis.</strong></span> <span class='ocrx_word' id='word_1_642' title='bbox 2722 4582 2895 4638; x_wconf 82' lang='lat' dir='ltr'><strong>Porro</strong></span> <span class='ocrx_word' id='word_1_643' title='bbox 2919 4588 3124 4649; x_wconf 81' lang='lat' dir='ltr'><strong>septem</strong></span> <span class='ocrx_word' id='word_1_644' title='bbox 3150 4576 3481 4634; x_wconf 87' lang='lat' dir='ltr'><strong>diademata.</strong></span> <span class='ocrx_word' id='word_1_645' title='bbox 3506 4568 3666 4642; x_wconf 81' lang='lat'><strong>753</strong></span> 
     </span>
    </p>
   </div>
   <div class='ocr_carea' id='block_1_87' title="bbox 396 4670 1987 4756">
    <p class='ocr_par' dir='ltr' id='par_1_87' title="bbox 396 4680 1981 4756">
     <span class='ocr_line' id='line_1_87' title="bbox 396 4680 1981 4756; baseline 0.004 -23"><span class='ocrx_word' id='word_1_646' title='bbox 396 4685 664 4756; x_wconf 77' lang='grc' dir='ltr'>χαίροντι.</span> <span class='ocrx_word' id='word_1_647' title='bbox 707 4682 881 4737; x_wconf 78' lang='grc' dir='ltr'>Ἑπτὰ</span> <span class='ocrx_word' id='word_1_648' title='bbox 920 4681 979 4736; x_wconf 81' lang='grc' dir='ltr'>δὲ</span> <span class='ocrx_word' id='word_1_649' title='bbox 1025 4680 1335 4751; x_wconf 82' lang='grc' dir='ltr'>διαδήματα</span> <span class='ocrx_word' id='word_1_650' title='bbox 1387 4684 1457 4736; x_wconf 77' lang='grc' dir='ltr'>τὰ</span> <span class='ocrx_word' id='word_1_651' title='bbox 1490 4684 1582 4736; x_wconf 76' lang='grc' dir='ltr'><strong>ἐπὶ</strong></span> <span class='ocrx_word' id='word_1_652' title='bbox 1607 4681 1709 4747; x_wconf 80' lang='grc' dir='ltr'>τὰς</span> <span class='ocrx_word' id='word_1_653' title='bbox 1738 4683 1981 4753; x_wconf 82' lang='grc' dir='ltr'>κεφαλὰς</span> 
     </span>
    </p>
   </div>
   <div class='ocr_carea' id='block_1_88' title="bbox 2078 4670 3669 4756">
    <p class='ocr_par' dir='ltr' id='par_1_88' title="bbox 2086 4670 3669 4755">
     <span class='ocr_line' id='line_1_88' title="bbox 2086 4670 3669 4755; baseline -0.016 -15"><span class='ocrx_word' id='word_1_654' title='bbox 2086 4698 2208 4755; x_wconf 81' lang='lat' dir='ltr'><strong>quae</strong></span> <span class='ocrx_word' id='word_1_655' title='bbox 2237 4696 2403 4751; x_wconf 88' lang='lat' dir='ltr'><strong>super</strong></span> <span class='ocrx_word' id='word_1_656' title='bbox 2442 4678 2621 4746; x_wconf 85' lang='lat' dir='ltr'><strong>capita</strong></span> <span class='ocrx_word' id='word_1_657' title='bbox 2677 4674 2854 4747; x_wconf 89' lang='lat' dir='ltr'><strong>ipsius</strong></span> <span class='ocrx_word' id='word_1_658' title='bbox 2904 4670 3160 4742; x_wconf 90' lang='lat' dir='ltr'><strong>imposita</strong></span> <span class='ocrx_word' id='word_1_659' title='bbox 3202 4675 3350 4730; x_wconf 90' lang='lat' dir='ltr'><strong>sunt,</strong></span> <span class='ocrx_word' id='word_1_660' title='bbox 3380 4676 3669 4736; x_wconf 62' lang='lat' dir='ltr'><strong>teqnantur</strong></span> 
     </span>
    </p>
   </div>
   <div class='ocr_carea' id='block_1_89' title="bbox 399 4756 1990 4846">
    <p class='ocr_par' dir='ltr' id='par_1_89' title="bbox 399 4770 1982 4845">
     <span class='ocr_line' id='line_1_89' title="bbox 399 4770 1982 4845; baseline -0.002 -17"><span class='ocrx_word' id='word_1_661' title='bbox 399 4774 589 4840; x_wconf 77' lang='grc' dir='ltr'>αὑτοῦ,</span> <span class='ocrx_word' id='word_1_662' title='bbox 622 4773 886 4845; x_wconf 77' lang='grc' dir='ltr'>ἰσάριθμα</span> <span class='ocrx_word' id='word_1_663' title='bbox 915 4774 1036 4835; x_wconf 88' lang='grc' dir='ltr'>ταῖς</span> <span class='ocrx_word' id='word_1_664' title='bbox 1060 4770 1345 4841; x_wconf 79' lang='grc' dir='ltr'>κεφαλαῖς,</span> <span class='ocrx_word' id='word_1_665' title='bbox 1373 4770 1511 4824; x_wconf 83' lang='grc' dir='ltr'>διότι</span> <span class='ocrx_word' id='word_1_666' title='bbox 1550 4773 1600 4824; x_wconf 80' lang='lat' dir='ltr'><strong>oi</strong></span> <span class='ocrx_word' id='word_1_667' title='bbox 1628 4771 1685 4824; x_wconf 85' lang='grc' dir='ltr'><strong>ἐν</strong></span> <span class='ocrx_word' id='word_1_668' title='bbox 1710 4775 1830 4836; x_wconf 84' lang='grc' dir='ltr'>ταῖς</span> <span class='ocrx_word' id='word_1_669' title='bbox 1863 4773 1982 4827; x_wconf 84' lang='grc' dir='ltr'>δαι-</span> 
     </span>
    </p>
   </div>
   <div class='ocr_carea' id='block_1_90' title="bbox 2082 4756 3673 4846">
    <p class='ocr_par' dir='ltr' id='par_1_90' title="bbox 2085 4756 3673 4846">
     <span class='ocr_line' id='line_1_90' title="bbox 2085 4756 3673 4846; baseline -0.014 -14"><span class='ocrx_word' id='word_1_670' title='bbox 2085 4775 2361 4846; x_wconf 90' lang='lat' dir='ltr'><strong>capitibus</strong></span> <span class='ocrx_word' id='word_1_671' title='bbox 2401 4784 2631 4826; x_wconf 91' lang='lat' dir='ltr'><strong>numero</strong></span> <span class='ocrx_word' id='word_1_672' title='bbox 2658 4783 2670 4821; x_wconf 93' lang='lat'><strong>:</strong></span> <span class='ocrx_word' id='word_1_673' title='bbox 2702 4768 2796 4838; x_wconf 84' lang='lat' dir='ltr'><strong>qui</strong></span> <span class='ocrx_word' id='word_1_674' title='bbox 2828 4765 2976 4820; x_wconf 86' lang='lat' dir='ltr'><strong>enim</strong></span> <span class='ocrx_word' id='word_1_675' title='bbox 3020 4764 3075 4818; x_wconf 91' lang='lat' dir='ltr'><strong>in</strong></span> <span class='ocrx_word' id='word_1_676' title='bbox 3107 4760 3462 4817; x_wconf 70' lang='lat' dir='ltr'><strong>daztnoniacis</strong></span> <span class='ocrx_word' id='word_1_677' title='bbox 3492 4756 3673 4824; x_wconf 86' lang='lat' dir='ltr'><strong>operi-</strong></span> 
     </span>
    </p>
   </div>
   <div class='ocr_carea' id='block_1_91' title="bbox 404 4852 1995 4937">
    <p class='ocr_par' dir='ltr' id='par_1_91' title="bbox 404 4862 1984 4937">
     <span class='ocr_line' id='line_1_91' title="bbox 404 4862 1984 4937; baseline -0.001 -17"><span class='ocrx_word' id='word_1_678' title='bbox 404 4868 657 4937; x_wconf 85' lang='grc' dir='ltr'>μονικαῖς</span> <span class='ocrx_word' id='word_1_679' title='bbox 684 4864 1004 4935; x_wconf 77' lang='grc' dir='ltr'>,ἐνεργείαις</span> <span class='ocrx_word' id='word_1_680' title='bbox 1048 4863 1329 4927; x_wconf 83' lang='grc' dir='ltr'>νικῶντες,</span> <span class='ocrx_word' id='word_1_681' title='bbox 1378 4862 1590 4917; x_wconf 85' lang='grc' dir='ltr'>ἐκεῖθεν</span> <span class='ocrx_word' id='word_1_682' title='bbox 1615 4863 1743 4927; x_wconf 77' lang='grc' dir='ltr'>τοὺς</span> <span class='ocrx_word' id='word_1_683' title='bbox 1780 4864 1984 4934; x_wconf 81' lang='grc' dir='ltr'>στεφά-</span> 
     </span>
    </p>
   </div>
   <div class='ocr_carea' id='block_1_92' title="bbox 2080 4852 3671 4937">
    <p class='ocr_par' dir='ltr' id='par_1_92' title="bbox 2088 4852 3671 4932">
     <span class='ocr_line' id='line_1_92' title="bbox 2088 4852 3671 4932; baseline -0.014 -4"><span class='ocrx_word' id='word_1_684' title='bbox 2088 4872 2192 4928; x_wconf 89' lang='lat' dir='ltr'><strong>bus</strong></span> <span class='ocrx_word' id='word_1_685' title='bbox 2224 4869 2471 4932; x_wconf 80' lang='lat' dir='ltr'><strong>vincunt,</strong></span> <span class='ocrx_word' id='word_1_686' title='bbox 2507 4864 2630 4919; x_wconf 78' lang='lat' dir='ltr'><strong>inde</strong></span> <span class='ocrx_word' id='word_1_687' title='bbox 2656 4874 2892 4918; x_wconf 83' lang='lat' dir='ltr'><strong>coronas</strong></span> <span class='ocrx_word' id='word_1_688' title='bbox 2934 4866 3171 4929; x_wconf 70' lang='lat' dir='ltr'><strong>gestant,</strong></span> <span class='ocrx_word' id='word_1_689' title='bbox 3206 4855 3351 4911; x_wconf 90' lang='lat' dir='ltr'><strong>unde</strong></span> <span class='ocrx_word' id='word_1_690' title='bbox 3384 4852 3671 4909; x_wconf 88' lang='lat' dir='ltr'><strong>laboribus</strong></span> 
     </span>
    </p>
   </div>
   <div class='ocr_carea' id='block_1_93' title="bbox 402 4953 1993 5032">
    <p class='ocr_par' dir='ltr' id='par_1_93' title="bbox 402 4955 1986 5032">
     <span class='ocr_line' id='line_1_93' title="bbox 402 4955 1986 5032; baseline 0 -19"><span class='ocrx_word' id='word_1_691' title='bbox 402 4977 529 5025; x_wconf 81' lang='grc' dir='ltr'>νους</span> <span class='ocrx_word' id='word_1_692' title='bbox 561 4957 904 5032; x_wconf 77' lang='grc' dir='ltr'>κομίζονται,</span> <span class='ocrx_word' id='word_1_693' title='bbox 949 4957 1074 5014; x_wconf 82' lang='grc' dir='ltr'>ὅθεν</span> <span class='ocrx_word' id='word_1_694' title='bbox 1113 4957 1297 5022; x_wconf 77' lang='grc' dir='ltr'>πόνοις</span> <span class='ocrx_word' id='word_1_695' title='bbox 1337 4956 1433 5013; x_wconf 75' lang='grc' dir='ltr'><strong>καὶ</strong></span> <span class='ocrx_word' id='word_1_696' title='bbox 1468 4955 1656 5029; x_wconf 77' lang='grc' dir='ltr'>ἱδρῶσι</span> <span class='ocrx_word' id='word_1_697' title='bbox 1693 4958 1795 5029; x_wconf 84' lang='grc' dir='ltr'><strong>τὴν</strong></span> <span class='ocrx_word' id='word_1_698' title='bbox 1826 4958 1986 5030; x_wconf 88' lang='grc' dir='ltr'>νίκην</span> 
     </span>
    </p>
   </div>
   <div class='ocr_carea' id='block_1_94' title="bbox 1586 4953 3177 5032">
    <p class='ocr_par' dir='ltr' id='par_1_94' title="bbox 1586 4953 3177 5030">
     <span class='ocr_line' id='line_1_94' title="bbox 1586 4953 3177 5030; baseline -0.017 4"><span class='ocrx_word' id='word_1_699' title='bbox 1586 4956 1656 5011; x_wconf 56' lang='grc' dir='ltr'><strong>δσι</strong></span> <span class='ocrx_word' id='word_1_700' title='bbox 1693 4958 1795 5029; x_wconf 73' lang='grc' dir='ltr'><strong>τὴν</strong></span> <span class='ocrx_word' id='word_1_701' title='bbox 1826 4958 1986 5030; x_wconf 81' lang='grc' dir='ltr'>νίκην</span> <span class='ocrx_word' id='word_1_702' title='bbox 2090 4981 2156 5023; x_wconf 85' lang='lat' dir='ltr'><strong>ac</strong></span> <span class='ocrx_word' id='word_1_703' title='bbox 2192 4961 2489 5022; x_wconf 85' lang='lat' dir='ltr'><strong>sudoribus</strong></span> <span class='ocrx_word' id='word_1_704' title='bbox 2523 4959 2811 5015; x_wconf 77' lang='lat' dir='ltr'><strong>victoriam</strong></span> <span class='ocrx_word' id='word_1_705' title='bbox 2848 4953 3177 5011; x_wconf 87' lang='lat' dir='ltr'><strong>retulerunt.</strong></span> 
     </span>
    </p>
   </div>
   <div class='ocr_carea' id='block_1_95' title="bbox 404 5054 632 5125">
    <p class='ocr_par' dir='ltr' id='par_1_95' title="bbox 404 5054 632 5125">
     <span class='ocr_line' id='line_1_95' title="bbox 404 5054 632 5125; baseline 0.004 -19"><span class='ocrx_word' id='word_1_706' title='bbox 404 5054 632 5125; x_wconf 73' lang='grc' dir='ltr'>ἧραντο.</span> 
     </span>
    </p>
   </div>
   <div class='ocr_carea' id='block_1_96' title="bbox 478 5120 2069 5212">
    <p class='ocr_par' dir='ltr' id='par_1_96' title="bbox 478 5140 1983 5212">
     <span class='ocr_line' id='line_1_96' title="bbox 478 5140 1983 5212; baseline -0.002 -11"><span class='ocrx_word' id='word_1_707' title='bbox 478 5144 591 5201; x_wconf 75' lang='lat' dir='ltr'><strong>Kal</strong></span> <span class='ocrx_word' id='word_1_708' title='bbox 615 5145 655 5211; x_wconf 76' lang='grc' dir='ltr'><strong><em>ἡ</em></strong></span> <span class='ocrx_word' id='word_1_709' title='bbox 684 5142 834 5212; x_wconf 83' lang='grc' dir='ltr'><strong>οὐρὰ</strong></span> <span class='ocrx_word' id='word_1_710' title='bbox 864 5141 1073 5209; x_wconf 82' lang='grc' dir='ltr'>αὑτοῦ,</span> <span class='ocrx_word' id='word_1_711' title='bbox 1101 5141 1275 5211; x_wconf 82' lang='grc' dir='ltr'>σύρει</span> <span class='ocrx_word' id='word_1_712' title='bbox 1306 5141 1373 5196; x_wconf 79' lang='grc' dir='ltr'>τὸ</span> <span class='ocrx_word' id='word_1_713' title='bbox 1404 5142 1605 5212; x_wconf 77' lang='grc' dir='ltr'>τρίτον</span> <span class='ocrx_word' id='word_1_714' title='bbox 1652 5140 1774 5196; x_wconf 83' lang='grc' dir='ltr'><strong>τῶν</strong></span> <span class='ocrx_word' id='word_1_715' title='bbox 1802 5142 1983 5198; x_wconf 81' lang='grc' dir='ltr'>ἀστέ-</span> 
     </span>
    </p>
   </div>
   <div class='ocr_carea' id='block_1_97' title="bbox 2082 5120 3673 5212">
    <p class='ocr_par' dir='ltr' id='par_1_97' title="bbox 2168 5120 3673 5205">
     <span class='ocr_line' id='line_1_97' title="bbox 2168 5120 3673 5205; baseline -0.015 -9"><span class='ocrx_word' id='word_1_716' title='bbox 2168 5140 2234 5195; x_wconf 81' lang='lat' dir='ltr'><strong>Et</strong></span> <span class='ocrx_word' id='word_1_717' title='bbox 2273 5137 2449 5195; x_wconf 83' lang='lat' dir='ltr'><strong>cauda</strong></span> <span class='ocrx_word' id='word_1_718' title='bbox 2490 5134 2656 5205; x_wconf 79' lang='lat' dir='ltr'><strong>ipsius</strong></span> <span class='ocrx_word' id='word_1_719' title='bbox 2698 5132 2863 5186; x_wconf 84' lang='lat' dir='ltr'><strong>trahit</strong></span> <span class='ocrx_word' id='word_1_720' title='bbox 2898 5129 3116 5184; x_wconf 79' lang='lat' dir='ltr'><strong>tertiam</strong></span> <span class='ocrx_word' id='word_1_721' title='bbox 3143 5134 3345 5196; x_wconf 90' lang='lat' dir='ltr'><strong>partem</strong></span> <span class='ocrx_word' id='word_1_722' title='bbox 3370 5120 3673 5177; x_wconf 81' lang='lat' dir='ltr'><strong>stellarum.</strong></span> 
     </span>
    </p>
   </div>
   <div class='ocr_carea' id='block_1_98' title="bbox 396 5210 1987 5310">
    <p class='ocr_par' dir='ltr' id='par_1_98' title="bbox 396 5210 1987 5310">
     <span class='ocr_line' id='line_1_98' title="bbox 396 5210 1987 5310; baseline -0.003 -17"><span class='ocrx_word' id='word_1_723' title='bbox 396 5256 549 5310; x_wconf 78' lang='grc' dir='ltr'>ρων.</span> <span class='ocrx_word' id='word_1_724' title='bbox 581 5210 779 5310; x_wconf 84' lang='grc' dir='ltr'>Τρίτον</span> <span class='ocrx_word' id='word_1_725' title='bbox 808 5236 976 5309; x_wconf 82' lang='grc' dir='ltr'>μέρος</span> <span class='ocrx_word' id='word_1_726' title='bbox 1000 5235 1108 5289; x_wconf 83' lang='grc' dir='ltr'><strong>τῶν</strong></span> <span class='ocrx_word' id='word_1_727' title='bbox 1138 5234 1386 5306; x_wconf 81' lang='grc' dir='ltr'>ἀστέρων</span> <span class='ocrx_word' id='word_1_728' title='bbox 1434 5210 1754 5306; x_wconf 17' lang='grc' dir='ltr'>Ῠὲκλὴθησαν</span> <span class='ocrx_word' id='word_1_729' title='bbox 1784 5238 1833 5289; x_wconf 78' lang='lat' dir='ltr'><strong>ot</strong></span> <span class='ocrx_word' id='word_1_730' title='bbox 1859 5234 1987 5308; x_wconf 68' lang='grc' dir='ltr'>περὶ</span> 
     </span>
    </p>
   </div>
   <div class='ocr_carea' id='block_1_99' title="bbox 2087 5210 3678 5310">
    <p class='ocr_par' dir='ltr' id='par_1_99' title="bbox 2088 5210 3678 5302">
     <span class='ocr_line' id='line_1_99' title="bbox 2088 5210 3678 5302; baseline -0.017 -11"><span class='ocrx_word' id='word_1_731' title='bbox 2088 5234 2273 5291; x_wconf 84' lang='lat' dir='ltr'><strong>Tertia</strong></span> <span class='ocrx_word' id='word_1_732' title='bbox 2303 5245 2432 5302; x_wconf 87' lang='lat' dir='ltr'><strong>pars</strong></span> <span class='ocrx_word' id='word_1_733' title='bbox 2471 5226 2753 5282; x_wconf 84' lang='lat' dir='ltr'><strong>stellarum</strong></span> <span class='ocrx_word' id='word_1_734' title='bbox 2785 5222 2919 5277; x_wconf 86' lang='lat' dir='ltr'><strong>dicti</strong></span> <span class='ocrx_word' id='word_1_735' title='bbox 2951 5229 3084 5277; x_wconf 89' lang='lat' dir='ltr'><strong>sunt</strong></span> <span class='ocrx_word' id='word_1_736' title='bbox 3127 5218 3184 5272; x_wconf 88' lang='lat' dir='ltr'><strong>hi</strong></span> <span class='ocrx_word' id='word_1_737' title='bbox 3220 5216 3314 5287; x_wconf 92' lang='lat' dir='ltr'><strong>qui</strong></span> <span class='ocrx_word' id='word_1_738' title='bbox 3350 5230 3519 5269; x_wconf 87' lang='lat' dir='ltr'><strong>unum</strong></span> <span class='ocrx_word' id='word_1_739' title='bbox 3556 5210 3678 5265; x_wconf 83' lang='lat' dir='ltr'><strong>Tri-</strong></span> 
     </span>
    </p>
   </div>
   <div class='ocr_carea' id='block_1_100' title="bbox 409 5304 2000 5401">
    <p class='ocr_par' dir='ltr' id='par_1_100' title="bbox 409 5304 1991 5401">
     <span class='ocr_line' id='line_1_100' title="bbox 409 5304 1991 5401; baseline -0.001 -19"><span class='ocrx_word' id='word_1_740' title='bbox 409 5304 511 5386; x_wconf 59' lang='lat' dir='ltr'><strong>;éva</strong></span> <span class='ocrx_word' id='word_1_741' title='bbox 536 5304 642 5384; x_wconf 36' lang='grc' dir='ltr'><strong>τοῦ.</strong></span> <span class='ocrx_word' id='word_1_742' title='bbox 668 5329 780 5401; x_wconf 64' lang='grc'><strong>(54)</strong></span> <span class='ocrx_word' id='word_1_743' title='bbox 808 5304 1046 5399; x_wconf 72' lang='grc' dir='ltr'>ἀριθμοῦ</span> <span class='ocrx_word' id='word_1_744' title='bbox 1085 5327 1185 5397; x_wconf 83' lang='grc' dir='ltr'>τῆς</span> <span class='ocrx_word' id='word_1_745' title='bbox 1220 5304 1455 5398; x_wconf 84' lang='grc' dir='ltr'>Τριάδος</span> <span class='ocrx_word' id='word_1_746' title='bbox 1485 5304 1883 5397; x_wconf 14' lang='grc' dir='ltr'>διεήσταλμένοι,</span> <span class='ocrx_word' id='word_1_747' title='bbox 1913 5304 1991 5392; x_wconf 70' lang='grc' dir='ltr'>ὧς</span> 
     </span>
    </p>
   </div>
   <div class='ocr_carea' id='block_1_101' title="bbox 2086 5304 3677 5401">
    <p class='ocr_par' dir='ltr' id='par_1_101' title="bbox 2093 5304 3677 5383">
     <span class='ocr_line' id='line_1_101' title="bbox 2093 5304 3677 5383; baseline -0.017 0"><span class='ocrx_word' id='word_1_748' title='bbox 2093 5327 2282 5383; x_wconf 81' lang='lat' dir='ltr'><strong>uitatis</strong></span> <span class='ocrx_word' id='word_1_749' title='bbox 2321 5334 2611 5376; x_wconf 87' lang='lat' dir='ltr'><strong>numerum</strong></span> <span class='ocrx_word' id='word_1_750' title='bbox 2642 5334 2749 5372; x_wconf 89' lang='lat' dir='ltr'><strong>non</strong></span> <span class='ocrx_word' id='word_1_751' title='bbox 2780 5315 3096 5378; x_wconf 87' lang='lat' dir='ltr'><strong>admittunt,</strong></span> <span class='ocrx_word' id='word_1_752' title='bbox 3140 5308 3309 5364; x_wconf 88' lang='lat' dir='ltr'><strong>veluti</strong></span> <span class='ocrx_word' id='word_1_753' title='bbox 3348 5314 3479 5361; x_wconf 90' lang='lat' dir='ltr'><strong>sunt</strong></span> <span class='ocrx_word' id='word_1_754' title='bbox 3512 5304 3677 5358; x_wconf 78' lang='lat' dir='ltr'><strong>Arius</strong></span> 
     </span>
    </p>
   </div>
   <div class='ocr_carea' id='block_1_102' title="bbox 418 5395 2009 5495">
    <p class='ocr_par' dir='ltr' id='par_1_102' title="bbox 418 5395 1996 5495">
     <span class='ocr_line' id='line_1_102' title="bbox 418 5395 1996 5495; baseline -0.003 -17"><span class='ocrx_word' id='word_1_755' title='bbox 418 5427 636 5495; x_wconf 69' lang='grc' dir='ltr'>Ἄρειος</span> <span class='ocrx_word' id='word_1_756' title='bbox 657 5395 753 5476; x_wconf 69' lang='grc' dir='ltr'>καὶ</span> <span class='ocrx_word' id='word_1_757' title='bbox 766 5395 1115 5483; x_wconf 80' lang='grc' dir='ltr'>Μακεδόνιος.</span> <span class='ocrx_word' id='word_1_758' title='bbox 1142 5395 1219 5472; x_wconf 17' lang='lat' dir='ltr'><strong>V&#39;H</strong></span> <span class='ocrx_word' id='word_1_759' title='bbox 1245 5395 1343 5490; x_wconf 79' lang='grc' dir='ltr'>ἔρη</span> <span class='ocrx_word' id='word_1_760' title='bbox 1353 5435 1451 5490; x_wconf 86' lang='grc' dir='ltr'><strong>μος</strong></span> <span class='ocrx_word' id='word_1_761' title='bbox 1469 5418 1545 5483; x_wconf 81' lang='grc' dir='ltr'>δὲ,</span> <span class='ocrx_word' id='word_1_762' title='bbox 1568 5420 1649 5484; x_wconf 86' lang='grc' dir='ltr'><strong>είς</strong></span> <span class='ocrx_word' id='word_1_763' title='bbox 1671 5395 1737 5490; x_wconf 80' lang='grc' dir='ltr'>ἢν</span> <span class='ocrx_word' id='word_1_764' title='bbox 1764 5418 1996 5473; x_wconf 82' lang='grc' dir='ltr'>ἐλθοῦσα</span> 
     </span>
    </p>
   </div>
   <div class='ocr_carea' id='block_1_103' title="bbox 2088 5395 3679 5495">
    <p class='ocr_par' dir='ltr' id='par_1_103' title="bbox 2094 5395 3679 5476">
     <span class='ocr_line' id='line_1_103' title="bbox 2094 5395 3679 5476; baseline -0.016 0"><span class='ocrx_word' id='word_1_765' title='bbox 2094 5430 2150 5476; x_wconf 88' lang='lat' dir='ltr'><strong>et</strong></span> <span class='ocrx_word' id='word_1_766' title='bbox 2205 5414 2579 5472; x_wconf 83' lang='lat' dir='ltr'><strong>Macedonius.</strong></span> <span class='ocrx_word' id='word_1_767' title='bbox 2629 5411 2917 5465; x_wconf 87' lang='lat' dir='ltr'><strong>Desertum</strong></span> <span class='ocrx_word' id='word_1_768' title='bbox 2963 5420 3093 5461; x_wconf 80' lang='lat' dir='ltr'><strong>vero</strong></span> <span class='ocrx_word' id='word_1_769' title='bbox 3140 5402 3207 5457; x_wconf 87' lang='lat' dir='ltr'><strong>ad</strong></span> <span class='ocrx_word' id='word_1_770' title='bbox 3257 5399 3405 5470; x_wconf 87' lang='lat' dir='ltr'><strong>quod</strong></span> <span class='ocrx_word' id='word_1_771' title='bbox 3450 5395 3679 5451; x_wconf 81' lang='lat' dir='ltr'><strong>veniens</strong></span> 
     </span>
    </p>
   </div>
   <div class='ocr_carea' id='block_1_104' title="bbox 412 5489 2003 5589">
    <p class='ocr_par' dir='ltr' id='par_1_104' title="bbox 412 5489 1999 5589">
     <span class='ocr_line' id='line_1_104' title="bbox 412 5489 1999 5589; baseline -0.001 -20"><span class='ocrx_word' id='word_1_772' title='bbox 412 5489 676 5589; x_wconf 78' lang='grc' dir='ltr'>τρέφεται</span> <span class='ocrx_word' id='word_1_773' title='bbox 704 5515 738 5585; x_wconf 82' lang='grc' dir='ltr'>ἡ</span> <span class='ocrx_word' id='word_1_774' title='bbox 772 5511 1092 5583; x_wconf 82' lang='grc' dir='ltr'>Ἐκκλησία,</span> <span class='ocrx_word' id='word_1_775' title='bbox 1142 5512 1177 5583; x_wconf 75' lang='grc' dir='ltr'>ἠ</span> <span class='ocrx_word' id='word_1_776' title='bbox 1216 5489 1405 5565; x_wconf 70' lang='grc' dir='ltr'>κακῶν</span> <span class='ocrx_word' id='word_1_777' title='bbox 1436 5511 1641 5583; x_wconf 86' lang='grc' dir='ltr'>ἐρήμη,</span> <span class='ocrx_word' id='word_1_778' title='bbox 1680 5489 1775 5565; x_wconf 79' lang='grc' dir='ltr'><strong>καὶ</strong></span> <span class='ocrx_word' id='word_1_779' title='bbox 1807 5514 1999 5583; x_wconf 83' lang='grc' dir='ltr'>στεῖρα</span> 
     </span>
    </p>
   </div>
   <div class='ocr_carea' id='block_1_105' title="bbox 2093 5489 3684 5589">
    <p class='ocr_par' dir='ltr' id='par_1_105' title="bbox 2097 5489 3684 5572">
     <span class='ocr_line' id='line_1_105' title="bbox 2097 5489 3684 5572; baseline -0.016 -5"><span class='ocrx_word' id='word_1_780' title='bbox 2097 5510 2345 5567; x_wconf 88' lang='lat' dir='ltr'><strong>nutritur</strong></span> <span class='ocrx_word' id='word_1_781' title='bbox 2386 5504 2629 5562; x_wconf 82' lang='lat' dir='ltr'><strong>Ecclesia</strong></span> <span class='ocrx_word' id='word_1_782' title='bbox 2666 5511 2771 5569; x_wconf 91' lang='lat' dir='ltr'><strong>est,</strong></span> <span class='ocrx_word' id='word_1_783' title='bbox 2807 5498 2953 5572; x_wconf 82' lang='lat' dir='ltr'><strong>quod</strong></span> <span class='ocrx_word' id='word_1_784' title='bbox 2987 5498 3207 5554; x_wconf 88' lang='lat' dir='ltr'><strong>deserta</strong></span> <span class='ocrx_word' id='word_1_785' title='bbox 3238 5493 3311 5550; x_wconf 90' lang='lat' dir='ltr'><strong>sit</strong></span> <span class='ocrx_word' id='word_1_786' title='bbox 3340 5508 3369 5548; x_wconf 82' lang='lat' dir='ltr'><strong>a</strong></span> <span class='ocrx_word' id='word_1_787' title='bbox 3403 5489 3588 5555; x_wconf 79' lang='lat' dir='ltr'><strong>malis,</strong></span> <span class='ocrx_word' id='word_1_788' title='bbox 3629 5495 3684 5542; x_wconf 90' lang='lat' dir='ltr'><strong>et</strong></span> 
     </span>
    </p>
   </div>
   <div class='ocr_carea' id='block_1_106' title="bbox 418 5580 2009 5680">
    <p class='ocr_par' dir='ltr' id='par_1_106' title="bbox 418 5580 1999 5680">
     <span class='ocr_line' id='line_1_106' title="bbox 418 5580 1999 5680; baseline -0.002 -19"><span class='ocrx_word' id='word_1_789' title='bbox 418 5580 647 5680; x_wconf 59' lang='grc' dir='ltr'>ςξοορᾱς.</span> <span class='ocrx_word' id='word_1_790' title='bbox 676 5580 752 5661; x_wconf 64' lang='grc' dir='ltr'>τὸ</span> <span class='ocrx_word' id='word_1_791' title='bbox 781 5605 838 5659; x_wconf 80' lang='grc' dir='ltr'><strong>δὲ</strong></span> <span class='ocrx_word' id='word_1_792' title='bbox 866 5580 974 5678; x_wconf 31' lang='grc' dir='ltr'>τὴν.</span> <span class='ocrx_word' id='word_1_793' title='bbox 993 5580 1175 5676; x_wconf 24' lang='grc' dir='ltr'>οὐρὰν*</span> <span class='ocrx_word' id='word_1_794' title='bbox 1191 5601 1371 5658; x_wconf 75' lang='grc' dir='ltr'>ἕλκειν</span> <span class='ocrx_word' id='word_1_795' title='bbox 1399 5580 1667 5677; x_wconf 43' lang='lat' dir='ltr'><strong>seu.»</strong></span> <span class='ocrx_word' id='word_1_796' title='bbox 1697 5604 1808 5659; x_wconf 83' lang='grc' dir='ltr'>τῶν</span> <span class='ocrx_word' id='word_1_797' title='bbox 1841 5580 1999 5659; x_wconf 80' lang='grc' dir='ltr'>ἀστέο</span> 
     </span>
    </p>
   </div>
   <div class='ocr_carea' id='block_1_107' title="bbox 2097 5580 3688 5680">
    <p class='ocr_par' dir='ltr' id='par_1_107' title="bbox 2102 5580 3688 5670">
     <span class='ocr_line' id='line_1_107' title="bbox 2102 5580 3688 5670; baseline -0.019 -8"><span class='ocrx_word' id='word_1_798' title='bbox 2102 5602 2309 5662; x_wconf 87' lang='lat' dir='ltr'><strong>sterilis</strong></span> <span class='ocrx_word' id='word_1_799' title='bbox 2339 5616 2368 5657; x_wconf 90' lang='lat' dir='ltr'><strong>a</strong></span> <span class='ocrx_word' id='word_1_800' title='bbox 2400 5598 2775 5670; x_wconf 86' lang='lat' dir='ltr'><strong>corruptione.</strong></span> <span class='ocrx_word' id='word_1_801' title='bbox 2813 5594 3086 5652; x_wconf 70' lang='lat' dir='ltr'><strong>Caeterum</strong></span> <span class='ocrx_word' id='word_1_802' title='bbox 3119 5586 3270 5659; x_wconf 79' lang='lat' dir='ltr'><strong>quod</strong></span> <span class='ocrx_word' id='word_1_803' title='bbox 3298 5583 3477 5643; x_wconf 81' lang='lat' dir='ltr'><strong>cauda</strong></span> <span class='ocrx_word' id='word_1_804' title='bbox 3504 5580 3688 5639; x_wconf 83' lang='lat' dir='ltr'><strong>trahat</strong></span> 
     </span>
    </p>
   </div>
   <div class='ocr_carea' id='block_1_108' title="bbox 496 5782 1473 5856">
    <p class='ocr_par' dir='ltr' id='par_1_108' title="bbox 496 5782 1473 5856">
     <span class='ocr_line' id='line_1_108' title="bbox 496 5782 1473 5856; baseline -0.003 -17"><span class='ocrx_word' id='word_1_805' title='bbox 496 5786 543 5817; x_wconf 83' lang='lat'><strong>&quot;</strong></span> <span class='ocrx_word' id='word_1_806' title='bbox 575 5782 683 5841; x_wconf 77' lang='lat' dir='ltr'><strong>isa.</strong></span> <span class='ocrx_word' id='word_1_807' title='bbox 711 5800 859 5851; x_wconf 77' lang='grc' dir='ltr'>ωινι,</span> <span class='ocrx_word' id='word_1_808' title='bbox 893 5784 946 5839; x_wconf 88' lang='lat'><strong>7.</strong></span> <span class='ocrx_word' id='word_1_809' title='bbox 1027 5785 1071 5817; x_wconf 75' lang='grc'><strong>⁸⁸</strong></span> <span class='ocrx_word' id='word_1_810' title='bbox 1100 5784 1300 5856; x_wconf 83' lang='lat' dir='ltr'><strong>Ephes.</strong></span> <span class='ocrx_word' id='word_1_811' title='bbox 1325 5798 1385 5851; x_wconf 86' lang='lat' dir='ltr'><strong>ll,</strong></span> <span class='ocrx_word' id='word_1_812' title='bbox 1420 5784 1473 5838; x_wconf 82' lang='lat'><strong>5.</strong></span> 
     </span>
    </p>
   </div>
   <div class='ocr_carea' id='block_1_109' title="bbox 501 5941 1026 6013">
    <p class='ocr_par' dir='ltr' id='par_1_109' title="bbox 501 5941 1026 6013">
     <span class='ocr_line' id='line_1_109' title="bbox 501 5941 1026 6013; baseline -0.002 -17"><span class='ocrx_word' id='word_1_813' title='bbox 501 5942 614 6013; x_wconf 59' lang='lat'><strong>(&#39;51)</strong></span> <span class='ocrx_word' id='word_1_814' title='bbox 655 5941 907 5997; x_wconf 78' lang='grc' dir='ltr'>Ἐννάτου</span> <span class='ocrx_word' id='word_1_815' title='bbox 939 5942 1026 5999; x_wconf 85' lang='lat' dir='ltr'><strong>ed.</strong></span> 
     </span>
    </p>
   </div>
  </div>
