4030 6566
371 420 479 482 663

1213 427 1543 490 ΛΠΕΤΗΕ
1583 431 1961 492 ΟίΕΒΛΙὶΕίΕ
2001 433 2486 498 ΟΛΡΡΑΒΟΟΙᾹΞ
2527 436 2869 501 EI‘ISCOPI

3509 395 3633 509 ιει

372 537 589 592 tertiam
623 546 831 607 partem
865 537 1172 604 stellarum,
1199 539 1305 594 hoc
1343 539 1509 594 etiam
1548 539 1714 596 modo
1753 542 1953 597 consi-

2063 561 2188 614 ρων,
2234 545 2331 598 καὶ
2378 544 2522 599 οῦτω
2557 547 2879 618 θεωρητέον.
2925 544 3030 601 Δύο
3062 547 3183 601 τινὰ
3211 546 3506 620 νομίζομεν
3538 553 3635 622 δη-

372 629 554 689 derari
594 639 794 700 potest,
833 641 890 686 ut
933 631 1043 687 duo
1073 632 1320 702 quaedam
1357 648 1451 703 per
1495 635 1609 690 haec
1651 635 1949 705 signiﬁcari

373 721 792 776 existimemus:
834 731 929 777 aut
962 723 1202 792 primum
1239 724 1413 796 ipsius
1455 724 1522 781 tle
1561 726 1701 780 caan
1736 741 1950 792 casum,

373 829 497 866 cum
528 814 736 882 angelis
762 817 854 886 qui
893 832 1000 879 una
1028 832 1154 880 cum
1185 818 1302 887 ipso
1332 835 1390 875 se
1426 836 1454 872 a
1495 818 1602 872 D.-o
1626 831 1954 889 separarunt

372 921 468 974 per
490 917 794 963 extremum
826 910 1042 966 invidia:
1067 920 1270 968 motum
1297 929 1311 966 :
1336 928 1460 967 nam
1488 913 1603 970 haec
1629 923 1710 968 cst
1737 913 1909 969 cauda
1935 931 1949 969 :

375 999 619 1064 Primum
651 1002 798 1056 enint
823 995 1136 1072 elatio'qua:
1163 1005 1340 1074 ipsum
1376 1004 1560 1070 traxit,
1590 1006 1655 1060 ad
1689 1006 1950 1061 invidiam

375 1093 702 1161 obarmavit,
735 1105 788 1150 et
837 1095 936 1152 hos
968 1095 1020 1150 in
1067 1110 1261 1152 terram
1305 1097 1541 1152 detraxit
1576 1115 1588 1152 :
1624 1107 1715 1153 aut
1745 1098 1951 1154 inimici

377 1188 673 1242 tn0tiouem
706 1204 802 1253 seu
840 1205 1029 1245 casum
1073 1191 1140 1246 de
1168 1191 1310 1246 caelo
1355 1202 1477 1260 post
1522 1191 1950 1247 confractiouem

376 1281 460 1338 sui
491 1280 705 1350 capitis,
735 1296 901 1351 quam
929 1297 960 1345 a
985 1280 1271 1352 discipulis
1297 1281 1510 1338 Domini
1541 1284 1823 1348 sustinuit,
1857 1285 1950 1353 qui

346 1373 443 1438 'ab
483 1373 600 1445 ipso
636 1383 958 1444 potestatem
991 1385 1318 1444 acceperunt
1352 1375 1599 1430 calt-andi
1629 1390 1791 1445 supra
1831 1391 1952 1430 ser-

371 1477 562 1533 pentes
622 1474 677 1519 et
736 1466 1061 1537 scorpiones
1123 1478 1178 1523 et
1226 1483 1390 1538 super
1423 1483 1640 1524 omnem
1696 1469 1951 1524 virtutem

372 1554 596 1622 malam.
633 1555 759 1611 Sive
791 1566 1127 1626 postremum
1175 1568 1382 1614 motum
1434 1560 1586 1621 dicit,
1617 1574 1724 1630 quo
1759 1559 1954 1628 dejecit

369 1664 467 1717 eos
495 1648 590 1719 qtti
618 1649 758 1705 firmi
790 1667 901 1706 non
941 1661 1098 1707 erant
1135 1667 1164 1707 a
1201 1652 1412 1708 caalesﬁ
1448 1653 1830 1724 intelligentia,
1858 1654 1951 1724 qni

371 1735 583 1809 tropice
633 1739 764 1795 dicti
821 1751 952 1797 sunt
1001 1743 1173 1798 stella:
1225 1752 1449 1814 propter
1493 1744 1838 1814 Splendorem
1893 1745 1948 1798 in

373 1831 701 1898 baptismate
721 1840 1062 1903 susceptum.

2054 637 2278 692 λοῦσθαι
2305 637 2392 691 διὰ
2422 638 2626 692 τούτων
2649 655 2663 670 ·
2695 639 2728 710 ἦ
2767 639 2866 710 τὴν
2907 625 3180 710 προτέραν
3236 639 3402 693 αὑτοῦ
3453 639 3512 706 ἐξ
3539 643 3634 694 οὑ-

2059 730 2221 800 ρανοῦ
2254 731 2462 786 πτῶσιν
2495 732 2634 802 μετὰ
2661 732 2772 785 τῶν
2803 733 3228 786 συναποστατῶν
3273 732 3518 801 ἀγγέλων
3546 734 3638 788 διὰ

2055 823 2148 876 τοῦ
2192 825 2424 893 ἐσχάτου
2474 825 2771 896 κινήματος
2811 824 2904 878 τοῦ
2943 823 3138 893 φθόνου
3185 824 3380 897 (τοῦτο
3449 826 3558 896 γὰρ
3599 828 3634 896 ἡ

2055 915 2220 987 οὖρά*
2253 917 2470 986 πρῶτον
2491 917 2603 988 γὰρ
2627 919 2660 988 ὴ
2693 916 2924 986 ἔπαρσις
2949 919 2982 987 ὴ
3017 917 3230 984 σύρασα
3262 919 3467 971 ἐκεῖνον
3495 919 3636 990 πρὸς

2057 1008 2252 1077 φθόνον
2301 1009 2599 1078 ἐφώπλισε,
2636 1009 2733 1062 καὶ
2785 1009 3009 1074 τούτους
3046 1012 3126 1073 είς
3173 1011 3274 1082 τὴν
3304 1010 3406 1081 γῆν
3437 1013 3639 1084 κατέρ-

2060 1100 2284 1171 ῥαιξεν)⁹
2322 1102 2356 1170 ἦ
2404 1102 2497 1154 τοῦ
2547 1101 2746 1173 ἐχθροῦ
2797 1102 2936 1169 μετὰ
2983 1103 3080 1174 τὴν
3110 1102 3298 1158 θλάσιν
3327 1103 3492 1159 αὑτοῦ
3535 1105 3636 1172 τῆς

2058 1193 2323 1264 κεφαλῆς,
2355 1196 2422 1264 ἢν
2464 1194 2568 1248 ὑπὸ
2613 1180 2723 1248 τῶν
2761 1194 2854 1248 τοῦ
2885 1195 3090 1266 Κυρίου
3121 1196 3328 1268 ὑπέστη
3381 1196 3640 1269 μαθητῶν

2055 1277 2330 1340 λαϐόντων
2376 1286 2468 1339 ὑπ’
2516 1286 2684 1340 αὑτοῦ
2735 1287 2985 1352 ἐξουσίαν
3016 1291 3209 1342 πατεῖν
3239 1290 3426 1342 ἐπάνω
3459 1289 3638 1358 δερεων

2057 1380 2148 1434 καὶ
2198 1379 2478 1450 σκορπίων
2522 1382 2617 1433 καὶ
2664 1381 2756 1433 ἐπὶ
2801 1383 2982 1435 πᾶσαν
3012 1381 3112 1452 τὴν
3139 1380 3372 1449 δύναμιν
3409 1380 3506 1451 τὴν
3541 1398 3641 1438 κα-

2058 1473 2180 1544 κὴν,
2230 1472 2330 1544 τὴν
2386 1475 2526 1542 μετᾶ
2567 1472 2662 1528 τοῦ
2702 1474 2934 1544 ούρανοῦ
2989 1474 3226 1544 κίνησιν.
3287 1471 3492 1542 Ἥγουν
3539 1473 3640 1542 τὴν

2057 1567 2293 1637 ἐσχάτην
2316 1566 2443 1630 τοὺς
2469 1567 2834 1636 ἀστηρίκτους
2870 1566 3314 1633 κατενεγκοῦσαν
3337 1567 3400 1619 ἐκ
3428 1565 3522 1618 τοῦ
3549 1567 3642 1622 οὐ-

2057 1660 2244 1730 ρανίου
2283 1659 2632 1731 φρονήματος
2674 1658 2912 1729 ἀστέρας
2938 1657 3214 1729 τροπικῶς
3240 1655 3642 1731 ὀνομασθέντας

2055 1749 2143 1803 διὰ
2171 1749 2269 1822 τὴν
2302 1751 2366 1804 ἐκ
2399 1750 2494 1803 τοῦ
2529 1750 2907 1820 βαπτίσματος
2935 1749 3323 1820 λαμπρότητα.

447 1923 514 1994 Et
556 1925 696 1978 misit
741 1941 830 1981 eas
873 1925 928 1987 iu
970 1933 1190 1982 terram.
1231 1923 1351 1982 Una
1391 1925 1538 1982 enim
1571 1940 1759 1984 secum
1799 1924 1947 1996 deje-

2127 1932 2237 1986 Kal
2281 1931 2500 1986 ἔϐαλεν
2542 1930 2762 1996 αὐτοὺς
2813 1933 2900 1996 είς
2943 1928 3058 1997 τὴν
3084 1925 3216 1997 γῆν.
3259 1927 3640 1996 Συγκατέϐαλε

373 2019 448 2080 rit
499 2019 796 2080 maximam
849 2017 1170 2088 angelorum
1225 2027 1468 2088 partem,
1511 2019 1846 2088 persuadens
1891 2025 1951 2072 ut

2063 2023 2162 2095 γὰρ
2201 2025 2369 2093 ἑαυτῇ
2406 2022 2675 2076 πλείστων
2721 2019 2972 2090 ἀγγέλων
3005 2020 3200 2090 μοῖραν
3227 2018 3641 2087 συναποστατῆ-

369 2105 574 2184 pariter
626 2121 654 2160 a
705 2105 816 2162 Deo
856 2106 1228 2175 discederent,
1269 2124 1335 2165 ac
1375 2118 1626 2166 terrenos
1673 2107 1804 2164 fecit
1855 2123 1950 2164 eos

369 2195 461 2266 qui
498 2195 716 2252 fuerant
760 2198 1036 2266 caelestes,
1070 2209 1125 2257 et
1165 2201 1422 2258 tenebras
1463 2200 1587 2257 illos
1632 2201 1725 2271 qui
1771 2201 1950 2272 splen-

370 2288 479 2362 didi
519 2289 737 2346 fuerant
770 2291 822 2346 in
853 2293 1076 2348 modum
1113 2295 1420 2350 stellarum.

437 2379 557 2448 XII,
587 2383 641 2449 4,
679 2382 731 2439 5.
775 2383 845 2437 Et
876 2385 1037 2439 draco
1070 2386 1216 2439 stetit
1241 2395 1365 2440 ante
1401 2386 1673 2440 mulierem
1708 2401 1826 2456 qua:
1851 2399 1951 2454 pa-

370 2475 544 2529 ritura
573 2485 708 2540 erat,
729 2485 786 2530 ut
805 2494 924 2532 cum
936 2479 1234 2547 peperisset,
1249 2478 1422 2546 [ilium
1435 2479 1548 2547 ejus
1569 2479 1863 2534 devoraret.
1885 2477 1952 2531 Et

2055 2134 2146 2171 σαι
2191 2115 2430 2170 πείσασα
2473 2114 2584 2171 ἀπὸ
2608 2111 2768 2178 Θεοῦ,
2793 2114 2889 2167 καὶ
2932 2111 3202 2183 πεποίηκε
3227 2109 3474 2180 χθονίους
3511 2110 3643 2175 τοὺς

3086 2204 3099 2219 ἢ
3189 2203 3204 2221 ο
3289 2204 3302 2220 9

2053 2211 2354 2280 οὗρανίους,
2386 2208 2480 2262 καὶ
2502 2205 2690 2271 σκότος
2711 2207 2836 2269 τοὺς
2856 2205 3146 2276 λαμπροὺς
3174 2205 3250 2268 ὡς
3279 2205 3534 2275 ἀστέρας.

2125 2387 2237 2442 Kal
2275 2391 2306 2441 ό
2351 2386 2588 2455 δράκων
2624 2385 2887 2452 ἔστηκεν
2926 2381 3184 2437 ἐνώπιον
3218 2379 3328 2449 τῆς
3356 2378 3636 2450 γυναικὸς

2054 2477 2164 2546 τῆς
2183 2477 2536 2548 μελλούσης
2565 2474 2780 2540 τεκεῖν,
2823 2475 2928 2528 ἵνα
2962 2473 3111 2526 ὅταν
3135 2471 3297 2540 τέκῃ,
3325 2469 3393 2524 τὸ
3421 2469 3643 2524 τέκνον

370 2567 568 2645 peperit
610 2568 784 2636 filium
831 2567 1129 2623 musculum
1179 2570 1268 2639 qui
1321 2578 1560 2624 recturus
1610 2579 1726 2623 erat
1771 2584 1952 2623 omnes

2063 2570 2246 2640 αὐτῆς
2295 2569 2631 2639 καταφάγῃ.
2685 2567 2795 2623 Kal
2849 2568 3059 2622 ἔτεκεν
3111 2565 3245 2620 vidv-
3288 2563 3529 2632 ἄρρενα,
3570 2562 3643 2630 ὃς

372 2667 548 2734 gentes
581 2657 636 2712 in
668 2660 816 2730 virga
851 2660 1043 2729 ferrea,
1074 2659 1142 2714 Et
1178 2673 1364 2731 raptus
1395 2669 1471 2715 est
1506 2660 1649 2730 ﬁlius
1678 2661 1846 2730 ipsius
1881 2660 1951 2713 ad

2063 2665 2265 2731 μέλλει
2301 2663 2641 2732 ποιμαίνειν
2694 2660 2895 2714 πάντα
2931 2658 3004 2713 τὰ
3036 2658 3181 2724 ἔθνη
3225 2656 3292 2709 ἐν
3311 2654 3515 2724 ῥάϐδῳ
3541 2671 3640 2709 σι-

374 2750 539 2805 Deum
574 2761 621 2806 et
658 2750 728 2804 ad
768 2753 1010 2806 thronum
1039 2753 1153 2821 ejus
1187 2769 1204 2806 :
1240 2763 1290 2807 et
1315 2752 1508 2807 mulier
1534 2752 1669 2822 fugit
1699 2753 1755 2806 in
1777 2753 1953 2806 deser-

372 2852 503 2910 tum,
529 2843 619 2895 ubi
647 2842 798 2897 habet
829 2844 997 2897 locum
1031 2843 1102 2897 ibi
1149 2855 1395 2913 paratum
1432 2862 1464 2898 a
1507 2843 1638 2908 Deo,
1670 2854 1726 2896 ut
1758 2845 1829 2896 ibi
1859 2858 1954 2910 pa-

369 2915 519 3013 scant
551 2952 666 2990 eam
693 2936 876 3000 diebus
910 2937 1052 3000 milfe
1083 2938 1326 2995 ducentis
1360 2938 1658 3007 sexaginta.

442 3213 601 3280 Quod
649 3213 863 3269 steterit
912 3214 1080 3269 draco
1129 3213 1362 3268 insidias
1416 3213 1644 3268 moliens
1685 3212 1952 3270 adversus

2055 2753 2228 2823 θηρᾷ.
2268 2753 2377 2809 Καὶ
2406 2753 2690 2822 ἡρπάσθη
2737 2750 2806 2805 τό
2856 2749 3073 2804 τέκνον
3099 2748 3293 2816 αὐτῆς
3341 2747 3491 2815 πρὸς
3532 2747 3643 2799 τὸν

2059 2845 2209 2900 Θεὸν
2256 2845 2355 2898 καὶ
2400 2843 2550 2913 πρὸς
2591 2843 2700 2898 τὸν
2755 2845 2973 2912 θρόνον
3014 2840 3236 2895 αὐτοῦ’
3265 2839 3368 2894 καί
3401 2839 3438 2907 ἡ
3477 2840 3639 2908 γυνὴ

2056 2940 2282 3010 ἔφυγεν
2319 2941 2407 3005 είς
2444 2939 2560 3006 τὴν
2610 2938 2857 3006 ἔρημον,
2915 2935 3072 2989 ὅπου
3115 2935 3242 3004 ἔχει
3292 2932 3423 2987 ἐκεῖ
3452 2933 3644 2986 τόπον

2057 3030 2504 3102 ἡτοιμασμένον
2525 3029 2644 3086 ὑπὸ
2667 3029 2775 3084 τοῦ
2801 3028 2974 3093 Θεοῦ,
2998 3027 3098 3081 ἵνα
3119 3025 3244 3081 ἐκεῖ
3273 3024 3643 3094 ἐπιτρέψωσιν

2059 3125 2255 3195 αὐτὴν
2290 3124 2515 3195 ’ἡμέρας
2543 3124 2744 3194 χιλίας
2769 3121 3088 3187 διακοσίας
3111 3119 3429 3188 ἐξήκοντα.

2133 3220 2210 3273 Τὸ
2257 3219 2314 3272 δέ
2361 3217 2655 3288 ἐστηκὲναι
2700 3216 2792 3268 τδν
2841 3213 3112 3286 δράκοντα
3155 3211 3456 3273 ἐπιϐούλως
3499 3208 3643 3263 κατὰ

370 3318 612 3380 partum,
653 3305 756 3360 hoc
789 3305 1065 3376 significat
1093 3303 1241 3375 quod
1277 3303 1502 3359 multam
1532 3292 1791 3360 adhibeat
1822 3303 1949 3360 dili-

2063 3313 2149 3368 τοῦ
2183 3313 2346 3366 τόκου
2397 3309 2884 3379 ἐνσκευαζόμενον,
2933 3307 3094 3360 τοῦτο
3130 3305 3284 3377 δηλοῖ
3325 3306 3408 3359 ὅτι
3441 3303 3646 3374 πολλὴν

372 3399 610 3470 gentiam
643 3398 736 3460 ubi
766 3397 972 3468 aliquid
1003 3397 1330 3468 productum
1362 3406 1464 3464 est,
1500 3413 1610 3468 quo
1642 3396 1951 3453 molestiam

373 3491 564 3556 afferat
601 3507 615 3543 :
650 3500 705 3545 et
734 3506 987 3561 quaenam
1019 3492 1104 3546 Ine
1135 3492 1268 3558 sint,
1300 3491 1412 3562 jam
1442 3491 1648 3546 dictum
1690 3499 1797 3548 est.

381 3563 385 3570 l
449 3579 516 3634 Et
544 3592 725 3649 raptus
751 3590 826 3635 est
856 3581 998 3646 (ilius
1025 3583 1190 3652 ipsius
1221 3583 1290 3636 ad
1317 3581 1503 3636 Deum.
1527 3580 1758 3638 Pestifer
1786 3583 1954 3638 draco

374 3672 664 3746 insidiatus
697 3681 802 3738 est,
825 3683 877 3734 et
913 3671 1182 3733 Ilerodem
1217 3673 1594 3732 exstimulavit
1627 3683 1686 3729 ut
1716 3673 1954 3730 infantes

373 3767 428 3823 in
490 3765 806 3820 Betltlehem
863 3766 1161 3830 occideret,
1213 3765 1374 3836 quasi
1425 3765 1567 3821 inter
1617 3766 1741 3822 illos
1786 3766 1954 3821 etiam

372 3857 656 3929 Christum
694 3857 1123 3930 interempturus
1165 3867 1311 3914 esset
1349 3875 1362 3912 :
1399 3875 1532 3929 puer
1570 3868 1752 3923 autem
1793 3858 1958 3932 754

373 3952 608 4009 insidias
657 3951 848 4025 effugit
883 3941 974 4009 Dei
1013 3952 1189 4011 Patris
1224 3955 1588 4024 providentia,
1625 3957 1720 4026 qui
1750 3954 1953 4026 Joseplt

373 4044 601 4119 praculo
629 4046 918 4116 admonuit
958 4055 1016 4102 ut
1040 4061 1106 4102 eo
1136 4046 1420 4118 ipsiusque
1455 4057 1628 4103 matre
1656 4047 1956 4118 assumptis

375 4139 588 4220 fugeret
635 4139 689 4194 in
735 4138 1052 4212 Egyptum.
1104 4140 1345 4206 Salutem
1397 4142 1591 4215 itaque
1637 4142 1690 4197 in
1739 4151 1956 4212 raptum

373 4233 762 4300 commutavit,
817 4234 1006 4289 dicens
1041 4251 1054 4286 :
1091 4233 1290 4303 Raptus
1351 4247 1428 4290 est
1475 4235 1544 4290 ad
1580 4235 1746 4290 Deum
1785 4243 1836 4289 et
1887 4234 1958 4288 ad

376 4327 621 4405 thronum
666 4326 812 4398 ejus;
857 4327 962 4383 hoc
1015 4336 1118 4394 est,
1173 4345 1237 4383 ex
1291 4329 1474 4384 divina
1526 4316 1870 4399 providentia
1907 4336 1960 4381 et

376 4421 758 4476 dominatione
799 4436 967 4490 puero
996 4421 1061 4476 ad
1094 4422 1325 4486 salutem
1351 4421 1621 4492 disposita
1650 4437 1664 4475 :
1696 4435 1822 4474 nam
1855 4419 1960 4474 hoc

377 4512 691 4590 significare
719 4512 834 4578 vult
866 4512 1118 4572 thronus.

2057 3406 2377 3476 ἐπιμέλειαν
2405 3407 2702 3474 πεποίηται
2728 3402 2807 3472 τῷ
2827 3400 3073 3471 τεχθέντι
3100 3397 3380 3470 ἐξαρτίσαι
3419 3395 3489 3451 τὰ
3509 3396 3638 3450 δυσο

2058 3501 2194 3570 χερῆ
2211 3515 2223 3528 ·
2255 3497 2352 3551 καὶ
2373 3496 2495 3552 τίνα
2517 3495 2712 3558 ταῦτα,
2735 3494 2974 3565 εἴρηται.

2131 3591 2235 3646 Kal
2269 3587 2557 3658 ἡρπάσθη
2586 3588 2654 3642 τὸ
2680 3587 2900 3642 τέκνον
2943 3583 3131 3652 αὐτῆς
3159 3584 3309 3654 πρὸς
3337 3583 3444 3638 τὸν
3467 3585 3639 3638 Θεόν.

2071 3683 2129 3738 ⁸0
2178 3683 2277 3752 μὲν
2327 3681 2530 3745 ίοϐόλος
2581 3680 2799 3751 δράκων
2847 3678 3140 3750 ἐνήδρευσε
3185 3677 3282 3730 καί¹
3331 3673 3644 3748 παρέθηξεν

2071 3775 2318 3847 Ἡρώδην
2343 3773 2556 3828 ἀνελεῖν
2596 3772 2664 3825 τὰ
2707 3773 2765 3825 ἐν
2793 3769 3040 3841 Βηθλεέμ
3079 3769 3276 3840 βρέφη,
3307 3768 3381 3831 ὡς
3415 3768 3474 3820 ἐν
3499 3767 3646 3820 ἐκεί-

2061 3885 2174 3932 νοις
2221 3867 2318 3921 καὶ
2367 3864 2601 3936 Χριστὸν
2647 3863 2993 3934 ἀναιρήσων·
3058 3863 3120 3915 τὸ
3152 3861 3209 3914 δέ
3242 3859 3456 3916 παιδίον
3501 3858 3643 3913 Θεοῦ

2061 3960 2290 4031 προνοίᾳ
2335 3958 2430 4013 τοῦ
2486 3957 2697 4028 Πατρδς
2775 3954 3215 4028 χρηματίσαντος
3265 3951 3343 4024 τῷ
3406 3953 3642 4023 Ἰωσὴφ,

2064 4049 2449 4122 παραλαϐόντα
2479 4047 2611 4102 αὐτὸ
2638 4046 2732 4099 καὶ
2755 4045 2852 4116 τὴν
2878 4044 3092 4116 μητέρα
3119 4043 3285 4096 αὐτοῦ
3318 4041 3539 4112 φεύγειν
3561 4041 3644 4108 εἰς

2061 4142 2358 4208 Αἴγυπτον,
2381 4137 2604 4205 διέφυγε
2627 4135 2727 4206 τὴν
2747 4135 3061 4205 ἐπιϐουλήν.
3097 4133 3210 4202 Τὴν
3234 4132 3509 4204 σωτηρίαν
3531 4129 3645 4185 τοί-

2062 4252 2158 4288 νυν
2190 4234 2269 4297 είς
2294 4229 2552 4303 ἁρπαγὴν
2580 4227 2758 4295 ἔταξε,
2793 4228 2948 4297 Πρὸς
2978 4226 3086 4280 τὸν
3115 4225 3283 4291 Θεὸν,
3313 4225 3512 4294 λέγων,
3541 4223 3644 4277 καί

2064 4326 2215 4393 πρὸς
2244 4325 2351 4378 τὸν
2382 4326 2601 4392 θρόνον
2645 4323 2855 4388 αὑτοῦ,
2887 4321 3050 4376 οἱονεὶ
3095 4323 3160 4376 ἐκ
3197 4321 3294 4391 τῆς
3324 4319 3476 4382 θείας
3509 4335 3644 4390 προ⁴

2066 4415 2212 4478 νοίας
2244 4415 2338 4469 καὶ
2374 4415 2692 4478 δεσποτείας
2727 4414 3081 4485 διακειμένης
3115 4414 3214 4484 τῆς
3257 4411 3530 4484 σωτηρίας
3562 4410 3643 4482 τῷ

2068 4506 2266 4577 παιδίῳ
2285 4523 2298 4537 ·
2331 4505 2489 4560 τοῦτο
2515 4507 2623 4579 γὰρ
2645 4509 2673 4560 ὁ
2709 4506 2896 4579 θρόνος
2925 4505 3176 4577 βούλεται
3205 4505 3419 4576 δηλοῦν.

441 4589 520 4656 Ἐι
556 4602 746 4672 mulier
770 4603 906 4672 fugit
935 4604 988 4671 iu
1015 4604 1297 4670 desertum.
1333 4601 1576 4662 Mulieris
1605 4602 1730 4672 fuga
1759 4600 1828 4657 ad
1859 4599 1958 4655 de-

2138 4597 2250 4652 Kal
2301 4598 2339 4666 ἠ
2390 4597 2544 4667 γυνὴ
2589 4598 2817 4668 ἔφυγεν
2856 4599 2944 4664 είς
2973 4597 3089 4666 τὴν
3138 4599 3381 4667 ἔρημον.
3429 4597 3496 4651 ἸΙ
3544 4595 3645 4666 τῆς

376 4705 584 4750 sertum
626 4695 903 4766 significat
957 4695 1257 4750 electorum
1313 4693 1518 4765 fugam,
1554 4710 1663 4762 qua
1691 4693 1745 4748 in
1791 4693 1956 4748 Anti-

376 4785 574 4860 christi
638 4785 878 4840 adventu
932 4784 1078 4840 facto
1140 4799 1236 4856 per
1287 4786 1659 4856 operationem
1721 4783 1954 4852 Satanzr,

377 4864 591 4946 fugient
625 4875 887 4948 praecipui
935 4877 1183 4932 omnium
1213 4877 1306 4955 qui
1356 4877 1412 4932 in
1443 4875 1691 4932 Ecclesia
1723 4875 1954 4953 fuerint,

334 4966 338 4971 ’
373 4989 402 5028 a
436 4971 692 5027 civilibus
717 4970 1125 5030 turbationibus
1147 4972 1552 5043 mundanisque
1585 4973 1958 5042 voluptatibus

374 5065 650 5138 fugientes
699 5080 876 5122 annos
929 5075 1040 5122 tres
1082 5075 1135 5122 et
1159 5066 1447 5124 dimidium
1491 5083 1509 5127 ς,
1557 5074 1764 5119 tantum
1805 5065 1951 5122 enim

374 5161 678 5232 temporale
707 5160 925 5232 explent
956 5160 1198 5233 spatium
1238 5159 1391 5229 mille
1421 5158 1638 5240 (lucenti
1675 5159 1954 5236 sexaginta

371 5256 512 5315 dies.

913 5366 1145 5424 CAPUT
1183 5367 1426 5423 XXXIV.

377 5466 452 5522 De
474 5464 756 5521 commisso
783 5461 970 5531 prazlio
1011 5461 1148 5514 inter
1183 5473 1394 5516 structos
1423 5463 1637 5529 angelos
1679 5471 1729 5515 ct
1760 5479 1952 5531 pravas

388 5537 397 5546 '
691 5543 998 5614 potestates,
1027 5543 1073 5587 et
1102 5532 1166 5586 de
1201 5549 1328 5595 casu
1365 5533 1633 5597 draconis.
1908 5541 1910 5543 ’

443 5709 560 5774 XII.
605 5710 726 5766 7-9.
771 5713 836 5764 Et
878 5710 1082 5780 factum
1115 5721 1192 5765 est
1241 5713 1484 5779 puellum
1542 5714 1596 5766 iu
1639 5715 1765 5768 eozlo
1794 5731 1812 5768 :
1849 5714 1952 5780 Mi-

374 5801 522 5858 chael
551 5810 600 5855 et
650 5801 823 5871 angeli
873 5802 984 5881 ejus
1017 5803 1251 5873 pra‘liati
1290 5815 1410 5858 sunt
1451 5821 1569 5858 cum
1613 5813 1862 5868 dracone,
1903 5817 1951 5860 et

372 5895 536 5968 tlrat‘o
557 5894 799 5966 pugnavit
825 5905 871 5949 ct
901 5896 1073 5970 angeli
1102 5896 1234 5968 rjus,
1264 5905 1311 5951 et
1346 5913 1444 5951 uou
1473 5897 1766 5968 valuerunt,
1792 5916 1954 5969 neque

2067 4689 2324 4760 γυναικὸς
2365 4690 2512 4762 φυγὴ
2553 4691 2634 4756 είς
2680 4692 2778 4762 τὴν
2824 4692 3031 4763 ἔρημον
3063 4691 3160 4764 τὴν
3212 4691 3323 4744 τῶν
3366 4689 3646 4744 ἐκλεκτῶν

2065 4781 2246 4852 φυγὴν
2279 4781 2553 4852 σημαίνει,
2585 4786 2652 4854 ἢν
2683 4785 2776 4837 ἐπὶ
2807 4785 3112 4854 παρουσίας
3139 4783 3232 4836 τοῦ
3271 4781 3643 4854 Ἀντιχρίστου

2064 4875 2169 4928 ὑπὸ
2197 4873 2290 4928 τοῦ
2325 4874 2572 4929 διαϐόλου
2613 4877 3014 4947 ἐνεργουμένης
3058 4875 3348 4946 φεύξονται
3400 4877 3448 4928 ul
3479 4891 3646 4946 κορυ-

2063 4968 2342 5038 φαιότατοι
2377 4970 2477 5040 τῆς
2534 4969 2883 5040 Ἐκκλησίας.
2915 4971 2981 5023 ἐκ
3009 4969 3120 5022 τῶν
3150 4967 3446 5022 πολιτικῶν
3476 4966 3643 5037 θορύ-

2063 5062 2174 5116 ϐων
2213 5061 2308 5115 καὶ
2339 5061 2618 5131 κοσμικῶν
2657 5060 2950 5130 φεύγοντες
2999 5061 3202 5133 ἡδονῶν
3255 5060 3350 5114 ἐπὶ
3387 5059 3482 5130 ἔτη
3516 5060 3646 5130 τρία

2061 5156 2253 5224 ἥμισυ.
2313 5152 2486 5207 Τοῦτο
2539 5153 2650 5226 γὰρ
2698 5155 2757 5208 αἱ
2818 5153 2990 5225 χίλιαι
3045 5153 3321 5208 διακόσιαι
3377 5152 3645 5224 ἐξήκοντα

2061 5246 2264 5318 ἡμέραι
2290 5245 2542 5318 κρονικόν
2571 5245 2888 5308 συντελοῦσι
2915 5245 3213 5317 διάστημα,

2649 5361 2901 5417 ΚΕΦΑΛ.
2943 5358 3065 5426 ΔΔ’.

2059 5457 2197 5525 Περὶ
2232 5456 2340 5528 τοῦ
2371 5460 2696 5528 γενομένου
2727 5457 2996 5528 πολέμου
3029 5454 3259 5528 μεταξὺ
3308 5453 3426 5509 τῶν
3455 5455 3640 5528 ἁγίῳ·

2077 5539 2080 5542 ’
2128 5523 2422 5597 ἀγγέλων,
2453 5523 2549 5591 καὶ
2584 5528 2702 5581 τῶν
2726 5523 3010 5597 πονηρῶν
3031 5523 3368 5596 δυνάμεων,
3394 5523 3506 5581 καί
3528 5523 3643 5592 τῆς

2130 5595 2565 5664 καταπτώσεως
2601 5598 2704 5652 τοῦ
2735 5595 3082 5666 δράκοντος.

2128 5711 2237 5767 Kal
2259 5710 2496 5786 ἐγένετο
2521 5711 2781 5780 πόλεμος
2804 5709 2874 5763 ἐν
2895 5707 2974 5774 τῷ
2999 5706 3253 5778 οὐρανῷ.
3299 5708 3362 5762 '0
3391 5705 3639 5776 Μιχαὴλ

2059 5806 2154 5859 καί
2180 5809 2232 5859 οἱ
2261 5804 2501 5876 ἄγγελοι
2543 5804 2729 5859 αὐτοῦ
2767 5803 3159 5874 ἐπολέμησαν
3183 5801 3335 5873 μετὰ
3366 5800 3472 5856 τοῦ
3494 5799 3640 5884 (Spei-

2059 5915 2300 5965 xcrtoc'
2331 5898 2428 5954 καί
2460 5901 2490 5954 ό
2526 5897 2759 5968 δράκων
2789 5896 3128 5968 ἐπολέμησε
3164 5894 3262 5949 καὶ
3303 5896 3357 5948 ol
3396 5892 3644 5963 ἄγγελοι
