4030 6592
317 455 431 522 665

1383 464 1764 530 COMMENT.
1807 469 1892 531 IN
1931 472 1973 529 A
1986 472 2456 545 POCALYPSIN.

3484 487 3590 552 ϐιῒὸ

318 569 524 637 αὐτοῦ,
560 570 658 624 καὶ
688 572 800 627 οὐκ
829 571 1122 641 ἴσχυσαν,
1162 573 1306 628 οὐδὲ
1342 576 1524 642 τόπος
1548 578 1759 646 εὑρέθη
1787 580 1893 633 αὐ-

2031 605 2145 643 πιιε
2169 606 2345 645 eorum
2377 592 2610 661 amplius
2642 593 2883 650 inventus
2910 606 2988 651 est
3016 598 3071 652 in
3104 598 3255 652 caelo.
3288 598 3357 652 Et
3382 598 3581 667 ejectus

320 662 440 719 τῶν
470 662 559 716 ἔτι
598 664 668 718 ἐν
710 663 789 730 τῷ
815 665 1069 733 οὐρανῷ.
1114 666 1223 721 Καὶ
1252 667 1475 737 ἐϐλήθη
1521 672 1555 723 d
1599 670 1838 738 δράκων
1868 674 1901 726 ὁ

313 760 525 828 μέγας,
547 761 580 812 ὁ
607 758 741 825 ὄφις
769 760 802 813 ὀ
844 758 1095 827 ἀρχαῖος
1121 763 1155 814 ό
1194 762 1568 831 καλούμενος
1600 762 1900 830 διάϐολος,

318 850 419 905 καὶ
467 848 760 916 Σατανᾶς.
806 853 839 905 ό
891 849 1143 906 πλανῶν
1169 850 1287 920 τὴν
1312 854 1679 924 οἰκουμένην
1725 855 1901 924 ὅλην,

316 946 545 1014 ἐϐλήθη
574 946 661 1010 εἷς
685 943 803 1012 τὴν
842 942 982 1013 γῆν,
1025 944 1125 998 καὶ
1156 946 1211 999 οἱ
1252 944 1497 1015 ἄγγελοι
1543 947 1732 1004 αὐτοῦ
1774 952 1902 1019 μετ’

317 1037 509 1094 αὐτοῦ
540 1035 912 1104 ἐϐλήθησαν.

402 1130 463 1184 '0
496 1130 555 1182 ὲν
598 1126 677 1198 τῷ
718 1126 932 1199 οὐρανῷ
962 1126 1199 1197 πόλεμος
1240 1125 1330 1181 διά
1380 1128 1479 1200 τὴν
1518 1129 1742 1202 πρώτην
1769 1131 1904 1186 ἀλα-

321 1221 536 1288 ζονείαν
569 1222 666 1276 καὶ
714 1219 808 1273 τδν
853 1218 997 1273 κατά
1037 1218 1132 1272 τοῦ
1195 1219 1365 1291 ’Λδάμ
1402 1221 1598 1291 φθόνον
1647 1224 1901 1294 συνέστη.

319 1312 432 1368 Τοῦ
468 1313 908 1384 ἀρχιστρατήγου
935 1312 1115 1364 τοίνυν
1144 1311 1366 1382 Μιχαὴλ
1412 1312 1488 1383 μὴ
1517 1312 1775 1385 φέροντος
1804 1313 1907 1384 τὴν

319 1404 417 1458 τοῦ
457 1403 706 1459 διαϐόλου
742 1401 1083 1468 ἀλαζονείαν,
1125 1403 1221 1455 καὶ
1256 1402 1540 1473 πολεμικῷ
1567 1404 1762 1476 κράτει
1807 1405 1909 1475 τῆς

320 1496 528 1559 οἰκείας
579 1495 917 1567 ὲνδιατριϐῆς
967 1494 1374 1567 ἀπορῥίψαντος
1434 1497 1644 1550 ἐκεῖνον
1711 1497 1907 1558 πάλαι,

320 1583 482 1651 αὖθις
525 1589 583 1639 ὲν
617 1588 683 1658 τῇ
713 1586 808 1640 τοῦ
868 1586 1239 1657 ’Λντιχρίστου
1288 1587 1587 1659 παρουσίᾳ,
1632 1588 1773 1658 μετά
1798 1590 1910 1643 τῶν

336 1675 608 1730 Ἰουδαίων
630 1677 725 1729 καὶ
750 1675 859 1729 τῶν
879 1676 1128 1745 ἀγγέλων
1154 1677 1219 1729 αὐ
1230 1677 1320 1729 τοῦ
1343 1677 1452 1731 τῶν
1473 1677 1911 1752 διακονουμένων

322 1768 478 1838 αὐτῷ
512 1771 624 1833 τοῖς
656 1768 799 1822 κατά
829 1768 939 1822 τῶν
966 1769 1175 1824 πιστῶν
1204 1770 1299 1824 καὶ
1335 1770 1506 1839 ἁγίων
1544 1775 1910 1844 πειρασμοῖς,

323 1862 402 1925 ῶς
429 1860 778 1931 ἠτιμωμένος
818 1858 1006 1925 δοῦλος
1040 1860 1135 1915 τοῦ
1180 1861 1344 1916 αὐτοῦ
1379 1863 1784 1935 ἀπορρίψαντος
1813 1868 1911 1918 αὐ-

322 1950 440 2016 τὸν,
468 1951 783 2004 ἐκπεσεῖται
806 1950 1138 2023 τελεώτερον
1157 1952 1186 2006 ὁ
1207 1951 1475 2017 διάϐολος.
1505 1955 1662 2019 Τινὲς
1695 1954 1753 2009 δὲ
1781 1956 1911 2009 ταύ-

322 2057 428 2111 την
472 2041 572 2111 τὴν
617 2040 893 2097 ἔκπτωσιν
921 2042 1014 2097 τοῦ
1061 2043 1312 2098 διαϐόλου
1360 2046 1498 2115 μετά
1530 2046 1591 2099 τὸ
1624 2045 1911 2119 βάπτισμα

324 2132 422 2186 καὶ
462 2130 555 2185 τδν
585 2132 894 2204 πειρασμὸν
938 2132 1032 2187 τοῦ
1068 2134 1305 2204 Χριστοῦ
1346 2136 1629 2205 γεγονέναι
1654 2138 1910 2207 λέγουσι,

329 2225 422 2279 καὶ
450 2225 591 2296 μετά
615 2225 676 2278 τὸ
698 2224 981 2297 εἰρηκέναι
1009 2225 1161 2299 αὑτῷ
1186 2226 1280 2280 τὸν
1310 2227 1576 2297 Χριστόν
1611 2247 1629 2281 ι
1665 2229 1910 2294 ’Ὑπαγε,

328 2310 566 2367 Σατανᾶ.
596 2332 614 2364 ι
654 2313 764 2366 Καὶ
802 2313 1008 2385 σφόδρα
1034 2313 1195 2369 τοῦτο
1222 2316 1335 2379 τοῖς
1361 2316 1491 2388 περὶ
1517 2317 1616 2389 τῆς
1647 2319 1913 2372 Θεοτόκου

328 2405 645 2474 εἰρημένοις
698 2406 964 2476 ἁρμόζειν
1006 2407 1171 2462 δοκεῖ.
1214 2406 1498 2480 Διώνυμος
1542 2409 1601 2463 δὲ
1633 2410 1911 2465 καλεῖται·

330 2496 577 2559 Σατανᾶς
607 2496 727 2567 μὲν,
778 2497 851 2560 ὡς
897 2498 1274 2571 ἀντικείμενος
1314 2501 1393 2572 τῷ
1418 2502 1697 2575 Δεσπότῃ·
1732 2503 1918 2559 διάϐο-

328 2588 420 2652 λος
449 2589 529 2656 δὲ,
563 2591 639 2654 ὼς
665 2591 968 2646 διαϐάλλων
993 2592 1128 2647 Θεὸν
1154 2594 1468 2666 ἀνθρώποις
1494 2597 1570 2662 ὼς
1598 2597 1677 2670 τῷ
1719 2600 1915 2672 Ἀδάμ.

404 2682 514 2736 Καὶ
560 2682 798 2751 ἤκουσα
848 2684 1062 2755 φωνὴν
1106 2687 1386 2757 μεγάλην
1435 2690 1505 2744 ἐν
1534 2690 1618 2757 τῷ
1658 2692 1916 2761 οὐρανῷ,

328 2774 639 2845 λέγουσαν
658 2791 672 2805 ⁶
718 2778 884 2846 "Apte
911 2777 1152 2848 ἐγένετο
1182 2780 1221 2848 ἠ
1245 2783 1512 2852 σωτηρία
1547 2783 1645 2838 καὶ
1666 2784 1705 2851 η
1737 2785 1920 2840 eam.

324 2887 430 2939 μις
457 2869 554 2922 καὶ
577 2868 615 2937 ἡ
635 2868 928 2933 ,βασιλεία
949 2869 1054 2925 τοῦ
1078 2871 1228 2926 Θεοῦ
1251 2872 1440 2942 ἡμῶν,
1472 2874 1571 2929 καὶ
1603 2875 1641 2943 ἡ
1664 2876 1920 2939 ἐξουσία

328 2965 442 3020 τοῦ
466 2966 725 3034 Χριστοῦ
747 2966 955 3033 αὐτοῦ,
988 2967 1077 3021 ὅτι
1106 2967 1334 3037 ἐϐλήθη
1387 2972 1421 3024 ό
1444 2970 1778 3040 κατήγορος
1802 2969 1923 3024 τῶν

330 3056 615 3127 ἀδελφῶν
640 3056 829 3126 ἡμῶν,
859 3059 892 3113 o'
927 3057 1275 3128 κατηγορῶν
1297 3058 1497 3113 αὐτῶν
1524 3059 1788 3113 ἐνώπιον
1812 3059 1922 3114 τοῦ

334 3151 487 3206 Θεοῦ
517 3149 687 3219 ἡμῶν
716 3150 944 3220 ἡμέρας
977 3152 1077 3206 καὶ
1104 3154 1348 3219 νυκτός.
1388 3151 1494 3206 Καὶ
1524 3152 1693 3207 αὐτοὶ
1717 3152 1920 3219 ἐνίκη-

2002 691 2079 734 est
2108 684 2269 738 draco
2303 701 2524 755 magnus
2554 702 2766 756 serpens
2792 690 3064 760 antiquus,
3092 691 3184 761 qui
3213 700 3436 745 vocatur
3463 690 3587 744 dia-

2006 775 2179 842 belus,
2226 787 2275 831 et
2308 774 2562 845 Satanas,
2595 780 2686 848 qui
2715 780 2917 835 seducit
2950 791 3118 835 totum
3158 782 3357 845 orbem,
3392 782 3589 851 eiectus

2004 878 2079 924 est
2112 869 2169 924 in
2203 879 2423 935 terram,
2454 880 2505 926 et
2540 872 2717 942 angeli
2744 874 2912 942 ipsius
2943 892 3062 930 cum
3100 892 3159 930 eo
3186 876 3339 946 ejecti
3374 889 3518 933 sunt.

2080 1136 2333 1195 Przelium
2358 1141 2411 1195 in
2444 1142 2587 1198 cmlo
2629 1143 2858 1215 contigit
2886 1153 3108 1215 propter
3138 1145 3371 1215 primam
3403 1161 3594 1215 super-

2007 1231 2152 1286 biam
2185 1241 2240 1286 et
2273 1234 2531 1287 invidiam
2583 1235 2850 1291 adversus
2877 1236 3073 1292 Adam.
3104 1235 3242 1291 Cum
3276 1238 3457 1306 itaque
3485 1237 3591 1291 Mi—

2009 1324 2163 1379 chael
2199 1325 2308 1379 dux
2348 1326 2627 1382 exercitus
2654 1343 2763 1383 non
2799 1329 2985 1383 tulerit
3012 1330 3216 1385 diaboli
3249 1332 3593 1400 superbiam,

2009 1427 2064 1471 et
2094 1417 2286 1472 bellica
2310 1418 2514 1473 virtute
2547 1419 2701 1474 illum
2732 1436 2764 1474 a
2798 1436 2897 1476 sua
2925 1422 2979 1476 in
3010 1423 3152 1477 cmio
3174 1425 3596 1478 conversatione

2006 1508 2118 1579 jam
2154 1508 2283 1562 olim
2318 1509 2598 1579 abjeeerit,
2631 1526 2852 1565 rursum
2891 1510 2947 1565 in
2981 1512 3217 1568 adventu
3264 1512 3596 1567 Antichristi

2012 1616 2122 1656 una
2153 1616 2278 1657 eum
2311 1600 2517 1657 Iudaeis
2549 1611 2601 1658 et
2635 1603 2846 1673 angelis
2879 1603 2986 1658 sibi
3028 1604 3471 1659 ministrantibus
3500 1619 3598 1672 per

2013 1695 2339 1751 tentationes
2390 1694 2659 1751 adversus
2689 1695 2878 1751 fideles
2909 1704 2963 1751 et
3011 1705 3255 1760 sanctos,
3303 1695 3601 1765 perfectius

2012 1785 2229 1841 excidet
2259 1784 2534 1849 diabolus,
2590 1800 2786 1856 nempe
2816 1784 3222 1855 ignominiosus
3246 1784 3499 1841 redditus
3533 1784 3602 1839 ab

2014 1874 2162 1931 illius
2208 1875 2384 1931 servis
2420 1875 2515 1945 qui
2575 1875 2754 1945 ipsum
2791 1875 3087 1946 dejecerat.
3141 1875 3373 1941 Quidam
3415 1884 3602 1931 autem

2016 1969 2163 2023 hunc
2218 1965 2379 2037 755
2426 1965 2629 2022 diaboli
2685 1981 2873 2022 casum
2931 1966 3139 2023 factum
3183 1966 3353 2023 fuisse
3406 1965 3604 2021 dicunt

2014 2066 2138 2125 post
2163 2058 2435 2129 baptisma
2465 2065 2520 2113 et
2569 2058 2927 2112 tentatiunem
2956 2056 3187 2119 Christi,
3214 2067 3269 2111 et
3302 2064 3601 2126 postquam

2013 2151 2153 2207 dixit
2174 2150 2224 2206 ei
2250 2148 2527 2215 Christus,
2560 2168 2578 2201 ι
2613 2149 2733 2215 Abi,
2762 2150 3028 2205 Satana”
3052 2168 3097 2205 τι
3131 2148 3605 2219 ἱᾶφιοννθῐιοιιιεηο

2016 2255 2098 2301 ter
2151 2255 2577 2300 consentaneum
2642 2241 2858 2297 videtur
2911 2256 3034 2296 esse
3089 2240 3177 2294 bis
3228 2255 3353 2309 qua:
3380 2239 3449 2294 de
3504 2237 3603 2292 Dei

2015 2336 2187 2391 Matre
2212 2334 2358 2389 dicta
2390 2341 2540 2390 sunt.
2577 2331 2803 2389 Duobus
2834 2348 2963 2387 vero
3001 2331 3328 2385 nominibus
3360 2329 3604 2400 appella-

2018 2439 2107 2484 tur
2139 2444 2155 2482 :
2184 2426 2421 2482 Satanas
2449 2425 2695 2497 quidem,
2732 2431 2920 2494 utpote
2950 2423 3180 2477 Domino
3210 2422 3599 2477 adversarius:

2018 2522 2274 2578 diabolus
2327 2535 2480 2587 vero,
2531 2529 2790 2590 tanquam
2846 2517 3018 2572 Deum
3056 2517 3404 2572 calumnians
3462 2514 3604 2584 apud

2020 2615 2292 2680 homines,
2330 2612 2499 2668 veluti
2540 2612 2684 2681 apud
2724 2611 2919 2666 Adam.

2089 2706 2209 2773 XII,
2243 2706 2434 2762 10-12.
2485 2704 2550 2759 Et
2591 2704 2778 2760 audivi
2831 2720 3006 2759 vocem
3057 2718 3307 2773 magnam
3348 2702 3405 2756 in
3453 2699 3605 2763 creto,

2020 2803 2276 2857 dicentem
2308 2817 2326 2855 :
2364 2798 2521 2855 Nunc
2553 2800 2701 2868 facta
2737 2808 2814 2853 est
2844 2798 2991 2852 salus
3022 2807 3070 2851 et
3106 2798 3275 2851 virtus
3308 2804 3358 2849 et
3388 2810 3607 2864 regnum

2021 2896 2119 2949 Dei
2167 2894 2336 2948 nostri
2382 2910 2443 2946 ac
2480 2901 2711 2962 potestas
2743 2890 2939 2946 Christi
2989 2890 3125 2959 ejus,
3174 2888 3302 2957 quia
3340 2886 3607 2956 projectus

2020 2997 2099 3043 est
2134 2995 2411 3040 accusator
2440 2985 2673 3053 fratrum
2715 2990 3044 3042 nostrorum,
3075 2981 3165 3048 qui
3207 2977 3491 3031 accusabat
3521 2992 3608 3029 eos

2023 3094 2203 3135 coram
2236 3077 2339 3131 Deo
2370 3084 2551 3129 nostra
2573 3073 2657 3127 die
2692 3089 2753 3126 ac
2782 3080 2954 3126 nocte.
2989 3070 3057 3123 Et
3088 3071 3190 3138 ipsi
3221 3069 3456 3122 vicerunt
3489 3081 3608 3120 eum

2023 3179 2237 3240 propter
2261 3168 2574 3239 sanguinem
2598 3165 2744 3236 agni,
2777 3171 2828 3217 et
2863 3171 3077 3233 propter
3113 3160 3325 3215 verbum
3361 3154 3609 3225 martyrii

332 3259 458 3298 σαν
489 3244 696 3312 αὑτὸν,
718 3244 816 3298 διὰ
843 3244 908 3298 τὸ
934 3239 1077 3314 αἷμα
1106 3244 1214 3300 τοῦ
1253 3244 1511 3313 Ἀρνίου.
1540 3244 1639 3299 καὶ
1672 3245 1776 3299 διὰ
1810 3244 1918 3298 τὸν

2031 3266 2259 3335 ipsorum
2297 3276 2450 3317 :non
2501 3257 2802 3311 dilexerunt
2850 3254 3087 3308 animam
3133 3268 3287 3306 suam
3332 3264 3493 3319 usque
3538 3247 3609 3300 ad

330 3338 523 3407 λόγον
552 3336 657 3406 τῆς
692 3336 1024 3406 μαρτυρίας
1063 3336 1285 3399 αὐτῶν,
1320 3336 1419 3391 καὶ
1445 3337 1558 3391 οὐκ
1587 3336 1921 3406 ἠγάπησαν

334 3428 455 3497 τὴν
482 3428 696 3498 ψυχὴν
730 3426 932 3483 αὐτῶν
950 3426 1090 3498 ἄχρι
1139 3427 1419 3484 θανάτου.
1466 3426 1569 3482 Διά
1614 3428 1793 3483 τοῦτο
1822 3430 1923 3482 εὖ-

335 3521 679 3590 φραίνεσθε,
703 3521 971 3589 οὐρανοὶ,
996 3520 1094 3574 καὶ
1116 3522 1173 3574 οἱ
1195 3521 1266 3574 ἐν
1288 3519 1493 3587 αὐτοῖς
1523 3519 1919 3589 σκηνοῦντες.

339 3612 489 3668 οὐαὶ
516 3611 592 3681 τῇ
617 3611 698 3683 τῇ
726 3612 824 3667 καὶ
851 3611 926 3681 τῇ
962 3612 1267 3681 θαλάσσῃ,
1300 3611 1387 3666 ὅτι
1421 3613 1639 3680 κατέϐη
1664 3615 1697 3665 ὀ
1724 3611 1919 3668 διάϐοι

336 3710 453 3771 λος
477 3703 627 3774 πρὸς
664 3704 820 3774 ὑμᾶς
844 3704 1003 3774 ἔχων
1024 3704 1215 3774 θυμὸν
1237 3703 1448 3775 μέγαν,
1481 3703 1653 3772 εἰδὼς
1675 3704 1766 3759 ὅτι
1794 3708 1924 3760 ὀλί-

340 3812 454 3865 γον
485 3795 701 3864 καιρὸν
727 3794 877 3865 ἔχει.

414 3908 527 3980 Τῆς
553 3908 812 3979 οὐρανίας
839 3907 1090 3973 ἀξιωθεὶς
1120 3907 1309 3962 ἀνόδου
1337 3907 1428 3976 ἀφ’
1465 3899 1528 3962 οὗ
1561 3909 1656 3962 καὶ
1702 3908 1795 3962 τὸν
1822 3908 1924 3961 πό-

341 4002 512 4070 λεμον
549 4001 834 4066 ἐθεάσατο,
875 4000 972 4054 καὶ
1019 4000 1121 4068 τὴν
1157 4000 1299 4054 κατά
1335 3998 1432 4053 τοῦ
1467 4000 1714 4054 διαϐόλου
1745 4002 1924 4073 νίκην,

341 4093 581 4151 ἀκοῦσαί
634 4111 768 4163 φησι
815 4094 909 4147 καὶ
959 4092 1144 4164 φωνὴν
1193 4091 1481 4162 λέγουσαν,
1541 4092 1618 4156 ὡς
1664 4092 1928 4158 πολλάκις

343 4169 689 4257 παρεθέμην,
717 4184 839 4239 ἀντὶ
857 4182 977 4251 τοῦ,
1009 4183 1300 4254 δηλοῦσαν,
1331 4182 1925 4254 παραλαμϐανομένην

343 4279 398 4333 τί
442 4277 498 4331 δὲ
536 4273 835 4346 δηλοῦσανξ
888 4275 1000 4346 Τὴν
1030 4274 1373 4345 εὐφροσύνην
1415 4274 1483 4346 ἢν
1517 4274 1677 4345 ἔσχον
1720 4275 1814 4327 ἐπὶ
1861 4276 1926 4347 τῇ

345 4368 476 4439 νίκῃ
502 4366 595 4421 τοῦ
625 4366 856 4420 Σατανᾶ.
886 4366 982 4429 Τίς
1009 4366 1065 4420 δὲ
1088 4368 1120 4436 ἡ
1158 4366 1273 4438 ᾠδή
1294 4368 1483 4438 ;¹Ἀρτι
1509 4366 1728 4435 ἐγένετο
1755 4369 1787 4438 ἡ
1821 4384 1929 4420 σω-

346 4460 534 4531 τηρία,
562 4460 656 4514 καὶ
688 4460 722 4531 ἡ
753 4458 999 4529 βασιλεία
1031 4458 1126 4512 καὶ
1152 4460 1185 4530 ἡ
1211 4458 1441 4530 δύναμις
1465 4462 1499 4531 ἡ
1529 4458 1623 4513 τοῦ
1681 4458 1818 4513 Θεοῦ
1856 4459 1933 4513 διο

351 4552 597 4624 ἔλαμψεν
632 4551 1026 4622 ἀκριϐεστάτη.
1060 4552 1133 4604 Τὸ
1171 4551 1228 4604 δὲ
1258 4551 1390 4619 ἄρτι
1420 4552 1569 4615 οὐτὸ
1606 4551 1799 4623 νεαρὸν
1833 4569 1930 4623 ση-

2028 3366 2250 3411 mortem
2285 3370 2298 3406 ε
2334 3362 2611 3421 propterea
2649 3348 2931 3413 la'tamini,
2968 3345 3108 3413 cati,
3138 3358 3185 3400 et
3223 3344 3315 3412 qui
3355 3339 3610 3395 habitatis

2026 3453 2080 3507 in
2108 3451 2202 3506 eis.
2249 3447 2337 3503 Va:
2367 3458 2521 3501 teme
2541 3453 2589 3499 et
2616 3445 2776 3509 mari,
2810 3443 2942 3514 quia
2971 3440 3238 3496 descendit
3272 3438 3341 3492 ad
3368 3453 3458 3491 vos
3489 3434 3611 3487 dia-

2028 3544 2178 3599 bolus
2214 3542 2407 3595 habens
2446 3540 2582 3593 iram
2631 3552 2904 3610 magnam,
2947 3534 3115 3603 sciens
3158 3530 3295 3603 quod
3338 3528 3609 3584 modicum

2031 3648 2231 3707 tempus
2265 3634 2475 3689 habeat.

2103 3897 2241 3953 Cum
2296 3902 2490 3949 nactus
2535 3898 2682 3946 esset
2712 3902 3001 3945 ascensum
3034 3888 3089 3941 in
3123 3883 3351 3945 coelum,
3384 3880 3534 3951 pnde
3562 3886 3618 3933 et

2032 3991 2280 4062 praelium
2312 3992 2700 4057 conspexerat,
2727 3993 2782 4037 et
2813 3979 3099 4036 victoriam
3134 3976 3402 4032 adversus
3428 3972 3614 4029 diabo-

2033 4086 2170 4147 lum,
2200 4081 2424 4137 audisse
2454 4093 2513 4133 se
2543 4076 2618 4131 ait
2656 4088 2848 4130 vocem
2882 4087 3005 4144 quae
3044 4070 3274 4131 diceret,
3303 4068 3405 4122 hoc
3431 4073 3517 4120 est
3548 4062 3618 4119 ad

2034 4172 2458 4247 signiﬁcandum
2507 4175 2926 4229 assumeretur,
2983 4160 3446 4227 quemadmodum
3504 4156 3619 4211 fre-

2032 4275 2264 4341 quenter
2302 4263 2654 4320 adduximus.
2701 4258 2844 4326 Quid
2872 4266 3055 4313 autem
3100 4249 3470 4324 significavit?
3501 4247 3617 4332 Lat:

2036 4361 2208 4416 titiam
2250 4372 2416 4428 quam
2476 4352 2750 4408 habebant
2805 4349 2875 4405 ob
2926 4346 3211 4403 victoriam
3268 4343 3335 4399 de
3391 4341 3616 4396 Satana.

2034 4454 2170 4521 Quis
2203 4460 2288 4507 est
2334 4457 2517 4504 autem
2570 4445 2807 4501 cantus?
2839 4440 2997 4497 Nunc
3047 4439 3190 4495 facta
3224 4447 3309 4493 est
3361 4435 3534 4501 salus,
3565 4439 3622 4488 et

2034 4553 2209 4605 virtus
2251 4556 2305 4602 et
2352 4558 2581 4615 regnum
2619 4540 2711 4596 Dei
2746 4537 3203 4595 manifestissime
3253 4532 3615 4604 resplemluit.

355 4646 545 4714 μαῖνον
602 4642 839 4697 ἐνταῦθα
886 4642 1283 4714 παρείληπται,
1323 4642 1459 4696 ἀλλά
1493 4642 1556 4697 τὸ
1585 4642 1799 4706 ἐντελὲς
1834 4644 1918 4697 καὶ

2035 4641 2190 4708 Quod
2222 4649 2401 4693 autem
2435 4635 2532 4700 ait,
2573 4647 2741 4698 nunc,
2792 4647 2902 4687 non
2964 4638 3026 4685 ut
3069 4642 3275 4714 novum
3307 4624 3513 4714 aliquid
3543 4630 3620 4677 si-

351 4733 809 4805 ἁπαραλόγιστον,
838 4732 933 4788 καὶ
957 4734 1026 4805 τῇ
1052 4733 1193 4803 ἀρχῇ
1216 4731 1575 4804 κατάλληλον.

431 4908 552 4964 Τῶν
577 4908 861 4978 ἀδελφῶν
888 4907 1076 4978 ἡμῶν.
1115 4907 1405 4978 Ἀδελφοὺς
1429 4906 1653 4977 ἄγγελοι
1679 4910 1806 4973 τοὺς
1841 4911 1937 4964 ἀν-

357 5003 608 5075 θρώπους
654 5001 935 5065 καλοῦσιν,
982 5002 1212 5073 μιμήσει
1261 5002 1357 5055 τοῦ
1383 5002 1590 5056 ἑαυτῶν
1639 5003 1933 5058 Δεσπότου.

358 5094 530 5157 Αὐτὸς
574 5094 684 5166 γὰρ
728 5094 816 5148 διὰ
852 5092 949 5147 τοῦ
989 5093 1270 5164 προφήτου
1301 5093 1499 5163 φησιν’
1540 5112 1558 5145 ι
1604 5093 1935 5163 Ἀπαγγελῶ

358 5186 417 5239 τὸ
437 5184 607 5255 ὄνομά
638 5202 732 5238 σου
755 5186 865 5248 τοῖς
891 5185 1143 5256 ἀδελφοῖς
1178 5201 1302 5254 μου.
1347 5204 1366 5237 ι

444 5277 695 5347 Ἡμέρας
711 5275 779 5330 δὲ
796 5275 895 5330 καὶ
916 5276 1159 5343 νυκτός.
1184 5276 1227 5328 Τ
1232 5275 1297 5346 ὴν
1317 5275 1654 5347 κατηγορίαν
1671 5276 1769 5346 τὴν
1800 5277 1942 5332 κατά

361 5370 469 5425 τῶν
499 5369 745 5437 ἀδελφῶν
768 5368 928 5440 ἡμῶν
958 5386 1092 5439 φησι
1128 5369 1454 5436 συγκροτεῖν
1484 5367 1575 5421 τὸν
1608 5367 1940 5436 κατήγορον,

361 5465 422 5518 τὺ
459 5463 734 5534 ἐνδελεχὲς
776 5464 871 5516 καὶ
901 5462 1248 5516 ἀδιάλειπτον
1280 5460 1561 5533 παριστῶν
1590 5460 1690 5531 τῆς
1717 5458 1812 5513 τοῦ
1841 5476 1940 5513 πο-

361 5554 527 5627 νηροῦ
556 5553 677 5607 καθ’
706 5552 864 5624 ἡμῶν
892 5553 1179 5627 ἐπηρείας.

436 5650 543 5702 Καὶ
590 5646 759 5704 αὐτοὶ
799 5626 1094 5714 ἐνίκησαν
1136 5645 1343 5711 αὑτὸν,
1385 5645 1484 5701 διὰ
1529 5647 1595 5701 τὸ
1640 5641 1784 5715 αἷμα
1829 5644 1938 5699 τοῦ

375 5739 632 5808 Ἂρνίου.
693 5737 983 5808 Ἐνίκησαν
1056 5739 1104 5792 οἱ
1173 5736 1448 5807 μάρτυρες
1520 5736 1613 5792 τὸν
1679 5733 1940 5799 δοκοῦντα

440 5897 483 5929 ⁶⁹
518 5893 706 5951 Matth.
740 5908 814 5957 tv,
847 5893 928 5948 10.
1006 5894 1052 5925 7°
1081 5890 1225 5948 Psal.
1258 5906 1371 5956 ut,
1403 5890 1494 5954 25.

2034 4732 2257 4805 gnitiret
2303 4726 2393 4782 hic
2438 4732 2783 4793 assumptum
2829 4727 2935 4782 est.
2984 4717 3079 4773 sed
3124 4713 3520 4805 perfectionem
3566 4716 3623 4762 et

2037 4800 2506 4883 iulallibilitatem,
2539 4823 2595 4870 et
2627 4813 2733 4869 tale
2760 4810 2906 4882 quod
2940 4806 3211 4879 principio
3242 4800 3621 4872 responderet.

2113 4912 2362 4967 Fratrum
2392 4917 2718 4963 nostrarum.
2760 4900 2952 4973 Angeli
2985 4906 3186 4954 vocant
3232 4893 3484 4949 homines
3511 4893 3625 4943 tra-

2043 5014 2175 5068 tres,
2218 5005 2285 5057 ad
2340 4999 2702 5055 imitationem
2735 4991 2953 5048 Domini
2996 4990 3080 5047 sui
3118 4987 3213 5054 qui
3262 4986 3340 5040 ait
3373 5000 3468 5055 per
3498 4982 3629 5037 Pro-

2042 5094 2263 5164 phetam
2290 5106 2304 5144 :
2334 5106 2353 5140 ι
2384 5086 2632 5142 Narrabo
2654 5099 2856 5141 nomen
2881 5092 3034 5138 tuum
3061 5078 3323 5134 fratribus
3346 5076 3483 5129 meis
3498 5073 3564 5127 ⁷⁰.
3601 5091 3621 5123 ο

2120 5268 2216 5324 Dei
2237 5284 2300 5323 ac
2326 5275 2496 5322 nocte.
2519 5265 2940 5322 Aecusatiunem
3007 5261 3272 5317 adversus
3300 5257 3499 5312 fratres
3531 5270 3632 5308 no-

2051 5368 2221 5424 stros,
2255 5358 2453 5428 inquit,
2486 5355 2751 5412 continue
2781 5334 3413 5408 meditatur‘aecusator,
3446 5358 3619 5397 osceu.

2045 5453 2182 5508 dens
2219 5451 2542 5506 continuum
2574 5456 2630 5503 et
2660 5446 2944 5503 assiduum
2984 5443 3130 5498 illius
3174 5437 3399 5507 maligni
3436 5434 3620 5489 advtr-

2047 5560 2143 5601 sus
2176 5560 2275 5601 nos
2307 5543 2595 5600 insultum.

2145 5637 2215 5691 Et
2282 5638 2384 5706 ipsi
2490 5637 2725 5691 uicerunt
2797 5648 2917 5688 eum
2978 5624 3228 5699 propter
3317 5621 3629 5692 sanguinem

2049 5731 2205 5802 Agni.
2288 5728 2544 5787 Vicerunt
2615 5736 2883 5800 martyres
2966 5739 3091 5781 eum
3169 5718 3264 5795 qui
3345 5716 3625 5773 videbatur
