4030 6596
429 456 529 522 6Ἱ1
1274 449 1604 509 ARETH/E
1645 449 2024 511 cassantra:
2062 450 2541 510 CAPPADoCLE
2581 448 2921 512 EPISCOPI
3584 454 3715 520 ετξ

504 574 563 627 ln
600 567 919 642 praecedenti
943 564 1148 621 visione
1188 561 1354 617 draco
1383 562 1539 617 rufus
1565 563 1618 616 in
1666 563 1806 618 coelo
1854 563 2013 617 vide-

2200 565 2289 618 ’Ev
2315 566 2412 635 μὲν
2435 568 2501 637 τῇ
2537 566 2643 636 πρδ
2672 565 2878 636 ταύτης
2904 565 3130 639 θεωρίᾳ,
3153 564 3369 640 δράκων
3396 572 3603 643 πυῤῥὸς
3631 576 3703 626 ἐν

432 676 542 727 tur,
576 677 721 717 nunc
759 671 943 714 autem
971 673 1002 711 e
1040 655 1177 711 mari
1236 656 1560 711 ascendens.
1602 655 1775 711 Draco
1821 656 2011 727 itaque

2120 660 2194 729 τῷ
2239 658 2454 729 οὐρανῷ
2501 660 2716 730 ὁρᾶται,
2768 658 2863 712 νῦν
2892 660 2949 714 δὲ
2988 661 3054 714 ὲκ
3085 660 3184 732 τῆς
3232 663 3505 735 θαλάσσης
3553 666 3699 720 ἀνα-

432 774 462 811 a
494 754 635 811 caelo
668 752 942 821 signiﬁcat
968 767 1094 807 eum
1122 752 1214 820 qui
1244 750 1314 804 ab
1346 749 1503 803 initio
1526 748 1770 803 cecidita
1800 748 2008 804 caelesti

432 846 627 918 gloria,
662 858 806 899 nunc
838 857 968 897 vero
988 841 1241 897 eumdem
1273 856 1303 895 e
1332 840 1466 893 mari
1498 839 1632 893 dicit
1688 837 2009 901 ascendere,

433 954 530 1010 per
560 952 711 992 mare
739 935 1049 991 instabilem
1085 935 1225 989 hanc
1278 943 1334 987 et
1359 931 1657 999 inquietam
1716 930 2011 983 ostendens

432 1032 600 1086 vitam
645 1044 724 1085 :a
783 1043 891 1098 qua
945 1028 1111 1082 etiam
1179 1026 1349 1079 bestia
1406 1022 1674 1083 ascendit,
1728 1020 2008 1075 hominum

433 1122 659 1178 vitiosas
681 1129 735 1176 et
763 1119 1047 1175 instabims
1082 1118 1135 1171 in
1168 1116 1329 1171 bonis
1362 1116 1609 1170 actiones
1634 1112 2012 1166 demonstran-

433 1213 532 1268 das
586 1226 923 1268 assumens:
968 1208 1112 1278 quod
1150 1224 1257 1262 non
1304 1206 1452 1261 aliud
1512 1203 1782 1274 designat,
1846 1220 2011 1274 quam

436 1304 582 1371 quod
636 1302 1012 1358 Antichristus
1066 1310 1261 1370 praeter
1312 1300 1550 1368 primum
1611 1305 1661 1350 et
1710 1299 2009 1352 secundum

437 1393 692 1449 Satanam
729 1393 921 1448 tertius
979 1392 1096 1462 ipse
1147 1391 1423 1461 procedat.
1468 1390 1643 1446 Porro
1706 1392 2011 1449 secundum

433 1501 498 1539 ac
526 1485 787 1549 medium,
823 1485 968 1556 quod
996 1494 1046 1538 et
1082 1498 1228 1539 nunc
1260 1484 1326 1537 ad
1362 1485 1843 1552 contemplandum
1882 1498 2011 1552 pro-

430 1579 676 1648 ponitur,
708 1587 947 1649 potestas
970 1577 1218 1649 qnzedam
1254 1576 1419 1647 759
1446 1585 1531 1631 est
1564 1593 1686 1647 qua:
1727 1592 1833 1631 una
1866 1576 2011 1642 lcum

434 1679 682 1739 apostata
728 1671 928 1726 Satana
983 1670 1199 1735 cecidit,
1267 1669 1360 1723 illo
1397 1668 1617 1739 quidem
1667 1669 1869 1733 minor,
1916 1669 2013 1724 sed

435 1763 649 1819 cazteris
675 1764 743 1818 ad
775 1762 1082 1818 nocendum
1110 1760 1455 1825 eminentior,
1499 1760 1591 1830 qui
1619 1770 1702 1814 est
1733 1758 2011 1814 Antichri-

437 1864 580 1920 slus,
610 1856 912 1926 procedens
940 1853 1246 1908 secundum
1280 1854 1657 1922 operationem
1693 1851 1931 1919 Satanae,
1963 1860 2017 1907 et

434 1962 624 2001 earum
670 1962 789 2017 quae
820 1963 925 2000 una
980 1960 1105 2000 cum
1142 1945 1236 2000 illo
1297 1944 1545 2014 deiectae,
1584 1948 1736 2014 prius
1792 1944 2014 2015 quidem
2048 1926 2090 1982 Β

434 2037 692 2107 angelica:
750 2047 1041 2108 potestates
1117 2046 1299 2100 erant,
1354 2036 1702 2107 postmodum
1756 2053 1887 2093 vero
1946 2053 2016 2093 ex

436 2144 691 2199 perversa
721 2130 1000 2184 voluntate
1050 2129 1119 2182 ad
1173 2128 1487 2183 dannonum
1542 2128 1836 2199 caliginem
1888 2134 2018 2183 sunt

437 2230 834 2279 transmutata.
870 2221 1090 2276 Cornua
1126 2238 1256 2277 vero
1316 2222 1509 2277 decem
1546 2220 1839 2291 designant
1879 2237 2015 2277 con-

438 2313 858 2367 snmmationem
905 2328 1098 2367 eorum
1146 2329 1271 2384 quae
1325 2312 1524 2382 juvant
1591 2312 1658 2367 ad
1716 2313 2011 2377 malitiam,

437 2404 755 2471 contingere
810 2403 1151 2457 Antichrile
1185 2420 1200 2457 :
1256 2402 1397 2457 inter
1430 2420 1551 2472 qlia:
1582 2401 1751 2473 gloria
1798 2417 2019 2472 quoque

439 2494 617 2561 ipsum
678 2492 996 2558 comitatur,
1026 2493 1289 2563 quoniam
1331 2509 1504 2547 cornu
1566 2493 1793 2564 gloriam
1842 2494 2017 2564 signi-

441 2585 610 2641 ﬁcare
638 2587 797 2641 solet.
835 2586 939 2641 Sed
971 2587 1111 2641 etde
1156 2588 1239 2641 bis
1272 2587 1530 2643 dixerunt
1570 2588 1795 2658 Quidam
1832 2592 1883 2641 In
1924 2588 2019 2642 de-

440 2690 561 2731 cem
620 2692 784 2749 regna
840 2679 1075 2733 divisunt
1131 2686 1261 2735 tunc
1335 2680 1401 2734 iri
1448 2678 1735 2734 mundmn.
1797 2679 2013 2748 Septem

443 2777 623 2821 autem
651 2769 849 2839 capita,
891 2786 957 2825 eo
993 2772 1137 2841 quod
1167 2786 1331 2841 regna
1385 2771 1438 2825 in
1477 2773 1579 2826 hoc
1615 2770 1819 2825 mundo
1873 2786 2011 2825 con-

443 2859 685 2929 tingant,
738 2862 833 2930 qui
894 2877 1015 2917 cum
1077 2862 1388 2931 septenario
1422 2865 1667 2929 Inumero
1719 2862 2011 2932 quamdam

442 2951 607 3007 habet
651 2954 1055 3023 cognationem,
1098 2956 1275 3026 utqui
1309 2957 1473 3010 simul
1518 2957 1853 3011 dissolvatur
1888 2973 2014 3012 cum

441 3044 685 3099 sensibili
716 3055 769 3101 et
793 3046 997 3102 carnali
1024 3048 1150 3113 vita,
1178 3063 1302 3103 cum
1338 3056 1519 3103 autem
1546 3051 1795 3105 exoritur
1837 3051 2017 3105 incor—

441 3137 720 3206 rnptibilis
772 3147 827 3194 et
894 3150 1154 3209 perpetua
1208 3140 1341 3205 vita,
1391 3150 1522 3196 tunc
1558 3142 1721 3196 etiam
1788 3158 2014 3213 regnum

440 3237 523 3282 est
545 3239 864 3298 perpetuum
893 3240 948 3285 et
975 3232 1323 3287 successione
1350 3248 1568 3288 carens.

518 3318 586 3373 Et
620 3321 786 3376 bestia
823 3338 979 3392 quam
1012 3326 1119 3378 vidi
1153 3325 1352 3379 similis
1384 3335 1495 3378 erat
1531 3325 1723 3394 pardo.
1759 3322 1933 3378 Simul
1962 3323 2014 3378 itt

443 3409 747 3479 principatu
788 3411 1145 3482 blasphemia:
1171 3415 1338 3469 alium
1369 3415 1523 3483 sequi
1557 3414 1854 3484 signiﬁcat,
1914 3413 2018 3469 hoc

442 3511 544 3564 cst,
581 3502 1001 3558 Antichristum.
1043 3506 1162 3575 Ipse
1182 3506 1328 3560 enim
1364 3507 1469 3559 erit
1503 3506 1899 3571 Antichristus,
1922 3506 2016 3575 qui

445 3595 594 3652 risus
616 3596 685 3651 ab
719 3598 948 3652 exordio
972 3598 1173 3653 Graecis
1209 3598 1569 3667 principibus,
1595 3608 1648 3653 et
1680 3613 1812 3653 sane
1851 3598 2015 3653 etiam

368 3750 371 3753 _
447 3686 530 3739 his
562 3685 653 3752 qui
687 3696 813 3755 post
864 3686 1282 3742 Constantinum
1337 3686 1590 3758 Magnum
1632 3686 1786 3743 {uere
1824 3707 1841 3742 ς
1876 3689 2018 3742 inter

449 3791 590 3845 quos
622 3774 879 3832 Julianus
908 3789 961 3833 et
1008 3776 1224 3841 Valens,
1258 3779 1462 3848 quique
1502 3789 1626 3848 post
1681 3794 1804 3833 eum
1841 3780 2016 3834 secuti

447 3874 578 3922 sunt
612 3866 852 3923 hmretici
897 3869 1299 3938 imperatores:
1343 3878 1473 3924 tunc
1515 3880 1569 3924 et
1613 3869 1730 3939 ipse
1776 3870 2022 3938 insurget

443 3959 621 4014 diviso
652 3960 816 4030 paulo
849 3968 976 4015 ante
1004 3961 1178 4031 ipsius
1210 3962 1501 4018 adventum
1552 3960 1802 4017 Romano
1843 3963 2017 4034 impe-

444 4052 528 4105 rio
562 4052 617 4107 in
653 4053 842 4108 decem
872 4054 1237 4124 principatus,
1271 4054 1361 4109 ubi
1386 4055 1497 4125 jam
1545 4055 1865 4111 innumeras
1897 4072 2018 4124 per-

446 4143 630 4199 tulerit
691 4143 827 4202 ﬁdes
877 4144 1193 4202 Christiana
1252 4147 1645 4218 blaSphemias.
1676 4146 1750 4203 De
1790 4163 2019 4203 numero

444 4245 628 4291 autem
682 4237 867 4294 decem
930 4253 993 4294 ac
1035 4246 1242 4308 septem
1292 4240 1404 4311 jam
1430 4240 1635 4295 dictum
1699 4247 1804 4295 est.
1850 4240 2019 4295 Porro

442 4329 624 4398 qualis
655 4329 726 4386 sit
772 4330 975 4396 bestia,
1008 4332 1208 4388 similis
1239 4343 1345 4398 εει,
1375 4332 1573 4404 inquit,
1618 4332 1811 4403 pardo,
1856 4332 2019 4400 pedes

444 4420 654 4477 habens
689 4423 823 4485 ursi,
855 4436 910 4478 et
943 4438 1006 4478 os
1064 4433 1324 4494 tanquam
1366 4425 1541 4479 leonis
1573 4438 1587 4476 :
1636 4438 1733 4492 per
1787 4423 2018 4491 pardum

442 4511 665 4580 quidem
701 4511 996 4583 designans
1029 4513 1336 4569 Romanum
1367 4514 1661 4583 imperium
1696 4514 1843 4582 quod
1879 4512 2019 4566 cele-

2117 748 2339 803 σαίνων.
2401 749 2459 803 '0
2510 749 2609 819 μὲν
2638 748 2732 804 οὖν
2774 750 2870 803 ἀπ’
2904 751 3137 823 οὐρανοῦ
3167 753 3403 825 δράκων,
3438 755 3532 807 τὸν
3566 757 3697 810 κατ’

2116 838 2293 908 ἀρχὰς
2322 840 2421 909 τῆς
2449 839 2703 909 οὐρανίου
2750 838 2911 911 δόξης
2965 842 3384 897 ὲκπεπτωκότα⁶
3412 847 3697 916 σημαίνει.

2128 931 2187 982 Ὀ
2218 928 2311 981 νῦν
2341 930 2396 981 δὲ
2430 930 2615 995 πάλιν,
2668 930 2760 984 τὸν
2789 931 2953 985 αὐτὸν
2994 934 3059 986 ὲκ
3081 934 3182 1003 τῆς
3239 934 3513 1007 θαλάσσης
3556 938 3700 991 ἀνα-

2119 1020 2393 1083 ϐαίνοντα,
2423 1020 2700 1075 Θάλασσαν
2721 1022 2812 1077 τὸν
2834 1024 3064 1078 ἄστατον
3087 1024 3277 1079 τοῦτον
3299 1032 3392 1080 καὶ
3419 1027 3705 1098 ἀτάραχον

2119 1109 2405 1180 παριστῶν
2438 1110 2572 1179 βίον,
2606 1111 2700 1179 ἀφ’
2731 1106 2799 1183 ἦς
2827 1112 2923 1165 καὶ
2949 1114 3234 1168 ἀναϐαίνει
3264 1116 3324 1169 τὸ
3356 1116 3566 1188 θηρίον,
3590 1119 3705 1180 τὰς

2117 1202 2226 1254 τῶν
2279 1200 2582 1272 ἀνθρώπων
2633 1203 2747 1274 (56)
2783 1205 3125 1275 πλημμελεῑς
3180 1208 3275 1261 καὶ
3328 1208 3704 1279 ἀστηρίκτους

2120 1294 2212 1347 ἐπὶ
2243 1294 2353 1356 τοῖς
2398 1293 2620 1362 ἀγαθοῖς
2650 1296 2878 1366 πράξεις
2922 1296 3102 1350 λαϐὼν
3154 1300 3234 1361 είς
3264 1301 3587 1369 ἐμφάνειαν.
3623 1303 3704 1355 Ὃ

2119 1388 2218 1441 οὐκ
2243 1386 2391 1451 ἄλλο,
2415 1386 2448 1457 ἢ
2474 1388 2501 1440 ὁ
2528 1386 2895 1459 ’Λντίχριστος
2919 1388 3102 1461 ἐπὶτῷ
3124 1389 3324 1461 πρώτῳ
3345 1394 3435 1445 καὶ
3455 1393 3705 1463 δευτέρῳ

2121 1478 2357 1549 Σατανᾷ,
2410 1479 2589 1547 τρίτος
2638 1478 2798 1544 αὐτὸς
2848 1481 3078 1551 προϊών.
3112 1482 3184 1535 Τὸ
3220 1483 3473 1554 δεύτερον
3508 1486 3564 1537 δὲ
3598 1486 3703 1539 καὶ

2125 1569 2313 1641 μέσον,
2346 1568 2374 1621 ὃ
2400 1567 2496 1621 καὶ
2522 1567 2618 1622 νῦν
2648 1568 2937 1640 πρόκειται
2962 1570 3041 1634 είς
3066 1571 3320 1643 Θεωρίαν,
3350 1572 3580 1642 δύναμίς
3609 1591 3704 1636 τις

2120 1663 2396 1731 τυγχάνει,
2437 1660 2516 1731 τῷ
2573 1662 2857 1737 ἀποστάτῃ
2902 1663 3116 1735 Σατανᾷ
3176 1669 3699 1730 συνεκπεπτωκυία,

2122 1754 2332 1807 ἐκείνου
2372 1753 2472 1823 μὲν
2499 1748 2684 1824 ἦττον,
2718 1754 2826 1808 τῶν
2858 1755 2915 1809 δὲ
2947 1755 3150 1811 λοιπῶν
3179 1758 3258 1821 είς
3295 1758 3493 1810 κακίαν
3522 1756 3703 1828 προῦ-

2122 1859 2316 1912 χουσα.
2345 1842 2445 1905 Ὃς
2493 1844 2640 1897 ὲστιν
2670 1844 2699 1898 ό
2747 1844 3132 1915 Ἀντίχριστος,
3172 1847 3202 1898 ὁ
3240 1847 3359 1900 κατ’
3412 1847 3704 1918 ἐνέργειαν

2119 1936 2213 1990 τοῦ
2273 1937 2489 1991 Σατανᾶ
2550 1938 2645 1991 καὶ
2708 1937 2818 1991 τῶν
2871 1940 3473 2011 συγκαταϐεϐλημένων
3519 1940 3700 2011 αὐτῷ,

2118 2028 2430 2097 ἁγγελικῶν
2484 2029 2583 2099 μὲν
2635 2029 2696 2083 τὸ
2757 2030 2887 2100 πρὶν
2962 2032 3331 2103 ὑπαρχουσῶν
3387 2032 3699 2102 δυναμεων,

2120 2120 2348 2191 ὕστερον
2407 2121 2487 2185 δὲ,
2524 2123 2589 2174 ὲκ
2636 2122 3072 2193 διαδεδλημένης
3128 2126 3517 2195 προαιρέσεως,
3557 2125 3702 2194 πρὸς

2118 2210 2217 2282 τὴν
2255 2213 2362 2265 τῶν
2412 2212 2684 2283 δαιμόνων
2745 2215 3364 2284 μετασχηματισθεισῶν
3431 2216 3699 2284 ζόφωσιν.

2118 2304 2201 2357 Τὰ
2236 2305 2442 2375 κέρατα
2487 2306 2543 2359 δὲ
2574 2305 2643 2359 τὰ
2674 2305 2809 2361 δέκα
2865 2307 2925 2360 τὸ
2972 2306 3177 2361 τέλειον
3226 2307 3332 2361 τῶν
3366 2308 3445 2371 εἰς
3492 2307 3701 2362 κακίαν

2120 2396 2515 2453 συντελούντων
2547 2402 2828 2471 προσεῖναι
2868 2400 2945 2471 τῷ
2990 2401 3343 2471 Ἀντιχρίστῳ
3368 2399 3697 2471 παραδηλοῖ,

2119 2495 2178 2561 ἐξ
2207 2489 2282 2547 ὧν
2312 2494 2406 2547 καί
2455 2492 2582 2558 δόξα
2627 2494 2777 2563 αὐτῷ
2816 2496 3184 2563 παρομαρτεῖ,
3250 2492 3384 2545 διότι
3430 2492 3490 2545 τὸ
3524 2492 3699 2561 κέρας

2118 2592 2218 2661 τὴν
2286 2589 2444 2654 δόξαν
2482 2589 2603 2652 ἔθος
2642 2588 2949 2659 σημαίνειν.
3014 2587 3178 2641 Ἀλλά
3226 2590 3318 2639 καὶ
3364 2587 3428 2639 ὲκ
3487 2585 3699 2639 τούτων

2118 2684 2263 2748 τινὲς
2298 2686 2589 2755 εἰρήκασιν
2619 2685 2701 2745 είς
2741 2683 2875 2737 δέκα
2923 2682 3045 2734 τότε
3093 2680 3370 2751 βασιλείας
3404 2679 3697 2751 διῃρῆσθαι

2117 2778 2219 2847 τὴν
2256 2776 2604 2846 οἰκουμένην.
2640 2775 2750 2839 Τὰς
2782 2775 2839 2828 δὲ
2874 2776 3014 2827 ἑπτὰ
3044 2772 3307 2842 κεφαλάς,
3348 2771 3426 2841 τῷ
3456 2772 3552 2835 τὰς
3588 2773 3693 2841 βα·-

2120 2868 2327 2931 σιλείας
2348 2870 2405 2921 ὲν
2424 2868 2558 2938 τῷδε
2579 2866 2655 2938 τῷ
2676 2867 2944 2936 συστοίχῳ
2960 2866 3052 2918 τοῦ
3073 2862 3436 2934 ἑϐδοματικοῦ
3452 2862 3693 2934 ἀριθμοῦ

2119 2961 2309 3031 κόσμῳ
2340 2960 2604 3030 ὑπάρξαι,
2660 2958 3152 3030 συγκαταλυομένῳ
3196 2959 3272 3022 ὡς
3324 2956 3565 3027 αἰσθητῷ
3620 2960 3691 3027 τῇ

2120 3051 2263 3105 κατὰ
2305 3052 2485 3123 σάρκα
2533 3049 2742 3120 βιώσει,
2788 3048 3167 3111 ἀνατέλλοντος
3197 3048 3253 3101 δὲ
3284 3046 3378 3101 τοῦ
3408 3048 3691 3117 ἀφθάρτου

2118 3160 2180 3195 τε
2210 3142 2303 3197 καὶ
2324 3142 2740 3206 διαιωνίζοντος,
2774 3142 2832 3193 ἐν
2878 3136 2923 3210 ᾧ
2955 3140 3048 3195 καὶ
3089 3143 3121 3203 t‘,
3158 3138 3408 3210 βασιλεία
3453 3137 3697 3192 διαιωνί-

2046 3272 2089 3329 C
2124 3232 2296 3297 ζουσά
2327 3249 2387 3284 τε
2417 3232 2514 3285 καὶ
2546 3232 2848 3301 ἀδιάδοχος.

2194 3324 2301 3380 Καὶ
2354 3325 2419 3378 τὸ
2452 3324 2659 3392 θηρίον
2712 3324 2743 3377 ὃ
2776 3319 2939 3377 εἶδον
2989 3318 3069 3392 ἦν
3117 3323 3325 3390 ὅμοιον
3375 3319 3690 3390 παρδάλει.

2122 3416 2278 3485 ’Ἅμα
2304 3417 2370 3486 τῇ
2406 3415 2549 3485 ἀρχῇ
2586 3417 2682 3485 τῆς
2721 3414 3068 3486 βλασφημίας
3099 3415 3259 3469 ἄλλον
3304 3414 3532 3467 ἔπεσθαι
3580 3430 3696 3466 πα-

2122 3507 2365 3578 ραδηλοῖ,
2400 3507 2668 3573 τουτέστι,
2702 3506 2791 3560 τὸν
2828 3505 3223 3576 Ἀντίχριστον.
3256 3506 3427 3567 Αὐτὸς
3454 3505 3509 3557 δὲ
3536 3504 3695 3557 ἔσται

2120 3606 2148 3656 ὁ
2199 3603 2567 3674 Ἀντίχριστος
2594 3605 2623 3656 ό
2646 3604 2955 3672 προοιμίοις
2978 3603 3323 3672 χρησάμενος
3352 3602 3465 3664 τοῖς
3508 3598 3697 3668 Ἐλλη-

2121 3697 2361 3761 νίξουσιν
2408 3698 2690 3767 ἄρχουσιν,
2733 3696 2827 3748 καὶ
2855 3695 2919 3766 δὴ
2950 3696 3182 3757 καὶτοῖς
3218 3693 3356 3762 μετὰ
3404 3694 3697 3745 Κωνστιν-

2120 3789 2266 3841 τῖνον
2298 3787 2387 3840 τὸν
2445 3786 2640 3854 μέγαν,
2686 3781 2761 3838 ὧν
2804 3788 2949 3837 ἐστιν
3001 3784 3284 3845 Ἰουλιανὸς
3332 3782 3426 3837 καὶ
3454 3782 3694 3848 Οὐάλης,

2126 3881 2222 3933 καὶ
2255 3881 2304 3933 οἱ
2353 3878 2476 3933 καθ’
2522 3878 2651 3947 ἑξῆς
2689 3877 3056 3948 αἱρετίζοντες
3109 3877 3365 3946 βασιλεῖς.
3407 3875 3541 3928 Τότε
3599 3874 3697 3927 καὶ

2121 3974 2283 4037 αὐτὸς
2311 3975 2695 4044 ἐπιστήσεται,
2715 3973 2795 4034 είς
2820 3972 2952 4025 δέκα
2999 3970 3105 4041 πρὸ
3163 3970 3362 4041 μικροῦ
3396 3970 3493 4037 τῆς
3524 3968 3696 4021 αὐτοῦ

2120 4064 2358 4134 ἀφίξεως
2385 4063 2740 4136 μερισθείσης
2764 4064 2863 4132 τῆς
2901 4063 3215 4131 Ῥωμαῖκῆς
3243 4060 3440 4131 ἀρχῆς,
3464 4058 3698 4127 ἀρκούν-

2119 4176 2228 4222 τως
2286 4155 2887 4228 μεταὸεὸλασφημένης
2932 4153 3032 4221 τῆς
3083 4152 3192 4204 τῶν
3227 4150 3566 4221 Χριστιανῶν
3601 4149 3693 4201 πί·

2123 4267 2316 4311 στεως.
2354 4248 2488 4319 Περὶ
2538 4246 2633 4300 τοῦ
2681 4244 2916 4316 ἀριθμοῦ
2966 4244 3023 4298 δὲ
3075 4244 3171 4297 τοῦ
3218 4243 3350 4296 δέκα
3400 4240 3497 4296 καὶ
3553 4239 3698 4293 ἑπτὰ

2121 4342 2359 4411 εἴρηται.
2406 4340 2623 4392 Ὀποίον
2652 4338 2709 4392 δὲ
2738 4337 2800 4391 τὸ
2831 4335 3038 4407 θηρίον,
3087 4336 3272 4404 ὅμοιόν
3302 4350 3435 4404 φησι
3482 4330 3696 4402 παρδά-

2120 4430 2281 4493 λεως,
2311 4430 2405 4481 καὶ
2427 4430 2476 4481 οἱ
2509 4429 2668 4491 πόδες
2700 4430 2927 4499 ἄρκτου,
2950 4426 3045 4480 καὶ
3067 4427 3128 4479 τὸ
3158 4426 3330 4496 στόμα
3357 4423 3431 4488 ὼς
3457 4424 3693 4485 λέοντος,

2119 4520 2208 4575 διὰ
2263 4519 2363 4590 μὲν
2410 4521 2508 4590 τῆς
2560 4520 2880 4590 παρδάλεως
2913 4520 3013 4591 τὴν
3073 4518 3357 4589 Ῥωμαίων
3411 4514 3695 4586 σημαίνων

442 4605 578 4658 riter
631 4606 961 4672 processerit
1013 4605 1280 4661 adversus
1343 4620 1702 4674 quoscunque
1752 4604 2015 4674 impetum

2129 4610 2326 4684 ἀρχὴν,
2377 4611 2453 4676 ὡς
2480 4614 2778 4683 ταχυεργῆ,
2826 4612 2950 4667 καθ’
2997 4604 3073 4665 ὧν
3106 4610 3173 4665 ἂν
3216 4608 3314 4679 τὴν
3346 4606 3521 4678 ὁρμὴν
3567 4608 3694 4676 σχῇ,

443 4696 636 4750 habuit
668 4703 721 4750 et
763 4695 1050 4761 violenter,
1082 4696 1605 4767 donec'pertingeret
1620 4695 1688 4749 ad
1713 4696 1873 4751 linem
1903 4695 2023 4765 ejus

444 4785 589 4855 quod
620 4786 978 4844 inchoaverat
1018 4807 1033 4843 :
1062 4791 1205 4860 quod
1229 4790 1393 4844 etiam
1428 4786 1701 4859 signiﬁcat
1728 4802 1826 4857 per
1856 4788 2021 4858 pedes

444 4877 583 4932 ursi.
626 4879 960 4937 Referuntur
1011 4890 1192 4937 autem
1248 4891 1306 4936 et
1330 4880 1445 4936 hate
1505 4880 1572 4935 ad
1608 4878 1899 4935 Persarum
1936 4896 2022 4936 re-

445 4986 637 5042 gnum.
685 4971 954 5028 Caeterum
990 4989 1085 5044 per
1115 4990 1180 5031 os
1213 4973 1533 5044 designatur
1577 4987 1804 5042 regnum
1841 4971 2022 5043 Baby-

446 5062 745 5132 loniorum,
794 5065 884 5121 cui
918 5065 1169 5123 succedit
1206 5066 1428 5122 intlubie
1474 5081 1703 5136 regnum
1752 5062 2012 5119 Sarrace-

348 5220 351 5221 ν
445 5171 662 5224 norum,
695 5174 761 5215 eo
789 5160 935 5230 quod
968 5177 1114 5218 nunc
1136 5175 1357 5232 quoque
1386 5160 1439 5215 in
1472 5158 1748 5231 Babylone
1776 5159 1848 5213 sit
1870 5156 2020 5226 regia

445 5247 686 5314 illorum,
716 5250 919 5321 quibus
942 5252 1317 5309 dominabitur
1345 5251 1717 5308 Antichristus
1758 5260 2017 5319 tanquam

444 5340 744 5410 imperator
767 5343 1166 5402 Romanorum.

519 5431 591 5487 Et
625 5434 770 5489 dedit
800 5435 884 5491 illi
917 5438 1081 5491 draco
1110 5439 1360 5493 virtutem
1386 5454 1564 5493 suain.
1592 5438 1747 5495 Dabit
1783 5457 2020 5513 namque

449 5523 686 5581 Satanas
716 5528 1020 5598 spiritualis
1057 5532 1222 5587 draco
1267 5530 1606 5588 Antichristo
1635 5548 1852 5588 onmem
1910 5550 2020 5604 po-

453 5624 705 5670 tcstatem
735 5618 802 5673 ad
831 5620 1203 5678 seducendum
1240 5621 1507 5678 duntaxat
1533 5623 1888 5689 inlirmiores,
1923 5641 2019 5694 per

452 5702 609 5774 signa
650 5714 706 5761 et
732 5709 979 5780 prodigia
1014 5710 1321 5769 mendacia.
1357 5710 1501 5778 Quid
1530 5719 1712 5769 autem
1750 5726 1847 5781 per
1870 5711 2021 5767 thro-

527 5888 639 5961 (56)
666 5889 843 5950 ἄλλων
873 5895 958 5951 0d.
1001 5903 1009 5909 '

2125 4707 2220 4760 καὶ
2268 4706 2611 4777 καρτερικὴν
2663 4704 2855 4776 μέχρις
2886 4703 2953 4757 ἂν
2987 4701 3122 4773 πρὸς
3152 4701 3302 4761 τέλος
3341 4699 3432 4752 τοῦ
3465 4697 3699 4768 ἐνάρξα-

2123 4799 2247 4852 σθαι
2274 4798 2476 4872 φθάσῃ,
2508 4799 2537 4852 ὂ
2572 4800 2663 4851 καὶ
2692 4798 2782 4851 διὰ
2815 4797 2926 4850 τῶν
2956 4797 3056 4859 τῆς
3084 4796 3288 4865 ἄρκτου
3321 4792 3495 4845 ποδῶν
3526 4791 3694 4861 δηλοῖ.

2133 4891 2522 4961 Ἀναφέρονται
2548 4891 2606 4944 δὲ
2638 4891 2732 4942 καὶ
2758 4891 2838 4951 εἰς
2861 4889 2963 4958 τὴν
2990 4886 3215 4957 Περσῶν
3248 4883 3549 4952 βασιλείαν.
3596 4881 3700 4934 Διὰ

2118 4979 2175 5033 δὲ
2199 4979 2293 5032 τοῦ
2324 4980 2591 5050 στόματος
2623 4982 2656 5051 ἡ
2698 4980 3081 5043 Βα6υλωνίων,
3114 4978 3180 5048 ἢν
3210 4978 3275 5031 ἄν
3304 4994 3387 5039 τις
3422 4973 3702 5044 ἀπαραλο·

2120 5074 2323 5142 γίστως
2371 5074 2470 5144 τὴν
2522 5073 2631 5127 τῶν
2684 5071 3060 5145 Σαρῤακηνῶν
3114 5069 3408 5136 ἐκδέξεται,
3461 5064 3581 5122 καθ’
3614 5066 3701 5118 ὅτι

2125 5168 2220 5218 καὶ
2253 5166 2310 5218 ἐν
2340 5163 2625 5219 Βαϐυλῶνι
2650 5164 2748 5218 νῦν
2778 5165 2899 5216 ἐστι
2932 5163 2992 5217 τδ
3018 5165 3237 5234 ἀρχεῖον
3260 5159 3461 5225 αὐτῶν,
3480 5151 3553 5211 ὧν
3577 5156 3645 5228 δὴ
3670 5158 3703 5209 δ

2137 5256 2502 5329 Ἀντίχριστος
2525 5257 2602 5320 ὡς
2644 5255 2934 5327 Ῥωμαίων
2960 5252 3214 5325 βασιλεὺς
3239 5252 3526 5323 κρατήσει.

2195 5433 2305 5489 Καὶ
2344 5433 2569 5489 ἔδωκεν
2595 5432 2780 5500 ἀὑτῷ
2819 5436 2852 5488 ό
2881 5432 3115 5502 δράκων
3143 5431 3259 5500 τὴν
3291 5431 3546 5501 δύναμιν
3587 5431 3702 5484 ai»

2122 5528 2249 5583 τοῦ.
2286 5527 2453 5580 Δώσει
2488 5527 2596 5598 γὰρ
2623 5502 3125 5597 τῷἊντιχρίστῳδ⁵
3152 5526 3418 5588 Σατανᾶς,
3456 5525 3485 5576 ὁ
3506 5522 3703 5592 νοητὸς

2121 5621 2364 5689 δράκων,
2400 5621 2582 5674 πᾶσαν
2631 5618 2882 5685 ἐξουσίαν
2935 5619 2994 5670 ὲν
3049 5616 3298 5689 σημείοις
3352 5616 3446 5669 καὶ
3507 5615 3704 5685 τέρασι

2122 5711 2367 5785 ψευδέσι,
2400 5710 2538 5784 πρὸς
2567 5709 2843 5782 ὲξαπάτην
2875 5711 3026 5782 ὅμως
3054 5709 3162 5764 τῶν
3196 5707 3563 5780 άστηρίκτων.
3594 5704 3705 5758 Τὸν
