  <div class='ocr_page' id='page_1' title='image "/cluster/home/n/w/nwhite01/storage/ocr_20150623/106/hvd.32044051727071/348.png"; bbox 0 0 4030 6600; ppageno 0'>
   <div class='ocr_carea' id='block_1_1' title="bbox 244 364 355 430">
    <p class='ocr_par' dir='ltr' id='par_1_1' title="bbox 244 364 355 430">
     <span class='ocr_line' id='line_1_1' title="bbox 244 364 355 430; baseline -0.018 -1"><span class='ocrx_word' id='word_1_1' title='bbox 244 364 355 430; x_wconf 74' lang='lat'><strong><em>673</em></strong></span> 
     </span>
    </p>
   </div>
   <div class='ocr_carea' id='block_1_2' title="bbox 1310 360 2395 425">
    <p class='ocr_par' dir='ltr' id='par_1_2' title="bbox 1310 360 2395 425">
     <span class='ocr_line' id='line_1_2' title="bbox 1310 360 2395 425; baseline 0 -4"><span class='ocrx_word' id='word_1_2' title='bbox 1310 360 1700 425; x_wconf 85' lang='lat' dir='ltr'><strong><em>COMMENT.</em></strong></span> <span class='ocrx_word' id='word_1_3' title='bbox 1742 363 1824 425; x_wconf 83' lang='lat' dir='ltr'><strong>IN</strong></span> <span class='ocrx_word' id='word_1_4' title='bbox 1866 361 2097 422; x_wconf 81' lang='lat' dir='ltr'><strong><em>APOCA</em></strong></span> <span class='ocrx_word' id='word_1_5' title='bbox 2110 362 2395 422; x_wconf 79' lang='lat' dir='ltr'><strong><em>LYPSIN.</em></strong></span> 
     </span>
    </p>
   </div>
   <div class='ocr_carea' id='block_1_3' title="bbox 3397 359 3506 423">
    <p class='ocr_par' dir='ltr' id='par_1_3' title="bbox 3397 359 3506 423">
     <span class='ocr_line' id='line_1_3' title="bbox 3397 359 3506 423; baseline 0 -1"><span class='ocrx_word' id='word_1_6' title='bbox 3397 359 3506 423; x_wconf 63' lang='grc'><strong><em>674</em></strong></span> 
     </span>
    </p>
   </div>
   <div class='ocr_carea' id='block_1_4' title="bbox 244 474 1847 551">
    <p class='ocr_par' dir='ltr' id='par_1_4' title="bbox 244 474 1833 551">
     <span class='ocr_line' id='line_1_4' title="bbox 244 474 1833 551; baseline -0.001 -18"><span class='ocrx_word' id='word_1_7' title='bbox 244 480 439 551; x_wconf 78' lang='grc' dir='ltr'>θρόνον</span> <span class='ocrx_word' id='word_1_8' title='bbox 468 478 523 532; x_wconf 81' lang='grc' dir='ltr'><em>δὲ</em></span> <span class='ocrx_word' id='word_1_9' title='bbox 554 475 605 531; x_wconf 85' lang='grc' dir='ltr'><em>τί</em></span> <span class='ocrx_word' id='word_1_10' title='bbox 637 474 879 548; x_wconf 78' lang='grc' dir='ltr'><em>νοητέον,</em></span> <span class='ocrx_word' id='word_1_11' title='bbox 918 479 967 530; x_wconf 73' lang='grc' dir='ltr'><em>εἰ</em></span> <span class='ocrx_word' id='word_1_12' title='bbox 1012 476 1087 546; x_wconf 80' lang='grc' dir='ltr'><strong>μὴ</strong></span> <span class='ocrx_word' id='word_1_13' title='bbox 1120 476 1219 548; x_wconf 81' lang='grc' dir='ltr'><em>τὴν</em></span> <span class='ocrx_word' id='word_1_14' title='bbox 1250 477 1500 544; x_wconf 74' lang='grc' dir='ltr'><strong><em>ἐξουσίαν</em></strong></span> <span class='ocrx_word' id='word_1_15' title='bbox 1532 478 1627 531; x_wconf 82' lang='grc' dir='ltr'><em>τοῦ</em></span> <span class='ocrx_word' id='word_1_16' title='bbox 1672 477 1833 549; x_wconf 73' lang='grc' dir='ltr'><em>ἀέρος</em></span> 
     </span>
    </p>
   </div>
   <div class='ocr_carea' id='block_1_5' title="bbox 1949 474 3509 551">
    <p class='ocr_par' dir='ltr' id='par_1_5' title="bbox 1949 477 3509 550">
     <span class='ocr_line' id='line_1_5' title="bbox 1949 477 3509 550; baseline 0 -17"><span class='ocrx_word' id='word_1_17' title='bbox 1949 495 2067 534; x_wconf 80' lang='lat' dir='ltr'><strong><em>num</em></strong></span> <span class='ocrx_word' id='word_1_18' title='bbox 2101 478 2514 550; x_wconf 85' lang='lat' dir='ltr'><strong><em>intelligendum</em></strong></span> <span class='ocrx_word' id='word_1_19' title='bbox 2539 488 2622 533; x_wconf 89' lang='lat' dir='ltr'><strong><em>est</em></strong></span> <span class='ocrx_word' id='word_1_20' title='bbox 2658 477 2764 533; x_wconf 92' lang='lat' dir='ltr'><strong><em>nisi</em></strong></span> <span class='ocrx_word' id='word_1_21' title='bbox 2792 486 3033 547; x_wconf 76' lang='lat' dir='ltr'><strong><em>potestas</em></strong></span> <span class='ocrx_word' id='word_1_22' title='bbox 3069 477 3213 533; x_wconf 88' lang='lat' dir='ltr'><strong><em>aeris</em></strong></span> <span class='ocrx_word' id='word_1_23' title='bbox 3248 477 3475 533; x_wconf 82' lang='lat' dir='ltr'><strong><em>tenebra</em></strong></span> <span class='ocrx_word' id='word_1_24' title='bbox 3505 516 3509 521; x_wconf 87' lang='lat'><strong><em>-</em></strong></span> 
     </span>
    </p>
   </div>
   <div class='ocr_carea' id='block_1_6' title="bbox 247 568 1825 641">
    <p class='ocr_par' dir='ltr' id='par_1_6' title="bbox 247 568 1825 641">
     <span class='ocr_line' id='line_1_6' title="bbox 247 568 1825 641; baseline -0.001 -16"><span class='ocrx_word' id='word_1_25' title='bbox 247 572 344 625; x_wconf 80' lang='grc' dir='ltr'><strong><em>τοῦ</em></strong></span> <span class='ocrx_word' id='word_1_26' title='bbox 373 571 597 631; x_wconf 81' lang='grc' dir='ltr'><strong><em>σκότους</em></strong></span> <span class='ocrx_word' id='word_1_27' title='bbox 633 568 850 634; x_wconf 75' lang='grc' dir='ltr'><em>τούτου,</em></span> <span class='ocrx_word' id='word_1_28' title='bbox 883 570 948 640; x_wconf 75' lang='grc' dir='ltr'><strong><em>ἢν</em></strong></span> <span class='ocrx_word' id='word_1_29' title='bbox 975 569 1071 622; x_wconf 77' lang='grc' dir='ltr'><em>καὶ</em></span> <span class='ocrx_word' id='word_1_30' title='bbox 1102 568 1262 633; x_wconf 83' lang='grc' dir='ltr'><em>αὐτὸς</em></span> <span class='ocrx_word' id='word_1_31' title='bbox 1286 568 1413 639; x_wconf 77' lang='grc' dir='ltr'><em>ἔσχε</em></span> <span class='ocrx_word' id='word_1_32' title='bbox 1436 571 1539 640; x_wconf 78' lang='grc' dir='ltr'><em>τῆς</em></span> <span class='ocrx_word' id='word_1_33' title='bbox 1570 571 1825 641; x_wconf 80' lang='grc' dir='ltr'><strong><em>οὐρανίου</em></strong></span> 
     </span>
    </p>
   </div>
   <div class='ocr_carea' id='block_1_7' title="bbox 247 659 860 731">
    <p class='ocr_par' dir='ltr' id='par_1_7' title="bbox 247 659 860 731">
     <span class='ocr_line' id='line_1_7' title="bbox 247 659 860 731; baseline -0.008 -14"><span class='ocrx_word' id='word_1_34' title='bbox 247 662 409 731; x_wconf 78' lang='grc' dir='ltr'><em>δόξης</em></span> <span class='ocrx_word' id='word_1_35' title='bbox 440 664 573 713; x_wconf 82' lang='grc' dir='ltr'><em>ἐκπε</em></span> <span class='ocrx_word' id='word_1_36' title='bbox 583 659 819 723; x_wconf 85' lang='grc' dir='ltr'><em>πτωκώς</em></span> <span class='ocrx_word' id='word_1_37' title='bbox 846 677 860 723; x_wconf 89' lang='grc'>;</span> 
     </span>
    </p>
   </div>
   <div class='ocr_carea' id='block_1_8' title="bbox 323 747 1829 820">
    <p class='ocr_par' dir='ltr' id='par_1_8' title="bbox 323 747 1829 820">
     <span class='ocr_line' id='line_1_8' title="bbox 323 747 1829 820; baseline 0 -13"><span class='ocrx_word' id='word_1_38' title='bbox 323 752 433 808; x_wconf 83' lang='lat' dir='ltr'><strong><em>Kal</em></strong></span> <span class='ocrx_word' id='word_1_39' title='bbox 482 747 649 805; x_wconf 74' lang='grc' dir='ltr'><em>εἶδον</em></span> <span class='ocrx_word' id='word_1_40' title='bbox 672 753 818 820; x_wconf 84' lang='grc' dir='ltr'><em>μίαν</em></span> <span class='ocrx_word' id='word_1_41' title='bbox 866 751 933 805; x_wconf 79' lang='grc' dir='ltr'><strong><em>ἐκ</em></strong></span> <span class='ocrx_word' id='word_1_42' title='bbox 965 750 1086 805; x_wconf 84' lang='grc' dir='ltr'><strong><em>τῶν</em></strong></span> <span class='ocrx_word' id='word_1_43' title='bbox 1117 750 1403 820; x_wconf 71' lang='grc' dir='ltr'><em>κεφαλῶν</em></span> <span class='ocrx_word' id='word_1_44' title='bbox 1435 753 1647 816; x_wconf 82' lang='grc' dir='ltr'><em>αὑτοῦ,</em></span> <span class='ocrx_word' id='word_1_45' title='bbox 1687 753 1829 808; x_wconf 70' lang='grc' dir='ltr'><em>ὡσεὶ</em></span> 
     </span>
    </p>
   </div>
   <div class='ocr_carea' id='block_1_9' title="bbox 246 828 1832 912">
    <p class='ocr_par' dir='ltr' id='par_1_9' title="bbox 246 828 1832 912">
     <span class='ocr_line' id='line_1_9' title="bbox 246 828 1832 912; baseline 0 -17"><span class='ocrx_word' id='word_1_46' title='bbox 246 840 639 912; x_wconf 69' lang='grc' dir='ltr'><em>ἐσφαγμενην</em></span> <span class='ocrx_word' id='word_1_47' title='bbox 662 842 749 906; x_wconf 76' lang='grc' dir='ltr'><em>εἰς</em></span> <span class='ocrx_word' id='word_1_48' title='bbox 780 838 1069 894; x_wconf 79' lang='grc' dir='ltr'><em>θάνατον·</em></span> <span class='ocrx_word' id='word_1_49' title='bbox 1099 828 1198 893; x_wconf 74' lang='grc' dir='ltr'><strong><em>καὶ</em></strong></span> <span class='ocrx_word' id='word_1_50' title='bbox 1215 839 1254 906; x_wconf 77' lang='grc' dir='ltr'><strong>ἠ</strong></span> <span class='ocrx_word' id='word_1_51' title='bbox 1282 841 1487 910; x_wconf 80' lang='grc' dir='ltr'><em>πληγὴ</em></span> <span class='ocrx_word' id='word_1_52' title='bbox 1516 842 1620 895; x_wconf 83' lang='grc' dir='ltr'><em>τοῦ</em></span> <span class='ocrx_word' id='word_1_53' title='bbox 1654 842 1832 896; x_wconf 79' lang='grc' dir='ltr'><em>θανά-</em></span> 
     </span>
    </p>
   </div>
   <div class='ocr_carea' id='block_1_10' title="bbox 247 931 1830 1005">
    <p class='ocr_par' dir='ltr' id='par_1_10' title="bbox 247 931 1830 1005">
     <span class='ocr_line' id='line_1_10' title="bbox 247 931 1830 1005; baseline 0.004 -21"><span class='ocrx_word' id='word_1_54' title='bbox 247 952 358 988; x_wconf 78' lang='grc' dir='ltr'><strong><em>του</em></strong></span> <span class='ocrx_word' id='word_1_55' title='bbox 388 931 576 987; x_wconf 83' lang='grc' dir='ltr'><em>αὑτοῦ</em></span> <span class='ocrx_word' id='word_1_56' title='bbox 604 931 968 1000; x_wconf 79' lang='grc' dir='ltr'><strong><em>ἐθεραπεύθη</em></strong></span> <span class='ocrx_word' id='word_1_57' title='bbox 990 948 1004 961; x_wconf 72' lang='grc' dir='ltr'><em>ο</em></span> <span class='ocrx_word' id='word_1_58' title='bbox 1031 932 1128 985; x_wconf 74' lang='grc' dir='ltr'><em>καὶ</em></span> <span class='ocrx_word' id='word_1_59' title='bbox 1175 932 1518 1001; x_wconf 81' lang='grc' dir='ltr'><strong><em>ἐθαύμασεν</em></strong></span> <span class='ocrx_word' id='word_1_60' title='bbox 1540 933 1652 1000; x_wconf 79' lang='grc' dir='ltr'><strong><em>ὅλη</em></strong></span> <span class='ocrx_word' id='word_1_61' title='bbox 1689 935 1728 1003; x_wconf 76' lang='grc' dir='ltr'><em>η</em></span> <span class='ocrx_word' id='word_1_62' title='bbox 1755 934 1830 1005; x_wconf 79' lang='grc' dir='ltr'><em>γῆ</em></span> 
     </span>
    </p>
   </div>
   <div class='ocr_carea' id='block_1_11' title="bbox 249 1021 1830 1092">
    <p class='ocr_par' dir='ltr' id='par_1_11' title="bbox 249 1021 1830 1092">
     <span class='ocr_line' id='line_1_11' title="bbox 249 1021 1830 1092; baseline 0.001 -16"><span class='ocrx_word' id='word_1_63' title='bbox 249 1025 447 1077; x_wconf 78' lang='grc' dir='ltr'><em>ὀπίσω</em></span> <span class='ocrx_word' id='word_1_64' title='bbox 490 1022 596 1076; x_wconf 87' lang='grc' dir='ltr'><em>τοῦ</em></span> <span class='ocrx_word' id='word_1_65' title='bbox 631 1022 839 1089; x_wconf 83' lang='grc' dir='ltr'>θηρίου</span> <span class='ocrx_word' id='word_1_66' title='bbox 860 1038 873 1051; x_wconf 93' lang='grc'>·</span> <span class='ocrx_word' id='word_1_67' title='bbox 908 1021 1008 1075; x_wconf 77' lang='grc' dir='ltr'><em>καὶ</em></span> <span class='ocrx_word' id='word_1_68' title='bbox 1041 1024 1519 1090; x_wconf 82' lang='grc' dir='ltr'><strong><em>προσεκύνησαν</em></strong></span> <span class='ocrx_word' id='word_1_69' title='bbox 1567 1024 1645 1090; x_wconf 84' lang='grc' dir='ltr'><em>τῷ</em></span> <span class='ocrx_word' id='word_1_70' title='bbox 1687 1024 1830 1092; x_wconf 82' lang='grc' dir='ltr'><em>δρά-</em></span> 
     </span>
    </p>
   </div>
   <div class='ocr_carea' id='block_1_12' title="bbox 250 1114 1832 1185">
    <p class='ocr_par' dir='ltr' id='par_1_12' title="bbox 250 1114 1832 1185">
     <span class='ocr_line' id='line_1_12' title="bbox 250 1114 1832 1185; baseline 0.001 -17"><span class='ocrx_word' id='word_1_71' title='bbox 250 1133 421 1169; x_wconf 83' lang='grc' dir='ltr'><em>κοντι</em></span> <span class='ocrx_word' id='word_1_72' title='bbox 468 1114 549 1181; x_wconf 85' lang='grc' dir='ltr'><em>τῷ</em></span> <span class='ocrx_word' id='word_1_73' title='bbox 579 1114 863 1169; x_wconf 68' lang='grc' dir='ltr'><em>δεδωκότι</em></span> <span class='ocrx_word' id='word_1_74' title='bbox 918 1115 1035 1185; x_wconf 82' lang='grc' dir='ltr'><em>τὴν</em></span> <span class='ocrx_word' id='word_1_75' title='bbox 1066 1114 1357 1178; x_wconf 75' lang='grc' dir='ltr'><strong><em>ἐξουσίαν</em></strong></span> <span class='ocrx_word' id='word_1_76' title='bbox 1388 1115 1467 1180; x_wconf 85' lang='grc' dir='ltr'><em>τῷ</em></span> <span class='ocrx_word' id='word_1_77' title='bbox 1499 1118 1700 1184; x_wconf 79' lang='grc' dir='ltr'><em>θηρίῳ,</em></span> <span class='ocrx_word' id='word_1_78' title='bbox 1733 1116 1832 1170; x_wconf 75' lang='grc' dir='ltr'><em>καὶ</em></span> 
     </span>
    </p>
   </div>
   <div class='ocr_carea' id='block_1_13' title="bbox 250 1206 1833 1276">
    <p class='ocr_par' dir='ltr' id='par_1_13' title="bbox 250 1206 1833 1276">
     <span class='ocr_line' id='line_1_13' title="bbox 250 1206 1833 1276; baseline 0.001 -16"><span class='ocrx_word' id='word_1_79' title='bbox 250 1209 729 1276; x_wconf 76' lang='grc' dir='ltr'><strong><em>προσεκύνησαν</em></strong></span> <span class='ocrx_word' id='word_1_80' title='bbox 766 1206 841 1272; x_wconf 83' lang='grc' dir='ltr'><strong><em>τῷ</em></strong></span> <span class='ocrx_word' id='word_1_81' title='bbox 892 1207 1095 1275; x_wconf 82' lang='grc' dir='ltr'>θηρίῳ,</span> <span class='ocrx_word' id='word_1_82' title='bbox 1127 1206 1446 1275; x_wconf 71' lang='grc' dir='ltr'><strong><em>λέγοντες⁹</em></strong></span> <span class='ocrx_word' id='word_1_83' title='bbox 1490 1209 1585 1273; x_wconf 89' lang='grc' dir='ltr'><strong><em>Τίς</em></strong></span> <span class='ocrx_word' id='word_1_84' title='bbox 1631 1208 1833 1276; x_wconf 70' lang='grc' dir='ltr'><em>ὅμοιος</em></span> 
     </span>
    </p>
   </div>
   <div class='ocr_carea' id='block_1_14' title="bbox 250 1299 1835 1370">
    <p class='ocr_par' dir='ltr' id='par_1_14' title="bbox 250 1299 1835 1370">
     <span class='ocr_line' id='line_1_14' title="bbox 250 1299 1835 1370; baseline 0.001 -17"><span class='ocrx_word' id='word_1_85' title='bbox 250 1300 335 1365; x_wconf 85' lang='grc' dir='ltr'><em>τῷ</em></span> <span class='ocrx_word' id='word_1_86' title='bbox 367 1301 581 1367; x_wconf 65' lang='lat' dir='ltr'><strong><em>dupla);</em></strong></span> <span class='ocrx_word' id='word_1_87' title='bbox 625 1301 717 1365; x_wconf 84' lang='grc' dir='ltr'><em>τίς</em></span> <span class='ocrx_word' id='word_1_88' title='bbox 761 1300 1021 1364; x_wconf 84' lang='grc' dir='ltr'><em>δυνατὸς</em></span> <span class='ocrx_word' id='word_1_89' title='bbox 1067 1299 1409 1370; x_wconf 75' lang='grc' dir='ltr'><em>πολεμῆσαι</em></span> <span class='ocrx_word' id='word_1_90' title='bbox 1442 1302 1569 1368; x_wconf 84' lang='grc' dir='ltr'><em>μετ’</em></span> <span class='ocrx_word' id='word_1_91' title='bbox 1608 1301 1835 1364; x_wconf 63' lang='lat' dir='ltr'><strong><em>autat&quot;);</em></strong></span> 
     </span>
    </p>
   </div>
   <div class='ocr_carea' id='block_1_15' title="bbox 251 1391 1833 1462">
    <p class='ocr_par' dir='ltr' id='par_1_15' title="bbox 251 1391 1833 1462">
     <span class='ocr_line' id='line_1_15' title="bbox 251 1391 1833 1462; baseline 0 -15"><span class='ocrx_word' id='word_1_92' title='bbox 251 1394 353 1447; x_wconf 74' lang='grc' dir='ltr'><em>καὶ</em></span> <span class='ocrx_word' id='word_1_93' title='bbox 383 1394 561 1462; x_wconf 81' lang='grc' dir='ltr'>ἐδόθη</span> <span class='ocrx_word' id='word_1_94' title='bbox 584 1393 744 1458; x_wconf 84' lang='grc' dir='ltr'><em>αὺτῷ</em></span> <span class='ocrx_word' id='word_1_95' title='bbox 774 1394 969 1461; x_wconf 86' lang='grc' dir='ltr'><em>στόμα</em></span> <span class='ocrx_word' id='word_1_96' title='bbox 998 1393 1235 1447; x_wconf 80' lang='grc' dir='ltr'><em>λαλοῦν</em></span> <span class='ocrx_word' id='word_1_97' title='bbox 1252 1391 1489 1462; x_wconf 70' lang='grc' dir='ltr'><em>μεγάλα</em></span> <span class='ocrx_word' id='word_1_98' title='bbox 1512 1392 1611 1447; x_wconf 73' lang='grc' dir='ltr'><em>καὶ</em></span> <span class='ocrx_word' id='word_1_99' title='bbox 1631 1394 1833 1457; x_wconf 76' lang='grc' dir='ltr'><em>βλασ-</em></span> 
     </span>
    </p>
   </div>
   <div class='ocr_carea' id='block_1_16' title="bbox 249 1483 1833 1555">
    <p class='ocr_par' dir='ltr' id='par_1_16' title="bbox 249 1483 1833 1555">
     <span class='ocr_line' id='line_1_16' title="bbox 249 1483 1833 1555; baseline -0.001 -16"><span class='ocrx_word' id='word_1_100' title='bbox 249 1486 491 1555; x_wconf 73' lang='grc' dir='ltr'><em>φημίαν</em></span> <span class='ocrx_word' id='word_1_101' title='bbox 512 1501 525 1513; x_wconf 93' lang='grc'><strong>·</strong></span> <span class='ocrx_word' id='word_1_102' title='bbox 561 1484 660 1538; x_wconf 78' lang='grc' dir='ltr'><em>καὶ</em></span> <span class='ocrx_word' id='word_1_103' title='bbox 694 1484 871 1551; x_wconf 86' lang='grc' dir='ltr'><em>ἐδόθη</em></span> <span class='ocrx_word' id='word_1_104' title='bbox 897 1483 1058 1550; x_wconf 84' lang='grc' dir='ltr'><em>αὐτῷ</em></span> <span class='ocrx_word' id='word_1_105' title='bbox 1081 1483 1335 1549; x_wconf 78' lang='grc' dir='ltr'><strong><em>ἐξουσία</em></strong></span> <span class='ocrx_word' id='word_1_106' title='bbox 1359 1487 1627 1554; x_wconf 77' lang='grc' dir='ltr'><em>πόλεμον</em></span> <span class='ocrx_word' id='word_1_107' title='bbox 1659 1484 1833 1553; x_wconf 80' lang='grc' dir='ltr'><em>ποιῆ-</em></span> 
     </span>
    </p>
   </div>
   <div class='ocr_carea' id='block_1_17' title="bbox 250 1575 1837 1648">
    <p class='ocr_par' dir='ltr' id='par_1_17' title="bbox 250 1575 1837 1648">
     <span class='ocr_line' id='line_1_17' title="bbox 250 1575 1837 1648; baseline -0.003 -16"><span class='ocrx_word' id='word_1_108' title='bbox 250 1594 362 1632; x_wconf 85' lang='grc' dir='ltr'><em>σιιι</em></span> <span class='ocrx_word' id='word_1_109' title='bbox 382 1577 585 1648; x_wconf 82' lang='grc' dir='ltr'><em>μῆνας</em></span> <span class='ocrx_word' id='word_1_110' title='bbox 601 1576 1189 1645; x_wconf 81' lang='grc' dir='ltr'><em>τεσσαρακονταδύο.</em></span> <span class='ocrx_word' id='word_1_111' title='bbox 1208 1577 1316 1630; x_wconf 88' lang='lat' dir='ltr'><strong><em>Kal</em></strong></span> <span class='ocrx_word' id='word_1_112' title='bbox 1339 1575 1543 1644; x_wconf 78' lang='grc' dir='ltr'><em>ἤνοιξε</em></span> <span class='ocrx_word' id='word_1_113' title='bbox 1555 1578 1618 1629; x_wconf 86' lang='grc' dir='ltr'><em>τὸ</em></span> <span class='ocrx_word' id='word_1_114' title='bbox 1642 1576 1837 1645; x_wconf 84' lang='grc' dir='ltr'><em>στόμα</em></span> 
     </span>
    </p>
   </div>
   <div class='ocr_carea' id='block_1_18' title="bbox 249 1669 1836 1739">
    <p class='ocr_par' dir='ltr' id='par_1_18' title="bbox 249 1669 1836 1739">
     <span class='ocr_line' id='line_1_18' title="bbox 249 1669 1836 1739; baseline -0.001 -14"><span class='ocrx_word' id='word_1_115' title='bbox 249 1671 445 1725; x_wconf 83' lang='grc' dir='ltr'><em>αὑτοῦ</em></span> <span class='ocrx_word' id='word_1_116' title='bbox 472 1674 559 1735; x_wconf 78' lang='grc' dir='ltr'><strong><em>εις</em></strong></span> <span class='ocrx_word' id='word_1_117' title='bbox 586 1669 988 1738; x_wconf 71' lang='grc' dir='ltr'><em>βλασφημίαν</em></span> <span class='ocrx_word' id='word_1_118' title='bbox 1021 1669 1172 1738; x_wconf 84' lang='grc' dir='ltr'><strong><em>πρὸς</em></strong></span> <span class='ocrx_word' id='word_1_119' title='bbox 1200 1669 1307 1723; x_wconf 81' lang='grc' dir='ltr'><em>τὸν</em></span> <span class='ocrx_word' id='word_1_120' title='bbox 1348 1670 1516 1735; x_wconf 85' lang='grc' dir='ltr'><em>Θεὸν,</em></span> <span class='ocrx_word' id='word_1_121' title='bbox 1550 1670 1836 1739; x_wconf 64' lang='grc' dir='ltr'><em>βλασφη-</em></span> 
     </span>
    </p>
   </div>
   <div class='ocr_carea' id='block_1_19' title="bbox 244 1759 1832 1831">
    <p class='ocr_par' dir='ltr' id='par_1_19' title="bbox 244 1759 1832 1831">
     <span class='ocr_line' id='line_1_19' title="bbox 244 1759 1832 1831; baseline 0 -17"><span class='ocrx_word' id='word_1_122' title='bbox 244 1760 450 1831; x_wconf 84' lang='grc' dir='ltr'><em>μῆσαι</em></span> <span class='ocrx_word' id='word_1_123' title='bbox 490 1760 557 1814; x_wconf 82' lang='grc' dir='ltr'><em>τὸ</em></span> <span class='ocrx_word' id='word_1_124' title='bbox 615 1760 802 1827; x_wconf 82' lang='grc' dir='ltr'><em>ὄνομα</em></span> <span class='ocrx_word' id='word_1_125' title='bbox 826 1759 1036 1823; x_wconf 84' lang='grc' dir='ltr'><em>αὑτοῦ,</em></span> <span class='ocrx_word' id='word_1_126' title='bbox 1066 1760 1167 1813; x_wconf 80' lang='grc' dir='ltr'><em>καὶ</em></span> <span class='ocrx_word' id='word_1_127' title='bbox 1209 1759 1325 1827; x_wconf 78' lang='grc' dir='ltr'><em>τὴν</em></span> <span class='ocrx_word' id='word_1_128' title='bbox 1349 1759 1595 1828; x_wconf 81' lang='grc' dir='ltr'><em>σκηνὴν</em></span> <span class='ocrx_word' id='word_1_129' title='bbox 1623 1761 1832 1825; x_wconf 85' lang='grc' dir='ltr'><em>αὐτοῦ,</em></span> 
     </span>
    </p>
   </div>
   <div class='ocr_carea' id='block_1_20' title="bbox 1935 570 3507 642">
    <p class='ocr_par' dir='ltr' id='par_1_20' title="bbox 1935 570 3507 642">
     <span class='ocr_line' id='line_1_20' title="bbox 1935 570 3507 642; baseline -0.001 -18"><span class='ocrx_word' id='word_1_130' title='bbox 1935 586 2055 624; x_wconf 90' lang='lat' dir='ltr'><strong><em>rum</em></strong></span> <span class='ocrx_word' id='word_1_131' title='bbox 2114 571 2335 635; x_wconf 85' lang='lat' dir='ltr'><strong><em>harum,</em></strong></span> <span class='ocrx_word' id='word_1_132' title='bbox 2373 570 2537 642; x_wconf 80' lang='lat'><strong><em>760</em></strong></span> <span class='ocrx_word' id='word_1_133' title='bbox 2567 585 2731 638; x_wconf 85' lang='lat' dir='ltr'><strong><em>quam</em></strong></span> <span class='ocrx_word' id='word_1_134' title='bbox 2765 570 2881 640; x_wconf 89' lang='lat' dir='ltr'><strong><em>ipse</em></strong></span> <span class='ocrx_word' id='word_1_135' title='bbox 2911 584 3132 641; x_wconf 89' lang='lat' dir='ltr'><strong><em>quoque</em></strong></span> <span class='ocrx_word' id='word_1_136' title='bbox 3161 570 3375 641; x_wconf 87' lang='lat' dir='ltr'><strong><em>accepit</em></strong></span> <span class='ocrx_word' id='word_1_137' title='bbox 3413 570 3507 640; x_wconf 85' lang='lat' dir='ltr'><strong><em>qui</em></strong></span> 
     </span>
    </p>
   </div>
   <div class='ocr_carea' id='block_1_21' title="bbox 1933 662 2679 735">
    <p class='ocr_par' dir='ltr' id='par_1_21' title="bbox 1933 662 2679 735">
     <span class='ocr_line' id='line_1_21' title="bbox 1933 662 2679 735; baseline -0.007 -14"><span class='ocrx_word' id='word_1_138' title='bbox 1933 681 1964 721; x_wconf 91' lang='lat' dir='ltr'><strong><em>a</em></strong></span> <span class='ocrx_word' id='word_1_139' title='bbox 1996 666 2165 735; x_wconf 86' lang='lat' dir='ltr'><strong><em>gloria</em></strong></span> <span class='ocrx_word' id='word_1_140' title='bbox 2202 664 2406 720; x_wconf 67' lang='lat' dir='ltr'><strong><em>caelesti</em></strong></span> <span class='ocrx_word' id='word_1_141' title='bbox 2440 662 2679 718; x_wconf 81' lang='lat' dir='ltr'><strong><em>cecidit?</em></strong></span> 
     </span>
    </p>
   </div>
   <div class='ocr_carea' id='block_1_22' title="bbox 2004 754 3510 824">
    <p class='ocr_par' dir='ltr' id='par_1_22' title="bbox 2004 754 3510 824">
     <span class='ocr_line' id='line_1_22' title="bbox 2004 754 3510 824; baseline -0.003 -13"><span class='ocrx_word' id='word_1_142' title='bbox 2004 755 2145 823; x_wconf 78' lang='lat' dir='ltr'><strong><em>XIII,</em></strong></span> <span class='ocrx_word' id='word_1_143' title='bbox 2174 756 2290 809; x_wconf 78' lang='lat'><strong><em>3-7.</em></strong></span> <span class='ocrx_word' id='word_1_144' title='bbox 2319 755 2389 809; x_wconf 85' lang='lat' dir='ltr'><strong><em>Et</em></strong></span> <span class='ocrx_word' id='word_1_145' title='bbox 2413 754 2519 809; x_wconf 75' lang='lat' dir='ltr'><strong><em>vidi</em></strong></span> <span class='ocrx_word' id='word_1_146' title='bbox 2544 770 2707 807; x_wconf 90' lang='lat' dir='ltr'><strong><em>unum</em></strong></span> <span class='ocrx_word' id='word_1_147' title='bbox 2742 754 2805 808; x_wconf 88' lang='lat' dir='ltr'><strong><em>de</em></strong></span> <span class='ocrx_word' id='word_1_148' title='bbox 2826 754 3083 823; x_wconf 71' lang='lat' dir='ltr'><strong><em>capitibus</em></strong></span> <span class='ocrx_word' id='word_1_149' title='bbox 3108 755 3223 824; x_wconf 82' lang='lat' dir='ltr'><strong><em>ejus</em></strong></span> <span class='ocrx_word' id='word_1_150' title='bbox 3257 763 3510 824; x_wconf 77' lang='lat' dir='ltr'><strong><em>tanquam</em></strong></span> 
     </span>
    </p>
   </div>
   <div class='ocr_carea' id='block_1_23' title="bbox 1935 842 3506 913">
    <p class='ocr_par' dir='ltr' id='par_1_23' title="bbox 1935 842 3506 913">
     <span class='ocr_line' id='line_1_23' title="bbox 1935 842 3506 913; baseline -0.004 -10"><span class='ocrx_word' id='word_1_151' title='bbox 1935 848 2164 903; x_wconf 87' lang='lat' dir='ltr'><strong><em>occisum</em></strong></span> <span class='ocrx_word' id='word_1_152' title='bbox 2197 846 2266 898; x_wconf 89' lang='lat' dir='ltr'><strong><em>ad</em></strong></span> <span class='ocrx_word' id='word_1_153' title='bbox 2303 856 2543 908; x_wconf 88' lang='lat' dir='ltr'><strong><em>mortem,</em></strong></span> <span class='ocrx_word' id='word_1_154' title='bbox 2580 854 2626 896; x_wconf 87' lang='lat' dir='ltr'><strong><em>et</em></strong></span> <span class='ocrx_word' id='word_1_155' title='bbox 2655 843 2811 913; x_wconf 83' lang='lat' dir='ltr'><strong><em>plaga</em></strong></span> <span class='ocrx_word' id='word_1_156' title='bbox 2843 842 3027 897; x_wconf 88' lang='lat' dir='ltr'><strong><em>mortis</em></strong></span> <span class='ocrx_word' id='word_1_157' title='bbox 3053 842 3166 912; x_wconf 90' lang='lat' dir='ltr'><strong><em>ejus</em></strong></span> <span class='ocrx_word' id='word_1_158' title='bbox 3192 852 3379 896; x_wconf 87' lang='lat' dir='ltr'><strong><em>curata</em></strong></span> <span class='ocrx_word' id='word_1_159' title='bbox 3408 851 3506 897; x_wconf 87' lang='lat' dir='ltr'><strong><em>est.</em></strong></span> 
     </span>
    </p>
   </div>
   <div class='ocr_carea' id='block_1_24' title="bbox 1938 932 3514 1003">
    <p class='ocr_par' dir='ltr' id='par_1_24' title="bbox 1938 932 3514 1003">
     <span class='ocr_line' id='line_1_24' title="bbox 1938 932 3514 1003; baseline -0.003 -12"><span class='ocrx_word' id='word_1_160' title='bbox 1938 937 2005 991; x_wconf 88' lang='lat' dir='ltr'><strong><em>Et</em></strong></span> <span class='ocrx_word' id='word_1_161' title='bbox 2037 938 2307 991; x_wconf 86' lang='lat' dir='ltr'><strong><em>admirata</em></strong></span> <span class='ocrx_word' id='word_1_162' title='bbox 2337 945 2412 992; x_wconf 85' lang='lat' dir='ltr'><strong><em>est</em></strong></span> <span class='ocrx_word' id='word_1_163' title='bbox 2447 936 2691 990; x_wconf 82' lang='lat' dir='ltr'><strong><em>universa</em></strong></span> <span class='ocrx_word' id='word_1_164' title='bbox 2717 944 2857 988; x_wconf 87' lang='lat' dir='ltr'><strong><em>terra</em></strong></span> <span class='ocrx_word' id='word_1_165' title='bbox 2885 944 3001 1003; x_wconf 78' lang='lat' dir='ltr'><strong><em>post</em></strong></span> <span class='ocrx_word' id='word_1_166' title='bbox 3027 935 3266 987; x_wconf 77' lang='lat' dir='ltr'><strong><em>bestiam.</em></strong></span> <span class='ocrx_word' id='word_1_167' title='bbox 3297 932 3514 987; x_wconf 84' lang='lat' dir='ltr'><strong><em>Etado-</em></strong></span> 
     </span>
    </p>
   </div>
   <div class='ocr_carea' id='block_1_25' title="bbox 1935 1028 3506 1097">
    <p class='ocr_par' dir='ltr' id='par_1_25' title="bbox 1935 1028 3506 1097">
     <span class='ocr_line' id='line_1_25' title="bbox 1935 1028 3506 1097; baseline -0.004 -14"><span class='ocrx_word' id='word_1_168' title='bbox 1935 1040 2183 1084; x_wconf 79' lang='lat' dir='ltr'><strong><em>raverunt</em></strong></span> <span class='ocrx_word' id='word_1_169' title='bbox 2215 1030 2498 1083; x_wconf 78' lang='lat' dir='ltr'><strong><em>draconem</em></strong></span> <span class='ocrx_word' id='word_1_170' title='bbox 2524 1029 2617 1097; x_wconf 88' lang='lat' dir='ltr'><strong><em>qui</em></strong></span> <span class='ocrx_word' id='word_1_171' title='bbox 2648 1028 2867 1082; x_wconf 84' lang='lat' dir='ltr'><strong><em>dederat</em></strong></span> <span class='ocrx_word' id='word_1_172' title='bbox 2899 1036 3207 1097; x_wconf 88' lang='lat' dir='ltr'><strong><em>potestatem</em></strong></span> <span class='ocrx_word' id='word_1_173' title='bbox 3232 1028 3433 1091; x_wconf 78' lang='lat' dir='ltr'><strong><em>bestia’,</em></strong></span> <span class='ocrx_word' id='word_1_174' title='bbox 3456 1034 3506 1079; x_wconf 90' lang='lat' dir='ltr'><strong><em>et</em></strong></span> 
     </span>
    </p>
   </div>
   <div class='ocr_carea' id='block_1_26' title="bbox 1936 1118 3512 1186">
    <p class='ocr_par' dir='ltr' id='par_1_26' title="bbox 1936 1118 3512 1186">
     <span class='ocr_line' id='line_1_26' title="bbox 1936 1118 3512 1186; baseline -0.004 -9"><span class='ocrx_word' id='word_1_175' title='bbox 1936 1124 2288 1177; x_wconf 83' lang='lat' dir='ltr'><strong><em>adorarerunt</em></strong></span> <span class='ocrx_word' id='word_1_176' title='bbox 2308 1122 2530 1176; x_wconf 78' lang='lat' dir='ltr'><strong><em>bestiam</em></strong></span> <span class='ocrx_word' id='word_1_177' title='bbox 2566 1123 2799 1175; x_wconf 76' lang='lat' dir='ltr'><strong><em>dicentes</em></strong></span> <span class='ocrx_word' id='word_1_178' title='bbox 2832 1136 2850 1174; x_wconf 93' lang='lat'><em>:</em></span> <span class='ocrx_word' id='word_1_179' title='bbox 2880 1118 3012 1186; x_wconf 83' lang='lat' dir='ltr'><strong><em>Quis</em></strong></span> <span class='ocrx_word' id='word_1_180' title='bbox 3041 1120 3230 1173; x_wconf 90' lang='lat' dir='ltr'><strong><em>similis</em></strong></span> <span class='ocrx_word' id='word_1_181' title='bbox 3282 1119 3461 1172; x_wconf 74' lang='lat' dir='ltr'><strong><em>bestia:</em></strong></span> <span class='ocrx_word' id='word_1_182' title='bbox 3485 1120 3512 1170; x_wconf 81' lang='lat'><strong><em>?</em></strong></span> 
     </span>
    </p>
   </div>
   <div class='ocr_carea' id='block_1_27' title="bbox 1934 1212 3515 1286">
    <p class='ocr_par' dir='ltr' id='par_1_27' title="bbox 1934 1212 3515 1286">
     <span class='ocr_line' id='line_1_27' title="bbox 1934 1212 3515 1286; baseline -0.004 -17"><span class='ocrx_word' id='word_1_183' title='bbox 1934 1217 2052 1286; x_wconf 84' lang='lat' dir='ltr'><strong><em>quis</em></strong></span> <span class='ocrx_word' id='word_1_184' title='bbox 2083 1216 2269 1284; x_wconf 88' lang='lat' dir='ltr'><strong><em>poterit</em></strong></span> <span class='ocrx_word' id='word_1_185' title='bbox 2292 1230 2526 1285; x_wconf 83' lang='lat' dir='ltr'><strong><em>pugnare</em></strong></span> <span class='ocrx_word' id='word_1_186' title='bbox 2551 1231 2667 1267; x_wconf 88' lang='lat' dir='ltr'><strong><em>cum</em></strong></span> <span class='ocrx_word' id='word_1_187' title='bbox 2703 1215 2800 1267; x_wconf 84' lang='lat' dir='ltr'><strong><em>ea?</em></strong></span> <span class='ocrx_word' id='word_1_188' title='bbox 2824 1212 2889 1265; x_wconf 81' lang='lat' dir='ltr'><strong><em>Et</em></strong></span> <span class='ocrx_word' id='word_1_189' title='bbox 2929 1214 3111 1265; x_wconf 88' lang='lat' dir='ltr'><strong><em>datum</em></strong></span> <span class='ocrx_word' id='word_1_190' title='bbox 3141 1220 3218 1266; x_wconf 85' lang='lat' dir='ltr'><strong><em>est</em></strong></span> <span class='ocrx_word' id='word_1_191' title='bbox 3246 1213 3294 1264; x_wconf 87' lang='lat' dir='ltr'><strong><em>ei</em></strong></span> <span class='ocrx_word' id='word_1_192' title='bbox 3331 1228 3389 1265; x_wconf 87' lang='lat' dir='ltr'><strong><em>os</em></strong></span> <span class='ocrx_word' id='word_1_193' title='bbox 3432 1212 3515 1263; x_wconf 72' lang='lat' dir='ltr'><strong><em>lo-</em></strong></span> 
     </span>
    </p>
   </div>
   <div class='ocr_carea' id='block_1_28' title="bbox 1936 1306 3512 1376">
    <p class='ocr_par' dir='ltr' id='par_1_28' title="bbox 1936 1306 3512 1376">
     <span class='ocr_line' id='line_1_28' title="bbox 1936 1306 3512 1376; baseline -0.001 -16"><span class='ocrx_word' id='word_1_194' title='bbox 1936 1324 2097 1372; x_wconf 80' lang='lat' dir='ltr'><strong><em>quens</em></strong></span> <span class='ocrx_word' id='word_1_195' title='bbox 2126 1324 2315 1375; x_wconf 87' lang='lat' dir='ltr'><strong><em>magna</em></strong></span> <span class='ocrx_word' id='word_1_196' title='bbox 2354 1318 2403 1361; x_wconf 90' lang='lat' dir='ltr'><strong><em>et</em></strong></span> <span class='ocrx_word' id='word_1_197' title='bbox 2434 1306 2785 1376; x_wconf 82' lang='lat' dir='ltr'><strong><em>blasphemias</em></strong></span> <span class='ocrx_word' id='word_1_198' title='bbox 2814 1322 2832 1359; x_wconf 92' lang='lat'><strong><em>:</em></strong></span> <span class='ocrx_word' id='word_1_199' title='bbox 2859 1315 2908 1360; x_wconf 87' lang='lat' dir='ltr'><strong><em>et</em></strong></span> <span class='ocrx_word' id='word_1_200' title='bbox 2943 1309 3071 1359; x_wconf 86' lang='lat' dir='ltr'><strong><em>data</em></strong></span> <span class='ocrx_word' id='word_1_201' title='bbox 3091 1317 3166 1359; x_wconf 90' lang='lat' dir='ltr'><strong><em>est</em></strong></span> <span class='ocrx_word' id='word_1_202' title='bbox 3203 1308 3250 1359; x_wconf 91' lang='lat' dir='ltr'><strong><em>ei</em></strong></span> <span class='ocrx_word' id='word_1_203' title='bbox 3283 1314 3512 1374; x_wconf 77' lang='lat' dir='ltr'><strong><em>potestas</em></strong></span> 
     </span>
    </p>
   </div>
   <div class='ocr_carea' id='block_1_29' title="bbox 1939 1395 3510 1469">
    <p class='ocr_par' dir='ltr' id='par_1_29' title="bbox 1939 1395 3510 1469">
     <span class='ocr_line' id='line_1_29' title="bbox 1939 1395 3510 1469; baseline -0.003 -16"><span class='ocrx_word' id='word_1_204' title='bbox 1939 1399 2174 1469; x_wconf 78' lang='lat' dir='ltr'><strong><em>faciendi</em></strong></span> <span class='ocrx_word' id='word_1_205' title='bbox 2197 1398 2437 1467; x_wconf 72' lang='lat' dir='ltr'><strong><em>prazlium</em></strong></span> <span class='ocrx_word' id='word_1_206' title='bbox 2470 1414 2667 1451; x_wconf 84' lang='lat' dir='ltr'><strong><em>menses</em></strong></span> <span class='ocrx_word' id='word_1_207' title='bbox 2704 1396 3055 1467; x_wconf 85' lang='lat' dir='ltr'><strong><em>quadraginta</em></strong></span> <span class='ocrx_word' id='word_1_208' title='bbox 3075 1399 3233 1450; x_wconf 84' lang='lat' dir='ltr'><strong><em>duos.</em></strong></span> <span class='ocrx_word' id='word_1_209' title='bbox 3283 1395 3352 1449; x_wconf 84' lang='lat' dir='ltr'><strong><em>Et</em></strong></span> <span class='ocrx_word' id='word_1_210' title='bbox 3382 1414 3510 1464; x_wconf 82' lang='lat' dir='ltr'><strong><em>ape-</em></strong></span> 
     </span>
    </p>
   </div>
   <div class='ocr_carea' id='block_1_30' title="bbox 1940 1487 3513 1557">
    <p class='ocr_par' dir='ltr' id='par_1_30' title="bbox 1940 1487 3513 1557">
     <span class='ocr_line' id='line_1_30' title="bbox 1940 1487 3513 1557; baseline -0.003 -14"><span class='ocrx_word' id='word_1_211' title='bbox 1940 1492 2047 1545; x_wconf 87' lang='lat' dir='ltr'><strong><em>ruit</em></strong></span> <span class='ocrx_word' id='word_1_212' title='bbox 2079 1506 2135 1543; x_wconf 86' lang='lat' dir='ltr'><strong><em>os</em></strong></span> <span class='ocrx_word' id='word_1_213' title='bbox 2183 1506 2338 1543; x_wconf 87' lang='lat' dir='ltr'><strong><em>suum</em></strong></span> <span class='ocrx_word' id='word_1_214' title='bbox 2394 1490 2463 1541; x_wconf 84' lang='lat' dir='ltr'><strong><em>ad</em></strong></span> <span class='ocrx_word' id='word_1_215' title='bbox 2513 1488 2891 1557; x_wconf 82' lang='lat' dir='ltr'><strong><em>blasphemiam</em></strong></span> <span class='ocrx_word' id='word_1_216' title='bbox 2923 1488 3172 1542; x_wconf 75' lang='lat' dir='ltr'><strong><em>adversus</em></strong></span> <span class='ocrx_word' id='word_1_217' title='bbox 3233 1487 3421 1551; x_wconf 89' lang='lat' dir='ltr'><strong><em>Deum,</em></strong></span> <span class='ocrx_word' id='word_1_218' title='bbox 3454 1493 3513 1540; x_wconf 86' lang='lat' dir='ltr'><strong><em>ut</em></strong></span> 
     </span>
    </p>
   </div>
   <div class='ocr_carea' id='block_1_31' title="bbox 1940 1578 3512 1651">
    <p class='ocr_par' dir='ltr' id='par_1_31' title="bbox 1940 1578 3512 1651">
     <span class='ocr_line' id='line_1_31' title="bbox 1940 1578 3512 1651; baseline -0.004 -17"><span class='ocrx_word' id='word_1_219' title='bbox 1940 1582 2324 1651; x_wconf 81' lang='lat' dir='ltr'><strong><em>blaspltemaret</em></strong></span> <span class='ocrx_word' id='word_1_220' title='bbox 2355 1596 2540 1632; x_wconf 86' lang='lat' dir='ltr'><strong><em>nomen</em></strong></span> <span class='ocrx_word' id='word_1_221' title='bbox 2570 1580 2683 1648; x_wconf 84' lang='lat' dir='ltr'><strong><em>ejus</em></strong></span> <span class='ocrx_word' id='word_1_222' title='bbox 2709 1590 2755 1632; x_wconf 88' lang='lat' dir='ltr'><strong><em>et</em></strong></span> <span class='ocrx_word' id='word_1_223' title='bbox 2780 1578 3176 1631; x_wconf 79' lang='lat' dir='ltr'><strong><em>tabernaculum</em></strong></span> <span class='ocrx_word' id='word_1_224' title='bbox 3209 1578 3322 1646; x_wconf 86' lang='lat' dir='ltr'><strong><em>ejus</em></strong></span> <span class='ocrx_word' id='word_1_225' title='bbox 3352 1588 3397 1630; x_wconf 87' lang='lat' dir='ltr'><strong><em>et</em></strong></span> <span class='ocrx_word' id='word_1_226' title='bbox 3423 1593 3512 1629; x_wconf 87' lang='lat' dir='ltr'><strong><em>eos</em></strong></span> 
     </span>
    </p>
   </div>
   <div class='ocr_carea' id='block_1_32' title="bbox 1941 1668 3510 1742">
    <p class='ocr_par' dir='ltr' id='par_1_32' title="bbox 1941 1668 3510 1742">
     <span class='ocr_line' id='line_1_32' title="bbox 1941 1668 3510 1742; baseline -0.004 -17"><span class='ocrx_word' id='word_1_227' title='bbox 1941 1675 2029 1742; x_wconf 87' lang='lat' dir='ltr'><strong><em>qui</em></strong></span> <span class='ocrx_word' id='word_1_228' title='bbox 2064 1674 2116 1725; x_wconf 92' lang='lat' dir='ltr'><strong><em>in</em></strong></span> <span class='ocrx_word' id='word_1_229' title='bbox 2148 1671 2275 1725; x_wconf 69' lang='lat' dir='ltr'><strong><em>caelo</em></strong></span> <span class='ocrx_word' id='word_1_230' title='bbox 2310 1671 2574 1723; x_wconf 80' lang='lat' dir='ltr'><strong><em>habitant.</em></strong></span> <span class='ocrx_word' id='word_1_231' title='bbox 2612 1668 2680 1723; x_wconf 87' lang='lat' dir='ltr'><strong><em>Et</em></strong></span> <span class='ocrx_word' id='word_1_232' title='bbox 2744 1673 2928 1721; x_wconf 87' lang='lat' dir='ltr'><strong><em>datum</em></strong></span> <span class='ocrx_word' id='word_1_233' title='bbox 2969 1680 3041 1721; x_wconf 85' lang='lat' dir='ltr'><strong><em>est</em></strong></span> <span class='ocrx_word' id='word_1_234' title='bbox 3091 1669 3173 1721; x_wconf 87' lang='lat' dir='ltr'><strong><em>illi</em></strong></span> <span class='ocrx_word' id='word_1_235' title='bbox 3203 1668 3397 1721; x_wconf 81' lang='lat' dir='ltr'><strong><em>bellant</em></strong></span> <span class='ocrx_word' id='word_1_236' title='bbox 3422 1669 3510 1729; x_wconf 81' lang='lat' dir='ltr'><strong><em>[a-</em></strong></span> 
     </span>
    </p>
   </div>
   <div class='ocr_carea' id='block_1_33' title="bbox 1940 1759 2880 1815">
    <p class='ocr_par' dir='ltr' id='par_1_33' title="bbox 1940 1759 2880 1815">
     <span class='ocr_line' id='line_1_33' title="bbox 1940 1759 2880 1815; baseline -0.003 0"><span class='ocrx_word' id='word_1_237' title='bbox 1940 1778 2052 1815; x_wconf 84' lang='lat' dir='ltr'><strong><em>cere</em></strong></span> <span class='ocrx_word' id='word_1_238' title='bbox 2081 1777 2199 1813; x_wconf 86' lang='lat' dir='ltr'><strong><em>cum</em></strong></span> <span class='ocrx_word' id='word_1_239' title='bbox 2226 1760 2425 1814; x_wconf 82' lang='lat' dir='ltr'><strong><em>sanctis</em></strong></span> <span class='ocrx_word' id='word_1_240' title='bbox 2458 1769 2504 1812; x_wconf 87' lang='lat' dir='ltr'><strong><em>et</em></strong></span> <span class='ocrx_word' id='word_1_241' title='bbox 2547 1759 2751 1812; x_wconf 73' lang='lat' dir='ltr'><strong><em>vincere</em></strong></span> <span class='ocrx_word' id='word_1_242' title='bbox 2773 1775 2880 1813; x_wconf 86' lang='lat' dir='ltr'><strong><em>eos.</em></strong></span> 
     </span>
    </p>
   </div>
   <div class='ocr_carea' id='block_1_34' title="bbox 250 1845 3521 1923">
    <p class='ocr_par' dir='ltr' id='par_1_34' title="bbox 250 1845 3521 1923">
     <span class='ocr_line' id='line_1_34' title="bbox 250 1845 3521 1923; baseline -0.002 -16"><span class='ocrx_word' id='word_1_243' title='bbox 250 1852 537 1919; x_wconf 77' lang='grc' dir='ltr'><em>καὶτοὺς</em></span> <span class='ocrx_word' id='word_1_244' title='bbox 595 1852 664 1905; x_wconf 88' lang='grc' dir='ltr'><strong><em>ἐν</em></strong></span> <span class='ocrx_word' id='word_1_245' title='bbox 697 1848 777 1917; x_wconf 83' lang='grc' dir='ltr'><strong><em>τῷ</em></strong></span> <span class='ocrx_word' id='word_1_246' title='bbox 836 1850 1068 1921; x_wconf 69' lang='grc' dir='ltr'><em>οἱφανῷ</em></span> <span class='ocrx_word' id='word_1_247' title='bbox 1121 1852 1528 1921; x_wconf 82' lang='grc' dir='ltr'><em>σκηνοῦντας.</em></span> <span class='ocrx_word' id='word_1_248' title='bbox 1588 1854 1696 1907; x_wconf 83' lang='grc' dir='ltr'><strong><em>Καὶ</em></strong></span> <span class='ocrx_word' id='word_1_249' title='bbox 1744 1852 1922 1923; x_wconf 85' lang='grc' dir='ltr'><em>ἐδόθη</em></span> <span class='ocrx_word' id='word_1_250' title='bbox 1975 1855 2135 1920; x_wconf 78' lang='grc' dir='ltr'><em>αὐτῷ</em></span> <span class='ocrx_word' id='word_1_251' title='bbox 2191 1852 2436 1921; x_wconf 82' lang='grc' dir='ltr'><em>ποιῆσαι</em></span> <span class='ocrx_word' id='word_1_252' title='bbox 2497 1851 2766 1920; x_wconf 79' lang='grc' dir='ltr'><em>πόλεμον</em></span> <span class='ocrx_word' id='word_1_253' title='bbox 2812 1850 2963 1919; x_wconf 83' lang='grc' dir='ltr'><em>μετὰ</em></span> <span class='ocrx_word' id='word_1_254' title='bbox 3010 1849 3130 1903; x_wconf 84' lang='grc' dir='ltr'><strong><em>τῶν</em></strong></span> <span class='ocrx_word' id='word_1_255' title='bbox 3178 1849 3380 1920; x_wconf 74' lang='grc' dir='ltr'><em>ἁγίων,</em></span> <span class='ocrx_word' id='word_1_256' title='bbox 3416 1845 3521 1902; x_wconf 72' lang='grc' dir='ltr'><em>και</em></span> 
     </span>
    </p>
   </div>
   <div class='ocr_carea' id='block_1_35' title="bbox 248 1948 783 2017">
    <p class='ocr_par' dir='ltr' id='par_1_35' title="bbox 248 1948 783 2017">
     <span class='ocr_line' id='line_1_35' title="bbox 248 1948 783 2017; baseline -0.004 -14"><span class='ocrx_word' id='word_1_257' title='bbox 248 1948 501 2017; x_wconf 79' lang='grc' dir='ltr'><em>νικῆσαι</em></span> <span class='ocrx_word' id='word_1_258' title='bbox 541 1950 783 2016; x_wconf 87' lang='grc' dir='ltr'><em>αὐτούς.</em></span> 
     </span>
    </p>
   </div>
   <div class='ocr_carea' id='block_1_36' title="bbox 325 2017 1847 2110">
    <p class='ocr_par' dir='ltr' id='par_1_36' title="bbox 325 2017 1834 2110">
     <span class='ocr_line' id='line_1_36' title="bbox 325 2017 1834 2110; baseline 0.001 -20"><span class='ocrx_word' id='word_1_259' title='bbox 325 2038 498 2090; x_wconf 77' lang='grc' dir='ltr'><em>Τοῦτο</em></span> <span class='ocrx_word' id='word_1_260' title='bbox 526 2037 799 2109; x_wconf 71' lang='grc' dir='ltr'><em>διαφόρως</em></span> <span class='ocrx_word' id='word_1_261' title='bbox 847 2037 1174 2108; x_wconf 79' lang='grc' dir='ltr'><em>ἐκληπτέον.</em></span> <span class='ocrx_word' id='word_1_262' title='bbox 1205 2038 1364 2092; x_wconf 82' lang='grc' dir='ltr'><em>’Ἤτοι</em></span> <span class='ocrx_word' id='word_1_263' title='bbox 1406 2039 1514 2110; x_wconf 82' lang='grc' dir='ltr'><strong><em>γὰρ</em></strong></span> <span class='ocrx_word' id='word_1_264' title='bbox 1538 2017 1680 2093; x_wconf 76' lang='grc' dir='ltr'><em>οὕτω</em></span> <span class='ocrx_word' id='word_1_265' title='bbox 1709 2057 1834 2108; x_wconf 75' lang='grc' dir='ltr'><em>νοη·</em></span> 
     </span>
    </p>
   </div>
   <div class='ocr_carea' id='block_1_37' title="bbox 1949 2017 3519 2110">
    <p class='ocr_par' dir='ltr' id='par_1_37' title="bbox 2014 2031 3519 2103">
     <span class='ocr_line' id='line_1_37' title="bbox 2014 2031 3519 2103; baseline -0.003 -14"><span class='ocrx_word' id='word_1_266' title='bbox 2014 2035 2129 2090; x_wconf 80' lang='lat' dir='ltr'><strong><em>lloc</em></strong></span> <span class='ocrx_word' id='word_1_267' title='bbox 2153 2033 2301 2089; x_wconf 83' lang='lat' dir='ltr'><strong><em>vario</em></strong></span> <span class='ocrx_word' id='word_1_268' title='bbox 2333 2035 2496 2089; x_wconf 88' lang='lat' dir='ltr'><strong><em>modo</em></strong></span> <span class='ocrx_word' id='word_1_269' title='bbox 2541 2032 2715 2103; x_wconf 83' lang='lat' dir='ltr'><strong><em>accipi</em></strong></span> <span class='ocrx_word' id='word_1_270' title='bbox 2747 2040 2927 2103; x_wconf 83' lang='lat' dir='ltr'><strong><em>potest</em></strong></span> <span class='ocrx_word' id='word_1_271' title='bbox 2957 2049 2970 2087; x_wconf 90' lang='lat'><strong>:</strong></span> <span class='ocrx_word' id='word_1_272' title='bbox 2998 2038 3095 2085; x_wconf 88' lang='lat' dir='ltr'><strong><em>aut</em></strong></span> <span class='ocrx_word' id='word_1_273' title='bbox 3134 2031 3281 2086; x_wconf 88' lang='lat' dir='ltr'><strong><em>enim</em></strong></span> <span class='ocrx_word' id='word_1_274' title='bbox 3320 2033 3395 2087; x_wconf 87' lang='lat' dir='ltr'><strong><em>ita</em></strong></span> <span class='ocrx_word' id='word_1_275' title='bbox 3429 2034 3519 2085; x_wconf 83' lang='lat' dir='ltr'><strong><em>in-</em></strong></span> 
     </span>
    </p>
   </div>
   <div class='ocr_carea' id='block_1_38' title="bbox 251 2128 1835 2197">
    <p class='ocr_par' dir='ltr' id='par_1_38' title="bbox 251 2128 1835 2197">
     <span class='ocr_line' id='line_1_38' title="bbox 251 2128 1835 2197; baseline 0.003 -16"><span class='ocrx_word' id='word_1_276' title='bbox 251 2129 413 2183; x_wconf 73' lang='grc' dir='ltr'><em>τέονο</em></span> <span class='ocrx_word' id='word_1_277' title='bbox 446 2128 758 2197; x_wconf 80' lang='grc' dir='ltr'><strong><em>Κεφάλαιον</em></strong></span> <span class='ocrx_word' id='word_1_278' title='bbox 788 2128 882 2182; x_wconf 80' lang='grc' dir='ltr'><em>τοῦ</em></span> <span class='ocrx_word' id='word_1_279' title='bbox 918 2129 1153 2195; x_wconf 80' lang='grc' dir='ltr'><em>Σατανᾶ,</em></span> <span class='ocrx_word' id='word_1_280' title='bbox 1192 2129 1259 2183; x_wconf 80' lang='grc' dir='ltr'><em>τὰ</em></span> <span class='ocrx_word' id='word_1_281' title='bbox 1294 2128 1385 2182; x_wconf 81' lang='grc' dir='ltr'><strong><em>ὑπ’</em></strong></span> <span class='ocrx_word' id='word_1_282' title='bbox 1418 2130 1583 2184; x_wconf 79' lang='grc' dir='ltr'><em>αὑτοῦ</em></span> <span class='ocrx_word' id='word_1_283' title='bbox 1626 2133 1835 2185; x_wconf 80' lang='grc' dir='ltr'><em>πεπλα-</em></span> 
     </span>
    </p>
   </div>
   <div class='ocr_carea' id='block_1_39' title="bbox 251 2219 1837 2291">
    <p class='ocr_par' dir='ltr' id='par_1_39' title="bbox 251 2219 1837 2291">
     <span class='ocr_line' id='line_1_39' title="bbox 251 2219 1837 2291; baseline 0.003 -18"><span class='ocrx_word' id='word_1_284' title='bbox 251 2220 471 2290; x_wconf 79' lang='grc' dir='ltr'><em>νημένα</em></span> <span class='ocrx_word' id='word_1_285' title='bbox 504 2219 654 2289; x_wconf 76' lang='grc' dir='ltr'><em>ἔθνη.</em></span> <span class='ocrx_word' id='word_1_286' title='bbox 687 2219 906 2273; x_wconf 83' lang='grc' dir='ltr'><strong><em>Τούτων</em></strong></span> <span class='ocrx_word' id='word_1_287' title='bbox 949 2220 1006 2273; x_wconf 88' lang='grc' dir='ltr'><em>δὲ</em></span> <span class='ocrx_word' id='word_1_288' title='bbox 1049 2222 1083 2291; x_wconf 85' lang='grc' dir='ltr'><strong>ἡ</strong></span> <span class='ocrx_word' id='word_1_289' title='bbox 1136 2221 1274 2290; x_wconf 74' lang='grc' dir='ltr'><em>πρὸς</em></span> <span class='ocrx_word' id='word_1_290' title='bbox 1320 2222 1599 2276; x_wconf 82' lang='grc' dir='ltr'><em>εὐσέϐειαν</em></span> <span class='ocrx_word' id='word_1_291' title='bbox 1642 2225 1837 2277; x_wconf 75' lang='grc' dir='ltr'><em>ἐπανα-</em></span> 
     </span>
    </p>
   </div>
   <div class='ocr_carea' id='block_1_40' title="bbox 254 2309 1839 2382">
    <p class='ocr_par' dir='ltr' id='par_1_40' title="bbox 254 2309 1839 2382">
     <span class='ocr_line' id='line_1_40' title="bbox 254 2309 1839 2382; baseline 0.003 -19"><span class='ocrx_word' id='word_1_292' title='bbox 254 2311 441 2380; x_wconf 84' lang='grc' dir='ltr'><em>γωγὴ,</em></span> <span class='ocrx_word' id='word_1_293' title='bbox 477 2309 662 2380; x_wconf 80' lang='grc' dir='ltr'><em>σφαγὴ</em></span> <span class='ocrx_word' id='word_1_294' title='bbox 702 2311 781 2372; x_wconf 82' lang='grc' dir='ltr'><em>εἰς</em></span> <span class='ocrx_word' id='word_1_295' title='bbox 813 2309 1044 2363; x_wconf 79' lang='grc' dir='ltr'><em>Θάνατον</em></span> <span class='ocrx_word' id='word_1_296' title='bbox 1077 2310 1354 2382; x_wconf 74' lang='grc' dir='ltr'><em>ἐλογίσθη.</em></span> <span class='ocrx_word' id='word_1_297' title='bbox 1395 2313 1505 2366; x_wconf 72' lang='grc' dir='ltr'><strong><em>Καὶ</em></strong></span> <span class='ocrx_word' id='word_1_298' title='bbox 1535 2314 1617 2367; x_wconf 86' lang='grc' dir='ltr'><em>ὃτι</em></span> <span class='ocrx_word' id='word_1_299' title='bbox 1656 2315 1716 2368; x_wconf 86' lang='grc' dir='ltr'><strong><em>οὑ</em></strong></span> <span class='ocrx_word' id='word_1_300' title='bbox 1743 2332 1839 2369; x_wconf 84' lang='grc' dir='ltr'><strong><em>κυ-</em></strong></span> 
     </span>
    </p>
   </div>
   <div class='ocr_carea' id='block_1_41' title="bbox 257 2400 1833 2478">
    <p class='ocr_par' dir='ltr' id='par_1_41' title="bbox 257 2400 1833 2478">
     <span class='ocr_line' id='line_1_41' title="bbox 257 2400 1833 2478; baseline 0.005 -26"><span class='ocrx_word' id='word_1_301' title='bbox 257 2403 396 2471; x_wconf 83' lang='grc' dir='ltr'><em>ρίως</em></span> <span class='ocrx_word' id='word_1_302' title='bbox 432 2400 668 2470; x_wconf 74' lang='grc' dir='ltr'><em>σφαγὴν,</em></span> <span class='ocrx_word' id='word_1_303' title='bbox 721 2400 835 2453; x_wconf 84' lang='grc' dir='ltr'><em>ἀλλ’</em></span> <span class='ocrx_word' id='word_1_304' title='bbox 885 2402 962 2464; x_wconf 86' lang='grc' dir='ltr'><em>ὡς</em></span> <span class='ocrx_word' id='word_1_305' title='bbox 993 2402 1210 2472; x_wconf 79' lang='grc' dir='ltr'><em>σφαγὴν</em></span> <span class='ocrx_word' id='word_1_306' title='bbox 1252 2406 1315 2456; x_wconf 85' lang='grc' dir='ltr'><strong><em>τδ</em></strong></span> <span class='ocrx_word' id='word_1_307' title='bbox 1363 2405 1525 2475; x_wconf 75' lang='grc' dir='ltr'><em>ῥητὸν</em></span> <span class='ocrx_word' id='word_1_308' title='bbox 1572 2409 1833 2478; x_wconf 78' lang='grc' dir='ltr'><strong><em>παριστᾷ,</em></strong></span> 
     </span>
    </p>
   </div>
   <div class='ocr_carea' id='block_1_42' title="bbox 257 2493 1839 2567">
    <p class='ocr_par' dir='ltr' id='par_1_42' title="bbox 257 2493 1839 2567">
     <span class='ocr_line' id='line_1_42' title="bbox 257 2493 1839 2567; baseline 0.003 -21"><span class='ocrx_word' id='word_1_309' title='bbox 257 2496 367 2547; x_wconf 78' lang='grc' dir='ltr'><em>οὐκ</em></span> <span class='ocrx_word' id='word_1_310' title='bbox 398 2493 775 2563; x_wconf 75' lang='grc' dir='ltr'><em>ἐσφαγμενην,</em></span> <span class='ocrx_word' id='word_1_311' title='bbox 810 2493 924 2546; x_wconf 82' lang='grc' dir='ltr'><em>ἀλλ’</em></span> <span class='ocrx_word' id='word_1_312' title='bbox 966 2494 1041 2557; x_wconf 88' lang='grc' dir='ltr'><em>ὼς</em></span> <span class='ocrx_word' id='word_1_313' title='bbox 1087 2495 1438 2566; x_wconf 73' lang='grc' dir='ltr'><em>ἐσφαγμενην</em></span> <span class='ocrx_word' id='word_1_314' title='bbox 1472 2498 1701 2567; x_wconf 79' lang='grc' dir='ltr'><strong><em>φάσκον,</em></strong></span> <span class='ocrx_word' id='word_1_315' title='bbox 1745 2500 1839 2552; x_wconf 75' lang='grc' dir='ltr'><em>καὶ</em></span> 
     </span>
    </p>
   </div>
   <div class='ocr_carea' id='block_1_43' title="bbox 256 2586 1837 2663">
    <p class='ocr_par' dir='ltr' id='par_1_43' title="bbox 256 2586 1837 2663">
     <span class='ocr_line' id='line_1_43' title="bbox 256 2586 1837 2663; baseline 0.003 -23"><span class='ocrx_word' id='word_1_316' title='bbox 256 2586 366 2655; x_wconf 82' lang='grc' dir='ltr'><em>τῷ,</em></span> <span class='ocrx_word' id='word_1_317' title='bbox 417 2587 516 2650; x_wconf 83' lang='grc' dir='ltr'><em>ὡς,</em></span> <span class='ocrx_word' id='word_1_318' title='bbox 575 2586 962 2657; x_wconf 71' lang='grc' dir='ltr'><em>ὁμοιωματικῷ</em></span> <span class='ocrx_word' id='word_1_319' title='bbox 1012 2587 1186 2657; x_wconf 80' lang='grc' dir='ltr'>μορίῳ</span> <span class='ocrx_word' id='word_1_320' title='bbox 1232 2588 1597 2659; x_wconf 82' lang='grc' dir='ltr'><em>χρησάμενον.</em></span> <span class='ocrx_word' id='word_1_321' title='bbox 1654 2592 1837 2663; x_wconf 81' lang='grc' dir='ltr'><strong><em>Ταύτῃ</em></strong></span> 
     </span>
    </p>
   </div>
   <div class='ocr_carea' id='block_1_44' title="bbox 260 2677 1841 2754">
    <p class='ocr_par' dir='ltr' id='par_1_44' title="bbox 260 2677 1841 2754">
     <span class='ocr_line' id='line_1_44' title="bbox 260 2677 1841 2754; baseline 0.004 -25"><span class='ocrx_word' id='word_1_322' title='bbox 260 2677 403 2746; x_wconf 76' lang='grc' dir='ltr'><em>γοῦν</em></span> <span class='ocrx_word' id='word_1_323' title='bbox 431 2678 591 2732; x_wconf 78' lang='grc' dir='ltr'><em>πάλιν</em></span> <span class='ocrx_word' id='word_1_324' title='bbox 621 2680 688 2748; x_wconf 79' lang='grc' dir='ltr'><em>τῇ</em></span> <span class='ocrx_word' id='word_1_325' title='bbox 718 2680 796 2742; x_wconf 77' lang='grc' dir='ltr'><em>εἰς</em></span> <span class='ocrx_word' id='word_1_326' title='bbox 834 2678 1165 2746; x_wconf 82' lang='grc' dir='ltr'><em>θεογνωσίαν</em></span> <span class='ocrx_word' id='word_1_327' title='bbox 1192 2679 1602 2753; x_wconf 78' lang='grc' dir='ltr'><em>ἐπαναστροφῇ,</em></span> <span class='ocrx_word' id='word_1_328' title='bbox 1633 2683 1665 2752; x_wconf 87' lang='grc' dir='ltr'><strong>ἡ</strong></span> <span class='ocrx_word' id='word_1_329' title='bbox 1703 2683 1841 2754; x_wconf 82' lang='grc' dir='ltr'><em>πρὸς</em></span> 
     </span>
    </p>
   </div>
   <div class='ocr_carea' id='block_1_45' title="bbox 258 2768 1843 2843">
    <p class='ocr_par' dir='ltr' id='par_1_45' title="bbox 258 2768 1843 2843">
     <span class='ocr_line' id='line_1_45' title="bbox 258 2768 1843 2843; baseline 0.003 -21"><span class='ocrx_word' id='word_1_330' title='bbox 258 2770 362 2822; x_wconf 80' lang='grc' dir='ltr'><em>τὸν</em></span> <span class='ocrx_word' id='word_1_331' title='bbox 391 2769 448 2835; x_wconf 79' lang='grc' dir='ltr'><em>ἐξ</em></span> <span class='ocrx_word' id='word_1_332' title='bbox 494 2769 668 2838; x_wconf 79' lang='grc' dir='ltr'><em>ἀρχῆς</em></span> <span class='ocrx_word' id='word_1_333' title='bbox 701 2769 838 2840; x_wconf 80' lang='grc' dir='ltr'><em>πρὸς</em></span> <span class='ocrx_word' id='word_1_334' title='bbox 874 2768 1128 2822; x_wconf 86' lang='grc' dir='ltr'><em>ἀσέϐειαν</em></span> <span class='ocrx_word' id='word_1_335' title='bbox 1166 2770 1539 2843; x_wconf 81' lang='grc' dir='ltr'><em>ὲπαναδρομὴ,</em></span> <span class='ocrx_word' id='word_1_336' title='bbox 1577 2772 1843 2842; x_wconf 82' lang='grc' dir='ltr'><em>Θεραπεία</em></span> 
     </span>
    </p>
   </div>
   <div class='ocr_carea' id='block_1_46' title="bbox 262 2860 1842 2931">
    <p class='ocr_par' dir='ltr' id='par_1_46' title="bbox 262 2860 1842 2931">
     <span class='ocr_line' id='line_1_46' title="bbox 262 2860 1842 2931; baseline 0.001 -17"><span class='ocrx_word' id='word_1_337' title='bbox 262 2861 585 2930; x_wconf 84' lang='grc' dir='ltr'><em>ὠνόμασται</em></span> <span class='ocrx_word' id='word_1_338' title='bbox 620 2861 853 2929; x_wconf 83' lang='grc' dir='ltr'><em>πληγῆς.</em></span> <span class='ocrx_word' id='word_1_339' title='bbox 892 2862 963 2913; x_wconf 85' lang='grc' dir='ltr'><strong>Ἦ</strong></span> <span class='ocrx_word' id='word_1_340' title='bbox 981 2860 1161 2913; x_wconf 73' lang='grc' dir='ltr'>τοίνυν</span> <span class='ocrx_word' id='word_1_341' title='bbox 1184 2860 1354 2924; x_wconf 76' lang='grc' dir='ltr'><em>οὕτως</em></span> <span class='ocrx_word' id='word_1_342' title='bbox 1384 2862 1453 2914; x_wconf 76' lang='grc' dir='ltr'><em>τὰ</em></span> <span class='ocrx_word' id='word_1_343' title='bbox 1476 2863 1574 2931; x_wconf 78' lang='grc' dir='ltr'><em>τῆς</em></span> <span class='ocrx_word' id='word_1_344' title='bbox 1598 2863 1842 2917; x_wconf 84' lang='grc' dir='ltr'><em>ἀναπτύ-</em></span> 
     </span>
    </p>
   </div>
   <div class='ocr_carea' id='block_1_47' title="bbox 264 2949 1843 3025">
    <p class='ocr_par' dir='ltr' id='par_1_47' title="bbox 264 2949 1843 3025">
     <span class='ocr_line' id='line_1_47' title="bbox 264 2949 1843 3025; baseline 0.001 -20"><span class='ocrx_word' id='word_1_345' title='bbox 264 2953 408 3018; x_wconf 81' lang='grc' dir='ltr'><em>ξεως</em></span> <span class='ocrx_word' id='word_1_346' title='bbox 432 2949 525 3003; x_wconf 79' lang='grc' dir='ltr'>τοῦ</span> <span class='ocrx_word' id='word_1_347' title='bbox 557 2950 742 3021; x_wconf 79' lang='grc' dir='ltr'><em>ῥητοῦ,</em></span> <span class='ocrx_word' id='word_1_348' title='bbox 767 2951 801 3022; x_wconf 77' lang='grc' dir='ltr'>ἢ</span> <span class='ocrx_word' id='word_1_349' title='bbox 833 2951 924 3004; x_wconf 71' lang='grc' dir='ltr'><em>καὶ</em></span> <span class='ocrx_word' id='word_1_350' title='bbox 954 2950 1151 3014; x_wconf 76' lang='grc' dir='ltr'><em>οὕτως’</em></span> <span class='ocrx_word' id='word_1_351' title='bbox 1178 2952 1438 3022; x_wconf 78' lang='grc' dir='ltr'><em>Κεφαλὴν</em></span> <span class='ocrx_word' id='word_1_352' title='bbox 1459 2952 1533 3016; x_wconf 86' lang='grc' dir='ltr'><em>ὡς</em></span> <span class='ocrx_word' id='word_1_353' title='bbox 1558 2955 1843 3025; x_wconf 74' lang='grc' dir='ltr'><strong><em>ἐσφαγμέ-</em></strong></span> 
     </span>
    </p>
   </div>
   <div class='ocr_carea' id='block_1_48' title="bbox 260 3042 1842 3114">
    <p class='ocr_par' dir='ltr' id='par_1_48' title="bbox 260 3042 1842 3114">
     <span class='ocr_line' id='line_1_48' title="bbox 260 3042 1842 3114; baseline 0 -16"><span class='ocrx_word' id='word_1_354' title='bbox 260 3061 391 3112; x_wconf 88' lang='grc' dir='ltr'><em>νην,</em></span> <span class='ocrx_word' id='word_1_355' title='bbox 428 3043 536 3095; x_wconf 78' lang='grc' dir='ltr'><em>εἴτε</em></span> <span class='ocrx_word' id='word_1_356' title='bbox 571 3042 696 3094; x_wconf 85' lang='grc' dir='ltr'><em>τινὰ</em></span> <span class='ocrx_word' id='word_1_357' title='bbox 744 3043 853 3095; x_wconf 81' lang='grc' dir='ltr'><strong><em>τῶν</em></strong></span> <span class='ocrx_word' id='word_1_358' title='bbox 894 3043 1171 3114; x_wconf 84' lang='grc' dir='ltr'><strong><em>ἀρχόντων</em></strong></span> <span class='ocrx_word' id='word_1_359' title='bbox 1216 3044 1382 3096; x_wconf 81' lang='grc' dir='ltr'><em>αὐτοῦ</em></span> <span class='ocrx_word' id='word_1_360' title='bbox 1414 3043 1842 3109; x_wconf 78' lang='grc' dir='ltr'><em>τεῢανατῶσθαι,</em></span> 
     </span>
    </p>
   </div>
   <div class='ocr_carea' id='block_1_49' title="bbox 265 3133 1846 3207">
    <p class='ocr_par' dir='ltr' id='par_1_49' title="bbox 265 3133 1846 3207">
     <span class='ocr_line' id='line_1_49' title="bbox 265 3133 1846 3207; baseline 0.003 -19"><span class='ocrx_word' id='word_1_361' title='bbox 265 3135 366 3188; x_wconf 72' lang='grc' dir='ltr'><em>καὶ</em></span> <span class='ocrx_word' id='word_1_362' title='bbox 400 3136 463 3186; x_wconf 81' lang='grc' dir='ltr'><strong><em>ἐκ</em></strong></span> <span class='ocrx_word' id='word_1_363' title='bbox 493 3133 592 3202; x_wconf 77' lang='grc' dir='ltr'><em>τῆς</em></span> <span class='ocrx_word' id='word_1_364' title='bbox 625 3134 717 3187; x_wconf 82' lang='grc' dir='ltr'><strong><em>ὑπ’</em></strong></span> <span class='ocrx_word' id='word_1_365' title='bbox 768 3133 931 3187; x_wconf 77' lang='grc' dir='ltr'><em>αὐτοῦ</em></span> <span class='ocrx_word' id='word_1_366' title='bbox 960 3136 1039 3196; x_wconf 73' lang='grc' dir='ltr'><em>εἰς</em></span> <span class='ocrx_word' id='word_1_367' title='bbox 1073 3135 1243 3187; x_wconf 76' lang='grc' dir='ltr'><em>πολλὰ</em></span> <span class='ocrx_word' id='word_1_368' title='bbox 1267 3134 1637 3207; x_wconf 78' lang='grc' dir='ltr'><em>διαιρεθείσης</em></span> <span class='ocrx_word' id='word_1_369' title='bbox 1668 3137 1846 3207; x_wconf 82' lang='grc' dir='ltr'><em>ἀρχῆς</em></span> 
     </span>
    </p>
   </div>
   <div class='ocr_carea' id='block_1_50' title="bbox 265 3224 1847 3299">
    <p class='ocr_par' dir='ltr' id='par_1_50' title="bbox 265 3224 1847 3299">
     <span class='ocr_line' id='line_1_50' title="bbox 265 3224 1847 3299; baseline 0.003 -22"><span class='ocrx_word' id='word_1_370' title='bbox 265 3225 362 3278; x_wconf 80' lang='grc' dir='ltr'><em>διὰ</em></span> <span class='ocrx_word' id='word_1_371' title='bbox 414 3224 669 3295; x_wconf 79' lang='grc' dir='ltr'><strong><em>γοητείας</em></strong></span> <span class='ocrx_word' id='word_1_372' title='bbox 713 3225 1007 3293; x_wconf 78' lang='grc' dir='ltr'><em>ἀπατηλῶς</em></span> <span class='ocrx_word' id='word_1_373' title='bbox 1060 3224 1383 3278; x_wconf 85' lang='grc' dir='ltr'><em>ἀνίστασθαι</em></span> <span class='ocrx_word' id='word_1_374' title='bbox 1437 3225 1610 3291; x_wconf 78' lang='grc' dir='ltr'><em>δόξαι,</em></span> <span class='ocrx_word' id='word_1_375' title='bbox 1663 3227 1696 3298; x_wconf 78' lang='grc' dir='ltr'><strong>ἢ</strong></span> <span class='ocrx_word' id='word_1_376' title='bbox 1746 3228 1847 3299; x_wconf 81' lang='grc' dir='ltr'><strong><em>τὴν</em></strong></span> 
     </span>
    </p>
   </div>
   <div class='ocr_carea' id='block_1_51' title="bbox 283 3317 1848 3388">
    <p class='ocr_par' dir='ltr' id='par_1_51' title="bbox 283 3317 1848 3388">
     <span class='ocr_line' id='line_1_51' title="bbox 283 3317 1848 3388; baseline 0.004 -19"><span class='ocrx_word' id='word_1_377' title='bbox 283 3318 574 3386; x_wconf 80' lang='grc' dir='ltr'><em>Ῥωμαίων</em></span> <span class='ocrx_word' id='word_1_378' title='bbox 607 3318 783 3388; x_wconf 79' lang='grc' dir='ltr'><em>ἀρχὴν</em></span> <span class='ocrx_word' id='word_1_379' title='bbox 836 3318 1218 3388; x_wconf 78' lang='grc' dir='ltr'><strong><em>ἀπολλυμένην</em></strong></span> <span class='ocrx_word' id='word_1_380' title='bbox 1271 3317 1361 3370; x_wconf 84' lang='grc' dir='ltr'><em>διὰ</em></span> <span class='ocrx_word' id='word_1_381' title='bbox 1416 3319 1515 3387; x_wconf 84' lang='grc' dir='ltr'><em>τῆς</em></span> <span class='ocrx_word' id='word_1_382' title='bbox 1562 3321 1642 3382; x_wconf 79' lang='grc' dir='ltr'><em>εἰς</em></span> <span class='ocrx_word' id='word_1_383' title='bbox 1676 3320 1848 3375; x_wconf 83' lang='grc' dir='ltr'><em>πολλά</em></span> 
     </span>
    </p>
   </div>
   <div class='ocr_carea' id='block_1_52' title="bbox 267 3380 1919 3480">
    <p class='ocr_par' dir='ltr' id='par_1_52' title="bbox 267 3380 1919 3480">
     <span class='ocr_line' id='line_1_52' title="bbox 267 3380 1919 3480; baseline 0.002 -19"><span class='ocrx_word' id='word_1_384' title='bbox 267 3380 595 3477; x_wconf 77' lang='grc' dir='ltr'><em>διαιρέσεως</em></span> <span class='ocrx_word' id='word_1_385' title='bbox 621 3380 834 3477; x_wconf 36' lang='lat' dir='ltr'><strong><em>essm;</em></strong></span> <span class='ocrx_word' id='word_1_386' title='bbox 868 3380 1068 3480; x_wconf 80' lang='grc' dir='ltr'><strong><em>τρόπον</em></strong></span> <span class='ocrx_word' id='word_1_387' title='bbox 1092 3380 1415 3477; x_wconf 59' lang='grc' dir='ltr'><em>νοξιισοῆναι</em></span> <span class='ocrx_word' id='word_1_388' title='bbox 1434 3424 1448 3439; x_wconf 78' lang='grc' dir='ltr'><em>ο</em></span> <span class='ocrx_word' id='word_1_389' title='bbox 1469 3380 1644 3462; x_wconf 52' lang='lat' dir='ltr'><strong><em>ett-rod</em></strong></span> <span class='ocrx_word' id='word_1_390' title='bbox 1671 3411 1728 3463; x_wconf 70' lang='grc' dir='ltr'><em>δὶ</em></span> <span class='ocrx_word' id='word_1_391' title='bbox 1754 3411 1847 3465; x_wconf 79' lang='grc' dir='ltr'><em>τοῦ</em></span> <span class='ocrx_word' id='word_1_392' title='bbox 1875 3380 1919 3439; x_wconf 75' lang='lat' dir='ltr'>c</span> 
     </span>
    </p>
   </div>
   <div class='ocr_carea' id='block_1_53' title="bbox 284 3498 1851 3570">
    <p class='ocr_par' dir='ltr' id='par_1_53' title="bbox 284 3498 1851 3570">
     <span class='ocr_line' id='line_1_53' title="bbox 284 3498 1851 3570; baseline 0.004 -20"><span class='ocrx_word' id='word_1_393' title='bbox 284 3499 660 3568; x_wconf 79' lang='grc' dir='ltr'><em>Ἀντιχρίστου</em></span> <span class='ocrx_word' id='word_1_394' title='bbox 690 3501 893 3563; x_wconf 86' lang='grc' dir='ltr'><em>ταύτας</em></span> <span class='ocrx_word' id='word_1_395' title='bbox 924 3498 1387 3563; x_wconf 72' lang='grc' dir='ltr'><strong><em>καταλελυκότος,</em></strong></span> <span class='ocrx_word' id='word_1_396' title='bbox 1420 3498 1518 3570; x_wconf 83' lang='grc' dir='ltr'><em>τὴν</em></span> <span class='ocrx_word' id='word_1_397' title='bbox 1557 3503 1851 3557; x_wconf 70' lang='grc' dir='ltr'><em>κατάλυσιν</em></span> 
     </span>
    </p>
   </div>
   <div class='ocr_carea' id='block_1_54' title="bbox 270 3591 948 3663">
    <p class='ocr_par' dir='ltr' id='par_1_54' title="bbox 270 3591 948 3663">
     <span class='ocr_line' id='line_1_54' title="bbox 270 3591 948 3663; baseline 0.007 -22"><span class='ocrx_word' id='word_1_398' title='bbox 270 3591 479 3661; x_wconf 82' lang='grc' dir='ltr'><em>θεραπε</em></span> <span class='ocrx_word' id='word_1_399' title='bbox 490 3592 574 3644; x_wconf 80' lang='grc' dir='ltr'><em>ίαν</em></span> <span class='ocrx_word' id='word_1_400' title='bbox 604 3592 948 3663; x_wconf 80' lang='grc' dir='ltr'><em>νομισθῆναι.</em></span> 
     </span>
    </p>
   </div>
   <div class='ocr_carea' id='block_1_55' title="bbox 350 3770 1850 3845">
    <p class='ocr_par' dir='ltr' id='par_1_55' title="bbox 350 3770 1850 3845">
     <span class='ocr_line' id='line_1_55' title="bbox 350 3770 1850 3845; baseline 0.004 -21"><span class='ocrx_word' id='word_1_401' title='bbox 350 3770 455 3824; x_wconf 80' lang='grc' dir='ltr'><strong><em>Καὶ</em></strong></span> <span class='ocrx_word' id='word_1_402' title='bbox 506 3772 847 3841; x_wconf 83' lang='grc' dir='ltr'><em>ἐθαύμασεν</em></span> <span class='ocrx_word' id='word_1_403' title='bbox 879 3773 994 3842; x_wconf 80' lang='grc' dir='ltr'><strong><em>ὅλη</em></strong></span> <span class='ocrx_word' id='word_1_404' title='bbox 1044 3775 1082 3842; x_wconf 80' lang='grc' dir='ltr'><em>ὴ</em></span> <span class='ocrx_word' id='word_1_405' title='bbox 1124 3776 1199 3845; x_wconf 75' lang='grc' dir='ltr'><strong><em>γῆ</em></strong></span> <span class='ocrx_word' id='word_1_406' title='bbox 1233 3776 1427 3832; x_wconf 81' lang='grc' dir='ltr'><em>ὀπίσω</em></span> <span class='ocrx_word' id='word_1_407' title='bbox 1457 3778 1565 3832; x_wconf 84' lang='grc' dir='ltr'><em>τοῦ</em></span> <span class='ocrx_word' id='word_1_408' title='bbox 1620 3779 1850 3845; x_wconf 82' lang='grc' dir='ltr'><strong><em>θηρίου.</em></strong></span> 
     </span>
    </p>
   </div>
   <div class='ocr_carea' id='block_1_56' title="bbox 286 3862 1852 3941">
    <p class='ocr_par' dir='ltr' id='par_1_56' title="bbox 286 3862 1852 3941">
     <span class='ocr_line' id='line_1_56' title="bbox 286 3862 1852 3941; baseline 0.003 -26"><span class='ocrx_word' id='word_1_409' title='bbox 286 3864 436 3917; x_wconf 81' lang='grc' dir='ltr'><em>’Λντὶ</em></span> <span class='ocrx_word' id='word_1_410' title='bbox 468 3862 562 3917; x_wconf 80' lang='grc' dir='ltr'><strong><em>τοῦ</em></strong></span> <span class='ocrx_word' id='word_1_411' title='bbox 610 3865 853 3934; x_wconf 81' lang='grc' dir='ltr'><em>θάμϐους</em></span> <span class='ocrx_word' id='word_1_412' title='bbox 895 3867 1167 3937; x_wconf 72' lang='grc' dir='ltr'><em>ἐπλήσθη,</em></span> <span class='ocrx_word' id='word_1_413' title='bbox 1210 3868 1400 3941; x_wconf 83' lang='grc' dir='ltr'><em>ὥσπερ</em></span> <span class='ocrx_word' id='word_1_414' title='bbox 1441 3870 1852 3940; x_wconf 82' lang='grc' dir='ltr'><em>προηγουμένου</em></span> 
     </span>
    </p>
   </div>
   <div class='ocr_carea' id='block_1_57' title="bbox 272 3955 1854 4026">
    <p class='ocr_par' dir='ltr' id='par_1_57' title="bbox 272 3955 1854 4026">
     <span class='ocr_line' id='line_1_57' title="bbox 272 3955 1854 4026; baseline 0.002 -18"><span class='ocrx_word' id='word_1_415' title='bbox 272 3956 375 4008; x_wconf 74' lang='grc' dir='ltr'><strong><em>τοῦ</em></strong></span> <span class='ocrx_word' id='word_1_416' title='bbox 410 3956 603 4025; x_wconf 78' lang='grc' dir='ltr'><em>Θηρεου</em></span> <span class='ocrx_word' id='word_1_417' title='bbox 637 3955 728 4009; x_wconf 85' lang='grc' dir='ltr'><em>διὰ</em></span> <span class='ocrx_word' id='word_1_418' title='bbox 772 3956 880 4009; x_wconf 85' lang='grc' dir='ltr'><strong><em>τῶν</em></strong></span> <span class='ocrx_word' id='word_1_419' title='bbox 924 3960 1188 4026; x_wconf 77' lang='grc' dir='ltr'><em>τεράτων,</em></span> <span class='ocrx_word' id='word_1_420' title='bbox 1237 3961 1417 4012; x_wconf 76' lang='grc' dir='ltr'><em>αὐτῶν</em></span> <span class='ocrx_word' id='word_1_421' title='bbox 1458 3960 1515 4012; x_wconf 88' lang='grc' dir='ltr'><em>δὲ</em></span> <span class='ocrx_word' id='word_1_422' title='bbox 1568 3960 1854 4024; x_wconf 80' lang='grc' dir='ltr'><em>ἐξόπισθεν</em></span> 
     </span>
    </p>
   </div>
   <div class='ocr_carea' id='block_1_58' title="bbox 271 4046 1853 4119">
    <p class='ocr_par' dir='ltr' id='par_1_58' title="bbox 271 4046 1853 4119">
     <span class='ocr_line' id='line_1_58' title="bbox 271 4046 1853 4119; baseline 0.003 -20"><span class='ocrx_word' id='word_1_423' title='bbox 271 4046 791 4100; x_wconf 74' lang='grc' dir='ltr'><em>ἐπακολουῡούντων</em></span> <span class='ocrx_word' id='word_1_424' title='bbox 817 4050 883 4118; x_wconf 82' lang='grc' dir='ltr'><em>τῇ</em></span> <span class='ocrx_word' id='word_1_425' title='bbox 917 4049 1339 4115; x_wconf 80' lang='grc' dir='ltr'><em>συγκαταθέσει.</em></span> <span class='ocrx_word' id='word_1_426' title='bbox 1375 4052 1448 4102; x_wconf 84' lang='grc' dir='ltr'>Τὸ</span> <span class='ocrx_word' id='word_1_427' title='bbox 1468 4051 1523 4103; x_wconf 78' lang='grc' dir='ltr'><em>δὲ</em></span> <span class='ocrx_word' id='word_1_428' title='bbox 1552 4051 1664 4118; x_wconf 79' lang='grc' dir='ltr'><strong><em>ὅλη</em></strong></span> <span class='ocrx_word' id='word_1_429' title='bbox 1692 4053 1729 4118; x_wconf 73' lang='grc' dir='ltr'>ἡ</span> <span class='ocrx_word' id='word_1_430' title='bbox 1754 4050 1853 4119; x_wconf 76' lang='grc' dir='ltr'><strong><em>γῆ,</em></strong></span> 
     </span>
    </p>
   </div>
   <div class='ocr_carea' id='block_1_59' title="bbox 271 4139 1856 4213">
    <p class='ocr_par' dir='ltr' id='par_1_59' title="bbox 271 4139 1856 4213">
     <span class='ocr_line' id='line_1_59' title="bbox 271 4139 1856 4213; baseline -0.001 -19"><span class='ocrx_word' id='word_1_431' title='bbox 271 4139 401 4194; x_wconf 74' lang='grc' dir='ltr'><em>ἀντὶ</em></span> <span class='ocrx_word' id='word_1_432' title='bbox 440 4139 559 4205; x_wconf 79' lang='grc' dir='ltr'><em>τοῦ,</em></span> <span class='ocrx_word' id='word_1_433' title='bbox 599 4141 705 4201; x_wconf 83' lang='grc' dir='ltr'><em>πᾶς</em></span> <span class='ocrx_word' id='word_1_434' title='bbox 741 4139 1052 4208; x_wconf 76' lang='grc' dir='ltr'><em>ἄνθρωπος,</em></span> <span class='ocrx_word' id='word_1_435' title='bbox 1110 4140 1326 4211; x_wconf 75' lang='grc' dir='ltr'><em>εἴρηται</em></span> <span class='ocrx_word' id='word_1_436' title='bbox 1365 4143 1732 4212; x_wconf 75' lang='grc' dir='ltr'><em>μετωνυμικῷ</em></span> <span class='ocrx_word' id='word_1_437' title='bbox 1778 4143 1856 4213; x_wconf 78' lang='grc' dir='ltr'><em>τῷ</em></span> 
     </span>
    </p>
   </div>
   <div class='ocr_carea' id='block_1_60' title="bbox 270 4230 1657 4303">
    <p class='ocr_par' dir='ltr' id='par_1_60' title="bbox 270 4230 1657 4303">
     <span class='ocr_line' id='line_1_60' title="bbox 270 4230 1657 4303; baseline 0.003 -20"><span class='ocrx_word' id='word_1_438' title='bbox 270 4231 488 4301; x_wconf 84' lang='grc' dir='ltr'><em>τρόπῳ,</em></span> <span class='ocrx_word' id='word_1_439' title='bbox 524 4232 633 4284; x_wconf 85' lang='grc' dir='ltr'><strong><em>ἀπὸ</em></strong></span> <span class='ocrx_word' id='word_1_440' title='bbox 665 4230 758 4283; x_wconf 77' lang='grc' dir='ltr'><strong><em>τοῦ</em></strong></span> <span class='ocrx_word' id='word_1_441' title='bbox 781 4235 1133 4303; x_wconf 79' lang='grc' dir='ltr'><em>περιέχοντος</em></span> <span class='ocrx_word' id='word_1_442' title='bbox 1164 4233 1223 4284; x_wconf 75' lang='grc' dir='ltr'><em>τὸ</em></span> <span class='ocrx_word' id='word_1_443' title='bbox 1247 4234 1657 4303; x_wconf 83' lang='grc' dir='ltr'><em>περιεχόμενον.</em></span> 
     </span>
    </p>
   </div>
   <div class='ocr_carea' id='block_1_61' title="bbox 352 4323 1854 4393">
    <p class='ocr_par' dir='ltr' id='par_1_61' title="bbox 352 4323 1854 4393">
     <span class='ocr_line' id='line_1_61' title="bbox 352 4323 1854 4393; baseline 0.001 -15"><span class='ocrx_word' id='word_1_444' title='bbox 352 4325 461 4378; x_wconf 87' lang='lat' dir='ltr'><strong><em>Kal</em></strong></span> <span class='ocrx_word' id='word_1_445' title='bbox 511 4326 988 4393; x_wconf 80' lang='grc' dir='ltr'><em>προσεκύνησαν</em></span> <span class='ocrx_word' id='word_1_446' title='bbox 1018 4323 1099 4389; x_wconf 82' lang='grc' dir='ltr'><em>τῷ</em></span> <span class='ocrx_word' id='word_1_447' title='bbox 1135 4324 1435 4392; x_wconf 78' lang='grc' dir='ltr'><em>δράκοντι.</em></span> <span class='ocrx_word' id='word_1_448' title='bbox 1481 4324 1556 4376; x_wconf 81' lang='grc' dir='ltr'><strong><em>Τὸ</em></strong></span> <span class='ocrx_word' id='word_1_449' title='bbox 1609 4325 1714 4377; x_wconf 74' lang='grc' dir='ltr'><strong><em>ὑπὸ</em></strong></span> <span class='ocrx_word' id='word_1_450' title='bbox 1761 4326 1854 4379; x_wconf 75' lang='grc' dir='ltr'><strong><em>τοῦ</em></strong></span> 
     </span>
    </p>
   </div>
   <div class='ocr_carea' id='block_1_62' title="bbox 292 4414 1855 4486">
    <p class='ocr_par' dir='ltr' id='par_1_62' title="bbox 292 4414 1855 4486">
     <span class='ocr_line' id='line_1_62' title="bbox 292 4414 1855 4486; baseline 0.001 -18"><span class='ocrx_word' id='word_1_451' title='bbox 292 4415 666 4485; x_wconf 79' lang='grc' dir='ltr'><em>’Δντιχρίστου</em></span> <span class='ocrx_word' id='word_1_452' title='bbox 700 4415 886 4485; x_wconf 81' lang='grc' dir='ltr'><em>θαῦμα</em></span> <span class='ocrx_word' id='word_1_453' title='bbox 938 4417 1018 4479; x_wconf 76' lang='grc' dir='ltr'><em>εἰς</em></span> <span class='ocrx_word' id='word_1_454' title='bbox 1047 4417 1137 4468; x_wconf 81' lang='grc' dir='ltr'><strong><em>τὸν</em></strong></span> <span class='ocrx_word' id='word_1_455' title='bbox 1169 4416 1237 4468; x_wconf 81' lang='grc' dir='ltr'><em>δι’</em></span> <span class='ocrx_word' id='word_1_456' title='bbox 1269 4414 1432 4468; x_wconf 82' lang='grc' dir='ltr'><em>αὐτοῦ</em></span> <span class='ocrx_word' id='word_1_457' title='bbox 1465 4416 1855 4486; x_wconf 81' lang='grc' dir='ltr'><em>ὲνεργούμενον</em></span> 
     </span>
    </p>
   </div>
   <div class='ocr_carea' id='block_1_63' title="bbox 274 4511 1856 4583">
    <p class='ocr_par' dir='ltr' id='par_1_63' title="bbox 274 4511 1856 4583">
     <span class='ocr_line' id='line_1_63' title="bbox 274 4511 1856 4583; baseline -0.001 -19"><span class='ocrx_word' id='word_1_458' title='bbox 274 4511 526 4565; x_wconf 85' lang='grc' dir='ltr'><em>διάϐολον</em></span> <span class='ocrx_word' id='word_1_459' title='bbox 544 4512 640 4581; x_wconf 78' lang='grc' dir='ltr'><strong><em>τὴν</em></strong></span> <span class='ocrx_word' id='word_1_460' title='bbox 664 4512 944 4582; x_wconf 78' lang='grc' dir='ltr'><strong><em>ἀναφορὰν</em></strong></span> <span class='ocrx_word' id='word_1_461' title='bbox 961 4511 1092 4577; x_wconf 73' lang='grc' dir='ltr'><em>ἕξει.</em></span> <span class='ocrx_word' id='word_1_462' title='bbox 1122 4513 1200 4563; x_wconf 81' lang='grc' dir='ltr'><strong><em>Δι’</em></strong></span> <span class='ocrx_word' id='word_1_463' title='bbox 1219 4513 1429 4565; x_wconf 79' lang='grc' dir='ltr'><em>ἐκείνου</em></span> <span class='ocrx_word' id='word_1_464' title='bbox 1455 4513 1523 4580; x_wconf 70' lang='grc' dir='ltr'>γά</span> <span class='ocrx_word' id='word_1_465' title='bbox 1532 4529 1564 4582; x_wconf 92' lang='grc' dir='ltr'><strong><em>ρ</em></strong></span> <span class='ocrx_word' id='word_1_466' title='bbox 1585 4512 1613 4563; x_wconf 88' lang='grc' dir='ltr'><strong><em>ό</em></strong></span> <span class='ocrx_word' id='word_1_467' title='bbox 1641 4512 1856 4583; x_wconf 80' lang='grc' dir='ltr'><em>δράκων</em></span> 
     </span>
    </p>
   </div>
   <div class='ocr_carea' id='block_1_64' title="bbox 279 4603 809 4674">
    <p class='ocr_par' dir='ltr' id='par_1_64' title="bbox 279 4603 809 4674">
     <span class='ocr_line' id='line_1_64' title="bbox 279 4603 809 4674; baseline 0.006 -20"><span class='ocrx_word' id='word_1_468' title='bbox 279 4603 809 4674; x_wconf 78' lang='grc' dir='ltr'><em>προσκυνηθήσεται.</em></span> 
     </span>
    </p>
   </div>
   <div class='ocr_carea' id='block_1_65' title="bbox 1941 2123 3513 2198">
    <p class='ocr_par' dir='ltr' id='par_1_65' title="bbox 1941 2123 3513 2198">
     <span class='ocr_line' id='line_1_65' title="bbox 1941 2123 3513 2198; baseline -0.003 -15"><span class='ocrx_word' id='word_1_469' title='bbox 1941 2128 2291 2198; x_wconf 86' lang='lat' dir='ltr'><strong><em>telligendum</em></strong></span> <span class='ocrx_word' id='word_1_470' title='bbox 2342 2138 2446 2193; x_wconf 88' lang='lat' dir='ltr'><strong><em>est,</em></strong></span> <span class='ocrx_word' id='word_1_471' title='bbox 2482 2137 2542 2181; x_wconf 87' lang='lat' dir='ltr'><strong><em>ut</em></strong></span> <span class='ocrx_word' id='word_1_472' title='bbox 2584 2137 2749 2196; x_wconf 89' lang='lat' dir='ltr'><strong><em>caput</em></strong></span> <span class='ocrx_word' id='word_1_473' title='bbox 2810 2123 3027 2180; x_wconf 60' lang='lat' dir='ltr'><strong><em>Satanas</em></strong></span> <span class='ocrx_word' id='word_1_474' title='bbox 3058 2135 3244 2192; x_wconf 74' lang='lat' dir='ltr'><strong><em>gentes</em></strong></span> <span class='ocrx_word' id='word_1_475' title='bbox 3288 2126 3395 2180; x_wconf 91' lang='lat' dir='ltr'><strong><em>sint</em></strong></span> <span class='ocrx_word' id='word_1_476' title='bbox 3443 2128 3513 2180; x_wconf 79' lang='lat' dir='ltr'><strong><em>al)</em></strong></span> 
     </span>
    </p>
   </div>
   <div class='ocr_carea' id='block_1_66' title="bbox 1939 2216 3514 2277">
    <p class='ocr_par' dir='ltr' id='par_1_66' title="bbox 1939 2216 3514 2277">
     <span class='ocr_line' id='line_1_66' title="bbox 1939 2216 3514 2277; baseline -0.004 -2"><span class='ocrx_word' id='word_1_477' title='bbox 1939 2236 2007 2275; x_wconf 86' lang='lat' dir='ltr'><strong><em>eo</em></strong></span> <span class='ocrx_word' id='word_1_478' title='bbox 2038 2221 2278 2277; x_wconf 79' lang='lat' dir='ltr'><strong><em>seducta:</em></strong></span> <span class='ocrx_word' id='word_1_479' title='bbox 2312 2239 2325 2275; x_wconf 89' lang='lat'><strong>:</strong></span> <span class='ocrx_word' id='word_1_480' title='bbox 2364 2235 2488 2274; x_wconf 89' lang='lat' dir='ltr'><strong><em>nam</em></strong></span> <span class='ocrx_word' id='word_1_481' title='bbox 2512 2219 2707 2273; x_wconf 89' lang='lat' dir='ltr'><strong><em>harum</em></strong></span> <span class='ocrx_word' id='word_1_482' title='bbox 2743 2218 2986 2272; x_wconf 83' lang='lat' dir='ltr'><strong><em>inductio</em></strong></span> <span class='ocrx_word' id='word_1_483' title='bbox 3024 2216 3092 2271; x_wconf 91' lang='lat' dir='ltr'><strong><em>ad</em></strong></span> <span class='ocrx_word' id='word_1_484' title='bbox 3123 2218 3367 2270; x_wconf 83' lang='lat' dir='ltr'><strong><em>divinum</em></strong></span> <span class='ocrx_word' id='word_1_485' title='bbox 3392 2218 3514 2271; x_wconf 62' lang='lat' dir='ltr'><strong><em>culo</em></strong></span> 
     </span>
    </p>
   </div>
   <div class='ocr_carea' id='block_1_67' title="bbox 1940 2310 3513 2382">
    <p class='ocr_par' dir='ltr' id='par_1_67' title="bbox 1940 2310 3513 2382">
     <span class='ocr_line' id='line_1_67' title="bbox 1940 2310 3513 2382; baseline -0.003 -16"><span class='ocrx_word' id='word_1_486' title='bbox 1940 2322 2054 2366; x_wconf 92' lang='lat' dir='ltr'><strong><em>tum</em></strong></span> <span class='ocrx_word' id='word_1_487' title='bbox 2077 2323 2128 2367; x_wconf 88' lang='lat' dir='ltr'><strong><em>et</em></strong></span> <span class='ocrx_word' id='word_1_488' title='bbox 2155 2313 2436 2382; x_wconf 80' lang='lat' dir='ltr'><strong><em>pietatem,</em></strong></span> <span class='ocrx_word' id='word_1_489' title='bbox 2467 2310 2672 2365; x_wconf 89' lang='lat' dir='ltr'><strong><em>occisio</em></strong></span> <span class='ocrx_word' id='word_1_490' title='bbox 2701 2310 2768 2363; x_wconf 90' lang='lat' dir='ltr'><strong><em>ad</em></strong></span> <span class='ocrx_word' id='word_1_491' title='bbox 2822 2318 3056 2363; x_wconf 87' lang='lat' dir='ltr'><strong><em>mortem</em></strong></span> <span class='ocrx_word' id='word_1_492' title='bbox 3105 2318 3355 2378; x_wconf 87' lang='lat' dir='ltr'><strong><em>reputata</em></strong></span> <span class='ocrx_word' id='word_1_493' title='bbox 3409 2320 3513 2363; x_wconf 84' lang='lat' dir='ltr'><strong><em>est.</em></strong></span> 
     </span>
    </p>
   </div>
   <div class='ocr_carea' id='block_1_68' title="bbox 1940 2401 3516 2471">
    <p class='ocr_par' dir='ltr' id='par_1_68' title="bbox 1940 2401 3516 2471">
     <span class='ocr_line' id='line_1_68' title="bbox 1940 2401 3516 2471; baseline -0.001 -16"><span class='ocrx_word' id='word_1_494' title='bbox 1940 2403 2093 2469; x_wconf 86' lang='lat' dir='ltr'><strong><em>Quod</em></strong></span> <span class='ocrx_word' id='word_1_495' title='bbox 2132 2413 2313 2457; x_wconf 89' lang='lat' dir='ltr'><strong><em>autem</em></strong></span> <span class='ocrx_word' id='word_1_496' title='bbox 2346 2418 2452 2456; x_wconf 87' lang='lat' dir='ltr'><strong><em>non</em></strong></span> <span class='ocrx_word' id='word_1_497' title='bbox 2502 2402 2669 2456; x_wconf 77' lang='lat' dir='ltr'><strong><em>fuerit</em></strong></span> <span class='ocrx_word' id='word_1_498' title='bbox 2707 2402 2926 2471; x_wconf 85' lang='lat' dir='ltr'><strong><em>proprie</em></strong></span> <span class='ocrx_word' id='word_1_499' title='bbox 2978 2402 3208 2464; x_wconf 87' lang='lat' dir='ltr'><strong><em>occisio,</em></strong></span> <span class='ocrx_word' id='word_1_500' title='bbox 3242 2401 3338 2456; x_wconf 87' lang='lat' dir='ltr'><strong><em>sed</em></strong></span> <span class='ocrx_word' id='word_1_501' title='bbox 3394 2410 3516 2454; x_wconf 88' lang='lat' dir='ltr'><strong><em>tan-</em></strong></span> 
     </span>
    </p>
   </div>
   <div class='ocr_carea' id='block_1_69' title="bbox 1942 2491 3521 2564">
    <p class='ocr_par' dir='ltr' id='par_1_69' title="bbox 1942 2491 3521 2564">
     <span class='ocr_line' id='line_1_69' title="bbox 1942 2491 3521 2564; baseline -0.004 -17"><span class='ocrx_word' id='word_1_502' title='bbox 1942 2508 2106 2564; x_wconf 86' lang='lat' dir='ltr'><strong><em>quam</em></strong></span> <span class='ocrx_word' id='word_1_503' title='bbox 2135 2492 2368 2555; x_wconf 84' lang='lat' dir='ltr'><strong><em>occisio,</em></strong></span> <span class='ocrx_word' id='word_1_504' title='bbox 2400 2492 2517 2561; x_wconf 88' lang='lat' dir='ltr'><strong><em>ipsa</em></strong></span> <span class='ocrx_word' id='word_1_505' title='bbox 2561 2492 2754 2546; x_wconf 67' lang='lat' dir='ltr'><strong><em>littera:</em></strong></span> <span class='ocrx_word' id='word_1_506' title='bbox 2788 2492 2961 2545; x_wconf 87' lang='lat' dir='ltr'><strong><em>series</em></strong></span> <span class='ocrx_word' id='word_1_507' title='bbox 2995 2491 3352 2556; x_wconf 69' lang='lat' dir='ltr'><strong><em>demonstrat,</em></strong></span> <span class='ocrx_word' id='word_1_508' title='bbox 3397 2504 3521 2559; x_wconf 69' lang='lat' dir='ltr'><strong><em>qua:</em></strong></span> 
     </span>
    </p>
   </div>
   <div class='ocr_carea' id='block_1_70' title="bbox 1942 2583 3517 2650">
    <p class='ocr_par' dir='ltr' id='par_1_70' title="bbox 1942 2583 3517 2650">
     <span class='ocr_line' id='line_1_70' title="bbox 1942 2583 3517 2650; baseline -0.005 -9"><span class='ocrx_word' id='word_1_509' title='bbox 1942 2602 2051 2641; x_wconf 91' lang='lat' dir='ltr'><strong><em>non</em></strong></span> <span class='ocrx_word' id='word_1_510' title='bbox 2072 2586 2313 2640; x_wconf 88' lang='lat' dir='ltr'><strong><em>occisum</em></strong></span> <span class='ocrx_word' id='word_1_511' title='bbox 2334 2584 2489 2650; x_wconf 89' lang='lat' dir='ltr'><strong><em>dicit,</em></strong></span> <span class='ocrx_word' id='word_1_512' title='bbox 2512 2583 2713 2639; x_wconf 85' lang='lat' dir='ltr'><strong><em>utendo</em></strong></span> <span class='ocrx_word' id='word_1_513' title='bbox 2733 2584 2898 2638; x_wconf 89' lang='lat' dir='ltr'><strong><em>etiam</em></strong></span> <span class='ocrx_word' id='word_1_514' title='bbox 2918 2584 3017 2647; x_wconf 80' lang='grc' dir='ltr'><em>ὡς,</em></span> <span class='ocrx_word' id='word_1_515' title='bbox 3048 2583 3099 2636; x_wconf 89' lang='lat' dir='ltr'><strong><em>id</em></strong></span> <span class='ocrx_word' id='word_1_516' title='bbox 3121 2591 3205 2637; x_wconf 91' lang='lat' dir='ltr'><strong><em>est</em></strong></span> <span class='ocrx_word' id='word_1_517' title='bbox 3234 2590 3517 2650; x_wconf 88' lang='lat' dir='ltr'><strong><em>tanquam,</em></strong></span> 
     </span>
    </p>
   </div>
   <div class='ocr_carea' id='block_1_71' title="bbox 1944 2674 3522 2748">
    <p class='ocr_par' dir='ltr' id='par_1_71' title="bbox 1944 2674 3522 2748">
     <span class='ocr_line' id='line_1_71' title="bbox 1944 2674 3522 2748; baseline -0.003 -14"><span class='ocrx_word' id='word_1_518' title='bbox 1944 2678 2322 2734; x_wconf 85' lang='lat' dir='ltr'><strong><em>similitudinis</em></strong></span> <span class='ocrx_word' id='word_1_519' title='bbox 2348 2678 2640 2748; x_wconf 88' lang='lat' dir='ltr'><strong><em>particula.</em></strong></span> <span class='ocrx_word' id='word_1_520' title='bbox 2682 2676 2764 2730; x_wconf 87' lang='lat' dir='ltr'><strong><em>Ad</em></strong></span> <span class='ocrx_word' id='word_1_521' title='bbox 2798 2677 2939 2729; x_wconf 87' lang='lat' dir='ltr'><strong><em>hanc</em></strong></span> <span class='ocrx_word' id='word_1_522' title='bbox 2979 2676 3142 2747; x_wconf 80' lang='lat' dir='ltr'><strong><em>igitur</em></strong></span> <span class='ocrx_word' id='word_1_523' title='bbox 3199 2674 3522 2730; x_wconf 81' lang='lat' dir='ltr'><strong><em>conversio-</em></strong></span> 
     </span>
    </p>
   </div>
   <div class='ocr_carea' id='block_1_72' title="bbox 1947 2767 3524 2840">
    <p class='ocr_par' dir='ltr' id='par_1_72' title="bbox 1947 2767 3524 2840">
     <span class='ocr_line' id='line_1_72' title="bbox 1947 2767 3524 2840; baseline -0.003 -15"><span class='ocrx_word' id='word_1_524' title='bbox 1947 2787 2066 2826; x_wconf 85' lang='lat' dir='ltr'><strong><em>nem</em></strong></span> <span class='ocrx_word' id='word_1_525' title='bbox 2096 2772 2162 2826; x_wconf 90' lang='lat' dir='ltr'><strong><em>ad</em></strong></span> <span class='ocrx_word' id='word_1_526' title='bbox 2197 2771 2289 2825; x_wconf 90' lang='lat' dir='ltr'><strong><em>Dei</em></strong></span> <span class='ocrx_word' id='word_1_527' title='bbox 2326 2770 2714 2840; x_wconf 81' lang='lat' dir='ltr'><strong><em>cognitionem,</em></strong></span> <span class='ocrx_word' id='word_1_528' title='bbox 2748 2783 2969 2822; x_wconf 85' lang='lat' dir='ltr'><strong><em>rursum</em></strong></span> <span class='ocrx_word' id='word_1_529' title='bbox 2996 2767 3299 2821; x_wconf 77' lang='lat' dir='ltr'><strong><em>succedens</em></strong></span> <span class='ocrx_word' id='word_1_530' title='bbox 3328 2780 3524 2820; x_wconf 85' lang='lat' dir='ltr'><strong><em>recur-</em></strong></span> 
     </span>
    </p>
   </div>
   <div class='ocr_carea' id='block_1_73' title="bbox 1945 2859 3524 2933">
    <p class='ocr_par' dir='ltr' id='par_1_73' title="bbox 1945 2859 3524 2933">
     <span class='ocr_line' id='line_1_73' title="bbox 1945 2859 3524 2933; baseline -0.003 -17"><span class='ocrx_word' id='word_1_531' title='bbox 1945 2879 2040 2918; x_wconf 84' lang='lat' dir='ltr'><strong><em>sus</em></strong></span> <span class='ocrx_word' id='word_1_532' title='bbox 2092 2864 2158 2916; x_wconf 91' lang='lat' dir='ltr'><strong><em>ad</em></strong></span> <span class='ocrx_word' id='word_1_533' title='bbox 2193 2865 2446 2933; x_wconf 75' lang='lat' dir='ltr'><strong><em>iprimam</em></strong></span> <span class='ocrx_word' id='word_1_534' title='bbox 2502 2860 2860 2930; x_wconf 87' lang='lat' dir='ltr'><strong><em>impietatem,</em></strong></span> <span class='ocrx_word' id='word_1_535' title='bbox 2906 2859 3223 2912; x_wconf 79' lang='lat' dir='ltr'><strong><em>nominatus</em></strong></span> <span class='ocrx_word' id='word_1_536' title='bbox 3250 2866 3335 2911; x_wconf 87' lang='lat' dir='ltr'><strong><em>est</em></strong></span> <span class='ocrx_word' id='word_1_537' title='bbox 3389 2872 3524 2912; x_wconf 83' lang='lat' dir='ltr'><strong><em>cura</em></strong></span> 
     </span>
    </p>
   </div>
   <div class='ocr_carea' id='block_1_74' title="bbox 1951 2945 3522 3024">
    <p class='ocr_par' dir='ltr' id='par_1_74' title="bbox 1951 2945 3522 3024">
     <span class='ocr_line' id='line_1_74' title="bbox 1951 2945 3522 3024; baseline -0.005 -18"><span class='ocrx_word' id='word_1_538' title='bbox 1951 2954 2141 3024; x_wconf 69' lang='lat' dir='ltr'><strong><em>plagae.</em></strong></span> <span class='ocrx_word' id='word_1_539' title='bbox 2172 2956 2278 3007; x_wconf 83' lang='lat' dir='ltr'><strong><em>Aut</em></strong></span> <span class='ocrx_word' id='word_1_540' title='bbox 2329 2954 2429 3006; x_wconf 84' lang='lat' dir='ltr'><strong><em>hoc</em></strong></span> <span class='ocrx_word' id='word_1_541' title='bbox 2461 2952 2624 3017; x_wconf 78' lang='lat' dir='ltr'><strong><em>igitur</em></strong></span> <span class='ocrx_word' id='word_1_542' title='bbox 2679 2950 2839 3003; x_wconf 89' lang='lat' dir='ltr'><strong><em>modo</em></strong></span> <span class='ocrx_word' id='word_1_543' title='bbox 2890 2948 3023 3002; x_wconf 88' lang='lat' dir='ltr'><strong><em>dicti</em></strong></span> <span class='ocrx_word' id='word_1_544' title='bbox 3076 2945 3369 3015; x_wconf 84' lang='lat' dir='ltr'><strong><em>explicatio</em></strong></span> <span class='ocrx_word' id='word_1_545' title='bbox 3425 2961 3522 3000; x_wconf 81' lang='lat' dir='ltr'><strong><em>su-</em></strong></span> 
     </span>
    </p>
   </div>
   <div class='ocr_carea' id='block_1_75' title="bbox 1949 3041 3523 3109">
    <p class='ocr_par' dir='ltr' id='par_1_75' title="bbox 1949 3041 3523 3109">
     <span class='ocr_line' id='line_1_75' title="bbox 1949 3041 3523 3109; baseline -0.005 -10"><span class='ocrx_word' id='word_1_546' title='bbox 1949 3045 2142 3099; x_wconf 75' lang='lat' dir='ltr'><strong><em>tuenda</em></strong></span> <span class='ocrx_word' id='word_1_547' title='bbox 2184 3052 2268 3098; x_wconf 91' lang='lat' dir='ltr'><strong><em>est</em></strong></span> <span class='ocrx_word' id='word_1_548' title='bbox 2299 3062 2312 3098; x_wconf 88' lang='lat'><strong>:</strong></span> <span class='ocrx_word' id='word_1_549' title='bbox 2350 3053 2443 3097; x_wconf 89' lang='lat' dir='ltr'><strong><em>aut</em></strong></span> <span class='ocrx_word' id='word_1_550' title='bbox 2478 3043 2642 3097; x_wconf 83' lang='lat' dir='ltr'><strong><em>etiam</em></strong></span> <span class='ocrx_word' id='word_1_551' title='bbox 2676 3043 2780 3097; x_wconf 88' lang='lat' dir='ltr'><strong><em>isto</em></strong></span> <span class='ocrx_word' id='word_1_552' title='bbox 2826 3041 2987 3095; x_wconf 88' lang='lat' dir='ltr'><strong><em>modo</em></strong></span> <span class='ocrx_word' id='word_1_553' title='bbox 3022 3057 3036 3092; x_wconf 88' lang='lat'><strong>:</strong></span> <span class='ocrx_word' id='word_1_554' title='bbox 3071 3049 3234 3109; x_wconf 88' lang='lat' dir='ltr'><strong><em>caput</em></strong></span> <span class='ocrx_word' id='word_1_555' title='bbox 3263 3050 3523 3107; x_wconf 86' lang='lat' dir='ltr'><strong><em>tanquam</em></strong></span> 
     </span>
    </p>
   </div>
   <div class='ocr_carea' id='block_1_76' title="bbox 1949 3132 3525 3207">
    <p class='ocr_par' dir='ltr' id='par_1_76' title="bbox 1949 3132 3525 3207">
     <span class='ocr_line' id='line_1_76' title="bbox 1949 3132 3525 3207; baseline -0.005 -16"><span class='ocrx_word' id='word_1_556' title='bbox 1949 3137 2219 3201; x_wconf 78' lang='lat' dir='ltr'><strong><em>occisum,</em></strong></span> <span class='ocrx_word' id='word_1_557' title='bbox 2243 3137 2358 3191; x_wconf 83' lang='lat' dir='ltr'><strong><em>sive</em></strong></span> <span class='ocrx_word' id='word_1_558' title='bbox 2377 3138 2522 3207; x_wconf 85' lang='lat' dir='ltr'><strong><em>quod</em></strong></span> <span class='ocrx_word' id='word_1_559' title='bbox 2549 3135 2753 3205; x_wconf 88' lang='lat' dir='ltr'><strong><em>aliquis</em></strong></span> <span class='ocrx_word' id='word_1_560' title='bbox 2774 3133 3080 3204; x_wconf 85' lang='lat' dir='ltr'><strong><em>principum</em></strong></span> <span class='ocrx_word' id='word_1_561' title='bbox 3105 3132 3276 3201; x_wconf 88' lang='lat' dir='ltr'><strong><em>ipsius</em></strong></span> <span class='ocrx_word' id='word_1_562' title='bbox 3307 3132 3525 3184; x_wconf 83' lang='lat' dir='ltr'><strong><em>occisus</em></strong></span> 
     </span>
    </p>
   </div>
   <div class='ocr_carea' id='block_1_77' title="bbox 1951 3222 3528 3296">
    <p class='ocr_par' dir='ltr' id='par_1_77' title="bbox 1951 3222 3528 3296">
     <span class='ocr_line' id='line_1_77' title="bbox 1951 3222 3528 3296; baseline -0.004 -15"><span class='ocrx_word' id='word_1_563' title='bbox 1951 3226 2137 3291; x_wconf 83' lang='lat' dir='ltr'><strong><em>fuerit,</em></strong></span> <span class='ocrx_word' id='word_1_564' title='bbox 2158 3238 2209 3282; x_wconf 91' lang='lat' dir='ltr'><strong><em>et</em></strong></span> <span class='ocrx_word' id='word_1_565' title='bbox 2236 3243 2301 3283; x_wconf 88' lang='lat' dir='ltr'><strong><em>eo</em></strong></span> <span class='ocrx_word' id='word_1_566' title='bbox 2334 3227 2479 3296; x_wconf 84' lang='lat' dir='ltr'><strong><em>quod</em></strong></span> <span class='ocrx_word' id='word_1_567' title='bbox 2536 3226 2651 3296; x_wconf 87' lang='lat' dir='ltr'><strong><em>ipse</em></strong></span> <span class='ocrx_word' id='word_1_568' title='bbox 2695 3225 3011 3279; x_wconf 88' lang='lat' dir='ltr'><strong><em>diviseritin</em></strong></span> <span class='ocrx_word' id='word_1_569' title='bbox 3067 3223 3231 3276; x_wconf 78' lang='lat' dir='ltr'><strong><em>mula</em></strong></span> <span class='ocrx_word' id='word_1_570' title='bbox 3259 3222 3528 3292; x_wconf 87' lang='lat' dir='ltr'><strong><em>principa-</em></strong></span> 
     </span>
    </p>
   </div>
   <div class='ocr_carea' id='block_1_78' title="bbox 1952 3316 3526 3390">
    <p class='ocr_par' dir='ltr' id='par_1_78' title="bbox 1952 3316 3526 3390">
     <span class='ocr_line' id='line_1_78' title="bbox 1952 3316 3526 3390; baseline -0.004 -17"><span class='ocrx_word' id='word_1_571' title='bbox 1952 3329 2091 3381; x_wconf 87' lang='lat' dir='ltr'><strong><em>tum,</em></strong></span> <span class='ocrx_word' id='word_1_572' title='bbox 2139 3335 2234 3390; x_wconf 86' lang='lat' dir='ltr'><strong><em>per</em></strong></span> <span class='ocrx_word' id='word_1_573' title='bbox 2285 3320 2643 3388; x_wconf 80' lang='lat' dir='ltr'><strong><em>itnposturam</em></strong></span> <span class='ocrx_word' id='word_1_574' title='bbox 2690 3316 3069 3373; x_wconf 78' lang='lat' dir='ltr'><strong><em>fraudulenter</em></strong></span> <span class='ocrx_word' id='word_1_575' title='bbox 3129 3328 3413 3384; x_wconf 76' lang='lat' dir='ltr'><strong><em>resurgere</em></strong></span> <span class='ocrx_word' id='word_1_576' title='bbox 3444 3316 3526 3367; x_wconf 76' lang='lat' dir='ltr'><strong><em>vi-</em></strong></span> 
     </span>
    </p>
   </div>
   <div class='ocr_carea' id='block_1_79' title="bbox 1953 3407 3524 3481">
    <p class='ocr_par' dir='ltr' id='par_1_79' title="bbox 1953 3407 3524 3481">
     <span class='ocr_line' id='line_1_79' title="bbox 1953 3407 3524 3481; baseline -0.004 -16"><span class='ocrx_word' id='word_1_577' title='bbox 1953 3412 2167 3466; x_wconf 87' lang='lat' dir='ltr'><strong><em>deatur.</em></strong></span> <span class='ocrx_word' id='word_1_578' title='bbox 2196 3413 2306 3465; x_wconf 83' lang='lat' dir='ltr'><strong><em>Aut</em></strong></span> <span class='ocrx_word' id='word_1_579' title='bbox 2335 3410 2517 3481; x_wconf 87' lang='lat' dir='ltr'><strong><em>putari</em></strong></span> <span class='ocrx_word' id='word_1_580' title='bbox 2574 3410 2947 3464; x_wconf 75' lang='lat' dir='ltr'><strong><em>Romanorum</em></strong></span> <span class='ocrx_word' id='word_1_581' title='bbox 2978 3407 3207 3476; x_wconf 82' lang='lat' dir='ltr'><strong><em>periisse</em></strong></span> <span class='ocrx_word' id='word_1_582' title='bbox 3236 3407 3524 3475; x_wconf 80' lang='lat' dir='ltr'><strong><em>imperium</em></strong></span> 
     </span>
    </p>
   </div>
   <div class='ocr_carea' id='block_1_80' title="bbox 1952 3501 3526 3574">
    <p class='ocr_par' dir='ltr' id='par_1_80' title="bbox 1952 3501 3526 3574">
     <span class='ocr_line' id='line_1_80' title="bbox 1952 3501 3526 3574; baseline -0.004 -14"><span class='ocrx_word' id='word_1_583' title='bbox 1952 3506 2006 3560; x_wconf 91' lang='lat' dir='ltr'><strong><em>in</em></strong></span> <span class='ocrx_word' id='word_1_584' title='bbox 2061 3506 2282 3560; x_wconf 89' lang='lat' dir='ltr'><strong><em>modum</em></strong></span> <span class='ocrx_word' id='word_1_585' title='bbox 2318 3505 2637 3567; x_wconf 86' lang='lat' dir='ltr'><strong><em>occisionis,</em></strong></span> <span class='ocrx_word' id='word_1_586' title='bbox 2665 3518 2730 3558; x_wconf 91' lang='lat' dir='ltr'><strong><em>eo</em></strong></span> <span class='ocrx_word' id='word_1_587' title='bbox 2774 3503 2919 3574; x_wconf 90' lang='lat' dir='ltr'><strong><em>quod</em></strong></span> <span class='ocrx_word' id='word_1_588' title='bbox 2952 3503 3005 3557; x_wconf 91' lang='lat' dir='ltr'><strong><em>in</em></strong></span> <span class='ocrx_word' id='word_1_589' title='bbox 3055 3502 3227 3556; x_wconf 91' lang='lat' dir='ltr'><strong><em>multa</em></strong></span> <span class='ocrx_word' id='word_1_590' title='bbox 3288 3501 3526 3556; x_wconf 89' lang='lat' dir='ltr'><strong><em>divisum</em></strong></span> 
     </span>
    </p>
   </div>
   <div class='ocr_carea' id='block_1_81' title="bbox 1953 3592 3525 3667">
    <p class='ocr_par' dir='ltr' id='par_1_81' title="bbox 1953 3592 3525 3667">
     <span class='ocr_line' id='line_1_81' title="bbox 1953 3592 3525 3667; baseline -0.006 -14"><span class='ocrx_word' id='word_1_591' title='bbox 1953 3598 2119 3653; x_wconf 81' lang='lat' dir='ltr'><strong><em>fuerit</em></strong></span> <span class='ocrx_word' id='word_1_592' title='bbox 2147 3615 2162 3652; x_wconf 87' lang='lat'><strong>:</strong></span> <span class='ocrx_word' id='word_1_593' title='bbox 2194 3599 2307 3667; x_wconf 91' lang='lat' dir='ltr'><strong><em>ipse</em></strong></span> <span class='ocrx_word' id='word_1_594' title='bbox 2338 3605 2517 3651; x_wconf 88' lang='lat' dir='ltr'><strong><em>tamen</em></strong></span> <span class='ocrx_word' id='word_1_595' title='bbox 2553 3597 2925 3651; x_wconf 75' lang='lat' dir='ltr'><strong><em>Antichristus</em></strong></span> <span class='ocrx_word' id='word_1_596' title='bbox 2951 3595 3046 3665; x_wconf 90' lang='lat' dir='ltr'><strong><em>qui</em></strong></span> <span class='ocrx_word' id='word_1_597' title='bbox 3070 3593 3124 3648; x_wconf 91' lang='lat' dir='ltr'><strong><em>id</em></strong></span> <span class='ocrx_word' id='word_1_598' title='bbox 3171 3592 3525 3657; x_wconf 83' lang='lat' dir='ltr'><strong><em>dissolverat,</em></strong></span> 
     </span>
    </p>
   </div>
   <div class='ocr_carea' id='block_1_82' title="bbox 1953 3690 3201 3746">
    <p class='ocr_par' dir='ltr' id='par_1_82' title="bbox 1953 3690 3201 3746">
     <span class='ocr_line' id='line_1_82' title="bbox 1953 3690 3201 3746; baseline -0.006 0"><span class='ocrx_word' id='word_1_599' title='bbox 1953 3691 2353 3746; x_wconf 72' lang='lat' dir='ltr'><strong><em>existimaverit</em></strong></span> <span class='ocrx_word' id='word_1_600' title='bbox 2382 3690 2802 3745; x_wconf 80' lang='lat' dir='ltr'><strong><em>dissolutionem</em></strong></span> <span class='ocrx_word' id='word_1_601' title='bbox 2828 3702 2964 3744; x_wconf 88' lang='lat' dir='ltr'><strong><em>esse.</em></strong></span> <span class='ocrx_word' id='word_1_602' title='bbox 2985 3702 3201 3741; x_wconf 90' lang='lat' dir='ltr'><strong><em>curam.</em></strong></span> 
     </span>
    </p>
   </div>
   <div class='ocr_carea' id='block_1_83' title="bbox 2025 3775 3525 3848">
    <p class='ocr_par' dir='ltr' id='par_1_83' title="bbox 2025 3775 3525 3848">
     <span class='ocr_line' id='line_1_83' title="bbox 2025 3775 3525 3848; baseline -0.004 -11"><span class='ocrx_word' id='word_1_603' title='bbox 2025 3782 2092 3837; x_wconf 88' lang='lat' dir='ltr'><strong><em>Et</em></strong></span> <span class='ocrx_word' id='word_1_604' title='bbox 2124 3783 2397 3837; x_wconf 86' lang='lat' dir='ltr'><strong><em>admirata</em></strong></span> <span class='ocrx_word' id='word_1_605' title='bbox 2429 3791 2504 3835; x_wconf 89' lang='lat' dir='ltr'><strong><em>est</em></strong></span> <span class='ocrx_word' id='word_1_606' title='bbox 2537 3782 2780 3835; x_wconf 77' lang='lat' dir='ltr'><strong><em>universa</em></strong></span> <span class='ocrx_word' id='word_1_607' title='bbox 2817 3790 2959 3835; x_wconf 89' lang='lat' dir='ltr'><strong><em>terra</em></strong></span> <span class='ocrx_word' id='word_1_608' title='bbox 2989 3788 3104 3848; x_wconf 84' lang='lat' dir='ltr'><strong><em>past</em></strong></span> <span class='ocrx_word' id='word_1_609' title='bbox 3140 3777 3388 3832; x_wconf 88' lang='lat' dir='ltr'><strong><em>bestiam.</em></strong></span> <span class='ocrx_word' id='word_1_610' title='bbox 3410 3775 3525 3831; x_wconf 82' lang='lat' dir='ltr'><strong><em>Hoc</em></strong></span> 
     </span>
    </p>
   </div>
   <div class='ocr_carea' id='block_1_84' title="bbox 1953 3869 3526 3943">
    <p class='ocr_par' dir='ltr' id='par_1_84' title="bbox 1953 3869 3526 3943">
     <span class='ocr_line' id='line_1_84' title="bbox 1953 3869 3526 3943; baseline -0.004 -15"><span class='ocrx_word' id='word_1_611' title='bbox 1953 3884 2057 3943; x_wconf 89' lang='lat' dir='ltr'><strong><em>est,</em></strong></span> <span class='ocrx_word' id='word_1_612' title='bbox 2089 3884 2310 3943; x_wconf 83' lang='lat' dir='ltr'><strong><em>SlleOre</em></strong></span> <span class='ocrx_word' id='word_1_613' title='bbox 2329 3873 2578 3943; x_wconf 88' lang='lat' dir='ltr'><strong><em>perculsa</em></strong></span> <span class='ocrx_word' id='word_1_614' title='bbox 2606 3881 2684 3928; x_wconf 90' lang='lat' dir='ltr'><strong><em>est</em></strong></span> <span class='ocrx_word' id='word_1_615' title='bbox 2718 3890 2730 3926; x_wconf 91' lang='lat'>:</span> <span class='ocrx_word' id='word_1_616' title='bbox 2760 3883 3019 3942; x_wconf 88' lang='lat' dir='ltr'><strong><em>tanquam</em></strong></span> <span class='ocrx_word' id='word_1_617' title='bbox 3044 3880 3322 3940; x_wconf 79' lang='lat' dir='ltr'><strong><em>praeeunte</em></strong></span> <span class='ocrx_word' id='word_1_618' title='bbox 3350 3869 3526 3924; x_wconf 83' lang='lat' dir='ltr'><strong><em>bestia</em></strong></span> 
     </span>
    </p>
   </div>
   <div class='ocr_carea' id='block_1_85' title="bbox 1956 3966 3531 4039">
    <p class='ocr_par' dir='ltr' id='par_1_85' title="bbox 1956 3966 3531 4039">
     <span class='ocr_line' id='line_1_85' title="bbox 1956 3966 3531 4039; baseline -0.003 -17"><span class='ocrx_word' id='word_1_619' title='bbox 1956 3984 2052 4038; x_wconf 90' lang='lat' dir='ltr'><strong><em>per</em></strong></span> <span class='ocrx_word' id='word_1_620' title='bbox 2074 3968 2251 4039; x_wconf 86' lang='lat' dir='ltr'><strong><em>signa,</em></strong></span> <span class='ocrx_word' id='word_1_621' title='bbox 2302 3967 2436 4036; x_wconf 88' lang='lat' dir='ltr'><strong><em>ipsis</em></strong></span> <span class='ocrx_word' id='word_1_622' title='bbox 2495 3982 2627 4021; x_wconf 77' lang='lat' dir='ltr'><strong><em>vero</em></strong></span> <span class='ocrx_word' id='word_1_623' title='bbox 2685 3983 2780 4037; x_wconf 88' lang='lat' dir='ltr'><strong><em>per</em></strong></span> <span class='ocrx_word' id='word_1_624' title='bbox 2820 3966 3267 4038; x_wconf 86' lang='lat' dir='ltr'><strong><em>approbationem</em></strong></span> <span class='ocrx_word' id='word_1_625' title='bbox 3311 3980 3339 4019; x_wconf 90' lang='lat' dir='ltr'><strong><em>a</em></strong></span> <span class='ocrx_word' id='word_1_626' title='bbox 3379 3973 3531 4034; x_wconf 77' lang='lat' dir='ltr'><strong><em>tergo</em></strong></span> 
     </span>
    </p>
   </div>
   <div class='ocr_carea' id='block_1_86' title="bbox 1955 4054 3531 4127">
    <p class='ocr_par' dir='ltr' id='par_1_86' title="bbox 1955 4054 3531 4127">
     <span class='ocr_line' id='line_1_86' title="bbox 1955 4054 3531 4127; baseline -0.004 -14"><span class='ocrx_word' id='word_1_627' title='bbox 1955 4057 2333 4127; x_wconf 88' lang='lat' dir='ltr'><strong><em>sequentibus.</em></strong></span> <span class='ocrx_word' id='word_1_628' title='bbox 2364 4057 2619 4110; x_wconf 85' lang='lat' dir='ltr'><strong><em>Universa</em></strong></span> <span class='ocrx_word' id='word_1_629' title='bbox 2652 4065 2835 4111; x_wconf 89' lang='lat' dir='ltr'><strong><em>autem</em></strong></span> <span class='ocrx_word' id='word_1_630' title='bbox 2870 4067 3009 4110; x_wconf 85' lang='lat' dir='ltr'><strong><em>terra</em></strong></span> <span class='ocrx_word' id='word_1_631' title='bbox 3033 4071 3129 4126; x_wconf 89' lang='lat' dir='ltr'><strong><em>per</em></strong></span> <span class='ocrx_word' id='word_1_632' title='bbox 3184 4054 3531 4126; x_wconf 76' lang='lat' dir='ltr'><strong><em>metonymia:</em></strong></span> 
     </span>
    </p>
   </div>
   <div class='ocr_carea' id='block_1_87' title="bbox 1956 4150 3529 4221">
    <p class='ocr_par' dir='ltr' id='par_1_87' title="bbox 1956 4150 3529 4221">
     <span class='ocr_line' id='line_1_87' title="bbox 1956 4150 3529 4221; baseline -0.002 -17"><span class='ocrx_word' id='word_1_633' title='bbox 1956 4150 2183 4220; x_wconf 80' lang='lat' dir='ltr'><strong><em>ﬁguram</em></strong></span> <span class='ocrx_word' id='word_1_634' title='bbox 2233 4151 2439 4206; x_wconf 89' lang='lat' dir='ltr'><strong><em>dictum</em></strong></span> <span class='ocrx_word' id='word_1_635' title='bbox 2492 4160 2600 4215; x_wconf 83' lang='lat' dir='ltr'><strong><em>est,</em></strong></span> <span class='ocrx_word' id='word_1_636' title='bbox 2632 4166 2739 4221; x_wconf 87' lang='lat' dir='ltr'><strong><em>qua</em></strong></span> <span class='ocrx_word' id='word_1_637' title='bbox 2770 4166 2801 4205; x_wconf 83' lang='lat' dir='ltr'><strong><em>a</em></strong></span> <span class='ocrx_word' id='word_1_638' title='bbox 2855 4150 3159 4205; x_wconf 88' lang='lat' dir='ltr'><strong><em>continenti</em></strong></span> <span class='ocrx_word' id='word_1_639' title='bbox 3213 4156 3529 4204; x_wconf 86' lang='lat' dir='ltr'><strong><em>contentum</em></strong></span> 
     </span>
    </p>
   </div>
   <div class='ocr_carea' id='block_1_88' title="bbox 1958 4242 2297 4313">
    <p class='ocr_par' dir='ltr' id='par_1_88' title="bbox 1958 4242 2297 4313">
     <span class='ocr_line' id='line_1_88' title="bbox 1958 4242 2297 4313; baseline 0.006 -18"><span class='ocrx_word' id='word_1_640' title='bbox 1958 4242 2297 4313; x_wconf 81' lang='lat' dir='ltr'><strong><em>intelligitur.</em></strong></span> 
     </span>
    </p>
   </div>
   <div class='ocr_carea' id='block_1_89' title="bbox 2032 4332 3533 4388">
    <p class='ocr_par' dir='ltr' id='par_1_89' title="bbox 2032 4332 3533 4388">
     <span class='ocr_line' id='line_1_89' title="bbox 2032 4332 3533 4388; baseline 0 -1"><span class='ocrx_word' id='word_1_641' title='bbox 2032 4333 2102 4387; x_wconf 87' lang='lat' dir='ltr'><strong><em>Et</em></strong></span> <span class='ocrx_word' id='word_1_642' title='bbox 2150 4333 2506 4388; x_wconf 80' lang='lat' dir='ltr'><strong><em>adorauerunt</em></strong></span> <span class='ocrx_word' id='word_1_643' title='bbox 2531 4338 2836 4388; x_wconf 82' lang='lat' dir='ltr'><strong><em>draconem.</em></strong></span> <span class='ocrx_word' id='word_1_644' title='bbox 2888 4332 3207 4388; x_wconf 80' lang='lat' dir='ltr'><strong><em>Miraculum</em></strong></span> <span class='ocrx_word' id='word_1_645' title='bbox 3270 4332 3387 4387; x_wconf 81' lang='lat' dir='ltr'><strong><em>sive</em></strong></span> <span class='ocrx_word' id='word_1_646' title='bbox 3444 4348 3533 4387; x_wconf 81' lang='lat' dir='ltr'><strong><em>res</em></strong></span> 
     </span>
    </p>
   </div>
   <div class='ocr_carea' id='block_1_90' title="bbox 1957 4425 3536 4498">
    <p class='ocr_par' dir='ltr' id='par_1_90' title="bbox 1957 4425 3536 4498">
     <span class='ocr_line' id='line_1_90' title="bbox 1957 4425 3536 4498; baseline -0.002 -18"><span class='ocrx_word' id='word_1_647' title='bbox 1957 4426 2266 4498; x_wconf 85' lang='lat' dir='ltr'><strong><em>prodigiosa</em></strong></span> <span class='ocrx_word' id='word_1_648' title='bbox 2287 4442 2407 4496; x_wconf 72' lang='lat' dir='ltr'><strong><em>qua:</em></strong></span> <span class='ocrx_word' id='word_1_649' title='bbox 2430 4426 2521 4481; x_wconf 85' lang='lat' dir='ltr'><strong><em>ﬁet</em></strong></span> <span class='ocrx_word' id='word_1_650' title='bbox 2554 4427 2622 4481; x_wconf 90' lang='lat' dir='ltr'><strong><em>ab</em></strong></span> <span class='ocrx_word' id='word_1_651' title='bbox 2641 4426 2978 4480; x_wconf 76' lang='lat' dir='ltr'><strong><em>Anticliristo</em></strong></span> <span class='ocrx_word' id='word_1_652' title='bbox 3005 4426 3327 4480; x_wconf 84' lang='lat' dir='ltr'><strong><em>relationem</em></strong></span> <span class='ocrx_word' id='word_1_653' title='bbox 3375 4425 3536 4478; x_wconf 70' lang='lat' dir='ltr'><strong><em>liabe-</em></strong></span> 
     </span>
    </p>
   </div>
   <div class='ocr_carea' id='block_1_91' title="bbox 1958 4518 3532 4589">
    <p class='ocr_par' dir='ltr' id='par_1_91' title="bbox 1958 4518 3532 4589">
     <span class='ocr_line' id='line_1_91' title="bbox 1958 4518 3532 4589; baseline -0.003 -16"><span class='ocrx_word' id='word_1_654' title='bbox 1958 4519 2038 4573; x_wconf 84' lang='lat' dir='ltr'><strong><em>bit</em></strong></span> <span class='ocrx_word' id='word_1_655' title='bbox 2069 4518 2137 4573; x_wconf 90' lang='lat' dir='ltr'><strong><em>ad</em></strong></span> <span class='ocrx_word' id='word_1_656' title='bbox 2188 4519 2493 4584; x_wconf 90' lang='lat' dir='ltr'><strong><em>diabolum,</em></strong></span> <span class='ocrx_word' id='word_1_657' title='bbox 2550 4519 2643 4588; x_wconf 90' lang='lat' dir='ltr'><strong><em>qui</em></strong></span> <span class='ocrx_word' id='word_1_658' title='bbox 2704 4535 2800 4588; x_wconf 87' lang='lat' dir='ltr'><strong><em>per</em></strong></span> <span class='ocrx_word' id='word_1_659' title='bbox 2847 4534 2972 4574; x_wconf 90' lang='lat' dir='ltr'><strong><em>eum</em></strong></span> <span class='ocrx_word' id='word_1_660' title='bbox 3012 4518 3364 4589; x_wconf 87' lang='lat' dir='ltr'><strong><em>operabitur:</em></strong></span> <span class='ocrx_word' id='word_1_661' title='bbox 3407 4533 3532 4571; x_wconf 85' lang='lat' dir='ltr'><strong><em>nam</em></strong></span> 
     </span>
    </p>
   </div>
   <div class='ocr_carea' id='block_1_92' title="bbox 1958 4608 2807 4678">
    <p class='ocr_par' dir='ltr' id='par_1_92' title="bbox 1958 4608 2807 4678">
     <span class='ocr_line' id='line_1_92' title="bbox 1958 4608 2807 4678; baseline -0.002 -14"><span class='ocrx_word' id='word_1_662' title='bbox 1958 4609 2127 4664; x_wconf 90' lang='lat' dir='ltr'><strong><em>draco</em></strong></span> <span class='ocrx_word' id='word_1_663' title='bbox 2158 4624 2254 4678; x_wconf 86' lang='lat' dir='ltr'><strong><em>per</em></strong></span> <span class='ocrx_word' id='word_1_664' title='bbox 2280 4608 2431 4662; x_wconf 90' lang='lat' dir='ltr'><strong><em>illum</em></strong></span> <span class='ocrx_word' id='word_1_665' title='bbox 2469 4609 2807 4663; x_wconf 88' lang='lat' dir='ltr'><strong><em>adorabitur.</em></strong></span> 
     </span>
    </p>
   </div>
   <div class='ocr_carea' id='block_1_93' title="bbox 351 4693 1847 4777">
    <p class='ocr_par' dir='ltr' id='par_1_93' title="bbox 351 4693 1847 4763">
     <span class='ocr_line' id='line_1_93' title="bbox 351 4693 1847 4763; baseline 0 -15"><span class='ocrx_word' id='word_1_666' title='bbox 351 4693 461 4748; x_wconf 84' lang='lat' dir='ltr'><strong><em>Kal</em></strong></span> <span class='ocrx_word' id='word_1_667' title='bbox 508 4693 686 4761; x_wconf 82' lang='grc' dir='ltr'><em>ἐδόθη</em></span> <span class='ocrx_word' id='word_1_668' title='bbox 738 4693 899 4758; x_wconf 85' lang='grc' dir='ltr'><strong><em>αὐτῷ</em></strong></span> <span class='ocrx_word' id='word_1_669' title='bbox 937 4693 1131 4763; x_wconf 83' lang='grc' dir='ltr'><em>στόμα</em></span> <span class='ocrx_word' id='word_1_670' title='bbox 1194 4693 1432 4750; x_wconf 71' lang='grc' dir='ltr'><em>λαλοῦν</em></span> <span class='ocrx_word' id='word_1_671' title='bbox 1467 4694 1701 4763; x_wconf 72' lang='grc' dir='ltr'><em>μεγάλα</em></span> <span class='ocrx_word' id='word_1_672' title='bbox 1752 4696 1847 4748; x_wconf 73' lang='grc' dir='ltr'><em>καὶ</em></span> 
     </span>
    </p>
   </div>
   <div class='ocr_carea' id='block_1_94' title="bbox 1949 4693 3534 4777">
    <p class='ocr_par' dir='ltr' id='par_1_94' title="bbox 2034 4699 3534 4772">
     <span class='ocr_line' id='line_1_94' title="bbox 2034 4699 3534 4772; baseline -0.005 -15"><span class='ocrx_word' id='word_1_673' title='bbox 2034 4701 2191 4772; x_wconf 75' lang='lat'><strong><em>761</em></strong></span> <span class='ocrx_word' id='word_1_674' title='bbox 2227 4700 2296 4754; x_wconf 88' lang='lat' dir='ltr'><strong><em>Et</em></strong></span> <span class='ocrx_word' id='word_1_675' title='bbox 2322 4700 2508 4754; x_wconf 85' lang='lat' dir='ltr'><strong><em>datum</em></strong></span> <span class='ocrx_word' id='word_1_676' title='bbox 2537 4710 2615 4755; x_wconf 89' lang='lat' dir='ltr'><strong><em>est</em></strong></span> <span class='ocrx_word' id='word_1_677' title='bbox 2642 4703 2690 4755; x_wconf 93' lang='lat' dir='ltr'><strong><em>ei</em></strong></span> <span class='ocrx_word' id='word_1_678' title='bbox 2717 4718 2773 4755; x_wconf 90' lang='lat' dir='ltr'><strong><em>os</em></strong></span> <span class='ocrx_word' id='word_1_679' title='bbox 2806 4702 3019 4768; x_wconf 86' lang='lat' dir='ltr'><strong><em>loquens</em></strong></span> <span class='ocrx_word' id='word_1_680' title='bbox 3055 4717 3249 4771; x_wconf 88' lang='lat' dir='ltr'><strong><em>magna</em></strong></span> <span class='ocrx_word' id='word_1_681' title='bbox 3288 4711 3335 4753; x_wconf 86' lang='lat' dir='ltr'><strong><em>et</em></strong></span> <span class='ocrx_word' id='word_1_682' title='bbox 3385 4699 3534 4752; x_wconf 85' lang='lat' dir='ltr'><strong><em>blas-</em></strong></span> 
     </span>
    </p>
   </div>
   <div class='ocr_carea' id='block_1_95' title="bbox 287 4786 1855 4859">
    <p class='ocr_par' dir='ltr' id='par_1_95' title="bbox 287 4786 1855 4859">
     <span class='ocr_line' id='line_1_95' title="bbox 287 4786 1855 4859; baseline -0.001 -20"><span class='ocrx_word' id='word_1_683' title='bbox 287 4786 698 4859; x_wconf 72' lang='grc' dir='ltr'><em>ϐλασφημίαν.</em></span> <span class='ocrx_word' id='word_1_684' title='bbox 736 4787 922 4839; x_wconf 77' lang='grc' dir='ltr'><em>Διττὸν</em></span> <span class='ocrx_word' id='word_1_685' title='bbox 968 4786 1031 4839; x_wconf 82' lang='grc' dir='ltr'><em>τὸ</em></span> <span class='ocrx_word' id='word_1_686' title='bbox 1066 4786 1265 4854; x_wconf 78' lang='grc' dir='ltr'><em>λέγειν.</em></span> <span class='ocrx_word' id='word_1_687' title='bbox 1307 4787 1378 4839; x_wconf 81' lang='grc' dir='ltr'><em>Ἢ</em></span> <span class='ocrx_word' id='word_1_688' title='bbox 1408 4788 1516 4857; x_wconf 81' lang='grc' dir='ltr'><strong><em>γὰρ</em></strong></span> <span class='ocrx_word' id='word_1_689' title='bbox 1554 4788 1653 4854; x_wconf 56' lang='lat' dir='ltr'><strong><em>si};</em></strong></span> <span class='ocrx_word' id='word_1_690' title='bbox 1692 4788 1855 4840; x_wconf 77' lang='grc' dir='ltr'><em>ἅνεκο</em></span> 
     </span>
    </p>
   </div>
   <div class='ocr_carea' id='block_1_96' title="bbox 282 4878 1861 4950">
    <p class='ocr_par' dir='ltr' id='par_1_96' title="bbox 282 4878 1861 4950">
     <span class='ocr_line' id='line_1_96' title="bbox 282 4878 1861 4950; baseline -0.001 -16"><span class='ocrx_word' id='word_1_691' title='bbox 282 4881 531 4950; x_wconf 73' lang='grc' dir='ltr'><em>φράστου</em></span> <span class='ocrx_word' id='word_1_692' title='bbox 554 4880 649 4932; x_wconf 79' lang='grc' dir='ltr'><strong><em>τοῦ</em></strong></span> <span class='ocrx_word' id='word_1_693' title='bbox 682 4879 819 4932; x_wconf 81' lang='grc' dir='ltr'><strong><em>Θεοῦ</em></strong></span> <span class='ocrx_word' id='word_1_694' title='bbox 841 4879 1041 4950; x_wconf 80' lang='grc' dir='ltr'><strong><em>ἀνοχῆς</em></strong></span> <span class='ocrx_word' id='word_1_695' title='bbox 1060 4878 1240 4943; x_wconf 81' lang='grc' dir='ltr'><em>τοῦτο,</em></span> <span class='ocrx_word' id='word_1_696' title='bbox 1263 4879 1338 4941; x_wconf 84' lang='grc' dir='ltr'><em>ὡς</em></span> <span class='ocrx_word' id='word_1_697' title='bbox 1366 4880 1668 4948; x_wconf 76' lang='grc' dir='ltr'><em>γυμνασίας</em></span> <span class='ocrx_word' id='word_1_698' title='bbox 1703 4881 1861 4950; x_wconf 79' lang='grc' dir='ltr'><em>χάριν</em></span> 
     </span>
    </p>
   </div>
   <div class='ocr_carea' id='block_1_97' title="bbox 284 4972 1860 5044">
    <p class='ocr_par' dir='ltr' id='par_1_97' title="bbox 284 4972 1860 5044">
     <span class='ocr_line' id='line_1_97' title="bbox 284 4972 1860 5044; baseline -0.003 -18"><span class='ocrx_word' id='word_1_699' title='bbox 284 4975 381 5027; x_wconf 68' lang='grc' dir='ltr'><em>καὶ</em></span> <span class='ocrx_word' id='word_1_700' title='bbox 414 4974 646 5044; x_wconf 81' lang='grc' dir='ltr'><em>δοκιμῆς</em></span> <span class='ocrx_word' id='word_1_701' title='bbox 688 4973 787 5043; x_wconf 82' lang='grc' dir='ltr'><em>τῆς</em></span> <span class='ocrx_word' id='word_1_702' title='bbox 817 4973 954 5042; x_wconf 80' lang='grc' dir='ltr'><em>πρὸς</em></span> <span class='ocrx_word' id='word_1_703' title='bbox 984 4972 1146 5025; x_wconf 68' lang='grc' dir='ltr'><em>αὐτὶν</em></span> <span class='ocrx_word' id='word_1_704' title='bbox 1180 4972 1338 5042; x_wconf 79' lang='grc' dir='ltr'><strong><em>ἡμῶν</em></strong></span> <span class='ocrx_word' id='word_1_705' title='bbox 1394 4972 1709 5034; x_wconf 81' lang='grc' dir='ltr'><em>διαθέσεως,</em></span> <span class='ocrx_word' id='word_1_706' title='bbox 1765 4974 1860 5024; x_wconf 78' lang='grc' dir='ltr'><strong><em>ἁν-</em></strong></span> 
     </span>
    </p>
   </div>
   <div class='ocr_carea' id='block_1_98' title="bbox 285 5063 1863 5136">
    <p class='ocr_par' dir='ltr' id='par_1_98' title="bbox 285 5063 1863 5136">
     <span class='ocr_line' id='line_1_98' title="bbox 285 5063 1863 5136; baseline -0.003 -18"><span class='ocrx_word' id='word_1_707' title='bbox 285 5065 545 5136; x_wconf 79' lang='grc' dir='ltr'><em>εχομένου</em></span> <span class='ocrx_word' id='word_1_708' title='bbox 569 5067 636 5119; x_wconf 83' lang='grc' dir='ltr'><em>τὰ</em></span> <span class='ocrx_word' id='word_1_709' title='bbox 668 5065 897 5119; x_wconf 75' lang='grc' dir='ltr'><em>τοιαῦτα</em></span> <span class='ocrx_word' id='word_1_710' title='bbox 919 5079 933 5092; x_wconf 78' lang='grc'><strong><em>⁸</em></strong></span> <span class='ocrx_word' id='word_1_711' title='bbox 959 5065 992 5134; x_wconf 86' lang='grc' dir='ltr'>ἢ</span> <span class='ocrx_word' id='word_1_712' title='bbox 1028 5065 1108 5126; x_wconf 86' lang='grc' dir='ltr'><em>τὸ,</em></span> <span class='ocrx_word' id='word_1_713' title='bbox 1140 5064 1340 5129; x_wconf 87' lang='grc' dir='ltr'><em>ἐδόθη,</em></span> <span class='ocrx_word' id='word_1_714' title='bbox 1375 5064 1480 5116; x_wconf 78' lang='grc' dir='ltr'><strong><em>ὑπὸ</em></strong></span> <span class='ocrx_word' id='word_1_715' title='bbox 1510 5063 1615 5115; x_wconf 83' lang='grc' dir='ltr'><em>τῶν</em></span> <span class='ocrx_word' id='word_1_716' title='bbox 1650 5066 1863 5134; x_wconf 72' lang='grc' dir='ltr'><em>ἠπατη-</em></span> 
     </span>
    </p>
   </div>
   <div class='ocr_carea' id='block_1_99' title="bbox 287 5156 1862 5229">
    <p class='ocr_par' dir='ltr' id='par_1_99' title="bbox 287 5156 1862 5229">
     <span class='ocr_line' id='line_1_99' title="bbox 287 5156 1862 5229; baseline -0.004 -15"><span class='ocrx_word' id='word_1_717' title='bbox 287 5161 466 5228; x_wconf 77' lang='grc' dir='ltr'><em>μένων</em></span> <span class='ocrx_word' id='word_1_718' title='bbox 501 5159 1003 5229; x_wconf 72' lang='grc' dir='ltr'><em>προσκυνησάντων</em></span> <span class='ocrx_word' id='word_1_719' title='bbox 1035 5156 1182 5228; x_wconf 81' lang='grc' dir='ltr'><em>αὐτῷ</em></span> <span class='ocrx_word' id='word_1_720' title='bbox 1212 5156 1536 5228; x_wconf 77' lang='grc' dir='ltr'><em>ἀνθρώπων.</em></span> <span class='ocrx_word' id='word_1_721' title='bbox 1573 5157 1646 5208; x_wconf 89' lang='grc' dir='ltr'><strong><em>Τὸ</em></strong></span> <span class='ocrx_word' id='word_1_722' title='bbox 1673 5157 1728 5208; x_wconf 81' lang='grc' dir='ltr'><em>δὲ</em></span> <span class='ocrx_word' id='word_1_723' title='bbox 1769 5174 1862 5224; x_wconf 83' lang='grc' dir='ltr'><em>με·</em></span> 
     </span>
    </p>
   </div>
   <div class='ocr_carea' id='block_1_100' title="bbox 282 5249 1858 5323">
    <p class='ocr_par' dir='ltr' id='par_1_100' title="bbox 282 5249 1858 5323">
     <span class='ocr_line' id='line_1_100' title="bbox 282 5249 1858 5323; baseline -0.003 -18"><span class='ocrx_word' id='word_1_724' title='bbox 282 5252 427 5317; x_wconf 79' lang='grc' dir='ltr'><em>γάλα</em></span> <span class='ocrx_word' id='word_1_725' title='bbox 468 5252 673 5318; x_wconf 78' lang='grc' dir='ltr'><em>λαλεῖν,</em></span> <span class='ocrx_word' id='word_1_726' title='bbox 707 5252 769 5304; x_wconf 77' lang='grc' dir='ltr'><em>τὸ</em></span> <span class='ocrx_word' id='word_1_727' title='bbox 800 5250 1179 5323; x_wconf 73' lang='grc' dir='ltr'><em>ὑπερηφανίας</em></span> <span class='ocrx_word' id='word_1_728' title='bbox 1220 5249 1394 5321; x_wconf 82' lang='grc' dir='ltr'><em>μεστὰ</em></span> <span class='ocrx_word' id='word_1_729' title='bbox 1450 5251 1669 5320; x_wconf 73' lang='grc' dir='ltr'><em>ῥήματα</em></span> <span class='ocrx_word' id='word_1_730' title='bbox 1720 5266 1858 5319; x_wconf 86' lang='grc' dir='ltr'><em>προ-</em></span> 
     </span>
    </p>
   </div>
   <div class='ocr_carea' id='block_1_101' title="bbox 284 5347 492 5415">
    <p class='ocr_par' dir='ltr' id='par_1_101' title="bbox 284 5347 492 5415">
     <span class='ocr_line' id='line_1_101' title="bbox 284 5347 492 5415; baseline 0.005 -18"><span class='ocrx_word' id='word_1_731' title='bbox 284 5347 492 5415; x_wconf 74' lang='grc' dir='ltr'><em>φέρειν.</em></span> 
     </span>
    </p>
   </div>
   <div class='ocr_carea' id='block_1_102' title="bbox 341 5434 1859 5504">
    <p class='ocr_par' dir='ltr' id='par_1_102' title="bbox 341 5434 1859 5504">
     <span class='ocr_line' id='line_1_102' title="bbox 341 5434 1859 5504; baseline -0.003 -12"><span class='ocrx_word' id='word_1_732' title='bbox 341 5439 450 5492; x_wconf 87' lang='lat' dir='ltr'><strong><em>Kal</em></strong></span> <span class='ocrx_word' id='word_1_733' title='bbox 481 5438 657 5504; x_wconf 88' lang='grc' dir='ltr'><em>ἐδόθη</em></span> <span class='ocrx_word' id='word_1_734' title='bbox 688 5437 849 5502; x_wconf 83' lang='grc' dir='ltr'><em>αὐτῷ</em></span> <span class='ocrx_word' id='word_1_735' title='bbox 880 5436 1133 5502; x_wconf 78' lang='grc' dir='ltr'><em>ἐξουσία</em></span> <span class='ocrx_word' id='word_1_736' title='bbox 1166 5436 1263 5489; x_wconf 78' lang='grc' dir='ltr'><em>ἐπὶ</em></span> <span class='ocrx_word' id='word_1_737' title='bbox 1291 5434 1499 5491; x_wconf 84' lang='grc' dir='ltr'><em>πᾶσαν</em></span> <span class='ocrx_word' id='word_1_738' title='bbox 1520 5435 1727 5504; x_wconf 72' lang='grc' dir='ltr'><em>φυλὴν</em></span> <span class='ocrx_word' id='word_1_739' title='bbox 1760 5435 1859 5488; x_wconf 78' lang='grc' dir='ltr'><em>καὶ</em></span> 
     </span>
    </p>
   </div>
   <div class='ocr_carea' id='block_1_103' title="bbox 283 5528 1860 5599">
    <p class='ocr_par' dir='ltr' id='par_1_103' title="bbox 283 5528 1860 5599">
     <span class='ocr_line' id='line_1_103' title="bbox 283 5528 1860 5599; baseline -0.001 -16"><span class='ocrx_word' id='word_1_740' title='bbox 283 5532 437 5583; x_wconf 70' lang='grc' dir='ltr'><em>λαὸν</em></span> <span class='ocrx_word' id='word_1_741' title='bbox 473 5529 571 5583; x_wconf 75' lang='grc' dir='ltr'><em>καὶ</em></span> <span class='ocrx_word' id='word_1_742' title='bbox 602 5529 894 5599; x_wconf 80' lang='grc' dir='ltr'><em>γλῶσσαν</em></span> <span class='ocrx_word' id='word_1_743' title='bbox 919 5529 1021 5583; x_wconf 79' lang='grc' dir='ltr'><em>καὶ</em></span> <span class='ocrx_word' id='word_1_744' title='bbox 1050 5528 1247 5594; x_wconf 76' lang='grc' dir='ltr'><em>ἔθνος,</em></span> <span class='ocrx_word' id='word_1_745' title='bbox 1274 5528 1371 5581; x_wconf 77' lang='grc' dir='ltr'><em>καὶ</em></span> <span class='ocrx_word' id='word_1_746' title='bbox 1396 5530 1860 5595; x_wconf 79' lang='grc' dir='ltr'><em>προσκυνήσου-</em></span> 
     </span>
    </p>
   </div>
   <div class='ocr_carea' id='block_1_104' title="bbox 285 5617 1857 5687">
    <p class='ocr_par' dir='ltr' id='par_1_104' title="bbox 285 5617 1857 5687">
     <span class='ocr_line' id='line_1_104' title="bbox 285 5617 1857 5687; baseline -0.003 -13"><span class='ocrx_word' id='word_1_747' title='bbox 285 5638 390 5674; x_wconf 72' lang='grc' dir='ltr'><strong><em>σιν</em></strong></span> <span class='ocrx_word' id='word_1_748' title='bbox 416 5621 604 5676; x_wconf 70' lang='grc' dir='ltr'><em>αὑτὸν</em></span> <span class='ocrx_word' id='word_1_749' title='bbox 642 5621 862 5687; x_wconf 83' lang='grc' dir='ltr'><em>πάντες</em></span> <span class='ocrx_word' id='word_1_750' title='bbox 896 5624 949 5675; x_wconf 80' lang='grc' dir='ltr'><em>οἱ</em></span> <span class='ocrx_word' id='word_1_751' title='bbox 976 5618 1395 5683; x_wconf 80' lang='grc' dir='ltr'><em>κατοικοῦντες</em></span> <span class='ocrx_word' id='word_1_752' title='bbox 1437 5618 1535 5671; x_wconf 82' lang='grc' dir='ltr'><em>ἐπὶ</em></span> <span class='ocrx_word' id='word_1_753' title='bbox 1577 5617 1690 5686; x_wconf 78' lang='grc' dir='ltr'><em>τῆς</em></span> <span class='ocrx_word' id='word_1_754' title='bbox 1723 5617 1857 5686; x_wconf 80' lang='grc' dir='ltr'><em>γῆς,</em></span> 
     </span>
    </p>
   </div>
   <div class='ocr_carea' id='block_1_105' title="bbox 284 5708 1862 5782">
    <p class='ocr_par' dir='ltr' id='par_1_105' title="bbox 284 5708 1862 5782">
     <span class='ocr_line' id='line_1_105' title="bbox 284 5708 1862 5782; baseline -0.003 -16"><span class='ocrx_word' id='word_1_755' title='bbox 284 5708 373 5767; x_wconf 84' lang='grc' dir='ltr'><em>ὧν</em></span> <span class='ocrx_word' id='word_1_756' title='bbox 401 5714 475 5767; x_wconf 87' lang='grc' dir='ltr'><em>οὐ</em></span> <span class='ocrx_word' id='word_1_757' title='bbox 518 5712 840 5782; x_wconf 72' lang='grc' dir='ltr'><em>γέγραπται</em></span> <span class='ocrx_word' id='word_1_758' title='bbox 882 5712 955 5766; x_wconf 84' lang='grc' dir='ltr'><strong><em>τὰ</em></strong></span> <span class='ocrx_word' id='word_1_759' title='bbox 983 5712 1244 5779; x_wconf 77' lang='grc' dir='ltr'><em>ὀνόματα</em></span> <span class='ocrx_word' id='word_1_760' title='bbox 1274 5709 1342 5761; x_wconf 82' lang='grc' dir='ltr'><strong><em>ἐν</em></strong></span> <span class='ocrx_word' id='word_1_761' title='bbox 1382 5708 1462 5775; x_wconf 85' lang='grc' dir='ltr'><em>τῷ</em></span> <span class='ocrx_word' id='word_1_762' title='bbox 1493 5710 1711 5776; x_wconf 79' lang='grc' dir='ltr'><em>βιϐλίῳ</em></span> <span class='ocrx_word' id='word_1_763' title='bbox 1751 5708 1862 5777; x_wconf 80' lang='grc' dir='ltr'><em>τῆς</em></span> 
     </span>
    </p>
   </div>
   <div class='ocr_carea' id='block_1_106' title="bbox 285 5798 1865 5872">
    <p class='ocr_par' dir='ltr' id='par_1_106' title="bbox 285 5798 1865 5872">
     <span class='ocr_line' id='line_1_106' title="bbox 285 5798 1865 5872; baseline -0.003 -17"><span class='ocrx_word' id='word_1_764' title='bbox 285 5801 433 5868; x_wconf 55' lang='lat' dir='ltr'><strong><em>(imit;</em></strong></span> <span class='ocrx_word' id='word_1_765' title='bbox 450 5802 555 5858; x_wconf 82' lang='grc' dir='ltr'><em>τοῦ</em></span> <span class='ocrx_word' id='word_1_766' title='bbox 590 5801 817 5872; x_wconf 74' lang='grc' dir='ltr'><em>Ἄργιου</em></span> <span class='ocrx_word' id='word_1_767' title='bbox 846 5800 951 5857; x_wconf 87' lang='grc' dir='ltr'><em>τοῦ</em></span> <span class='ocrx_word' id='word_1_768' title='bbox 976 5798 1358 5871; x_wconf 65' lang='grc' dir='ltr'><em>ἐσφαγμένου</em></span> <span class='ocrx_word' id='word_1_769' title='bbox 1384 5799 1504 5854; x_wconf 78' lang='grc' dir='ltr'><strong><em>ἀπὸ</em></strong></span> <span class='ocrx_word' id='word_1_770' title='bbox 1522 5798 1865 5867; x_wconf 72' lang='grc' dir='ltr'><em>καταϐολῆς</em></span> 
     </span>
    </p>
   </div>
   <div class='ocr_carea' id='block_1_107' title="bbox 1958 4792 3527 4865">
    <p class='ocr_par' dir='ltr' id='par_1_107' title="bbox 1958 4792 3527 4865">
     <span class='ocr_line' id='line_1_107' title="bbox 1958 4792 3527 4865; baseline -0.002 -18"><span class='ocrx_word' id='word_1_771' title='bbox 1958 4793 2517 4865; x_wconf 78' lang='lat' dir='ltr'><strong><em>plieniiam.Bil&#39;ariam</em></strong></span> <span class='ocrx_word' id='word_1_772' title='bbox 2564 4794 2680 4849; x_wconf 71' lang='lat' dir='ltr'><strong><em>haec</em></strong></span> <span class='ocrx_word' id='word_1_773' title='bbox 2713 4794 2883 4864; x_wconf 81' lang='lat' dir='ltr'><strong><em>accipi</em></strong></span> <span class='ocrx_word' id='word_1_774' title='bbox 2930 4802 3205 4863; x_wconf 86' lang='lat' dir='ltr'><strong><em>possunt:</em></strong></span> <span class='ocrx_word' id='word_1_775' title='bbox 3242 4803 3336 4848; x_wconf 87' lang='lat' dir='ltr'><strong><em>aut</em></strong></span> <span class='ocrx_word' id='word_1_776' title='bbox 3378 4792 3527 4847; x_wconf 87' lang='lat' dir='ltr'><strong><em>enim</em></strong></span> 
     </span>
    </p>
   </div>
   <div class='ocr_carea' id='block_1_108' title="bbox 1960 4885 3535 4956">
    <p class='ocr_par' dir='ltr' id='par_1_108' title="bbox 1960 4885 3535 4956">
     <span class='ocr_line' id='line_1_108' title="bbox 1960 4885 3535 4956; baseline -0.002 -14"><span class='ocrx_word' id='word_1_777' title='bbox 1960 4888 2063 4943; x_wconf 81' lang='lat' dir='ltr'><strong><em>hoc</em></strong></span> <span class='ocrx_word' id='word_1_778' title='bbox 2099 4887 2402 4943; x_wconf 76' lang='lat' dir='ltr'><strong><em>inell’abilis</em></strong></span> <span class='ocrx_word' id='word_1_779' title='bbox 2454 4888 2545 4941; x_wconf 86' lang='lat' dir='ltr'><strong><em>Dei</em></strong></span> <span class='ocrx_word' id='word_1_780' title='bbox 2606 4887 2910 4942; x_wconf 65' lang='lat' dir='ltr'><strong><em>tolerantia:</em></strong></span> <span class='ocrx_word' id='word_1_781' title='bbox 2954 4897 3057 4947; x_wconf 88' lang='lat' dir='ltr'><strong><em>est,</em></strong></span> <span class='ocrx_word' id='word_1_782' title='bbox 3090 4885 3181 4956; x_wconf 90' lang='lat' dir='ltr'><strong><em>qui</em></strong></span> <span class='ocrx_word' id='word_1_783' title='bbox 3219 4885 3535 4954; x_wconf 81' lang='lat' dir='ltr'><strong><em>liujusmodi</em></strong></span> 
     </span>
    </p>
   </div>
   <div class='ocr_carea' id='block_1_109' title="bbox 1962 4977 3537 5050">
    <p class='ocr_par' dir='ltr' id='par_1_109' title="bbox 1962 4977 3537 5050">
     <span class='ocr_line' id='line_1_109' title="bbox 1962 4977 3537 5050; baseline -0.002 -15"><span class='ocrx_word' id='word_1_784' title='bbox 1962 4982 2249 5047; x_wconf 86' lang='lat' dir='ltr'><strong><em>sustineat,</em></strong></span> <span class='ocrx_word' id='word_1_785' title='bbox 2283 4981 2454 5050; x_wconf 85' lang='lat' dir='ltr'><strong><em>gratia</em></strong></span> <span class='ocrx_word' id='word_1_786' title='bbox 2509 4979 2758 5035; x_wconf 81' lang='lat' dir='ltr'><strong><em>exercitii</em></strong></span> <span class='ocrx_word' id='word_1_787' title='bbox 2807 4993 2871 5033; x_wconf 91' lang='lat' dir='ltr'><strong><em>ac</em></strong></span> <span class='ocrx_word' id='word_1_788' title='bbox 2921 4978 3265 5048; x_wconf 86' lang='lat' dir='ltr'><strong><em>probationis</em></strong></span> <span class='ocrx_word' id='word_1_789' title='bbox 3312 4977 3537 5032; x_wconf 76' lang='lat' dir='ltr'><strong><em>allectus</em></strong></span> 
     </span>
    </p>
   </div>
   <div class='ocr_carea' id='block_1_110' title="bbox 1962 5068 3542 5141">
    <p class='ocr_par' dir='ltr' id='par_1_110' title="bbox 1962 5068 3542 5141">
     <span class='ocr_line' id='line_1_110' title="bbox 1962 5068 3542 5141; baseline -0.004 -16"><span class='ocrx_word' id='word_1_790' title='bbox 1962 5072 2135 5126; x_wconf 88' lang='lat' dir='ltr'><strong><em>nostri</em></strong></span> <span class='ocrx_word' id='word_1_791' title='bbox 2166 5088 2292 5141; x_wconf 85' lang='lat' dir='ltr'><strong><em>erga</em></strong></span> <span class='ocrx_word' id='word_1_792' title='bbox 2343 5074 2522 5141; x_wconf 89' lang='lat' dir='ltr'><strong><em>ipsum</em></strong></span> <span class='ocrx_word' id='word_1_793' title='bbox 2568 5088 2581 5124; x_wconf 87' lang='lat'>:</span> <span class='ocrx_word' id='word_1_794' title='bbox 2618 5081 2714 5124; x_wconf 87' lang='lat' dir='ltr'><strong><em>aut</em></strong></span> <span class='ocrx_word' id='word_1_795' title='bbox 2740 5070 2882 5139; x_wconf 84' lang='lat' dir='ltr'><strong><em>quod</em></strong></span> <span class='ocrx_word' id='word_1_796' title='bbox 2924 5071 3111 5124; x_wconf 87' lang='lat' dir='ltr'><strong><em>datum</em></strong></span> <span class='ocrx_word' id='word_1_797' title='bbox 3138 5078 3222 5124; x_wconf 86' lang='lat' dir='ltr'><strong><em>est</em></strong></span> <span class='ocrx_word' id='word_1_798' title='bbox 3260 5068 3329 5123; x_wconf 83' lang='lat' dir='ltr'><strong><em>ab</em></strong></span> <span class='ocrx_word' id='word_1_799' title='bbox 3361 5069 3542 5123; x_wconf 71' lang='lat' dir='ltr'><strong><em>homi-</em></strong></span> 
     </span>
    </p>
   </div>
   <div class='ocr_carea' id='block_1_111' title="bbox 1969 5159 3534 5231">
    <p class='ocr_par' dir='ltr' id='par_1_111' title="bbox 1969 5159 3534 5231">
     <span class='ocr_line' id='line_1_111' title="bbox 1969 5159 3534 5231; baseline -0.003 -15"><span class='ocrx_word' id='word_1_800' title='bbox 1969 5163 2131 5217; x_wconf 86' lang='lat' dir='ltr'><strong><em>nibus</em></strong></span> <span class='ocrx_word' id='word_1_801' title='bbox 2160 5163 2251 5231; x_wconf 85' lang='lat' dir='ltr'><strong><em>qui</em></strong></span> <span class='ocrx_word' id='word_1_802' title='bbox 2289 5161 2497 5216; x_wconf 87' lang='lat' dir='ltr'><strong><em>seducti</em></strong></span> <span class='ocrx_word' id='word_1_803' title='bbox 2537 5161 2714 5231; x_wconf 91' lang='lat' dir='ltr'><strong><em>ipsum</em></strong></span> <span class='ocrx_word' id='word_1_804' title='bbox 2766 5164 3087 5215; x_wconf 84' lang='lat' dir='ltr'><strong><em>adorarunt.</em></strong></span> <span class='ocrx_word' id='word_1_805' title='bbox 3125 5159 3317 5230; x_wconf 81' lang='lat' dir='ltr'><strong><em>Magna</em></strong></span> <span class='ocrx_word' id='word_1_806' title='bbox 3350 5170 3534 5215; x_wconf 87' lang='lat' dir='ltr'><strong><em>autem</em></strong></span> 
     </span>
    </p>
   </div>
   <div class='ocr_carea' id='block_1_112' title="bbox 1966 5254 3393 5325">
    <p class='ocr_par' dir='ltr' id='par_1_112' title="bbox 1966 5254 3393 5325">
     <span class='ocr_line' id='line_1_112' title="bbox 1966 5254 3393 5325; baseline -0.001 -15"><span class='ocrx_word' id='word_1_807' title='bbox 1966 5256 2137 5325; x_wconf 85' lang='lat' dir='ltr'><strong><em>loqui,</em></strong></span> <span class='ocrx_word' id='word_1_808' title='bbox 2175 5257 2275 5309; x_wconf 86' lang='lat' dir='ltr'><strong><em>hoc</em></strong></span> <span class='ocrx_word' id='word_1_809' title='bbox 2314 5264 2417 5319; x_wconf 83' lang='lat' dir='ltr'><strong><em>est,</em></strong></span> <span class='ocrx_word' id='word_1_810' title='bbox 2450 5256 2613 5308; x_wconf 78' lang='lat' dir='ltr'><strong><em>verba</em></strong></span> <span class='ocrx_word' id='word_1_811' title='bbox 2643 5255 2915 5325; x_wconf 71' lang='lat' dir='ltr'><strong><em>superbia:</em></strong></span> <span class='ocrx_word' id='word_1_812' title='bbox 2940 5254 3099 5325; x_wconf 89' lang='lat' dir='ltr'><strong><em>plena</em></strong></span> <span class='ocrx_word' id='word_1_813' title='bbox 3124 5254 3393 5325; x_wconf 83' lang='lat' dir='ltr'><strong><em>proferre.</em></strong></span> 
     </span>
    </p>
   </div>
   <div class='ocr_carea' id='block_1_113' title="bbox 2042 5431 3537 5502">
    <p class='ocr_par' dir='ltr' id='par_1_113' title="bbox 2042 5431 3537 5502">
     <span class='ocr_line' id='line_1_113' title="bbox 2042 5431 3537 5502; baseline -0.001 -15"><span class='ocrx_word' id='word_1_814' title='bbox 2042 5431 2181 5498; x_wconf 76' lang='lat' dir='ltr'>XIII,</span> <span class='ocrx_word' id='word_1_815' title='bbox 2202 5431 2355 5486; x_wconf 82' lang='lat' dir='ltr'><strong><em>7-i0.</em></strong></span> <span class='ocrx_word' id='word_1_816' title='bbox 2375 5431 2438 5484; x_wconf 85' lang='lat' dir='ltr'><strong><em>Et</em></strong></span> <span class='ocrx_word' id='word_1_817' title='bbox 2464 5432 2591 5486; x_wconf 86' lang='lat' dir='ltr'><strong><em>data</em></strong></span> <span class='ocrx_word' id='word_1_818' title='bbox 2605 5443 2677 5487; x_wconf 89' lang='lat' dir='ltr'><strong><em>est</em></strong></span> <span class='ocrx_word' id='word_1_819' title='bbox 2708 5433 2790 5486; x_wconf 84' lang='lat' dir='ltr'><strong><em>illi</em></strong></span> <span class='ocrx_word' id='word_1_820' title='bbox 2806 5444 3036 5502; x_wconf 86' lang='lat' dir='ltr'><strong><em>potestas</em></strong></span> <span class='ocrx_word' id='word_1_821' title='bbox 3050 5433 3104 5486; x_wconf 87' lang='lat' dir='ltr'><strong><em>in</em></strong></span> <span class='ocrx_word' id='word_1_822' title='bbox 3120 5448 3319 5488; x_wconf 73' lang='lat' dir='ltr'><strong><em>attinent</em></strong></span> <span class='ocrx_word' id='word_1_823' title='bbox 3342 5434 3537 5486; x_wconf 83' lang='lat' dir='ltr'><strong><em>tribum</em></strong></span> 
     </span>
    </p>
   </div>
   <div class='ocr_carea' id='block_1_114' title="bbox 1967 5522 3537 5594">
    <p class='ocr_par' dir='ltr' id='par_1_114' title="bbox 1967 5522 3537 5594">
     <span class='ocr_line' id='line_1_114' title="bbox 1967 5522 3537 5594; baseline -0.002 -16"><span class='ocrx_word' id='word_1_824' title='bbox 1967 5535 2013 5579; x_wconf 89' lang='lat' dir='ltr'><strong><em>et</em></strong></span> <span class='ocrx_word' id='word_1_825' title='bbox 2039 5525 2286 5593; x_wconf 83' lang='lat' dir='ltr'><strong><em>populum</em></strong></span> <span class='ocrx_word' id='word_1_826' title='bbox 2321 5534 2370 5577; x_wconf 93' lang='lat' dir='ltr'><strong><em>et</em></strong></span> <span class='ocrx_word' id='word_1_827' title='bbox 2402 5525 2633 5593; x_wconf 83' lang='lat' dir='ltr'><strong><em>linguam</em></strong></span> <span class='ocrx_word' id='word_1_828' title='bbox 2664 5534 2713 5576; x_wconf 92' lang='lat' dir='ltr'><strong><em>et</em></strong></span> <span class='ocrx_word' id='word_1_829' title='bbox 2746 5534 2985 5594; x_wconf 84' lang='lat' dir='ltr'><strong><em>gentem:</em></strong></span> <span class='ocrx_word' id='word_1_830' title='bbox 3012 5534 3060 5576; x_wconf 90' lang='lat' dir='ltr'><strong><em>et</em></strong></span> <span class='ocrx_word' id='word_1_831' title='bbox 3095 5522 3389 5577; x_wconf 80' lang='lat' dir='ltr'><strong><em>adorabunt</em></strong></span> <span class='ocrx_word' id='word_1_832' title='bbox 3422 5540 3537 5591; x_wconf 81' lang='lat' dir='ltr'><strong><em>cum</em></strong></span> 
     </span>
    </p>
   </div>
   <div class='ocr_carea' id='block_1_115' title="bbox 1970 5617 3539 5687">
    <p class='ocr_par' dir='ltr' id='par_1_115' title="bbox 1970 5617 3539 5687">
     <span class='ocr_line' id='line_1_115' title="bbox 1970 5617 3539 5687; baseline -0.001 -16"><span class='ocrx_word' id='word_1_833' title='bbox 1970 5634 2145 5671; x_wconf 86' lang='lat' dir='ltr'><strong><em>omnes</em></strong></span> <span class='ocrx_word' id='word_1_834' title='bbox 2195 5619 2282 5687; x_wconf 87' lang='lat' dir='ltr'><strong><em>qui</em></strong></span> <span class='ocrx_word' id='word_1_835' title='bbox 2341 5617 2585 5671; x_wconf 76' lang='lat' dir='ltr'><strong><em>habitant</em></strong></span> <span class='ocrx_word' id='word_1_836' title='bbox 2626 5620 2680 5671; x_wconf 92' lang='lat' dir='ltr'><strong><em>in</em></strong></span> <span class='ocrx_word' id='word_1_837' title='bbox 2722 5628 2862 5672; x_wconf 83' lang='lat' dir='ltr'><strong><em>terra</em></strong></span> <span class='ocrx_word' id='word_1_838' title='bbox 2896 5635 3118 5685; x_wconf 89' lang='lat' dir='ltr'><strong><em>quorum</em></strong></span> <span class='ocrx_word' id='word_1_839' title='bbox 3176 5619 3393 5671; x_wconf 85' lang='lat' dir='ltr'><strong><em>nomina</em></strong></span> <span class='ocrx_word' id='word_1_840' title='bbox 3437 5634 3539 5671; x_wconf 84' lang='lat' dir='ltr'><strong><em>non</em></strong></span> 
     </span>
    </p>
   </div>
   <div class='ocr_carea' id='block_1_116' title="bbox 1970 5709 3541 5780">
    <p class='ocr_par' dir='ltr' id='par_1_116' title="bbox 1970 5709 3541 5780">
     <span class='ocr_line' id='line_1_116' title="bbox 1970 5709 3541 5780; baseline -0.001 -17"><span class='ocrx_word' id='word_1_841' title='bbox 1970 5720 2092 5763; x_wconf 88' lang='lat' dir='ltr'><strong><em>sunt</em></strong></span> <span class='ocrx_word' id='word_1_842' title='bbox 2119 5711 2315 5779; x_wconf 87' lang='lat' dir='ltr'><strong><em>scripta</em></strong></span> <span class='ocrx_word' id='word_1_843' title='bbox 2374 5712 2429 5761; x_wconf 86' lang='lat' dir='ltr'><strong><em>in</em></strong></span> <span class='ocrx_word' id='word_1_844' title='bbox 2472 5709 2607 5763; x_wconf 80' lang='lat' dir='ltr'><strong><em>libro</em></strong></span> <span class='ocrx_word' id='word_1_845' title='bbox 2638 5713 2760 5763; x_wconf 79' lang='lat' dir='ltr'><strong><em>vita:</em></strong></span> <span class='ocrx_word' id='word_1_846' title='bbox 2785 5710 2921 5780; x_wconf 86' lang='lat' dir='ltr'><strong><em>Agni</em></strong></span> <span class='ocrx_word' id='word_1_847' title='bbox 2976 5712 3064 5776; x_wconf 89' lang='lat' dir='ltr'><strong><em>qui</em></strong></span> <span class='ocrx_word' id='word_1_848' title='bbox 3092 5712 3296 5764; x_wconf 80' lang='lat' dir='ltr'><strong><em>occisus</em></strong></span> <span class='ocrx_word' id='word_1_849' title='bbox 3350 5720 3430 5765; x_wconf 85' lang='lat' dir='ltr'><strong><em>est</em></strong></span> <span class='ocrx_word' id='word_1_850' title='bbox 3479 5712 3541 5762; x_wconf 64' lang='lat' dir='ltr'><strong><em>ab</em></strong></span> 
     </span>
    </p>
   </div>
   <div class='ocr_carea' id='block_1_117' title="bbox 1972 5800 3548 5872">
    <p class='ocr_par' dir='ltr' id='par_1_117' title="bbox 1972 5800 3548 5872">
     <span class='ocr_line' id='line_1_117' title="bbox 1972 5800 3548 5872; baseline 0.001 -17"><span class='ocrx_word' id='word_1_851' title='bbox 1972 5803 2171 5871; x_wconf 85' lang='lat' dir='ltr'><strong><em>origine</em></strong></span> <span class='ocrx_word' id='word_1_852' title='bbox 2200 5802 2403 5855; x_wconf 85' lang='lat' dir='ltr'><strong><em>mundi.</em></strong></span> <span class='ocrx_word' id='word_1_853' title='bbox 2435 5800 2495 5855; x_wconf 91' lang='lat' dir='ltr'><strong><em>Si</em></strong></span> <span class='ocrx_word' id='word_1_854' title='bbox 2522 5803 2638 5870; x_wconf 87' lang='lat' dir='ltr'><strong><em>quis</em></strong></span> <span class='ocrx_word' id='word_1_855' title='bbox 2670 5801 2825 5856; x_wconf 81' lang='lat' dir='ltr'><strong><em>liabet</em></strong></span> <span class='ocrx_word' id='word_1_856' title='bbox 2861 5818 3065 5871; x_wconf 88' lang='lat' dir='ltr'><strong><em>aurem,</em></strong></span> <span class='ocrx_word' id='word_1_857' title='bbox 3095 5804 3307 5858; x_wconf 85' lang='lat' dir='ltr'><strong><em>audiat.</em></strong></span> <span class='ocrx_word' id='word_1_858' title='bbox 3343 5804 3403 5860; x_wconf 88' lang='lat' dir='ltr'><strong><em>Si</em></strong></span> <span class='ocrx_word' id='word_1_859' title='bbox 3432 5807 3548 5872; x_wconf 82' lang='lat' dir='ltr'><strong><em>quis</em></strong></span> 
     </span>
    </p>
   </div>
  </div>
