4046 6562
542 289 648 352 οτι.

1376 280 1707 342 ARETIL'E
1743 278 2121 343 CIESAREIE
2156 279 2640 349 CAPPADOCI/E
2684 280 3026 345 EPISCOPI

3690 281 3804 346 676

539 393 898 466 captivitatem
949 391 1118 459 ducit,
1166 389 1224 445 in
1283 387 1647 457 captivitatem
1696 386 1841 440 vadit
1877 405 1892 441 :
1929 386 1975 440 si
2005 386 2126 458 quis

2229 388 2486 457 κόσμου.
2514 389 2586 443 Εἴ
2620 406 2708 454 τις
2726 390 2850 458 ἕχει
2876 384 3008 456 οὖς.
3033 388 3372 447 ἀκουσάτω·
3400 390 3457 449 εἴ
3511 407 3601 457 τις
3630 392 3805 461 αἰχμ-

541 490 721 563 gladio
775 486 989 550 occidit,
1025 492 1228 554 oportet
1256 498 1373 539 eum
1433 479 1615 551 gladio
1670 478 1859 538 occidi.
1888 476 1992 533 Hic
2037 485 2116 535 est

539 578 795 652 patientia
825 585 875 630 et
912 576 1044 645 ﬁdes
1069 581 1401 631 sanctorum.

612 867 671 924 in
700 861 1138 937 praecedentibus
1181 859 1386 917 dictum
1422 867 1506 913 est
1554 855 1704 929 quod
1764 864 1982 924 tempus
2019 853 2118 909 ad-

536 970 734 1017 ventus
757 954 1082 1012 Antichristi
1120 961 1175 1008 et
1206 949 1568 1005 fraudulentae
1604 947 1779 1017 ipsius
1833 945 2121 1017 potestatis

539 1051 712 1108 tribus
732 1048 892 1105 annis
907 1056 961 1103 et
984 1042 1211 1105 dimidio
1232 1048 1647 1097 consummetur
1670 1057 1682 1092 :
1704 1053 1829 1095 nam
1852 1037 1954 1095 hoc
1972 1044 2117 1091 tem-

539 1140 730 1212 porale
794 1138 1031 1207 spatium
1102 1131 1400 1191 coniiciunt
1468 1143 1689 1189 menses
1755 1128 2119 1199 quadraginta

538 1233 701 1288 duos.

610 1321 682 1377 Et
709 1317 1005 1375 adorabunt
1053 1330 1173 1371 eum
1209 1330 1387 1369 omnes
1432 1314 1521 1387 qui
1552 1310 1799 1367 habitant
1847 1312 1902 1366 in
1950 1321 2118 1367 terra.

538 1412 675 1471 Cum
716 1408 981 1478 particula
1026 1407 1159 1474 πᾶς,
1216 1407 1270 1463 id
1302 1416 1385 1465 est
1437 1404 1641 1469 omnis,
1697 1406 1879 1461 trahat
1931 1418 2117 1463 secum

537 1503 1051 1574 comprehensivam
1074 1499 1512 1573 intelligentiam,
1544 1512 1610 1553 ne
1646 1497 1749 1551 hoc
1794 1496 1957 1551 etiam
1999 1493 2121 1551 loco

542 1598 616 1652 ita
652 1594 825 1665 accipi
872 1594 1204 1666 intelligatur
1238 1601 1298 1648 ut
1326 1590 1701 1645 Antichristus
1744 1587 2117 1643 adorationem

540 1690 740 1745 habeat
787 1686 1028 1743 universi
1082 1684 1298 1756 generis
1350 1681 1599 1746 humani,
1642 1681 1858 1751 signum
1900 1678 2121 1735 tradidit

2221 480 2495 533 αλωσίαν
2519 480 2793 552 συνάγει,
2811 482 2896 547 εις
2920 483 3340 550 αἰχμαλωσίαν
3367 482 3582 552 ὑπάγει
3604 499 3618 511 ·
3641 484 3696 537 εἴ
3716 500 3801 547 τις

2220 566 2291 620 ἐν
2325 568 2593 636 μαχαίρᾳ
2641 569 2980 635 ἀποκτενεῖ,
3035 572 3130 625 δεῖ
3176 572 3365 629 αὑτὸν
3414 574 3485 629 ἐν
3534 576 3805 642 μαχαιγᾳ

2220 658 2695 730 ἀποκτανθῆναι.
2727 654 2865 721 Ὧδέ
2907 663 3080 721 ἐστιν
3116 666 3154 735 ὴ
3187 664 3464 735 ὑπομονὴ
3494 665 3593 722 καὶ
3635 667 3673 739 ἠ
3703 669 3806 723 πί-

2221 766 2359 820 στις
2397 753 2516 806 τῶν
2547 753 2757 822 ἁγίων.

2303 843 2391 895 Ἐν
2421 845 2533 907 τοῖς
2567 844 2837 913 φθάσασιν
2886 847 3129 921 εἴρηται,
3165 846 3241 909 ὡς
3287 845 3316 901 ὁ
3360 846 3461 919 τῆς
3510 846 3806 920 ἐπιδημίας

2221 933 2315 987 τοῦ
2360 936 2733 1006 Ἀντιχρίστου
2783 940 3002 1008 καιρὸς,
3047 940 3266 1009 καὶτῆς
3300 938 3588 1009 ἁπατηλῆς
3637 940 3803 992 αύτ.ῦ

2221 1028 2491 1097 ἐξουσίας,
2522 1030 2601 1093 είς
2628 1031 2757 1105 τρία
2785 1031 2953 1103 ἣμισυ
2980 1031 3074 1104 ἔτη
3098 1032 3452 1088 συντελεῖται.
3491 1032 3662 1087 Τοῦτο
3692 1034 3805 1101 γὰρ

2221 1124 2272 1179 οἱ
2299 1124 2808 1195 τεσσαρακονταδύο
2850 1125 3017 1197 μῆνες
3076 1124 3329 1195 χρονικδν
3357 1123 3636 1193 διάστημα
3670 1141 3799 1178 συν-

2224 1213 2358 1283 άγου
2368 1232 2470 1270 σιν.

2293 1307 2403 1362 Καὶ
2448 1306 2995 1376 προσκυνήσουσιν
3033 1308 3221 1362 αὐτὸν
3260 1310 3483 1377 πάντες
3522 1314 3574 1365 oi
3606 1327 3807 1365 κατοι-

2222 1397 2475 1466 κοῦντες
2503 1398 2601 1452 ἐπὶ
2633 1398 2741 1465 τῆς
2771 1398 2903 1471 γῆς.
2938 1399 3344 1471 Περιληπτικὴν
3366 1401 3576 1457 ἔννοιαν
3608 1404 3809 1454 ἐπισυ-

2225 1493 2456 1564 ρομένου
2483 1492 2597 1556 τοῦ,
2635 1492 2777 1556 πᾶς,
2833 1493 3021 1562 μορίου
3053 1493 3166 1565 (ἵνα
3201 1495 3277 1566 μὴ
3344 1494 3621 1549 κάνταῦθα
3647 1494 3809 1547 τοῦτο

2224 1583 2579 1654 παραληφθὲν
2608 1585 2688 1648 εἰς
2723 1584 2925 1647 παντὸς
2946 1584 3290 1656 ἀνθρωπίνου
3319 1586 3511 1653 γένους
3537 1588 3683 1656 σχεῖν
3713 1585 3812 1638 τὸν

2237 1676 2603 1746 Ἀντίχριστον
2652 1677 2877 1747 ἐννοηθῇ
2930 1676 3027 1750 τὴν
3062 1679 3484 1751 προσκύνησιν),
3517 1678 3810 1750 γνώρισμα

539 1798 735 1845 eorum
764 1780 859 1850 qui
906 1779 1085 1849 ipsum
1139 1777 1459 1839 adorarent,
1490 1774 1615 1829 illos
1653 1772 1841 1829 dicens
1889 1771 2119 1827 adorare

2225 1772 2466 1843 παρέσχε
2502 1772 2608 1825 τῶν
2642 1772 3097 1845 προσκυνούντων
3128 1775 3324 1844 τούτῳ,
3357 1774 3597 1837 ἐκείνους
3630 1774 3811 1842 λέγων

539 1875 633 1945 qui
677 1874 924 1926 habitant
971 1870 1024 1923 in
1078 1878 1222 1922 terra
1260 1884 1273 1919 :
1314 1881 1453 1935 quos
1486 1866 1651 1919 etiam
1711 1863 1980 1919 cecidisse
2025 1876 2118 1917 ca-

541 1960 621 2017 uit
650 1957 815 2012 lsaias
841 1972 854 2011 :
879 1973 897 2007 ι
934 1954 1052 2007 Νοη
1083 1957 1364 2018 canemus,
1400 1972 1419 2003 ι
1443 1952 1718 2027 inquiens,
1755 1970 1772 2004 ι
1796 1951 1892 2009 sed
1927 1951 2121 2009 cadent

539 2049 633 2121 qui
660 2046 979 2105 habitantia
1007 2054 1147 2100 terra
1173 2045 1243 2109 ⁷⁵,
1272 2061 1291 2094 ι
1319 2045 1419 2099 hoc
1443 2052 1547 2108 est,
1575 2043 1668 2112 qui
1698 2042 1902 2099 nullam
1948 2042 2119 2097 coele-

538 2136 705 2190 stium
733 2149 923 2190 curam
953 2133 1155 2190 habent
1193 2141 1245 2188 et
1268 2131 1389 2202 ejus
1421 2147 1541 2205 quae
1570 2132 1640 2189 ibi
1672 2140 1755 2191 est
1787 2132 1995 2203 gloriae,
2024 2134 2119 2191 sed

540 2234 772 2278 terrenae
827 2222 1152 2277 habitationi
1200 2231 1255 2277 ct
1306 2221 1506 2277 brutali
1548 2221 1703 2294 juxta
1739 2237 1857 2279 eam
1895 2223 2017 2279 vitae
2063 2238 2123 2278 se

539 2320 799 2387 adaptant
852 2334 866 2371 :
901 2318 1023 2373 ideo
1043 2331 1263 2391 quoquc
1294 2314 1544 2375 frustrati
1601 2325 1731 2373 sunt
1762 2317 2123 2387 inscriptione

540 2410 667 2469 libri
700 2411 847 2471 vius.

618 2587 739 2643 Non
761 2599 883 2643 sunt
913 2590 1111 2655 scripta
1140 2606 1192 2645 tn
1214 2590 1349 2645 libro
1378 2596 1498 2644 vita:
1524 2590 1666 2659 Agni
1689 2604 1779 2658 qui
1810 2587 2014 2641 occisus
2042 2596 2119 2640 est

543 2683 608 2736 ab
635 2682 835 2752 origine
852 2680 1056 2735 mundi.
1080 2679 1182 2735 Per
1205 2680 1541 2753 hyperbaton
1571 2682 1676 2736 hoc
1704 2680 2116 2743 intelligendum

542 2782 646 2837 est,
677 2781 738 2826 ut
787 2772 858 2827 sit
890 2772 980 2827 hic
1029 2786 1226 2826 sensus
1267 2789 1280 2827 :
1314 2770 1553 2838 Quorum
1613 2787 1715 2824 non
1764 2781 1883 2825 sunt
1923 2772 2123 2838 scripta

545 2865 758 2917 nomina
798 2865 862 2917 ab
910 2864 1112 2933 origine
1161 2863 1346 2917 mundi
1396 2863 1451 2915 in
1486 2863 1622 2916 libro
1683 2864 1806 2917 vitta
1858 2864 1994 2933 Agni
2036 2863 2123 2934 qui

540 2956 744 3015 occisus
801 2964 899 3011 est.
967 2956 1249 3025 Siquidem
1290 2970 1527 3031 quorum
1590 2956 1794 3026 scripta
1854 2966 2001 3019 sunt,
2052 2956 2121 3009 ab

539 3044 751 3115 origine
783 3044 972 3099 mundi
1005 3046 1209 3115 scripta
1243 3055 1373 3099 sunt
1408 3059 1422 3097 :
1459 3046 1530 3099 ita
1576 3047 1721 3099 enim
1765 3055 1982 3115 oportet
2035 3046 2119 3099 in-

2225 1865 2633 1935 προσκυνῆσαι,
2663 1866 2787 1928 τοὺς
2827 1865 3219 1929 κατοικοῦντας
3252 1867 3344 1920 ἐπὶ
3399 1866 3496 1936 τῆς
3537 1868 3662 1939 γῆς.
3712 1864 3813 1930 οὒς

2224 1956 2319 2010 καὶ
2359 1955 2585 2019 Ἡσαΐας
2612 1956 2899 2009 πεσεῖσθαι
2949 1956 3199 2028 μελῳδεῖ,
3235 1975 3251 2007 ι
3292 1958 3367 2011 Ού
3398 1958 3742 2030 πεσούμεθα,
3781 1975 3802 2008 ι

2224 2050 2471 2118 φάσκων,
2514 2067 2533 2103 ι
2571 2047 2705 2100 ἀλλὰ
2740 2046 3033 2103 πεσοῦνται
3072 2049 3121 2102 οἱ
3178 2047 3515 2106 ἐνοικοῦντες
3564 2050 3655 2101 ἐπὶ
3707 2049 3812 2118 τῆς

2223 2140 2349 2211 γῆς,
2393 2158 2410 2190 ι
2447 2139 2747 2202 τουτέστιν.
2800 2139 2849 2193 oi
2908 2138 3075 2209 μηδὲν
3109 2136 3218 2195 τῶν
3263 2139 3527 2207 οὐρανίων
3574 2138 3665 2191 καὶ
3706 2140 3813 2207 τῆς

2225 2233 2345 2287 ἐκεῖ
2385 2231 2542 2302 δόξης
2585 2230 3035 2301 πεφροντικότες,
3067 2230 3205 2285 ἀλλὰ
3234 2233 3300 2303 τῇ
3330 2232 3495 2301 γηῖνῃ
3526 2231 3680 2300 ἑστίᾳ
3712 2231 3812 2284 καὶ

2223 2325 2289 2393 τῇ
2332 2323 2453 2378 κατ’
2499 2323 2671 2391 αὐτὴν
2720 2321 2974 2392 χοιρώδει
3029 2321 3218 2393 βιώσει
3272 2323 3809 2393 προσαρμοζὸμενοι.

2223 2414 2320 2468 Διὸ
2364 2416 2457 2469 καὶ
2492 2417 2603 2478 τοῖς
2657 2413 2751 2469 τοῦ
2801 2412 3007 2483 βιὸλίου
3040 2415 3134 2486 τῆς
3170 2414 3317 2485 ζωῆς
3367 2414 3811 2486 διημαρτήκασιν

2224 2505 2529 2575 ἐγγραφῆς.

2302 2598 2411 2651 Τοῦ
2460 2597 2698 2664 Ἀρνίου
2730 2598 2836 2651 τοῦ
2882 2599 3266 2669 ἐσφαγμένου
3300 2600 3419 2654 ἀπὸ
3466 2599 3814 2667 καταϐολῆς

2226 2691 2484 2759 κόσμου.
2538 2691 2625 2743 Ἐν
2682 2690 2980 2764 ύπερῆατῷ
3025 2692 3318 2747 ἀκουστέον
3348 2693 3425 2758 τὸ,
3456 2687 3567 2748 Ὧν
3594 2696 3664 2747 οὺ
3707 2692 3810 2763 τέο

2226 2795 2477 2851 γραπται
2508 2781 2579 2836 τὰ
2612 2783 2877 2853 ὀνόματα
2905 2783 2974 2837 ἐν
3006 2782 3079 2853 τῇ
3113 2785 3309 2853 ,ϐίϐλῳ
3351 2784 3461 2853 τῆς
3503 2783 3649 2853 ζωῆς
3700 2785 3810 2841 τοῦ

2240 2875 2476 2944 Ἀργίου
2506 2874 2614 2928 τοῦ
2635 2874 3042 2944 ἐσφαγμένου.
3062 2876 3211 2929 Ἐπεὶ
3240 2870 3314 2929 ὧν
3348 2878 3675 2946 γέγραπται,
3701 2877 3814 2930 ἀπὸ

2227 2968 2542 3037 καταϐολῆς
2582 2968 2790 3037 κόσμου
2842 2968 3176 3039 γέγραπται.
3213 2968 3369 3023 Ούτω
3399 2972 3506 3039 γὰρ
3536 2971 3616 3023 δεῖ
3642 2972 3811 3034 νοεῖν,

2227 3063 2325 3131 οὐχ
2344 3061 2416 3126 ὡς
2440 3062 2471 3130 ἡ
2501 3059 2692 3132 Γραφὴ
2724 3060 2859 3130 ἔχει,
2881 3061 2963 3113 ὅτι
2982 3061 3116 3133 μηδὲ
3138 3062 3245 3115 ἀπὸ
3272 3060 3575 3131 καταϐολῆς
3600 3062 3812 3129 κόσμου

539 3137 804 3208 telligere,
843 3152 949 3192 non
1007 3145 1065 3189 ut
1105 3138 1375 3209 scriptura
1431 3137 1612 3202 habet,
1641 3138 1767 3207 quia
1820 3153 1996 3207 neque
2054 3138 2123 3197 ab

2227 3156 2261 3225 ἡ
2312 3152 2406 3207 τοῦ
2473 3153 2688 3224 ’Δρνίου
2749 3154 2958 3222 σφαγή.
2996 3153 3169 3208 Τίνων
3210 3154 3267 3207 δὲ
3316 3155 3383 3205 τὰ
3438 3156 3678 3223 ὀνόματα
3731 3154 3812 3223 μὴ

539 3233 752 3303 origine
783 3232 967 3288 mundi
997 3234 1136 3289 facta
1164 3242 1247 3289 est
1268 3233 1391 3303 agni
1416 3234 1643 3288 occisio.
1668 3232 1903 3299 Quinam
1935 3242 2117 3289 autent

539 3336 670 3387 sunt
717 3328 810 3397 qui
853 3342 960 3381 non
1005 3327 1308 3381 adorarunt
1359 3324 1680 3389 draconem,
1727 3340 1961 3395 quorum
1993 3336 2125 3383 sunt

539 3419 743 3491 scripta
782 3417 1005 3472 nomina
1062 3416 1116 3470 in
1144 3416 1285 3470 libro
1313 3415 1435 3470 vitae
1466 3414 1647 3485 Agni?
1670 3416 1803 3485 Age,
1829 3431 1896 3471 ex
1932 3415 2123 3471 alicni~

539 3511 692 3580 genis
721 3513 857 3563 tales
890 3523 1013 3563 esse
1039 3507 1290 3561 dicamus
1318 3507 1498 3577 qualis
1523 3517 1641 3560 erat
1673 3504 1777 3561 Job
1805 3517 1857 3561 et
1886 3516 2124 3576 quatuor

539 3603 659 3671 ejus
687 3602 876 3666 amici,
926 3600 1089 3672 762
1128 3608 1182 3653 et
1212 3614 1277 3653 ex
1336 3597 1503 3654 lsrael
1545 3598 1719 3653 sancti
1753 3599 2034 3668 propheta:
2070 3608 2125 3653 et

540 3710 737 3753 Omnes
765 3694 860 3764 qui
889 3694 944 3747 in
980 3692 1158 3747 Veteri
1189 3689 1544 3745 Testamento
1580 3700 1805 3760 propter
1858 3691 2120 3760 pietatem

541 3786 871 3859 martyrium
911 3784 1180 3840 tulerunt.
1214 3782 1389 3854 Hujus
1418 3798 1635 3854 quoque
1672 3779 1795 3836 libri
1826 3781 2003 3837 Lucas
2047 3784 2124 3838 ait

540 3881 707 3935 etiam
744 3877 1037 3933 Dominum
1080 3887 1332 3931 nostrum
1362 3872 1551 3929 Jesutn
1580 3874 1878 3944 ,Christum
1924 3874 2123 3930 iecisse

537 3971 895 4039 mentionem,
926 3970 1056 4025 dum
1090 3969 1206 4025 ait:
1241 3987 1259 4021 ι
1300 3966 1549 4023 Gaudete
1581 3968 1728 4039 quod
1773 3968 1996 4023 nomina
2029 3983 2123 4023 ve-

538 4071 650 4117 stra
676 4062 878 4133 scripta
914 4072 1041 4116 sunt
1070 4060 1123 4114 in
1145 4060 1301 4116 caelis
1336 4060 1402 4113 ⁷⁸.
1445 4078 1464 4111 ι

611 4152 672 4209 Si
713 4155 830 4223 quis
872 4154 1027 4207 habet
1059 4169 1267 4217 aurem,
1303 4152 1514 4206 audiat.
1543 4152 1599 4207 Si
1637 4153 1764 4223 quis
1817 4152 1980 4208 habet
2019 4170 2121 4207 au-

537 4265 651 4309 rem
670 4248 1091 4304 transmittendo
1108 4248 1492 4318 depromptam
1510 4263 1603 4318 per
1622 4248 1785 4303 verba
1810 4249 2119 4317 intelligen-

535 4344 667 4397 tiam
694 4341 763 4396 ad
798 4352 1059 4408 mentem,
1089 4342 1279 4396 audiat
1312 4356 1435 4411 qua:
1466 4342 1606 4396 dicta
1644 4350 1794 4405 sunt,
1824 4349 1878 4393 et
1910 4355 2120 4411 cogno-

536 4443 655 4492 scat
672 4435 813 4505 quod
836 4433 882 4489 is
899 4434 993 4504 qui
1019 4441 1306 4503 promptus
1324 4442 1405 4486 est
1433 4432 1501 4484 ad
1529 4431 1841 4484 ducendum
1878 4430 2020 4483 alios
2061 4429 2116 4484 in

536 4530 952 4599 captivitatem,
987 4528 1221 4596 accipiet
1267 4527 1450 4580 debita
1500 4524 1616 4580 suis
1664 4523 1822 4577 factis
1873 4521 2120 4593 praemia.

536 4616 671 4671 Nam
712 4616 815 4669 hoc
853 4616 1143 4670 ostendere
1182 4614 1298 4669 volt
1337 4612 1485 4683 quod
1528 4614 1625 4679 ait,
1671 4612 1840 4677 radit,
1884 4612 1985 4665 hoc
2017 4619 2124 4674 est,

537 4709 778 4765 laborem
813 4708 866 4761 in
910 4707 1159 4777 seipsum
1192 4704 1261 4758 ad
1294 4705 1559 4758 ultionem
1591 4703 1789 4771 rejicit,
1817 4710 1868 4754 ut
1915 4710 1969 4754 et
2009 4701 2125 4770 ipse

535 4801 789 4869 captivus
839 4801 1139 4855 ducatura
1195 4797 1391 4861 bestia,
1429 4795 1631 4849 nullatn
1701 4805 1950 4849 nactusa
2007 4793 2119 4848 Deo

534 4894 984 4948 rel'oeillationem
1052 4904 1111 4944 ut
1167 4905 1279 4943 non
1330 4888 1653 4943 abducatur.
1720 4884 1817 4941 llic
1872 4887 2116 4956 conspici

534 4988 695 5042 datur
723 4987 983 5057 patientia
1013 4996 1226 5048 eorum,
1260 4982 1355 5052 qui
1392 4996 1485 5052 per
1514 4979 1836 5034 amictiones
1864 4979 1968 5050 piis
2021 4978 2113 5034 Dei

536 5080 843 5136 cultoribus
879 5095 909 5133 a
970 5079 1174 5134 Salaria
1233 5075 1486 5131 inductas
1525 5070 1824 5126 fortissime
1878 5074 2114 5129 transie-

536 5182 759 5237 runt,et
785 5181 1103 5227 sanctorum
1135 5168 1227 5238 qui
1256 5184 1349 5237 per
1375 5166 1533 5220 [idem
1573 5165 1780 5234 probati
1804 5176 1951 5231 sunt,
1991 5167 2117 5235 quia

536 5263 716 5332 etipsi
747 5276 843 5330 per
879 5259 1038 5313 (idem
1074 5257 1292 5327 egregie
1344 5256 1713 5324 praestiterunt
1760 5266 1953 5310 cuncta
1997 5250 2131 5326 qud

535 5354 697 5411 laude
725 5354 890 5424 digna
919 5360 1068 5415 sunt,
1121 5349 1167 5405 si
1196 5347 1369 5403 Paulo
1396 5345 1732 5402 credendum
1760 5356 1863 5412 est,
1894 5349 1985 5417 qui
2005 5349 2118 5404 haec

535 5449 610 5502 ita
644 5446 810 5502 latius
839 5443 1069 5512 epistola
1100 5442 1164 5497 ad
1193 5440 1454 5497 Hebraeos
1483 5450 1798 5496 enumerat.

604 5586 653 5620 "
691 5586 797 5641 lsa.
839 5599 987 5650 nrt,
1019 5585 1103 5640 18.
1182 5586 1231 5619 ’⁸
1263 5582 1395 5638 Luc.
1430 5599 1484 5647 χ,
1519 5583 1611 5637 20.

611 5727 728 5801 (37)
761 5726 932 5798 Edit.,
967 5732 1017 5787 oi
1048 5730 1277 5787 τοιοῦτοι
1304 5731 1432 5803 φέρε
1453 5733 1651 5799 εἰπεῖν,
1678 5730 1778 5794 ὡς.

2227 3245 2727 3314 προσκυνησάντων
2746 3244 2821 3314 τῷ
2846 3244 3101 3314 δράκοντι
3132 3245 3189 3297 ἐν
3209 3248 3271 3316 τῇ
3289 3244 3456 3315 βίϐλῳ
3477 3245 3573 3297 τοῦ
3591 3244 3809 3315 Ἀρνίου

2228 3336 2587 3407 ἑγρὰφησανς
2632 3334 2729 3390 Ἐκ
2758 3334 2866 3388 τῶν
2907 3334 3102 3399 ἐθνῶν,
3136 3336 3267 3405 φέρε
3311 3338 3506 3403 εἰπεῖν,
3540 3337 3615 3401 ὼς
3641 3336 3754 3406 (57)
3782 3339 3810 3390 ἐ

2238 3426 2357 3481 ’1ὼὸ
2387 3428 2481 3482 καὶ
2504 3428 2553 3480 oi
2570 3426 2833 3498 τέσσαρες
2852 3426 3015 3480 αὑτοῦ
3044 3427 3206 3496 φίλοι,
3232 3428 3347 3499 [καὶ
3370 3430 3434 3480 ὲκ
3458 3428 3551 3480 τοῦ
3590 3428 3808 3497 Ἰσραὴλ

2226 3522 2276 3575 οἱ
2307 3522 2450 3590 ἆγιοι
2476 3521 2753 3591 προφῆται
2793 3520 2960 3595 (58),]
2993 3522 3087 3575 καὶ
3121 3522 3320 3584 πάντες
3348 3522 3398 3574 οἱ
3423 3522 3490 3574 δι’
3521 3522 3809 3575 εὐσέϐειαν

2230 3613 2674 3685 μαρτυρούμενοι
2700 3615 2758 3666 ὲν
2802 3616 2869 3683 τῇ
2924 3612 3159 3684 Παλαιᾷ.
3200 3613 3402 3667 Τούτου
3448 3613 3542 3666 τοῦ
3601 3613 3811 3683 βιὸλίου

2228 3706 2321 3769 καὶ
2354 3705 2448 3759 τὸν
2483 3704 2692 3776 Κύριον
2736 3704 2949 3773 Ἰησοῦν
2981 3706 3217 3775 Χριστὸν
3251 3708 3344 3760 καὶ
3380 3708 3595 3769 Λουκᾶς
3640 3724 3810 3776 φησιν

2224 3795 2381 3865 ἐντῷ
2422 3796 2739 3866 Εὐαγγελίῳ
2777 3796 3174 3866 μνημονεῦσαι,
3200 3797 3361 3867 ἡνίκα
3387 3796 3574 3865 λέγει’
3613 3817 3631 3848 ι
3675 3798 3811 3855 Xa!-

2226 3904 2349 3959 ρετε
2378 3890 2459 3941 ὅτι
2478 3889 2544 3942 τὰ
2564 3886 2803 3957 ὀνόματα
2824 3887 2980 3957 ὑμῶν
3002 3888 3221 3961 ἐγράφη
3249 3891 3305 3941 ὲν
3327 3890 3439 3951 τοῖς
3469 3890 3749 3959 οὐρανοῖς.
3780 3908 3801 3941 ο

2296 4157 2369 4210 Et
2412 4173 2502 4222 τις
2534 4156 2657 4225 ἔχει
2691 4151 2828 4222 οὖς,
2867 4154 3209 4209 ἀκουσάτω.
3253 4153 3440 4219 Εἴτις,
3466 4155 3652 4227 φησὶν,
3689 4154 3805 4223 ἔχει

2223 4247 2338 4314 οὖς,
2365 4250 2442 4320 τῷ
2467 4250 2697 4319 ἡγεμόνι
2728 4248 2804 4319 νῷ
2832 4249 3222 4319 παραπέμπων
3249 4248 3348 4320 τὴν
3370 4249 3458 4302 διὰ
3486 4250 3593 4302 τῶν
3618 4249 3803 4319 ῥημά-

2223 4360 2333 4395 των
2364 4339 2746 4411 ἐκφερομένην
2771 4340 3000 4403 ἕννοιαν,
3031 4343 3318 4395 ἀκουσάτω
3344 4340 3453 4394 τῶν
3474 4341 3800 4411 εἰρημένων,

2225 4433 2324 4487 καὶ
2373 4430 2592 4500 γνώτω,
2645 4432 2725 4485 ὅτι
2758 4434 2786 4485 ό
2830 4433 2961 4503 περὶ
3004 4434 3064 4485 τὸ
3120 4433 3544 4503 αἱχμαλωτίζειν
3585 4433 3803 4505 ἐτέρους

2231 4523 2547 4594 πρόχειρος,
2593 4522 2802 4587 δέξεται
2835 4526 2903 4575 τὰ
2950 4524 3203 4595 ἐπίχειρα
3246 4523 3353 4576 τὼν
3397 4523 3804 4593 πεπραγμένων

2231 4617 2402 4686 αὐτῷ.
2449 4615 2621 4669 Τοῦτο
2651 4614 2760 4685 γὰρ
2810 4614 3061 4687 βούλεται
3127 4616 3399 4685 παριστᾷν
3440 4615 3524 4677 τὸ,
3566 4613 3802 4684 ὑπάγει,

2226 4707 2413 4771 οἱονεὶ,
2446 4709 2524 4771 εἰς
2549 4707 2861 4763 ἁντέκτισιν
2894 4706 3072 4779 ἑαυτῷ
3106 4707 3197 4759 τὸν
3223 4707 3419 4780 μόχθον
3446 4706 3800 4768 κοταὸαλλει,

2226 4798 2323 4852 τοῦ
2355 4797 2450 4852 καὶ
2488 4797 2650 4851 αὑτὸν
2678 4796 3184 4868 αἰχμαλωτισθῆναι
3217 4798 3320 4851 ὑπὸ
3346 4798 3438 4849 τοῦ
3466 4798 3655 4867 θηρίου
3695 4816 3803 4867 μη·

2226 4893 2419 4963 δεμιᾶς
2466 4891 2791 4962 ἀναλήψεως
2831 4893 3116 4966 τυγχάνων
3154 4892 3258 4945 ὑπὸ
3305 4892 3396 4946 τοῦ
3439 4890 3572 4945 Θεοῦ
3601 4889 3695 4943 τοῦ
3728 4890 3803 4961 μὴ

2224 4983 2560 5054 ἀπαχθῆναι.
2601 4977 2732 5037 τΩδε
2766 4984 3021 5055 ἐνορᾶται
3070 4987 3102 5055 ἡ
3140 4983 3386 5053 ὑπομονὴ
3427 4983 3535 5036 τῶν
3573 4982 3662 5036 διὰ
3703 4985 3801 5045 τὰς

2225 5072 2431 5143 θλίψεις
2453 5074 2550 5137 τὰς
2579 5074 2684 5128 ὑπὸ
2716 5075 2809 5127 τοῦ
2857 5075 3071 5127 Σατανᾶ
3121 5074 3478 5146 ἐγγινομένας
3513 5078 3621 5138 τοῖς
3655 5076 3803 5129 seas-

2224 5166 2344 5219 ὅέσι
2404 5165 2857 5236 καρτερικώτατα
2917 5165 3357 5236 διαϐεὸηκότων,
3416 5166 3510 5219 καὶ
3562 5165 3651 5218 διὰ
3701 5166 3801 5233 τῆς

2234 5258 2471 5322 πίστεως
2493 5258 2974 5328 δεδοκιμασμένων
3000 5258 3191 5325 ἁγίων,
3210 5259 3291 5311 ὃτι
3311 5259 3405 5311 καὶ
3436 5258 3589 5312 αὐτοὶ
3621 5260 3801 5311 πίστει

2225 5354 2599 5425 κατώρθωσαν
2637 5359 2706 5409 τὰ
2739 5354 3001 5411 ἐπαινετὰ
3038 5354 3235 5417 πάντα,
3279 5353 3395 5421 εἴγε
3431 5352 3629 5420 Παύλῳ
3679 5368 3801 5405 πει-

2233 5445 2388 5498 στέον
2432 5443 2706 5517 Ἐὅραίοις
2736 5443 2878 5501 οὕτω
2904 5444 3152 5510 διεξιόντι
3176 5443 3346 5499 ταῦτα
3372 5442 3727 5512 πλατύτερον.

2320 5726 2431 5799 (38)
2455 5724 2669 5783 Inclusa
2697 5723 2901 5782 omittit
2926 5724 3015 5782 ed.
