4030 6588
262 347 372 419 677

858 458 1109 513 ΚΕΦΔΔ.
1138 458 1260 513 AZ'.

266 573 411 642 Περὶ
455 572 662 640 ἐτέρου
696 572 905 639 θηρίου
935 570 1044 642 δύο
1074 570 1293 639 κέρατα
1321 569 1592 642 ἔχοντος.
1626 565 1725 619 καί
1772 562 1852 629 τῷ

429 637 638 713 πρώτῳ
664 637 806 710 τοὺς
849 637 1206 709 ἀνθρώπους
1228 637 1673 708 προσάγοντος.

340 752 449 807 Καί
480 750 645 808 εἶδον
682 752 837 808 ἄλλο
866 752 1074 820 θηρίον
1103 751 1440 806 ἀναϐαῖνον
1476 750 1545 803 ἐκ
1578 747 1689 817 τῆς
1716 746 1847 818 γῆς,

261 845 365 897 καί
403 840 529 915 εἶχε
560 845 777 913 κέρατα
815 842 923 897 δύο
964 843 1133 912 ὅμοια
1165 843 1371 911 ἀρνίῳ,
1403 842 1500 895 καὶ
1535 840 1741 894 ἐλάλει
1770 841 1851 906 ὡς

261 936 522 1003 δράκων.
577 935 685 989 Καὶ
716 934 832 1003 τὴν
882 935 1175 998 ἐξουσίαν
1204 933 1310 986 τοῦ
1362 933 1597 999 πρώτου
1640 932 1849 999 θηρίου

261 1024 479 1082 πᾶσαν
520 1026 677 1080 ποιεῖ
708 1025 964 1079 ἐνώπιον
991 1024 1202 1078 αὑτοῦ.
1238 1024 1349 1077 Καὶ
1379 1025 1566 1077 ἐποίει
1595 1024 1710 1089 τὴν
1733 1022 1850 1092 γῆν

262 1118 367 1171 καὶ
397 1118 541 1182 τοὺς
584 1117 653 1170 ἐν
684 1116 839 1186 αὐτῇ
876 1116 1334 1182 κατοικοῦντας,
1371 1116 1472 1169 ἵνα
1499 1116 1852 1185 προσκυνή-

259 1221 422 1261 σωσι
478 1208 545 1260 τὸ
594 1208 808 1275 θηρίον
858 1206 925 1259 τὸ
975 1207 1233 1274 πρῶτον,
1282 1202 1353 1261 οὗ
1408 1207 1774 1275 ἐθεραπεύθη
1811 1206 1849 1274 ἡ

260 1298 473 1366 πληγὴ
521 1298 629 1351 τοῦ
670 1296 929 1352 θανάτου
997 1299 1205 1352 αὐτοῦ.
1260 1297 1371 1352 Kal
1430 1299 1593 1352 ποιεῖ
1631 1299 1850 1368 σημεῖα

254 1389 521 1460 μεγάλα,
566 1391 661 1443 καί
700 1389 841 1458 πῐιρ,
883 1391 982 1443 ἵνα
1007 1392 1074 1444 ἐκ
1102 1391 1209 1445 τοῦ
1242 1392 1501 1459 οὐρανοῦ
1524 1391 1849 1461 καταϐαίνῃ

260 1483 366 1534 ἐπὶ
408 1481 520 1549 τὴν
546 1481 663 1551 γῆν
683 1482 945 1535 ἐνώπιον
973 1480 1093 1535 τῶν
1122 1484 1472 1552 ἀνθρώπων.
1504 1486 1608 1538 Kal
1647 1482 1854 1554 πλανᾷ

258 1572 411 1637 τοὺς
437 1572 622 1641 ἐμοὺς
668 1573 812 1639 τοὺς
858 1574 1290 1641 κατοικοῦντας
1326 1576 1420 1629 ἐπὶ
1452 1575 1560 1644 τῆς
1590 1575 1721 1645 γῆς,
1757 1576 1853 1631 διὰ

258 1660 341 1714 τὰ
379 1662 600 1731 σημεῖα
635 1662 673 1716 ἄ
721 1662 899 1732 ἐδόθη
935 1663 1096 1730 αὐτῷ
1144 1664 1395 1735 ποιῆσαι
1429 1667 1690 1721 ἐνώπιον
1746 1667 1851 1722 τοῦ

260 1756 505 1822 θηρίου.

1327 347 1713 409 COMMENT.
1756 345 1839 406 IN
1878 326 2406 406 APOCALYPSIN.

1883 462 1930 518 Α

3427 347 3497 413 θτ

3427 347 3497 413 θτ

2445 450 2683 509 CAPUT
2725 451 2994 509 XXXVII.
3503 347 3541 415 8

1957 566 2033 620 De
2063 565 2175 620 alia
2216 566 2399 641 bestia
2430 566 2653 641 habente
2697 568 2801 623 duo
2830 587 3033 641 cornua
3058 589 3173 641 qum
3200 572 3443 631 homines
3469 576 3539 633 ad

2317 638 2543 705 priorem
2575 638 2793 692 bestiam
2825 638 3147 699 adducebat.

2025 748 2169 817 XIII,
2196 750 2385 805 11-14.
2418 749 2487 804 Et
2514 751 2621 805 vidi
2659 751 2823 811 aliam
2842 756 3062 809 bestiam
3090 758 3455 814 ascendentem
3479 760 3542 813 de

1956 848 2117 905 terra,
2148 852 2195 895 et
2226 842 2450 895 habebat
2478 843 2583 896 duo
2611 860 2809 898 cornua
2857 846 3061 900 similia
3090 865 3246 917 agno,
3278 861 3326 905 et
3361 851 3536 922 loque-

1954 933 2113 986 batur
2135 936 2269 989 sicut
2305 937 2467 988 draco
2499 951 2517 989 :
2561 944 2610 989 et
2640 945 2956 1006 potestatem
2980 941 3167 1008 prima:
3202 944 3381 996 bestia:
3423 961 3527 996 om-

1954 1041 2068 1078 nem
2093 1025 2224 1095 facit
2255 1026 2309 1079 in
2333 1038 2613 1091 conspectu
2656 1028 2770 1096 ejus
2803 1044 2822 1083 :
2857 1040 2907 1083 et
2948 1030 3184 1099 faciebat
3249 1042 3447 1087 terram
3494 1044 3544 1088 et

1952 1128 2038 1165 eos
2060 1113 2153 1181 qui
2187 1112 2496 1170 habitabant
2523 1115 2576 1168 in
2617 1132 2679 1169 ea
2723 1116 2952 1172 adorare
3006 1119 3227 1173 bestiam
3288 1124 3541 1190 primum,

1954 1203 2105 1271 cujus
2145 1214 2331 1258 curata
2357 1205 2534 1276 fuerat
2557 1208 2715 1277 plaga
2738 1210 2946 1265 mortis.
2988 1210 3055 1267 Et
3081 1213 3216 1280 facit
3241 1215 3394 1285 signa
3429 1232 3547 1270 ma-

1955 1313 2083 1368 gna,
2140 1306 2190 1351 et
2222 1300 2395 1368 ignem
2458 1310 2514 1350 ut
2549 1297 2614 1352 de
2662 1299 2814 1370 malo:
2841 1301 3122 1356 descendat
3150 1304 3205 1361 in
3266 1319 3548 1376 conspectu

1953 1387 2244 1455 hominum,
2312 1396 2360 1441 et
2416 1388 2617 1442 seducit
2668 1405 2808 1444 meos
2839 1392 2928 1459 qui
2960 1390 3208 1447 habitant
3262 1394 3317 1450 in
3378 1403 3546 1463 terra,

1953 1488 2168 1548 propter
2194 1479 2354 1549 :sigtta
2395 1495 2512 1551 qua:
2551 1480 2681 1533 data
2727 1488 2848 1533 sunt
2880 1481 2961 1537 illi
2995 1492 3051 1535 ut
3094 1483 3294 1555 faceret
3321 1485 3376 1542 in
3415 1500 3546 1541 aon-

1954 1580 2133 1640 spectu
2171 1571 2371 1625 bestice.

344 1800 553 1913 itane;
608 1850 884 1923 ἐκδρομὰς
943 1854 1312 1923 ποιησάμενος
1384 1854 1450 1906 ὲκ
1522 1853 1689 1907 τῶνδε
1744 1853 1853 1907 τῶν

2029 1827 2210 1883 Multis
2240 1829 2399 1884 factis
2427 1832 2756 1885 excursibus
2782 1840 2835 1886 et
2864 1830 2935 1887 ab
2964 1831 3052 1887 bis
3074 1832 3234 1905 763
3266 1834 3547 1905 principa-

262 1941 476 2011 ὀρχῶν,
506 1944 586 2006 εἰς
636 1945 1074 2015 προγενεστέρας
1109 1947 1283 2019 ἀρχὰς
1339 1945 1568 2012 ἀναϐὰς,
1616 1944 1854 2015 ἔφθασεν

261 2034 349 2096 είς
377 2034 439 2086 τὸ
487 2034 926 2104 σπουδαζόμενον
959 2051 974 2068 ο
1021 2037 1160 2108 ὅπερ
1185 2039 1285 2091 οὐκ
1315 2038 1462 2105 ἄλλο,
1495 2039 1526 2109 ἢ
1569 2039 1628 2093 τὸ
1659 2038 1854 2110 διηγή-

265 2122 471 2176 σασθαι
507 2126 577 2179 τὰ
635 2126 764 2196 περὶ
803 2126 902 2197 τῆς
953 2127 1259 2198 παρουσίας
1312 2128 1408 2182 τοῦ
1452 2130 1850 2202 Ἀντιχρίστου.

263 2213 384 2266 Καὶ
415 2212 516 2281 ὅρα
572 2213 625 2267 τί
677 2232 811 2284 φησι
857 2218 985 2288 περὶ
1032 2217 1225 2284 αὐτοῦ,
1259 2221 1324 2271 ἐκ
1361 2220 1462 2290 τῆς
1502 2221 1605 2290 γῆς
1653 2220 1852 2292 δηλαδὴ

263 2306 586 2364 ἁναΰαίνειν
615 2308 798 2371 αὑτὸν,
833 2309 956 2364 ὅθεν
978 2310 1074 2363 καὶ
1097 2312 1263 2364 πᾶσιν
1293 2311 1606 2382 ἀνθρώποις
1634 2315 1667 2384 ἡ
1698 2314 1854 2381 γένε-

268 2415 381 2461 σις.
431 2400 752 2471 Ἀνθρωπος
781 2403 889 2471 γὰρ
924 2405 1020 2455 καὶ
1053 2404 1217 2467 αὐτὸς
1267 2406 1387 2458 κατ’
1431 2407 1713 2477 ἐνέργειαν
1758 2407 1852 2461 τοῦ

267 2490 512 2556 Σατανᾶ,
546 2490 622 2555 ὡς
650 2492 744 2544 καὶ
778 2493 977 2565 Παύλῳ
1002 2494 1079 2566 τῷ
1109 2494 1241 2566 θείῳ
1266 2496 1433 2550 δοκεῖ.
1458 2497 1539 2551 Τὰ
1562 2498 1767 2570 κέρατα
1798 2499 1855 2552 δὲ

264 2581 373 2636 οὐκ
406 2582 615 2653 ἀρνίου,
645 2584 763 2637 ἀλλ’
791 2586 951 2656 ὃμοια
980 2587 1175 2658 ἀρνίῳ,
1209 2589 1398 2659 ἐπειδὴ
1438 2589 1700 2659 φαντάζει
1731 2592 1854 2644 ἐαυ-

265 2674 366 2727 τὸν
403 2677 619 2747 ἐπιεικῆ
664 2677 740 2741 ὡς
772 2680 801 2731 ό
844 2679 1099 2748 Χριστὸς,
1137 2680 1225 2734 ἵνα
1271 2681 1467 2735 πλανᾶ.
1498 2681 1597 2736 Διά
1634 2683 1853 2755 τοῦτοή

266 2767 529 2837 ὁμοιότης
573 2767 683 2823 τῶν
741 2770 1010 2839 κεράτων,
1069 2771 1241 2841 ήγουν
1287 2773 1386 2842 τῆς
1417 2772 1595 2843 δόξης.
1643 2776 1751 2828 Καὶ
1779 2774 1855 2841 ὡς

266 2857 488 2928 δράκων
531 2860 704 2927 λαλεῖ,
735 2862 836 2916 οὐκ
868 2860 943 2914 ὢν
992 2862 1232 2933 δράκων.
1282 2865 1358 2917 Οὐ
1402 2864 1513 2937 γὰρ
1554 2869 1581 2920 ό
1612 2868 1855 2932 Σατανᾶς

269 2952 422 3003 ᾶστιν
468 2952 812 3023 αὐτόχρημα,
863 2954 981 3007 ἀλλ’
1022 2956 1099 3018 ὼς
1157 2957 1365 3020 ἐκεῖνος
1436 2958 1853 3026 ἐνεξουσιάζων,

270 3042 542 3106 τουτέστι,
564 3042 804 3113 διάδοχος
828 3044 1041 3112 γίνεται
1068 3046 1169 3115 τῆς
1188 3046 1438 3113 ἐξουσίας
1460 3047 1553 3101 τοῦ
1580 3050 1850 3104 διαϐόλου.

283 3130 549 3185 Ἐνώπιον
591 3132 673 3199 δὲ,
721 3134 886 3187 οἱονεὶ
917 3136 1228 3201 ἀκολούθως
1275 3138 1491 3211 ἐκείνῳ,
1548 3141 1671 3194 κατ’
1699 3143 1852 3196 οὐδὲν
1878 3152 1923 3213 c

270 3223 669 3294 παραλλάττων
698 3226 797 3297 τῆς
822 3228 1123 3298 παρουσίας
1151 3230 1246 3284 τοῦ
1284 3229 1504 3303 πρώτου
1538 3233 1775 3291 Σατανᾶ.

345 3485 431 3547 οὗ
460 3491 825 3562 ἐθεραπεύθη
854 3496 893 3565 ἡ
940 3497 1160 3567 πληγὴ.
1185 3498 1293 3554 τοῦ
1332 3499 1594 3556 θανάτου
1638 3504 1849 3558 αὐτοῦ.

272 3584 457 3637 Εἰπὼν
487 3586 570 3643 ὅτι
605 3586 704 3657 τὴν
751 3587 1001 3653 ἐξουσίαν
1034 3590 1128 3644 τοῦ
1170 3592 1390 3663 πρώτου
1428 3594 1620 3665 θηρίου
1667 3598 1851 3650 πᾶσαν

272 3680 505 3731 ποιεῖται
560 3677 792 3735 ἐνώπιον
834 3681 1000 3735 αὑτοῦ
1034 3682 1277 3753 (πρῶτον
1318 3684 1374 3738 δὲ
1401 3686 1617 3739 πάντων
1658 3688 1850 3759 εἴρηκε

271 3767 365 3823 τὸν
398 3768 672 3841 δράκοντα
703 3772 794 3825 τὸν
836 3775 1046 3847 πυρρὸν
1082 3775 1142 3830 ὃν
1177 3776 1381 3844 ἔδειξεν
1417 3779 1478 3832 ὲν
1528 3779 1606 3850 τῷ
1635 3780 1850 3853 οὐρανῷ

272 3863 660 3933 γεγραμμένον
690 3864 750 3916 ὲν
792 3867 857 3936 τῇ
913 3867 1199 3940 ὀπτασίᾳ),
1254 3870 1340 3922 ῐνα
1383 3871 1459 3940 μή
1512 3887 1597 3934 τις
1651 3871 1852 3946 νομίσῃ

270 3953 368 4009 νῦν
388 3955 571 4024 λέγειν
601 3956 765 4010 αὑτὸν
789 3958 917 4027 περὶ
939 3959 1176 4027 ἐκείνου,
1197 3960 1255 4024 ὃς
1284 3960 1387 4031 τὴν
1409 3962 1662 4028 ἐξουσίαν
1689 3953 1850 4017 ἔλασε

269 4046 366 4103 τοῦ
394 4046 614 4117 πρώτου
645 4047 858 4118 θηρίου,
889 4050 950 4103 οὐ
981 4053 1112 4121 περὶ
1142 4052 1353 4106 ἐκείνου
1376 4055 1533 4124 φησὶ,
1574 4054 1668 4107 τοῦ
1696 4054 1851 4127 πρώ-

270 4153 386 4204 τον,
427 4138 594 4207 λέγω,
634 4140 772 4193 ἀλλὰ
817 4139 912 4195 τοῦ
957 4143 1078 4213 μετ’
1103 4144 1312 4198 ἐκεῖνον
1356 4144 1477 4216 μὲν,
1527 4147 1633 4218 πρὸ
1661 4147 1719 4200 δὲ
1756 4146 1850 4201 τοῦ

283 4230 677 4302 Ἀντιχρίστου,
708 4232 767 4287 ὃν
795 4235 831 4305 ἡ
853 4235 1092 4293 ὀπτασία
1124 4237 1327 4305 ἔδειξεν
1352 4238 1417 4291 ὲκ
1446 4238 1545 4308 τῆς
1573 4238 1854 4310 θαλάσσης

270 4324 605 4388 ἀναϐαίνειν,
640 4326 823 4395 ὅμοιον
874 4325 1005 4380 ὄντα
1062 4328 1351 4401 παρδάλει.
1412 4329 1619 4383 Τούτου
1658 4329 1766 4405 γὰρ
1817 4331 1852 4402 ἠ

272 4417 463 4489 πληγὴ
494 4417 642 4490 ίάθη,
690 4419 831 4475 κατά
880 4421 941 4474 τὸ
984 4424 1252 4494 πρότερον
1277 4425 1593 4496 εἰρημένον.
1642 4426 1854 4497 Σημεῖα

1958 1923 2106 1978 tibus
2159 1925 2462 1979 ascendens
2495 1924 2562 1979 ad
2616 1927 2986 1994 praecedentes
3044 1929 3388 1997 principatus
3453 1931 3550 1997 qui

1963 2031 2065 2070 nos
2095 2026 2519 2085 prmeesserunt,
2556 2018 2808 2087 pervenit
2835 2019 2904 2074 ad
2936 2020 2988 2074 id
3030 2021 3177 2090 quod
3212 2020 3550 2087 intendebat,

1955 2108 2101 2178 quod
2130 2124 2238 2162 non
2267 2110 2414 2163 aliud
2438 2118 2557 2165 erat
2580 2126 2746 2181 quam
2767 2126 3028 2167 enarrare
3047 2127 3170 2182 qua:
3206 2112 3274 2167 de
3307 2112 3548 2168 adventu

1955 2203 2282 2260 Antichristi
2344 2213 2474 2261 sunt
2518 2223 2533 2260 :
2571 2212 2627 2260 et
2670 2204 2791 2261 vide
2826 2207 2959 2276 quid
2987 2208 3057 2262 de
3083 2223 3150 2263 eo
3197 2206 3367 2272 dicat.
3394 2209 3543 2279 quod

1958 2294 2212 2348 videlicet
2236 2295 2349 2365 ipse
2386 2296 2454 2350 de
2486 2303 2627 2351 terra
2670 2296 2956 2365 ascendat,
2993 2298 3137 2355 unde
3169 2313 3362 2355 omnes
3406 2314 3551 2375 quo-

1956 2399 2066 2455 que
2098 2386 2350 2440 homines
2380 2385 2655 2445 oriuntur.
2688 2387 2821 2442 Nam
2846 2400 2900 2442 et
2932 2389 3048 2463 ipse
3083 2390 3250 2447 homo
3307 2391 3411 2445 erit
3456 2407 3546 2449 se-

1958 2476 2197 2531 cundum
2257 2479 2631 2547 operationem
2682 2479 2922 2543 Satanae,
2958 2480 3103 2535 sicut
3158 2483 3323 2536 etiam
3382 2483 3554 2541 sentit

1956 2569 2118 2624 divus
2162 2568 2388 2624 Paulus.
2439 2569 2657 2626 Cornua
2702 2587 2829 2626 vero
2879 2587 2988 2627 non
3029 2573 3181 2645 agni,
3230 2575 3324 2631 sed
3350 2574 3553 2631 similia

1957 2676 2119 2731 agno,
2154 2662 2417 2733 quoniam
2452 2662 2787 2734 imaginatur
2817 2679 2883 2719 ae
2907 2665 3065 2736 lingit
3091 2680 3149 2720 se
3170 2664 3465 2737 benignum
3487 2682 3553 2723 ac

1958 2754 2260 2809 humanum
2314 2771 2433 2811 esse
2485 2756 2629 2815 sicut
2663 2767 2748 2813 est
2807 2757 3085 2824 Christus,
3136 2766 3195 2812 ut
3245 2759 3484 2828 decipiat
3532 2777 3548 2814 :

1956 2855 2244 2915 pr0pterea
2303 2856 2387 2901 est
2433 2847 2740 2903 similitudo
2787 2864 3058 2904 cornuum
3097 2849 3213 2904 sive
3243 2852 3448 2923 glorias.
3488 2851 3554 2907 Et

1957 2936 2101 2990 sicut
2139 2936 2306 2992 draco
2349 2937 2613 3008 loquitur,
2677 2953 2802 2993 eum
2838 2954 2947 2993 non
3001 2940 3073 2993 sit
3102 2939 3272 2994 draco
3306 2958 3320 2995 :
3372 2957 3552 3011 neque

1957 3028 2101 3082 enim
2145 3044 2204 3083 re
2262 3031 2378 3099 Ipsa
2430 3040 2514 3085 est
2564 3030 2819 3096 Satanas,
2874 3031 2968 3086 sed
3011 3040 3336 3100 potestatem
3389 3050 3551 3087 exter-

1957 3132 2087 3173 cens
2119 3131 2177 3172 ut
2201 3119 2311 3184 ille,
2348 3120 2449 3174 hoc
2506 3128 2592 3175 est
2632 3136 2922 3177 successor
2980 3122 3214 3176 edicitur
3255 3127 3547 3191 potestatis

1957 3210 2264 3265 diaboll.ln
2295 3220 2592 3283 conspectu
2638 3220 2820 3267 autem
2870 3212 3013 3282 ejus,
3066 3212 3118 3269 id
3161 3222 3245 3268 cst
3287 3214 3555 3273 imitando

1961 3303 2141 3369 illum,
2176 3305 2228 3358 in
2253 3305 2404 3358 nullo
2456 3304 2715 3361 diﬂ'erens
2743 3320 2774 3362 a
2804 3306 3030 3382 prioris,
3067 3322 3263 3377 nempe
3306 3304 3549 3379 Satanae,

1958 3399 2190 3452 adventu
2224 3400 2305 3453 vel
2345 3401 2659 3469 praesentia.

2029 3492 2196 3561 Cujus
2227 3500 2414 3546 curata
2447 3504 2523 3547 est
2546 3492 2706 3567 plaga
2730 3497 2939 3555 mortis.
2974 3494 3113 3551 Cum
3149 3495 3385 3554 dixisset
3405 3498 3554 3567 quod

1957 3593 2284 3656 pmestatem
2336 3585 2528 3654 prima:
2558 3585 2747 3642 bestiae
2794 3584 3028 3643 Omnem
3085 3589 3291 3649 fecerat
3324 3590 3377 3646 in
3418 3606 3554 3648 eon-

1958 3687 2149 3747 spectu
2183 3677 2302 3748 ejus
2339 3678 2602 3752 (primum
2646 3690 2828 3735 autem
2886 3683 3135 3738 omnium
3180 3684 3321 3740 dixit
3347 3683 3549 3742 draco-

1959 3782 2081 3825 nem
2110 3769 2318 3831 rufum.
2349 3785 2510 3840 quem
2536 3771 2783 3827 os:endit
2819 3772 2871 3827 in
2895 3773 3038 3829 ccelo
3066 3774 3403 3845 descriptum
3425 3790 3552 3832 esse

1959 3859 2014 3914 in
2050 3859 2312 3931 visione),
2344 3875 2413 3915 ne
2445 3861 2569 3930 quis
2599 3861 2781 3932 ipsum
2816 3879 2963 3920 nunc
2996 3864 3342 3923 existimaret
3367 3866 3433 3921 de
3460 3864 3558 3921 illo

1957 3950 2281 4021 quui,cum
2311 3952 2389 4006 ait
2438 3952 2585 4020 quod
2637 3962 2969 4024 potestatem
3036 3956 3312 4029 acceperit
3359 3956 3555 4030 prima:

1960 4044 2149 4099 bestia:
2179 4061 2194 4098 :
2232 4060 2338 4098 non
2364 4044 2430 4098 de
2455 4044 2574 4111 illo,
2604 4036 2843 4118 inquit,
2887 4048 3066 4118 primo
3094 4048 3309 4123 loquor,
3360 4050 3455 4107 Sed
3490 4052 3559 4104 de

1961 4137 2054 4190 illo
2074 4136 2165 4205 quI
2192 4143 2317 4205 post
2339 4135 2493 4190 illum
2517 4137 2741 4206 quidem
2769 4137 2894 4204 fuit,
2918 4139 3223 4209 sed.tamen
3244 4149 3370 4194 ante
3397 4140 3558 4194 Anti-

1960 4227 2246 4294 christum,
2299 4243 2461 4297 quem
2509 4228 2753 4284 ostendit
2784 4230 2927 4286 visio
2968 4231 3036 4286 de
3085 4230 3224 4287 mari
3255 4232 3558 4288 ascendere

1960 4322 2135 4392 par-do
2171 4322 2407 4381 similem
2461 4341 2475 4378 :
2526 4323 2689 4395 lmjus
2721 4325 2869 4379 enim
2901 4325 3060 4397 piaga
3097 4324 3279 4382 fuerat
3332 4336 3546 4391 curata,

1957 4414 2109 4486 juxta
2144 4416 2196 4470 id
2227 4415 2375 4489 quod
2404 4418 2557 4485 prius
2581 4417 2788 4471 dictum
2823 4428 2927 4474 est.
2960 4417 3096 4475 Nam
3140 4421 3299 4491 signa
3333 4430 3387 4475 et
3423 4435 3554 4493 pro-

270 4511 384 4580 γὰρ
423 4510 520 4565 καὶ
544 4510 748 4581 τέρατα
769 4512 930 4565 αὑτὸν
959 4517 1134 4585 ποιεῖν
1163 4518 1285 4570 κατ’
1316 4516 1597 4588 ἐνέργειαν
1621 4516 1712 4571 τοῦ
1734 4518 1850 4571 δια-

1961 4507 2099 4573 digia
2128 4505 2290 4562 faciet
2310 4505 2467 4581 juxta
2498 4510 2876 4577 operationem
2901 4510 3144 4569 diaboli;
3178 4513 3336 4579 signa
3370 4523 3550 4566 ιιιιιοιιιι

272 4601 457 4657 ϐόλον.
485 4601 568 4656 Τά
599 4602 657 4656 δὲ
686 4605 914 4674 σημεῖα,
946 4607 1118 4677 πυρὸς
1153 4607 1251 4660 ἀπ’
1281 4608 1510 4679 οὐρανοῦ
1537 4609 1848 4681 καταφορὰ,

273 4694 372 4748 καὶ
402 4694 569 4764 ἱτερά
605 4710 728 4749 τινα
760 4697 991 4766 μεγάλα,
1019 4698 1094 4761 ὡς
1127 4700 1199 4769 τῇ
1232 4699 1613 4770 μεγαλειότητι
1648 4702 1853 4770 ἐκστή-

277 4800 451 4839 σαντα
475 4784 659 4840 λαϐεῖν
690 4788 786 4840 aut
816 4790 942 4851 τοὺς
964 4789 1067 4861 ήδη
1115 4789 1364 4854 πιστούς.
1406 4790 1576 4845 Τοῦτο
1626 4792 1735 4865 γὰρ
1766 4792 1854 4847 διὰ

275 4875 373 4928 τοῦ
407 4878 603 4941 εἰπεῖν,
633 4877 743 4931 Kal
763 4877 968 4947 πλανᾷ
997 4880 1139 4947 τοὺς
1170 4881 1374 4951 ἐμοὺς,
1426 4882 1703 4953 σημαίνει.
1740 4884 1859 4938 Ἵνα

279 4965 338 5021 δὲ
381 4968 714 5039 παραστήσῃ
744 4968 893 5030 τίνας
918 4969 1166 5043 πλανήσῃ
1203 4970 1310 5023 τῶν
1344 4971 1580 5041 Χριστοῦ
1624 4970 1857 5042 πιστῶν,

281 5058 534 5128 Ιιπήγαγε
588 5057 877 5130 γνώρισμα
925 5061 1153 5125 τούτων,
1212 5062 1353 5126 τοὺς
1404 5062 1857 5130 κατοικοῦντας,

285 5149 565 5220 προσθεὶς,
596 5150 693 5203 ἐπι
723 5149 833 5219 τῆς
861 5151 996 5220 γῆς,
1025 5154 1085 5206 οὐ
1121 5154 1451 5209 διαστέλλων
1475 5154 1742 5222 ἀγγέλους
1766 5156 1862 5206 ἁν-

287 5241 544 5311 θρὼπων.
603 5243 737 5296 Τίνα
797 5243 906 5314 γὰρ
954 5244 1166 5311 ἕξουσιν
1205 5246 1421 5317 ἀπατᾷν
1466 5247 1576 5299 τῶν
1610 5245 1857 5315 ἀγγέλων

287 5329 367 5396 οἷς
392 5334 425 5402 ή
470 5334 673 5403 φυσικὴ
705 5333 1037 5406 καθαριότης
1081 5336 1234 5390 οὐδὲν
1276 5339 1356 5401 είς
1384 5337 1680 5418 ὲετίκρυψιν
1713 5337 1863 5407 ἀλη-

290 5421 439 5485 θείας
470 5422 723 5490 ὲμποδὼν
738 5423 986 5492 γίνεσθαι
1006 5426 1104 5497 ἐᾷς
1129 5426 1372 5491 ἐκείνους
1392 5427 1450 5479 δὲ
1474 5428 1645 5491 οὕτως
1665 5427 1861 5496 ἐκστή-

294 5530 375 5567 σει
407 5509 483 5567 ὧν
506 5516 565 5567 τὸ
592 5519 871 5586 φρόνημα
904 5517 1006 5571 οὐκ
1059 5517 1419 5589 ἀνθρώπινον,
1468 5519 1601 5573 ἀλλὰ
1645 5520 1857 5587 γήϊνον.

1959 4608 2122 4657 erunt
2168 4600 2309 4671 ignis
2364 4599 2633 4656 demissio
2669 4600 2735 4656 de
2802 4601 2969 4666 ctelo,
3028 4612 3083 4663 et
3136 4604 3243 4661 alia
3300 4608 3551 4673 quaedam

1962 4707 2181 4763 magna,
2238 4691 2375 4746 adeo
2433 4701 2493 4746 ut
2541 4693 2628 4750 sui
2664 4695 3041 4764 magnitudine
3071 4694 3125 4753 in
3192 4704 3473 4764 stuporem
3510 4704 3564 4749 tt

1964 4793 2236 4840 terrorem
2268 4783 2604 4841 inducantur
2632 4785 2796 4839 etiam
2827 4786 3014 4843 tideles
3040 4803 3055 4842 :
3083 4787 3187 4842 hoc
3213 4786 3363 4842 enim
3390 4785 3564 4857 signi-

1963 4876 2089 4932 ﬁcat
2120 4893 2216 4946 per
2244 4874 2299 4937 id
2328 4876 2474 4949 quod
2499 4878 2593 4940 ait,
2616 4877 2685 4931 Et
2716 4879 2917 4935 seducit
2941 4894 3102 4949 meos,
3131 4890 3190 4933 ut
3228 4880 3280 4932 in
3314 4878 3560 4948 Evange-

1964 4969 2037 5034 ιίο
2065 4971 2142 5025 ait
2167 4968 2443 5035 Christus,
2484 4989 2501 5021 ι
2545 4971 2618 5024 Ita
2654 4977 2709 5023 ut
2752 4971 2805 5027 in
2842 4986 3088 5027 errorem
3132 4970 3486 5030 inducantur.
3513 4971 3559 5026 si

1962 5058 2079 5114 ﬁeri
2109 5066 2302 5127 potest,
2329 5057 2493 5112 etiam
2526 5058 2684 5113 electi
2719 5058 2789 5111 ⁷⁷.
2822 5077 2840 5111 ι
2900 5056 2970 5113 Ut
3002 5067 3184 5113 autem
3215 5063 3560 5115 demonstret

1963 5162 2104 5219 quos
2154 5147 2381 5204 sedueat
2432 5147 2638 5203 Christi
2694 5148 2919 5215 ﬁdeles,
2958 5148 3224 5203 indicium
3274 5148 3561 5216 subjunxit

1966 5239 2185 5303 horum,
2215 5237 2421 5292 addens
2454 5255 2467 5291 :
2501 5238 2590 5306 qui
2629 5237 2877 5291 habitant
2918 5238 2972 5290 in
3007 5246 3171 5302 terra,
3204 5250 3312 5290 non
3347 5249 3559 5305 ponens

1964 5331 2371 5387 distinctionem
2396 5330 2537 5384 inter
2561 5330 2785 5400 angelos
2807 5338 2862 5384 et
2896 5329 3185 5385 homines:
3221 5342 3382 5397 quem
3412 5326 3558 5380 enim

1965 5433 2186 5496 possent
2215 5424 2535 5494 angelorum
2567 5423 2846 5492 decipere,
2892 5422 3095 5493 quibus
3129 5421 3407 5476 naturalis
3454 5433 3558 5486 pth-

1967 5518 2105 5573 ritas
2134 5516 2346 5571 nullum
2376 5516 2507 5571 sinit
2540 5514 2660 5571 ﬁeri
2706 5515 3157 5584 impedimentum
3189 5514 3257 5571 ad
3299 5510 3554 5567 veritatis

293 5612 750 5669 occultationem?
781 5612 877 5671 sed
908 5613 1029 5671 illos
1062 5614 1138 5671 ita
1165 5617 1413 5685 terrebit,
1455 5631 1693 5688 quorum
1734 5629 1933 5672 sensus
1954 5628 2066 5672 non
2097 5612 2374 5668 humanus
2407 5619 2516 5680 est,
2542 5611 2638 5668 sed
2669 5617 2950 5667 terrenus.

367 5770 411 5801 ’⁷
434 5768 626 5826 Matth.
662 5784 814 5836 xxrv,
834 5767 926 5826 24.
