4030 6642
414 326 521 390 679
1255 304 1585 372 ARETH/E
1624 298 2002 364 CIESARE/E
2044 292 2530 359 CAPPADOCLE
2570 288 2915 352 EPISCOPI

492 441 554 493 In
587 444 860 506 conspectu
890 433 1177 488 hominum.
1230 426 1583 489 lntuentium,
1634 421 1836 492 inquit.
1872 433 2004 471 oru-
2036 428 2081 484 Α

421 536 504 589 los
535 529 876 592 fascinando,
930 529 1042 581 haec
1097 524 1263 579 faciet
1305 515 1626 574 Antichristi
1676 524 2008 584 praecursor,

427 632 487 678 ut
517 620 864 678 existimetur
909 615 1284 672 Antichristus
1321 625 1444 667 esse
1494 607 1767 671 Christus,
1805 613 1864 657 ut
1915 599 2010 670 qui

2163 602 2393 673 ,χρίστου
2412 596 2722 669 πρόδρομος
2751 590 2839 645 διὰ
2869 587 3152 657 γοητείας,
3185 582 3322 652 πρὸς
3348 581 3408 633 τὸ
3435 578 3715 678 νομισθῆ-

427 730 457 768 a
481 713 573 768 tali
602 710 996 766 miraculorum
1042 716 1321 778 patratore
1352 700 1731 758 testimonium
1782 695 2017 765 accipiat

2163 670 2336 747 τδν
2398 689 2770 758 ’Δντίχριστον
2830 680 3089 753 Χριστὸν,
3144 675 3221 739 ὡς
3281 674 3386 726 ὑπὸ
3452 670 3715 725 τειούτου

3582 276 3708 342 050

2192 413 2481 468 Ἔνώπιον
2508 408 2624 464 τῶν
2658 404 3005 477 ἀνθρώπων.
3046 400 3154 453 Κλέ
3166 412 3318 451 πτων
3340 396 3468 459 τοὺς
3492 394 3707 463 ὀφθαλ-

2116 512 2251 581 μοὺς
2282 506 2391 561 τῶν
2422 504 2698 576 ὁρώντων,
2732 498 2908 553 ταῦτα
2932 494 3152 567 πράξει,
3181 495 3369 561 φησιν,
3394 491 3422 541 ὁ
3446 490 3538 541 τοὺ
3581 489 3713 540 ‘Aw

428 815 482 859 ct
512 812 717 860 certam
749 801 1002 872 gloriam,
1056 796 1222 869 ’164⁵
1275 797 1343 851 ad
1381 792 1745 849 imitationem
1783 786 2016 843 Joannis

428 898 707 968 Baptistae,
733 896 827 965 qui
857 895 925 949 de
958 892 1179 948 Christo
1209 888 1497 945 Salvatore
1532 884 1741 942 ferebat
1771 883 2019 939 testimo-

431 991 609 1055 nium,
644 996 699 1042 et
747 988 923 1058 ipsum
956 982 1320 1056 pra’cedebat.

504 1158 650 1226 XIII,
679 1158 866 1213 14-17.
902 1155 1087 1211 Dicens
1110 1154 1468 1208 habitantibus
1496 1152 1547 1206 in
1575 1162 1716 1207 terra
1741 1161 1794 1205 ut
1820 1150 2024 1221 faciant

439 1253 723 1322 imaginem
757 1250 933 1304 bestiw
956 1263 1071 1318 quae
1088 1244 1268 1300 habuit
1287 1244 1500 1314 plagam
1522 1253 1570 1297 et
1601 1245 1731 1298 vixit
1761 1260 1793 1297 a
1823 1242 2026 1313 gladio.

444 1344 511 1397 Et
539 1345 721 1397 datum
753 1351 827 1395 est
868 1341 970 1411 ipsi
999 1355 1055 1393 ut
1087 1326 1336 1407 spiritum
1380 1339 1532 1390 daret
1560 1335 1782 1406 imagini
1827 1335 2027 1401 bestiae,

442 1435 680 1488 utetiam
712 1434 961 1503 loquatur
1000 1430 1172 1498 imago
1221 1428 1399 1482 bestiae
1437 1442 1457 1480 :
1484 1436 1532 1479 et
1585 1426 1751 1495 faciat
1800 1433 1858 1478 ut
1913 1425 2033 1495 qui-

442 1544 643 1598 cunque
674 1541 776 1579 non
801 1523 1141 1579 adoraverint
1180 1522 1463 1592 imaginem
1492 1519 1671 1573 bestia:
1700 1518 2030 1572 occidantur.

445 1623 510 1675 Et
541 1621 670 1690 facit
702 1634 878 1672 omnes
912 1632 1098 1686 parvos
1127 1625 1176 1669 et
1198 1629 1437 1683 magnos,
1459 1619 1508 1666 et
1532 1611 1714 1665 divites
1746 1625 1807 1662 ac
1834 1625 2035 1678 paupe-

445 1730 550 1776 res,
577 1722 625 1765 et
656 1711 845 1764 liberos
871 1725 932 1762 ac
962 1724 1158 1772 serves,
1192 1716 1249 1760 ut
1278 1705 1405 1759 dent
1454 1704 1585 1774 ipsis
1622 1702 1953 1757 characteres
1980 1703 2036 1755 in

2117 778 2487 855 τερατουργοῦ
2564 772 3019 847 μαρτυρούμενον
3071 768 3166 821 καὶ
3215 764 3717 855 ἀναμφισϐΔήτητον

2118 848 2218 943 τὴν
2266 848 2425 937 δόξαν
2482 863 2855 938 λαμϐάνοντα,
2888 859 3032 915 κατὰ
3091 857 3326 929 μίμησιν
3358 853 3455 908 τοῦ
3492 848 3719 905 131m:-

2125 942 2254 1019 στοῦ
2304 962 2578 1026 Ἰωάννου,
2618 958 2842 1031 Χριστῷ
2868 949 3277 1027 μαρτυροῦντος
3312 945 3391 1018 τῷ
3432 942 3720 1016 σωτηρίῳ,

2124 1059 2218 1112 καὶ
2254 1056 2447 1110 τούτου
2488 1053 2850 1127 προάγοντος.

2199 1148 2403 1219 Λέγων
2437 1147 2563 1213 τοῖς
2601 1141 2998 1200 κατοικοῦσιν
3035 1136 3135 1191 ἐπὶ
3165 1133 3275 1204 τῆς
3313 1132 3427 1205 γῆς
3458 1130 3722 1200 ποι-ἧσαι

2128 1243 2333 1299 εἰκόνα
2364 1241 2444 1308 τῷ
2469 1241 2651 1308 θηρίῳ
2690 1238 2721 1292 ὃ
2761 1233 2887 1305 εἶχε
2918 1231 3165 1302 πληγὴν
3204 1228 3304 1283 καὶ
3335 1227 3549 1294 ἔζησεν
3591 1224 3725 1279 ἀπὸ

2129 1334 2241 1402 τῆς
2257 1332 2576 1400 μαχαίρας.
2611 1328 2718 1383 Καὶ
2744 1326 2924 1391 ἐδόθη
2959 1322 3120 1388 αὺτῷ
3145 1319 3381 1389 πνεῦμα
3401 1316 3613 1371 δοῦναι
3641 1312 3730 1381 τῇ

2132 1427 2321 1480 εικόνι
2347 1423 2453 1477 τοῦ
2485 1421 2716 1489 θηρίου,
2748 1419 2849 1472 ἵνα
2888 1416 2986 1471 κιιὶ
3013 1413 3263 1483 λαλήσῃ
3312 1413 3347 1479 ἡ
3387 1410 3567 1464 εἰκὼν
3608 1407 3729 1462 τοῦ

2136 1517 2367 1583 θηρίου,
2396 1514 2496 1568 καὶ
2526 1512 2757 1581 ποιήσῃ
2797 1511 2931 1564 ὅσοι
2978 1509 3087 1563 ἐὰν
3120 1506 3205 1577 μὴ
3235 1504 3733 1574 προσκυνήσωσι

2136 1606 2209 1675 τῇ
2234 1608 2420 1661 εικόνι
2446 1606 2550 1660 τοῦ
2579 1605 2786 1673 θηρίου
2807 1604 2907 1658 ἵνα
2929 1598 3407 1657 ἀποκτανθῶσιν.
3435 1598 3540 1651 Καὶ
3566 1594 3740 1649 ποιεῖ

2140 1700 2375 1765 πάντας
2423 1696 2566 1763 τοὺς
2604 1696 2856 1767 μικροὺς
2914 1698 3011 1750 καὶ
3076 1693 3218 1760 τοὺς
3254 1690 3582 1762 μεγάλους,
3621 1688 3733 1741 καὶ

448 1805 639 1857 dextra
694 1818 856 1855 manu
907 1817 1005 1853 sua
1038 1808 1131 1852 aut
1167 1813 1326 1867 super
1373 1795 1599 1865 frontem
1649 1810 1825 1858 suam,
1868 1802 2026 1859 utque

2166 1792 2275 1858 οὺς
2330 1790 2674 1853 πλουσίους
2720 1788 2820 1843 καὶ
2874 1787 3016 1854 τοὺς
3069 1786 3367 1855 πτωχοὺς,
3419 1782 3518 1837 καὶ
3581 1780 3735 1846 τοὺς

451 1914 600 1952 nemo
646 1896 810 1966 possit
856 1908 1023 1948 emere
1070 1902 1161 1946 aut
1201 1889 1420 1944 vendere
1475 1888 1579 1941 nisi
1610 1886 1797 1940 habent
1837 1884 2033 1938 chara-

453 2000 641 2044 cterem
653 2027 666 2041 .

528 2249 830 2315 Quoniam,
894 2246 1097 2315 inquit,
1161 2245 1436 2316 insculpta
1471 2254 1555 2300 est
1594 2244 1775 2315 imago
1812 2242 1912 2314 ipsi
1947 2243 2041 2297 be-

458 2346 603 2405 stiae,
636 2342 827 2395 datum
854 2348 941 2395 est
972 2347 1028 2393 ut
1059 2337 1312 2409 spiritum
1349 2352 1571 2407 quoque
1614 2337 1765 2390 daret
1794 2334 2043 2404 imagini,

462 2445 521 2489 ιιι
572 2433 822 2489 videlicet
864 2433 1182 2503 loqueretur
1231 2431 1435 2500 imago.
1482 2426 1596 2484 Hoc
1656 2438 1836 2481 autem
1897 2428 2046 2482 circa

467 2527 764 2581 simulacra
799 2522 1268 2580 considerandum
1298 2532 1403 2586 est,
1434 2519 1583 2592 quod
1635 2520 1808 2574 multa
1850 2534 2045 2573 eorum

466 2625 522 2671 et
556 2615 757 2672 sudare
790 2624 844 2670 et
876 2615 1025 2685 loqui
1061 2615 1263 2686 scripta
1298 2622 1429 2669 sunt
1462 2613 1799 2682 temporibus
1834 2610 2051 2666 Graeco-

468 2724 617 2772 rum,
644 2707 964 2779 operatione
1008 2707 1298 2762 diabolica.
1337 2708 1383 2759 A
1422 2706 1706 2761 communi
1746 2714 1927 2759 autem
1964 2704 2051 2757 in-

471 2802 688 2857 tellectu
748 2800 1127 2870 accipiendum
1163 2809 1247 2855 est
1278 2799 1384 2862 ἵνα,
1427 2799 1480 2854 id
1505 2807 1587 2854 est
1614 2809 1693 2865 ut,
1725 2813 1834 2870 quo
1863 2798 1933 2853 sit
1965 2798 2054 2852 hic

473 2908 669 2948 sensus
698 2909 712 2945 :
746 2890 816 2946 Ut
847 2892 1009 2947 etiam
1044 2892 1323 2961 loquatur,
1375 2903 1429 2947 et
1452 2901 1508 2946 ut
1532 2890 1698 2945 faciat
1734 2890 1881 2961 quod
1930 2890 2053 2960 qui-

474 2998 694 3055 cunque
725 2999 833 3038 non
869 2982 1221 3039 adoraverint
1253 2982 1543 3054 imaginem
1576 2982 1785 3047 bestias,
1816 2982 2056 3037 hictiam

475 3076 820 3131 occidantur.
855 3075 1012 3141 Quod
1042 3085 1224 3131 autem
1249 3085 1471 3141 statuae,
1509 3085 1568 3130 ut
1595 3076 1805 3131 dictum
1837 3085 1942 3141 est,
1978 3075 2058 3130 lo-

477 3176 617 3221 cuta:
636 3167 766 3229 sint.
806 3182 875 3221 ex
906 3167 1153 3222 historiis
1193 3165 1408 3223 discere
1439 3166 1566 3221 licet
1597 3183 1755 3222 :cum
1792 3166 2056 3236 scriptum

479 3260 573 3324 sit,
611 3273 705 3327 per
739 3257 1074 3327 imposturas
1100 3264 1154 3311 et
1191 3257 1421 3311 arbores
1471 3268 1525 3311 et
1557 3271 1731 3327 aquas
1771 3255 1943 3310 fuisse
1974 3256 2049 3311 lo-

481 3360 660 3415 cutas,
698 3365 793 3418 per
822 3349 1171 3419 Apollonium
1193 3349 1443 3419 aliosque
1472 3348 1921 3419 prmstigiatores.

556 3441 625 3495 Et
657 3442 784 3510 facit
816 3458 993 3495 anne:
1013 3457 1201 3511 parvos
1238 3450 1289 3495 et
1324 3458 1565 3511 magnos,
1596 3451 1707 3496 etc.
1735 3438 2065 3495 Abstrusior

485 3544 571 3592 est
614 3535 809 3590 littera:
846 3542 1161 3597 contextus,
1222 3533 1458 3603 ideoque
1508 3532 1805 3588 absurdus.
1869 3529 2065 3585 Utrum

487 3631 636 3683 etaim
676 3628 812 3683 dicit
836 3628 980 3698 quod
1021 3627 1173 3697 parvi
1201 3637 1255 3681 et
1282 3626 1466 3696 magni
1502 3624 1801 3696 accipiant,
1833 3640 1900 3679 an
1921 3622 2067 3694 quod

488 3718 668 3773 dent?
707 3718 1001 3788 Propterea
1046 3733 1141 3788 per
1174 3715 1505 3771 additionem
1538 3715 1943 3787 praepositionis
1968 3716 2070 3779 εἰς,

492 3809 544 3864 id
573 3818 658 3863 est
689 3808 757 3861 ad
785 3808 868 3863 vel
899 3824 1048 3878 erga,
1075 3806 1274 3877 corrigi
1308 3807 1507 3876 poterit
1543 3805 1874 3871 absurditas,
1901 3814 1958 3860 ct
2001 3805 2069 3859 ad

491 3902 791 3972 planiorem
827 3914 1053 3955 sensum
1087 3899 1191 3953 hoc
1222 3898 1387 3953 modo
1427 3898 1612 3953 reduci
1648 3916 1663 3953 :
1693 3895 1759 3952 Et
1781 3896 1911 3953 facit
1944 3912 2075 3969 erga

492 4010 688 4049 omnes
714 4007 914 4063 parvos
943 4002 999 4047 et
1025 4006 1254 4062 magnos
1275 4000 1331 4046 et
1357 3992 1597 4062 reliquos
1626 3991 1719 4062 qui
1742 4000 2073 4061 sequuntur.

494 4096 556 4141 ut
580 4087 711 4140 dent
736 4085 869 4156 ip~is
900 4084 1248 4141 characteres
1278 4083 1332 4139 in
1365 4085 1556 4139 dextra
1598 4100 1758 4139 manu
1793 4095 1891 4141 aut
1912 4099 2078 4156 super

496 4178 756 4234 frontem.
786 4177 899 4232 Hoc
931 4184 1114 4232 autem
1146 4176 1287 4256 dicit
1304 4175 1375 4232 ad
1407 4175 1693 4243 indicium,
1722 4192 1833 4247 quo
1862 4177 2080 4248 possint

498 4280 596 4328 aut
627 4287 735 4327 non
758 4272 972 4343 possint
1012 4270 1306 4340 negouari.

573 4365 639 4421 In
669 4366 859 4421 dextra
898 4380 1081 4420 manu.
1120 4365 1176 4420 In
1198 4364 1391 4421 dextra
1420 4379 1586 4420 manu
1617 4374 1672 4419 et
1698 4363 1752 4417 in
1775 4362 1954 4418 fronte
1982 4376 2085 4433 po-

2136 1884 2493 1952 ἐλευθέρους
2522 1880 2622 1935 καὶ
2664 1880 2806 1947 τοὺς
2836 1879 3123 1944 δούλους,
3162 1879 3262 1931 ἵνα
3297 1875 3580 1929 δὼσωσιν
3620 1874 3738 1926 αὺ-

2138 1978 2263 2044 τοῖς
2280 1975 2628 2046 χαρὰγγιατα
2648 1974 2746 2028 ἐπὶ
2776 1971 2886 2042 τῆς
2908 1971 3109 2043 χειρὸς
3134 1969 3334 2026 αὐτῶν
3354 1968 3464 2037 τῆς
3497 1965 3739 2030 δεξιᾶς,

2141 2072 2180 2139 ἢ
2206 2070 2306 2125 ἐπὶ
2335 2070 2401 2124 τὸ
2429 2070 2709 2139 μέτωπον
2734 2065 2956 2132 αὐτῶν,
2982 2065 3079 2121 καὶ
3115 2062 3323 2133 ἵναμή
3350 2080 3434 2128 τις
3468 2060 3738 2125 δύνηται

2143 2162 2436 2233 ἀγοράσαι
2461 2163 2499 2231 ἢ
2540 2160 2843 2229 πωλῆσαι,
2876 2161 2928 2213 εἱ
2948 2158 3035 2229 μὴ
3067 2160 3100 2213 ό
3146 2157 3308 2226 ἔχων
3334 2154 3397 2209 τὸ
3430 2153 3739 2223 χάραγμα.

2229 2250 2470 2321 Ἐπειδὴ,
2530 2252 2717 2321 φησιν,
2776 2247 2942 2302 εἰκὼν
2988 2246 3335 2317 ἁνεστυλώθη
3400 2244 3479 2315 τῷ
3526 2243 3741 2312 θηρίῳ,

2147 2344 2303 2413 ἐδόθη
2328 2344 2423 2397 καὶ
2456 2343 2670 2412 πνεῦμα
2714 2342 2900 2396 δοῦναι
2936 2344 3001 2412 τῇ
3043 2341 3235 2401 εἰκόνι,
3273 2340 3362 2393 ἵνα
3413 2337 3574 2408 δῆθεν
3634 2336 3743 2390 λαο

2148 2436 2291 2508 λήσῃ
2318 2437 2555 2506 ήεὶκών.
2582 2435 2753 2489 Τοῦτο
2772 2435 2827 2488 δὲ
2855 2433 2991 2505 πρὸς
3012 2434 3078 2488 τὰ
3105 2431 3400 2501 ἀγάλματα
3427 2430 3740 2497 λογιστέον,

2151 2532 2188 2585 ὃ.
2220 2531 2387 2584 πολλὰ
2415 2531 2511 2584 καὶ
2547 2529 2799 2601 ἱδροῦντα
2839 2529 2932 2581 καὶ
2987 2526 3254 2581 λαλοῦντα
3306 2524 3591 2594 ἱστόρηται
3621 2525 3744 2585 τοῖς

2166 2622 2500 2693 Ἑλληνικοῖς
2531 2624 2749 2694 χρόνοις
2785 2622 3040 2693 ἐνεργείᾳ
3071 2619 3383 2689 διαϐολικῇ.
3418 2616 3578 2672 Κατὰ
3623 2630 3743 2669 uct-

2155 2714 2249 2770 νοῦ
2288 2715 2344 2768 δὲ
2373 2714 2454 2779 τὸ,
2503 2714 2626 2777 ἵνα,
2667 2712 2922 2783 ληπτέον,
2957 2712 3032 2774 ὼς
3063 2712 3128 2764 ἂν
3223 2709 3397 2773 οὕτως
3427 2726 3441 2740 ·
3486 2708 3602 2761 Ἵνα
3642 2706 3747 2759 καὶ

2156 2808 2389 2878 λαλήσῃ,
2422 2805 2510 2858 ἵνα
2544 2805 2639 2858 καὶ
2666 2805 2891 2873 ποιήσῃ,
2924 2804 3040 2856 ὅσοι
3079 2800 3154 2871 μὴ
3184 2801 3627 2870 προσκυνήσουσι
3671 2799 3745 2869 τῇ

2159 2901 2329 2953 εἰκόνι
2368 2898 2461 2951 τοῦ
2486 2896 2699 2968 θηρίου,
2737 2897 2825 2950 ἵνα
2847 2896 2942 2948 καὶ
2972 2888 3120 2948 οὗτοι
3149 2891 3589 2946 ἀποκτανθῶσιν.
3619 2891 3746 2941 ’Ὁτι

2160 2995 2216 3048 δὲ
2251 2993 2319 3046 τὰ
2353 2990 2666 3059 ἀγάλματα,
2709 2991 2783 3051 ὡς
2841 2987 3081 3058 εἴρηται,
3141 2984 3346 3047 ἐλάλει,
3405 2984 3463 3049 ἐξ
3497 2982 3748 3052 ἱστορίας

2168 3086 2361 3155 μαθεῖν
2400 3083 2629 3146 ἔνεστιν,
2660 3081 2735 3142 ὡς
2760 3078 2848 3132 διὰ
2882 3078 3136 3148 γοητείας
3172 3076 3454 3147 ἱστόρηται
3502 3075 3596 3126 καὶ
3624 3072 3716 3124 δέν
3746 3098 3751 3102 ·

2163 3178 2265 3249 δρα
2325 3177 2422 3229 καὶ
2457 3175 2627 3228 ὕδατα
2676 3173 2943 3243 λαλῆσαι,
2992 3171 3081 3225 διά
3129 3186 3188 3223 τε
3242 3167 3599 3222 Ἀπολλωνίου
3652 3165 3751 3218 καὶ

2166 3267 2368 3338 ἐτέρων
2392 3265 2607 3337 γοητῶν
2634 3262 2773 3334 (59).

2238 3446 2345 3500 Kal
2368 3442 2531 3498 ποιεῖ
2568 3442 2802 3508 πάντας
2831 3441 2973 3508 τοὺς
3012 3440 3267 3511 μικροὺς
3312 3438 3410 3492 καὶ
3456 3436 3600 3502 τοὺς
3651 3452 3753 3504 με·

2169 3538 2417 3609 τάλους,
2472 3537 2566 3589 καὶ
2599 3536 2748 3605 ἑξῆς.
2792 3535 3207 3603 Ἰδιωτικωτέρα
3245 3536 3278 3603 ἡ
3329 3530 3606 3595 σύνταξις,
3669 3530 3754 3582 διὸ

2171 3631 2264 3685 καὶ
2295 3631 2541 3699 ἀνόητος.
2584 3629 2822 3699 Πότερον
2870 3630 2981 3698 γὰρ
3016 3627 3166 3696 λέγει
3212 3627 3339 3689 τοὺς
3391 3626 3625 3697 μικροὺς
3656 3623 3755 3676 καὶ

2171 3723 2298 3787 τοὺς
2334 3722 2606 3793 μεγάλους
2638 3717 2845 3785 λαϐεῖν,
2874 3721 2909 3791 ἢ
2942 3719 3166 3786 δοῦναι;
3198 3718 3289 3773 Διδ
3326 3718 3613 3788 προσθήκῃ
3653 3718 3756 3783 τῆς

2171 3817 2263 3883 εὶς
2299 3816 2635 3888 προθέσεως,
2682 3815 2744 3868 τὸ
2797 3814 3024 3885 ἀνόητον
3054 3812 3463 3883 ὲπανορθωθείη
3508 3810 3575 3864 ἂν
3612 3812 3755 3881 πρδρς

2176 3908 2393 3962 σύνεσιν
2425 3906 2569 3960 οὕτω
2592 3923 2605 3937 ’
2644 3906 2754 3960 Καὶ
2813 3908 2959 3960 ποιεῖ
3001 3906 3083 3969 εἰς
3130 3906 3340 3968 πάντας
3367 3904 3493 3966 τοὺς
3525 3904 3758 3974 μικροὺς

2175 4002 2270 4055 καὶ
2306 4001 2434 4065 τοὺς
2471 4000 2745 4070 μεγάλους
2773 3999 2870 4055 καὶ
2908 3999 3035 4061 τοὺς
3065 3996 3149 4066 ἐφ’
3184 3997 3333 4067 ἑξῆς,
3371 3996 3458 4049 ἵνα
3501 3994 3753 4048 δὼσωσιν

2177 4091 2361 4155 αὐτοῖς
2392 4089 2728 4162 χαράγματα
2755 4089 2850 4143 ἐπὶ
2876 4088 2972 4159 τῆς
2998 4086 3181 4153 δεξιᾶς
3223 4089 3428 4159 χειρος,
3458 4087 3491 4157 ἢ
3538 4089 3629 4139 ἐπὶ
3657 4088 3754 4139 τοῦ

2182 4185 2440 4255 μετώπου
2466 4198 2482 4215 ⁸
2515 4184 2675 4239 τοῦτο
2707 4185 2764 4240 δὲ
2795 4186 2877 4249 εἱς
2904 4183 3219 4255 γνώρισμα,
3248 4187 3405 4256 φησὶ,
3438 4184 3533 4238 τοῦ
3580 4174 3753 4255 ὲμποέ

2185 4280 2410 4348 ρευτέου
2422 4320 2436 4341 ,
2475 4277 2572 4330 καὶ
2600 4278 2696 4348 μή.

2267 4365 2400 4420 Ἐπὶ
2431 4364 2541 4434 τῆς
2573 4367 2769 4436 χειρὸς
2790 4365 2991 4421 αὐτῶν
3015 4366 3122 4436 τῆς
3145 4366 3367 4433 δεξιᾶς.
3410 4367 3538 4421 Ἐπὶ
3580 4366 3759 4439 χειρὸς

502 4460 649 4514 nitur
676 4459 893 4528 signum
932 4458 1267 4528 cognitionis
1313 4476 1327 4512 :
1367 4456 1531 4511 bonis
1584 4453 1733 4509 enim
1784 4453 2049 4523 opponitu

2188 4456 2292 4526 τῆς
2314 4456 2495 4521 δεξιᾶς
2526 4460 2621 4511 καὶ
2652 4459 2747 4511 ἐπὶ
2787 4460 3043 4529 μετώπου
3070 4462 3131 4512 τὸ
3160 4458 3471 4530 γνώρισμα.
3527 4460 3762 4511 Ἀντίθεέ

503 4551 796 4623 perniciosi
832 4551 1069 4605 nominis
1120 4551 1484 4620 insculptura.
1522 4546 1582 4602 In
1615 4546 1826 4602 dextris
1854 4545 2077 4617 quidem

506 4654 568 4697 nt
623 4644 895 4698 bonorum
960 4656 1187 4711 operum
1248 4648 1495 4711 amputet
1541 4638 1886 4692 occasionem
1953 4654 1966 4691 :
2027 4635 2084 4691 in

510 4736 691 4789 fronte
726 4749 861 4789 vero
897 4742 975 4799 ut,
1004 4743 1161 4803 parte
1205 4748 1327 4804 qua:
1364 4732 1542 4788 oculis
1580 4729 1832 4784 imminet
1863 4744 2082 4784 assum-

510 4838 622 4896 pta,
654 4825 942 4895 caliginem
988 4840 1052 4880 ac
1080 4824 1335 4879 tenebras
1357 4820 1637 4878 suﬂ‘undat
1667 4820 1751 4874 his
1790 4821 1882 4890 qui
1915 4821 2083 4874 sedu-

513 4928 732 4979 cuntur,
788 4932 856 4970 nc
899 4915 1131 4970 honeste
1200 4923 1457 4984 tanquam
1530 4912 1583 4965 in
1621 4911 1707 4966 die
1772 4911 2087 4967 incedentes

514 5010 913 5080 amplectantur
964 5009 1244 5078 pietatem.
1286 5009 1354 5060 At
1411 5020 1521 5059 non
1577 5002 1881 5074 suscipient
1911 5004 2089 5074 ipsum

514 5102 607 5173 qui
633 5104 798 5159 lacies
836 5103 1038 5158 habent
1071 5102 1318 5171 signatas
1338 5097 1545 5152 lumine
1576 5096 1746 5151 divini
1774 5096 1980 5153 vultus.

939 5323 1102 5395 765
1124 5319 1353 5377 CAPUT
1384 5318 1667 5375 XXXVIII.

1008 5441 1086 5494 De
1146 5441 1353 5493 nomine
1396 5439 1589 5492 bestitc.

586 5573 730 5637 Xlll,
772 5574 859 5640 17,
896 5578 981 5631 18.
1016 5579 1122 5630 Aut
1152 5592 1334 5631 nomen
1367 5575 1544 5631 bestite
1572 5588 1660 5630 aut
1697 5594 1970 5632 numerum
1996 5595 2092 5633 no-

592 5751 708 5825 (39)
736 5755 1001 5827 Ποιητων,
1035 5758 1288 5817 artiﬁces.
1315 5758 1397 5812 ed.

2190 4563 2280 4609 τος
2307 4546 2416 4618 γὰρ
2442 4547 2550 4600 τῶν
2584 4548 2808 4618 ἀγαθῶν
2838 4549 2988 4621 ὴτοῦ
3020 4550 3266 4621 ὀλεθρίου
3295 4549 3562 4619 ὀνόματος
3590 4550 3757 4619 ἐγχάο

2196 4635 2372 4702 ραξις.
2416 4638 2505 4691 Ἐν
2534 4638 2633 4709 μὲν
2660 4642 2779 4703 ταῖς
2809 4640 3033 4707 δεξιαῖς,
3066 4641 3153 4695 ἵνα
3192 4640 3299 4693 τῶν
3338 4640 3559 4709 ἀγαθῶν
3586 4641 3761 4710 ἔργων

2197 4730 2409 4802 ἐκκόψῃ
2441 4731 2540 4801 τὴν
2570 4731 2875 4803 ἐνέργειαν.
2920 4735 3007 4786 Ἐν
3033 4734 3088 4787 δὲ
3118 4737 3229 4797 τοῖς
3256 4735 3547 4803 μετώποις,
3583 4736 3666 4787 ἶνα
3703 4735 3763 4786 τὸ

2192 4824 2304 4886 τοῖς
2336 4822 2633 4894 ὀφθαλμοῖς
2664 4825 3014 4895 ἐπικείμενον
3043 4827 3209 4896 μέρος
3238 4825 3610 4895 προσληφθὲν,
3631 4842 3724 4879 auo
3743 4856 3764 4868 -

2194 4916 2405 4986 τασμὺν
2468 4917 2745 4987 ἐμποιήσῃ
2779 4920 2892 4981 τοῖς
2925 4919 3305 4987 ἁπατωμένοις
3334 4917 3429 4971 τοῦ
3466 4919 3539 4988 μὴ
3593 4920 3667 4982 ὡς
3707 4925 3765 4972 ἐν

2193 5006 2377 5079 ἡμέρᾳ
2406 5009 2759 5079 εὐσχημόνως
2791 5010 3113 5080 ἀντέχεσθαι
3144 5012 3243 5080 τῆς
3275 5010 3575 5072 εὐσεϐείας.
3624 5012 3767 5064 Ἀλλ’

2193 5099 2262 5152 οὺ
2286 5098 2528 5162 δέξονται
2562 5099 2720 5152 τοῦτο
2753 5101 2803 5152 οἱ
2841 5099 2910 5151 τὰ
2948 5099 3221 5170 πρόσωπα
3258 5100 3653 5169 σημειωθέντες
3688 5104 3767 5173 τῷ

2196 5190 2325 5261 θείῳ
2357 5189 2452 5243 τοῦ
2478 5190 2767 5262 προσώπου
2799 5190 2958 5259 φωτί.

2763 5326 3013 5380 ΚΕΦΑΛ.
3070 5324 3201 5380 ΑΠ’.

2482 5442 2618 5509 Περὶ
2666 5443 2771 5496 τοῦ
2804 5444 3087 5525 ὀνόματος
3116 5442 3220 5497 τοῦ
3260 5444 3489 5512 θηρίου.

2274 5582 2350 5635 Ἦ
2378 5578 2443 5634 τὸ
2474 5580 2657 5648 ὄνομα
2688 5583 2791 5635 τοῦ
2853 5583 3081 5649 θηρΙου,
3134 5584 3171 5651 ἣ
3235 5582 3340 5636 τὸν
3374 5582 3625 5651 ἀριθμὸν
3666 5584 3765 5638 τοῦ
