4030 6608
312 444 419 517 681

1380 441 1768 504 COMMENT.
1809 439 1888 502 IN
1932 437 2464 503 APOCALYPSIS.

3479 418 3607 509 δεῖ

309 559 613 628 ὀνόματος
644 555 858 612 αὐτοῦ’
897 549 1041 611 Ὧδε
1077 556 1114 625 ή
1163 555 1351 625 σοφία
1382 556 1573 610 ἐστίν.
1639 556 1703 610 Ὀ
1753 556 1908 623 ἔχων

2020 554 2175 608 minis
2200 552 2334 623 ejus.
2376 550 2477 605 Hic
2508 551 2771 619 sapientia
2796 556 2898 606 est.
2932 550 3037 617 Qui
3060 548 3214 605 habet
3252 547 3601 604 intellectum.

308 651 487 712 γοῦν.
524 649 848 721 ψηφισάτω
871 650 979 702 τὸν
994 648 1249 718 ἀριθμὸν
1281 648 1390 702 τοῦ
1441 650 1671 715 θηρίου.
1716 650 1904 716 Ἀριθο

307 742 431 811 μὸς
483 738 592 811 γὰρ
637 738 956 810 ἀνθρώπου
1017 739 1209 807 ἐστὶν,
1266 740 1365 793 καὶ
1403 742 1436 794 ό
1485 740 1735 810 ἀριθμὸς
1794 743 1902 796 αὑ-

316 834 425 889 τοῦ
454 830 598 905 χξς⁹.

392 927 503 979 Καὶ
532 926 581 977 τί
626 924 686 977 τὸ
720 925 1003 995 χάραγμα,
1034 925 1312 998 ἐπιφέρει,
1358 926 1422 980 τὸ
1468 927 1639 997 ὄνομα
1673 926 1769 980 τοῦ
1804 927 1902 996 Θη-

315 1018 463 1089 ρίου.
496 1018 660 1087 Δτττὴ
699 1018 757 1070 δὲ
788 1017 977 1071 τούτου
1028 1019 1061 1087 ἡ
1096 1019 1321 1087 γνῶσις,
1353 1016 1388 1088 ἢ
1447 1017 1535 1071 διά
1576 1020 1903 1088 παραφορᾶς

316 1109 492 1164 αὑτοῦ
522 1109 618 1163 τοῦ
649 1112 935 1179 ὀνόματος,
985 1112 1018 1182 ἢ
1057 1111 1151 1165 διὰ
1201 1112 1407 1184 ψήφου.
1445 1112 1569 1181 Kal:
1593 1111 1695 1182 τὴν
1721 1110 1904 1181 ψῆφον

312 1203 378 1258 δέ
418 1204 509 1258 τοῦ
564 1204 830 1275 ὀνόματος
884 1205 980 1259 τοῦ
1047 1205 1260 1276 θηρίου,
1305 1203 1579 1275 πανταχοῦ
1634 1204 1904 1258 πλατῦναι

314 1296 683 1366 ἐπετηδεύθη,
711 1296 769 1349 εν
792 1313 851 1349 τε
886 1296 1124 1368 πράσεσι
1156 1300 1251 1351 καὶ
1271 1297 1456 1361 ὠναῖς,
1487 1296 1556 1350 ἵν’
1582 1298 1610 1350 6
1639 1296 1713 1368 μὴ
1742 1297 1907 1350 τοῦτο

314 1390 745 1460 ἐπιφερόμενος,
794 1391 853 1443 ἐν
890 1391 1012 1453 ταῖς
1038 1389 1148 1443 τῶν
1179 1389 1497 1457 ἀναγκαίων
1541 1388 1775 1454 ἐνδείαις
1815 1407 1906 1442 τε·

316 1482 582 1555 λευτήσῃ.
658 1480 917 1551 Ἀριθμὸν
956 1481 1015 1535 δὲ
1073 1481 1365 1553 ἀνθρώπου
1406 1481 1467 1535 τὸ
1511 1480 1683 1553 ὄνομα
1742 1476 1904 1541 εἶναι,

318 1572 447 1625 ἀντὶ⁵
478 1571 574 1625 τοῦ
633 1570 783 1635 ξένον
812 1571 935 1625 οὐδὲ
979 1570 1123 1643 ἀήθη
1157 1572 1252 1626 καὶ
1298 1573 1783 1644 ἐπικεκρυμμένον
1811 1573 1908 1626 καὶ

317 1664 549 1734 διπλόης
575 1665 854 1734 ἐχόμενον,
902 1664 1038 1718 ἀλλά
1088 1663 1271 1735 ψῆφον
1304 1664 1526 1737 ἐντρισῆ
1575 1666 1671 1719 καὶ
1728 1666 1903 1734 ἐγνω-

324 1756 539 1827 σμένην
600 1755 935 1826 ἀνθρὼποις.
982 1755 1239 1827 Ἀριθμὸς
1270 1755 1329 1810 δέ
1393 1755 1489 1810 τοῦ
1523 1755 1786 1827 ὀνόματος
1812 1755 1907 1809 τοῦ

318 1847 533 1919 ψήφου,
586 1847 848 1911 ἑξακόσια
899 1847 1245 1918 ἑξηκονταὲξ.
1283 1847 1480 1917 Σαφῶς
1527 1848 1637 1919 γὰρ
1683 1849 1820 1902 αὐτὸ
1847 1850 1909 1902 τὸ

319 1917 495 2009 ὃνομα
527 1939 589 1992 οὐ
624 1938 916 2010 παρέθετο,
959 1917 1139 1993 διὰτὸ
1171 1939 1306 2010 μηδὲ
1334 1939 1487 2005 ἄξιον
1537 1917 1681 1995 εἶναι
1715 1942 1814 2012 τῆς
1847 1943 1906 1995 ἐν
1940 1917 1979 1972 Β

326 2031 522 2102 βιϐλίῳ
550 2034 790 2103 γραφῆς.
827 2032 1032 2103 Διόπερ
1082 2033 1395 2103 γυμνασίας
1438 2034 1601 2105 χάριν
1649 2034 1906 2088 ἐπανελέ-

336 2121 464 2175 σοαι
493 2122 596 2174 οὐκ
653 2122 904 2192 ἄκαιρον,
947 2120 1017 2175 τὰ
1045 2120 1143 2191 τὴν
1166 2120 1348 2191 ψῆφον
1396 2122 1770 2192 ἐπιφερόμενα
1787 2121 1905 2174 ὀνό-

326 2232 476 2284 ματα
533 2213 699 2284 κύριά
748 2231 805 2267 τε
853 2213 948 2268 καὶ
996 2214 1398 2285 προσηγορικὰ.
1439 2214 1622 2285 Κύρια
1668 2215 1768 2285 μὲν
1793 2210 1905 2268 οἷον

323 2307 635 2376 Δαμπέτις,
673 2308 869 2361 Τειτᾶν
901 2324 917 2339 ο
946 2307 1040 2361 καὶ
1070 2306 1179 2360 ἀπὸ
1209 2306 1326 2373 τοῦ,
1369 2306 1531 2372 τενῶ,
1590 2307 1904 2377 μέλλοντος,

321 2396 514 2467 ὥσπερ
539 2399 632 2450 καὶ
661 2397 768 2450 ἀπὸ
794 2397 911 2462 τοῦ,
935 2386 1143 2467 σπερῶ,
1168 2396 1391 2467 σπόρος,
1414 2398 1672 2460 Λατεῖνος
1700 2397 1905 2467 ὁμοίως

319 2489 413 2543 διὰ
441 2488 755 2560 διφθόγγου.
821 2491 1208 2561 Προσηγορικὰ
1236 2491 1316 2556 δὲ,
1370 2492 1399 2543 6
1441 2491 1709 2562 Νικητής.
1747 2490 1904 2552 Ἰσως

322 2584 439 2654 γὰρ
465 2582 642 2646 οὕτως
669 2584 861 2637 ἑαυτὸν
887 2584 1170 2655 ὀνομάσει,
1201 2584 1298 2637 καὶ
1341 2584 1513 2649 κακὸς
1558 2583 1777 2656 όδηγὺς,
1810 2585 1907 2637 καὶ

322 2675 534 2745 ἀληθὴς
584 2676 869 2746 βλαϐερὸς,
915 2677 1010 2731 καὶ
1052 2678 1219 2732 πάλαι
1251 2677 1546 2749 βάσκανος,
1596 2678 1692 2730 καὶ
1733 2676 1907 2747 ἀμνὸς

322 2767 532 2834 ἄδικος,
571 2768 608 2822 ἀ
646 2769 711 2822 ὲκ
762 2770 876 2824 τῶν
933 2770 1197 2824 ἐναντίων
1241 2771 1394 2843 αὐτῷ
1448 2769 1901 2840 ἐπικληθήσεται,

322 2855 427 2925 τὴν
452 2859 659 2912 οἰκείαν
684 2858 847 2924 δόξαν
872 2860 932 2912 ἐν
963 2861 1031 2931 τῇ
1054 2859 1285 2931 αἰσχύνῃ
1310 2860 1716 2932 καρπούμενος.

2006 654 2267 714 computet
2297 661 2574 699 numerum
2604 643 2783 697 bestia:
2827 662 2846 700 :
2890 660 3140 715 numerus
3187 645 3324 698 enim
3358 642 3605 697 hominis:

2005 748 2104 799 881.
2132 746 2182 792 ει
2214 754 2460 791 numerus
2495 754 2610 807 ejus
2634 746 2878 792 sexcenta
2905 739 3183 808 δεπασὶιιια
3212 755 3325 794 8917.
3376 758 3379 761 ’

2078 916 2364 983 Quodnam
2418 916 2492 971 sit
2556 914 2886 987 cognitionis
2941 914 3208 975 indicium
3279 915 3585 987 subiungit,

2008 1024 2205 1078 nempe
2238 1024 2439 1064 nomen
2472 1008 2684 1065 bestiae.
2725 1008 2930 1079 Duplex
2975 1016 3061 1065 est
3091 1018 3275 1065 autem
3301 1010 3467 1079 hujus
3499 1009 3587 1067 in-

2009 1101 2280 1163 tellectus,
2343 1110 2439 1157 aut
2492 1100 2641 1172 quod
2694 1100 2964 1155 inferatur
3001 1100 3178 1171 ipsum
3230 1110 3452 1165 nomen,
3495 1111 3593 1155 aut

2008 1195 2153 1265 quod
2183 1195 2429 1273 calculus
2461 1195 2579 1250 sive
2611 1209 2900 1250 numerus.
2943 1192 3009 1248 Et
3041 1204 3195 1249 certe
3233 1208 3400 1265 opera
3426 1193 3591 1269 datur

2010 1298 2070 1343 ut
2107 1286 2356 1344 calculus
2411 1289 2653 1345 nominis
2712 1287 2903 1343 bestiae
2970 1288 3177 1358 ubique
3221 1286 3585 1348 diffundatur,

2011 1392 2122 1436 tam
2179 1380 2232 1435 in
2264 1382 2641 1451 emptionibus
2688 1395 2853 1451 quam
2903 1382 2957 1437 in
3002 1381 3409 1437 venditionibus
3451 1399 3467 1436 :
3530 1389 3592 1434 ιιι

2009 1474 2101 1546 qui
2133 1474 2287 1529 illum
2311 1489 2415 1530 non
2449 1474 2660 1538 afferat,
2709 1476 2781 1531 ob
2808 1476 3083 1531 defectum
3116 1491 3299 1531 rerum
3334 1489 3611 1541 necessity

2011 1570 2218 1623 t-iarum
2249 1570 2538 1624 moriatur.
2571 1568 2742 1625 Porro
2779 1570 2924 1640 quod
2959 1586 3162 1627 nomen
3194 1570 3265 1627 sit
3319 1585 3587 1625 numerus

2012 1660 2272 1725 hominis,
2310 1661 2415 1717 ltoc
2458 1671 2545 1717 est
2590 1662 2863 1718 familiare
2895 1673 2950 1718 et
3007 1679 3115 1717 non
3166 1665 3442 1718 insuetum
3490 1680 3591 1718 nec

2010 1753 2347 1808 occultatum
2404 1770 2470 1808 ac
2516 1755 2788 1823 duplicem
2835 1755 3046 1811 habens
3099 1756 3462 1821 intellectum,
3495 1758 3593 1810 sed

2012 1854 2316 1902 consuetus
2344 1847 2585 1903 calculus
2623 1859 2677 1903 et
2706 1848 2851 1903 inter
2893 1848 3147 1904 homines
3171 1850 3443 1920 cognitus.
3476 1849 3593 1902 Nu-

2013 1951 2200 1993 merus
2229 1946 2411 1992 autem
2438 1937 2635 1993 calculi
2668 1940 2911 1995 nominis
2938 1951 3022 1995 est
3048 1951 3303 1995 sexcenta
3324 1941 3615 2011 ’δειχθείη-ο-

2014 2036 2068 2081 ta
2116 2041 2232 2083 sex.
2266 2026 2545 2098 Siquidem
2588 2044 2697 2084 non
2726 2030 2985 2099 produxit
3015 2041 3203 2100 aperte
3245 2031 3299 2084 in
3346 2031 3588 2085 medium

2015 2117 2195 2187 ipsum
2231 2132 2457 2183 nomen,
2487 2134 2554 2174 co
2583 2120 2729 2190 quod
2759 2136 2827 2175 ne
2854 2131 3157 2176 mereretur
3183 2121 3404 2192 quidem
3448 2123 3589 2177 libro

2014 2210 2265 2266 inscribi.
2295 2210 2432 2269 Ideo
2484 2228 2594 2268 non
2645 2213 3090 2283 intempestivum
3141 2214 3310 2270 fuerit
3337 2217 3590 2271 exercitii

2017 2302 2191 2372 gratia
2225 2304 2331 2358 huc
2364 2306 2627 2361 reducere
2659 2306 2884 2360 nomina
2914 2316 3021 2361 tam
3048 2308 3268 2377 propria
3300 2323 3467 2378 quam
3497 2323 3594 2377 ap-

2016 2395 2268 2465 pellativa
2328 2411 2451 2466 quae
2474 2412 2764 2452 numerum
2806 2399 2950 2454 hunc
2995 2400 3310 2454 conﬁciant.
3362 2398 3595 2470 Propria

2013 2485 2233 2556 quidem
2267 2486 2651 2557 ιιιΛαμπέτις,
2675 2488 2873 2543 Τειτᾶν
2898 2507 2912 2543 :
2935 2497 2991 2544 et
3020 2504 3050 2543 a
3089 2488 3274 2544 futuro
3303 2489 3441 2542 τενῶ
3464 2490 3594 2560 (sic-

2015 2589 2075 2634 ut
2118 2582 2280 2635 etiam
2310 2595 2340 2634 a
2378 2580 2589 2652 σπερῶ,
2625 2582 2848 2654 σπόρος)
2881 2583 3139 2646 Λατεῖνος
3188 2583 3440 2638 similiter
3497 2595 3598 2652 per

2012 2674 2435 2747 diphthongum.
2489 2676 2827 2747 Appellativa
2899 2694 3030 2733 vero
3060 2682 3089 2732 6
3115 2680 3377 2752 Νικητὸς,
3418 2679 3471 2734 id
3487 2690 3593 2744 est,

2012 2769 2191 2825 vietor
2232 2788 2245 2825 :
2278 2772 2535 2827 fortassis
2587 2773 2735 2827 enim
2792 2773 2865 2827 ita
2896 2772 3137 2844 seipsum
3170 2774 3489 2844 appellabit.
3539 2782 3598 2828 ct

2012 2864 2182 2925 κακὸς
2213 2862 2432 2934 όδηγδς,
2461 2863 2514 2918 id
2541 2873 2649 2929 est,
2672 2879 2878 2934 pravus
2893 2865 3025 2930 dux,
3054 2866 3138 2919 vel
3164 2865 3371 2936 ἀληθὴς
3397 2864 3595 2935 βλαϐε-

334 2951 450 3018 ρδς,
491 2951 542 3006 id
573 2962 682 3017 est,
716 2968 843 3007 vere
875 2969 1101 3019 nocens,
1128 2953 1212 3008 vel
1251 2954 1422 3009 πάλαι
1455 2954 1745 3025 βάσκανος,
1776 2954 1827 3009 id
1863 2969 1908 3009 et

2015 2955 2112 3020 iam
2161 2956 2292 3011 olim
2332 2956 2574 3022 invidus,
2624 2967 2721 3011 aut
2768 2956 2941 3027 ἀμνὸς
2972 2957 3180 3022 ἄδικος.
3210 2956 3262 3011 id
3286 2967 3390 3020 est,
3417 2971 3595 3025 agnus

332 3064 536 3103 noeens
573 3067 587 3103 :
629 3050 924 3119 quibusex
978 3052 1046 3107 iis
1075 3067 1198 3122 quae
1219 3052 1326 3109 sibi
1370 3053 1648 3108 contraria
1708 3060 1839 3108 sunt
1894 3051 2398 3123 eognomiuabitur,
2463 3068 2622 3108 suam
2670 3053 2900 3123 gloriam
2942 3068 3039 3123 per
3068 3068 3134 3107 ea
3195 3067 3318 3122 qua:
3366 3049 3595 3106 infamia

325 3149 459 3195 sunt
487 3141 768 3214 colligens.

413 3235 515 3288 Ἐκ
539 3233 661 3288 τῶν
687 3236 793 3289 τοῦ
834 3236 1127 3307 Ἀνδρέου.
1179 3236 1290 3309 Τὴν
1341 3238 1441 3308 μὲν
1481 3238 1772 3310 ἀκρίϐειαν
1808 3237 1907 3306 τῆς

2084 3232 2170 3286 Ex
2193 3230 2430 3287 Amtrea.
2462 3229 2722 3286 Exactam
2755 3230 2974 3287 numeri
3020 3229 3292 3295 notitiam,
3324 3234 3588 3302 quemad-

324 3327 532 3397 ψήφου,
561 3328 637 3392 ὡς
676 3331 771 3383 καὶ
790 3331 858 3384 τὰ
889 3331 1052 3385 λοιπά
1084 3332 1212 3404 περὶ
1237 3331 1408 3386 αὐτοῦ
1456 3333 1844 3404 γεγραμμένα,
1882 3331 1911 3385 ό

328 3420 523 3489 χρόνος
545 3422 887 3493 ἀποκαλύψει
939 3425 1035 3479 καὶ
1065 3426 1099 3496 ὴ
1132 3428 1301 3495 πεῖρα
1360 3426 1476 3488 τοῖς
1533 3427 1813 3495 νήφουσιν.
1848 3424 1911 3477 El

327 3514 441 3584 γὰρ
472 3514 601 3577 ἔδει.
628 3515 813 3581 καθώς
844 3518 976 3587 φασί
1008 3536 1153 3583 τινες
1185 3519 1298 3573 τῶν
1327 3518 1688 3586 διδασκάλων,
1718 3517 1909 3588 σαφῶς

330 3605 648 3673 γνωσθῆναι
674 3606 735 3659 τὸ
765 3608 1008 3662 τοιοῦτον
1035 3610 1228 3679 ὄνομα,
1251 3612 1280 3664 6
1312 3609 1646 3681 τεθεαμένος
1680 3610 1812 3663 αὐτὸ
1842 3609 1909 3662 ἀν

331 3694 708 3765 ἀπεκάλυψεν.
748 3697 888 3749 Ἀλλ’
929 3699 1031 3753 οὐκ
1064 3701 1371 3775 ηὐδόκησεν
1420 3702 1454 3772 ἡ
1486 3700 1606 3755 θεία
1646 3701 1806 3771 χάρις
1853 3701 1911 3753 ἐν

333 3784 454 3855 θείᾳ
484 3786 654 3858 βίϐλῳ
677 3790 737 3841 τὸ
766 3790 859 3843 τοῦ
892 3790 1170 3860 λυμεῶνος
1217 3794 1452 3864 ταγῆναι
1499 3792 1694 3863 ὄνομα.
1741 3792 1828 3856 Ὠς
1854 3792 1911 3846 δὲ

330 3879 390 3931 ἐν
414 3882 723 3947 γυμνασίας
767 3882 932 3953 λόγῳ,
971 3883 1145 3938 πολλά
1195 3885 1344 3939 ἔστιν
1394 3886 1603 3955 εὑρεῖν,
1643 3886 1786 3941 κατά
1819 3886 1910 3939 τὸν

334 3973 610 4044 μακάριον
648 3975 966 4031 Ἱππόλυτον
995 3981 1089 4031 καλ⁸
1122 3979 1341 4049 ἐτέρους
1382 3979 1633 4044 πολλοὺς,
1669 3980 1912 4050 ὀνόματα

327 4066 424 4118 τὸν
452 4066 691 4138 ἀριθμὸν
713 4068 907 4124 τοῦτον
938 4071 1265 4142 περιέχοντα
1291 4075 1678 4144 προσηγορικὰ
1723 4090 1781 4126 τε
1815 4073 1912 4126 καὶ

330 4173 518 4228 κυρια.

900 4295 1150 4350 ΚΕΦΑΛ.
1216 4295 1343 4353 ΛΘ’.

327 4429 467 4500 Περὶ
497 4429 619 4486 τῶν
645 4431 763 4504 ρμδ¹
789 4431 1079 4503 χιλιάδων
1097 4433 1217 4487 τῶν
1244 4434 1368 4488 σὺν
1400 4433 1480 4502 τῷ
1517 4435 1705 4505 ἀρνίῳ
1731 4434 1912 4490 ἑστώς

825 4520 941 4557 των
976 4506 1046 4557 ἐν
1079 4505 1200 4573 ὄρει
1244 4505 1417 4562 Σιών.

402 4619 509 4673 Καὶ
540 4614 728 4684 εἶδον,
760 4620 860 4672 καὶ
893 4619 1023 4674 ἰδοὺ
1056 4621 1123 4674 τὸ
1163 4622 1391 4690 Ἀρνίον
1415 4622 1674 4690 ἑστηκὸς
1702 4622 1802 4676 ἐπὶ
1836 4622 1904 4675 τὸ

325 4708 466 4778 ἔρος
492 4708 667 4774 Σιὼν,
700 4710 798 4763 καὶ
828 4709 957 4779 μετ’
978 4711 1167 4765 αὑτοῦ
1187 4711 1435 4780 ἀριθμὸς
1468 4711 1586 4783 ρμδ’
1611 4711 1904 4780 χιλιάδες,

323 4803 580 4870 ἔχουσαι
621 4801 687 4855 τὸ
718 4802 908 4872 ὄνομα
941 4803 1152 4868 αὑτοῦ,
1187 4803 1380 4857 καὶτὸ
1407 4804 1596 4873 ὄνομα
1645 4803 1752 4858 τοῦ
1790 4821 1905 4856 πα-

324 4893 469 4960 τρὸς
494 4894 682 4947 αὑτοῦ
712 4895 1123 4965 γεγραμμένον
1161 4896 1260 4949 ἐπὶ
1310 4894 1431 4949 τῶν
1469 4897 1760 4965 μετώπων
1796 4900 1906 4951 αὺ-

324 4984 468 5040 τῶν.
527 4986 635 5040 Kal
683 4987 924 5056 ἤκουσα
963 4990 1175 5058 φωνὴν
1223 4990 1294 5043 ἐκ
1349 4989 1458 5043 τοῦ
1512 4991 1794 5058 οὐρανοῦ,
1827 4993 1908 5058 ὡς

325 5073 539 5142 φωνὴν
565 5073 806 5129 ὑδάτών
838 5076 1107 5139 πολλῶν,
1142 5078 1239 5131 καί
1275 5080 1354 5145 ὡς
1377 5078 1590 5148 φωνὴν
1636 5081 1908 5149 βροντῆς

318 5167 613 5236 μεγάλης.
647 5168 757 5222 Καὶ
784 5171 822 5239 ὴ
854 5171 1023 5239 φωνὴ
1059 5171 1139 5239 ἣν
1157 5172 1415 5241 ἤκουσα,
1452 5174 1532 5239 ὡς
1568 5175 1909 5243 κιθαρῳδῶν

323 5259 745 5328 κιθαριζόντων
768 5264 839 5316 ἐν
859 5264 985 5330 ταῖς
1022 5264 1292 5333 κιθάραις
1320 5265 1537 5322 αὐτῶν.
1571 5266 1680 5321 Kal
1726 5266 1908 5333 ᾅδουο

325 5368 436 5404 σιν
457 5353 625 5421 ᾠδὴν
659 5355 878 5424 καινὴν
898 5357 1159 5411 ἐνώπιον
1196 5358 1302 5413 τοῦ
1347 5360 1585 5426 θρόνου,
1624 5361 1721 5413 καὶ
1763 5360 1906 5414 ἐνώ-

324 5459 468 5499 πιον
496 5444 616 5500 τῶν
642 5447 955 5517 τεσσάρων
981 5448 1138 5510 ζώων
1173 5452 1272 5504 καὶ
1303 5450 1421 5505 τῶν
1463 5453 1902 5521 πρεσϐυτέρων.

323 5540 438 5595 Kal
468 5540 666 5607 οὐδεὶς
696 5542 948 5598 ἐδύνατο
987 5544 1203 5613 μαθεῖν
1244 5544 1358 5613 τὴν
1397 5546 1584 5613 ᾠδὴν,
1638 5549 1690 5600 ει
1731 5547 1816 5615 μὴ
1846 5550 1905 5601 ul

326 5634 450 5703 ρμδ⁰
474 5633 743 5703 χιλιάδες
773 5639 827 5690 ol
852 5638 1256 5708 ἠγορασμένοι
1293 5639 1413 5693 ἀπὸ
1437 5638 1550 5707 τῆς
1590 5638 1723 5709 γῆς.

409 5729 534 5781 Ἐπὶ
564 5730 631 5782 τὸ
672 5729 812 5798 ὄρος
847 5730 1017 5785 Σιών.
1074 5734 1147 5784 Οὐ
1178 5734 1276 5802 τῆς
1336 5733 1597 5797 παλαιᾶς.
1633 5735 1714 5787 ὅτι
1767 5734 1903 5805 μηδὲ

324 5822 466 5893 αὑτὴ
513 5824 754 5893 ὑπήκοος
782 5822 861 5893 τῷ
902 5824 1122 5895 ’Λρνίῳ,
1172 5826 1200 5879 ὃ
1231 5828 1377 5878 ἐστιν
1404 5829 1431 5879 6
1489 5826 1747 5895 Χριστὸς,
1787 5826 1904 5878 ἀλλ’

322 5919 424 5976 ἐπὶ
460 5916 562 5987 τῆς
593 5917 737 5981 νέας,
778 5917 899 5986 ἥτις
927 5917 1045 5970 ἐστὶ
1086 5918 1242 5982 πόλις
1280 5919 1417 5974 Θεοῦ
1456 5919 1681 5987 ζῶντος,
1713 5915 1781 5994 ἧς
1810 5919 1904 5977 νῦν

685 6013 960 6075 ΡΑτιπιοι..
1004 6016 1119 6076 GR.
1164 6013 1322 6078 CVI.

2015 3326 2235 3382 modum
2268 3334 2325 3380 et
2366 3334 2564 3380 caetera
2604 3339 2727 3395 quae
2754 3325 2821 3379 de
2862 3323 2985 3395 ipso
3014 3324 3220 3394 scripta
3253 3335 3406 3391 sunt,
3452 3338 3597 3383 tem-

2013 3433 2116 3488 pus
2144 3427 2199 3471 et
2221 3416 2561 3487 experientia
2593 3414 2917 3471 revelabuut
2941 3415 3027 3471 his
3064 3415 3160 3485 qni
3214 3416 3588 3487 vigilaverint.

2017 3509 2161 3565 Nam
2188 3509 2234 3564 si
2255 3509 2556 3580 expediret,
2595 3518 2654 3563 ut
2679 3508 2869 3563 volunt
2906 3508 3155 3564 nonnulli
3183 3510 3455 3575 doctores,
3490 3511 3597 3566 ltu-

2010 3599 2253 3670 jusmodi
2283 3608 2469 3669 aperte
2485 3598 2741 3669 cognosci
2765 3612 2985 3663 nomen,
3007 3599 3054 3653 is
3085 3599 3276 3668 utique
3298 3602 3392 3670 qui
3416 3602 3594 3670 ipsum

2016 3689 2153 3745 vidit
2176 3688 2495 3754 revelassct,
2537 3688 2634 3743 sed
2679 3703 2789 3743 non
2839 3688 3046 3758 placuit
3081 3690 3283 3745 divinae
3315 3693 3504 3761 gratiae
3539 3703 3601 3749 ut

2017 3800 2216 3840 nomen
2246 3783 2490 3849 pestiferi
2514 3781 2755 3838 hominis
2800 3782 2856 3837 in
2912 3782 3099 3838 (livino
3128 3783 3268 3838 libro
3299 3784 3600 3840 referretur

2015 3879 2069 3933 in
2105 3879 2353 3933 ordinem
2395 3899 2408 3933 :
2445 3887 2683 3933 attamen
2739 3876 2991 3931 exercitii
3034 3878 3209 3946 gratia
3262 3878 3433 3931 multa
3467 3893 3598 3948 pos-

2013 3979 2147 4026 sunt
2201 3970 2437 4026 inveniri
2484 3971 2707 4025 nomina
2757 3970 2910 4039 juxta
2959 3969 3179 4025 beatum
3245 3971 3598 4040 Hippolytum

2015 4062 2181 4134 766
2209 4062 2460 4133 aliosque
2490 4062 2691 4117 multos
2722 4078 2845 4129 quae
2885 4062 3033 4117 hunc
3057 4062 3378 4119 contineant
3402 4078 3600 4118 nume—

2016 4170 2137 4209 rum
2173 4164 2282 4208 tam
2313 4153 2532 4224 propria
2562 4170 2726 4223 quant
2761 4154 3109 4223 appellativa.

2542 4284 2771 4343 CAPUT
2823 4286 3066 4342 XXXlX.

2016 4402 2095 4477 De
2128 4412 2338 4456 centum
2391 4402 2750 4472 quadraginta
2790 4412 3018 4473 quatuor
3081 4402 3313 4477 millibus
3360 4406 3449 4474 qui
3481 4417 3600 4457 cum

2372 4478 2520 4543 Agna
2549 4477 2763 4526 stabant
2801 4477 2852 4527 in
2876 4484 3048 4528 tnonte
3082 4476 3234 4528 Sion.

2087 4612 2232 4680 XIV,
2265 4614 2383 4668 1-5.
2413 4613 2482 4667 Et
2515 4612 2621 4667 vidi
2653 4623 2702 4666 et
2740 4629 2855 4668 (cce
2895 4614 3075 4683 Agnus
3121 4613 3299 4669 stabat
3339 4615 3394 4667 in
3429 4625 3604 4669 monte

2013 4705 2232 4772 Sion,et
2259 4721 2377 4759 cum
2400 4722 2459 4759 eo
2490 4722 2738 4784 numerus
2764 4718 2971 4761 centum
2989 4709 3353 4783 quadraginta
3371 4721 3604 4778 quatuor

2011 4800 2240 4854 millium
2263 4799 2569 4854 habentium
2603 4817 2789 4856 nomen
2831 4801 2946 4869 ejus
2977 4810 3025 4854 et
3063 4817 3251 4855 nomen
3282 4803 3451 4869 patris
3480 4804 3598 4871 ejus

2014 4895 2271 4962 scriptum
2300 4894 2355 4947 in
2379 4894 2644 4959 frontibus
2680 4896 2814 4949 suis.
2842 4892 2909 4946 Et
2934 4893 3116 4947 audiri
3158 4910 3331 4948 uocem
3378 4896 3442 4947 de
3471 4896 3601 4949 caelo

2013 4998 2271 5058 tanquam
2295 5004 2473 5042 vocem
2502 5004 2763 5057 aquarum
2796 4987 3113 5053 multarum,
3145 4998 3194 5042 et
3221 4999 3477 5058 tanquam
3508 5005 3599 5043 uo-

2016 5098 2127 5137 cent
2165 5083 2387 5136 tonitrui
2424 5082 2601 5148 magni
2643 5098 2662 5135 :
2687 5092 2735 5135 et
2765 5095 2865 5135 uox
2902 5096 3064 5151 quam
3102 5080 3283 5134 audivi
3324 5082 3483 5136 veluti
3524 5084 3601 5135 ci-

2015 5176 2825 5229 tharaedornmcitharizantium
2872 5175 2927 5227 in
2963 5173 3185 5227 citharis
3214 5175 3345 5228 suis.
3399 5174 3465 5226 Et
3508 5192 3601 5228 ca-

2014 5276 2143 5319 nunt
2172 5269 2326 5336 quasi
2361 5268 2630 5320 canticum
2673 5283 2863 5321 novum
2908 5276 3028 5321 ante
3080 5266 3350 5332 thronum,
3389 5276 3439 5320 et
3478 5276 3633 5328 ante.

2012 5368 2244 5430 quatuor
2275 5360 2533 5413 animalia
2582 5371 2630 5415 et
2687 5362 2937 5414 seniores.
2970 5357 3040 5412 Et
3076 5375 3226 5413 nemo
3256 5366 3463 5425 poterat
3514 5360 3602 5409 di-

2011 5468 2152 5506 scere
2183 5452 2450 5507 canticum
2481 5451 2615 5504 illud
2670 5452 2774 5505 nisi
2822 5451 2920 5505 illa
2967 5461 3178 5505 centum
3237 5448 3600 5520 quadraginta
3653 5436 3656 5440 ’

2010 5556 2240 5616 quatuor
2271 5547 2441 5600 millia
2463 5547 2553 5617 qui
2584 5547 2745 5616 empti
2774 5559 2894 5601 sunt
2914 5547 2979 5601 de
3004 5556 3169 5600 terra.

2083 5725 2149 5780 In
2175 5736 2347 5781 monte
2377 5726 2527 5781 Sion.
2555 5726 2671 5781 Non
2702 5729 2756 5782 in
2798 5728 2965 5783 veteri
3012 5727 3171 5792 Sion,
3235 5726 3362 5796 quia
3414 5738 3595 5794 neque

2014 5821 2131 5875 lucc
2161 5821 2579 5888 obtemperabat
2624 5822 2780 5890 Agna
2831 5822 2925 5890 qui
2957 5830 3043 5877 est
3092 5820 3368 5885 Christus,
3402 5819 3494 5875 sed
3539 5822 3595 5873 in

2010 5931 2154 5974 nova
2176 5932 2299 5987 qua:
2327 5924 2411 5972 est
2439 5914 2633 5970 civitas
2657 5913 2751 5969 Dei
2780 5914 3011 5970 viventis
3045 5928 3212 5985 quam
3256 5926 3402 5967 nunc
3446 5911 3585 5968 dici-

3110 6011 3191 6071 2'2
