4046 6584
486 400 593 467 683

1300 408 1629 471 ARETH/E
1668 407 2050 471 CXESAREE
2087 409 2576 473 CAPPADOCI/E
2615 410 2955 476 EPISCOPI

3642 415 3753 480 694

488 520 581 567 tur
601 509 791 582 Agnus
845 511 1183 578 ascendisse.
1225 516 1617 573 maniiestante
1667 518 1879 574 visione
1934 533 2067 573 con-

2167 518 2443 574 δείκνυται
2493 520 2824 591 ἐπιϐεϐηκὺς
2884 522 2947 575 τὸ
2990 520 3181 594 ἀρνίον
3225 522 3322 594 τὴν
3369 522 3456 577 ἐπ’
3505 524 3755 595 ἐσχάτων

480 604 793 661 versionem
838 604 1005 660 Israel
1049 621 1172 676 quae
1213 606 1304 663 ﬁet
1355 610 1658 678 postremis
1698 610 2060 677 temporibus,

485 713 650 787 quam
677 707 731 753 et
768 698 927 754 divus
950 699 1132 755 innuit
1164 699 1367 758 Paulus
1393 702 1522 756 dum
1551 704 1626 757 ait
1660 719 1674 757 :
1714 721 1733 754 ι
1782 702 1919 758 Cum
1949 704 2064 773 ple-

485 789 679 845 nitudo
705 790 947 861 gentium
985 792 1297 859 intraverit,
1329 795 1659 850 tunc’omuis
1696 794 1859 849 Israel
1879 795 2063 852 salvus

482 884 591 938 erit
619 883 686 951 ’⁸,
724 902 743 937 ι
774 884 830 938 in
862 884 1065 940 Christi
1098 885 1353 941 videlicet
1397 886 1651 942 redactus
1702 885 2059 942 famulitium.

554 973 624 1028 Et
655 990 776 1028 cum
803 990 865 1029 eo
907 991 1154 1029 numerus
1202 984 1407 1029 centum
1447 972 1805 1045 quadraginta
1832 982 2065 1044 quatuor

483 1068 731 1121 millium.
756 1064 1029 1122 Numerus
1058 1067 1255 1122 borum
1289 1064 1544 1132 millium,
1577 1080 1688 1119 non
1718 1065 1943 1120 illorum
1977 1073 2064 1121 est

483 1162 550 1215 de
576 1162 777 1230 quibus
809 1160 1128 1230 praedictum
1159 1166 1243 1213 est
1271 1157 1418 1227 quod
1458 1172 1524 1213 ex
1549 1172 1883 1229 unaquaque
1914 1159 2062 1213 tribu

482 1253 832 1309 crediderunt
862 1252 913 1305 in
945 1252 1224 1306 Christum
1256 1268 1270 1304 :
1325 1265 1451 1305 nam
1506 1250 1552 1306 si
1605 1252 1659 1306 id
1692 1250 1910 1315 fuisset,
1937 1266 2061 1308 cum

481 1344 711 1399 articqu
748 1343 1069 1412 protulisset
1100 1341 1315 1407 dicens,
1340 1338 1549 1395 Horum
1577 1350 1795 1395 centum
1825 1340 2065 1410 quadra-

478 1440 625 1509 ginta
657 1447 895 1509 quatuor
928 1438 1159 1492 millium
1195 1454 1209 1492 :
1237 1438 1501 1508 quoniam
1556 1444 1742 1492 autem
1775 1438 1895 1493 sine
1927 1436 2064 1491 arti-

478 1530 603 1584 culo
648 1528 898 1600 protulit,
952 1529 1228 1600 reliquum
1295 1539 1384 1585 est
1450 1536 1512 1584 ut
1566 1529 1910 1600 intelligatur
1961 1529 2063 1582 bos

478 1624 683 1679 divisse
712 1624 804 1694 qui
838 1638 904 1677 ex
953 1624 1210 1695 gentibus
1268 1624 1625 1679 crediderunt
1672 1642 1684 1677 :
1719 1622 1849 1677 dum
1887 1621 2062 1690 gratia

479 1716 649 1771 divini
683 1715 912 1772 seminis
939 1731 1062 1787 quae
1085 1717 1138 1770 in
1163 1729 1498 1786 unoquoque
1531 1714 1631 1770 l‘uit
1658 1714 2060 1785 apostolorum,

480 1808 778 1865 duodecies
809 1818 1028 1880 operata
1061 1810 1132 1866 sit
1162 1810 1215 1864 in
1247 1809 1561 1880 millecuplo
1610 1807 1847 1863 fructqu
1885 1804 2062 1877 perie-

479 1910 627 1957 ctum
658 1901 780 1956 ﬁdei
813 1916 1004 1956 eorum
1036 1901 1129 1971 qui
1162 1900 1298 1955 salvi
1330 1900 1507 1964 ﬁunt;
1553 1898 1715 1969 767
1748 1897 1950 1968 quibus
1978 1907 2063 1951 at-

478 2001 708 2048 testatur
737 1993 884 2062 quod
915 1992 1285 2062 virginitatem
1320 1989 1674 2061 prmstiterint
1721 1998 1830 2043 tam
1864 2001 2057 2057 corpo-

476 2086 557 2139 ris
610 2098 776 2154 quam
816 2083 1038 2148 animae,
1094 2097 1218 2153 quae
1264 2070 1407 2152 apud
1437 2079 1699 2136 Hebmos
1750 2093 1875 2134 rara
1929 2078 2053 2133 fuit.

475 2177 633 2244 Quod
666 2184 849 2232 autem
885 2176 1124 2231 habeant
1180 2189 1379 2232 nomen
1430 2173 1613 2229 Patris
1648 2174 1770 2241 ejus
1822 2181 1876 2227 et
1934 2171 2056 2226 Filii

475 2270 741 2341 scriptum
792 2271 845 2324 in
880 2270 1174 2337 frontibus,
1224 2270 1498 2340 signiﬁcat
1537 2268 1682 2339 quod
1722 2266 1904 2321 divina
1937 2264 2060 2320 luce

474 2362 651 2434 ipsius
680 2362 852 2418 divini
886 2362 1077 2417 vultus
1110 2361 1494 2431 obsignentur,
1527 2374 1626 2429 per
1658 2356 1812 2428 quod
1841 2354 2058 2411 aemulis

475 2457 531 2511 in
562 2457 664 2511 boe
696 2464 751 2510 et
778 2455 1104 2525 perniciosis
1127 2452 1469 2510 daemonibus
1509 2450 1704 2506 terrori
1738 2456 1890 2505 sunt.

549 2547 825 2619 Tanquam
862 2563 1037 2602 uocem
1086 2562 1348 2618 aquarum
1398 2542 1691 2598 multarum
1722 2548 1772 2595 et
1806 2549 2060 2609 tanquam

474 2658 649 2700 vacem
692 2642 918 2697 tonitrui
959 2642 1160 2712 magni.
1185 2640 1470 2709 Aquarum
1511 2646 1567 2691 et
1595 2634 1827 2690 tonitrui
1874 2647 1940 2687 ac
1977 2631 2057 2685 ci-

477 2737 648 2793 thara
693 2751 824 2800 vox,
876 2734 1151 2805 signiﬁcat
1196 2733 1504 2787 claritatem
1556 2728 1765 2785 auditui
1816 2725 2056 2796 perviam

474 2828 798 2901 ltymnidici,
838 2828 1050 2893 canori,
1104 2826 1292 2881 suavis
1339 2840 1405 2881 ac
1453 2823 1684 2880 consoni
1735 2828 2055 2877 sanctorum

472 2931 691 2987 cantus,
724 2922 819 2993 qui
872 2921 1185 2976 universam
1225 2918 1619 2991 complectitur
1670 2913 2059 2986 primogenito-

473 3031 598 3072 rum
632 3015 690 3070 in
719 3011 879 3077 cmlis
926 3014 1327 3083 descriptorum
1385 3011 1688 3067 Ecclesium
1742 3016 2058 3077 coetumque

470 3110 776 3183 publicum,
810 3126 841 3165 a
888 3109 1088 3179 quibus
1129 3107 1290 3163 laude
1338 3105 1648 3161 celebratur
1694 3102 2057 3174 primogenita

469 3204 711 3260 vocatio.
740 3203 854 3274 Ego
878 3210 1061 3256 autem
1110 3199 1309 3270 opinor
1333 3198 1478 3268 quod
1510 3210 1579 3251 ne
1612 3196 1805 3251 audire
1832 3196 2055 3265 quidem

2164 610 2522 684 ἐπιστροφὴν,
2545 613 2966 686 παραδηλούσης
2977 615 3078 685 τῆς
3095 615 3367 693 όπτασίας.
3378 614 3473 669 τοῦ
3497 617 3743 689 Ἰσραήλ.

2170 703 2273 755 Ἦν
2306 703 2403 755 καὶ
2428 703 2686 767 Παῦλοςό
2712 704 2855 768 θεῖος
2883 706 3104 776 ᾐνίξατο
3131 705 3200 759 δι’
3218 700 3293 760 ὧν
3319 723 3484 777 φησιν
3514 722 3528 737 ο
3566 727 3584 759 ι
3614 709 3749 762 Ὅτε

2163 795 2225 847 τὸ
2256 795 2535 866 πλήρωμα
2564 796 2673 849 τῶν
2700 797 2872 851 ἐθνῶν
2917 798 3160 869 εἰσέλθῃ,
3221 799 3342 851 τότε
3371 800 3480 862 πᾶς
3529 798 3749 872 Ἰσραὴλ

2166 886 2488 958 σωθήσεται,
2524 907 2544 940 ι
2581 889 2885 953 οίκειωθεὶς
2909 890 2987 960 τῷ
3017 889 3261 961 Χριστῷ.

2236 977 2345 1031 Καὶ
2379 980 2505 1046 μετ’
2528 978 2717 1033 αὐτοῦ
2736 980 2985 1049 ἀριθμὸς
3019 977 3139 1051 ρμδ¹
3164 979 3455 1049 χιλιάδες.
3501 983 3562 1035 '0
3584 981 3747 1055 αριθ-

2167 1070 2266 1140 μὸς
2298 1071 2355 1124 δὲ
2382 1071 2493 1124 τῶν
2529 1072 2785 1140 χιλιάδων
2813 1073 2911 1143 οὐχ
2962 1075 2991 1126 ό
3021 1072 3193 1135 αὐτὸς
3227 1073 3336 1126 τῶν
3383 1074 3478 1143 ἀφ’
3508 1075 3749 1143 ἑκάστης

2164 1163 2339 1231 φυλῆς
2368 1164 2784 1235 προειρημένων
2807 1165 3239 1219 πεπιστευκέναι
3281 1166 3361 1236 τῷ
3395 1166 3639 1237 Χριστῷ.
3668 1164 3748 1219 Ἦ

2162 1252 2272 1323 γὰρ
2298 1253 2365 1307 ἂν
2396 1253 2537 1323 μετά
2564 1254 2659 1308 τοῦ
2705 1254 2915 1325 ἄρθρου
2958 1257 3322 1326 προήνεγκεν,
3354 1257 3420 1309 Δί
3458 1256 3577 1328 ρμδ⁷
3606 1257 3749 1328 χιλι-

2164 1344 2311 1408 άδες,
2381 1345 2572 1400 εἰπών.
2640 1345 2780 1398 Ἀλλ’
2835 1347 3023 1418 ἐπειδὴ
3076 1348 3453 1419 ἀσυνάρθρως,
3495 1348 3745 1403 λείπεται

2161 1437 2289 1499 τοὺς
2317 1436 2428 1489 ἀπὸ
2479 1436 2588 1491 τῶν
2624 1437 2811 1491 Δὲθνιίἶιν
2864 1442 3003 1491 νοεῖν
3033 1440 3199 1493 αὑτὸν
3228 1441 3529 1512 είρηκέναι,
3555 1443 3656 1513 τῆς
3686 1446 3748 1497 ὲν

2164 1530 2381 1600 ἑκάστῳ
2412 1530 2637 1600 χάριτος
2665 1530 2761 1585 τοῦ
2795 1531 2943 1585 θείου
2977 1535 3181 1605 σπόρου
3238 1537 3334 1588 καὶ
3374 1536 3745 1591 ἀποστολικοῦ

2162 1621 2467 1685 δωδεκάκις
2522 1623 2791 1693 χιλιοστὸν
2854 1624 3336 1697 ἀπεργαζομένης,
3394 1627 3579 1681 τέλεον
3648 1628 3748 1680 τὸν

2164 1715 2377 1786 καρπὸν
2402 1716 2503 1786 τῆς
2527 1716 2638 1769 τῶν
2673 1716 2996 1787 σωζομένων
3036 1719 3294 1785 πίστεως,
3324 1715 3405 1782 οἷς
3440 1719 3746 1791 παρθενίαν

2164 1807 2589 1877 κατωρθωκέναι
2643 1812 3059 1881 προσμαρτυρεῖ
3086 1810 3209 1881 [ὅση
3254 1811 3478 1878 σαρκὸς,
3513 1812 3613 1883 ὅση
3643 1813 3747 1882 cu-

2166 1903 2265 1971 κῆς
2299 1900 2461 1974 (4οη,
2492 1902 2521 1955 ὅ
2549 1903 2777 1957 σπάνιον
2830 1904 2960 1976 παρ’
2999 1903 3292 1974 Ἑϐραίοις.
3320 1903 3468 1957 Τὸδὲ
3512 1904 3656 1975 ἔχειν
3684 1906 3747 1959 τὸ

2166 1996 2338 2067 ὄνομα
2400 1995 2493 2049 τοῦ
2563 1996 2775 2067 [Ἰατρὸς
2831 1996 2998 2051 αὑτοῦ
3060 1997 3447 2068 γεγραμμένον
3505 2000 3602 2051 καὶ
3647 1997 3745 2051 τοῦ

2161 2087 2292 2140 Υἱοῦ
2330 2088 2441 2159 (41)
2473 2089 2566 2141 ἐπὶ
2595 2086 2886 2158 μετώπων,
2917 2087 3089 2157 δηλοῖ,
3119 2088 3197 2151 ti);
3217 2087 3297 2157 τῷ
3327 2087 3457 2158 θείῳ
3476 2090 3617 2157 φωτὶ
3636 2088 3737 2142 τοῦ

2158 2178 2454 2248 προσώπου
2486 2178 2652 2233 αὑτοῦ
2676 2179 2776 2233 τοῦ
2811 2178 2958 2233 θείου
2983 2178 3399 2251 σφραγίζονται,
3432 2179 3501 2233 δι’
3531 2175 3592 2234 οὗ
3620 2183 3738 2245 τοῖς

2159 2272 2478 2342 ἀντιμίμοις
2521 2272 2615 2325 ἐπὶ
2654 2271 2845 2326 τούτου
2887 2271 3156 2356 ὀλεθρίοις
3212 2272 3456 2343 δαίμοσι,
3512 2274 3741 2344 φοὸεροὶ

2159 2365 2417 2432 γίνονται.

2242 2543 2340 2609 Ὠς
2390 2545 2603 2614 φωνὴν
2643 2545 2885 2601 ὑδάτων
2927 2546 3198 2612 πολλῶν,
3239 2548 3337 2603 καί
3386 2547 3469 2614 ὡς
3529 2549 3742 2618 φωνὴν

2153 2635 2423 2704 ,ϐροντῆς
2452 2637 2750 2707 μεγάλης.
2798 2639 2863 2693 Ἡ
2891 2639 3003 2692 τῶν
3037 2639 3247 2694 ὑδάτων
3288 2640 3386 2696 καὶ
3436 2638 3547 2693 τῶν
3578 2641 3741 2711 βρον-

2159 2727 2269 2781 τῶν
2308 2729 2519 2800 καὶτῆς
2549 2729 2783 2802 κιθάρας
2810 2731 2985 2803 φωνὴ,
3013 2731 3076 2786 τὺ
3100 2731 3425 2805 διαπρύσιον
3458 2732 3609 2803 δηλοῖ
3640 2733 3742 2803 τῆς

2159 2816 2270 2870 τῶν
2321 2818 2494 2887 ἁγίων
2526 2819 2802 2891 ὑμνῳδίας
2834 2821 2933 2875 καὶ
2983 2824 3082 2893 τῆς
3128 2823 3402 2893 ἐμμελοῦς
3428 2824 3611 2877 αὐτῶν
3644 2823 3741 2877 καὶ

2160 2909 2359 2981 εὐήχου
2391 2912 2489 2965 καὶ
2520 2914 2816 2983 συμφώνου
2844 2914 2988 2984 ᾠδῆς
3022 2914 3121 2985 τῆς
3159 2915 3343 2969 πᾶσαν
3369 2916 3743 2985 περιηκούσης

2159 3002 2258 3075 τὴν
2295 3004 2404 3057 τῶν
2451 3006 2510 3059 ἐν
2542 3006 2793 3077 οὐρανοῖς
2834 3007 3351 3079 ἀπογεγραμμένων
3408 3008 3741 3078 Ἐκκλησίαν

2161 3100 2524 3167 πρωτοτόκων
2572 3100 2668 3153 καὶ
2717 3102 3026 3172 πανήγυριν
3051 3094 3135 3164 οἷς
3173 3102 3206 3172 ή
3242 3102 3590 3171 πρωτότοκος
3613 3103 3738 3153 ἐπι-

2163 3187 2462 3260 φημίζεται
2494 3189 2706 3260 κλῆσις.
2748 3188 2892 3259 Ἐγὼ
2916 3190 2975 3244 δὲ
3001 3186 3181 3260 οἶμαι,
3225 3193 3307 3245 ὄτι
3337 3191 3460 3244 οὐδὲ
3504 3190 3739 3245 ἀκοῦσαί

471 3296 647 3367 possit
667 3294 935 3366 quispiam
990 3292 1116 3347 novi
1153 3298 1347 3345 cantus
1404 3287 1688 3356 mysteria,
1724 3285 1830 3341 nisi
1866 3285 1921 3340 bi
1960 3286 2055 3356 qui

2160 3297 2242 3343 τις
2279 3280 2599 3337 δύναταιτὰ
2627 3283 2730 3353 τῆς
2764 3284 2962 3353 καινῆς
2995 3283 3139 3354 ᾠδῆς
3176 3286 3477 3357 μυστήρια,
3506 3288 3555 3339 εί
3587 3286 3661 3356 μὴ
3690 3286 3743 3341 οἱ

471 3403 538 3444 ea
566 3402 764 3443 canere
787 3386 936 3456 digni
962 3393 1111 3442 sunt.
1144 3383 1353 3453 Cuique
1402 3380 1551 3436 enim
1605 3379 1769 3434 datur
1816 3377 2057 3450 cognitio

468 3482 625 3552 juxta
654 3480 911 3551 puritatis
936 3479 1368 3550 preportionem.

544 3569 686 3638 XIV,
719 3572 775 3637 4,
804 3570 858 3625 5.
893 3570 961 3624 Hi
992 3578 1113 3624 sunt
1145 3568 1238 3639 qui
1266 3583 1384 3620 cum
1418 3563 1733 3619 mulieribus
1785 3580 1889 3617 non
1931 3572 2055 3617 sunt

469 3665 801 3737 coinquinati
836 3681 854 3719 :
880 3664 1103 3733 virgines
1138 3662 1275 3716 enim
1304 3669 1449 3714 sunt.
1468 3657 1540 3712 Hi
1569 3666 1688 3712 sunt
1713 3657 1804 3727 qui
1829 3672 2057 3727 sequun-

466 3768 559 3812 tur
588 3758 795 3828 Agmina
837 3770 1144 3826 quocunque
1166 3754 1307 3809 ierit.
1334 3749 1407 3805 Hi
1441 3768 1473 3804 a
1500 3748 1631 3804 Iesu
1657 3750 1820 3819 empti
1846 3758 1970 3803 sunt
1990 3763 2057 3802 ea:

464 3850 788 3913 hominibus,
820 3849 1074 3917 primitiae
1101 3845 1213 3900 Deo
1243 3855 1292 3900 et
1324 3845 1501 3915 Agna,
1531 3851 1581 3897 et
1621 3843 1677 3896 in
1706 3857 1796 3895 ore
1817 3842 2055 3905 ipsorum

468 3961 571 3999 non
627 3953 705 3999 est
761 3945 1028 3997 inrentum
1076 3939 1431 3995 mendacium.
1486 3936 1611 3991 Siue
1656 3936 1871 3990 macula
1915 3935 2053 3988 enim

464 4047 610 4093 sunt.
637 4036 712 4092 Hi
738 4045 857 4091 sunt
884 4038 972 4106 qui
1001 4043 1291 4103 sequuntur
1318 4031 1542 4101 Agnum.

536 4214 657 4271 Non
700 4215 815 4270 haec
856 4215 911 4269 in
959 4211 1289 4283 vituperium
1355 4209 1694 4265 matrimonii
1768 4208 2048 4277 dicuntur.

465 4308 754 4382 Siquidem
782 4306 1105 4363 bonorabile
1129 4314 1213 4361 est
1242 4304 1578 4360 connubium
1608 4322 1620 4356 :
1644 4317 1742 4356 nec
1766 4301 2051 4370 indignum

463 4402 715 4460 redditur
757 4398 1102 4470 conjugium,
1168 4412 1236 4454 eo
1294 4396 1442 4468 quod
1490 4393 1779 4464 virginitas
1826 4392 2049 4461 dignam

465 4497 729 4567 suscipiat
763 4494 1002 4549 laudem.
1038 4491 1145 4547 Sed
1203 4492 1466 4562 quoniam
1515 4488 1673 4543 stella
1705 4501 1734 4539 a
1764 4484 1920 4538 stella
1950 4482 2053 4535 dii-

464 4589 570 4644 i'ert
592 4589 645 4644 in
681 4587 877 4659 gloria,
914 4586 1016 4642 bos
1044 4584 1359 4657 praacellere
1400 4592 1630 4637 caeteros
1669 4578 2053 4644 existimamus

466 4695 590 4753 post
628 4681 821 4751 viginti
852 4688 1094 4751 quatuor
1126 4678 1398 4741 seniores,
1431 4682 1655 4746 prapter
1680 4668 2050 4739 virginitatem

463 4783 516 4828 et
545 4783 654 4826 tam
685 4772 884 4841 lingua:
924 4784 1091 4841 quam
1130 4781 1394 4822 manuum
1430 4762 1825 4824 innocentiam,
1863 4760 2049 4830 spieu-

465 4866 765 4933 doremque
798 4863 1083 4927 virtutum,
1116 4875 1279 4930 quem
1334 4866 1457 4929 post
1504 4854 1711 4911 Christi
1754 4852 2048 4908 adventum

465 4959 610 5013 nacti
635 4967 804 5013 sunt:
840 4972 938 5027 per
969 4968 1131 5026 quem
1162 4955 1327 5008 etiam
1363 4966 1563 5005 novum
1612 4949 1885 5004 docentur
1922 4962 2051 5002 cau-

467 5058 660 5125 ticum,
685 5055 833 5128 quod
862 5054 1023 5123 vulgo
1047 5049 1386 5119 incognitum
1406 5055 1490 5102 est
1526 5065 1538 5100 :
1568 5061 1675 5101 non
1706 5047 1758 5099 in
1798 5044 2048 5116 praesenti

470 5158 679 5204 tantum
710 5149 845 5212 vita,
871 5144 966 5202 sed
997 5142 1159 5197 etiam
1197 5140 1249 5193 in
1270 5137 1458 5191 futuro
1480 5136 1698 5192 smculo.
1724 5135 2047 5203 Quanquam

469 5249 613 5303 enim
644 5244 885 5315 perfecta
907 5242 978 5298 sit
1010 5239 1084 5293 ibi
1112 5233 1521 5306 cognitiojuxta
1551 5229 1890 5301 Apostolum,
1922 5228 2047 5283 uni-

470 5342 669 5411 cuique
704 5347 884 5394 tamen
924 5330 1248 5403 rependitur
1287 5329 1526 5399 cognitio
1575 5327 1733 5397 juxta
1790 5323 2047 5394 puritatis

470 5433 737 5506 cujusque
776 5426 1211 5503 proportionem.

543 5525 620 5581 Hi
648 5535 771 5579 sunt
805 5526 895 5593 qui
916 5527 1209 5590 sequuntur
1236 5520 1462 5591 Aquam.
1494 5517 1611 5575 Non
1645 5524 1729 5574 est
1772 5515 1825 5572 id
1857 5524 2069 5575 osten-.

543 5704 590 5739 ’³
617 5704 779 5758 Rom.
803 5717 881 5767 xl,
909 5699 999 5755 ‘25.

544 5860 657 5935 (ιο)
700 5862 916 5921 Inclusa
950 5861 1235 5920 omittebat
1268 5862 1355 5918 ed.

2158 3373 2250 3427 τοῦ
2277 3373 2425 3445 ᾅδειν
2482 3374 2625 3428 αὖτά
2660 3375 2978 3447 ἠξιωμένοι.
3027 3378 3273 3449 Ἐκάστῳ
3304 3378 3415 3450 γὰρ
3460 3382 3494 3450 ἡ
3536 3379 3740 3449 γνῶσις

2159 3467 2303 3521 κατά
2329 3467 2429 3536 τὴν
2453 3469 2747 3539 ἀναλογίαν
2768 3470 2867 3541 τῆς
2894 3469 3288 3541 καθαρότητος.

2230 3559 2413 3619 Οὗτοι
2436 3564 2615 3626 εἰσιν.
2653 3562 2711 3616 οἳ
2730 3563 2882 3631 μετὰ
2924 3562 3228 3632 γυναικῶν
3259 3565 3373 3618 οὐκ
3402 3563 3741 3633 ἐμολύνθη-

2157 3667 2311 3707 σανο
2344 3650 2630 3721 παρθένοι
2652 3653 2764 3723 γάρ
2789 3654 2973 3708 εἰσιν.
3006 3649 3186 3710 Οὗτοί
3214 3656 3376 3709 εἰσιν
3403 3658 3458 3708 οι
3478 3657 3740 3710 ἀκολου-

2158 3745 2399 3808 θοῦντες
2424 3743 2504 3811 τῷ
2546 3746 2748 3815 Ἆρνίῳ
2800 3746 2955 3801 ὅπου
2987 3748 3096 3801 ἐὰν
3124 3747 3359 3817 ὑπάγῃ·
3392 3744 3561 3805 οὗτοι
3617 3749 3744 3805 ὑπὸ

2170 3836 2377 3905 Ἰησοῦ
2392 3836 2831 3906 ἠγοράσθησαν
2850 3838 2971 3893 ἀπὸ
2992 3836 3111 3892 τῶν
3123 3838 3472 3907 ἀνέρὼπων,
3493 3841 3741 3912 ἀπαρχὴ

2158 3929 2237 3995 τῷ
2266 3929 2390 3992 Θεῷ
2434 3927 2645 3996 καὶτῷ
2710 3931 2934 3999 Ἀρνίῳ,
2985 3930 3087 3985 και
3114 3933 3229 3999 οὐχ
3278 3932 3495 4000 εὑρέθη
3540 3933 3614 3987 ἐν
3659 3932 3743 3999 τῷ

2157 4023 2406 4091 στόματι
2436 4021 2635 4076 αὐτῶν
2666 4021 2894 4092 ψεῦδος
2918 4038 2930 4050 ·
2961 4021 3187 4092 ἄμωμοι
3215 4022 3327 4092 γάρ
3348 4025 3529 4079 εἰσιν.
3560 4020 3744 4081 οὗτοί

2156 4116 2315 4169 εἰσιν
2342 4116 2398 4168 οἱ
2423 4115 2911 4181 ἀκολουθοῦντες
2936 4114 3016 4180 τῷ
3050 4116 3271 4183 Ἀρνίῳ.

2154 4208 2343 4262 ”Οὑκ
2375 4208 2743 4278 ἀτιμουμένου
2774 4208 2868 4261 τοῦ
2915 4210 3096 4279 γάμου
3125 4209 3193 4264 τὰ
3239 4210 3509 4280 παρόντα.
3542 4211 3743 4281 Τίμιος

2157 4301 2267 4372 γὰρ
2296 4302 2325 4351 ό
2351 4301 2530 4371 γάμος
2552 4317 2565 4330 ⁸
2593 4301 2688 4352 καὶ
2718 4301 2777 4353 οὺ
2804 4300 2880 4370 τῷ
2908 4299 3211 4368 ἀξιεπαίνῳ
3252 4299 3353 4368 τῆς
3387 4300 3688 4373 παρθενίας
3710 4304 3741 4357 ὁ

2157 4394 2336 4463 γάμος
2370 4393 2664 4446 ὑποδύεται
2692 4394 2756 4447 τὸ
2787 4394 3026 4459 ἀνάξιον,
3066 4394 3186 4447 ἀλλ’
3220 4394 3413 4466 ἐπειδὴ
3437 4394 3535 4448 καὶ
3560 4397 3743 4465 ἀστὴρ

2158 4484 2388 4555 ἀστέρος
2422 4484 2672 4557 διαφέρει
2703 4488 2761 4539 ὲν
2786 4485 2934 4560 δόξῃ,
2955 4486 3180 4551 τούτους
3212 4486 3352 4557 μετά
3377 4487 3505 4549 τοὺς
3540 4488 3743 4541 εἰκοσιο

2157 4580 2432 4650 τέσσαρας
2463 4580 2872 4651 πρεσϐυτέρους
2906 4580 3016 4635 τῶν
3040 4581 3248 4635 λοιπῶν
3284 4575 3426 4635 εἶναι
3455 4580 3742 4651 ἡγούμεθα

2086 4648 2131 4704 D
2158 4648 2521 4743 προῦχοντας,
2555 4673 2644 4727 διά
2674 4690 2734 4726 τε
2747 4648 2862 4744 ’τὴν
2894 4673 3196 4746 παρθενίαν
3224 4673 3319 4727 καὶ
3347 4672 3406 4726 τὸ
3427 4648 3487 4727 ἐν
3519 4648 3743 4746 γλώσσῃ

2158 4783 2216 4819 τε
2258 4765 2352 4819 καὶ
2386 4766 2444 4819 ἐν
2488 4767 2678 4837 χερσὶν
2730 4768 2985 4837 ἄμωμον,
3023 4767 3161 4837 μετά
3210 4766 3311 4835 τὴν
3348 4764 3447 4819 τοῦ
3496 4766 3740 4836 Χριστοῦ

2161 4860 2466 4930 παρουσίαν
2491 4860 2807 4931 κτωμένους
2839 4861 2940 4931 τὴν
2988 4862 3047 4914 ὲν
3096 4861 3320 4931 ἀρεταῖς
3351 4859 3741 4931 λαμπρότητα,

2159 4951 2226 5004 δι’
2257 4946 2325 5022 ἧς
2354 4951 2451 5005 καὶ
2486 4952 2585 5023 τὴν
2623 4951 2818 5023 καινὴν
2849 4951 2995 5022 ᾠδὴν
3037 4952 3407 5015 διδάσκονται,
3437 4954 3548 5014 τοῖς
3605 4952 3770 5010 πολ-ι,

2161 5044 2271 5108 λοῖς
2300 5046 2361 5097 οὺ
2405 5046 2569 5115 μόνον
2606 5045 2746 5099 κατά
2784 5046 2875 5098 τὸν
2913 5046 3160 5115 παρόντα
3207 5047 3343 5113 βίον,
3383 5044 3518 5098 ἀλλά
3550 5044 3643 5098 καὶ
3680 5023 3768 5098 ὲν⁷

2160 5137 2238 5206 τῷ
2273 5137 2530 5207 μέλλοντι
2558 5137 2717 5190 αἰῶνι
2746 5136 3042 5205 ἄγνωστον.
3076 5136 3141 5191 Εἰ
3165 5138 3274 5207 γὰρ
3306 5137 3400 5190 καὶ
3436 5137 3498 5188 τὸ
3531 5134 3741 5188 τέλειον

2158 5231 2257 5300 τῆς
2292 5231 2550 5298 γνώσεως
2579 5232 2717 5294 ἐκεῖ,
2750 5230 2897 5285 κατὰ
2921 5230 3018 5283 τὸν
3054 5229 3405 5293 Ἀπόστολον,
3436 5228 3574 5281 ἀλλὰ
3606 5230 3743 5282 ἀνα-

2158 5326 2333 5395 λόγως
2365 5329 2431 5395 τῇ
2491 5326 2686 5379 ἑαυτοῦ
2751 5325 3023 5393 καθάρσει
3066 5326 3282 5396 ἑκάστῳ
3320 5323 3741 5395 ὲφαπλουμὲνης

2156 5419 2255 5486 τῆς
2288 5416 2566 5485 γνώσεως.

2222 5506 2402 5567 Οὗτοί
2423 5514 2582 5566 εἰσιν
2596 5513 2651 5565 oi
2671 5509 3147 5575 ἀκολουθοῦντες
3164 5508 3246 5575 τῷ
3280 5508 3509 5579 Ἀρνίῳ.
3525 5507 3599 5564 Οὐ
3620 5506 3742 5562 δια-

2251 5852 2363 5924 (M)
2392 5853 2500 5907 Καὶ
2536 5852 2702 5908 αὐτοῦ
2720 5854 2811 5911 ed.
