4030 6592
285 495 398 561 ’685

1360 491 1751 558 COMMENT.
1794 490 1875 554 1N
1916 487 2448 579 APOCALYnsIN.

3461 494 3569 558 686

289 608 468 681 φορὰν
498 609 877 682 παριστῶντος
906 609 1003 665 τοῦ
1045 610 1283 685 Ἀρνίου,
1316 611 1453 669 ἀλλά
1481 613 1544 668 τὸ
1574 611 1713 683 πρὸς
1744 613 1874 679 ἀρε-

1983 603 2165 660 dentis
2203 600 2343 673 Λευὶ
2373 599 2668 659 discrimen
2703 609 2798 658 aut
2831 601 3006 674 ipsius
3031 602 3437 673 excellentiam,
3469 608 3569 663 sed

289 704 390 776 τὴν
413 703 674 775 διάφορον
695 704 987 775 δηλοῦντος
1016 706 1108 759 τὸν
1135 706 1237 776 τῆς
1263 707 1558 778 μαθήσεως
1586 710 1686 778 τῆς
1728 708 1872 778 ᾠδῆς

288 796 842 865 κατευτυχησάντων.
873 797 938 849 Οἱ
973 795 1072 866 μὲν
1106 797 1215 866 γὰρ
1243 797 1509 869 ἁπλότητι
1553 797 1734 868 ψυχῆς
1779 801 1877 851 καὶ

285 885 495 957 ἀκακία⁵
526 886 1013 958 περικροτούμενοι
1063 888 1198 957 (42),
1223 886 1539 942 ἀκολουθεῖν
1564 887 1642 957 τῷ
1680 886 1875 957 Ἀρνίῳ

285 979 588 1050 ἐπιτήδειοι
632 978 942 1047 γεγόνασιν.
978 981 1041 1034 Ui
1071 980 1126 1035 δὲ
1165 978 1564 1052 ἀνδρικώτερον
1591 978 1873 1049 διακείμε-

285 1088 367 1123 νοι
401 1070 496 1123 καὶ
526 1070 891 1144 λελογισμένῃ
912 1071 1157 1126 διαθέσει
1200 1070 1738 1144 περιστοιχούμενοι,
1796 1067 1874 1139 τῷ

286 1163 621 1233 ἀνδρωθέντι
680 1164 903 1236 Χριστῷ
953 1164 1431 1237 προσηνέχθησαν,
1488 1164 1626 1235 πρός
1691 1181 1754 1217 τε
1805 1165 1875 1216 τά

289 1256 465 1326 πάθη,
496 1256 633 1326 πρός
664 1274 723 1309 τε
763 1257 891 1321 τοὺς
915 1258 1217 1329 τυράννους
1238 1258 1302 1310 τὸ
1333 1258 1656 1329 νικητήριον
1688 1256 1876 1311 ἀνελό-

292 1362 447 1415 μενοι
481 1347 703 1416 κράτος.
739 1347 804 1401 Οἳ
837 1349 1062 1403 καὶδιὰ
1106 1350 1169 1403 τὸ
1205 1349 1558 1423 μιμήσασθαι
1602 1351 1731 1413 τοὺς
1776 1349 1876 1420 μὲν

288 1439 391 1506 τὴν
422 1439 661 1492 ἀκακίαν
708 1441 947 1512 Χριστοῦ
983 1441 1078 1495 τοῦ
1136 1441 1486 1508 διδασκάλου,
1538 1442 1665 1507 τοὺς
1712 1442 1770 1495 δὲ
1814 1440 1877 1496 τὸ

290 1534 517 1601 ὀρνικὸν
554 1534 690 1606 πρὸς
738 1536 838 1606 τὴν
875 1536 1014 1607 ὑπὲρ
1054 1536 1222 1590 αὐτοῦ
1277 1536 1372 1591 τοῦ
1423 1537 1749 1592 διδασκάλου
1779 1537 1874 1591 τοῦ

297 1624 431 1676 ἰδίου
473 1625 703 1695 αἳματος
726 1628 973 1700 ἔκχυσιν.
1008 1629 1154 1684 οὕτω
1183 1630 1283 1701 τῆς
1305 1632 1401 1684 ἀπ’
1430 1631 1596 1687 αὐτοῦ
1626 1632 1876 1703 κτήσεως

290 1715 506 1784 ἔτυχον.
540 1718 752 1791 Ὠσπερ
812 1720 869 1773 δὲ
917 1720 1016 1792 τῆς
1040 1721 1201 1795 δόξης
1271 1718 1327 1776 αἱ
1384 1724 1546 1794 μοναὶ
1602 1722 1875 1794 διάφοροι,

290 1806 437 1860 οὕτω
472 1809 565 1863 καῖ⁵
593 1811 887 1876 κολάσεως.
924 1815 1013 1868 Arb
1033 1815 1127 1868 xui.
1169 1815 1386 1888 εἴρηται
1424 1815 1485 1869 τὸ
1518 1817 1751 1870 ἕκαστον
1785 1816 1876 1870 τὸν

290 1900 490 1954 ἑαυτοῦ
521 1901 715 1975 μισθὸν
749 1905 1017 1979 λήψεσθαι
1057 1907 1202 1963 κατὰ
1237 1907 1330 1962 τὸν
1354 1907 1485 1963 ἴδιον
1514 1908 1704 1962 κόπον.

868 2135 1123 2191 ΚΕΦΔΛ.
1200 2138 1292 2193 Μ’.

290 2268 431 2337 Περὶ
458 2269 719 2341 ἀγγέλου
752 2275 1265 2355 προαγορεύοντος
1292 2275 1407 2355 τῂν
1428 2278 1723 2351 ἐγγύτητα
1767 2278 1877 2347 τῆς

682 2345 937 2412 κρίσεως
968 2345 1080 2415 τῆς
1107 2345 1485 2418 μελλούσης-ζ

364 2481 476 2536 Καὶ
528 2476 694 2536 εἶδον
734 2482 997 2553 ἄγγελον
1024 2485 1359 2556 πετόμενον
1399 2487 1471 2542 ἐν
1499 2489 1876 2559 μεσουρανή-

284 2589 453 2642 pati,
517 2571 740 2642 ἔχοντα
775 2575 1149 2645 Εὐαγγέλιον
1195 2576 1439 2633 αἰώνιον
1485 2568 1874 2651 aduri-elidat

290 2664 437 2732 τοὺς
459 2664 837 2736 καθημένους
878 2666 980 2723 ἐπὶ
1034 2667 1148 2738 τῆς
1198 2668 1331 2743 γῆς,
1369 2672 1469 2726 καὶ
1513 2671 1637 2731 πᾶν
1673 2675 1873 2742 ἔθνος,

290 2758 391 2812 καί
416 2759 646 2828 φυλὴν,
693 2760 789 2814 καὶ
841 2761 1158 2830 γλῶσσαν,
1211 2763 1313 2818 καὶ
1359 2765 1533 2833 λαὸν,
1567 2766 1764 2838 λέγων
1804 2771 1876 2824 ἐν

290 2848 459 2917 φωνῇ
481 2848 751 2920 μεγάλῃ·
800 2851 1103 2921 Φοϐήθητε
1158 2854 1266 2909 τὸν
1312 2856 1552 2925 Κύριον,
1598 2859 1698 2913 καί
1738 2860 1876 2915 δότε

290 2940 455 3007 αὐτῷ
488 2941 700 3009 δόξαν,
733 2942 822 3000 ὅτι
847 2940 1036 3015 ἦλθεν
1074 2946 1114 3015 ἡ
1146 2945 1268 3016 ὥρα
1320 2948 1433 3017 τῆς
1474 2950 1732 3018 κρίσεως
1770 2954 1875 3007 αὐ-

292 3033 420 3088 τοῦ.
460 3034 569 3090 Καὶ
615 3036 1088 3105 προσκυνήσατε
1116 3039 1326 3104 αὑτὸν,
1378 3043 1487 3096 τὸν
1531 3042 1875 3112 ποιήσαντα

288 3124 400 3179 τὸν
448 3126 711 3194 οὐρανὸν
761 3128 861 3182 καὶ
915 3129 1031 3199 τὴν
1084 3128 1203 3200 γῆν
1246 3128 1356 3199 grai
1391 3129 1506 3198 τὴν
1553 3130 1876 3189 θάλασσαν

290 3221 393 3275 καὶ
420 3218 619 3290 πηγὰς
643 3219 897 3276 ὑδάτων.

360 3337 457 3403 Τὸ,
507 3335 927 3408 μεσουράνημα,
994 3336 1179 3407 διττὴν
1218 3339 1406 3409 νόησιν
1472 3340 1717 3411 ἐμποιεῖ.
1768 3344 1877 3400 Καὶ

290 3431 402 3502 γὰρ
426 3431 489 3485 τὸ
511 3429 717 3502 ὑψηλὸν
748 3431 845 3487 καὶ
876 3432 1157 3503 μετέωρον
1183 3433 1278 3487 καὶ⁵
1309 3433 1407 3488 ἀπ’
1434 3433 1692 3506 οὐρανοῦ,
1725 3436 1787 3490 τό
1815 3454 1877 3491 τε

290 3523 786 3596 εὐαγγελιζόμενον
825 3524 922 3580 ὑπ’
965 3525 1156 3593 αὐτοῦ,
1184 3526 1278 3581 καὶ
1328 3526 1491 3591 αὐτὸς
1516 3528 1548 3582 ό
1585 3528 1693 3583 ὑπὸ
1738 3530 1877 3584 Θεοῦ

290 3615 644 3681 ἀποσταλεὶς,
679 3615 779 3670 καὶ
804 3618 888 3671 δτι
918 3618 1151 3687 ἤγγικεν
1194 3618 1297 3690 ήδη
1334 3618 1396 3673 τὸ
1422 3618 1522 3675 ἀπ’
1561 3620 1760 3686 αἰῶνος
1787 3622 1878 3675 ὲλ-

292 3708 593 3778 πιεζόμενον
639 3711 949 3783 κριτήριον.
990 3712 1101 3765 Καὶ
1149 3713 1341 3787 ἐπειδὴ
1396 3714 1667 3787 σωτήριον
1716 3715 1878 3771 τοῦτο

291 3806 404 3869 τοῖς
434 3806 501 3859 ὲκ
531 3805 734 3870 παντὸς
764 3806 954 3873 ἔθνους
986 3807 1056 3863 τὰ
1082 3809 1357 3881 εὐάρεστα
1403 3810 1875 3883 διαπραξαμένοις

291 3896 432 3969 Θεῷ,
479 3898 620 3953 ἀλλά
652 3901 748 3955 καὶ
801 3901 1042 3972 ἔμφοδον
1091 3902 1311 3974 δαίμοσι
1361 3905 1457 3958 καὶ
1497 3904 1873 3976 ἁμαρτωλοῖς.

304 3989 621 4060 Ἀμφότερα
641 3991 697 4045 δὲ
727 3991 1026 4063 ὑπῃνίξατο
1052 3993 1086 4065 ἡ
1116 3993 1271 4063 φωνὴ
1296 3994 1433 4066 (45),
1466 3997 1578 4056 τοῖς
1610 3995 1709 4064 μὲν
1736 3996 1876 4064 ἀγα-

293 4081 405 4145 θοῖς
432 4082 520 4137 διὰ
544 4082 637 4136 τοῦ
674 4083 935 4152 μεγάλου,
966 4083 1027 4137 τὸ
1063 4084 1405 4155 καταθύμιον
1452 4081 1593 4139 εἶναι
1630 4088 1730 4157 τὴν
1778 4087 1874 4140 τοῦ

293 4174 508 4229 δικαίου
536 4175 727 4248 κριτοῦ
762 4178 1092 4250 παρουσίαν,
1137 4178 1230 4231 καὶ
1281 4177 1365 4233 ὃτι
1420 4178 1875 4249 ἀποκαταστήσει

292 4267 490 4331 αὐτοὺς
514 4268 654 4339 πρὸς
679 4266 772 4321 τὸν
802 4269 872 4323 δι’
905 4269 966 4323 ὂν
1013 4269 1260 4324 ἑναθλεῖν
1315 4270 1514 4334 αὐτοὺς
1557 4270 1767 4342 ὑπῆρξε
1796 4271 1875 4341 τῷ

298 4361 562 4433 μοχθηρῷ
586 4362 762 4432 τούτῳ
802 4362 902 4434 βίῳ
937 4363 1047 4417 τῶν
1077 4364 1530 4437 προσταγμάτων
1555 4364 1725 4418 αὐτοῦ
1782 4367 1875 4420 ἀν-

292 4454 629 4525 τεχομένοις,
663 4458 778 4518 τοῖς
801 4456 1024 4527 δαίμοσι
1062 4457 1119 4511 δὲ
1157 4457 1253 4511 καὶ
1284 4460 1398 4520 τοῖς
1426 4456 1521 4510 ὑπ’
1554 4455 1737 4511 αὐτῶν
1776 4458 1871 4512 ἑκ-

293 4547 682 4619 ϐακχευθεῖσιν
720 4549 1039 4621 ἀνθρώποις
1069 4550 1257 4620 φόϐον,
1281 4551 1343 4605 οὐ
1379 4551 1517 4624 πρὸς
1543 4550 1871 4622 ἀσφάλειαν,

292 4640 410 4695 ἀλλ’
456 4641 521 4694 ὲκ
549 4642 881 4709 προσδοκίας
913 4643 1023 4697 τῶν
1054 4643 1234 4713 ἔργων
1264 4638 1342 4699 ὧν
1364 4644 1633 4716 ἔπραξαν,
1665 4644 1748 4699 διὸ
1778 4644 1874 4699 καὶ

1979 698 2350 767 praestantiam
2409 695 2478 751 ad
2527 694 2784 752 virtutem
2834 696 3197 767 signiﬁcantis
3249 713 3443 757 eorum
3473 704 3568 769 qui

1981 792 2145 861 hujus
2198 800 2395 845 cautus
2442 790 2792 860 disciplinam
2859 790 3040 860 adepti
3100 802 3229 847 sunt
3287 793 3568 865 :quidam

1979 884 2126 939 enim
2162 884 2361 938 auium:
2392 883 2751 954 simplicitate
2797 894 2851 938 et
2904 885 3217 939 innocentia
3257 890 3571 959 conspicui,

1982 976 2162 1031 idonei
2200 977 2326 1031 l'acti
2368 983 2498 1031 sunt
2524 976 2616 1047 qui
2650 976 2865 1047 Agnum
2892 987 3196 1047 sequantur
3227 997 3239 1033 :
3270 978 3437 1050 768
3478 981 3571 1034 alii

1983 1082 2111 1123 vero
2143 1068 2421 1124 robustius
2450 1068 2627 1124 aﬂ‘eeti
2650 1080 2704 1125 et
2750 1071 3115 1128 determinato
3146 1078 3431 1143 proposito
3463 1075 3571 1127 im-

1983 1160 2125 1227 buli,
2153 1160 2376 1217 Christo
2406 1158 2520 1232 jam
2557 1163 2702 1218 facto
2741 1163 2861 1220 viro
2922 1164 3152 1220 viriliter
3192 1166 3359 1221 oblati
3418 1176 3569 1233 sunt,

1981 1265 2201 1328 sumpto
2225 1258 2477 1314 vincendi
2508 1258 2726 1324 robore,
2773 1269 2886 1313 tum
2928 1260 3194 1316 adversus
3225 1260 3570 1327 alfeetiones,

1982 1360 2095 1404 tum
2134 1350 2401 1406 adversus
2434 1362 2696 1422 tyrannos
2728 1371 2741 1407 :
2774 1353 3054 1424 quietiam
3096 1354 3226 1408 dum
3260 1355 3570 1418 imitantur,

1981 1444 2058 1497 illi
2123 1444 2346 1515 quidem
2380 1443 2582 1500 Christi
2638 1447 2991 1516 praeceptoris
3055 1447 3465 1513 innocentiam,
3517 1449 3571 1505 lii

1980 1546 2161 1589 autem
2184 1532 2328 1607 quod
2357 1535 2482 1610 agni
2512 1547 2614 1600 est,
2633 1546 2761 1608 puta
2780 1537 2986 1608 proprii
3029 1539 3318 1609 sanguinis
3347 1539 3572 1594 elfusio-

1981 1643 2102 1683 nem
2136 1644 2237 1698 pro
2298 1645 2401 1683 suo
2452 1630 2715 1699 magistro
2798 1631 2872 1685 ita
2928 1630 3103 1701 ipsius
3159 1634 3570 1703 possessionem

1980 1718 2304 1774 sortiuntur.
2346 1716 2817 1787 Quemadmodum
2865 1730 3050 1777 autem
3084 1724 3252 1779 varia:
3290 1733 3420 1782 sunt
3454 1725 3575 1794 glo-

1980 1808 2075 1865 ria:
2122 1810 2460 1878 mansiones,
2518 1813 2593 1868 ita
2628 1823 2685 1869 et
2723 1815 2977 1886 supplicii
3013 1832 3028 1871 :
3064 1816 3188 1873 ideo
3235 1832 3457 1887 quoilue
3486 1818 3574 1870 di-

1979 1915 2128 1958 ctum
2148 1904 2397 1974 estquod
2422 1906 2801 1979 unusquisque
2828 1924 2985 1964 suam
3006 1908 3240 1981 accipiet
3261 1908 3573 1966 mercedem

1908 1984 1951 2040 Β
1976 1994 2134 2064 juxta
2161 2012 2321 2052 suum
2346 1997 2615 2055 laborem.

2584 2136 2816 2193 CAPUT
2856 2138 2969 2193 XL.

1984 2269 2058 2325 De
2081 2273 2266 2343 angelo
2291 2274 2382 2343 qui
2410 2272 2759 2329 denuntiabat
2799 2275 3149 2345 propinquum
3175 2291 3288 2331 esse
3326 2275 3569 2345 futurum

2642 2345 2929 2415 judicium.

2053 2480 2194 2548 XIV,
2228 2483 2281 2548 6,
2325 2482 2377 2539 7.
2414 2481 2483 2537 Et
2514 2483 2621 2538 vidi
2659 2482 2905 2553 angelum
2930 2481 3186 2537 volantem
3221 2499 3314 2554 per
3342 2484 3573 2537 medium

1980 2573 2094 2627 mali
2127 2573 2406 2628 [rubentem
2438 2573 2789 2645 Euangelium
2826 2586 3079 2629 wternum
3116 2575 3572 2646 utevangelizuret

1977 2667 2340 2722 habitantibus
2365 2668 2419 2723 in
2448 2678 2610 2736 terra,
2633 2678 2682 2723 et
2706 2668 2851 2723 ontni
2881 2669 3045 2739 genti,
3070 2678 3120 2722 et
3149 2668 3336 2734 tribui,
3382 2679 3429 2721 et
3459 2668 3568 2721 lin—

1976 2770 2093 2825 gua
2120 2765 2169 2809 et
2192 2756 2405 2826 populo,
2436 2756 2615 2814 dicens
2646 2775 2984 2830 vore’ntagna
3014 2774 3032 2813 :
3069 2758 3264 2813 Timete
3289 2759 3572 2814 Dominum

1976 2858 2026 2901 et
2049 2848 2172 2904 date
2203 2849 2307 2918 ipsi
2338 2850 2594 2920 gloriam,
2622 2853 2747 2921 quia
2773 2853 2910 2906 venit
2937 2853 3070 2907 liora
3096 2855 3298 2921 judicii
3333 2853 3467 2925 ejus.
3504 2853 3571 2906 Et

1979 2940 2203 2995 adorate
2228 2942 2403 3010 ipsum
2435 2946 2527 3013 qui
2572 2943 2699 3012 fecit
2729 2944 2919 2999 emtum
2952 2956 3000 2999 et
3040 2954 3237 2998 terram
3267 2954 3316 2999 et
3352 2961 3497 3000 mare
3519 2957 3570 2999 et

1979 3032 2149 3101 fontes
2176 3050 2454 3103 aquarum.

2052 3330 2210 3397 Quod
2241 3330 2445 3386 dicitur
2467 3329 2592 3386 emli
2622 3339 2884 3399 medium,
2909 3329 3183 3401 duplicem
3202 3346 3386 3387 secum
3412 3331 3579 3389 aﬂ‘ert

1982 3423 2340 3480 intellectum.
2379 3421 2594 3478 Etenim
2637 3422 3021 3479 celsitudinem
3072 3440 3138 3480 ac
3169 3424 3569 3480 sublimitatem

1980 3516 2207 3593 denotat
2237 3533 2252 3571 :
2286 3527 2344 3572 et
2368 3518 2517 3588 quod
2548 3517 2621 3574 sit
2665 3532 2695 3572 a
2750 3519 2917 3583 caelo,
2950 3527 3062 3572 tam
3129 3519 3184 3572 id
3224 3519 3372 3589 quod
3407 3520 3475 3574 ab
3503 3535 3573 3575 eo

1980 3610 2555 3682 anrtnntiatur,qnam
2588 3612 2706 3683 ipse
2757 3614 2915 3684 quia
2972 3612 3083 3668 Deo
3138 3614 3344 3670 missus
3401 3624 3487 3675 est
3550 3626 3583 3671 :'

1980 3709 2243 3771 praeterea
2271 3702 2420 3773 quod
2444 3701 2559 3773 jam
2584 3703 2871 3759 immineat
2906 3702 3102 3774 judicii
3135 3714 3351 3774 tempus
3372 3720 3581 3776 exspe-t

1978 3802 2189 3851 clatum
2235 3808 2266 3849 a
2307 3795 2532 3851 seculo.
2587 3796 2661 3851 Et
2689 3811 2801 3852 non
2847 3797 3030 3851 solum
3071 3796 3125 3851 id
3189 3797 3430 3852 salutare
3485 3807 3571 3853 est

1980 3885 2066 3941 his
2090 3887 2184 3956 qui
2245 3903 2314 3942 ex
2372 3888 2521 3942 omni
2561 3898 2721 3959 gente
2758 3889 2970 3959 operati
3017 3898 3147 3944 sunt
3201 3906 3265 3945 ea
3305 3906 3430 3962 qua:
3459 3891 3571 3947 Deo

1978 3978 2215 4050 placent,
2247 3979 2341 4035 sed
2368 3990 2423 4035 et
2449 3988 2718 4038 terrorem
2762 3982 2924 4038 aﬂ'ert
2956 3981 3303 4038 dmmonibus
3346 4000 3410 4040 ac
3444 4000 3571 4054 pec-

1977 4072 2279 4129 catoribus.
2313 4071 2619 4145 Utrumque
2645 4086 2827 4130 autem
2859 4074 3160 4131 insinuavit
3214 4092 3316 4133 vox
3362 4097 3375 4133 :
3413 4080 3573 4136 bonis

1978 4164 2199 4233 quidem
2233 4181 2333 4236 per
2383 4167 2843 4239 magnitudinem,
2894 4169 3043 4239 quod
3086 4168 3470 4227 desiderabilis
3501 4173 3573 4227 sit

1973 4257 2334 4328 justijudicis
2372 4259 2664 4323 adventus,
2696 4268 2753 4315 et
2802 4260 2948 4331 quod
2989 4260 3291 4317 constituet
3339 4278 3436 4317 eos
3475 4280 3573 4320 εον

1978 4365 2094 4405 ram
2130 4350 2224 4405 illo
2254 4360 2475 4421 propter
2498 4366 2660 4422 quem
2680 4351 2734 4406 in
2770 4352 2875 4407 hac
2899 4351 3173 4423 ﬂagitiosa
3198 4362 3252 4408 et
3284 4352 3562 4410 laboriosa

1976 4441 2085 4497 vita
2122 4451 2337 4498 certare
2363 4443 2442 4500 eis
2465 4445 2695 4516 contigit
2723 4458 2848 4501 cum
2881 4446 2968 4500 his
2997 4446 3091 4516 qui
3118 4457 3425 4516 repugnant
3445 4448 3571 4516 jus-

1978 4535 2055 4591 sis
2095 4535 2215 4605 ejus
2261 4535 2645 4592 :dazmonibus
2698 4551 2831 4592 vero
2886 4544 2941 4592 et
2994 4536 3313 4593 hominibus
3346 4539 3444 4609 qui
3499 4541 3570 4594 ab

1978 4628 2113 4699 ipsis
2148 4628 2424 4685 terrefacti
2448 4637 2579 4684 sunt
2613 4638 2666 4686 et
2691 4629 2863 4697 illusi,
2894 4629 3148 4685 timorem
3191 4645 3301 4685 non
3338 4632 3403 4686 ad
3434 4647 3571 4687 cau-

290 4733 321 4785 δ
348 4736 642 4808 προφήτης
673 4736 838 4804 φησίν
862 4751 878 4767 ⁸
918 4754 938 4788 r
987 4736 1120 4791 Ἰδοὺ
1146 4736 1355 4807 Κύριος
1379 4736 1624 4808 ἔρχεται,
1658 4738 1753 4792 καὶ
1790 4736 1874 4802 τίς

1983 4722 2183 4777 tionem
2217 4736 2282 4778 ac
2311 4722 2648 4787 ﬁrmitatem,
2700 4724 2794 4779 sed
2825 4730 3047 4794 propter
3097 4725 3568 4793 exspectationem

292 4825 595 4881 unanima:
621 4828 838 4900 ἡμέραν
863 4828 1070 4883 εἰσόδου
1106 4828 1310 4895 αὐτοῦς
1352 4848 1371 4881 ι

362 5096 474 5151 Καὶ
499 5097 971 5166 προσκυνήσατε
984 5096 1190 5152 αὐτόν.
1221 5097 1477 5159 Ἐνδίκως
1514 5096 1577 5150 τὸ
1596 5097 1693 5169 μὲν
1707 5114 1877 5168 προσ-

292 5192 503 5257 κυνεῖν,
540 5190 617 5254 ὼς
640 5191 886 5260 Ποιητὴν
905 5189 1177 5262 οὐρανίων
1211 5190 1304 5243 καὶ
1339 5189 1600 5259 ἐπιγείων
1626 5191 1721 5245 καὶ¹
1770 5208 1873 5246 κα-

289 5284 617 5354 ταχθονίων.
660 5284 761 5337 Διὰ
800 5285 899 5356 μὲν
926 5284 1036 5355 γὰρ
1067 5284 1165 5337 τοῦ
1200 5282 1433 5355 οὐρανοῦ
1485 5284 1578 5337 καὶ
1617 5284 1720 5354 τῆς
1766 5284 1874 5354 γῆς

290 5375 387 5428 καὶ
428 5375 727 5445 θαλάσσης,
754 5378 788 5446 ἡ
836 5375 1093 5446 ὁρωμένη
1123 5374 1379 5446 δηλοῦται
1421 5375 1597 5439 κτίσις
1632 5394 1645 5406 ο
1680 5375 1767 5428 διὰ
1815 5375 1872 5428 δὲ

289 5469 404 5522 τῶν
438 5471 653 5541 πηγῶν,
681 5473 716 5541 ἡ
764 5469 1107 5542 ὑποχθόνιος,
1131 5468 1331 5538 ἄδηλον
1356 5466 1468 5539 γάρ
1512 5466 1709 5521 ὁπόθεν
1749 5467 1873 5530 ταῖς

292 5565 501 5631 πηγαῖς
531 5564 565 5633 ἡ
609 5562 883 5630 ἀνάδοσις,
914 5561 1111 5631 ὥσπερ
1162 5562 1261 5615 καὶ
1305 5560 1373 5615 τὰ
1405 5558 1517 5613 ὑπὸ
1542 5560 1667 5629 γῆν.
1704 5559 1768 5613 El
1815 5559 1873 5613 δὲ

290 5654 469 5726 τούτῳ
494 5654 734 5720 ἐπαξίως
756 5655 834 5721 ὡς
863 5654 1141 5729 παραιτίῳ
1160 5653 1369 5709 τούτων
1396 5653 1431 5723 ἠ
1467 5651 1690 5725 δουλικὴ
1741 5653 1875 5707 ὑπό-

364 5838 410 5873 "
442 5839 632 5897 Malae.
662 5856 745 5905 III,
779 5840 832 5895 ί.

365 5999 480 6072 (42)
512 5998 817 6071 Legebatur
856 5993 1374 6070 περικρατούμενοι,
1417 5995 1643 6067 subjecti
1662 5994 1808 6051 aliis.

1982 4814 2329 4884 repensionis
2359 4831 2588 4887 operum
2622 4832 2743 4885 quae
2768 4814 3038 4871 fecerunt.
3072 4815 3237 4888 769
3268 4816 3395 4871 Ideo
3426 4833 3570 4889 quo-

1982 4920 2091 4977 que
2114 4910 2377 4980 propheta
2400 4908 2533 4965 dicit
2565 4925 2578 4963 :
2611 4924 2630 4961 ι
2668 4907 2809 4964 Ecce
2843 4909 3110 4965 Dominus
3134 4909 3333 4980 veniet,
3367 4920 3422 4968 et
3446 4912 3571 4984 quis

1984 5002 2281 5057 sustinebit
2308 5001 2454 5057 diem
2493 5002 2777 5069 ingressus
2806 5001 2980 5071 ipsius
3007 5002 3081 5055 "?
3119 5021 3137 5053 ›
3457 5018 3461 5022 ·

2060 5093 2129 5148 Ει
2158 5095 2381 5149 adorate
2404 5096 2598 5164 ipsum.
2634 5093 2826 5149 Merito
2860 5094 3084 5164 quidem
3118 5094 3299 5165 ipsum
3330 5094 3565 5149 adorare

1979 5188 2136 5259 jubet
2170 5196 2437 5258 tanquam
2468 5188 2784 5244 Creatorem
2821 5187 3152 5252 etelestium,
3200 5189 3567 5250 terrestrium,

1983 5295 2046 5336 ac
2066 5282 2572 5336 subterraneorum.
2592 5279 2873 5351 Siquidem
2898 5295 2994 5351 per
3014 5281 3239 5344 coelum,
3267 5289 3468 5334 terram
3487 5294 3553 5333 ac

1983 5389 2136 5429 mare
2155 5374 2497 5445 signiﬁcatur
2521 5372 2758 5430 visibilis
2781 5386 3057 5439 creatura,
3097 5388 3195 5443 per
3216 5371 3395 5426 fontes
3415 5386 3564 5435 vero,

1984 5468 2344 5525 subterranea
2384 5491 2395 5525 :
2432 5469 2704 5526 incertum
2742 5479 2826 5525 est
2858 5470 3005 5524 enim
3046 5468 3192 5523 unde
3221 5469 3293 5521 sit
3326 5465 3560 5521 l’orrtium

1985 5575 2335 5632 progressus,
2370 5560 2833 5630 quemadmodum
2863 5562 3028 5616 etiam
3069 5572 3262 5616 eorum
3293 5575 3417 5631 qua:
3465 5559 3570 5613 sub

1984 5662 2129 5709 terra
2165 5663 2316 5709 sunt.
2345 5651 2507 5720 Quod
2534 5654 2583 5710 si
2617 5654 2748 5711 huic
2777 5664 3039 5728 tanquam
3075 5652 3307 5711 istorum
3351 5650 3567 5708 auctori

2065 5994 2180 6068 (is)
2212 5994 2312 6052 Ed.
2340 5994 2546 6051 omittit
2574 5996 2609 6067 ἠ
2642 5997 2817 6070 φωνή.
