4046 6616
450 479 556 544 687
1274 471 1607 534 ARETIl/E
1630 469 2024 534 ‘CA‘ISAREJE
2049 471 2053 476 ⁷

2171 473 2555 537 PPADOCI/E
2593 476 2717 540 EPI
2725 475 2936 540 SCOPI

3613 475 3723 542 688

453 592 654 651 merito
685 591 918 649 debetur
949 585 1330 646 ministerialis
1384 589 1677 660 subiectio,
1705 589 1851 660 iuste
1878 591 2041 645 etiam

2171 591 2395 659 ττωσις,’
2413 593 2640 660 ἐνδίκως
2667 595 2735 650 ἂν
2756 591 2972 668 καὶτῷ
2995 593 3263 668 ἀλιτηρίῳ
3291 593 3524 667 διαϐόλῳ
3550 595 3584 666 ἠ
3609 595 3729 650 ἀτι-

449 688 658 745 exitiali
713 686 934 744 diabolo
967 686 1202 742 debetur
1241 687 1544 758 ignominia
1575 695 1631 743 et
1659 695 2031 758 contemptus.

2171 688 2242 743 ιία
2269 689 2365 743 mi.
2383 687 2750 755 ὲξουδένωσις.

1021 801 1268 858 CAPUT
1318 801 1460 857 XLI.

2708 799 2966 856 ΚΕΦΑΛ.
3003 800 3137 856 MA'.

456 920 536 976 De
603 925 834 978 secundo
894 920 1080 991 angelo
1139 936 1319 974 casum
1354 917 1643 988 Babylonis
1692 916 2037 986 prwdicanle.

2171 909 2283 976 Ιερὶ
2312 907 2598 980 δευτέρου
2627 909 2912 1000 ἀγγέλου,
2946 911 3064 979 τὴν
3095 912 3330 966 πτῶσιν
3370 910 3731 978 Βαϐυλῶνος

487 1005 491 1008 .
2725 998 3172 1050 κηρυσσοντος.

2213 1094 2324 1150 Καὶ
2354 1094 2546 1160 ἄλλος
2583 1095 2862 1164 δεύτερος
2900 1096 3162 1167 ἅγγελος
3211 1097 3598 1165 ἠκολούθησε
3632 1093 3736 1149 .λέ-

2145 1204 2297 1258 ιιωνο
2333 1187 2613 1252 Ἔπεσεν,
2637 1186 2883 1256 ἔπεσεν,
2911 1188 3205 1243 Βαϐυλὼν
3249 1187 3288 1256 ἡ
3321 1189 3501 1252 πόλις
3541 1189 3579 1254 ἡ
3632 1203 3736 1256 με-

2147 1277 2327 1348 γάλη,
2353 1277 2443 1333 ὅτι
2471 1278 2541 1332 ἐκ
2572 1278 2678 1333 τοῦ
2705 1277 2878 1333 οἴνου
2910 1279 3018 1333 τοῦ
3057 1278 3252 1350 θυμοῦ
3299 1278 3411 1347 τῆς
3451 1279 3740 1348 πορνείας

2146 1369 2337 1437 αὐτῆς
2359 1372 2645 1426 πεπότικε
2670 1369 2867 1424 πάντα
2891 1372 2963 1426 τὰ
2993 1372 3160 1440 ἔθνη.

2219 1464 2292 1518 Τὸ
2328 1463 2583 1536 δεύτερον
2615 1465 2714 1535 οὐχ
2754 1464 2946 1527 ἁπλῶς
2969 1463 3183 1536 εἴρηται
3211 1480 3223 1493 ⁸
3253 1463 3368 1518 ἀλλ’
3397 1463 3479 1529 είς
3502 1462 3738 1534 δήλωσιν

2147 1555 2244 1610 τοῦ
2289 1555 2661 1628 ὲναρξαμένου
2691 1556 2802 1610 τῶν
2845 1557 3236 1630 τιμωρητικῶν
3284 1555 3549 1619 ἀπειλῶν,
3577 1554 3739 1618 ἄλλος

521 1107 667 1177 XIV,
704 1109 757 1165 8.
793 1107 858 1162 Et
901 1107 1040 1161 alius
1071 1121 1132 1159 ac
1158 1102 1415 1158 secundus
1447 1100 1664 1172 angelus
1703 1109 1914 1155 secutus
1962 1110 2041 1156 est

453 1192 633 1257 dicens
666 1217 686 1257 :
717 1201 945 1267 Cecidit,
974 1197 1160 1252 cecidit
1197 1195 1430 1265 Babylon
1460 1195 1647 1249 civitas
1677 1211 1891 1268 magna,
1915 1197 2042 1267 quia

455 1289 520 1352 de
551 1298 669 1354 vino
702 1296 799 1352 ira:
827 1292 1198 1365 fornicationis
1240 1304 1351 1344 sua:
1380 1289 1583 1353 potavit
1619 1301 1797 1342 armies
1838 1298 2037 1359 gentes.

526 1471 815 1527 Secundus
876 1483 987 1523 non
1047 1465 1298 1522 absolute
1349 1474 1405 1520 ct
1480 1464 1810 1534 simpliciter
1860 1463 2043 1519 dictus

453 1574 573 1622 est:
603 1564 696 1620 sed
725 1563 792 1618 ad
815 1561 1215 1632 designandum
1234 1557 1381 1630 quod
1401 1573 1525 1614 cum
1557 1560 1708 1630 prior
1749 1557 2046 1629 inrepisset

454 1656 787 1715 comminari
855 1653 1145 1726 supplicia,
1211 1652 1354 1706 alius
1411 1650 1623 1706 accedit
1673 1649 1901 1720 angelus
1950 1647 2045 1719 qui

2171 1647 2383 1717 ἱγγελος
2422 1649 2524 1711 τὰς
2570 1649 2740 1712 αὐτὰς
2788 1649 3181 1722 ὲπιρρωννύων
3235 1650 3526 1721 συμφορὰς
3559 1667 3740 1720 παραυ

458 1753 610 1822 ipsas
673 1748 1017 1804 calamitates
1051 1744 1358 1801 conﬁrmet.
1417 1741 1554 1796 Nam
1597 1742 1702 1795 hoc
1733 1739 2048 1794 manifestat

2171 1739 2360 1809 γέγονε.
2405 1739 2578 1795 Τοῦτο
2637 1741 2747 1812 γὰρ
2802 1741 3177 1812 παρεμφαίνει
3231 1743 3294 1796 τὸ
3346 1741 3737 1810 ἀκολουθῆσαι.

458 1843 604 1916 quod
638 1842 843 1897 dicitur
873 1846 1099 1895 secutus
1132 1834 1325 1891 fuisse.
1387 1833 1453 1889 Et
1495 1849 1618 1904 quae
1651 1831 2046 1906 consequentia

2171 1833 2356 1903 ,Kaiti
2388 1833 2448 1886 τὸ
2486 1833 2780 1888 ἀκόλουθον
2811 1833 2904 1889 τοῦ
2938 1833 3330 1907 χρηματισμοῦ
3357 1835 3612 1902 ;“Ἐπεσε
3625 1837 3742 1888 Βα-

459 1932 710 1990 oraculi?
774 1929 974 1987 Cecidit
1035 1925 1276 1994 Babylon
1333 1940 1546 1994 magna.
1615 1923 1747 1977 Post
1787 1931 2044 1978 eventum

2171 1925 2359 1980 ἲυλὼν
2389 1926 2428 1994 ἡ
2475 1927 2712 1997 μεγάλη
2767 1925 2946 2000 (M)]°
2984 1927 3077 1980 ἐπὶ
3116 1925 3227 1998 γὰρ
3247 1929 3313 1998 τῇ
3361 1926 3586 1980 ἐκϐάσει
3631 1925 3743 1978 τῶν

461 2028 606 2083 enim
643 2040 832 2080 eorum
859 2037 980 2092 quae
1015 2017 1341 2074 annuntiata
1391 2027 1540 2084 sunt,
1581 2014 1721 2070 nihil
1751 2014 1899 2070 aliud
1957 2015 2050 2070 de-

2171 2018 2609 2090 ἱιπηγγελμένων,
2631 2021 2784 2075 οὐδὲν
2816 2020 2955 2092 πρὸς
2997 2020 3290 2090 ὑστέρησιν
3312 2019 3408 2072 τοῦ
3442 2021 3518 2089 μὴ
3556 2019 3740 2072 πᾶσαν

465 2119 835 2183 siderabatur,
872 2130 1038 2186 quam
1072 2111 1219 2183 quod
1251 2125 1359 2165 non
1391 2111 1575 2166 omnis
1626 2108 1882 2165 confusio
1923 2110 2048 2165 vita:

2171 2112 2252 2185 τὴν
2265 2112 2360 2166 τοῦ
2387 2116 2658 2184 παρόντος
2681 2113 2797 2184 βίου
2824 2114 3092 2185 σύγχυσιν
3113 2112 3318 2166 πτώσει
3340 2111 3740 2182 ὑποϐληθῆναι,

461 2209 749 2284 praesentis
779 2223 876 2279 per
894 2220 1082 2261 casum
1109 2205 1391 2276 designata
1419 2212 1555 2258 erat.
1583 2201 1720 2257 Nam
1750 2201 1880 2272 quid
1905 2201 2051 2257 aliud

461 2305 806 2359 demonstrat
876 2296 1077 2354 casus?
1133 2294 1600 2366 quemadmodum
1641 2309 1821 2365 neque
1870 2291 2066 2364 Βοῦς-ι’

462 2399 558 2454 lon
589 2394 736 2451 aliud
775 2392 1028 2462 designat
1067 2405 1235 2460 quam
1285 2385 1690 2444 confusionem.
1721 2387 1790 2441 Et
1818 2402 1941 2458 quae
1968 2386 2052 2440 di-

463 2488 609 2543 citur
640 2483 923 2556 Babylon?
949 2465 1066 2537 Non
1103 2481 1206 2536 alia
1233 2495 1396 2550 quam
1419 2479 1506 2534 bic
1539 2467 1856 2548 corruptius
1889 2493 2051 2532 mun-

465 2582 570 2637 dus
607 2597 620 2635 :
653 2577 800 2649 quod
837 2575 1090 2631 videlicet
1115 2575 1228 2628 haec
1263 2571 1500 2643 Babylon
1537 2585 1644 2625 non
1675 2570 1891 2625 aliunde
1917 2569 2056 2625 ceci-

466 2674 631 2740 derit,
697 2685 861 2742 quam
895 2685 960 2724 ex
1007 2683 1073 2723 eo
1101 2676 1245 2722 statu
1285 2680 1392 2736 quo
1446 2664 1584 2719 alios
1645 2663 2052 2733 corrumpebat.

465 2764 913 2823 Fornicationem
949 2776 1077 2816 vero
1109 2775 1216 2814 non
1258 2759 1437 2815 solum
1487 2756 1724 2828 appellat
1770 2756 2054 2827 Scriptura

463 2859 700 2918 masculi
756 2873 882 2915 eum
929 2854 1133 2910 femina
1172 2853 1512 2923 impudicum
1551 2849 1928 2916 concubitum,
1959 2852 2056 2905 sed

463 2964 518 3012 et
545 2967 765 3010 omnem
827 2966 858 3006 a
891 2950 1036 3005 bono
1091 2946 1525 3002 declinationem
1566 2961 1581 2998 :
1627 2943 1673 3000 si
1715 2958 1908 2998 verum
1971 2951 2056 2997 est

466 3045 616 3117 quod
645 3043 928 3108 scribitur,
964 3058 983 3092 ι
1019 3036 1310 3094 Perdidisti
1364 3050 1582 3090 omnem
1619 3034 1711 3106 qui
1751 3035 2074 3090 fornicatur.

465 3140 564 3194 abs
583 3148 634 3193 te
650 3138 750 3191 ⁸ο.»
775 3134 1042 3204 Quodque
1075 3131 1294 3187 nomine
1311 3127 1606 3200 Babylonis
1636 3127 1874 3184 mundus
1901 3137 2054 3183 tran-

467 3229 744 3300 sumptire
783 3226 1127 3296 signiﬁcatus
1152 3222 1245 3289 sit,
1293 3221 1546 3292 designat
1595 3219 1769 3276 dictio
1834 3236 2054 3291 magna,

2155 2204 2221 2258 Τί
2240 2205 2350 2276 γὰρ
2379 2204 2446 2260 ἂν
2477 2205 2606 2261 ἄλλο
2630 2208 2666 2278 ἡ
2703 2206 2916 2270 πτῶσις
2933 2207 3294 2278 παραστήσῃ;
3323 2204 3511 2278 ὥσπερ
3540 2204 3664 2257 οὐδὲ
3705 2206 3741 2274 ἡ

2156 2296 2436 2362 Βαϐυλὼν,
2473 2298 2627 2353 οὐδὲν
2665 2299 2856 2372 ἕτερον
2886 2299 3038 2370 εῑμὴ
3067 2299 3164 2370 τὴν
3192 2299 3478 2370 σύγχυσιν.
3513 2299 3627 2352 Καὶ
3656 2302 3746 2362 τίς

2156 2392 2190 2461 ἡ
2218 2390 2513 2458 Βαϐυλών;
2573 2392 2689 2447 Οὐκ
2733 2393 2892 2464 ἄλλη,
2923 2393 2955 2465 ἢ
2991 2380 3148 2456 οὗτος
3185 2394 3214 2446 ὁ
3248 2393 3488 2462 φθαρτὸς
3517 2392 3746 2462 κόσμος,

2157 2485 2366 2554 ταύτης
2367 2485 2601 2568 ⁴ῥηλαδὴ
2629 2485 2728 2555 τῆξ
2790 2485 3113 2549 Βαϐυλῶνος
3159 2484 3261 2538 οὐκ
3303 2484 3528 2540 ἄλλοθέν
3577 2484 3746 2538 ποθεν

2157 2578 2632 2650 κατασεισθείσης,
2657 2576 2689 2650 ἥ
2719 2578 2814 2633 τοῦ
2846 2580 3084 2651 ἑξιστᾷν.
3116 2579 3381 2649 Πορνείαν
3410 2578 3466 2632 δὲ
3500 2577 3560 2631 οὐ
3586 2577 3752 2647 μόνον

2157 2665 2298 2724 οἶδεν
2322 2671 2355 2741 ἡ
2384 2671 2576 2742 Γραφὴ
2594 2671 2694 2742 τὴν
2724 2672 2861 2742 πρὸς
2887 2671 2948 2726 τὸ
2985 2671 3119 2743 θῆλυ
3141 2671 3238 2726 τοῦ
3270 2671 3500 2744 ἇρῤενος
3539 2670 3749 2739 ἀσελγῆ

2161 2764 2486 2835 συνδρομὴν,
2518 2764 2654 2819 ἀλλᾶ
2703 2765 2798 2819 καὶ
2835 2767 3018 2820 πᾶσαν
3050 2760 3056 2767 ’
3083 2766 3183 2838 τὴν
3233 2767 3342 2820 ἀπὸ
3392 2764 3488 2818 τοῦ
3540 2762 3752 2831 ἀγαθοῦ

2159 2853 2428 2920 ἔκκλισιν,
2470 2855 2584 2923 εἴγε
2620 2857 2811 2910 πιστὸν
2867 2858 2949 2923 τὸ,
2994 2876 3012 2908 ι
3077 2857 3519 2929 Ἐξωλὸθρευσας
3569 2857 3753 2911 πάντα

2159 2948 2252 3000 τὸν
2302 2946 2636 3017 πορνεύοντα
2684 2947 2794 3002 ἀπὸ
2848 2948 2966 3004 σοῦ.
3003 2969 3020 3002 ι
3059 2949 3169 3003 Καὶ
3198 2949 3280 3003 ὅτι
3313 2949 3412 3020 μὲν
3455 2949 3536 3011 εἰς
3571 2947 3755 3001 Βαϐυ-

2159 3044 2305 3098 λῶνα
2339 3048 2367 3099 ὁ
2394 3047 2599 3116 κόσμος
2620 3048 2975 3118 μετείληπται
2997 3045 3151 3117 δηλοῖ
3168 3047 3249 3110 τὸ,
3276 3041 3536 3114 μεγάλη.
3575 3057 3753 3112 προσ·

2160 3137 2465 3208 τιθέμενον·
2498 3140 2559 3193 οὐ
2593 3141 2728 3212 πρὸς
2771 3139 3178 3212 ἁντιδιαστολὴν
3215 3142 3326 3210 γὰρ
3377 3137 3602 3208 μικρᾶς,
3631 3131 3757 3187 ἀλλ’

2160 3233 2293 3286 αὐτὸ
2315 3233 2374 3286 τὸ
2390 3232 2449 3286 ὃν
2470 3234 2693 3306 εἰσηγού
2703 3252 2882 3304 μενον.
2916 3233 2978 3288 Εἰ
2995 3235 3050 3288 δὲ
3065 3234 3170 3288 καῖ’
3191 3233 3327 3304 πρὸς
3350 3232 3448 3302 τὴν
3469 3227 3755 3283 Χαλδαίαν

472 3320 595 3393 (ιιιιὲ
643 3317 1024 3390 subiungitur,
1084 3331 1263 3387 neque
1319 3315 1467 3370 enim
1497 3313 1720 3384 ponitur
1766 3313 1833 3368 ad
1853 3314 2058 3370 'distin-

2171 3324 2460 3382 Βαϐυλῶνά
2508 3346 2588 3392 τις
2625 3329 2981 3383 κατευθύνειν
3033 3327 3207 3381 ἐθέλει
3249 3325 3340 3378 τὸν
3385 3323 3566 3392 λόγον,
3598 3319 3760 3374 οὐδὲν

469 3413 709 3468 ctionem
743 3423 945 3479 parvae,
974 3407 1068 3463 sed
1094 3408 1162 3462 ad
1195 3404 1503 3460 docendum
1531 3402 1665 3474 quid
1690 3403 1781 3461 sit.
1845 3402 2055 3471 Quodsi

469 3503 539 3557 ad
567 3502 900 3573 Babylonem
925 3514 1049 3570 qua:
1073 3498 1126 3552 in
1171 3495 1427 3552 Cbaldaea
1472 3503 1558 3550 est
1587 3493 1794 3551 referre
1821 3497 2056 3575 voluerit

470 3595 636 3667 770
671 3593 945 3666 quispiam
997 3605 1334 3654 sermonem,
1395 3588 1532 3643 nihil
1583 3587 1783 3643 referet
1834 3590 1882 3645 si
1941 3599 2074 3646 tam

470 3689 643 3744 multa
677 3701 800 3758 quae
828 3693 1145 3754 competunt
1201 3681 1432 3744 mundo,
1483 3681 1550 3735 ad
1591 3680 1741 3736 illius
1794 3683 2075 3742 imitatio-'

2163 3417 2356 3472 διοίσει
2385 3419 2463 3490 τῷ
2498 3421 2643 3475 κατὰ
2691 3419 2853 3491 ζῆλον
2886 3421 3105 3492 ἐκείνης
3155 3417 3518 3490 ματαιωθέντι
3560 3413 3763 3484 κόσμῳ

2168 3511 2410 3566 τοσαῦτα
2435 3517 2833 3585 συνηντηκότα,
2863 3516 3034 3585 αὐτὴν
3060 3507 3279 3584 ἐκείνην
3299 3512 3398 3584 τὴν
3439 3510 3764 3582 ἀρχέτυπον

2168 3603 2491 3674 ὑποστῆναι,
2519 3604 2681 3676 εἴπερ
2707 3605 2844 3676 πρὸς
2867 3606 2928 3658 τὸ
2959 3606 3132 3660 αῐτιον
3172 3605 3281 3658 πᾶν
3321 3603 3385 3656 τὸ
3411 3601 3497 3656 ἐπ’
3539 3599 3763 3653 ἐκείνου

2167 3694 2467 3764 συμϐαῖνον
2487 3695 2843 3767 ἀναφέρεται.

470 3797 595 3838 nem
650 3796 790 3836 V3110
846 3779 1060 3845 είΥεεῑοι
1113 3779 1260 3834 illam
1297 3779 1469 3848 ipsam
1536 3777 1892 3849 principalem
1949 3783 2258 3857 designent,
2310 3793 2356 3848 si
2399 3793 2464 3848 ad
2516 3810 2742 3850 causam
2810 3795 3076 3866 quidquid
3140 3796 3193 3850 in
3240 3795 3348 3849 "illo
3413 3789 3643 3860 contigit
3669 3802 3769 3842 re-

469 3874 701 3930 feratur.
1117 3917 1120 3920 .
1291 3912 1295 3917 .

1034 3981 1263 4039 CAPUT
1338 3983 1492 4039 XLII.

473 4101 552 4157 De
589 4100 747 4157 tertio
781 4099 968 4171 angelo
1013 4099 1283 4154 muniente
1310 4101 1572 4171 populum
1607 4100 1823 4156 Domini
1852 4119 1915 4157 ne
1939 4121 2061 4159 sus-

955 4171 1148 4240 ciperet
1185 4172 1593 4226 Antia/aristam.

545 4309 686 4375 XIV,
717 4309 843 4365 8-H
884 4307 952 4362 Et
986 4310 1172 4364 tertius
1205 4309 1423 4380 angelus
1455 4321 1664 4364 secutus
1694 4321 1772 4365 est
1823 4327 1932 4374 eos,
1976 4313 2061 4366 di-

475 4418 738 4458 censt'oce
775 4417 970 4471 magna
1020 4417 1037 4454 :
1092 4399 1154 4456 Si
1209 4401 1327 4471 quis
1383 4400 1684 4455 adorarerit
1739 4403 1958 4454 bestiam
2013 4413 2062 4455 et

475 4496 733 4566 imagines
760 4494 897 4564 ejus,
929 4503 980 4546 et
1009 4494 1271 4563 acceperit
1297 4494 1658 4546 characterem
1683 4494 1738 4546 in
1775 4493 1945 4559 {rente
1967 4511 2063 4547 sua

475 4591 646 4660 autin
696 4603 858 4641 manu
892 4602 1014 4651 sua,
1067 4587 1176 4655 ipse
1231 4601 1436 4656 quoque
1489 4586 1623 4639 bibet
1690 4590 1754 4639 de
1805 4588 1919 4640 vino
1973 4589 2068 4642 ira:

477 4681 594 4743 Dei,
627 4679 766 4746 quod
799 4680 1014 4732 mistum
1050 4687 1128 4732 est
1163 4694 1305 4732 mero
1332 4679 1385 4731 in
1428 4687 1632 4732 cratere
1665 4679 1762 4733 ira:
1788 4679 1954 4748 ipsius
1976 4697 1994 4734 .'
2015 4689 2065 4734 et

474 4771 803 4824 cruciabitur
831 4769 949 4840 igne
977 4777 1030 4821 et
1059 4768 1312 4837 sulphure
1353 4784 1536 4822 coram
1563 4769 1764 4823 sanctis
1787 4771 1986 4840 angelis
2015 4780 2074 4842 et

475 4880 654 4918 coram
677 4864 826 4934 Agna
850 4877 867 4914 :
888 4869 937 4914 et
957 4845 1406 4924 [untustormenti
1432 4861 1546 4930 ejus
1587 4862 1642 4913 in
1671 4863 1866 4916 sa'cula
1897 4880 2064 4917 ,παῖδας

473 4957 648 5009 larunt
682 4949 1031 5008 ascendet.Et
1073 4967 1175 5004 non
1209 4951 1401 5004 [tabent
1437 4953 1669 5028 requiem
1709 4953 1794 5007 die
1818 4970 1880 5006 ac
1917 4965 2065 5010 nocte

471 5049 562 5120 qui
594 5049 825 5102 adorant
860 5045 1079 5098 bestiam
1106 5053 1153 5097 et
1201 5045 1484 5114 imaginem
1511 5045 1649 5115 ejus,
1690 5055 1738 5100 et
1769 5047 2064 5119 quicunque

475 5141 663 5211 accipit
703 5141 1056 5194 characterem
1095 5137 1324 5190 nominis
1359 5138 1492 5207 ejus.

2739 3998 2992 4052 ΚΕΦΑΛ.
3047 3995 3180 4052 MB'.

2164 4111 2306 4192 Περὶ
2350 4112 2575 4192 τρίτου.
2602 4111 2877 4192 amatura
2913 4111 3431 4192 (ὶοξεεαλιζομιιξνου⁸
3476 4113 3584 4166 τὸν
3645 4115 3770 4170 τοῦ

2206 4185 2436 4251 Κυρίου
2465 4181 3061 4253 λαένλιὴδέξασθαι
3121 4185 3227 4237 τὸν
3269 4183 3706 4252 Ἀντίχριστον.

2244 4322 2353 4374 Kal
2390 4324 2588 4390 τρίτος
2603 4320 2860 4392 ἅγγελος
2880 4322 3306 4390 ἠκολούθησεν
3328 4321 3535 4388 αὐτοῖς
3562 4322 3777 4391 λέγων

2173 4412 2244 4464 ἐν
2268 4411 2439 4480 φωνῇ
2468 4413 2704 4481 partui]
2739 4430 2750 4442 '
2794 4414 2864 4467 ΕΖ
2911 4433 3002 4481 τις
3040 4414 3381 4483 προσκυνεῖ
3425 4415 3494 4468 τὸ
3548 4417 3779 4484 θηρίον

2175 4504 2270 4554 καὶ
2328 4503 2440 4572 τὴν
2484 4505 2689 4559 εἰκόνα
2736 4506 2945 4574 αὑτοῦ,
2982 4507 3083 4560 καὶ
3132 4509 3424 4577 λαμϐάνει
3484 4507 3781 4577 χάραγμα

2173 4594 2273 4648 ἐπὶ
2307 4595 2412 4650 τοῦ
2439 4595 2716 4666 μετώπου
2751 4600 2938 4654 αὐτοῦ
2971 4601 3006 4669 ἢ
3046 4601 3146 4654 ἐπὶ
3193 4601 3306 4669 τὴν
3335 4601 3505 4670 χεᾷὶα
3546 4601 3776 4664 αὐτοῦ,

2172 4686 2269 4740 καὶ
2303 4687 2487 4754 αὐτὸς
2525 4691 2721 4744 πίεται
2767 4693 2834 4746 ἐκ
2868 4692 2976 4746 τοῦ
3033 4694 3206 4746 οἴνου
3251 4693 3356 4746 τοῦ
3397 4691 3590 4762 θυμοῦ
3651 4693 3779 4745 τοῦ

2177 4781 2326 4835 Θεοῦ
2351 4782 2458 4837 τοῦ
2503 4785 2953 4858 κεκερασμένου
2988 4785 3254 4855 ἀκράτου
3281 4787 3353 4838 ἐν
3385 4783 3466 4850 τῷ
3495 4785 3788 4850 ποτηρίῳ

2175 4869 2283 4936 τῆς
2323 4870 2505 4941 ὀργῆς
2535 4875 2742 4928 αὑτοῦ.
2777 4876 2887 4930 Καὶ
2931 4869 3464 4942 ,βασανισθήσεται
3500 4877 3571 4928 ἐν
3618 4877 3785 4942 πιιρι

2173 4962 2271 5015 καὶ
2306 4965 2441 5030 θείῳ
2471 4965 2728 5020 ἐνώπιον
2759 4967 2878 5021 τῶν
2908 4969 3096 5038 ἁγίων
3133 4969 3428 5040 ἀγγέλων,
3461 4969 3560 5023 καὶ
3612 4968 3750 5022 ἐγώ
3771 4971 3812 5009 -"-

2171 5068 2313 5107 πιον
2330 5055 2436 5109 τοῦ
2477 5055 2713 5125 Ἀρνιόυ
2742 5076 2756 5090 ο
2781 5058 2879 5114 καὶ
2906 5062 2939 5114 d
2959 5061 3194 5128 καπνὸς
3227 5059 3335 5114 τοῦ
3358 5059 3785 5128 βασανισμοῦ

2171 5145 2360 5199 αὐτοῦ
2418 5150 2506 5212 εἱς
2563 5149 2750 5204 αἰῶνα
2803 5151 3035 5206 αἰώνων
3093 5154 3424 5208 ἀναϐαίνει.
3473 5155 3580 5208 Καὶ
3644 5157 3789 5206 οὐκ

475 5238 726 5306 ἔχουσιν
749 5231 1102 5287 ἀνάπαυσιν
1130 5231 1356 5302 ἡμέρας
1383 5235 1501 5310 καὶ.
1534 5237 1754 5303 νυκτὸς
1835 5241 1888 5292 ct’
1933 5240 2429 5307 προσκυνοῦντες
2476 5245 2544 5297 τὸ
2576 5245 2787 5312 θηρίον
2853 5247 2953 5301 καὶ
2996 5245 3114 5315 τὴν
3140 5248 3349 5301 εἰκόνα
3394 5248 3607 5311 αὑτοῦ,
3645 5250 3776 5299 καὶ

413 5397 415 5399 _
478 5331 531 5387 εἴ
557 5348 648 5396 τις
679 5329 970 5400 λαμϐάνει
997 5326 1063 5381 τὸ
1093 5327 1369 5398 χάραγμα
1403 5330 1506 5386 τοῦ
1529 5331 1820 5403 ὀνόματος
1847 5333 2059 5389 αὐτοῦ.

556 5428 724 5496 Sequi
769 5423 942 5490 dixit,
981 5424 1143 5493 quasi
1180 5424 1493 5496 signiﬁcare
1519 5426 1706 5482 volens
1725 5427 2070 5497 continuita-q

480 5535 590 5577 tem
614 5530 669 5575 et
697 5517 1168 5574 inevitabilitatem
1202 5534 1265 5574 ac
1299 5520 1669 5576 severitatem.
1724 5523 1925 5594 Magna
1961 5539 2063 5578 au-

481 5625 587 5671 tem
618 5629 725 5668 vox
767 5609 1081 5666 immissum
1119 5622 1382 5669 terrorem
1421 5613 1690 5687 designat,
1724 5623 1778 5672 et
1813 5617 1958 5689 quod
1991 5633 2057 5673 ea

544 5790 592 5825 ⁸⁸
615 5791 758 5848 Psal.
786 5807 954 5859 Lxxtt,
988 5793 1074 5847 9.7.

552 5948 664 6023 (Μ)
697 5949 907 6008 Inclusa
941 5953 1225 6011 omittebat
1252 5951 1339 6008 ed.

2242 5429 2315 5482 Τὸ
2367 5399 2686 5484 ἀκολουθεῖν
2719 5429 2963 5502 εἴρηκεν,
2989 5397 3084 5496 ’ὡς
3108 5431 3169 5486 τὸ
3210 5434 3438 5503 συνεχὲς
3464 5434 3558 5487 καὶ
3601 5435 3799 5490 ἀδιά-

2169 5538 2410 5576 σπαστον
2448 5523 2541 5576 καὶ
2579 5522 2860 5579 ἀνένδοτον
2892 5523 3221 5596 βουλόμενος
3276 5528 3570 5598 παριστᾷν.
3617 5527 3691 5581 Ἠ
3723 5531 3803 5584 δὲ.

2169 5615 2386 5690 μεγάλη
2433 5617 2586 5689 φωνὴ
2640 5618 2703 5672 τὸ
2733 5619 3106 5692 ἐκπληκτικὸν
3132 5621 3310 5676 καὶτὸ
3334 5621 3423 5677 διὰ
3446 5623 3629 5695 πάσης
3647 5642 3806 5696 χω-
