4030 6596
403 378 510 446 689

1470 391 1858 456 COMMENT.
1905 394 1987 457 1N
2026 374 2581 461 APOCALYPSINX

3568 363 3677 459 θέο

407 495 520 565 ρεῖν
560 491 733 566 ἀκοῆς
773 493 842 550 τά
880 495 1189 568 δηλούμενα
1243 479 1507 571 σημαίνει
1533 503 1608 575 δὴ
1651 505 1710 560 δὲ
1753 505 1848 560 τοῦ
1883 506 1986 578 θη-

2096 524 2214 578 quze
2239 491 2621 579 signiﬁcantur
2649 523 2870 565 omnem
2908 518 3198 579 peuctrent
3241 507 3509 564 auditum.
3577 483 3680 559 Be-

405 588 522 658 ρίου
553 587 929 660 προσκύνησις
954 591 1050 644 καὶ
1078 591 1139 646 τὺ
1163 592 1350 646 λαὸεῖν
1383 595 1550 649 αὑτοῦ
1571 597 1671 669 τὴν
1691 601 1984 670 σςρραγῖδα,

403 679 464 733 τὸ
514 680 604 734 τὸν
658 681 1032 752 Ἀντίχριστον
1086 684 1400 756 ἡγήσασθαι
1441 687 1597 754 Θεὸν,
1632 694 1727 745 καὶ
1776 691 1985 766 λόγῳῆ

405 771 554 843 ἔργῳ
585 772 652 826 τά
684 774 1002 845 καταοὺμια
1032 776 1225 848 τούτῳ⁶
1245 779 1503 846 διεξιέναι
1535 784 1630 838 καὶ
1666 786 1986 856 κηρύσσειν.

405 865 575 918 T0610
604 866 712 938 γὰρ
750 867 812 921 τὸ
835 869 929 922 ἐπὶ
963 869 1058 923 τοῦ
1091 871 1346 940 μετώπου
1395 877 1489 928 καὶ
1516 877 1617 947 τῆς
1647 879 1830 948 χειρδς
1879 880 1983 949 χά-

403 977 597 1030 ραγμα
650 960 930 1030 σημαίνει,
970 962 1093 1015 ἀντὶ
1119 964 1214 1018 τοῦ
1247 965 1408 1034 λόγου
1438 967 1534 1022 τοῦ
1573 969 1854 1039 μετώπου.
1892 972 1989 1026 καὶ

403 1050 530 1103 ἀντὶ
581 1049 746 1121 ἔργου
778 1053 880 1116 τῆς
928 1053 1114 1124 χειρὸς
1168 1056 1661 1128 παραληφθέντων.
1702 1062 1899 1116 Εἱκόνα
1931 1065 1989 1119 δὲ

403 1145 503 1208 τὴν
530 1142 768 1214 δυσσεϐῆ
803 1145 1078 1198 πολιτείαν
1102 1146 1274 1201 καλεῖ·
1311 1145 1456 1204 οἶνον
1479 1152 1544 1205 δὲ’
1565 1153 1658 1225 τὴν
1686 1154 1856 1228 ὀργὴν
1887 1157 1988 1210 οὐκ

404 1237 514 1290 ἀπὸ
559 1238 659 1307 τῆς
710 1236 1051 1308 εὐφροσύνης
1085 1237 1345 1307 ἔφασκεν,
1377 1242 1496 1296 ἀλλ’
1527 1247 1592 1298 ὲκ
1642 1245 1744 1316 τῆς
1775 1249 1987 1302 σκοτώ-

407 1347 543 1394 σεως
582 1331 676 1384 καὶ
708 1329 808 1398 τῆς
837 1333 1165 1402 παραφορᾶς
1198 1346 1212 1361 ⁸
1230 1334 1442 1389 τοιοῦτο
1467 1339 1577 1410 γὰρ
1602 1342 1695 1394 καὶ
1725 1345 1752 1394 ὁ
1775 1343 1984 1410 θυμός·

406 1433 842 1502 κςκεράσθαιδὲ,
876 1435 998 1490 ἀντὶ
1054 1436 1148 1490 τοῦ
1207 1437 1488 1507 ὲκχεῖςθαι
1539 1436 1572 1506 ἢ
1626 1435 1983 1490 ὲπιδίδοσοαι.

410 1523 635 1592 Εἴρηται
669 1525 727 1578 δὲ
755 1525 900 1581 οὕτω
923 1528 1046 1582 καθ’
1068 1529 1151 1582 ὅτι
1174 1529 1411 1598 ἑκάτερα
1436 1527 1587 1598 παρά
1607 1529 1719 1589 τοῖς
1737 1527 1988 1590 παλαιοῖς

405 1617 474 1667 τέι
505 1618 761 1690 ποτήρια.
800 1615 954 1684 Οἷνος
977 1622 1034 1675 δὲ
1065 1621 1237 1692 θυμοῦ
1268 1620 1599 1693 εῖρηται,ῶς
1633 1620 1724 1673 καὶ
1757 1619 1988 1689 εὐφραί-

409 1725 517 1761 νων
554 1705 717 1775 οἶνος⁸
749 1710 824 1775 ὡς
849 1712 960 1783 γάρ
995 1715 1024 1767 ὁ
1055 1713 1365 1783 εὐφραίνων
1394 1707 1537 1776 οἶνος
1573 1712 1745 1782 λήθην
1771 1714 1990 1782 ἐμποιεῖ

407 1799 515 1852 τῶν
552 1800 854 1874 δυσχερῶν,
884 1803 1028 1858 οὕτω
1055 1805 1150 1858 καὶ
1178 1804 1276 1858 νῦν
1307 1799 1450 1866 οἶνος
1483 1803 1661 1877 θυμοῦ
1697 1803 1917 1876 εἴρηται
1940 1807 1990 1876 ζὴ

405 1893 624 1960 κόλασις
651 1897 1095 1969 ἐπακολούθημα.

484 2171 595 2225 τοῦ
631 2171 1078 2241 κεκερασμένου
1117 2170 1383 2238 ἀκράτου
1403 2171 1473 2226 ἐν
1492 2170 1573 2236 τῷ
1593 2170 1856 2240 ποτηρίῳ
1884 2171 1995 2240 τῆς
2025 2217 2028 2220 .

403 2262 610 2333 ὀργῆς.
666 2264 1096 2328 Ἐπιτευκτικῶς
1150 2264 1210 2318 τὸ
1245 2266 1488 2336 ἀκρατον
1515 2263 1609 2318 τοῦ
1637 2263 1812 2336 θυμοῦ
1865 2265 1995 2336 οἴνῳ

402 2355 708 2410 ἀπείκασεν
742 2357 970 2428 ἀκράτῳ
1010 2357 1404 2428 κεκερασμένῳ
1459 2359 1518 2411 ὲν
1570 2356 1650 2428 τῷ
1705 2358 1988 2430 ποτηρίῳ·

403 2447 646 2518 ἄκρατος
693 2449 802 2519 γάρ
853 2447 994 2512 οἶνος
1053 2448 1352 2519 μεθύσκειν
1402 2449 1626 2502 δύναται
1668 2430 1854 2504 πλεῖον
1895 2449 1992 2504 τοῦ

407 2540 773 2612 κεκραμένου,
802 2543 924 2595 ἐπεὶ
957 2543 1053 2595 καὶ
1107 2541 1250 2596 κατά
1290 2541 1383 2594 τὸν
1418 2540 1684 2611 μέλλοντα
1713 2543 1889 2596 αίῶνα
1943 2544 1994 2595 οἱ

409 2632 884 2703 ἀνταποδιδόμενοι
932 2635 1042 2688 τῶν
1099 2634 1449 2706 βεϐιωμένων
1505 2637 1709 2708 μισθοὶ,
1763 2639 1994 2710 ἄκρατοι

408 2725 501 2778 καὶ
534 2725 756 2796 ἀμιγεῖς
788 2727 882 2780 106
927 2728 1172 2782 ἐναντίου
1205 2728 1378 2790 ἐλέου.
1415 2731 1509 2784 καὶ
1553 2730 1774 2800 ἀγαθῶν
1807 2731 1988 2802 ἔργων

409 2813 790 2885 ἁειμνηστίας,
822 2818 904 2870 ὅτι
928 2819 1022 2870 καὶ
1050 2819 1079 2871 ὁ
1106 2819 1222 2871 ἐκεῖ
1273 2819 1388 2889 βίος
1409 2820 1624 2890 ,ἀληθὴς
1666 2824 1763 2875 καὶ⁸
1792 2822 1995 2886 παντὸς

410 2905 659 2973 ἀγνεύων
705 2905 804 2960 τοῦ
837 2909 1211 2980 προσποιητοῦ
1245 2912 1340 2965 καὶ
1369 2911 1728 2968 ἐπιπλάστου.
1777 2913 1916 2966 Ἀλλ’
1945 2917 1994 2969 εί

405 2999 684 3066 τοιοῦτος,
741 3000 862 3062 πῶς
942 3003 1279 3074 κεκέρασται
1342 3008 1402 3060 ὲν
1454 3006 1533 3076 τῷ
1612 3008 1900 3078 ποτηρίῳς
1955 3008 1990 3080 ἢ

405 3090 570 3160 δῆλον
589 3092 665 3156 ῶς
695 3094 755 3147 τὸ
778 3096 1111 3167 κεκερᾶσθαι
1134 3097 1236 3151 οὐκ
1259 3099 1542 3168 ἐπιμιξίαν
1567 3101 1688 3154 τινὰ
1713 3101 1988 3172 σημαίνει,

403 3183 525 3238 ἀλλ’
557 3184 815 3249 ἐπίδοσιν,
847 3190 922 3252 ὡς
972 3189 1038 3243 ἂν
1067 3189 1211 3244 οὓτω
1251 3193 1458 3244 νοοῖτο⁹
1493 3190 1600 3245 T06
1641 3194 1990 3265 κεκερασμέ-
2018 3229 2062 3288 c

409 3293 526 3342 νου,
560 3279 826 3346 τουτέστι,
863 3281 956 3335 τοῦ
1005 3283 1350 3349 ὲπιδοθέντος
1399 3288 1457 3339 ὲν
1503 3285 1584 3358 τῷ
1614 3287 1859 3360 ποτηρίῳ
1890 3289 1991 3360 τῆς

405 3367 602 3438 ὀργῆς,
625 3369 693 3422 δι’
722 3370 859 3442 ὅπερ
901 3372 1212 3438 ἀκολούθως
1239 3377 1305 3446 τῇ
1337 3375 1501 3447 ὀργῇ.
1533 3378 1629 3430 καὶ
1681 3380 1716 3449 ή
1753 3377 1992 3449 βάσανος

409 3462 476 3516 ἐκ
530 3464 702 3531 “tropi;
739 3464 834 3520 καὶ
863 3464 1008 3519 θείου
1061 3467 1265 3538 ἀμφοῖν
1299 3470 1783 3535 καυστικωτὰτοιν,
1821 3471 1995 3542 πυρὸς

411 3557 534 3628 μὲν,
562 3559 778 3628 φλέγειν
835 3564 1164 3631 πεφυκότος,
1197 3562 1292 3616 τοῦ
1345 3561 1493 3617 θείου
1532 3565 1589 3617 δὲ
1651 3563 1990 3636 ἀνερεθίζειν

407 3650 644 3721 διαρκῶς
676 3652 928 3717 εἰωθότος
956 3670 970 3684 ·
1003 3653 1064 3707 τὺ
1095 3653 1150 3708 δὲ
1180 3653 1410 3710 ἐνώπιον
1446 3656 1558 3708 τῶν
1613 3655 1784 3723 ἁγίων
1815 3656 1986 3724 ἀγγέ-

408 3742 518 3797 λων
546 3744 636 3797 καὶ
690 3744 784 3798 106
831 3745 1070 3818 Ἀρνίου,
1101 3747 1260 3801 τοῦτο
1284 3747 1536 3817 βούλεται
1571 3749 1864 3819 παριστᾷν,
1904 3748 1994 3803 διὰ

411 3836 517 3904 μὲν
545 3837 653 3890 τῶν
695 3838 967 3906 ἀγγέλων,
996 3839 1056 3892 τὸ
1097 3839 1454 3912 ἀδυσώπητον
1487 3841 1549 3895 τὸ
1579 3842 1718 3913 πρὸς
1750 3843 1850 3913 τὴν
1890 3842 1987 3912 βά-

412 3944 597 3994 σανον,
629 3929 716 3984 διά
739 3929 796 3982 δὲ
818 3931 912 3984 106
954 3931 1190 4003 Ἀρνίου,
1225 3933 1533 4004 ἀνάμνησιν
1576 3935 1835 4005 φέροντος
1885 3936 1991 4005 τῆς

409 4019 553 4091 ὑπὲρ
586 4022 859 4095 σωτηρίας
888 4023 1193 4093 ἀνθρώπων
1227 4025 1394 4079 αὐτοῦ
1436 4027 1674 4096 σφαγῆς,
1707 4027 1856 4092 ὅπως
1885 4029 1986 4080 αὖ-

408 4112 504 4176 τὸς
554 4113 650 4183 μὲν
697 4114 785 4167 διά
839 4116 1013 4185 πυρὸς
1070 4116 1369 4186 ἀγαπήσας
1417 4117 1714 4170 ἐκδέδωκεν
1768 4120 1987 4187 ἑαυτὸν,

411 4207 567 4259 αὐτοὶ
591 4206 647 4260 δὲ
686 4209 784 4278 τῆς
833 4208 1044 4262 ἑαυτῶν
1101 4210 1486 4280 ἀπαλλαγῆναι
1553 4210 1832 4275 ἀπωλείας
1883 4213 1985 4266 οὐκ

413 4299 810 4370 ἐϐουλήθησαν.
854 4302 1075 4355 Καπνδν
1119 4303 1174 4356 δὲ
1241 4302 1335 4356 106
1398 4302 1758 4372 βασανισμοῦ,
1805 4304 1837 4375 ἢ
1889 4304 1991 4376 τὴν

412 4387 552 4458 πρὸς
582 4390 786 4454 πάντας
808 4391 1040 4461 δήλωσιν
1070 4393 1162 4446 106
1185 4393 1272 4447 διά
1301 4393 1473 4464 πυρὸς
1501 4393 1840 4446 ἐκτελεῖσθαι
1891 4395 1991 4465 τὴν

411 4481 705 4551 τιμωρίαν,
760 4481 988 4554 [καπνὸς
1041 4483 1150 4555 γὰρ
1189 4484 1362 4554 πυρὸς
1408 4485 1711 4556 τεκμήριον
1753 4483 1983 4558 (ﬁmi)

2095 600 2257 656 stiam
2293 615 2423 659 vero
2468 601 2699 656 adorare
2722 611 2779 657 et
2833 601 2954 672 ejus
3005 605 3223 672 signum
3270 603 3542 672 accipere,
3593 608 3680 655 est

2067 695 2413 750 "existimare
2445 692 2845 750 Antichristum
2897 711 3019 752 esse
3051 695 3221 750 Deum
3281 695 3558 764 verboque
3626 703 3681 748 et

2096 799 2260 854 opere
2293 801 2415 856 qua:
2466 785 2596 841 huic
2617 795 2767 856 grata
2795 795 2924 841 sunt
2979 802 3414 841 commemorare
3453 801 3517 840 ac
3541 800 3678 856 pra:-

2099 877 2309 933 dicare.
2339 877 2473 932 Nam
2508 879 2611 934 hoc
2643 879 2918 950 signiﬁcat
2946 883 3233 935 character
3293 879 3348 934 in
3404 878 3582 934 fronte
3628 887 3683 933 et

2101 971 2153 1024 in
2185 987 2349 1025 manu
2387 989 2400 1026 :
2445 971 2624 1026 l'rontc
2650 981 2933 1041 assumpta
2964 987 3060 1042 pro
3125 987 3400 1036 sermone,
3435 980 3488 1024 et
3514 986 3677 1023 mauu

2098 1077 2198 1132 pro
2228 1076 2413 1133 opere.
2452 1063 2746 1133 Imaginem
2773 1073 2957 1118 autem
2992 1074 3152 1116 voval
3178 1063 3404 1134 impiam
3431 1077 3680 1117 eouvcr~

2078 1155 2390 1210 osatiouem.
2423 1155 2596 1210 Porro
2632 1155 2822 1209 vinum
2875 1155 3014 1209 dixit
3059 1156 3220 1222 iram,
3277 1170 3385 1209 nou
3433 1154 3504 1208 0h
3540 1152 3682 1206 laeti-

2099 1247 2228 1301 tiam
2263 1264 2428 1318 quam
2457 1247 2723 1313 immittit,
2753 1248 2848 1304 scd
2906 1249 2975 1303 ob
3022 1247 3218 1316 capitis
3251 1248 3572 1318 vertiginem
3611 1261 3676 1300 ac

2095 1340 2262 1394 veluti
2293 1339 2556 1396 furorem:
2585 1340 2902 1410 huiusmodi
2938 1340 3084 1395 enim
3109 1351 3192 1395 est
3219 1339 3297 1393 ira
3333 1338 3677 1408 qumdicitur

2097 1433 2289 1504 θυμός.
2325 1431 2546 1489 Μῑειιιιιι
2577 1447 2710 1488 vero
2740 1448 2883 1494 esse.
2917 1433 3023 1488 hoc
3065 1443 3148 1488 est
3198 1432 3458 1487 ditTusum
3490 1439 3546 1485 et
3577 1447 3682 1484 au-

2098 1535 2460 1597 gmentatum.
2493 1528 2570 1580 Ita
2601 1535 2786 1580 autem
2837 1524 3046 1579 dictum
3087 1535 3192 1589 est,
3240 1539 3306 1578 eo
3351 1521 3494 1594 quod
3532 1521 3679 1592 apud

2097 1627 2310 1674 veteres
2343 1629 2577 1688 utraque
2628 1626 2788 1674 erant
2824 1609 3044 1688 pocula.
3077 1617 3304 1670 Demum
3340 1617 3528 1669 viuum
3585 1613 3681 1668 ira:

2098 1712 2216 1768 sive
2247 1710 2452 1765 furoris
2480 1711 2689 1765 dictum
2718 1717 2822 1773 est,
2870 1709 3332 1780 quemadmodum
3393 1709 3557 1762 etiam
3602 1706 3682 1761 vi-

2099 1820 2231 1860 num
2263 1804 2572 1859 laetiticaus.
2598 1803 2753 1859 Sicut
2784 1803 2929 1858 enim
2956 1802 3115 1872 771
3153 1801 3338 1856 viuum
3389 1801 3547 1872 quod
3589 1800 3684 1856 lae-

2023 1883 2068 1939 B
2096 1896 2266 1951 tilicat
2291 1894 2623 1950 oblivionem
2675 1893 2923 1948 immittit
2960 1909 3142 1948 rerum
3176 1894 3576 1957 molestarum',
3607 1893 3680 1947 ita

2096 1997 2149 2044 ct
2179 2003 2323 2043 nunc
2340 1985 2528 2044 vinum
2553 1985 2647 2040 ira:
2672 1983 2757 2040 vel
2782 1983 2986 2040 furoris
3015 1985 3220 2040 dictum
3242 1993 3327 2040 est
3351 1984 3681 2055 supplicium

2096 2078 2239 2147 quod
2290 2071 2671 2147 subsequitur.
2945 2069 2948 2072 ’

2166 2167 2316 2234 Quod
2352 2170 2567 2223 mistum
2598 2179 2675 2224 est
2705 2185 2846 2225 utero
2878 2171 2931 2224 in
2956 2177 3160 2224 cratere
3192 2169 3308 2224 ἕνα).
3344 2168 3551 2225 Merum
3593 2168 3682 2222 l‘u-

2099 2263 2240 2318 roris
2278 2261 2486 2319 atl‘abre
2513 2265 2857 2334 comparavit
2907 2265 3036 2318 vino
3073 2279 3226 2319 mero
3254 2263 3397 2330 quod
3433 2263 3486 2316 iu
3511 2263 3684 2319 calice

2097 2355 2322 2410 mistum
2357 2363 2466 2411 est.
2501 2355 2786 2426 Siquidem
2819 2357 3007 2410 vinum
3036 2371 3248 2411 merum
3280 2354 3500 2410 [acilius
3560 2355 3679 2409 iue-

2098 2448 2282 2504 briare
2341 2456 2521 2519 potest
2564 2465 2730 2520 quam
2781 2449 3028 2515 mistum,
3076 2449 3339 2520 quoniam
3391 2448 3446 2502 in
3497 2446 3683 2502 l‘utm-o

2072 2525 2315 2612 quoque
2353 2541 2558 2597 saeculo
2605 2541 3004 2596 retributiones
3057 2555 3248 2596 eorum
3292 2555 3414 2610 qua:
3462 2539 3515 2593 in
3578 2541 3684 2595 hac

2095 2631 2204 2686 vita
2237 2640 2462 2703 peracta
2490 2641 2644 2698 sunt,
2685 2647 2837 2702 pune
2889 2641 3071 2699 erunt,
3113 2642 3167 2686 ct
3223 2647 3330 2685 non
3381 2632 3684 2689 eommista:

2095 2740 2222 2780 cum
2251 2726 2502 2797 opposita
2533 2726 2912 2782 misericordia
2961 2737 3057 2782 aut
3109 2727 3369 2783 continua
3410 2728 3681 2783 honorum

2096 2834 2324 2890 operum
2359 2819 2622 2874 memoria
2674 2837 2687 2874 :
2737 2820 3012 2890 quoniam
3055 2819 3236 2874 futura
3291 2836 3516 2892 quoque
3565 2820 3680 2874 vita

2095 2927 2224 2966 vera
2247 2913 2376 2977 erit,
2403 2921 2457 2966 et
2487 2913 2716 2982 expians
2746 2913 2814 2967 ab
2835 2913 2994 2968 omni
3017 2914 3370 2968 simulatione
3421 2923 3475 2967 et
3531 2911 3678 2967 fuco.

2097 3003 2303 3060 Verum
2336 3005 2382 3061 si
2415 3005 2540 3061 talis
2586 3015 2692 3071 est,
2725 3007 3001 3075 quomodo
3058 3007 3262 3063 dicitur
3302 3007 3490 3060 viuum
3545 3007 3683 3060 mis-

2097 3106 2213 3153 tum
2245 3097 2298 3151 in
2331 3099 2583 3154 cratere?
2607 3097 2960 3153 Manifestum
2993 3108 3080 3154 est
3122 3099 3290 3170 igitur
3323 3100 3470 3170 quod
3492 3097 3554 3152 τὸ
3583 3115 3678 3152 κε-

2097 3184 2387 3256 κερᾶσθαι,
2425 3186 2476 3240 id
2497 3194 2603 3252 est,
2638 3187 2856 3241 mistum
2884 3201 3028 3250 esse,
3057 3203 3164 3242 non
3182 3188 3452 3259 signiﬁcat
3470 3197 3682 3257 tempe-

2100 3285 2345 3333 raturam
2380 3279 2644 3350 aliquam,
2677 3281 2771 3335 sed
2799 3279 3160 3343 additionem,
3197 3291 3255 3336 ut
3284 3281 3356 3336 sit
3387 3282 3490 3336 iste
3555 3296 3684 3337 sen-

2100 3385 2232 3425 sus:
2259 3369 2414 3436 Quod
2444 3371 2666 3427 mistum
2695 3382 2800 3435 est,
2835 3371 2888 3426 id
2916 3381 3022 3439 est,
3060 3375 3370 3444 appositum
3402 3373 3455 3428 in
3470 3383 3682 3429 cratere

2099 3461 2214 3529 ira).
2259 3473 2483 3535 propter
2510 3465 2654 3535 quod
2682 3481 2923 3536 congrue
2953 3467 3020 3519 ad
3057 3465 3193 3520 iram
3255 3466 3506 3536 sequitur
3566 3475 3682 3520 tor-

2098 3563 2346 3610 mentum
2379 3556 2522 3626 ignis
2548 3566 2602 3612 et
2623 3557 2929 3628 sulphuris,
2956 3574 3080 3628 qum
3107 3560 3267 3614 ambo
3296 3558 3684 3614 ardentissime

2097 3659 2337 3703 exurunt
2371 3665 2385 3703 :
2421 3664 2544 3704 cum
2573 3650 2716 3721 ignis
2758 3651 2978 3722 quidem
3013 3661 3176 3707 natus
3199 3653 3270 3707 sit
3305 3650 3677 3717 inﬂammare,

2097 3741 2331 3809 sulphur
2371 3751 2554 3798 autem
2589 3743 2851 3800 continue
2898 3745 2964 3800 ad
3005 3745 3257 3801 ardorem
3307 3743 3545 3800 excitare
3591 3759 3684 3798 so-

2096 3834 2223 3889 leat.
2262 3835 2435 3891 Porro
2469 3837 2616 3908 quod
2649 3836 2857 3893 dicitur
2906 3857 2920 3893 :
2995 3855 3182 3894 coram
3221 3839 3431 3893 sanctis
3476 3838 3684 3907 angelis

2097 3940 2152 3985 et
2180 3931 2358 4002 Aguo,
2394 3933 2502 3988 hoc
2525 3934 2837 4003 siguilicare
2875 3934 3033 3990 vult:
3065 3951 3161 4005 per
3183 3933 3407 4006 angelos
3458 3932 3682 4004 quidem

2098 4023 2600 4094 implacabilitatem
2631 4029 2698 4082 ad
2765 4029 3096 4092 crueiatum,
3145 4043 3240 4094 per
3287 4027 3499 4097 Aguum
3555 4043 3684 4082 vero

2097 4117 2244 4186 quod
2277 4119 2744 4176 reminiscentiam
2784 4137 2972 4178 secum
3005 4121 3198 4176 aﬂ’erat
3236 4137 3351 4176 sua:
3381 4121 3549 4176 caedis
3581 4135 3681 4190 pro

2099 4210 2278 4266 salute
2319 4212 2631 4281 hominum,
2684 4215 2832 4284 quod
2895 4215 3012 4285 ipse
3065 4214 3186 4269 illos
3235 4213 3534 4283 diligendo,
3589 4228 3686 4282 per

2100 4301 2282 4372 ignem
2315 4304 2555 4374 seipsum
2588 4306 2895 4371 tradiderit,
2931 4306 3007 4360 illi
3047 4322 3179 4362 vero
3227 4320 3258 4361 a
3312 4306 3536 4378 prapria
3557 4321 3684 4377 per-

2096 4391 2309 4448 ditioue
2365 4393 2585 4450 liberari
2630 4395 2925 4451 noluerint.
2958 4397 3129 4451 Porro
3170 4397 3432 4452 tormenti
3468 4396 3681 4451 fumum

2098 4493 2360 4556 tanquam
2404 4487 2659 4544 nebulam
2691 4489 2831 4543 dixit
2879 4489 3227 4546 ascendere:
3269 4489 3374 4544 hoc
3428 4496 3534 4556 est,
3591 4497 3688 4543 aut

421 4572 524 4625 τῶν
561 4573 670 4627 ἀπὸ
718 4573 811 4628 106
849 4574 1130 4646 ᾀσθματος
1169 4574 1552 4647 κολαζομένων
1599 4577 1700 4648 τῆς
1741 4578 1990 4649 οἰμωγῆς

2101 4577 2601 4634 manifestationem
2630 4580 2696 4635 ad
2738 4596 2933 4636 omnes
2982 4581 3129 4650 quod
3181 4581 3508 4652 supplicium
3559 4581 3685 4652 igne

411 4665 576 4717 οἱονεὶ
602 4665 761 4736 νέφος
784 4667 844 4720 οὐ
874 4668 1010 4740 πρὸς
1042 4669 1241 4737 ὀλίγον,
1283 4669 1400 4723 ἀλλ’
1431 4669 1664 4734 αἱωνίως
1697 4670 1991 4726 ἀναϐαῖνον

413 4773 464 4812 ει
473 4776 660 4830 ρηκεν.

479 4941 619 5002 Ὧδε
647 4945 921 5015 ὑπομονὴ
959 4945 1077 5000 τῶν
1113 4946 1297 5016 ἁγίων
1343 4947 1534 5012 ἐστίν,
1555 4948 1610 5000 οἱ
1667 4947 1992 5015 τηροῦντες

416 5039 523 5104 τὰς
557 5040 807 5106 ἐντολὰς
845 5040 952 5095 τοῦ
992 5040 1161 5102 Θεοῦ,
1201 5039 1300 5094 καὶ
1357 5040 1466 5108 τὴν
1509 5040 1718 5094 πίστιν
1769 5041 1986 5108 Ἰησοῦ.

420 5131 528 5186 Καὶ
558 5132 798 5202 ἤκουσα
835 5132 1042 5202 φωνῆς
1085 5133 1156 5187 ἐκ
1210 5133 1317 5188 τοῦ
1353 5133 1612 5202 οὐρανοῦ
1647 5135 1951 5202 λεγούσης
1979 5153 1992 5166 ·

419 5224 668 5293 Γράψον
690 5242 705 5256 ’
733 5224 1021 5293 Μακάριοι
1064 5229 1117 5279 οἱ
1150 5224 1350 5293 νεκροί
1395 5227 1449 5278 οὶ
1487 5225 1558 5279 ἐν
1596 5230 1718 5294 Κυρ
1733 5227 1792 5292 ’ῳ
1848 5227 1998 5280 ἀπο-

417 5319 792 5387 θνήσκοντες
835 5321 1071 5394 ἀπάρτι.
1105 5321 1239 5387 Ναὶ,
1267 5320 1429 5390 λέγει
1469 5319 1537 5374 τό
1580 5319 1850 5389 Πνεῦμα,
1892 5321 1996 5375 ἵνα

413 5413 881 5468 ἀναπαύσωνται
917 5413 984 5467 ἐκ
1014 5411 1135 5466 τῶν
1163 5413 1365 5466 κόπων
1384 5411 1602 5477 αὐτῶν,
1630 5410 1702 5464 τὰ
1732 5410 1800 5464 δὲ
1848 5411 1993 5480 ἔργα

416 5504 614 5561 αὐτῶν
647 5505 975 5562 ἀκολουθεῖ
983 5504 1108 5574 μετ’
1125 5504 1350 5560 αὐτῶν.

429 5639 434 5642 -
500 5598 590 5653 Ἐν
610 5597 808 5668 τούτῳ,
840 5598 995 5668 φησὶ,
1022 5595 1100 5667 τῷ
1134 5596 1314 5668 καιρῷ
1339 5597 1418 5668 τῷ
1458 5596 1551 5650 106
1611 5597 1989 5668 Ἀντιχρίστου

417 5691 450 5760 η
485 5689 731 5760 ὑπομονὴ
759 5691 867 5744 τῶν
902 5690 1073 5756 ἁγίων
1104 5689 1402 5746 δείκνυται.
1433 5685 1566 5746 Εἶτα
1583 5690 1659 5755 ὡς
1688 5688 1745 5756 ἐξ
1779 5690 1988 5762 ἐρωτή-

492 5870 603 5944 ί-ίὸ)
635 5869 846 5928 inclusa
886 5870 1086 5927 omittit
1113 5870 1199 5927 ed.

2102 4671 2420 4742 perﬁciatur
2450 4671 2657 4744 (fumus
2681 4674 2828 4728 enim
2871 4673 3051 4745 ignem
3103 4673 3373 4745 denotat),
3434 4681 3532 4730 aut
3583 4689 3686 4730 eo-

2103 4778 2226 4819 rum
2259 4764 2352 4836 qui
2408 4766 2718 4834 puniuutur
2746 4766 3013 4838 ejulatum
3039 4807 3053 4833 ,
3111 4781 3220 4822 non
3260 4767 3327 4822 ad
3359 4767 3522 4822 breve
3546 4775 3684 4822 tem-

2104 4871 2232 4926 pus,
2263 4856 2357 4912 sed
2391 4861 2677 4927 perpetuo.

2178 4949 2320 5013 XIV,
2361 4951 2446 5018 12,
2491 4952 2576 5006 l5.
2629 4951 2726 5006 llic
2758 4954 3015 5022 patientia
3074 4963 3379 5008 sanctorum
3427 4963 3503 5007 est
3535 4968 3554 5006 :
3590 4969 3687 5006 cu-

2101 5040 2384 5095 stodientes
2418 5053 2684 5112 prwcepta
2716 5043 2811 5098 Dei
2849 5053 2899 5099 et
2931 5045 3091 5115 [idem
3116 5046 3265 5100 Jesu.
3299 5044 3365 5099 Et
3395 5045 3578 5098 audivi
3606 5060 3690 5097 vo-

2103 5148 2211 5186 cem
2239 5134 2302 5186 dc
2331 5133 2460 5188 caelo
2493 5135 2752 5190 dicentem
2792 5155 2810 5190 :
2847 5135 3064 5191 Scribe:
3094 5137 3250 5191 Beati
3285 5137 3482 5190 mortui
3512 5137 3603 5206 qui
3626 5137 3684 5190 in

2106 5226 2333 5283 Domino
2378 5231 2678 5285 moriuntur
2717 5232 2931 5286 amodo.
2971 5231 3242 5303 Profecto,
3269 5233 3396 5286 dicit
3423 5230 3680 5300 Spiritus,

2107 5329 2164 5374 ut
2193 5321 2522 5391 requiescant
2545 5339 2577 5376 a
2605 5322 2877 5378 laboribus
2905 5325 3040 5390 suis,
3059 5323 3149 5377 sed
3181 5339 3338 5391 opera
3366 5321 3582 5375 illorum
3608 5336 3688 5373 se-

2098 5424 2342 5484 quuntur
2375 5415 2540 5486 ipsos.

2169 5589 2302 5659 Hoc,
2339 5592 2535 5663 inquit,
2585 5593 2909 5650 Antichristi
2951 5601 3199 5664 tempore
3233 5591 3544 5648 ostenditur
3573 5606 3672 5661 pa:

2095 5685 2288 5743 tientia
2329 5695 2666 5742 sanctorum.
2704 5686 2905 5744 Deinde
2947 5693 3213 5759 tanquam
3261 5685 3330 5742 ab
3373 5684 3684 5754 interrog»
