4046 6632
316 375 417 443 691
1130 380 1459 441 ARETI‘I/E
1495 380 1879 447 C/ESAREIE
1910 381 2399 447 CAPPADOCL’B
2438 382 2784 447 EPISCOPI
3482 388 3593 452 692

315 498 465 551 tione
496 505 679 548 sermo
710 488 1022 560 eﬂiguratus
1081 501 1166 550 est
1194 510 1209 549 :
1246 494 1315 550 Et
1364 494 1591 567 quinam
1624 505 1775 563 sunt,
1809 496 1898 551 in-

2030 512 2142 560 rsm;
2185 495 2343 565 λόγος
2397 497 2823 569 ἐσχημάτισται.
2873 498 2985 553 Καὶ
3043 517 3210 569 τινες,
3260 500 3448 574 φησὶν,
3496 503 3594 569 οὓς

313 587 455 658 quit,
511 600 652 656 quos
683 583 821 638 dicis
855 595 1078 640 sanclos
1136 587 1444 657 patientes?
1489 589 1687 646 deinde
1729 591 1894 646 veluti

2030 587 2184 656 έγεις
2236 588 2425 656 ἁγίους
2472 590 2946 663 ύπομονητικούςς
2986 588 3121 647 Εἶτα
3164 593 3241 658 ὡς
3292 596 3594 668 ἀποκρινό-

315 679 676 748 respondens,
729 673 1122 740 Custodieutes,
1193 677 1290 741 ait,
1364 686 1629 747 prrrcepta
1687 678 1785 733 Dei
1847 687 1898 733 et

2030 695 2188 742 ιενος,
2224 681 2289 733 Οἱ
2310 680 2657 748 τηροῦντες,
2688 683 2842 753 φησὶ,
2902 684 3009 750 τὰς
3030 682 3287 752 ἐντολὰς
3312 686 3421 741 τοῦ
3444 688 3595 743 Θεοῦ

314 773 475 844 ﬁdem
498 771 648 826 Iesu.
686 768 749 824 Hi
783 784 1045 839 namque,
1078 771 1439 840 praesentibus
1493 786 1711 841 quoque
1758 770 1900 826 aﬁli-

317 869 591 924 ctionibus
656 882 721 924 ac
777 874 954 923 morte
1012 866 1311 933 intentata,
1350 868 1513 939 772
1570 876 1903 938 postponent

320 963 573 1018 universa
604 959 781 1017 amori
819 960 912 1016 Dei
943 975 1008 1017 ac
1033 961 1155 1016 ﬁdei
1182 960 1333 1016 Jesu.
1386 958 1507 1013 Non
1560 960 1664 1015 hoc
1715 970 1899 1015 autem

319 1055 456 1111 dixit
484 1054 631 1125 quod
659 1054 868 1109 dividat
898 1069 963 1110 ac
992 1062 1207 1124 separet
1235 1052 1394 1108 ﬁdem
1428 1051 1480 1106 in
1518 1052 1685 1107 Deum
1724 1068 1751 1106 a
1797 1053 1904 1108 ﬁde

321 1149 540 1204 Domini
601 1146 753 1212 Jesu,
797 1148 891 1202 sed
938 1161 1040 1202 suo
1090 1159 1363 1210 sermone,
1417 1145 1581 1199 modo
1614 1146 1786 1215 magis
1822 1146 1903 1199 in-

321 1242 661 1297 troduclorio
722 1241 1045 1310 procedens,
1107 1238 1181 1294 ita
1252 1238 1620 1307 progreditur.
1661 1238 1721 1293 In
1770 1239 1906 1294 solis

320 1350 562 1404 namque
611 1331 817 1387 Judaeis
870 1330 1129 1401 religiosa
1176 1328 1356 1384 divini
1411 1327 1668 1386 Numinis
1716 1330 1905 1402 Opinio

328 1425 574 1497 conspici
631 1423 888 1490 dabatur,
929 1437 1054 1493 qua:
1084 1437 1115 1478 a
1158 1421 1348 1478 multis
1376 1423 1647 1493 vanisque
1674 1422 1781 1477 diis
1837 1422 1905 1477 ad

322 1532 492 1572 tinum
525 1515 696 1570 Deum
738 1514 1021 1587 redigebat
1059 1514 1158 1570 Dei
1190 1515 1400 1571 cultum
1446 1533 1459 1569 :
1495 1514 1751 1571 Christus
1775 1530 1909 1570 vero

322 1627 389 1665 co
408 1610 554 1682 quod
582 1610 748 1667 homo
766 1610 920 1667 visus
942 1621 1089 1667 esset
1109 1618 1165 1668 et
1186 1611 1512 1682 appellatus,
1534 1612 1675 1682 apud
1706 1612 1910 1666 multos

324 1703 572 1759 nondum
608 1702 899 1759 videbatur
926 1701 1127 1759 divinae
1156 1714 1368 1760 natura:
1394 1703 1904 1774 supersubstautia-

328 1797 396 1853 lis
428 1812 551 1853 esse
582 1797 877 1854 thesaurus
910 1807 1242 1868 :propterea
1292 1797 1435 1853 inter
1488 1795 1601 1852 Dei.
1641 1804 1909 1866 praecepta

328 1888 505 1958 magis
530 1888 874 1953 discernens,
907 1886 1037 1945 Jesu
1068 1887 1227 1944 ﬁdem
1259 1888 1566 1945 substituit.
1613 1886 1800 1944 Potest
1824 1898 1909 1945 ta-

330 1996 455 2036 men
485 1980 597 2037 dici
628 1982 773 2052 quod
807 1982 942 2037 hinc
986 1981 1176 2036 divina
1207 1982 1275 2035 de
1323 1980 1547 2037 Christo
1580 1980 1767 2052 Opinio
1823 1995 1913 2037 ro-

330 2073 580 2127 boratur.
618 2071 753 2128 Nam
783 2073 828 2127 si
862 2073 995 2129 ﬁdes
1022 2070 1151 2129 Jesu
1176 2074 1470 2129 comitatur
1490 2073 1585 2129 Dei
1613 2083 1907 2146 praecepta,

333 2164 465 2232 quid
494 2179 725 2220 necesse
753 2173 836 2220 est
870 2173 1135 2237 tanquam
1201 2165 1404 2223 divinis
1446 2168 1731 2237 praeceptis
1779 2182 1915 2224 cono

332 2257 559 2312 trariam
583 2255 774 2312 tollere
798 2254 928 2313 Jesu
954 2267 1356 2329 praeceptorum
1390 2258 1913 2327 manifestationem,

332 2365 458 2406 cum
490 2364 559 2405 ex
590 2350 695 2405 hoc
718 2350 886 2406 robur
914 2358 1314 2421 praceptorum
1348 2350 1523 2421 magis
1556 2352 1918 2407 concilietur?

334 2452 558 2514 propter
590 2459 714 2513 qua:
743 2443 819 2499 ita
845 2454 1178 2515 contempta,
1230 2460 1340 2499 non
1374 2445 1590 2515 putavit
1627 2444 1916 2515 indignum

337 2535 617 2606 suscipere
645 2538 809 2593 vilem
838 2545 894 2593 et
924 2537 1194 2609 abiectam
1238 2539 1479 2595 hominis
1511 2547 1791 2601 naturam,
1859 2548 1919 2593 ut

338 2643 435 2696 per
466 2630 707 2698 seipsum
753 2630 1086 2699 ostenderet,
1117 2630 1263 2702 quod
1289 2646 1414 2688 cum
1456 2633 1691 2688 humana
1722 2640 1917 2686 natura

340 2738 445 2775 lmll
479 2730 665 2791 posset
697 2722 765 2777 ad
797 2738 935 2794 opus
988 2722 1261 2780 deducere
1314 2733 1612 2796 praecepta,
1672 2723 1918 2795 seipsum

343 2813 471 2871 huic
503 2814 681 2869 univit
710 2815 1049 2873 incarnatus.

411 2905 569 2962 Beati
608 2909 917 2979 mortuiqui
966 2910 1023 2966 in
1060 2912 1287 2966 Domino
1318 2911 1642 2969 moriuntur.
1703 2911 1822 2967 Vox
1856 2911 1924 2967 de

340 3000 482 3055 male
529 3017 636 3055 non
665 3017 857 3058 omnes
884 3012 1131 3059 mortuos
1159 3005 1417 3075 pra-dicat
1445 3020 1566 3062 esse
1593 3006 1803 3068 beatos,
1828 3005 1923 3061 sed

341 3107 439 3147 eos
467 3093 563 3161 qui
595 3094 647 3147 iu
689 3093 922 3151 Domino
985 3098 1322 3158 moriuntur.
1353 3099 1445 3168 qui
1475 3098 1679 3153 mundo
1720 3098 1922 3153 mortui

2003 773 2102 828 καὶ
2144 772 2261 842 τὴν
2285 774 2497 828 πίστιν
2538 772 2764 843 Ἰησοῦ.
2804 769 2967 831 Οὗτοι
2998 778 3109 845 γὰρ
3135 780 3231 833 καὶ
3262 781 3597 851 πειρασμῶν

2006 865 2294 936 παρόντων
2334 866 2429 920 καὶ
2492 865 2750 931 θανάτου,
2801 869 2980 921 πάντα
3040 868 3271 941 δεύτερα
3323 872 3587 942 Θήσονται

2003 961 2103 1028 τῆς
2132 958 2226 1012 τοῦ
2257 958 2391 1013 Θεοῦ
2424 960 2649 1029 ἀγάπης
2689 962 2785 1015 καὶ
2811 963 3051 1026 πίστεως
3090 964 3289 1033 Ἰησοῦ.
3350 965 3427 1019 υύ
3456 966 3600 1019 διαιο

2007 1050 2119 1121 ρῶν
2148 1051 2205 1104 δέ
2233 1053 2328 1105 καὶ
2350 1051 2683 1106 ἀποδιιστῶν
2738 1052 2838 1125 τὴν
2874 1056 2956 1118 είς
2982 1055 3115 1108 Θεὸν
3151 1057 3333 1110 πίστιν
3366 1058 3465 1128 τῆς
3505 1056 3601 1112 τοῦ
3700 1064 3715 1071 “

2008 1141 2215 1211 Κυρίου
2252 1142 2511 1209 πίστεως,
2534 1145 2697 1199 τοῦτό
2719 1163 2905 1215 φησιν,
2939 1148 3055 1201 ἀλλ’
3089 1151 3496 1218 εἰσαγωγικώτε
3510 1168 3603 1220 ρον

2006 1234 2087 1305 τῷ
2130 1235 2274 1307 λόγῳ
2335 1236 2531 1309 χωρῶν
2588 1238 2734 1293 οὕτω
2789 1240 3060 1309 πρόεισιν·
3096 1243 3189 1295 ἐπὶ
3253 1243 3362 1315 γὰρ
3412 1246 3604 1313 μόνοις

2023 1330 2301 1395 Ἰουδαίοις
2323 1333 2356 1402 ἡ
2378 1331 2473 1387 τοῦ
2493 1332 2651 1388 Θείου
2680 1335 2909 1404 εὐσεϐὴς
2937 1335 3206 1407 ὑπόληψις
3229 1338 3472 1409 ἐνορᾶτο,
3494 1340 3603 1395 ἀπὸ

2008 1422 2119 1477 τῶν
2159 1423 2374 1478 πολλῶν
2406 1425 2499 1479 καὶ
2544 1428 2794 1498 ματαίων
2830 1428 2969 1482 θεῶν
2999 1430 3080 1491 είς
3110 1430 3208 1484 ἕνα
3235 1431 3370 1485 Θεὸν
3426 1451 3606 1502 περιιο

2013 1518 2189 1572 στᾶσα
2212 1516 2275 1571 τὸ
2298 1516 2555 1589 σέόασμα
2585 1535 2600 1550 ο
2634 1523 2663 1573 ό
2700 1520 2757 1573 δὲ
2803 1523 3037 1593 Χριστὸς
3069 1524 3159 1578 διὰ
3201 1524 3263 1577 τὺ
3314 1524 3607 1596 ἄνθρωπος

2010 1609 2243 1681 ὁρᾶσθαι
2275 1612 2371 1666 καὶ
2405 1610 2793 1683 χρηματίζειν,
2825 1614 2981 1670 οῦπω
3002 1619 3116 1681 τοῖς
3166 1615 3383 1681 πολλοῖς
3430 1619 3606 1672 ἐδόκει

2015 1701 2169 1767 θείας
2205 1702 2423 1773 φύσεως
2462 1699 2606 1760 εἶναι
2634 1705 2911 1780 θησαυρὸς
2946 1709 3292 1778 ύπερούσιος.
3323 1698 3421 1763 Διά
3445 1711 3608 1764 τοῦτο

2014 1794 2505 1867 διακριτικὼτερον
2534 1799 2656 1862 ταῖς
2690 1799 2931 1862 ἐντολαῖς
2967 1801 3062 1854 τοῦ
3107 1800 3265 1868 Θεοῦ,
3293 1802 3387 1856 τοῦ
3431 1801 3608 1872 Ἰησοῦ

2017 1887 2203 1941 πίστιν
2256 1887 2585 1960 ύπέστησεν.
2619 1890 2767 1961 Πλὴν
2826 1890 2975 1945 ἐστιν
3024 1894 3230 1959 εἰπεῖν,
3272 1894 3350 1957 ὡς
3405 1894 3610 1964 μᾶλλον

2015 1979 2335 2051 ἐντεῦθενή
2384 1982 2525 2035 κατά
2573 1983 2810 2052 Χριστὸν
2862 1982 3117 2053 θεολογία
3167 1986 3517 2057 κρατύνεται.
3548 1985 3613 2038 Ei

2016 2072 2126 2145 γὰρ
2148 2077 2267 2134 ταῖς
2289 2074 2532 2138 ἐντολαῖς
2568 2076 2663 2129 τοῦ
2686 2074 2822 2129 Θεοῦ
2857 2084 2951 2130 καὶ
2989 2079 3022 2147 ἡ
3056 2078 3198 2132 κατά
3258 2078 3471 2149 Ἰησοῦν
3523 2077 3615 2131 πί·-

2018 2181 2140 2228 στις
2168 2168 2539 2237 παρομαρτεῖ,
2558 2166 2644 2230 τίς
2665 2167 2926 2239 ἡάνάγκη
2950 2171 3297 2240 ἀνταναιρεῖν
3316 2171 3425 2223 τῶν
3452 2170 3612 2224 θείων

2017 2256 2250 2311 ἐντολῶν
2279 2256 2389 2311 τῶν
2441 2257 2537 2312 τοῦ
2594 2260 2772 2329 Ἰησοῦ
2815 2261 2875 2314 τὸ
2905 2261 3186 2331 ὁρώμενον
3233 2262 3366 2334 (46),
3406 2263 3611 2333 μᾶλλον

2021 2350 2085 2404 ἐκ
2110 2351 2303 2405 τούτου
2335 2350 2445 2409 τῶν
2482 2350 2715 2406 ἐντολῶν
2745 2352 2806 2407 τὸ
2840 2355 3042 2425 κράτος
3078 2355 3505 2425 οἱκειουμένωνς
3536 2355 3607 2408 δι’

2020 2443 2090 2508 ἀς
2140 2444 2693 2515 κατολιγωρουμένας
2718 2486 2732 2511 ,
2787 2446 2885 2499 καὶ
2931 2448 3031 2517 τὴν
3088 2446 3377 2518 ἀνθρώπου
3419 2447 3613 2518 εὐτελῆ

2023 2535 2186 2607 φύσιν
2231 2536 2334 2591 οὐκ
2383 2535 2699 2608 ἀπηξίωσεν
2743 2538 3004 2592 ὑποδῦναι
3041 2555 3055 2570 ο
3099 2540 3174 2603 ὡς
3209 2540 3275 2593 ἂν
3323 2539 3389 2593 δι’
3417 2539 3612 2593 ἐαυτοῦ

2025 2630 2305 2701 ὑποδείξῃ,
2346 2629 2423 2693 ὡς
2453 2631 2554 2700 τῆς
2592 2629 2946 2701 ἀνθρωπίνης
2986 2631 3177 2693 οὐσίας
3233 2628 3612 2700 ἀδυνατούσης

2025 2723 2163 2793 πρὸς
2186 2722 2350 2794 ἔργον
2374 2723 2602 2792 ἀγαγεῖν
2633 2722 2732 2787 τὰς
2761 2722 3002 2789 ἐντολὰς,
3038 2723 3211 2795 ταύτῃ
3244 2722 3442 2777 ἐαυτὸν
3469 2723 3613 2794 ἥνω-

2027 2833 2120 2870 σεν
2143 2814 2598 2887 ἐνανθρωπησας.

2097 2907 2389 2976 Μακάριοι
2420 2911 2475 2961 οἱ
2522 2909 2721 2977 νεκροί
2759 2912 2814 2963 οἱ
2857 2910 2929 2963 ἐν
2958 2909 3152 2977 Κυρίῳ
3200 2907 3619 2975 ἀποθνήσκον-

2026 3016 2147 3067 τες.
2198 3000 2265 3054 Ἦ
2320 3001 2378 3068 ἐξ
2427 3001 2659 3073 ούρανοῦ
2707 3005 2861 3073 φωνὴ
2919 3003 2979 3055 ού
3036 3003 3247 3065 πάντας
3315 3003 3614 3074 μακαρίζει

2027 3093 2160 3156 τοὺς
2205 3093 2459 3164 νεκροὺς,
2500 3092 2635 3146 ἀλλά
2694 3096 2820 3158 τοὺς
2873 3096 2930 3148 ἐν
2965 3095 3155 3166 Κυρίῳ
3213 3095 3610 3160 ἀποθανόντας,

344 3198 497 3251 sunt,
525 3196 580 3242 et
608 3189 1092 3245 mortiﬁcationem
1134 3191 1349 3247 Domini
1393 3190 1524 3248 .lesu
1578 3192 1633 3248 in
1690 3206 1919 3263 corpore

2037 3187 2169 3249 τοὺς
2201 3185 2577 3257 νεκρωθέντας
2606 3184 2684 3256 τῷ
2719 3187 2932 3258 κόσμῳ,
2967 3188 3061 3240 καὶ
3097 3188 3201 3257 τὴν
3233 3187 3503 3259 νέκρωσιν
3523 3187 3617 3240 τοῦ

343 3278 768 3334 tirenml'erunt.
824 3280 964 3336 Vere
1014 3281 1160 3337 enim
1221 3283 1402 3339 exitus
1454 3298 1485 3339 a
1541 3297 1775 3354 corpore
1819 3284 1929 3340 illis

344 3372 512 3427 etiam
543 3373 760 3443 requies
785 3382 893 3439 est,
924 3391 1047 3445 qua
1075 3390 1107 3431 a
1156 3376 1440 3434 laboribus
1469 3378 1680 3435 eximit.

425 3554 699 3625 Profecto,
735 3555 864 3609 dicit
897 3552 1152 3623 Spiritus.
1182 3553 1400 3609 Littera:
1416 3551 1688 3609 ordinatio
1720 3552 1797 3607 ita
1830 3550 1930 3607 ha-

350 3648 531 3702 lu-tur.
574 3646 816 3719 Spiritus
848 3648 1024 3703 dicit:
1052 3646 1245 3703 Scribe
1273 3646 1494 3710 amodo,
1536 3654 1801 3715 tanquam
1841 3653 1931 3699 at-

350 3742 574 3799 trahcus
598 3758 692 3797 eos
725 3742 819 3812 qui
871 3749 1104 3805 certant,
1140 3738 1505 3810 promissione
1536 3739 1683 3809 quod
1742 3750 1931 3793 cessa-

350 3838 487 3890 bunt
538 3850 661 3905 quae
719 3834 853 3906 ipsis
897 3834 1173 3891 laboriosa
1234 3842 1383 3896 sunt,
1438 3841 1494 3886 et
1557 3841 1928 3900 assequentur

349 3928 494 3982 bona
530 3927 584 3981 in
641 3926 840 3997 quibus
883 3925 1277 3996 conquiescant
1306 3941 1321 3977 :
1352 3922 1517 3978 simul
1564 3921 1713 3978 enim
1747 3928 1808 3975 ut
1835 3935 1933 3977 suc

351 4021 482 4076 blati
516 4020 721 4077 fuerint
751 4035 781 4075 e
826 4019 1011 4076 medio
1056 4018 1295 4083 labores,
1356 4016 1653 4073 inducetur
1700 4028 1932 4086 operum

350 4113 667 4173 retributio.

922 4226 1151 4283 CAPUT
1180 4224 1364 4281 XLlll.

350 4374 506 4443 Quod
564 4374 608 4427 is
664 4373 753 4444 qui
819 4370 1030 4425 sedebat
1085 4368 1140 4420 iu
1207 4366 1374 4444 nube,
1414 4364 1721 4444 _demetebat
1798 4360 1939 4431 [alca

741 4458 859 4514 qua:
904 4458 969 4495 ex
999 4449 1141 4494 terra
1165 4436 1557 4509 germinabant.

2033 3277 2240 3349 Κυρίου
2292 3276 2468 3347 Ἰησοῦ
2496 3278 2556 3330 ἐν
2600 3275 2681 3348 τῷ
2709 3276 2922 3348 σώματι
2970 3279 3401 3349 περιφέροντας.
3439 3278 3619 3332 Ἐκείν

2033 3387 2144 3433 νοις
2173 3370 2282 3442 γάρ
2315 3370 2395 3442 τῷ
2421 3371 2537 3425 ὄντι
2567 3372 2600 3441 ἠ
2627 3370 2719 3424 τοῦ
2755 3369 3007 3441 σώματος
3033 3371 3211 3438 ἔξοδος
3243 3373 3338 3427 καὶ
3370 3372 3619 3429 ἀνάπαυ-

2034 3479 2122 3527 σις
2152 3462 2339 3516 κόπων
2366 3462 2712 3518 ἀπαλλάττου
2721 3480 2809 3518 σα.

2105 3554 2241 3621 Ναί,
2271 3554 2435 3625 λέγει
2478 3554 2548 3609 τὸ
2581 3554 2845 3625 Πνεῦμα.
2886 3554 2950 3610 Ἦ
2989 3555 3240 3621 σύνταξις
3296 3554 3493 3621 οὕτως.
3549 3554 3623 3609 Τὸ

2036 3647 2261 3718 Πνεῦμα
2290 3646 2481 3716 λέγει·
2509 3646 2726 3717 Γράψον
2767 3649 2996 3717 ἀπάρτι,
3031 3650 3198 3703 οἱονεὶ
3247 3649 3619 3720 ύπολιχνεύων

2036 3739 2161 3803 τοὺς
2207 3738 2505 3803 ἀθλοῦντας
2553 3743 2621 3812 τῇ
2665 3739 2968 3812 ἐπαγγελίᾳ
3026 3743 3125 3813 τῆς
3176 3740 3471 3811 ἐκλείψεως
3523 3740 3624 3809 μὲν

2038 3831 2145 3884 τῶν
2174 3832 2490 3902 ἐπιμόχθων
2522 3834 2731 3898 αὐτοῖς,
2763 3833 3014 3904 ἐντυχίας
3042 3834 3099 3888 δὲ
3129 3834 3238 3887 τῶν
3270 3834 3618 3887 ἀναπαυσα-

2038 3923 2153 3979 κῶν
2185 3926 2425 3993 ἀγαθων.
2464 3928 2617 3998 ’Ἅμα
2650 3927 2759 3997 γὰρ
2807 3926 2885 3998 τῷ
2933 3926 3234 3998 ἀφανισμῷ
3278 3926 3386 3979 τῶν
3417 3926 3620 3991 κόπων,

2040 4018 2504 4091 ἐπεισαχθήσεται
2527 4005 2568 4091 η’
2586 4018 2675 4074 διὰ
2703 4018 2812 4073 τῶν
2847 4020 3024 4093 ἔργων
3053 4018 3341 4082 ἀντίδοσις.

2620 4218 2874 4275 ΚΕΦΑΛ.
2904 4215 3039 4273 ΜΓ.

2053 4363 2184 4415 Ὅτι
2210 4360 2279 4413 ἐν
2317 4356 2389 4424 τῇ
2417 4356 2643 4425 νεφέλῃ
2667 4354 3030 4425 καθήμενος,
3058 4351 3139 4418 τῷ
3162 4350 3440 4420 δρεπάνῳ
3471 4362 3624 4406 συνο

2248 4426 2410 4481 τελεῖ
2464 4423 2538 4480 τὰ
2567 4426 2637 4479 ἐκ
2666 4424 2775 4495 τῆς
2809 4423 2921 4495 γῆς
2952 4424 3414 4490 βλαστάνοντα.

421 4584 564 4649 XIV,
592 4583 770 4640 N—lﬁ.
805 4581 873 4637 Et
901 4582 1030 4645 vidi,
1062 4593 1110 4635 et
1132 4597 1246 4634 ecce
1278 4577 1437 4633 nubes
1455 4575 1685 4631 candida
1704 4581 1752 4626 et
1778 4586 1919 4641 supra

2119 4564 2227 4620 Καὶ
2256 4559 2442 4629 εἶδον,
2476 4564 2574 4617 καί
2598 4562 2729 4618 ὶδοὺ
2757 4562 2984 4633 νεφέλη
3013 4560 3232 4628 λευκὴ,
3264 4558 3364 4613 καί
3385 4558 3487 4613 ἐπὶ
3516 4558 3633 4625 τὴν

352 4679 541 4733 nubem
568 4678 751 4732 sedens
776 4678 969 4732 similis
1006 4674 1167 4746 773
1204 4672 1347 4727 Filio
1370 4669 1624 4732 hominis,
1652 4664 1850 4719 habens
1877 4665 1935 4717 iu

352 4774 524 4839 capite
547 4787 644 4826 suo
677 4785 930 4823 coronam
961 4781 1203 4828 auream,
1235 4773 1286 4816 et
1323 4763 1376 4815 in
1407 4774 1568 4813 manu
1602 4772 1702 4809 sua
1741 4754 1934 4822 falcem

353 4875 587 4918 acutam.
614 4862 683 4917 Et
715 4863 856 4915 alius
897 4858 1114 4930 angelus
1161 4855 1321 4910 exivit
1348 4853 1411 4905 de
1454 4848 1647 4917 templo
1693 4845 1937 4901 clamant

353 4974 475 5013 voce
500 4972 690 5025 magna
723 4955 927 5007 sedenti
979 4953 1033 5004 iu
1071 4947 1204 5002 nube
1232 4963 1250 5000 :
1287 4945 1440 4997 Mitte
1469 4940 1662 5011 falcem
1690 4949 1837 4991 tuam
1886 4946 1936 4990 et

356 5055 516 5109 mete,
547 5043 674 5113 quia
710 5042 846 5096 venit
880 5052 1085 5109 tempus
1129 5035 1378 5100 metendi,
1416 5032 1543 5103 quia
1576 5030 1719 5084 aruit
1752 5028 1936 5083 messis

358 5149 531 5193 terra}.
576 5134 644 5190 Et
687 5136 831 5188 misit
863 5136 906 5187 is
941 5133 1032 5203 qui
1059 5129 1272 5184 sedebat
1310 5142 1467 5193 super
1489 5126 1697 5189 nubem,
1747 5121 1939 5194 falcem

358 5248 511 5284 suam
545 5230 598 5284 in
637 5238 861 5294 terram,
901 5237 950 5280 et
972 5225 1216 5279 demessa
1240 5230 1316 5274 est
1346 5229 1506 5275 terra.

438 5503 648 5559 Nubem
681 5493 1029 5566 interpretati
1088 5500 1220 5547 sunt
1255 5491 1430 5546 sancti
1465 5489 1658 5543 Patres
1710 5487 1939 5541 Mariam

366 5612 583 5667 semper
607 5590 900 5659 virginem,
947 5587 1105 5656 juxta
1149 5584 1200 5639 id
1238 5584 1383 5653 quod
1433 5584 1503 5638 ab
1544 5581 1679 5637 Isaia
1732 5580 1938 5636 dictum

2044 4662 2315 4732 νεφέαην
2349 4660 2689 4730 καθήμενον
2715 4660 2922 4730 ὅμοιον
2960 4657 3071 4723 Υὶῷ
3108 4657 3445 4724 ἀνθρώπου,
3473 4653 3633 4721 ἔχων

2044 4753 2143 4807 ἐπὶ
2170 4752 2279 4820 τῆς
2308 4750 2575 4822 κεφαλῆς
2608 4750 2796 4805 αὐτοῦ
2839 4748 3148 4818 στέφανον
3202 4744 3496 4816 χρυσοῦν,
3533 4744 3631 4797 καὶ

2046 4846 2116 4900 ἐν
2136 4843 2211 4913 τῇ
2241 4845 2391 4914 χειρί
2422 4843 2611 4897 αὐτοῦ
2655 4843 2959 4910 δρέπανον
2992 4841 3124 4905 ὀξύ.
3159 4840 3268 4893 Καὶ
3301 4839 3494 4902 ἄλλος
3527 4837 3633 4906 ἂγ-

2047 4942 2224 5009 γελος
2246 4936 2509 5006 ἐξῆλθεν
2535 4937 2605 4990 ἐκ
2643 4936 2750 4990 τοῦ
2783 4934 2934 4990 ναοῦ
2960 4933 3186 5003 κράζων
3211 4933 3281 4986 ἐν
3327 4929 3497 5000 φωνῇ
3528 4947 3634 4999 με-

2048 5030 2205 5102 γάλῃ
2232 5029 2310 5095 τῷ
2337 5028 2653 5097 καθημένῳ
2683 5029 2781 5081 ἐπὶ
2810 5026 2921 5095 τῆς
2959 5025 3223 5096 νεφέλης
3244 5043 3261 5058 ·
3294 5022 3545 5093 Πέμψον
3570 5023 3636 5077 τὸ

2047 5118 2351 5187 δρέπανόν
2384 5132 2500 5172 σου
2546 5116 2643 5170 καί
2677 5116 2941 5184 θέρισον,
2974 5114 3063 5168 ὅτι
3085 5114 3278 5183 ἦλθεν
3316 5114 3353 5180 η
3383 5111 3503 5180 ὥρα
3542 5115 3636 5164 θε-

2037 5213 2227 5279 ρίσαι,
2259 5210 2348 5264 ὅτι
2399 5208 2700 5277 ἐξηράνθη
2753 5212 2786 5263 ὁ
2834 5208 3117 5279 θερισμὸς
3176 5207 3288 5275 τῆς
3333 5205 3465 5277 γῆς.
3523 5204 3637 5258 Καὶ

2048 5304 2265 5359 ἔϐαλεν
2299 5307 2331 5359 ό
2366 5303 2700 5373 καθήμενος
2734 5304 2831 5358 ἐπὶ
2856 5304 2970 5371 τὴν
3004 5300 3295 5370 νεφέλην,
3329 5301 3394 5354 τὸ
3418 5299 3635 5367 δρέπα-

2050 5417 2161 5453 νον
2187 5397 2619 5465 αἱιτοῦέπὶτὴν
2647 5396 2785 5466 γῆν,
2826 5396 2925 5451 καὶ
2947 5397 3227 5464 ἐθερίσθη
3269 5396 3306 5464 ἡ
3348 5393 3447 5464 γῆ.

2122 5492 2231 5562 Τὴν
2249 5490 2476 5561 νεφέλην
2500 5492 2579 5553 εἰς
2596 5490 2814 5561 Μαρίαν
2829 5489 2929 5559 τὴν
2944 5487 3309 5555 ωιπάρθενον
3342 5485 3426 5553 his
3438 5487 3635 5555 ιλὴφα-

2057 5601 2140 5638 σιν
2161 5585 2209 5637 οί
2250 5582 2382 5636 θεῖοι
2437 5583 2701 5653 Πατέρες,
2731 5583 2871 5635 κατά
2899 5581 2961 5635 τὸ
3001 5581 3106 5634 ὑπὸ
3142 5579 3368 5633 Ἡσαΐου
3406 5576 3634 5650 είρημέ-

360 5702 445 5747 est
482 5708 496 5744 :
536 5709 553 5741 ι
597 5687 735 5740 Ecce
762 5681 914 5736 sedet
950 5680 1219 5733 Dominus
1250 5678 1303 5731 in
1354 5678 1496 5731 nube
1543 5677 1646 5731 levi
1675 5686 1731 5732 et
1762 5676 1918 5731 vcuic

2053 5696 2160 5734 νον·
2199 5697 2217 5731 ι
2265 5678 2405 5731 ’Ἰδοὺ
2440 5675 2644 5750 Κύριος
2700 5675 2934 5747 κάθηται
2984 5674 3075 5728 ἐπὶ
3124 5672 3359 5746 νεφέλης
3398 5672 3633 5744 κούφης,

433 5866 547 5940 (ἀΰ)
592 5861 765 5919 Verba
794 5860 851 5916 τὸ
883 5864 1159 5937 ὁρώμενον
1189 5878 1295 5918 nou
1334 5857 1563 5913 habebat
1593 5856 1678 5911 cd.
