4046 6584
416 388 522 453 693
1479 393 1869 458 COMMENT.
1914 394 1995 456 IN
2036 393 2542 455 APOCALYPSIN
2658 386 2661 389 l
3568 386 3676 451 694

372 510 377 513 ’
415 502 511 556 καὶ
540 500 660 573 ἥξει
706 500 788 564 είς
826 501 1103 571 Αἴγυπτον
1124 516 1137 530 ·
1176 520 1194 553 ι
1228 502 1293 557 ἐκ
1318 501 1423 572 γῆς
1454 503 1555 573 μὲν
1619 501 1733 558 οἷον
1763 504 1970 575 ἐξατμιε

2100 502 2151 556 in
2180 499 2474 571 {Egyptum
2498 500 2540 530 ⁸¹
2574 516 2587 553 :
2628 518 2646 550 ι
2689 498 2755 553 de
2817 506 2960 553 terra
2992 496 3214 568 quidem
3270 493 3449 551 velati
3474 508 3672 564 evapo-

418 594 658 660 σθεῖσαν,
690 596 966 663 τουτέστι,
997 595 1282 668 περιγείου
1309 595 1625 667 παχύτητος
1672 595 1992 668 ἀποδράσα-

2100 601 2331 657 rantem,
2366 592 2468 646 hoc
2528 600 2612 647 est
2642 606 2673 645 a
2707 601 2923 653 terrena
2964 589 3219 646 crassitie
3281 587 3684 659 egredientem,-

418 704 538 739 σαν.
568 686 854 757 Κουφότηι,
879 687 935 741 δὲ
958 689 1079 752 ταῖς
1095 689 1515 761 ούρανοδρόμοις
1535 690 1757 761 ἀρεταῖς
1784 706 1993 761 κατηρ-

2159 684 2192 738 d
2223 682 2439 738 levitate
2471 690 2729 739 contexta
2755 683 3055 739 virtutibus
3085 683 3142 738 in
3168 680 3370 737 cmlum
3397 679 3678 736 currenti-
3748 739 3755 764 1

414 778 643 848 τισμένη
668 780 980 834 ἀποδίδοται
1005 780 1083 852 τῷ
1112 780 1181 835 δι’
1220 781 1391 853 αὐτῆς
1431 782 1737 853 ἐνδημῆσαι
1770 781 1861 835 τὸν
1898 782 1991 835 τοῦ

2098 774 2223 842 bus,
2265 792 2385 846 qua:
2420 776 2520 845 ipsi
2553 775 2894 842 attribuitur,
2944 790 3008 831 eo
3050 774 3197 846 quod
3236 790 3331 845 per
3360 774 3533 845 ipsam
3580 772 3676 828 Dei

416 869 550 923 Θεοῦ
581 871 707 926 Υίδν
735 871 1159 944 εὐμοιρήσαντα.
1194 876 1264 927 Ἣ
1290 874 1521 945 νεφέλην
1543 874 1847 946 ἀγγελικήν
1870 891 1993 929 τινα

2097 865 2272 923 Filius
2325 867 2468 924 felici
2505 867 2617 924 fato
2668 867 2827 925 nobis
2882 882 3125 939 praesens
3182 867 3364 923 fuerit.
3423 866 3532 921 Aut
3572 882 3678 919 nu-

413 961 645 1033 δύναμιν
676 964 766 1017 διὰ
796 963 859 1017 τὸ
889 964 1149 1036 καθάριον
1180 966 1291 1037 (47)
1323 966 1420 1021 καὶ
1461 966 1869 1040 μετεωρότερον
1894 968 1993 1039 τῆς

2171 976 2218 1013 m
2239 960 2478 1031 intellige
2501 960 2758 1016 virtutem
2787 959 3084 1030 quamdam
3107 958 3433 1028 angelicam,
3457 964 3681 1027 propter
3766 990 3767 993 η

415 1051 714 1125 ἀγγελικῆς
752 1054 993 1125 φύσεως,
1026 1055 1158 1128 παρ’
1189 1057 1218 1111 ὃ
1254 1058 1347 1111 καὶ
1365 1055 1556 1111 λευκδν
1582 1054 1745 1112 εἶναι.

2181 1053 2399 1108 ritatem
2443 1060 2499 1108 et
2533 1053 2926 1109 sublimitatem
2959 1050 3225 1123 angelicae
3256 1057 3493 1116 naturai,
3535 1046 3679 1105 unde
3767 1055 3771 1061 ‘

2099 1142 2271 1219 etiam.
2302 1144 2536 1200 candida
2559 1160 2682 1202 esse
2713 1144 2939 1200 dicitur.

488 1231 690 1298 'E;;cor
715 1230 814 1285 ἐπί
851 1229 959 1299 τῆς
985 1231 1259 1301 κεφαλῆς
1289 1230 1479 1287 αὑτοῦ
1514 1230 1820 1302 στέφανον
1843 1250 1992 1302 χρυ-

2170 1235 2467 1292 Ilabeusin
2506 1238 2677 1307 capite
2726 1253 2821 1291 suo
2877 1251 3128 1291 coronam
3174 1250 3411 1288 auream.
3464 1232 3677 1287 Corona

413 1322 593 1376 σοῦν.
668 1324 727 1375 '0
780 1325 1049 1393 στέφανος
1106 1326 1200 1379 τὸν
1238 1324 1446 1395 Κύριον
1502 1326 1710 1395 Ἰησοῦν
1765 1326 1994 1396 βασιλέα

2096 1327 2350 1400 designat
2374 1329 2666 1384 Dominum
2692 1329 2880 1386 Jesum
2910 1343 3112 1399 regem.
3147 1325 3284 1381 Nam
3307 1326 3561 1381 Christus
3584 1339 3677 1379 rex

415 1414 735 1467 αἰνίττεται.
761 1413 1023 1479 Βασιλεὺς
1055 1415 1165 1485 γὰρ
1185 1416 1295 1470 τῶν
1314 1415 1521 1487 νοητῶν
1551 1433 1612 1469 τε
1657 1418 1751 1469 καὶ
1797 1416 1995 1486 αἰσθη-

2095 1430 2181 1475 est
2214 1430 2269 1475 ct
2301 1420 2724 1492 intelligibilium
2777 1432 2831 1478 et
2853 1421 3222 1478 sensibilium.
3253 1421 3493 1476 Auream
3548 1434 3676 1473 vero

415 1507 524 1559 τῶν
553 1507 579 1559 ό
618 1508 873 1578 Χριστός.
902 1508 1151 1579 Χρυσοῦν
1177 1508 1239 1561 δὲ
1277 1509 1369 1562 τὸν
1418 1508 1685 1578 στέφανον
1730 1508 1901 1578 λέγει,
1930 1512 1996 1565 ἐκ

2096 1512 2227 1567 dicit
2251 1528 2513 1569 coronam
2545 1528 2614 1569 ex
2651 1513 2738 1569 his
2794 1528 2919 1583 quae
2949 1513 3093 1583 apud
3120 1527 3221 1567 nos
3248 1519 3380 1567 sunt
3410 1511 3465 1566 in
3496 1511 3674 1580 pretio

414 1598 525 1651 τῶν
574 1600 705 1670 παρ’
756 1600 889 1669 ἡμῖν
944 1600 1144 1671 τιμίων
1170 1601 1232 1654 τὸ
1268 1599 1479 1667 ἔνδοξον
1530 1600 1906 1670 ὑπογράφων·
1934 1600 1997 1653 τὸ

2096 1604 2391 1677 designans
2412 1606 2561 1676 quod
2610 1604 2912 1676 gloriosum
2944 1614 3047 1660 est.
3077 1603 3248 1659 Porro
3290 1602 3438 1673 quod
3478 1601 3677 1657 falcem

414 1689 472 1742 δὲ
516 1692 572 1743 ὲν
628 1694 693 1762 τῇ
740 1693 887 1764 χειρὶ
926 1694 1195 1765 δρέπανον
1246 1692 1416 1764 ἔχειν,
1474 1693 1536 1748 τὸ
1584 1694 1642 1746 ἐν
1670 1698 1737 1765 τῇ
1774 1692 1995 1765 ἐξουσίᾳ

2099 1696 2153 1751 in
2182 1712 2349 1751 manu
2407 1696 2657 1762 haberet,
2703 1696 2962 1766 designat
3000 1696 3055 1750 in
3098 1704 3365 1765 potestate
3401 1694 3576 1766 ipsius
3604 1693 3678 1749 si-

413 1781 580 1835 αὑτοῦ
615 1783 830 1837 κεῖσθαι
850 1784 948 1854 τὴν
977 1783 1071 1838 τοῦ
1106 1784 1300 1849 αἰῶνος
1332 1786 1523 1839 τούτου
1553 1786 1864 1840 συντέλειαν
1893 1802 1995 1840 πα-

2099 1796 2209 1842 tam
2245 1804 2367 1844 esse
2391 1789 2557 1859 hujus
2604 1788 2791 1844 saeculi
2825 1787 3379 1853 consummationem,
3412 1800 3511 1857 per
3538 1786 3676 1841 iram

418 1874 638 1944 ραδηλοῖ
658 1875 743 1929 διὰ
780 1877 877 1947 τῆς
907 1878 1099 1948 ὀργῆς,
1128 1878 1159 1947 ἢ
1192 1877 1291 1949 τὴν
1338 1881 1620 1949 ταχυτῆτα
1649 1880 1746 1949 τῆς
1778 1879 1991 1948 ἐφόδου.

1838 1879 1991 1934 δόδου.
2027 1860 2071 1917 Β
2100 1890 2195 1935 aut
2231 1881 2573 1937 velocitatem
2601 1896 2861 1938 accessus
2889 1890 2945 1938 et
2975 1880 3213 1951 impetus
3242 1879 3436 1950 ipsius.

486 1968 591 2021 Kal
613 1968 807 2035 ἀλλος
858 1969 1116 2040 ἅγγελος
1143 1970 1408 2039 ἐξῆλθεν
1436 1968 1683 2040 κράζων,
1717 1971 1817 2025 Διὰ
1845 1972 1897 2025 τί
1935 1972 1994 2026 δὲ

2173 1970 2241 2025 Et
2275 1974 2416 2027 alius
2444 1973 2661 2044 angelus
2694 1975 2858 2029 exivit
2894 1973 3156 2028 clamans.
3186 1972 3369 2040 Quare
3404 1971 3572 2028 exivit
3596 1971 3682 2026 hic

414 2058 637 2130 ἐξῆλθεν
664 2056 1108 2132 οῶοςόάηελος
1136 2062 1390 2134 κράζωνς
1424 2064 1881 2136 Περιφραστικῶς
1907 2064 1995 2119 διὰ

2099 2066 2327 2137 angelus
2355 2068 2643 2123 clamans?
2685 2065 3090 2137 Peripbrastice
3146 2080 3245 2137 per
3298 2065 3415 2120 haec
3465 2065 3678 2136 signiti-

410 2154 619 2207 τούτων
646 2153 901 2224 δηλοῦται
930 2159 961 2227 ἡ
983 2156 1163 2211 ίκεσία
1192 2157 1299 2211 τῶν
1319 2156 1658 2227 ἐπουρανίων
1681 2156 1993 2227 δυνάμεων,

2098 2173 2259 2214 catur
2292 2160 2627 2230 supplicatio
2659 2159 2968 2216 caelestium
3015 2160 3305 2225 virtutum,
3333 2158 3676 2228 cupientium

411 2248 717 2319 ἐφιεμένων
732 2249 832 2320 μὲν
850 2249 949 2320 τὴν
974 2248 1085 2302 τῶν
1107 2250 1333 2303 δικαίων
1361 2249 1549 2320 τιμὴν,
1572 2250 1648 2311 ὡς
1676 2250 1996 2320 μιμησαμέ-

2100 2251 2365 2307 honorem
2381 2253 2685 2323 justorum,
2714 2261 2773 2309 ut
2803 2254 2895 2324 qui
2921 2254 3070 2324 ipsas
3096 2252 3294 2309 imitati
3322 2251 3525 2309 suntin
3568 2252 3678 2306 vita

411 2356 521 2392 νων
535 2339 705 2404 αὑτὰς
729 2342 865 2411 ἐντῇ
899 2339 1220 2411 προσκαίρῳ
1250 2338 1361 2411 ζωῇ
1388 2342 1617 2404 ἑαυτῶν,
1642 2342 1995 2399 elicit-avai-

2105 2360 2202 2399 sua
2232 2346 2544 2416 temporali,
2570 2346 3018 2402 etrccusautium
3046 2346 3250 2401 intueri
3280 2344 3541 2402 ultionem
3568 2342 3685 2399 illo-

412 2431 655 2501 νομένων
678 2432 738 2486 δὲ
767 2431 868 2503 τὴν
898 2431 1008 2485 τῶν
1037 2433 1379 2486 ἀπεναντίων
1427 2433 1613 2496 αὐτοῖς
1648 2432 1994 2502 βεϐιωκότων

2100 2454 2221 2491 rum
2246 2438 2339 2509 qui
2366 2439 2527 2493 modo
2555 2438 2691 2509 ipsis
2715 2441 2997 2496 contrario
3034 2438 3292 2495 vixerunt
3319 2455 3333 2492 :
3361 2437 3485 2493 ideo
3528 2435 3682 2492 festi-

413 2523 657 2577 ἐκδικίαν
687 2524 1009 2579 Θεάσασθαι.
1037 2524 1127 2577 Διὸ
1184 2524 1628 2589 ἐπισπεύδουσιν,
1662 2524 1746 2593 ἐφ’
1783 2518 1827 2592 ᾧ
1850 2524 1993 2578 παύ-

2100 2538 2233 2584 nant
2271 2540 2329 2585 ut
2378 2540 2596 2586 cessent
2643 2546 2766 2603 quae
2805 2541 3094 2588 moventur
3121 2545 3188 2587 ac
3216 2530 3601 2596 immutantur,
3627 2536 3682 2585 et

415 2616 612 2669 σασθαι
643 2617 741 2688 μὲν
777 2617 845 2670 τά
869 2617 1168 2686 κινούμενά
1193 2634 1252 2670 τε
1285 2618 1379 2672 καὶ
1412 2616 1795 2687 ἀλλοιούμενα,
1816 2634 1984 2687 φανε-

1983 2650 1984 2655 η
2099 2632 2405 2693 appareant
2432 2639 2555 2694 qua:
2587 2624 2892 2681 immobilia
2925 2632 3053 2681 sunt
3091 2638 3156 2681 ac
3184 2622 3581 2679 immutabilia.

419 2709 661 2781 ρωθῆναι
693 2710 750 2763 δὲ
778 2710 847 2763 τά
879 2710 1221 2765 ἀναλλοίωτα
1258 2710 1353 2764 καὶ
1381 2710 1707 2781 ἀνακίνητα.

442 2880 455 2885 1
484 2803 615 2857 Ὀτι
649 2803 950 2873 ἐξηράνθη
986 2806 1020 2858 d
1057 2803 1339 2872 θερισμὸς
1368 2802 1479 2872 τῆς
1507 2802 1637 2873 γῆς.
1668 2803 1742 2857 Th
1790 2802 1991 2874 ξηραν·

2176 2806 2317 2872 Quia
2371 2807 2513 2860 aruit
2566 2806 2750 2861 messis
2797 2814 2973 2858 terra’.
3043 2803 3272 2858 Arutsse
3306 2816 3541 2857 messem
3567 2816 3680 2859 non

415 2893 574 2963 θῆναι
608 2893 699 2947 τὸν
730 2894 989 2965 θερισμὸν
1033 2894 1133 2947 ούκ
1164 2893 1292 2948 ἀλλο
1340 2893 1508 2963 δηλοῖ,
1536 2893 1568 2963 ἦ
1596 2893 1657 2946 τὸ
1703 2894 1993 2961 ἐπιστῆναι

2099 2901 2247 2956 aliud
2279 2900 2553 2969 significat
2606 2913 2773 2968 quam
2829 2896 3118 2951 imminere
3163 2904 3382 2965 tempus
3419 2910 3683 2952 consum-

413 2986 508 3040 τὸν
539 2988 639 3058 τῆς
664 2988 975 3051 συντελείας
1005 2988 1195 3059 καιρὸν
1242 2987 1330 3041 ὅτε
1384 2986 1703 3050 πεπανθεὶς,
1728 2987 1807 3049 ὡς
1852 2989 1996 3050 σῖτος

2101 2993 2358 3049 mntionis
2416 2992 2637 3061 quando
2693 2999 2967 3045 maturum
3026 2988 3314 3044 hominum
3374 3004 3562 3044 semen
3624 2988 3680 3043 in

413 3076 645 3150 ὥριμος,
683 3079 711 3132 ό
740 3078 848 3131 τῶν
894 3078 1199 3149 ἀνθρώπων
1233 3078 1455 3149 σπόρος,
1485 3077 1514 3129 ὁ
1550 3077 1649 3147 μέν
1698 3094 1781 3129 τοι
1835 3076 1995 3129 εύσε-

2101 3088 2324 3140 motum
2359 3084 2555 3138 maturi
2620 3083 2808 3146 tritici,
2858 3082 2963 3137 hoc
3001 3082 3223 3153 quidem
3290 3082 3495 3152 pietate
3543 3094 3678 3137 ena-

416 3171 539 3243 σείᾳ
565 3173 1004 3243 φυτοκομισοεὶς,
1033 3172 1141 3226 τῶν
1160 3172 1318 3226 Θείων
1342 3171 1607 3243 ταμιείων
1648 3169 1752 3241 τῆς
1793 3169 1991 3223 ἀποθέ-

2101 3185 2215 3230 tum
2276 3191 2339 3231 ac
2380 3175 2667 3230 collectum
2694 3174 2887 3237 fuerit,
2921 3183 2978 3227 ut
3006 3174 3063 3227 in
3120 3172 3324 3228 divinis
3358 3172 3571 3228 horreis
3592 3186 3680 3229 rc-

418 3280 556 3328 σεως
580 3264 839 3337 ἀξιωθείη
874 3282 890 3297 '
919 3267 949 3319 ό
979 3267 1034 3320 δὲ
1061 3266 1434 3336 ύλομανήσας,
1464 3263 1557 3317 καὶ
1586 3264 1738 3317 οὐδὲν
1771 3263 1992 3327 σιτῶδες

2105 3276 2339 3336 ponalur
2373 3283 2385 3318 :
2420 3264 2547 3318 illud
2607 3273 2789 3319 autem
2844 3262 3146 3319 silvescens
3196 3276 3261 3317 ae
3322 3262 3679 3332 degenerans,

413 3358 511 3411 καὶ
534 3358 802 3429 τρόφιμον
836 3359 931 3413 καὶ
963 3357 1056 3412 τοῦ
1086 3359 1231 3412 θείου
1273 3358 1495 3422 ἐπάξιον
1531 3357 1732 3429 σπόρου
1757 3355 1993 3425 ἀπενεγ-

2104 3368 2157 3413 et
2183 3357 2316 3412 nihil
2348 3357 2621 3411 tritiecum
2656 3371 2719 3411 ac
2768 3356 3093 3410 nutritivum
3130 3354 3429 3425 divinoque
3466 3354 3679 3409 semine

416 3448 651 3520 κάμενος
679 3449 759 3522 τῷ
792 3449 996 3521 αἰωνίῳ
1028 3448 1162 3522 πυρὶ
1195 3448 1498 3521 ὑποϐληθῇ.

2103 3453 2327 3524 dignum
2366 3449 2632 3515 referens,
2680 3458 2741 3503 ut
2770 3448 2825 3503 iu
2884 3448 3065 3519 ignem
3114 3456 3441 3518 perpetuum
3505 3445 3683 3518 conji-

2103 3546 2301 3601 ciatur.

981 3658 1231 3715 nam.
1291 3658 1422 3713 MA'.
2534 3659 2579 3728 7

2534 3656 2701 3729 774
2746 3652 2977 3711 CAPUT
3038 3651 3222 3708 XLIV.

415 3772 550 3843 Περὶ
577 3772 783 3841 ἐτέρου
809 3776 1075 3899 ἀγγέλοὲ
1099 3775 1434 3900 τρυῖῶντος
1466 3774 1582 3844 τὴν
1615 3772 1725 3842 τῆς
1751 3774 1995 3841 πικρίας

1079 3862 1213 3900 απε.
1242 3864 1334 3900 ον.

2109 3778 2181 3832 De
2206 3777 2316 3833 alio
2339 3776 2525 3847 angelo
2556 3776 2646 3839 qui
2672 3771 3021 3828 vindemiubat
3049 3772 3257 3825 vineam
3279 3765 3682 3822 amaritudinis.

1074 3862 1334 3916 μπελον.

488 3958 597 4013 Kal
624 3958 815 4026 ἄλλος
850 3960 1103 4029 ἄγγελος
1134 3959 1394 4027 ἐξῆλθεν
1435 3960 1503 4021 ἐκ
1544 3959 1651 4013 τοῦ
1685 3959 1836 4014 ναοῦ
1888 3960 1995 4014 τοῦ

2176 3955 2316 4019 XIV,
2376 3954 2554 4009 17-20.
2608 3951 2675 4005 Et
2703 3952 2841 4005 alius
2884 3948 3105 4019 angelus
3159 3946 3324 4001 exivit
3365 3945 3429 3998 de
3495 3942 3687 4010 templo

416 4051 487 4105 ἐν
539 4051 617 4117 τῷ
644 4052 880 4122 οὐρανῷ
919 4053 1079 4121 ἔχων
1121 4052 1218 4105 καὶ
1265 4052 1448 4117 αὐτὸς
1490 4051 1793 4119 δρέπανον
1860 4054 1991 4116 ὀξύ.

2104 4052 2243 4119 quod
2267 4057 2379 4101 erat
2414 4048 2464 4098 in
2492 4045 2643 4109 cuslo,
2671 4044 2861 4095 habens
2889 4051 2937 4094 et
2964 4042 3073 4110 ipse
3100 4039 3289 4109 falcem
3318 4047 3551 4090 acutam.
3619 4034 3686 4087 Et

418 4146 523 4200 Kal
537 4148 727 4213 ἄλλος
754 4148 1010 4217 ἅγγελος
1024 4146 1286 4214 ἐξῆλθεν
1311 4146 1380 4200 ἐκ
1409 4147 1515 4199 τοῦ
1536 4146 1995 4212 θυσιαστηρίου,

2108 4144 2249 4195 alius
2277 4139 2495 4209 angelus
2531 4138 2691 4191 exivit
2722 4136 2786 4189 de
2825 4134 2988 4187 altari
3012 4133 3208 4185 habens
3239 4138 3555 4199 potestatem
3598 4146 3688 4181 εει·

416 4238 575 4307 ἔχων
612 4239 905 4303 ἐξουσίαν
941 4239 1042 4292 ἐπί
1075 4238 1180 4292 τοῦ
1204 4238 1416 4306 πυρός,
1450 4236 1549 4289 καὶ
1578 4235 1897 4305 ἐφώνησεν
1929 4236 1999 4289 ἐν

2102 4248 2197 4301 per
2248 4234 2443 4303 ignem,
2512 4239 2560 4283 et
2586 4228 2833 4282 clamavit
2862 4227 3302 4292 clamoremaguo
3334 4223 3403 4274 ad
3440 4238 3555 4274 eum
3599 4222 3688 4289 qui

417 4331 649 4401 κραυγῇ
682 4333 917 4403 μεγάλῃ
957 4329 1036 4397 τῷ
1078 4331 1282 4401 ἔχοντι
1330 4330 1395 4383 τὸ
1435 4330 1738 4398 δρέπανον
1778 4328 1846 4382 τὸ
1886 4328 1996 4393 ὀξὺ

2105 4327 2332 4381 habebat
2378 4323 2569 4393 falcem
2612 4329 2823 4373 acutam
2849 4319 3028 4371 dicens
3058 4332 3078 4370 :
3104 4314 3261 4369 Mitte
3293 4314 3483 4382 falcem
3539 4321 3689 4364 tuam

415 4425 644 4494 λέγων’
698 4425 946 4493 Πέμψον
1002 4441 1121 4477 σου
1166 4423 1231 4477 τὸ
1275 4422 1579 4490 δρέπανον
1618 4422 1683 4475 τὸ
1736 4420 1870 4485 ὀξὺ,
1897 4421 1999 4475 καὶ

2106 4431 2345 4483 acutam,
2379 4427 2429 4472 et
2479 4414 2742 4470 vindemia
2806 4413 2986 4465 botros
3010 4410 3179 4463 vinea:
3217 4418 3391 4470 terrea,
3436 4406 3688 4477 quoniam

417 4518 721 4586 τρύγησον
759 4516 901 4582 τοὺς
939 4518 1207 4583 ⁸βότρυας
1240 4514 1351 4583 τῆς
1405 4513 1680 4583 ἀμπέλου
1722 4513 1831 4579 τῆς
1862 4513 1995 4583 γῆς,

2108 4522 2320 4567 matura
2348 4521 2424 4564 est
2449 4526 2547 4562 uva
2576 4518 2752 4561 εει-ναν.
2792 4504 2860 4558 Ει
2889 4504 3034 4557 misit
3076 4500 3289 4571 angelus
3314 4499 3501 4568 falcem
3535 4515 3688 4553 suam

417 4569 508 4661 5};
534 4569 897 4677 unum;
938 4569 1224 4675 ἔνταξουλὲ,
1250 4569 1357 4673 ni;
1391 4569 1522 4675 τιῆς.
1554 4606 1663 4660 Kal
1706 4569 1998 4669 uaga;

2104 4607 2159 4659 in
2194 4615 2413 4669 terram,
2447 4613 2495 4657 et
2526 4600 2863 4656 vindemiarit
2920 4598 3127 4652 vineam
3177 4604 3333 4648 terra:
3380 4609 3401 4648 :
3438 4592 3687 4661 misitque

418 4702 451 4754 ό
492 4700 745 4770 ἅγγελος
773 4702 836 4753 τὸ
876 4701 1179 4767 δρέπανον
1224 4698 1412 4752 αὺτοῦ
1452 4700 1540 4763 είς
1570 4698 1687 4763 τὴν
1734 4699 1874 4765 γῆν,
1898 4696 1996 4759 καὶ

2102 4701 2157 4753 in
2186 4697 2422 4751 torcular
2447 4698 2543 4750 irw
2590 4694 2687 4748 Dei
2718 4706 2987 4763 nragnum.
3026 4688 3093 4742 Et
3141 4686 3407 4741 calcatum
3441 4694 3519 4740 est
3576 4695 3688 4738 tor-

417 4788 709 4858 ἐτρύγησε
738 4789 850 4857 τὴν
864 4789 1138 4858 ἄμπελον
1167 4786 1275 4855 τῆς
1299 4786 1429 4855 γῆς.
1501 4788 1609 4841 Kal
1653 4788 1873 4839 ἔϐαλεν
1910 4791 1997 4853 είς

2107 4792 2261 4846 cular
2289 4801 2441 4846 extra
2463 4790 2729 4843 civitatem
2758 4802 2776 4840 :
2804 4796 2853 4840 et
2902 4784 3064 4838 exivit
3124 4781 3343 4852 sanguis
3384 4779 3449 4833 de
3501 4787 3681 4831 torcu-

418 4880 535 4949 τὴν
556 4881 751 4949 ληνὸν
780 4882 885 4935 τοῦ
908 4880 1101 4950 θυμοῦ
1138 4880 1243 4934 τοῦ
1296 4878 1445 4933 Θεοῦ
1495 4879 1602 4932 τὸν
1637 4880 1853 4948 μέγαν.
1888 4879 1997 4933 Kal

2105 4885 2211 4938 lari
2254 4900 2415 4954 usque
2462 4883 2531 4937 ad
2578 4883 2729 4951 frena
2768 4894 3023 4951 equorum
3069 4893 3161 4946 per
3190 4874 3372 4931 stadia
3400 4871 3546 4927 mille
3574 4886 3688 4925 sex-

416 4972 683 5042 ἐπατήθη
710 4976 747 5042 ἡ
776 4976 965 5042 ληνὸς
985 4974 1207 5037 ἔξωθεν
1238 4972 1347 5039 τῆς
1376 4972 1628 5037 πόλεως,
1664 4972 1762 5024 καί
1811 4971 1992 5038 ἐξῆλ-
2102 4992 2273 5032 cerua.

420 5068 523 5117 θεν
552 5057 695 5133 αἷμα
743 5066 810 5117 ἐκ
847 5067 953 5131 τῆς
980 5064 1172 5130 ληνοῦ
1201 5063 1339 5133 ἄχρι
1389 5062 1507 5118 τῶν
1549 5060 1817 5131 χαλινῶν
1880 5062 1995 5115 τῶν

419 5156 619 5208 ἵππων
641 5156 761 5210 ἀπὸ
803 5156 1065 5211 σταδίων
1091 5154 1220 5227 ρκ’.

490 5249 565 5300 Οὐ
594 5248 771 5318 μάτην
797 5248 856 5302 τὸ
884 5247 1169 5317 γνώρισμα
1200 5248 1291 5301 τοῦ
1314 5248 1713 5311 ἀποσταλέντος
1736 5247 1993 5315 ἀγγέλου,

2180 5248 2293 5303 Non
2330 5246 2532 5300 frustra
2566 5242 2791 5314 ponitur
2815 5254 3029 5311 signum
3062 5253 3173 5309 quo
3203 5235 3408 5291 missus
3442 5233 3671 5303 angelus

420 5342 495 5404 ὡς
520 5341 625 5394 ἀπὸ
657 5340 751 5394 τοῦ
774 5341 1030 5413 οὐρανίου
1060 5338 1192 5393 ναοῦ
1218 5340 1577 5404 ἀπέσταλται,
1602 5346 1731 5403 περὶ
1764 5338 1859 5392 τοῦ
1887 5338 1994 5409 πρὸ

2106 5352 2494 5412 cognoscatur,
2526 5337 2668 5406 quod
2700 5335 2951 5390 videlicet
2984 5349 3012 5387 a
3057 5329 3267 5387 cmlesti
3313 5327 3515 5397 templo
3547 5326 3682 5380 mis-

418 5434 584 5488 αὐτοῦ
630 5434 843 5497 οὐδενὸς
880 5434 1123 5488 τοιούτου
1163 5434 1653 5505 ὲπισημανθέντος,
1681 5435 1731 5487 εί
1780 5432 1856 5505 μὴ
1911 5433 1994 5485 ὅτι

2105 5449 2198 5488 sus
2228 5433 2325 5499 sit,
2355 5447 2480 5486 cum
2506 5431 2574 5485 de
2603 5430 2756 5484 nullo
2785 5436 2912 5482 ante
2982 5426 3129 5480 hunc
3179 5422 3286 5478 tale
3337 5418 3468 5489 quid
3520 5417 3686 5472 fuerit

424 5528 584 5597 μόνον
614 5529 723 5583 ἀπὸ
760 5528 855 5583 τοῦ
894 5529 1024 5584 ναοῦ
1052 5530 1374 5601 ἀπεστάλη,
1412 5528 1645 5585 ἐνταῦθα
1673 5528 1731 5584 δέ
1778 5528 1873 5585 καὶ
1897 5526 1992 5583 τοῦ

2104 5526 2476 5599 designatum,
2509 5524 2603 5582 sed
2636 5524 2790 5582 solus
2829 5522 2897 5577 de
2952 5518 3155 5591 templo
3202 5515 3407 5573 missus
3428 5518 3533 5570 est.
3584 5507 3682 5565 Hic

488 5684 532 5719 “
560 5688 663 5743 lsa.
696 5704 787 5743 six
812 5687 862 5742 l.

496 5841 605 5915 (l7)
642 5843 995 5902 Scribcbatur
1026 5844 1323 5917 κορίνθιον.
