4046 6636
390 350 500 415 695

1221 359 1548 425 ARETH/E
1582 358 1962 424 C/ESAREE
1995 362 2476 429 CAPPADOCUE
2510 366 2849 429 EPISCOPI

3500 390 3505 429 :
3539 371 3646 438 696

389 475 575 521 autem
606 464 771 520 etiam
814 475 1135 538 assumptus
1169 476 1255 523 est
1281 468 1438 527 locus
1470 473 1524 527 in
1549 487 1661 543 quo
1688 482 1806 528 erat
1827 482 1963 527 tem-
1996 481 2014 535 Α

2098 476 2239 531 κόπου
2299 479 2770 552 παραληφθέντος,
2793 480 2853 533 ὲν
2878 471 2923 548 ᾧ
2948 478 2979 533 δ
3021 478 3170 546 ναός.
3203 481 3389 552 Φαμὲν
3433 478 3529 539 οὖν
3578 486 3654 541 ὡς

392 560 569 629 plum.
628 559 872 614 Dicimus
907 574 1036 629 ergo
1091 562 1237 630 quod
1291 564 1556 632 quoniam
1605 565 1743 619 varli
1790 565 1972 619 cultus

392 649 754 719 omnipotenti
791 648 902 705 Deo
955 651 1285 706 exhibentur
1337 655 1407 709 ab
1468 655 1806 726 incorporeis
1857 656 1975 711 suis

393 742 661 799 ministris
696 760 711 798 :
747 758 982 813 quorum
1016 745 1068 799 bi
1117 760 1248 801 sane
1292 748 1698 817 prmsidentiam
1748 764 1973 819 accepe-

395 846 525 889 runt
553 834 807 889 altarium
858 851 981 905 quae
1042 836 1097 890 in
1134 846 1278 891 terra
1314 848 1461 901 sunt,
1493 841 1633 894 unde
1677 840 1762 896 his
1792 841 1885 911 qui
1922 842 1975 895 in

400 937 545 981 terra
570 926 775 998 degunt
804 928 1024 983 divinus
1051 931 1234 984 cultus
1283 931 1643 987 annuntiatus
1672 920 1755 987 est
1784 951 1797 986 :
1833 933 1978 1001 quod

399 1032 534 1072 sane
558 1018 661 1072 fuit
693 1020 763 1073 ab
806 1020 1084 1073 Abraham
1132 1029 1184 1074 et
1232 1021 1387 1075 Mose
1443 1022 1710 1088 usquead
1771 1022 1981 1078 Christi

399 1109 720 1177 adventum,
750 1120 803 1165 et
839 1110 892 1164 in
917 1110 1037 1180 ipso
1064 1112 1407 1181 protenditur
1441 1128 1617 1185 usque
1669 1114 1735 1168 ad
1804 1114 1979 1184 huius

401 1203 590 1257 saeculi
641 1203 1176 1257 consummationem
1231 1220 1247 1258 :
1300 1204 1498 1258 merito
1557 1205 1610 1258 in
1635 1204 1728 1262 illo
1777 1207 1983 1263 nullius

400 1294 531 1349 talis
558 1294 701 1350 facta
724 1303 807 1349 est
844 1294 1066 1358 mentio,
1103 1293 1211 1348 nisi
1240 1295 1363 1363 quis
1405 1294 1458 1350 in
1484 1296 1578 1350 illo
1632 1312 1850 1367 quoque
1886 1313 1982 1354 co-

401 1386 667 1457 gnitionis
693 1387 953 1440 in-licinm
989 1401 1111 1441 esse
1150 1387 1375 1442 duceret
1433 1388 1572 1459 Agni
1620 1390 1979 1456 mentionem,

403 1489 631 1547 propter
663 1478 824 1547 cujus
866 1478 919 1532 in
960 1486 1101 1532 terra
1137 1481 1486 1549 prtesenliam
1551 1481 1654 1536 fuit
1684 1491 1737 1537 et
1763 1483 1985 1553 angelo-

401 1584 526 1624 rum
558 1569 625 1624 ad
653 1569 908 1624 homines
961 1571 1273 1637 oraculum,
1305 1581 1358 1626 et
1387 1571 1698 1627 divinorum
1742 1575 1983 1630 virorum

402 1661 790 1731 prtenuntiatlo
828 1662 895 1718 de
929 1662 1163 1717 adventu
1223 1664 1401 1735 ipsius
1447 1666 1500 1719 in
1535 1675 1700 1721 terra.
1729 1665 1803 1721 Ut
1853 1681 1985 1737 ergo

403 1753 751 1809 manifestius
794 1753 888 1808 ﬁat
941 1755 1090 1824 quod
1149 1770 1254 1810 non
1296 1758 1348 1810 in
1379 1765 1525 1812 terra
1551 1759 1751 1821 solum,
1787 1773 1977 1811 verum

2077 568 2267 639 ἐπειδὴ
2300 569 2547 642 διάφοροι
2566 572 2817 643 λατρεται
2845 570 2925 644 τῷ
2954 579 3360 646 παντοκράτορι
3390 577 3511 647 Θεῷ
3542 580 3650 633 ὑπὸ

2076 662 2184 715 τῶν
2216 648 2522 733 ἀσωμάτων
2546 662 2710 717 αὐτοῦ
2741 663 3074 735 λειτουργῶν
3098 665 3467 730 ὲκτελοῦνται,
3505 662 3581 723 ὧν
3601 671 3652 723 οί

2082 755 2179 826 μὲν
2196 754 2303 808 τῶν
2328 755 2466 809 κατά
2492 755 2595 825 γῆν
2608 755 3009 828 θυσιαστηρίων
3026 757 3212 829 ἔφοροι
3238 759 3655 830 ἐκληρώθησαν,

2079 848 2172 917 ἀφ’
2198 843 2258 901 οὗ
2276 847 2554 901 θεοσέϐεια
2581 850 2693 911 τοῖς
2720 850 2813 903 ἐπὶ
2837 852 2939 918 γῆς
2961 852 3335 922 κατηγγέλθη,
3369 853 3397 906 ὃ
3419 854 3484 924 δὴ
3537 856 3646 908 ἀπὸ

2095 940 2347 1013 Ἀϐραὰμ
2381 942 2475 997 καὶ
2516 943 2798 1005 Μωῦσὲως
2839 942 3001 1013 μέχρι
3030 943 3127 1012 τῆς
3163 944 3402 1013 Χριστοῦ
3446 963 3656 1015 παρου·

2084 1034 2225 1097 σίας,
2260 1034 2354 1090 καὶ
2385 1034 2471 1087 ἐπ’
2512 1034 2682 1104 αὐτῆς
2712 1036 3097 1105 παρατείνεται
3126 1039 3225 1107 τῆς
3248 1036 3344 1091 τοῦ
3391 1038 3661 1109 παρόντος

2083 1124 2278 1189 αἰῶνος
2323 1126 2652 1191 συντελείας,
2690 1127 2915 1190 εἰκότως
2962 1128 3049 1180 ἐπ’
3093 1128 3303 1195 ἐκείνου
3358 1128 3477 1199 μὲν,
3509 1129 3659 1182 οὐδε-

2084 1219 2173 1283 νὸς
2202 1219 2446 1273 τοιούτου
2476 1218 2670 1288 γέγονε
2738 1220 2897 1290 μνεία
2936 1220 2984 1273 si
3026 1222 3189 1291 μήτις
3219 1221 3315 1273 καὶ
3337 1220 3424 1273 ἐπ’
3446 1221 3659 1274 ἐκείνου

2085 1310 2374 1381 γνώρισμα
2388 1311 2653 1380 λογίζοιτο
2671 1312 2769 1381 τὴν
2798 1312 2892 1365 τοῦ
2930 1313 2986 1365 Ἀ
2998 1312 3143 1383 ρνίου
3174 1313 3385 1383 μνείαν,
3414 1307 3476 1367 οὗ
3501 1315 3663 1384 χάριν

2086 1405 2185 1474 τῆς
2230 1403 2322 1456 ἐπὶ
2351 1402 2455 1471 γῆς
2501 1404 2808 1475 παρουσίας
2846 1403 2941 1459 καὶ
2975 1404 3363 1476 χρηματισμὸς
3412 1405 3662 1472 ἀγγέλων

2088 1494 2226 1565 πρὸς
2254 1495 2577 1567 ἀνθρώπους
2631 1495 2865 1565 ὑπῆρξε,
2899 1496 2996 1549 καὶ
3036 1495 3484 1565 προκαταγγελία
3542 1497 3664 1549 οεο-

2090 1590 2272 1659 φόρων
2306 1588 2517 1659 ἀνδρῶν
2544 1589 2789 1659 περὶτῆς
2809 1588 2902 1643 ἐπὶ
2925 1589 3031 1659 γῆς
3057 1588 3324 1649 ἐλεύσεως
3349 1587 3536 1641 αὑτοῦ.
3577 1589 3666 1650 Ὠς

2089 1680 2156 1734 ἂν
2193 1678 2285 1733 οὖν
2332 1680 2687 1751 ἐκδηλότερον
2723 1682 2972 1750 γένηται,
3003 1681 3079 1743 ὡς
3126 1681 3188 1732 οὐ
3232 1680 3393 1751 μόνον
3418 1681 3514 1733 ἐπὶ
3561 1681 3667 1750 γῆς

2091 1771 2357 1841 λατρεῖαι,
2388 1770 2524 1824 ἀλλά
2546 1772 2638 1824 καὶ
2654 1772 2710 1824 ὲν
2728 1770 2942 1840 οὐρανῷ
2962 1769 3040 1840 τῷ
3071 1772 3469 1840 παντοκράτορι
3500 1786 3669 1839 προσ-

406 1845 654 1901 etiamin
681 1847 822 1902 coelo
866 1846 1048 1902 cultus
1077 1847 1381 1903 oll‘erantur
1437 1848 1798 1918 omnipotenti
1851 1848 1985 1909 Deo,

2098 1838 2319 1934 ἀγονται
2368 1863 2508 1934 Θεῷ,
2525 1838 2839 1932 ἀναγκαίως
2869 1838 2963 1917 ἐπὶ
2984 1838 3176 1917 τούτου
3207 1838 3300 1916 του
3320 1838 3553 1931 ἀγγέλου
3572 1863 3668 1917 καὶ

408 1938 724 1997 necessario
756 1938 807 1992 in
843 1939 945 1992 hoc
972 1938 1163 2006 angelo
1188 1936 1329 1993 facta
1352 1947 1437 1994 est
1465 1941 1666 1994 mentio
1696 1941 1861 1995 etiam
1885 1940 1990 1996 loci

409 2031 779 2100 praesidentia!
813 2032 1008 2100 ipsius.
1056 2030 1217 2101 775
1246 2030 1409 2087 Falce
1435 2041 1615 2087 autem
1648 2042 1804 2089 acuta
1844 2034 1991 2090 hunc

408 2139 633 2193 quoque
664 2124 800 2178 dicit
824 2138 947 2179 esse
994 2132 1291 2190 armatum,
1332 2125 1482 2183 brevi
1539 2125 1655 2182 fore
1697 2127 1991 2200 designans

405 2216 633 2270 exitum.

382 2344 385 2349 -
485 2306 697 2363 [labens
731 2317 1038 2379 potestatem
1087 2326 1244 2378 super
1291 2312 1483 2383 ignem.
1539 2311 1695 2368 Hunc
1748 2314 1991 2384 intellige

376 2402 725 2457 ordinatum
768 2417 890 2459 esse
924 2418 1091 2473 super
1142 2405 1481 2474 punitionem
1540 2406 1857 2477 impiorum.
1916 2407 1992 2462 Ex

411 2510 528 2565 quo
555 2493 827 2551 discimus
877 2494 1024 2566 quod
1068 2496 1346 2552 universis
1390 2499 1665 2553 creaturis
1702 2500 1995 2568 praesident

413 2588 679 2655 angelica:
710 2588 964 2651 virtutes,
1011 2603 1206 2659 nempe
1246 2604 1424 2659 aquas,
1478 2591 1590 2645 aeri
1627 2600 1684 2645 et
1708 2592 1829 2647 allis
1871 2590 1993 2661 qui-

416 2678 652 2735 busdam
688 2682 939 2750 partibus
991 2681 1232 2737 universi
1268 2701 1283 2737 :
1320 2683 1466 2737 hunc
1513 2693 1694 2737 autem
1746 2684 1994 2754 punitivo

417 2773 530 2843 igni
589 2773 999 2843 praesidentem,
1056 2789 1228 2843 quum
1298 2776 1466 2830 etiam
1512 2775 1578 2830 de
1612 2775 1994 2845 superioribus

391 2866 626 2936 fungeiis
644 2874 811 2931 esset,
835 2881 959 2922 cum
981 2865 1227 2921 clamore
1249 2868 1531 2923 adhortari
1556 2869 1692 2924 dicit
1720 2868 1872 2923 illum
1898 2867 1990 2938 qui

389 2979 399 2987 ’
416 2957 610 3013 falcem
640 2959 899 3015 habebat.

394 3064 441 3093 ια
488 3046 561 3103 Et
588 3050 851 3107 vindemia
877 3054 1050 3108 botros
1079 3056 1240 3109 vinea:
1259 3062 1434 3107 terrae.
1454 3050 1740 3107 Vindemia
1761 3065 1991 3105 uvarum

2093 1957 2188 2012 τοῦ
2220 1959 2389 2011 τόπου
2423 1958 2523 2027 τῆς
2551 1957 2844 2028 προεδρίας
2863 1956 3029 2010 αὐτοῦ
3059 1958 3217 2025 μνεία
3245 1956 3486 2024 γέγονεν.
3524 1955 3670 2020 Ὀξεϊ

2092 2051 2149 2109 δὲ
2180 2051 2435 2123 δρεπάνῳ
2462 2050 2556 2105 καὶ
2586 2050 2776 2104 τοῦτον
2812 2048 3176 2103 καθοπλίσθαι
3220 2049 3391 2117 λέγει,
3429 2049 3491 2102 τὸ
3538 2046 3669 2100 σύν-

2093 2161 2258 2215 τομον
2292 2143 2391 2214 τῆς
2427 2143 2706 2207 ἐκϐάσεως
2736 2141 3137 2213 ὲπισημαίνων.

2167 2334 2366 2401 Ἕχων
2389 2328 2681 2395 ἐξουσίαν
2706 2324 2803 2380 ἐπί
2833 2323 2940 2378 τοῦ
2970 2322 3181 2389 πυρός.
3216 2319 3417 2373 Τοῦτον
3442 2318 3536 2370 ἐπὶ
3570 2317 3675 2387 τῆς

2094 2405 2368 2491 κολάσεως
2396 2424 2507 2478 νόει
2532 2422 2642 2474 τῶν
2671 2417 2884 2475 ἀσεϐῶν
2913 2413 3194 2485 τετάχθαι.
3235 2413 3326 2478 Ἐξ
3359 2402 3421 2463 οὗ
3461 2408 3674 2480 μανθά-

2094 2536 2256 2592 νομεν
2300 2519 2375 2581 ὡς
2409 2517 2543 2571 πᾶσι
2574 2514 2689 2576 τοῖς
2729 2509 3045 2579 κτίσμασιν,
3085 2503 3376 2572 ἀγγελικαὶ
3415 2500 3676 2569 δυνάμεις

2095 2610 2499 2670 ὲπιστατοΰσιν,
2531 2606 2745 2669 ὓδατος,
2776 2601 2957 2673 ἀέρος,
2987 2598 3083 2651 καὶ
3108 2596 3289 2657 ἄλλοις
3320 2593 3431 2647 τισὶ
3455 2592 3673 2662 μέρεσι.

2095 2708 2296 2762 Τοῦτον
2327 2703 2384 2756 δὲ
2413 2698 2584 2771 πυρὸς
2615 2692 2989 2766 τιμωρητικοῦ
3026 2691 3211 2761 μέντοι
3244 2687 3339 2741 καὶ
3368 2686 3475 2738 τῶν
3508 2684 3679 2753 ὑπερ-

2094 2800 2270 2871 τέρων
2325 2793 2574 2864 ἀγγέλων
2622 2787 2736 2860 (48)
2801 2787 2964 2849 ὄντα,
3021 2777 3451 2851 ὲγκελεύσασθαί
3534 2790 3671 2846 φησι

2099 2892 2238 2965 μετὰ
2270 2886 2519 2961 κραυγῆς
2549 2884 2629 2955 τῷ
2660 2878 3149 2953 δρέπανονέχοντι.

2167 3068 2275 3126 Καὶ
2312 3066 2619 3135 τρύγησον
2645 3058 2787 3124 τοὺς
2816 3058 3084 3124 βότρυας
3118 3052 3225 3120 τῆς
3259 3050 3533 3121 ἀμπέλου
3568 3046 3683 3113 τῆς

372 3142 667 3225 έηάεείεηοῐ
699 3158 793 3199 eos
820 3147 913 3216 qui
948 3147 1106 3202 valde
1132 3147 1261 3202 mali
1295 3155 1445 3211 sunt,
1477 3161 1507 3200 a
1534 3144 1737 3215 quibus
1767 3143 1908 3198 calix
1938 3143 1992 3198 in

2100 3163 2235 3236 τῆς.
2281 3160 2347 3213 Ἦ
2374 3156 2640 3229 τρύγησις
2666 3152 2774 3204 τῶν
2803 3148 3088 3218 σταφυλῶν
3124 3146 3249 3209 τοὺς
3296 3143 3417 3247 λίαν
3448 3142 3684 3247 ἀνάμους

391 3253 585 3292 -tnanu
637 3238 852 3294 Domini
907 3242 1248 3305 inebriatur.
1283 3243 1387 3296 hoc
1436 3250 1520 3296 est
1554 3240 1845 3310 impletur,
1888 3255 1997 3293 non

2100 3256 2417 3315 αἰνίττεται,
2465 3248 2557 3318 ἀφ’
2601 3243 2677 3300 ὧν
2704 3244 2764 3298 τὸ
2795 3245 2853 3296 ὲν
2882 3244 2947 3311 τῇ
2990 3241 3132 3310 χειρὶ
3167 3238 3373 3308 Κυρίου
3419 3235 3685 3304 ποτήριον

376 3324 685 3386 ἰρὺῐ-ἰειαιθ
718 3348 838 3402 qua:
865 3344 952 3391 est
982 3333 1049 3388 ad
1083 3334 1352 3398 laetitiam,
1393 3334 1485 3388 sed
1518 3333 1584 3387 ad
1615 3333 1944 3403 supplicium
1982 3350 1996 3386 :

399 3423 568 3478 'unde
594 3424 759 3479 etiam
813 3425 1000 3480 bibere
1040 3426 1175 3481 dicit
1224 3440 1416 3481 omnes
1454 3435 1772 3495 peccatores
1824 3434 2000 3479 terrae.

396 3502 693 3587 ‘Quodque
736 3518 840 3573 huc
890 3516 1186 3589 depingere
1237 3519 1368 3573 velit
1400 3518 1562 3582 visio,
1608 3533 1672 3573 ex
1712 3532 1775 3572 eo
1821 3516 2003 3571 mani-

378 3657 386 3663 .
424 3607 626 3663 festum
670 3620 775 3674 est,
812 3611 956 3680 quod
996 3626 1169 3681 neque
1233 3610 1504 3666 Dominus
1564 3610 1683 3680 ipse
1747 3610 2005 3676 dignatur

427 3698 807 3755 collectionem
837 3700 1039 3767 facere,
1071 3702 1537 3770 quemadmodum
1571 3703 1638 3755 de
1675 3701 1950 3771 prioribus
1986 3718 1999 3755 :

372 3807 607 3871 qucque
642 3809 829 3867 unum
876 3793 1042 3848 mittit
1075 3794 1141 3848 ad
1181 3796 1476 3857 borrcaet
1523 3794 1669 3851 aliud
1716 3793 1783 3849 ad
1826 3793 2003 3863 ignem

429 3894 755 3953 perpetuum
792 3903 806 3940 :
842 3886 933 3940 sed
965 3902 1107 3941 unus
1144 3887 1416 3957 quispiam
1452 3903 1517 3941 ex
1549 3887 1755 3956 angelis
1779 3886 2005 3955 exsequi

406 3976 653 4041 dicitur,
683 3978 776 4047 qui
808 3977 973 4034 etiam
1019 3981 1088 4035 ob
1117 3995 1404 4035 excessum
1458 3980 1828 4048 improbitatis
1858 3980 2009 4047 ipso-

410 4085 580 4141 rum,
636 4070 691 4124 in
731 4072 907 4125 lacum
960 4071 1056 4126 irae
1102 4072 1193 4126 Dei
1247 4073 1500 4143 protinus
1557 4072 1773 4142 injicit,
1833 4086 2009 4142 neque

433 4163 795 4232 responsione
824 4164 1019 4234 dignos
1049 4165 1307 4233 judicans
1341 4180 1517 4234 neque
1553 4166 2007 4236 interrogatione.

410 4310 415 4329 Ξ
505 4252 574 4315 Et
602 4256 742 4309 misit
775 4256 994 4326 angelus
1026 4257 1216 4323 falcem
1262 4274 1417 4311 suam
1448 4258 1502 4311 in
1534 4267 1753 4315 terram.
1793 4258 1849 4311 In
1898 4268 2012 4311 ter-

434 4362 551 4406 ram
584 4345 692 4405 lalx
736 4348 969 4405 mittitur
1015 4365 1134 4419 qua:
1164 4349 1233 4403 ab
1266 4349 1461 4419 angelo
1495 4358 1739 4419 gestetur
1775 4366 1789 4403 :
1823 4358 1877 4403 et
1908 4349 2013 4402 hoc

416 4448 522 4499 test
553 4436 733 4493 facere
780 4454 1014 4495 messem
1048 4441 1355 4510 punitivant
1404 4441 1623 4496 illorum
1656 4440 1748 4509 qui
1781 4439 2013 4493 terrenis

2104 3345 2460 3419 μεθύσκεται,
2480 3336 2749 3401 τουτέστι,
2775 3332 3077 3404 πληροῦται
3099 3331 3158 3384 οὺ
3186 3329 3323 3402 πρὸς
3353 3327 3687 3419 εὐφρόσυνον

2107 3418 2311 3512 μέθην,
2361 3433 2498 3489 ἀλλὰ
2531 3431 2665 3503 πρὸς
2701 3426 2994 3498 τιμωρίαν.
3031 3424 3123 3478 Διὸ
3156 3421 3249 3477 καὶ
3284 3418 3504 3474 πίεσθαί
3531 3433 3687 3512 Ῠφησι

2105 3510 2315 3595 πάντας
2352 3529 2480 3591 τοὺς
2520 3522 2878 3597 ἁμαρτωλοὺς
2912 3520 3013 3589 τῆς
3045 3521 3167 3588 γῆς.
3208 3516 3319 3569 Καὶ
3350 3515 3433 3566 ὅτι
3460 3511 3617 3564 τοῦτο
3652 3510 3686 3579 ἡ

2104 3623 2340 3680 ὀπτασία
2370 3617 2773 3687 διαζωγραφεῖν
2806 3612 3078 3684 βούλεται,
3112 3608 3270 3680 δῆλον
3303 3605 3363 3670 ἐξ
3391 3599 3463 3659 ὀὗ
3494 3602 3618 3657 οὔτε
3660 3604 3690 3655 ὁ

2106 3717 2313 3788 Κύριος
2342 3712 2501 3774 αὐτὸς
2524 3709 2663 3773 ἁξιοῖ
2684 3708 2783 3777 τὴν
2806 3702 3070 3771 συλλογὴν
3099 3699 3429 3770 ποιήσασθαι
3456 3697 3532 3760 ὼς

2106 3784 2216 3863 τῶν
2252 3804 2505 3877 πρώτων,
2559 3800 2682 3854 οὔτε
2717 3798 2777 3850 τὸ
2814 3797 2911 3866 μὲν
2955 3796 3034 3858 εἰς
3063 3792 3161 3855 τάς
3189 3789 3474 3860 ἀποθήκας
3496 3827 3511 3852 ,
3542 3786 3605 3838 τὸ
3622 3784 3691 3877 δὲ

2110 3902 2187 3962 ei;
2218 3874 2663 3961 ebdeahdrqtou
2693 3884 3057 3957 παραπέμπει
3088 3879 3229 3948 πῦρ*
3266 3878 3403 3933 ἀλλά
3456 3893 3538 3939 τις
3579 3874 3689 3928 τῶν

2110 3991 2358 4061 ἀγγέλων
2384 3987 2441 4050 ὃς
2473 3986 2565 4039 καὶ
2585 3983 2671 4036 δοά
2698 3981 2758 4033 τὸ
2788 3981 2887 4032 ὑπε
2899 3976 3127 4047 ρϐἀλλον
3156 3972 3256 4041 τῆς
3280 3966 3696 4061 ἀσελγείαςᾹαυ-

2113 4057 2218 4137 τὼς.
2244 4082 2322 4143 είς
2349 4079 2446 4141 τὴν
2462 4076 2621 4147 ληνὸν
2648 4071 2740 4125 τοῦ
2770 4067 2945 4139 θυμοῦ
2971 4065 3062 4119 τοῦ
3092 4064 3227 4118 Θεοῦ
3254 4061 3455 4124 εὐθέως
3487 4057 3695 4129 ipse)-

2113 4173 2217 4235 λει,
2252 4170 2386 4241 μηδὲ
2404 4164 2697 4233 ἀπολογίας
2713 4160 2879 4227 ἀξιῶν
2908 4158 3043 4231 μηδὲ
3070 4156 3408 4229 ἐρωτήσεως.

2186 4263 2296 4319 Kal
2316 4259 2602 4326 ἐξέϐαλεν
2626 4259 2658 4309 ό
2688 4255 2941 4324 ἅγγελος
2971 4252 3037 4304 τὸ
3065 4249 3365 4316 δρέπανον
3394 4244 3582 4298 αὑτοῦ
3610 4244 3700 4310 εις

2116 4356 2231 4425 τὴν
2261 4354 2394 4424 γῆν.
2434 4351 2526 4412 Ei;
2554 4348 2653 4417 τὴν
2693 4347 2794 4416 γῆν
2822 4345 2883 4399 τὸ
2913 4344 3181 4415 δρέπανον
3216 4340 3468 4411 βάλλεται
3500 4338 3561 4390 τὸ
3595 4336 3700 4388 ὑπὸ

2117 4449 2213 4502 τοῦ
2270 4443 2504 4514 ἀγγέλου
2556 4442 2856 4511 φερόμενον
2879 4476 2895 4502 ,
2932 4436 3199 4499 τουτέστι,
3237 4434 3299 4486 τὸ
3329 4430 3701 4503 τιμωρητικὸν

416 4530 814 4607 involvuntur,
857 4542 912 4588 et
961 4549 1114 4589 ntere
1146 4550 1442 4605 porcorum
1486 4533 1755 4588 lutulenta
1786 4530 2014 4586 sorbent

2124 4540 2280 4611 θέρος
2314 4536 2542 4590 ἐκείνων
2578 4532 2801 4600 ποιῆσαι
2843 4530 2952 4583 τῶν
2985 4530 3112 4599 περὶ
3146 4527 3250 4597 γῆν
3287 4524 3701 4592 ίλυσπωμένων,

437 4641 630 4695 opera.

511 4716 579 4772 Et
610 4719 946 4778 vindemiarit
979 4722 1181 4775 vineam
1213 4731 1387 4776 terrm.
1426 4720 1501 4773 Ex
1532 4721 1763 4774 adverso
1797 4718 2021 4787 ponitur

442 4810 558 4865 bznc
589 4812 746 4865 vinea
780 4813 829 4866 ei
866 4828 1032 4881 quam
1071 4812 1166 4868 Dei
1218 4813 1535 4883 progenitor
1560 4828 1623 4867 ex
1661 4809 1898 4881 [Egypto
1927 4826 2023 4864 suo

2118 4633 2217 4684 ὅσα
2249 4629 2343 4682 καὶ
2368 4628 2540 4697 χοῖροι
2568 4624 2637 4677 τὰ
2665 4622 2974 4693 βορϐορώδη
3000 4620 3275 4691 ροφῶντες
3297 4617 3453 4687 ἔργα.
3544 4626 3549 4629 ·

2189 4719 2296 4773 Καὶ
2335 4716 2628 4785 ἐτρύγησε
2666 4713 2782 4779 τὴν
2813 4712 3090 4778 ἄμπελον
3119 4705 3227 4773 τῆς
3269 4703 3399 4774 γῆς.
3446 4705 3705 4755 Ἀπεναν-

2119 4812 2239 4875 τίας
2273 4808 2412 4880 αὕτη
2460 4808 2493 4877 ἡ
2536 4805 2779 4877 ἄμπελος
2816 4804 2913 4873 τῆς
2962 4802 3057 4853 ἀπ’
3104 4799 3384 4866 Αἰγύπτου
3426 4795 3577 4862 παρὰ
3628 4791 3708 4861 τῷ

445 4906 726 4965 blimatam
778 4905 1010 4961 viderat.
1053 4903 1150 4959 llic
1196 4906 1341 4961 enim
1387 4904 1625 4968 vineam,
1666 4918 1789 4973 quae
1831 4901 2014 4971 impie-

2121 4904 2422 4972 Θεοπάτορι
2470 4896 2942 4970 μετεωρουμένης.
2999 4891 3262 4945 Ἐνταῦοα
3304 4890 3414 4958 γὰρ
3463 4885 3710 4953 ἄμπελον

444 5006 557 5052 tate
592 5000 777 5068 gavisa
830 4997 1034 5064 fuerat,
1074 4999 1472 5067 universosque
1503 4998 1595 5067 qui
1631 5012 1752 5051 eam
1786 5011 2014 5066 praaeesv

2122 4997 2222 5068 τὴν
2261 4994 2634 5064 κεχαρηκυῖαν
2664 4992 2731 5060 τῇ
2770 4986 3059 5057 δυσσεϐείᾳ.
3098 4984 3192 5038 καὶ
3235 4983 3360 5044 τοὺς
3395 4980 3503 5050 πρὸ
3534 4977 3707 5082 αὐτῆς

448 5100 635 5145 serant
658 5091 854 5161 impios
884 5092 1297 5156 obscuraverat,
1328 5100 1491 5160 atque
1513 5090 1650 5144 adeo
1678 5105 1774 5145 eos
1802 5103 2014 5159 quoque

2126 5089 2373 5145 ἅπαντας
2405 5080 2725 5151 καλύψασαν
2762 5078 3034 5145 ἀσελγεῖς,
3059 5075 3155 5128 ἅτε
3180 5072 3274 5126 καὶ
3298 5071 3389 5124 ὑπ’
3418 5071 3584 5123 αὐτοῦ
3612 5071 3706 5119 τοῦ

451 5185 549 5254 qui
574 5185 645 5238 ab
680 5185 799 5255 ipso
830 5185 1157 5255 perditionis
1196 5185 1309 5238 lilio
1348 5182 1687 5237 Anticltristo
1730 5182 1873 5237 illusi
1904 5183 2026 5236 l'ne-

2127 5177 2244 5231 υίοῦ
2297 5175 2397 5245 τῆς
2450 5172 2724 5233 ἀπωλείας
2784 5167 3157 5238 Ἀντιχρίστου
3202 5159 3705 5231 ὲκϐακχευθέντας,

452 5283 599 5340 rant,
635 5275 841 5344 absque
878 5276 986 5330 ulla
1031 5275 1408 5331 misericordia
1453 5282 1655 5327 metere
1679 5271 1900 5342 iubetur
1924 5288 2014 5327 an-

2126 5267 2365 5340 ἀφειδῶς
2392 5264 2661 5335 τρυγῆσαι
2691 5259 2973 5315 κελεύεται
3004 5260 3033 5312 ὁ
3064 5255 3317 5325 ἄγγελος,
3375 5253 3470 5306 καὶ
3510 5249 3709 5305 ἀποτό-

455 5366 632 5436 gelus,
663 5376 718 5422 et
744 5382 934 5422 severe
975 5366 1117 5420 facta
1149 5374 1234 5421 est
1265 5367 1567 5433 aggressio.

528 5456 783 5526 Misitque
830 5457 888 5509 in
934 5455 1168 5508 torcular
1214 5456 1310 5508 ira:
1368 5454 1482 5510 Dei.
1539 5454 1787 5511 Humana
1855 5454 2030 5523 magis

462 5550 680 5611 ratione
726 5547 990 5620 procedit,
1032 5561 1319 5607 excessum
1352 5549 1418 5609 ad
1457 5550 1787 5620 impietatem
1839 5550 2029 5606 volens

2133 5380 2248 5435 μως
2287 5366 2320 5428 ἡ
2353 5359 2697 5431 ἐπιχείρησις
2731 5352 2962 5424 ὑπῆρξε.

2206 5450 2314 5503 Καὶ
2341 5448 2558 5502 ἔϐαλεν
2582 5447 2668 5511 είς
2692 5444 2805 5513 τὴν
2831 5443 3023 5510 ληνὸν
3050 5440 3155 5494 τοῦ
3187 5438 3376 5509 θυμοῦ
3398 5435 3505 5489 τοῦ
3541 5432 3710 5487 Θεοῦ·

2147 5522 2655 5615 Ἀνθρωῖτινώτερον
2688 5538 2970 5609 προϐαίνει
2994 5534 3072 5607 τῷ
3097 5535 3261 5604 λόγῳ,
3288 5531 3349 5584 τὸ
3377 5527 3713 5601 ὑπερϐάλλον

459 5643 754 5700 ostendere
778 5639 1063 5696 hominum
1087 5639 1235 5695 illius
1262 5644 1544 5712 temporis.
1571 5642 1703 5715 Quae
1724 5643 1870 5701 enim
1903 5642 2014 5697 title:

2138 5637 2275 5708 πρδς
2305 5636 2594 5712 ἀσέλγειαν
2622 5634 2729 5689 τῶν
2771 5631 2889 5691 κατ’
2919 5632 3094 5684 ἐκεῖνο
3137 5625 3331 5704 καιροῦ
3361 5621 3715 5701 παραστῆσαι

534 5804 647 5875 (48)
681 5802 878 5856 Vocem
911 5800 1157 5870 ἀγγέλων
1184 5804 1383 5860 Otniltil
1412 5808 1496 5860 ml.
