4030 6602
291 373 404 438 697

286 584 652 640 ἀναλλοίωτον
715 586 880 654 φύσιν
941 587 1172 643 πάθεσιν
1228 592 1551 652 ἁλίσκεσθαι
1613 617 1882 672 παραχω-

290 674 495 746 ροῦσα;
534 676 611 746 τῷ
649 676 706 730 δὲ
742 677 850 745 ἔξω
887 681 984 751 τῆς
1019 683 1226 748 πόλεως
1265 687 1575 760 πατηθῆναι
1616 693 1746 756 τοὺς
1789 693 1881 763 βό-

285 785 478 841 τρυας,
507 768 686 841 πτόλιν,
707 768 821 824 τῶν
842 776 984 825 κατὰ
1004 774 1096 826 τὸν
1130 777 1404 832 ἐνεστῶτα
1436 778 1550 849 βίον
1579 783 1882 854 ἐμπορικὸν

285 859 594 930 πολίτευμα
635 860 810 915 καλεῖ.
849 863 958 916 Καὶ
997 866 1186 934 ἐπειδὴ
1235 869 1374 938 μετὰ
1417 871 1518 940 τὴν
1564 875 1881 931 συντέλειαν

283 951 502 1016 τούτου,
542 953 574 1022 ἠ
620 952 700 1022 τῷ
751 954 864 1008 ὄντι
901 955 1104 1029 ἀμοιϐὴ
1141 958 1247 1011 τῶν
1288 968 1880 1038 πεπραγματευμένων

284 1038 624 1110 ἀνθρώποις,
653 1044 826 1096 εἰκότι
852 1043 994 1115 λόγῳ
1025 1045 1132 1113 ἔξω
1161 1049 1256 1117 τῆς
1291 1052 1500 1116 πόλεως
1529 1055 1740 1127 εἴρηκε.
1784 1061 1879 1114 Ἐκ

280 1127 342 1182 δὲ
371 1128 465 1182 τοῦ
497 1129 677 1198 λέγειν
715 1133 796 1186 ὅτι
823 1135 887 1188 ὲκ
918 1136 1018 1206 τῆς
1055 1138 1217 1207 ληνοῦ
1249 1137 1388 1213 αἷμα
1422 1147 1486 1217 τῇ
1526 1151 1879 1220 συμπατήσει

277 1215 394 1268 τῶν
437 1216 680 1286 βοτρύων
728 1221 996 1296 ἀπορρεῖ,
1033 1227 1292 1299 βότρυας,
1343 1215 1484 1299 τοὺς
1519 1215 1880 1311 ἁμαρτωλοὺς

280 1308 664 1378 περιλείπεται
694 1315 855 1369 νοεῖν.
879 1316 969 1370 Διὸ
993 1318 1169 1373 καὶτὸ
1197 1317 1336 1392 αἷμα
1393 1327 1475 1391 εἰς
1502 1328 1603 1393 τὰς
1633 1308 1876 1404 τιονηράς

276 1401 463 1456 αὐτῶν
499 1402 728 1474 πράξεις
761 1409 1118 1479 τροπολογεϊ,
1153 1413 1252 1483 τῆς
1300 1415 1516 1484 δικαίας
1556 1422 1644 1474 ἐπ’
1685 1426 1875 1491 αὐταῖς

276 1493 523 1558 ἐκδικίας
556 1497 762 1566 σαφοῦς
799 1498 972 1554 ἆπασι
1005 1505 1324 1577 γινομένης.
1369 1511 1476 1563 Καὶ
1509 1512 1654 1569 οὕτω
1691 1517 1876 1573 δικαία

272 1584 353 1650 ὡς
383 1587 518 1657 μηδὲ
549 1591 661 1652 τοῖς
692 1591 900 1647 ἄνωθεν
931 1595 1012 1658 είς
1044 1597 1278 1668 ὲποψίαν
1306 1603 1588 1673 ταχθεῖσιν
1620 1607 1876 1677 ἀγγέλοις

274 1678 613 1745 ὑπακοῦσαι,
643 1683 950 1739 κωλύουσιν
984 1687 1060 1751 ὥς
1087 1706 1200 1744 τισι
1236 1693 1474 1762 χαλινοῖς
1505 1702 1627 1764 ταῖς
1663 1702 1874 1759 ἑαυτῶν

273 1775 595 1842 συνεργίαις
624 1778 750 1840 τοὺς
779 1780 1104 1851 ἀνθρώπους
1145 1786 1254 1840 ἀπὸ
1280 1791 1388 1842 τῶν
1421 1791 1697 1862 θεομισῶν
1728 1800 1868 1869 πρά-

273 1862 434 1931 ξεων.
464 1865 529 1920 U'l
555 1868 647 1922 auxi.
672 1871 926 1926 τοσοῦτον
955 1873 1331 1948 ὲξῲστρησαν,
1365 1884 1442 1947 ὡς
1475 1887 1549 1956 μὴ
1579 1888 1741 1958 μόνον
1771 1862 1870 1956 τὰς
1899 1891 1947 1949 Β

273 1957 517 2024 φυσικὰς
554 1961 641 2014 ἐπ’
674 1964 897 2032 ἀγαθῶν
937 1969 1127 2038 κτήσει
1163 1957 1591 2045 παρεσχημὲνας
1625 1980 1731 2036 ὑπὸ
1771 1984 1866 2038 τοῦ

251 2035 528 2104 ’Πλάστου
572 2053 784 2133 ἐννοίας
812 2035 1100 2129 ἀτιμάσαι,
1142 2035 1280 2118 ἀλλά
1308 2035 1379 2134 γέ
1509 2035 1603 2123 atavi
1633 2071 1730 2137 τὰς

266 2139 385 2195 τῶν
417 2141 576 2198 θείων
610 2146 880 2216 ἀγγέλων.
913 2151 1220 2224 Τοιγαροῦν
1249 2159 1342 2212 καὶ
1377 2161 1510 2231 πρὸς
1535 2164 1661 2224 τοὺς
1689 2165 1868 2235 θείους

268 2233 573 2304 συνεργοὺς
616 2237 710 2292 τοῦ
749 2239 1001 2312 δυσηνίου
1040 2245 1518 2320 ἐπιδεδειγμένον,
1566 2256 1631 2308 ἐκ
1670 2258 1866 2318 πολλοῦ

267 2321 367 2376 νῦν
417 2325 512 2379 τοῦ
552 2330 836 2399 περιόντος
883 2335 1194 2405 πρόφαντος
1232 2340 1440 2397 ἅπασιν
1483 2346 1517 2415 ή
1561 2347 1768 2404 τούτων
1807 2353 1866 2420 ἐξ

265 2416 560 2483 ἀπειθείας
589 2421 788 2491 μάστιξ
815 2426 1162 2485 καθίσταται.

264 2504 559 2575 lautia,ex
582 2516 776 2584 majori
831 2534 977 2574 nunc
1027 2507 1905 2608 accedente'criminumcumulo,

263 2603 479 2660 dientia
518 2609 896 2667 constituitur.

263 2835 412 2928 Περὶ
433 2837 570 2928 ,τῷν
592 2839 743 2928 ἑπτὰ
767 2843 1038 2928 ἀγγέλων
1071 2849 1192 2928 τῷν
1221 2852 1570 2928 ἐπαγόντων
1598 2861 1722 2928 τοῖς
1753 2865 1862 2918 ἀν-

632 2907 1152 3010 τκει-ςτςξέηγιᾴςθεςρὸ
1187 2921 1299 2992 τῆς
1739 2907 1860 3010 λαὶ

333 2980 1375 3107 ῗὸἕᾶοτέῆὲοὐαλίνηξθάλὰοσηςῖἐν
1397 2990 1440 3068 ᾖ

1363 389 1747 457 COMMENT.
1786 397 1870 459 IN
1909 401 2442 475 APOCALYPSIN.

289 489 635 562 βουλόμενος,
703 491 876 559 Ἐπεὶ,
920 492 1002 558 τίς
1038 495 1070 566 ή
1104 496 1290 562 πίστις
1333 501 1434 572 τὴν
1468 508 1750 578 μακαρίαν
1782 511 1878 564 καὶ
1905 528 1952 580 Α
1980 526 2065 572 est

1963 610 2091 666 ‘hus

3451 429 3561 494 698

2092 535 2214 589 qua:
2231 522 2444 581 beatam
2465 542 2530 584 ac
2553 528 3059 610 incommutabilem
3085 548 3339 622 naturam
3363 544 3573 622 θηρω-

2145 615 2266 685 capi
2319 622 2618 678 concedat?
2667 624 2841 683 Porro
2897 632 3042 700 quod
3079 643 3233 690 extra
3267 619 3565 694 civitatem

1984 706 2177 760 calcati
2216 709 2326 765 sint
2374 711 2540 780 botri,
2579 717 2856 775 civitatem
2891 733 3052 779 vocnt
3091 731 3567 785 conversationem

1984 796 2236 874 negotiis.
2265 798 2528 867 deditam.
2560 821 2684 876 quae
2719 808 2774 863 in
2817 810 2921 868 hac
2946 815 3054 870 vita
3081 818 3264 887 agitur
3296 836 3311 874 :
3342 829 3395 874 et
3428 837 3568 890 quo-

1984 885 2129 940 uiam
2179 900 2301 957 post
2347 894 2512 965 hujus
2563 907 3113 962 consummationem
3164 927 3352 967 revera
3405 913 3569 967 datur

1982 979 2272 1036 retributio
2313 986 2629 1048 hominibus
2665 994 2731 1048 de
2762 997 2847 1052 his
2897 1015 3020 1069 qua:
3087 1003 3349 1072 negotiali
3415 987 3566 1069 sunt.

1981 1073 2330 1130 convenienti
2384 1080 2598 1137 ratione
2641 1083 2800 1148 dixit.
2867 1100 3022 1145 extra
3069 1093 3368 1149 civitatem.
3404 1097 3569 1168 776

1983 1162 2223 1220 Dicendo
2260 1180 2444 1226 autem
2475 1177 2620 1248 quod
2653 1178 2721 1233 de
2751 1181 3014 1238 torculari
3052 1201 3148 1255 per
3188 1189 3566 1243 conculcatio-

1980 1271 2104 1310 nem
2151 1262 2430 1317 betrorum
2480 1262 2709 1340 sanguis
2767 1273 3006 1340 deﬂuat,
3061 1278 3253 1348 botros
3305 1281 3568 1351 relinquit

1980 1349 2362 1422 intelligendos
2405 1373 2528 1414 esse
2610 1352 3134 1431 peccatores/Ideo
3175 1361 3409 1443 quoque
3433 1391 3563 1428 san-

1979 1443 2198 1511 guinem
2231 1446 2296 1501 ad
2346 1463 2542 1517 pravas
2585 1452 2878 1522 impiorum
2927 1462 3174 1519 actiones
3226 1467 3564 1535 tropologice

1977 1536 2270 1602 convertit,
2301 1539 2505 1594 inﬂicta
2539 1549 2763 1614 prapter
2793 1549 2943 1618 ipsas
2973 1554 3234 1610 erunibus
3262 1541 3411 1625 jnsta
3445 1575 3564 1612 ma.

1977 1625 2286 1700 uit'estaque
2336 1633 2593 1692 ultione:
2645 1649 2696 1692 et
2747 1639 2819 1695 ita
2883 1644 3056 1712 iusta,
3111 1657 3170 1702 ut
3226 1665 3404 1721 neque
3467 1669 3563 1708 su-

1977 1721 2160 1788 pernis
2197 1726 2406 1796 angelis
2430 1729 2938 1802 obtemperaverint
2965 1740 3057 1808 qni
3084 1728 3367 1798 constituti
3399 1755 3561 1801 erant

1979 1822 2036 1864 nt
2070 1813 2288 1870 illorum
2324 1821 2821 1892 cnramhabereut,
2859 1822 2952 1900 Qui
2989 1820 3354 1891 suisauxiliis
3386 1837 3556 1892 veluti

1975 1906 2304 1972 quihusdam
2343 1911 2514 1970 frenis
2566 1917 2938 1986 prohibebant
2989 1924 3242 1982 homines
3282 1928 3352 1982 ab
3383 1932 3562 1984 actio-

1977 1998 2138 2053 nibus
2182 1999 2292 2057 Deo
2336 2004 2544 2063 invisis.
2577 2009 2645 2064 At
2677 2010 2750 2065 illi
2789 2008 2950 2070 tanto
2975 2016 3159 2073 furore
3192 2021 3385 2089 perciti
3418 2011 3542 2076 fue-

1949 2097 2124 2156 runt,
2159 2100 2216 2145 ut
2262 2109 2370 2148 non
2424 2100 2586 2154 modo
2642 2106 2921 2162 naturales
2981 2110 3452 2168 considerationes
3484 2095 3553 2169 ad

1951 2177 2246 2237 ibouornm
2303 2189 2724 2270 acquisitioncm
2760 2190 2789 2249 a
2823 2197 3124 2256 Cooditore
3161 2203 3264 2256 sibi
3320 2199 3555 2260 traditas

1972 2279 2424 2345 contempserint,
2462 2283 2638 2340 sedet
2678 2301 2772 2341 cas
2816 2305 2938 2358 qua:
2969 2307 2998 2344 a
3029 2293 3233 2349 divinis
3284 2312 3549 2366 suggere-

1972 2360 2173 2419 bantnr
2195 2370 2424 2438 angelis.
2447 2373 2634 2444 Itaque
2659 2394 2825 2445 quum
2853 2382 3120 2440 adversus
3142 2385 3360 2443 divinos
3387 2391 3552 2445 etiam

1970 2455 2324 2514 auxiliatores
2364 2473 2584 2520 ostensa
2619 2467 2783 2523 fuerit
2823 2467 3045 2530 eﬂ‘reuis
3087 2477 3331 2546 ipsorum
3389 2490 3554 2549 pelu-

1945 2547 2204 2607 omnibus
2233 2556 2596 2627 compicmun
2647 2559 2924 2632 ﬂagellum
2996 2584 3064 2622 ex
3111 2559 3306 2625 horum
3357 2565 3554 2625 inbbe-

2537 2767 2768 2824 CAPUT
2804 2726 2980 2828 XLV.~

1967 2874 2045 2930 De
2078 2887 2272 2946 septem
2310 2881 2515 2950 angelis
2548 2885 2638 2961 qui
2680 2885 2736 2938 in
2767 2887 3006 2961 homines
3063 2892 3251 2961 plagas
3301 2895 3553 2952 inducent

2039 2958 2160 3000 ante
2213 2956 2760 3020 consummationem,
2805 2969 2856 3009 et
2895 2960 2958 3011 de
2992 2956 3127 3014 mari
3157 2956 3327 3018 citreo
3363 2967 3417 3019 in
3445 2985 3550 3037 quo

2039 3029 2253 3073 δαηειοε
2281 3034 2648 3090 conspexerat.

335 3163 452 3219 Kal
475 3162 641 3221 εἶδον
667 3166 824 3224 ἄλλο
849 3172 1105 3240 σημεῖον
1120 3176 1190 3229 ἐν
1214 3177 1296 3244 τῷ
1323 3180 1567 3248 οὐρανῷ
1583 3183 1739 3254 μέγα
1761 3184 1859 3239 καί

2039 3170 2106 3224 Ει
2134 3173 2242 3227 vidi
2272 3174 2422 3228 aliud
2443 3179 2651 3246 signant
2689 3179 2744 3233 in
2779 3183 2906 3235 ctelo
2945 3199 3195 3255 magnum
3219 3196 3269 3240 et
3299 3189 3548 3244 admira-

263 3259 623 3326 θαυμαστόν
651 3276 666 3291 ⁸
719 3261 1020 3332 ἀγγέλους
1064 3268 1250 3335 ἑπτὰ,
1309 3272 1569 3341 ἔχοντας
1621 3275 1878 3347 πληγὰς

262 3349 420 3403 ἑπτὰ
451 3351 558 3416 τὰς
584 3351 869 3422 ἐσχάτας,
912 3357 1003 3411 ὅτι
1033 3359 1105 3425 ἐν
1135 3362 1346 3429 αὐτοῖς
1378 3365 1668 3434 ἐτελέσθη
1699 3371 1732 3422 ὀ
1762 3372 1864 3423 Ου-

1961 3263 2064 3318 bile
2093 3282 2112 3319 :
2137 3266 2350 3335 angelos
2381 3279 2578 3338 septem
2608 3271 2858 3327 habentes
2887 3285 3082 3342 septem
3108 3279 3292 3349 plagas
3320 3282 3547 3337 novissi-

1961 3373 2096 3422 mas,
2125 3361 2252 3429 quia
2283 3361 2336 3414 in
2367 3363 2498 3430 ipsis
2539 3365 2832 3434 completur
2881 3368 2967 3421 ira
2999 3369 3112 3424 Dei.
3168 3369 3236 3426 Et
3271 3370 3378 3427 vidi
3425 3385 3550 3429 tan-

257 3441 382 3512 μὸς
414 3443 524 3498 τοῦ
555 3446 724 3503 Θεοῦ.
772 3448 878 3504 Καὶ
909 3445 1076 3505 εἶδον
1111 3453 1193 3520 ὡς
1232 3455 1556 3512 θάλασσαν
1590 3461 1860 3529 ὑαλίνην

1968 3466 2117 3519 7uam
2179 3469 2325 3508 mare
2402 3456 2626 3510 vitreum
2685 3462 3022 3518 commistum
3085 3465 3218 3533 igni,
3249 3477 3298 3519 et
3329 3479 3416 3522 eos
3455 3471 3548 3539 qui

256 3537 638 3606 μεμιγμένην
668 3540 833 3609 πυρί,
879 3543 980 3597 καὶ
1024 3545 1168 3612 τοὺς
1197 3548 1494 3618 νικῶντας
1527 3552 1600 3608 ἐκ
1623 3554 1730 3609 τοῦ
1759 3557 1862 3624 θη-

1968 3541 2236 3596 victoriam
2294 3556 2693 3614 reportaverunt
2745 3551 2809 3605 de
2861 3553 3068 3619 bestia,
3103 3565 3154 3608 et
3187 3555 3297 3610 ’de"
3317 3537 3548 3629 imagine

255 3630 419 3698 ρίου,
454 3633 552 3686 καὶ
583 3633 651 3686 ἐκ
681 3631 788 3702 τῆς
814 3637 1053 3705 εὶκόνος
1081 3641 1290 3704 αὐτοῦ,
1311 3644 1408 3698 καὶ
1439 3645 1510 3700 ἐκ
1539 3647 1647 3701 τοῦ
1671 3648 1857 3717 χαριε-

260 3737 489 3791 τματος
512 3725 729 3793 αὐτοῦ,
756 3727 857 3782 καί
893 3729 962 3784 ἐκ
1000 3732 1108 3787 τοῦ
1145 3734 1852 3809 ἀριθμοῦιτοῦνόνόματος

259 3817 474 3884 αὐτοῦ,
507 3817 775 3888 ἑστῶτας
803 3823 900 3896 ἐπὶ
929 3823 1046 3893 τὴν
1070 3809 1397 3885 θάλασσαν
1425 3830 1541 3900 τὴν
1565 3834 1850 3903 ὑαλίνην,

257 3910 524 3980 ἔχοντας
569 3913 676 3980 τὰς
708 3915 955 3984 κιθάρας
993 3919 1100 3974 τοῦ
1146 3921 1296 3976 Θεοῦ
1316 3961 1331 3986 ,
1363 3925 1461 3976 καὶ
1491 3924 1708 3991 ᾅδουσι
1739 3927 1855 3995 τὴν

258 4001 432 4070 ᾠδὴν
462 4005 723 4071 Μωσέως
755 4005 982 4064 δούλου
1025 4011 1134 4065 τοῦ
1183 4012 1332 4066 Θεοῦ
1359 4053 1373 4073 .
1415 4014 1514 4067 καί
1552 4015 1668 4085 τὴν
1693 4017 1859 4084 ᾠδὴν

258 4093 372 4148 τοῦ
403 4095 663 4164 Ἀρνιου,
691 4099 977 4169 ,λέγοντες
1001 4119 1016 4132 ·
1039 4102 1286 4173 Μεγάλα
1303 4105 1404 4158 καί
1433 4109 1764 4176 θαυμαστὰ
1787 4110 1860 4164 τὰ

1959 3637 2150 3706 ipsius,
2180 3647 2228 3692 et
2253 3639 2316 3694 de
2339 3641 2644 3698 charactere
2677 3647 2863 3714 ipsius,
2896 3659 2944 3701 et
2973 3650 3037 3702 de
3068 3667 3286 3705 numero
3318 3655 3546 3708 nominis

1960 3732 2152 3800 ipsius,
2177 3744 2380 3789 stantes
2411 3752 2569 3806 super
2593 3755 2738 3794 mare
2765 3739 3012 3805 vitreum,
3035 3744 3281 3800 habentes
3308 3747 3545 3800 citharas

1962 3823 2082 3891 Dei,
2108 3836 2156 3881 et
2182 3838 2427 3884 canentes
2455 3835 2718 3887 canticum
2751 3833 2889 3889 Mosi
2907 3838 3040 3890 servi
3068 3839 3182 3905 Dei,
3205 3851 3252 3894 et
3277 3841 3545 3895 canticum

1961 3919 2121 3989 Agni,
2148 3922 2384 3978 dicentes
2410 3940 2428 3978 :
2451 3924 2648 3994 Magna
2675 3938 2724 3981 et
2751 3929 3075 3987 admiranda
3093 3945 3217 3989 sunt
3246 3921 3405 4004 opera
3428 3945 3545 4000 tua,

1940 4013 2185 4069 :Domine
2239 4018 2382 4072 Deus
2429 4022 2756 4089 omnipotens
2792 4039 2811 4076 :
2833 4023 3002 4093 justte
3031 4044 3095 4080 ac
3121 4044 3254 4080 verre
3293 4037 3416 4080 sunt
3447 4029 3547 4082 vite

1957 4113 2084 4168 tuae,
2102 4105 2211 4160 Rea:
2226 4110 2481 4178 gentium.
2505 4112 2634 4177 Quis
2658 4130 2760 4167 non
2784 4117 2988 4170 timebit
3007 4128 3074 4183 te,
3094 4119 3336 4184 Domine,
3357 4130 3406 4173 et
3429 4121 3546 4189 glo—

257 4186 412 4256 ἐργα
445 4201 586 4251 σου,
615 4191 792 4259 Κύριε
820 4194 855 4247 ό
897 4189 1042 4261 Θεὸς
1082 4197 1116 4248 ό
1149 4199 1572 4267 παντοκράτωρ
1593 4215 1604 4227 ·
1631 4199 1856 4254 δίκαιαι

1968 4199 2184 4268 ι·ἱ]ἳσαί›ἱι
2206 4217 2392 4256 nomen
2417 4214 2566 4256 tuum
2585 4208 2609 4260 .’
2630 4207 2756 4276 quia
2783 4211 2925 4262 solus
2955 4223 3168 4265 sanctus
3188 4202 3264 4274 es,
3291 4215 3543 4282 quoniam

258 4280 367 4336 καί
387 4281 665 4355 ἀληθιναὶ
693 4286 752 4338 αι
777 4283 907 4341 ὁδοί
933 4303 1071 4354 σου,
1102 4291 1135 4342 ὀ
1157 4290 1462 4356 Βασιλεὺς
1489 4291 1610 4346 τῶν
1637 4293 1852 4356 ἐθνῶν.

1953 4302 2129 4364 gentes
2150 4297 2366 4350 omnino
2384 4291 2585 4352 venient
2609 4310 2656 4353 et
2674 4291 2975 4357 adcrabunt
3004 4321 3182 4361 rorant
3203 4315 3270 4368 te,
3291 4307 3544 4376 quoniam

261 4373 371 4441 Τίς
392 4376 466 4428 οὐ
479 4375 566 4443 μὴ
586 4377 823 4446 φοϐηθῇ
846 4395 940 4445 σε,
956 4382 1154 4450 Κύριε,
1178 4384 1274 4438 καὶ
1295 4384 1545 4449 δοξάσει
1571 4387 1638 4440 τὸ
1663 4386 1854 4458 ὄνομά

1968 4388 2161 4444 iudicia
2191 4399 2286 4444 tua
2315 4389 2603 4462 manifesta
2638 4404 2785 4451 sunt.

256 4485 414 4535 σονς
445 4470 535 4525 ὅτι
557 4475 748 4542 μόνος
763 4475 951 4542 ὅσιος,
982 4477 1072 4533 ὅτι
1091 4479 1330 4548 πάντως
1351 4484 1423 4535 τὰ
1447 4483 1592 4553 ἔθνη
1623 4484 1846 4553 ἥξουσι
1880 4486 1981 4540 καὶ
2041 4479 2592 4557 προσκυνήσουσιν
2620 4490 2880 4546 ἐνώπιόν
2907 4508 3050 4558 σου,
3105 4495 3194 4550 ὅτι
3216 4496 3288 4552 τὰ
3315 4495 3546 4552 δικαιώ-

253 4568 422 4639 parci
451 4586 570 4627 σου
599 4573 1088 4644 ἐφανερώθησαν.

336 4661 447 4716 Καὶ
505 4663 622 4728 πῶς
682 4665 743 4718 οὐ
808 4667 952 4736 μέγα
1011 4669 1111 4739 τὴν
1170 4672 1514 4742 παγκόσμιον
1579 4678 1849 4746 σημαῖνον

2025 4673 2188 4743 777
2247 4672 2331 4727 An
2405 4689 2512 4729 non
2583 4691 2842 4742 magnum
2892 4686 2979 4732 est
3024 4662 3189 4750 ‘quod
3246 4683 3544 4740 universa-

257 4754 621 4825 καθαίρεσιν;
651 4759 767 4822 πῶς
795 4759 853 4811 δὲ
879 4759 939 4812 οὐ
971 4759 1284 4833 θαυμαστὸν
1306 4805 1320 4828 ,
1346 4761 1599 4834 ἀγγέλοις
1635 4768 1849 4838 ἰσαρίθ-

261 4866 387 4918 μοις
417 4851 510 4904 τὺν
535 4851 594 4917 ἐξ
618 4851 908 4923 ἑϐδομάδος
932 4856 1158 4928 ἡμερῶν
1179 4857 1548 4929 ἐναρξάμενοι)
1578 4861 1848 4914 συντελεῖ-

1955 4765 2059 4821 lem
2115 4766 2365 4836 designat
2431 4768 2992 4825 subversione‘m?an
3070 4788 3178 4826 non
3248 4775 3540 4840 admiran-

1956 4856 2085 4910 dum
2145 4865 2230 4912 est
2285 4857 2723 4915 mundum‘esse
2776 4865 3273 4920 consummandam
3329 4869 3398 4923 ab
3446 4885 3547 4924 an-

259 4943 390 4998 σθαι
421 4944 644 5015 κόσμον,
671 4947 767 5000 καὶ
794 4949 874 5013 είς
906 4949 1000 5002 τὸν
1027 4950 1193 5004 αὐτὸν
1223 4952 1456 5023 ἀριθμὸν
1479 4953 1850 5026 ἀποτελευτᾷν

1968 4948 2090 5018 gelis
2115 4948 2209 5018 qui
2237 4949 2427 5004 eodem
2476 4961 2604 5006 sunt
2654 4969 2885 5010 numero
2922 4972 3045 5010 eum
3079 4957 3278 5014 diebus
3329 4945 3539 5016 hebdo‘

255 5038 372 5100 τοῖς
419 5035 485 5090 τε
521 5037 583 5091 τὸ
625 5040 908 5110 καθαίρειν
959 5044 1216 5112 ἀγγέλοις
1251 5044 1476 5115 λαχοῦσι
1526 5046 1619 5098 καλ⁸
1671 5048 1749 5110 εἰς
1788 5046 1851 5100 τὸ

259 5126 551 5197 καθαίρειν
613 5129 794 5201 ἔχουσι
849 5133 1099 5204 πληγάς;
1161 5135 1330 5188 Ἑπτὰ
1379 5135 1436 5187 δὲ
1490 5137 1546 5189 αἱ
1589 5128 1846 5207 ’πληγαίο

261 5219 512 5274 θάλασσα
551 5220 764 5293 ὑαλίνη,
800 5221 932 5295 πῦρ,
965 5223 1128 5278 εἰκὼν
1161 5226 1256 5279 τοῦ
1292 5226 1505 5297 θηρίου,
1538 5227 1634 5281 καὶ
1661 5227 1722 5281 τὸ
1752 5226 1851 5298 θη-

261 5312 381 5384 ρίον
432 5313 598 5377 αὐτὸ,
645 5314 738 5368 καὶ
783 5315 1050 5388 χάραγμα
1103 5317 1221 5388 (λ9)
1250 5318 1447 5382 αὐτοῦ,
1489 5320 1584 5372 καὶ
1615 5320 1850 5391 ἀριθμὸς

261 5403 430 5459 αὑτοῦ
455 5405 552 5459 τοῦ
580 5406 864 5477 ὀνόματος.
903 5404 1075 5464 Αῦται
1128 5411 1226 5480 μὲν
1274 5411 1331 5464 αί
1361 5411 1608 5481 πληγαὶ,
1657 5412 1724 5466 δι’
1769 5406 1847 5466 ὧν

264 5497 528 5572 ἐτελέσθη
561 5502 590 5554 ὁ
637 5500 804 5573 θυμὸς
845 5500 940 5556 τοῦ
989 5502 1146 5558 Θεοῦ.
1198 5503 1465 5572 Ἐσχαται
1502 5504 1582 5568 δὲ,
1609 5503 1685 5567 ὡς
1731 5507 1846 5570 τοῖς

270 5591 499 5646 νικῶσιν
555 5593 739 5657 αὐτὰς
812 5594 912 5647 οὐκ
985 5593 1065 5647 ἔτι
1137 5594 1595 5666 περιλειπομένου
1652 5595 1856 5666 ἐτέρου-

265 5683 500 5754 ἁγῶνος.
536 5686 606 5739 Οἵ
641 5703 702 5740 τε
734 5685 843 5759 γὰρ
876 5687 937 5740 τὸ
973 5686 1322 5759 ἀστάθμητον
1349 5687 1444 5743 τοῦ
1480 5689 1594 5759 βίου
1626 5689 1846 5754 τούτου,

1956 5041 2129 5095 madas
2172 5043 2452 5112 aquibus
2504 5044 2696 5100 habuit
2758 5046 3014 5114 initium,
3072 5048 3146 5103 et'
3177 5037 3232 5104 in
3287 5054 3538 5108 etundem

1961 5134 2118 5189 ﬁnire
2156 5151 2444 5190 munerum
2480 5150 2604 5191 cum
2635 5139 2842 5209 angelis
2870 5143 2960 5208 qui
2993 5142 3044 5195 id
3077 5143 3328 5199 muneris
3358 5148 3540 5201 sortiti

1961 5236 2092 5280 sunt
2121 5235 2182 5280 ut
2225 5227 2402 5296 ipsum
2459 5228 2709 5295 perdant,
2754 5232 2914 5286 et‘ad
2946 5218 3284 5301 perdendum
3337 5235 3540 5291 habent

1959 5317 2190 5387 plagas?
2220 5315 2438 5388 Septem
2493 5330 2673 5374 autem
2717 5321 2889 5390 plagae
2918 5332 3048 5378 sunt
3080 5339 3231 5378 mare
3273 5324 3534 5393 vitreum,

1961 5411 2124 5479 ignis,
2166 5411 2348 5483 imago
2370 5412 2556 5468 bestiae
2583 5425 2638 5468 et
2669 5414 2842 5470 bestia
2876 5416 3018 5486 ipsa,
3045 5417 3333 5473 character
3362 5419 3538 5490 ipsius

1956 5512 2010 5558 et
2036 5519 2299 5560 numerus
2338 5506 2575 5561 nominis
2603 5507 2793 5576 ipsius.
2833 5509 2926 5565 [Le
2954 5511 3175 5581 quidem
3211 5501 3378 5584 plaga:
3405 5521 3536 5569 sunt

1957 5598 2162 5666 quibus
2191 5600 2498 5671 completur
2543 5603 2622 5656 ira
2656 5602 2747 5658 Dei
2786 5619 2800 5657 :
2833 5613 3092 5660 extrema:
3146 5622 3300 5672 vero,
3351 5616 3408 5662 ut
3438 5607 3535 5677 qui

1961 5689 2058 5745 has
2089 5691 2350 5748 devicerit
2405 5693 2614 5748 nullum
2655 5695 2727 5751 sit
2759 5695 2859 5766 ipsi
2896 5693 3170 5769 reliquum
3227 5709 3536 5758 certamen.

341 5863 454 5936 (49)
481 5865 808 5937 Legebatur,
862 5867 1044 5938 ὕαλος,
1084 5869 1216 5942 πῦρ,
1272 5871 1441 5936 είκῖον,
1501 5871 1694 5943 θηρίον
1741 5871 1834 5927 καὶ

1968 5893 2156 5948 παγμα.
