4030 6608
476 370 590 434 699
1300 367 1634 430 »ΑΒΕΤΗᾸΞ
1672 365 2051 431 CAESARE/ﬁ
2087 366 2573 429 CAPPADOCHZ
2615 367 2959 430 EPISCOPI
3649 375 3755 440 700

482 481 589 549 Qui
628 478 777 535 enim
811 493 1033 535 omnem
1089 478 1257 551 hujus
1308 482 1436 535 tuta:
1491 481 1907 536 instabilitatein
1945 493 2069 548 qua

2170 479 2200 533 ὅ
2232 483 2344 544 τοῖς
2385 481 2599 546 πολλοῖς
2627 482 2694 536 δι’
2725 484 3001 554 ἀλμυρίαν
3030 484 3306 557 ξηραίνειν
3330 480 3439 540 οἶδε
3466 483 3529 539 τὸ
3552 485 3760 557 ἀναψῦο

486 590 585 649 sua
612 573 890 640 salsugine
914 573 967 627 in
999 573 1189 628 multis
1219 574 1501 629 exsiccare
1533 573 1673 629 solet
1702 589 1864 628 omne
1902 572 2065 626 refri-

2175 590 2289 643 χον,
2336 574 2446 627 πᾶν
2493 576 2841 641 νενικηκότες
2882 580 2947 649 τῇ
2982 578 3279 650 καρτερίᾳ,
3314 578 3427 631 οίτε
3460 581 3584 643 ταῖς
3612 579 3766 635 εὕδοι

485 665 718 735 gerium,
772 666 1061 720 tolerando
1112 666 1341 722 vicerint
1376 685 1389 721 :
1424 666 1632 737 quique
1661 666 1791 719 dum
1824 663 2066 718 mundus

2176 665 2316 730 ξίαις
2348 667 2490 719 κατά
2518 666 2578 720 τὸ
2607 666 2769 721 ὕαλον
2796 668 2887 722 τοῦ
2924 670 3308 741 συντρίϐεσθαι
3338 670 3765 742 κεκληρωμένοι)

486 757 540 811 id
575 767 773 813 nactus
824 767 910 813 est
942 768 1001 813 ut
1035 760 1277 815 nominis
1324 760 1568 829 ipsorum
1604 756 1979 813 celebritatem
2013 754 2070 808 in

2179 759 2383 829 κόσμου
2428 759 2551 813 κατ’
2596 760 2749 815 οὐδὲν
2786 765 3213 834 κεχειρωμένοι,
3259 763 3357 833 οὐχ
3386 765 3435 817 οἱ
3464 764 3559 819 τοῦ
3591 764 3770 836 πυρὸς

488 847 713 901 modum
752 847 875 901 vitri
904 856 1174 914 conterat,
1210 848 1263 901 in
1296 847 1449 901 nullo
1479 848 1693 916 pejores
1716 842 2028 899 elliciuntur
2056 861 2068 894 :

2184 849 2274 922 τὴν
2301 852 2605 921 καυστικὴν
2640 852 2893 923 δύναμιν,
2928 855 3064 909 ἀλλὰ
3095 857 3197 925 τὴν
3227 857 3567 929 φωτιστικὴν
3597 874 3775 911 πεπο-

490 956 600 994 non
626 940 731 994 sibi
761 941 1095 996 asciscentes
1122 941 1232 993 vim
1264 937 1532 994 exurendi
1564 937 1726 1007 ignis,
1752 936 1845 991 sed
1870 931 2072 988 illumi-

2181 946 2449 1015 ρισμένοι,
2477 946 2576 1016 οὐχ
2604 948 2655 999 οἰ
2691 947 2789 1016 τὴν
2819 948 3003 1001 εἰκόνα
3037 947 3133 1001 τοῦ
3163 948 3375 1019 θηρίου,
3406 950 3439 1020 ἢ
3469 950 3533 1004 τὸ
3576 949 3772 1021 θηρίον

488 1035 849 1088 nandizcum
900 1034 1137 1102 imagine
1176 1033 1385 1097 bestiae,
1433 1040 1530 1086 aut
1576 1029 1750 1084 bestia
1798 1028 1940 1098 ipsa,
1978 1034 2073 1080 aut

2178 1035 2327 1097 αὐτὸ,
2368 1036 2400 1105 ἢ
2429 1036 2519 1088 τὸν
2544 1036 2781 1109 ἀριθμὸν
2803 1038 2895 1090 τοῦ
2928 1039 3194 1108 ὀνόματος
3223 1038 3389 1093 αὑτοῦ
3412 1041 3769 1095 καταπαλαϊο

493 1127 818 1181 charactere
850 1136 944 1181 aut
976 1142 1207 1181 nurnero
1256 1126 1497 1179 nominis
1538 1124 1710 1194 ipsius
1740 1138 1852 1176 non
1890 1118 2074 1175 infeli-

2183 1143 2269 1180 σαι
2292 1126 2770 1197 δεδυστυχηκότες,
2796 1130 2913 1183 ἀλλ’
2936 1129 3205 1201 ἀνδρικῶς
3228 1131 3596 1201 νενικηκότες,
3622 1126 3774 1187 οῦτοι

494 1220 631 1273 citer
687 1220 977 1283 luctantes,
1010 1218 1103 1272 sed
1138 1217 1369 1270 viriliter
1417 1215 1773 1271 devincentcs
1802 1230 1815 1267 :
1856 1211 1911 1266 lii
1945 1220 2075 1266 tunc

2183 1220 2430 1291 τηνικάδε
2457 1222 2690 1286 ἑστῶτες
2720 1223 2815 1276 ἐπὶ
2841 1224 2941 1292 τὴν
2973 1224 3199 1295 ὑαλίνην
3226 1223 3526 1291 θάλασσαν,
3560 1224 3774 1294 σύμϐοο

491 1330 661 1384 super
687 1330 839 1370 mare
870 1315 1107 1368 vitreum
1142 1322 1375 1377 stantes,
1401 1312 1618 1382 signum
1651 1318 1931 1382 gestantes
1960 1321 2075 1364 sua:

2181 1312 2269 1367 λον
2304 1314 2691 1385 ἐπιφερόμενοι
2730 1317 2830 1386 τῆς
2863 1317 3073 1370 ἑαυτῶν
3115 1318 3174 1370 ὲν
3203 1316 3281 1388 τῷ
3310 1319 3408 1389 βίῳ
3442 1316 3772 1389 νεκρώσεως

493 1408 548 1460 in
586 1409 692 1461 vita
732 1405 1203 1469 mortiﬁcationis,
1253 1406 1436 1476 quoad
1474 1404 1820 1471 voluptatum
1870 1399 2075 1471 quain

2185 1406 2323 1459 κατά
2343 1406 2405 1460 τὸ
2427 1407 2791 1478 ἀνενέργητον
2821 1411 2930 1463 τῶν
2956 1412 3014 1463 ὲν
3045 1409 3196 1480 αὐτῷ
3220 1411 3395 1481 ἡδέων
3419 1410 3638 1481 ᾄδουσιν
3667 1412 3776 1465 ὅσα

490 1514 554 1552 ea
629 1508 756 1554 sunt
814 1499 1168 1555 inutilitatem
1222 1514 1287 1554 ac
1348 1496 1784 1553 contractionem
1817 1512 1832 1549 :
1870 1500 2077 1549 canunt

1904 1500 2077 1548 anunt
2179 1499 2327 1563 εἰκὸς
2351 1501 2479 1564 τοὺς
2507 1502 2862 1571 νενικηκότας
2900 1502 3010 1555 τῶν
3036 1502 3298 1555 τοιούτων
3326 1502 3494 1573 ᾄδειν.

495 1607 843 1663 quaecunque
873 1609 1093 1663 aequum
1117 1605 1201 1648 est
1230 1607 1433 1647 canere
1484 1592 1723 1646 victores
1759 1586 2076 1659 hujusmodi

492 1683 966 1738 adversariorum.

566 1772 833 1828 Habentes
892 1784 1089 1844 septem
1150 1775 1336 1844 plagas
1394 1774 1730 1828 novissimos.
1790 1771 1945 1839 Quod
2001 1769 2077 1824 ait
2112 1828 2155 1884 Β

2257 1788 2555 1857 Ἐχοντας
2594 1784 2832 1856 πληγὰς
2862 1782 3013 1839 ἑπτὰ
3037 1784 3147 1852 τὰς
3174 1783 3461 1853 ἐσχάτας.
3493 1784 3569 1838 Τὸ
3602 1783 3776 1851 imi,

498 1877 722 1937 septem,
761 1882 869 1921 non
918 1876 1001 1923 est
1056 1868 1465 1936 intelligendum
1507 1868 1653 1937 quod
1697 1879 1930 1918 numero
1960 1861 2078 1918 fue-

2185 1880 2281 1934 οὑκ
2313 1882 2398 1932 ἐπ’
2427 1877 2592 1933 αὐτοῦ
2626 1878 2722 1931 τοῦ
2759 1877 3121 1949 ἑϐδοματικοῦ
3166 1877 3404 1949 ἀριθμοῦ
3436 1879 3735 1933 ἀκουστέον
3759 1921 3776 1946 ,

498 1962 611 2013 rint
663 1961 1014 2028 septenario,
1068 1960 1164 2015 sed
1216 1961 1430 2029 capitur
1480 1974 1578 2029 pro
1609 1959 1854 2011 multas:
1891 1955 2077 2025 itaque

2189 1973 2295 2028 ἀλλ’
2326 1972 2421 2026 ἐπὶ
2442 1971 2539 2025 τοῦ
2573 1971 2766 2026 πολλά.
2796 1971 2908 2036 Τάς
2930 1970 3133 2035 πολλάς
3162 1966 3255 2025 οῦν
3285 1970 3426 2025 κατά
3450 1972 3559 2036 τῶν
3590 1973 3780 2042 ἀμαρο

494 2052 667 2105 mnlta
704 2052 956 2121 designat
985 2066 1109 2106 esse
1142 2052 1408 2106 adversus
1433 2060 1754 2120 peccatores
1783 2047 2080 2119 supplicia,

2185 2065 2366 2120 τωλῶν
2388 2064 2641 2128 κολάσεις
2677 2063 2998 2129 αἰνίττεται,
3031 2062 3099 2117 δι’
3132 2055 3207 2117 ὧν
3236 2066 3266 2115 ό
3303 2063 3475 2134 θυμὸς
3502 2062 3597 2117 τοῦ
3634 2061 3776 2116 θεοῦ

493 2140 702 2210 quibus
736 2144 899 2195 tinem
938 2142 1139 2212 accipit
1174 2142 1256 2196 ira
1292 2141 1410 2208 Dei,
1452 2156 1576 2211 qua:
1605 2141 1770 2195 etiam
1800 2148 2081 2209 postrema

2181 2160 2360 2232 πέρας
2410 2159 2700 2226 λαμϐάνει.
2755 2157 2973 2221 Δῖτινες
3018 2159 3112 2210 καὶ
3158 2156 3386 2227 ἔσχαται
3440 2157 3772 2227 ἐλέχθησαν.

492 2249 620 2289 esse
655 2234 806 2289 dicta
859 2244 1009 2289 sunt.
1068 2234 1245 2289 Porro
1294 2250 1420 2290 cum
1470 2234 1567 2290 Dei
1604 2234 1766 2289 audis
1816 2233 1954 2287 iram
1986 2247 2081 2287 seu

2187 2250 2370 2321 Θυμὸν
2399 2250 2456 2304 δὲ
2481 2248 2695 2303 ἀκούων
2730 2248 2892 2315 Θεοῦ,
2925 2248 3003 2320 μὴ
3047 2247 3124 2311 ὡς
3161 2246 3445 2319 ἑμπαθοῦς
3484 2246 3649 2300 ἄκουε
3678 2245 3778 2301 τοῦ

494 2326 762 2390 furorem,
793 2342 861 2381 ne
896 2325 1177 2395 concipias
1206 2326 1455 2381 divinum
1501 2341 1704 2381 numen
1761 2325 2072 2395 subjectum

2188 2345 2364 2398 Θείου.
2406 2342 2546 2396 Ἀλλ’
2577 2343 2697 2396 ἐπεὶ
2721 2342 2820 2396 οὐκ
2846 2336 2992 2413 εἶχεν
3019 2340 3195 2405 ἄλλως
3222 2356 3341 2403 πως
3375 2340 3651 2409 ὑποφῆναι
3676 2339 3779 2409 τὴν

497 2434 621 2475 esse
659 2418 946 2474 aﬂ‘ectibus
980 2436 995 2474 :
1030 2419 1125 2473 sed
1156 2420 1421 2489 quoniam
1459 2419 1568 2472 alio
1601 2418 1764 2472 modo
1793 2417 2082 2487 designare

2187 2436 2494 2507 ὑπερϐολὴν
2524 2434 2631 2489 τῶν
2662 2435 2806 2489 κατά
2846 2435 3135 2503 ἀσέλγειαν
3161 2437 3268 2487 τῶν
3312 2433 3652 2505 ἁμαρτωλῶν
3681 2433 3778 2505 ἔρ-

496 2527 606 2566 non
658 2512 837 2582 potuit
891 2527 1182 2567 excessum
1238 2511 1551 2566 facinorum
1604 2520 1985 2582 peccatorum,
2016 2526 2080 2565 es

2186 2545 2318 2597 γων,
2344 2528 2438 2582 ἁτε
2474 2527 2568 2581 καὶ
2596 2528 2695 2597 τὴν
2721 2526 2910 2596 ἀπαθῆ
2942 2526 3104 2596 φύσιν
3130 2527 3256 2580 οἵων
3286 2544 3345 2580 τε
3380 2528 3548 2580 ὄντων
3582 2528 3777 2602 κινεῖν,

496 2604 849 2675 improbitate
881 2620 947 2659 ac
993 2603 1339 2674 impudicitia
1377 2604 1808 2673 procedentium,
1846 2618 1968 2674 qua:
2000 2602 2086 2657 vel

2189 2620 2543 2692 ἀνθρωπίνως
2588 2621 2861 2691 ἐχρήσατο
2903 2619 2983 2689 τῷ
3032 2620 3196 2691 λόγῳ.
3247 2618 3309 2672 'H
3344 2619 3535 2690 ὑαλίνη
3574 2619 3631 2674 δὲ
3676 2619 3780 2673 θάη

498 2696 837 2751 immobilem
873 2696 941 2751 ad
988 2696 1216 2752 cﬂ'ectus
1250 2706 1502 2751 naturam
1559 2707 1785 2766 possent
1839 2712 2082 2763 movere,

2188 2716 2363 2770 λασσα
2413 2716 2514 2769 οῦκ
2542 2714 2609 2768 ἃν
2652 2714 2780 2769 ἄλλο
2812 2714 3101 2783 σημαίνειν
3130 2714 3297 2776 δοκοί,
3334 2713 3367 2784 ἢ
3408 2714 3471 2766 τὸ
3499 2714 3633 2768 πολὺ
3677 2713 3779 2783 μὲν

500 2789 747 2843 humano
777 2803 931 2842 more
954 2788 1171 2843 locutus
1194 2796 1301 2843 est.
1334 2787 1480 2842 Mare
1503 2797 1685 2844 autem
1710 2790 1947 2843 vitreum
1974 2805 2083 2845 non

2185 2806 2273 2859 διά
2300 2804 2417 2869 τοῦ,
2450 2806 2716 2867 θάλασσα,
2740 2806 2829 2858 διὰ
2860 2804 2917 2858 δὲ
2950 2804 3065 2868 τοῦ,
3098 2804 3314 2875 ὑαλίνη,
3344 2805 3406 2858 τὸ
3435 2804 3685 2858 στιλπνόν
3718 2822 3776 2859 τε

499 2881 649 2936 aliud
696 2880 1021 2951 signiﬁcare
1073 2889 1317 2950 putetur,
1359 2896 1524 2949 quam
1557 2896 1653 2947 per
1683 2897 1835 2935 mare
1862 2883 2083 2951 quidem

2188 2893 2284 2946 καὶ
2326 2892 2563 2962 καθαρὸν
2608 2892 2718 2947 τῶν
2756 2893 2857 2962 τῆς
2901 2894 3021 2946 ἐκεῖ
3069 2894 3476 2965 μακαριότητος
3520 2894 3614 2948 τοῦ
3660 2893 3778 2967 βίου

499 2972 935 3039 multitudinem,
1004 2989 1100 3044 per
1159 2974 1361 3027 vitrum
1431 2989 1560 3027 vero
1628 2974 1974 3043 splendorem
2023 2990 2088 3029 ac

1004 2989 1100 3044 per
1159 2974 1361 3027 vitrum
1431 2989 1560 3027 vero
1628 2974 1974 3043 splendorem
2023 2990 2088 3029 ac
2188 2983 2528 3054 ἠξιωμένων.

500 3067 799 3148 puritatem
847 3080 1039 3119 eorum
1074 3067 1164 3132 qui
1198 3064 1269 3117 ibi
1303 3064 1450 3135 digni
1507 3064 1711 3118 fuerint
1749 3065 1906 3119 beata
1942 3066 2080 3120 vita.

576 3156 840 3212 Habentes
882 3158 1118 3210 citharas
1154 3156 1251 3210 Dei
1278 3165 1327 3209 et
1356 3166 1598 3211 canentes
1626 3159 1895 3211 canticum
1926 3156 2083 3211 Mosi.
2111 3204 2155 3235 Γ,

2264 3167 2560 3234 Ἕχοντας
2602 3165 2709 3231 τὰς
2747 3164 2997 3232 κιθάρας
3044 3164 3149 3218 τοῦ
3200 3163 3348 3219 Θεοῦ
3373 3208 3387 3231 ,
3429 3167 3525 3220 καὶ
3560 3167 3780 3235 ᾅδουσι

2111 3204 2156 3268 C

502 3248 701 3305 Dicens
756 3249 1020 3312 citharas,
1063 3250 1438 3303 membrorum
1491 3264 1614 3318 qua:
1663 3249 1718 3304 in
1761 3261 1907 3304 terra
1955 3260 2086 3304 sunt

2188 3259 2305 3325 τὴν
2351 3256 2514 3323 ᾠδὴν
2563 3255 2843 3320 Μωσέως.
2878 3256 2977 3308 Διά
3012 3253 3107 3307 τοῦ
3157 3256 3333 3307 εἰπεῖν
3378 3256 3476 3319 τὰς
3522 3256 3775 3327 κιθάρας,

503 3342 989 3399 mortiﬁcationem
1018 3342 1291 3412 designat.
1320 3341 1492 3397 Porro
1528 3342 1675 3411 ipsas
1703 3343 1782 3396 ait
1812 3357 1937 3396 esse
1971 3341 2084 3407 Dei,

2190 3351 2289 3421 τὴν
2318 3350 2427 3402 τῶν
2456 3348 2549 3401 ἐπὶ
2577 3348 2680 3417 γῆς
2713 3346 2892 3418 μελῶν
2920 3347 3218 3400 αἰνίττεται
3245 3347 3535 3418 νέκρωσιν.
3561 3349 3696 3403 Θεοῦ
3722 3350 3779 3402 δὲ

504 3450 573 3491 co
612 3436 758 3506 quod
791 3435 977 3490 nullus
1026 3434 1385 3504 quantumvis
1424 3434 1646 3489 sedulus
1700 3435 1864 3488 homo
1907 3444 1959 3488 ct
2006 3434 2088 3487 iu-

2190 3440 2362 3504 αὺτάς
2395 3436 2556 3502 εἶναι,
2585 3438 2776 3492 καθότι
2804 3436 2982 3499 οὐδεὶς
3006 3438 3115 3490 τῶν
3146 3438 3453 3491 σπουδαίων
3476 3437 3779 3510 ἀνθρώπων

505 3528 754 3584 dustrius
792 3528 844 3582 id
893 3532 1215 3597 pratstaret,
1269 3525 1456 3579 divino
1508 3525 1810 3579 destitutus
1860 3524 2085 3580 auxilio.

2190 3533 2289 3602 τῆς
2330 3531 2483 3594 θείας
2517 3530 2835 3601 συμμαχίας
2862 3529 3114 3600 χηρεύων
3154 3529 3536 3601 κατορθοῦται.
3565 3531 3678 3601 Τὴν
3721 3529 3780 3582 δὲ

506 3619 775 3675 (latterqu
810 3617 946 3675 Mosi
1002 3619 1147 3673 servi
1185 3617 1281 3672 Dei
1318 3619 1592 3673 canticum
1631 3618 1798 3687 778
1831 3618 1961 3671 illud
1995 3634 2088 3673 ve-

2192 3625 2335 3695 ᾠδὴν
2362 3624 2646 3687 Μωῦσέως
2684 3622 2873 3676 δούλου
2906 3623 3115 3693 Κυρίου
3150 3623 3363 3693 ἐκείνην
3398 3624 3605 3683 πάντας
3632 3621 3780 3684 εἰκός

506 3711 741 3767 risimile
794 3720 878 3767 est
943 3725 1139 3766 omnes
1202 3711 1507 3781 intelligere
1571 3710 1719 3780 quod
1769 3709 1968 3765 cecinit
2019 3710 2092 3765 ob

2192 3720 2311 3770 ἐστι
2357 3716 2569 3785 νοῆσαι,
2610 3717 2676 3785 ἢν
2710 3713 2843 3787 ᾖσεν
2878 3716 2972 3768 ἐπὶ
3009 3716 3075 3785 τῇ
3124 3718 3533 3767 καταποντώσει
3576 3711 3780 3783 Φαραὼ

506 3800 911 3856 demersionem
946 3799 1253 3854 Pharaonis
1293 3800 1439 3866 regis
1467 3797 1871 3870 Egyptiorum.
1902 3797 2092 3853 Canti-

2191 3808 2304 3861 τῶν
2339 3808 2674 3876 Αἰγυπτίων.
2708 3806 2829 3858 Τῶν
2863 3805 2962 3876 μὲν
2992 3804 3099 3875 πρὸ
3124 3805 3294 3874 νόμου
3322 3803 3415 3857 καὶ
3442 3805 3501 3856 ὲν
3527 3802 3604 3872 τῷ
3631 3804 3781 3872 νόμῳ

508 3910 634 3951 cum
672 3894 860 3964 itaque
906 3895 1181 3949 victorum
1236 3902 1365 3949 ante
1417 3893 1589 3964 legem
1622 3904 1676 3949 et
1706 3896 1809 3950 sub
1858 3895 1995 3965 lege,
2024 3910 2093 3951 cx

2194 3900 2508 3971 νικηφόρων
2536 3902 2567 3968 ὴ
2600 3898 2735 3969 ᾠδὴ,
2760 3897 2835 3961 ὡς
2869 3899 3108 3968 εἴρηται,
3139 3897 3206 3949 ὲκ
3235 3896 3343 3950 τῶν
3373 3895 3463 3948 διά
3501 3895 3780 3958 Μωῦσέως

509 3988 599 4043 bis
656 3987 969 4057 concipitur
1019 4002 1141 4057 qua:
1170 4002 1268 4057 per
1300 3986 1488 4041 Mosen
1535 3987 1694 4056 jussu
1734 3987 1827 4044 Dei
1875 3996 2091 4059 peracta

2196 3996 2581 4067 προστάγματι
2620 3991 2755 4045 Θεοῦ
2787 3991 3183 4062 ὲνηργημένων
3212 3991 3436 4044 νοεῖται.
3497 3987 3557 4041 Ἥ
3591 3989 3648 4041 δὲ
3684 3988 3779 4043 τοῦ

509 4090 662 4147 sunt,
695 4090 755 4135 ut
783 4079 992 4135 dictum
1031 4088 1146 4135 est.
1175 4078 1316 4150 Agni
1354 4093 1483 4135 vero
1511 4082 1787 4135 canticum
1830 4082 1974 4150 quod
2008 4088 2095 4136 est

2207 4087 2419 4157 Ἀρνίου
2447 4084 2560 4157 ᾠδὴ
2590 4084 2673 4147 τίς
2702 4083 2769 4137 ἂν
2785 4083 2942 4153 ἄλλη,
2976 4085 3023 4136 εἰ
3054 4083 3128 4154 μὴ
3155 4084 3245 4136 ὑπ’
3273 4080 3549 4135 αὐτοῦτοῦ
3566 4097 3782 4151 χρημα-

509 4172 662 4228 aliud
701 4172 805 4229 nisi
819 4173 982 4245 \guod
1007 4173 1075 4228 ab
1099 4188 1164 4227 eo
1186 4173 1279 4243 qui
1312 4186 1574 4242 responsa
1600 4172 1695 4227 dat
1723 4174 2093 4243 compositum

2194 4174 2435 4238 τίζοντος
2457 4173 2868 4244 συντεθειμένη,
2894 4174 2960 4244 ἢν
2984 4173 3077 4227 καὶ
3100 4173 3325 4244 ᾁσουσιν
3342 4175 3390 4225 οἱ
3413 4173 3521 4226 ἀπὸ
3543 4172 3777 4242 Χριστοῦ

509 4266 634 4321 est?
664 4266 812 4337 quod
862 4267 1027 4321 etiam
1078 4275 1277 4322 canent
1330 4264 1385 4320 lii
1430 4265 1524 4335 qui
1557 4281 1589 4321 a
1620 4266 1841 4322 Christo
1877 4275 1930 4319 et
1971 4274 2098 4335 post

2198 4270 2290 4321 καὶ
2319 4268 2458 4336 μετά
2501 4266 2738 4336 Χριστὸν
2776 4266 2969 4329 αἰσίως
2997 4264 3447 4335 πολιτευσάμενοι
3468 4305 3484 4329 ,
3513 4264 3614 4335 τὴν
3638 4265 3778 4318 ἀκα-

510 4360 797 4413 Christum
845 4360 1102 4414 decenter
1131 4369 1530 4415 conversantes
1574 4359 1804 4415 assidue
1831 4359 1886 4413 in
1920 4360 2096 4426 gratia

2197 4361 2506 4414 τάπαυστον
2536 4359 2594 4411 ὲν
2622 4359 2827 4431 χάριτι,
2856 4360 2917 4412 τὸ
2949 4358 3236 4430 μεγαλεῖον
3266 4356 3683 4426 ἐξαγγέλλοντες
3703 4356 3779 4428 τῷ

510 4465 577 4504 ac
624 4451 1026 4520 magniﬁcentia
1083 4451 1416 4505 annuntiant
1484 4451 1637 4521 Agno
1699 4450 1815 4504 sive
1865 4448 2096 4503 Domino

2212 4452 2432 4522 Ἀρνίῳ,
2453 4451 2571 4521 ἦτοι
2584 4450 2662 4521 τῷ
2684 4452 2872 4523 Κυρίῳ
2901 4452 3074 4522 Ἰησοῦ
3094 4448 3337 4523 Χριστῷ,
3356 4449 3779 4521 ᾠκονομημένης

510 4541 637 4597 Jesu
665 4542 907 4609 Christo,
942 4544 1012 4597 ob
1040 4543 1423 4612 dispensatum
1473 4544 1633 4598 nobis
1668 4541 1898 4597 salutari
1932 4542 2094 4596 modo

2202 4542 2484 4612 σωτηρίως
2536 4545 2668 4615 ἡμῖν
2716 4545 2813 4614 τῆς
2866 4542 3399 4614 παντοκρατορικῆς,
3437 4540 3655 4603 δικαίας
3686 4542 3780 4594 καὶ

512 4632 1203 4703 omnipotentem,justum
1257 4650 1323 4689 ac
1380 4650 1569 4690 verum
1621 4635 1903 4689 ducatum.
1960 4634 2094 4699 Quae

2186 4637 2450 4709 ἀληθινῆς
2469 4636 2711 4707 ὁδηγίας.
2740 4638 2916 4708 Ἀπερ
2933 4635 3007 4700 ὼς
3032 4635 3283 4706 βασιλεὺς
3308 4634 3463 4704 βάσις
3480 4633 3556 4687 ὢν
3574 4632 3777 4698 ἐλέους,

512 4732 777 4793 tanquam
828 4741 923 4781 rex
951 4736 1004 4780 et
1046 4727 1194 4782 basis
1232 4726 1649 4792 misericordiae,
1683 4743 1778 4796 per
1811 4727 2092 4796 apostolos

2194 4729 2332 4800 πρὸς
2365 4732 2425 4783 τὸ
2458 4730 2654 4785 ἑαυτοῦ
2707 4730 2935 4800 πλάσμα
2976 4728 3065 4784 διὰ
3110 4729 3221 4782 τῶν
3263 4727 3431 4783 αὐτοῦ
3460 4726 3779 4781 ἀποστόλων

513 4832 645 4871 SUOS
676 4827 939 4886 operatus
969 4830 1054 4876 εει
1087 4835 1216 4891 erga
1247 4836 1405 4876 suam
1448 4830 1781 4877 creaturam.

916 4835 939 4875 s
969 4830 1054 4876 est
1087 4835 1216 4891 erga
1247 4836 1405 4876 suam
1448 4830 1781 4877 creaturam.
2193 4820 2507 4893 εἰργάσατο.

583 4909 701 4979 XV,
724 4913 845 4970 5-8.
879 4913 949 4968 Et
972 4925 1087 4983 post
1108 4916 1220 4971 lucc
1243 4916 1370 4983 vidi,
1398 4925 1447 4972 et
1471 4926 1712 4985 apertum
1743 4923 1820 4971 est
1849 4915 2097 4985 templum

2268 4916 2378 4971 Kal
2410 4916 2563 4987 μετά
2595 4916 2783 4971 ταῦτα
2815 4909 3012 4979 εἶδον,
3039 4913 3140 4968 καὶ
3163 4913 3377 4983 ἠνοίγη
3425 4914 3457 4966 ὀ
3487 4910 3633 4977 ναὸς
3670 4911 3780 4981 τῆς

514 5004 845 5063 tabernaculi
876 5010 1160 5064 testimonii
1188 5010 1242 5063 in
1262 5008 1389 5063 caelo
1410 5025 1429 5063 :
1460 5018 1510 5063 et
1538 5009 1729 5078 egressi
1750 5015 1873 5063 sunt
1896 5017 2091 5076 septem

2199 5009 2434 5079 σκηνῆς
2467 5009 2571 5064 τοῦ
2599 5009 2928 5079 μαρτυρίου
2953 5008 3023 5061 ἐν
3050 5005 3130 5071 τῷ
3156 5004 3391 5074 οὐρανῷ
3411 5044 3426 5070 ,
3458 5003 3559 5058 καὶ
3595 5003 3778 5071 ἐξῆλ-

515 5099 686 5171 angeli
707 5101 955 5159 habentes
986 5112 1184 5174 septem
1211 5102 1397 5173 plagas
1425 5116 1444 5155 :
1475 5103 1565 5173 qui
1593 5111 1748 5157 erant
1777 5102 1954 5156 vestiti
1982 5101 2090 5154 lino

2199 5105 2307 5156 θον
2338 5102 2392 5154 ol
2417 5100 2567 5153 ἑπτὰ
2595 5099 2836 5168 ἄγγελοι
2856 5100 2910 5151 ol
2939 5096 3185 5166 ἔχοντες
3213 5095 3321 5161 τὰς
3349 5095 3498 5150 ἑπτὰ
3520 5093 3778 5163 πληγάς.

514 5194 709 5249 mundo
730 5206 780 5252 et
810 5199 1061 5265 candido,
1097 5210 1145 5253 et
1175 5198 1448 5267 prwcincti
1483 5198 1629 5251 circa
1668 5206 1881 5266 pectora
1941 5196 2088 5249 zonis

2204 5194 2271 5249 Οἳ
2314 5189 2479 5264 ἦσαν
2510 5190 2892 5260 ἐνδεδυμένοι
2934 5193 3111 5243 λίνον
3158 5188 3423 5257 καθαρὸν
3466 5186 3775 5255 λαμπρὸν,

513 5291 710 5344 aureis.
742 5291 811 5345 Et
834 5310 994 5347 unum
1025 5308 1089 5347 ea:
1123 5302 1350 5363 quatuor
1382 5290 1704 5346 animalibus
1734 5290 1878 5345 dedit
1900 5299 2092 5357 septem

2201 5288 2299 5342 καὶ
2324 5283 2775 5354 περιεζωσμένοι
2804 5282 2938 5352 περὶ
2975 5283 3048 5337 τὰ
3079 5282 3275 5351 στήθη
3308 5281 3490 5348 ζώνας
3522 5278 3776 5350 χρυσᾶς.

515 5384 714 5455 angelis
747 5396 942 5454 septem
975 5387 1184 5452 phialas
1216 5402 1403 5439 aureas
1431 5384 1614 5454 plenas
1668 5382 1961 5436 iracundia:
1996 5380 2093 5434 Dei

2195 5380 2306 5437 Kal
2334 5379 2403 5433 ἐν
2444 5378 2514 5433 ἐκ
2546 5377 2664 5430 τῶν
2704 5376 3021 5446 τεσσάρων
3063 5376 3219 5436 ζῶων
3248 5375 3433 5429 ἔδωκε
3478 5372 3604 5438 τοῖς
3629 5372 3779 5425 ἑπτὰ

516 5477 732 5531 viventis
769 5478 822 5531 in
853 5479 1050 5534 saecula
1083 5478 1421 5533 surculorum.
1457 5476 1525 5532 Et
1560 5475 1835 5544 impletum
1858 5483 1937 5529 est
1965 5484 2097 5527 tem-

2196 5472 2479 5542 ἀγγέλοις
2515 5470 2665 5525 ἑπτὰ
2693 5469 2915 5540 φιάλας
2946 5467 3183 5539 χρυσᾶς
3217 5468 3520 5538 γεμούσας
3546 5464 3655 5520 τοῦ
3680 5466 3780 5518 θυ-

515 5571 660 5637 plum
701 5575 847 5638 {uino
873 5590 906 5626 a
939 5572 1215 5643 majestate
1258 5572 1356 5626 Dei
1385 5581 1433 5626 et
1467 5571 1702 5641 potentia
1725 5569 1894 5639 ipsius
1924 5583 1944 5622 :
1970 5566 2093 5621 nul-

2194 5565 2311 5636 μοῦ
2336 5564 2441 5618 τοῦ
2471 5562 2620 5617 Θεοῦ
2640 5562 2747 5617 τοῦ
2769 5559 2983 5627 ζῶντος
3007 5563 3093 5626 εὶς
3116 5560 3257 5623 τοὺς
3272 5557 3491 5623 αἰῶνας
3515 5556 3631 5610 τῶν
3648 5555 3781 5610 αἰώ-

518 5663 702 5734 lusque
734 5676 942 5734 poterat
982 5667 1187 5738 ingredi
1229 5664 1484 5736 templum
1518 5665 1681 5720 donec
1707 5660 2097 5731 complerentur

2198 5673 2342 5711 νων.
2369 5656 2479 5710 Kal
2506 5654 2794 5724 ἐγεμίσθη
2821 5655 2855 5707 ὀ
2888 5652 3034 5719 ναὸς
3061 5651 3132 5705 ἐκ
3168 5650 3276 5708 τοῦ
3307 5650 3544 5706 καπνοῦ
3566 5648 3635 5703 ἐκ
3674 5645 3782 5716 τῆς

510 5766 703 5824 septem
733 5759 926 5828 phiala:
951 5770 1146 5830 septem
1196 5759 1522 5829 angelorum.

2200 5750 2386 5818 δόξης
2412 5750 2519 5803 τοῦ
2551 5748 2720 5810 Θεοῦ.
2744 5745 2843 5800 καὶ
2873 5746 2941 5800 ἐκ
2965 5745 3073 5812 τῆς
3105 5741 3415 5811 δυνάμεως
3452 5741 3659 5810 αὐτοῦ,
3686 5738 3785 5793 καί

516 5848 723 5918 οὐδεὶς
741 5851 998 5908 ἐδύνατο
1021 5851 1321 5909 εἰσελθεῖν
1346 5853 1433 5919 εἰς
1466 5851 1571 5905 τόν
1597 5849 1747 5905 ναὸν
1779 5849 1916 5918 ἄχρι
1948 5842 2320 5902 τελεσθῶσιν
2347 5844 2405 5897 αὶ
2434 5841 2585 5895 ἑπτὰ
2617 5838 2845 5910 πληγαὶ
2874 5839 2991 5894 τῶν
3014 5836 3165 5895 ἑπτὰ
3190 5838 3482 5907 ἀγγέλων.
