4046 6580
248 375 347 443 ’101

1316 375 1708 438 COMMENT.
1749 373 1831 435 IN
1869 374 2399 442 APOCALYPSIN.

3419 388 3533 450 702

317 490 532 564 Σκηνὴν
571 487 829 556 ἐνταῦθα,
863 490 964 562 τὴν
1010 492 1069 545 ὲν
1112 490 1365 562 οὐρανοῖς
1408 491 1559 561 λέγει
1601 488 1671 565 ἧς
1717 492 1830 545 καθ’

2020 490 2460 552 Tabernaculum
2501 498 2606 557 hoc
2640 500 2764 557 loco
2796 500 2933 558 dicit
2962 504 3108 574 quod
3140 510 3225 560 est
3258 502 3311 558 in
3346 503 3527 560 cwlis.

245 584 508 656 ὁμοίωσιν
540 584 637 638 καὶ
665 585 694 637 ὁ
724 585 966 655 Μωῦσῆς
998 584 1170 654 πῆξαι
1197 584 1300 654 τὴν
1330 585 1536 657 σκηνὴν
1565 585 1662 657 τὴν
1686 586 1836 640 κάτω

246 678 669 749 προστάσσει-αι.
722 694 741 728 ι
785 677 950 747 Ὅρα,
987 677 1153 748 φησὶ,
1196 678 1447 746 ποιήσεις
1478 679 1657 731 πάντα
1693 679 1837 734 κατᾶ

243 769 335 823 τὸν
360 768 534 822 τύπον
563 767 657 821 τὸν
681 767 964 837 δειχθέντα
992 785 1074 822 σοι
1105 771 1164 822 ὲν
1187 769 1265 839 τῷ
1285 768 1420 839 ὄρει.
1455 789 1474 822 ι
1523 770 1618 821 Ἐκ
1642 770 1834 822 τούτου

241 860 336 919 τοῦ
384 860 513 914 ναοῦ
568 859 912 930 ἀνοιχθέντος
965 860 1349 925 ἐξελεύσεσθαι
1397 861 1523 926 τοὺς
1573 860 1618 926 ζ’
1669 863 1838 930 ἀγγέ-

239 953 365 1017 λους
398 951 537 1023 (50).
564 951 678 1023 Πρὸ
707 952 816 1023 γὰρ
845 953 943 1023 τῆς
969 953 1063 1007 τοῦ
1087 954 1327 1027 Χριστοῦ
1354 954 1838 1025 συγκαταϐατικῆς

241 1046 379 1117 πρὸς
413 1046 562 1115 ἡμᾶς
592 1043 760 1099 αὑτοῦ
793 1046 1123 1116 παρουσίας,
1160 1047 1194 1117 ἠ
1228 1046 1430 1115 γνῶσις
1461 1045 1572 1099 τῶν
1612 1062 1837 1115 προκει-

242 1138 441 1209 μένων,
492 1136 818 1208 ἀσυμφανὴς
853 1137 950 1191 καὶ
981 1138 1337 1209 ἀνεπινόητος
1370 1137 1704 1210 ἀνθρώποις.
1744 1136 1838 1191 Διὸ

237 1231 333 1284 καὶ
382 1229 519 1302 πρὸς
568 1229 973 1299 ἐναργεστέραν
1014 1231 1223 1284 τούτων
1262 1229 1483 1296 πίστιν,
1533 1232 1592 1284 ὲν
1630 1230 1708 1301 τῷ
1738 1228 1835 1284 τοῦ

237 1320 447 1391 Κυρίου
477 1318 642 1373 πάθει
671 1320 765 1373 καὶ
793 1318 855 1374 τὺ
885 1318 980 1373 τοῦ
1018 1321 1111 1375 ἐπὶ
1141 1321 1245 1392 γῆς
1272 1321 1401 1376 ναοῦ
1432 1323 1837 1393 καταπέτασμα

233 1414 635 1487 διαρῤήγνυται
671 1413 878 1469 ἄνωθεν
907 1414 1015 1478 ἕως
1048 1414 1235 1481 κάτω,
1269 1414 1436 1469 οἱονεὶ
1480 1413 1549 1469 τὰ
1593 1415 1701 1469 ἀπὸ
1731 1432 1835 1469 κα-

233 1507 475 1576 ταΰολῆς
532 1507 740 1577 κόσμου
819 1506 1143 1579 κρυφιότητι
1223 1508 1643 1579 συνεπτυγμένα
1717 1507 1836 1560 θεῖα

236 1600 550 1670 μυστήρια,
588 1599 651 1652 τὸ
688 1600 796 1653 ἀπὸ
826 1597 983 1653 τοῦδε
1025 1599 1238 1671 ἐκφανῆ
1276 1600 1445 1654 πᾶσιν
1497 1600 1590 1653 καὶ
1623 1596 1833 1653 ἐνώπια

1942 586 2008 639 ad
2036 586 2195 654 cujus
2242 588 2656 654 similitudinem
2691 592 2823 649 Mosi
2861 595 3177 664 praecipitur
3211 604 3272 650 ut
3303 611 3533 666 compo-

1945 686 2037 731 nat
2069 678 2299 736 inferius
2353 685 2794 741 tabernaculum.
2839 706 2858 739 ι
2895 686 3050 753 Vide,
3089 689 3289 759 inquit,
3345 693 3529 746 omnia

1942 768 2115 825 facias
2138 772 2294 842 juxta
2327 776 2607 846 exemplar
2644 778 2792 847 quod
2826 778 2921 833 tibi
2954 780 3007 832 in
3043 790 3229 835 monte
3253 792 3530 837 monstra-

1940 872 2053 918 tum
2083 874 2166 919 est
2191 866 2260 921 ⁸³.
2296 885 2316 919 ι
2352 866 2431 921 Ex
2453 872 2555 923 hoc
2589 871 2795 939 templo
2822 883 3016 940 aperto
3043 886 3371 941 egressuros
3398 873 3531 926 dicit

1938 959 2164 1027 angelos
2195 971 2426 1030 septem.
2463 962 2603 1016 Nam
2635 973 2763 1018 ante
2798 964 3002 1017 Christi
3037 964 3302 1019 humilem
3328 967 3394 1019 ad
3429 981 3530 1020 nos

1939 1046 2258 1115 adventum,
2305 1052 2551 1121 cognitio
2578 1069 2767 1109 eorum
2799 1070 2927 1125 quae
2963 1055 3257 1109 imminent
3292 1055 3529 1110 obscura

1937 1152 2075 1206 erat,
2100 1159 2201 1198 nec
2232 1146 2365 1201 satis
2392 1146 2460 1201 ab
2484 1147 2801 1202 hominibus
2827 1148 3296 1203 considerabatur
3325 1166 3338 1202 :
3379 1148 3500 1203 ideo
3519 1180 3532 1189 -

1938 1245 2046 1300 que
2074 1232 2142 1286 ad
2173 1232 2535 1292 elficaciorem
2591 1237 2790 1292 horum
2835 1237 3000 1293 tidem
3037 1238 3091 1293 in
3125 1238 3381 1308 passione
3412 1237 3530 1292 Do-

1937 1322 2073 1377 mini
2128 1325 2310 1379 velum
2361 1324 2530 1382 etiam
2588 1329 2798 1383 terreni
2853 1329 3039 1399 templi
3095 1329 3331 1384 scissum
3382 1339 3466 1382 est
3498 1343 3528 1381 a

1936 1430 2155 1470 summo
2180 1432 2356 1488 usque
2376 1418 2441 1472 ad
2472 1418 2671 1486 imum,
2695 1420 2799 1475 hoc
2820 1420 3137 1489 indicando,
3158 1421 3305 1491 quod
3338 1420 3526 1474 divina

1937 1509 2194 1579 mysteria
2225 1526 2393 1580 quaaa
2418 1511 2608 1566 mundi
2638 1514 3037 1567 constitutione
3075 1529 3170 1583 per
3193 1514 3524 1567 occultatio—

1936 1614 2062 1653 nem
2096 1600 2428 1671 complicata
2463 1615 2647 1668 erant,
2680 1619 2745 1657 ex
2777 1618 2842 1657 eo
2867 1612 3115 1674 tempore
3150 1603 3441 1657 manifesta
3474 1609 3529 1656 et

234 1693 496 1764 κατέστη,
530 1694 628 1763 οὐχ
666 1691 749 1747 ἐνὶ
782 1691 924 1746 ἔθνει
963 1692 1445 1766 θησαυριζόμενα,
1484 1694 1622 1748 ἀλλὰ
1667 1695 1830 1748 πᾶσιν

1936 1690 2190 1745 omnibus
2214 1690 2375 1746 obvia
2410 1701 2536 1747 sunt
2569 1693 2838 1758 exhibita,
2878 1708 2986 1745 non
3020 1690 3114 1744 uni
3150 1692 3296 1760 genti
3334 1705 3528 1744 recon-

231 1785 448 1847 ἐθνεσιν
478 1787 958 1858 ὲκπομπευόμενα.
989 1788 1313 1859 Μαρτυρίου
1352 1789 1410 1843 δὲ
1444 1789 1622 1860 σκηνὴ
1656 1789 1716 1841 οὐ
1752 1787 1830 1859 τῷ

1936 1781 2069 1845 dita,
2100 1782 2194 1837 sed
2237 1784 2495 1839 omnibus
2547 1784 2802 1855 gentibus
2860 1799 3126 1853 expansa.
3175 1780 3528 1835 Tabernacu-

229 1878 455 1947 τυχόντι
488 1855 729 1950 εἴρηται,
758 1855 874 1934 ἀλλ’
899 1880 982 1933 ὅτι
1012 1855 1224 1934 ἐκεῖθεν
1253 1882 1282 1934 ὁ
1314 1855 1675 1952 χρηματίζων
1699 1855 1830 1945 Θεὸς

1936 1874 2047 1929 lum
2084 1889 2214 1930 vero
2273 1876 2607 1943 testimonii,
2642 1894 2750 1931 non
2785 1876 3287 1948 quomodocumque
3317 1873 3525 1927 dictum

229 1974 348 2036 τοῖς
386 1972 532 2027 κατὰ
569 1972 733 2043 νόμον
760 1972 967 2043 ἱερεῦσι
1006 1973 1343 2028 διεστέλλετο
1374 1974 1443 2028 τὰ
1469 1975 1701 2044 ποιητέα
1734 1974 1831 2029 καὶ

233 2064 337 2135 μὴ,
387 2062 527 2135 μετὰ
575 2062 842 2134 ἀκριϐοῦς
875 2064 970 2118 καὶ
1011 2064 1379 2118 ἀνυποστόλου
1424 2063 1826 2135 παραγγελίας,

228 2158 337 2210 οὐκ
366 2157 473 2211 ἀπὸ
501 2156 596 2210 τοῦ
623 2157 849 2228 νομικοῦ
878 2157 1207 2229 μαρτυρίου,
1233 2156 1371 2212 ἀλλὰ
1395 2156 1490 2211 τοῦ
1515 2155 1829 2229 ἀρχετύπου

228 2252 331 2304 καὶ
360 2250 730 2321 ἀνθρωπείου.

307 2432 377 2487 Οἳ
411 2430 576 2503 ἦσαν
598 2431 983 2504 ἐνδεδυμένοι
1011 2433 1189 2488 λίνον
1227 2432 1512 2503 καθαρόν.
1548 2431 1696 2504 Λίνῳ
1726 2449 1832 2502 φη-

228 2526 321 2580 σὶν
375 2526 683 2581 ἐνδεδύσθαι
731 2527 858 2589 τοὺς
906 2526 1096 2595 ἁγίους
1144 2525 1235 2581 διὰ
1280 2525 1345 2580 τὸ
1396 2524 1563 2597 μηδὲν
1612 2525 1830 2590 ζωῶδες

227 2619 541 2687 ἐπάγεσθαι
569 2618 966 2689 προσπαοείας,
997 2619 1033 2672 δ.
1062 2618 1123 2671 τὸ
1147 2618 1401 2690 λαμπρὸν
1429 2619 1529 2690 τῆς
1550 2617 1699 2689 ζωῆς
1731 2616 1830 2670 πέ-

228 2729 411 2782 φυκεν
458 2711 766 2782 ἀμαυροῦν.
820 2713 882 2765 Ol
929 2711 987 2765 δὲ
1040 2710 1196 2765 αὐτοὶ
1251 2712 1345 2765 καὶ
1396 2710 1828 2784 περιεζωσμένοι

227 2804 368 2877 περὶ
408 2804 475 2858 τὰ
520 2805 695 2875 στήθη
745 2804 922 2869 ζώνας
961 2806 1174 2875 χρυσᾶς
1208 2803 1270 2856 τδ
1304 2802 1701 2874 ἐπιθυμητικὸν
1733 2801 1827 2857 τοῦ

230 2898 491 2969 σώματος
534 2897 723 2967 μέρος,
758 2897 886 2968 περὶ
917 2896 944 2950 ὃ
979 2898 1012 2967 η
1050 2897 1145 2950 τοῦ
1185 2894 1588 2968 ἐπιθυμητικοῦ
1618 2897 1827 2966 κατάρ-

227 3011 405 3065 χουσα
442 2992 635 3062 καρδία
666 2990 1005 3061 κατῴκισται
1025 3032 1039 3056 ,
1071 2992 1173 3045 οὐκ
1199 2991 1388 3046 ἄνετον
1424 2989 1581 3045 τοῦτο
1623 2988 1827 3061 δηλαδὴ

228 3088 455 3156 ἔχοντες
482 3084 542 3137 τὸ
574 3085 740 3155 μέρος
769 3088 862 3135 καὶ
897 3084 1086 3154 μηδενὶ
1122 3082 1495 3156 σωφρωσύνης
1526 3098 1824 3154 περισφιγ-

1933 1976 2019 2022 est
2045 1976 2140 2021 aut
2168 1983 2324 2033 casu,
2358 1968 2455 2024 sed
2507 1970 2634 2040 quia
2684 1970 2810 2024 inde
2863 1971 3026 2025 dabat
3079 1967 3224 2022 Deus
3256 1980 3527 2036 responsa

1932 2058 2201 2130 legalibus
2234 2060 2401 2132 779
2449 2062 2856 2128 sacerdotibus,
2892 2061 3223 2131 explicando
3270 2074 3396 2129 quae
3438 2056 3524 2111 fa-

1932 2151 2126 2206 cienda
2158 2164 2346 2207 essent
2385 2162 2441 2208 et
2473 2169 2597 2223 quae
2638 2170 2747 2209 non
2783 2153 3058 2216 facienda,
3096 2167 3222 2207 cum
3248 2159 3444 2204 exacta
3469 2156 3526 2202 et

1932 2245 2240 2301 certissima
2299 2249 2702 2317 prazceptione,
2756 2264 2927 2303 nona
2964 2246 3121 2319 legali
3182 2242 3522 2310 testimonio,

1932 2338 2026 2393 sed
2056 2339 2353 2412 archetypo
2381 2349 2435 2395 et
2464 2340 2729 2395 humano.

2005 2426 2111 2492 Qui
2161 2439 2313 2482 erant
2357 2432 2529 2485 restiti
2573 2432 2682 2485 lino
2731 2431 2948 2485 mundo.
3000 2431 3141 2486 Lino
3177 2431 3252 2486 ait
3299 2441 3525 2486 sanctos

1932 2517 2105 2575 fuisse
2140 2523 2397 2588 vestitos,
2429 2540 2496 2578 eo
2527 2525 2674 2595 quod
2708 2524 2844 2578 nihil
2876 2523 3114 2579 animale
3149 2524 3389 2580 alliceret
3424 2539 3524 2579 eos

1932 2615 1998 2668 ad
2029 2614 2345 2671 ell'ectiones
2376 2633 2498 2686 qua:
2529 2619 2652 2673 vitae
2675 2619 2973 2673 candorem
2994 2627 3136 2672 natae
3166 2625 3296 2672 sunt
3321 2617 3526 2671 obscu-

1940 2723 2089 2763 rare.
2153 2708 2323 2763 Iidem
2376 2726 2598 2782 quoque
2630 2711 2787 2765 zonis
2843 2710 3026 2765 aureis
3080 2709 3358 2781 praecincti
3396 2717 3528 2763 sunt

1930 2802 2079 2856 circa
2138 2812 2386 2871 pectora,
2458 2818 2657 2874 nempe
2721 2803 3213 2873 concupiscibilem
3273 2802 3525 2871 corporis

1930 2901 2164 2961 partem,
2220 2892 2368 2947 circa
2408 2909 2575 2963 quam
2630 2893 2815 2948 sedem
2868 2893 3032 2948 habet
3092 2907 3189 2947 cor
3220 2892 3364 2961 quod
3424 2890 3526 2943 ini-

1931 2985 2066 3037 tium
2108 2984 2537 3055 concupiscendi
2571 2985 2773 3041 retinet
2806 3003 2821 3041 :
2862 2986 3003 3039 hanc
3028 2984 3284 3039 videlicet
3311 2992 3520 3052 partem

1930 3091 2038 3133 non
2081 3077 2348 3133 habentes
2402 3078 2692 3133 remissam
2723 3088 2777 3133 et
2807 3078 2961 3133 nullo
2994 3077 3374 3147 temperantia:
3406 3076 3525 3130 cin-

226 3182 467 3250 γόμενον
526 3178 805 3249 ζωστῆρι,
857 3176 993 3230 ἀλλὰ
1056 3175 1240 3247 σεμνῷ
1303 3176 1447 3248 μάλα
1502 3176 1596 3228 καὶ
1659 3174 1826 3245 τιμὲῳ

1936 3172 2061 3243 gulo
2087 3172 2404 3238 coercitam,
2431 3170 2525 3227 sed
2553 3171 2749 3241 pudica
2773 3170 3014 3226 maxime
3029 3180 3083 3226 et
3105 3170 3347 3241 pretiosa
3370 3178 3524 3224 veste

223 3271 696 3340 ἀναστελλόμενον
730 3270 1050 3343 σφιγκτῆρι.
1101 3269 1325 3324 Τοιοῦτο
1358 3269 1468 3341 γὰρ
1512 3269 1605 3322 καὶ
1636 3271 1663 3322 ὁ
1695 3286 1825 3339 χρυ-

227 3366 348 3429 σὸς.
383 3364 490 3417 τῶν
529 3363 675 3417 κατὰ
706 3363 812 3433 γῆν
843 3362 987 3416 ὑλῶν
1024 3362 1085 3417 τὸ
1115 3362 1588 3434 περισπούδαστόν
1626 3378 1688 3415 τε
1738 3362 1829 3414 καὶ

224 3458 671 3530 τιμαλφέστερον
696 3456 1030 3527 ἀνθρώποις.

315 3644 502 3699 Ἑπτὰ
527 3643 753 3714 φιάλας
774 3643 1011 3713 χρυσᾶς
1034 3642 1336 3715 γεμούσας
1362 3642 1466 3697 τοῦ
1496 3640 1689 3712 θυμοῦ
1720 3642 1828 3696 τοῦ

228 3734 407 3789 Θεοῦ.
446 3732 639 3798 Καλῶς
670 3732 859 3804 εἴρηκε
900 3735 1109 3805 χρυσᾶς
1174 3732 1371 3801 φιάλας
1433 3732 1532 3801 τῆς
1562 3730 1658 3784 τοῦ
1689 3730 1827 3784 Θεοῦ

222 3828 406 3899 ὀργῆς
439 3825 847 3897 ἐμπεπλῆσθαι.
886 3827 1060 3896 Τιμία
1105 3826 1281 3895 γὰρὴ
1327 3824 1466 3896 ὀργὴ
1512 3824 1572 3877 τὸ
1620 3824 1828 3893 ἀγαθὸν

223 3922 330 3974 καὶ
359 3920 635 3991 συμφέρον
659 3920 716 3972 ὲν
742 3920 881 3990 αὐτῇ
914 3920 1155 3988 φέρουσα
1182 3917 1405 3987 μᾶλλον,
1442 3918 1475 3987 ἢ
1512 3918 1564 3969 τὸ
1588 3917 1823 3978 δίκαιον,

223 4014 340 4069 κᾶν
372 4012 628 4067 ἀνιῶνται
667 4012 716 4063 οἱ
750 4009 1128 4077 κολαζόμενοι.
1168 4008 1228 4062 Ὀ
1260 4009 1317 4060 δὲ
1346 4007 1441 4060 τοῦ
1483 4007 1621 4061 Θεοῦ
1656 4008 1829 4077 θυμὸς

223 4109 338 4163 οὐκ
363 4106 637 4177 ὲμπαθὴς,
664 4104 854 4173 ῶσπερ
881 4102 1167 4172 πολλαχῶς
1195 4103 1328 4171 ἡμῖν
1353 4102 1591 4170 εἴρηται,
1619 4101 1826 4163 δίκαιος

225 4201 318 4267 δὲ,
350 4201 432 4253 ὅτι
460 4199 557 4252 καὶ
583 4198 807 4267 ἀπαθὴς
829 4198 858 4248 ὁ
892 4194 987 4264 ἀφ’
1021 4188 1104 4249 οὗ.
1139 4193 1303 4245 Ὅθεν
1336 4193 1428 4245 καὶ
1464 4192 1575 4255 ζῶν
1608 4193 1825 4262 εἴρηται

226 4292 377 4365 πρὸς
399 4289 807 4360 ἀντιδιαστιὶὴν
831 4286 940 4340 τῶν
968 4285 1121 4357 παρὰ
1144 4287 1257 4347 τοῖς
1285 4284 1463 4338 ἔθνεσι
1490 4284 1703 4355 νεκρῶν
1734 4285 1828 4338 καὶ

226 4383 503 4456 ὲμπαθῶν
534 4382 692 4437 θεῶν.

1930 3265 2249 3335 sphinctere
2321 3263 2659 3320 reirenatam
2708 3282 2722 3321 :
2762 3263 3080 3335 lmjusmodi
3136 3263 3285 3320 enim
3330 3271 3417 3319 est
3468 3270 3525 3318 et

1934 3372 2175 3422 aurum,
2226 3358 2371 3414 inter
2420 3358 2683 3414 materias
2736 3367 2990 3414 terrenas
3041 3358 3288 3413 maximo
3340 3357 3524 3413 studio

1929 3450 2267 3517 all'ectatum,
2306 3459 2364 3507 et
2406 3450 2581 3523 magis
2619 3452 2677 3507 in
2707 3451 2886 3523 pretio
2936 3450 3185 3505 habitum
3240 3449 3385 3520 apud
3425 3449 3527 3504 ho-

1929 3543 2130 3597 mines.

2001 3635 2213 3706 Septem
2272 3636 2484 3707 phialas
2548 3652 2739 3692 aureas
2798 3636 2981 3707 plenas
3045 3634 3341 3690 iracundia:
3401 3633 3520 3689 Dei.

1928 3730 2094 3786 Recte
2139 3731 2270 3786 dicit
2318 3731 2533 3802 phialas
2578 3745 2779 3787 aureas
2815 3731 3072 3802 impletas
3101 3746 3228 3786 esse
3262 3730 3342 3784 ira
3376 3727 3471 3783 Dei
3504 3746 3519 3783 :

1930 3838 2055 3877 nam
2108 3823 2351 3893 pretiosa
2397 3832 2483 3879 est
2529 3824 2611 3880 ira
2644 3838 2769 3895 quae
2821 3824 3025 3879 bonum
3061 3839 3125 3879 ac
3166 3822 3300 3877 utile
3347 3820 3523 3891 magis

1929 3916 2086 3971 allert
2110 3931 2276 3987 quam
2319 3917 2619 3988 justitiam,
2652 3917 2909 3987 quamvis
2942 3931 3182 3972 maerore
3215 3913 3523 3969 alliciantur

1931 4008 1984 4062 hi
2026 4008 2118 4078 qui
2150 4010 2481 4078 puniuntur.
2508 4008 2606 4063 Dei
2635 4020 2819 4063 autem
2871 4007 2950 4062 ira
2984 4022 3094 4061 non
3129 4022 3194 4061 ex
3230 4004 3524 4060 aﬂ'rctione

1928 4109 2037 4166 est,
2088 4102 2553 4170 quemadmodum
2618 4100 2938 4169 frequenter
3001 4100 3266 4154 diximus.
3328 4096 3521 4151 Justus

1929 4204 2112 4248 autem
2147 4204 2253 4258 est,
2282 4194 2411 4263 quia
2462 4194 2628 4249 etiam
2665 4194 2864 4247 allectu
2910 4208 3109 4247 carens
3144 4204 3227 4246 est
3261 4190 3307 4246 is
3342 4204 3373 4244 a
3411 4205 3522 4259 quo

1928 4286 2196 4357 procedit.
2248 4285 2390 4341 Hinc
2439 4288 2587 4341 enim
2625 4286 2815 4340 vivens
2846 4299 3065 4356 quoque
3095 4284 3278 4338 dictus
3307 4291 3414 4347 est,
3451 4282 3521 4335 ad

1929 4381 2339 4434 distinctionem
2376 4379 2606 4434 deorum
2641 4390 2991 4434 mortuorum
3026 4386 3082 4432 et
3107 4376 3400 4431 aﬂeetibus
3422 4376 3522 4431 de-

1929 4474 2169 4529 ditorum
2201 4474 2294 4544 qui
2323 4474 2465 4544 apud
2514 4482 2708 4544 gentes
2734 4484 2915 4528 erant.

310 4585 420 4642 Kal
448 4586 737 4656 ἐγεμίσθη
773 4587 805 4639 ὀ
836 4584 984 4649 ναὸς
1016 4584 1083 4637 ἐκ
1110 4583 1214 4637 τοῦ
1246 4584 1500 4637 καπνοῦ.
1539 4584 1598 4635 Ὀ
1622 4582 1826 4645 καπνὸς

2008 4585 2078 4640 Et
2128 4588 2402 4655 impletum
2448 4603 2523 4641 est
2555 4586 2804 4655 templum
2860 4586 3027 4653 [ιιηιο.
3065 4582 3278 4637 Fumus
3321 4580 3524 4635 divinas

226 4681 387 4740 θείας
425 4678 593 4749 ὀργῆς
627 4677 845 4748 δεῖγμα,
882 4676 1019 4729 καθὸ
1060 4678 1154 4728 καὶ
1194 4675 1273 4739 τὸ,
1314 4692 1333 4725 ι
1386 4674 1577 4743 Ἀνέϐη
1617 4676 1826 4738 καπνὸς

225 4776 294 4827 ὲν
332 4773 471 4843 ὀργῇ
501 4770 687 4835 αὑτοῦ,
737 4789 756 4822 ι
810 4771 1049 4839 εἴρηται.
1106 4766 1244 4821 Οὔτε
1286 4768 1395 4837 γὰρ
1440 4768 1647 4830 καπνὸς
1697 4769 1828 4821 ἄνευ

230 4863 414 4930 πυρὸς
456 4860 749 4929 ὑφίσταται
772 4900 787 4925 ,
817 4858 942 4911 οὔτε
994 4858 1107 4928 πῦρ
1147 4857 1359 4911 καπνοῦ
1392 4856 1533 4927 δίχα.
1570 4857 1643 4909 Τὸ
1674 4857 1730 4909 δὲ
1763 4860 1829 4910 ἐκ

228 4955 338 5024 τῆς
361 4953 516 5022 δόξης
542 4952 635 5006 τοῦ
666 4952 803 5005 Θεοῦ
836 4952 930 5005 καὶ
955 4954 1052 5021 τῆς
1078 4950 1361 5019 δυνάμεως
1393 4949 1558 5004 αὐτοῦ
1581 4950 1826 5019 γίνεσθαι

226 5048 328 5102 τὸν
354 5046 581 5108 καπνὸν,
617 5046 952 5116 περίφρασιν
986 5044 1097 5113 (51)
1129 5043 1241 5113 ἔχει
1269 5044 1412 5097 τινά.
1455 5044 1529 5097 Οὐ
1561 5042 1672 5112 γὰρ
1708 5042 1825 5095 διά-

232 5141 401 5212 στολὴ
431 5140 566 5193 Θεοῦ
607 5141 705 5194 καὶ
743 5139 844 5209 τῆς
889 5139 1173 5208 δυνάμεως
1221 5136 1407 5191 αὐτοῦ.
1460 5136 1834 5206 Λύτοδύναμις

231 5236 458 5304 γὰρκαὶ
478 5232 737 5297 αὐτοδὸξα
760 5234 954 5298 δΘεός.
985 5233 1059 5285 Τὸ
1088 5233 1166 5297 δὲ,
1191 5232 1403 5298 Οὐδείς
1427 5231 1684 5285 ἐδύνατο
1706 5234 1833 5286 810'-

232 5325 445 5382 ε.ζθεῖν
494 5329 581 5391 εὶς
608 5326 717 5379 τὸν
755 5326 928 5392 ναὸν,
959 5326 992 5397 ἢ
1026 5325 1169 5378 κατὰ
1196 5325 1257 5377 τὸ
1287 5327 1675 5395 γεγραμμένον
1701 5325 1831 5378 αὐτὸ

234 5420 463 5489 νοητέον
486 5461 500 5483 ,
536 5421 601 5473 ἵν’
731 5418 1151 5489 Ἐκτελούμενος
1184 5419 1357 5481 οὐδεὶς
1385 5420 1441 5471 έν
1484 5421 1831 5491 ὑποστήματι

236 5512 449 5581 Κυρίου
473 5529 486 5542 ·
519 5514 568 5565 εἰ
594 5513 703 5583 γὰρ
742 5510 933 5578 τοῦτο,
968 5509 1132 5583 σχολῇ
1168 5509 1218 5579 γ’
1255 5511 1320 5565 ἂν
1356 5510 1689 5583 ὑπενεγκοίη
1731 5512 1832 5585 τὴν

316 5690 367 5725 ⁵³
402 5690 581 5748 Exod.
610 5709 739 5758 xxv,
781 5693 869 5750 £9.
947 5695 992 5727 ⁸³
1024 5693 1171 5751 Psal.
1212 5711 1344 5760 xvn,
1377 5694 1429 5750 9.

322 5854 436 5930 (50)
478 5855 617 5919 Τοὺς
644 5854 912 5925 ἀγγέλους
945 5856 1057 5921 ed.,
1101 5856 1308 5912 omissa
1363 5856 1629 5912 ttumcrali
1678 5864 1827 5911 nota.

1933 4680 2029 4734 ira}
2057 4680 2273 4749 signum
2298 4689 2402 4745 est,
2431 4680 2585 4749 juxta
2615 4678 2745 4733 illud
2782 4682 2945 4732 etiam
2974 4676 3120 4747 quod
3147 4675 3355 4730 dictum
3389 4682 3473 4727 est
3501 4692 3514 4727 :

1937 4790 1955 4823 ι
1988 4771 2456 4827 Ascenditfumus
2481 4772 2533 4826 in
2562 4773 2639 4826 ira
2665 4773 2787 4841 ejus
2809 4772 2907 4824 ⁸³.»
2946 4768 3131 4840 Neque
3161 4768 3307 4824 enim
3337 4767 3525 4821 fumus

1932 4866 2141 4937 absque
2175 4867 2298 4936 igne
2331 4867 2675 4935 producitur,
2714 4881 2889 4934 neque
2918 4865 3061 4934 ignis
3103 4864 3312 4933 absque
3348 4861 3521 4914 fumo.

1930 4959 2085 5027 Quod
2126 4968 2306 5014 autem
2344 4959 2552 5013 fumum
2578 4958 2709 5011 dicit
2736 4956 2849 5011 fieri
2881 4972 2912 5011 a
2964 4956 3135 5026 gloria
3160 4957 3251 5009 Dei
3289 4967 3340 5009 et
3368 4969 3395 5007 ιι
3427 4968 3522 5022 po-

1938 5051 2106 5105 tentia
2153 5051 2349 5121 ipsius,
2400 5067 2507 5104 non
2542 5050 2608 5104 ad
2641 5050 2879 5104 litteram
2912 5047 3359 5119 intelligendum.
3402 5045 3521 5098 Non

1932 5144 2081 5199 enim
2107 5152 2192 5198 est
2226 5142 2534 5198 differentia
2560 5143 2702 5197 inter
2723 5142 2892 5196 Deum
2924 5151 2978 5196 et
3004 5156 3157 5195 suam
3194 5139 3520 5210 potentiam;

1934 5236 2050 5306 ipse
2087 5250 2325 5306 namque
2353 5234 2496 5291 Deus
2528 5251 2627 5290 sua
2660 5243 2745 5290 est
2785 5234 3027 5306 potentia
3067 5248 3279 5303 suaque
3322 5231 3517 5301 gloria.

1932 5328 2105 5384 Porro
2156 5329 2304 5400 quod
2338 5329 2539 5384 dicitur
2575 5351 2586 5385 :
2625 5329 2825 5383 Nullus
2882 5336 3089 5398 poterat
3140 5324 3347 5395 ingredi
3386 5334 3520 5375 tem-

1929 5423 2097 5491 plum,
2150 5432 2245 5479 aut
2293 5423 2521 5494 intelligi
2570 5424 2730 5478 debet
2760 5424 2917 5493 juxta
2953 5421 3007 5476 id
3042 5418 3189 5490 quod
3241 5418 3515 5486 scriptum

1929 5526 2032 5584 est,
2093 5525 2152 5572 ut
2182 5517 2253 5574 sit
2273 5532 2494 5586 sensus,
2528 5518 2674 5588 quod
2701 5516 2882 5573 nullus
2913 5514 2984 5573 sit
3013 5512 3292 5587 perlectus
3325 5522 3515 5567 coram

2014 5853 2127 5927 (5i)
2155 5850 2563 5927 Περιφρόνησιν
2592 5850 2685 5906 ed.
