  <div class='ocr_page' id='page_1' title='image "/cluster/home/n/w/nwhite01/storage/ocr_20150623/106/hvd.32044051727071/363.png"; bbox 0 0 4046 6570; ppageno 0'>
   <div class='ocr_carea' id='block_1_1' title="bbox 496 394 607 459">
    <p class='ocr_par' dir='ltr' id='par_1_1' title="bbox 496 394 607 459">
     <span class='ocr_line' id='line_1_1' title="bbox 496 394 607 459; baseline -0.018 -1"><span class='ocrx_word' id='word_1_1' title='bbox 496 394 607 459; x_wconf 81' lang='lat'><strong>703</strong></span> 
     </span>
    </p>
   </div>
   <div class='ocr_carea' id='block_1_2' title="bbox 1320 383 2972 448">
    <p class='ocr_par' dir='ltr' id='par_1_2' title="bbox 1320 383 2972 448">
     <span class='ocr_line' id='line_1_2' title="bbox 1320 383 2972 448; baseline -0.001 0"><span class='ocrx_word' id='word_1_2' title='bbox 1320 384 1652 448; x_wconf 57' lang='lat' dir='ltr'><strong>ARETHIE</strong></span> <span class='ocrx_word' id='word_1_3' title='bbox 1691 383 2072 447; x_wconf 63' lang='lat' dir='ltr'><strong>CAESARE/Ii</strong></span> <span class='ocrx_word' id='word_1_4' title='bbox 2104 384 2591 447; x_wconf 74' lang='lat' dir='ltr'><strong>CAPPADOCI/E</strong></span> <span class='ocrx_word' id='word_1_5' title='bbox 2626 384 2972 446; x_wconf 86' lang='lat' dir='ltr'><strong>EPISCOPI</strong></span> 
     </span>
    </p>
   </div>
   <div class='ocr_carea' id='block_1_3' title="bbox 3671 376 3784 448">
    <p class='ocr_par' dir='ltr' id='par_1_3' title="bbox 3671 376 3784 448">
     <span class='ocr_line' id='line_1_3' title="bbox 3671 376 3784 448; baseline -0.027 0"><span class='ocrx_word' id='word_1_6' title='bbox 3671 376 3784 448; x_wconf 64' lang='grc'><strong>704</strong></span> 
     </span>
    </p>
   </div>
   <div class='ocr_carea' id='block_1_4' title="bbox 500 487 2118 575">
    <p class='ocr_par' dir='ltr' id='par_1_4' title="bbox 500 493 2118 574">
     <span class='ocr_line' id='line_1_4' title="bbox 500 493 2118 574; baseline -0.003 -11"><span class='ocrx_word' id='word_1_7' title='bbox 500 511 611 563; x_wconf 78' lang='lat' dir='ltr'><strong>Deo</strong></span> <span class='ocrx_word' id='word_1_8' title='bbox 641 526 654 562; x_wconf 88' lang='lat'><strong>:</strong></span> <span class='ocrx_word' id='word_1_9' title='bbox 685 523 808 562; x_wconf 88' lang='lat' dir='ltr'><strong>nam</strong></span> <span class='ocrx_word' id='word_1_10' title='bbox 841 507 889 562; x_wconf 92' lang='lat' dir='ltr'><strong>si</strong></span> <span class='ocrx_word' id='word_1_11' title='bbox 925 505 1049 562; x_wconf 89' lang='lat' dir='ltr'><strong>talis</strong></span> <span class='ocrx_word' id='word_1_12' title='bbox 1098 515 1266 569; x_wconf 84' lang='lat' dir='ltr'><strong>esset,</strong></span> <span class='ocrx_word' id='word_1_13' title='bbox 1321 493 1476 559; x_wconf 88' lang='lat' dir='ltr'><strong>nullo</strong></span> <span class='ocrx_word' id='word_1_14' title='bbox 1520 503 1686 559; x_wconf 92' lang='lat' dir='ltr'><strong>modo</strong></span> <span class='ocrx_word' id='word_1_15' title='bbox 1719 504 1893 574; x_wconf 82' lang='lat' dir='ltr'><strong>ipsius</strong></span> <span class='ocrx_word' id='word_1_16' title='bbox 1941 505 2080 558; x_wconf 89' lang='lat' dir='ltr'><strong>iram</strong></span> <span class='ocrx_word' id='word_1_17' title='bbox 2110 553 2118 565; x_wconf 36' lang='grc' dir='ltr'>ί</span> 
     </span>
    </p>
   </div>
   <div class='ocr_carea' id='block_1_5' title="bbox 2203 487 3787 575">
    <p class='ocr_par' dir='ltr' id='par_1_5' title="bbox 2203 487 3787 575">
     <span class='ocr_line' id='line_1_5' title="bbox 2203 487 3787 575; baseline 0 -17"><span class='ocrx_word' id='word_1_18' title='bbox 2203 487 2378 558; x_wconf 58' lang='grc' dir='ltr'>τούτου</span> <span class='ocrx_word' id='word_1_19' title='bbox 2414 504 2588 575; x_wconf 82' lang='grc' dir='ltr'>ὀργήν</span> <span class='ocrx_word' id='word_1_20' title='bbox 2624 520 2639 535; x_wconf 91' lang='grc'><strong>·</strong></span> <span class='ocrx_word' id='word_1_21' title='bbox 2673 503 2706 575; x_wconf 77' lang='grc' dir='ltr'><strong>ἢ</strong></span> <span class='ocrx_word' id='word_1_22' title='bbox 2753 504 2815 558; x_wconf 81' lang='grc' dir='ltr'>τὸ</span> <span class='ocrx_word' id='word_1_23' title='bbox 2862 499 3129 574; x_wconf 82' lang='grc' dir='ltr'><strong>μηδαμῶς</strong></span> <span class='ocrx_word' id='word_1_24' title='bbox 3155 500 3284 569; x_wconf 75' lang='grc' dir='ltr'>τοὺς</span> <span class='ocrx_word' id='word_1_25' title='bbox 3315 501 3504 571; x_wconf 85' lang='grc' dir='ltr'>ἁγίους</span> <span class='ocrx_word' id='word_1_26' title='bbox 3533 501 3634 572; x_wconf 80' lang='grc' dir='ltr'><strong>τῆς</strong></span> <span class='ocrx_word' id='word_1_27' title='bbox 3670 504 3787 558; x_wconf 78' lang='grc' dir='ltr'>ἄνω</span> 
     </span>
    </p>
   </div>
   <div class='ocr_carea' id='block_1_6' title="bbox 501 595 2085 673">
    <p class='ocr_par' dir='ltr' id='par_1_6' title="bbox 501 595 2085 673">
     <span class='ocr_line' id='line_1_6' title="bbox 501 595 2085 673; baseline -0.003 -17"><span class='ocrx_word' id='word_1_28' title='bbox 501 610 819 673; x_wconf 79' lang='lat' dir='ltr'><strong>pateretur:</strong></span> <span class='ocrx_word' id='word_1_29' title='bbox 863 607 957 654; x_wconf 89' lang='lat' dir='ltr'><strong>aut</strong></span> <span class='ocrx_word' id='word_1_30' title='bbox 989 598 1135 669; x_wconf 86' lang='lat' dir='ltr'><strong>quod</strong></span> <span class='ocrx_word' id='word_1_31' title='bbox 1167 607 1344 653; x_wconf 77' lang='lat' dir='ltr'><strong>sancti</strong></span> <span class='ocrx_word' id='word_1_32' title='bbox 1383 599 1538 652; x_wconf 90' lang='lat' dir='ltr'><strong>nullo</strong></span> <span class='ocrx_word' id='word_1_33' title='bbox 1585 597 1753 652; x_wconf 90' lang='lat' dir='ltr'><strong>modo</strong></span> <span class='ocrx_word' id='word_1_34' title='bbox 1793 595 2085 667; x_wconf 88' lang='lat' dir='ltr'><strong>acquirent</strong></span> 
     </span>
    </p>
   </div>
   <div class='ocr_carea' id='block_1_7' title="bbox 2197 593 3787 667">
    <p class='ocr_par' dir='ltr' id='par_1_7' title="bbox 2197 593 3787 667">
     <span class='ocr_line' id='line_1_7' title="bbox 2197 593 3787 667; baseline 0 -18"><span class='ocrx_word' id='word_1_35' title='bbox 2197 596 2556 667; x_wconf 82' lang='grc' dir='ltr'>Ἰερουσαλὴμ</span> <span class='ocrx_word' id='word_1_36' title='bbox 2599 597 2786 666; x_wconf 80' lang='grc' dir='ltr'><strong>τυχεῖν</strong></span> <span class='ocrx_word' id='word_1_37' title='bbox 2837 595 3082 666; x_wconf 83' lang='grc' dir='ltr'><strong>λήξεως,</strong></span> <span class='ocrx_word' id='word_1_38' title='bbox 3126 596 3222 649; x_wconf 76' lang='grc' dir='ltr'><strong>καὶ</strong></span> <span class='ocrx_word' id='word_1_39' title='bbox 3261 594 3359 665; x_wconf 79' lang='grc' dir='ltr'>τῆς</span> <span class='ocrx_word' id='word_1_40' title='bbox 3403 594 3464 647; x_wconf 82' lang='grc' dir='ltr'>ὲν</span> <span class='ocrx_word' id='word_1_41' title='bbox 3492 593 3573 666; x_wconf 82' lang='grc' dir='ltr'>τῷ</span> <span class='ocrx_word' id='word_1_42' title='bbox 3603 595 3787 649; x_wconf 67' lang='grc' dir='ltr'>ἐκεῖσε</span> 
     </span>
    </p>
   </div>
   <div class='ocr_carea' id='block_1_8' title="bbox 502 685 2118 764">
    <p class='ocr_par' dir='ltr' id='par_1_8' title="bbox 502 688 2086 764">
     <span class='ocr_line' id='line_1_8' title="bbox 502 688 2086 764; baseline -0.003 -17"><span class='ocrx_word' id='word_1_43' title='bbox 502 694 741 764; x_wconf 77' lang='lat' dir='ltr'><strong>quietem</strong></span> <span class='ocrx_word' id='word_1_44' title='bbox 777 705 1030 761; x_wconf 67' lang='lat' dir='ltr'><strong>supernae</strong></span> <span class='ocrx_word' id='word_1_45' title='bbox 1081 688 1388 745; x_wconf 76' lang='lat' dir='ltr'><strong>Jerusalem</strong></span> <span class='ocrx_word' id='word_1_46' title='bbox 1421 699 1476 745; x_wconf 93' lang='lat' dir='ltr'><strong>et</strong></span> <span class='ocrx_word' id='word_1_47' title='bbox 1507 688 1930 744; x_wconf 83' lang='lat' dir='ltr'><strong>sanctimoniam</strong></span> <span class='ocrx_word' id='word_1_48' title='bbox 1962 703 2086 759; x_wconf 70' lang='lat' dir='ltr'><strong>quae</strong></span> 
     </span>
    </p>
   </div>
   <div class='ocr_carea' id='block_1_9' title="bbox 2203 685 3789 764">
    <p class='ocr_par' dir='ltr' id='par_1_9' title="bbox 2203 685 3789 759">
     <span class='ocr_line' id='line_1_9' title="bbox 2203 685 3789 759; baseline -0.001 -18"><span class='ocrx_word' id='word_1_49' title='bbox 2203 686 2302 758; x_wconf 65' lang='grc' dir='ltr'><strong>ναῷ</strong></span> <span class='ocrx_word' id='word_1_50' title='bbox 2351 687 2664 759; x_wconf 79' lang='grc' dir='ltr'><strong>ἱερουργίας</strong></span> <span class='ocrx_word' id='word_1_51' title='bbox 2717 688 2848 757; x_wconf 68' lang='grc' dir='ltr'>πρὶν</span> <span class='ocrx_word' id='word_1_52' title='bbox 2893 687 2927 758; x_wconf 84' lang='grc' dir='ltr'>ἢ</span> <span class='ocrx_word' id='word_1_53' title='bbox 2970 689 3152 757; x_wconf 80' lang='grc' dir='ltr'>τυχεῖν</span> <span class='ocrx_word' id='word_1_54' title='bbox 3195 685 3323 750; x_wconf 79' lang='grc' dir='ltr'>τοὺς</span> <span class='ocrx_word' id='word_1_55' title='bbox 3367 685 3552 750; x_wconf 76' lang='grc' dir='ltr'>ἀξίους</span> <span class='ocrx_word' id='word_1_56' title='bbox 3591 685 3661 740; x_wconf 71' lang='grc' dir='ltr'>τὰ</span> <span class='ocrx_word' id='word_1_57' title='bbox 3697 686 3789 741; x_wconf 73' lang='grc' dir='ltr'>διὰ</span> 
     </span>
    </p>
   </div>
   <div class='ocr_carea' id='block_1_10' title="bbox 504 779 2087 855">
    <p class='ocr_par' dir='ltr' id='par_1_10' title="bbox 504 779 2087 855">
     <span class='ocr_line' id='line_1_10' title="bbox 504 779 2087 855; baseline -0.004 -16"><span class='ocrx_word' id='word_1_58' title='bbox 504 787 558 840; x_wconf 89' lang='lat' dir='ltr'><strong>in</strong></span> <span class='ocrx_word' id='word_1_59' title='bbox 606 785 698 839; x_wconf 90' lang='lat' dir='ltr'><strong>illo</strong></span> <span class='ocrx_word' id='word_1_60' title='bbox 737 785 940 855; x_wconf 79' lang='lat' dir='ltr'><strong>templo</strong></span> <span class='ocrx_word' id='word_1_61' title='bbox 988 789 1095 847; x_wconf 85' lang='lat' dir='ltr'><strong>est,</strong></span> <span class='ocrx_word' id='word_1_62' title='bbox 1136 783 1458 854; x_wconf 84' lang='lat' dir='ltr'><strong>priusquam</strong></span> <span class='ocrx_word' id='word_1_63' title='bbox 1530 782 1583 836; x_wconf 90' lang='lat' dir='ltr'><strong>hi</strong></span> <span class='ocrx_word' id='word_1_64' title='bbox 1618 781 1712 850; x_wconf 89' lang='lat' dir='ltr'><strong>qui</strong></span> <span class='ocrx_word' id='word_1_65' title='bbox 1763 779 1913 851; x_wconf 85' lang='lat' dir='ltr'><strong>digni</strong></span> <span class='ocrx_word' id='word_1_66' title='bbox 1955 787 2087 835; x_wconf 91' lang='lat' dir='ltr'><strong>sunt</strong></span> 
     </span>
    </p>
   </div>
   <div class='ocr_carea' id='block_1_11' title="bbox 503 871 2088 944">
    <p class='ocr_par' dir='ltr' id='par_1_11' title="bbox 503 871 2088 944">
     <span class='ocr_line' id='line_1_11' title="bbox 503 871 2088 944; baseline -0.005 -12"><span class='ocrx_word' id='word_1_67' title='bbox 503 877 813 932; x_wconf 82' lang='lat' dir='ltr'><strong>sortiantur</strong></span> <span class='ocrx_word' id='word_1_68' title='bbox 836 875 1136 930; x_wconf 76' lang='lat' dir='ltr'><strong>testimonii</strong></span> <span class='ocrx_word' id='word_1_69' title='bbox 1167 875 1412 944; x_wconf 66' lang='lat' dir='ltr'><strong>praemia.</strong></span> <span class='ocrx_word' id='word_1_70' title='bbox 1435 873 1540 940; x_wconf 86' lang='lat' dir='ltr'><strong>Qui</strong></span> <span class='ocrx_word' id='word_1_71' title='bbox 1572 887 1700 926; x_wconf 85' lang='lat' dir='ltr'><strong>vero</strong></span> <span class='ocrx_word' id='word_1_72' title='bbox 1730 879 1938 941; x_wconf 85' lang='lat' dir='ltr'><strong>septem</strong></span> <span class='ocrx_word' id='word_1_73' title='bbox 1973 871 2088 942; x_wconf 84' lang='lat' dir='ltr'><strong>pla-</strong></span> 
     </span>
    </p>
   </div>
   <div class='ocr_carea' id='block_1_12' title="bbox 504 963 2088 1038">
    <p class='ocr_par' dir='ltr' id='par_1_12' title="bbox 504 963 2088 1038">
     <span class='ocr_line' id='line_1_12' title="bbox 504 963 2088 1038; baseline -0.001 -18"><span class='ocrx_word' id='word_1_74' title='bbox 504 983 602 1038; x_wconf 87' lang='lat' dir='ltr'><strong>gas</strong></span> <span class='ocrx_word' id='word_1_75' title='bbox 641 967 724 1022; x_wconf 86' lang='lat' dir='ltr'><strong>his</strong></span> <span class='ocrx_word' id='word_1_76' title='bbox 777 967 1048 1037; x_wconf 90' lang='lat' dir='ltr'><strong>aptaverit</strong></span> <span class='ocrx_word' id='word_1_77' title='bbox 1100 967 1192 1036; x_wconf 86' lang='lat' dir='ltr'><strong>qui</strong></span> <span class='ocrx_word' id='word_1_78' title='bbox 1252 967 1307 1018; x_wconf 95' lang='lat' dir='ltr'><strong>in</strong></span> <span class='ocrx_word' id='word_1_79' title='bbox 1367 963 1555 1018; x_wconf 87' lang='lat' dir='ltr'><strong>mundi</strong></span> <span class='ocrx_word' id='word_1_80' title='bbox 1609 963 2088 1018; x_wconf 87' lang='lat' dir='ltr'><strong>consummatione</strong></span> 
     </span>
    </p>
   </div>
   <div class='ocr_carea' id='block_1_13' title="bbox 505 1054 2090 1129">
    <p class='ocr_par' dir='ltr' id='par_1_13' title="bbox 505 1054 2090 1129">
     <span class='ocr_line' id='line_1_13' title="bbox 505 1054 2090 1129; baseline -0.003 -16"><span class='ocrx_word' id='word_1_81' title='bbox 505 1059 876 1125; x_wconf 82' lang='lat' dir='ltr'><strong>invenientur,</strong></span> <span class='ocrx_word' id='word_1_82' title='bbox 912 1073 1254 1129; x_wconf 83' lang='lat' dir='ltr'><strong>nequaquam</strong></span> <span class='ocrx_word' id='word_1_83' title='bbox 1280 1073 1311 1111; x_wconf 91' lang='lat' dir='ltr'><strong>a</strong></span> <span class='ocrx_word' id='word_1_84' title='bbox 1344 1064 1492 1111; x_wconf 87' lang='lat' dir='ltr'><strong>recto</strong></span> <span class='ocrx_word' id='word_1_85' title='bbox 1521 1071 1586 1110; x_wconf 88' lang='lat' dir='ltr'><strong>ac</strong></span> <span class='ocrx_word' id='word_1_86' title='bbox 1615 1055 1836 1109; x_wconf 84' lang='lat' dir='ltr'><strong>decenti</strong></span> <span class='ocrx_word' id='word_1_87' title='bbox 1865 1054 2090 1110; x_wconf 84' lang='lat' dir='ltr'><strong>aberra-</strong></span> 
     </span>
    </p>
   </div>
   <div class='ocr_carea' id='block_1_14' title="bbox 506 1151 668 1206">
    <p class='ocr_par' dir='ltr' id='par_1_14' title="bbox 506 1151 668 1206">
     <span class='ocr_line' id='line_1_14' title="bbox 506 1151 668 1206; baseline -0.006 -1"><span class='ocrx_word' id='word_1_88' title='bbox 506 1151 668 1206; x_wconf 85' lang='lat' dir='ltr'><strong>verit.</strong></span> 
     </span>
    </p>
   </div>
   <div class='ocr_carea' id='block_1_15' title="bbox 659 1248 1620 1337">
    <p class='ocr_par' dir='ltr' id='par_1_15' title="bbox 659 1248 1620 1337">
     <span class='ocr_line' id='line_1_15' title="bbox 659 1248 1620 1337; baseline 0.002 -19"><span class='ocrx_word' id='word_1_89' title='bbox 659 1250 665 1257; x_wconf 84' lang='lat'><strong><em>’</em></strong></span> <span class='ocrx_word' id='word_1_90' title='bbox 899 1253 906 1262; x_wconf 83' lang='lat'>‘</span> <span class='ocrx_word' id='word_1_91' title='bbox 965 1248 1130 1337; x_wconf 74' lang='lat'><strong>730</strong></span> <span class='ocrx_word' id='word_1_92' title='bbox 1159 1249 1388 1319; x_wconf 63' lang='lat' dir='ltr'>CAPUT</span> <span class='ocrx_word' id='word_1_93' title='bbox 1427 1253 1620 1320; x_wconf 77' lang='lat' dir='ltr'><strong>XLVI.</strong></span> 
     </span>
    </p>
   </div>
   <div class='ocr_carea' id='block_1_16' title="bbox 508 1381 2091 1451">
    <p class='ocr_par' dir='ltr' id='par_1_16' title="bbox 508 1381 2091 1451">
     <span class='ocr_line' id='line_1_16' title="bbox 508 1381 2091 1451; baseline 0.001 -17"><span class='ocrx_word' id='word_1_94' title='bbox 508 1381 662 1445; x_wconf 80' lang='lat' dir='ltr'><strong>Quod</strong></span> <span class='ocrx_word' id='word_1_95' title='bbox 693 1381 863 1448; x_wconf 73' lang='lat' dir='ltr'><strong>e/fusa</strong></span> <span class='ocrx_word' id='word_1_96' title='bbox 891 1382 1061 1450; x_wconf 85' lang='lat' dir='ltr'><strong>prima</strong></span> <span class='ocrx_word' id='word_1_97' title='bbox 1089 1381 1267 1448; x_wconf 79' lang='lat' dir='ltr'><strong>phiala</strong></span> <span class='ocrx_word' id='word_1_98' title='bbox 1297 1382 1394 1450; x_wconf 77' lang='lat' dir='ltr'><strong>ﬁat</strong></span> <span class='ocrx_word' id='word_1_99' title='bbox 1417 1381 1566 1437; x_wconf 79' lang='lat' dir='ltr'><strong>ulcus</strong></span> <span class='ocrx_word' id='word_1_100' title='bbox 1591 1382 1843 1436; x_wconf 79' lang='lat' dir='ltr'><strong>adversus</strong></span> <span class='ocrx_word' id='word_1_101' title='bbox 1874 1391 2091 1451; x_wconf 79' lang='lat' dir='ltr'><strong>aposta-</strong></span> 
     </span>
    </p>
   </div>
   <div class='ocr_carea' id='block_1_17' title="bbox 649 1451 1946 1521">
    <p class='ocr_par' dir='ltr' id='par_1_17' title="bbox 649 1451 1946 1521">
     <span class='ocr_line' id='line_1_17' title="bbox 649 1451 1946 1521; baseline 0.003 -18"><span class='ocrx_word' id='word_1_102' title='bbox 649 1463 731 1504; x_wconf 78' lang='lat' dir='ltr'><strong>tas</strong></span> <span class='ocrx_word' id='word_1_103' title='bbox 777 1452 867 1521; x_wconf 83' lang='lat' dir='ltr'><strong>qui</strong></span> <span class='ocrx_word' id='word_1_104' title='bbox 900 1469 931 1504; x_wconf 93' lang='lat' dir='ltr'><strong>a</strong></span> <span class='ocrx_word' id='word_1_105' title='bbox 969 1451 1073 1504; x_wconf 86' lang='lat' dir='ltr'><strong>Deo</strong></span> <span class='ocrx_word' id='word_1_106' title='bbox 1108 1452 1409 1518; x_wconf 74' lang='lat' dir='ltr'><strong>defecerunt</strong></span> <span class='ocrx_word' id='word_1_107' title='bbox 1443 1454 1512 1505; x_wconf 80' lang='lat' dir='ltr'><strong>ad</strong></span> <span class='ocrx_word' id='word_1_108' title='bbox 1537 1453 1946 1507; x_wconf 82' lang='lat' dir='ltr'><strong>Antichristum.</strong></span> 
     </span>
    </p>
   </div>
   <div class='ocr_carea' id='block_1_18' title="bbox 576 1549 2090 1640">
    <p class='ocr_par' dir='ltr' id='par_1_18' title="bbox 576 1560 2090 1640">
     <span class='ocr_line' id='line_1_18' title="bbox 576 1560 2090 1640; baseline 0.003 -22"><span class='ocrx_word' id='word_1_109' title='bbox 576 1565 716 1628; x_wconf 73' lang='lat' dir='ltr'><strong>XVI,</strong></span> <span class='ocrx_word' id='word_1_110' title='bbox 767 1566 816 1627; x_wconf 76' lang='grc' dir='ltr'><strong>Ι.</strong></span> <span class='ocrx_word' id='word_1_111' title='bbox 849 1565 904 1622; x_wconf 73' lang='grc'><strong>2.</strong></span> <span class='ocrx_word' id='word_1_112' title='bbox 955 1565 1020 1619; x_wconf 85' lang='lat' dir='ltr'><strong>Et</strong></span> <span class='ocrx_word' id='word_1_113' title='bbox 1068 1567 1250 1620; x_wconf 81' lang='lat' dir='ltr'><strong>audivi</strong></span> <span class='ocrx_word' id='word_1_114' title='bbox 1298 1584 1473 1622; x_wconf 89' lang='lat' dir='ltr'><strong>vocem</strong></span> <span class='ocrx_word' id='word_1_115' title='bbox 1531 1586 1778 1640; x_wconf 82' lang='lat' dir='ltr'><strong>magnam</strong></span> <span class='ocrx_word' id='word_1_116' title='bbox 1832 1560 2090 1624; x_wconf 74' lang='lat' dir='ltr'><strong>dicentem</strong></span> 
     </span>
    </p>
   </div>
   <div class='ocr_carea' id='block_1_19' title="bbox 507 1655 2090 1730">
    <p class='ocr_par' dir='ltr' id='par_1_19' title="bbox 507 1655 2090 1730">
     <span class='ocr_line' id='line_1_19' title="bbox 507 1655 2090 1730; baseline 0.005 -22"><span class='ocrx_word' id='word_1_117' title='bbox 507 1667 700 1725; x_wconf 73' lang='lat' dir='ltr'><strong>septem</strong></span> <span class='ocrx_word' id='word_1_118' title='bbox 738 1659 938 1728; x_wconf 78' lang='lat' dir='ltr'><strong>angelis</strong></span> <span class='ocrx_word' id='word_1_119' title='bbox 972 1673 991 1710; x_wconf 91' lang='lat'><strong><em>:</em></strong></span> <span class='ocrx_word' id='word_1_120' title='bbox 1025 1655 1108 1711; x_wconf 81' lang='lat' dir='ltr'><strong>Ite</strong></span> <span class='ocrx_word' id='word_1_121' title='bbox 1135 1668 1184 1711; x_wconf 90' lang='lat' dir='ltr'><strong>et</strong></span> <span class='ocrx_word' id='word_1_122' title='bbox 1209 1659 1463 1727; x_wconf 76' lang='lat' dir='ltr'><strong>effundite</strong></span> <span class='ocrx_word' id='word_1_123' title='bbox 1503 1670 1696 1729; x_wconf 86' lang='lat' dir='ltr'><strong>septem</strong></span> <span class='ocrx_word' id='word_1_124' title='bbox 1730 1662 1941 1729; x_wconf 77' lang='lat' dir='ltr'><strong>phialas</strong></span> <span class='ocrx_word' id='word_1_125' title='bbox 1974 1661 2090 1730; x_wconf 86' lang='lat' dir='ltr'><strong>ple-</strong></span> 
     </span>
    </p>
   </div>
   <div class='ocr_carea' id='block_1_20' title="bbox 511 1747 2094 1822">
    <p class='ocr_par' dir='ltr' id='par_1_20' title="bbox 511 1747 2094 1822">
     <span class='ocr_line' id='line_1_20' title="bbox 511 1747 2094 1822; baseline 0.003 -23"><span class='ocrx_word' id='word_1_126' title='bbox 511 1763 604 1800; x_wconf 80' lang='lat' dir='ltr'><strong>nas</strong></span> <span class='ocrx_word' id='word_1_127' title='bbox 636 1747 932 1822; x_wconf 78' lang='lat' dir='ltr'><strong>iracundia:</strong></span> <span class='ocrx_word' id='word_1_128' title='bbox 966 1748 1059 1802; x_wconf 86' lang='lat' dir='ltr'><strong>Dei</strong></span> <span class='ocrx_word' id='word_1_129' title='bbox 1085 1749 1139 1801; x_wconf 86' lang='lat' dir='ltr'><strong>in</strong></span> <span class='ocrx_word' id='word_1_130' title='bbox 1165 1760 1382 1803; x_wconf 86' lang='lat' dir='ltr'><strong>terram.</strong></span> <span class='ocrx_word' id='word_1_131' title='bbox 1410 1748 1477 1804; x_wconf 87' lang='lat' dir='ltr'><strong>Et</strong></span> <span class='ocrx_word' id='word_1_132' title='bbox 1512 1750 1642 1804; x_wconf 88' lang='lat' dir='ltr'><strong>abiit</strong></span> <span class='ocrx_word' id='word_1_133' title='bbox 1668 1753 1870 1820; x_wconf 81' lang='lat' dir='ltr'><strong>primus</strong></span> <span class='ocrx_word' id='word_1_134' title='bbox 1889 1761 1938 1806; x_wconf 90' lang='lat' dir='ltr'><strong>et</strong></span> <span class='ocrx_word' id='word_1_135' title='bbox 1958 1753 2094 1821; x_wconf 75' lang='lat' dir='ltr'><strong>e/fu-</strong></span> 
     </span>
    </p>
   </div>
   <div class='ocr_carea' id='block_1_21' title="bbox 2192 778 3787 851">
    <p class='ocr_par' dir='ltr' id='par_1_21' title="bbox 2192 778 3787 851">
     <span class='ocr_line' id='line_1_21' title="bbox 2192 778 3787 851; baseline 0 -19"><span class='ocrx_word' id='word_1_136' title='bbox 2192 779 2497 851; x_wconf 84' lang='grc' dir='ltr'>μαρτυρίας</span> <span class='ocrx_word' id='word_1_137' title='bbox 2522 781 2797 851; x_wconf 78' lang='grc' dir='ltr'>ἐπίχειρα.</span> <span class='ocrx_word' id='word_1_138' title='bbox 2834 779 2946 844; x_wconf 77' lang='grc' dir='ltr'><strong>Τὰς</strong></span> <span class='ocrx_word' id='word_1_139' title='bbox 2983 778 3041 833; x_wconf 82' lang='grc' dir='ltr'>δὲ</span> <span class='ocrx_word' id='word_1_140' title='bbox 3070 778 3213 833; x_wconf 76' lang='grc' dir='ltr'>ἑπτὰ</span> <span class='ocrx_word' id='word_1_141' title='bbox 3246 779 3461 850; x_wconf 80' lang='grc' dir='ltr'>πληγὰς</span> <span class='ocrx_word' id='word_1_142' title='bbox 3485 779 3516 830; x_wconf 84' lang='grc' dir='ltr'><strong>ὁ</strong></span> <span class='ocrx_word' id='word_1_143' title='bbox 3548 780 3664 843; x_wconf 83' lang='grc' dir='ltr'>τοῖς</span> <span class='ocrx_word' id='word_1_144' title='bbox 3689 780 3787 832; x_wconf 66' lang='grc' dir='ltr'><strong>ἰπὶ</strong></span> 
     </span>
    </p>
   </div>
   <div class='ocr_carea' id='block_1_22' title="bbox 2191 869 3788 944">
    <p class='ocr_par' dir='ltr' id='par_1_22' title="bbox 2191 869 3788 944">
     <span class='ocr_line' id='line_1_22' title="bbox 2191 869 3788 944; baseline 0 -20"><span class='ocrx_word' id='word_1_145' title='bbox 2191 871 2469 942; x_wconf 78' lang='grc' dir='ltr'><strong>συντελείᾳ</strong></span> <span class='ocrx_word' id='word_1_146' title='bbox 2497 871 2590 924; x_wconf 86' lang='grc' dir='ltr'><strong>τοῦ</strong></span> <span class='ocrx_word' id='word_1_147' title='bbox 2639 872 2845 942; x_wconf 80' lang='grc' dir='ltr'>κόσμου</span> <span class='ocrx_word' id='word_1_148' title='bbox 2893 871 3310 943; x_wconf 80' lang='grc' dir='ltr'><strong>εὑρισκομένοις</strong></span> <span class='ocrx_word' id='word_1_149' title='bbox 3350 869 3788 944; x_wconf 77' lang='grc' dir='ltr'><strong>προσαρμόττων</strong></span> 
     </span>
    </p>
   </div>
   <div class='ocr_carea' id='block_1_23' title="bbox 2190 963 3120 1037">
    <p class='ocr_par' dir='ltr' id='par_1_23' title="bbox 2190 963 3120 1037">
     <span class='ocr_line' id='line_1_23' title="bbox 2190 963 3120 1037; baseline 0.003 -20"><span class='ocrx_word' id='word_1_150' title='bbox 2190 963 2290 1018; x_wconf 75' lang='grc' dir='ltr'><strong>οὐκ</strong></span> <span class='ocrx_word' id='word_1_151' title='bbox 2319 963 2385 1019; x_wconf 80' lang='grc' dir='ltr'>ἂν</span> <span class='ocrx_word' id='word_1_152' title='bbox 2416 964 2638 1036; x_wconf 80' lang='grc' dir='ltr'>ἁμάρτῃ</span> <span class='ocrx_word' id='word_1_153' title='bbox 2662 963 2757 1018; x_wconf 84' lang='grc' dir='ltr'><strong>τοῦ</strong></span> <span class='ocrx_word' id='word_1_154' title='bbox 2789 965 3120 1037; x_wconf 75' lang='grc' dir='ltr'>πρέποντος.</span> 
     </span>
    </p>
   </div>
   <div class='ocr_carea' id='block_1_24' title="bbox 2771 1259 3218 1328">
    <p class='ocr_par' dir='ltr' id='par_1_24' title="bbox 2771 1259 3218 1328">
     <span class='ocr_line' id='line_1_24' title="bbox 2771 1259 3218 1328; baseline 0 -14"><span class='ocrx_word' id='word_1_155' title='bbox 2771 1260 3022 1315; x_wconf 52' lang='lat' dir='ltr'><strong>manu.</strong></span> <span class='ocrx_word' id='word_1_156' title='bbox 3065 1259 3218 1328; x_wconf 68' lang='grc' dir='ltr'>Μετ’.</span> 
     </span>
    </p>
   </div>
   <div class='ocr_carea' id='block_1_25' title="bbox 2195 1372 3743 1455">
    <p class='ocr_par' dir='ltr' id='par_1_25' title="bbox 2195 1372 3743 1455">
     <span class='ocr_line' id='line_1_25' title="bbox 2195 1372 3743 1455; baseline 0.005 -29"><span class='ocrx_word' id='word_1_157' title='bbox 2195 1372 2387 1441; x_wconf 78' lang='grc' dir='ltr'>Ὅπως</span> <span class='ocrx_word' id='word_1_158' title='bbox 2410 1373 2518 1441; x_wconf 82' lang='grc' dir='ltr'>τῆς</span> <span class='ocrx_word' id='word_1_159' title='bbox 2541 1375 2779 1455; x_wconf 57' lang='lat' dir='ltr'><strong>apti)th</strong></span> <span class='ocrx_word' id='word_1_160' title='bbox 2800 1375 3020 1443; x_wconf 67' lang='grc' dir='ltr'>φιάλης</span> <span class='ocrx_word' id='word_1_161' title='bbox 3034 1376 3420 1455; x_wconf 60' lang='grc' dir='ltr'>ἐκχυρείσης,</span> <span class='ocrx_word' id='word_1_162' title='bbox 3436 1377 3619 1445; x_wconf 72' lang='grc' dir='ltr'>ἕλκος</span> <span class='ocrx_word' id='word_1_163' title='bbox 3639 1395 3743 1433; x_wconf 76' lang='grc' dir='ltr'><strong>κατ</strong></span> 
     </span>
    </p>
   </div>
   <div class='ocr_carea' id='block_1_26' title="bbox 2584 1447 3392 1517">
    <p class='ocr_par' dir='ltr' id='par_1_26' title="bbox 2584 1447 3392 1517">
     <span class='ocr_line' id='line_1_26' title="bbox 2584 1447 3392 1517; baseline 0.002 -19"><span class='ocrx_word' id='word_1_164' title='bbox 2584 1447 2704 1499; x_wconf 75' lang='grc' dir='ltr'><strong>τῶν</strong></span> <span class='ocrx_word' id='word_1_165' title='bbox 2743 1447 3107 1501; x_wconf 77' lang='grc' dir='ltr'>ἀποστατῶν</span> <span class='ocrx_word' id='word_1_166' title='bbox 3143 1447 3392 1517; x_wconf 78' lang='grc' dir='ltr'>γίνεται.</span> 
     </span>
    </p>
   </div>
   <div class='ocr_carea' id='block_1_27' title="bbox 2263 1543 3796 1630">
    <p class='ocr_par' dir='ltr' id='par_1_27' title="bbox 2263 1543 3796 1630">
     <span class='ocr_line' id='line_1_27' title="bbox 2263 1543 3796 1630; baseline 0.002 -19"><span class='ocrx_word' id='word_1_167' title='bbox 2263 1543 2402 1611; x_wconf 75' lang='lat' dir='ltr'><strong>Kal</strong></span> <span class='ocrx_word' id='word_1_168' title='bbox 2440 1558 2679 1626; x_wconf 75' lang='grc' dir='ltr'>ἤκουσα</span> <span class='ocrx_word' id='word_1_169' title='bbox 2727 1559 2999 1629; x_wconf 73' lang='grc' dir='ltr'>μεγάλης</span> <span class='ocrx_word' id='word_1_170' title='bbox 3046 1559 3256 1628; x_wconf 73' lang='grc' dir='ltr'>φωνῆς</span> <span class='ocrx_word' id='word_1_171' title='bbox 3307 1561 3617 1630; x_wconf 71' lang='grc' dir='ltr'>λεγούσης</span> <span class='ocrx_word' id='word_1_172' title='bbox 3668 1561 3796 1628; x_wconf 85' lang='grc' dir='ltr'>τοῖς</span> 
     </span>
    </p>
   </div>
   <div class='ocr_carea' id='block_1_28' title="bbox 2193 1650 3797 1723">
    <p class='ocr_par' dir='ltr' id='par_1_28' title="bbox 2193 1650 3797 1723">
     <span class='ocr_line' id='line_1_28' title="bbox 2193 1650 3797 1723; baseline 0.003 -20"><span class='ocrx_word' id='word_1_173' title='bbox 2193 1650 2343 1705; x_wconf 74' lang='grc' dir='ltr'>ἐπι-ὰ</span> <span class='ocrx_word' id='word_1_174' title='bbox 2372 1651 2651 1723; x_wconf 67' lang='grc' dir='ltr'>ἀγγέλοις</span> <span class='ocrx_word' id='word_1_175' title='bbox 2672 1669 2686 1684; x_wconf 79' lang='grc' dir='ltr'><strong>ο</strong></span> <span class='ocrx_word' id='word_1_176' title='bbox 2746 1651 3034 1722; x_wconf 76' lang='grc' dir='ltr'>Ὑπάγετε</span> <span class='ocrx_word' id='word_1_177' title='bbox 3084 1652 3184 1706; x_wconf 80' lang='grc' dir='ltr'>καὶ</span> <span class='ocrx_word' id='word_1_178' title='bbox 3225 1652 3476 1721; x_wconf 83' lang='grc' dir='ltr'>ἐκχέατε</span> <span class='ocrx_word' id='word_1_179' title='bbox 3508 1654 3613 1719; x_wconf 81' lang='grc' dir='ltr'>τὰς</span> <span class='ocrx_word' id='word_1_180' title='bbox 3643 1654 3797 1708; x_wconf 78' lang='grc' dir='ltr'>ἑπτὰ</span> 
     </span>
    </p>
   </div>
   <div class='ocr_carea' id='block_1_29' title="bbox 2196 1742 3796 1816">
    <p class='ocr_par' dir='ltr' id='par_1_29' title="bbox 2196 1742 3796 1816">
     <span class='ocr_line' id='line_1_29' title="bbox 2196 1742 3796 1816; baseline 0.003 -22"><span class='ocrx_word' id='word_1_181' title='bbox 2196 1743 2418 1811; x_wconf 72' lang='grc' dir='ltr'>φιάλας</span> <span class='ocrx_word' id='word_1_182' title='bbox 2447 1742 2566 1798; x_wconf 74' lang='grc' dir='ltr'>’τοῦ</span> <span class='ocrx_word' id='word_1_183' title='bbox 2608 1744 2800 1811; x_wconf 79' lang='grc' dir='ltr'>θυμοῦ</span> <span class='ocrx_word' id='word_1_184' title='bbox 2849 1744 2957 1798; x_wconf 86' lang='grc' dir='ltr'><strong>τοῦ</strong></span> <span class='ocrx_word' id='word_1_185' title='bbox 3015 1745 3163 1800; x_wconf 84' lang='grc' dir='ltr'>Θεοῦ</span> <span class='ocrx_word' id='word_1_186' title='bbox 3205 1748 3292 1811; x_wconf 76' lang='grc' dir='ltr'><strong>εὶς</strong></span> <span class='ocrx_word' id='word_1_187' title='bbox 3328 1744 3443 1814; x_wconf 79' lang='grc' dir='ltr'><strong>τὴν</strong></span> <span class='ocrx_word' id='word_1_188' title='bbox 3490 1744 3628 1816; x_wconf 79' lang='grc' dir='ltr'>γῆν.</span> <span class='ocrx_word' id='word_1_189' title='bbox 3683 1745 3796 1799; x_wconf 82' lang='lat' dir='ltr'><strong>Kal</strong></span> 
     </span>
    </p>
   </div>
   <div class='ocr_carea' id='block_1_30' title="bbox 509 1827 2118 1917">
    <p class='ocr_par' dir='ltr' id='par_1_30' title="bbox 509 1840 2093 1911">
     <span class='ocr_line' id='line_1_30' title="bbox 509 1840 2093 1911; baseline 0.003 -20"><span class='ocrx_word' id='word_1_190' title='bbox 509 1840 587 1892; x_wconf 68' lang='lat' dir='ltr'><strong>(lit</strong></span> <span class='ocrx_word' id='word_1_191' title='bbox 636 1840 870 1910; x_wconf 80' lang='lat' dir='ltr'><strong>phialam</strong></span> <span class='ocrx_word' id='word_1_192' title='bbox 921 1856 1073 1893; x_wconf 80' lang='lat' dir='ltr'><strong>suout</strong></span> <span class='ocrx_word' id='word_1_193' title='bbox 1109 1841 1162 1892; x_wconf 88' lang='lat' dir='ltr'><strong>in</strong></span> <span class='ocrx_word' id='word_1_194' title='bbox 1197 1850 1413 1905; x_wconf 80' lang='lat' dir='ltr'><strong>terram,</strong></span> <span class='ocrx_word' id='word_1_195' title='bbox 1463 1844 1511 1894; x_wconf 84' lang='lat' dir='ltr'><strong>et</strong></span> <span class='ocrx_word' id='word_1_196' title='bbox 1559 1842 1764 1910; x_wconf 81' lang='lat' dir='ltr'><strong>factum</strong></span> <span class='ocrx_word' id='word_1_197' title='bbox 1811 1852 1888 1896; x_wconf 77' lang='lat' dir='ltr'><strong>est</strong></span> <span class='ocrx_word' id='word_1_198' title='bbox 1942 1843 2093 1911; x_wconf 82' lang='lat' dir='ltr'><strong>ulcus</strong></span> 
     </span>
    </p>
   </div>
   <div class='ocr_carea' id='block_1_31' title="bbox 2203 1827 3798 1917">
    <p class='ocr_par' dir='ltr' id='par_1_31' title="bbox 2203 1827 3798 1916">
     <span class='ocr_line' id='line_1_31' title="bbox 2203 1827 3798 1916; baseline 0.001 -27"><span class='ocrx_word' id='word_1_199' title='bbox 2203 1833 2476 1903; x_wconf 72' lang='grc' dir='ltr'>ἀπῆλθεν</span> <span class='ocrx_word' id='word_1_200' title='bbox 2506 1839 2539 1890; x_wconf 87' lang='grc' dir='ltr'><em>ὁ</em></span> <span class='ocrx_word' id='word_1_201' title='bbox 2570 1827 2804 1904; x_wconf 80' lang='grc' dir='ltr'>πρῶτος</span> <span class='ocrx_word' id='word_1_202' title='bbox 2838 1837 2937 1892; x_wconf 77' lang='grc' dir='ltr'>καὶ</span> <span class='ocrx_word' id='word_1_203' title='bbox 2970 1837 3176 1907; x_wconf 81' lang='grc' dir='ltr'><strong>ἐξέχεε</strong></span> <span class='ocrx_word' id='word_1_204' title='bbox 3205 1836 3322 1904; x_wconf 77' lang='grc' dir='ltr'><strong>τὴν</strong></span> <span class='ocrx_word' id='word_1_205' title='bbox 3349 1836 3798 1916; x_wconf 65' lang='lat' dir='ltr'><strong>spiritu-irai)me</strong></span> 
     </span>
    </p>
   </div>
   <div class='ocr_carea' id='block_1_32' title="bbox 511 1927 2089 2008">
    <p class='ocr_par' dir='ltr' id='par_1_32' title="bbox 511 1927 2089 1999">
     <span class='ocr_line' id='line_1_32' title="bbox 511 1927 2089 1999; baseline 0.002 -18"><span class='ocrx_word' id='word_1_206' title='bbox 511 1929 710 1982; x_wconf 80' lang='lat' dir='ltr'><strong>malum</strong></span> <span class='ocrx_word' id='word_1_207' title='bbox 742 1947 804 1982; x_wconf 87' lang='lat' dir='ltr'><strong>ac</strong></span> <span class='ocrx_word' id='word_1_208' title='bbox 834 1931 1054 1982; x_wconf 72' lang='lat' dir='ltr'><strong>noxium</strong></span> <span class='ocrx_word' id='word_1_209' title='bbox 1080 1931 1132 1982; x_wconf 91' lang='lat' dir='ltr'><strong>in</strong></span> <span class='ocrx_word' id='word_1_210' title='bbox 1159 1929 1391 1982; x_wconf 78' lang='lat' dir='ltr'><strong>homines</strong></span> <span class='ocrx_word' id='word_1_211' title='bbox 1409 1929 1498 1999; x_wconf 85' lang='lat' dir='ltr'><strong>qui</strong></span> <span class='ocrx_word' id='word_1_212' title='bbox 1521 1927 1780 1982; x_wconf 84' lang='lat' dir='ltr'><strong>habebant</strong></span> <span class='ocrx_word' id='word_1_213' title='bbox 1815 1931 2089 1984; x_wconf 86' lang='lat' dir='ltr'><strong>characte-</strong></span> 
     </span>
    </p>
   </div>
   <div class='ocr_carea' id='block_1_33' title="bbox 511 2021 1879 2093">
    <p class='ocr_par' dir='ltr' id='par_1_33' title="bbox 511 2021 1879 2093">
     <span class='ocr_line' id='line_1_33' title="bbox 511 2021 1879 2093; baseline 0.002 -18"><span class='ocrx_word' id='word_1_214' title='bbox 511 2039 618 2076; x_wconf 82' lang='lat' dir='ltr'><strong>rem</strong></span> <span class='ocrx_word' id='word_1_215' title='bbox 657 2022 855 2088; x_wconf 62' lang='lat' dir='ltr'><strong>bestia,</strong></span> <span class='ocrx_word' id='word_1_216' title='bbox 884 2031 934 2076; x_wconf 87' lang='lat' dir='ltr'><strong>et</strong></span> <span class='ocrx_word' id='word_1_217' title='bbox 958 2022 1048 2092; x_wconf 86' lang='lat' dir='ltr'><strong>qui</strong></span> <span class='ocrx_word' id='word_1_218' title='bbox 1081 2021 1378 2076; x_wconf 79' lang='lat' dir='ltr'><strong>adorabunt</strong></span> <span class='ocrx_word' id='word_1_219' title='bbox 1414 2023 1700 2093; x_wconf 85' lang='lat' dir='ltr'><strong>imaginem</strong></span> <span class='ocrx_word' id='word_1_220' title='bbox 1739 2022 1879 2093; x_wconf 75' lang='lat' dir='ltr'><strong>ejus.</strong></span> 
     </span>
    </p>
   </div>
   <div class='ocr_carea' id='block_1_34' title="bbox 581 2208 2090 2281">
    <p class='ocr_par' dir='ltr' id='par_1_34' title="bbox 581 2208 2090 2281">
     <span class='ocr_line' id='line_1_34' title="bbox 581 2208 2090 2281; baseline 0.003 -19"><span class='ocrx_word' id='word_1_221' title='bbox 581 2208 827 2280; x_wconf 78' lang='lat' dir='ltr'><strong>Magnam</strong></span> <span class='ocrx_word' id='word_1_222' title='bbox 867 2224 1079 2274; x_wconf 81' lang='lat' dir='ltr'><strong>vocem,</strong></span> <span class='ocrx_word' id='word_1_223' title='bbox 1116 2223 1225 2264; x_wconf 88' lang='lat' dir='ltr'><strong>non</strong></span> <span class='ocrx_word' id='word_1_224' title='bbox 1255 2209 1436 2280; x_wconf 87' lang='lat' dir='ltr'><strong>quoad</strong></span> <span class='ocrx_word' id='word_1_225' title='bbox 1475 2226 1708 2277; x_wconf 90' lang='lat' dir='ltr'><strong>sonum;</strong></span> <span class='ocrx_word' id='word_1_226' title='bbox 1751 2227 1912 2281; x_wconf 84' lang='lat' dir='ltr'><strong>quem</strong></span> <span class='ocrx_word' id='word_1_227' title='bbox 1946 2211 2090 2266; x_wconf 89' lang='lat' dir='ltr'><strong>enim</strong></span> 
     </span>
    </p>
   </div>
   <div class='ocr_carea' id='block_1_35' title="bbox 507 2301 2091 2379">
    <p class='ocr_par' dir='ltr' id='par_1_35' title="bbox 507 2301 2091 2379">
     <span class='ocr_line' id='line_1_35' title="bbox 507 2301 2091 2379; baseline 0.001 -25"><span class='ocrx_word' id='word_1_228' title='bbox 507 2315 730 2354; x_wconf 81' lang='lat' dir='ltr'><strong>sensum</strong></span> <span class='ocrx_word' id='word_1_229' title='bbox 765 2316 934 2370; x_wconf 87' lang='lat' dir='ltr'><strong>pones</strong></span> <span class='ocrx_word' id='word_1_230' title='bbox 961 2301 1137 2369; x_wconf 75' lang='lat' dir='ltr'><strong>iubis</strong></span> <span class='ocrx_word' id='word_1_231' title='bbox 1172 2302 1265 2370; x_wconf 90' lang='lat' dir='ltr'><strong>qui</strong></span> <span class='ocrx_word' id='word_1_232' title='bbox 1311 2301 1446 2379; x_wconf 87' lang='lat' dir='ltr'><strong>nihil</strong></span> <span class='ocrx_word' id='word_1_233' title='bbox 1482 2318 1622 2373; x_wconf 92' lang='lat' dir='ltr'><strong>opus</strong></span> <span class='ocrx_word' id='word_1_234' title='bbox 1649 2303 1863 2357; x_wconf 82' lang='lat' dir='ltr'><strong>habent.</strong></span> <span class='ocrx_word' id='word_1_235' title='bbox 1885 2303 2091 2359; x_wconf 78' lang='lat' dir='ltr'><strong>sensu?</strong></span> 
     </span>
    </p>
   </div>
   <div class='ocr_carea' id='block_1_36' title="bbox 505 2392 2091 2470">
    <p class='ocr_par' dir='ltr' id='par_1_36' title="bbox 505 2392 2091 2470">
     <span class='ocr_line' id='line_1_36' title="bbox 505 2392 2091 2470; baseline 0.001 -22"><span class='ocrx_word' id='word_1_236' title='bbox 505 2393 599 2448; x_wconf 61' lang='lat' dir='ltr'><strong>s-vd</strong></span> <span class='ocrx_word' id='word_1_237' title='bbox 631 2408 908 2461; x_wconf 84' lang='lat' dir='ltr'><strong>magnam,</strong></span> <span class='ocrx_word' id='word_1_238' title='bbox 946 2395 1015 2446; x_wconf 88' lang='lat' dir='ltr'><strong>ob</strong></span> <span class='ocrx_word' id='word_1_239' title='bbox 1046 2392 1450 2450; x_wconf 88' lang='lat' dir='ltr'><strong>intolerabilem</strong></span> <span class='ocrx_word' id='word_1_240' title='bbox 1485 2395 1884 2470; x_wconf 83' lang='lat' dir='ltr'><strong>propemodum</strong></span> <span class='ocrx_word' id='word_1_241' title='bbox 1921 2397 2091 2450; x_wconf 85' lang='lat' dir='ltr'><strong>mise-</strong></span> 
     </span>
    </p>
   </div>
   <div class='ocr_carea' id='block_1_37' title="bbox 508 2486 2092 2566">
    <p class='ocr_par' dir='ltr' id='par_1_37' title="bbox 508 2486 2092 2566">
     <span class='ocr_line' id='line_1_37' title="bbox 508 2486 2092 2566; baseline 0.003 -27"><span class='ocrx_word' id='word_1_242' title='bbox 508 2486 645 2539; x_wconf 88' lang='lat' dir='ltr'><strong>riam</strong></span> <span class='ocrx_word' id='word_1_243' title='bbox 681 2501 874 2565; x_wconf 88' lang='lat' dir='ltr'><strong>eorum</strong></span> <span class='ocrx_word' id='word_1_244' title='bbox 905 2487 998 2556; x_wconf 92' lang='lat' dir='ltr'><strong>qui</strong></span> <span class='ocrx_word' id='word_1_245' title='bbox 1054 2487 1380 2566; x_wconf 82' lang='lat' dir='ltr'><strong>puniuntur.</strong></span> <span class='ocrx_word' id='word_1_246' title='bbox 1418 2487 1592 2543; x_wconf 86' lang='lat' dir='ltr'><strong>Porro</strong></span> <span class='ocrx_word' id='word_1_247' title='bbox 1641 2504 1836 2566; x_wconf 80' lang='lat' dir='ltr'><strong>vocem</strong></span> <span class='ocrx_word' id='word_1_248' title='bbox 1885 2487 2092 2556; x_wconf 84' lang='lat' dir='ltr'><strong>dicere,</strong></span> 
     </span>
    </p>
   </div>
   <div class='ocr_carea' id='block_1_38' title="bbox 508 2561 1648 2649">
    <p class='ocr_par' dir='ltr' id='par_1_38' title="bbox 508 2561 1648 2649">
     <span class='ocr_line' id='line_1_38' title="bbox 508 2561 1648 2649; baseline 0.003 -17"><span class='ocrx_word' id='word_1_249' title='bbox 508 2585 786 2647; x_wconf 87' lang='lat' dir='ltr'><strong>sumptmn</strong></span> <span class='ocrx_word' id='word_1_250' title='bbox 817 2561 902 2634; x_wconf 84' lang='lat' dir='ltr'><strong>est</strong></span> <span class='ocrx_word' id='word_1_251' title='bbox 932 2595 1032 2648; x_wconf 89' lang='lat' dir='ltr'><strong>pro</strong></span> <span class='ocrx_word' id='word_1_252' title='bbox 1067 2561 1400 2649; x_wconf 82' lang='lat' dir='ltr'><strong>signiﬁcare.</strong></span> <span class='ocrx_word' id='word_1_253' title='bbox 1443 2629 1445 2632; x_wconf 95' lang='lat'><strong>.</strong></span> <span class='ocrx_word' id='word_1_254' title='bbox 1483 2578 1486 2582; x_wconf 82' lang='grc'><em>’</em></span> <span class='ocrx_word' id='word_1_255' title='bbox 1643 2563 1648 2570; x_wconf 59' lang='grc'><em>’</em></span> 
     </span>
    </p>
   </div>
   <div class='ocr_carea' id='block_1_39' title="bbox 580 2670 2092 2740">
    <p class='ocr_par' dir='ltr' id='par_1_39' title="bbox 580 2670 2092 2740">
     <span class='ocr_line' id='line_1_39' title="bbox 580 2670 2092 2740; baseline 0.003 -17"><span class='ocrx_word' id='word_1_256' title='bbox 580 2670 786 2740; x_wconf 64' lang='lat' dir='ltr'><strong>E/fudit</strong></span> <span class='ocrx_word' id='word_1_257' title='bbox 816 2672 1225 2739; x_wconf 80' lang='lat' dir='ltr'><strong>phialamsuam</strong></span> <span class='ocrx_word' id='word_1_258' title='bbox 1253 2674 1309 2726; x_wconf 88' lang='lat' dir='ltr'><strong>in</strong></span> <span class='ocrx_word' id='word_1_259' title='bbox 1339 2683 1559 2728; x_wconf 86' lang='lat' dir='ltr'><strong>terram.</strong></span> <span class='ocrx_word' id='word_1_260' title='bbox 1582 2673 1789 2728; x_wconf 84' lang='lat' dir='ltr'><strong>Phiala</strong></span> <span class='ocrx_word' id='word_1_261' title='bbox 1821 2674 1924 2730; x_wconf 89' lang='lat' dir='ltr'><strong>hoc</strong></span> <span class='ocrx_word' id='word_1_262' title='bbox 1949 2673 2092 2739; x_wconf 90' lang='lat' dir='ltr'><strong>loco,</strong></span> 
     </span>
    </p>
   </div>
   <div class='ocr_carea' id='block_1_40' title="bbox 509 2764 2092 2838">
    <p class='ocr_par' dir='ltr' id='par_1_40' title="bbox 509 2764 2092 2838">
     <span class='ocr_line' id='line_1_40' title="bbox 509 2764 2092 2838; baseline 0.003 -21"><span class='ocrx_word' id='word_1_263' title='bbox 509 2764 650 2819; x_wconf 83' lang='lat' dir='ltr'><strong>sicut</strong></span> <span class='ocrx_word' id='word_1_264' title='bbox 675 2773 731 2820; x_wconf 89' lang='lat' dir='ltr'><strong>et</strong></span> <span class='ocrx_word' id='word_1_265' title='bbox 757 2765 918 2830; x_wconf 82' lang='lat' dir='ltr'><strong>calix,</strong></span> <span class='ocrx_word' id='word_1_266' title='bbox 941 2765 1293 2836; x_wconf 84' lang='lat' dir='ltr'><strong>intelligenda</strong></span> <span class='ocrx_word' id='word_1_267' title='bbox 1307 2774 1390 2820; x_wconf 90' lang='lat' dir='ltr'><strong>est</strong></span> <span class='ocrx_word' id='word_1_268' title='bbox 1409 2767 1489 2822; x_wconf 86' lang='lat' dir='ltr'><strong>vis</strong></span> <span class='ocrx_word' id='word_1_269' title='bbox 1511 2766 1777 2838; x_wconf 87' lang='lat' dir='ltr'><strong>punitiva.</strong></span> <span class='ocrx_word' id='word_1_270' title='bbox 1797 2782 1904 2838; x_wconf 89' lang='lat' dir='ltr'><strong>qua</strong></span> <span class='ocrx_word' id='word_1_271' title='bbox 1923 2767 2092 2822; x_wconf 73' lang='lat' dir='ltr'><strong>etinsa</strong></span> 
     </span>
    </p>
   </div>
   <div class='ocr_carea' id='block_1_41' title="bbox 508 2854 2094 2934">
    <p class='ocr_par' dir='ltr' id='par_1_41' title="bbox 508 2854 2094 2934">
     <span class='ocr_line' id='line_1_41' title="bbox 508 2854 2094 2934; baseline 0.003 -27"><span class='ocrx_word' id='word_1_272' title='bbox 508 2854 700 2922; x_wconf 62' lang='lat' dir='ltr'><strong>ulcus,</strong></span> <span class='ocrx_word' id='word_1_273' title='bbox 758 2854 961 2928; x_wconf 81' lang='lat' dir='ltr'><strong>inquit,</strong></span> <span class='ocrx_word' id='word_1_274' title='bbox 1019 2855 1244 2934; x_wconf 74' lang='lat' dir='ltr'><strong>noxium</strong></span> <span class='ocrx_word' id='word_1_275' title='bbox 1276 2857 1568 2921; x_wconf 84' lang='lat' dir='ltr'><strong>successit,</strong></span> <span class='ocrx_word' id='word_1_276' title='bbox 1616 2857 1910 2934; x_wconf 82' lang='lat' dir='ltr'><strong>allegorice</strong></span> <span class='ocrx_word' id='word_1_277' title='bbox 1943 2857 2094 2912; x_wconf 90' lang='lat' dir='ltr'><strong>desi-</strong></span> 
     </span>
    </p>
   </div>
   <div class='ocr_carea' id='block_1_42' title="bbox 509 2945 2094 3024">
    <p class='ocr_par' dir='ltr' id='par_1_42' title="bbox 509 2945 2094 3024">
     <span class='ocr_line' id='line_1_42' title="bbox 509 2945 2094 3024; baseline 0.004 -26"><span class='ocrx_word' id='word_1_278' title='bbox 509 2945 729 3015; x_wconf 85' lang='lat' dir='ltr'><strong>gnando</strong></span> <span class='ocrx_word' id='word_1_279' title='bbox 785 2947 1092 3024; x_wconf 86' lang='lat' dir='ltr'><strong>cruciatum</strong></span> <span class='ocrx_word' id='word_1_280' title='bbox 1123 2947 1178 3002; x_wconf 95' lang='lat' dir='ltr'><strong>in</strong></span> <span class='ocrx_word' id='word_1_281' title='bbox 1206 2948 1375 3003; x_wconf 88' lang='lat' dir='ltr'><strong>corde</strong></span> <span class='ocrx_word' id='word_1_282' title='bbox 1421 2948 1725 3004; x_wconf 81' lang='lat' dir='ltr'><strong>ardentem.</strong></span> <span class='ocrx_word' id='word_1_283' title='bbox 1759 2949 1931 3004; x_wconf 85' lang='lat' dir='ltr'><strong>Porro</strong></span> <span class='ocrx_word' id='word_1_284' title='bbox 1955 2949 2094 3004; x_wconf 72' lang='lat' dir='ltr'><strong>ellu-</strong></span> 
     </span>
    </p>
   </div>
   <div class='ocr_carea' id='block_1_43' title="bbox 509 3024 2092 3121">
    <p class='ocr_par' dir='ltr' id='par_1_43' title="bbox 509 3024 2092 3121">
     <span class='ocr_line' id='line_1_43' title="bbox 509 3024 2092 3121; baseline 0.003 -29"><span class='ocrx_word' id='word_1_285' title='bbox 509 3053 626 3093; x_wconf 88' lang='lat' dir='ltr'><strong>sam</strong></span> <span class='ocrx_word' id='word_1_286' title='bbox 675 3054 797 3094; x_wconf 86' lang='lat' dir='ltr'><strong>esse</strong></span> <span class='ocrx_word' id='word_1_287' title='bbox 828 3039 879 3094; x_wconf 91' lang='lat' dir='ltr'><strong>in</strong></span> <span class='ocrx_word' id='word_1_288' title='bbox 913 3050 1141 3106; x_wconf 89' lang='lat' dir='ltr'><strong>terram,</strong></span> <span class='ocrx_word' id='word_1_289' title='bbox 1193 3024 1419 3121; x_wconf 83' lang='lat' dir='ltr'><strong>accusat</strong></span> <span class='ocrx_word' id='word_1_290' title='bbox 1453 3041 1574 3098; x_wconf 92' lang='lat' dir='ltr'><strong>illos</strong></span> <span class='ocrx_word' id='word_1_291' title='bbox 1607 3044 1710 3119; x_wconf 84' lang='lat' dir='ltr'><strong>qui</strong></span> <span class='ocrx_word' id='word_1_292' title='bbox 1744 3052 2092 3098; x_wconf 89' lang='lat' dir='ltr'><strong>terrenorum</strong></span> 
     </span>
    </p>
   </div>
   <div class='ocr_carea' id='block_1_44' title="bbox 2194 1913 3800 1999">
    <p class='ocr_par' dir='ltr' id='par_1_44' title="bbox 2194 1913 3800 1999">
     <span class='ocr_line' id='line_1_44' title="bbox 2194 1913 3800 1999; baseline 0.002 -18"><span class='ocrx_word' id='word_1_293' title='bbox 2194 1931 2281 1992; x_wconf 86' lang='grc' dir='ltr'><strong>εὶς</strong></span> <span class='ocrx_word' id='word_1_294' title='bbox 2303 1927 2417 1994; x_wconf 79' lang='grc' dir='ltr'><strong>τὴν</strong></span> <span class='ocrx_word' id='word_1_295' title='bbox 2438 1928 2577 1998; x_wconf 76' lang='grc' dir='ltr'>γῆν,</span> <span class='ocrx_word' id='word_1_296' title='bbox 2603 1929 2701 1982; x_wconf 81' lang='grc' dir='ltr'><strong>καί</strong></span> <span class='ocrx_word' id='word_1_297' title='bbox 2723 1930 2960 1999; x_wconf 75' lang='grc' dir='ltr'>ἐγένετο</span> <span class='ocrx_word' id='word_1_298' title='bbox 2984 1931 3166 1996; x_wconf 76' lang='grc' dir='ltr'>ἕλκος</span> <span class='ocrx_word' id='word_1_299' title='bbox 3183 1929 3373 1984; x_wconf 81' lang='grc' dir='ltr'>κακὸν</span> <span class='ocrx_word' id='word_1_300' title='bbox 3401 1931 3498 1983; x_wconf 78' lang='grc' dir='ltr'>καὶ</span> <span class='ocrx_word' id='word_1_301' title='bbox 3525 1913 3800 1998; x_wconf 76' lang='grc' dir='ltr'>πονηρὸν</span> 
     </span>
    </p>
   </div>
   <div class='ocr_carea' id='block_1_45' title="bbox 2193 2020 3796 2091">
    <p class='ocr_par' dir='ltr' id='par_1_45' title="bbox 2193 2020 3796 2091">
     <span class='ocr_line' id='line_1_45' title="bbox 2193 2020 3796 2091; baseline 0.001 -17"><span class='ocrx_word' id='word_1_302' title='bbox 2193 2020 2294 2074; x_wconf 76' lang='grc' dir='ltr'><strong>ἐπὶ</strong></span> <span class='ocrx_word' id='word_1_303' title='bbox 2314 2021 2456 2088; x_wconf 86' lang='grc' dir='ltr'>τοὺς</span> <span class='ocrx_word' id='word_1_304' title='bbox 2482 2021 2835 2090; x_wconf 76' lang='grc' dir='ltr'><strong>ἀνθρώπους</strong></span> <span class='ocrx_word' id='word_1_305' title='bbox 2857 2023 3001 2088; x_wconf 83' lang='grc' dir='ltr'>τοὺς</span> <span class='ocrx_word' id='word_1_306' title='bbox 3025 2022 3277 2091; x_wconf 75' lang='grc' dir='ltr'>ἔχοντας</span> <span class='ocrx_word' id='word_1_307' title='bbox 3301 2022 3366 2076; x_wconf 86' lang='grc' dir='ltr'>τὸ</span> <span class='ocrx_word' id='word_1_308' title='bbox 3390 2021 3666 2091; x_wconf 76' lang='grc' dir='ltr'><strong>χάραγμα</strong></span> <span class='ocrx_word' id='word_1_309' title='bbox 3686 2021 3796 2076; x_wconf 83' lang='grc' dir='ltr'><strong>τοῦ</strong></span> 
     </span>
    </p>
   </div>
   <div class='ocr_carea' id='block_1_46' title="bbox 2093 2113 3792 2196">
    <p class='ocr_par' dir='ltr' id='par_1_46' title="bbox 2093 2113 3792 2196">
     <span class='ocr_line' id='line_1_46' title="bbox 2093 2113 3792 2196; baseline 0.002 -29"><span class='ocrx_word' id='word_1_310' title='bbox 2093 2163 2096 2168; x_wconf 89' lang='grc'><strong>,</strong></span> <span class='ocrx_word' id='word_1_311' title='bbox 2196 2115 2424 2194; x_wconf 69' lang='grc' dir='ltr'>θηρίου,</span> <span class='ocrx_word' id='word_1_312' title='bbox 2449 2116 2546 2169; x_wconf 77' lang='grc' dir='ltr'>καὶ</span> <span class='ocrx_word' id='word_1_313' title='bbox 2574 2115 2712 2182; x_wconf 87' lang='grc' dir='ltr'>τοὺς</span> <span class='ocrx_word' id='word_1_314' title='bbox 2739 2115 3243 2196; x_wconf 74' lang='grc' dir='ltr'>προσκυνοῦντας</span> <span class='ocrx_word' id='word_1_315' title='bbox 3274 2113 3346 2184; x_wconf 78' lang='grc' dir='ltr'>τῇ</span> <span class='ocrx_word' id='word_1_316' title='bbox 3368 2117 3552 2169; x_wconf 75' lang='grc' dir='ltr'>εικόνι</span> <span class='ocrx_word' id='word_1_317' title='bbox 3576 2115 3792 2170; x_wconf 71' lang='grc' dir='ltr'>αὐτοῦ.</span> 
     </span>
    </p>
   </div>
   <div class='ocr_carea' id='block_1_47' title="bbox 2266 2210 3794 2284">
    <p class='ocr_par' dir='ltr' id='par_1_47' title="bbox 2266 2210 3794 2284">
     <span class='ocr_line' id='line_1_47' title="bbox 2266 2210 3794 2284; baseline 0 -20"><span class='ocrx_word' id='word_1_318' title='bbox 2266 2210 2496 2282; x_wconf 83' lang='grc' dir='ltr'>Μεγάλῃ</span> <span class='ocrx_word' id='word_1_319' title='bbox 2523 2215 2697 2282; x_wconf 83' lang='grc' dir='ltr'>φωνῇ,</span> <span class='ocrx_word' id='word_1_320' title='bbox 2719 2212 2780 2264; x_wconf 79' lang='grc' dir='ltr'><strong>οὐ</strong></span> <span class='ocrx_word' id='word_1_321' title='bbox 2811 2214 2876 2282; x_wconf 82' lang='grc' dir='ltr'><strong>τῇ</strong></span> <span class='ocrx_word' id='word_1_322' title='bbox 2901 2212 3200 2284; x_wconf 78' lang='grc' dir='ltr'>ἀπηχήσει,</span> <span class='ocrx_word' id='word_1_323' title='bbox 3227 2211 3332 2281; x_wconf 87' lang='grc' dir='ltr'>(τίς</span> <span class='ocrx_word' id='word_1_324' title='bbox 3357 2211 3465 2282; x_wconf 85' lang='grc' dir='ltr'><strong>γὰρ</strong></span> <span class='ocrx_word' id='word_1_325' title='bbox 3488 2213 3582 2265; x_wconf 73' lang='grc' dir='ltr'><strong>καὶ</strong></span> <span class='ocrx_word' id='word_1_326' title='bbox 3597 2211 3794 2281; x_wconf 67' lang='grc' dir='ltr'>αἴσθη-</span> 
     </span>
    </p>
   </div>
   <div class='ocr_carea' id='block_1_48' title="bbox 2198 2301 3796 2374">
    <p class='ocr_par' dir='ltr' id='par_1_48' title="bbox 2198 2301 3796 2374">
     <span class='ocr_line' id='line_1_48' title="bbox 2198 2301 3796 2374; baseline 0.001 -20"><span class='ocrx_word' id='word_1_327' title='bbox 2198 2319 2282 2364; x_wconf 87' lang='grc' dir='ltr'><strong>σις</strong></span> <span class='ocrx_word' id='word_1_328' title='bbox 2305 2301 2419 2366; x_wconf 83' lang='grc' dir='ltr'>τοῖς</span> <span class='ocrx_word' id='word_1_329' title='bbox 2450 2303 2602 2356; x_wconf 78' lang='grc' dir='ltr'>οὐδὲν</span> <span class='ocrx_word' id='word_1_330' title='bbox 2637 2303 2901 2374; x_wconf 79' lang='grc' dir='ltr'>αἰσθητοῦ</span> <span class='ocrx_word' id='word_1_331' title='bbox 2935 2304 3358 2374; x_wconf 78' lang='grc' dir='ltr'>προσδεομένοις</span> <span class='ocrx_word' id='word_1_332' title='bbox 3379 2304 3418 2371; x_wconf 89' lang='grc'><strong>;)</strong></span> <span class='ocrx_word' id='word_1_333' title='bbox 3453 2302 3589 2356; x_wconf 78' lang='grc' dir='ltr'>ἀλλα</span> <span class='ocrx_word' id='word_1_334' title='bbox 3616 2303 3796 2374; x_wconf 54' lang='lat' dir='ltr'><strong>perci-</strong></span> 
     </span>
    </p>
   </div>
   <div class='ocr_carea' id='block_1_49' title="bbox 2195 2394 3793 2468">
    <p class='ocr_par' dir='ltr' id='par_1_49' title="bbox 2195 2394 3793 2468">
     <span class='ocr_line' id='line_1_49' title="bbox 2195 2394 3793 2468; baseline 0.001 -22"><span class='ocrx_word' id='word_1_335' title='bbox 2195 2394 2309 2458; x_wconf 82' lang='grc' dir='ltr'>λοις</span> <span class='ocrx_word' id='word_1_336' title='bbox 2339 2398 2404 2466; x_wconf 79' lang='grc' dir='ltr'>τῇ</span> <span class='ocrx_word' id='word_1_337' title='bbox 2438 2395 2752 2466; x_wconf 81' lang='grc' dir='ltr'>ἀνυποίστῳ</span> <span class='ocrx_word' id='word_1_338' title='bbox 2785 2397 2973 2466; x_wconf 78' lang='grc' dir='ltr'>σχεδὸν</span> <span class='ocrx_word' id='word_1_339' title='bbox 3005 2397 3357 2467; x_wconf 70' lang='grc' dir='ltr'><strong>ταλαιπωρίᾳ</strong></span> <span class='ocrx_word' id='word_1_340' title='bbox 3381 2397 3490 2450; x_wconf 82' lang='grc' dir='ltr'><strong>τῶν</strong></span> <span class='ocrx_word' id='word_1_341' title='bbox 3515 2414 3793 2468; x_wconf 83' lang='grc' dir='ltr'>τιμωρου-</span> 
     </span>
    </p>
   </div>
   <div class='ocr_carea' id='block_1_50' title="bbox 2199 2487 3794 2561">
    <p class='ocr_par' dir='ltr' id='par_1_50' title="bbox 2199 2487 3794 2561">
     <span class='ocr_line' id='line_1_50' title="bbox 2199 2487 3794 2561; baseline 0.004 -23"><span class='ocrx_word' id='word_1_342' title='bbox 2199 2487 2397 2556; x_wconf 82' lang='grc' dir='ltr'>μὲνων.</span> <span class='ocrx_word' id='word_1_343' title='bbox 2437 2487 2510 2541; x_wconf 81' lang='grc' dir='ltr'><strong>Τὸ</strong></span> <span class='ocrx_word' id='word_1_344' title='bbox 2542 2488 2600 2542; x_wconf 82' lang='grc' dir='ltr'>δὲ</span> <span class='ocrx_word' id='word_1_345' title='bbox 2633 2490 2732 2560; x_wconf 82' lang='grc' dir='ltr'>τὴν</span> <span class='ocrx_word' id='word_1_346' title='bbox 2769 2489 2955 2560; x_wconf 77' lang='grc' dir='ltr'>φωνὴν</span> <span class='ocrx_word' id='word_1_347' title='bbox 2986 2489 3191 2558; x_wconf 77' lang='grc' dir='ltr'>λέγειν,</span> <span class='ocrx_word' id='word_1_348' title='bbox 3224 2490 3346 2544; x_wconf 74' lang='grc' dir='ltr'>ἀντὶ</span> <span class='ocrx_word' id='word_1_349' title='bbox 3375 2490 3470 2544; x_wconf 87' lang='grc' dir='ltr'><strong>τοῦ</strong></span> <span class='ocrx_word' id='word_1_350' title='bbox 3497 2491 3794 2561; x_wconf 77' lang='grc' dir='ltr'>σημαίνειν</span> 
     </span>
    </p>
   </div>
   <div class='ocr_carea' id='block_1_51' title="bbox 2196 2578 2960 2655">
    <p class='ocr_par' dir='ltr' id='par_1_51' title="bbox 2196 2578 2960 2655">
     <span class='ocr_line' id='line_1_51' title="bbox 2196 2578 2960 2655; baseline 0.007 -25"><span class='ocrx_word' id='word_1_351' title='bbox 2196 2578 2434 2650; x_wconf 78' lang='grc' dir='ltr'>εἴρηται.</span> <span class='ocrx_word' id='word_1_352' title='bbox 2643 2645 2646 2650; x_wconf 31' lang='grc' dir='ltr'><strong>η</strong></span> <span class='ocrx_word' id='word_1_353' title='bbox 2958 2653 2960 2655; x_wconf 4' lang='grc' dir='ltr'><strong>γ</strong></span> 
     </span>
    </p>
   </div>
   <div class='ocr_carea' id='block_1_52' title="bbox 2280 2669 3793 2746">
    <p class='ocr_par' dir='ltr' id='par_1_52' title="bbox 2280 2669 3793 2746">
     <span class='ocr_line' id='line_1_52' title="bbox 2280 2669 3793 2746; baseline 0.003 -22"><span class='ocrx_word' id='word_1_354' title='bbox 2280 2670 2516 2740; x_wconf 82' lang='grc' dir='ltr'><strong>Ἐξέχεε</strong></span> <span class='ocrx_word' id='word_1_355' title='bbox 2545 2671 2656 2740; x_wconf 73' lang='grc' dir='ltr'><strong>τὴν</strong></span> <span class='ocrx_word' id='word_1_356' title='bbox 2688 2676 2918 2742; x_wconf 73' lang='grc' dir='ltr'>φιάλην</span> <span class='ocrx_word' id='word_1_357' title='bbox 2942 2674 3129 2728; x_wconf 83' lang='grc' dir='ltr'>αὐτοῦ</span> <span class='ocrx_word' id='word_1_358' title='bbox 3158 2675 3247 2740; x_wconf 78' lang='grc' dir='ltr'><strong>εἰς</strong></span> <span class='ocrx_word' id='word_1_359' title='bbox 3280 2674 3396 2742; x_wconf 77' lang='grc' dir='ltr'><strong>τὴν</strong></span> <span class='ocrx_word' id='word_1_360' title='bbox 3416 2669 3521 2746; x_wconf 55' lang='grc' dir='ltr'><strong>’γῆν</strong></span> <span class='ocrx_word' id='word_1_361' title='bbox 3541 2716 3556 2730; x_wconf 94' lang='grc'><strong>.</strong></span> <span class='ocrx_word' id='word_1_362' title='bbox 3589 2675 3793 2745; x_wconf 72' lang='grc' dir='ltr'>Φιάλην</span> 
     </span>
    </p>
   </div>
   <div class='ocr_carea' id='block_1_53' title="bbox 2195 2762 3791 2840">
    <p class='ocr_par' dir='ltr' id='par_1_53' title="bbox 2195 2762 3791 2840">
     <span class='ocr_line' id='line_1_53' title="bbox 2195 2762 3791 2840; baseline 0.003 -26"><span class='ocrx_word' id='word_1_363' title='bbox 2195 2762 2430 2840; x_wconf 74' lang='grc' dir='ltr'>ἐνταῦθα</span> <span class='ocrx_word' id='word_1_364' title='bbox 2453 2764 2706 2832; x_wconf 78' lang='grc' dir='ltr'>καθάπερ</span> <span class='ocrx_word' id='word_1_365' title='bbox 2736 2766 3019 2836; x_wconf 81' lang='grc' dir='ltr'>ποτήριον,</span> <span class='ocrx_word' id='word_1_366' title='bbox 3036 2765 3135 2837; x_wconf 79' lang='grc' dir='ltr'><strong>τὴν</strong></span> <span class='ocrx_word' id='word_1_367' title='bbox 3160 2766 3490 2838; x_wconf 70' lang='grc' dir='ltr'>κολαστικην</span> <span class='ocrx_word' id='word_1_368' title='bbox 3509 2767 3791 2840; x_wconf 77' lang='grc' dir='ltr'>ἐνέργειαν</span> 
     </span>
    </p>
   </div>
   <div class='ocr_carea' id='block_1_54' title="bbox 2196 2849 3792 2936">
    <p class='ocr_par' dir='ltr' id='par_1_54' title="bbox 2196 2849 3792 2936">
     <span class='ocr_line' id='line_1_54' title="bbox 2196 2849 3792 2936; baseline 0.004 -29"><span class='ocrx_word' id='word_1_369' title='bbox 2196 2853 2520 2924; x_wconf 80' lang='grc' dir='ltr'>ἐκληπτέον,</span> <span class='ocrx_word' id='word_1_370' title='bbox 2547 2849 2615 2926; x_wconf 83' lang='grc' dir='ltr'>ἦς</span> <span class='ocrx_word' id='word_1_371' title='bbox 2646 2855 2989 2936; x_wconf 73' lang='grc' dir='ltr'>ἐκχεθείσης,</span> <span class='ocrx_word' id='word_1_372' title='bbox 3009 2858 3189 2925; x_wconf 79' lang='grc' dir='ltr'>ἕλκος,</span> <span class='ocrx_word' id='word_1_373' title='bbox 3208 2860 3366 2936; x_wconf 69' lang='grc' dir='ltr'>φησὶ,</span> <span class='ocrx_word' id='word_1_374' title='bbox 3386 2861 3626 2929; x_wconf 65' lang='grc' dir='ltr'>πονηρὸν</span> <span class='ocrx_word' id='word_1_375' title='bbox 3657 2876 3792 2930; x_wconf 88' lang='grc' dir='ltr'>συμ-</span> 
     </span>
    </p>
   </div>
   <div class='ocr_carea' id='block_1_55' title="bbox 2198 2933 3790 3023">
    <p class='ocr_par' dir='ltr' id='par_1_55' title="bbox 2198 2933 3790 3023">
     <span class='ocr_line' id='line_1_55' title="bbox 2198 2933 3790 3023; baseline 0.004 -24"><span class='ocrx_word' id='word_1_376' title='bbox 2198 2947 2382 3015; x_wconf 79' lang='grc' dir='ltr'>ϐῆναι,</span> <span class='ocrx_word' id='word_1_377' title='bbox 2421 2948 2614 3012; x_wconf 71' lang='grc' dir='ltr'>ἕλκος,</span> <span class='ocrx_word' id='word_1_378' title='bbox 2648 2933 2845 3019; x_wconf 13' lang='grc' dir='ltr'>τὴννὲν</span> <span class='ocrx_word' id='word_1_379' title='bbox 2885 2951 3086 3022; x_wconf 69' lang='grc' dir='ltr'>καρδίᾳ</span> <span class='ocrx_word' id='word_1_380' title='bbox 3122 2933 3433 3022; x_wconf 77' lang='grc' dir='ltr'>σφύζουουιν</span> <span class='ocrx_word' id='word_1_381' title='bbox 3470 2951 3664 3023; x_wconf 79' lang='grc' dir='ltr'>ὀδύνην</span> <span class='ocrx_word' id='word_1_382' title='bbox 3696 2951 3790 3006; x_wconf 83' lang='grc' dir='ltr'><strong>ἀλ-</strong></span> 
     </span>
    </p>
   </div>
   <div class='ocr_carea' id='block_1_56' title="bbox 2197 3039 3788 3122">
    <p class='ocr_par' dir='ltr' id='par_1_56' title="bbox 2197 3039 3788 3122">
     <span class='ocr_line' id='line_1_56' title="bbox 2197 3039 3788 3122; baseline 0.004 -30"><span class='ocrx_word' id='word_1_383' title='bbox 2197 3041 2468 3112; x_wconf 85' lang='grc' dir='ltr'>ληγορῶν.</span> <span class='ocrx_word' id='word_1_384' title='bbox 2522 3039 2646 3095; x_wconf 74' lang='grc' dir='ltr'>Ἐπὶ</span> <span class='ocrx_word' id='word_1_385' title='bbox 2695 3043 2796 3115; x_wconf 75' lang='grc' dir='ltr'>τὴν</span> <span class='ocrx_word' id='word_1_386' title='bbox 2831 3044 2936 3115; x_wconf 80' lang='grc' dir='ltr'>γῆν</span> <span class='ocrx_word' id='word_1_387' title='bbox 2972 3043 3030 3098; x_wconf 81' lang='grc' dir='ltr'>δὲ</span> <span class='ocrx_word' id='word_1_388' title='bbox 3079 3045 3325 3116; x_wconf 78' lang='grc' dir='ltr'>χεθῆναι,</span> <span class='ocrx_word' id='word_1_389' title='bbox 3377 3045 3689 3122; x_wconf 20' lang='grc' dir='ltr'>γῆν,,τοὺς</span> <span class='ocrx_word' id='word_1_390' title='bbox 3721 3047 3788 3116; x_wconf 80' lang='grc' dir='ltr'>τῇ</span> 
     </span>
    </p>
   </div>
   <div class='ocr_carea' id='block_1_57' title="bbox 506 3111 2118 3208">
    <p class='ocr_par' dir='ltr' id='par_1_57' title="bbox 506 3111 2102 3205">
     <span class='ocr_line' id='line_1_57' title="bbox 506 3111 2102 3205; baseline 0.003 -21"><span class='ocrx_word' id='word_1_391' title='bbox 506 3130 752 3185; x_wconf 80' lang='lat' dir='ltr'><strong>vanitate</strong></span> <span class='ocrx_word' id='word_1_392' title='bbox 786 3132 1102 3188; x_wconf 86' lang='lat' dir='ltr'><strong>trahuntur.</strong></span> <span class='ocrx_word' id='word_1_393' title='bbox 1144 3117 1275 3190; x_wconf 26' lang='lat' dir='ltr'><strong>Ideo.</strong></span> <span class='ocrx_word' id='word_1_394' title='bbox 1304 3150 1527 3204; x_wconf 87' lang='lat' dir='ltr'><strong>quoque</strong></span> <span class='ocrx_word' id='word_1_395' title='bbox 1560 3111 1639 3188; x_wconf 13' lang='lat' dir='ltr'><strong>ad,</strong></span> <span class='ocrx_word' id='word_1_396' title='bbox 1673 3117 1940 3205; x_wconf 82' lang='lat' dir='ltr'><strong>majorem</strong></span> <span class='ocrx_word' id='word_1_397' title='bbox 1981 3111 2102 3189; x_wconf 46' lang='lat' dir='ltr'><strong>ma?</strong></span> 
     </span>
    </p>
   </div>
   <div class='ocr_carea' id='block_1_58' title="bbox 2203 3111 3788 3208">
    <p class='ocr_par' dir='ltr' id='par_1_58' title="bbox 2203 3132 3788 3208">
     <span class='ocr_line' id='line_1_58' title="bbox 2203 3132 3788 3208; baseline 0.004 -24"><span class='ocrx_word' id='word_1_398' title='bbox 2203 3132 2524 3203; x_wconf 79' lang='grc' dir='ltr'>ματαιότητι</span> <span class='ocrx_word' id='word_1_399' title='bbox 2567 3134 2675 3188; x_wconf 86' lang='grc' dir='ltr'><strong>τῶν</strong></span> <span class='ocrx_word' id='word_1_400' title='bbox 2713 3136 2920 3205; x_wconf 80' lang='grc' dir='ltr'>γηΐνων</span> <span class='ocrx_word' id='word_1_401' title='bbox 2960 3137 3422 3208; x_wconf 75' lang='grc' dir='ltr'>περισπωμένους</span> <span class='ocrx_word' id='word_1_402' title='bbox 3471 3137 3788 3192; x_wconf 76' lang='grc' dir='ltr'>ἀποκαλῶν.</span> 
     </span>
    </p>
   </div>
   <div class='ocr_carea' id='block_1_59' title="bbox 509 3201 2118 3311">
    <p class='ocr_par' dir='ltr' id='par_1_59' title="bbox 509 3201 2091 3307">
     <span class='ocr_line' id='line_1_59' title="bbox 509 3201 2091 3307; baseline 0.005 -33"><span class='ocrx_word' id='word_1_403' title='bbox 509 3221 916 3302; x_wconf 78' lang='lat' dir='ltr'><strong>nifestationem</strong></span> <span class='ocrx_word' id='word_1_404' title='bbox 950 3201 1604 3307; x_wconf 47' lang='lat' dir='ltr'><strong>subjungit,_qu0d_super</strong></span> <span class='ocrx_word' id='word_1_405' title='bbox 1619 3201 1808 3307; x_wconf 78' lang='lat' dir='ltr'><strong>pravos</strong></span> <span class='ocrx_word' id='word_1_406' title='bbox 1833 3228 2091 3283; x_wconf 79' lang='lat' dir='ltr'><strong>homines.</strong></span> 
     </span>
    </p>
   </div>
   <div class='ocr_carea' id='block_1_60' title="bbox 2203 3201 3804 3311">
    <p class='ocr_par' dir='ltr' id='par_1_60' title="bbox 2203 3201 3804 3311">
     <span class='ocr_line' id='line_1_60' title="bbox 2203 3201 3804 3311; baseline 0.003 -36"><span class='ocrx_word' id='word_1_407' title='bbox 2203 3201 2290 3276; x_wconf 82' lang='grc' dir='ltr'>Διὸ</span> <span class='ocrx_word' id='word_1_408' title='bbox 2327 3224 2422 3278; x_wconf 69' lang='grc' dir='ltr'><strong>καὶ</strong></span> <span class='ocrx_word' id='word_1_409' title='bbox 2450 3201 2877 3311; x_wconf 34' lang='grc' dir='ltr'>ἐπιφέρειζπρὸς</span> <span class='ocrx_word' id='word_1_410' title='bbox 2911 3201 3328 3308; x_wconf 40' lang='grc' dir='ltr'>σαφήνειαν-τὸ,</span> <span class='ocrx_word' id='word_1_411' title='bbox 3361 3227 3460 3282; x_wconf 78' lang='grc' dir='ltr'><strong>ἐπὶ</strong></span> <span class='ocrx_word' id='word_1_412' title='bbox 3494 3227 3638 3293; x_wconf 83' lang='grc' dir='ltr'>τοὺς</span> <span class='ocrx_word' id='word_1_413' title='bbox 3683 3241 3804 3306; x_wconf 18' lang='grc' dir='ltr'>ατο-ι</span> 
     </span>
    </p>
   </div>
   <div class='ocr_carea' id='block_1_61' title="bbox 513 3314 2100 3401">
    <p class='ocr_par' dir='ltr' id='par_1_61' title="bbox 513 3314 2100 3401">
     <span class='ocr_line' id='line_1_61' title="bbox 513 3314 2100 3401; baseline 0.003 -31"><span class='ocrx_word' id='word_1_414' title='bbox 513 3314 619 3371; x_wconf 82' lang='lat' dir='ltr'><strong>Sed</strong></span> <span class='ocrx_word' id='word_1_415' title='bbox 648 3316 869 3386; x_wconf 87' lang='lat' dir='ltr'><strong>quinam</strong></span> <span class='ocrx_word' id='word_1_416' title='bbox 903 3329 1068 3372; x_wconf 91' lang='lat' dir='ltr'><strong>erunt</strong></span> <span class='ocrx_word' id='word_1_417' title='bbox 1100 3319 1176 3373; x_wconf 91' lang='lat' dir='ltr'><strong>illi</strong></span> <span class='ocrx_word' id='word_1_418' title='bbox 1203 3321 1363 3399; x_wconf 84' lang='lat' dir='ltr'><strong>pravi</strong></span> <span class='ocrx_word' id='word_1_419' title='bbox 1386 3321 1410 3398; x_wconf 15' lang='lat' dir='ltr'><strong>iv</strong></span> <span class='ocrx_word' id='word_1_420' title='bbox 1439 3320 1546 3387; x_wconf 85' lang='lat' dir='ltr'><strong>Qui</strong></span> <span class='ocrx_word' id='word_1_421' title='bbox 1578 3321 1688 3401; x_wconf 29' lang='lat' dir='ltr'><strong>vel.</strong></span> <span class='ocrx_word' id='word_1_422' title='bbox 1713 3321 2100 3399; x_wconf 83' lang='lat' dir='ltr'><strong>characterem</strong></span> 
     </span>
    </p>
   </div>
   <div class='ocr_carea' id='block_1_62' title="bbox 510 3411 2104 3490">
    <p class='ocr_par' dir='ltr' id='par_1_62' title="bbox 510 3411 2104 3490">
     <span class='ocr_line' id='line_1_62' title="bbox 510 3411 2104 3490; baseline 0.005 -28"><span class='ocrx_word' id='word_1_423' title='bbox 510 3418 725 3480; x_wconf 78' lang='lat' dir='ltr'><strong>gestant</strong></span> <span class='ocrx_word' id='word_1_424' title='bbox 754 3411 940 3466; x_wconf 68' lang='lat' dir='ltr'><strong>bestiae</strong></span> <span class='ocrx_word' id='word_1_425' title='bbox 964 3414 1046 3468; x_wconf 85' lang='lat' dir='ltr'><strong>vel</strong></span> <span class='ocrx_word' id='word_1_426' title='bbox 1079 3414 1316 3470; x_wconf 88' lang='lat' dir='ltr'><strong>adorant</strong></span> <span class='ocrx_word' id='word_1_427' title='bbox 1338 3414 1630 3486; x_wconf 77' lang='lat' dir='ltr'><strong>imaginem</strong></span> <span class='ocrx_word' id='word_1_428' title='bbox 1655 3414 1777 3485; x_wconf 87' lang='lat' dir='ltr'><strong>ejus</strong></span> <span class='ocrx_word' id='word_1_429' title='bbox 1805 3433 1819 3469; x_wconf 89' lang='lat'><strong>:</strong></span> <span class='ocrx_word' id='word_1_430' title='bbox 1852 3430 1918 3469; x_wconf 92' lang='lat' dir='ltr'><strong>eo</strong></span> <span class='ocrx_word' id='word_1_431' title='bbox 1945 3413 2104 3490; x_wconf 23' lang='lat' dir='ltr'><strong>quod.</strong></span> 
     </span>
    </p>
   </div>
   <div class='ocr_carea' id='block_1_63' title="bbox 510 3502 2086 3575">
    <p class='ocr_par' dir='ltr' id='par_1_63' title="bbox 510 3502 2086 3575">
     <span class='ocr_line' id='line_1_63' title="bbox 510 3502 2086 3575; baseline 0.004 -19"><span class='ocrx_word' id='word_1_432' title='bbox 510 3502 910 3560; x_wconf 84' lang='lat' dir='ltr'><strong>diseesserinta</strong></span> <span class='ocrx_word' id='word_1_433' title='bbox 943 3505 1052 3560; x_wconf 88' lang='lat' dir='ltr'><strong>Deo</strong></span> <span class='ocrx_word' id='word_1_434' title='bbox 1078 3506 1318 3575; x_wconf 80' lang='lat' dir='ltr'><strong>vivente,</strong></span> <span class='ocrx_word' id='word_1_435' title='bbox 1349 3518 1403 3564; x_wconf 93' lang='lat' dir='ltr'><strong>et</strong></span> <span class='ocrx_word' id='word_1_436' title='bbox 1428 3507 1494 3563; x_wconf 88' lang='lat' dir='ltr'><strong>ad</strong></span> <span class='ocrx_word' id='word_1_437' title='bbox 1515 3507 1917 3563; x_wconf 83' lang='lat' dir='ltr'><strong>Antichristum</strong></span> <span class='ocrx_word' id='word_1_438' title='bbox 1947 3523 2086 3563; x_wconf 88' lang='lat' dir='ltr'><strong>cou-</strong></span> 
     </span>
    </p>
   </div>
   <div class='ocr_carea' id='block_1_64' title="bbox 511 3590 2090 3676">
    <p class='ocr_par' dir='ltr' id='par_1_64' title="bbox 511 3590 2090 3676">
     <span class='ocr_line' id='line_1_64' title="bbox 511 3590 2090 3676; baseline 0.005 -31"><span class='ocrx_word' id='word_1_439' title='bbox 511 3590 787 3648; x_wconf 77' lang='lat' dir='ltr'><strong>lluxerint.</strong></span> <span class='ocrx_word' id='word_1_440' title='bbox 814 3593 986 3649; x_wconf 85' lang='lat' dir='ltr'><strong>Porro</strong></span> <span class='ocrx_word' id='word_1_441' title='bbox 1025 3595 1316 3676; x_wconf 79' lang='lat' dir='ltr'><strong>imaginem</strong></span> <span class='ocrx_word' id='word_1_442' title='bbox 1363 3598 1577 3665; x_wconf 66' lang='lat' dir='ltr'><strong>bestiae,</strong></span> <span class='ocrx_word' id='word_1_443' title='bbox 1637 3598 1691 3654; x_wconf 87' lang='lat' dir='ltr'><strong>id</strong></span> <span class='ocrx_word' id='word_1_444' title='bbox 1727 3607 1833 3664; x_wconf 89' lang='lat' dir='ltr'><strong>est,</strong></span> <span class='ocrx_word' id='word_1_445' title='bbox 1861 3598 2090 3666; x_wconf 89' lang='lat' dir='ltr'><strong>diaboli,</strong></span> 
     </span>
    </p>
   </div>
   <div class='ocr_carea' id='block_1_65' title="bbox 510 3679 1233 3740">
    <p class='ocr_par' dir='ltr' id='par_1_65' title="bbox 510 3679 1233 3740">
     <span class='ocr_line' id='line_1_65' title="bbox 510 3679 1233 3740; baseline 0.008 -5"><span class='ocrx_word' id='word_1_446' title='bbox 510 3681 644 3737; x_wconf 83' lang='lat' dir='ltr'><strong>dicit</strong></span> <span class='ocrx_word' id='word_1_447' title='bbox 675 3682 1100 3740; x_wconf 86' lang='lat' dir='ltr'><strong>Antichristum.</strong></span> <span class='ocrx_word' id='word_1_448' title='bbox 1231 3679 1233 3682; x_wconf 61' lang='grc'><em>’</em></span> 
     </span>
    </p>
   </div>
   <div class='ocr_carea' id='block_1_66' title="bbox 1043 3821 1526 3878">
    <p class='ocr_par' dir='ltr' id='par_1_66' title="bbox 1043 3821 1526 3878">
     <span class='ocr_line' id='line_1_66' title="bbox 1043 3821 1526 3878; baseline 0 0"><span class='ocrx_word' id='word_1_449' title='bbox 1043 3821 1276 3878; x_wconf 80' lang='lat' dir='ltr'><strong>CAPUT</strong></span> <span class='ocrx_word' id='word_1_450' title='bbox 1314 3823 1526 3878; x_wconf 79' lang='lat' dir='ltr'><strong>XLVII.</strong></span> 
     </span>
    </p>
   </div>
   <div class='ocr_carea' id='block_1_67' title="bbox 511 3951 2094 4031">
    <p class='ocr_par' dir='ltr' id='par_1_67' title="bbox 511 3951 2094 4031">
     <span class='ocr_line' id='line_1_67' title="bbox 511 3951 2094 4031; baseline 0.004 -21"><span class='ocrx_word' id='word_1_451' title='bbox 511 3953 684 4026; x_wconf 84' lang='lat' dir='ltr'><strong>l&#39;laga</strong></span> <span class='ocrx_word' id='word_1_452' title='bbox 749 3958 980 4012; x_wconf 77' lang='lat' dir='ltr'><strong>secunda</strong></span> <span class='ocrx_word' id='word_1_453' title='bbox 1039 3958 1292 4013; x_wconf 80' lang='lat' dir='ltr'><strong>adversus</strong></span> <span class='ocrx_word' id='word_1_454' title='bbox 1342 3951 1405 4014; x_wconf 86' lang='lat' dir='ltr'><strong>ea</strong></span> <span class='ocrx_word' id='word_1_455' title='bbox 1455 3977 1572 4031; x_wconf 76' lang='lat' dir='ltr'><strong>qua:</strong></span> <span class='ocrx_word' id='word_1_456' title='bbox 1636 3959 1992 4030; x_wconf 79' lang='lat' dir='ltr'><strong>objurgantur</strong></span> <span class='ocrx_word' id='word_1_457' title='bbox 2040 3964 2094 4017; x_wconf 84' lang='lat' dir='ltr'><strong>in</strong></span> 
     </span>
    </p>
   </div>
   <div class='ocr_carea' id='block_1_68' title="bbox 801 4033 2101 4086">
    <p class='ocr_par' dir='ltr' id='par_1_68' title="bbox 801 4033 2101 4086">
     <span class='ocr_line' id='line_1_68' title="bbox 801 4033 2101 4086; baseline 0.004 -4"><span class='ocrx_word' id='word_1_458' title='bbox 801 4042 805 4047; x_wconf 92' lang='lat'>&#39;</span> <span class='ocrx_word' id='word_1_459' title='bbox 903 4039 907 4042; x_wconf 80' lang='lat'>&#39;</span> <span class='ocrx_word' id='word_1_460' title='bbox 1093 4047 1096 4050; x_wconf 75' lang='grc'><strong>’</strong></span> <span class='ocrx_word' id='word_1_461' title='bbox 1224 4033 1382 4086; x_wconf 85' lang='lat' dir='ltr'><strong>muri.</strong></span> <span class='ocrx_word' id='word_1_462' title='bbox 2099 4045 2101 4049; x_wconf 91' lang='lat'>&#39;</span> 
     </span>
    </p>
   </div>
   <div class='ocr_carea' id='block_1_69' title="bbox 580 4178 2094 4260">
    <p class='ocr_par' dir='ltr' id='par_1_69' title="bbox 580 4178 2094 4260">
     <span class='ocr_line' id='line_1_69' title="bbox 580 4178 2094 4260; baseline 0.007 -25"><span class='ocrx_word' id='word_1_463' title='bbox 580 4178 720 4249; x_wconf 67' lang='lat' dir='ltr'><strong>XVI,</strong></span> <span class='ocrx_word' id='word_1_464' title='bbox 750 4185 803 4239; x_wconf 83' lang='grc'>5.</span> <span class='ocrx_word' id='word_1_465' title='bbox 839 4185 906 4238; x_wconf 76' lang='lat' dir='ltr'><strong>Et</strong></span> <span class='ocrx_word' id='word_1_466' title='bbox 927 4188 1184 4242; x_wconf 77' lang='lat' dir='ltr'><strong>secundus</strong></span> <span class='ocrx_word' id='word_1_467' title='bbox 1215 4189 1433 4258; x_wconf 76' lang='lat' dir='ltr'><strong>angelus</strong></span> <span class='ocrx_word' id='word_1_468' title='bbox 1460 4190 1646 4258; x_wconf 64' lang='lat' dir='ltr'><strong>emittit</strong></span> <span class='ocrx_word' id='word_1_469' title='bbox 1671 4192 1906 4260; x_wconf 78' lang='lat' dir='ltr'><strong>phimum</strong></span> <span class='ocrx_word' id='word_1_470' title='bbox 1939 4209 2094 4246; x_wconf 75' lang='lat' dir='ltr'><strong>sitam</strong></span> 
     </span>
    </p>
   </div>
   <div class='ocr_carea' id='block_1_70' title="bbox 510 4276 2092 4354">
    <p class='ocr_par' dir='ltr' id='par_1_70' title="bbox 510 4276 2092 4354">
     <span class='ocr_line' id='line_1_70' title="bbox 510 4276 2092 4354; baseline 0.007 -25"><span class='ocrx_word' id='word_1_471' title='bbox 510 4276 566 4330; x_wconf 85' lang='lat' dir='ltr'><strong>in</strong></span> <span class='ocrx_word' id='word_1_472' title='bbox 602 4294 768 4344; x_wconf 88' lang='lat' dir='ltr'><strong>mare,</strong></span> <span class='ocrx_word' id='word_1_473' title='bbox 799 4289 848 4332; x_wconf 89' lang='lat' dir='ltr'><strong>et</strong></span> <span class='ocrx_word' id='word_1_474' title='bbox 884 4279 1059 4348; x_wconf 75' lang='lat' dir='ltr'><strong>factus</strong></span> <span class='ocrx_word' id='word_1_475' title='bbox 1092 4291 1169 4335; x_wconf 81' lang='lat' dir='ltr'><strong>est</strong></span> <span class='ocrx_word' id='word_1_476' title='bbox 1218 4283 1436 4353; x_wconf 75' lang='lat' dir='ltr'><strong>sanguis</strong></span> <span class='ocrx_word' id='word_1_477' title='bbox 1492 4295 1744 4354; x_wconf 84' lang='lat' dir='ltr'><strong>tanquam</strong></span> <span class='ocrx_word' id='word_1_478' title='bbox 1785 4287 2000 4351; x_wconf 84' lang='lat' dir='ltr'><strong>mortui,</strong></span> <span class='ocrx_word' id='word_1_479' title='bbox 2043 4295 2092 4340; x_wconf 89' lang='lat' dir='ltr'><strong>et</strong></span> 
     </span>
    </p>
   </div>
   <div class='ocr_carea' id='block_1_71' title="bbox 510 4371 1711 4431">
    <p class='ocr_par' dir='ltr' id='par_1_71' title="bbox 510 4371 1711 4431">
     <span class='ocr_line' id='line_1_71' title="bbox 510 4371 1711 4431; baseline 0.008 -10"><span class='ocrx_word' id='word_1_480' title='bbox 510 4371 680 4424; x_wconf 74' lang='lat' dir='ltr'><strong>omnis</strong></span> <span class='ocrx_word' id='word_1_481' title='bbox 708 4371 888 4426; x_wconf 80' lang='lat' dir='ltr'><strong>animo</strong></span> <span class='ocrx_word' id='word_1_482' title='bbox 923 4373 1096 4428; x_wconf 77' lang='lat' dir='ltr'><strong>vivens</strong></span> <span class='ocrx_word' id='word_1_483' title='bbox 1122 4383 1330 4429; x_wconf 88' lang='lat' dir='ltr'><strong>mortua</strong></span> <span class='ocrx_word' id='word_1_484' title='bbox 1355 4387 1432 4430; x_wconf 74' lang='lat' dir='ltr'><strong>est</strong></span> <span class='ocrx_word' id='word_1_485' title='bbox 1466 4376 1521 4429; x_wconf 86' lang='lat' dir='ltr'><strong>in</strong></span> <span class='ocrx_word' id='word_1_486' title='bbox 1551 4379 1711 4431; x_wconf 90' lang='lat' dir='ltr'><strong>mari.</strong></span> 
     </span>
    </p>
   </div>
   <div class='ocr_carea' id='block_1_72' title="bbox 2195 3306 3794 3392">
    <p class='ocr_par' dir='ltr' id='par_1_72' title="bbox 2195 3306 3794 3392">
     <span class='ocr_line' id='line_1_72' title="bbox 2195 3306 3794 3392; baseline 0.003 -22"><span class='ocrx_word' id='word_1_487' title='bbox 2195 3316 2423 3384; x_wconf 75' lang='grc' dir='ltr'>νηροὺς</span> <span class='ocrx_word' id='word_1_488' title='bbox 2451 3306 3105 3388; x_wconf 75' lang='grc' dir='ltr'>ἀνθρώπους-,Πονηροὶ</span> <span class='ocrx_word' id='word_1_489' title='bbox 3143 3319 3200 3373; x_wconf 82' lang='grc' dir='ltr'>δὲ</span> <span class='ocrx_word' id='word_1_490' title='bbox 3228 3319 3370 3382; x_wconf 86' lang='grc' dir='ltr'>τίνες</span> <span class='ocrx_word' id='word_1_491' title='bbox 3414 3321 3479 3373; x_wconf 85' lang='grc' dir='ltr'>ἂν</span> <span class='ocrx_word' id='word_1_492' title='bbox 3510 3316 3642 3384; x_wconf 82' lang='grc' dir='ltr'>εἷεν,</span> <span class='ocrx_word' id='word_1_493' title='bbox 3677 3320 3710 3392; x_wconf 70' lang='grc' dir='ltr'>ἢ</span> <span class='ocrx_word' id='word_1_494' title='bbox 3742 3320 3794 3374; x_wconf 81' lang='grc' dir='ltr'>οἱ</span> 
     </span>
    </p>
   </div>
   <div class='ocr_carea' id='block_1_73' title="bbox 2194 3407 3794 3482">
    <p class='ocr_par' dir='ltr' id='par_1_73' title="bbox 2194 3407 3794 3482">
     <span class='ocr_line' id='line_1_73' title="bbox 2194 3407 3794 3482; baseline 0.003 -21"><span class='ocrx_word' id='word_1_495' title='bbox 2194 3407 2256 3462; x_wconf 82' lang='grc' dir='ltr'>τὸ</span> <span class='ocrx_word' id='word_1_496' title='bbox 2286 3409 2552 3479; x_wconf 83' lang='grc' dir='ltr'>χάραγμα</span> <span class='ocrx_word' id='word_1_497' title='bbox 2584 3413 2976 3481; x_wconf 77' lang='grc' dir='ltr'>ἐπιφερόμενοι</span> <span class='ocrx_word' id='word_1_498' title='bbox 3029 3411 3125 3465; x_wconf 87' lang='grc' dir='ltr'><strong>τοῦ</strong></span> <span class='ocrx_word' id='word_1_499' title='bbox 3167 3411 3356 3482; x_wconf 82' lang='grc' dir='ltr'>θηρίου</span> <span class='ocrx_word' id='word_1_500' title='bbox 3383 3451 3398 3474; x_wconf 89' lang='grc'><strong>,</strong></span> <span class='ocrx_word' id='word_1_501' title='bbox 3431 3414 3496 3465; x_wconf 82' lang='grc' dir='ltr'>ὲκ</span> <span class='ocrx_word' id='word_1_502' title='bbox 3525 3412 3618 3465; x_wconf 89' lang='grc' dir='ltr'><strong>τοῦ</strong></span> <span class='ocrx_word' id='word_1_503' title='bbox 3659 3413 3794 3466; x_wconf 83' lang='grc' dir='ltr'>ἀπο-</span> 
     </span>
    </p>
   </div>
   <div class='ocr_carea' id='block_1_74' title="bbox 2199 3494 3794 3573">
    <p class='ocr_par' dir='ltr' id='par_1_74' title="bbox 2199 3494 3794 3573">
     <span class='ocr_line' id='line_1_74' title="bbox 2199 3494 3794 3573; baseline 0.002 -20"><span class='ocrx_word' id='word_1_504' title='bbox 2199 3499 2387 3571; x_wconf 83' lang='grc' dir='ltr'>στῆναι</span> <span class='ocrx_word' id='word_1_505' title='bbox 2435 3501 2538 3570; x_wconf 86' lang='grc' dir='ltr'><strong>μὲν</strong></span> <span class='ocrx_word' id='word_1_506' title='bbox 2573 3502 2682 3554; x_wconf 80' lang='grc' dir='ltr'>ἀπὸ</span> <span class='ocrx_word' id='word_1_507' title='bbox 2733 3504 2872 3556; x_wconf 80' lang='grc' dir='ltr'>Θεοῦ</span> <span class='ocrx_word' id='word_1_508' title='bbox 2927 3494 3154 3567; x_wconf 81' lang='grc' dir='ltr'>ζῶντος,</span> <span class='ocrx_word' id='word_1_509' title='bbox 3190 3500 3268 3572; x_wconf 79' lang='grc' dir='ltr'>τῷ</span> <span class='ocrx_word' id='word_1_510' title='bbox 3326 3502 3687 3573; x_wconf 75' lang='grc' dir='ltr'>Ἀντιχρίστῳ</span> <span class='ocrx_word' id='word_1_511' title='bbox 3735 3502 3794 3556; x_wconf 83' lang='grc' dir='ltr'>δὲ</span> 
     </span>
    </p>
   </div>
   <div class='ocr_carea' id='block_1_75' title="bbox 2197 3595 3796 3668">
    <p class='ocr_par' dir='ltr' id='par_1_75' title="bbox 2197 3595 3796 3668">
     <span class='ocr_line' id='line_1_75' title="bbox 2197 3595 3796 3668; baseline 0.003 -22"><span class='ocrx_word' id='word_1_512' title='bbox 2197 3597 2577 3664; x_wconf 78' lang='grc' dir='ltr'>προσρυῆναι;</span> <span class='ocrx_word' id='word_1_513' title='bbox 2605 3595 2804 3648; x_wconf 82' lang='grc' dir='ltr'>Εἰκόνα</span> <span class='ocrx_word' id='word_1_514' title='bbox 2828 3595 2885 3649; x_wconf 76' lang='grc' dir='ltr'>δὲ</span> <span class='ocrx_word' id='word_1_515' title='bbox 2945 3595 3039 3649; x_wconf 89' lang='grc' dir='ltr'><strong>τοῦ</strong></span> <span class='ocrx_word' id='word_1_516' title='bbox 3067 3596 3260 3666; x_wconf 79' lang='grc' dir='ltr'>θηρίου</span> <span class='ocrx_word' id='word_1_517' title='bbox 3291 3595 3383 3649; x_wconf 83' lang='grc' dir='ltr'><strong>τὸν</strong></span> <span class='ocrx_word' id='word_1_518' title='bbox 3417 3596 3796 3668; x_wconf 84' lang='grc' dir='ltr'>Ἀντίχριστον</span> 
     </span>
    </p>
   </div>
   <div class='ocr_carea' id='block_1_76' title="bbox 2197 3685 3099 3755">
    <p class='ocr_par' dir='ltr' id='par_1_76' title="bbox 2197 3685 3099 3755">
     <span class='ocr_line' id='line_1_76' title="bbox 2197 3685 3099 3755; baseline 0.004 -17"><span class='ocrx_word' id='word_1_519' title='bbox 2197 3685 2370 3755; x_wconf 82' lang='grc' dir='ltr'>λέγει,</span> <span class='ocrx_word' id='word_1_520' title='bbox 2398 3688 2671 3753; x_wconf 81' lang='grc' dir='ltr'>τουτέστι,</span> <span class='ocrx_word' id='word_1_521' title='bbox 2701 3688 2795 3742; x_wconf 88' lang='grc' dir='ltr'><strong>τοῦ</strong></span> <span class='ocrx_word' id='word_1_522' title='bbox 2826 3687 3099 3742; x_wconf 77' lang='grc' dir='ltr'>διαϐόλου.</span> 
     </span>
    </p>
   </div>
   <div class='ocr_carea' id='block_1_77' title="bbox 2696 3823 3203 3881">
    <p class='ocr_par' dir='ltr' id='par_1_77' title="bbox 2696 3823 3203 3881">
     <span class='ocr_line' id='line_1_77' title="bbox 2696 3823 3203 3881; baseline 0.006 -3"><span class='ocrx_word' id='word_1_523' title='bbox 2696 3862 2699 3864; x_wconf 96' lang='grc'><strong>-</strong></span> <span class='ocrx_word' id='word_1_524' title='bbox 2779 3824 3034 3879; x_wconf 77' lang='grc' dir='ltr'><strong>ΚΕΦΑΛ.</strong></span> <span class='ocrx_word' id='word_1_525' title='bbox 3067 3823 3203 3881; x_wconf 84' lang='grc' dir='ltr'><strong>ΜΖ’.</strong></span> 
     </span>
    </p>
   </div>
   <div class='ocr_carea' id='block_1_78' title="bbox 2197 3958 3798 4085">
    <p class='ocr_par' dir='ltr' id='par_1_78' title="bbox 2197 3958 3798 4085">
     <span class='ocr_line' id='line_1_78' title="bbox 2197 3958 3798 4085; baseline 0.006 -74"><span class='ocrx_word' id='word_1_526' title='bbox 2197 3958 2409 4028; x_wconf 75' lang='grc' dir='ltr'>Π.-ίηγὶι</span> <span class='ocrx_word' id='word_1_527' title='bbox 2437 3959 2687 4029; x_wconf 76' lang='grc' dir='ltr'>δευτέρα</span> <span class='ocrx_word' id='word_1_528' title='bbox 2713 3960 2863 4014; x_wconf 80' lang='grc' dir='ltr'>κατὰ</span> <span class='ocrx_word' id='word_1_529' title='bbox 2898 3960 3017 4085; x_wconf 53' lang='lat' dir='ltr'><strong>egw</strong></span> <span class='ocrx_word' id='word_1_530' title='bbox 3060 3963 3131 4014; x_wconf 81' lang='grc' dir='ltr'><strong>ἐν</strong></span> <span class='ocrx_word' id='word_1_531' title='bbox 3176 3962 3466 4033; x_wconf 74' lang='grc' dir='ltr'>θαλάσσῃ</span> <span class='ocrx_word' id='word_1_532' title='bbox 3522 3965 3798 4035; x_wconf 67' lang='grc' dir='ltr'>ἐπιτίμω-</span> 
     </span>
     <span class='ocr_line' id='line_1_79' title="bbox 2887 4047 3102 4085; baseline 0 0"><span class='ocrx_word' id='word_1_533' title='bbox 2887 4047 2923 4085; x_wconf 81' lang='grc' dir='ltr'><strong>ιι</strong></span> <span class='ocrx_word' id='word_1_534' title='bbox 2964 4051 3102 4085; x_wconf 71' lang='grc' dir='ltr'>νων.</span> 
     </span>
    </p>
   </div>
   <div class='ocr_carea' id='block_1_79' title="bbox 2881 4047 3102 4102">
    <p class='ocr_par' dir='ltr' id='par_1_79' title="bbox 2881 4047 3102 4102">
     <span class='ocr_line' id='line_1_80' title="bbox 2881 4047 3102 4102; baseline 0.009 -17"><span class='ocrx_word' id='word_1_535' title='bbox 2881 4047 3102 4102; x_wconf 70' lang='grc' dir='ltr'>μενων.</span> 
     </span>
    </p>
   </div>
   <div class='ocr_carea' id='block_1_80' title="bbox 2269 4189 3799 4266">
    <p class='ocr_par' dir='ltr' id='par_1_80' title="bbox 2269 4189 3799 4266">
     <span class='ocr_line' id='line_1_81' title="bbox 2269 4189 3799 4266; baseline 0.004 -20"><span class='ocrx_word' id='word_1_536' title='bbox 2269 4193 2376 4246; x_wconf 80' lang='lat' dir='ltr'><strong>Kal</strong></span> <span class='ocrx_word' id='word_1_537' title='bbox 2409 4195 2440 4248; x_wconf 84' lang='grc' dir='ltr'><em>ὀ</em></span> <span class='ocrx_word' id='word_1_538' title='bbox 2460 4192 2737 4261; x_wconf 78' lang='grc' dir='ltr'>δεύτερος</span> <span class='ocrx_word' id='word_1_539' title='bbox 2767 4194 3022 4263; x_wconf 67' lang='grc' dir='ltr'>ἄγγελος</span> <span class='ocrx_word' id='word_1_540' title='bbox 3044 4189 3250 4264; x_wconf 79' lang='grc' dir='ltr'><strong>ἐξέχεε</strong></span> <span class='ocrx_word' id='word_1_541' title='bbox 3278 4196 3392 4264; x_wconf 74' lang='grc' dir='ltr'><strong>τὴν</strong></span> <span class='ocrx_word' id='word_1_542' title='bbox 3425 4197 3654 4266; x_wconf 69' lang='grc' dir='ltr'>φιάλην</span> <span class='ocrx_word' id='word_1_543' title='bbox 3685 4200 3799 4252; x_wconf 82' lang='grc' dir='ltr'><strong>αὐ-</strong></span> 
     </span>
    </p>
   </div>
   <div class='ocr_carea' id='block_1_81' title="bbox 2197 4284 3798 4358">
    <p class='ocr_par' dir='ltr' id='par_1_81' title="bbox 2197 4284 3798 4358">
     <span class='ocr_line' id='line_1_82' title="bbox 2197 4284 3798 4358; baseline 0.003 -20"><span class='ocrx_word' id='word_1_544' title='bbox 2197 4284 2304 4339; x_wconf 84' lang='grc' dir='ltr'><strong>τοῦ</strong></span> <span class='ocrx_word' id='word_1_545' title='bbox 2337 4287 2423 4350; x_wconf 77' lang='grc' dir='ltr'><strong>εἰς</strong></span> <span class='ocrx_word' id='word_1_546' title='bbox 2454 4285 2568 4351; x_wconf 78' lang='grc' dir='ltr'><strong>τὴν</strong></span> <span class='ocrx_word' id='word_1_547' title='bbox 2605 4285 2961 4349; x_wconf 71' lang='grc' dir='ltr'>θάλασσαν,</span> <span class='ocrx_word' id='word_1_548' title='bbox 2993 4287 3091 4341; x_wconf 81' lang='grc' dir='ltr'>καὶ</span> <span class='ocrx_word' id='word_1_549' title='bbox 3133 4289 3371 4358; x_wconf 75' lang='grc' dir='ltr'>ἐγένετο</span> <span class='ocrx_word' id='word_1_550' title='bbox 3403 4285 3547 4358; x_wconf 80' lang='grc' dir='ltr'>αἷμα</span> <span class='ocrx_word' id='word_1_551' title='bbox 3589 4291 3670 4354; x_wconf 84' lang='grc' dir='ltr'>ὡς</span> <span class='ocrx_word' id='word_1_552' title='bbox 3694 4308 3798 4344; x_wconf 76' lang='grc' dir='ltr'><strong>νε-</strong></span> 
     </span>
    </p>
   </div>
   <div class='ocr_carea' id='block_1_82' title="bbox 2198 4376 3800 4454">
    <p class='ocr_par' dir='ltr' id='par_1_82' title="bbox 2198 4376 3800 4454">
     <span class='ocr_line' id='line_1_83' title="bbox 2198 4376 3800 4454; baseline 0.004 -24"><span class='ocrx_word' id='word_1_553' title='bbox 2198 4377 2374 4444; x_wconf 81' lang='grc' dir='ltr'>κροῦ,</span> <span class='ocrx_word' id='word_1_554' title='bbox 2417 4378 2516 4432; x_wconf 80' lang='grc' dir='ltr'>καὶ</span> <span class='ocrx_word' id='word_1_555' title='bbox 2551 4376 2721 4433; x_wconf 83' lang='grc' dir='ltr'>πᾶσα</span> <span class='ocrx_word' id='word_1_556' title='bbox 2752 4383 2878 4450; x_wconf 75' lang='grc' dir='ltr'><strong>ψυχ</strong></span> <span class='ocrx_word' id='word_1_557' title='bbox 2891 4381 2922 4450; x_wconf 69' lang='grc' dir='ltr'><em>ἡ</em></span> <span class='ocrx_word' id='word_1_558' title='bbox 2959 4380 3117 4442; x_wconf 75' lang='grc' dir='ltr'>ζῶσα</span> <span class='ocrx_word' id='word_1_559' title='bbox 3139 4383 3445 4438; x_wconf 77' lang='grc' dir='ltr'><strong>ἀπέθανεν</strong></span> <span class='ocrx_word' id='word_1_560' title='bbox 3477 4384 3548 4438; x_wconf 80' lang='grc' dir='ltr'><strong>ἐν</strong></span> <span class='ocrx_word' id='word_1_561' title='bbox 3578 4383 3650 4454; x_wconf 76' lang='grc' dir='ltr'>τῇ</span> <span class='ocrx_word' id='word_1_562' title='bbox 3692 4388 3800 4437; x_wconf 79' lang='grc' dir='ltr'>θα-</span> 
     </span>
    </p>
   </div>
   <div class='ocr_carea' id='block_1_83' title="bbox 2101 4465 2436 4519">
    <p class='ocr_par' dir='ltr' id='par_1_83' title="bbox 2101 4465 2436 4519">
     <span class='ocr_line' id='line_1_84' title="bbox 2101 4465 2436 4519; baseline 0 0"><span class='ocrx_word' id='word_1_563' title='bbox 2101 4491 2106 4502; x_wconf 87' lang='grc'><strong>·</strong></span> <span class='ocrx_word' id='word_1_564' title='bbox 2199 4465 2410 4519; x_wconf 73' lang='grc' dir='ltr'>λάσση</span> <span class='ocrx_word' id='word_1_565' title='bbox 2422 4505 2436 4519; x_wconf 89' lang='grc'><strong>.</strong></span> 
     </span>
    </p>
   </div>
   <div class='ocr_carea' id='block_1_84' title="bbox 583 4485 2118 4638">
    <p class='ocr_par' dir='ltr' id='par_1_84' title="bbox 583 4547 2092 4620">
     <span class='ocr_line' id='line_1_85' title="bbox 583 4547 2092 4620; baseline -0.001 -16"><span class='ocrx_word' id='word_1_566' title='bbox 583 4547 742 4618; x_wconf 79' lang='grc'><strong>78],</strong></span> <span class='ocrx_word' id='word_1_567' title='bbox 782 4547 927 4604; x_wconf 84' lang='lat' dir='ltr'><strong>Mare</strong></span> <span class='ocrx_word' id='word_1_568' title='bbox 969 4560 1063 4605; x_wconf 86' lang='lat' dir='ltr'><strong>aut</strong></span> <span class='ocrx_word' id='word_1_569' title='bbox 1097 4551 1385 4620; x_wconf 67' lang='lat' dir='ltr'><strong>praesentis</strong></span> <span class='ocrx_word' id='word_1_570' title='bbox 1437 4552 1622 4607; x_wconf 68' lang='lat' dir='ltr'><strong>saeculi</strong></span> <span class='ocrx_word' id='word_1_571' title='bbox 1678 4550 2092 4605; x_wconf 89' lang='lat' dir='ltr'><strong>instabilitatem</strong></span> 
     </span>
    </p>
   </div>
   <div class='ocr_carea' id='block_1_85' title="bbox 2203 4485 3800 4638">
    <p class='ocr_par' dir='ltr' id='par_1_85' title="bbox 2203 4485 3800 4638">
     <span class='ocr_line' id='line_1_86' title="bbox 2203 4485 2436 4536; baseline 0 -17"><span class='ocrx_word' id='word_1_572' title='bbox 2203 4485 2436 4536; x_wconf 62' lang='grc' dir='ltr'>κασσῃ.</span> 
     </span>
     <span class='ocr_line' id='line_1_87' title="bbox 2275 4559 3800 4638; baseline 0.008 -26"><span class='ocrx_word' id='word_1_573' title='bbox 2275 4559 2561 4616; x_wconf 80' lang='grc' dir='ltr'>Θάλασσαν</span> <span class='ocrx_word' id='word_1_574' title='bbox 2600 4563 2710 4618; x_wconf 79' lang='grc' dir='ltr'>εἴτε</span> <span class='ocrx_word' id='word_1_575' title='bbox 2761 4564 2823 4618; x_wconf 79' lang='grc' dir='ltr'><strong>τὸ</strong></span> <span class='ocrx_word' id='word_1_576' title='bbox 2854 4565 3208 4636; x_wconf 71' lang='grc' dir='ltr'>ἀστάθμητον</span> <span class='ocrx_word' id='word_1_577' title='bbox 3238 4568 3331 4622; x_wconf 88' lang='grc' dir='ltr'><strong>τοῦ</strong></span> <span class='ocrx_word' id='word_1_578' title='bbox 3362 4568 3632 4638; x_wconf 81' lang='grc' dir='ltr'>παρόντος</span> <span class='ocrx_word' id='word_1_579' title='bbox 3662 4571 3800 4625; x_wconf 77' lang='grc' dir='ltr'><strong>αἰῶ-</strong></span> 
     </span>
    </p>
   </div>
   <div class='ocr_carea' id='block_1_86' title="bbox 511 4643 2097 4717">
    <p class='ocr_par' dir='ltr' id='par_1_86' title="bbox 511 4643 2097 4717">
     <span class='ocr_line' id='line_1_88' title="bbox 511 4643 2097 4717; baseline -0.001 -20"><span class='ocrx_word' id='word_1_580' title='bbox 511 4643 822 4714; x_wconf 85' lang='lat' dir='ltr'><strong>signiﬁcare</strong></span> <span class='ocrx_word' id='word_1_581' title='bbox 855 4647 990 4709; x_wconf 90' lang='lat' dir='ltr'><strong>vult,</strong></span> <span class='ocrx_word' id='word_1_582' title='bbox 1024 4662 1090 4702; x_wconf 88' lang='lat' dir='ltr'><strong>eo</strong></span> <span class='ocrx_word' id='word_1_583' title='bbox 1121 4645 1269 4716; x_wconf 90' lang='lat' dir='ltr'><strong>quod</strong></span> <span class='ocrx_word' id='word_1_584' title='bbox 1305 4657 1434 4702; x_wconf 91' lang='lat' dir='ltr'><strong>tunc</strong></span> <span class='ocrx_word' id='word_1_585' title='bbox 1466 4662 1598 4717; x_wconf 87' lang='lat' dir='ltr'><strong>gens</strong></span> <span class='ocrx_word' id='word_1_586' title='bbox 1629 4644 1820 4699; x_wconf 89' lang='lat' dir='ltr'><strong>bellice</strong></span> <span class='ocrx_word' id='word_1_587' title='bbox 1851 4643 2097 4712; x_wconf 83' lang='lat' dir='ltr'><strong>insurget</strong></span> 
     </span>
    </p>
   </div>
   <div class='ocr_carea' id='block_1_87' title="bbox 509 4732 2096 4806">
    <p class='ocr_par' dir='ltr' id='par_1_87' title="bbox 509 4732 2096 4806">
     <span class='ocr_line' id='line_1_89' title="bbox 509 4732 2096 4806; baseline 0.001 -20"><span class='ocrx_word' id='word_1_588' title='bbox 509 4732 565 4787; x_wconf 89' lang='lat' dir='ltr'><strong>in</strong></span> <span class='ocrx_word' id='word_1_589' title='bbox 589 4743 838 4804; x_wconf 81' lang='lat' dir='ltr'><strong>gentem:</strong></span> <span class='ocrx_word' id='word_1_590' title='bbox 868 4735 1014 4791; x_wconf 88' lang='lat' dir='ltr'><strong>unde</strong></span> <span class='ocrx_word' id='word_1_591' title='bbox 1047 4737 1094 4790; x_wconf 90' lang='lat' dir='ltr'><strong>si</strong></span> <span class='ocrx_word' id='word_1_592' title='bbox 1127 4753 1275 4791; x_wconf 88' lang='lat' dir='ltr'><strong>mare</strong></span> <span class='ocrx_word' id='word_1_593' title='bbox 1306 4736 1510 4806; x_wconf 70' lang='lat' dir='ltr'><strong>praeliis</strong></span> <span class='ocrx_word' id='word_1_594' title='bbox 1532 4735 1841 4799; x_wconf 77' lang='lat' dir='ltr'><strong>navalibus,</strong></span> <span class='ocrx_word' id='word_1_595' title='bbox 1866 4742 1921 4788; x_wconf 90' lang='lat' dir='ltr'><strong>et</strong></span> <span class='ocrx_word' id='word_1_596' title='bbox 1953 4743 2096 4788; x_wconf 89' lang='lat' dir='ltr'><strong>terra</strong></span> 
     </span>
    </p>
   </div>
   <div class='ocr_carea' id='block_1_88' title="bbox 509 4826 2098 4900">
    <p class='ocr_par' dir='ltr' id='par_1_88' title="bbox 509 4826 2098 4900">
     <span class='ocr_line' id='line_1_90' title="bbox 509 4826 2098 4900; baseline 0.001 -18"><span class='ocrx_word' id='word_1_597' title='bbox 509 4837 564 4882; x_wconf 90' lang='lat' dir='ltr'><strong>et</strong></span> <span class='ocrx_word' id='word_1_598' title='bbox 603 4827 825 4884; x_wconf 86' lang='lat' dir='ltr'><strong>ﬂumina</strong></span> <span class='ocrx_word' id='word_1_599' title='bbox 879 4845 1070 4884; x_wconf 91' lang='lat' dir='ltr'><strong>eorum</strong></span> <span class='ocrx_word' id='word_1_600' title='bbox 1117 4829 1209 4900; x_wconf 88' lang='lat' dir='ltr'><strong>qui</strong></span> <span class='ocrx_word' id='word_1_601' title='bbox 1257 4831 1587 4885; x_wconf 85' lang='lat' dir='ltr'><strong>occiduntur</strong></span> <span class='ocrx_word' id='word_1_602' title='bbox 1629 4829 1896 4898; x_wconf 80' lang='lat' dir='ltr'><strong>sanguine</strong></span> <span class='ocrx_word' id='word_1_603' title='bbox 1932 4826 2098 4883; x_wconf 84' lang='lat' dir='ltr'><strong>rube-</strong></span> 
     </span>
    </p>
   </div>
   <div class='ocr_carea' id='block_1_89' title="bbox 511 4920 2098 4991">
    <p class='ocr_par' dir='ltr' id='par_1_89' title="bbox 511 4920 2098 4991">
     <span class='ocr_line' id='line_1_91' title="bbox 511 4920 2098 4991; baseline -0.001 -14"><span class='ocrx_word' id='word_1_604' title='bbox 511 4931 688 4986; x_wconf 88' lang='lat' dir='ltr'><strong>scant,</strong></span> <span class='ocrx_word' id='word_1_605' title='bbox 731 4924 868 4978; x_wconf 89' lang='lat' dir='ltr'><strong>nihil</strong></span> <span class='ocrx_word' id='word_1_606' title='bbox 899 4923 1100 4977; x_wconf 88' lang='lat' dir='ltr'><strong>mirum</strong></span> <span class='ocrx_word' id='word_1_607' title='bbox 1133 4933 1248 4978; x_wconf 90' lang='lat' dir='ltr'><strong>est:</strong></span> <span class='ocrx_word' id='word_1_608' title='bbox 1287 4923 1402 4977; x_wconf 90' lang='lat' dir='ltr'><strong>sive</strong></span> <span class='ocrx_word' id='word_1_609' title='bbox 1433 4921 1577 4991; x_wconf 87' lang='lat' dir='ltr'><strong>quod</strong></span> <span class='ocrx_word' id='word_1_610' title='bbox 1613 4921 1799 4975; x_wconf 82' lang='lat' dir='ltr'><strong>divina</strong></span> <span class='ocrx_word' id='word_1_611' title='bbox 1833 4920 2032 4974; x_wconf 87' lang='lat' dir='ltr'><strong>virtute</strong></span> <span class='ocrx_word' id='word_1_612' title='bbox 2067 4935 2098 4976; x_wconf 88' lang='lat' dir='ltr'><strong>a</strong></span> 
     </span>
    </p>
   </div>
   <div class='ocr_carea' id='block_1_90' title="bbox 510 5009 2101 5090">
    <p class='ocr_par' dir='ltr' id='par_1_90' title="bbox 510 5009 2101 5090">
     <span class='ocr_line' id='line_1_92' title="bbox 510 5009 2101 5090; baseline -0.001 -23"><span class='ocrx_word' id='word_1_613' title='bbox 510 5014 716 5068; x_wconf 87' lang='lat' dir='ltr'><strong>sanctis</strong></span> <span class='ocrx_word' id='word_1_614' title='bbox 767 5013 1046 5084; x_wconf 84' lang='lat' dir='ltr'><strong>prophetis</strong></span> <span class='ocrx_word' id='word_1_615' title='bbox 1093 5012 1280 5090; x_wconf 86' lang='lat' dir='ltr'><strong>Enoch</strong></span> <span class='ocrx_word' id='word_1_616' title='bbox 1315 5023 1368 5068; x_wconf 89' lang='lat' dir='ltr'><strong>et</strong></span> <span class='ocrx_word' id='word_1_617' title='bbox 1406 5013 1518 5066; x_wconf 89' lang='lat' dir='ltr'><strong>Elia</strong></span> <span class='ocrx_word' id='word_1_618' title='bbox 1563 5012 1655 5067; x_wconf 84' lang='lat' dir='ltr'><strong>ﬁet</strong></span> <span class='ocrx_word' id='word_1_619' title='bbox 1689 5022 1816 5065; x_wconf 90' lang='lat' dir='ltr'><strong>tunc</strong></span> <span class='ocrx_word' id='word_1_620' title='bbox 1846 5009 2101 5066; x_wconf 82' lang='lat' dir='ltr'><strong>fortassis</strong></span> 
     </span>
    </p>
   </div>
   <div class='ocr_carea' id='block_1_91' title="bbox 511 5103 2098 5177">
    <p class='ocr_par' dir='ltr' id='par_1_91' title="bbox 511 5103 2098 5177">
     <span class='ocr_line' id='line_1_93' title="bbox 511 5103 2098 5177; baseline 0.001 -20"><span class='ocrx_word' id='word_1_621' title='bbox 511 5106 743 5160; x_wconf 84' lang='lat' dir='ltr'><strong>mutatio</strong></span> <span class='ocrx_word' id='word_1_622' title='bbox 772 5121 1042 5177; x_wconf 87' lang='lat' dir='ltr'><strong>aquarum</strong></span> <span class='ocrx_word' id='word_1_623' title='bbox 1071 5105 1124 5159; x_wconf 94' lang='lat' dir='ltr'><strong>in</strong></span> <span class='ocrx_word' id='word_1_624' title='bbox 1163 5105 1487 5174; x_wconf 88' lang='lat' dir='ltr'><strong>sanguinem</strong></span> <span class='ocrx_word' id='word_1_625' title='bbox 1509 5145 1523 5170; x_wconf 92' lang='lat'><strong>,</strong></span> <span class='ocrx_word' id='word_1_626' title='bbox 1557 5103 1624 5158; x_wconf 88' lang='lat' dir='ltr'><strong>ad</strong></span> <span class='ocrx_word' id='word_1_627' title='bbox 1659 5103 2098 5174; x_wconf 85' lang='lat' dir='ltr'><strong>redargutionem</strong></span> 
     </span>
    </p>
   </div>
   <div class='ocr_carea' id='block_1_92' title="bbox 512 5195 2102 5268">
    <p class='ocr_par' dir='ltr' id='par_1_92' title="bbox 512 5195 2102 5268">
     <span class='ocr_line' id='line_1_94' title="bbox 512 5195 2102 5268; baseline 0 -18"><span class='ocrx_word' id='word_1_628' title='bbox 512 5211 699 5268; x_wconf 88' lang='lat' dir='ltr'><strong>eorum</strong></span> <span class='ocrx_word' id='word_1_629' title='bbox 723 5198 815 5266; x_wconf 88' lang='lat' dir='ltr'><strong>qui</strong></span> <span class='ocrx_word' id='word_1_630' title='bbox 842 5197 1053 5253; x_wconf 89' lang='lat' dir='ltr'><strong>seducti</strong></span> <span class='ocrx_word' id='word_1_631' title='bbox 1082 5198 1291 5254; x_wconf 85' lang='lat' dir='ltr'><strong>fuerint</strong></span> <span class='ocrx_word' id='word_1_632' title='bbox 1321 5215 1334 5251; x_wconf 92' lang='lat'>:</span> <span class='ocrx_word' id='word_1_633' title='bbox 1359 5197 1824 5268; x_wconf 88' lang='lat' dir='ltr'><strong>quemadmodum</strong></span> <span class='ocrx_word' id='word_1_634' title='bbox 1851 5196 1906 5250; x_wconf 91' lang='lat' dir='ltr'><strong>in</strong></span> <span class='ocrx_word' id='word_1_635' title='bbox 1936 5195 2102 5267; x_wconf 64' lang='lat' dir='ltr'><strong>IEgy-</strong></span> 
     </span>
    </p>
   </div>
   <div class='ocr_carea' id='block_1_93' title="bbox 513 5287 2099 5359">
    <p class='ocr_par' dir='ltr' id='par_1_93' title="bbox 513 5287 2099 5359">
     <span class='ocr_line' id='line_1_95' title="bbox 513 5287 2099 5359; baseline 0.003 -21"><span class='ocrx_word' id='word_1_636' title='bbox 513 5297 606 5358; x_wconf 79' lang='lat' dir='ltr'><strong>pto</strong></span> <span class='ocrx_word' id='word_1_637' title='bbox 635 5289 739 5344; x_wconf 87' lang='lat' dir='ltr'><strong>sub</strong></span> <span class='ocrx_word' id='word_1_638' title='bbox 770 5287 918 5342; x_wconf 84' lang='lat' dir='ltr'><strong>Mose</strong></span> <span class='ocrx_word' id='word_1_639' title='bbox 958 5303 1222 5344; x_wconf 89' lang='lat' dir='ltr'><strong>conversa</strong></span> <span class='ocrx_word' id='word_1_640' title='bbox 1261 5300 1389 5346; x_wconf 90' lang='lat' dir='ltr'><strong>sunt</strong></span> <span class='ocrx_word' id='word_1_641' title='bbox 1420 5288 1638 5343; x_wconf 73' lang='lat' dir='ltr'><strong>ﬂuuiina</strong></span> <span class='ocrx_word' id='word_1_642' title='bbox 1692 5307 1705 5343; x_wconf 92' lang='lat'>:</span> <span class='ocrx_word' id='word_1_643' title='bbox 1743 5289 1890 5359; x_wconf 87' lang='lat' dir='ltr'><strong>quod</strong></span> <span class='ocrx_word' id='word_1_644' title='bbox 1935 5289 2099 5343; x_wconf 89' lang='lat' dir='ltr'><strong>etiam</strong></span> 
     </span>
    </p>
   </div>
   <div class='ocr_carea' id='block_1_94' title="bbox 514 5380 2102 5452">
    <p class='ocr_par' dir='ltr' id='par_1_94' title="bbox 514 5380 2102 5452">
     <span class='ocr_line' id='line_1_96' title="bbox 514 5380 2102 5452; baseline 0.002 -18"><span class='ocrx_word' id='word_1_645' title='bbox 514 5380 689 5449; x_wconf 88' lang='lat' dir='ltr'><strong>magis</strong></span> <span class='ocrx_word' id='word_1_646' title='bbox 721 5380 985 5450; x_wconf 88' lang='lat' dir='ltr'><strong>consequi</strong></span> <span class='ocrx_word' id='word_1_647' title='bbox 1022 5381 1213 5436; x_wconf 87' lang='lat' dir='ltr'><strong>tribuit</strong></span> <span class='ocrx_word' id='word_1_648' title='bbox 1237 5383 1287 5436; x_wconf 91' lang='lat' dir='ltr'><strong>id</strong></span> <span class='ocrx_word' id='word_1_649' title='bbox 1321 5383 1465 5452; x_wconf 89' lang='lat' dir='ltr'><strong>quod</strong></span> <span class='ocrx_word' id='word_1_650' title='bbox 1500 5382 1870 5452; x_wconf 87' lang='lat' dir='ltr'><strong>subjungitur,</strong></span> <span class='ocrx_word' id='word_1_651' title='bbox 1905 5397 2102 5451; x_wconf 88' lang='lat' dir='ltr'><strong>nempe</strong></span> 
     </span>
    </p>
   </div>
   <div class='ocr_carea' id='block_1_95' title="bbox 514 5457 2100 5545">
    <p class='ocr_par' dir='ltr' id='par_1_95' title="bbox 514 5457 2100 5545">
     <span class='ocr_line' id='line_1_97' title="bbox 514 5457 2100 5545; baseline 0 -17"><span class='ocrx_word' id='word_1_652' title='bbox 514 5457 740 5540; x_wconf 82' lang='lat' dir='ltr'><strong>sanguis</strong></span> <span class='ocrx_word' id='word_1_653' title='bbox 774 5487 883 5525; x_wconf 87' lang='lat' dir='ltr'><strong>non</strong></span> <span class='ocrx_word' id='word_1_654' title='bbox 923 5473 1164 5539; x_wconf 88' lang='lat' dir='ltr'><strong>mortui,</strong></span> <span class='ocrx_word' id='word_1_655' title='bbox 1217 5475 1310 5530; x_wconf 90' lang='lat' dir='ltr'><strong>sed</strong></span> <span class='ocrx_word' id='word_1_656' title='bbox 1363 5483 1624 5545; x_wconf 85' lang='lat' dir='ltr'><strong>tanquam</strong></span> <span class='ocrx_word' id='word_1_657' title='bbox 1679 5475 1903 5541; x_wconf 85' lang='lat' dir='ltr'><strong>mortui,</strong></span> <span class='ocrx_word' id='word_1_658' title='bbox 1953 5475 2100 5545; x_wconf 89' lang='lat' dir='ltr'><strong>quod</strong></span> 
     </span>
    </p>
   </div>
   <div class='ocr_carea' id='block_1_96' title="bbox 512 5561 2102 5636">
    <p class='ocr_par' dir='ltr' id='par_1_96' title="bbox 512 5561 2102 5636">
     <span class='ocr_line' id='line_1_98' title="bbox 512 5561 2102 5636; baseline 0.003 -19"><span class='ocrx_word' id='word_1_659' title='bbox 512 5563 784 5634; x_wconf 85' lang='lat' dir='ltr'><strong>particula</strong></span> <span class='ocrx_word' id='word_1_660' title='bbox 801 5561 898 5629; x_wconf 80' lang='grc' dir='ltr'><strong>ὡς,</strong></span> <span class='ocrx_word' id='word_1_661' title='bbox 925 5563 977 5618; x_wconf 88' lang='lat' dir='ltr'><strong>id</strong></span> <span class='ocrx_word' id='word_1_662' title='bbox 1001 5575 1084 5619; x_wconf 90' lang='lat' dir='ltr'><strong>est</strong></span> <span class='ocrx_word' id='word_1_663' title='bbox 1110 5575 1382 5636; x_wconf 86' lang='lat' dir='ltr'><strong>tanquam,</strong></span> <span class='ocrx_word' id='word_1_664' title='bbox 1413 5581 1520 5621; x_wconf 90' lang='lat' dir='ltr'><strong>non</strong></span> <span class='ocrx_word' id='word_1_665' title='bbox 1547 5567 1621 5620; x_wconf 86' lang='lat' dir='ltr'><strong>rei</strong></span> <span class='ocrx_word' id='word_1_666' title='bbox 1650 5567 1971 5634; x_wconf 75' lang='lat' dir='ltr'><strong>efﬁcaciam,</strong></span> <span class='ocrx_word' id='word_1_667' title='bbox 2006 5567 2102 5622; x_wconf 69' lang='grc' dir='ltr'><strong>δυσὶ</strong></span> 
     </span>
    </p>
   </div>
   <div class='ocr_carea' id='block_1_97' title="bbox 518 5654 2102 5729">
    <p class='ocr_par' dir='ltr' id='par_1_97' title="bbox 518 5654 2102 5729">
     <span class='ocr_line' id='line_1_99' title="bbox 518 5654 2102 5729; baseline 0.002 -19"><span class='ocrx_word' id='word_1_668' title='bbox 518 5654 932 5711; x_wconf 87' lang='lat' dir='ltr'><strong>similitudinem</strong></span> <span class='ocrx_word' id='word_1_669' title='bbox 979 5657 1032 5712; x_wconf 93' lang='lat' dir='ltr'><strong>in</strong></span> <span class='ocrx_word' id='word_1_670' title='bbox 1087 5659 1399 5716; x_wconf 84' lang='lat' dir='ltr'><strong>universum</strong></span> <span class='ocrx_word' id='word_1_671' title='bbox 1450 5658 1694 5729; x_wconf 81' lang='lat' dir='ltr'><strong>designet</strong></span> <span class='ocrx_word' id='word_1_672' title='bbox 1752 5677 1764 5711; x_wconf 89' lang='lat'><strong>:</strong></span> <span class='ocrx_word' id='word_1_673' title='bbox 1817 5660 1891 5714; x_wconf 87' lang='lat' dir='ltr'><strong>ita</strong></span> <span class='ocrx_word' id='word_1_674' title='bbox 1935 5668 1994 5714; x_wconf 94' lang='lat' dir='ltr'><strong>ut</strong></span> <span class='ocrx_word' id='word_1_675' title='bbox 2037 5675 2102 5714; x_wconf 86' lang='lat' dir='ltr'><strong>ea</strong></span> 
     </span>
    </p>
   </div>
   <div class='ocr_carea' id='block_1_98' title="bbox 521 5743 2100 5825">
    <p class='ocr_par' dir='ltr' id='par_1_98' title="bbox 521 5743 2100 5825">
     <span class='ocr_line' id='line_1_100' title="bbox 521 5743 2100 5825; baseline 0.006 -28"><span class='ocrx_word' id='word_1_676' title='bbox 521 5743 838 5813; x_wconf 85' lang='lat' dir='ltr'><strong>conjectura</strong></span> <span class='ocrx_word' id='word_1_677' title='bbox 872 5765 978 5804; x_wconf 88' lang='lat' dir='ltr'><strong>non</strong></span> <span class='ocrx_word' id='word_1_678' title='bbox 1015 5751 1171 5825; x_wconf 85' lang='lat' dir='ltr'><strong>longe</strong></span> <span class='ocrx_word' id='word_1_679' title='bbox 1198 5754 1416 5810; x_wconf 83' lang='lat' dir='ltr'><strong>aberret</strong></span> <span class='ocrx_word' id='word_1_680' title='bbox 1447 5770 1474 5807; x_wconf 84' lang='lat' dir='ltr'><strong>a</strong></span> <span class='ocrx_word' id='word_1_681' title='bbox 1509 5767 1696 5821; x_wconf 80' lang='lat' dir='ltr'><strong>SCOpO.</strong></span> <span class='ocrx_word' id='word_1_682' title='bbox 1725 5751 1921 5806; x_wconf 74' lang='grc' dir='ltr'><strong>Μυγιυί</strong></span> <span class='ocrx_word' id='word_1_683' title='bbox 1953 5767 2100 5819; x_wconf 79' lang='lat' dir='ltr'><strong>vero,</strong></span> 
     </span>
    </p>
   </div>
   <div class='ocr_carea' id='block_1_99' title="bbox 520 5832 1027 5911">
    <p class='ocr_par' dir='ltr' id='par_1_99' title="bbox 520 5832 1027 5911">
     <span class='ocr_line' id='line_1_101' title="bbox 520 5832 1027 5911; baseline 0.02 -26"><span class='ocrx_word' id='word_1_684' title='bbox 520 5832 625 5887; x_wconf 88' lang='lat' dir='ltr'><strong>hoc</strong></span> <span class='ocrx_word' id='word_1_685' title='bbox 650 5846 750 5903; x_wconf 68' lang='lat' dir='ltr'><strong>est,</strong></span> <span class='ocrx_word' id='word_1_686' title='bbox 778 5836 1027 5911; x_wconf 84' lang='lat' dir='ltr'><strong>jugulati.</strong></span> 
     </span>
    </p>
   </div>
   <div class='ocr_carea' id='block_1_100' title="bbox 2199 4651 3800 4728">
    <p class='ocr_par' dir='ltr' id='par_1_100' title="bbox 2199 4651 3800 4728">
     <span class='ocr_line' id='line_1_102' title="bbox 2199 4651 3800 4728; baseline 0.007 -26"><span class='ocrx_word' id='word_1_687' title='bbox 2199 4667 2290 4713; x_wconf 90' lang='grc' dir='ltr'><strong>νος</strong></span> <span class='ocrx_word' id='word_1_688' title='bbox 2309 4651 2622 4722; x_wconf 78' lang='grc' dir='ltr'>ἐκδέχεσθαι</span> <span class='ocrx_word' id='word_1_689' title='bbox 2657 4655 2926 4725; x_wconf 82' lang='grc' dir='ltr'>βούλεται,</span> <span class='ocrx_word' id='word_1_690' title='bbox 2951 4657 3074 4710; x_wconf 81' lang='grc' dir='ltr'>καθ’</span> <span class='ocrx_word' id='word_1_691' title='bbox 3103 4658 3162 4712; x_wconf 85' lang='grc' dir='ltr'>ἒν</span> <span class='ocrx_word' id='word_1_692' title='bbox 3186 4659 3246 4712; x_wconf 84' lang='grc' dir='ltr'><strong>τὸ</strong></span> <span class='ocrx_word' id='word_1_693' title='bbox 3278 4660 3584 4728; x_wconf 86' lang='grc' dir='ltr'>τηνικαῦτα</span> <span class='ocrx_word' id='word_1_694' title='bbox 3611 4661 3800 4726; x_wconf 79' lang='grc' dir='ltr'>ἔθνους</span> 
     </span>
    </p>
   </div>
   <div class='ocr_carea' id='block_1_101' title="bbox 2199 4741 3798 4817">
    <p class='ocr_par' dir='ltr' id='par_1_101' title="bbox 2199 4741 3798 4817">
     <span class='ocr_line' id='line_1_103' title="bbox 2199 4741 3798 4817; baseline 0.005 -23"><span class='ocrx_word' id='word_1_695' title='bbox 2199 4741 2286 4795; x_wconf 73' lang='grc' dir='ltr'><strong>ἐπ’</strong></span> <span class='ocrx_word' id='word_1_696' title='bbox 2333 4741 2484 4806; x_wconf 77' lang='grc' dir='ltr'>ἔθνος</span> <span class='ocrx_word' id='word_1_697' title='bbox 2514 4744 2789 4814; x_wconf 84' lang='grc' dir='ltr'>πολεμίως</span> <span class='ocrx_word' id='word_1_698' title='bbox 2825 4748 3178 4817; x_wconf 73' lang='grc' dir='ltr'>ἐγειρομένου</span> <span class='ocrx_word' id='word_1_699' title='bbox 3220 4765 3233 4779; x_wconf 84' lang='grc'><em>’</em></span> <span class='ocrx_word' id='word_1_700' title='bbox 3270 4750 3392 4804; x_wconf 80' lang='grc' dir='ltr'>ὅθεν</span> <span class='ocrx_word' id='word_1_701' title='bbox 3445 4751 3540 4804; x_wconf 80' lang='grc' dir='ltr'><strong>καὶ</strong></span> <span class='ocrx_word' id='word_1_702' title='bbox 3585 4752 3634 4804; x_wconf 86' lang='grc' dir='ltr'>εἰ</span> <span class='ocrx_word' id='word_1_703' title='bbox 3659 4767 3798 4804; x_wconf 86' lang='grc' dir='ltr'>ναυ-</span> 
     </span>
    </p>
   </div>
   <div class='ocr_carea' id='block_1_102' title="bbox 2204 4835 3801 4915">
    <p class='ocr_par' dir='ltr' id='par_1_102' title="bbox 2204 4835 3801 4915">
     <span class='ocr_line' id='line_1_104' title="bbox 2204 4835 3801 4915; baseline 0.008 -28"><span class='ocrx_word' id='word_1_704' title='bbox 2204 4835 2428 4905; x_wconf 85' lang='grc' dir='ltr'>μαχίαις</span> <span class='ocrx_word' id='word_1_705' title='bbox 2473 4838 2506 4908; x_wconf 84' lang='grc' dir='ltr'><strong>ἠ</strong></span> <span class='ocrx_word' id='word_1_706' title='bbox 2553 4837 2826 4903; x_wconf 78' lang='grc' dir='ltr'>θάλασσα,</span> <span class='ocrx_word' id='word_1_707' title='bbox 2874 4840 3031 4911; x_wconf 82' lang='grc' dir='ltr'>καὶὴ</span> <span class='ocrx_word' id='word_1_708' title='bbox 3070 4843 3142 4912; x_wconf 85' lang='grc' dir='ltr'>γῆ</span> <span class='ocrx_word' id='word_1_709' title='bbox 3188 4843 3286 4897; x_wconf 78' lang='grc' dir='ltr'><strong>καὶ</strong></span> <span class='ocrx_word' id='word_1_710' title='bbox 3323 4845 3370 4897; x_wconf 82' lang='lat' dir='ltr'><strong>oi</strong></span> <span class='ocrx_word' id='word_1_711' title='bbox 3416 4848 3656 4915; x_wconf 73' lang='grc' dir='ltr'>ποταμοὶ</span> <span class='ocrx_word' id='word_1_712' title='bbox 3686 4845 3801 4900; x_wconf 85' lang='grc' dir='ltr'><strong>τῶν</strong></span> 
     </span>
    </p>
   </div>
   <div class='ocr_carea' id='block_1_103' title="bbox 2200 4927 3798 5005">
    <p class='ocr_par' dir='ltr' id='par_1_103' title="bbox 2200 4927 3798 5005">
     <span class='ocr_line' id='line_1_105' title="bbox 2200 4927 3798 5005; baseline 0.006 -25"><span class='ocrx_word' id='word_1_713' title='bbox 2200 4927 2677 5000; x_wconf 80' lang='grc' dir='ltr'>ὰποκτεινομὲνων</span> <span class='ocrx_word' id='word_1_714' title='bbox 2699 4931 3069 4999; x_wconf 76' lang='grc' dir='ltr'>φοινίσσονται</span> <span class='ocrx_word' id='word_1_715' title='bbox 3093 4934 3344 5005; x_wconf 77' lang='grc' dir='ltr'>αἰμασιν,</span> <span class='ocrx_word' id='word_1_716' title='bbox 3368 4936 3520 4990; x_wconf 84' lang='grc' dir='ltr'>οὐδὲν</span> <span class='ocrx_word' id='word_1_717' title='bbox 3542 4938 3648 4990; x_wconf 83' lang='grc' dir='ltr'>ἀπε</span> <span class='ocrx_word' id='word_1_718' title='bbox 3659 4938 3798 5001; x_wconf 73' lang='grc' dir='ltr'>ικδς,</span> 
     </span>
    </p>
   </div>
   <div class='ocr_carea' id='block_1_104' title="bbox 2201 5019 3798 5100">
    <p class='ocr_par' dir='ltr' id='par_1_104' title="bbox 2201 5019 3798 5100">
     <span class='ocr_line' id='line_1_106' title="bbox 2201 5019 3798 5100; baseline 0.009 -29"><span class='ocrx_word' id='word_1_719' title='bbox 2201 5019 2311 5072; x_wconf 79' lang='grc' dir='ltr'>εἴτε</span> <span class='ocrx_word' id='word_1_720' title='bbox 2340 5022 2434 5075; x_wconf 74' lang='grc' dir='ltr'>καὶ</span> <span class='ocrx_word' id='word_1_721' title='bbox 2457 5021 2580 5094; x_wconf 73' lang='grc' dir='ltr'>θεία</span> <span class='ocrx_word' id='word_1_722' title='bbox 2607 5024 2836 5096; x_wconf 83' lang='grc' dir='ltr'>δυνάμει</span> <span class='ocrx_word' id='word_1_723' title='bbox 2869 5022 3004 5095; x_wconf 82' lang='grc' dir='ltr'>πρὸς</span> <span class='ocrx_word' id='word_1_724' title='bbox 3027 5027 3252 5099; x_wconf 82' lang='grc' dir='ltr'>ἔλεγχον</span> <span class='ocrx_word' id='word_1_725' title='bbox 3277 5029 3387 5082; x_wconf 86' lang='grc' dir='ltr'><strong>τῶν</strong></span> <span class='ocrx_word' id='word_1_726' title='bbox 3413 5031 3798 5100; x_wconf 80' lang='grc' dir='ltr'>ἁπατωμένων</span> 
     </span>
    </p>
   </div>
   <div class='ocr_carea' id='block_1_105' title="bbox 2202 5115 3797 5196">
    <p class='ocr_par' dir='ltr' id='par_1_105' title="bbox 2202 5115 3797 5196">
     <span class='ocr_line' id='line_1_107' title="bbox 2202 5115 3797 5196; baseline 0.007 -30"><span class='ocrx_word' id='word_1_727' title='bbox 2202 5115 2323 5167; x_wconf 82' lang='grc' dir='ltr'>τότε</span> <span class='ocrx_word' id='word_1_728' title='bbox 2367 5115 2470 5168; x_wconf 76' lang='grc' dir='ltr'>ὑπὸ</span> <span class='ocrx_word' id='word_1_729' title='bbox 2502 5116 2610 5170; x_wconf 88' lang='grc' dir='ltr'><strong>τῶν</strong></span> <span class='ocrx_word' id='word_1_730' title='bbox 2646 5117 2820 5186; x_wconf 84' lang='grc' dir='ltr'>ἁγίων</span> <span class='ocrx_word' id='word_1_731' title='bbox 2855 5119 3153 5188; x_wconf 73' lang='grc' dir='ltr'>προφητῶν</span> <span class='ocrx_word' id='word_1_732' title='bbox 3198 5120 3369 5192; x_wconf 85' lang='grc' dir='ltr'>Ἑνὼχ</span> <span class='ocrx_word' id='word_1_733' title='bbox 3417 5125 3514 5176; x_wconf 65' lang='grc' dir='ltr'><strong>καλ⁸</strong></span> <span class='ocrx_word' id='word_1_734' title='bbox 3565 5123 3719 5176; x_wconf 82' lang='grc' dir='ltr'>Ἠλία</span> <span class='ocrx_word' id='word_1_735' title='bbox 3762 5124 3797 5196; x_wconf 76' lang='grc' dir='ltr'>ἡ</span> 
     </span>
    </p>
   </div>
   <div class='ocr_carea' id='block_1_106' title="bbox 2208 5207 3798 5286">
    <p class='ocr_par' dir='ltr' id='par_1_106' title="bbox 2208 5207 3798 5286">
     <span class='ocr_line' id='line_1_108' title="bbox 2208 5207 3798 5286; baseline 0.007 -28"><span class='ocrx_word' id='word_1_736' title='bbox 2208 5207 2481 5278; x_wconf 79' lang='grc' dir='ltr'>μεταϐολὴ</span> <span class='ocrx_word' id='word_1_737' title='bbox 2511 5208 2722 5276; x_wconf 83' lang='grc' dir='ltr'>γένοιτο</span> <span class='ocrx_word' id='word_1_738' title='bbox 2751 5210 2960 5265; x_wconf 81' lang='grc' dir='ltr'>ὑδάτων</span> <span class='ocrx_word' id='word_1_739' title='bbox 2999 5212 3078 5274; x_wconf 83' lang='grc' dir='ltr'><strong>είς</strong></span> <span class='ocrx_word' id='word_1_740' title='bbox 3110 5207 3273 5283; x_wconf 77' lang='grc' dir='ltr'>αἷμα,</span> <span class='ocrx_word' id='word_1_741' title='bbox 3305 5212 3381 5276; x_wconf 82' lang='grc' dir='ltr'>ὡς</span> <span class='ocrx_word' id='word_1_742' title='bbox 3410 5216 3503 5268; x_wconf 77' lang='grc' dir='ltr'><strong>καὶ</strong></span> <span class='ocrx_word' id='word_1_743' title='bbox 3533 5217 3592 5269; x_wconf 84' lang='grc' dir='ltr'><strong>ἐν</strong></span> <span class='ocrx_word' id='word_1_744' title='bbox 3624 5217 3798 5286; x_wconf 79' lang='grc' dir='ltr'>Αἰγύ-</span> 
     </span>
    </p>
   </div>
   <div class='ocr_carea' id='block_1_107' title="bbox 2205 5299 3795 5380">
    <p class='ocr_par' dir='ltr' id='par_1_107' title="bbox 2205 5299 3795 5380">
     <span class='ocr_line' id='line_1_109' title="bbox 2205 5299 3795 5380; baseline 0.008 -29"><span class='ocrx_word' id='word_1_745' title='bbox 2205 5316 2322 5368; x_wconf 84' lang='grc' dir='ltr'><strong>πτῳ</strong></span> <span class='ocrx_word' id='word_1_746' title='bbox 2347 5299 2454 5352; x_wconf 83' lang='grc' dir='ltr'>ὑπὸ</span> <span class='ocrx_word' id='word_1_747' title='bbox 2481 5300 2730 5365; x_wconf 78' lang='grc' dir='ltr'>Μωσέως</span> <span class='ocrx_word' id='word_1_748' title='bbox 2759 5304 2809 5355; x_wconf 81' lang='lat' dir='ltr'><strong>oi</strong></span> <span class='ocrx_word' id='word_1_749' title='bbox 2846 5304 3104 5374; x_wconf 80' lang='grc' dir='ltr'>ποταμοὶ,</span> <span class='ocrx_word' id='word_1_750' title='bbox 3129 5305 3158 5357; x_wconf 85' lang='grc' dir='ltr'><strong>ὃ</strong></span> <span class='ocrx_word' id='word_1_751' title='bbox 3191 5305 3288 5359; x_wconf 76' lang='grc' dir='ltr'>καὶ</span> <span class='ocrx_word' id='word_1_752' title='bbox 3321 5306 3522 5376; x_wconf 80' lang='grc' dir='ltr'>μᾶλλον</span> <span class='ocrx_word' id='word_1_753' title='bbox 3547 5310 3730 5380; x_wconf 81' lang='grc' dir='ltr'>τυχεῖν</span> <span class='ocrx_word' id='word_1_754' title='bbox 3760 5312 3795 5380; x_wconf 74' lang='grc' dir='ltr'><strong>η</strong></span> 
     </span>
    </p>
   </div>
   <div class='ocr_carea' id='block_1_108' title="bbox 2203 5391 3798 5470">
    <p class='ocr_par' dir='ltr' id='par_1_108' title="bbox 2203 5391 3798 5470">
     <span class='ocr_line' id='line_1_110' title="bbox 2203 5391 3798 5470; baseline 0.008 -27"><span class='ocrx_word' id='word_1_755' title='bbox 2203 5391 2444 5462; x_wconf 67' lang='grc' dir='ltr'>ἐπιφορὰ</span> <span class='ocrx_word' id='word_1_756' title='bbox 2490 5391 2583 5445; x_wconf 87' lang='grc' dir='ltr'><strong>τοῦ</strong></span> <span class='ocrx_word' id='word_1_757' title='bbox 2631 5394 2798 5464; x_wconf 79' lang='grc' dir='ltr'>ῥητοῦ</span> <span class='ocrx_word' id='word_1_758' title='bbox 2831 5395 3084 5460; x_wconf 85' lang='grc' dir='ltr'>δίδωσιν,</span> <span class='ocrx_word' id='word_1_759' title='bbox 3131 5393 3273 5467; x_wconf 74' lang='grc' dir='ltr'>αἷμα</span> <span class='ocrx_word' id='word_1_760' title='bbox 3300 5399 3624 5468; x_wconf 81' lang='grc' dir='ltr'>φάσκοντος,</span> <span class='ocrx_word' id='word_1_761' title='bbox 3673 5402 3798 5470; x_wconf 81' lang='grc' dir='ltr'><strong>οὐχὶ</strong></span> 
     </span>
    </p>
   </div>
   <div class='ocr_carea' id='block_1_109' title="bbox 2203 5483 3799 5564">
    <p class='ocr_par' dir='ltr' id='par_1_109' title="bbox 2203 5483 3799 5564">
     <span class='ocr_line' id='line_1_111' title="bbox 2203 5483 3799 5564; baseline 0.004 -27"><span class='ocrx_word' id='word_1_762' title='bbox 2203 5483 2421 5554; x_wconf 80' lang='grc' dir='ltr'>νεκροῦ,</span> <span class='ocrx_word' id='word_1_763' title='bbox 2457 5484 2572 5536; x_wconf 82' lang='grc' dir='ltr'>ἀλλ’</span> <span class='ocrx_word' id='word_1_764' title='bbox 2601 5484 2677 5549; x_wconf 85' lang='grc' dir='ltr'>ὡς</span> <span class='ocrx_word' id='word_1_765' title='bbox 2710 5487 2942 5558; x_wconf 87' lang='grc' dir='ltr'>νεκροῦ,</span> <span class='ocrx_word' id='word_1_766' title='bbox 2995 5487 3091 5540; x_wconf 86' lang='grc' dir='ltr'><strong>τοῦ</strong></span> <span class='ocrx_word' id='word_1_767' title='bbox 3142 5488 3224 5556; x_wconf 85' lang='grc' dir='ltr'>ὠς</span> <span class='ocrx_word' id='word_1_768' title='bbox 3281 5490 3472 5562; x_wconf 80' lang='grc' dir='ltr'>μορίου</span> <span class='ocrx_word' id='word_1_769' title='bbox 3501 5492 3603 5545; x_wconf 74' lang='grc' dir='ltr'><strong>οὐκ</strong></span> <span class='ocrx_word' id='word_1_770' title='bbox 3642 5492 3799 5564; x_wconf 75' lang='grc' dir='ltr'><strong>ἐνέρ-</strong></span> 
     </span>
    </p>
   </div>
   <div class='ocr_carea' id='block_1_110' title="bbox 2205 5575 3796 5654">
    <p class='ocr_par' dir='ltr' id='par_1_110' title="bbox 2205 5575 3796 5654">
     <span class='ocr_line' id='line_1_112' title="bbox 2205 5575 3796 5654; baseline 0.008 -28"><span class='ocrx_word' id='word_1_771' title='bbox 2205 5592 2381 5642; x_wconf 84' lang='grc' dir='ltr'>γειαν,</span> <span class='ocrx_word' id='word_1_772' title='bbox 2405 5575 2522 5628; x_wconf 83' lang='grc' dir='ltr'>ἀλλ’</span> <span class='ocrx_word' id='word_1_773' title='bbox 2551 5577 2846 5646; x_wconf 82' lang='grc' dir='ltr'>ὁμοιότητα</span> <span class='ocrx_word' id='word_1_774' title='bbox 2875 5578 2953 5642; x_wconf 84' lang='grc' dir='ltr'>ὼς</span> <span class='ocrx_word' id='word_1_775' title='bbox 2990 5580 3196 5634; x_wconf 77' lang='grc' dir='ltr'>ἐπίπαν</span> <span class='ocrx_word' id='word_1_776' title='bbox 3238 5583 3646 5654; x_wconf 84' lang='grc' dir='ltr'>παριστῶντος,</span> <span class='ocrx_word' id='word_1_777' title='bbox 3689 5585 3796 5640; x_wconf 86' lang='grc' dir='ltr'><strong>οῦκ</strong></span> 
     </span>
    </p>
   </div>
   <div class='ocr_carea' id='block_1_111' title="bbox 2205 5665 3800 5748">
    <p class='ocr_par' dir='ltr' id='par_1_111' title="bbox 2205 5665 3800 5748">
     <span class='ocr_line' id='line_1_113' title="bbox 2205 5665 3800 5748; baseline 0.008 -30"><span class='ocrx_word' id='word_1_778' title='bbox 2205 5665 2591 5736; x_wconf 83' lang='grc' dir='ltr'>ἀποτυχόντως</span> <span class='ocrx_word' id='word_1_779' title='bbox 2640 5667 2708 5722; x_wconf 82' lang='grc' dir='ltr'><strong>ἂν</strong></span> <span class='ocrx_word' id='word_1_780' title='bbox 2759 5669 2843 5740; x_wconf 83' lang='grc' dir='ltr'>εἴη</span> <span class='ocrx_word' id='word_1_781' title='bbox 2895 5670 2993 5724; x_wconf 83' lang='grc' dir='ltr'><strong>τοῦ</strong></span> <span class='ocrx_word' id='word_1_782' title='bbox 3050 5673 3278 5728; x_wconf 86' lang='grc' dir='ltr'>σκοποῦ.</span> <span class='ocrx_word' id='word_1_783' title='bbox 3334 5674 3551 5748; x_wconf 76' lang='grc' dir='ltr'>Νεκροῦ</span> <span class='ocrx_word' id='word_1_784' title='bbox 3597 5675 3654 5731; x_wconf 81' lang='grc' dir='ltr'>δὲ</span> <span class='ocrx_word' id='word_1_785' title='bbox 3699 5675 3800 5732; x_wconf 82' lang='grc' dir='ltr'><strong>τοῦ</strong></span> 
     </span>
    </p>
   </div>
   <div class='ocr_carea' id='block_1_112' title="bbox 2208 5774 2576 5830">
    <p class='ocr_par' dir='ltr' id='par_1_112' title="bbox 2208 5774 2576 5830">
     <span class='ocr_line' id='line_1_114' title="bbox 2208 5774 2576 5830; baseline 0.011 -22"><span class='ocrx_word' id='word_1_786' title='bbox 2208 5774 2576 5830; x_wconf 72' lang='grc' dir='ltr'>εσφαγμενου.</span> 
     </span>
    </p>
   </div>
  </div>
