4046 6630
327 432 436 498 705

359 561 364 565 ·
906 543 1163 599 ΚΕΦΑᾹ.
1200 543 1344 599 Mll'.
1552 595 1556 599 .
1763 600 1765 606 ,

329 656 530 722 Ὅπως
559 655 659 709 διὰ
694 655 796 726 τῆς
833 657 1038 726 τρίτης
1093 660 1159 738 οξ,
1196 647 1450 728 ποταμοὶ
1479 662 1569 724 εἰς
1628 653 1770 731 αἷμα
1808 677 1916 730 με·

888 737 890 739 ’
910 737 1323 797 τακιρνωνται.

395 840 504 895 Kal
546 842 579 894 ὁ
635 841 832 909 τρίτος
874 840 1080 910 ἐξέχεε
1134 843 1367 911 φιάλην
1396 843 1580 898 αὐτοῦ
1619 845 1705 909 εἰς
1771 843 1916 910 τοὺς

324 934 630 1003 ποταμοὺς
659 934 756 988 καὶ
790 936 877 1000 εἷς
915 934 1021 1002 τὰς
1063 939 1260 1006 πηγὰς
1327 935 1448 989 τῶν
1512 937 1769 1005 ὑδάτων,
1817 941 1916 991 καὶ

323 1026 563 1093 ἐγένετο
626 1021 790 1093 αἷμα.
856 1025 967 1079 Kal
999 1025 1240 1095 ἥκουσα
1316 1028 1422 1082 τοῦ
1468 1028 1729 1098 ἀγγέλου
1795 1027 1916 1081 τῶν

323 1116 564 1173 ὑδάτων
635 1117 948 1186 λέγοντος·
1027 1120 1260 1185 Δίκαιος
1314 1116 1374 1174 εἴ
1412 1124 1444 1174 ὀ
1497 1120 1600 1185 ὢν,
1635 1121 1732 1174 καὶ
1773 1124 1805 1176 ὁ
1836 1118 1915 1191 ἦν

321 1215 356 1265 ὀ
411 1210 602 1276 ὅσιος,
648 1201 737 1264 ὅτι
806 1211 994 1264 ταῦτα
1054 1211 1316 1280 ἔκρινας,
1369 1213 1460 1267 ὅτι
1519 1209 1663 1283 αἷμα
1727 1215 1915 1284 ἁγίων

321 1304 421 1357 καὶ
461 1302 786 1372 προφητῶν
810 1304 1082 1371 ἐξέχεαν,
1121 1306 1217 1358 καὶ
1252 1302 1395 1375 αῖμα
1431 1305 1640 1372 αὐτοῖς
1683 1307 1915 1374 ἔδωκας

321 1396 482 1449 πιεῖν
505 1411 517 1425 ·
552 1395 709 1460 ἄξιοι
741 1396 851 1466 γάρ
875 1400 1050 1451 εἰσιν.
1095 1399 1202 1452 Kal
1227 1398 1466 1466 ἤκουσα
1489 1399 1685 1454 ἄλλου
1711 1401 1779 1454 ἐκ
1808 1399 1915 1454 τοῦ

322 1490 1083 1560 θυσιαστηρίουλέγοντοςο
1106 1493 1240 1556 Nal,
1260 1494 1458 1560 Κύριε,
1486 1497 1518 1547 ό
1543 1495 1688 1560 Θεὸς
1707 1496 1738 1546 ό
1759 1509 1914 1546 παν-

321 1581 643 1650 τοκράτωρ,
685 1583 964 1649 ἀληθιναὶ
1001 1584 1100 1637 καὶ
1153 1584 1377 1640 δίκαιαι
1411 1588 1472 1640 al
1503 1587 1734 1653 κρίσεις
1769 1602 1909 1639 σου.

396 1675 726 1731 Κάντεῦοεν,
751 1676 1026 1731 δείκνυται
1068 1681 1198 1741 τοῖς·
1229 1680 1514 1748 στοιχείοις
1557 1679 1912 1749 ἐπιτετάχθαι

318 1767 609 1835 ἀγγέλους,
671 1761 748 1820 ὧν
783 1769 880 1821 ἕνα
903 1769 994 1822 τὸν
1027 1771 1118 1822 ἐπὶ
1150 1771 1260 1823 τῶν
1292 1772 1499 1824 ὑδάτων
1544 1773 1734 1842 ὑμνεῖν
1777 1789 1910 1842 φησι

298 1859 417 1911 ’τὸν
443 1860 598 1922 Θεὸν,
627 1860 722 1913 ἐπὶ
760 1864 824 1930 τῇ
861 1862 986 1915 κατ’
1031 1863 1190 1928 ἀξίαν
1216 1863 1482 1934 καταδίκῃ
1513 1864 1624 1917 τῶν
1664 1863 1909 1935 παραϐε-

321 1948 595 2018 6ηκότων,
629 1951 680 2005 οἱ
720 1951 816 2013 τὰς
842 1953 1032 2022 χεῖρας
1078 1956 1190 2016 τοῖς
1219 1955 1449 2024 αἵμασιν
1487 1954 1758 2025 ἐμόλυναν
1805 1956 1915 2010 τῶν

319 2041 521 2109 ἁγίων.
554 2042 662 2094 Καὶ
699 2044 832 2115 πρὶν
889 2043 1008 2114 μὲν,
1045 2044 1281 2114 μάλιστα
1314 2045 1370 2098 δὲ
1419 2046 1481 2100 τὸ
1509 2047 1809 2119 τηνικαῦτα
1856 2051 1914 2102 ὲν

319 2133 402 2205 τῷ
427 2133 522 2188 τοῦ
561 2135 930 2206 Ἀντιχρίστου
964 2136 1164 2207 καιρῷ,
1221 2137 1339 2190 ἀνθ’
1368 2132 1442 2192 ὧν
1479 2141 1544 2210 τῇ
1581 2140 1689 2193 τῶν
1745 2141 1914 2212 αἱμά-

319 2244 435 2281 των
480 2227 723 2300 διαφόρῳ
779 2229 910 2302 δίψῃ
939 2230 1068 2293 τοὺς
1122 2229 1440 2302 τολμῶντας
1501 2231 1750 2289 ἐκάλεσε.
1787 2237 1914 2308 Διατ

321 2319 642 2392 φθαρέντων
671 2321 781 2393 γὰρ
825 2323 1092 2391 ποταμῶν
1127 2325 1221 2376 καὶ
1256 2326 1624 2396 συστημάτων
1648 2327 1757 2381 τῶν
1805 2345 1914 2399 πη-

320 2415 520 2483 γαίων,
553 2415 714 2469 πόθεν
738 2416 805 2469 ἂν
830 2415 1054 2471 ἄλλοθεν
1078 2416 1176 2488 τὴν
1207 2417 1370 2487 δίψαν
1397 2419 1728 2488 ἀκέσαιντο;

398 2600 508 2656 Kal
527 2601 764 2670 ἤκουσα
785 2601 891 2656 τοῦ
914 2602 1175 2673 ἀγγέλου
1205 2601 1321 2656 τῶν
1356 2603 1612 2659 ὑδάτων.
1645 2605 1719 2658 Οὑ
1753 2606 1913 2677 μόνον

323 2694 513 2766 ἔφοροι
540 2694 648 2748 τῶν
701 2693 892 2762 ἐθνῶν,
926 2696 1068 2750 κατὰ
1114 2696 1206 2750 τὸν
1235 2697 1535 2768 νομοθέτην
1566 2700 1828 2771 Μωῦσῆν,
1857 2700 1915 2753 αἱ

325 2787 470 2841 θείαι
498 2786 778 2857 δυνάμεις,
815 2787 953 2842 ἀλλὰ
1006 2788 1101 2842 καὶ
1134 2787 1242 2841 τῶν
1269 2791 1553 2859 κοσμικῶν
1586 2793 1902 2862 στοιχείων,

324 2876 518 2947 ὥσπερ
547 2879 742 2949 ἡμῖνή
791 2879 977 2932 θεόθεν
1000 2878 1139 2951 αὕτη
1189 2870 1535 2951 ἀποκάλυψις
1586 2881 1910 2952 εἰσηγεῖται.

333 2971 400 3022 Ἀ
424 2969 479 3022 δὲ
511 2969 695 3038 ἔλεγεν
723 2972 750 3023 ὁ
798 2971 891 3024 ἐπὶ
926 2970 1036 3024 τῶν
1090 2972 1298 3025 ὑδάτων
1333 2973 1587 3041 ἄγγελος,
1627 2973 1835 3026 τούτων
1855 2975 1914 3027 τὸ

329 3063 452 3132 μὲν,
484 3061 742 3127 δίκαιος,
763 3062 822 3116 τδ
850 3063 986 3133 πρὸς
1016 3063 1171 3130 ἀξίαν
1217 3048 1513 3135 βραϐεύειν
1543 3065 1715 3136 δηλοῖ,
1748 3066 1809 3119 τδ
1857 3066 1915 3120 δὲ

326 3154 433 3222 ῶν,
486 3155 545 3209 τὸ
593 3155 970 3226 ἀτελεύτητον,
1004 3157 1063 3208 τὸ
1114 3157 1169 3212 δὲ
1222 3153 1321 3228 ἦν,
1355 3157 1416 3210 τὸ
1465 3159 1722 3229 ἄναρχον,
1755 3158 1815 3211 τὸ
1858 3158 1914 3212 δὲ

1405 430 1795 493 COMMENT.
1837 431 1919 493 lN
1960 432 2490 494 APOCALYPSIN.

1845 594 1850 598 -
1937 550 1990 610 Α

3499 437 3608 501 706

2560 546 2788 602 CAPUT
2818 546 3052 606 XLVIII.

2023 655 2177 722 Quod
2206 661 2317 727 per
2339 655 2553 710 tertiam
2583 657 2801 739 plagam
2823 649 3118 714 'mutentur
3142 660 3369 728 [lumina
3394 661 3449 715 in
3477 666 3612 716 san-'

2039 762 2048 768 ρ
2701 746 2936 798 guinem.

2091 839 2232 906 XVI,
2261 841 2381 895 4-7.
2417 841 2484 894 Et
2520 844 2706 897 tertius
2745 843 2935 911 e/fudit
2958 844 3198 912 phialam
3229 861 3382 898 suam
3410 848 3465 900 in
3497 847 3575 914 [lu

2019 934 2164 986 mina
2193 943 2243 988 et
2280 935 2334 987 in
2367 934 2536 997 fontes
2584 951 2881 1002 aquarum,
2925 947 2973 989 et
3021 936 3198 1004 factus
3233 946 3311 991 est
3361 941 3584 1008 sanguis

2021 1025 2088 1078 Et
2123 1026 2306 1080 audiri
2340 1029 2584 1107 angelum
2616 1045 2879 1107 aquarum
2913 1031 3171 1107 dicentem
3204 1047 3222 1083 :
3253 1030 3442 1084 Justus
3468 1050 3521 1086 es
3552 1043 3610 1085 lu

2017 1120 2109 1188 qui
2153 1136 2206 1173 es
2232 1113 2292 1174 et
2323 1123 2414 1190 qui
2452 1104 2578 1176 eras
2609 1103 2857 1187 sant-tusi,
2890 1103 3030 1193 quod
3077 1124 3188 1177 htrc
3212 1123 3548 1192 judicaverie
3587 1141 3607 1178 :

2017 1213 2264 1280 quoniam
2296 1217 2607 1284 sanguinem
2642 1225 2948 1268 sanctorum
2979 1226 3027 1269 et
3058 1203 3433 1284 prophetarum
3474 1217 3611 1284 e/fu-

2003 1302 2232 1370 _derunt,
2262 1313 2310 1356 et
2339 1307 2651 1373 sanguinem
2681 1307 2813 1375 ipsis
2846 1307 3039 1360 dedisti
3087 1317 3144 1359 ut
3177 1297 3446 1371 biberent,
3482 1301 3610 1376 quia

2015 1391 2162 1464 digni
2211 1406 2356 1448 sunt.
2413 1395 2480 1448 Et
2517 1399 2699 1451 audivi
2753 1398 2919 1451 alium
2971 1398 3035 1452 de
3084 1387 3246 1452 altari
3293 1401 3611 1455 dicentem:

2016 1487 2282 1556 Profecto.
2338 1487 2580 1552 Domine,
2627 1489 2768 1544 Deus
2819 1493 3172 1561 omnipotens.
3209 1509 3332 1546 vera
3365 1504 3414 1547 et
3455 1493 3610 1562 justo

2017 1588 2137 1634 sunt
2159 1578 2371 1648 judicia
2405 1590 2519 1635 tua.
3609 1598 3614 1602 '

2031 1769 2040 1782 ·
2089 1750 2226 1806 Hinc
2255 1767 2476 1824 quoque
2506 1745 2819 1810 ostenditur
2847 1759 3070 1826 angelos
3105 1775 3338 1828 przecsse
3365 1760 3609 1817 elemen-

2013 1844 2108 1910 tis,
2137 1860 2374 1916 quorum
2411 1863 2581 1902 unum
2617 1848 2751 1903 dicit
2787 1849 2838 1902 in
2871 1851 3030 1920 aquis
3069 1851 3296 1906 laudare
3329 1852 3502 1906 Deum
3539 1857 3610 1907 ob

1941 1924 1990 1984 Β
2019 1933 2489 2008 transgressorum
2524 1940 2744 2011 dignam
2767 1929 3070 2007 ultionem,
3101 1945 3194 2014 qui
3242 1961 3436 2000 manus
3479 1963 3611 2001 suas

2018 2027 2456 2101 coinquinarunt
2504 2036 2771 2106 sanguine
2812 2040 3191 2092 sanetorum‘:
3242 2041 3406 2093 etiam
3451 2049 3610 2117 antea

2018 2136 2171 2188 sane,
2196 2127 2290 2179 sed
2319 2121 2556 2180 maxime
2579 2134 2709 2182 tunc
2736 2132 2984 2198 tempore
3001 2125 3326 2187 Aniichristi
3349 2151 3363 2186 :
3388 2144 3612 2202 propter

2015 2214 2160 2285 ψιὸά
2191 2217 2261 2272 ob
2293 2213 2991 2291 vehementem'sanguinis
3038 2223 3186 2277 sitim
3221 2208 3372 2293 ipsus
3405 2225 3612 2279 auden-

2018 2319 2099 2363 tes
2145 2309 2380 2363 vocavit.
2417 2308 2555 2363 Nam
2593 2313 2872 2382 corruptis
2914 2313 3230 2370 ﬂuminibus
3275 2331 3338 2370 ac
3377 2307 3608 2371 fontium

2017 2399 2391 2468 scaturigine,
2447 2401 2726 2470 quomodo
2779 2401 3000 2458 aliunde
3046 2405 3268 2473 possent
3315 2405 3464 2459 sitim
3509 2423 3611 2462 cu-

2016 2490 2179 2544 rare?
2289 2503 2292 2506 '
2755 2521 2758 2524 ν
2819 2490 2849 2514 ·’
3219 2501 3224 2508 "

2086 2583 2158 2637 Et
2178 2585 2358 2640 audivi
2383 2587 2628 2657 angelum
2655 2603 2938 2657 aquarum.
2964 2587 3082 2642 Non
3106 2588 3366 2660 gentibus
3395 2597 3609 2646 tantum

2017 2677 2286 2748 ιιι-πίθοιτο
2320 2679 2484 2750 782
2515 2690 2647 2735 sunt
2683 2680 2882 2744 divina:
2920 2682 3180 2749 virtutes,
3206 2682 3365 2752 juxta
3393 2683 3613 2754 legisla-

2017 2779 2190 2824 torem
2224 2770 2436 2836 Mosen,
2469 2773 2564 2827 sed
2593 2782 2646 2828 et
2685 2775 2877 2828 mundi
2912 2774 3220 2837 elementis,
3255 2777 3615 2845 quemadmo-

2018 2861 2151 2916 dum
2181 2863 2298 2918 haec
2330 2851 2591 2919 revelatio
2625 2864 2892 2919 divinitus
2919 2883 3020 2921 nos
3057 2867 3236 2922 docet.
3265 2866 3436 2922 Porro
3470 2869 3614 2923 inter

2016 2971 2078 3009 ea
2123 2973 2246 3028 quae
2287 2957 2425 3012 dixit
2459 2959 2688 3029 angelus
2730 2961 2823 3029 qui
2859 2960 2912 3014 in
2951 2961 3110 3030 aquis
3147 2970 3302 3037 erat,_
3321 2961 3501 3030 justus
3529 2961 3614 3013 di-

2017 3049 2160 3105 citur
2191 3051 2335 3106 Deus
2357 3091 2372 3114 ,
2403 3053 2551 3121 quod
2603 3053 2911 3108 mercedem
2942 3053 3295 3124 condignam
3335 3053 3611 3121 designet;

2017 3143 2134 3221 qui.
2164 3158 2240 3207 es,
2280 3143 2425 3214 quod
2474 3144 2581 3198 line
2613 3154 2798 3200 careat
2830 3163 2846 3200 :
2898 3147 2989 3216 qui
3048 3162 3168 3199 eras
3191 3186 3206 3210 ,
3235 3144 3380 3216 quod
3413 3145 3564 3200 initio
3597 3163 3612 3200 :

327 3245 518 3311 ὅσιος,
535 3245 629 3299 τὸν
647 3245 894 3317 ὑπεξῃρη
903 3246 1064 3315 μένον
1089 3247 1269 3319 πάσης
1302 3247 1669 3326 προσπαθείας
1688 3248 1912 3320 θνητῆς.

2024 3245 2232 3290 sanctus
2258 3277 2271 3298 ,
2326 3237 2472 3306 quod
2510 3238 2763 3294 sublatus
2813 3240 2881 3293 ab
2927 3255 2994 3294 eo
3038 3239 3110 3294 sit
3140 3239 3322 3293 omnis
3366 3239 3614 3293 mortalis

326 3336 420 3387 Διὸ
471 3340 566 3389 καὶ
619 3335 791 3389 ταῦτα
845 3335 1082 3405 ἔκρινεν,
1142 3337 1230 3390 ἵνα
1277 3338 1326 3412 οἱ
1351 3339 1650 3408 ἐκχέαντες
1701 3340 1914 3410 αἵματα

327 3426 522 3494 ἁγίων,
555 3421 693 3497 αἷμα
726 3426 942 3478 πίωσιν·
969 3427 1141 3496 ἁγίων
1164 3427 1217 3480 δὲ
1245 3430 1355 3480 τῶν
1385 3429 1489 3482 ὑπὸ
1542 3427 1650 3482 τῶν
1679 3429 1920 3483 ὑπασπι-

329 3519 474 3571 στῶν
509 3517 600 3572 τοῦ
645 3518 1011 3590 Ἀντιχρίστου
1036 3521 1476 3591 κεκακωμένων·
1505 3522 1801 3591 προφητῶν
1838 3522 1916 3588 δὲ,

341 3613 516 3684 Ἑνὼχ
541 3614 635 3666 uel.
672 3612 852 3674 Ἠλία,
878 3612 1003 3664 ἐπεὶ
1032 3613 1126 3666 καὶ
1155 3613 1354 3678 αὐτοὺς
1387 3614 1771 3667 ἀποκτενοῦσι.
1793 3614 1918 3676 Πῶς

327 3704 386 3757 δὲ
438 3702 577 3775 αῗμα
625 3706 854 3772 πίωσιν,
891 3705 981 3769 Ἐξ
1039 3707 1340 3774 ἀναγκαίου
1366 3707 1476 3777 γὰρ
1528 3708 1578 3760 οἱ
1635 3708 1694 3758 ὲν
1758 3706 1919 3759 πολέ-

334 3815 455 3868 μοις
477 3797 629 3870 παρὰ
649 3797 927 3868 ποταμοὺς
953 3797 1539 3868 ἐστρατοπεδευκότες,
1571 3796 1919 3868 μεμολυσμέ-

331 3908 421 3946 νον
453 3891 714 3955 πολλάκις
747 3891 941 3962 αἵματι
967 3889 1113 3960 ὕδωρ
1142 3890 1389 3944 πίνουσιν
1414 3894 1479 3946 ὲκ
1498 3891 1596 3962 τῆς
1615 3891 1726 3945 τῶν
1787 3890 1918 3961 θνηο

333 3985 578 4038 σχόντων
603 3982 964 4057 ἀναιρέσεως.

405 4255 513 4311 Kal
535 4253 777 4324 ἤκουσα
787 4252 985 4308 ἄλλου
1002 4253 1071 4306 ἐκ
1088 4249 1196 4305 τοῦ
1209 4250 1666 4318 θυσιαστηρίου.
1682 4248 1754 4302 Σύ
1764 4267 1913 4321 μφω-

331 4345 424 4403 νον
455 4347 532 4418 τῷ
587 4348 804 4418 ἀγγέλῳ
846 4345 922 4416 τῷ
964 4347 1058 4399 ὲπὶ
1087 4343 1199 4396 τῶν
1243 4344 1474 4405 ὑδάτων,
1511 4346 1537 4396 ὁ
1568 4343 1662 4395 ἐττί
1695 4341 1789 4395 τοῦ
1827 4343 1921 4396 θυ-

335 4439 681 4510 σιαστηρίου,
710 4435 914 4489 Τοῦτον
942 4435 997 4488 δὲ
1043 4434 1161 4487 ἔστι
1200 4434 1298 4506 μὲν
1324 4436 1464 4486 νοεῖν
1505 4435 1600 4486 καὶ
1634 4433 1796 4486 αὑτὸν
1826 4433 1917 4514 τον

332 4531 593 4601 Χριστὸν,
626 4530 699 4593 ὡς
747 4531 841 4582 καὶ
880 4530 938 4580 ὲν
969 4528 1118 4598 αὑτῷ
1159 4530 1254 4582 καὶ
1300 4527 1366 4580 δι’
1393 4526 1560 4580 αὑτοῦ
1614 4541 1922 4597 προσφερο-

2020 3328 2249 3383 allectus
2287 3346 2302 3382 :
2335 3330 2458 3384 ideo
2487 3331 2651 3386 etiam
2692 3334 2806 3387 haec
2841 3332 3136 3394 indicavit,
3169 3341 3227 3386 ut
3261 3331 3355 3402 qui
3390 3331 3615 3410 sangui-

2021 3439 2143 3477 nem
2200 3435 2515 3480 sanctorum
2573 3421 2914 3493 ell'uderant,
2967 3413 3288 3494 sanguinem
3322 3427 3611 3482 biberent:

2021 3527 2340 3572 sanctorum
2401 3534 2564 3586 vero,
2603 3521 2696 3590 qui
2747 3521 3002 3576 videlicet
3055 3521 3237 3576 amicti
3293 3519 3510 3574 fuerant
3545 3519 3614 3574 ab

2028 3610 2356 3681 Antichristi
2401 3613 2904 3682 propugnatoribus
2943 3632 2957 3668 :
2991 3615 3380 3683 prophetarum
3404 3620 3612 3676 autem,

2021 3718 2218 3772 nempe
2249 3704 2437 3770 Enoch
2478 3715 2532 3760 et
2573 3705 2725 3770 Elim,
2762 3706 3206 3776 quandoquidem
3227 3706 3618 3774 illos-quoque

2019 3795 2294 3858 occident.
2329 3795 2616 3862 Quomodo
2651 3812 2783 3851 vero
2829 3797 3156 3868 sanguinem
3205 3797 3432 3852 bibent?
3464 3797 3616 3862 Quu—

2021 3887 2169 3940 niam
2217 3888 2553 3943 necessitate
2591 3888 2863 3957 compulsi
2900 3887 2994 3958 qui
3032 3897 3278 3956 tempore
3310 3885 3434 3940 belli
3466 3885 3616 3940 circa

2020 3976 2248 4031 ﬂumina
2275 3979 2628 4034 committunt
2667 3979 2915 4049 praelium
2939 4018 2954 4044 ,
2988 3976 3306 4047 frequenter
3355 3974 3614 4030 laetatam

2022 4070 2291 4137 sanguine
2322 4085 2522 4138 aquam
2562 4070 2784 4135 bibunt,
2817 4086 2886 4125 ex
2933 4085 3123 4146 eorum
3163 4067 3257 4138 qui
3301 4067 3614 4122 moriuntur

2024 4157 2469 4229 interemptione.
2561 4218 2570 4229 ,

2093 4249 2164 4303 Ει
2187 4252 2368 4305 audivi
2389 4253 2555 4305 alium
2585 4252 2647 4306 de
2674 4252 2861 4308 altari.
2894 4249 3212 4317 Conformia
3246 4249 3492 4319 loquitur
3524 4248 3614 4303 hic

2023 4343 2091 4398 de
2120 4344 2281 4398 altari
2329 4361 2453 4400 cum
2486 4361 2552 4400 eo
2579 4345 2674 4414 qui
2701 4355 2822 4400 erat
2859 4346 2910 4398 in
2953 4343 3132 4412 aquis.
3169 4341 3270 4395 llic
3300 4352 3480 4395 autem
3514 4356 3621 4410 po:

2025 4449 2133 4495 test
2165 4450 2218 4494 et
2249 4441 2364 4510 ipse
2389 4438 2642 4494 Christus
2668 4436 2924 4506 intelligi,
2957 4435 3101 4504 quod
3133 4435 3300 4502 etiam
3333 4433 3386 4485 in
3419 4433 3540 4502 ipso
3561 4441 3617 4486 et

2025 4547 2122 4602 per
2149 4531 2325 4600 ipsum
2365 4529 2668 4584 oll‘erantur
2703 4528 2812 4582 Deo
2856 4537 2911 4582 et
2945 4527 3097 4581 Patri
3135 4525 3419 4579 rationalia
3455 4524 3626 4596 bolo-4

336 4627 518 4695 μένων
541 4623 620 4692 τῷ
659 4621 778 4691 Θεῷ
809 4623 903 4675 καὶ
956 4621 1134 4692 Πατρὶ
1175 4621 1283 4673 τῶν
1328 4622 1564 4688 λογικῶν
1601 4619 1916 4690 δλοκαρττώ-

2026 4635 2217 4680 causta
2248 4635 2300 4678 et
2328 4625 2464 4678 vivae
2493 4624 2709 4688 hostiae,
2747 4638 2885 4692 quas
2915 4637 2981 4676 ex
3014 4621 3278 4690 Apostolo
3307 4619 3506 4673 ollerre
3532 4618 3617 4674 di-

337 4735 481 4771 σεων
509 4718 606 4770 καὶ
645 4716 756 4768 τῶν
808 4715 1000 4779 ζωσῶν
1025 4714 1249 4776 θυσιῶν,
1280 4713 1316 4768 ἃ
1359 4715 1694 4784 προσφέρειν
1727 4717 1789 4766 ὲκ
1823 4713 1916 4765 τοῦ

345 4811 676 4864 Ἀποστόλου
705 4808 1006 4880 ἐμάθομεν.
1063 4807 1180 4860 ’Ἑνι
1213 4807 1270 4859 δὲ
1291 4809 1432 4860 νοεῖν
1466 4809 1654 4870 καὶείς
1683 4807 1779 4868 τὰς
1815 4798 1928 4872 ἀγέ

331 4903 563 4974 γελικὰς
611 4903 869 4972 δυνάμεις
929 4901 1002 4964 ὡς
1055 4899 1410 4968 ἀναγωγικὰς
1471 4900 1579 4952 τῶν
1636 4898 1920 4968 ἡμετέρων

335 4993 658 5067 προσευχῶν
690 4994 786 5046 καὶ
829 4991 938 5044 τῶν
975 4990 1370 5062 πνευματικῶν
1406 4990 1919 5062 ὁλοκαρπωμάτων,

336 5087 592 5158 εἰρῆσθαι
625 5087 683 5138 δὲ
715 5085 1100 5154 θυσιαστήριον
1143 5085 1253 5138 ἀπὸ
1298 5083 1396 5137 τοῦ
1457 5084 1808 5154 περιέχοντος
1862 5081 1935 5160 τὸί

337 5180 730 5252 περιεχόμενον
759 5175 1126 5248 συνεκδοχικῷ
1144 5177 1220 5247 τῷ
1247 5178 1452 5248 τρόπῳ.
1473 5175 1568 5228 Ἐκ
1590 5177 1782 5226 τούτου
1810 5173 1922 5226 τοί-

338 5259 435 5327 νυν
466 5271 560 5325 τοῦ
601 5270 824 5339 λογικοῦ
855 5271 950 5323 ml.
971 5267 1352 5341 λειτουργικοῦ
1398 5267 1786 5338 Θυσιαστηρίου
1824 5269 1924 5338 τὴν

288 5353 293 5363 ⁵
339 5367 525 5436 φωνήν
557 5382 721 5436 φησιν
752 5361 1035 5434 ἐνεχθῆναι
1056 5361 1369 5416 δικαιοῦσαν
1401 5361 1467 5414 τὰ
1500 5359 1592 5412 τοῦ
1617 5357 1754 5412 Θεοῦ
1800 5359 1923 5430 κρί-

341 5454 491 5530 ματα
520 5458 700 5512 πάντα
720 5457 880 5524 λόγον
914 5455 1005 5508 κα)⁸
1039 5455 1163 5509 νοῦν
1192 5453 1617 5528 ὑπερϐαίνοντα.

914 5592 1167 5647 ΚΕΦΔΛ.
1203 5590 1339 5650 ΜΘ’.

343 5715 546 5779 Ὀπως
596 5711 693 5765 διὰ
741 5708 852 5778 τῆς
916 5707 1199 5775 τετάρτης
1241 5703 1785 5776 καυματίζοντιιιοι
1816 5700 1924 5755 ἄν·

1022 5784 1264 5848 θρωποι.

416 5919 523 5974 Kal
560 5921 594 5974 ὁ
630 5917 908 5986 τέταρτος
958 5914 1163 5986 ἐξέχεε
1187 5914 1302 5984 τὴν
1347 5911 1578 5982 φιάλην
1607 5912 1797 5968 αὑτοῦ
1826 5912 1923 5968 ἐπὶ

2029 4718 2286 4773 dicimus.
2319 4715 2554 4772 Possunt
2578 4732 2796 4787 quoque
2826 4715 3084 4785 angelica:
3117 4714 3344 4766 virtutes
3367 4710 3616 4780 intelligi,

2031 4819 2090 4862 ut
2116 4823 2238 4879 qua:
2264 4805 2484 4863 nostras
2510 4809 2789 4862 orationes
2825 4821 2887 4859 ac
2919 4803 3226 4875 spiritualia
3261 4801 3529 4856 sacriﬁcia
3565 4801 3620 4854 in

2031 4903 2266 4957 sublime
2299 4901 2498 4957 lerant.
2531 4887 2751 4955 Dictum
2788 4909 2872 4954 est
2907 4909 3089 4952 autem
3134 4883 3326 4958 altare,
3361 4909 3455 4963 per
3486 4892 3618 4961 ligu-

2028 5010 2147 5050 ram
2181 5012 2302 5065 qum
2333 5010 2362 5048 a
2390 4995 2693 5049 continenti
2719 4990 3154 5060 comprehendat
3177 4997 3514 5044 contentum.
3538 4985 3622 5038 Ab

2032 5088 2137 5143 hoc
2166 5089 2330 5158 igitur
2360 5087 2612 5141 rationali
2646 5095 2700 5140 et
2735 5083 3079 5146 ministeriali
3111 5081 3270 5135 altari
3303 5079 3501 5133 iactam
3545 5078 3624 5130 ait

2032 5181 2205 5236 fuisse
2242 5194 2426 5234 vocem
2463 5195 2584 5250 qua:
2615 5179 2943 5248 justitiearet
2971 5174 3216 5251 judicia,
3248 5181 3310 5227 ut
3350 5186 3474 5242 quae
3503 5184 3624 5224 om-

2032 5291 2157 5330 nem
2189 5275 2457 5329 rationem
2483 5289 2548 5329 ac
2578 5283 2812 5327 mentem
2842 5268 3134 5326 excedant.

2598 5580 2829 5638 CAPUT
2860 5576 3048 5632 XLIX.

2037 5700 2194 5768 Quod
2231 5718 2322 5771 per
2347 5713 2598 5772 quartam
2629 5699 2843 5768 pingant
2874 5705 3010 5752 testu
3035 5700 3335 5749 exuruntur
3366 5687 3620 5743 homines.

2105 5907 2252 5977 XVI,
2275 5906 2330 5977 8,
2359 5907 2414 5962 9.
2446 5905 2510 5961 Et
2534 5914 2755 5976 quartus
2781 5900 2969 5970 e/Iudit
2997 5897 3234 5967 phialam
3268 5910 3420 5948 suam
3451 5893 3507 5946 in
3534 5905 3623 5948 ιο-
