4030 6664
397 434 505 498 707
1200 422 1533 484 ARETH/E
1566 415 1949 481 CAESARE!!!)
1986 410 2471 474 CAPPADOCIA‘I
2506 408 2847 471 EPISCOPI
3560 400 3669 466 703

400 548 503 600 lem
543 559 564 598 :
601 550 649 597 et
679 539 864 594 datum
910 545 991 591 est
1039 535 1121 589 illi
1154 544 1290 591 aestu
1342 533 1566 603 afﬂigere
1610 530 1847 583 homines
1891 542 1982 595 per

2110 526 2196 579 ’ὸν
2224 526 2420 594 ἥλιον.
2452 524 2549 577 καὶ
2577 522 2755 587 ἐδόθη
2805 515 2967 583 αὐτῷ
3016 516 3381 586 καυματίσαι
3414 513 3484 567 ἐν
3521 516 3665 581 πυρὶ

401 639 597 708 ignem.
656 631 725 685 Et
771 637 1128 685 cestuaverunt
1175 627 1409 683 homines
1461 635 1595 679 a'stu
1656 638 1882 691 magno,
1930 628 1981 674 et

2110 617 2227 683 ὀὺς
2300 617 2674 684 ἀνθρώπσυς,
2714 613 2816 667 καί
2865 610 3399 683 ἐκαυματίσθησαν
3453 609 3506 660 ol
3561 605 3670 659 ἅν-

404 698 890 795 b'lasplremaverunt
940 720 1178 774 homines
1218 734 1406 772 nomen
1444 715 1538 771 Dei
1570 715 1659 785 qui
1691 712 1845 767 habet
1887 728 1985 781 po-

2110 713 2305 779 ’ρωποι
2326 708 2524 776 καῦμα
2536 707 2708 776 μέγα,
2734 704 2833 759 καὶ
2856 701 3345 771 ἐϐλασφήμησαν
3363 701 3416 752 oi
3438 698 3669 795 ἅνθρωῖ

404 828 643 873 testatem
682 831 838 883 super
860 814 956 869 has
984 813 1171 884 plagas
1193 854 1208 879 ,
1240 827 1402 882 neque
1428 811 1757 878 resipuerunt
1803 817 1860 863 ut
1889 805 1987 859 da-

403 922 515 966 rent
543 910 644 979 ipsi
670 908 924 979 gloriam.

477 1091 640 1161 783
666 1088 887 1143 Utrovis
914 1087 1078 1141 modo
1109 1084 1233 1155 quis
1255 1084 1371 1137 haec
1400 1081 1632 1151 accipiat
1656 1099 1671 1135 :
1702 1089 1797 1135 aut
1822 1095 1987 1136 sensu

406 1183 723 1254 allegorice,
769 1189 865 1234 aut
907 1179 1053 1249 quod
1086 1192 1145 1232 re
1194 1191 1322 1231 vera
1360 1174 1716 1245 contingant,
1765 1189 1989 1228 sensum

410 1274 630 1329 habebit
650 1286 866 1341 semper
890 1286 997 1324 non
1023 1268 1309 1323 dissonum
1336 1281 1367 1319 a
1414 1266 1669 1319 veritate.
1696 1262 1821 1317 Sive
1843 1264 1988 1316 enim

407 1364 577 1420 solem
603 1362 880 1417 existimet
905 1359 1163 1412 diurnmn
1184 1372 1308 1412 esse
1329 1372 1578 1420 cursum,
1597 1370 1707 1425 quo
1731 1353 1995 1409 molestiae
2016 1346 2019 1349 ⁷

405 1464 460 1511 et
507 1454 817 1508 anxietatcs
869 1451 1335 1520 comprehendent
1375 1449 1620 1520 quotidie
1671 1448 1873 1503 lascive
1929 1462 1995 1501 ac

406 1547 653 1618 improbe
676 1545 958 1614 degentes,
986 1550 1452 1597 utconvertautur
1485 1560 1497 1595 :
1523 1544 1638 1596 sive
1667 1541 1830 1595 etiam
1846 1539 1993 1610 quod

405 1640 545 1694 idem
581 1638 665 1694 sol
698 1638 945 1692 siccitate
984 1646 1039 1690 et
1074 1637 1348 1690 anxietate
1379 1650 1442 1689 ac
1473 1633 1849 1704 desperatione
1879 1648 1996 1686 mo-

405 1730 713 1793 lestiarum,
750 1728 943 1799 quales
995 1728 1049 1779 in
1094 1726 1236 1781 bello
1286 1726 1467 1781 solent
1504 1726 1844 1796 contingere,
1894 1737 1996 1779 suo

408 1822 605 1876 ardore
632 1819 909 1875 elIicacius
940 1827 1178 1873 aestuare
1209 1816 1371 1873 faciet
1405 1836 1418 1871 :
1454 1816 1603 1888 quod
1631 1824 1685 1871 et
1717 1817 1834 1885 ipse
1868 1831 1996 1871 cru-

2087 814 2187 854 ποι
2217 799 2284 854 τὸ
2312 799 2501 869 ὄνομα
2530 797 2636 851 τοῦ
2669 793 2820 850 Θεοῦ
2848 792 2955 847 τοῦ
2981 791 3232 860 ἔχοντος
3257 788 3550 853 ἐξουσίαν
3568 784 3675 839 ἐπὶ

2088 892 2195 957 τὰς
2225 892 2465 961 πληγὰς
2504 890 2745 956 ταύτας,
2784 886 2885 942 καί
2924 887 2997 940 οὺ
3018 884 3401 955 μετενόησαν
3455 880 3677 935 δοῦναι

2088 985 2250 1050 αὐτῷ
2278 984 2485 1049 δόξαν.

2161 1079 2351 1133 Ταῦτα
2383 1076 2662 1149 ὁποτέρως
2679 1076 2745 1131 ἄν
2762 1092 2844 1139 τις
2863 1073 3108 1139 ὲκλάϐοι,
3127 1068 3456 1142 ἀλληγορίας
3468 1068 3676 1136 λόγοις,

2093 1175 2259 1244 φημὶ,
2289 1174 2321 1244 ἢ
2358 1174 2452 1225 καὶ
2474 1170 2728 1241 ἐνεργείᾳ
2769 1168 3135 1240 πραγμάτων,
3168 1166 3269 1219 οὐκ
3326 1163 3432 1229 ἔξω
3474 1161 3567 1215 τοῦ
3596 1162 3682 1213 εξ-

2092 1269 2250 1329 κότος
2280 1264 2631 1334 ἀπενεχθείη.
2666 1264 2789 1315 Εἴτε
2808 1262 2918 1332 γὰρ
2971 1261 3123 1330 ἥλιον
3173 1259 3264 1312 τὸν
3309 1260 3409 1325 τῆς
3460 1254 3679 1325 ἡμέρας

2092 1359 2302 1428 οἰηθείη
2336 1360 2531 1429 δρόμον
2554 1357 2675 1410 καθ’
2699 1357 2759 1410 ὃν
2783 1356 3041 1410 ἑκάστοτε
3070 1352 3141 1406 τὰ
3190 1353 3423 1421 δυσχερῆ
3448 1349 3539 1400 καὶ
3574 1365 3681 1400 κα-

2094 1456 2369 1523 τάγχοντα
2396 1454 2523 1516 τοὺς
2552 1451 2976 1520 ἀσελγαίνοντας
3007 1448 3143 1517 πρὸς
3171 1444 3504 1515 ἐπιστροφὴν
3539 1460 3678 1496 κατ-

2096 1546 2383 1617 αλήψεται,
2421 1545 2454 1616 ἢ
2508 1546 2603 1599 καλ⁵
2657 1543 2820 1596 αὑτὸν
2871 1542 2962 1595 τὸν
2991 1540 3142 1611 ἥλιον
3174 1537 3369 1609 αὐχμῷ
3423 1536 3512 1590 καὶ
3544 1552 3681 1587 συν-

2096 1644 2196 1712 οχῇ
2246 1641 2339 1693 καὶ
2392 1637 2599 1709 ἀπορίᾳ
2648 1638 2758 1690 τῶν
2816 1637 2959 1690 κατὰ
3017 1633 3253 1704 πόλεμον
3291 1629 3544 1702 χαλεπῶν
3593 1627 3677 1697 τῷ

2097 1734 2226 1804 παρ’
2259 1732 2424 1785 αὑτοῦ
2464 1731 2693 1802 φλογμῷ
2739 1729 3173 1801 δραστικώτερον
3230 1725 3677 1794 καυματίσαντα,

2097 1828 2181 1880 ὅτι
2213 1825 2308 1878 καὶ
2328 1827 2356 1877 ὁ
2385 1824 2544 1887 αὐτὸς
2573 1821 2824 1893 μαστίζει
2850 1819 3188 1890 ἐπιστροφὴν
3217 1819 3402 1879 αὐτοῖς
3455 1814 3681 1885 μνώμε-

408 1913 535 1978 ciet,
574 1927 871 1984 suggerens
904 1912 973 1967 iis
1015 1911 1431 1967 conversionem
1479 1926 1494 1963 :
1535 1909 1675 1964 nihil
1706 1908 1812 1964 erit
1839 1906 1994 1962 dilic-

2110 1933 2207 1981 rog,
2241 1916 2393 1968 οὐδὲν
2409 1915 2601 1967 διοίσει
2629 1915 2722 1980 ἀφ’
2747 1912 3016 1983 ἑκατέρας
3045 1910 3272 1981 ὲκδοχῆς
3299 1909 3437 1979 πρὸς
3473 1906 3533 1960 ἒν
3582 1903 3683 1959 καὶ

409 2007 636 2071 reutize,
668 2008 796 2061 dum
827 2021 895 2061 ex
931 2015 1166 2075 utraque
1202 2004 1655 2074 interpretatione
1690 2003 1745 2057 iu
1788 2017 1900 2057 uno
1936 2010 1992 2057 et

409 2101 602 2154 eodem
639 2100 1009 2169 intelligentiae
1039 2099 1383 2170 receptaculo
1413 2097 1571 2153 sedes
1598 2096 1815 2167 ﬁgatur.

480 2193 586 2260 Qui
614 2192 767 2248 habet
797 2202 1106 2263 potestatem
1139 2210 1297 2263 super
1325 2193 1422 2247 has
1461 2192 1669 2263 plagas.
1714 2190 1995 2258 Ἐξουσίαν

408 2285 598 2357 (quod
635 2299 735 2339 nos
774 2299 896 2339 cum
934 2285 1147 2340 caeteris
1176 2283 1571 2353 interpretibus
1601 2282 1867 2339 vertimus
1903 2297 1997 2350 po-

410 2377 682 2449 testatem)
715 2384 873 2431 vocat
900 2376 1115 2432 Domini
1148 2377 1475 2438 adventum.
1507 2375 1602 2446 qui
1628 2375 1696 2430 ad
1728 2376 1832 2431 hoc
1859 2389 1999 2445 prae—

409 2470 578 2525 stabit
607 2486 768 2525 suum
800 2471 1104 2526 secundum
1129 2470 1449 2533 adventum.
1480 2477 1540 2525 ut
1562 2469 1754 2525 reddat
1782 2466 2005 2524 unicui-

409 2576 519 2632 que
546 2562 705 2633 juxta
739 2578 908 2634 opera
948 2577 1070 2619 sua.

1026 2677 1262 2734 CAPUT
1294 2677 1358 2734 L.

415 2792 569 2858 Quod
596 2807 689 2862 per
712 2794 952 2864 quintam
972 2793 1187 2865 plagam
1217 2810 1433 2867 regnum
1460 2793 1641 2851 bestia:
1671 2796 2000 2852 obscuretur.

483 2962 623 3033 XVI,
657 2964 857 3031 10,“.
890 2966 958 3020 Et
986 2968 1199 3037 quintus
1232 2968 1418 3037 effudit
1457 2969 1692 3037 phialam
1722 2986 1873 3022 suam
1915 2985 2006 3023 su-

410 3075 503 3128 per
531 3060 779 3113 thronum
812 3059 1029 3114 bestire:
1055 3070 1103 3115 et
1128 3060 1473 3116 obscuratum
1496 3075 1571 3117 est
1608 3078 1825 3133 regnum
1848 3061 2004 3131 ejus:

2095 2009 2159 2065 τὸ
2186 2008 2320 2063 αὐτὸ
2348 2006 2641 2078 κατάλυμα
2668 2007 2768 2078 τῆς
2802 2005 3014 2068 ἑννοίας
3052 2002 3391 2067 αὐλίζεσθαι.

2176 2182 2287 2236 Τοῦ
2315 2182 2565 2252 ἔχοντος
2588 2181 2883 2247 ἐξουσίαν
2913 2181 3013 2237 ἐπὶ
3040 2182 3143 2246 τὰς
3173 2180 3414 2250 πληγὰς
3432 2180 3678 2245 ταύτας.

2112 2272 2448 2340 Ἐξουσίαν
2480 2274 2576 2349 τὴν
2604 2276 2696 2330 τοῦ
2726 2276 2931 2348 Κυρίου
2960 2275 3119 2330 καλεῖ
3146 2274 3471 2345 παρουσίαν,
3501 2273 3560 2337 ὃς
3584 2273 3684 2324 ἐπὶ

2099 2367 2261 2422 τοῦτο
2286 2367 2387 2441 τὴν
2406 2368 2671 2442 δευτέραν
2722 2368 2893 2423 αὑτοῦ
2929 2368 3234 2439 παρουσίαν
3269 2369 3503 2421 ποιεῖται
3542 2366 3683 2436 πρὸς

2101 2458 2163 2515 τὸ
2183 2458 2478 2517 ἀποδοῦναι
2497 2460 2714 2530 ἑκάστῳ
2744 2460 2885 2514 κατὰ
2916 2462 2985 2515 τὰ
3010 2458 3148 2531 ἔργα
3170 2459 3357 2514 αὐτοῦ.

2696 2667 2950 2722 ΚΕΦΑΔ.
2984 2668 3070 2723 Ν’.

2116 2780 2318 2847 Ὅπως
2347 2779 2445 2835 διὰ
2469 2780 2582 2850 τῆς
2615 2780 2891 2850 πέμπτης
2920 2781 3162 2851 πληγῆς
3194 2783 3232 2852 ἠ
3256 2782 3548 2848 ,βασιλεία
3574 2782 3684 2838 τοῦ

2613 2854 2823 2922 θηρίου
2852 2853 3204 2913 σκοτίζετηι.

2180 2966 2292 3018 Kal
2339 2968 2373 3020 ὀ
2416 2965 2688 3036 πέμπτος
2726 2965 2980 3036 ἅγγελος
3027 2966 3233 3036 ἐξέχεε
3296 2965 3414 3035 τὴν
3460 2967 3686 3037 φιάλην

2108 3060 2298 3115 αὑτοῦ
2330 3060 2432 3115 ἐπὶ
2480 3062 2590 3115 τὸν
2621 3060 2838 3130 θρόνον
2886 3060 2993 3115 τοῦ
3032 3061 3265 3130 θηρίου,
3302 3062 3400 3115 καὶ
3449 3059 3689 3131 ἐγένετο

411 3162 460 3207 et
496 3152 1067 3206 commanducaverunt
1106 3153 1317 3223 linguas
1356 3170 1483 3209 suas
1540 3170 1651 3223 pra:
1691 3155 1912 3219 dolore,
1954 3163 2003 3208 et

2110 3153 2452 3220 ἠβασιλεία
2497 3153 2683 3209 αὑτοῦ
2737 3153 3143 3223 ἐσκοτωμένη,
3171 3155 3269 3209 καί
3328 3156 3689 3225 ἐμασσῶντο

414 3244 909 3315 blasphernaverunt
947 3247 1117 3301 Deum
1146 3250 1265 3303 caeli
1293 3261 1507 3319 propter
1530 3250 1739 3304 dolores
1771 3252 1927 3312 istos,
1955 3257 2003 3301 et

2110 3250 2217 3317 τὰς
2244 3249 2533 3319 γλώσσας
2552 3247 2754 3304 αὐτῶν
2780 3250 2847 3303 ἐκ
2874 3250 2980 3304 τοῦ
3009 3251 3223 3317 πόνου,
3261 3250 3358 3304 καὶ
3382 3252 3690 3322 Mlaaseri-

413 3349 629 3409 propter
661 3342 841 3396 ulcera
886 3359 982 3397 sua
1009 3382 1025 3409 ,
1057 3353 1104 3397 et
1148 3360 1254 3397 non
1287 3345 1619 3413 resipuerunt
1657 3345 1723 3397 ab
1759 3342 2003 3412 operibus

2110 3360 2312 3413 μησαν
2325 3342 2433 3397 τὸν
2450 3342 2599 3398 Θεὸν
2621 3342 2729 3396 τοῦ
2750 3341 3011 3410 οὐρανοῦ
3026 3343 3094 3397 ἐκ
3111 3343 3228 3396 τῶν
3243 3345 3443 3398 ,πόνων
3464 3344 3689 3410 αὐτῶν,

414 3433 546 3492 suis.

487 3612 733 3668 Phialam
767 3624 926 3669 vocat
955 3614 1116 3670 iram.
1158 3615 1417 3671 Solemus
1460 3614 1610 3670 enim
1644 3614 1698 3669 in
1737 3612 2006 3670 conviviis

420 3705 734 3761 humaniter
766 3705 998 3762 invicem
1031 3721 1134 3762 nos
1162 3708 1415 3778 excipere
1447 3706 1648 3777 plnialis
1677 3708 1790 3760 sive
1821 3705 2008 3760 calici-

418 3799 545 3863 bus,
579 3814 675 3869 per
707 3799 892 3853 vinum
925 3800 1070 3869 quod
1107 3800 1162 3854 in
1200 3801 1336 3870 ipsis
1365 3799 1665 3870 repositum
1696 3810 1779 3854 est
1808 3798 2009 3853 conﬁr-

420 3899 636 3947 lnaules
694 3892 1061 3946 convivium:
1129 3892 1287 3960 cujus
1352 3894 1688 3947 contrarium
1752 3893 2010 3948 conciliat

421 3981 603 4050 phiala
638 3979 706 4034 ab
755 3982 859 4035 hoc
889 3981 1057 4036 effusa
1093 3980 1231 4051 (Dei
1277 3998 1515 4053 namque
1550 3982 1735 4038 furore
1786 3984 2007 4052 plenum

421 4081 505 4128 est
540 4074 800 4143 poculum
836 4072 1093 4143 ell'usum)
1128 4075 1181 4129 in
1217 4089 1442 4145 regnum
1471 4074 1702 4131 bestiae:
1735 4076 2007 4146 siquidem

423 4168 679 4222 thronum
711 4166 845 4222 dicit
875 4183 1105 4238 regnum
1133 4206 1147 4231 ,
1177 4168 1405 4223 bestiam
1432 4183 1565 4222 vero
1586 4166 2007 4223 Auticbristum.

422 4260 594 4316 Porro
619 4260 1035 4317 obtenebratum
1062 4262 1139 4316 ait
1162 4262 1333 4333 ipsius
1359 4278 1608 4333 regnum,
1639 4262 1784 4333 quod
1815 4263 2011 4331 phialae

423 4354 555 4409 fecit
580 4353 795 4423 eﬂusio,
828 4364 1050 4426 propter
1080 4356 1287 4410 doloris
1318 4354 1738 4410 vehementiam.
1779 4355 2013 4410 l‘ossent

420 4461 639 4519 quoque
688 4463 918 4518 regnum
969 4447 1196 4517 intelligi
1244 4447 1338 4517 qui
1394 4446 1733 4501 Anticliristo
1779 4444 2008 4516 subjecti

421 4552 573 4598 sunt.

945 4654 1111 4727 784
1152 4655 1379 4711 CAPUT
1412 4655 1499 4711 LI.

425 4767 578 4833 Quod
606 4778 707 4841 per
724 4779 930 4824 sextam
950 4770 1162 4841 plagam
1196 4769 1276 4841 via
1310 4785 1403 4837 per
1430 4768 1737 4837 Euphraten
1772 4768 2012 4833 aperitur

910 4839 1119 4910 regibu.
1152 4839 1522 4895 orientalibus.

499 4989 638 5057 XVI,
684 4994 873 5049 l2-M.
927 4992 995 5047 Et
1040 5002 1221 5048 sextus
1275 4994 1495 5064 angelus
1548 4991 1732 5060 e/fudit
1769 4992 2005 5061 phialam

424 5102 577 5140 suam
619 5087 675 5140 in
703 5088 899 5156 [lumen
949 5103 1194 5158 magnum
1236 5086 1564 5154 Euphraten,
1598 5094 1645 5139 et
1683 5086 1885 5139 siccata
1930 5096 2009 5141 est

426 5197 567 5252 aqua
598 5180 712 5249 ejus
733 5221 746 5245 ,
781 5190 835 5233 ut
865 5190 1262 5252 prn'pararetur
1290 5180 1375 5234 via
1413 5179 1621 5248 regibus
1670 5180 1762 5249 qui
1791 5189 1912 5233 sunt
1944 5180 2009 5233 ab

426 5287 548 5330 ortu
573 5276 722 5329 solis.
752 5274 819 5328 Et
851 5277 957 5329 uidi
993 5291 1058 5328 ex
1091 5291 1179 5329 ore
1202 5273 1454 5328 draconis
1484 5283 1533 5328 et
1561 5291 1625 5329 ex
1646 5290 1735 5327 ore
1754 5273 1934 5328 bestia:
1959 5282 2011 5328 et

427 5385 493 5423 ex
515 5386 603 5423 ore
632 5370 1100 5439 pseudoprophetw
1121 5369 1338 5439 spiritus
1364 5368 1665 5422 immundos
1698 5378 1800 5422 tres
1832 5369 1883 5422 in
1914 5385 2017 5422 mo-

429 5460 553 5513 dum
593 5476 868 5515 ranarum.
900 5459 1033 5514 Sunt
1077 5462 1215 5515 enim
1251 5462 1471 5531 spiritus
1513 5461 1897 5517 dwmoniorum
1924 5462 2016 5528 [a-

427 5553 619 5608 cientes
646 5552 818 5620 signa.

512 5882 623 5956 (52)
645 5882 717 5938 Τὸ
740 5884 803 5939 ἐκ
833 5886 969 5945 Θεοῦ
996 5892 1253 5966 ποτήριον
1281 5894 1367 5950 ed.

2040 4614 2090 4672 D

2108 3437 2205 3491 καὶ
2238 3437 2306 3491 ἐκ
2340 3434 2457 3491 τῶν
2480 3436 2679 3490 ἑλκῶν
2710 3434 2929 3503 αὐτῶν,
2964 3436 3063 3490 καὶ
3088 3438 3159 3491 οὐ
3209 3439 3588 3508 μετενόησαν
3618 3439 3689 3492 ἐκ

2108 3529 2228 3584 τῶν
2256 3532 2448 3600 ἔργων
2473 3528 2694 3584 αὐτῶν.

2182 3626 2386 3697 Φιάλην
2434 3624 2534 3696 τὴν
2559 3624 2731 3697 ὀργὴν
2791 3623 2966 3679 καλεῖ.
3005 3623 3291 3694 Εἱώθαμεν
3320 3624 3429 3696 γὰρ
3492 3624 3550 3679 ὲν
3576 3627 3691 3689 τοῖς

2112 3719 2439 3791 συμποσίοις
2467 3717 2687 3788 φιάλαις
2740 3717 3048 3783 δεξιοῦσθαι
3088 3717 3355 3789 ἀλλήλους
3403 3718 3482 3790 τῷ
3510 3720 3568 3773 ἐν
3584 3720 3686 3772 αὑ-

2110 3817 2231 3875 ταῖς
2260 3811 2749 3885 τεθησαυρισμένῳ
2768 3811 2897 3884 οἴνῳ
2923 3810 3021 3881 τὴν
3045 3810 3279 3882 εὐωχίαν
3308 3809 3688 3881 κρατύνοντες,

2110 3899 2172 3959 οὗ
2201 3906 2531 3969 ἁπεναντίας
2557 3906 2590 3976 ἡ
2618 3905 2771 3975 παρὰ
2807 3904 2900 3958 σοῦ
2926 3904 3091 3976 φιάλη
3123 3902 3409 3975 ὲκχεθεῑσα
3441 3904 3697 3976 προξενεῖ

2114 3994 2201 4068 [ου
2209 3995 2312 4068 μοῦ
2329 3995 2438 4067 γὰρ
2454 3996 2657 4067 πλῆρες
2677 3994 2813 4049 Θεοῦ
2828 3995 2888 4048 τὸ
2904 3995 3134 4065 ἐκχυθὲν
3161 3996 3416 4066 ποτήριον
3448 3994 3585 4068 (52)]
3599 3996 3692 4049 ἐπὶ

2111 4091 2211 4160 τὴν
2245 4087 2527 4160 βασιλείαν
2567 4087 2663 4141 τοῦ
2706 4088 2921 4159 Θηρίου.
2980 4088 3182 4159 Θρόνον
3234 4087 3340 4159 γὰρ
3393 4088 3492 4160 τὴν
3539 4088 3692 4159 βασι-

2112 4184 2262 4236 λείαν
2294 4183 2447 4252 φησί·
2474 4181 2662 4251 Θηρίον
2688 4181 2744 4235 δὲ
2760 4181 2850 4234 τὸν
2888 4181 3275 4253 Ἀντίχριστονο
3304 4181 3691 4253 ἐσκοτωμένη-ι

2111 4270 2169 4323 δὲ
2215 4270 2313 4341 τὴν
2351 4270 2626 4339 βασιλείαν
2652 4271 2820 4325 αὐτοῦ
2852 4288 3039 4342 φησιν,
3067 4272 3188 4344 ἤδη
3225 4272 3325 4342 τῆς
3375 4272 3572 4344 φιάλης
3600 4272 3693 4325 εκ-

2114 4376 2271 4427 χυσις
2318 4359 2568 4428 ἐποίησε,
2604 4361 2668 4429 τῇ
2707 4360 2986 4432 ὑπερὸολῇ
3034 4360 3135 4431 τῆς
3162 4362 3377 4433 ὀδύνης.
3415 4362 3612 4415 Δύναιο
3645 4362 3690 4417 δ’

2114 4447 2180 4501 ἂν
2233 4449 2327 4501 καὶ
2381 4448 2660 4518 βασιλειαν
2689 4451 2894 4521 νοῆσαι,
2932 4452 3056 4515 τοὺς
3075 4451 3214 4523 ὑπὲρ
3266 4451 3364 4524 τὴν
3413 4453 3691 4525 βασιλείαν

2116 4540 2210 4594 τοῦ
2257 4540 2629 4612 Ἀντιχρίστου
2656 4547 3049 4616 τεταγμένους.

2675 4659 2929 4715 ΚΕΦΛΛ.
2998 4659 3127 4715 NA'.

2119 4767 2322 4846 'Orztoc
2352 4763 2450 4846 βία
2476 4770 2589 4846 τῆς
2610 4771 2792 4846 ἕκτης
2839 4776 2877 4841 η
2919 4774 3059 4839 ὁδὸς
3087 4775 3206 4846 ,διὰ
3251 4776 3359 4831 τοῦ
3378 4778 3693 4846 Εὐφράτου

2184 4840 2312 4964 :‘o'ic
2338 4842 2457 4896 ἀπὸ
2485 4843 2801 4898 ἀνατολῶν
2849 4840 3027 4914 uix/ou
3051 4845 3428 4910 ,βασιλεῦσιν
3466 4840 3696 4917 ’ἆνοίτεο

2261 4931 2299 4965 ι.

2186 5000 2294 5056 Καὶ
2326 5005 2358 5056 ὁ
2387 5002 2560 5071 ἕκτος
2580 5004 2837 5074 ἄγγελος
2860 5006 3104 5077 ἐξέχεεν
3128 5009 3316 5063 αὐτοῦ
3333 5010 3448 5078 τὴν
3470 5010 3695 5080 φιάλην

2116 5092 2215 5146 ἐπὶ
2246 5092 2353 5146 τὸν
2375 5094 2645 5163 ποταμὸν
2676 5095 2782 5149 τὸν
2801 5098 2996 5166 μέγαν
3044 5097 3384 5168 Εὐφράτην,
3410 5102 3508 5154 καὶ
3557 5100 3694 5168 ἐξη-

2113 5188 2306 5256 ράνθη
2330 5188 2393 5242 τὸ
2442 5189 2600 5259 ὕδωρ
2628 5190 2837 5254 αὑτοῦ,
2867 5192 2967 5245 ἵνα
2990 5194 3327 5264 ἡτοιμασθῆ
3352 5196 3388 5262 ἡ
3415 5195 3554 5261 ὁδὸς
3578 5193 3695 5249 τῶν

2113 5283 2431 5348 ,βασιλέων
2480 5281 2599 5337 τῶν
2650 5284 2770 5339 ἀπὸ
2808 5284 3112 5355 ἀνατολῆς
3145 5286 3346 5355 ἡλίου.
3386 5288 3497 5341 Καὶ
3536 5287 3695 5341 εἶδον

2115 5376 2186 5430 ἐκ
2214 5376 2319 5429 τοῦ
2352 5377 2651 5445 στόματος
2674 5376 2777 5430 τοῦ
2810 5377 3158 5446 δράκοντος,
3195 5380 3292 5433 καί
3325 5380 3393 5434 ἐκ
3426 5379 3528 5434 τοῦ
3559 5380 3695 5434 στό-

2109 5482 2297 5536 ματος
2319 5465 2439 5542 ,τοῦ
2478 5466 2710 5534 θηρίου,
2733 5467 2829 5520 καὶ
2854 5466 2921 5521 ἐκ
2944 5468 3050 5522 τοῦ
3087 5469 3386 5540 στόματος
3410 5468 3516 5523 τοῦ
3544 5470 3693 5538 396v-

2116 5557 2523 5626 δοπροςρήτου,
2554 5559 2865 5628 πνεύματα
2881 5560 3189 5630 ἀκάθαρτα
3216 5563 3348 5632 τρία
3376 5563 3455 5627 ὡς
3473 5560 3695 5628 βατράο

2118 5662 2289 5715 χους.
2322 5647 2458 5701 Εἰσί
2494 5645 2604 5717 γὰρ
2656 5650 2967 5722 πνεύματα
3014 5652 3339 5724 δαιμονίων
3410 5652 3695 5708 ποιοῦντα

2117 5752 2357 5807 σημεια.
