4030 6596
228 424 346 493 709

1310 420 1702 483 COMMENT.
1741 418 1825 481 IN
1868 419 2398 481 APOCALYPSIN.

3408 422 3523 486 710

326 530 689 603 Ὀλιίωθῆναί
723 548 856 602 φησι
908 529 1003 584 τὸν
1030 529 1327 602 Εὐφράτην
1379 529 1655 601 ποταμὸν,
1690 529 1829 600 πρδς

2002 528 2356 584 lmminntum
2410 527 2584 585 fuisse
2638 529 2770 587 dicit
2825 531 3029 588 ﬂumen
3083 531 3401 604 Euphraten
3455 536 3527 591 ad

232 627 474 699 πάροδον
504 624 617 677 τῶν
652 624 914 696 βασιλέων
941 623 1040 695 τῆς
1069 624 1195 691 γῆς,
1229 624 1312 686 είς
1338 624 1432 676 τὸν
1480 621 1823 693 κατάλληλον

231 719 499 791 πόλεμον.
558 736 576 769 ι
635 718 1027 788 Ἐγερθήσεται
1048 718 1181 786 γὰρ,
1222 736 1240 768 ι
1273 718 1439 786 φησιν
1469 719 1497 769 ὁ
1523 716 1731 788 Κύριος
1758 716 1821 768 ἐν

229 810 614 881 Εύαγγελίοις,
646 828 664 859 ι
696 808 850 872 ἔθνος
892 809 982 862 ἐπὶ
1000 808 1155 870 ἔθνος
1190 810 1287 861 καὶ
1316 807 1563 877 βασιλεία
1597 809 1691 861 ἐπὶ
1725 807 1823 877 βα-

231 904 464 957 σιλείαν.
498 922 518 953 ι
544 901 779 965 Τούτους
809 902 865 954 δὲ
896 903 960 954 ἐκ
992 902 1101 955 τῶν
1134 900 1421 954 Σκυθικῶν
1452 901 1635 971 μερῶν
1684 895 1826 954 εἶναι

230 997 328 1049 τοῦ
363 994 485 1063 Γὼγ
509 994 605 1048 καὶ
637 993 852 1063 Μαγὼγ
877 994 1045 1057 εἰκός.
1078 996 1193 1048 Ούκ
1224 994 1608 1064 ἀπογνωστὲον
1643 993 1699 1046 δὲ
1730 993 1827 1047 καλ¹

228 1088 323 1139 τὸν
391 1087 758 1159 Ἀντίχριστον
810 1088 875 1140 ἐκ
943 1088 1052 1140 τῶν
1109 1087 1445 1140 ἀνατολικῶν
1500 1087 1685 1157 μερῶν
1728 1086 1828 1154 τῆς

230 1180 501 1251 Περσίδος
531 1179 830 1251 ὁρμᾶσθαι,
866 1178 993 1232 ἔνθα
1029 1182 1060 1249 ἡ
1098 1180 1238 1251 φυλὴ
1274 1179 1368 1233 τοῦ
1406 1180 1515 1232 Δάν
1563 1183 1627 1232 ἐκ
1670 1180 1827 1251 ῥίζης

243 1276 537 1346 Ἐϐραίων,
572 1275 688 1346 ἅμα
716 1276 811 1328 καὶ
829 1274 1038 1344 ἑτέροις
1063 1274 1375 1344 βασιλεῦσιν
1409 1274 1441 1344 ἢ
1480 1276 1824 1343 μεγιστᾶσιν,

231 1369 361 1420 ἐπεὶ
379 1368 473 1421 καὶ
491 1368 631 1421 κατά
649 1367 857 1421 τούτων
878 1367 939 1419 τό
980 1367 1259 1437 βασιλικὸν
1310 1367 1423 1419 ἔσθ’
1446 1368 1533 1420 ὅτε
1570 1368 1828 1420 τάττεται

230 1459 432 1528 δνομα,
458 1461 532 1523 ὡς
550 1461 605 1513 ἐν
623 1460 719 1530 τῷ,
762 1479 779 1511 ι
811 1460 1168 1531 Παρέστησαν
1204 1462 1252 1513 οἱ
1271 1460 1513 1530 βασιλεῖς
1532 1460 1631 1528 τῆς
1650 1460 1775 1528 γῆς,
1803 1480 1821 1511 ι

232 1552 335 1603 ούκ
376 1551 529 1615 δντος
566 1552 748 1623 μέντοι
793 1552 1062 1622 βασιλέως
1100 1554 1193 1605 τοῦ
1236 1552 1493 1607 Πιλάτου.
1554 1553 1826 1624 Περαιοῦ-

235 1643 361 1697 σθαι
394 1645 449 1697 δὲ
485 1644 578 1716 τὴν
610 1646 921 1717 Εὐφράτην,
954 1646 987 1716 ἦ
1028 1645 1318 1718 ψυχικὸν-ἢ
1347 1648 1659 1716 σωματικὸν
1694 1648 1831 1700 ἐπά-

236 1735 429 1800 ξοντας
456 1736 683 1791 θάνατόν
717 1755 888 1809 φησι·
930 1738 1187 1808 ψυχικὸν,
1214 1739 1303 1792 διὰ
1332 1739 1391 1791 τὸ
1430 1739 1683 1810 ἐνεργείᾳ
1717 1740 1830 1792 δαι-

237 1830 421 1899 μόνων
451 1830 544 1882 καὶ
598 1834 1000 1902 παραχωρήσει
1027 1830 1189 1896 Θεοῦ,
1230 1832 1433 1902 μᾶλλον
1464 1833 1519 1885 δὲ
1544 1833 1637 1885 καὶ
1663 1830 1828 1885 αύτοῦ

234 1920 328 1972 τοῦ
372 1920 534 1984 Θεοῦ,
580 1923 658 1985 είς
688 1922 931 1992 δοκίμιον
961 1922 1070 1976 τῶν
1095 1923 1291 1976 ἐαυτοῦ
1323 1921 1700 1994 θεραπόντων,
1729 1923 1829 1994 οὐχ

234 2010 309 2075 ὠς
339 2012 691 2081 ἀγνοοῦντος,
713 2015 829 2067 ἀλλ’
867 2018 946 2079 εἰς
987 2015 1299 2087 φανέρωσιν
1327 2017 1441 2079 τοῖς
1483 2015 1667 2079 ἄλλοις
1718 2015 1829 2067 τῶν

237 2105 421 2175 ἐαυτῷ
464 2108 929 2178 προσανεχὸντων,
961 2108 994 2179 ἢ
1029 2108 1127 2179 μὴ,
1164 2107 1454 2175 ἐξάγοντος
1504 2108 1572 2160 τά
1602 2105 1831 2160 τοιαῦτα

240 2197 589 2265 συμϐαίνειν.
621 2199 940 2269 Σωματικδν
972 2200 1029 2252 δὲ
1046 2199 1153 2252 τῶν
1181 2200 1246 2253 ἐκ
1281 2199 1385 2269 γῆς
1422 2198 1639 2263 ζώντων
1665 2197 1832 2265 ἀξίων

237 2287 663 2354 διαλελοιπέναι,
697 2291 770 2355 ὡς
824 2291 899 2363 μὴ
931 2291 1025 2344 καὶ
1052 2290 1216 2363 αὐτὴν
1243 2295 1357 2355 τοῖς
1382 2292 1598 2361 μιαροῖς
1638 2289 1823 2360 ἔργοις

240 2382 423 2435 αὐτῶν
484 2383 822 2454 ἐξαχρειοῦν,
859 2384 1020 2456 ἔργον
1056 2380 1222 2438 οὖσαν
1250 2383 1458 2453 ἀγαθοῦ
1496 2382 1721 2453 ποιητοῦ
1741 2383 1833 2435 καὶ

239 2472 442 2542 χωρίον
480 2477 891 2546 ἀνεπηρέαστον
942 2480 1052 2540 τοῖς
1093 2478 1403 2549 ἐναμίλλως
1454 2476 1550 2531 τοῦ
1586 2494 1824 2547 πεποιη-

242 2564 400 2629 κότος
427 2565 1041 2639 βιοῦνήτοιμασμὲνοις.

309 2658 424 2711 Καὶ
450 2654 613 2712 εἶδον
629 2660 696 2713 ἐκ
724 2661 825 2714 τοῦ
844 2664 1146 2731 στόματος
1170 2662 1273 2717 τοῦ
1305 2662 1632 2734 δράκοντος
1648 2668 1833 2722 πνεύ-

238 2766 397 2819 ματα
425 2751 729 2820 ἀκάθαρτα
760 2756 911 2823 τρία.
948 2757 1476 2827 Προσυπακουστέον
1514 2759 1573 2812 τὸ
1598 2762 1832 2827 ἐξιόντα,

244 2838 377 2916 ἴν”ᾖ·
405 2842 559 2895 Εἶδον
582 2845 646 2897 ἐκ
680 2844 775 2898 τοῦ
811 2846 1081 2917 στόματος
1100 2848 1207 2901 τῶν
1235 2848 1404 2919 τριῶν
1436 2849 1651 2915 ἐξιόντα
1676 2853 1838 2905 πνεύο

250 2953 399 3005 ματα
463 2937 755 3009 ἀκάθαρτα
786 2940 934 3008 τρία,
985 2940 1062 3002 ὡς
1120 2939 1451 3011 βατράχους.
1487 2942 1581 2995 Ἐκ
1632 2943 1837 2997 τούτων

245 3028 546 3092 δείκνυται,
576 3030 670 3083 τὸν
704 3032 801 3102 μὲν
827 3031 1185 3097 διάϐολον,ιῖ›ς
1213 3034 1480 3103 δράκοντα
1514 3035 1571 3086 ἐν
1604 3034 1680 3105 τῷ
1723 3036 1839 3107 ἰδίῳ

248 3119 529 3193 προσώπῳ
557 3122 890 3191 δείκνυσθαι,
925 3124 1015 3177 τὸν
1057 3125 1426 3194 Ἀντίχριστον
1454 3125 1509 3179 δὲ
1527 3126 1599 3189 ὡς
1626 3126 1836 3199 θηρίον,

1930 622 2222 676 transitum
2264 636 2455 692 regum
2493 631 2656 677 terra:
2704 623 2757 677 in
2810 633 3061 679 mutuum
3113 625 3340 681 bellum.
3385 626 3524 682 Nam

1934 733 1953 767 ι
1995 713 2283 785 Exsurget,
2324 732 2343 765 ι
2373 715 2449 768 ait
2474 713 2739 770 Dominus
2771 716 2823 770 in
2856 715 3167 787 Evangeliis
3189 759 3202 780 ,
3247 736 3266 769 ι
3302 734 3434 787 gens
3466 720 3518 772 in

1929 817 2144 877 gentem
2193 816 2247 861 et
2283 822 2512 877 regnum
2560 807 2615 862 in
2667 824 2891 877 regnum
2924 809 2992 862 ⁸⁵.
3052 827 3070 860 ι
3126 810 3296 865 Porro
3328 811 3430 865 hos
3456 826 3526 865 ex

1930 899 2259 972 Scytharum
2296 917 2419 957 esse
2450 902 2699 970 partibus
2746 902 2863 971 (ὶοε
2906 911 2959 956 et
2998 901 3189 973 Magog
3220 903 3527 958 verisimile

1930 1005 2030 1050 est.
2058 992 2247 1065 N«-que
2288 996 2449 1049 etiam
2486 995 2887 1064 reprobandum
2924 1003 3009 1048 est
3056 995 3126 1049 ab
3164 995 3525 1049 oriciltalihus

1930 1086 2172 1142 Persidis
2227 1088 2474 1155 partibus
2515 1086 2911 1141 Antichristum
2952 1087 3181 1150 exoriri,
3218 1086 3305 1141 ubi
3351 1087 3528 1142 tribus

1930 1180 2046 1233 Dan
2082 1195 2112 1233 e
2148 1180 2326 1234 radice
2363 1179 2717 1235 Hebraeorum
2768 1192 3145 1235 commoratur
3191 1180 3354 1232 simul
3396 1196 3520 1233 cum

1931 1271 2143 1325 eaateris
2182 1273 2402 1339 regibus
2433 1282 2525 1326 aut
2558 1274 2886 1341 primatibus
2922 1291 2935 1326 :
2972 1273 3230 1342 quoniam
3269 1273 3351 1325 his
3382 1288 3525 1341 quo-

1931 1380 2038 1433 que
2086 1365 2358 1419 interdum
2409 1366 2615 1435 regium
2665 1381 2867 1421 nomen
2905 1352 3247 1429 attribuitur,
3295 1376 3354 1420 ut
3399 1381 3526 1418 cum

1932 1458 2155 1523 dicitur,
2186 1478 2203 1509 ι
2246 1459 2553 1513 Asliteruut
2583 1475 2735 1530 reges
2766 1470 2926 1514 terra:
2952 1460 3021 1513 ⁸⁸.
3068 1480 3085 1510 ι
3125 1459 3404 1528 Siquidem
3438 1457 3529 1510 Ρι-

1932 1551 2077 1607 latus
2102 1568 2211 1606 non
2243 1560 2362 1607 erat
2400 1567 2529 1608 vere
2557 1568 2675 1608 rex.
2708 1551 2971 1609 Transire
3000 1563 3181 1607 autem
3217 1552 3529 1621 Euphraten

1932 1644 2009 1699 ait
2058 1644 2381 1700 inducentes
2438 1654 2535 1699 aut
2581 1645 2780 1699 animze
2821 1653 2915 1699 aut
2953 1647 3200 1715 corporis
3252 1654 3526 1700 mortem:

1933 1735 2131 1789 anima:
2158 1735 2402 1805 quidem,
2432 1751 2498 1790 eo
2535 1735 2682 1806 quod
2712 1737 2840 1791 talia
2870 1736 3191 1805 Operatioue
3213 1736 3526 1789 daemonum

1933 1843 1999 1883 ex
2050 1829 2325 1899 permissu
2380 1829 2475 1884 Dei
2528 1831 2899 1901 contingant:
2953 1829 3128 1899 magis
3174 1838 3356 1883 autem
3408 1829 3529 1899 ipso

1932 1937 2156 1992 quoque
2189 1922 2302 1978 Deo
2337 1923 2459 1977 illos
2481 1923 2747 1978 educente
2774 1924 2839 1978 ad
2868 1924 3249 1994 probationem
3286 1921 3523 1975 famulo-

1934 2030 2054 2069 rum
2098 2030 2324 2071 suorum
2362 2035 2374 2071 :
2413 2030 2523 2070 non
2560 2017 2706 2087 quod
2739 2018 2985 2086 ignoret,
3017 2016 3111 2072 sed
3141 2024 3201 2070 ut
3243 2013 3368 2068 aliis
3413 2028 3531 2066 ma-

1934 2109 2197 2164 nifestum
2226 2108 2390 2165 faciat
2419 2108 2510 2180 qui
2541 2110 2607 2164 ad
2632 2126 2692 2164 se
2724 2110 2992 2164 accedant
3024 2118 3077 2162 et
3100 2110 3194 2179 qui
3220 2122 3353 2161 non.
3388 2105 3529 2159 Cor-

1933 2200 2081 2271 poris
2108 2216 2238 2257 vero
2264 2211 2515 2267 mortem,
2544 2202 2596 2256 in
2632 2201 2714 2257 his
2746 2202 2839 2272 qui
2871 2201 3018 2271 digni
3052 2210 3179 2255 sunt
3206 2208 3265 2253 ut
3290 2198 3357 2254 de
3386 2208 3531 2253 terra

1933 2293 2236 2349 viventium
2284 2293 2597 2359 deleantur,
2637 2308 2706 2347 ne
2741 2295 2911 2364 ipsam
2953 2308 3174 2363 quoque
3218 2291 3335 2346 suis
3379 2288 3532 2344 nefa-

1936 2386 2035 2440 riis
2065 2387 2324 2456 operibus
2358 2396 2751 2456 corrumpant,
2796 2401 2921 2456 quze
2969 2385 3097 2439 beni
3142 2383 3355 2453 opiticis
3391 2397 3532 2452 opus

1934 2490 2017 2534 est
2051 2490 2103 2535 et
2142 2481 2288 2549 regio
2322 2480 2566 2540 innoxia.
2620 2480 2705 2533 his
2736 2480 2827 2547 qui
2877 2480 3097 2534 diverso
3146 2479 3312 2532 modo
3346 2479 3531 2532 vivere

1936 2573 2109 2644 parati
2138 2584 2287 2638 sunt,
2316 2574 2472 2642 juxta
2504 2572 2556 2625 id
2590 2573 2655 2625 ad
2688 2572 2833 2641 quod
2869 2568 2997 2625 facti
3029 2578 3178 2625 sunt.

2010 2664 2078 2718 Et
2114 2666 2220 2718 vidi
2253 2682 2317 2719 ex
2362 2681 2449 2717 ore
2500 2665 2747 2719 draconis
2795 2664 3015 2732 spiritus
3048 2661 3350 2716 immundos
3400 2670 3528 2715 tres.

1941 2756 2394 2811 Suhamlicndum
2426 2767 2509 2811 est
2549 2758 2913 2827 egredientes,
2939 2764 2998 2809 ut
3021 2754 3093 2809 sit
3130 2768 3329 2809 sensus
3358 2771 3371 2807 :
3410 2750 3533 2806 Vidi

1939 2867 2003 2904 ex
2042 2850 2205 2920 785
2250 2867 2344 2904 ore
2382 2851 2546 2904 trium
2580 2849 2925 2919 egredientes
2958 2849 3187 2917 spiritus
3221 2844 3536 2899 immundos

1940 2952 2053 2998 tres
2084 2944 2137 2996 in
2172 2944 2392 2995 modum
2427 2956 2708 2995 ranarum.
2742 2940 2818 2993 Ex
2861 2940 2947 2994 bis
2989 2940 3304 2993 ostenditur
3337 2937 3537 2991 diabo-

1941 3036 2052 3088 lum
2097 3033 2317 3104 quidem
2376 3032 2539 3087 vcluti
2585 3033 2880 3087 draconem
2932 3034 2983 3085 iu
3024 3032 3245 3101 pr0pria
3301 3045 3536 3100 persona

1943 3127 2279 3199 significari,
2329 3127 2734 3181 Antichristum
2785 3139 2919 3180 vero
2970 3135 3227 3192 tanquam
3272 3126 3534 3190 bestiam,

247 3213 335 3265 τὸν
369 3214 830 3287 ψευδοπροφήτην
847 3216 902 3269 δὲ
925 3217 1112 3289 ἕτερον
1146 3220 1297 3290 παρὰ
1318 3220 1410 3273 τὸν
1445 3219 1836 3291 Ἀντίχριστον.

1950 3220 2482 3290 pseuilopmphelam
2517 3229 2697 3273 autem
2744 3218 2981 3272 alterum
3034 3224 3229 3286 praeter
3260 3216 3537 3270 Antichri-

250 3308 356 3360 Καὶ
373 3307 649 3378 δράκοντα
699 3312 799 3382 μὲν
849 3312 939 3366 τὸν
984 3312 1251 3378 διάϐολον,
1306 3314 1393 3366 διά
1427 3315 1487 3367 τὸ
1536 3316 1841 3387 κεχρῆσθαι

253 3401 487 3467 σκολιοῖς
504 3405 614 3466 τοῖς
629 3404 914 3475 κινήμασι,
931 3405 1119 3479 θηρίον
1142 3407 1219 3473 δὲ,
1247 3407 1339 3461 τὸν
1355 3407 1743 3479 ’Δντίχριστον.
1766 3411 1841 3465 Ού

252 3497 357 3567 γὰρ
386 3495 748 3568 ἀνθρωπίνως
781 3499 877 3571 τὴν
898 3498 1247 3571 ἀνθρωπείαν
1269 3499 1469 3565 ὑποδὺς
1494 3500 1608 3573 (55)
1628 3503 1843 3574 πρόεισι

255 3588 438 3656 φύσιν,
458 3588 735 3661 θηριωδῶς
758 3591 836 3646 δέ.
858 3592 960 3646 Τὸν
981 3592 1433 3665 ψευδοπροφήτην
1464 3594 1519 3647 δέ
1533 3594 1664 3648 αὐτὸ
1686 3596 1844 3650 τοῦτο

256 3680 387 3753 ὅπερ
408 3683 544 3749 ἐστὶ,
567 3683 769 3753 ψεύδεα
793 3684 934 3739 κατὰ
946 3684 1038 3738 τὸν
1057 3687 1288 3758 ποιητὴν
1310 3688 1510 3751 εἰπεῖν,
1526 3687 1707 3741 εἰδότα
1723 3687 1844 3741 ἐτύ-

259 3790 436 3843 μοισιν
467 3775 631 3843 ὃμοια
669 3775 889 3831 Τούτων
901 3776 1135 3832 ἑκάστου
1147 3778 1257 3833 τῶν
1272 3778 1559 3849 στομάτων
1579 3778 1758 3849 ίσάριθ
1767 3780 1847 3849 μά

258 3883 422 3937 φησιν
468 3868 871 3933 ἁποϐλύζεσθαι
898 3870 1189 3942 ἀκάθαρτα
1222 3870 1512 3941 πνεύματα
1545 3870 1844 3943 βατράχοις

257 3959 439 4029 ὃμοια,
473 3960 587 4013 ἀλλ’
620 3961 681 4015 ού
717 3960 1043 4033 βατράχους.
1072 3963 1319 4035 Πρῶτον,
1350 3963 1426 4026 ὡς
1459 3963 1557 4033 τῆς
1583 3964 1846 4033 τραχείας

259 4050 463 4105 τούτων
494 4051 623 4122 βοῆς
664 4053 725 4106 ού
766 4054 901 4123 πρός
936 4071 1059 4108 τινα
1086 4057 1165 4117 εἰς
1223 4053 1357 4107 Θεδν
1400 4053 1569 4125 ῦμνον
1632 4056 1753 4117 οἵας
1784 4072 1843 4108 τε

260 4142 426 4214 οῦσης
454 4144 1000 4215 παραλαμϐάνεσθαι,
1021 4147 1158 4200 ἀλλὰ
1183 4147 1432 4217 ταραχὰς
1460 4149 1553 4200 καὶ
1580 4146 1845 4220 θορύϐους

264 4237 759 4309 προσποριζούσης,
787 4238 861 4303 ὡς
893 4238 1014 4303 ἔθος
1044 4240 1131 4292 ἀεὶ
1156 4238 1267 4292 τῶν
1297 4239 1592 4308 δαιμονίων
1626 4239 1844 4293 καὶτῶν

264 4330 608 4401 ἁμαρτωλῶν
660 4329 739 4400 τῷ
792 4330 1120 4402 βορϐορώδει
1151 4330 1251 4401 βίῳ
1294 4329 1842 4401 ἐμφιλοχωρούντων,

264 4419 452 4493 ὥσπερ
475 4423 568 4475 ἀπ’
602 4423 851 4486 ἐναντίας
871 4423 980 4476 τῶν
1010 4423 1130 4495 Θεῷ
1160 4424 1329 4492 φίλων
1356 4423 1432 4493 τῷ
1460 4422 1682 4493 σκληρῷ
1731 4422 1843 4492 (54)

267 4522 566 4593 χαιρόντων
598 4524 692 4574 καὶ
721 4520 799 4591 τῷ
821 4520 1136 4592 καρτερικῷ
1170 4521 1266 4591 τῆς
1297 4519 1498 4591 ψυχῆς,
1532 4519 1721 4588 ὕμνοις
1749 4518 1844 4571 καὶ

1945 3325 2111 3367 suun.
2142 3311 2205 3365 Et
2232 3315 2525 3366 draconem
2546 3312 2765 3382 quidem
2796 3310 3101 3375 diabolum,
3126 3324 3189 3363 eo
3220 3307 3362 3377 quod
3390 3307 3535 3362 obli-

1946 3406 2069 3477 quis
2100 3415 2288 3460 utatur
2315 3405 2603 3460 motibus:
2646 3404 2880 3459 bestiam
2937 3418 3067 3457 vero
3110 3400 3541 3464 Antichristum,

1945 3511 2007 3553 ut
2036 3499 2127 3569 qui
2170 3514 2279 3552 non
2317 3498 2557 3552 humano
2605 3511 2760 3550 more
2800 3502 3160 3550 conversetur
3210 3490 3262 3545 in
3300 3491 3538 3544 humana

1946 3603 2161 3657 natura,
2195 3590 2285 3646 sed
2319 3590 2493 3661 magis
2541 3589 2718 3645 ferino
2758 3604 2909 3643 more
2952 3605 2965 3640 :
3002 3583 3535 3658 pseudoprophetam

1946 3699 2132 3741 autem
2168 3685 2274 3741 hoc
2305 3700 2483 3754 Ipsum
2522 3684 2670 3753 quod
2700 3693 2803 3748 est,
2849 3697 3044 3751 nempe
3074 3680 3169 3751 qui
3214 3680 3265 3733 in
3318 3677 3537 3732 modum

1948 3786 2119 3848 poetae
2176 3775 2459 3830 mendacia
2517 3775 2699 3829 dicere
2761 3774 2913 3827 novit
2971 3774 3118 3826 veris
3180 3770 3402 3825 similia.
3458 3766 3538 3821 Ex

1950 3867 2389 3937 uniuscujusque
2436 3867 2632 3919 horum
2682 3879 2778 3918 ore
2809 3861 2943 3917 dicit
2998 3860 3117 3930 pari
3157 3872 3388 3913 numero
3419 3871 3543 3910 sca-

1947 3959 2122 4013 turirc
2153 3957 2467 4012 immundos
2487 3955 2713 4023 spiritus
2745 3953 2896 4006 ranis
2924 3948 3153 4012 similes,
3182 3948 3277 4002 sed
3306 3959 3412 3998 non
3450 3960 3541 3995 la-

1949 4068 2048 4106 nas
2086 4070 2099 4106 :
2132 4052 2369 4122 primum
2417 4046 2563 4118 quod
2606 4060 2799 4115 aspera
2840 4044 3038 4097 horum
3072 4055 3171 4093 vox
3210 4053 3317 4091 non
3370 4044 3544 4105 possit

1946 4145 2014 4197 ad
2049 4145 2289 4213 aliquam
2327 4142 2417 4195 Dei
2451 4140 2669 4194 laudem
2706 4136 2938 4200 assumi,
2972 4132 3065 4188 sed
3099 4132 3165 4185 ad
3203 4130 3543 4184 turbationes

1947 4254 2012 4292 ac
2046 4237 2317 4290 tumultus
2343 4232 2666 4290 excitandos
2693 4248 2707 4285 :
2739 4228 2995 4299 quodque
3025 4238 3240 4293 semper
3272 4221 3443 4275 moris
3471 4219 3546 4273 sit

1947 4329 2293 4386 daemonibus
2316 4343 2381 4382 ac
2409 4323 2795 4397 peccatoribus
2827 4320 2993 4375 fetida
3016 4333 3080 4372 ac
3102 4322 3409 4370 commenta
3436 4312 3545 4366 vita

1947 4421 2232 4485 delectari,
2268 4416 2735 4489 quemadmodum
2760 4413 3014 4469 ediverso
3049 4410 3141 4464 Dei
3178 4407 3373 4461 amicis
3400 4406 3545 4473 quod

1949 4516 2090 4569 duro
2115 4516 2408 4585 gaudeant,
2438 4519 2494 4566 et
2539 4510 2709 4564 animi
2751 4506 3042 4563 tolerantia
3090 4516 3154 4556 ac
3200 4498 3544 4559 fortitudine,

268 4586 431 4683 ᾧδάῖς
466 4614 560 4666 καὶ
590 4586 1015 4684 ἐξομολογήσεσι
1065 4586 1514 4681 μεγαλύνεινντὸν
1559 4586 1712 4663 Θεόν.
1757 4608 1836 4679 Τῷ

1955 4610 2173 4680 hymnis
2202 4618 2258 4662 et
2289 4606 2524 4661 canticis
2562 4619 2627 4659 ac
2652 4597 3096 4658 confessionibus
3133 4593 3300 4646 Deum
3334 4590 3549 4658 magni--

268 4705 532 4775 τριαδικῷ
566 4705 624 4758 δὲ
663 4704 888 4776 ἀριθμῷ
918 4704 1014 4756 καὶ
1057 4705 1107 4757 oi
1137 4702 1359 4774 φθορεῖς
1380 4701 1568 4754 καὶτὰ
1591 4702 1701 4753 ἀπὸ
1737 4699 1846 4753 τῶν

271 4799 557 4869 στομάτων
614 4798 797 4851 αὐτῶν
852 4795 1285 4865 ἐξοχετευόμενα
1320 4792 1592 4863 δαιμόνια,
1635 4793 1722 4845 ἴνα
1772 4791 1849 4863 τῷ

271 4890 490 4961 ἀριθμῴ
531 4890 707 4962 τούτῳ
763 4888 1039 4956 ἀπατῶσι,
1072 4887 1148 4952 ὡς
1199 4889 1264 4957 τῇ
1322 4886 1665 4957 πανυμνήτῳ
1716 4885 1851 4954 ἀγειι

273 4984 463 5055 Τριάδι
490 4983 926 5055 εὐαρεστεῖσθαι.

345 5078 416 5130 Ἀ
443 5076 828 5145 ἐκπορεύεται
858 5075 957 5128 ἐπὶ
985 5073 1125 5139 τοὺς
1144 5070 1429 5138 βασιλεῖς
1447 5069 1553 5138 τῆς
1579 5068 1853 5138 οἰκουμέ-

276 5184 386 5235 νης
412 5168 584 5236 ὅλης,
630 5167 1000 5238 συναγαγεῖν
1041 5166 1262 5231 αὐτοὺς
1296 5168 1383 5231 είς
1442 5167 1551 5218 τὸν
1587 5164 1855 5229 πόλεμον

278 5260 385 5329 τῆς
416 5264 639 5331 »ἡμέρας
666 5262 908 5328 ἐκείνης
931 5259 1040 5326 τῆς
1106 5258 1380 5329 μεγάλης
1418 5256 1525 5311 τοῦ
1562 5255 1710 5309 Θεοῦ
1748 5252 1856 5306 τοῦ

282 5359 778 5426 παντοκράτορος.
818 5355 976 5411 ἰδοὺ
1013 5355 1258 5423 ἔρχομαι
1283 5353 1363 5419 ὠς
1402 5350 1693 5415 κλέπτης.
1736 5352 1857 5402 Μα-

282 5451 482 5518 κάριος
529 5455 560 5505 ό
586 5449 912 5520 γρηγορῶν,
949 5447 1051 5501 καὶ
1083 5444 1280 5515 τηρῶν
1312 5446 1385 5500 τὰ
1432 5442 1631 5513 ἱμάτια
1658 5441 1848 5496 αὑτοῦ

284 5539 479 5609 ἵναμὴ
503 5542 730 5610 γυμνὸς
748 5536 1067 5606 περιπατῇ,
1092 5537 1190 5590 καὶ
1209 5534 1490 5599 βλέπωσι
1516 5532 1633 5601 τὴν
1647 5532 1847 5599 ἀσχη·

1954 4701 2140 4755 iicent.
2170 4698 2436 4754 Ternario
2466 4705 2645 4751 autem
2680 4706 2913 4748 numero
2948 4694 3079 4742 sunt
3109 4693 3163 4739 et
3195 4689 3547 4750 corruptores

1952 4802 2009 4847 et
2037 4808 2160 4862 quae
2192 4791 2261 4845 ab
2288 4805 2386 4843 ore
2404 4803 2598 4843 eorum
2627 4783 2987 4856 egrediuntur
3012 4774 3280 4833 themonia
3304 4813 3320 4837 ,
3354 4779 3414 4825 ut
3444 4771 3548 4823 hoc

1954 4898 2186 4939 numero
2222 4882 2495 4945 fallerent,
2528 4878 2692 4949 quasi
2754 4871 3151 4932 laudatissima:
3219 4882 3285 4920 ac
3315 4862 3549 4920 sanctis-

1952 4979 2108 5030 sima:
2143 4974 2401 5029 Trinitati
2437 4974 2579 5043 grati
2607 4979 2814 5026 essent.

2027 5065 2170 5131 XVI,
2222 5066 2409 5119 ιιοιϐ.
2455 5066 2588 5129 Qua:
2617 5064 2964 5131 egrediuntur
3014 5064 3083 5111 ad
3131 5073 3273 5125 reges
3318 5050 3550 5107 universi

1955 5164 2096 5215 orbis
2128 5171 2183 5214 ut
2215 5168 2523 5229 congregem
2556 5172 2642 5210 eos
2674 5154 2741 5207 ad
2776 5154 3021 5223 pra'lium
3060 5149 3239 5218 niagui
3268 5146 3415 5199 illius
3441 5142 3548 5193 dici

1957 5256 2326 5324 omnipotentis
2366 5254 2483 5308 Dei.
2534 5254 2669 5303 Ecce
2699 5250 2848 5303 venio
2896 5248 3032 5299 sicut
3076 5245 3185 5311 fur.
3236 5239 3431 5291 Beatus
3468 5240 3545 5324 est

1957 5352 2047 5419 qui
2072 5349 2280 5419 vigilat,
2303 5356 2352 5401 et
2382 5347 2473 5416 qui
2500 5353 2673 5399 servat
2697 5342 3007 5397 vestimenta
3033 5352 3151 5398 sua,
3175 5348 3236 5386 ne
3261 5328 3432 5381 nudus
3464 5323 3547 5425 in.-

1957 5445 2143 5507 cedat,
2173 5449 2222 5493 et
2251 5439 2462 5494 videant
2504 5436 2889 5506 turpitudinem
2936 5433 3074 5501 ejus.
3114 5426 3181 5480 Et
3215 5422 3547 5491 congregavit

1959 5549 2047 5587 eos
2074 5534 2131 5586 in
2160 5532 2333 5587 locum
2362 5533 2451 5603 qui
2480 5532 2680 5584 dicitur
2715 5527 2977 5581 Hebraice
3008 5521 3365 5589 Ermagedon.

281 5636 555 5702 μοσύνην
594 5632 801 5689 αὐτοῦ.
835 5631 943 5685 Καὶ
978 5629 1329 5698 συνήγαγεν
1354 5627 1576 5691 αὐτοὺς
1620 5628 1708 5692 εις
1751 5624 1860 5679 τὸν
1887 5626 2077 5681 τόπον
2110 5627 2219 5681 τὸν
2242 5628 2622 5695 καλούμενον
2646 5620 2951 5691 Ἐϐραϊστί
2992 5611 3383 5685 Ἐρμαγεδὼν.

354 5769 399 5803 ⁸⁵
423 5770 612 5825 Matth.
643 5785 790 5835 χχιιι,
819 5771 874 5824 7.
948 5767 994 5799 "
1033 5766 1182 5823 Psal.
1217 5781 1277 5832 ιι,
1305 5764 1359 5818 2.

362 5914 473 5986 (55)
507 5914 634 5985 ἡδύς
664 5913 916 5983 vulgatus
943 5918 1146 5966 textus.

2061 5896 2172 5968 (δι)
2196 5890 2498 5961 Legebatur
2540 5889 2758 5958 κλήρῳ,
2791 5888 2930 5957 quod
2959 5896 3100 5941 sorte
3134 5903 3231 5941 sua
3263 5884 3543 5950 gaudeant.
