  <div class='ocr_page' id='page_1' title='image "/cluster/home/n/w/nwhite01/storage/ocr_20150623/106/hvd.32044051727071/367.png"; bbox 0 0 4046 6578; ppageno 0'>
   <div class='ocr_carea' id='block_1_1' title="bbox 485 330 3754 430">
    <p class='ocr_par' dir='ltr' id='par_1_1' title="bbox 485 330 3754 430">
     <span class='ocr_line' id='line_1_1' title="bbox 485 330 3754 430; baseline -0.002 -4"><span class='ocrx_word' id='word_1_1' title='bbox 485 360 590 428; x_wconf 77' lang='lat'><strong>711</strong></span> <span class='ocrx_word' id='word_1_2' title='bbox 1314 363 1643 424; x_wconf 64' lang='lat' dir='ltr'><strong>ARETH/E</strong></span> <span class='ocrx_word' id='word_1_3' title='bbox 1681 363 2060 424; x_wconf 38' lang='lat' dir='ltr'><strong>crusmata</strong></span> <span class='ocrx_word' id='word_1_4' title='bbox 2099 330 2588 426; x_wconf 64' lang='lat' dir='ltr'><strong>carpanocm</strong></span> <span class='ocrx_word' id='word_1_5' title='bbox 2623 363 2963 425; x_wconf 89' lang='lat' dir='ltr'><strong>EPISCOPI</strong></span> <span class='ocrx_word' id='word_1_6' title='bbox 3643 364 3754 430; x_wconf 73' lang='grc' dir='ltr'>τις),</span> 
     </span>
    </p>
   </div>
   <div class='ocr_carea' id='block_1_2' title="bbox 553 470 2144 550">
    <p class='ocr_par' dir='ltr' id='par_1_2' title="bbox 553 470 2144 550">
     <span class='ocr_line' id='line_1_2' title="bbox 553 470 2144 550; baseline -0.001 -23"><span class='ocrx_word' id='word_1_7' title='bbox 553 471 918 543; x_wconf 83' lang='lat' dir='ltr'><strong>Egrediuntur</strong></span> <span class='ocrx_word' id='word_1_8' title='bbox 954 481 1013 547; x_wconf 78' lang='lat' dir='ltr'><strong>ut</strong></span> <span class='ocrx_word' id='word_1_9' title='bbox 1055 470 1108 526; x_wconf 89' lang='lat' dir='ltr'><strong>in</strong></span> <span class='ocrx_word' id='word_1_10' title='bbox 1148 486 1315 526; x_wconf 89' lang='lat' dir='ltr'><strong>unum</strong></span> <span class='ocrx_word' id='word_1_11' title='bbox 1347 472 1681 550; x_wconf 23' lang='lat' dir='ltr'><strong>educant‘ad</strong></span> <span class='ocrx_word' id='word_1_12' title='bbox 1708 473 2066 543; x_wconf 69' lang='lat' dir='ltr'><strong>prmliandum</strong></span> <span class='ocrx_word' id='word_1_13' title='bbox 2100 485 2144 541; x_wconf 74' lang='grc' dir='ltr'>Α</span> 
     </span>
    </p>
   </div>
   <div class='ocr_carea' id='block_1_3' title="bbox 483 564 2084 637">
    <p class='ocr_par' dir='ltr' id='par_1_3' title="bbox 483 564 2084 637">
     <span class='ocr_line' id='line_1_3' title="bbox 483 564 2084 637; baseline 0.001 -17"><span class='ocrx_word' id='word_1_14' title='bbox 483 565 539 620; x_wconf 90' lang='lat' dir='ltr'><strong>in</strong></span> <span class='ocrx_word' id='word_1_15' title='bbox 573 580 632 620; x_wconf 87' lang='lat' dir='ltr'><strong>se</strong></span> <span class='ocrx_word' id='word_1_16' title='bbox 657 577 869 619; x_wconf 88' lang='lat' dir='ltr'><strong>mutuo.</strong></span> <span class='ocrx_word' id='word_1_17' title='bbox 897 565 1062 635; x_wconf 88' lang='lat' dir='ltr'><strong>Signa</strong></span> <span class='ocrx_word' id='word_1_18' title='bbox 1089 579 1242 628; x_wconf 83' lang='lat' dir='ltr'><strong>vero,</strong></span> <span class='ocrx_word' id='word_1_19' title='bbox 1277 564 1482 636; x_wconf 89' lang='lat' dir='ltr'><strong>inquit,</strong></span> <span class='ocrx_word' id='word_1_20' title='bbox 1512 581 1632 634; x_wconf 68' lang='lat' dir='ltr'><strong>qua:</strong></span> <span class='ocrx_word' id='word_1_21' title='bbox 1663 581 1760 637; x_wconf 73' lang='lat' dir='ltr'><strong>per</strong></span> <span class='ocrx_word' id='word_1_22' title='bbox 1793 565 2084 636; x_wconf 68' lang='lat' dir='ltr'><strong>daemones</strong></span> 
     </span>
    </p>
   </div>
   <div class='ocr_carea' id='block_1_4' title="bbox 480 656 2078 726">
    <p class='ocr_par' dir='ltr' id='par_1_4' title="bbox 480 656 2078 726">
     <span class='ocr_line' id='line_1_4' title="bbox 480 656 2078 726; baseline 0 -14"><span class='ocrx_word' id='word_1_23' title='bbox 480 657 620 712; x_wconf 79' lang='lat' dir='ltr'><strong>ﬁunt</strong></span> <span class='ocrx_word' id='word_1_24' title='bbox 651 666 708 712; x_wconf 86' lang='lat' dir='ltr'><strong>ut</strong></span> <span class='ocrx_word' id='word_1_25' title='bbox 739 658 960 726; x_wconf 79' lang='lat' dir='ltr'><strong>regibus</strong></span> <span class='ocrx_word' id='word_1_26' title='bbox 996 656 1237 712; x_wconf 89' lang='lat' dir='ltr'><strong>furorem</strong></span> <span class='ocrx_word' id='word_1_27' title='bbox 1272 657 1528 712; x_wconf 90' lang='lat' dir='ltr'><strong>bellicum</strong></span> <span class='ocrx_word' id='word_1_28' title='bbox 1565 660 1844 722; x_wconf 88' lang='lat' dir='ltr'><strong>immittat.</strong></span> <span class='ocrx_word' id='word_1_29' title='bbox 1883 666 2078 718; x_wconf 62' lang='lat' dir='ltr'><strong>osten-,</strong></span> 
     </span>
    </p>
   </div>
   <div class='ocr_carea' id='block_1_5' title="bbox 485 748 2071 821">
    <p class='ocr_par' dir='ltr' id='par_1_5' title="bbox 485 748 2071 821">
     <span class='ocr_line' id='line_1_5' title="bbox 485 748 2071 821; baseline 0.001 -17"><span class='ocrx_word' id='word_1_30' title='bbox 485 748 623 804; x_wconf 72' lang='lat' dir='ltr'><strong>dunt</strong></span> <span class='ocrx_word' id='word_1_31' title='bbox 666 764 894 820; x_wconf 83' lang='lat' dir='ltr'><strong>sc0putn</strong></span> <span class='ocrx_word' id='word_1_32' title='bbox 927 750 1032 804; x_wconf 90' lang='lat' dir='ltr'><strong>diei</strong></span> <span class='ocrx_word' id='word_1_33' title='bbox 1088 751 1236 805; x_wconf 89' lang='lat' dir='ltr'><strong>illius</strong></span> <span class='ocrx_word' id='word_1_34' title='bbox 1279 751 1460 821; x_wconf 85' lang='lat' dir='ltr'><strong>magni</strong></span> <span class='ocrx_word' id='word_1_35' title='bbox 1513 751 1606 816; x_wconf 84' lang='lat' dir='ltr'><strong>qui</strong></span> <span class='ocrx_word' id='word_1_36' title='bbox 1645 767 1752 805; x_wconf 91' lang='lat' dir='ltr'><strong>non</strong></span> <span class='ocrx_word' id='word_1_37' title='bbox 1797 752 1941 806; x_wconf 87' lang='lat' dir='ltr'><strong>alius</strong></span> <span class='ocrx_word' id='word_1_38' title='bbox 1989 759 2071 806; x_wconf 88' lang='lat' dir='ltr'><strong>est</strong></span> 
     </span>
    </p>
   </div>
   <div class='ocr_carea' id='block_1_6' title="bbox 483 839 2070 913">
    <p class='ocr_par' dir='ltr' id='par_1_6' title="bbox 483 839 2070 913">
     <span class='ocr_line' id='line_1_6' title="bbox 483 839 2070 913; baseline 0.004 -20"><span class='ocrx_word' id='word_1_39' title='bbox 483 854 648 908; x_wconf 90' lang='lat' dir='ltr'><strong>quam</strong></span> <span class='ocrx_word' id='word_1_40' title='bbox 683 839 960 895; x_wconf 89' lang='lat' dir='ltr'><strong>secundus</strong></span> <span class='ocrx_word' id='word_1_41' title='bbox 994 840 1206 896; x_wconf 89' lang='lat' dir='ltr'><strong>Domini</strong></span> <span class='ocrx_word' id='word_1_42' title='bbox 1237 844 1524 896; x_wconf 77' lang='lat' dir='ltr'><strong>adventus.</strong></span> <span class='ocrx_word' id='word_1_43' title='bbox 1560 844 1640 896; x_wconf 89' lang='lat' dir='ltr'><strong>An</strong></span> <span class='ocrx_word' id='word_1_44' title='bbox 1683 857 1791 896; x_wconf 89' lang='lat' dir='ltr'><strong>non</strong></span> <span class='ocrx_word' id='word_1_45' title='bbox 1839 858 2070 913; x_wconf 85' lang='lat' dir='ltr'><strong>magnus</strong></span> 
     </span>
    </p>
   </div>
   <div class='ocr_carea' id='block_1_7' title="bbox 478 927 2071 1003">
    <p class='ocr_par' dir='ltr' id='par_1_7' title="bbox 478 927 2071 1003">
     <span class='ocr_line' id='line_1_7' title="bbox 478 927 2071 1003; baseline 0.001 -19"><span class='ocrx_word' id='word_1_46' title='bbox 478 927 682 1002; x_wconf 77' lang='lat' dir='ltr'><strong>estqui</strong></span> <span class='ocrx_word' id='word_1_47' title='bbox 703 931 757 985; x_wconf 91' lang='lat' dir='ltr'><strong>in</strong></span> <span class='ocrx_word' id='word_1_48' title='bbox 779 931 955 985; x_wconf 87' lang='lat' dir='ltr'><strong>lucem</strong></span> <span class='ocrx_word' id='word_1_49' title='bbox 989 931 1211 986; x_wconf 88' lang='lat' dir='ltr'><strong>immitit</strong></span> <span class='ocrx_word' id='word_1_50' title='bbox 1239 947 1302 986; x_wconf 90' lang='lat' dir='ltr'><strong>ea</strong></span> <span class='ocrx_word' id='word_1_51' title='bbox 1333 950 1453 1003; x_wconf 74' lang='lat' dir='ltr'><strong>qua:</strong></span> <span class='ocrx_word' id='word_1_52' title='bbox 1476 934 1544 986; x_wconf 88' lang='lat' dir='ltr'><strong>ab</strong></span> <span class='ocrx_word' id='word_1_53' title='bbox 1585 948 1918 1003; x_wconf 87' lang='lat' dir='ltr'><strong>unoquoque</strong></span> <span class='ocrx_word' id='word_1_54' title='bbox 1948 949 2071 1003; x_wconf 92' lang='lat' dir='ltr'><strong>per-</strong></span> 
     </span>
    </p>
   </div>
   <div class='ocr_carea' id='block_1_8' title="bbox 481 1008 2070 1095">
    <p class='ocr_par' dir='ltr' id='par_1_8' title="bbox 481 1008 2070 1095">
     <span class='ocr_line' id='line_1_8' title="bbox 481 1008 2070 1095; baseline 0.003 -19"><span class='ocrx_word' id='word_1_55' title='bbox 481 1033 602 1077; x_wconf 85' lang='lat' dir='ltr'><strong>acta</strong></span> <span class='ocrx_word' id='word_1_56' title='bbox 663 1008 831 1079; x_wconf 87' lang='lat' dir='ltr'><strong>sunt?</strong></span> <span class='ocrx_word' id='word_1_57' title='bbox 865 1025 982 1080; x_wconf 85' lang='lat' dir='ltr'><strong>Non</strong></span> <span class='ocrx_word' id='word_1_58' title='bbox 1016 1026 1278 1080; x_wconf 83' lang='lat' dir='ltr'><strong>adversus</strong></span> <span class='ocrx_word' id='word_1_59' title='bbox 1317 1010 1458 1080; x_wconf 80' lang='lat' dir='ltr'><strong>diem</strong></span> <span class='ocrx_word' id='word_1_60' title='bbox 1498 1026 1696 1079; x_wconf 89' lang='lat' dir='ltr'><strong>bellum</strong></span> <span class='ocrx_word' id='word_1_61' title='bbox 1736 1035 1821 1080; x_wconf 90' lang='lat' dir='ltr'><strong>est</strong></span> <span class='ocrx_word' id='word_1_62' title='bbox 1865 1043 1879 1081; x_wconf 89' lang='lat'><strong>:</strong></span> <span class='ocrx_word' id='word_1_63' title='bbox 1922 1026 2070 1095; x_wconf 87' lang='lat' dir='ltr'><strong>quod</strong></span> 
     </span>
    </p>
   </div>
   <div class='ocr_carea' id='block_1_9' title="bbox 479 1115 2068 1175">
    <p class='ocr_par' dir='ltr' id='par_1_9' title="bbox 479 1115 2068 1175">
     <span class='ocr_line' id='line_1_9' title="bbox 479 1115 2068 1175; baseline 0.005 -9"><span class='ocrx_word' id='word_1_64' title='bbox 479 1115 626 1167; x_wconf 89' lang='lat' dir='ltr'><strong>enim</strong></span> <span class='ocrx_word' id='word_1_65' title='bbox 666 1115 866 1170; x_wconf 91' lang='lat' dir='ltr'><strong>bellum</strong></span> <span class='ocrx_word' id='word_1_66' title='bbox 913 1128 1056 1171; x_wconf 84' lang='lat' dir='ltr'><strong>esset</strong></span> <span class='ocrx_word' id='word_1_67' title='bbox 1107 1117 1370 1171; x_wconf 85' lang='lat' dir='ltr'><strong>adversus</strong></span> <span class='ocrx_word' id='word_1_68' title='bbox 1415 1118 1614 1172; x_wconf 85' lang='lat' dir='ltr'><strong>solaris</strong></span> <span class='ocrx_word' id='word_1_69' title='bbox 1658 1134 1854 1175; x_wconf 87' lang='lat' dir='ltr'><strong>cursus</strong></span> <span class='ocrx_word' id='word_1_70' title='bbox 1895 1120 2068 1174; x_wconf 84' lang='lat' dir='ltr'><strong>admi-</strong></span> 
     </span>
    </p>
   </div>
   <div class='ocr_carea' id='block_1_10' title="bbox 483 1208 2071 1282">
    <p class='ocr_par' dir='ltr' id='par_1_10' title="bbox 483 1208 2071 1282">
     <span class='ocr_line' id='line_1_10' title="bbox 483 1208 2071 1282; baseline 0.006 -23"><span class='ocrx_word' id='word_1_71' title='bbox 483 1208 907 1262; x_wconf 84' lang='lat' dir='ltr'><strong>nistrationem?</strong></span> <span class='ocrx_word' id='word_1_72' title='bbox 947 1209 1040 1263; x_wconf 87' lang='lat' dir='ltr'><strong>sed</strong></span> <span class='ocrx_word' id='word_1_73' title='bbox 1082 1209 1346 1264; x_wconf 84' lang='lat' dir='ltr'><strong>adversus</strong></span> <span class='ocrx_word' id='word_1_74' title='bbox 1397 1211 1494 1266; x_wconf 87' lang='lat' dir='ltr'><strong>hos</strong></span> <span class='ocrx_word' id='word_1_75' title='bbox 1531 1212 1626 1280; x_wconf 86' lang='lat' dir='ltr'><strong>qui</strong></span> <span class='ocrx_word' id='word_1_76' title='bbox 1663 1213 1829 1282; x_wconf 84' lang='lat' dir='ltr'><strong>hujus</strong></span> <span class='ocrx_word' id='word_1_77' title='bbox 1864 1214 1969 1268; x_wconf 90' lang='lat' dir='ltr'><strong>diei</strong></span> <span class='ocrx_word' id='word_1_78' title='bbox 2003 1215 2071 1268; x_wconf 85' lang='lat' dir='ltr'><strong>ti-</strong></span> 
     </span>
    </p>
   </div>
   <div class='ocr_carea' id='block_1_11' title="bbox 484 1298 2071 1366">
    <p class='ocr_par' dir='ltr' id='par_1_11' title="bbox 484 1298 2071 1366">
     <span class='ocr_line' id='line_1_11' title="bbox 484 1298 2071 1366; baseline 0.006 -18"><span class='ocrx_word' id='word_1_79' title='bbox 484 1313 636 1351; x_wconf 86' lang='lat' dir='ltr'><strong>more</strong></span> <span class='ocrx_word' id='word_1_80' title='bbox 669 1299 924 1352; x_wconf 83' lang='lat' dir='ltr'><strong>continue</strong></span> <span class='ocrx_word' id='word_1_81' title='bbox 971 1298 1212 1366; x_wconf 91' lang='lat' dir='ltr'><strong>turbati,</strong></span> <span class='ocrx_word' id='word_1_82' title='bbox 1247 1298 1375 1353; x_wconf 90' lang='lat' dir='ltr'><strong>facti</strong></span> <span class='ocrx_word' id='word_1_83' title='bbox 1427 1311 1558 1354; x_wconf 89' lang='lat' dir='ltr'><strong>sunt</strong></span> <span class='ocrx_word' id='word_1_84' title='bbox 1591 1303 1657 1356; x_wconf 90' lang='lat' dir='ltr'><strong>de</strong></span> <span class='ocrx_word' id='word_1_85' title='bbox 1692 1314 1837 1357; x_wconf 84' lang='lat' dir='ltr'><strong>sorte</strong></span> <span class='ocrx_word' id='word_1_86' title='bbox 1868 1313 1922 1358; x_wconf 91' lang='lat' dir='ltr'><strong>et</strong></span> <span class='ocrx_word' id='word_1_87' title='bbox 1955 1305 2071 1358; x_wconf 85' lang='lat' dir='ltr'><strong>acie</strong></span> 
     </span>
    </p>
   </div>
   <div class='ocr_carea' id='block_1_12' title="bbox 480 1379 2068 1459">
    <p class='ocr_par' dir='ltr' id='par_1_12' title="bbox 480 1379 2068 1459">
     <span class='ocr_line' id='line_1_12' title="bbox 480 1379 2068 1459; baseline 0.006 -19"><span class='ocrx_word' id='word_1_88' title='bbox 480 1387 614 1441; x_wconf 86' lang='lat' dir='ltr'><strong>Dei:</strong></span> <span class='ocrx_word' id='word_1_89' title='bbox 652 1389 815 1459; x_wconf 76' lang='lat'><strong>786</strong></span> <span class='ocrx_word' id='word_1_90' title='bbox 858 1389 997 1443; x_wconf 87' lang='lat' dir='ltr'><strong>unde</strong></span> <span class='ocrx_word' id='word_1_91' title='bbox 1034 1389 1198 1444; x_wconf 89' lang='lat' dir='ltr'><strong>etiam</strong></span> <span class='ocrx_word' id='word_1_92' title='bbox 1255 1379 1600 1449; x_wconf 83' lang='lat' dir='ltr'><strong>vestimentis</strong></span> <span class='ocrx_word' id='word_1_93' title='bbox 1649 1396 1844 1450; x_wconf 90' lang='lat' dir='ltr'><strong>salutis</strong></span> <span class='ocrx_word' id='word_1_94' title='bbox 1892 1395 2068 1449; x_wconf 89' lang='lat' dir='ltr'><strong>induti</strong></span> 
     </span>
    </p>
   </div>
   <div class='ocr_carea' id='block_1_13' title="bbox 479 1480 2069 1554">
    <p class='ocr_par' dir='ltr' id='par_1_13' title="bbox 479 1480 2069 1554">
     <span class='ocr_line' id='line_1_13' title="bbox 479 1480 2069 1554; baseline 0.006 -23"><span class='ocrx_word' id='word_1_95' title='bbox 479 1488 627 1544; x_wconf 86' lang='lat' dir='ltr'><strong>sunt,</strong></span> <span class='ocrx_word' id='word_1_96' title='bbox 673 1489 728 1532; x_wconf 89' lang='lat' dir='ltr'><strong>et</strong></span> <span class='ocrx_word' id='word_1_97' title='bbox 769 1480 1092 1536; x_wconf 87' lang='lat' dir='ltr'><strong>indumento</strong></span> <span class='ocrx_word' id='word_1_98' title='bbox 1135 1483 1364 1549; x_wconf 71' lang='lat' dir='ltr'><strong>lzelitize,</strong></span> <span class='ocrx_word' id='word_1_99' title='bbox 1410 1500 1532 1554; x_wconf 77' lang='lat' dir='ltr'><strong>quae</strong></span> <span class='ocrx_word' id='word_1_100' title='bbox 1587 1503 1694 1540; x_wconf 91' lang='lat' dir='ltr'><strong>non</strong></span> <span class='ocrx_word' id='word_1_101' title='bbox 1746 1487 1891 1540; x_wconf 81' lang='lat' dir='ltr'><strong>aliud</strong></span> <span class='ocrx_word' id='word_1_102' title='bbox 1941 1497 2069 1542; x_wconf 91' lang='lat' dir='ltr'><strong>sunt</strong></span> 
     </span>
    </p>
   </div>
   <div class='ocr_carea' id='block_1_14' title="bbox 477 1573 2070 1650">
    <p class='ocr_par' dir='ltr' id='par_1_14' title="bbox 477 1573 2070 1650">
     <span class='ocr_line' id='line_1_14' title="bbox 477 1573 2070 1650; baseline 0.009 -26"><span class='ocrx_word' id='word_1_103' title='bbox 477 1587 643 1642; x_wconf 88' lang='lat' dir='ltr'><strong>quam</strong></span> <span class='ocrx_word' id='word_1_104' title='bbox 687 1573 938 1638; x_wconf 79' lang='lat' dir='ltr'><strong>virtutes,</strong></span> <span class='ocrx_word' id='word_1_105' title='bbox 976 1579 1274 1646; x_wconf 85' lang='lat' dir='ltr'><strong>quamdam</strong></span> <span class='ocrx_word' id='word_1_106' title='bbox 1310 1596 1421 1649; x_wconf 74' lang='lat' dir='ltr'><strong>pra:</strong></span> <span class='ocrx_word' id='word_1_107' title='bbox 1451 1597 1509 1636; x_wconf 85' lang='lat' dir='ltr'><strong>se</strong></span> <span class='ocrx_word' id='word_1_108' title='bbox 1542 1581 1775 1638; x_wconf 85' lang='lat' dir='ltr'><strong>ferentes</strong></span> <span class='ocrx_word' id='word_1_109' title='bbox 1819 1584 2070 1650; x_wconf 84' lang='lat' dir='ltr'><strong>majesta-</strong></span> 
     </span>
    </p>
   </div>
   <div class='ocr_carea' id='block_1_15' title="bbox 477 1664 2070 1746">
    <p class='ocr_par' dir='ltr' id='par_1_15' title="bbox 477 1664 2070 1746">
     <span class='ocr_line' id='line_1_15' title="bbox 477 1664 2070 1746; baseline 0.009 -30"><span class='ocrx_word' id='word_1_110' title='bbox 477 1664 610 1728; x_wconf 72' lang='lat' dir='ltr'><strong>t&#39;ern,</strong></span> <span class='ocrx_word' id='word_1_111' title='bbox 649 1665 964 1722; x_wconf 85' lang='lat' dir='ltr'><strong>manifesto‘</strong></span> <span class='ocrx_word' id='word_1_112' title='bbox 989 1667 1284 1738; x_wconf 85' lang='lat' dir='ltr'><strong>splendore</strong></span> <span class='ocrx_word' id='word_1_113' title='bbox 1321 1670 1637 1746; x_wconf 79' lang='lat' dir='ltr'><strong>interiorem</strong></span> <span class='ocrx_word' id='word_1_114' title='bbox 1668 1673 1941 1728; x_wconf 81' lang='lat' dir='ltr'><strong>hominem</strong></span> <span class='ocrx_word' id='word_1_115' title='bbox 1979 1675 2070 1730; x_wconf 70' lang='lat' dir='ltr'><strong>lae-</strong></span> 
     </span>
    </p>
   </div>
   <div class='ocr_carea' id='block_1_16' title="bbox 480 1756 780 1814">
    <p class='ocr_par' dir='ltr' id='par_1_16' title="bbox 480 1756 780 1814">
     <span class='ocr_line' id='line_1_16' title="bbox 480 1756 780 1814; baseline 0.017 -4"><span class='ocrx_word' id='word_1_116' title='bbox 480 1756 780 1814; x_wconf 78' lang='lat' dir='ltr'><strong>titicantes.</strong></span> 
     </span>
    </p>
   </div>
   <div class='ocr_carea' id='block_1_17' title="bbox 2257 471 3758 548">
    <p class='ocr_par' dir='ltr' id='par_1_17' title="bbox 2257 471 3758 548">
     <span class='ocr_line' id='line_1_17' title="bbox 2257 471 3758 548; baseline 0.004 -22"><span class='ocrx_word' id='word_1_117' title='bbox 2257 472 2648 544; x_wconf 81' lang='grc' dir='ltr'>Ἐκπορεύεται</span> <span class='ocrx_word' id='word_1_118' title='bbox 2706 473 2845 544; x_wconf 80' lang='grc' dir='ltr'>πρὸς</span> <span class='ocrx_word' id='word_1_119' title='bbox 2897 473 2960 527; x_wconf 78' lang='grc' dir='ltr'>τὸ</span> <span class='ocrx_word' id='word_1_120' title='bbox 2991 471 3328 546; x_wconf 74' lang='grc' dir='ltr'><strong>κατάλληλον</strong></span> <span class='ocrx_word' id='word_1_121' title='bbox 3383 478 3758 548; x_wconf 77' lang='grc' dir='ltr'>συγκροτῆσαι</span> 
     </span>
    </p>
   </div>
   <div class='ocr_carea' id='block_1_18' title="bbox 2173 565 3754 641">
    <p class='ocr_par' dir='ltr' id='par_1_18' title="bbox 2173 565 3754 641">
     <span class='ocr_line' id='line_1_18' title="bbox 2173 565 3754 641; baseline 0.003 -21"><span class='ocrx_word' id='word_1_122' title='bbox 2173 566 2432 636; x_wconf 82' lang='grc' dir='ltr'>πόλεμον.</span> <span class='ocrx_word' id='word_1_123' title='bbox 2466 566 2546 619; x_wconf 82' lang='grc' dir='ltr'>Τά</span> <span class='ocrx_word' id='word_1_124' title='bbox 2578 566 2634 618; x_wconf 83' lang='grc' dir='ltr'>δὲ</span> <span class='ocrx_word' id='word_1_125' title='bbox 2666 565 2754 619; x_wconf 79' lang='grc' dir='ltr'>διὰ</span> <span class='ocrx_word' id='word_1_126' title='bbox 2791 567 2900 619; x_wconf 86' lang='grc' dir='ltr'><strong>τῶν</strong></span> <span class='ocrx_word' id='word_1_127' title='bbox 2949 566 3238 638; x_wconf 76' lang='grc' dir='ltr'><strong>δαιμόνων,</strong></span> <span class='ocrx_word' id='word_1_128' title='bbox 3273 567 3462 638; x_wconf 65' lang='grc' dir='ltr'>φησιν,</span> <span class='ocrx_word' id='word_1_129' title='bbox 3493 571 3754 641; x_wconf 66' lang='grc' dir='ltr'>ἐνεργού-</span> 
     </span>
    </p>
   </div>
   <div class='ocr_carea' id='block_1_19' title="bbox 2175 655 3756 732">
    <p class='ocr_par' dir='ltr' id='par_1_19' title="bbox 2175 655 3756 732">
     <span class='ocr_line' id='line_1_19' title="bbox 2175 655 3756 732; baseline 0.004 -21"><span class='ocrx_word' id='word_1_130' title='bbox 2175 677 2311 729; x_wconf 85' lang='grc' dir='ltr'>μενα</span> <span class='ocrx_word' id='word_1_131' title='bbox 2328 661 2552 731; x_wconf 86' lang='grc' dir='ltr'>σημεῖα,</span> <span class='ocrx_word' id='word_1_132' title='bbox 2575 660 2669 712; x_wconf 79' lang='grc' dir='ltr'><strong>τοῦ</strong></span> <span class='ocrx_word' id='word_1_133' title='bbox 2697 662 2778 724; x_wconf 87' lang='grc' dir='ltr'><strong>είς</strong></span> <span class='ocrx_word' id='word_1_134' title='bbox 2794 655 3011 732; x_wconf 79' lang='grc' dir='ltr'>οἶστρον</span> <span class='ocrx_word' id='word_1_135' title='bbox 3027 660 3324 731; x_wconf 78' lang='grc' dir='ltr'>πολεμικὸν</span> <span class='ocrx_word' id='word_1_136' title='bbox 3351 663 3612 732; x_wconf 80' lang='grc' dir='ltr'>ἐμϐαλειν</span> <span class='ocrx_word' id='word_1_137' title='bbox 3626 666 3756 729; x_wconf 76' lang='grc' dir='ltr'>τοὺς</span> 
     </span>
    </p>
   </div>
   <div class='ocr_carea' id='block_1_20' title="bbox 2173 749 3756 824">
    <p class='ocr_par' dir='ltr' id='par_1_20' title="bbox 2173 749 3756 824">
     <span class='ocr_line' id='line_1_20' title="bbox 2173 749 3756 824; baseline 0.002 -20"><span class='ocrx_word' id='word_1_138' title='bbox 2173 749 2434 820; x_wconf 82' lang='grc' dir='ltr'><strong>βασιλεῖς,</strong></span> <span class='ocrx_word' id='word_1_139' title='bbox 2451 750 2654 804; x_wconf 80' lang='grc' dir='ltr'>σκοπὸν</span> <span class='ocrx_word' id='word_1_140' title='bbox 2675 750 2926 820; x_wconf 75' lang='grc' dir='ltr'><strong>ἐμφαίνει</strong></span> <span class='ocrx_word' id='word_1_141' title='bbox 2948 754 3047 820; x_wconf 79' lang='grc' dir='ltr'>τῆς</span> <span class='ocrx_word' id='word_1_142' title='bbox 3070 751 3283 822; x_wconf 75' lang='grc' dir='ltr'>ἡμέρας</span> <span class='ocrx_word' id='word_1_143' title='bbox 3299 752 3518 821; x_wconf 75' lang='grc' dir='ltr'><strong>ἐκείνης</strong></span> <span class='ocrx_word' id='word_1_144' title='bbox 3536 755 3634 824; x_wconf 77' lang='grc' dir='ltr'>τῆς</span> <span class='ocrx_word' id='word_1_145' title='bbox 3659 772 3756 823; x_wconf 78' lang='grc' dir='ltr'>με·</span> 
     </span>
    </p>
   </div>
   <div class='ocr_carea' id='block_1_21' title="bbox 2172 841 3754 918">
    <p class='ocr_par' dir='ltr' id='par_1_21' title="bbox 2172 841 3754 918">
     <span class='ocr_line' id='line_1_21' title="bbox 2172 841 3754 918; baseline 0.003 -23"><span class='ocrx_word' id='word_1_146' title='bbox 2172 841 2364 912; x_wconf 81' lang='grc' dir='ltr'>γάλης,</span> <span class='ocrx_word' id='word_1_147' title='bbox 2388 843 2510 912; x_wconf 73' lang='grc' dir='ltr'>ἥτις</span> <span class='ocrx_word' id='word_1_148' title='bbox 2525 842 2624 895; x_wconf 80' lang='grc' dir='ltr'><strong>οὐκ</strong></span> <span class='ocrx_word' id='word_1_149' title='bbox 2643 842 2774 911; x_wconf 84' lang='grc' dir='ltr'>άλλη</span> <span class='ocrx_word' id='word_1_150' title='bbox 2798 844 2844 896; x_wconf 90' lang='grc' dir='ltr'><strong>εί</strong></span> <span class='ocrx_word' id='word_1_151' title='bbox 2875 841 2950 913; x_wconf 82' lang='grc' dir='ltr'>μὴ</span> <span class='ocrx_word' id='word_1_152' title='bbox 2970 842 3238 914; x_wconf 77' lang='grc' dir='ltr'>ήδευτέρα</span> <span class='ocrx_word' id='word_1_153' title='bbox 3264 844 3358 896; x_wconf 80' lang='grc' dir='ltr'>τοῦ</span> <span class='ocrx_word' id='word_1_154' title='bbox 3385 847 3589 914; x_wconf 84' lang='grc' dir='ltr'><strong>Κυρίου</strong></span> <span class='ocrx_word' id='word_1_155' title='bbox 3611 865 3754 918; x_wconf 83' lang='grc' dir='ltr'>παρ-</span> 
     </span>
    </p>
   </div>
   <div class='ocr_carea' id='block_1_22' title="bbox 2171 933 3755 1007">
    <p class='ocr_par' dir='ltr' id='par_1_22' title="bbox 2171 933 3755 1007">
     <span class='ocr_line' id='line_1_22' title="bbox 2171 933 3755 1007; baseline 0.003 -22"><span class='ocrx_word' id='word_1_156' title='bbox 2171 933 2349 987; x_wconf 82' lang='grc' dir='ltr'>ουσία.</span> <span class='ocrx_word' id='word_1_157' title='bbox 2401 935 2511 988; x_wconf 71' lang='grc' dir='ltr'><strong>Καὶ</strong></span> <span class='ocrx_word' id='word_1_158' title='bbox 2525 933 2642 996; x_wconf 85' lang='grc' dir='ltr'><strong>πῶς</strong></span> <span class='ocrx_word' id='word_1_159' title='bbox 2681 934 2742 986; x_wconf 80' lang='grc' dir='ltr'>οὐ</span> <span class='ocrx_word' id='word_1_160' title='bbox 2763 934 2997 1003; x_wconf 79' lang='grc' dir='ltr'><strong>μεγάλη,</strong></span> <span class='ocrx_word' id='word_1_161' title='bbox 3022 935 3139 1004; x_wconf 84' lang='grc' dir='ltr'>ἡτά</span> <span class='ocrx_word' id='word_1_162' title='bbox 3153 934 3368 1006; x_wconf 80' lang='grc' dir='ltr'><strong>ἑκάστῳ</strong></span> <span class='ocrx_word' id='word_1_163' title='bbox 3385 939 3755 1007; x_wconf 79' lang='grc' dir='ltr'>πεπραγμένά</span> 
     </span>
    </p>
   </div>
   <div class='ocr_carea' id='block_1_23' title="bbox 2171 1024 3754 1096">
    <p class='ocr_par' dir='ltr' id='par_1_23' title="bbox 2171 1024 3754 1096">
     <span class='ocr_line' id='line_1_23' title="bbox 2171 1024 3754 1096; baseline 0.002 -19"><span class='ocrx_word' id='word_1_164' title='bbox 2171 1024 2532 1094; x_wconf 71' lang='grc' dir='ltr'><strong>ἐκπέμπουσα</strong></span> <span class='ocrx_word' id='word_1_165' title='bbox 2561 1026 2639 1087; x_wconf 83' lang='grc' dir='ltr'><strong>είς</strong></span> <span class='ocrx_word' id='word_1_166' title='bbox 2669 1025 2823 1094; x_wconf 79' lang='grc' dir='ltr'><strong>φῶς;</strong></span> <span class='ocrx_word' id='word_1_167' title='bbox 2853 1025 2927 1078; x_wconf 77' lang='grc' dir='ltr'><strong>Οὐ</strong></span> <span class='ocrx_word' id='word_1_168' title='bbox 2965 1025 3103 1093; x_wconf 67' lang='grc' dir='ltr'>πρὸς</span> <span class='ocrx_word' id='word_1_169' title='bbox 3137 1026 3236 1096; x_wconf 76' lang='grc' dir='ltr'>τὴν</span> <span class='ocrx_word' id='word_1_170' title='bbox 3271 1027 3486 1096; x_wconf 79' lang='grc' dir='ltr'><strong>ἡμέραν</strong></span> <span class='ocrx_word' id='word_1_171' title='bbox 3509 1027 3563 1080; x_wconf 83' lang='grc' dir='ltr'>δὲ</span> <span class='ocrx_word' id='word_1_172' title='bbox 3595 1030 3625 1080; x_wconf 87' lang='grc' dir='ltr'><strong>ὀ</strong></span> <span class='ocrx_word' id='word_1_173' title='bbox 3650 1030 3754 1080; x_wconf 78' lang='grc' dir='ltr'><strong>πό-</strong></span> 
     </span>
    </p>
   </div>
   <div class='ocr_carea' id='block_1_24' title="bbox 2171 1115 3756 1188">
    <p class='ocr_par' dir='ltr' id='par_1_24' title="bbox 2171 1115 3756 1188">
     <span class='ocr_line' id='line_1_24' title="bbox 2171 1115 3756 1188; baseline 0.003 -21"><span class='ocrx_word' id='word_1_174' title='bbox 2171 1115 2362 1186; x_wconf 86' lang='grc' dir='ltr'>λεμος,</span> <span class='ocrx_word' id='word_1_175' title='bbox 2400 1117 2505 1187; x_wconf 85' lang='grc' dir='ltr'>(τίς</span> <span class='ocrx_word' id='word_1_176' title='bbox 2565 1119 2676 1185; x_wconf 81' lang='grc' dir='ltr'>γὰρ</span> <span class='ocrx_word' id='word_1_177' title='bbox 2733 1117 2966 1185; x_wconf 82' lang='grc' dir='ltr'>πόλεμος</span> <span class='ocrx_word' id='word_1_178' title='bbox 3022 1117 3329 1188; x_wconf 83' lang='grc' dir='ltr'>ἀνθρώποις</span> <span class='ocrx_word' id='word_1_179' title='bbox 3353 1117 3489 1187; x_wconf 79' lang='grc' dir='ltr'>πρὸς</span> <span class='ocrx_word' id='word_1_180' title='bbox 3526 1119 3756 1188; x_wconf 74' lang='grc' dir='ltr'>ἡλιακοῦ</span> 
     </span>
    </p>
   </div>
   <div class='ocr_carea' id='block_1_25' title="bbox 2171 1205 3757 1280">
    <p class='ocr_par' dir='ltr' id='par_1_25' title="bbox 2171 1205 3757 1280">
     <span class='ocr_line' id='line_1_25' title="bbox 2171 1205 3757 1280; baseline 0.002 -22"><span class='ocrx_word' id='word_1_181' title='bbox 2171 1206 2372 1277; x_wconf 84' lang='grc' dir='ltr'>δρόμου</span> <span class='ocrx_word' id='word_1_182' title='bbox 2405 1207 2759 1271; x_wconf 71' lang='grc' dir='ltr'>ἐπιστασίαν,</span> <span class='ocrx_word' id='word_1_183' title='bbox 2797 1205 2814 1277; x_wconf 95' lang='grc'>)</span> <span class='ocrx_word' id='word_1_184' title='bbox 2849 1208 2985 1260; x_wconf 73' lang='grc' dir='ltr'>ἀλλὰ</span> <span class='ocrx_word' id='word_1_185' title='bbox 3007 1208 3141 1276; x_wconf 80' lang='grc' dir='ltr'>πρὸς</span> <span class='ocrx_word' id='word_1_186' title='bbox 3161 1207 3468 1274; x_wconf 84' lang='grc' dir='ltr'>τούτους,οἳ</span> <span class='ocrx_word' id='word_1_187' title='bbox 3491 1210 3590 1279; x_wconf 81' lang='grc' dir='ltr'>τῆς</span> <span class='ocrx_word' id='word_1_188' title='bbox 3617 1210 3757 1280; x_wconf 73' lang='grc' dir='ltr'>ἡμέ-</span> 
     </span>
    </p>
   </div>
   <div class='ocr_carea' id='block_1_26' title="bbox 2172 1298 3758 1372">
    <p class='ocr_par' dir='ltr' id='par_1_26' title="bbox 2172 1298 3758 1372">
     <span class='ocr_line' id='line_1_26' title="bbox 2172 1298 3758 1372; baseline 0.002 -21"><span class='ocrx_word' id='word_1_189' title='bbox 2172 1316 2272 1368; x_wconf 92' lang='grc' dir='ltr'><strong>ρας</strong></span> <span class='ocrx_word' id='word_1_190' title='bbox 2295 1299 2499 1368; x_wconf 72' lang='grc' dir='ltr'>ταύτης</span> <span class='ocrx_word' id='word_1_191' title='bbox 2531 1298 2608 1368; x_wconf 84' lang='grc' dir='ltr'><strong>τῷ</strong></span> <span class='ocrx_word' id='word_1_192' title='bbox 2641 1300 2792 1370; x_wconf 73' lang='grc' dir='ltr'>φόϐῳ</span> <span class='ocrx_word' id='word_1_193' title='bbox 2835 1300 3098 1369; x_wconf 76' lang='grc' dir='ltr'><strong>διηνεκῶς</strong></span> <span class='ocrx_word' id='word_1_194' title='bbox 3144 1299 3623 1372; x_wconf 82' lang='grc' dir='ltr'>συγκροτούμενοι.</span> <span class='ocrx_word' id='word_1_195' title='bbox 3654 1304 3758 1372; x_wconf 78' lang='grc' dir='ltr'>τῆς</span> 
     </span>
    </p>
   </div>
   <div class='ocr_carea' id='block_1_27' title="bbox 2171 1388 3760 1463">
    <p class='ocr_par' dir='ltr' id='par_1_27' title="bbox 2171 1388 3760 1463">
     <span class='ocr_line' id='line_1_27' title="bbox 2171 1388 3760 1463; baseline 0.002 -19"><span class='ocrx_word' id='word_1_196' title='bbox 2171 1391 2266 1445; x_wconf 80' lang='grc' dir='ltr'><strong>τοῦ</strong></span> <span class='ocrx_word' id='word_1_197' title='bbox 2303 1392 2438 1444; x_wconf 80' lang='grc' dir='ltr'><strong>Θεοῦ</strong></span> <span class='ocrx_word' id='word_1_198' title='bbox 2475 1393 2672 1462; x_wconf 80' lang='grc' dir='ltr'>μοίρας</span> <span class='ocrx_word' id='word_1_199' title='bbox 2703 1392 3011 1460; x_wconf 77' lang='grc' dir='ltr'>γεγόνασιν,</span> <span class='ocrx_word' id='word_1_200' title='bbox 3049 1392 3106 1458; x_wconf 80' lang='grc' dir='ltr'><strong>ἐξ</strong></span> <span class='ocrx_word' id='word_1_201' title='bbox 3145 1388 3206 1445; x_wconf 76' lang='grc' dir='ltr'><strong>οὗ</strong></span> <span class='ocrx_word' id='word_1_202' title='bbox 3262 1394 3358 1446; x_wconf 76' lang='grc' dir='ltr'>καὶ</span> <span class='ocrx_word' id='word_1_203' title='bbox 3407 1395 3602 1463; x_wconf 77' lang='grc' dir='ltr'>ἱμάτια</span> <span class='ocrx_word' id='word_1_204' title='bbox 3647 1413 3760 1447; x_wconf 80' lang='grc' dir='ltr'>σω-</span> 
     </span>
    </p>
   </div>
   <div class='ocr_carea' id='block_1_28' title="bbox 2167 1483 3760 1556">
    <p class='ocr_par' dir='ltr' id='par_1_28' title="bbox 2167 1483 3760 1556">
     <span class='ocr_line' id='line_1_28' title="bbox 2167 1483 3760 1556; baseline 0.001 -20"><span class='ocrx_word' id='word_1_205' title='bbox 2167 1483 2364 1556; x_wconf 85' lang='grc' dir='ltr'>τηρίας</span> <span class='ocrx_word' id='word_1_206' title='bbox 2416 1483 2754 1546; x_wconf 78' lang='grc' dir='ltr'>ἐνεδύσαντο,</span> <span class='ocrx_word' id='word_1_207' title='bbox 2802 1485 2896 1536; x_wconf 66' lang='grc' dir='ltr'><strong>καὶ</strong></span> <span class='ocrx_word' id='word_1_208' title='bbox 2933 1485 3131 1554; x_wconf 80' lang='grc' dir='ltr'>χιτῶνα</span> <span class='ocrx_word' id='word_1_209' title='bbox 3186 1485 3550 1556; x_wconf 79' lang='grc' dir='ltr'>εὐφροσύνης,</span> <span class='ocrx_word' id='word_1_210' title='bbox 3596 1486 3760 1540; x_wconf 76' lang='grc' dir='ltr'>ἅτινα</span> 
     </span>
    </p>
   </div>
   <div class='ocr_carea' id='block_1_29' title="bbox 2168 1573 3751 1646">
    <p class='ocr_par' dir='ltr' id='par_1_29' title="bbox 2168 1573 3751 1646">
     <span class='ocr_line' id='line_1_29' title="bbox 2168 1573 3751 1646; baseline -0.001 -17"><span class='ocrx_word' id='word_1_211' title='bbox 2168 1577 2268 1629; x_wconf 79' lang='grc' dir='ltr'><strong>οὐκ</strong></span> <span class='ocrx_word' id='word_1_212' title='bbox 2299 1575 2426 1628; x_wconf 81' lang='grc' dir='ltr'>ἄλλο</span> <span class='ocrx_word' id='word_1_213' title='bbox 2457 1574 2490 1646; x_wconf 82' lang='grc' dir='ltr'>ἢ</span> <span class='ocrx_word' id='word_1_214' title='bbox 2522 1575 2576 1627; x_wconf 78' lang='grc' dir='ltr'>αἱ</span> <span class='ocrx_word' id='word_1_215' title='bbox 2608 1573 2932 1645; x_wconf 86' lang='grc' dir='ltr'>θεοπρεπεῖς</span> <span class='ocrx_word' id='word_1_216' title='bbox 2959 1576 3172 1646; x_wconf 78' lang='grc' dir='ltr'>ἀρεταὶ,</span> <span class='ocrx_word' id='word_1_217' title='bbox 3213 1578 3278 1646; x_wconf 85' lang='grc' dir='ltr'>τῇ</span> <span class='ocrx_word' id='word_1_218' title='bbox 3318 1577 3543 1644; x_wconf 82' lang='grc' dir='ltr'>ἐκφανεί</span> <span class='ocrx_word' id='word_1_219' title='bbox 3593 1594 3751 1646; x_wconf 79' lang='grc' dir='ltr'>περι·</span> 
     </span>
    </p>
   </div>
   <div class='ocr_carea' id='block_1_30' title="bbox 2167 1666 3754 1739">
    <p class='ocr_par' dir='ltr' id='par_1_30' title="bbox 2167 1666 3754 1739">
     <span class='ocr_line' id='line_1_30' title="bbox 2167 1666 3754 1739; baseline 0.001 -19"><span class='ocrx_word' id='word_1_220' title='bbox 2167 1667 2393 1737; x_wconf 74' lang='grc' dir='ltr'>λάμψει,</span> <span class='ocrx_word' id='word_1_221' title='bbox 2420 1667 2510 1720; x_wconf 82' lang='grc' dir='ltr'>τὸν</span> <span class='ocrx_word' id='word_1_222' title='bbox 2540 1666 2688 1730; x_wconf 79' lang='grc' dir='ltr'>ἐντὸς</span> <span class='ocrx_word' id='word_1_223' title='bbox 2737 1666 2848 1736; x_wconf 76' lang='grc'><strong>(55)</strong></span> <span class='ocrx_word' id='word_1_224' title='bbox 2883 1666 3381 1737; x_wconf 77' lang='grc' dir='ltr'>κατευφραίνουσαι</span> <span class='ocrx_word' id='word_1_225' title='bbox 3439 1666 3754 1739; x_wconf 80' lang='grc' dir='ltr'>ἄνθρωπον.</span> 
     </span>
    </p>
   </div>
   <div class='ocr_carea' id='block_1_31' title="bbox 549 1844 2067 1925">
    <p class='ocr_par' dir='ltr' id='par_1_31' title="bbox 549 1850 2063 1925">
     <span class='ocr_line' id='line_1_31' title="bbox 549 1850 2063 1925; baseline 0.009 -23"><span class='ocrx_word' id='word_1_226' title='bbox 549 1850 747 1905; x_wconf 72' lang='lat' dir='ltr'><strong>Beatus</strong></span> <span class='ocrx_word' id='word_1_227' title='bbox 774 1855 961 1924; x_wconf 77' lang='lat' dir='ltr'><strong>estqui</strong></span> <span class='ocrx_word' id='word_1_228' title='bbox 985 1854 1195 1925; x_wconf 82' lang='lat' dir='ltr'><strong>vigilat,</strong></span> <span class='ocrx_word' id='word_1_229' title='bbox 1225 1865 1273 1909; x_wconf 86' lang='lat' dir='ltr'><strong>et</strong></span> <span class='ocrx_word' id='word_1_230' title='bbox 1297 1855 1389 1924; x_wconf 86' lang='lat' dir='ltr'><strong>qui</strong></span> <span class='ocrx_word' id='word_1_231' title='bbox 1413 1867 1584 1911; x_wconf 75' lang='lat' dir='ltr'><strong>servat</strong></span> <span class='ocrx_word' id='word_1_232' title='bbox 1616 1859 1922 1914; x_wconf 71' lang='lat' dir='ltr'><strong>vestimenta</strong></span> <span class='ocrx_word' id='word_1_233' title='bbox 1945 1878 2063 1915; x_wconf 74' lang='lat' dir='ltr'><strong>sua.</strong></span> 
     </span>
    </p>
   </div>
   <div class='ocr_carea' id='block_1_32' title="bbox 2168 1844 3756 1925">
    <p class='ocr_par' dir='ltr' id='par_1_32' title="bbox 2243 1844 3756 1917">
     <span class='ocr_line' id='line_1_32' title="bbox 2243 1844 3756 1917; baseline -0.003 -15"><span class='ocrx_word' id='word_1_234' title='bbox 2243 1847 2548 1917; x_wconf 80' lang='grc' dir='ltr'><strong>Μακάριος</strong></span> <span class='ocrx_word' id='word_1_235' title='bbox 2587 1851 2620 1900; x_wconf 85' lang='grc' dir='ltr'><em>ὁ</em></span> <span class='ocrx_word' id='word_1_236' title='bbox 2649 1846 2975 1917; x_wconf 60' lang='grc' dir='ltr'>ποηγορῶν,</span> <span class='ocrx_word' id='word_1_237' title='bbox 3005 1844 3403 1916; x_wconf 64' lang='grc' dir='ltr'>καὶξτηρῶντὰ</span> <span class='ocrx_word' id='word_1_238' title='bbox 3433 1845 3628 1914; x_wconf 69' lang='grc' dir='ltr'>ἱμάτια</span> <span class='ocrx_word' id='word_1_239' title='bbox 3649 1845 3756 1899; x_wconf 83' lang='grc' dir='ltr'><strong>αὐ-</strong></span> 
     </span>
    </p>
   </div>
   <div class='ocr_carea' id='block_1_33' title="bbox 478 1942 2066 2018">
    <p class='ocr_par' dir='ltr' id='par_1_33' title="bbox 478 1942 2066 2018">
     <span class='ocr_line' id='line_1_33' title="bbox 478 1942 2066 2018; baseline 0.008 -22"><span class='ocrx_word' id='word_1_240' title='bbox 478 1942 789 2000; x_wconf 88' lang='lat' dir='ltr'><strong>Permansit</strong></span> <span class='ocrx_word' id='word_1_241' title='bbox 824 1948 875 2000; x_wconf 93' lang='lat' dir='ltr'><strong>in</strong></span> <span class='ocrx_word' id='word_1_242' title='bbox 909 1958 1066 2018; x_wconf 91' lang='lat' dir='ltr'><strong>tropo</strong></span> <span class='ocrx_word' id='word_1_243' title='bbox 1100 1949 1194 2018; x_wconf 86' lang='lat' dir='ltr'><strong>qui</strong></span> <span class='ocrx_word' id='word_1_244' title='bbox 1243 1959 1326 2004; x_wconf 89' lang='lat' dir='ltr'><strong>est</strong></span> <span class='ocrx_word' id='word_1_245' title='bbox 1353 1950 1420 2004; x_wconf 87' lang='lat' dir='ltr'><strong>de</strong></span> <span class='ocrx_word' id='word_1_246' title='bbox 1459 1952 1575 2006; x_wconf 82' lang='lat' dir='ltr'><strong>fure</strong></span> <span class='ocrx_word' id='word_1_247' title='bbox 1596 1994 1610 2018; x_wconf 92' lang='lat'><strong>,</strong></span> <span class='ocrx_word' id='word_1_248' title='bbox 1644 1953 1764 2006; x_wconf 87' lang='lat' dir='ltr'><strong>ideo</strong></span> <span class='ocrx_word' id='word_1_249' title='bbox 1791 1956 1953 2008; x_wconf 87' lang='lat' dir='ltr'><strong>etiam</strong></span> <span class='ocrx_word' id='word_1_250' title='bbox 1987 1956 2066 2008; x_wconf 85' lang='lat' dir='ltr'><strong>vi-</strong></span> 
     </span>
    </p>
   </div>
   <div class='ocr_carea' id='block_1_34' title="bbox 479 2019 2062 2110">
    <p class='ocr_par' dir='ltr' id='par_1_34' title="bbox 479 2019 2062 2110">
     <span class='ocr_line' id='line_1_34' title="bbox 479 2019 2062 2110; baseline 0.008 -27"><span class='ocrx_word' id='word_1_251' title='bbox 479 2019 760 2101; x_wconf 80' lang='lat' dir='ltr'><strong>gilantiam</strong></span> <span class='ocrx_word' id='word_1_252' title='bbox 810 2043 864 2089; x_wconf 86' lang='lat' dir='ltr'><strong>et</strong></span> <span class='ocrx_word' id='word_1_253' title='bbox 913 2037 1363 2093; x_wconf 77' lang='lat' dir='ltr'><strong>vestimentorum</strong></span> <span class='ocrx_word' id='word_1_254' title='bbox 1411 2043 1714 2096; x_wconf 84' lang='lat' dir='ltr'><strong>custodiam</strong></span> <span class='ocrx_word' id='word_1_255' title='bbox 1751 2043 1867 2097; x_wconf 82' lang='lat' dir='ltr'><strong>fieri</strong></span> <span class='ocrx_word' id='word_1_256' title='bbox 1908 2044 2062 2110; x_wconf 84' lang='lat' dir='ltr'><strong>dixit,</strong></span> 
     </span>
    </p>
   </div>
   <div class='ocr_carea' id='block_1_35' title="bbox 479 2129 2066 2200">
    <p class='ocr_par' dir='ltr' id='par_1_35' title="bbox 479 2129 2066 2200">
     <span class='ocr_line' id='line_1_35' title="bbox 479 2129 2066 2200; baseline 0.009 -25"><span class='ocrx_word' id='word_1_257' title='bbox 479 2138 547 2177; x_wconf 90' lang='lat' dir='ltr'><strong>ne</strong></span> <span class='ocrx_word' id='word_1_258' title='bbox 592 2136 816 2194; x_wconf 86' lang='lat' dir='ltr'><strong>pereant</strong></span> <span class='ocrx_word' id='word_1_259' title='bbox 860 2143 957 2196; x_wconf 89' lang='lat' dir='ltr'><strong>per</strong></span> <span class='ocrx_word' id='word_1_260' title='bbox 1000 2129 1218 2183; x_wconf 88' lang='lat' dir='ltr'><strong>inanem</strong></span> <span class='ocrx_word' id='word_1_261' title='bbox 1266 2131 1520 2200; x_wconf 81' lang='lat' dir='ltr'><strong>gloriam.</strong></span> <span class='ocrx_word' id='word_1_262' title='bbox 1559 2132 1693 2188; x_wconf 83' lang='lat' dir='ltr'><strong>Nam</strong></span> <span class='ocrx_word' id='word_1_263' title='bbox 1745 2135 2066 2190; x_wconf 80' lang='lat' dir='ltr'><strong>vestimenta</strong></span> 
     </span>
    </p>
   </div>
   <div class='ocr_carea' id='block_1_36' title="bbox 475 2211 2069 2292">
    <p class='ocr_par' dir='ltr' id='par_1_36' title="bbox 475 2211 2069 2292">
     <span class='ocr_line' id='line_1_36' title="bbox 475 2211 2069 2292; baseline 0.01 -25"><span class='ocrx_word' id='word_1_264' title='bbox 475 2211 610 2288; x_wconf 75' lang='lat' dir='ltr'><strong>dicit</strong></span> <span class='ocrx_word' id='word_1_265' title='bbox 640 2218 888 2284; x_wconf 84' lang='lat' dir='ltr'><strong>virtutes,</strong></span> <span class='ocrx_word' id='word_1_266' title='bbox 929 2235 996 2274; x_wconf 91' lang='lat' dir='ltr'><strong>ne</strong></span> <span class='ocrx_word' id='word_1_267' title='bbox 1021 2220 1215 2275; x_wconf 76' lang='lat' dir='ltr'><strong>horum</strong></span> <span class='ocrx_word' id='word_1_268' title='bbox 1248 2223 1556 2292; x_wconf 85' lang='lat' dir='ltr'><strong>abjeetione</strong></span> <span class='ocrx_word' id='word_1_269' title='bbox 1586 2227 1714 2280; x_wconf 91' lang='lat' dir='ltr'><strong>nudi</strong></span> <span class='ocrx_word' id='word_1_270' title='bbox 1739 2228 1942 2282; x_wconf 80' lang='lat' dir='ltr'><strong>inventi</strong></span> <span class='ocrx_word' id='word_1_271' title='bbox 1973 2238 2069 2283; x_wconf 87' lang='lat' dir='ltr'><strong>aut</strong></span> 
     </span>
    </p>
   </div>
   <div class='ocr_carea' id='block_1_37' title="bbox 479 2307 1783 2389">
    <p class='ocr_par' dir='ltr' id='par_1_37' title="bbox 479 2307 1783 2389">
     <span class='ocr_line' id='line_1_37' title="bbox 479 2307 1783 2389; baseline 0.011 -27"><span class='ocrx_word' id='word_1_272' title='bbox 479 2307 706 2374; x_wconf 86' lang='lat' dir='ltr'><strong>sordidi,</strong></span> <span class='ocrx_word' id='word_1_273' title='bbox 741 2310 948 2382; x_wconf 81' lang='lat' dir='ltr'><strong>indigni</strong></span> <span class='ocrx_word' id='word_1_274' title='bbox 983 2312 1296 2382; x_wconf 89' lang='lat' dir='ltr'><strong>judieemur</strong></span> <span class='ocrx_word' id='word_1_275' title='bbox 1318 2317 1519 2373; x_wconf 80' lang='lat' dir='ltr'><strong>divinis</strong></span> <span class='ocrx_word' id='word_1_276' title='bbox 1558 2321 1783 2389; x_wconf 90' lang='lat' dir='ltr'><strong>nuptiis.</strong></span> 
     </span>
    </p>
   </div>
   <div class='ocr_carea' id='block_1_38' title="bbox 552 2487 2069 2568">
    <p class='ocr_par' dir='ltr' id='par_1_38' title="bbox 552 2487 2069 2568">
     <span class='ocr_line' id='line_1_38' title="bbox 552 2487 2069 2568; baseline 0.009 -27"><span class='ocrx_word' id='word_1_277' title='bbox 552 2487 622 2541; x_wconf 79' lang='lat' dir='ltr'><strong>Et</strong></span> <span class='ocrx_word' id='word_1_278' title='bbox 671 2492 1032 2560; x_wconf 83' lang='lat' dir='ltr'><strong>congregravit</strong></span> <span class='ocrx_word' id='word_1_279' title='bbox 1076 2509 1164 2546; x_wconf 71' lang='lat' dir='ltr'><strong>ea:</strong></span> <span class='ocrx_word' id='word_1_280' title='bbox 1200 2493 1254 2546; x_wconf 86' lang='lat' dir='ltr'><strong>in</strong></span> <span class='ocrx_word' id='word_1_281' title='bbox 1301 2493 1496 2549; x_wconf 85' lang='lat' dir='ltr'><strong>locum.</strong></span> <span class='ocrx_word' id='word_1_282' title='bbox 1545 2495 1807 2566; x_wconf 84' lang='lat' dir='ltr'><strong>Malignos</strong></span> <span class='ocrx_word' id='word_1_283' title='bbox 1843 2499 2069 2568; x_wconf 82' lang='lat' dir='ltr'><strong>spiritus</strong></span> 
     </span>
    </p>
   </div>
   <div class='ocr_carea' id='block_1_39' title="bbox 471 2579 2066 2658">
    <p class='ocr_par' dir='ltr' id='par_1_39' title="bbox 471 2579 2066 2658">
     <span class='ocr_line' id='line_1_39' title="bbox 471 2579 2066 2658; baseline 0.009 -25"><span class='ocrx_word' id='word_1_284' title='bbox 471 2579 617 2658; x_wconf 49' lang='lat' dir='ltr'><strong>:dieit</strong></span> <span class='ocrx_word' id='word_1_285' title='bbox 646 2581 701 2636; x_wconf 89' lang='lat' dir='ltr'><strong>in</strong></span> <span class='ocrx_word' id='word_1_286' title='bbox 751 2583 986 2652; x_wconf 85' lang='lat' dir='ltr'><strong>quodam</strong></span> <span class='ocrx_word' id='word_1_287' title='bbox 1019 2584 1141 2639; x_wconf 86' lang='lat' dir='ltr'><strong>loco</strong></span> <span class='ocrx_word' id='word_1_288' title='bbox 1171 2584 1552 2642; x_wconf 67' lang='lat' dir='ltr'><strong>accumulasée</strong></span> <span class='ocrx_word' id='word_1_289' title='bbox 1580 2604 1675 2644; x_wconf 91' lang='lat' dir='ltr'><strong>eos</strong></span> <span class='ocrx_word' id='word_1_290' title='bbox 1716 2591 1811 2658; x_wconf 90' lang='lat' dir='ltr'><strong>qui</strong></span> <span class='ocrx_word' id='word_1_291' title='bbox 1842 2600 1973 2646; x_wconf 90' lang='lat' dir='ltr'><strong>tunc</strong></span> <span class='ocrx_word' id='word_1_292' title='bbox 1999 2594 2066 2648; x_wconf 85' lang='lat' dir='ltr'><strong>ab</strong></span> 
     </span>
    </p>
   </div>
   <div class='ocr_carea' id='block_1_40' title="bbox 472 2675 2069 2751">
    <p class='ocr_par' dir='ltr' id='par_1_40' title="bbox 472 2675 2069 2751">
     <span class='ocr_line' id='line_1_40' title="bbox 472 2675 2069 2751; baseline 0.004 -21"><span class='ocrx_word' id='word_1_293' title='bbox 472 2675 618 2744; x_wconf 59' lang='lat' dir='ltr'><strong>iipsis</strong></span> <span class='ocrx_word' id='word_1_294' title='bbox 667 2676 879 2730; x_wconf 89' lang='lat' dir='ltr'><strong>seducti</strong></span> <span class='ocrx_word' id='word_1_295' title='bbox 930 2675 1134 2731; x_wconf 79' lang='lat' dir='ltr'><strong>fuerint</strong></span> <span class='ocrx_word' id='word_1_296' title='bbox 1178 2693 1192 2728; x_wconf 91' lang='lat'><strong>:</strong></span> <span class='ocrx_word' id='word_1_297' title='bbox 1244 2678 1425 2732; x_wconf 88' lang='lat' dir='ltr'><strong>locum</strong></span> <span class='ocrx_word' id='word_1_298' title='bbox 1459 2689 1637 2733; x_wconf 89' lang='lat' dir='ltr'><strong>autem</strong></span> <span class='ocrx_word' id='word_1_299' title='bbox 1685 2681 1925 2751; x_wconf 87' lang='lat' dir='ltr'><strong>intellige</strong></span> <span class='ocrx_word' id='word_1_300' title='bbox 1979 2683 2069 2738; x_wconf 90' lang='lat' dir='ltr'><strong>hic</strong></span> 
     </span>
    </p>
   </div>
   <div class='ocr_carea' id='block_1_41' title="bbox 472 2756 2066 2843">
    <p class='ocr_par' dir='ltr' id='par_1_41' title="bbox 472 2756 2066 2843">
     <span class='ocr_line' id='line_1_41' title="bbox 472 2756 2066 2843; baseline 0.006 -24"><span class='ocrx_word' id='word_1_301' title='bbox 472 2756 718 2835; x_wconf 77' lang='lat' dir='ltr'><strong>tempus.</strong></span> <span class='ocrx_word' id='word_1_302' title='bbox 771 2765 830 2820; x_wconf 87' lang='lat' dir='ltr'><strong>In</strong></span> <span class='ocrx_word' id='word_1_303' title='bbox 886 2768 988 2823; x_wconf 90' lang='lat' dir='ltr'><strong>hoc</strong></span> <span class='ocrx_word' id='word_1_304' title='bbox 1039 2770 1206 2838; x_wconf 79' lang='lat' dir='ltr'><strong>igitur</strong></span> <span class='ocrx_word' id='word_1_305' title='bbox 1243 2779 1491 2840; x_wconf 89' lang='lat' dir='ltr'><strong>tempore</strong></span> <span class='ocrx_word' id='word_1_306' title='bbox 1526 2771 1742 2826; x_wconf 59' lang='lat' dir='ltr'><strong>&quot;inventi</strong></span> <span class='ocrx_word' id='word_1_307' title='bbox 1793 2773 1846 2826; x_wconf 96' lang='lat' dir='ltr'><strong>hi</strong></span> <span class='ocrx_word' id='word_1_308' title='bbox 1893 2776 1984 2843; x_wconf 91' lang='lat' dir='ltr'><strong>qui</strong></span> <span class='ocrx_word' id='word_1_309' title='bbox 2036 2790 2066 2827; x_wconf 73' lang='grc' dir='ltr'><strong>ιι</strong></span> 
     </span>
    </p>
   </div>
   <div class='ocr_carea' id='block_1_42' title="bbox 470 2860 2065 2938">
    <p class='ocr_par' dir='ltr' id='par_1_42' title="bbox 470 2860 2065 2938">
     <span class='ocr_line' id='line_1_42' title="bbox 470 2860 2065 2938; baseline 0.006 -26"><span class='ocrx_word' id='word_1_310' title='bbox 470 2860 733 2938; x_wconf 57' lang='lat' dir='ltr'><strong>malignis</strong></span> <span class='ocrx_word' id='word_1_311' title='bbox 765 2863 1051 2930; x_wconf 87' lang='lat' dir='ltr'><strong>spiritibus</strong></span> <span class='ocrx_word' id='word_1_312' title='bbox 1081 2863 1298 2934; x_wconf 82' lang='lat' dir='ltr'><strong>decepti</strong></span> <span class='ocrx_word' id='word_1_313' title='bbox 1337 2864 1564 2930; x_wconf 81' lang='lat' dir='ltr'><strong>fuerint,</strong></span> <span class='ocrx_word' id='word_1_314' title='bbox 1597 2867 1996 2936; x_wconf 85' lang='lat' dir='ltr'><strong>scparationem</strong></span> <span class='ocrx_word' id='word_1_315' title='bbox 2034 2884 2065 2923; x_wconf 94' lang='lat' dir='ltr'><strong>a</strong></span> 
     </span>
    </p>
   </div>
   <div class='ocr_carea' id='block_1_43' title="bbox 470 2939 2066 3029">
    <p class='ocr_par' dir='ltr' id='par_1_43' title="bbox 470 2939 2066 3029">
     <span class='ocr_line' id='line_1_43' title="bbox 470 2939 2066 3029; baseline 0.005 -22"><span class='ocrx_word' id='word_1_316' title='bbox 470 2939 538 3007; x_wconf 16' lang='lat' dir='ltr'><strong>ise</strong></span> <span class='ocrx_word' id='word_1_317' title='bbox 569 2963 758 3006; x_wconf 89' lang='lat' dir='ltr'><strong>mutuo</strong></span> <span class='ocrx_word' id='word_1_318' title='bbox 794 2954 1102 3024; x_wconf 85' lang='lat' dir='ltr'><strong>acquirent.</strong></span> <span class='ocrx_word' id='word_1_319' title='bbox 1135 2955 1270 3010; x_wconf 79' lang='lat' dir='ltr'><strong>Nam</strong></span> <span class='ocrx_word' id='word_1_320' title='bbox 1299 2955 1401 3011; x_wconf 80' lang='lat' dir='ltr'><strong>lioe</strong></span> <span class='ocrx_word' id='word_1_321' title='bbox 1427 2957 1834 3027; x_wconf 88' lang='lat' dir='ltr'><strong>intelligendum</strong></span> <span class='ocrx_word' id='word_1_322' title='bbox 1861 2961 2066 3029; x_wconf 68' lang='lat' dir='ltr'><strong>praebet</strong></span> 
     </span>
    </p>
   </div>
   <div class='ocr_carea' id='block_1_44' title="bbox 478 3043 2064 3122">
    <p class='ocr_par' dir='ltr' id='par_1_44' title="bbox 478 3043 2064 3122">
     <span class='ocr_line' id='line_1_44' title="bbox 478 3043 2064 3122; baseline 0.006 -25"><span class='ocrx_word' id='word_1_323' title='bbox 478 3043 745 3100; x_wconf 87' lang='lat' dir='ltr'><strong>llebraiea</strong></span> <span class='ocrx_word' id='word_1_324' title='bbox 792 3063 897 3101; x_wconf 82' lang='lat' dir='ltr'><strong>vox</strong></span> <span class='ocrx_word' id='word_1_325' title='bbox 950 3046 1288 3120; x_wconf 86' lang='lat' dir='ltr'><strong>Ermagedon</strong></span> <span class='ocrx_word' id='word_1_326' title='bbox 1331 3051 1373 3103; x_wconf 90' lang='lat' dir='ltr'><strong>si</strong></span> <span class='ocrx_word' id='word_1_327' title='bbox 1428 3050 1482 3104; x_wconf 90' lang='lat' dir='ltr'><strong>in</strong></span> <span class='ocrx_word' id='word_1_328' title='bbox 1530 3060 1776 3104; x_wconf 88' lang='lat' dir='ltr'><strong>nostram</strong></span> <span class='ocrx_word' id='word_1_329' title='bbox 1826 3052 2064 3122; x_wconf 83' lang='lat' dir='ltr'><strong>linguam</strong></span> 
     </span>
    </p>
   </div>
   <div class='ocr_carea' id='block_1_45' title="bbox 479 3140 2062 3212">
    <p class='ocr_par' dir='ltr' id='par_1_45' title="bbox 479 3140 2062 3212">
     <span class='ocr_line' id='line_1_45' title="bbox 479 3140 2062 3212; baseline 0.007 -22"><span class='ocrx_word' id='word_1_330' title='bbox 479 3140 895 3194; x_wconf 75' lang='lat' dir='ltr'><strong>transinutetur.</strong></span> <span class='ocrx_word' id='word_1_331' title='bbox 946 3140 1009 3194; x_wconf 81' lang='lat' dir='ltr'><strong>Et</strong></span> <span class='ocrx_word' id='word_1_332' title='bbox 1053 3157 1304 3210; x_wconf 67' lang='lat' dir='ltr'><strong>quaenam</strong></span> <span class='ocrx_word' id='word_1_333' title='bbox 1359 3144 1463 3196; x_wconf 87' lang='lat' dir='ltr'><strong>erit</strong></span> <span class='ocrx_word' id='word_1_334' title='bbox 1518 3144 1837 3212; x_wconf 83' lang='lat' dir='ltr'><strong>separatio?</strong></span> <span class='ocrx_word' id='word_1_335' title='bbox 1883 3145 2062 3202; x_wconf 84' lang='lat' dir='ltr'><strong>Divini</strong></span> 
     </span>
    </p>
   </div>
   <div class='ocr_carea' id='block_1_46' title="bbox 480 3228 2061 3309">
    <p class='ocr_par' dir='ltr' id='par_1_46' title="bbox 480 3228 2061 3309">
     <span class='ocr_line' id='line_1_46' title="bbox 480 3228 2061 3309; baseline 0.006 -26"><span class='ocrx_word' id='word_1_336' title='bbox 480 3228 715 3300; x_wconf 88' lang='lat' dir='ltr'><strong>Spiritus</strong></span> <span class='ocrx_word' id='word_1_337' title='bbox 741 3232 959 3296; x_wconf 64' lang='lat' dir='ltr'><strong>dirisio,</strong></span> <span class='ocrx_word' id='word_1_338' title='bbox 991 3233 1084 3302; x_wconf 90' lang='lat' dir='ltr'><strong>qui</strong></span> <span class='ocrx_word' id='word_1_339' title='bbox 1119 3243 1229 3288; x_wconf 91' lang='lat' dir='ltr'><strong>tota</strong></span> <span class='ocrx_word' id='word_1_340' title='bbox 1265 3233 1365 3290; x_wconf 88' lang='lat' dir='ltr'><strong>hac</strong></span> <span class='ocrx_word' id='word_1_341' title='bbox 1396 3235 1503 3290; x_wconf 78' lang='lat' dir='ltr'><strong>vita</strong></span> <span class='ocrx_word' id='word_1_342' title='bbox 1530 3237 1670 3305; x_wconf 84' lang='lat' dir='ltr'><strong>apud</strong></span> <span class='ocrx_word' id='word_1_343' title='bbox 1705 3254 2061 3309; x_wconf 82' lang='lat' dir='ltr'><strong>unumquem-</strong></span> 
     </span>
    </p>
   </div>
   <div class='ocr_carea' id='block_1_47' title="bbox 477 3323 2068 3399">
    <p class='ocr_par' dir='ltr' id='par_1_47' title="bbox 477 3323 2068 3399">
     <span class='ocr_line' id='line_1_47' title="bbox 477 3323 2068 3399; baseline 0.006 -23"><span class='ocrx_word' id='word_1_344' title='bbox 477 3338 583 3392; x_wconf 85' lang='lat' dir='ltr'><strong>que</strong></span> <span class='ocrx_word' id='word_1_345' title='bbox 611 3323 882 3379; x_wconf 86' lang='lat' dir='ltr'><strong>hominem</strong></span> <span class='ocrx_word' id='word_1_346' title='bbox 935 3335 1152 3390; x_wconf 87' lang='lat' dir='ltr'><strong>manet,</strong></span> <span class='ocrx_word' id='word_1_347' title='bbox 1187 3327 1266 3380; x_wconf 90' lang='lat' dir='ltr'><strong>sic</strong></span> <span class='ocrx_word' id='word_1_348' title='bbox 1310 3337 1368 3380; x_wconf 92' lang='lat' dir='ltr'><strong>ut</strong></span> <span class='ocrx_word' id='word_1_349' title='bbox 1410 3343 1477 3382; x_wconf 90' lang='lat' dir='ltr'><strong>ne</strong></span> <span class='ocrx_word' id='word_1_350' title='bbox 1513 3327 1665 3397; x_wconf 90' lang='lat' dir='ltr'><strong>perdi</strong></span> <span class='ocrx_word' id='word_1_351' title='bbox 1716 3330 1936 3399; x_wconf 85' lang='lat' dir='ltr'><strong>quidem</strong></span> <span class='ocrx_word' id='word_1_352' title='bbox 1973 3340 2068 3385; x_wconf 88' lang='lat' dir='ltr'><strong>aut</strong></span> 
     </span>
    </p>
   </div>
   <div class='ocr_carea' id='block_1_48' title="bbox 478 3416 2066 3489">
    <p class='ocr_par' dir='ltr' id='par_1_48' title="bbox 478 3416 2066 3489">
     <span class='ocr_line' id='line_1_48' title="bbox 478 3416 2066 3489; baseline 0.006 -19"><span class='ocrx_word' id='word_1_353' title='bbox 478 3416 640 3486; x_wconf 76' lang='lat' dir='ltr'><strong>abjiei</strong></span> <span class='ocrx_word' id='word_1_354' title='bbox 673 3418 846 3487; x_wconf 90' lang='lat' dir='ltr'><strong>possit</strong></span> <span class='ocrx_word' id='word_1_355' title='bbox 875 3436 888 3471; x_wconf 90' lang='lat'><strong>:</strong></span> <span class='ocrx_word' id='word_1_356' title='bbox 929 3417 1098 3473; x_wconf 90' lang='lat' dir='ltr'><strong>robur</strong></span> <span class='ocrx_word' id='word_1_357' title='bbox 1123 3428 1393 3489; x_wconf 67' lang='lat' dir='ltr'><strong>praestans</strong></span> <span class='ocrx_word' id='word_1_358' title='bbox 1420 3421 1548 3475; x_wconf 88' lang='lat' dir='ltr'><strong>dum</strong></span> <span class='ocrx_word' id='word_1_359' title='bbox 1585 3439 1694 3476; x_wconf 91' lang='lat' dir='ltr'><strong>non</strong></span> <span class='ocrx_word' id='word_1_360' title='bbox 1728 3424 2066 3480; x_wconf 89' lang='lat' dir='ltr'><strong>declinamus</strong></span> 
     </span>
    </p>
   </div>
   <div class='ocr_carea' id='block_1_49' title="bbox 477 3507 2068 3588">
    <p class='ocr_par' dir='ltr' id='par_1_49' title="bbox 477 3507 2068 3588">
     <span class='ocr_line' id='line_1_49' title="bbox 477 3507 2068 3588; baseline 0.007 -26"><span class='ocrx_word' id='word_1_361' title='bbox 477 3509 543 3562; x_wconf 89' lang='lat' dir='ltr'><strong>ad</strong></span> <span class='ocrx_word' id='word_1_362' title='bbox 578 3509 823 3564; x_wconf 82' lang='lat' dir='ltr'><strong>meliOra.</strong></span> <span class='ocrx_word' id='word_1_363' title='bbox 854 3507 1148 3582; x_wconf 87' lang='lat' dir='ltr'><strong>Postquam</strong></span> <span class='ocrx_word' id='word_1_364' title='bbox 1183 3523 1362 3567; x_wconf 89' lang='lat' dir='ltr'><strong>autem</strong></span> <span class='ocrx_word' id='word_1_365' title='bbox 1393 3515 1654 3571; x_wconf 85' lang='lat' dir='ltr'><strong>transitus</strong></span> <span class='ocrx_word' id='word_1_366' title='bbox 1677 3533 1706 3570; x_wconf 85' lang='lat' dir='ltr'><strong>a</strong></span> <span class='ocrx_word' id='word_1_367' title='bbox 1740 3518 1903 3572; x_wconf 88' lang='lat' dir='ltr'><strong>rebus</strong></span> <span class='ocrx_word' id='word_1_368' title='bbox 1931 3533 2068 3588; x_wconf 83' lang='lat' dir='ltr'><strong>prae-</strong></span> 
     </span>
    </p>
   </div>
   <div class='ocr_carea' id='block_1_50' title="bbox 478 3603 2063 3680">
    <p class='ocr_par' dir='ltr' id='par_1_50' title="bbox 478 3603 2063 3680">
     <span class='ocr_line' id='line_1_50' title="bbox 478 3603 2063 3680; baseline 0.006 -24"><span class='ocrx_word' id='word_1_369' title='bbox 478 3603 724 3657; x_wconf 89' lang='lat' dir='ltr'><strong>sentibus</strong></span> <span class='ocrx_word' id='word_1_370' title='bbox 764 3604 828 3657; x_wconf 89' lang='lat' dir='ltr'><strong>ad</strong></span> <span class='ocrx_word' id='word_1_371' title='bbox 876 3619 938 3658; x_wconf 88' lang='lat' dir='ltr'><strong>ea</strong></span> <span class='ocrx_word' id='word_1_372' title='bbox 985 3621 1106 3674; x_wconf 73' lang='lat' dir='ltr'><strong>qua:</strong></span> <span class='ocrx_word' id='word_1_373' title='bbox 1148 3617 1294 3660; x_wconf 88' lang='lat' dir='ltr'><strong>certe</strong></span> <span class='ocrx_word' id='word_1_374' title='bbox 1329 3623 1454 3661; x_wconf 86' lang='lat' dir='ltr'><strong>vera</strong></span> <span class='ocrx_word' id='word_1_375' title='bbox 1506 3618 1635 3663; x_wconf 84' lang='lat' dir='ltr'><strong>sunt</strong></span> <span class='ocrx_word' id='word_1_376' title='bbox 1683 3621 1736 3664; x_wconf 89' lang='lat' dir='ltr'><strong>et</strong></span> <span class='ocrx_word' id='word_1_377' title='bbox 1781 3623 2063 3680; x_wconf 84' lang='lat' dir='ltr'><strong>perpetua,</strong></span> 
     </span>
    </p>
   </div>
   <div class='ocr_carea' id='block_1_51' title="bbox 476 3695 2094 3771">
    <p class='ocr_par' dir='ltr' id='par_1_51' title="bbox 476 3695 2094 3771">
     <span class='ocr_line' id='line_1_51' title="bbox 476 3695 2094 3771; baseline 0.007 -24"><span class='ocrx_word' id='word_1_378' title='bbox 476 3695 620 3749; x_wconf 83' lang='lat' dir='ltr'><strong>circa</strong></span> <span class='ocrx_word' id='word_1_379' title='bbox 654 3704 869 3765; x_wconf 90' lang='lat' dir='ltr'><strong>tempus</strong></span> <span class='ocrx_word' id='word_1_380' title='bbox 911 3696 1105 3750; x_wconf 86' lang='lat' dir='ltr'><strong>mortis</strong></span> <span class='ocrx_word' id='word_1_381' title='bbox 1142 3697 1486 3762; x_wconf 89' lang='lat' dir='ltr'><strong>incubuerit,</strong></span> <span class='ocrx_word' id='word_1_382' title='bbox 1527 3700 1593 3754; x_wconf 92' lang='lat' dir='ltr'><strong>ab</strong></span> <span class='ocrx_word' id='word_1_383' title='bbox 1633 3701 1716 3755; x_wconf 91' lang='lat' dir='ltr'><strong>his</strong></span> <span class='ocrx_word' id='word_1_384' title='bbox 1760 3701 1812 3754; x_wconf 92' lang='lat' dir='ltr'><strong>in</strong></span> <span class='ocrx_word' id='word_1_385' title='bbox 1866 3704 2094 3771; x_wconf 85' lang='lat' dir='ltr'><strong>quibus</strong></span> 
     </span>
    </p>
   </div>
   <div class='ocr_carea' id='block_1_52' title="bbox 475 3781 2062 3863">
    <p class='ocr_par' dir='ltr' id='par_1_52' title="bbox 475 3781 2062 3863">
     <span class='ocr_line' id='line_1_52' title="bbox 475 3781 2062 3863; baseline 0.006 -25"><span class='ocrx_word' id='word_1_386' title='bbox 475 3786 720 3841; x_wconf 88' lang='lat' dir='ltr'><strong>divinum</strong></span> <span class='ocrx_word' id='word_1_387' title='bbox 755 3804 955 3842; x_wconf 77' lang='lat' dir='ltr'><strong>munus</strong></span> <span class='ocrx_word' id='word_1_388' title='bbox 983 3781 1265 3858; x_wconf 82' lang='lat' dir='ltr'><strong>acceptum</strong></span> <span class='ocrx_word' id='word_1_389' title='bbox 1304 3792 1582 3846; x_wconf 82' lang='lat' dir='ltr'><strong>inventum</strong></span> <span class='ocrx_word' id='word_1_390' title='bbox 1611 3793 1774 3847; x_wconf 88' lang='lat' dir='ltr'><strong>fuerit</strong></span> <span class='ocrx_word' id='word_1_391' title='bbox 1795 3795 2062 3863; x_wconf 85' lang='lat' dir='ltr'><strong>occisum,</strong></span> 
     </span>
    </p>
   </div>
   <div class='ocr_carea' id='block_1_53' title="bbox 475 3877 2064 3959">
    <p class='ocr_par' dir='ltr' id='par_1_53' title="bbox 475 3877 2064 3959">
     <span class='ocr_line' id='line_1_53' title="bbox 475 3877 2064 3959; baseline 0.007 -26"><span class='ocrx_word' id='word_1_392' title='bbox 475 3877 790 3946; x_wconf 77' lang='lat' dir='ltr'><strong>auferetur,</strong></span> <span class='ocrx_word' id='word_1_393' title='bbox 825 3892 978 3952; x_wconf 86' lang='lat' dir='ltr'><strong>parta</strong></span> <span class='ocrx_word' id='word_1_394' title='bbox 1010 3899 1103 3952; x_wconf 91' lang='lat' dir='ltr'><strong>per</strong></span> <span class='ocrx_word' id='word_1_395' title='bbox 1133 3885 1470 3954; x_wconf 83' lang='lat' dir='ltr'><strong>operationis</strong></span> <span class='ocrx_word' id='word_1_396' title='bbox 1509 3887 1795 3956; x_wconf 83' lang='lat' dir='ltr'><strong>segnitiem</strong></span> <span class='ocrx_word' id='word_1_397' title='bbox 1841 3903 2064 3959; x_wconf 82' lang='lat' dir='ltr'><strong>separa-</strong></span> 
     </span>
    </p>
   </div>
   <div class='ocr_carea' id='block_1_54' title="bbox 477 3974 2064 4052">
    <p class='ocr_par' dir='ltr' id='par_1_54' title="bbox 477 3974 2064 4052">
     <span class='ocr_line' id='line_1_54' title="bbox 477 3974 2064 4052; baseline 0.008 -27"><span class='ocrx_word' id='word_1_398' title='bbox 477 3974 646 4037; x_wconf 88' lang='lat' dir='ltr'><strong>tione,</strong></span> <span class='ocrx_word' id='word_1_399' title='bbox 684 3985 738 4030; x_wconf 89' lang='lat' dir='ltr'><strong>et</strong></span> <span class='ocrx_word' id='word_1_400' title='bbox 761 3975 919 4046; x_wconf 82' lang='lat' dir='ltr'><strong>juxta</strong></span> <span class='ocrx_word' id='word_1_401' title='bbox 956 3979 1304 4032; x_wconf 77' lang='lat' dir='ltr'><strong>severitatem</strong></span> <span class='ocrx_word' id='word_1_402' title='bbox 1350 3981 1752 4051; x_wconf 78' lang='lat' dir='ltr'><strong>evangelicam,</strong></span> <span class='ocrx_word' id='word_1_403' title='bbox 1789 3998 1914 4051; x_wconf 88' lang='lat' dir='ltr'><strong>pars</strong></span> <span class='ocrx_word' id='word_1_404' title='bbox 1944 3983 2064 4052; x_wconf 87' lang='lat' dir='ltr'><strong>ejus</strong></span> 
     </span>
    </p>
   </div>
   <div class='ocr_carea' id='block_1_55' title="bbox 474 4061 2061 4146">
    <p class='ocr_par' dir='ltr' id='par_1_55' title="bbox 474 4061 2061 4146">
     <span class='ocr_line' id='line_1_55' title="bbox 474 4061 2061 4146; baseline 0.008 -26"><span class='ocrx_word' id='word_1_405' title='bbox 474 4067 567 4138; x_wconf 92' lang='lat' dir='ltr'><strong>qui</strong></span> <span class='ocrx_word' id='word_1_406' title='bbox 593 4066 980 4140; x_wconf 88' lang='lat' dir='ltr'><strong>fueritjudicio</strong></span> <span class='ocrx_word' id='word_1_407' title='bbox 1004 4073 1302 4128; x_wconf 87' lang='lat' dir='ltr'><strong>damnatus</strong></span> <span class='ocrx_word' id='word_1_408' title='bbox 1332 4061 1785 4146; x_wconf 30' lang='lat' dir='ltr'><strong>cum-hypocritis</strong></span> <span class='ocrx_word' id='word_1_409' title='bbox 1811 4087 2061 4145; x_wconf 85' lang='lat' dir='ltr'><strong>ponetur.</strong></span> 
     </span>
    </p>
   </div>
   <div class='ocr_carea' id='block_1_56' title="bbox 1074 4207 1458 4264">
    <p class='ocr_par' dir='ltr' id='par_1_56' title="bbox 1074 4207 1458 4264">
     <span class='ocr_line' id='line_1_56' title="bbox 1074 4207 1458 4264; baseline 0.005 -2"><span class='ocrx_word' id='word_1_410' title='bbox 1074 4207 1307 4264; x_wconf 74' lang='lat' dir='ltr'><strong>CAPUT</strong></span> <span class='ocrx_word' id='word_1_411' title='bbox 1353 4208 1458 4264; x_wconf 89' lang='lat' dir='ltr'><strong>Lll.</strong></span> 
     </span>
    </p>
   </div>
   <div class='ocr_carea' id='block_1_57' title="bbox 475 4315 2062 4392">
    <p class='ocr_par' dir='ltr' id='par_1_57' title="bbox 475 4315 2062 4392">
     <span class='ocr_line' id='line_1_57' title="bbox 475 4315 2062 4392; baseline 0.008 -24"><span class='ocrx_word' id='word_1_412' title='bbox 475 4315 629 4381; x_wconf 80' lang='lat' dir='ltr'><strong>Quod</strong></span> <span class='ocrx_word' id='word_1_413' title='bbox 671 4335 763 4386; x_wconf 87' lang='lat' dir='ltr'><strong>per</strong></span> <span class='ocrx_word' id='word_1_414' title='bbox 811 4323 1085 4388; x_wconf 82' lang='lat' dir='ltr'><strong>septimam</strong></span> <span class='ocrx_word' id='word_1_415' title='bbox 1131 4323 1347 4391; x_wconf 80' lang='lat' dir='ltr'><strong>plagam</strong></span> <span class='ocrx_word' id='word_1_416' title='bbox 1395 4325 1599 4392; x_wconf 84' lang='lat' dir='ltr'><strong>grando</strong></span> <span class='ocrx_word' id='word_1_417' title='bbox 1633 4335 1682 4378; x_wconf 78' lang='lat' dir='ltr'><strong>ct</strong></span> <span class='ocrx_word' id='word_1_418' title='bbox 1731 4334 2062 4380; x_wconf 79' lang='lat' dir='ltr'><strong>(ert&#39;tt&#39;mottts</strong></span> 
     </span>
    </p>
   </div>
   <div class='ocr_carea' id='block_1_58' title="bbox 915 4395 1608 4459">
    <p class='ocr_par' dir='ltr' id='par_1_58' title="bbox 915 4395 1608 4459">
     <span class='ocr_line' id='line_1_58' title="bbox 915 4395 1608 4459; baseline 0.001 -15"><span class='ocrx_word' id='word_1_419' title='bbox 915 4395 1048 4459; x_wconf 77' lang='lat' dir='ltr'><strong>ﬁant</strong></span> <span class='ocrx_word' id='word_1_420' title='bbox 1075 4397 1326 4446; x_wconf 72' lang='lat' dir='ltr'><strong>adversus</strong></span> <span class='ocrx_word' id='word_1_421' title='bbox 1354 4395 1608 4448; x_wconf 76' lang='lat' dir='ltr'><strong>homines.</strong></span> 
     </span>
    </p>
   </div>
   <div class='ocr_carea' id='block_1_59' title="bbox 2171 1937 3759 2010">
    <p class='ocr_par' dir='ltr' id='par_1_59' title="bbox 2171 1937 3759 2010">
     <span class='ocr_line' id='line_1_59' title="bbox 2171 1937 3759 2010; baseline -0.005 -15"><span class='ocrx_word' id='word_1_422' title='bbox 2171 1941 2300 1995; x_wconf 83' lang='grc' dir='ltr'>τοῦ.</span> <span class='ocrx_word' id='word_1_423' title='bbox 2338 1941 2628 2010; x_wconf 87' lang='grc' dir='ltr'>Ἐπέμεινε</span> <span class='ocrx_word' id='word_1_424' title='bbox 2667 1942 2734 2010; x_wconf 79' lang='grc' dir='ltr'>τῇ</span> <span class='ocrx_word' id='word_1_425' title='bbox 2775 1943 2952 2010; x_wconf 79' lang='grc' dir='ltr'>τροπῇ</span> <span class='ocrx_word' id='word_1_426' title='bbox 2993 1939 3087 1991; x_wconf 83' lang='grc' dir='ltr'><strong>τοῦ</strong></span> <span class='ocrx_word' id='word_1_427' title='bbox 3133 1938 3388 1991; x_wconf 82' lang='grc' dir='ltr'>κλέπτου.</span> <span class='ocrx_word' id='word_1_428' title='bbox 3417 1941 3508 1989; x_wconf 72' lang='grc' dir='ltr'><strong>Διὸ</strong></span> <span class='ocrx_word' id='word_1_429' title='bbox 3539 1937 3632 1988; x_wconf 78' lang='grc' dir='ltr'>καὶ</span> <span class='ocrx_word' id='word_1_430' title='bbox 3653 1954 3759 2006; x_wconf 69' lang='grc' dir='ltr'><strong>φυ-</strong></span> 
     </span>
    </p>
   </div>
   <div class='ocr_carea' id='block_1_60' title="bbox 2170 2029 3750 2104">
    <p class='ocr_par' dir='ltr' id='par_1_60' title="bbox 2170 2029 3750 2104">
     <span class='ocr_line' id='line_1_60' title="bbox 2170 2029 3750 2104; baseline -0.004 -20"><span class='ocrx_word' id='word_1_431' title='bbox 2170 2032 2344 2104; x_wconf 78' lang='grc' dir='ltr'>λακὴν</span> <span class='ocrx_word' id='word_1_432' title='bbox 2373 2034 2466 2085; x_wconf 76' lang='grc' dir='ltr'>καὶ</span> <span class='ocrx_word' id='word_1_433' title='bbox 2483 2032 2816 2104; x_wconf 77' lang='grc' dir='ltr'><strong>ἐγρήγορσιν</strong></span> <span class='ocrx_word' id='word_1_434' title='bbox 2855 2032 3044 2102; x_wconf 85' lang='grc' dir='ltr'>είρηκε</span> <span class='ocrx_word' id='word_1_435' title='bbox 3083 2031 3331 2100; x_wconf 90' lang='grc' dir='ltr'>γίνεσθαι</span> <span class='ocrx_word' id='word_1_436' title='bbox 3356 2030 3464 2081; x_wconf 85' lang='grc' dir='ltr'><strong>τών</strong></span> <span class='ocrx_word' id='word_1_437' title='bbox 3491 2029 3750 2098; x_wconf 77' lang='grc' dir='ltr'>ἱματίων,</span> 
     </span>
    </p>
   </div>
   <div class='ocr_carea' id='block_1_61' title="bbox 2171 2121 3753 2195">
    <p class='ocr_par' dir='ltr' id='par_1_61' title="bbox 2171 2121 3753 2195">
     <span class='ocr_line' id='line_1_61' title="bbox 2171 2121 3753 2195; baseline -0.005 -18"><span class='ocrx_word' id='word_1_438' title='bbox 2171 2125 2320 2187; x_wconf 83' lang='grc' dir='ltr'>ὅπως</span> <span class='ocrx_word' id='word_1_439' title='bbox 2349 2123 2424 2195; x_wconf 80' lang='grc' dir='ltr'>μὴ</span> <span class='ocrx_word' id='word_1_440' title='bbox 2453 2123 2761 2176; x_wconf 82' lang='grc' dir='ltr'>ἀπόλωνται</span> <span class='ocrx_word' id='word_1_441' title='bbox 2796 2122 2884 2175; x_wconf 78' lang='grc' dir='ltr'><strong>διὰ</strong></span> <span class='ocrx_word' id='word_1_442' title='bbox 2911 2122 3238 2186; x_wconf 77' lang='grc' dir='ltr'>κενοδοξίας.</span> <span class='ocrx_word' id='word_1_443' title='bbox 3273 2122 3484 2192; x_wconf 86' lang='grc' dir='ltr'>Ὶμάτια</span> <span class='ocrx_word' id='word_1_444' title='bbox 3508 2121 3616 2192; x_wconf 80' lang='grc' dir='ltr'><strong>γάρ</strong></span> <span class='ocrx_word' id='word_1_445' title='bbox 3652 2121 3753 2181; x_wconf 74' lang='grc' dir='ltr'>τὰς</span> 
     </span>
    </p>
   </div>
   <div class='ocr_carea' id='block_1_62' title="bbox 2171 2215 3754 2289">
    <p class='ocr_par' dir='ltr' id='par_1_62' title="bbox 2171 2215 3754 2289">
     <span class='ocr_line' id='line_1_62' title="bbox 2171 2215 3754 2289; baseline -0.004 -18"><span class='ocrx_word' id='word_1_446' title='bbox 2171 2220 2373 2289; x_wconf 80' lang='grc' dir='ltr'>ἀρετάς</span> <span class='ocrx_word' id='word_1_447' title='bbox 2412 2217 2597 2286; x_wconf 82' lang='grc' dir='ltr'>καλεῖ,</span> <span class='ocrx_word' id='word_1_448' title='bbox 2634 2217 2722 2270; x_wconf 83' lang='grc' dir='ltr'>ἵνα</span> <span class='ocrx_word' id='word_1_449' title='bbox 2761 2217 2835 2287; x_wconf 85' lang='grc' dir='ltr'>μὴ</span> <span class='ocrx_word' id='word_1_450' title='bbox 2880 2220 2946 2286; x_wconf 85' lang='grc' dir='ltr'>τῇ</span> <span class='ocrx_word' id='word_1_451' title='bbox 3001 2218 3206 2270; x_wconf 81' lang='grc' dir='ltr'>τούτων</span> <span class='ocrx_word' id='word_1_452' title='bbox 3253 2216 3517 2285; x_wconf 74' lang='grc' dir='ltr'>ἀποϐολῇ,</span> <span class='ocrx_word' id='word_1_453' title='bbox 3552 2215 3754 2283; x_wconf 78' lang='grc' dir='ltr'>γυμνοὶ</span> 
     </span>
    </p>
   </div>
   <div class='ocr_carea' id='block_1_63' title="bbox 2170 2306 3751 2382">
    <p class='ocr_par' dir='ltr' id='par_1_63' title="bbox 2170 2306 3751 2382">
     <span class='ocr_line' id='line_1_63' title="bbox 2170 2306 3751 2382; baseline -0.003 -18"><span class='ocrx_word' id='word_1_454' title='bbox 2170 2311 2488 2382; x_wconf 78' lang='grc' dir='ltr'>εὑρεθέντες</span> <span class='ocrx_word' id='word_1_455' title='bbox 2528 2310 2561 2380; x_wconf 81' lang='grc' dir='ltr'>ἢ</span> <span class='ocrx_word' id='word_1_456' title='bbox 2603 2311 2695 2363; x_wconf 78' lang='grc' dir='ltr'>καὶ</span> <span class='ocrx_word' id='word_1_457' title='bbox 2747 2310 3047 2381; x_wconf 72' lang='grc' dir='ltr'>ρυπώντες,</span> <span class='ocrx_word' id='word_1_458' title='bbox 3087 2311 3295 2375; x_wconf 78' lang='grc' dir='ltr'>ἀνάξιοι</span> <span class='ocrx_word' id='word_1_459' title='bbox 3351 2308 3627 2379; x_wconf 77' lang='grc' dir='ltr'><strong>κριθῶμεν</strong></span> <span class='ocrx_word' id='word_1_460' title='bbox 3655 2306 3751 2361; x_wconf 81' lang='grc' dir='ltr'><strong>τοῦ</strong></span> 
     </span>
    </p>
   </div>
   <div class='ocr_carea' id='block_1_64' title="bbox 2171 2401 2550 2472">
    <p class='ocr_par' dir='ltr' id='par_1_64' title="bbox 2171 2401 2550 2472">
     <span class='ocr_line' id='line_1_64' title="bbox 2171 2401 2550 2472; baseline 0 -16"><span class='ocrx_word' id='word_1_461' title='bbox 2171 2403 2316 2456; x_wconf 89' lang='grc' dir='ltr'>θείου</span> <span class='ocrx_word' id='word_1_462' title='bbox 2350 2401 2550 2472; x_wconf 81' lang='grc' dir='ltr'>γάμου.</span> 
     </span>
    </p>
   </div>
   <div class='ocr_carea' id='block_1_65' title="bbox 2241 2491 3751 2564">
    <p class='ocr_par' dir='ltr' id='par_1_65' title="bbox 2241 2491 3751 2564">
     <span class='ocr_line' id='line_1_65' title="bbox 2241 2491 3751 2564; baseline -0.004 -16"><span class='ocrx_word' id='word_1_463' title='bbox 2241 2493 2715 2564; x_wconf 76' lang='grc' dir='ltr'>Καὶσυνήγαγεν</span> <span class='ocrx_word' id='word_1_464' title='bbox 2733 2492 3050 2557; x_wconf 85' lang='grc' dir='ltr'>αὐτοὺςείς</span> <span class='ocrx_word' id='word_1_465' title='bbox 3077 2491 3185 2545; x_wconf 75' lang='grc' dir='ltr'><strong>τὸν</strong></span> <span class='ocrx_word' id='word_1_466' title='bbox 3213 2493 3422 2545; x_wconf 79' lang='grc' dir='ltr'>τόπον.</span> <span class='ocrx_word' id='word_1_467' title='bbox 3439 2491 3518 2543; x_wconf 80' lang='grc' dir='ltr'><strong>Τὰ</strong></span> <span class='ocrx_word' id='word_1_468' title='bbox 3539 2491 3751 2559; x_wconf 63' lang='grc' dir='ltr'>πονηρὰ</span> 
     </span>
    </p>
   </div>
   <div class='ocr_carea' id='block_1_66' title="bbox 2169 2583 3748 2657">
    <p class='ocr_par' dir='ltr' id='par_1_66' title="bbox 2169 2583 3748 2657">
     <span class='ocr_line' id='line_1_66' title="bbox 2169 2583 3748 2657; baseline -0.006 -16"><span class='ocrx_word' id='word_1_469' title='bbox 2169 2589 2319 2656; x_wconf 84' lang='grc' dir='ltr'>λέγει</span> <span class='ocrx_word' id='word_1_470' title='bbox 2351 2587 2637 2657; x_wconf 80' lang='grc' dir='ltr'>πνεύματα</span> <span class='ocrx_word' id='word_1_471' title='bbox 2667 2585 2723 2638; x_wconf 76' lang='grc' dir='ltr'>ἐν</span> <span class='ocrx_word' id='word_1_472' title='bbox 2751 2603 2859 2637; x_wconf 88' lang='grc' dir='ltr'>τινι</span> <span class='ocrx_word' id='word_1_473' title='bbox 2885 2585 3036 2655; x_wconf 66' lang='grc' dir='ltr'>τόπῳ</span> <span class='ocrx_word' id='word_1_474' title='bbox 3075 2585 3424 2655; x_wconf 76' lang='grc' dir='ltr'>συμφορῆσαι</span> <span class='ocrx_word' id='word_1_475' title='bbox 3455 2583 3579 2646; x_wconf 76' lang='grc' dir='ltr'>τοὺς</span> <span class='ocrx_word' id='word_1_476' title='bbox 3602 2600 3748 2652; x_wconf 78' lang='grc' dir='ltr'>τηνι-</span> 
     </span>
    </p>
   </div>
   <div class='ocr_carea' id='block_1_67' title="bbox 2170 2673 3750 2747">
    <p class='ocr_par' dir='ltr' id='par_1_67' title="bbox 2170 2673 3750 2747">
     <span class='ocr_line' id='line_1_67' title="bbox 2170 2673 3750 2747; baseline -0.008 -12"><span class='ocrx_word' id='word_1_477' title='bbox 2170 2681 2303 2735; x_wconf 85' lang='grc' dir='ltr'>κάδε</span> <span class='ocrx_word' id='word_1_478' title='bbox 2350 2681 2442 2734; x_wconf 80' lang='grc' dir='ltr'><strong>ὑπ’</strong></span> <span class='ocrx_word' id='word_1_479' title='bbox 2473 2679 2654 2734; x_wconf 83' lang='grc' dir='ltr'>αὐτῶν</span> <span class='ocrx_word' id='word_1_480' title='bbox 2707 2678 3110 2747; x_wconf 79' lang='grc' dir='ltr'><strong>ἀπατηθέντας.</strong></span> <span class='ocrx_word' id='word_1_481' title='bbox 3142 2676 3318 2728; x_wconf 84' lang='grc' dir='ltr'>Τόπον</span> <span class='ocrx_word' id='word_1_482' title='bbox 3356 2675 3465 2744; x_wconf 86' lang='grc' dir='ltr'>γὰρ</span> <span class='ocrx_word' id='word_1_483' title='bbox 3516 2673 3612 2727; x_wconf 77' lang='grc' dir='ltr'>νῦν</span> <span class='ocrx_word' id='word_1_484' title='bbox 3657 2676 3750 2724; x_wconf 65' lang='grc' dir='ltr'>τὸν</span> 
     </span>
    </p>
   </div>
   <div class='ocr_carea' id='block_1_68' title="bbox 2171 2766 3749 2844">
    <p class='ocr_par' dir='ltr' id='par_1_68' title="bbox 2171 2766 3749 2844">
     <span class='ocr_line' id='line_1_68' title="bbox 2171 2766 3749 2844; baseline -0.007 -15"><span class='ocrx_word' id='word_1_485' title='bbox 2171 2775 2362 2844; x_wconf 62' lang='grc' dir='ltr'>καιρὸν</span> <span class='ocrx_word' id='word_1_486' title='bbox 2412 2773 2726 2827; x_wconf 85' lang='grc' dir='ltr'>ἀκουστέον.</span> <span class='ocrx_word' id='word_1_487' title='bbox 2769 2771 2860 2842; x_wconf 78' lang='grc' dir='ltr'>Τῷ</span> <span class='ocrx_word' id='word_1_488' title='bbox 2905 2775 3081 2841; x_wconf 83' lang='grc' dir='ltr'>καιρῷ</span> <span class='ocrx_word' id='word_1_489' title='bbox 3112 2769 3291 2822; x_wconf 78' lang='grc' dir='ltr'>τοίνυν</span> <span class='ocrx_word' id='word_1_490' title='bbox 3348 2767 3523 2838; x_wconf 83' lang='grc' dir='ltr'>τούτῳ</span> <span class='ocrx_word' id='word_1_491' title='bbox 3555 2767 3605 2820; x_wconf 81' lang='grc' dir='ltr'><strong>οἱ</strong></span> <span class='ocrx_word' id='word_1_492' title='bbox 3643 2766 3749 2818; x_wconf 73' lang='grc' dir='ltr'><strong>ὑπὸ</strong></span> 
     </span>
    </p>
   </div>
   <div class='ocr_carea' id='block_1_69' title="bbox 2171 2859 3750 2937">
    <p class='ocr_par' dir='ltr' id='par_1_69' title="bbox 2171 2859 3750 2937">
     <span class='ocr_line' id='line_1_69' title="bbox 2171 2859 3750 2937; baseline -0.008 -17"><span class='ocrx_word' id='word_1_493' title='bbox 2171 2865 2427 2937; x_wconf 82' lang='grc' dir='ltr'>πονηρῶν</span> <span class='ocrx_word' id='word_1_494' title='bbox 2441 2866 2766 2936; x_wconf 88' lang='grc' dir='ltr'>πνευμάτων</span> <span class='ocrx_word' id='word_1_495' title='bbox 2794 2862 3164 2934; x_wconf 77' lang='grc' dir='ltr'>άπατηθέντες</span> <span class='ocrx_word' id='word_1_496' title='bbox 3181 2860 3472 2928; x_wconf 81' lang='grc' dir='ltr'>καταλαμὸ</span> <span class='ocrx_word' id='word_1_497' title='bbox 3482 2859 3750 2928; x_wconf 71' lang='grc' dir='ltr'>ανὸμενοι,</span> 
     </span>
    </p>
   </div>
   <div class='ocr_carea' id='block_1_70' title="bbox 2168 2950 3746 3026">
    <p class='ocr_par' dir='ltr' id='par_1_70' title="bbox 2168 2950 3746 3026">
     <span class='ocr_line' id='line_1_70' title="bbox 2168 2950 3746 3026; baseline -0.006 -13"><span class='ocrx_word' id='word_1_498' title='bbox 2168 2959 2453 3026; x_wconf 82' lang='grc' dir='ltr'>τεύξονται</span> <span class='ocrx_word' id='word_1_499' title='bbox 2485 2957 2776 3026; x_wconf 80' lang='grc' dir='ltr'>διακοπῆς.</span> <span class='ocrx_word' id='word_1_500' title='bbox 2803 2956 2973 3010; x_wconf 79' lang='grc' dir='ltr'>Τοῦτο</span> <span class='ocrx_word' id='word_1_501' title='bbox 3003 2955 3113 3025; x_wconf 81' lang='grc' dir='ltr'><strong>γὰρ</strong></span> <span class='ocrx_word' id='word_1_502' title='bbox 3151 2950 3505 3024; x_wconf 79' lang='grc' dir='ltr'>Ἐρμαγεδὼν</span> <span class='ocrx_word' id='word_1_503' title='bbox 3547 2952 3580 3022; x_wconf 81' lang='grc' dir='ltr'><strong>ἡ</strong></span> <span class='ocrx_word' id='word_1_504' title='bbox 3624 2951 3746 3003; x_wconf 76' lang='grc' dir='ltr'><strong>Ἐϐ-</strong></span> 
     </span>
    </p>
   </div>
   <div class='ocr_carea' id='block_1_71' title="bbox 2172 3044 3748 3126">
    <p class='ocr_par' dir='ltr' id='par_1_71' title="bbox 2172 3044 3748 3126">
     <span class='ocr_line' id='line_1_71' title="bbox 2172 3044 3748 3126; baseline -0.008 -19"><span class='ocrx_word' id='word_1_505' title='bbox 2172 3053 2337 3126; x_wconf 83' lang='grc' dir='ltr'>ραῖκὴ</span> <span class='ocrx_word' id='word_1_506' title='bbox 2369 3051 2512 3116; x_wconf 77' lang='grc' dir='ltr'>λέξις</span> <span class='ocrx_word' id='word_1_507' title='bbox 2541 3053 2620 3114; x_wconf 80' lang='grc' dir='ltr'>εἰς</span> <span class='ocrx_word' id='word_1_508' title='bbox 2649 3051 2747 3122; x_wconf 81' lang='grc' dir='ltr'>τὴν</span> <span class='ocrx_word' id='word_1_509' title='bbox 2809 3049 3016 3103; x_wconf 82' lang='grc' dir='ltr'>Ελλάδα</span> <span class='ocrx_word' id='word_1_510' title='bbox 3059 3044 3569 3117; x_wconf 86' lang='grc' dir='ltr'>διαπορθμευομένη</span> <span class='ocrx_word' id='word_1_511' title='bbox 3608 3047 3748 3097; x_wconf 82' lang='grc' dir='ltr'>νοεῖν</span> 
     </span>
    </p>
   </div>
   <div class='ocr_carea' id='block_1_72' title="bbox 2173 3136 3750 3216">
    <p class='ocr_par' dir='ltr' id='par_1_72' title="bbox 2173 3136 3750 3216">
     <span class='ocr_line' id='line_1_72' title="bbox 2173 3136 3750 3216; baseline -0.008 -17"><span class='ocrx_word' id='word_1_512' title='bbox 2173 3145 2426 3216; x_wconf 83' lang='grc' dir='ltr'>παρέχει.</span> <span class='ocrx_word' id='word_1_513' title='bbox 2453 3145 2560 3198; x_wconf 70' lang='grc' dir='ltr'><strong>Καὶ</strong></span> <span class='ocrx_word' id='word_1_514' title='bbox 2585 3144 2668 3206; x_wconf 87' lang='grc' dir='ltr'><strong>τίς</strong></span> <span class='ocrx_word' id='word_1_515' title='bbox 2695 3144 2727 3212; x_wconf 85' lang='grc' dir='ltr'>ἡ</span> <span class='ocrx_word' id='word_1_516' title='bbox 2779 3142 3050 3213; x_wconf 81' lang='grc' dir='ltr'>διακοπή;</span> <span class='ocrx_word' id='word_1_517' title='bbox 3096 3140 3158 3192; x_wconf 87' lang='lat' dir='ltr'><strong>&#39;H</strong></span> <span class='ocrx_word' id='word_1_518' title='bbox 3181 3137 3275 3192; x_wconf 81' lang='grc' dir='ltr'><strong>τοῦ</strong></span> <span class='ocrx_word' id='word_1_519' title='bbox 3308 3138 3452 3191; x_wconf 85' lang='grc' dir='ltr'>θείου</span> <span class='ocrx_word' id='word_1_520' title='bbox 3485 3136 3750 3206; x_wconf 75' lang='grc' dir='ltr'>διαίρεσις</span> 
     </span>
    </p>
   </div>
   <div class='ocr_carea' id='block_1_73' title="bbox 2170 3228 3749 3310">
    <p class='ocr_par' dir='ltr' id='par_1_73' title="bbox 2170 3228 3749 3310">
     <span class='ocr_line' id='line_1_73' title="bbox 2170 3228 3749 3310; baseline -0.008 -19"><span class='ocrx_word' id='word_1_521' title='bbox 2170 3238 2532 3310; x_wconf 77' lang='grc' dir='ltr'>χαρίσματος,</span> <span class='ocrx_word' id='word_1_522' title='bbox 2563 3237 2700 3306; x_wconf 86' lang='grc' dir='ltr'>ὅπερ</span> <span class='ocrx_word' id='word_1_523' title='bbox 2728 3233 3002 3304; x_wconf 82' lang='grc' dir='ltr'>ἀνθρώπῳ</span> <span class='ocrx_word' id='word_1_524' title='bbox 3034 3232 3197 3286; x_wconf 71' lang='grc' dir='ltr'>παντὶ</span> <span class='ocrx_word' id='word_1_525' title='bbox 3236 3232 3386 3301; x_wconf 77' lang='grc' dir='ltr'>παρὰ</span> <span class='ocrx_word' id='word_1_526' title='bbox 3445 3231 3627 3282; x_wconf 78' lang='grc' dir='ltr'>πᾶσαν</span> <span class='ocrx_word' id='word_1_527' title='bbox 3651 3228 3749 3299; x_wconf 71' lang='grc' dir='ltr'>τὴν</span> 
     </span>
    </p>
   </div>
   <div class='ocr_carea' id='block_1_74' title="bbox 2171 3317 3746 3398">
    <p class='ocr_par' dir='ltr' id='par_1_74' title="bbox 2171 3317 3746 3398">
     <span class='ocr_line' id='line_1_74' title="bbox 2171 3317 3746 3398; baseline -0.007 -17"><span class='ocrx_word' id='word_1_528' title='bbox 2171 3327 2452 3398; x_wconf 77' lang='grc' dir='ltr'>παροῦσαν</span> <span class='ocrx_word' id='word_1_529' title='bbox 2483 3325 2628 3396; x_wconf 71' lang='grc' dir='ltr'>ζωὴν</span> <span class='ocrx_word' id='word_1_530' title='bbox 2659 3323 3055 3394; x_wconf 79' lang='grc' dir='ltr'>άναποδλήτως</span> <span class='ocrx_word' id='word_1_531' title='bbox 3086 3317 3537 3392; x_wconf 79' lang='grc' dir='ltr'>συμπαρεδρεῦον</span> <span class='ocrx_word' id='word_1_532' title='bbox 3585 3319 3746 3391; x_wconf 79' lang='grc' dir='ltr'>ἐπίρ-</span> 
     </span>
    </p>
   </div>
   <div class='ocr_carea' id='block_1_75' title="bbox 2173 3411 3750 3492">
    <p class='ocr_par' dir='ltr' id='par_1_75' title="bbox 2173 3411 3750 3492">
     <span class='ocr_line' id='line_1_75' title="bbox 2173 3411 3750 3492; baseline -0.008 -18"><span class='ocrx_word' id='word_1_533' title='bbox 2173 3423 2341 3492; x_wconf 81' lang='grc' dir='ltr'>ρωσιν</span> <span class='ocrx_word' id='word_1_534' title='bbox 2377 3420 2609 3490; x_wconf 82' lang='grc' dir='ltr'>παρέχει</span> <span class='ocrx_word' id='word_1_535' title='bbox 2663 3420 2783 3480; x_wconf 87' lang='grc' dir='ltr'>ταῖς</span> <span class='ocrx_word' id='word_1_536' title='bbox 2813 3417 2949 3488; x_wconf 80' lang='grc' dir='ltr'>πρὸς</span> <span class='ocrx_word' id='word_1_537' title='bbox 2979 3415 3046 3468; x_wconf 84' lang='grc' dir='ltr'><strong>τά</strong></span> <span class='ocrx_word' id='word_1_538' title='bbox 3077 3415 3310 3488; x_wconf 83' lang='grc' dir='ltr'>κρείττω</span> <span class='ocrx_word' id='word_1_539' title='bbox 3335 3413 3489 3484; x_wconf 75' lang='grc' dir='ltr'>ἡμῶν</span> <span class='ocrx_word' id='word_1_540' title='bbox 3520 3411 3750 3465; x_wconf 73' lang='grc' dir='ltr'>ἀπονεύ-</span> 
     </span>
    </p>
   </div>
   <div class='ocr_carea' id='block_1_76' title="bbox 2171 3503 3748 3578">
    <p class='ocr_par' dir='ltr' id='par_1_76' title="bbox 2171 3503 3748 3578">
     <span class='ocr_line' id='line_1_76' title="bbox 2171 3503 3748 3578; baseline -0.006 -15"><span class='ocrx_word' id='word_1_541' title='bbox 2171 3528 2349 3567; x_wconf 88' lang='grc' dir='ltr'>σεσιν.</span> <span class='ocrx_word' id='word_1_542' title='bbox 2390 3510 2640 3564; x_wconf 76' lang='grc' dir='ltr'>Ἐπειδὰν</span> <span class='ocrx_word' id='word_1_543' title='bbox 2671 3510 2782 3578; x_wconf 62' lang='lat' dir='ltr'><strong>tu;</strong></span> <span class='ocrx_word' id='word_1_544' title='bbox 2815 3507 2921 3561; x_wconf 77' lang='grc' dir='ltr'><strong>άπὸ</strong></span> <span class='ocrx_word' id='word_1_545' title='bbox 2947 3507 3055 3559; x_wconf 84' lang='grc' dir='ltr'><strong>τῶν</strong></span> <span class='ocrx_word' id='word_1_546' title='bbox 3088 3506 3298 3560; x_wconf 75' lang='grc' dir='ltr'>ἐνθένδε</span> <span class='ocrx_word' id='word_1_547' title='bbox 3331 3504 3626 3575; x_wconf 68' lang='grc' dir='ltr'>μετάϐασις</span> <span class='ocrx_word' id='word_1_548' title='bbox 3655 3503 3748 3555; x_wconf 75' lang='grc' dir='ltr'><strong>ἐπὶ</strong></span> 
     </span>
    </p>
   </div>
   <div class='ocr_carea' id='block_1_77' title="bbox 2169 3594 3749 3672">
    <p class='ocr_par' dir='ltr' id='par_1_77' title="bbox 2169 3594 3749 3672">
     <span class='ocr_line' id='line_1_77' title="bbox 2169 3594 3749 3672; baseline -0.006 -17"><span class='ocrx_word' id='word_1_549' title='bbox 2169 3603 2236 3655; x_wconf 70' lang='grc' dir='ltr'>τὰ</span> <span class='ocrx_word' id='word_1_550' title='bbox 2269 3605 2436 3665; x_wconf 81' lang='grc' dir='ltr'>ὅντως</span> <span class='ocrx_word' id='word_1_551' title='bbox 2468 3601 2645 3672; x_wconf 76' lang='grc' dir='ltr'>άληθῆ</span> <span class='ocrx_word' id='word_1_552' title='bbox 2686 3601 2780 3653; x_wconf 69' lang='grc' dir='ltr'>καὶ</span> <span class='ocrx_word' id='word_1_553' title='bbox 2809 3599 3002 3652; x_wconf 74' lang='grc' dir='ltr'>αἰώνια</span> <span class='ocrx_word' id='word_1_554' title='bbox 3030 3599 3224 3668; x_wconf 78' lang='grc' dir='ltr'>ἐπιστῇ</span> <span class='ocrx_word' id='word_1_555' title='bbox 3243 3597 3382 3650; x_wconf 74' lang='grc' dir='ltr'>κατὰ</span> <span class='ocrx_word' id='word_1_556' title='bbox 3407 3595 3498 3648; x_wconf 71' lang='grc' dir='ltr'><strong>τὸν</strong></span> <span class='ocrx_word' id='word_1_557' title='bbox 3527 3594 3618 3646; x_wconf 75' lang='grc' dir='ltr'><strong>τοῦ</strong></span> <span class='ocrx_word' id='word_1_558' title='bbox 3653 3597 3749 3646; x_wconf 79' lang='grc' dir='ltr'>θα-</span> 
     </span>
    </p>
   </div>
   <div class='ocr_carea' id='block_1_78' title="bbox 2171 3685 3742 3764">
    <p class='ocr_par' dir='ltr' id='par_1_78' title="bbox 2171 3685 3742 3764">
     <span class='ocr_line' id='line_1_78' title="bbox 2171 3685 3742 3764; baseline -0.006 -17"><span class='ocrx_word' id='word_1_559' title='bbox 2171 3695 2331 3749; x_wconf 87' lang='grc' dir='ltr'>νάτου</span> <span class='ocrx_word' id='word_1_560' title='bbox 2361 3685 2571 3764; x_wconf 63' lang='grc' dir='ltr'>καιρδν,</span> <span class='ocrx_word' id='word_1_561' title='bbox 2601 3695 2656 3746; x_wconf 78' lang='grc' dir='ltr'>ἐν</span> <span class='ocrx_word' id='word_1_562' title='bbox 2683 3690 2762 3756; x_wconf 80' lang='grc' dir='ltr'><strong>οἷς</strong></span> <span class='ocrx_word' id='word_1_563' title='bbox 2795 3693 2964 3762; x_wconf 81' lang='grc' dir='ltr'>ἀργὸν</span> <span class='ocrx_word' id='word_1_564' title='bbox 2981 3694 3042 3745; x_wconf 84' lang='grc' dir='ltr'>τὸ</span> <span class='ocrx_word' id='word_1_565' title='bbox 3063 3691 3203 3743; x_wconf 85' lang='grc' dir='ltr'>θεῖον</span> <span class='ocrx_word' id='word_1_566' title='bbox 3236 3691 3481 3760; x_wconf 74' lang='grc' dir='ltr'>χάρισμα</span> <span class='ocrx_word' id='word_1_567' title='bbox 3521 3687 3742 3758; x_wconf 82' lang='grc' dir='ltr'>εὑρεθῇ,</span> 
     </span>
    </p>
   </div>
   <div class='ocr_carea' id='block_1_79' title="bbox 2167 3771 3742 3854">
    <p class='ocr_par' dir='ltr' id='par_1_79' title="bbox 2167 3771 3742 3854">
     <span class='ocr_line' id='line_1_79' title="bbox 2167 3771 3742 3854; baseline -0.007 -16"><span class='ocrx_word' id='word_1_568' title='bbox 2167 3785 2457 3854; x_wconf 82' lang='grc' dir='ltr'>διαιρεῖται</span> <span class='ocrx_word' id='word_1_569' title='bbox 2506 3771 2564 3835; x_wconf 70' lang='grc' dir='ltr'>τὸ</span> <span class='ocrx_word' id='word_1_570' title='bbox 2619 3785 2726 3838; x_wconf 70' lang='grc' dir='ltr'><strong>ἀπὸ</strong></span> <span class='ocrx_word' id='word_1_571' title='bbox 2779 3783 2931 3835; x_wconf 79' lang='grc' dir='ltr'>τοῦδε</span> <span class='ocrx_word' id='word_1_572' title='bbox 2965 3781 3056 3851; x_wconf 76' lang='grc' dir='ltr'><strong>ἀφ’</strong></span> <span class='ocrx_word' id='word_1_573' title='bbox 3085 3773 3144 3834; x_wconf 74' lang='grc' dir='ltr'><strong>οὗ</strong></span> <span class='ocrx_word' id='word_1_574' title='bbox 3183 3781 3366 3833; x_wconf 74' lang='grc' dir='ltr'>λαϐεῖν</span> <span class='ocrx_word' id='word_1_575' title='bbox 3402 3778 3742 3842; x_wconf 71' lang='grc' dir='ltr'>ἀξιωθέντος,</span> 
     </span>
    </p>
   </div>
   <div class='ocr_carea' id='block_1_80' title="bbox 2168 3868 3749 3946">
    <p class='ocr_par' dir='ltr' id='par_1_80' title="bbox 2168 3868 3749 3946">
     <span class='ocr_line' id='line_1_80' title="bbox 2168 3868 3749 3946; baseline -0.005 -17"><span class='ocrx_word' id='word_1_576' title='bbox 2168 3876 2369 3930; x_wconf 85' lang='grc' dir='ltr'>νωθεία</span> <span class='ocrx_word' id='word_1_577' title='bbox 2425 3875 2689 3946; x_wconf 77' lang='grc' dir='ltr'>ἐργασίας</span> <span class='ocrx_word' id='word_1_578' title='bbox 2748 3876 2846 3945; x_wconf 71' lang='grc' dir='ltr'>τὴν</span> <span class='ocrx_word' id='word_1_579' title='bbox 2878 3875 3167 3945; x_wconf 79' lang='grc' dir='ltr'>ἀφαίρεσιν</span> <span class='ocrx_word' id='word_1_580' title='bbox 3213 3870 3592 3942; x_wconf 71' lang='grc' dir='ltr'>προεξένησεν,</span> <span class='ocrx_word' id='word_1_581' title='bbox 3648 3868 3749 3921; x_wconf 70' lang='grc' dir='ltr'>καὶ</span> 
     </span>
    </p>
   </div>
   <div class='ocr_carea' id='block_1_81' title="bbox 2165 3961 3747 4037">
    <p class='ocr_par' dir='ltr' id='par_1_81' title="bbox 2165 3961 3747 4037">
     <span class='ocr_line' id='line_1_81' title="bbox 2165 3961 3747 4037; baseline -0.006 -15"><span class='ocrx_word' id='word_1_582' title='bbox 2165 3968 2311 4022; x_wconf 69' lang='grc' dir='ltr'>κατὰ</span> <span class='ocrx_word' id='word_1_583' title='bbox 2337 3967 2436 4037; x_wconf 78' lang='grc' dir='ltr'>τὴν</span> <span class='ocrx_word' id='word_1_584' title='bbox 2477 3966 2838 4037; x_wconf 77' lang='grc' dir='ltr'>εὐαγγελικὴν</span> <span class='ocrx_word' id='word_1_585' title='bbox 2879 3967 3206 4036; x_wconf 83' lang='grc' dir='ltr'>ἀποτομίαν,</span> <span class='ocrx_word' id='word_1_586' title='bbox 3241 3965 3300 4017; x_wconf 82' lang='grc' dir='ltr'>τὸ</span> <span class='ocrx_word' id='word_1_587' title='bbox 3329 3965 3491 4034; x_wconf 86' lang='grc' dir='ltr'>μέρος</span> <span class='ocrx_word' id='word_1_588' title='bbox 3522 3961 3616 4015; x_wconf 80' lang='grc' dir='ltr'><strong>τοῦ</strong></span> <span class='ocrx_word' id='word_1_589' title='bbox 3643 3977 3747 4014; x_wconf 79' lang='grc' dir='ltr'>κα-</span> 
     </span>
    </p>
   </div>
   <div class='ocr_carea' id='block_1_82' title="bbox 2167 4058 3318 4132">
    <p class='ocr_par' dir='ltr' id='par_1_82' title="bbox 2167 4058 3318 4132">
     <span class='ocr_line' id='line_1_82' title="bbox 2167 4058 3318 4132; baseline -0.004 -17"><span class='ocrx_word' id='word_1_590' title='bbox 2167 4061 2392 4116; x_wconf 85' lang='grc' dir='ltr'>ταδίκου</span> <span class='ocrx_word' id='word_1_591' title='bbox 2429 4062 2569 4132; x_wconf 82' lang='grc' dir='ltr'>μετὰ</span> <span class='ocrx_word' id='word_1_592' title='bbox 2598 4061 2705 4112; x_wconf 87' lang='grc' dir='ltr'><strong>τών</strong></span> <span class='ocrx_word' id='word_1_593' title='bbox 2749 4058 3060 4130; x_wconf 82' lang='grc' dir='ltr'>ὑποκριτῶν</span> <span class='ocrx_word' id='word_1_594' title='bbox 3091 4058 3318 4112; x_wconf 89' lang='grc' dir='ltr'>τίθεται.</span> 
     </span>
    </p>
   </div>
   <div class='ocr_carea' id='block_1_83' title="bbox 2733 4173 3166 4226">
    <p class='ocr_par' dir='ltr' id='par_1_83' title="bbox 2733 4173 3166 4226">
     <span class='ocr_line' id='line_1_83' title="bbox 2733 4173 3166 4226; baseline 0 0"><span class='ocrx_word' id='word_1_595' title='bbox 2733 4175 2778 4226; x_wconf 84' lang='grc' dir='ltr'>Κ</span> <span class='ocrx_word' id='word_1_596' title='bbox 2788 4175 2958 4225; x_wconf 69' lang='grc' dir='ltr'><strong>ΕΦΑᾹ</strong></span> <span class='ocrx_word' id='word_1_597' title='bbox 2968 4212 2982 4226; x_wconf 93' lang='grc'><strong>.</strong></span> <span class='ocrx_word' id='word_1_598' title='bbox 3043 4173 3088 4225; x_wconf 80' lang='grc' dir='ltr'>Ν</span> <span class='ocrx_word' id='word_1_599' title='bbox 3098 4173 3166 4226; x_wconf 82' lang='lat' dir='ltr'><strong>B&#39;.</strong></span> 
     </span>
    </p>
   </div>
   <div class='ocr_carea' id='block_1_84' title="bbox 2167 4285 3748 4367">
    <p class='ocr_par' dir='ltr' id='par_1_84' title="bbox 2167 4285 3748 4367">
     <span class='ocr_line' id='line_1_84' title="bbox 2167 4285 3748 4367; baseline -0.004 -21"><span class='ocrx_word' id='word_1_600' title='bbox 2167 4293 2371 4358; x_wconf 72' lang='grc' dir='ltr'>’Ὅπως</span> <span class='ocrx_word' id='word_1_601' title='bbox 2397 4290 2493 4343; x_wconf 85' lang='grc' dir='ltr'>διὰ</span> <span class='ocrx_word' id='word_1_602' title='bbox 2511 4288 2618 4356; x_wconf 80' lang='grc' dir='ltr'><strong>τῆς</strong></span> <span class='ocrx_word' id='word_1_603' title='bbox 2637 4288 2910 4367; x_wconf 43' lang='lat' dir='ltr'><strong>pasam</strong></span> <span class='ocrx_word' id='word_1_604' title='bbox 2951 4287 3174 4367; x_wconf 68' lang='grc' dir='ltr'>χάλαζα</span> <span class='ocrx_word' id='word_1_605' title='bbox 3200 4285 3296 4337; x_wconf 76' lang='grc' dir='ltr'>καὶ</span> <span class='ocrx_word' id='word_1_606' title='bbox 3325 4285 3577 4353; x_wconf 79' lang='grc' dir='ltr'>σεισμὸς</span> <span class='ocrx_word' id='word_1_607' title='bbox 3597 4285 3748 4339; x_wconf 79' lang='grc' dir='ltr'>κατὰ</span> 
     </span>
    </p>
   </div>
   <div class='ocr_carea' id='block_1_85' title="bbox 2590 4357 3327 4435">
    <p class='ocr_par' dir='ltr' id='par_1_85' title="bbox 2590 4357 3327 4435">
     <span class='ocr_line' id='line_1_85' title="bbox 2590 4357 3327 4435; baseline -0.001 -25"><span class='ocrx_word' id='word_1_608' title='bbox 2590 4357 2708 4411; x_wconf 79' lang='grc' dir='ltr'><strong>τῶν</strong></span> <span class='ocrx_word' id='word_1_609' title='bbox 2728 4357 3055 4426; x_wconf 70' lang='grc' dir='ltr'>ἀνθρώπων</span> <span class='ocrx_word' id='word_1_610' title='bbox 3084 4360 3327 4435; x_wconf 73' lang='grc' dir='ltr'>γίνεται.</span> 
     </span>
    </p>
   </div>
   <div class='ocr_carea' id='block_1_86' title="bbox 497 4494 2067 4575">
    <p class='ocr_par' dir='ltr' id='par_1_86' title="bbox 497 4498 2066 4575">
     <span class='ocr_line' id='line_1_86' title="bbox 497 4498 2066 4575; baseline 0.004 -23"><span class='ocrx_word' id='word_1_611' title='bbox 497 4519 500 4528; x_wconf 93' lang='grc'>·</span> <span class='ocrx_word' id='word_1_612' title='bbox 543 4498 686 4564; x_wconf 78' lang='lat' dir='ltr'><strong>XVI,</strong></span> <span class='ocrx_word' id='word_1_613' title='bbox 731 4500 920 4555; x_wconf 81' lang='lat' dir='ltr'><strong>l7-l9.</strong></span> <span class='ocrx_word' id='word_1_614' title='bbox 966 4502 1036 4554; x_wconf 86' lang='lat' dir='ltr'><strong>Et</strong></span> <span class='ocrx_word' id='word_1_615' title='bbox 1072 4506 1326 4571; x_wconf 74' lang='lat' dir='ltr'><strong>septimus</strong></span> <span class='ocrx_word' id='word_1_616' title='bbox 1359 4506 1576 4573; x_wconf 78' lang='lat' dir='ltr'><strong>angelus</strong></span> <span class='ocrx_word' id='word_1_617' title='bbox 1602 4507 1788 4573; x_wconf 68' lang='lat' dir='ltr'><strong>effudit</strong></span> <span class='ocrx_word' id='word_1_618' title='bbox 1821 4498 2066 4575; x_wconf 26' lang='lat' dir='ltr'><strong>phialam.</strong></span> 
     </span>
    </p>
   </div>
   <div class='ocr_carea' id='block_1_87' title="bbox 2168 4494 3748 4575">
    <p class='ocr_par' dir='ltr' id='par_1_87' title="bbox 2236 4494 3748 4566">
     <span class='ocr_line' id='line_1_87' title="bbox 2236 4494 3748 4566; baseline -0.002 -16"><span class='ocrx_word' id='word_1_619' title='bbox 2236 4498 2344 4552; x_wconf 77' lang='lat' dir='ltr'><strong>Kal</strong></span> <span class='ocrx_word' id='word_1_620' title='bbox 2401 4501 2433 4550; x_wconf 84' lang='grc' dir='ltr'><em>ὀ</em></span> <span class='ocrx_word' id='word_1_621' title='bbox 2494 4497 2742 4566; x_wconf 80' lang='grc' dir='ltr'>ἕϐδομος</span> <span class='ocrx_word' id='word_1_622' title='bbox 2791 4495 3046 4566; x_wconf 71' lang='grc' dir='ltr'>ἄγγελος</span> <span class='ocrx_word' id='word_1_623' title='bbox 3105 4496 3303 4565; x_wconf 81' lang='grc' dir='ltr'>ἐξέχεε</span> <span class='ocrx_word' id='word_1_624' title='bbox 3351 4498 3467 4562; x_wconf 75' lang='grc' dir='ltr'><strong>τὴν</strong></span> <span class='ocrx_word' id='word_1_625' title='bbox 3516 4494 3748 4563; x_wconf 67' lang='grc' dir='ltr'><strong>φιάλην</strong></span> 
     </span>
    </p>
   </div>
   <div class='ocr_carea' id='block_1_88' title="bbox 473 4591 2070 4663">
    <p class='ocr_par' dir='ltr' id='par_1_88' title="bbox 473 4591 2070 4663">
     <span class='ocr_line' id='line_1_88' title="bbox 473 4591 2070 4663; baseline 0.003 -19"><span class='ocrx_word' id='word_1_626' title='bbox 473 4608 624 4644; x_wconf 69' lang='lat' dir='ltr'><strong>utam</strong></span> <span class='ocrx_word' id='word_1_627' title='bbox 666 4591 719 4642; x_wconf 83' lang='lat' dir='ltr'><strong>in</strong></span> <span class='ocrx_word' id='word_1_628' title='bbox 758 4607 952 4644; x_wconf 87' lang='lat' dir='ltr'><strong>aerem.</strong></span> <span class='ocrx_word' id='word_1_629' title='bbox 986 4591 1054 4643; x_wconf 84' lang='lat' dir='ltr'><strong>Et</strong></span> <span class='ocrx_word' id='word_1_630' title='bbox 1098 4595 1262 4646; x_wconf 72' lang='lat' dir='ltr'><strong>exivit</strong></span> <span class='ocrx_word' id='word_1_631' title='bbox 1302 4609 1401 4644; x_wconf 76' lang='lat' dir='ltr'><strong>vox</strong></span> <span class='ocrx_word' id='word_1_632' title='bbox 1430 4609 1621 4661; x_wconf 82' lang='lat' dir='ltr'><strong>magna</strong></span> <span class='ocrx_word' id='word_1_633' title='bbox 1655 4612 1686 4646; x_wconf 91' lang='lat' dir='ltr'><strong>a</strong></span> <span class='ocrx_word' id='word_1_634' title='bbox 1734 4595 1924 4663; x_wconf 86' lang='lat' dir='ltr'><strong>templo</strong></span> <span class='ocrx_word' id='word_1_635' title='bbox 1953 4595 2070 4648; x_wconf 66' lang='lat' dir='ltr'><strong>caeli</strong></span> 
     </span>
    </p>
   </div>
   <div class='ocr_carea' id='block_1_89' title="bbox 473 4679 2067 4753">
    <p class='ocr_par' dir='ltr' id='par_1_89' title="bbox 473 4679 2067 4753">
     <span class='ocr_line' id='line_1_89' title="bbox 473 4679 2067 4753; baseline 0.003 -20"><span class='ocrx_word' id='word_1_636' title='bbox 473 4688 536 4734; x_wconf 85' lang='lat' dir='ltr'><strong>de</strong></span> <span class='ocrx_word' id='word_1_637' title='bbox 559 4682 766 4744; x_wconf 83' lang='lat' dir='ltr'><strong>throno,</strong></span> <span class='ocrx_word' id='word_1_638' title='bbox 798 4680 1012 4734; x_wconf 74' lang='lat' dir='ltr'><strong>dicens:</strong></span> <span class='ocrx_word' id='word_1_639' title='bbox 1046 4679 1274 4734; x_wconf 84' lang='lat' dir='ltr'><strong>Factum</strong></span> <span class='ocrx_word' id='word_1_640' title='bbox 1302 4689 1400 4734; x_wconf 78' lang='lat' dir='ltr'><strong>est.</strong></span> <span class='ocrx_word' id='word_1_641' title='bbox 1440 4680 1502 4733; x_wconf 85' lang='lat' dir='ltr'><strong>Et</strong></span> <span class='ocrx_word' id='word_1_642' title='bbox 1530 4683 1677 4749; x_wconf 77' lang='lat' dir='ltr'><strong>facta</strong></span> <span class='ocrx_word' id='word_1_643' title='bbox 1706 4693 1826 4735; x_wconf 79' lang='lat' dir='ltr'><strong>sunt</strong></span> <span class='ocrx_word' id='word_1_644' title='bbox 1850 4684 2067 4753; x_wconf 76' lang='lat' dir='ltr'><strong>fulgura</strong></span> 
     </span>
    </p>
   </div>
   <div class='ocr_carea' id='block_1_90' title="bbox 472 4773 2064 4846">
    <p class='ocr_par' dir='ltr' id='par_1_90' title="bbox 472 4773 2064 4846">
     <span class='ocr_line' id='line_1_90' title="bbox 472 4773 2064 4846; baseline 0.004 -22"><span class='ocrx_word' id='word_1_645' title='bbox 472 4781 522 4824; x_wconf 81' lang='lat' dir='ltr'><strong>et</strong></span> <span class='ocrx_word' id='word_1_646' title='bbox 557 4773 792 4825; x_wconf 84' lang='lat' dir='ltr'><strong>tonitrua</strong></span> <span class='ocrx_word' id='word_1_647' title='bbox 835 4781 882 4825; x_wconf 85' lang='lat' dir='ltr'><strong>et</strong></span> <span class='ocrx_word' id='word_1_648' title='bbox 916 4788 1093 4837; x_wconf 72' lang='lat' dir='ltr'><strong>voces,</strong></span> <span class='ocrx_word' id='word_1_649' title='bbox 1142 4785 1188 4826; x_wconf 88' lang='lat' dir='ltr'><strong>et</strong></span> <span class='ocrx_word' id='word_1_650' title='bbox 1244 4781 1577 4826; x_wconf 66' lang='lat' dir='ltr'><strong>terrazmotus</strong></span> <span class='ocrx_word' id='word_1_651' title='bbox 1625 4790 1850 4843; x_wconf 72' lang='lat' dir='ltr'><strong>magnus</strong></span> <span class='ocrx_word' id='word_1_652' title='bbox 1889 4777 2064 4846; x_wconf 76' lang='lat' dir='ltr'><strong>qualis</strong></span> 
     </span>
    </p>
   </div>
   <div class='ocr_carea' id='block_1_91' title="bbox 475 4866 2060 4935">
    <p class='ocr_par' dir='ltr' id='par_1_91' title="bbox 475 4866 2060 4935">
     <span class='ocr_line' id='line_1_91' title="bbox 475 4866 2060 4935; baseline 0.003 -18"><span class='ocrx_word' id='word_1_653' title='bbox 475 4881 576 4918; x_wconf 87' lang='lat' dir='ltr'><strong>non</strong></span> <span class='ocrx_word' id='word_1_654' title='bbox 601 4866 703 4934; x_wconf 77' lang='lat' dir='ltr'><strong>fuit</strong></span> <span class='ocrx_word' id='word_1_655' title='bbox 728 4882 760 4916; x_wconf 88' lang='lat' dir='ltr'><strong>a</strong></span> <span class='ocrx_word' id='word_1_656' title='bbox 788 4874 1017 4935; x_wconf 85' lang='lat' dir='ltr'><strong>tempore</strong></span> <span class='ocrx_word' id='word_1_657' title='bbox 1039 4881 1140 4935; x_wconf 87' lang='lat' dir='ltr'><strong>quo</strong></span> <span class='ocrx_word' id='word_1_658' title='bbox 1164 4866 1398 4919; x_wconf 75' lang='lat' dir='ltr'><strong>homines</strong></span> <span class='ocrx_word' id='word_1_659' title='bbox 1427 4867 1640 4933; x_wconf 80' lang='lat' dir='ltr'><strong>[uerunt</strong></span> <span class='ocrx_word' id='word_1_660' title='bbox 1666 4884 1821 4935; x_wconf 73' lang='lat' dir='ltr'><strong>super</strong></span> <span class='ocrx_word' id='word_1_661' title='bbox 1844 4879 2060 4935; x_wconf 82' lang='lat' dir='ltr'><strong>terram,</strong></span> 
     </span>
    </p>
   </div>
   <div class='ocr_carea' id='block_1_92' title="bbox 475 4957 2064 5032">
    <p class='ocr_par' dir='ltr' id='par_1_92' title="bbox 475 4957 2064 5032">
     <span class='ocr_line' id='line_1_92' title="bbox 475 4957 2064 5032; baseline 0.004 -24"><span class='ocrx_word' id='word_1_662' title='bbox 475 4957 601 5010; x_wconf 76' lang='lat' dir='ltr'><strong>talis</strong></span> <span class='ocrx_word' id='word_1_663' title='bbox 649 4967 979 5011; x_wconf 62' lang='lat' dir='ltr'><strong>terraamotus</strong></span> <span class='ocrx_word' id='word_1_664' title='bbox 1024 4960 1154 5011; x_wconf 83' lang='lat' dir='ltr'><strong>adeo</strong></span> <span class='ocrx_word' id='word_1_665' title='bbox 1186 4973 1431 5028; x_wconf 74' lang='lat' dir='ltr'><strong>magnus.</strong></span> <span class='ocrx_word' id='word_1_666' title='bbox 1472 4957 1540 5011; x_wconf 87' lang='lat' dir='ltr'><strong>Et</strong></span> <span class='ocrx_word' id='word_1_667' title='bbox 1572 4961 1743 5014; x_wconf 76' lang='lat' dir='ltr'><strong>divisa</strong></span> <span class='ocrx_word' id='word_1_668' title='bbox 1782 4961 1943 5032; x_wconf 77' lang='lat'><strong>787</strong></span> <span class='ocrx_word' id='word_1_669' title='bbox 1986 4971 2064 5016; x_wconf 77' lang='lat' dir='ltr'><strong>est</strong></span> 
     </span>
    </p>
   </div>
   <div class='ocr_carea' id='block_1_93' title="bbox 473 5051 2063 5122">
    <p class='ocr_par' dir='ltr' id='par_1_93' title="bbox 473 5051 2063 5122">
     <span class='ocr_line' id='line_1_93' title="bbox 473 5051 2063 5122; baseline 0.004 -21"><span class='ocrx_word' id='word_1_670' title='bbox 473 5051 660 5104; x_wconf 76' lang='lat' dir='ltr'><strong>civitas</strong></span> <span class='ocrx_word' id='word_1_671' title='bbox 692 5065 884 5119; x_wconf 79' lang='lat' dir='ltr'><strong>ntugna</strong></span> <span class='ocrx_word' id='word_1_672' title='bbox 914 5051 966 5103; x_wconf 88' lang='lat' dir='ltr'><strong>in</strong></span> <span class='ocrx_word' id='word_1_673' title='bbox 1003 5059 1103 5104; x_wconf 74' lang='lat' dir='ltr'><strong>tres</strong></span> <span class='ocrx_word' id='word_1_674' title='bbox 1131 5059 1308 5119; x_wconf 80' lang='lat' dir='ltr'><strong>partes</strong></span> <span class='ocrx_word' id='word_1_675' title='bbox 1329 5091 1343 5111; x_wconf 90' lang='lat'><strong><em>.</em></strong></span> <span class='ocrx_word' id='word_1_676' title='bbox 1377 5059 1426 5104; x_wconf 86' lang='lat' dir='ltr'><strong>et</strong></span> <span class='ocrx_word' id='word_1_677' title='bbox 1457 5053 1690 5106; x_wconf 79' lang='lat' dir='ltr'><strong>civitates</strong></span> <span class='ocrx_word' id='word_1_678' title='bbox 1721 5054 1952 5122; x_wconf 71' lang='lat' dir='ltr'><strong>gentium</strong></span> <span class='ocrx_word' id='word_1_679' title='bbox 1979 5069 2063 5107; x_wconf 86' lang='lat' dir='ltr'><strong>cc-</strong></span> 
     </span>
    </p>
   </div>
   <div class='ocr_carea' id='block_1_94' title="bbox 473 5141 735 5197">
    <p class='ocr_par' dir='ltr' id='par_1_94' title="bbox 473 5141 735 5197">
     <span class='ocr_line' id='line_1_94' title="bbox 473 5141 735 5197; baseline 0.015 -4"><span class='ocrx_word' id='word_1_680' title='bbox 473 5141 735 5197; x_wconf 81' lang='lat' dir='ltr'><strong>ciderunt.</strong></span> 
     </span>
    </p>
   </div>
   <div class='ocr_carea' id='block_1_95' title="bbox 550 5322 2062 5396">
    <p class='ocr_par' dir='ltr' id='par_1_95' title="bbox 550 5322 2062 5396">
     <span class='ocr_line' id='line_1_95' title="bbox 550 5322 2062 5396; baseline 0.001 -17"><span class='ocrx_word' id='word_1_681' title='bbox 550 5324 651 5379; x_wconf 88' lang='lat' dir='ltr'><strong>llic</strong></span> <span class='ocrx_word' id='word_1_682' title='bbox 705 5322 760 5377; x_wconf 91' lang='lat' dir='ltr'><strong>in</strong></span> <span class='ocrx_word' id='word_1_683' title='bbox 818 5337 999 5378; x_wconf 89' lang='lat' dir='ltr'><strong>aerem</strong></span> <span class='ocrx_word' id='word_1_684' title='bbox 1065 5324 1260 5380; x_wconf 81' lang='lat' dir='ltr'><strong>ell‘udit</strong></span> <span class='ocrx_word' id='word_1_685' title='bbox 1302 5325 1563 5396; x_wconf 82' lang='lat' dir='ltr'><strong>phialam,</strong></span> <span class='ocrx_word' id='word_1_686' title='bbox 1595 5339 1660 5381; x_wconf 88' lang='lat' dir='ltr'><strong>eo</strong></span> <span class='ocrx_word' id='word_1_687' title='bbox 1691 5326 1835 5394; x_wconf 84' lang='lat' dir='ltr'><strong>quod</strong></span> <span class='ocrx_word' id='word_1_688' title='bbox 1882 5329 2062 5381; x_wconf 89' lang='lat' dir='ltr'><strong>omnis</strong></span> 
     </span>
    </p>
   </div>
   <div class='ocr_carea' id='block_1_96' title="bbox 471 5415 2052 5490">
    <p class='ocr_par' dir='ltr' id='par_1_96' title="bbox 471 5415 2052 5490">
     <span class='ocr_line' id='line_1_96' title="bbox 471 5415 2052 5490; baseline 0.001 -16"><span class='ocrx_word' id='word_1_689' title='bbox 471 5415 734 5490; x_wconf 87' lang='lat' dir='ltr'><strong>pestifera</strong></span> <span class='ocrx_word' id='word_1_690' title='bbox 758 5415 1042 5485; x_wconf 87' lang='lat' dir='ltr'><strong>corruptio</strong></span> <span class='ocrx_word' id='word_1_691' title='bbox 1082 5431 1148 5472; x_wconf 80' lang='lat' dir='ltr'><strong>ex</strong></span> <span class='ocrx_word' id='word_1_692' title='bbox 1175 5432 1301 5473; x_wconf 90' lang='lat' dir='ltr'><strong>aere</strong></span> <span class='ocrx_word' id='word_1_693' title='bbox 1352 5418 1708 5487; x_wconf 81' lang='lat' dir='ltr'><strong>producatur,</strong></span> <span class='ocrx_word' id='word_1_694' title='bbox 1745 5419 1906 5488; x_wconf 88' lang='lat' dir='ltr'><strong>idque</strong></span> <span class='ocrx_word' id='word_1_695' title='bbox 1961 5434 2052 5475; x_wconf 89' lang='lat' dir='ltr'><strong>co-</strong></span> 
     </span>
    </p>
   </div>
   <div class='ocr_carea' id='block_1_97' title="bbox 471 5512 2046 5571">
    <p class='ocr_par' dir='ltr' id='par_1_97' title="bbox 471 5512 2046 5571">
     <span class='ocr_line' id='line_1_97' title="bbox 471 5512 2046 5571; baseline 0.001 -3"><span class='ocrx_word' id='word_1_696' title='bbox 471 5512 881 5570; x_wconf 84' lang='lat' dir='ltr'><strong>ruscationibus</strong></span> <span class='ocrx_word' id='word_1_697' title='bbox 901 5514 1218 5569; x_wconf 88' lang='lat' dir='ltr'><strong>ardentibus</strong></span> <span class='ocrx_word' id='word_1_698' title='bbox 1239 5523 1292 5568; x_wconf 90' lang='lat' dir='ltr'><strong>et</strong></span> <span class='ocrx_word' id='word_1_699' title='bbox 1323 5514 1618 5570; x_wconf 87' lang='lat' dir='ltr'><strong>tonitribus</strong></span> <span class='ocrx_word' id='word_1_700' title='bbox 1641 5515 2046 5571; x_wconf 88' lang='lat' dir='ltr'><strong>resonantibus.</strong></span> 
     </span>
    </p>
   </div>
   <div class='ocr_carea' id='block_1_98' title="bbox 469 5605 2050 5676">
    <p class='ocr_par' dir='ltr' id='par_1_98' title="bbox 469 5605 2050 5676">
     <span class='ocr_line' id='line_1_98' title="bbox 469 5605 2050 5676; baseline 0.001 -16"><span class='ocrx_word' id='word_1_701' title='bbox 469 5607 518 5660; x_wconf 83' lang='lat' dir='ltr'><strong>A</strong></span> <span class='ocrx_word' id='word_1_702' title='bbox 545 5605 731 5662; x_wconf 85' lang='lat' dir='ltr'><strong>divino</strong></span> <span class='ocrx_word' id='word_1_703' title='bbox 755 5613 934 5660; x_wconf 87' lang='lat' dir='ltr'><strong>autem</strong></span> <span class='ocrx_word' id='word_1_704' title='bbox 964 5608 1164 5676; x_wconf 89' lang='lat' dir='ltr'><strong>templo</strong></span> <span class='ocrx_word' id='word_1_705' title='bbox 1210 5606 1350 5664; x_wconf 86' lang='lat' dir='ltr'><strong>facta</strong></span> <span class='ocrx_word' id='word_1_706' title='bbox 1382 5617 1466 5664; x_wconf 91' lang='lat' dir='ltr'><strong>est</strong></span> <span class='ocrx_word' id='word_1_707' title='bbox 1520 5623 1646 5675; x_wconf 78' lang='lat' dir='ltr'><strong>vox,</strong></span> <span class='ocrx_word' id='word_1_708' title='bbox 1671 5609 1775 5664; x_wconf 90' lang='lat' dir='ltr'><strong>hoc</strong></span> <span class='ocrx_word' id='word_1_709' title='bbox 1829 5617 1934 5672; x_wconf 85' lang='lat' dir='ltr'><strong>est,</strong></span> <span class='ocrx_word' id='word_1_710' title='bbox 1981 5609 2050 5662; x_wconf 87' lang='lat' dir='ltr'><strong>ab</strong></span> 
     </span>
    </p>
   </div>
   <div class='ocr_carea' id='block_1_99' title="bbox 473 5695 2047 5772">
    <p class='ocr_par' dir='ltr' id='par_1_99' title="bbox 473 5695 2047 5772">
     <span class='ocr_line' id='line_1_99' title="bbox 473 5695 2047 5772; baseline 0.003 -22"><span class='ocrx_word' id='word_1_711' title='bbox 473 5697 559 5754; x_wconf 88' lang='lat' dir='ltr'><strong>his</strong></span> <span class='ocrx_word' id='word_1_712' title='bbox 589 5695 680 5766; x_wconf 87' lang='lat' dir='ltr'><strong>qui</strong></span> <span class='ocrx_word' id='word_1_713' title='bbox 719 5698 974 5753; x_wconf 80' lang='lat' dir='ltr'><strong>diviniori</strong></span> <span class='ocrx_word' id='word_1_714' title='bbox 1012 5700 1171 5757; x_wconf 87' lang='lat' dir='ltr'><strong>modo</strong></span> <span class='ocrx_word' id='word_1_715' title='bbox 1203 5706 1265 5756; x_wconf 71' lang='lat' dir='ltr'><strong>ad</strong></span> <span class='ocrx_word' id='word_1_716' title='bbox 1291 5717 1444 5758; x_wconf 88' lang='lat' dir='ltr'><strong>sacra</strong></span> <span class='ocrx_word' id='word_1_717' title='bbox 1472 5713 1600 5756; x_wconf 87' lang='lat' dir='ltr'><strong>sunt</strong></span> <span class='ocrx_word' id='word_1_718' title='bbox 1651 5702 1812 5756; x_wconf 68' lang='lat' dir='ltr'><strong>addut</strong></span> <span class='ocrx_word' id='word_1_719' title='bbox 1834 5703 1891 5768; x_wconf 89' lang='lat' dir='ltr'><strong>ti,</strong></span> <span class='ocrx_word' id='word_1_720' title='bbox 1920 5702 2047 5772; x_wconf 73' lang='grc' dir='ltr'><strong>(ιιιί⁴</strong></span> 
     </span>
    </p>
   </div>
   <div class='ocr_carea' id='block_1_100' title="bbox 543 5851 1054 5927">
    <p class='ocr_par' dir='ltr' id='par_1_100' title="bbox 543 5851 1054 5927">
     <span class='ocr_line' id='line_1_100' title="bbox 543 5851 1054 5927; baseline 0.002 -16"><span class='ocrx_word' id='word_1_721' title='bbox 543 5851 658 5921; x_wconf 82' lang='lat'><strong>(55)</strong></span> <span class='ocrx_word' id='word_1_722' title='bbox 697 5853 880 5919; x_wconf 80' lang='grc' dir='ltr'>Ἑκτός</span> <span class='ocrx_word' id='word_1_723' title='bbox 913 5857 1054 5927; x_wconf 58' lang='lat' dir='ltr'><strong>vulg,</strong></span> 
     </span>
    </p>
   </div>
   <div class='ocr_carea' id='block_1_101' title="bbox 2169 4586 3744 4658">
    <p class='ocr_par' dir='ltr' id='par_1_101' title="bbox 2169 4586 3744 4658">
     <span class='ocr_line' id='line_1_101' title="bbox 2169 4586 3744 4658; baseline -0.003 -13"><span class='ocrx_word' id='word_1_724' title='bbox 2169 4590 2356 4646; x_wconf 83' lang='grc' dir='ltr'>αὐτοῦ</span> <span class='ocrx_word' id='word_1_725' title='bbox 2394 4590 2489 4642; x_wconf 78' lang='grc' dir='ltr'><strong>ἐπὶ</strong></span> <span class='ocrx_word' id='word_1_726' title='bbox 2520 4589 2623 4642; x_wconf 77' lang='grc' dir='ltr'><strong>τὸν</strong></span> <span class='ocrx_word' id='word_1_727' title='bbox 2675 4591 2840 4658; x_wconf 77' lang='grc' dir='ltr'>ἀέρα.</span> <span class='ocrx_word' id='word_1_728' title='bbox 2879 4590 2985 4644; x_wconf 79' lang='lat' dir='ltr'><strong>Kal</strong></span> <span class='ocrx_word' id='word_1_729' title='bbox 3014 4589 3236 4658; x_wconf 73' lang='grc' dir='ltr'>ἐξῆλθε</span> <span class='ocrx_word' id='word_1_730' title='bbox 3278 4588 3448 4657; x_wconf 71' lang='grc' dir='ltr'><strong>φωνὴ</strong></span> <span class='ocrx_word' id='word_1_731' title='bbox 3510 4586 3744 4658; x_wconf 68' lang='grc' dir='ltr'>μεγάλη</span> 
     </span>
    </p>
   </div>
   <div class='ocr_carea' id='block_1_102' title="bbox 2168 4679 3746 4753">
    <p class='ocr_par' dir='ltr' id='par_1_102' title="bbox 2168 4679 3746 4753">
     <span class='ocr_line' id='line_1_102' title="bbox 2168 4679 3746 4753; baseline -0.003 -16"><span class='ocrx_word' id='word_1_732' title='bbox 2168 4683 2286 4738; x_wconf 77' lang='grc' dir='ltr'><strong>ἀπὸ</strong></span> <span class='ocrx_word' id='word_1_733' title='bbox 2321 4684 2426 4738; x_wconf 85' lang='grc' dir='ltr'>τοῦ</span> <span class='ocrx_word' id='word_1_734' title='bbox 2454 4684 2605 4738; x_wconf 84' lang='grc' dir='ltr'><strong>ναοῦ</strong></span> <span class='ocrx_word' id='word_1_735' title='bbox 2629 4684 2734 4738; x_wconf 86' lang='grc' dir='ltr'>τοῦ</span> <span class='ocrx_word' id='word_1_736' title='bbox 2773 4685 3032 4753; x_wconf 82' lang='grc' dir='ltr'>οὐρανοῦ</span> <span class='ocrx_word' id='word_1_737' title='bbox 3067 4683 3187 4738; x_wconf 74' lang='grc' dir='ltr'><strong>ἀπὸ</strong></span> <span class='ocrx_word' id='word_1_738' title='bbox 3213 4683 3318 4736; x_wconf 85' lang='grc' dir='ltr'>τοῦ</span> <span class='ocrx_word' id='word_1_739' title='bbox 3357 4682 3597 4752; x_wconf 76' lang='grc' dir='ltr'>θρόνου,</span> <span class='ocrx_word' id='word_1_740' title='bbox 3644 4679 3746 4734; x_wconf 66' lang='grc' dir='ltr'><strong>λέ-</strong></span> 
     </span>
    </p>
   </div>
   <div class='ocr_carea' id='block_1_103' title="bbox 2165 4775 3745 4847">
    <p class='ocr_par' dir='ltr' id='par_1_103' title="bbox 2165 4775 3745 4847">
     <span class='ocr_line' id='line_1_103' title="bbox 2165 4775 3745 4847; baseline -0.004 -16"><span class='ocrx_word' id='word_1_741' title='bbox 2165 4782 2360 4847; x_wconf 67' lang='lat' dir='ltr'><strong>rauca</strong></span> <span class='ocrx_word' id='word_1_742' title='bbox 2381 4793 2394 4807; x_wconf 88' lang='grc'><strong>·</strong></span> <span class='ocrx_word' id='word_1_743' title='bbox 2418 4777 2660 4846; x_wconf 76' lang='grc' dir='ltr'>Γέγονε.</span> <span class='ocrx_word' id='word_1_744' title='bbox 2690 4777 2794 4830; x_wconf 77' lang='lat' dir='ltr'><strong>Kal</strong></span> <span class='ocrx_word' id='word_1_745' title='bbox 2812 4777 3093 4845; x_wconf 77' lang='grc' dir='ltr'>ἐγένοντο</span> <span class='ocrx_word' id='word_1_746' title='bbox 3108 4775 3410 4843; x_wconf 73' lang='grc' dir='ltr'>ἀστραπαὶ</span> <span class='ocrx_word' id='word_1_747' title='bbox 3436 4777 3533 4827; x_wconf 81' lang='grc' dir='ltr'>καὶ</span> <span class='ocrx_word' id='word_1_748' title='bbox 3559 4775 3745 4840; x_wconf 75' lang='grc' dir='ltr'>,ϐρον-</span> 
     </span>
    </p>
   </div>
   <div class='ocr_carea' id='block_1_104' title="bbox 2167 4864 3743 4940">
    <p class='ocr_par' dir='ltr' id='par_1_104' title="bbox 2167 4864 3743 4940">
     <span class='ocr_line' id='line_1_104' title="bbox 2167 4864 3743 4940; baseline -0.004 -16"><span class='ocrx_word' id='word_1_749' title='bbox 2167 4871 2269 4924; x_wconf 77' lang='grc' dir='ltr'>ταὶ</span> <span class='ocrx_word' id='word_1_750' title='bbox 2293 4873 2392 4924; x_wconf 76' lang='grc' dir='ltr'>καὶ</span> <span class='ocrx_word' id='word_1_751' title='bbox 2425 4871 2616 4940; x_wconf 72' lang='grc' dir='ltr'>φωναὶ</span> <span class='ocrx_word' id='word_1_752' title='bbox 2655 4873 2750 4925; x_wconf 78' lang='grc' dir='ltr'>καὶ</span> <span class='ocrx_word' id='word_1_753' title='bbox 2785 4870 3038 4940; x_wconf 81' lang='grc' dir='ltr'>σεισμὸς</span> <span class='ocrx_word' id='word_1_754' title='bbox 3061 4872 3270 4940; x_wconf 74' lang='grc' dir='ltr'>μέγας,</span> <span class='ocrx_word' id='word_1_755' title='bbox 3306 4864 3430 4933; x_wconf 81' lang='grc' dir='ltr'><strong>οἶος</strong></span> <span class='ocrx_word' id='word_1_756' title='bbox 3466 4871 3573 4921; x_wconf 68' lang='grc' dir='ltr'>οὐκ</span> <span class='ocrx_word' id='word_1_757' title='bbox 3614 4867 3743 4933; x_wconf 69' lang='grc' dir='ltr'>ἐγέ-</span> 
     </span>
    </p>
   </div>
   <div class='ocr_carea' id='block_1_105' title="bbox 2163 4959 3741 5034">
    <p class='ocr_par' dir='ltr' id='par_1_105' title="bbox 2163 4959 3741 5034">
     <span class='ocr_line' id='line_1_105' title="bbox 2163 4959 3741 5034; baseline -0.004 -16"><span class='ocrx_word' id='word_1_758' title='bbox 2163 4983 2322 5028; x_wconf 76' lang='grc' dir='ltr'>νετο,</span> <span class='ocrx_word' id='word_1_759' title='bbox 2357 4966 2460 5034; x_wconf 64' lang='grc' dir='ltr'><strong>ἀφ’</strong></span> <span class='ocrx_word' id='word_1_760' title='bbox 2498 4963 2568 5022; x_wconf 80' lang='grc' dir='ltr'><strong>οὗ</strong></span> <span class='ocrx_word' id='word_1_761' title='bbox 2601 4969 2656 5019; x_wconf 81' lang='grc' dir='ltr'><strong>οι</strong></span> <span class='ocrx_word' id='word_1_762' title='bbox 2695 4966 2993 5033; x_wconf 74' lang='grc' dir='ltr'>ἄνθρωποι</span> <span class='ocrx_word' id='word_1_763' title='bbox 3028 4964 3308 5034; x_wconf 72' lang='grc' dir='ltr'>ἐγένοντο</span> <span class='ocrx_word' id='word_1_764' title='bbox 3337 4963 3436 5016; x_wconf 75' lang='grc' dir='ltr'><strong>ἐπὶ</strong></span> <span class='ocrx_word' id='word_1_765' title='bbox 3475 4961 3584 5028; x_wconf 79' lang='grc' dir='ltr'><strong>τῆς</strong></span> <span class='ocrx_word' id='word_1_766' title='bbox 3608 4959 3741 5028; x_wconf 67' lang='grc' dir='ltr'>γῆς,</span> 
     </span>
    </p>
   </div>
   <div class='ocr_carea' id='block_1_106' title="bbox 2162 5054 3741 5127">
    <p class='ocr_par' dir='ltr' id='par_1_106' title="bbox 2162 5054 3741 5127">
     <span class='ocr_line' id='line_1_106' title="bbox 2162 5054 3741 5127; baseline -0.004 -16"><span class='ocrx_word' id='word_1_767' title='bbox 2162 5059 2520 5125; x_wconf 69' lang='grc' dir='ltr'>τηλικοῦτος</span> <span class='ocrx_word' id='word_1_768' title='bbox 2569 5059 2824 5127; x_wconf 79' lang='grc' dir='ltr'>σεισμὸς</span> <span class='ocrx_word' id='word_1_769' title='bbox 2852 5059 3005 5112; x_wconf 86' lang='grc' dir='ltr'>οὕτω</span> <span class='ocrx_word' id='word_1_770' title='bbox 3028 5057 3238 5127; x_wconf 74' lang='grc' dir='ltr'>μέγας.</span> <span class='ocrx_word' id='word_1_771' title='bbox 3275 5056 3382 5110; x_wconf 77' lang='lat' dir='ltr'><strong>Kal</strong></span> <span class='ocrx_word' id='word_1_772' title='bbox 3409 5055 3648 5122; x_wconf 74' lang='grc' dir='ltr'>ἐγένετο</span> <span class='ocrx_word' id='word_1_773' title='bbox 3704 5054 3741 5120; x_wconf 75' lang='grc' dir='ltr'><strong><em>ἠ</em></strong></span> 
     </span>
    </p>
   </div>
   <div class='ocr_carea' id='block_1_107' title="bbox 2163 5145 3745 5222">
    <p class='ocr_par' dir='ltr' id='par_1_107' title="bbox 2163 5145 3745 5222">
     <span class='ocr_line' id='line_1_107' title="bbox 2163 5145 3745 5222; baseline -0.004 -18"><span class='ocrx_word' id='word_1_774' title='bbox 2163 5153 2341 5217; x_wconf 66' lang='grc' dir='ltr'><strong>πόλις</strong></span> <span class='ocrx_word' id='word_1_775' title='bbox 2375 5154 2411 5218; x_wconf 77' lang='grc' dir='ltr'>ἡ</span> <span class='ocrx_word' id='word_1_776' title='bbox 2432 5151 2666 5222; x_wconf 72' lang='grc' dir='ltr'>μεγάλη</span> <span class='ocrx_word' id='word_1_777' title='bbox 2695 5155 2781 5217; x_wconf 78' lang='grc' dir='ltr'><strong>εἰς</strong></span> <span class='ocrx_word' id='word_1_778' title='bbox 2807 5153 2941 5220; x_wconf 79' lang='grc' dir='ltr'>τρία</span> <span class='ocrx_word' id='word_1_779' title='bbox 2967 5151 3141 5222; x_wconf 78' lang='grc' dir='ltr'>μέρη,</span> <span class='ocrx_word' id='word_1_780' title='bbox 3169 5151 3264 5204; x_wconf 73' lang='grc' dir='ltr'>καί</span> <span class='ocrx_word' id='word_1_781' title='bbox 3301 5152 3360 5202; x_wconf 82' lang='lat' dir='ltr'><strong>al</strong></span> <span class='ocrx_word' id='word_1_782' title='bbox 3389 5148 3596 5212; x_wconf 75' lang='grc' dir='ltr'>πόλεις</span> <span class='ocrx_word' id='word_1_783' title='bbox 3624 5145 3745 5199; x_wconf 77' lang='grc' dir='ltr'><strong>τῶν</strong></span> 
     </span>
    </p>
   </div>
   <div class='ocr_carea' id='block_1_108' title="bbox 2161 5243 2632 5299">
    <p class='ocr_par' dir='ltr' id='par_1_108' title="bbox 2161 5243 2632 5299">
     <span class='ocr_line' id='line_1_108' title="bbox 2161 5243 2632 5299; baseline 0.006 -3"><span class='ocrx_word' id='word_1_784' title='bbox 2161 5243 2352 5297; x_wconf 76' lang='grc' dir='ltr'><strong>ἐθνῶν</strong></span> <span class='ocrx_word' id='word_1_785' title='bbox 2384 5245 2632 5299; x_wconf 81' lang='grc' dir='ltr'>ἕπεο-ον.</span> 
     </span>
    </p>
   </div>
   <div class='ocr_carea' id='block_1_109' title="bbox 2246 5330 3738 5408">
    <p class='ocr_par' dir='ltr' id='par_1_109' title="bbox 2246 5330 3738 5408">
     <span class='ocr_line' id='line_1_109' title="bbox 2246 5330 3738 5408; baseline -0.004 -20"><span class='ocrx_word' id='word_1_786' title='bbox 2246 5337 2368 5388; x_wconf 73' lang='grc' dir='ltr'><strong>Ἐπὶ</strong></span> <span class='ocrx_word' id='word_1_787' title='bbox 2399 5338 2491 5390; x_wconf 74' lang='grc' dir='ltr'><strong>τδν</strong></span> <span class='ocrx_word' id='word_1_788' title='bbox 2519 5337 2656 5408; x_wconf 83' lang='grc' dir='ltr'>ἀέρα</span> <span class='ocrx_word' id='word_1_789' title='bbox 2681 5338 2854 5402; x_wconf 75' lang='grc' dir='ltr'>οὕτως</span> <span class='ocrx_word' id='word_1_790' title='bbox 2874 5337 3106 5408; x_wconf 78' lang='grc' dir='ltr'>ἐξέχεεν,</span> <span class='ocrx_word' id='word_1_791' title='bbox 3137 5336 3211 5399; x_wconf 89' lang='grc' dir='ltr'><strong>ώς</strong></span> <span class='ocrx_word' id='word_1_792' title='bbox 3236 5335 3416 5404; x_wconf 87' lang='grc' dir='ltr'>πάσης</span> <span class='ocrx_word' id='word_1_793' title='bbox 3438 5330 3738 5402; x_wconf 84' lang='grc' dir='ltr'>λοιμώδους</span> 
     </span>
    </p>
   </div>
   <div class='ocr_carea' id='block_1_110' title="bbox 2159 5423 3740 5499">
    <p class='ocr_par' dir='ltr' id='par_1_110' title="bbox 2159 5423 3740 5499">
     <span class='ocr_line' id='line_1_110' title="bbox 2159 5423 3740 5499; baseline -0.005 -20"><span class='ocrx_word' id='word_1_794' title='bbox 2159 5427 2456 5498; x_wconf 73' lang='grc' dir='ltr'>διαφθορᾶς</span> <span class='ocrx_word' id='word_1_795' title='bbox 2483 5431 2545 5481; x_wconf 88' lang='grc' dir='ltr'>ὲκ</span> <span class='ocrx_word' id='word_1_796' title='bbox 2584 5428 2678 5482; x_wconf 83' lang='grc' dir='ltr'><strong>τοῦ</strong></span> <span class='ocrx_word' id='word_1_797' title='bbox 2716 5431 2877 5499; x_wconf 84' lang='grc' dir='ltr'>ἀέρος</span> <span class='ocrx_word' id='word_1_798' title='bbox 2921 5429 3315 5498; x_wconf 81' lang='grc' dir='ltr'>ὑφισταμένης,</span> <span class='ocrx_word' id='word_1_799' title='bbox 3359 5427 3451 5478; x_wconf 81' lang='grc' dir='ltr'>καὶ</span> <span class='ocrx_word' id='word_1_800' title='bbox 3480 5425 3537 5475; x_wconf 80' lang='grc' dir='ltr'>ὲν</span> <span class='ocrx_word' id='word_1_801' title='bbox 3564 5423 3740 5490; x_wconf 83' lang='grc' dir='ltr'>τούτῳ</span> 
     </span>
    </p>
   </div>
   <div class='ocr_carea' id='block_1_111' title="bbox 2159 5515 3738 5592">
    <p class='ocr_par' dir='ltr' id='par_1_111' title="bbox 2159 5515 3738 5592">
     <span class='ocr_line' id='line_1_111' title="bbox 2159 5515 3738 5592; baseline -0.003 -21"><span class='ocrx_word' id='word_1_802' title='bbox 2159 5519 2460 5590; x_wconf 83' lang='grc' dir='ltr'>ἀστραπῶν</span> <span class='ocrx_word' id='word_1_803' title='bbox 2483 5520 2920 5591; x_wconf 80' lang='grc' dir='ltr'>σελαγιζομένων</span> <span class='ocrx_word' id='word_1_804' title='bbox 2938 5519 3294 5592; x_wconf 41' lang='grc' dir='ltr'>καὶοβροντῶν</span> <span class='ocrx_word' id='word_1_805' title='bbox 3316 5519 3530 5588; x_wconf 80' lang='grc' dir='ltr'><strong>άπηχου</strong></span> <span class='ocrx_word' id='word_1_806' title='bbox 3540 5515 3738 5585; x_wconf 82' lang='grc' dir='ltr'>μένων.</span> 
     </span>
    </p>
   </div>
   <div class='ocr_carea' id='block_1_112' title="bbox 2174 5605 3741 5684">
    <p class='ocr_par' dir='ltr' id='par_1_112' title="bbox 2174 5605 3741 5684">
     <span class='ocr_line' id='line_1_112' title="bbox 2174 5605 3741 5684; baseline -0.004 -22"><span class='ocrx_word' id='word_1_807' title='bbox 2174 5609 2310 5662; x_wconf 77' lang='grc' dir='ltr'><strong>Ἀπὸ</strong></span> <span class='ocrx_word' id='word_1_808' title='bbox 2343 5609 2437 5662; x_wconf 75' lang='grc' dir='ltr'>τοῦ</span> <span class='ocrx_word' id='word_1_809' title='bbox 2482 5610 2738 5682; x_wconf 86' lang='grc' dir='ltr'>οὐρανίου</span> <span class='ocrx_word' id='word_1_810' title='bbox 2773 5612 2829 5665; x_wconf 79' lang='grc' dir='ltr'>δὲ</span> <span class='ocrx_word' id='word_1_811' title='bbox 2857 5611 2988 5665; x_wconf 81' lang='grc' dir='ltr'>ναοῦ</span> <span class='ocrx_word' id='word_1_812' title='bbox 3017 5615 3050 5684; x_wconf 80' lang='grc' dir='ltr'>ἡ</span> <span class='ocrx_word' id='word_1_813' title='bbox 3098 5611 3251 5682; x_wconf 79' lang='grc' dir='ltr'>φωνὴ</span> <span class='ocrx_word' id='word_1_814' title='bbox 3283 5610 3499 5678; x_wconf 86' lang='grc' dir='ltr'>γέγονε,</span> <span class='ocrx_word' id='word_1_815' title='bbox 3551 5605 3741 5657; x_wconf 82' lang='grc' dir='ltr'>τουτέ-</span> 
     </span>
    </p>
   </div>
   <div class='ocr_carea' id='block_1_113' title="bbox 2159 5692 3744 5779">
    <p class='ocr_par' dir='ltr' id='par_1_113' title="bbox 2159 5692 3744 5779">
     <span class='ocr_line' id='line_1_113' title="bbox 2159 5692 3744 5779; baseline -0.008 -19"><span class='ocrx_word' id='word_1_816' title='bbox 2159 5719 2302 5770; x_wconf 82' lang='grc' dir='ltr'>στιν,</span> <span class='ocrx_word' id='word_1_817' title='bbox 2335 5704 2444 5758; x_wconf 86' lang='grc' dir='ltr'>άπὸ</span> <span class='ocrx_word' id='word_1_818' title='bbox 2478 5704 2585 5759; x_wconf 84' lang='grc' dir='ltr'><strong>τῶν</strong></span> <span class='ocrx_word' id='word_1_819' title='bbox 2613 5705 2902 5777; x_wconf 85' lang='grc' dir='ltr'>θειοτέρως</span> <span class='ocrx_word' id='word_1_820' title='bbox 2935 5703 3507 5779; x_wconf 77' lang='grc' dir='ltr'>μυσταγωγουμένων,</span> <span class='ocrx_word' id='word_1_821' title='bbox 3531 5692 3609 5753; x_wconf 81' lang='grc' dir='ltr'>ὧν</span> <span class='ocrx_word' id='word_1_822' title='bbox 3637 5697 3744 5748; x_wconf 76' lang='grc' dir='ltr'><strong>οὐκ</strong></span> 
     </span>
    </p>
   </div>
  </div>
