  <div class='ocr_page' id='page_1' title='image "/cluster/home/n/w/nwhite01/storage/ocr_20150623/106/hvd.32044051727071/368.png"; bbox 0 0 4046 6564; ppageno 0'>
   <div class='ocr_carea' id='block_1_1' title="bbox 379 363 486 428">
    <p class='ocr_par' dir='ltr' id='par_1_1' title="bbox 379 363 486 428">
     <span class='ocr_line' id='line_1_1' title="bbox 379 363 486 428; baseline 0.019 -2"><span class='ocrx_word' id='word_1_1' title='bbox 379 363 486 428; x_wconf 80' lang='grc'><strong>713</strong></span> 
     </span>
    </p>
   </div>
   <div class='ocr_carea' id='block_1_2' title="bbox 1432 363 2518 431">
    <p class='ocr_par' dir='ltr' id='par_1_2' title="bbox 1432 363 2518 431">
     <span class='ocr_line' id='line_1_2' title="bbox 1432 363 2518 431; baseline 0.003 -6"><span class='ocrx_word' id='word_1_2' title='bbox 1432 363 1820 427; x_wconf 79' lang='lat' dir='ltr'><strong>COMMENT.</strong></span> <span class='ocrx_word' id='word_1_3' title='bbox 1868 363 1946 426; x_wconf 83' lang='lat' dir='ltr'><strong>IN</strong></span> <span class='ocrx_word' id='word_1_4' title='bbox 1989 365 2518 431; x_wconf 77' lang='lat' dir='ltr'><strong>APOCALYPSIN.</strong></span> 
     </span>
    </p>
   </div>
   <div class='ocr_carea' id='block_1_3' title="bbox 3520 364 3624 430">
    <p class='ocr_par' dir='ltr' id='par_1_3' title="bbox 3520 364 3624 430">
     <span class='ocr_line' id='line_1_3' title="bbox 3520 364 3624 430; baseline -0.038 0"><span class='ocrx_word' id='word_1_5' title='bbox 3520 364 3624 430; x_wconf 73' lang='grc'><strong>714</strong></span> 
     </span>
    </p>
   </div>
   <div class='ocr_carea' id='block_1_4' title="bbox 377 472 1951 548">
    <p class='ocr_par' dir='ltr' id='par_1_4' title="bbox 377 472 1951 546">
     <span class='ocr_line' id='line_1_4' title="bbox 377 472 1951 546; baseline -0.001 -16"><span class='ocrx_word' id='word_1_6' title='bbox 377 477 534 538; x_wconf 71' lang='grc' dir='ltr'>ἄλλος</span> <span class='ocrx_word' id='word_1_7' title='bbox 590 473 886 544; x_wconf 72' lang='grc' dir='ltr'>κατάρχει..</span> <span class='ocrx_word' id='word_1_8' title='bbox 927 472 960 544; x_wconf 82' lang='grc' dir='ltr'>ἢ</span> <span class='ocrx_word' id='word_1_9' title='bbox 1002 472 1160 543; x_wconf 74' lang='grc' dir='ltr'>μόνος</span> <span class='ocrx_word' id='word_1_10' title='bbox 1227 475 1256 527; x_wconf 82' lang='grc' dir='ltr'><strong>ὁ</strong></span> <span class='ocrx_word' id='word_1_11' title='bbox 1310 474 1650 546; x_wconf 83' lang='grc' dir='ltr'>ύπερουσίως</span> <span class='ocrx_word' id='word_1_12' title='bbox 1699 476 1951 530; x_wconf 75' lang='grc' dir='ltr'>ἁπάντων</span> 
     </span>
    </p>
   </div>
   <div class='ocr_carea' id='block_1_5' title="bbox 2057 472 3626 548">
    <p class='ocr_par' dir='ltr' id='par_1_5' title="bbox 2058 475 3626 548">
     <span class='ocr_line' id='line_1_5' title="bbox 2058 475 3626 548; baseline 0.001 -17"><span class='ocrx_word' id='word_1_13' title='bbox 2058 477 2160 532; x_wconf 72' lang='lat' dir='ltr'><strong>bus</strong></span> <span class='ocrx_word' id='word_1_14' title='bbox 2181 492 2288 531; x_wconf 90' lang='lat' dir='ltr'><strong>non</strong></span> <span class='ocrx_word' id='word_1_15' title='bbox 2325 478 2462 532; x_wconf 89' lang='lat' dir='ltr'><strong>alius</strong></span> <span class='ocrx_word' id='word_1_16' title='bbox 2486 475 2738 546; x_wconf 61' lang='lat' dir='ltr'><strong>praesidet</strong></span> <span class='ocrx_word' id='word_1_17' title='bbox 2769 493 2928 547; x_wconf 84' lang='lat' dir='ltr'><strong>quam</strong></span> <span class='ocrx_word' id='word_1_18' title='bbox 2968 476 3118 532; x_wconf 88' lang='lat' dir='ltr'><strong>solus</strong></span> <span class='ocrx_word' id='word_1_19' title='bbox 3172 476 3262 533; x_wconf 93' lang='lat' dir='ltr'><strong>ille</strong></span> <span class='ocrx_word' id='word_1_20' title='bbox 3303 477 3396 548; x_wconf 87' lang='lat' dir='ltr'><strong>qui</strong></span> <span class='ocrx_word' id='word_1_21' title='bbox 3435 493 3626 548; x_wconf 86' lang='lat' dir='ltr'><strong>super-</strong></span> 
     </span>
    </p>
   </div>
   <div class='ocr_carea' id='block_1_6' title="bbox 379 565 1951 641">
    <p class='ocr_par' dir='ltr' id='par_1_6' title="bbox 379 565 1951 641">
     <span class='ocr_line' id='line_1_6' title="bbox 379 565 1951 641; baseline -0.001 -19"><span class='ocrx_word' id='word_1_22' title='bbox 379 565 778 637; x_wconf 79' lang='grc' dir='ltr'>ὕπερκείμενος</span> <span class='ocrx_word' id='word_1_23' title='bbox 806 566 1142 638; x_wconf 83' lang='grc' dir='ltr'>γενετάρχης</span> <span class='ocrx_word' id='word_1_24' title='bbox 1163 567 1318 631; x_wconf 83' lang='grc' dir='ltr'>Θεός.</span> <span class='ocrx_word' id='word_1_25' title='bbox 1351 567 1525 621; x_wconf 82' lang='grc' dir='ltr'>Τοῦτο</span> <span class='ocrx_word' id='word_1_26' title='bbox 1557 568 1666 639; x_wconf 79' lang='grc' dir='ltr'><strong>γὰρ</strong></span> <span class='ocrx_word' id='word_1_27' title='bbox 1700 570 1728 621; x_wconf 88' lang='grc' dir='ltr'><strong>ό</strong></span> <span class='ocrx_word' id='word_1_28' title='bbox 1762 569 1951 641; x_wconf 80' lang='grc' dir='ltr'><strong>θρόνος</strong></span> 
     </span>
    </p>
   </div>
   <div class='ocr_carea' id='block_1_7' title="bbox 380 659 1637 731">
    <p class='ocr_par' dir='ltr' id='par_1_7' title="bbox 380 659 1637 731">
     <span class='ocr_line' id='line_1_7' title="bbox 380 659 1637 731; baseline -0.009 -18"><span class='ocrx_word' id='word_1_29' title='bbox 380 659 636 731; x_wconf 85' lang='grc' dir='ltr'>βούλεται</span> <span class='ocrx_word' id='word_1_30' title='bbox 661 659 955 729; x_wconf 77' lang='grc' dir='ltr'>παριστᾷν.</span> <span class='ocrx_word' id='word_1_31' title='bbox 1488 719 1493 723; x_wconf 26' lang='grc'>.</span> <span class='ocrx_word' id='word_1_32' title='bbox 1634 699 1637 702; x_wconf 88' lang='grc'><strong>.</strong></span> 
     </span>
    </p>
   </div>
   <div class='ocr_carea' id='block_1_8' title="bbox 447 750 1954 822">
    <p class='ocr_par' dir='ltr' id='par_1_8' title="bbox 447 750 1954 822">
     <span class='ocr_line' id='line_1_8' title="bbox 447 750 1954 822; baseline 0 -17"><span class='ocrx_word' id='word_1_33' title='bbox 447 751 554 805; x_wconf 82' lang='lat' dir='ltr'><strong>Kal</strong></span> <span class='ocrx_word' id='word_1_34' title='bbox 585 751 866 821; x_wconf 73' lang='grc' dir='ltr'>ἐγένοντο</span> <span class='ocrx_word' id='word_1_35' title='bbox 899 750 1202 819; x_wconf 80' lang='grc' dir='ltr'>ἀστραπαί</span> <span class='ocrx_word' id='word_1_36' title='bbox 1230 750 1325 804; x_wconf 74' lang='grc' dir='ltr'>καὶ</span> <span class='ocrx_word' id='word_1_37' title='bbox 1350 750 1600 819; x_wconf 74' lang='grc' dir='ltr'>,ϐρονταὶ</span> <span class='ocrx_word' id='word_1_38' title='bbox 1629 752 1728 806; x_wconf 83' lang='grc' dir='ltr'><strong>καί</strong></span> <span class='ocrx_word' id='word_1_39' title='bbox 1762 751 1954 822; x_wconf 70' lang='grc' dir='ltr'>φωναὶ</span> 
     </span>
    </p>
   </div>
   <div class='ocr_carea' id='block_1_9' title="bbox 376 842 1948 915">
    <p class='ocr_par' dir='ltr' id='par_1_9' title="bbox 376 842 1948 915">
     <span class='ocr_line' id='line_1_9' title="bbox 376 842 1948 915; baseline 0.001 -18"><span class='ocrx_word' id='word_1_40' title='bbox 376 843 474 897; x_wconf 75' lang='grc' dir='ltr'>καὶ</span> <span class='ocrx_word' id='word_1_41' title='bbox 499 843 776 910; x_wconf 83' lang='grc' dir='ltr'>σεισμός.</span> <span class='ocrx_word' id='word_1_42' title='bbox 823 843 1130 913; x_wconf 75' lang='grc' dir='ltr'>Ἀστραπαὶ</span> <span class='ocrx_word' id='word_1_43' title='bbox 1160 846 1256 896; x_wconf 79' lang='grc' dir='ltr'>καὶ</span> <span class='ocrx_word' id='word_1_44' title='bbox 1288 842 1536 914; x_wconf 72' lang='grc' dir='ltr'>βρονταὶ,</span> <span class='ocrx_word' id='word_1_45' title='bbox 1569 844 1664 896; x_wconf 77' lang='grc' dir='ltr'><strong>ἀπ’</strong></span> <span class='ocrx_word' id='word_1_46' title='bbox 1696 844 1948 915; x_wconf 84' lang='grc' dir='ltr'>ούρανοῦ.</span> 
     </span>
    </p>
   </div>
   <div class='ocr_carea' id='block_1_10' title="bbox 375 935 1951 1004">
    <p class='ocr_par' dir='ltr' id='par_1_10' title="bbox 375 935 1951 1004">
     <span class='ocr_line' id='line_1_10' title="bbox 375 935 1951 1004; baseline -0.001 -15"><span class='ocrx_word' id='word_1_47' title='bbox 375 937 558 990; x_wconf 69' lang='grc' dir='ltr'>Φωναὶ</span> <span class='ocrx_word' id='word_1_48' title='bbox 592 935 650 988; x_wconf 84' lang='grc' dir='ltr'><strong>δέ</strong></span> <span class='ocrx_word' id='word_1_49' title='bbox 677 935 788 989; x_wconf 87' lang='grc' dir='ltr'><strong>τῶν</strong></span> <span class='ocrx_word' id='word_1_50' title='bbox 814 935 906 988; x_wconf 75' lang='grc' dir='ltr'>ἐπὶ</span> <span class='ocrx_word' id='word_1_51' title='bbox 946 935 1050 1003; x_wconf 77' lang='grc' dir='ltr'>γῆς</span> <span class='ocrx_word' id='word_1_52' title='bbox 1078 935 1186 988; x_wconf 85' lang='grc' dir='ltr'><strong>ἀπὸ</strong></span> <span class='ocrx_word' id='word_1_53' title='bbox 1215 935 1308 989; x_wconf 87' lang='grc' dir='ltr'><strong>τοῦ</strong></span> <span class='ocrx_word' id='word_1_54' title='bbox 1338 935 1492 999; x_wconf 81' lang='grc' dir='ltr'><strong>δέους</strong></span> <span class='ocrx_word' id='word_1_55' title='bbox 1520 935 1630 989; x_wconf 84' lang='grc' dir='ltr'><strong>τῶν</strong></span> <span class='ocrx_word' id='word_1_56' title='bbox 1670 935 1951 1004; x_wconf 81' lang='grc' dir='ltr'>καταπλη-</span> 
     </span>
    </p>
   </div>
   <div class='ocr_carea' id='block_1_11' title="bbox 377 1027 1953 1100">
    <p class='ocr_par' dir='ltr' id='par_1_11' title="bbox 377 1027 1953 1100">
     <span class='ocr_line' id='line_1_11' title="bbox 377 1027 1953 1100; baseline -0.003 -16"><span class='ocrx_word' id='word_1_57' title='bbox 377 1028 580 1084; x_wconf 89' lang='grc' dir='ltr'>κτικῶν</span> <span class='ocrx_word' id='word_1_58' title='bbox 602 1029 926 1100; x_wconf 78' lang='grc' dir='ltr'><strong>γινομένων.</strong></span> <span class='ocrx_word' id='word_1_59' title='bbox 958 1027 1191 1098; x_wconf 76' lang='grc' dir='ltr'>Σεισμδς</span> <span class='ocrx_word' id='word_1_60' title='bbox 1217 1028 1295 1092; x_wconf 83' lang='grc' dir='ltr'>δὲ,</span> <span class='ocrx_word' id='word_1_61' title='bbox 1319 1027 1508 1090; x_wconf 78' lang='grc' dir='ltr'><strong>κλόνος</strong></span> <span class='ocrx_word' id='word_1_62' title='bbox 1537 1028 1635 1098; x_wconf 81' lang='grc' dir='ltr'>τῆς</span> <span class='ocrx_word' id='word_1_63' title='bbox 1670 1029 1794 1098; x_wconf 84' lang='grc' dir='ltr'>γῆς,</span> <span class='ocrx_word' id='word_1_64' title='bbox 1830 1031 1953 1082; x_wconf 77' lang='grc' dir='ltr'>ἐπεὶ</span> 
     </span>
    </p>
   </div>
   <div class='ocr_carea' id='block_1_12' title="bbox 377 1118 1950 1189">
    <p class='ocr_par' dir='ltr' id='par_1_12' title="bbox 377 1118 1950 1189">
     <span class='ocr_line' id='line_1_12' title="bbox 377 1118 1950 1189; baseline -0.002 -13"><span class='ocrx_word' id='word_1_65' title='bbox 377 1121 474 1176; x_wconf 77' lang='grc' dir='ltr'>καὶ</span> <span class='ocrx_word' id='word_1_66' title='bbox 506 1120 666 1176; x_wconf 86' lang='grc' dir='ltr'>τοῦτο</span> <span class='ocrx_word' id='word_1_67' title='bbox 696 1122 754 1174; x_wconf 88' lang='grc' dir='ltr'><strong>ἐν</strong></span> <span class='ocrx_word' id='word_1_68' title='bbox 796 1121 909 1184; x_wconf 90' lang='grc' dir='ltr'>τοῖς</span> <span class='ocrx_word' id='word_1_69' title='bbox 949 1119 1201 1189; x_wconf 79' lang='grc' dir='ltr'><strong>σημείοις</strong></span> <span class='ocrx_word' id='word_1_70' title='bbox 1247 1118 1342 1172; x_wconf 86' lang='grc' dir='ltr'><strong>τοῦ</strong></span> <span class='ocrx_word' id='word_1_71' title='bbox 1376 1119 1566 1182; x_wconf 81' lang='grc' dir='ltr'><strong>τέλους</strong></span> <span class='ocrx_word' id='word_1_72' title='bbox 1616 1119 1950 1189; x_wconf 81' lang='grc' dir='ltr'><strong>περιέχεται.</strong></span> 
     </span>
    </p>
   </div>
   <div class='ocr_carea' id='block_1_13' title="bbox 379 1207 1952 1281">
    <p class='ocr_par' dir='ltr' id='par_1_13' title="bbox 379 1207 1952 1281">
     <span class='ocr_line' id='line_1_13' title="bbox 379 1207 1952 1281; baseline -0.001 -16"><span class='ocrx_word' id='word_1_73' title='bbox 379 1213 447 1265; x_wconf 76' lang='grc' dir='ltr'>Ἠ</span> <span class='ocrx_word' id='word_1_74' title='bbox 482 1210 707 1281; x_wconf 80' lang='grc' dir='ltr'>σεισμὸν</span> <span class='ocrx_word' id='word_1_75' title='bbox 759 1209 932 1278; x_wconf 81' lang='grc' dir='ltr'>λέγει,</span> <span class='ocrx_word' id='word_1_76' title='bbox 963 1210 1064 1280; x_wconf 85' lang='grc' dir='ltr'>τὴν</span> <span class='ocrx_word' id='word_1_77' title='bbox 1119 1207 1479 1280; x_wconf 88' lang='grc' dir='ltr'>μεταποίησιν</span> <span class='ocrx_word' id='word_1_78' title='bbox 1523 1209 1615 1262; x_wconf 78' lang='grc' dir='ltr'>καὶ</span> <span class='ocrx_word' id='word_1_79' title='bbox 1649 1208 1952 1280; x_wconf 75' lang='grc' dir='ltr'>μεταϐολὴν</span> 
     </span>
    </p>
   </div>
   <div class='ocr_carea' id='block_1_14' title="bbox 374 1301 1951 1375">
    <p class='ocr_par' dir='ltr' id='par_1_14' title="bbox 374 1301 1951 1375">
     <span class='ocr_line' id='line_1_14' title="bbox 374 1301 1951 1375; baseline 0.001 -17"><span class='ocrx_word' id='word_1_80' title='bbox 374 1305 485 1359; x_wconf 90' lang='grc' dir='ltr'><strong>τῶν</strong></span> <span class='ocrx_word' id='word_1_81' title='bbox 518 1303 776 1375; x_wconf 82' lang='grc' dir='ltr'>φθαρτῶν</span> <span class='ocrx_word' id='word_1_82' title='bbox 805 1305 900 1357; x_wconf 72' lang='grc' dir='ltr'>ἐπὶ</span> <span class='ocrx_word' id='word_1_83' title='bbox 925 1302 988 1356; x_wconf 84' lang='grc' dir='ltr'><strong>τὺ</strong></span> <span class='ocrx_word' id='word_1_84' title='bbox 1017 1302 1314 1372; x_wconf 77' lang='grc' dir='ltr'>ἄφθαρτον,</span> <span class='ocrx_word' id='word_1_85' title='bbox 1337 1302 1366 1356; x_wconf 80' lang='grc' dir='ltr'><strong>ὃ</strong></span> <span class='ocrx_word' id='word_1_86' title='bbox 1395 1301 1547 1354; x_wconf 78' lang='grc' dir='ltr'>ἔσται</span> <span class='ocrx_word' id='word_1_87' title='bbox 1576 1302 1682 1355; x_wconf 80' lang='grc' dir='ltr'><strong>ἀπὸ</strong></span> <span class='ocrx_word' id='word_1_88' title='bbox 1706 1303 1803 1372; x_wconf 82' lang='grc' dir='ltr'>τῆς</span> <span class='ocrx_word' id='word_1_89' title='bbox 1827 1301 1951 1359; x_wconf 70' lang='grc' dir='ltr'>δευ-</span> 
     </span>
    </p>
   </div>
   <div class='ocr_carea' id='block_1_15' title="bbox 380 1387 1947 1467">
    <p class='ocr_par' dir='ltr' id='par_1_15' title="bbox 380 1387 1947 1467">
     <span class='ocr_line' id='line_1_15' title="bbox 380 1387 1947 1467; baseline -0.001 -19"><span class='ocrx_word' id='word_1_90' title='bbox 380 1397 546 1467; x_wconf 83' lang='grc' dir='ltr'>τέρας</span> <span class='ocrx_word' id='word_1_91' title='bbox 569 1395 811 1467; x_wconf 80' lang='grc' dir='ltr'>Χριστοῦ</span> <span class='ocrx_word' id='word_1_92' title='bbox 839 1393 1163 1466; x_wconf 77' lang='grc' dir='ltr'>παρουσίας.</span> <span class='ocrx_word' id='word_1_93' title='bbox 1197 1393 1272 1445; x_wconf 84' lang='grc' dir='ltr'>Τὸ</span> <span class='ocrx_word' id='word_1_94' title='bbox 1300 1393 1379 1458; x_wconf 86' lang='grc' dir='ltr'><strong>δέ,</strong></span> <span class='ocrx_word' id='word_1_95' title='bbox 1428 1387 1553 1458; x_wconf 80' lang='grc' dir='ltr'>οἷος</span> <span class='ocrx_word' id='word_1_96' title='bbox 1583 1393 1656 1447; x_wconf 85' lang='grc' dir='ltr'>οὐ</span> <span class='ocrx_word' id='word_1_97' title='bbox 1683 1391 1947 1462; x_wconf 79' lang='grc' dir='ltr'>γέγονεν.</span> 
     </span>
    </p>
   </div>
   <div class='ocr_carea' id='block_1_16' title="bbox 375 1485 1950 1558">
    <p class='ocr_par' dir='ltr' id='par_1_16' title="bbox 375 1485 1950 1558">
     <span class='ocr_line' id='line_1_16' title="bbox 375 1485 1950 1558; baseline -0.003 -15"><span class='ocrx_word' id='word_1_98' title='bbox 375 1489 602 1543; x_wconf 82' lang='grc' dir='ltr'><strong>Οὐδέπω</strong></span> <span class='ocrx_word' id='word_1_99' title='bbox 649 1488 760 1558; x_wconf 79' lang='grc' dir='ltr'>γὰρ</span> <span class='ocrx_word' id='word_1_100' title='bbox 812 1485 1037 1557; x_wconf 82' lang='grc' dir='ltr'>τοιαύτη</span> <span class='ocrx_word' id='word_1_101' title='bbox 1095 1485 1405 1556; x_wconf 80' lang='grc' dir='ltr'>μεταλλαγὴ</span> <span class='ocrx_word' id='word_1_102' title='bbox 1453 1485 1646 1554; x_wconf 88' lang='grc' dir='ltr'>γέγονε</span> <span class='ocrx_word' id='word_1_103' title='bbox 1710 1485 1950 1558; x_wconf 79' lang='grc' dir='ltr'>φθαρτοῦ</span> 
     </span>
    </p>
   </div>
   <div class='ocr_carea' id='block_1_17' title="bbox 376 1575 1577 1651">
    <p class='ocr_par' dir='ltr' id='par_1_17' title="bbox 376 1575 1577 1651">
     <span class='ocr_line' id='line_1_17' title="bbox 376 1575 1577 1651; baseline -0.004 -15"><span class='ocrx_word' id='word_1_104' title='bbox 376 1582 584 1651; x_wconf 75' lang='grc' dir='ltr'>κόσμου</span> <span class='ocrx_word' id='word_1_105' title='bbox 612 1580 710 1634; x_wconf 80' lang='grc' dir='ltr'>ἐπὶ</span> <span class='ocrx_word' id='word_1_106' title='bbox 747 1578 810 1632; x_wconf 78' lang='grc' dir='ltr'>τὸ</span> <span class='ocrx_word' id='word_1_107' title='bbox 827 1578 1101 1649; x_wconf 77' lang='grc' dir='ltr'>ἄφθαρτον</span> <span class='ocrx_word' id='word_1_108' title='bbox 1128 1575 1224 1630; x_wconf 76' lang='grc' dir='ltr'>καὶ</span> <span class='ocrx_word' id='word_1_109' title='bbox 1249 1575 1577 1641; x_wconf 81' lang='grc' dir='ltr'>διαιωνίζον.</span> 
     </span>
    </p>
   </div>
   <div class='ocr_carea' id='block_1_18' title="bbox 448 1753 1949 1828">
    <p class='ocr_par' dir='ltr' id='par_1_18' title="bbox 448 1753 1949 1828">
     <span class='ocr_line' id='line_1_18' title="bbox 448 1753 1949 1828; baseline -0.004 -17"><span class='ocrx_word' id='word_1_110' title='bbox 448 1756 555 1812; x_wconf 81' lang='lat' dir='ltr'><strong>Kal</strong></span> <span class='ocrx_word' id='word_1_111' title='bbox 592 1755 830 1828; x_wconf 76' lang='grc' dir='ltr'>ἐγένετο</span> <span class='ocrx_word' id='word_1_112' title='bbox 875 1755 914 1823; x_wconf 82' lang='grc' dir='ltr'><strong><em>ἠ</em></strong></span> <span class='ocrx_word' id='word_1_113' title='bbox 955 1757 1136 1820; x_wconf 82' lang='grc' dir='ltr'>πόλις</span> <span class='ocrx_word' id='word_1_114' title='bbox 1168 1755 1205 1822; x_wconf 67' lang='grc' dir='ltr'><strong>η</strong></span> <span class='ocrx_word' id='word_1_115' title='bbox 1239 1753 1496 1824; x_wconf 78' lang='grc' dir='ltr'>μεγάλη.</span> <span class='ocrx_word' id='word_1_116' title='bbox 1531 1753 1665 1821; x_wconf 74' lang='grc' dir='ltr'>Περὶ</span> <span class='ocrx_word' id='word_1_117' title='bbox 1708 1753 1807 1823; x_wconf 83' lang='grc' dir='ltr'>τῆς</span> <span class='ocrx_word' id='word_1_118' title='bbox 1850 1753 1949 1806; x_wconf 82' lang='grc' dir='ltr'><strong>’ἰε-</strong></span> 
     </span>
    </p>
   </div>
   <div class='ocr_carea' id='block_1_19' title="bbox 2055 569 3626 640">
    <p class='ocr_par' dir='ltr' id='par_1_19' title="bbox 2055 569 3626 640">
     <span class='ocr_line' id='line_1_19' title="bbox 2055 569 3626 640; baseline 0.003 -20"><span class='ocrx_word' id='word_1_119' title='bbox 2055 569 2400 622; x_wconf 89' lang='lat' dir='ltr'><strong>substantiali</strong></span> <span class='ocrx_word' id='word_1_120' title='bbox 2453 569 2618 624; x_wconf 91' lang='lat' dir='ltr'><strong>modo</strong></span> <span class='ocrx_word' id='word_1_121' title='bbox 2667 578 2896 623; x_wconf 90' lang='lat' dir='ltr'><strong>cunctos</strong></span> <span class='ocrx_word' id='word_1_122' title='bbox 2949 569 3362 639; x_wconf 91' lang='lat' dir='ltr'><strong>supereminet,</strong></span> <span class='ocrx_word' id='word_1_123' title='bbox 3409 570 3626 640; x_wconf 86' lang='lat' dir='ltr'><strong>primus</strong></span> 
     </span>
    </p>
   </div>
   <div class='ocr_carea' id='block_1_20' title="bbox 2055 660 3624 731">
    <p class='ocr_par' dir='ltr' id='par_1_20' title="bbox 2055 660 3624 731">
     <span class='ocr_line' id='line_1_20' title="bbox 2055 660 3624 731; baseline 0.001 -17"><span class='ocrx_word' id='word_1_124' title='bbox 2055 676 2252 731; x_wconf 87' lang='lat' dir='ltr'><strong>parens</strong></span> <span class='ocrx_word' id='word_1_125' title='bbox 2285 660 2462 727; x_wconf 88' lang='lat' dir='ltr'><strong>Deus;</strong></span> <span class='ocrx_word' id='word_1_126' title='bbox 2500 677 2624 716; x_wconf 89' lang='lat' dir='ltr'><strong>nam</strong></span> <span class='ocrx_word' id='word_1_127' title='bbox 2650 662 2700 716; x_wconf 90' lang='lat' dir='ltr'><strong>id</strong></span> <span class='ocrx_word' id='word_1_128' title='bbox 2743 661 3052 731; x_wconf 78' lang='lat' dir='ltr'><strong>signiﬁcare</strong></span> <span class='ocrx_word' id='word_1_129' title='bbox 3073 661 3175 716; x_wconf 87' lang='lat' dir='ltr'><strong>sibi</strong></span> <span class='ocrx_word' id='word_1_130' title='bbox 3216 661 3335 716; x_wconf 89' lang='lat' dir='ltr'><strong>vult</strong></span> <span class='ocrx_word' id='word_1_131' title='bbox 3371 662 3624 718; x_wconf 84' lang='lat' dir='ltr'><strong>thronus.</strong></span> 
     </span>
    </p>
   </div>
   <div class='ocr_carea' id='block_1_21' title="bbox 2128 754 3628 825">
    <p class='ocr_par' dir='ltr' id='par_1_21' title="bbox 2128 754 3628 825">
     <span class='ocr_line' id='line_1_21' title="bbox 2128 754 3628 825; baseline 0.002 -18"><span class='ocrx_word' id='word_1_132' title='bbox 2128 754 2197 808; x_wconf 82' lang='lat' dir='ltr'><strong>Et</strong></span> <span class='ocrx_word' id='word_1_133' title='bbox 2227 755 2376 824; x_wconf 76' lang='lat' dir='ltr'><strong>facta</strong></span> <span class='ocrx_word' id='word_1_134' title='bbox 2409 765 2532 809; x_wconf 88' lang='lat' dir='ltr'><strong>sunt</strong></span> <span class='ocrx_word' id='word_1_135' title='bbox 2571 754 2788 825; x_wconf 81' lang='lat' dir='ltr'><strong><em>fulgura</em></strong></span> <span class='ocrx_word' id='word_1_136' title='bbox 2817 764 2866 808; x_wconf 83' lang='lat' dir='ltr'><strong>et</strong></span> <span class='ocrx_word' id='word_1_137' title='bbox 2909 757 3142 810; x_wconf 80' lang='lat' dir='ltr'><strong>tonitrua</strong></span> <span class='ocrx_word' id='word_1_138' title='bbox 3159 768 3207 812; x_wconf 81' lang='lat' dir='ltr'><strong>et</strong></span> <span class='ocrx_word' id='word_1_139' title='bbox 3226 773 3369 812; x_wconf 78' lang='lat' dir='ltr'><strong>vaces</strong></span> <span class='ocrx_word' id='word_1_140' title='bbox 3396 766 3446 810; x_wconf 84' lang='lat' dir='ltr'><strong>et</strong></span> <span class='ocrx_word' id='word_1_141' title='bbox 3476 765 3628 810; x_wconf 66' lang='lat' dir='ltr'><strong>terra</strong></span> 
     </span>
    </p>
   </div>
   <div class='ocr_carea' id='block_1_22' title="bbox 2055 846 3625 918">
    <p class='ocr_par' dir='ltr' id='par_1_22' title="bbox 2055 846 3625 918">
     <span class='ocr_line' id='line_1_22' title="bbox 2055 846 3625 918; baseline 0.001 -18"><span class='ocrx_word' id='word_1_142' title='bbox 2055 857 2249 904; x_wconf 83' lang='lat' dir='ltr'><strong>motus.</strong></span> <span class='ocrx_word' id='word_1_143' title='bbox 2276 846 2513 918; x_wconf 73' lang='lat' dir='ltr'><strong>Fulgura</strong></span> <span class='ocrx_word' id='word_1_144' title='bbox 2559 859 2613 903; x_wconf 90' lang='lat' dir='ltr'><strong>et</strong></span> <span class='ocrx_word' id='word_1_145' title='bbox 2660 847 2897 904; x_wconf 90' lang='lat' dir='ltr'><strong>tonitrua</strong></span> <span class='ocrx_word' id='word_1_146' title='bbox 2936 848 3004 904; x_wconf 91' lang='lat' dir='ltr'><strong>de</strong></span> <span class='ocrx_word' id='word_1_147' title='bbox 3049 852 3212 915; x_wconf 71' lang='lat' dir='ltr'><strong>coelo,</strong></span> <span class='ocrx_word' id='word_1_148' title='bbox 3241 864 3402 905; x_wconf 83' lang='lat' dir='ltr'><strong>voces</strong></span> <span class='ocrx_word' id='word_1_149' title='bbox 3443 860 3625 904; x_wconf 88' lang='lat' dir='ltr'><strong>autem</strong></span> 
     </span>
    </p>
   </div>
   <div class='ocr_carea' id='block_1_23' title="bbox 2053 937 3624 1009">
    <p class='ocr_par' dir='ltr' id='par_1_23' title="bbox 2053 937 3624 1009">
     <span class='ocr_line' id='line_1_23' title="bbox 2053 937 3624 1009; baseline 0.002 -18"><span class='ocrx_word' id='word_1_150' title='bbox 2053 937 2123 991; x_wconf 87' lang='lat' dir='ltr'><strong>ab</strong></span> <span class='ocrx_word' id='word_1_151' title='bbox 2147 937 2230 992; x_wconf 90' lang='lat' dir='ltr'><strong>his</strong></span> <span class='ocrx_word' id='word_1_152' title='bbox 2255 937 2348 1008; x_wconf 86' lang='lat' dir='ltr'><strong>qui</strong></span> <span class='ocrx_word' id='word_1_153' title='bbox 2383 939 2606 994; x_wconf 89' lang='lat' dir='ltr'><strong>interra</strong></span> <span class='ocrx_word' id='word_1_154' title='bbox 2651 953 2758 1009; x_wconf 70' lang='lat' dir='ltr'><strong>prae</strong></span> <span class='ocrx_word' id='word_1_155' title='bbox 2798 938 2992 994; x_wconf 86' lang='lat' dir='ltr'><strong>timore</strong></span> <span class='ocrx_word' id='word_1_156' title='bbox 3035 940 3372 995; x_wconf 78' lang='lat' dir='ltr'><strong>consternati</strong></span> <span class='ocrx_word' id='word_1_157' title='bbox 3421 949 3578 993; x_wconf 84' lang='lat' dir='ltr'><strong>erant</strong></span> <span class='ocrx_word' id='word_1_158' title='bbox 3609 957 3624 994; x_wconf 90' lang='lat'><strong>:</strong></span> 
     </span>
    </p>
   </div>
   <div class='ocr_carea' id='block_1_24' title="bbox 2055 1029 3630 1101">
    <p class='ocr_par' dir='ltr' id='par_1_24' title="bbox 2055 1029 3630 1101">
     <span class='ocr_line' id='line_1_24' title="bbox 2055 1029 3630 1101; baseline 0.003 -20"><span class='ocrx_word' id='word_1_159' title='bbox 2055 1037 2214 1082; x_wconf 66' lang='lat' dir='ltr'><strong>terra:</strong></span> <span class='ocrx_word' id='word_1_160' title='bbox 2244 1037 2427 1084; x_wconf 90' lang='lat' dir='ltr'><strong>motus</strong></span> <span class='ocrx_word' id='word_1_161' title='bbox 2455 1044 2605 1094; x_wconf 87' lang='lat' dir='ltr'><strong>vero,</strong></span> <span class='ocrx_word' id='word_1_162' title='bbox 2667 1029 2770 1084; x_wconf 89' lang='lat' dir='ltr'><strong>hoc</strong></span> <span class='ocrx_word' id='word_1_163' title='bbox 2807 1037 2889 1084; x_wconf 74' lang='lat' dir='ltr'><strong>est</strong></span> <span class='ocrx_word' id='word_1_164' title='bbox 2926 1029 3210 1101; x_wconf 82' lang='lat' dir='ltr'><strong>quassatio</strong></span> <span class='ocrx_word' id='word_1_165' title='bbox 3265 1046 3331 1085; x_wconf 89' lang='lat' dir='ltr'><strong>ac</strong></span> <span class='ocrx_word' id='word_1_166' title='bbox 3390 1030 3630 1086; x_wconf 91' lang='lat' dir='ltr'><strong>turbatio</strong></span> 
     </span>
    </p>
   </div>
   <div class='ocr_carea' id='block_1_25' title="bbox 2055 1120 3624 1192">
    <p class='ocr_par' dir='ltr' id='par_1_25' title="bbox 2055 1120 3624 1192">
     <span class='ocr_line' id='line_1_25' title="bbox 2055 1120 3624 1192; baseline 0.003 -20"><span class='ocrx_word' id='word_1_167' title='bbox 2055 1127 2234 1186; x_wconf 72' lang='lat' dir='ltr'><strong>terrae,</strong></span> <span class='ocrx_word' id='word_1_168' title='bbox 2265 1135 2392 1176; x_wconf 88' lang='lat' dir='ltr'><strong>nam</strong></span> <span class='ocrx_word' id='word_1_169' title='bbox 2429 1120 2745 1192; x_wconf 87' lang='lat' dir='ltr'><strong>hujusmodi</strong></span> <span class='ocrx_word' id='word_1_170' title='bbox 2775 1122 2934 1176; x_wconf 85' lang='lat' dir='ltr'><strong>linem</strong></span> <span class='ocrx_word' id='word_1_171' title='bbox 2962 1122 3117 1192; x_wconf 77' lang='lat' dir='ltr'><strong>signa</strong></span> <span class='ocrx_word' id='word_1_172' title='bbox 3143 1121 3389 1178; x_wconf 85' lang='lat' dir='ltr'><strong>obtinere</strong></span> <span class='ocrx_word' id='word_1_173' title='bbox 3425 1123 3624 1178; x_wconf 81' lang='lat' dir='ltr'><strong>solent.</strong></span> 
     </span>
    </p>
   </div>
   <div class='ocr_carea' id='block_1_26' title="bbox 2053 1211 3630 1284">
    <p class='ocr_par' dir='ltr' id='par_1_26' title="bbox 2053 1211 3630 1284">
     <span class='ocr_line' id='line_1_26' title="bbox 2053 1211 3630 1284; baseline 0.003 -20"><span class='ocrx_word' id='word_1_174' title='bbox 2053 1211 2162 1265; x_wconf 82' lang='lat' dir='ltr'><strong>Ant</strong></span> <span class='ocrx_word' id='word_1_175' title='bbox 2215 1221 2376 1266; x_wconf 68' lang='lat' dir='ltr'><strong>terrae</strong></span> <span class='ocrx_word' id='word_1_176' title='bbox 2403 1222 2610 1267; x_wconf 87' lang='lat' dir='ltr'><strong>motum</strong></span> <span class='ocrx_word' id='word_1_177' title='bbox 2658 1213 2791 1268; x_wconf 88' lang='lat' dir='ltr'><strong>dicit</strong></span> <span class='ocrx_word' id='word_1_178' title='bbox 2833 1213 3312 1284; x_wconf 88' lang='lat' dir='ltr'><strong>transpositionem</strong></span> <span class='ocrx_word' id='word_1_179' title='bbox 3361 1222 3418 1267; x_wconf 90' lang='lat' dir='ltr'><strong>et</strong></span> <span class='ocrx_word' id='word_1_180' title='bbox 3451 1221 3630 1268; x_wconf 83' lang='lat' dir='ltr'><strong>muta-</strong></span> 
     </span>
    </p>
   </div>
   <div class='ocr_carea' id='block_1_27' title="bbox 2055 1301 3624 1375">
    <p class='ocr_par' dir='ltr' id='par_1_27' title="bbox 2055 1301 3624 1375">
     <span class='ocr_line' id='line_1_27' title="bbox 2055 1301 3624 1375; baseline 0.001 -18"><span class='ocrx_word' id='word_1_181' title='bbox 2055 1301 2255 1357; x_wconf 87' lang='lat' dir='ltr'><strong>tionem</strong></span> <span class='ocrx_word' id='word_1_182' title='bbox 2301 1317 2330 1357; x_wconf 91' lang='lat' dir='ltr'><strong>a</strong></span> <span class='ocrx_word' id='word_1_183' title='bbox 2381 1304 2830 1374; x_wconf 89' lang='lat' dir='ltr'><strong>corruptibilibus</strong></span> <span class='ocrx_word' id='word_1_184' title='bbox 2881 1305 2947 1359; x_wconf 87' lang='lat' dir='ltr'><strong>ad</strong></span> <span class='ocrx_word' id='word_1_185' title='bbox 2994 1304 3447 1374; x_wconf 88' lang='lat' dir='ltr'><strong>ineorruptibilia,</strong></span> <span class='ocrx_word' id='word_1_186' title='bbox 3479 1305 3624 1375; x_wconf 90' lang='lat' dir='ltr'><strong>quod</strong></span> 
     </span>
    </p>
   </div>
   <div class='ocr_carea' id='block_1_28' title="bbox 2052 1393 3620 1466">
    <p class='ocr_par' dir='ltr' id='par_1_28' title="bbox 2052 1393 3620 1466">
     <span class='ocr_line' id='line_1_28' title="bbox 2052 1393 3620 1466; baseline 0.001 -17"><span class='ocrx_word' id='word_1_187' title='bbox 2052 1393 2155 1449; x_wconf 88' lang='lat' dir='ltr'><strong>erit</strong></span> <span class='ocrx_word' id='word_1_188' title='bbox 2189 1409 2216 1446; x_wconf 90' lang='lat' dir='ltr'><strong>a</strong></span> <span class='ocrx_word' id='word_1_189' title='bbox 2249 1394 2491 1450; x_wconf 86' lang='lat' dir='ltr'><strong>secundo</strong></span> <span class='ocrx_word' id='word_1_190' title='bbox 2521 1396 2720 1451; x_wconf 80' lang='lat' dir='ltr'><strong>Christi</strong></span> <span class='ocrx_word' id='word_1_191' title='bbox 2769 1397 3026 1453; x_wconf 85' lang='lat' dir='ltr'><strong>adventu.</strong></span> <span class='ocrx_word' id='word_1_192' title='bbox 3066 1397 3155 1452; x_wconf 81' lang='lat' dir='ltr'><strong>Ait</strong></span> <span class='ocrx_word' id='word_1_193' title='bbox 3182 1405 3387 1462; x_wconf 89' lang='lat' dir='ltr'><strong>autem,</strong></span> <span class='ocrx_word' id='word_1_194' title='bbox 3444 1395 3620 1466; x_wconf 83' lang='lat' dir='ltr'><strong>qualis</strong></span> 
     </span>
    </p>
   </div>
   <div class='ocr_carea' id='block_1_29' title="bbox 2055 1487 3622 1555">
    <p class='ocr_par' dir='ltr' id='par_1_29' title="bbox 2055 1487 3622 1555">
     <span class='ocr_line' id='line_1_29' title="bbox 2055 1487 3622 1555; baseline 0.003 -17"><span class='ocrx_word' id='word_1_195' title='bbox 2055 1487 2288 1555; x_wconf 79' lang='lat' dir='ltr'><strong>nonfuit</strong></span> <span class='ocrx_word' id='word_1_196' title='bbox 2327 1503 2346 1540; x_wconf 91' lang='lat'><strong><em>:</em></strong></span> <span class='ocrx_word' id='word_1_197' title='bbox 2380 1487 2621 1542; x_wconf 90' lang='lat' dir='ltr'><strong>nondum</strong></span> <span class='ocrx_word' id='word_1_198' title='bbox 2661 1489 2808 1544; x_wconf 92' lang='lat' dir='ltr'><strong>enim</strong></span> <span class='ocrx_word' id='word_1_199' title='bbox 2851 1489 2976 1544; x_wconf 89' lang='lat' dir='ltr'><strong>talis</strong></span> <span class='ocrx_word' id='word_1_200' title='bbox 3012 1488 3152 1544; x_wconf 80' lang='lat' dir='ltr'><strong>facta</strong></span> <span class='ocrx_word' id='word_1_201' title='bbox 3202 1496 3287 1545; x_wconf 89' lang='lat' dir='ltr'><strong>est</strong></span> <span class='ocrx_word' id='word_1_202' title='bbox 3327 1489 3557 1544; x_wconf 82' lang='lat' dir='ltr'><strong>mutatio</strong></span> <span class='ocrx_word' id='word_1_203' title='bbox 3590 1504 3622 1543; x_wconf 90' lang='lat' dir='ltr'><strong>a</strong></span> 
     </span>
    </p>
   </div>
   <div class='ocr_carea' id='block_1_30' title="bbox 2055 1579 3630 1652">
    <p class='ocr_par' dir='ltr' id='par_1_30' title="bbox 2055 1579 3630 1652">
     <span class='ocr_line' id='line_1_30' title="bbox 2055 1579 3630 1652; baseline 0.002 -21"><span class='ocrx_word' id='word_1_204' title='bbox 2055 1579 2394 1649; x_wconf 81' lang='lat' dir='ltr'><strong>corruptibili</strong></span> <span class='ocrx_word' id='word_1_205' title='bbox 2445 1581 2650 1636; x_wconf 89' lang='lat' dir='ltr'><strong>mundo</strong></span> <span class='ocrx_word' id='word_1_206' title='bbox 2702 1581 2770 1636; x_wconf 90' lang='lat' dir='ltr'><strong>ad</strong></span> <span class='ocrx_word' id='word_1_207' title='bbox 2818 1581 3284 1652; x_wconf 88' lang='lat' dir='ltr'><strong>incorruptibilem</strong></span> <span class='ocrx_word' id='word_1_208' title='bbox 3340 1592 3395 1635; x_wconf 87' lang='lat' dir='ltr'><strong>et</strong></span> <span class='ocrx_word' id='word_1_209' title='bbox 3433 1581 3630 1652; x_wconf 78' lang='lat' dir='ltr'><strong>scrupi-</strong></span> 
     </span>
    </p>
   </div>
   <div class='ocr_carea' id='block_1_31' title="bbox 2055 1679 2290 1723">
    <p class='ocr_par' dir='ltr' id='par_1_31' title="bbox 2055 1679 2290 1723">
     <span class='ocr_line' id='line_1_31' title="bbox 2055 1679 2290 1723; baseline 0.013 -3"><span class='ocrx_word' id='word_1_210' title='bbox 2055 1679 2290 1723; x_wconf 89' lang='lat' dir='ltr'><strong>ternum.</strong></span> 
     </span>
    </p>
   </div>
   <div class='ocr_carea' id='block_1_32' title="bbox 2125 1757 3631 1836">
    <p class='ocr_par' dir='ltr' id='par_1_32' title="bbox 2125 1757 3631 1836">
     <span class='ocr_line' id='line_1_32' title="bbox 2125 1757 3631 1836; baseline 0.005 -25"><span class='ocrx_word' id='word_1_211' title='bbox 2125 1757 2191 1812; x_wconf 83' lang='lat' dir='ltr'><strong>Et</strong></span> <span class='ocrx_word' id='word_1_212' title='bbox 2223 1760 2393 1815; x_wconf 79' lang='lat' dir='ltr'><strong>divisa</strong></span> <span class='ocrx_word' id='word_1_213' title='bbox 2414 1771 2492 1817; x_wconf 85' lang='lat' dir='ltr'><strong>est</strong></span> <span class='ocrx_word' id='word_1_214' title='bbox 2529 1762 2714 1818; x_wconf 82' lang='lat' dir='ltr'><strong>ciuitas</strong></span> <span class='ocrx_word' id='word_1_215' title='bbox 2764 1780 2978 1836; x_wconf 85' lang='lat' dir='ltr'><strong>magna.</strong></span> <span class='ocrx_word' id='word_1_216' title='bbox 3010 1764 3268 1822; x_wconf 85' lang='lat' dir='ltr'><strong>Nonnulli</strong></span> <span class='ocrx_word' id='word_1_217' title='bbox 3298 1772 3631 1836; x_wconf 76' lang='lat' dir='ltr'><strong>acceperunt</strong></span> 
     </span>
    </p>
   </div>
   <div class='ocr_carea' id='block_1_33' title="bbox 377 1822 1951 1925">
    <p class='ocr_par' dir='ltr' id='par_1_33' title="bbox 377 1822 1948 1919">
     <span class='ocr_line' id='line_1_33' title="bbox 377 1822 1948 1919; baseline -0.003 -18"><span class='ocrx_word' id='word_1_218' title='bbox 377 1822 661 1919; x_wconf 81' lang='grc' dir='ltr'>ρουσαλήμ</span> <span class='ocrx_word' id='word_1_219' title='bbox 713 1845 966 1918; x_wconf 81' lang='grc' dir='ltr'>εἰρῆσθαί</span> <span class='ocrx_word' id='word_1_220' title='bbox 1031 1862 1178 1908; x_wconf 91' lang='grc' dir='ltr'>τινες</span> <span class='ocrx_word' id='word_1_221' title='bbox 1244 1822 1560 1910; x_wconf 77' lang='grc' dir='ltr'>ἐξεδέξαντο</span> <span class='ocrx_word' id='word_1_222' title='bbox 1605 1822 1799 1907; x_wconf 84' lang='grc' dir='ltr'>ταῦτα,</span> <span class='ocrx_word' id='word_1_223' title='bbox 1848 1845 1948 1915; x_wconf 80' lang='grc' dir='ltr'><strong>οὐχ</strong></span> 
     </span>
    </p>
   </div>
   <div class='ocr_carea' id='block_1_34' title="bbox 2057 1822 3630 1925">
    <p class='ocr_par' dir='ltr' id='par_1_34' title="bbox 2059 1849 3630 1925">
     <span class='ocr_line' id='line_1_34' title="bbox 2059 1849 3630 1925; baseline 0.002 -20"><span class='ocrx_word' id='word_1_224' title='bbox 2059 1863 2117 1905; x_wconf 91' lang='lat' dir='ltr'><strong>ut</strong></span> <span class='ocrx_word' id='word_1_225' title='bbox 2150 1851 2261 1906; x_wconf 85' lang='lat' dir='ltr'><strong>ha-c</strong></span> <span class='ocrx_word' id='word_1_226' title='bbox 2283 1851 2348 1906; x_wconf 78' lang='lat' dir='ltr'><strong>de</strong></span> <span class='ocrx_word' id='word_1_227' title='bbox 2372 1849 2678 1909; x_wconf 81' lang='lat' dir='ltr'><strong>Jerusalem</strong></span> <span class='ocrx_word' id='word_1_228' title='bbox 2711 1855 3022 1910; x_wconf 87' lang='lat' dir='ltr'><strong>dicerentur</strong></span> <span class='ocrx_word' id='word_1_229' title='bbox 3055 1873 3070 1909; x_wconf 89' lang='lat'>:</span> <span class='ocrx_word' id='word_1_230' title='bbox 3107 1871 3214 1912; x_wconf 91' lang='lat' dir='ltr'><strong>non</strong></span> <span class='ocrx_word' id='word_1_231' title='bbox 3244 1857 3377 1911; x_wconf 88' lang='lat' dir='ltr'><strong>adeo</strong></span> <span class='ocrx_word' id='word_1_232' title='bbox 3407 1863 3630 1925; x_wconf 85' lang='lat' dir='ltr'><strong>propter</strong></span> 
     </span>
    </p>
   </div>
   <div class='ocr_carea' id='block_1_35' title="bbox 373 1935 1949 2008">
    <p class='ocr_par' dir='ltr' id='par_1_35' title="bbox 373 1935 1949 2008">
     <span class='ocr_line' id='line_1_35' title="bbox 373 1935 1949 2008; baseline -0.002 -16"><span class='ocrx_word' id='word_1_233' title='bbox 373 1940 520 1992; x_wconf 72' lang='grc' dir='ltr'>οὕτω</span> <span class='ocrx_word' id='word_1_234' title='bbox 547 1938 742 2008; x_wconf 87' lang='grc' dir='ltr'>πλήθει</span> <span class='ocrx_word' id='word_1_235' title='bbox 773 1935 1080 2008; x_wconf 82' lang='grc' dir='ltr'>ἀνθρώπων</span> <span class='ocrx_word' id='word_1_236' title='bbox 1114 1937 1210 1990; x_wconf 80' lang='grc' dir='ltr'>καὶ</span> <span class='ocrx_word' id='word_1_237' title='bbox 1261 1936 1576 2006; x_wconf 79' lang='grc' dir='ltr'>κτισμάτων</span> <span class='ocrx_word' id='word_1_238' title='bbox 1609 1935 1949 2007; x_wconf 87' lang='grc' dir='ltr'>μεγαλοπρε-</span> 
     </span>
    </p>
   </div>
   <div class='ocr_carea' id='block_1_36' title="bbox 377 2023 1948 2099">
    <p class='ocr_par' dir='ltr' id='par_1_36' title="bbox 377 2023 1948 2099">
     <span class='ocr_line' id='line_1_36' title="bbox 377 2023 1948 2099; baseline -0.002 -18"><span class='ocrx_word' id='word_1_239' title='bbox 377 2029 497 2081; x_wconf 89' lang='grc' dir='ltr'><strong>πῶν</strong></span> <span class='ocrx_word' id='word_1_240' title='bbox 528 2028 605 2099; x_wconf 81' lang='grc' dir='ltr'><strong>τῷ</strong></span> <span class='ocrx_word' id='word_1_241' title='bbox 641 2026 916 2098; x_wconf 85' lang='grc' dir='ltr'>μεγαλείῳ</span> <span class='ocrx_word' id='word_1_242' title='bbox 949 2025 1216 2098; x_wconf 77' lang='grc' dir='ltr'>αύχούσῃ,</span> <span class='ocrx_word' id='word_1_243' title='bbox 1248 2025 1323 2089; x_wconf 83' lang='grc' dir='ltr'><strong>ὡς</strong></span> <span class='ocrx_word' id='word_1_244' title='bbox 1348 2027 1461 2089; x_wconf 90' lang='grc' dir='ltr'>τοῖς</span> <span class='ocrx_word' id='word_1_245' title='bbox 1489 2023 1727 2096; x_wconf 82' lang='grc' dir='ltr'>Χριστοῦ</span> <span class='ocrx_word' id='word_1_246' title='bbox 1751 2026 1948 2080; x_wconf 86' lang='grc' dir='ltr'>πάθεσι</span> 
     </span>
    </p>
   </div>
   <div class='ocr_carea' id='block_1_37' title="bbox 375 2106 1949 2188">
    <p class='ocr_par' dir='ltr' id='par_1_37' title="bbox 375 2106 1949 2188">
     <span class='ocr_line' id='line_1_37' title="bbox 375 2106 1949 2188; baseline 0.001 -19"><span class='ocrx_word' id='word_1_247' title='bbox 375 2117 471 2170; x_wconf 71' lang='grc' dir='ltr'>καὶ</span> <span class='ocrx_word' id='word_1_248' title='bbox 508 2120 570 2188; x_wconf 77' lang='grc' dir='ltr'>τῇ</span> <span class='ocrx_word' id='word_1_249' title='bbox 604 2117 744 2171; x_wconf 73' lang='grc' dir='ltr'>κατὰ</span> <span class='ocrx_word' id='word_1_250' title='bbox 797 2106 1038 2188; x_wconf 78' lang='grc' dir='ltr'>Χριστὸν</span> <span class='ocrx_word' id='word_1_251' title='bbox 1072 2115 1358 2186; x_wconf 68' lang='grc' dir='ltr'>ἐπιδημίᾳ.</span> <span class='ocrx_word' id='word_1_252' title='bbox 1399 2118 1476 2169; x_wconf 80' lang='grc' dir='ltr'><strong>Δι’</strong></span> <span class='ocrx_word' id='word_1_253' title='bbox 1507 2115 1544 2170; x_wconf 74' lang='grc' dir='ltr'><strong>ἃ</strong></span> <span class='ocrx_word' id='word_1_254' title='bbox 1574 2117 1668 2170; x_wconf 78' lang='grc' dir='ltr'>καὶ</span> <span class='ocrx_word' id='word_1_255' title='bbox 1712 2116 1949 2170; x_wconf 83' lang='grc' dir='ltr'>ἀντιδια-</span> 
     </span>
    </p>
   </div>
   <div class='ocr_carea' id='block_1_38' title="bbox 375 2206 1946 2277">
    <p class='ocr_par' dir='ltr' id='par_1_38' title="bbox 375 2206 1946 2277">
     <span class='ocr_line' id='line_1_38' title="bbox 375 2206 1946 2277; baseline -0.003 -14"><span class='ocrx_word' id='word_1_256' title='bbox 375 2210 655 2264; x_wconf 86' lang='grc' dir='ltr'>στέλλεται</span> <span class='ocrx_word' id='word_1_257' title='bbox 691 2209 800 2262; x_wconf 87' lang='grc' dir='ltr'><strong>τῶν</strong></span> <span class='ocrx_word' id='word_1_258' title='bbox 858 2208 1064 2262; x_wconf 87' lang='grc' dir='ltr'>λοιπῶν</span> <span class='ocrx_word' id='word_1_259' title='bbox 1113 2208 1342 2273; x_wconf 88' lang='grc' dir='ltr'>πόλεων,</span> <span class='ocrx_word' id='word_1_260' title='bbox 1375 2207 1440 2271; x_wconf 76' lang='grc' dir='ltr'>ἃς</span> <span class='ocrx_word' id='word_1_261' title='bbox 1487 2209 1582 2260; x_wconf 71' lang='grc' dir='ltr'>καὶ</span> <span class='ocrx_word' id='word_1_262' title='bbox 1615 2206 1837 2272; x_wconf 81' lang='grc' dir='ltr'>ἐθνικὰς</span> <span class='ocrx_word' id='word_1_263' title='bbox 1881 2210 1946 2277; x_wconf 81' lang='grc' dir='ltr'>τῇ</span> 
     </span>
    </p>
   </div>
   <div class='ocr_carea' id='block_1_39' title="bbox 374 2298 1950 2393">
    <p class='ocr_par' dir='ltr' id='par_1_39' title="bbox 374 2298 1950 2393">
     <span class='ocr_line' id='line_1_39' title="bbox 374 2298 1950 2393; baseline -0.003 -38"><span class='ocrx_word' id='word_1_264' title='bbox 374 2302 568 2373; x_wconf 74' lang='grc' dir='ltr'>Γραφῇ</span> <span class='ocrx_word' id='word_1_265' title='bbox 601 2302 724 2393; x_wconf 64' lang='grc' dir='ltr'>ἔρος</span> <span class='ocrx_word' id='word_1_266' title='bbox 775 2301 982 2355; x_wconf 81' lang='grc' dir='ltr'>καλεῖν.</span> <span class='ocrx_word' id='word_1_267' title='bbox 1019 2300 1126 2354; x_wconf 84' lang='grc' dir='ltr'>Τοῦ</span> <span class='ocrx_word' id='word_1_268' title='bbox 1149 2299 1258 2371; x_wconf 84' lang='grc' dir='ltr'><strong>γὰρ</strong></span> <span class='ocrx_word' id='word_1_269' title='bbox 1319 2299 1536 2371; x_wconf 78' lang='grc' dir='ltr'>Ἰσραὴλ</span> <span class='ocrx_word' id='word_1_270' title='bbox 1584 2299 1773 2371; x_wconf 62' lang='grc' dir='ltr'>χωρὶς,</span> <span class='ocrx_word' id='word_1_271' title='bbox 1822 2298 1950 2360; x_wconf 79' lang='grc' dir='ltr'>τοὺς</span> 
     </span>
    </p>
   </div>
   <div class='ocr_carea' id='block_1_40' title="bbox 375 2389 1951 2464">
    <p class='ocr_par' dir='ltr' id='par_1_40' title="bbox 375 2389 1951 2464">
     <span class='ocr_line' id='line_1_40' title="bbox 375 2389 1951 2464; baseline -0.003 -18"><span class='ocrx_word' id='word_1_272' title='bbox 375 2393 573 2456; x_wconf 79' lang='grc' dir='ltr'>ἄλλους</span> <span class='ocrx_word' id='word_1_273' title='bbox 599 2389 921 2464; x_wconf 72' lang='grc' dir='ltr'>ἀνθρώπους</span> <span class='ocrx_word' id='word_1_274' title='bbox 948 2390 1076 2462; x_wconf 73' lang='grc' dir='ltr'>ἔθνη</span> <span class='ocrx_word' id='word_1_275' title='bbox 1107 2390 1267 2445; x_wconf 81' lang='grc' dir='ltr'>είωθε</span> <span class='ocrx_word' id='word_1_276' title='bbox 1297 2390 1748 2462; x_wconf 84' lang='grc' dir='ltr'>προσαγορεύειν.</span> <span class='ocrx_word' id='word_1_277' title='bbox 1806 2389 1951 2443; x_wconf 90' lang='grc' dir='ltr'>Ταύ-</span> 
     </span>
    </p>
   </div>
   <div class='ocr_carea' id='block_1_41' title="bbox 373 2479 1949 2556">
    <p class='ocr_par' dir='ltr' id='par_1_41' title="bbox 373 2479 1949 2556">
     <span class='ocr_line' id='line_1_41' title="bbox 373 2479 1949 2556; baseline -0.004 -17"><span class='ocrx_word' id='word_1_278' title='bbox 373 2503 474 2555; x_wconf 86' lang='grc' dir='ltr'><strong>της</strong></span> <span class='ocrx_word' id='word_1_279' title='bbox 502 2485 559 2538; x_wconf 82' lang='grc' dir='ltr'><strong>δέ</strong></span> <span class='ocrx_word' id='word_1_280' title='bbox 593 2485 626 2556; x_wconf 88' lang='grc' dir='ltr'><strong>ή</strong></span> <span class='ocrx_word' id='word_1_281' title='bbox 673 2487 752 2549; x_wconf 81' lang='grc' dir='ltr'><strong>είς</strong></span> <span class='ocrx_word' id='word_1_282' title='bbox 783 2484 913 2556; x_wconf 85' lang='grc' dir='ltr'>τρία</span> <span class='ocrx_word' id='word_1_283' title='bbox 969 2484 1112 2555; x_wconf 86' lang='grc' dir='ltr'>μέρη</span> <span class='ocrx_word' id='word_1_284' title='bbox 1143 2483 1408 2554; x_wconf 88' lang='grc' dir='ltr'>διαίρεσις</span> <span class='ocrx_word' id='word_1_285' title='bbox 1438 2481 1500 2535; x_wconf 85' lang='grc' dir='ltr'>τὸ</span> <span class='ocrx_word' id='word_1_286' title='bbox 1546 2481 1657 2536; x_wconf 90' lang='grc' dir='ltr'><strong>τῶν</strong></span> <span class='ocrx_word' id='word_1_287' title='bbox 1710 2483 1770 2534; x_wconf 92' lang='grc' dir='ltr'><strong>ἐν</strong></span> <span class='ocrx_word' id='word_1_288' title='bbox 1811 2479 1949 2551; x_wconf 75' lang='grc' dir='ltr'>αὐτῇ</span> 
     </span>
    </p>
   </div>
   <div class='ocr_carea' id='block_1_42' title="bbox 376 2574 1950 2648">
    <p class='ocr_par' dir='ltr' id='par_1_42' title="bbox 376 2574 1950 2648">
     <span class='ocr_line' id='line_1_42' title="bbox 376 2574 1950 2648; baseline -0.003 -18"><span class='ocrx_word' id='word_1_289' title='bbox 376 2576 782 2630; x_wconf 79' lang='grc' dir='ltr'>κατοικούντων</span> <span class='ocrx_word' id='word_1_290' title='bbox 807 2576 1095 2648; x_wconf 80' lang='grc' dir='ltr'>σημαίνειν</span> <span class='ocrx_word' id='word_1_291' title='bbox 1109 2575 1367 2644; x_wconf 76' lang='grc' dir='ltr'>διάφορον</span> <span class='ocrx_word' id='word_1_292' title='bbox 1391 2574 1661 2644; x_wconf 83' lang='grc' dir='ltr'>βούλεται,</span> <span class='ocrx_word' id='word_1_293' title='bbox 1688 2574 1950 2644; x_wconf 85' lang='grc' dir='ltr'>Χριστια-</span> 
     </span>
    </p>
   </div>
   <div class='ocr_carea' id='block_1_43' title="bbox 374 2665 1953 2738">
    <p class='ocr_par' dir='ltr' id='par_1_43' title="bbox 374 2665 1953 2738">
     <span class='ocr_line' id='line_1_43' title="bbox 374 2665 1953 2738; baseline -0.003 -17"><span class='ocrx_word' id='word_1_294' title='bbox 374 2667 502 2732; x_wconf 88' lang='grc' dir='ltr'>νῶν,</span> <span class='ocrx_word' id='word_1_295' title='bbox 543 2667 833 2731; x_wconf 81' lang='grc' dir='ltr'>Ἰουδαίων,</span> <span class='ocrx_word' id='word_1_296' title='bbox 865 2667 1242 2738; x_wconf 88' lang='grc' dir='ltr'>Σαμαρειτῶν.</span> <span class='ocrx_word' id='word_1_297' title='bbox 1275 2667 1389 2721; x_wconf 82' lang='grc' dir='ltr'><strong>Οὐκ</strong></span> <span class='ocrx_word' id='word_1_298' title='bbox 1418 2665 1649 2736; x_wconf 77' lang='grc' dir='ltr'>ἄκαιρον</span> <span class='ocrx_word' id='word_1_299' title='bbox 1694 2665 1753 2718; x_wconf 86' lang='grc' dir='ltr'>δὲ</span> <span class='ocrx_word' id='word_1_300' title='bbox 1798 2665 1953 2718; x_wconf 91' lang='grc' dir='ltr'>πόλιν</span> 
     </span>
    </p>
   </div>
   <div class='ocr_carea' id='block_1_44' title="bbox 377 2757 1951 2830">
    <p class='ocr_par' dir='ltr' id='par_1_44' title="bbox 377 2757 1951 2830">
     <span class='ocr_line' id='line_1_44' title="bbox 377 2757 1951 2830; baseline -0.004 -16"><span class='ocrx_word' id='word_1_301' title='bbox 377 2760 624 2830; x_wconf 82' lang='grc' dir='ltr'>μεγάλην</span> <span class='ocrx_word' id='word_1_302' title='bbox 674 2759 767 2813; x_wconf 84' lang='grc' dir='ltr'><strong>τὸν</strong></span> <span class='ocrx_word' id='word_1_303' title='bbox 824 2759 1068 2830; x_wconf 87' lang='grc' dir='ltr'>παρόντα</span> <span class='ocrx_word' id='word_1_304' title='bbox 1115 2760 1319 2829; x_wconf 85' lang='grc' dir='ltr'>κόσμον</span> <span class='ocrx_word' id='word_1_305' title='bbox 1377 2757 1804 2828; x_wconf 79' lang='grc' dir='ltr'>ὑπολαμϐάνειν,</span> <span class='ocrx_word' id='word_1_306' title='bbox 1871 2757 1951 2819; x_wconf 86' lang='grc' dir='ltr'><strong>είς</strong></span> 
     </span>
    </p>
   </div>
   <div class='ocr_carea' id='block_1_45' title="bbox 373 2849 1949 2924">
    <p class='ocr_par' dir='ltr' id='par_1_45' title="bbox 373 2849 1949 2924">
     <span class='ocr_line' id='line_1_45' title="bbox 373 2849 1949 2924; baseline -0.001 -20"><span class='ocrx_word' id='word_1_307' title='bbox 373 2853 502 2919; x_wconf 79' lang='grc' dir='ltr'>τρία</span> <span class='ocrx_word' id='word_1_308' title='bbox 531 2852 675 2922; x_wconf 86' lang='grc' dir='ltr'>μέρη</span> <span class='ocrx_word' id='word_1_309' title='bbox 704 2851 1101 2924; x_wconf 79' lang='grc' dir='ltr'>άφοριζόμενον</span> <span class='ocrx_word' id='word_1_310' title='bbox 1121 2851 1229 2905; x_wconf 80' lang='grc' dir='ltr'><strong>ἀπὸ</strong></span> <span class='ocrx_word' id='word_1_311' title='bbox 1247 2851 1342 2920; x_wconf 86' lang='grc' dir='ltr'>τῆς</span> <span class='ocrx_word' id='word_1_312' title='bbox 1365 2849 1603 2920; x_wconf 81' lang='grc' dir='ltr'>Χριστοῦ</span> <span class='ocrx_word' id='word_1_313' title='bbox 1625 2849 1949 2920; x_wconf 81' lang='grc' dir='ltr'>παρουσίας,</span> 
     </span>
    </p>
   </div>
   <div class='ocr_carea' id='block_1_46' title="bbox 374 2939 1952 3015">
    <p class='ocr_par' dir='ltr' id='par_1_46' title="bbox 374 2939 1952 3015">
     <span class='ocr_line' id='line_1_46' title="bbox 374 2939 1952 3015; baseline -0.003 -18"><span class='ocrx_word' id='word_1_314' title='bbox 374 2947 453 3008; x_wconf 90' lang='grc' dir='ltr'><strong>είς</strong></span> <span class='ocrx_word' id='word_1_315' title='bbox 488 2945 578 2998; x_wconf 71' lang='grc' dir='ltr'><strong>τὸν</strong></span> <span class='ocrx_word' id='word_1_316' title='bbox 614 2945 710 3014; x_wconf 80' lang='grc' dir='ltr'>τῆς</span> <span class='ocrx_word' id='word_1_317' title='bbox 751 2943 1072 3015; x_wconf 78' lang='grc' dir='ltr'>Ἑλληνικῆς</span> <span class='ocrx_word' id='word_1_318' title='bbox 1118 2941 1474 3012; x_wconf 79' lang='grc' dir='ltr'>ἐπικρατείας</span> <span class='ocrx_word' id='word_1_319' title='bbox 1513 2941 1725 3012; x_wconf 56' lang='grc' dir='ltr'>καιίρδν,</span> <span class='ocrx_word' id='word_1_320' title='bbox 1757 2941 1835 3004; x_wconf 74' lang='grc' dir='ltr'>εἰς</span> <span class='ocrx_word' id='word_1_321' title='bbox 1861 2939 1952 2994; x_wconf 79' lang='grc' dir='ltr'>τὸν</span> 
     </span>
    </p>
   </div>
   <div class='ocr_carea' id='block_1_47' title="bbox 373 3032 1953 3109">
    <p class='ocr_par' dir='ltr' id='par_1_47' title="bbox 373 3032 1953 3109">
     <span class='ocr_line' id='line_1_47' title="bbox 373 3032 1953 3109; baseline -0.002 -20"><span class='ocrx_word' id='word_1_322' title='bbox 373 3035 474 3105; x_wconf 82' lang='grc' dir='ltr'>τῆς</span> <span class='ocrx_word' id='word_1_323' title='bbox 504 3036 608 3090; x_wconf 73' lang='grc' dir='ltr'><strong>ὑπὸ</strong></span> <span class='ocrx_word' id='word_1_324' title='bbox 636 3036 977 3109; x_wconf 89' lang='grc' dir='ltr'>Χριστιανῶν</span> <span class='ocrx_word' id='word_1_325' title='bbox 1003 3035 1269 3107; x_wconf 82' lang='grc' dir='ltr'>βασιλέων</span> <span class='ocrx_word' id='word_1_326' title='bbox 1313 3033 1592 3099; x_wconf 79' lang='grc' dir='ltr'>ἐξουσίας,</span> <span class='ocrx_word' id='word_1_327' title='bbox 1623 3035 1719 3086; x_wconf 77' lang='grc' dir='ltr'>καὶ</span> <span class='ocrx_word' id='word_1_328' title='bbox 1752 3033 1832 3097; x_wconf 82' lang='grc' dir='ltr'><strong>εἰς</strong></span> <span class='ocrx_word' id='word_1_329' title='bbox 1861 3032 1953 3086; x_wconf 77' lang='grc' dir='ltr'><strong>τόν</strong></span> 
     </span>
    </p>
   </div>
   <div class='ocr_carea' id='block_1_48' title="bbox 375 3126 1949 3200">
    <p class='ocr_par' dir='ltr' id='par_1_48' title="bbox 375 3126 1949 3200">
     <span class='ocr_line' id='line_1_48' title="bbox 375 3126 1949 3200; baseline -0.001 -18"><span class='ocrx_word' id='word_1_330' title='bbox 375 3129 483 3182; x_wconf 76' lang='grc' dir='ltr'><strong>ὑπὸ</strong></span> <span class='ocrx_word' id='word_1_331' title='bbox 505 3129 600 3182; x_wconf 86' lang='grc' dir='ltr'><strong>τοῦ</strong></span> <span class='ocrx_word' id='word_1_332' title='bbox 643 3129 1017 3200; x_wconf 80' lang='grc' dir='ltr'>Ἀντιχρίστου</span> <span class='ocrx_word' id='word_1_333' title='bbox 1049 3129 1146 3200; x_wconf 84' lang='grc' dir='ltr'>τῆς</span> <span class='ocrx_word' id='word_1_334' title='bbox 1178 3129 1493 3199; x_wconf 87' lang='grc' dir='ltr'>ἐπιδημίας.</span> <span class='ocrx_word' id='word_1_335' title='bbox 1532 3127 1726 3190; x_wconf 78' lang='grc' dir='ltr'>Πόλεις</span> <span class='ocrx_word' id='word_1_336' title='bbox 1761 3126 1818 3180; x_wconf 85' lang='grc' dir='ltr'>δὲ</span> <span class='ocrx_word' id='word_1_337' title='bbox 1844 3127 1949 3180; x_wconf 90' lang='grc' dir='ltr'><strong>τῶν</strong></span> 
     </span>
    </p>
   </div>
   <div class='ocr_carea' id='block_1_49' title="bbox 375 3218 1954 3293">
    <p class='ocr_par' dir='ltr' id='par_1_49' title="bbox 375 3218 1954 3293">
     <span class='ocr_line' id='line_1_49' title="bbox 375 3218 1954 3293; baseline 0 -21"><span class='ocrx_word' id='word_1_338' title='bbox 375 3221 547 3274; x_wconf 83' lang='grc' dir='ltr'>ἐθνῶν</span> <span class='ocrx_word' id='word_1_339' title='bbox 571 3221 628 3273; x_wconf 82' lang='grc' dir='ltr'>αἱ</span> <span class='ocrx_word' id='word_1_340' title='bbox 661 3221 982 3288; x_wconf 79' lang='grc' dir='ltr'>πίπτουσαι,</span> <span class='ocrx_word' id='word_1_341' title='bbox 1023 3221 1144 3293; x_wconf 82' lang='grc' dir='ltr'>ήτοι</span> <span class='ocrx_word' id='word_1_342' title='bbox 1186 3221 1243 3275; x_wconf 78' lang='grc' dir='ltr'>αἱ</span> <span class='ocrx_word' id='word_1_343' title='bbox 1272 3220 1522 3291; x_wconf 84' lang='grc' dir='ltr'>διάφοροι</span> <span class='ocrx_word' id='word_1_344' title='bbox 1563 3219 1695 3290; x_wconf 77' lang='grc' dir='ltr'>περὶ</span> <span class='ocrx_word' id='word_1_345' title='bbox 1733 3218 1834 3289; x_wconf 83' lang='grc' dir='ltr'>τὴν</span> <span class='ocrx_word' id='word_1_346' title='bbox 1861 3219 1954 3272; x_wconf 84' lang='grc' dir='ltr'><strong>εὐ-</strong></span> 
     </span>
    </p>
   </div>
   <div class='ocr_carea' id='block_1_50' title="bbox 376 3311 1955 3384">
    <p class='ocr_par' dir='ltr' id='par_1_50' title="bbox 376 3311 1955 3384">
     <span class='ocr_line' id='line_1_50' title="bbox 376 3311 1955 3384; baseline 0 -20"><span class='ocrx_word' id='word_1_347' title='bbox 376 3311 508 3382; x_wconf 80' lang='grc' dir='ltr'>σεϐῆ</span> <span class='ocrx_word' id='word_1_348' title='bbox 552 3313 737 3365; x_wconf 82' lang='grc' dir='ltr'>πίστιν</span> <span class='ocrx_word' id='word_1_349' title='bbox 773 3312 1076 3383; x_wconf 78' lang='grc' dir='ltr'>ὑπολήψεις</span> <span class='ocrx_word' id='word_1_350' title='bbox 1115 3315 1183 3384; x_wconf 82' lang='grc' dir='ltr'>τῇ</span> <span class='ocrx_word' id='word_1_351' title='bbox 1232 3311 1501 3383; x_wconf 69' lang='grc' dir='ltr'>διαφωνία</span> <span class='ocrx_word' id='word_1_352' title='bbox 1557 3313 1619 3365; x_wconf 75' lang='grc' dir='ltr'>τὸ</span> <span class='ocrx_word' id='word_1_353' title='bbox 1675 3311 1955 3366; x_wconf 79' lang='grc' dir='ltr'>εῦπτωτον</span> 
     </span>
    </p>
   </div>
   <div class='ocr_carea' id='block_1_51' title="bbox 388 3403 1509 3474">
    <p class='ocr_par' dir='ltr' id='par_1_51' title="bbox 388 3403 1509 3474">
     <span class='ocr_line' id='line_1_51' title="bbox 388 3403 1509 3474; baseline 0.003 -18"><span class='ocrx_word' id='word_1_354' title='bbox 388 3403 766 3474; x_wconf 84' lang='grc' dir='ltr'>κληρούμεναι</span> <span class='ocrx_word' id='word_1_355' title='bbox 789 3419 802 3434; x_wconf 75' lang='grc'><strong><em>³</em></strong></span> <span class='ocrx_word' id='word_1_356' title='bbox 833 3405 866 3474; x_wconf 79' lang='grc' dir='ltr'><strong>ἦ</strong></span> <span class='ocrx_word' id='word_1_357' title='bbox 896 3406 990 3459; x_wconf 73' lang='grc' dir='ltr'>καὶ</span> <span class='ocrx_word' id='word_1_358' title='bbox 1023 3405 1185 3458; x_wconf 77' lang='grc' dir='ltr'>αὐταὶ</span> <span class='ocrx_word' id='word_1_359' title='bbox 1216 3405 1272 3458; x_wconf 86' lang='grc' dir='ltr'>αἱ</span> <span class='ocrx_word' id='word_1_360' title='bbox 1303 3405 1509 3469; x_wconf 87' lang='grc' dir='ltr'>πόλεις.</span> 
     </span>
    </p>
   </div>
   <div class='ocr_carea' id='block_1_52' title="bbox 443 3495 1954 3566">
    <p class='ocr_par' dir='ltr' id='par_1_52' title="bbox 443 3495 1954 3566">
     <span class='ocr_line' id='line_1_52' title="bbox 443 3495 1954 3566; baseline 0.002 -16"><span class='ocrx_word' id='word_1_361' title='bbox 443 3497 552 3550; x_wconf 84' lang='lat' dir='ltr'><strong>Kal</strong></span> <span class='ocrx_word' id='word_1_362' title='bbox 581 3495 869 3550; x_wconf 78' lang='grc' dir='ltr'>Βαϐυλὼν</span> <span class='ocrx_word' id='word_1_363' title='bbox 915 3497 954 3564; x_wconf 79' lang='grc' dir='ltr'>ἡ</span> <span class='ocrx_word' id='word_1_364' title='bbox 989 3495 1220 3566; x_wconf 74' lang='grc' dir='ltr'>μεγάλη</span> <span class='ocrx_word' id='word_1_365' title='bbox 1249 3495 1524 3566; x_wconf 80' lang='grc' dir='ltr'>ἐμνήσθη</span> <span class='ocrx_word' id='word_1_366' title='bbox 1563 3497 1822 3553; x_wconf 73' lang='grc' dir='ltr'>ἐνώπιον</span> <span class='ocrx_word' id='word_1_367' title='bbox 1847 3499 1954 3553; x_wconf 82' lang='grc' dir='ltr'><strong>τοῦ</strong></span> 
     </span>
    </p>
   </div>
   <div class='ocr_carea' id='block_1_53' title="bbox 379 3585 1953 3658">
    <p class='ocr_par' dir='ltr' id='par_1_53' title="bbox 379 3585 1953 3658">
     <span class='ocr_line' id='line_1_53' title="bbox 379 3585 1953 3658; baseline 0.002 -18"><span class='ocrx_word' id='word_1_368' title='bbox 379 3586 548 3652; x_wconf 80' lang='grc' dir='ltr'>Θεοῦ,</span> <span class='ocrx_word' id='word_1_369' title='bbox 584 3586 798 3653; x_wconf 76' lang='grc' dir='ltr'>δοῦναι</span> <span class='ocrx_word' id='word_1_370' title='bbox 850 3586 1008 3656; x_wconf 75' lang='grc' dir='ltr'>αὐτῇ</span> <span class='ocrx_word' id='word_1_371' title='bbox 1040 3587 1107 3642; x_wconf 81' lang='grc' dir='ltr'>τὸ</span> <span class='ocrx_word' id='word_1_372' title='bbox 1146 3585 1434 3658; x_wconf 79' lang='grc' dir='ltr'>ποτήριον</span> <span class='ocrx_word' id='word_1_373' title='bbox 1490 3589 1597 3643; x_wconf 86' lang='grc' dir='ltr'><strong>τοῦ</strong></span> <span class='ocrx_word' id='word_1_374' title='bbox 1627 3590 1797 3644; x_wconf 78' lang='grc' dir='ltr'>οἴνου</span> <span class='ocrx_word' id='word_1_375' title='bbox 1847 3589 1953 3644; x_wconf 81' lang='grc' dir='ltr'><strong>τοῦ</strong></span> 
     </span>
    </p>
   </div>
   <div class='ocr_carea' id='block_1_54' title="bbox 375 3677 1951 3752">
    <p class='ocr_par' dir='ltr' id='par_1_54' title="bbox 375 3677 1951 3752">
     <span class='ocr_line' id='line_1_54' title="bbox 375 3677 1951 3752; baseline 0.003 -19"><span class='ocrx_word' id='word_1_376' title='bbox 375 3677 566 3748; x_wconf 85' lang='grc' dir='ltr'>θυμοῦ</span> <span class='ocrx_word' id='word_1_377' title='bbox 598 3677 709 3747; x_wconf 83' lang='grc' dir='ltr'>τῆς</span> <span class='ocrx_word' id='word_1_378' title='bbox 737 3679 920 3750; x_wconf 68' lang='grc' dir='ltr'>ὁρτῆς</span> <span class='ocrx_word' id='word_1_379' title='bbox 946 3680 1150 3740; x_wconf 85' lang='grc' dir='ltr'>αὐτοῦ,</span> <span class='ocrx_word' id='word_1_380' title='bbox 1186 3680 1280 3734; x_wconf 76' lang='grc' dir='ltr'>καὶ</span> <span class='ocrx_word' id='word_1_381' title='bbox 1314 3679 1484 3737; x_wconf 84' lang='grc' dir='ltr'>πᾶσα</span> <span class='ocrx_word' id='word_1_382' title='bbox 1524 3680 1720 3750; x_wconf 74' lang='grc' dir='ltr'>νῆσος</span> <span class='ocrx_word' id='word_1_383' title='bbox 1745 3683 1951 3752; x_wconf 73' lang='grc' dir='ltr'>ἔφυγε,</span> 
     </span>
    </p>
   </div>
   <div class='ocr_carea' id='block_1_55' title="bbox 373 3770 1952 3842">
    <p class='ocr_par' dir='ltr' id='par_1_55' title="bbox 373 3770 1952 3842">
     <span class='ocr_line' id='line_1_55' title="bbox 373 3770 1952 3842; baseline 0.002 -19"><span class='ocrx_word' id='word_1_384' title='bbox 373 3771 472 3824; x_wconf 77' lang='grc' dir='ltr'>καὶ</span> <span class='ocrx_word' id='word_1_385' title='bbox 501 3770 608 3840; x_wconf 82' lang='grc' dir='ltr'><strong>ὄρη</strong></span> <span class='ocrx_word' id='word_1_386' title='bbox 660 3773 775 3840; x_wconf 90' lang='grc' dir='ltr'><strong>οὐχ</strong></span> <span class='ocrx_word' id='word_1_387' title='bbox 807 3770 1162 3840; x_wconf 75' lang='grc' dir='ltr'>εὑρέθησαν.</span> <span class='ocrx_word' id='word_1_388' title='bbox 1202 3771 1308 3826; x_wconf 87' lang='lat' dir='ltr'><strong>Kal</strong></span> <span class='ocrx_word' id='word_1_389' title='bbox 1350 3771 1577 3842; x_wconf 79' lang='grc' dir='ltr'>χάλαζα</span> <span class='ocrx_word' id='word_1_390' title='bbox 1599 3773 1832 3842; x_wconf 78' lang='grc' dir='ltr'>μεγάλη</span> <span class='ocrx_word' id='word_1_391' title='bbox 1872 3775 1952 3840; x_wconf 83' lang='grc' dir='ltr'>ὡς</span> 
     </span>
    </p>
   </div>
   <div class='ocr_carea' id='block_1_56' title="bbox 373 3863 1952 3933">
    <p class='ocr_par' dir='ltr' id='par_1_56' title="bbox 373 3863 1952 3933">
     <span class='ocr_line' id='line_1_56' title="bbox 373 3863 1952 3933; baseline 0 -16"><span class='ocrx_word' id='word_1_392' title='bbox 373 3866 724 3918; x_wconf 69' lang='grc' dir='ltr'>ταλαντιαία</span> <span class='ocrx_word' id='word_1_393' title='bbox 754 3865 1096 3919; x_wconf 78' lang='grc' dir='ltr'>καταϐαίνει</span> <span class='ocrx_word' id='word_1_394' title='bbox 1133 3863 1202 3917; x_wconf 80' lang='grc' dir='ltr'>ἐκ</span> <span class='ocrx_word' id='word_1_395' title='bbox 1235 3865 1341 3920; x_wconf 83' lang='grc' dir='ltr'><strong>τοῦ</strong></span> <span class='ocrx_word' id='word_1_396' title='bbox 1374 3865 1636 3933; x_wconf 82' lang='grc' dir='ltr'>οὐρανοῦ</span> <span class='ocrx_word' id='word_1_397' title='bbox 1673 3867 1769 3920; x_wconf 69' lang='grc' dir='ltr'><strong>ἐπὶ</strong></span> <span class='ocrx_word' id='word_1_398' title='bbox 1813 3866 1952 3932; x_wconf 81' lang='grc' dir='ltr'>τοὺς</span> 
     </span>
    </p>
   </div>
   <div class='ocr_carea' id='block_1_57' title="bbox 372 3956 1954 4027">
    <p class='ocr_par' dir='ltr' id='par_1_57' title="bbox 372 3956 1954 4027">
     <span class='ocr_line' id='line_1_57' title="bbox 372 3956 1954 4027; baseline 0 -17"><span class='ocrx_word' id='word_1_399' title='bbox 372 3957 730 4024; x_wconf 81' lang='grc' dir='ltr'>ἀνθρώπους</span> <span class='ocrx_word' id='word_1_400' title='bbox 752 3973 766 3988; x_wconf 75' lang='grc' dir='ltr'><strong>ο</strong></span> <span class='ocrx_word' id='word_1_401' title='bbox 803 3956 900 4011; x_wconf 69' lang='grc' dir='ltr'>καὶ</span> <span class='ocrx_word' id='word_1_402' title='bbox 930 3957 1419 4027; x_wconf 70' lang='grc' dir='ltr'>ἐϐλασφήμησαν</span> <span class='ocrx_word' id='word_1_403' title='bbox 1444 3959 1495 4010; x_wconf 85' lang='lat' dir='ltr'><strong>ol</strong></span> <span class='ocrx_word' id='word_1_404' title='bbox 1520 3956 1818 4024; x_wconf 48' lang='grc' dir='ltr'>ἄνθιιωποι</span> <span class='ocrx_word' id='word_1_405' title='bbox 1847 3958 1954 4010; x_wconf 79' lang='grc' dir='ltr'><strong>τὸν</strong></span> 
     </span>
    </p>
   </div>
   <div class='ocr_carea' id='block_1_58' title="bbox 375 4049 1951 4120">
    <p class='ocr_par' dir='ltr' id='par_1_58' title="bbox 375 4049 1951 4120">
     <span class='ocr_line' id='line_1_58' title="bbox 375 4049 1951 4120; baseline 0 -18"><span class='ocrx_word' id='word_1_406' title='bbox 375 4051 524 4102; x_wconf 78' lang='grc' dir='ltr'><strong>Θεὸν</strong></span> <span class='ocrx_word' id='word_1_407' title='bbox 555 4051 623 4102; x_wconf 81' lang='grc' dir='ltr'>ἐκ</span> <span class='ocrx_word' id='word_1_408' title='bbox 679 4049 788 4117; x_wconf 85' lang='grc' dir='ltr'>τῆς</span> <span class='ocrx_word' id='word_1_409' title='bbox 820 4049 1060 4118; x_wconf 79' lang='grc' dir='ltr'>πληγῆς</span> <span class='ocrx_word' id='word_1_410' title='bbox 1097 4049 1204 4117; x_wconf 83' lang='grc' dir='ltr'>τῆς</span> <span class='ocrx_word' id='word_1_411' title='bbox 1258 4049 1540 4119; x_wconf 79' lang='grc' dir='ltr'>χαλάζης,</span> <span class='ocrx_word' id='word_1_412' title='bbox 1583 4051 1674 4103; x_wconf 84' lang='grc' dir='ltr'>ὅτι</span> <span class='ocrx_word' id='word_1_413' title='bbox 1719 4051 1951 4120; x_wconf 74' lang='grc' dir='ltr'>μεγάλη</span> 
     </span>
    </p>
   </div>
   <div class='ocr_carea' id='block_1_59' title="bbox 372 4136 1361 4211">
    <p class='ocr_par' dir='ltr' id='par_1_59' title="bbox 372 4136 1361 4211">
     <span class='ocr_line' id='line_1_59' title="bbox 372 4136 1361 4211; baseline 0.001 -17"><span class='ocrx_word' id='word_1_414' title='bbox 372 4140 546 4194; x_wconf 80' lang='grc' dir='ltr'>ἐστίν</span> <span class='ocrx_word' id='word_1_415' title='bbox 578 4141 617 4210; x_wconf 80' lang='grc' dir='ltr'><em>ἠ</em></span> <span class='ocrx_word' id='word_1_416' title='bbox 647 4136 852 4211; x_wconf 59' lang='grc' dir='ltr'>πληγὴ</span> <span class='ocrx_word' id='word_1_417' title='bbox 881 4141 1074 4210; x_wconf 84' lang='grc' dir='ltr'>αὐτῆς</span> <span class='ocrx_word' id='word_1_418' title='bbox 1101 4139 1361 4211; x_wconf 68' lang='grc' dir='ltr'>σφόδρα.</span> 
     </span>
    </p>
   </div>
   <div class='ocr_carea' id='block_1_60' title="bbox 449 4231 1953 4305">
    <p class='ocr_par' dir='ltr' id='par_1_60' title="bbox 449 4231 1953 4305">
     <span class='ocr_line' id='line_1_60' title="bbox 449 4231 1953 4305; baseline 0.001 -20"><span class='ocrx_word' id='word_1_419' title='bbox 449 4233 761 4298; x_wconf 80' lang='grc' dir='ltr'>Βαϐυλῶνα,</span> <span class='ocrx_word' id='word_1_420' title='bbox 785 4235 846 4287; x_wconf 82' lang='grc' dir='ltr'>οὐ</span> <span class='ocrx_word' id='word_1_421' title='bbox 871 4231 969 4304; x_wconf 78' lang='grc' dir='ltr'>τὴν</span> <span class='ocrx_word' id='word_1_422' title='bbox 1016 4232 1236 4304; x_wconf 84' lang='grc' dir='ltr'>Ῥώμην</span> <span class='ocrx_word' id='word_1_423' title='bbox 1266 4233 1416 4302; x_wconf 85' lang='grc' dir='ltr'>λέγει</span> <span class='ocrx_word' id='word_1_424' title='bbox 1444 4232 1540 4305; x_wconf 79' lang='grc' dir='ltr'>τὴν</span> <span class='ocrx_word' id='word_1_425' title='bbox 1567 4232 1832 4298; x_wconf 83' lang='grc' dir='ltr'>παλαιὰν,</span> <span class='ocrx_word' id='word_1_426' title='bbox 1865 4233 1953 4287; x_wconf 72' lang='grc' dir='ltr'><strong>διὰ</strong></span> 
     </span>
    </p>
   </div>
   <div class='ocr_carea' id='block_1_61' title="bbox 374 4325 1954 4398">
    <p class='ocr_par' dir='ltr' id='par_1_61' title="bbox 374 4325 1954 4398">
     <span class='ocr_line' id='line_1_61' title="bbox 374 4325 1954 4398; baseline 0.001 -19"><span class='ocrx_word' id='word_1_427' title='bbox 374 4326 436 4379; x_wconf 75' lang='grc' dir='ltr'><strong>τὸ</strong></span> <span class='ocrx_word' id='word_1_428' title='bbox 468 4327 525 4379; x_wconf 88' lang='grc' dir='ltr'><strong>ἐν</strong></span> <span class='ocrx_word' id='word_1_429' title='bbox 555 4326 692 4398; x_wconf 71' lang='grc' dir='ltr'>αὐτῇ</span> <span class='ocrx_word' id='word_1_430' title='bbox 743 4328 886 4379; x_wconf 82' lang='grc' dir='ltr'>κατὰ</span> <span class='ocrx_word' id='word_1_431' title='bbox 926 4326 1056 4390; x_wconf 71' lang='grc' dir='ltr'>τοὺς</span> <span class='ocrx_word' id='word_1_432' title='bbox 1095 4325 1440 4396; x_wconf 80' lang='grc' dir='ltr'>Ἑλληνικοὺς</span> <span class='ocrx_word' id='word_1_433' title='bbox 1471 4327 1694 4398; x_wconf 83' lang='grc' dir='ltr'>χρόνους</span> <span class='ocrx_word' id='word_1_434' title='bbox 1725 4327 1954 4390; x_wconf 80' lang='grc' dir='ltr'>πολλοὺς</span> 
     </span>
    </p>
   </div>
   <div class='ocr_carea' id='block_1_62' title="bbox 374 4415 1953 4488">
    <p class='ocr_par' dir='ltr' id='par_1_62' title="bbox 374 4415 1953 4488">
     <span class='ocr_line' id='line_1_62' title="bbox 374 4415 1953 4488; baseline -0.001 -18"><span class='ocrx_word' id='word_1_435' title='bbox 374 4417 485 4470; x_wconf 82' lang='grc' dir='ltr'><strong>τῶν</strong></span> <span class='ocrx_word' id='word_1_436' title='bbox 515 4416 689 4486; x_wconf 83' lang='grc' dir='ltr'>ἁγίων</span> <span class='ocrx_word' id='word_1_437' title='bbox 743 4415 1035 4488; x_wconf 89' lang='grc' dir='ltr'>μαρτύρων</span> <span class='ocrx_word' id='word_1_438' title='bbox 1083 4416 1276 4470; x_wconf 79' lang='grc' dir='ltr'>παθεῖν</span> <span class='ocrx_word' id='word_1_439' title='bbox 1305 4417 1374 4470; x_wconf 73' lang='grc' dir='ltr'>τὰ</span> <span class='ocrx_word' id='word_1_440' title='bbox 1422 4417 1692 4488; x_wconf 78' lang='grc' dir='ltr'>ἀνήκεστα</span> <span class='ocrx_word' id='word_1_441' title='bbox 1721 4433 1736 4448; x_wconf 77' lang='grc' dir='ltr'><strong><em>ο</em></strong></span> <span class='ocrx_word' id='word_1_442' title='bbox 1768 4417 1828 4470; x_wconf 82' lang='grc' dir='ltr'><strong>ού</strong></span> <span class='ocrx_word' id='word_1_443' title='bbox 1862 4416 1953 4469; x_wconf 79' lang='grc' dir='ltr'>τὸν</span> 
     </span>
    </p>
   </div>
   <div class='ocr_carea' id='block_1_63' title="bbox 2060 1943 3628 2016">
    <p class='ocr_par' dir='ltr' id='par_1_63' title="bbox 2060 1943 3628 2016">
     <span class='ocr_line' id='line_1_63' title="bbox 2060 1943 3628 2016; baseline 0.002 -19"><span class='ocrx_word' id='word_1_444' title='bbox 2060 1943 2342 1999; x_wconf 85' lang='lat' dir='ltr'><strong>hominum</strong></span> <span class='ocrx_word' id='word_1_445' title='bbox 2371 1946 2776 2002; x_wconf 89' lang='lat' dir='ltr'><strong>multitudinem</strong></span> <span class='ocrx_word' id='word_1_446' title='bbox 2825 1956 2922 2002; x_wconf 89' lang='lat' dir='ltr'><strong>aut</strong></span> <span class='ocrx_word' id='word_1_447' title='bbox 2965 1949 3259 2002; x_wconf 82' lang='lat' dir='ltr'><strong>maximam</strong></span> <span class='ocrx_word' id='word_1_448' title='bbox 3308 1947 3628 2016; x_wconf 72' lang='lat' dir='ltr'><strong>iactantiam</strong></span> 
     </span>
    </p>
   </div>
   <div class='ocr_carea' id='block_1_64' title="bbox 2059 2037 3632 2110">
    <p class='ocr_par' dir='ltr' id='par_1_64' title="bbox 2059 2037 3632 2110">
     <span class='ocr_line' id='line_1_64' title="bbox 2059 2037 3632 2110; baseline 0.002 -20"><span class='ocrx_word' id='word_1_449' title='bbox 2059 2037 2474 2107; x_wconf 80' lang='lat' dir='ltr'><strong>magniliearum</strong></span> <span class='ocrx_word' id='word_1_450' title='bbox 2550 2038 3012 2108; x_wconf 88' lang='lat' dir='ltr'><strong>possessionum,</strong></span> <span class='ocrx_word' id='word_1_451' title='bbox 3065 2050 3329 2110; x_wconf 89' lang='lat' dir='ltr'><strong>quantum</strong></span> <span class='ocrx_word' id='word_1_452' title='bbox 3413 2048 3632 2110; x_wconf 87' lang='lat' dir='ltr'><strong>propter</strong></span> 
     </span>
    </p>
   </div>
   <div class='ocr_carea' id='block_1_65' title="bbox 2057 2129 3634 2202">
    <p class='ocr_par' dir='ltr' id='par_1_65' title="bbox 2057 2129 3634 2202">
     <span class='ocr_line' id='line_1_65' title="bbox 2057 2129 3634 2202; baseline 0.003 -20"><span class='ocrx_word' id='word_1_453' title='bbox 2057 2129 2262 2184; x_wconf 87' lang='lat' dir='ltr'><strong>Christi</strong></span> <span class='ocrx_word' id='word_1_454' title='bbox 2314 2130 2622 2199; x_wconf 86' lang='lat' dir='ltr'><strong>passionem</strong></span> <span class='ocrx_word' id='word_1_455' title='bbox 2686 2146 2751 2187; x_wconf 91' lang='lat' dir='ltr'><strong>ac</strong></span> <span class='ocrx_word' id='word_1_456' title='bbox 2822 2131 3359 2202; x_wconf 81' lang='lat' dir='ltr'><strong>peregrinationem;</strong></span> <span class='ocrx_word' id='word_1_457' title='bbox 3411 2141 3634 2202; x_wconf 70' lang='lat' dir='ltr'><strong>propter</strong></span> 
     </span>
    </p>
   </div>
   <div class='ocr_carea' id='block_1_66' title="bbox 2059 2221 3630 2302">
    <p class='ocr_par' dir='ltr' id='par_1_66' title="bbox 2059 2221 3630 2302">
     <span class='ocr_line' id='line_1_66' title="bbox 2059 2221 3630 2302; baseline 0.002 -27"><span class='ocrx_word' id='word_1_458' title='bbox 2059 2222 2206 2292; x_wconf 92' lang='lat' dir='ltr'><strong>quod</strong></span> <span class='ocrx_word' id='word_1_459' title='bbox 2237 2222 2403 2278; x_wconf 89' lang='lat' dir='ltr'><strong>etiam</strong></span> <span class='ocrx_word' id='word_1_460' title='bbox 2437 2238 2502 2278; x_wconf 80' lang='lat' dir='ltr'><strong>ex</strong></span> <span class='ocrx_word' id='word_1_461' title='bbox 2525 2221 2755 2302; x_wconf 75' lang='lat' dir='ltr'><strong>adverso</strong></span> <span class='ocrx_word' id='word_1_462' title='bbox 2778 2224 3064 2294; x_wconf 69' lang='lat' dir='ltr'><strong>distinguit</strong></span> <span class='ocrx_word' id='word_1_463' title='bbox 3095 2226 3334 2295; x_wconf 81' lang='lat' dir='ltr'><strong>reliquas</strong></span> <span class='ocrx_word' id='word_1_464' title='bbox 3359 2225 3630 2289; x_wconf 82' lang='lat' dir='ltr'><strong>civitates,</strong></span> 
     </span>
    </p>
   </div>
   <div class='ocr_carea' id='block_1_67' title="bbox 2059 2313 3630 2385">
    <p class='ocr_par' dir='ltr' id='par_1_67' title="bbox 2059 2313 3630 2385">
     <span class='ocr_line' id='line_1_67' title="bbox 2059 2313 3630 2385; baseline 0.002 -20"><span class='ocrx_word' id='word_1_465' title='bbox 2059 2327 2196 2380; x_wconf 89' lang='lat' dir='ltr'><strong>quas</strong></span> <span class='ocrx_word' id='word_1_466' title='bbox 2227 2313 2396 2369; x_wconf 88' lang='lat' dir='ltr'><strong>moris</strong></span> <span class='ocrx_word' id='word_1_467' title='bbox 2425 2314 2578 2369; x_wconf 89' lang='lat' dir='ltr'><strong>estin</strong></span> <span class='ocrx_word' id='word_1_468' title='bbox 2605 2313 2882 2384; x_wconf 84' lang='lat' dir='ltr'><strong>Scriptura</strong></span> <span class='ocrx_word' id='word_1_469' title='bbox 2915 2330 3109 2370; x_wconf 87' lang='lat' dir='ltr'><strong>vocare</strong></span> <span class='ocrx_word' id='word_1_470' title='bbox 3142 2316 3475 2385; x_wconf 75' lang='lat' dir='ltr'><strong>gentilitias:</strong></span> <span class='ocrx_word' id='word_1_471' title='bbox 3505 2331 3630 2369; x_wconf 89' lang='lat' dir='ltr'><strong>nam</strong></span> 
     </span>
    </p>
   </div>
   <div class='ocr_carea' id='block_1_68' title="bbox 2061 2403 3634 2476">
    <p class='ocr_par' dir='ltr' id='par_1_68' title="bbox 2061 2403 3634 2476">
     <span class='ocr_line' id='line_1_68' title="bbox 2061 2403 3634 2476; baseline 0.001 -19"><span class='ocrx_word' id='word_1_472' title='bbox 2061 2403 2300 2473; x_wconf 84' lang='lat' dir='ltr'><strong>reliquos</strong></span> <span class='ocrx_word' id='word_1_473' title='bbox 2355 2405 2604 2460; x_wconf 89' lang='lat' dir='ltr'><strong>homines</strong></span> <span class='ocrx_word' id='word_1_474' title='bbox 2653 2409 2722 2459; x_wconf 89' lang='lat' dir='ltr'><strong>ab</strong></span> <span class='ocrx_word' id='word_1_475' title='bbox 2752 2405 3011 2461; x_wconf 83' lang='lat' dir='ltr'><strong>lsraelitis</strong></span> <span class='ocrx_word' id='word_1_476' title='bbox 3040 2405 3178 2461; x_wconf 87' lang='lat' dir='ltr'><strong>solet</strong></span> <span class='ocrx_word' id='word_1_477' title='bbox 3217 2417 3404 2476; x_wconf 59' lang='lat' dir='ltr'><strong>getttrs</strong></span> <span class='ocrx_word' id='word_1_478' title='bbox 3451 2408 3634 2476; x_wconf 81' lang='lat' dir='ltr'><strong>appcl-</strong></span> 
     </span>
    </p>
   </div>
   <div class='ocr_carea' id='block_1_69' title="bbox 2060 2495 3634 2567">
    <p class='ocr_par' dir='ltr' id='par_1_69' title="bbox 2060 2495 3634 2567">
     <span class='ocr_line' id='line_1_69' title="bbox 2060 2495 3634 2567; baseline 0.003 -19"><span class='ocrx_word' id='word_1_479' title='bbox 2060 2495 2191 2550; x_wconf 89' lang='lat' dir='ltr'><strong>lare.</strong></span> <span class='ocrx_word' id='word_1_480' title='bbox 2231 2495 2406 2567; x_wconf 85' lang='lat' dir='ltr'><strong>Hujus</strong></span> <span class='ocrx_word' id='word_1_481' title='bbox 2432 2506 2614 2551; x_wconf 83' lang='lat' dir='ltr'><strong>autem</strong></span> <span class='ocrx_word' id='word_1_482' title='bbox 2661 2496 2716 2551; x_wconf 90' lang='lat' dir='ltr'><strong>in</strong></span> <span class='ocrx_word' id='word_1_483' title='bbox 2750 2508 2859 2552; x_wconf 90' lang='lat' dir='ltr'><strong>tres</strong></span> <span class='ocrx_word' id='word_1_484' title='bbox 2890 2506 3073 2566; x_wconf 90' lang='lat' dir='ltr'><strong>partes</strong></span> <span class='ocrx_word' id='word_1_485' title='bbox 3095 2498 3295 2554; x_wconf 86' lang='lat' dir='ltr'><strong>divisio</strong></span> <span class='ocrx_word' id='word_1_486' title='bbox 3347 2498 3460 2552; x_wconf 84' lang='lat' dir='ltr'><strong>vult</strong></span> <span class='ocrx_word' id='word_1_487' title='bbox 3486 2497 3634 2552; x_wconf 85' lang='lat' dir='ltr'><strong>desi-</strong></span> 
     </span>
    </p>
   </div>
   <div class='ocr_carea' id='block_1_70' title="bbox 2060 2589 3634 2660">
    <p class='ocr_par' dir='ltr' id='par_1_70' title="bbox 2060 2589 3634 2660">
     <span class='ocr_line' id='line_1_70' title="bbox 2060 2589 3634 2660; baseline 0 -18"><span class='ocrx_word' id='word_1_488' title='bbox 2060 2604 2228 2658; x_wconf 82' lang='lat' dir='ltr'><strong>gnare</strong></span> <span class='ocrx_word' id='word_1_489' title='bbox 2269 2589 2640 2644; x_wconf 86' lang='lat' dir='ltr'><strong>diversitatem</strong></span> <span class='ocrx_word' id='word_1_490' title='bbox 2694 2602 2884 2644; x_wconf 85' lang='lat' dir='ltr'><strong>eorum</strong></span> <span class='ocrx_word' id='word_1_491' title='bbox 2947 2589 3040 2660; x_wconf 82' lang='lat' dir='ltr'><strong>qui</strong></span> <span class='ocrx_word' id='word_1_492' title='bbox 3080 2589 3134 2643; x_wconf 91' lang='lat' dir='ltr'><strong>in</strong></span> <span class='ocrx_word' id='word_1_493' title='bbox 3179 2603 3241 2644; x_wconf 89' lang='lat' dir='ltr'><strong>ea</strong></span> <span class='ocrx_word' id='word_1_494' title='bbox 3291 2589 3634 2656; x_wconf 87' lang='lat' dir='ltr'><strong>habitabant,</strong></span> 
     </span>
    </p>
   </div>
   <div class='ocr_carea' id='block_1_71' title="bbox 2061 2675 3634 2748">
    <p class='ocr_par' dir='ltr' id='par_1_71' title="bbox 2061 2675 3634 2748">
     <span class='ocr_line' id='line_1_71' title="bbox 2061 2675 3634 2748; baseline -0.001 -15"><span class='ocrx_word' id='word_1_495' title='bbox 2061 2693 2254 2748; x_wconf 90' lang='lat' dir='ltr'><strong>nempe</strong></span> <span class='ocrx_word' id='word_1_496' title='bbox 2279 2677 2742 2742; x_wconf 88' lang='lat' dir='ltr'><strong>Christianorum,</strong></span> <span class='ocrx_word' id='word_1_497' title='bbox 2763 2675 3103 2744; x_wconf 66' lang='lat' dir='ltr'><strong>Judaeorum,</strong></span> <span class='ocrx_word' id='word_1_498' title='bbox 3136 2676 3634 2734; x_wconf 78' lang='lat' dir='ltr'><strong>Samaritanorum.</strong></span> 
     </span>
    </p>
   </div>
   <div class='ocr_carea' id='block_1_72' title="bbox 2059 2761 3632 2843">
    <p class='ocr_par' dir='ltr' id='par_1_72' title="bbox 2059 2761 3632 2843">
     <span class='ocr_line' id='line_1_72' title="bbox 2059 2761 3632 2843; baseline 0.002 -20"><span class='ocrx_word' id='word_1_499' title='bbox 2059 2770 2176 2824; x_wconf 84' lang='lat' dir='ltr'><strong>Non</strong></span> <span class='ocrx_word' id='word_1_500' title='bbox 2211 2761 2372 2826; x_wconf 78' lang='lat' dir='ltr'><strong>fuerit</strong></span> <span class='ocrx_word' id='word_1_501' title='bbox 2403 2782 2582 2826; x_wconf 89' lang='lat' dir='ltr'><strong>tamen</strong></span> <span class='ocrx_word' id='word_1_502' title='bbox 2606 2771 3052 2841; x_wconf 72' lang='lat' dir='ltr'><strong>intempestivum</strong></span> <span class='ocrx_word' id='word_1_503' title='bbox 3067 2773 3343 2827; x_wconf 85' lang='lat' dir='ltr'><strong>civitatem</strong></span> <span class='ocrx_word' id='word_1_504' title='bbox 3379 2787 3632 2843; x_wconf 77' lang='lat' dir='ltr'><strong>magnam</strong></span> 
     </span>
    </p>
   </div>
   <div class='ocr_carea' id='block_1_73' title="bbox 2060 2863 3636 2936">
    <p class='ocr_par' dir='ltr' id='par_1_73' title="bbox 2060 2863 3636 2936">
     <span class='ocr_line' id='line_1_73' title="bbox 2060 2863 3636 2936; baseline 0.002 -21"><span class='ocrx_word' id='word_1_505' title='bbox 2060 2863 2307 2933; x_wconf 86' lang='lat' dir='ltr'><strong>accipere</strong></span> <span class='ocrx_word' id='word_1_506' title='bbox 2338 2872 2657 2930; x_wconf 64' lang='lat' dir='ltr'><strong>praesentem</strong></span> <span class='ocrx_word' id='word_1_507' title='bbox 2710 2865 2974 2925; x_wconf 87' lang='lat' dir='ltr'><strong>mundum</strong></span> <span class='ocrx_word' id='word_1_508' title='bbox 3011 2865 3064 2920; x_wconf 91' lang='lat' dir='ltr'><strong>in</strong></span> <span class='ocrx_word' id='word_1_509' title='bbox 3109 2874 3218 2920; x_wconf 87' lang='lat' dir='ltr'><strong>trcs</strong></span> <span class='ocrx_word' id='word_1_510' title='bbox 3274 2877 3457 2936; x_wconf 89' lang='lat' dir='ltr'><strong>partes</strong></span> <span class='ocrx_word' id='word_1_511' title='bbox 3485 2866 3636 2920; x_wconf 87' lang='lat' dir='ltr'><strong>divi-</strong></span> 
     </span>
    </p>
   </div>
   <div class='ocr_carea' id='block_1_74' title="bbox 2060 2955 3631 3028">
    <p class='ocr_par' dir='ltr' id='par_1_74' title="bbox 2060 2955 3631 3028">
     <span class='ocr_line' id='line_1_74' title="bbox 2060 2955 3631 3028; baseline 0.001 -20"><span class='ocrx_word' id='word_1_512' title='bbox 2060 2971 2180 3010; x_wconf 84' lang='lat' dir='ltr'><strong>sum</strong></span> <span class='ocrx_word' id='word_1_513' title='bbox 2229 2956 2298 3011; x_wconf 86' lang='lat' dir='ltr'><strong>ab</strong></span> <span class='ocrx_word' id='word_1_514' title='bbox 2330 2957 2563 3010; x_wconf 86' lang='lat' dir='ltr'><strong>adventu</strong></span> <span class='ocrx_word' id='word_1_515' title='bbox 2613 2955 2856 3012; x_wconf 85' lang='lat' dir='ltr'><strong>Christi:</strong></span> <span class='ocrx_word' id='word_1_516' title='bbox 2889 2969 3018 3028; x_wconf 90' lang='lat' dir='ltr'><strong>puta</strong></span> <span class='ocrx_word' id='word_1_517' title='bbox 3062 2957 3115 3012; x_wconf 91' lang='lat' dir='ltr'><strong>in</strong></span> <span class='ocrx_word' id='word_1_518' title='bbox 3149 2965 3361 3027; x_wconf 83' lang='lat' dir='ltr'><strong>tempus</strong></span> <span class='ocrx_word' id='word_1_519' title='bbox 3414 2958 3631 3028; x_wconf 86' lang='lat' dir='ltr'><strong>imperii</strong></span> 
     </span>
    </p>
   </div>
   <div class='ocr_carea' id='block_1_75' title="bbox 2062 3046 3632 3119">
    <p class='ocr_par' dir='ltr' id='par_1_75' title="bbox 2062 3046 3632 3119">
     <span class='ocr_line' id='line_1_75' title="bbox 2062 3046 3632 3119; baseline 0.001 -18"><span class='ocrx_word' id='word_1_520' title='bbox 2062 3046 2401 3114; x_wconf 52' lang='lat' dir='ltr'><strong>Graecorum,</strong></span> <span class='ocrx_word' id='word_1_521' title='bbox 2437 3047 2492 3102; x_wconf 91' lang='lat' dir='ltr'><strong>in</strong></span> <span class='ocrx_word' id='word_1_522' title='bbox 2522 3057 2736 3119; x_wconf 89' lang='lat' dir='ltr'><strong>tempus</strong></span> <span class='ocrx_word' id='word_1_523' title='bbox 2759 3049 3046 3119; x_wconf 89' lang='lat' dir='ltr'><strong>potestatis</strong></span> <span class='ocrx_word' id='word_1_524' title='bbox 3071 3065 3257 3118; x_wconf 77' lang='lat' dir='ltr'><strong>regum</strong></span> <span class='ocrx_word' id='word_1_525' title='bbox 3285 3050 3632 3104; x_wconf 86' lang='lat' dir='ltr'><strong>Christiano-</strong></span> 
     </span>
    </p>
   </div>
   <div class='ocr_carea' id='block_1_76' title="bbox 2065 3138 3634 3209">
    <p class='ocr_par' dir='ltr' id='par_1_76' title="bbox 2065 3138 3634 3209">
     <span class='ocr_line' id='line_1_76' title="bbox 2065 3138 3634 3209; baseline 0.001 -19"><span class='ocrx_word' id='word_1_526' title='bbox 2065 3155 2184 3193; x_wconf 89' lang='lat' dir='ltr'><strong>rntn</strong></span> <span class='ocrx_word' id='word_1_527' title='bbox 2219 3180 2234 3205; x_wconf 96' lang='lat'><strong>,</strong></span> <span class='ocrx_word' id='word_1_528' title='bbox 2281 3148 2336 3193; x_wconf 88' lang='lat' dir='ltr'><strong>ct</strong></span> <span class='ocrx_word' id='word_1_529' title='bbox 2398 3138 2452 3192; x_wconf 85' lang='lat' dir='ltr'><strong>in</strong></span> <span class='ocrx_word' id='word_1_530' title='bbox 2504 3147 2717 3209; x_wconf 86' lang='lat' dir='ltr'><strong>tempus</strong></span> <span class='ocrx_word' id='word_1_531' title='bbox 2783 3139 3050 3194; x_wconf 74' lang='lat' dir='ltr'><strong>adventus</strong></span> <span class='ocrx_word' id='word_1_532' title='bbox 3107 3139 3208 3194; x_wconf 87' lang='lat' dir='ltr'><strong>sub</strong></span> <span class='ocrx_word' id='word_1_533' title='bbox 3274 3139 3634 3194; x_wconf 64' lang='lat' dir='ltr'><strong>Antichristi).</strong></span> 
     </span>
    </p>
   </div>
   <div class='ocr_carea' id='block_1_77' title="bbox 2066 3228 3638 3299">
    <p class='ocr_par' dir='ltr' id='par_1_77' title="bbox 2066 3228 3638 3299">
     <span class='ocr_line' id='line_1_77' title="bbox 2066 3228 3638 3299; baseline 0.002 -17"><span class='ocrx_word' id='word_1_534' title='bbox 2066 3229 2237 3284; x_wconf 86' lang='lat' dir='ltr'><strong>l‘orro</strong></span> <span class='ocrx_word' id='word_1_535' title='bbox 2284 3228 2538 3284; x_wconf 85' lang='lat' dir='ltr'><strong>cadentes</strong></span> <span class='ocrx_word' id='word_1_536' title='bbox 2571 3231 2810 3299; x_wconf 84' lang='lat' dir='ltr'><strong>gentium</strong></span> <span class='ocrx_word' id='word_1_537' title='bbox 2871 3231 3140 3295; x_wconf 79' lang='lat' dir='ltr'><strong>civitates,</strong></span> <span class='ocrx_word' id='word_1_538' title='bbox 3167 3241 3262 3286; x_wconf 87' lang='lat' dir='ltr'><strong>aut</strong></span> <span class='ocrx_word' id='word_1_539' title='bbox 3298 3233 3461 3286; x_wconf 75' lang='lat' dir='ltr'><strong>varia:</strong></span> <span class='ocrx_word' id='word_1_540' title='bbox 3505 3239 3638 3286; x_wconf 92' lang='lat' dir='ltr'><strong>sunt</strong></span> 
     </span>
    </p>
   </div>
   <div class='ocr_carea' id='block_1_78' title="bbox 2011 3323 3632 3395">
    <p class='ocr_par' dir='ltr' id='par_1_78' title="bbox 2011 3323 3632 3395">
     <span class='ocr_line' id='line_1_78' title="bbox 2011 3323 3632 3395; baseline 0.002 -19"><span class='ocrx_word' id='word_1_541' title='bbox 2011 3391 2014 3394; x_wconf 8' lang='grc' dir='ltr'><strong><em>ἢ</em></strong></span> <span class='ocrx_word' id='word_1_542' title='bbox 2062 3323 2205 3378; x_wconf 89' lang='lat' dir='ltr'><strong>circa</strong></span> <span class='ocrx_word' id='word_1_543' title='bbox 2241 3323 2362 3377; x_wconf 85' lang='lat' dir='ltr'><strong>lidei</strong></span> <span class='ocrx_word' id='word_1_544' title='bbox 2403 3323 2658 3394; x_wconf 85' lang='lat' dir='ltr'><strong>pietatem</strong></span> <span class='ocrx_word' id='word_1_545' title='bbox 2691 3325 3000 3395; x_wconf 81' lang='lat' dir='ltr'><strong>opiniones,</strong></span> <span class='ocrx_word' id='word_1_546' title='bbox 3034 3340 3154 3394; x_wconf 69' lang='lat' dir='ltr'><strong>qua:</strong></span> <span class='ocrx_word' id='word_1_547' title='bbox 3178 3325 3249 3380; x_wconf 85' lang='lat' dir='ltr'><strong>ob</strong></span> <span class='ocrx_word' id='word_1_548' title='bbox 3281 3327 3366 3380; x_wconf 91' lang='lat' dir='ltr'><strong>sui</strong></span> <span class='ocrx_word' id='word_1_549' title='bbox 3416 3326 3632 3380; x_wconf 86' lang='lat' dir='ltr'><strong>discor-</strong></span> 
     </span>
    </p>
   </div>
   <div class='ocr_carea' id='block_1_79' title="bbox 2060 3413 3522 3488">
    <p class='ocr_par' dir='ltr' id='par_1_79' title="bbox 2060 3413 3522 3488">
     <span class='ocr_line' id='line_1_79' title="bbox 2060 3413 3522 3488; baseline 0.003 -22"><span class='ocrx_word' id='word_1_550' title='bbox 2060 3414 2206 3468; x_wconf 90' lang='lat' dir='ltr'><strong>diam</strong></span> <span class='ocrx_word' id='word_1_551' title='bbox 2239 3413 2396 3468; x_wconf 80' lang='lat' dir='ltr'><strong>facile</strong></span> <span class='ocrx_word' id='word_1_552' title='bbox 2418 3415 2699 3479; x_wconf 89' lang='lat' dir='ltr'><strong>dceidunt,</strong></span> <span class='ocrx_word' id='word_1_553' title='bbox 2727 3425 2822 3470; x_wconf 91' lang='lat' dir='ltr'><strong>aut</strong></span> <span class='ocrx_word' id='word_1_554' title='bbox 2862 3417 2991 3487; x_wconf 74' lang='lat' dir='ltr'><strong>ipsa:</strong></span> <span class='ocrx_word' id='word_1_555' title='bbox 3009 3433 3227 3488; x_wconf 68' lang='lat' dir='ltr'><strong>qunque</strong></span> <span class='ocrx_word' id='word_1_556' title='bbox 3254 3418 3522 3472; x_wconf 81' lang='lat' dir='ltr'><strong>civitates.</strong></span> 
     </span>
    </p>
   </div>
   <div class='ocr_carea' id='block_1_80' title="bbox 2131 3503 3633 3579">
    <p class='ocr_par' dir='ltr' id='par_1_80' title="bbox 2131 3503 3633 3579">
     <span class='ocr_line' id='line_1_80' title="bbox 2131 3503 3633 3579; baseline 0.003 -21"><span class='ocrx_word' id='word_1_557' title='bbox 2131 3503 2277 3572; x_wconf 81' lang='lat' dir='ltr'><strong>XVI,</strong></span> <span class='ocrx_word' id='word_1_558' title='bbox 2309 3505 2493 3560; x_wconf 71' lang='grc'><strong>19-21.</strong></span> <span class='ocrx_word' id='word_1_559' title='bbox 2535 3505 2603 3560; x_wconf 83' lang='lat' dir='ltr'><strong>Et</strong></span> <span class='ocrx_word' id='word_1_560' title='bbox 2640 3507 2882 3578; x_wconf 83' lang='lat' dir='ltr'><strong>Babylon</strong></span> <span class='ocrx_word' id='word_1_561' title='bbox 2914 3527 3106 3579; x_wconf 85' lang='lat' dir='ltr'><strong>magna</strong></span> <span class='ocrx_word' id='word_1_562' title='bbox 3156 3510 3288 3564; x_wconf 83' lang='lat' dir='ltr'><strong>renit</strong></span> <span class='ocrx_word' id='word_1_563' title='bbox 3329 3510 3382 3564; x_wconf 90' lang='lat' dir='ltr'><strong>in</strong></span> <span class='ocrx_word' id='word_1_564' title='bbox 3435 3525 3633 3563; x_wconf 79' lang='lat' dir='ltr'><strong>memo-</strong></span> 
     </span>
    </p>
   </div>
   <div class='ocr_carea' id='block_1_81' title="bbox 2061 3599 3633 3670">
    <p class='ocr_par' dir='ltr' id='par_1_81' title="bbox 2061 3599 3633 3670">
     <span class='ocr_line' id='line_1_81' title="bbox 2061 3599 3633 3670; baseline -0.001 -18"><span class='ocrx_word' id='word_1_565' title='bbox 2061 3600 2197 3652; x_wconf 91' lang='lat' dir='ltr'><strong>riam</strong></span> <span class='ocrx_word' id='word_1_566' title='bbox 2248 3617 2423 3652; x_wconf 83' lang='lat' dir='ltr'><strong>coram</strong></span> <span class='ocrx_word' id='word_1_567' title='bbox 2463 3599 2590 3663; x_wconf 85' lang='lat' dir='ltr'><strong>Deo,</strong></span> <span class='ocrx_word' id='word_1_568' title='bbox 2621 3609 2679 3654; x_wconf 91' lang='lat' dir='ltr'><strong>ut</strong></span> <span class='ocrx_word' id='word_1_569' title='bbox 2725 3601 2876 3655; x_wconf 86' lang='lat' dir='ltr'><strong>daret</strong></span> <span class='ocrx_word' id='word_1_570' title='bbox 2922 3602 3024 3670; x_wconf 84' lang='lat' dir='ltr'><strong>ipsi</strong></span> <span class='ocrx_word' id='word_1_571' title='bbox 3053 3602 3294 3668; x_wconf 75' lang='lat' dir='ltr'><strong>poculum</strong></span> <span class='ocrx_word' id='word_1_572' title='bbox 3333 3603 3435 3655; x_wconf 81' lang='lat' dir='ltr'><strong>vini</strong></span> <span class='ocrx_word' id='word_1_573' title='bbox 3489 3602 3633 3655; x_wconf 81' lang='lat' dir='ltr'><strong>iun’i-</strong></span> 
     </span>
    </p>
   </div>
   <div class='ocr_carea' id='block_1_82' title="bbox 2059 3693 3637 3766">
    <p class='ocr_par' dir='ltr' id='par_1_82' title="bbox 2059 3693 3637 3766">
     <span class='ocr_line' id='line_1_82' title="bbox 2059 3693 3637 3766; baseline 0.002 -22"><span class='ocrx_word' id='word_1_574' title='bbox 2059 3693 2320 3762; x_wconf 75' lang='lat' dir='ltr'><strong>gnaiionis</strong></span> <span class='ocrx_word' id='word_1_575' title='bbox 2352 3695 2446 3748; x_wconf 67' lang='lat' dir='ltr'><strong>ira:</strong></span> <span class='ocrx_word' id='word_1_576' title='bbox 2473 3710 2606 3748; x_wconf 68' lang='lat' dir='ltr'><strong>suae.</strong></span> <span class='ocrx_word' id='word_1_577' title='bbox 2641 3693 2706 3748; x_wconf 80' lang='lat' dir='ltr'><strong>Et</strong></span> <span class='ocrx_word' id='word_1_578' title='bbox 2748 3696 2919 3748; x_wconf 89' lang='lat' dir='ltr'><strong>omnis</strong></span> <span class='ocrx_word' id='word_1_579' title='bbox 2957 3696 3130 3749; x_wconf 78' lang='lat' dir='ltr'><strong>insula</strong></span> <span class='ocrx_word' id='word_1_580' title='bbox 3172 3696 3328 3766; x_wconf 79' lang='lat' dir='ltr'><strong>fugit,</strong></span> <span class='ocrx_word' id='word_1_581' title='bbox 3361 3705 3409 3748; x_wconf 79' lang='lat' dir='ltr'><strong>et</strong></span> <span class='ocrx_word' id='word_1_582' title='bbox 3442 3709 3637 3749; x_wconf 84' lang='lat' dir='ltr'><strong>mon&#39;es</strong></span> 
     </span>
    </p>
   </div>
   <div class='ocr_carea' id='block_1_83' title="bbox 2060 3787 3639 3859">
    <p class='ocr_par' dir='ltr' id='par_1_83' title="bbox 2060 3787 3639 3859">
     <span class='ocr_line' id='line_1_83' title="bbox 2060 3787 3639 3859; baseline 0 -21"><span class='ocrx_word' id='word_1_583' title='bbox 2060 3803 2162 3840; x_wconf 87' lang='lat' dir='ltr'><strong>non</strong></span> <span class='ocrx_word' id='word_1_584' title='bbox 2181 3794 2302 3840; x_wconf 87' lang='lat' dir='ltr'><strong>sunt</strong></span> <span class='ocrx_word' id='word_1_585' title='bbox 2336 3787 2552 3841; x_wconf 81' lang='lat' dir='ltr'><strong>inventi.</strong></span> <span class='ocrx_word' id='word_1_586' title='bbox 2592 3788 2760 3858; x_wconf 79' lang='lat'><strong>788</strong></span> <span class='ocrx_word' id='word_1_587' title='bbox 2789 3787 2860 3841; x_wconf 87' lang='lat' dir='ltr'><strong>Et</strong></span> <span class='ocrx_word' id='word_1_588' title='bbox 2896 3793 3098 3858; x_wconf 83' lang='lat' dir='ltr'><strong>grando</strong></span> <span class='ocrx_word' id='word_1_589' title='bbox 3130 3804 3323 3858; x_wconf 82' lang='lat' dir='ltr'><strong>magna</strong></span> <span class='ocrx_word' id='word_1_590' title='bbox 3354 3789 3504 3859; x_wconf 86' lang='lat' dir='ltr'><strong>quasi</strong></span> <span class='ocrx_word' id='word_1_591' title='bbox 3563 3798 3639 3840; x_wconf 88' lang='lat' dir='ltr'><strong>ta-</strong></span> 
     </span>
    </p>
   </div>
   <div class='ocr_carea' id='block_1_84' title="bbox 2059 3878 3636 3945">
    <p class='ocr_par' dir='ltr' id='par_1_84' title="bbox 2059 3878 3636 3945">
     <span class='ocr_line' id='line_1_84' title="bbox 2059 3878 3636 3945; baseline 0.003 -17"><span class='ocrx_word' id='word_1_592' title='bbox 2059 3878 2185 3931; x_wconf 79' lang='lat' dir='ltr'><strong>lenti</strong></span> <span class='ocrx_word' id='word_1_593' title='bbox 2239 3880 2467 3945; x_wconf 83' lang='lat' dir='ltr'><strong>pondere</strong></span> <span class='ocrx_word' id='word_1_594' title='bbox 2520 3880 2784 3934; x_wconf 71' lang='lat' dir='ltr'><strong>descendit</strong></span> <span class='ocrx_word' id='word_1_595' title='bbox 2847 3881 2912 3934; x_wconf 85' lang='lat' dir='ltr'><strong>de</strong></span> <span class='ocrx_word' id='word_1_596' title='bbox 2975 3881 3101 3934; x_wconf 70' lang='lat' dir='ltr'><strong>caelo</strong></span> <span class='ocrx_word' id='word_1_597' title='bbox 3144 3879 3199 3934; x_wconf 83' lang='lat' dir='ltr'><strong>in</strong></span> <span class='ocrx_word' id='word_1_598' title='bbox 3242 3881 3472 3933; x_wconf 77' lang='lat' dir='ltr'><strong>homines</strong></span> <span class='ocrx_word' id='word_1_599' title='bbox 3509 3897 3527 3934; x_wconf 90' lang='lat'><strong><em>:</em></strong></span> <span class='ocrx_word' id='word_1_600' title='bbox 3588 3892 3636 3934; x_wconf 87' lang='lat' dir='ltr'><strong>ct</strong></span> 
     </span>
    </p>
   </div>
   <div class='ocr_carea' id='block_1_85' title="bbox 2059 3969 3639 4042">
    <p class='ocr_par' dir='ltr' id='par_1_85' title="bbox 2059 3969 3639 4042">
     <span class='ocr_line' id='line_1_85' title="bbox 2059 3969 3639 4042; baseline 0.003 -21"><span class='ocrx_word' id='word_1_601' title='bbox 2059 3969 2551 4033; x_wconf 71' lang='lat' dir='ltr'><strong>blaspltemaverunt</strong></span> <span class='ocrx_word' id='word_1_602' title='bbox 2619 3971 2854 4026; x_wconf 82' lang='lat' dir='ltr'><strong>homines</strong></span> <span class='ocrx_word' id='word_1_603' title='bbox 2931 3971 3097 4026; x_wconf 77' lang='lat' dir='ltr'><strong>Deum</strong></span> <span class='ocrx_word' id='word_1_604' title='bbox 3157 3983 3367 4041; x_wconf 70' lang='lat' dir='ltr'><strong>promer</strong></span> <span class='ocrx_word' id='word_1_605' title='bbox 3429 3973 3639 4042; x_wconf 81' lang='lat' dir='ltr'><strong>pingant</strong></span> 
     </span>
    </p>
   </div>
   <div class='ocr_carea' id='block_1_86' title="bbox 2060 4061 3636 4134">
    <p class='ocr_par' dir='ltr' id='par_1_86' title="bbox 2060 4061 3636 4134">
     <span class='ocr_line' id='line_1_86' title="bbox 2060 4061 3636 4134; baseline 0.004 -24"><span class='ocrx_word' id='word_1_606' title='bbox 2060 4061 2358 4129; x_wconf 77' lang='lat' dir='ltr'><strong>grandinis,</strong></span> <span class='ocrx_word' id='word_1_607' title='bbox 2390 4064 2529 4132; x_wconf 85' lang='lat' dir='ltr'><strong>quod</strong></span> <span class='ocrx_word' id='word_1_608' title='bbox 2554 4079 2748 4133; x_wconf 86' lang='lat' dir='ltr'><strong>magna</strong></span> <span class='ocrx_word' id='word_1_609' title='bbox 2780 4074 2910 4118; x_wconf 76' lang='lat' dir='ltr'><strong>esset</strong></span> <span class='ocrx_word' id='word_1_610' title='bbox 2939 4064 3094 4134; x_wconf 80' lang='lat' dir='ltr'><strong>plaga</strong></span> <span class='ocrx_word' id='word_1_611' title='bbox 3140 4065 3254 4130; x_wconf 80' lang='lat' dir='ltr'><strong>eius</strong></span> <span class='ocrx_word' id='word_1_612' title='bbox 3289 4064 3636 4117; x_wconf 72' lang='lat' dir='ltr'><strong>vehementer.</strong></span> 
     </span>
    </p>
   </div>
   <div class='ocr_carea' id='block_1_87' title="bbox 2130 4238 3638 4310">
    <p class='ocr_par' dir='ltr' id='par_1_87' title="bbox 2130 4238 3638 4310">
     <span class='ocr_line' id='line_1_87' title="bbox 2130 4238 3638 4310; baseline -0.001 -17"><span class='ocrx_word' id='word_1_613' title='bbox 2130 4239 2460 4310; x_wconf 85' lang='lat' dir='ltr'><strong>Babylonem</strong></span> <span class='ocrx_word' id='word_1_614' title='bbox 2510 4239 2644 4294; x_wconf 89' lang='lat' dir='ltr'><strong>dicit</strong></span> <span class='ocrx_word' id='word_1_615' title='bbox 2701 4255 2807 4294; x_wconf 92' lang='lat' dir='ltr'><strong>non</strong></span> <span class='ocrx_word' id='word_1_616' title='bbox 2867 4247 3104 4292; x_wconf 75' lang='lat' dir='ltr'><strong>veterem</strong></span> <span class='ocrx_word' id='word_1_617' title='bbox 3163 4238 3412 4304; x_wconf 79' lang='lat' dir='ltr'><strong>Romam,</strong></span> <span class='ocrx_word' id='word_1_618' title='bbox 3464 4255 3638 4308; x_wconf 83' lang='lat' dir='ltr'><strong>quan-</strong></span> 
     </span>
    </p>
   </div>
   <div class='ocr_carea' id='block_1_88' title="bbox 2058 4329 3635 4402">
    <p class='ocr_par' dir='ltr' id='par_1_88' title="bbox 2058 4329 3635 4402">
     <span class='ocr_line' id='line_1_88' title="bbox 2058 4329 3635 4402; baseline 0.001 -20"><span class='ocrx_word' id='word_1_619' title='bbox 2058 4347 2220 4401; x_wconf 88' lang='lat' dir='ltr'><strong>quam</strong></span> <span class='ocrx_word' id='word_1_620' title='bbox 2265 4333 2319 4386; x_wconf 91' lang='lat' dir='ltr'><strong>in</strong></span> <span class='ocrx_word' id='word_1_621' title='bbox 2368 4347 2431 4386; x_wconf 88' lang='lat' dir='ltr'><strong>ea</strong></span> <span class='ocrx_word' id='word_1_622' title='bbox 2496 4332 2835 4402; x_wconf 89' lang='lat' dir='ltr'><strong>temporibus</strong></span> <span class='ocrx_word' id='word_1_623' title='bbox 2887 4330 3202 4386; x_wconf 71' lang='lat' dir='ltr'><strong>Graecorum</strong></span> <span class='ocrx_word' id='word_1_624' title='bbox 3263 4329 3416 4383; x_wconf 89' lang='lat' dir='ltr'><strong>multi</strong></span> <span class='ocrx_word' id='word_1_625' title='bbox 3463 4344 3577 4383; x_wconf 86' lang='lat' dir='ltr'><strong>sam</strong></span> <span class='ocrx_word' id='word_1_626' title='bbox 3601 4331 3635 4383; x_wconf 89' lang='lat' dir='ltr'><strong>ti</strong></span> 
     </span>
    </p>
   </div>
   <div class='ocr_carea' id='block_1_89' title="bbox 2059 4419 3636 4494">
    <p class='ocr_par' dir='ltr' id='par_1_89' title="bbox 2059 4419 3636 4494">
     <span class='ocr_line' id='line_1_89' title="bbox 2059 4419 3636 4494; baseline -0.003 -18"><span class='ocrx_word' id='word_1_627' title='bbox 2059 4432 2326 4494; x_wconf 79' lang='lat' dir='ltr'><strong>martyres</strong></span> <span class='ocrx_word' id='word_1_628' title='bbox 2361 4422 2580 4494; x_wconf 80' lang='lat' dir='ltr'><strong>indigna</strong></span> <span class='ocrx_word' id='word_1_629' title='bbox 2608 4421 2754 4492; x_wconf 88' lang='lat' dir='ltr'><strong>passi</strong></span> <span class='ocrx_word' id='word_1_630' title='bbox 2787 4422 2895 4477; x_wconf 89' lang='lat' dir='ltr'><strong>sint</strong></span> <span class='ocrx_word' id='word_1_631' title='bbox 2922 4437 2937 4486; x_wconf 89' lang='lat'><strong>;</strong></span> <span class='ocrx_word' id='word_1_632' title='bbox 2992 4435 3100 4475; x_wconf 89' lang='lat' dir='ltr'><strong>non</strong></span> <span class='ocrx_word' id='word_1_633' title='bbox 3129 4419 3386 4474; x_wconf 89' lang='lat' dir='ltr'><strong>mundum</strong></span> <span class='ocrx_word' id='word_1_634' title='bbox 3417 4419 3636 4473; x_wconf 80' lang='lat' dir='ltr'><strong>univer—</strong></span> 
     </span>
    </p>
   </div>
   <div class='ocr_carea' id='block_1_90' title="bbox 378 4503 1951 4601">
    <p class='ocr_par' dir='ltr' id='par_1_90' title="bbox 378 4503 1951 4580">
     <span class='ocr_line' id='line_1_90' title="bbox 378 4503 1951 4580; baseline 0 -18"><span class='ocrx_word' id='word_1_635' title='bbox 378 4509 595 4564; x_wconf 78' lang='grc' dir='ltr'>ᾶπαντα</span> <span class='ocrx_word' id='word_1_636' title='bbox 613 4509 820 4580; x_wconf 83' lang='grc' dir='ltr'>κόσμον</span> <span class='ocrx_word' id='word_1_637' title='bbox 843 4509 944 4563; x_wconf 82' lang='grc' dir='ltr'>κᾶν</span> <span class='ocrx_word' id='word_1_638' title='bbox 958 4508 1058 4580; x_wconf 78' lang='grc' dir='ltr'><strong>ἔχῃ</strong></span> <span class='ocrx_word' id='word_1_639' title='bbox 1074 4509 1196 4562; x_wconf 76' lang='grc' dir='ltr'>τινὰ</span> <span class='ocrx_word' id='word_1_640' title='bbox 1213 4507 1502 4578; x_wconf 81' lang='grc' dir='ltr'>ἀποδοχὴν,</span> <span class='ocrx_word' id='word_1_641' title='bbox 1533 4503 1686 4572; x_wconf 72' lang='grc' dir='ltr'>οὗτος</span> <span class='ocrx_word' id='word_1_642' title='bbox 1712 4510 1740 4562; x_wconf 92' lang='grc' dir='ltr'><strong>ό</strong></span> <span class='ocrx_word' id='word_1_643' title='bbox 1765 4508 1951 4577; x_wconf 82' lang='grc' dir='ltr'>λόγος,</span> 
     </span>
    </p>
   </div>
   <div class='ocr_carea' id='block_1_91' title="bbox 2057 4503 3638 4601">
    <p class='ocr_par' dir='ltr' id='par_1_91' title="bbox 2060 4513 3638 4585">
     <span class='ocr_line' id='line_1_91' title="bbox 2060 4513 3638 4585; baseline -0.004 -15"><span class='ocrx_word' id='word_1_644' title='bbox 2060 4529 2206 4578; x_wconf 90' lang='lat' dir='ltr'><strong>sum,</strong></span> <span class='ocrx_word' id='word_1_645' title='bbox 2249 4529 2561 4585; x_wconf 84' lang='lat' dir='ltr'><strong>quanquam</strong></span> <span class='ocrx_word' id='word_1_646' title='bbox 2600 4515 2746 4570; x_wconf 84' lang='lat' dir='ltr'><strong>hunc</strong></span> <span class='ocrx_word' id='word_1_647' title='bbox 2793 4530 3013 4570; x_wconf 88' lang='lat' dir='ltr'><strong>sensum</strong></span> <span class='ocrx_word' id='word_1_648' title='bbox 3062 4513 3303 4568; x_wconf 93' lang='lat' dir='ltr'><strong>nonnulli</strong></span> <span class='ocrx_word' id='word_1_649' title='bbox 3359 4528 3638 4566; x_wconf 73' lang='lat' dir='ltr'><strong>commcn-</strong></span> 
     </span>
    </p>
   </div>
   <div class='ocr_carea' id='block_1_92' title="bbox 382 4598 1951 4678">
    <p class='ocr_par' dir='ltr' id='par_1_92' title="bbox 382 4598 1950 4670">
     <span class='ocr_line' id='line_1_92' title="bbox 382 4598 1950 4670; baseline 0.002 -20"><span class='ocrx_word' id='word_1_650' title='bbox 382 4598 632 4669; x_wconf 84' lang='grc' dir='ltr'>εἰρῆσθαι</span> <span class='ocrx_word' id='word_1_651' title='bbox 659 4599 769 4670; x_wconf 73' lang='grc' dir='ltr'><strong>γὰρ</strong></span> <span class='ocrx_word' id='word_1_652' title='bbox 808 4598 970 4652; x_wconf 78' lang='grc' dir='ltr'>αὐτὸν</span> <span class='ocrx_word' id='word_1_653' title='bbox 1005 4599 1298 4654; x_wconf 78' lang='grc' dir='ltr'>Βαϐυλῶνα</span> <span class='ocrx_word' id='word_1_654' title='bbox 1323 4600 1415 4652; x_wconf 72' lang='grc' dir='ltr'>καὶ</span> <span class='ocrx_word' id='word_1_655' title='bbox 1444 4600 1709 4669; x_wconf 82' lang='grc' dir='ltr'>μεγάλην,</span> <span class='ocrx_word' id='word_1_656' title='bbox 1744 4600 1842 4653; x_wconf 80' lang='grc' dir='ltr'>ᾰτε</span> <span class='ocrx_word' id='word_1_657' title='bbox 1886 4603 1950 4653; x_wconf 85' lang='grc' dir='ltr'>ἐκ</span> 
     </span>
    </p>
   </div>
   <div class='ocr_carea' id='block_1_93' title="bbox 2057 4598 3636 4678">
    <p class='ocr_par' dir='ltr' id='par_1_93' title="bbox 2058 4603 3636 4678">
     <span class='ocr_line' id='line_1_93' title="bbox 2058 4603 3636 4678; baseline -0.004 -15"><span class='ocrx_word' id='word_1_658' title='bbox 2058 4609 2208 4670; x_wconf 89' lang='lat' dir='ltr'><strong>dent,</strong></span> <span class='ocrx_word' id='word_1_659' title='bbox 2249 4623 2372 4663; x_wconf 88' lang='lat' dir='ltr'><strong>cum</strong></span> <span class='ocrx_word' id='word_1_660' title='bbox 2419 4607 2602 4663; x_wconf 88' lang='lat' dir='ltr'><strong>dictus</strong></span> <span class='ocrx_word' id='word_1_661' title='bbox 2647 4607 2718 4664; x_wconf 90' lang='lat' dir='ltr'><strong>sit</strong></span> <span class='ocrx_word' id='word_1_662' title='bbox 2745 4607 2983 4678; x_wconf 83' lang='lat' dir='ltr'><strong>Babylon</strong></span> <span class='ocrx_word' id='word_1_663' title='bbox 3029 4615 3083 4661; x_wconf 90' lang='lat' dir='ltr'><strong>ct</strong></span> <span class='ocrx_word' id='word_1_664' title='bbox 3138 4620 3329 4676; x_wconf 83' lang='lat' dir='ltr'><strong>magna</strong></span> <span class='ocrx_word' id='word_1_665' title='bbox 3375 4603 3636 4674; x_wconf 85' lang='lat' dir='ltr'><strong>Babylon,</strong></span> 
     </span>
    </p>
   </div>
   <div class='ocr_carea' id='block_1_94' title="bbox 376 4689 1951 4772">
    <p class='ocr_par' dir='ltr' id='par_1_94' title="bbox 376 4689 1951 4762">
     <span class='ocr_line' id='line_1_94' title="bbox 376 4689 1951 4762; baseline 0.004 -22"><span class='ocrx_word' id='word_1_666' title='bbox 376 4689 488 4743; x_wconf 86' lang='grc' dir='ltr'><strong>τῶν</strong></span> <span class='ocrx_word' id='word_1_667' title='bbox 530 4689 624 4744; x_wconf 88' lang='grc' dir='ltr'><strong>τοῦ</strong></span> <span class='ocrx_word' id='word_1_668' title='bbox 658 4689 775 4761; x_wconf 86' lang='grc' dir='ltr'>βίου</span> <span class='ocrx_word' id='word_1_669' title='bbox 831 4690 1242 4762; x_wconf 87' lang='grc' dir='ltr'>περισπασμῶν</span> <span class='ocrx_word' id='word_1_670' title='bbox 1293 4690 1520 4744; x_wconf 89' lang='grc' dir='ltr'>είκαίων</span> <span class='ocrx_word' id='word_1_671' title='bbox 1557 4691 1617 4744; x_wconf 82' lang='grc' dir='ltr'>τὸ</span> <span class='ocrx_word' id='word_1_672' title='bbox 1665 4691 1951 4761; x_wconf 80' lang='grc' dir='ltr'>μεγαλεῖον</span> 
     </span>
    </p>
   </div>
   <div class='ocr_carea' id='block_1_95' title="bbox 2057 4689 3638 4772">
    <p class='ocr_par' dir='ltr' id='par_1_95' title="bbox 2060 4698 3638 4772">
     <span class='ocr_line' id='line_1_95' title="bbox 2060 4698 3638 4772; baseline -0.003 -18"><span class='ocrx_word' id='word_1_673' title='bbox 2060 4710 2120 4756; x_wconf 91' lang='lat' dir='ltr'><strong>ut</strong></span> <span class='ocrx_word' id='word_1_674' title='bbox 2161 4701 2254 4770; x_wconf 89' lang='lat' dir='ltr'><strong>qui</strong></span> <span class='ocrx_word' id='word_1_675' title='bbox 2311 4701 2742 4772; x_wconf 82' lang='lat' dir='ltr'><strong>magnitudinem</strong></span> <span class='ocrx_word' id='word_1_676' title='bbox 2780 4701 2973 4755; x_wconf 69' lang='lat' dir='ltr'><strong>haheat</strong></span> <span class='ocrx_word' id='word_1_677' title='bbox 3009 4716 3071 4755; x_wconf 79' lang='lat' dir='ltr'><strong>cx</strong></span> <span class='ocrx_word' id='word_1_678' title='bbox 3115 4699 3270 4754; x_wconf 88' lang='lat' dir='ltr'><strong>vanis</strong></span> <span class='ocrx_word' id='word_1_679' title='bbox 3324 4698 3486 4768; x_wconf 85' lang='lat' dir='ltr'><strong>hujus</strong></span> <span class='ocrx_word' id='word_1_680' title='bbox 3514 4698 3638 4751; x_wconf 67' lang='lat' dir='ltr'><strong>vitae</strong></span> 
     </span>
    </p>
   </div>
   <div class='ocr_carea' id='block_1_96' title="bbox 376 4782 1952 4854">
    <p class='ocr_par' dir='ltr' id='par_1_96' title="bbox 376 4782 1952 4854">
     <span class='ocr_line' id='line_1_96' title="bbox 376 4782 1952 4854; baseline 0.001 -18"><span class='ocrx_word' id='word_1_681' title='bbox 376 4783 650 4853; x_wconf 72' lang='grc' dir='ltr'>ἐσχηκότα</span> <span class='ocrx_word' id='word_1_682' title='bbox 676 4798 692 4813; x_wconf 88' lang='grc'><strong>·</strong></span> <span class='ocrx_word' id='word_1_683' title='bbox 731 4784 780 4836; x_wconf 87' lang='grc' dir='ltr'><strong>εί</strong></span> <span class='ocrx_word' id='word_1_684' title='bbox 814 4783 922 4854; x_wconf 73' lang='grc' dir='ltr'><strong>γὰρ</strong></span> <span class='ocrx_word' id='word_1_685' title='bbox 953 4784 983 4836; x_wconf 90' lang='grc' dir='ltr'><strong>ό</strong></span> <span class='ocrx_word' id='word_1_686' title='bbox 1021 4783 1224 4854; x_wconf 89' lang='grc' dir='ltr'>κόσμος</span> <span class='ocrx_word' id='word_1_687' title='bbox 1253 4782 1341 4836; x_wconf 82' lang='grc' dir='ltr'>διὰ</span> <span class='ocrx_word' id='word_1_688' title='bbox 1369 4783 1468 4852; x_wconf 81' lang='grc' dir='ltr'>τῆς</span> <span class='ocrx_word' id='word_1_689' title='bbox 1507 4783 1824 4847; x_wconf 86' lang='grc' dir='ltr'>Βαϐυλῶνος</span> <span class='ocrx_word' id='word_1_690' title='bbox 1851 4785 1952 4837; x_wconf 85' lang='grc' dir='ltr'><strong>ὑπ-</strong></span> 
     </span>
    </p>
   </div>
   <div class='ocr_carea' id='block_1_97' title="bbox 375 4874 1950 4946">
    <p class='ocr_par' dir='ltr' id='par_1_97' title="bbox 375 4874 1950 4946">
     <span class='ocr_line' id='line_1_97' title="bbox 375 4874 1950 4946; baseline 0 -18"><span class='ocrx_word' id='word_1_691' title='bbox 375 4874 680 4945; x_wconf 81' lang='grc' dir='ltr'>εσημάνθη,</span> <span class='ocrx_word' id='word_1_692' title='bbox 705 4874 787 4938; x_wconf 86' lang='grc' dir='ltr'><strong>τίς</strong></span> <span class='ocrx_word' id='word_1_693' title='bbox 805 4875 838 4944; x_wconf 85' lang='grc' dir='ltr'><strong>ή</strong></span> <span class='ocrx_word' id='word_1_694' title='bbox 853 4874 1104 4946; x_wconf 83' lang='grc' dir='ltr'>διαστολὴ</span> <span class='ocrx_word' id='word_1_695' title='bbox 1128 4874 1237 4928; x_wconf 87' lang='grc' dir='ltr'><strong>τῶν</strong></span> <span class='ocrx_word' id='word_1_696' title='bbox 1264 4876 1442 4944; x_wconf 85' lang='grc' dir='ltr'>νήσων</span> <span class='ocrx_word' id='word_1_697' title='bbox 1467 4875 1575 4928; x_wconf 71' lang='grc' dir='ltr'><strong>ἀπὸ</strong></span> <span class='ocrx_word' id='word_1_698' title='bbox 1598 4875 1690 4929; x_wconf 87' lang='grc' dir='ltr'><strong>τοῦ</strong></span> <span class='ocrx_word' id='word_1_699' title='bbox 1721 4876 1950 4946; x_wconf 87' lang='grc' dir='ltr'>κόσμου,</span> 
     </span>
    </p>
   </div>
   <div class='ocr_carea' id='block_1_98' title="bbox 381 4964 1954 5039">
    <p class='ocr_par' dir='ltr' id='par_1_98' title="bbox 381 4964 1954 5039">
     <span class='ocr_line' id='line_1_98' title="bbox 381 4964 1954 5039; baseline 0.002 -19"><span class='ocrx_word' id='word_1_700' title='bbox 381 4968 548 5039; x_wconf 84' lang='grc' dir='ltr'>μέρος</span> <span class='ocrx_word' id='word_1_701' title='bbox 582 4966 760 5021; x_wconf 75' lang='grc' dir='ltr'>οὐσῶν</span> <span class='ocrx_word' id='word_1_702' title='bbox 785 4966 880 5020; x_wconf 88' lang='grc' dir='ltr'><strong>τοῦ</strong></span> <span class='ocrx_word' id='word_1_703' title='bbox 907 4967 1115 5037; x_wconf 87' lang='grc' dir='ltr'>κόσμου</span> <span class='ocrx_word' id='word_1_704' title='bbox 1167 4968 1264 5021; x_wconf 75' lang='grc' dir='ltr'>καὶ</span> <span class='ocrx_word' id='word_1_705' title='bbox 1305 4966 1522 5030; x_wconf 68' lang='grc' dir='ltr'>αὑτῶνς</span> <span class='ocrx_word' id='word_1_706' title='bbox 1561 4967 1821 5021; x_wconf 82' lang='grc' dir='ltr'>Λείπεται</span> <span class='ocrx_word' id='word_1_707' title='bbox 1858 4964 1954 5023; x_wconf 80' lang='grc' dir='ltr'>οὖν</span> 
     </span>
    </p>
   </div>
   <div class='ocr_carea' id='block_1_99' title="bbox 380 5058 1954 5130">
    <p class='ocr_par' dir='ltr' id='par_1_99' title="bbox 380 5058 1954 5130">
     <span class='ocr_line' id='line_1_99' title="bbox 380 5058 1954 5130; baseline 0.001 -19"><span class='ocrx_word' id='word_1_708' title='bbox 380 5059 465 5112; x_wconf 87' lang='grc' dir='ltr'><strong>ἐτέ</strong></span> <span class='ocrx_word' id='word_1_709' title='bbox 476 5076 574 5130; x_wconf 88' lang='grc' dir='ltr'><strong>ραν</strong></span> <span class='ocrx_word' id='word_1_710' title='bbox 611 5058 726 5130; x_wconf 86' lang='grc'><strong>(56)</strong></span> <span class='ocrx_word' id='word_1_711' title='bbox 759 5059 1007 5112; x_wconf 78' lang='grc' dir='ltr'>ὑπονοεῖν</span> <span class='ocrx_word' id='word_1_712' title='bbox 1034 5059 1331 5114; x_wconf 88' lang='grc' dir='ltr'>Βαϐυλῶνα</span> <span class='ocrx_word' id='word_1_713' title='bbox 1356 5061 1529 5114; x_wconf 87' lang='grc' dir='ltr'>είκότι</span> <span class='ocrx_word' id='word_1_714' title='bbox 1553 5060 1697 5130; x_wconf 84' lang='grc' dir='ltr'>λόγῳ</span> <span class='ocrx_word' id='word_1_715' title='bbox 1716 5077 1731 5093; x_wconf 91' lang='grc'><strong>·</strong></span> <span class='ocrx_word' id='word_1_716' title='bbox 1755 5062 1851 5114; x_wconf 71' lang='grc' dir='ltr'>καὶ</span> <span class='ocrx_word' id='word_1_717' title='bbox 1871 5059 1954 5123; x_wconf 91' lang='grc' dir='ltr'><strong>τίς</strong></span> 
     </span>
    </p>
   </div>
   <div class='ocr_carea' id='block_1_100' title="bbox 378 5145 1957 5225">
    <p class='ocr_par' dir='ltr' id='par_1_100' title="bbox 378 5145 1957 5225">
     <span class='ocr_line' id='line_1_100' title="bbox 378 5145 1957 5225; baseline 0.001 -22"><span class='ocrx_word' id='word_1_718' title='bbox 378 5151 554 5219; x_wconf 86' lang='grc' dir='ltr'>αῦτη;</span> <span class='ocrx_word' id='word_1_719' title='bbox 590 5151 706 5205; x_wconf 87' lang='grc' dir='ltr'><strong>Ούκ</strong></span> <span class='ocrx_word' id='word_1_720' title='bbox 729 5151 890 5220; x_wconf 77' lang='grc' dir='ltr'>ἄλλη,</span> <span class='ocrx_word' id='word_1_721' title='bbox 917 5152 950 5222; x_wconf 84' lang='grc' dir='ltr'><strong>ἢ</strong></span> <span class='ocrx_word' id='word_1_722' title='bbox 974 5155 1006 5223; x_wconf 82' lang='grc' dir='ltr'>ἡ</span> <span class='ocrx_word' id='word_1_723' title='bbox 1033 5152 1470 5216; x_wconf 82' lang='grc' dir='ltr'>Κωνσταντίνου,</span> <span class='ocrx_word' id='word_1_724' title='bbox 1512 5152 1570 5205; x_wconf 80' lang='grc' dir='ltr'><strong>ἐν</strong></span> <span class='ocrx_word' id='word_1_725' title='bbox 1600 5145 1635 5225; x_wconf 83' lang='grc' dir='ltr'>ᾖ</span> <span class='ocrx_word' id='word_1_726' title='bbox 1680 5151 1850 5208; x_wconf 83' lang='grc' dir='ltr'>πάλαι</span> <span class='ocrx_word' id='word_1_727' title='bbox 1882 5152 1957 5206; x_wconf 77' lang='grc' dir='ltr'>διο</span> 
     </span>
    </p>
   </div>
   <div class='ocr_carea' id='block_1_101' title="bbox 379 5243 1962 5316">
    <p class='ocr_par' dir='ltr' id='par_1_101' title="bbox 379 5243 1962 5316">
     <span class='ocr_line' id='line_1_101' title="bbox 379 5243 1962 5316; baseline 0.001 -19"><span class='ocrx_word' id='word_1_728' title='bbox 379 5243 645 5314; x_wconf 86' lang='grc' dir='ltr'>καιοσύνη</span> <span class='ocrx_word' id='word_1_729' title='bbox 677 5245 984 5316; x_wconf 87' lang='grc' dir='ltr'>ἐκοσμήθη,</span> <span class='ocrx_word' id='word_1_730' title='bbox 1041 5245 1138 5299; x_wconf 88' lang='grc' dir='ltr'><strong>νῦν</strong></span> <span class='ocrx_word' id='word_1_731' title='bbox 1181 5245 1238 5298; x_wconf 80' lang='grc' dir='ltr'>δὲ</span> <span class='ocrx_word' id='word_1_732' title='bbox 1285 5245 1344 5298; x_wconf 85' lang='grc' dir='ltr'><strong>ἐν</strong></span> <span class='ocrx_word' id='word_1_733' title='bbox 1389 5245 1528 5316; x_wconf 77' lang='grc' dir='ltr'>αὐτῇ</span> <span class='ocrx_word' id='word_1_734' title='bbox 1584 5248 1864 5315; x_wconf 73' lang='grc' dir='ltr'>φονευταὶ,</span> <span class='ocrx_word' id='word_1_735' title='bbox 1896 5245 1962 5298; x_wconf 87' lang='grc' dir='ltr'><strong>ἐκ</strong></span> 
     </span>
    </p>
   </div>
   <div class='ocr_carea' id='block_1_102' title="bbox 381 5335 1962 5406">
    <p class='ocr_par' dir='ltr' id='par_1_102' title="bbox 381 5335 1962 5406">
     <span class='ocr_line' id='line_1_102' title="bbox 381 5335 1962 5406; baseline 0.001 -17"><span class='ocrx_word' id='word_1_736' title='bbox 381 5335 728 5406; x_wconf 83' lang='grc' dir='ltr'>παραλλήλου</span> <span class='ocrx_word' id='word_1_737' title='bbox 761 5335 1018 5406; x_wconf 84' lang='grc' dir='ltr'>ἁμίλλης,</span> <span class='ocrx_word' id='word_1_738' title='bbox 1045 5336 1156 5389; x_wconf 85' lang='grc' dir='ltr'><strong>τῶν</strong></span> <span class='ocrx_word' id='word_1_739' title='bbox 1187 5335 1484 5389; x_wconf 85' lang='grc' dir='ltr'>πολιτικῶν</span> <span class='ocrx_word' id='word_1_740' title='bbox 1512 5338 1625 5400; x_wconf 88' lang='grc' dir='ltr'>τοῖς</span> <span class='ocrx_word' id='word_1_741' title='bbox 1669 5337 1962 5406; x_wconf 87' lang='grc' dir='ltr'>ἐκκλησια-</span> 
     </span>
    </p>
   </div>
   <div class='ocr_carea' id='block_1_103' title="bbox 383 5427 1960 5498">
    <p class='ocr_par' dir='ltr' id='par_1_103' title="bbox 383 5427 1960 5498">
     <span class='ocr_line' id='line_1_103' title="bbox 383 5427 1960 5498; baseline 0 -18"><span class='ocrx_word' id='word_1_742' title='bbox 383 5429 588 5491; x_wconf 86' lang='grc' dir='ltr'>στικοῖς</span> <span class='ocrx_word' id='word_1_743' title='bbox 627 5427 954 5498; x_wconf 79' lang='grc' dir='ltr'>ἐξισωθῆναι</span> <span class='ocrx_word' id='word_1_744' title='bbox 985 5427 1344 5492; x_wconf 87' lang='grc' dir='ltr'>σπευδόντων,</span> <span class='ocrx_word' id='word_1_745' title='bbox 1375 5427 1575 5496; x_wconf 80' lang='grc' dir='ltr'>μᾶλλον</span> <span class='ocrx_word' id='word_1_746' title='bbox 1610 5427 1665 5480; x_wconf 79' lang='grc' dir='ltr'>δὲ</span> <span class='ocrx_word' id='word_1_747' title='bbox 1695 5429 1796 5482; x_wconf 76' lang='grc' dir='ltr'>οὐκ</span> <span class='ocrx_word' id='word_1_748' title='bbox 1830 5429 1960 5480; x_wconf 74' lang='grc' dir='ltr'>ἰσω-</span> 
     </span>
    </p>
   </div>
   <div class='ocr_carea' id='block_1_104' title="bbox 382 5518 1952 5590">
    <p class='ocr_par' dir='ltr' id='par_1_104' title="bbox 382 5518 1952 5590">
     <span class='ocr_line' id='line_1_104' title="bbox 382 5518 1952 5590; baseline 0 -18"><span class='ocrx_word' id='word_1_749' title='bbox 382 5520 562 5589; x_wconf 81' lang='grc' dir='ltr'>θῆναι,</span> <span class='ocrx_word' id='word_1_750' title='bbox 595 5521 644 5571; x_wconf 78' lang='grc' dir='ltr'>εἰ</span> <span class='ocrx_word' id='word_1_751' title='bbox 682 5519 842 5590; x_wconf 86' lang='grc' dir='ltr'>μήτις</span> <span class='ocrx_word' id='word_1_752' title='bbox 873 5518 932 5584; x_wconf 81' lang='grc' dir='ltr'>ἐξ</span> <span class='ocrx_word' id='word_1_753' title='bbox 958 5519 1138 5572; x_wconf 85' lang='grc' dir='ltr'>αὐτῶν</span> <span class='ocrx_word' id='word_1_754' title='bbox 1177 5519 1282 5590; x_wconf 74' lang='grc' dir='ltr'><strong>ἄρῃ</strong></span> <span class='ocrx_word' id='word_1_755' title='bbox 1321 5519 1379 5571; x_wconf 78' lang='grc' dir='ltr'>τὸ</span> <span class='ocrx_word' id='word_1_756' title='bbox 1406 5521 1675 5589; x_wconf 84' lang='grc' dir='ltr'>ἀριστεῖον</span> <span class='ocrx_word' id='word_1_757' title='bbox 1707 5520 1790 5583; x_wconf 84' lang='grc' dir='ltr'><strong>είς</strong></span> <span class='ocrx_word' id='word_1_758' title='bbox 1829 5519 1952 5589; x_wconf 84' lang='grc' dir='ltr'>μεί-</span> 
     </span>
    </p>
   </div>
   <div class='ocr_carea' id='block_1_105' title="bbox 377 5607 1949 5682">
    <p class='ocr_par' dir='ltr' id='par_1_105' title="bbox 377 5607 1949 5682">
     <span class='ocr_line' id='line_1_105' title="bbox 377 5607 1949 5682; baseline 0.003 -21"><span class='ocrx_word' id='word_1_759' title='bbox 377 5607 505 5672; x_wconf 80' lang='grc' dir='ltr'>ζονα</span> <span class='ocrx_word' id='word_1_760' title='bbox 531 5609 678 5662; x_wconf 79' lang='grc' dir='ltr'>θείου</span> <span class='ocrx_word' id='word_1_761' title='bbox 723 5608 898 5680; x_wconf 85' lang='grc' dir='ltr'>θυμοῦ</span> <span class='ocrx_word' id='word_1_762' title='bbox 942 5608 1162 5679; x_wconf 75' lang='grc' dir='ltr'>ἄναψιν.</span> <span class='ocrx_word' id='word_1_763' title='bbox 1202 5611 1292 5662; x_wconf 74' lang='grc' dir='ltr'><strong>Διὸ</strong></span> <span class='ocrx_word' id='word_1_764' title='bbox 1335 5611 1429 5662; x_wconf 75' lang='grc' dir='ltr'>καὶ</span> <span class='ocrx_word' id='word_1_765' title='bbox 1462 5612 1494 5679; x_wconf 84' lang='grc' dir='ltr'><strong>ή</strong></span> <span class='ocrx_word' id='word_1_766' title='bbox 1525 5611 1742 5682; x_wconf 81' lang='grc' dir='ltr'>ἀπαθὴς</span> <span class='ocrx_word' id='word_1_767' title='bbox 1786 5611 1949 5681; x_wconf 79' lang='grc' dir='ltr'>φύσις</span> 
     </span>
    </p>
   </div>
   <div class='ocr_carea' id='block_1_106' title="bbox 450 5785 1227 5858">
    <p class='ocr_par' dir='ltr' id='par_1_106' title="bbox 450 5785 1227 5858">
     <span class='ocr_line' id='line_1_106' title="bbox 450 5785 1227 5858; baseline 0.004 -20"><span class='ocrx_word' id='word_1_768' title='bbox 450 5785 561 5858; x_wconf 69' lang='lat'><strong>(36)</strong></span> <span class='ocrx_word' id='word_1_769' title='bbox 616 5788 885 5858; x_wconf 80' lang='grc' dir='ltr'>Ἑτέρῳ...</span> <span class='ocrx_word' id='word_1_770' title='bbox 917 5787 1062 5857; x_wconf 81' lang='grc' dir='ltr'>λόγῳ</span> <span class='ocrx_word' id='word_1_771' title='bbox 1082 5787 1227 5856; x_wconf 75' lang='lat' dir='ltr'><strong>vulg.</strong></span> 
     </span>
    </p>
   </div>
   <div class='ocr_carea' id='block_1_107' title="bbox 659 5883 1278 5946">
    <p class='ocr_par' dir='ltr' id='par_1_107' title="bbox 659 5883 1278 5946">
     <span class='ocr_line' id='line_1_107' title="bbox 659 5883 1278 5946; baseline 0.01 -6"><span class='ocrx_word' id='word_1_772' title='bbox 659 5884 934 5945; x_wconf 74' lang='grc' dir='ltr'>ΡΑτιοι.</span> <span class='ocrx_word' id='word_1_773' title='bbox 976 5884 1094 5944; x_wconf 78' lang='lat' dir='ltr'><strong>Gn.</strong></span> <span class='ocrx_word' id='word_1_774' title='bbox 1123 5883 1278 5946; x_wconf 82' lang='lat' dir='ltr'><strong>CVI.</strong></span> 
     </span>
    </p>
   </div>
   <div class='ocr_carea' id='block_1_108' title="bbox 2057 4789 3631 4862">
    <p class='ocr_par' dir='ltr' id='par_1_108' title="bbox 2057 4789 3631 4862">
     <span class='ocr_line' id='line_1_108' title="bbox 2057 4789 3631 4862; baseline -0.003 -18"><span class='ocrx_word' id='word_1_775' title='bbox 2057 4792 2513 4862; x_wconf 78' lang='lat' dir='ltr'><strong>occupationibus</strong></span> <span class='ocrx_word' id='word_1_776' title='bbox 2547 4808 2609 4847; x_wconf 88' lang='lat' dir='ltr'><strong>ac</strong></span> <span class='ocrx_word' id='word_1_777' title='bbox 2633 4791 3082 4847; x_wconf 86' lang='lat' dir='ltr'><strong>distraetionihus</strong></span> <span class='ocrx_word' id='word_1_778' title='bbox 3111 4810 3123 4845; x_wconf 90' lang='lat'>:</span> <span class='ocrx_word' id='word_1_779' title='bbox 3158 4805 3284 4844; x_wconf 86' lang='lat' dir='ltr'><strong>nam</strong></span> <span class='ocrx_word' id='word_1_780' title='bbox 3314 4789 3358 4844; x_wconf 91' lang='lat' dir='ltr'><strong>si</strong></span> <span class='ocrx_word' id='word_1_781' title='bbox 3392 4789 3631 4841; x_wconf 89' lang='lat' dir='ltr'><strong>mundus</strong></span> 
     </span>
    </p>
   </div>
   <div class='ocr_carea' id='block_1_109' title="bbox 2060 4879 3640 4952">
    <p class='ocr_par' dir='ltr' id='par_1_109' title="bbox 2060 4879 3640 4952">
     <span class='ocr_line' id='line_1_109' title="bbox 2060 4879 3640 4952; baseline -0.001 -17"><span class='ocrx_word' id='word_1_782' title='bbox 2060 4896 2156 4951; x_wconf 89' lang='lat' dir='ltr'><strong>per</strong></span> <span class='ocrx_word' id='word_1_783' title='bbox 2177 4881 2511 4952; x_wconf 86' lang='lat' dir='ltr'><strong>Babylonem</strong></span> <span class='ocrx_word' id='word_1_784' title='bbox 2543 4882 2882 4952; x_wconf 80' lang='lat' dir='ltr'><strong>signillcatus</strong></span> <span class='ocrx_word' id='word_1_785' title='bbox 2911 4893 3077 4943; x_wconf 88' lang='lat' dir='ltr'><strong>esset.</strong></span> <span class='ocrx_word' id='word_1_786' title='bbox 3102 4895 3224 4950; x_wconf 66' lang='lat' dir='ltr'><strong>quae</strong></span> <span class='ocrx_word' id='word_1_787' title='bbox 3252 4888 3398 4935; x_wconf 80' lang='lat' dir='ltr'><strong>esset</strong></span> <span class='ocrx_word' id='word_1_788' title='bbox 3431 4879 3640 4933; x_wconf 84' lang='lat' dir='ltr'><strong>insula-</strong></span> 
     </span>
    </p>
   </div>
   <div class='ocr_carea' id='block_1_110' title="bbox 2060 4973 3639 5042">
    <p class='ocr_par' dir='ltr' id='par_1_110' title="bbox 2060 4973 3639 5042">
     <span class='ocr_line' id='line_1_110' title="bbox 2060 4973 3639 5042; baseline -0.001 -14"><span class='ocrx_word' id='word_1_789' title='bbox 2060 4989 2182 5028; x_wconf 92' lang='lat' dir='ltr'><strong>rum</strong></span> <span class='ocrx_word' id='word_1_790' title='bbox 2227 4973 2529 5028; x_wconf 85' lang='lat' dir='ltr'><strong>dill‘erentia</strong></span> <span class='ocrx_word' id='word_1_791' title='bbox 2564 4991 2594 5028; x_wconf 91' lang='lat' dir='ltr'><strong>a</strong></span> <span class='ocrx_word' id='word_1_792' title='bbox 2644 4975 2867 5042; x_wconf 88' lang='lat' dir='ltr'><strong>mundo,</strong></span> <span class='ocrx_word' id='word_1_793' title='bbox 2897 4989 3022 5029; x_wconf 93' lang='lat' dir='ltr'><strong>cum</strong></span> <span class='ocrx_word' id='word_1_794' title='bbox 3076 4983 3130 5028; x_wconf 90' lang='lat' dir='ltr'><strong>ct</strong></span> <span class='ocrx_word' id='word_1_795' title='bbox 3174 4974 3305 5042; x_wconf 73' lang='lat' dir='ltr'><strong>ipsa:</strong></span> <span class='ocrx_word' id='word_1_796' title='bbox 3345 4974 3452 5028; x_wconf 90' lang='lat' dir='ltr'><strong>sint</strong></span> <span class='ocrx_word' id='word_1_797' title='bbox 3509 4986 3639 5042; x_wconf 86' lang='lat' dir='ltr'><strong>pars</strong></span> 
     </span>
    </p>
   </div>
   <div class='ocr_carea' id='block_1_111' title="bbox 2063 5065 3638 5137">
    <p class='ocr_par' dir='ltr' id='par_1_111' title="bbox 2063 5065 3638 5137">
     <span class='ocr_line' id='line_1_111' title="bbox 2063 5065 3638 5137; baseline -0.001 -18"><span class='ocrx_word' id='word_1_798' title='bbox 2063 5066 2294 5119; x_wconf 82' lang='lat' dir='ltr'><strong>mundi?</strong></span> <span class='ocrx_word' id='word_1_799' title='bbox 2323 5065 2610 5134; x_wconf 74' lang='lat' dir='ltr'><strong>Reliquum</strong></span> <span class='ocrx_word' id='word_1_800' title='bbox 2634 5075 2719 5123; x_wconf 90' lang='lat' dir='ltr'><strong>cst</strong></span> <span class='ocrx_word' id='word_1_801' title='bbox 2743 5068 2907 5137; x_wconf 71' lang='lat' dir='ltr'><strong>igitur</strong></span> <span class='ocrx_word' id='word_1_802' title='bbox 2939 5075 2998 5120; x_wconf 91' lang='lat' dir='ltr'><strong>ut</strong></span> <span class='ocrx_word' id='word_1_803' title='bbox 3031 5067 3194 5120; x_wconf 88' lang='lat' dir='ltr'><strong>aliam</strong></span> <span class='ocrx_word' id='word_1_804' title='bbox 3231 5065 3513 5121; x_wconf 77' lang='lat' dir='ltr'><strong>verisimili</strong></span> <span class='ocrx_word' id='word_1_805' title='bbox 3551 5065 3638 5118; x_wconf 84' lang='lat' dir='ltr'><strong>in-</strong></span> 
     </span>
    </p>
   </div>
   <div class='ocr_carea' id='block_1_112' title="bbox 2058 5156 3639 5228">
    <p class='ocr_par' dir='ltr' id='par_1_112' title="bbox 2058 5156 3639 5228">
     <span class='ocr_line' id='line_1_112' title="bbox 2058 5156 3639 5228; baseline 0 -17"><span class='ocrx_word' id='word_1_806' title='bbox 2058 5157 2350 5228; x_wconf 81' lang='lat' dir='ltr'><strong>telligentia</strong></span> <span class='ocrx_word' id='word_1_807' title='bbox 2402 5156 2734 5228; x_wconf 87' lang='lat' dir='ltr'><strong>Babylonem</strong></span> <span class='ocrx_word' id='word_1_808' title='bbox 2786 5158 3195 5228; x_wconf 82' lang='lat' dir='ltr'><strong>intelligamus;</strong></span> <span class='ocrx_word' id='word_1_809' title='bbox 3253 5165 3308 5211; x_wconf 85' lang='lat' dir='ltr'><strong>et</strong></span> <span class='ocrx_word' id='word_1_810' title='bbox 3376 5171 3498 5226; x_wconf 67' lang='lat' dir='ltr'><strong>qua:</strong></span> <span class='ocrx_word' id='word_1_811' title='bbox 3553 5166 3639 5211; x_wconf 88' lang='lat' dir='ltr'><strong>est</strong></span> 
     </span>
    </p>
   </div>
   <div class='ocr_carea' id='block_1_113' title="bbox 2059 5249 3635 5321">
    <p class='ocr_par' dir='ltr' id='par_1_113' title="bbox 2059 5249 3635 5321">
     <span class='ocr_line' id='line_1_113' title="bbox 2059 5249 3635 5321; baseline -0.003 -15"><span class='ocrx_word' id='word_1_812' title='bbox 2059 5251 2214 5307; x_wconf 70' lang='lat' dir='ltr'><strong>haec?</strong></span> <span class='ocrx_word' id='word_1_813' title='bbox 2255 5249 2415 5306; x_wconf 89' lang='lat' dir='ltr'><strong>Certe</strong></span> <span class='ocrx_word' id='word_1_814' title='bbox 2466 5265 2575 5305; x_wconf 91' lang='lat' dir='ltr'><strong>non</strong></span> <span class='ocrx_word' id='word_1_815' title='bbox 2636 5250 2740 5304; x_wconf 91' lang='lat' dir='ltr'><strong>alia</strong></span> <span class='ocrx_word' id='word_1_816' title='bbox 2788 5266 2954 5321; x_wconf 91' lang='lat' dir='ltr'><strong>quam</strong></span> <span class='ocrx_word' id='word_1_817' title='bbox 3001 5249 3526 5320; x_wconf 85' lang='lat' dir='ltr'><strong>Constantinopolis,</strong></span> <span class='ocrx_word' id='word_1_818' title='bbox 3579 5250 3635 5302; x_wconf 91' lang='lat' dir='ltr'><strong>in</strong></span> 
     </span>
    </p>
   </div>
   <div class='ocr_carea' id='block_1_114' title="bbox 2059 5341 3632 5412">
    <p class='ocr_par' dir='ltr' id='par_1_114' title="bbox 2059 5341 3632 5412">
     <span class='ocr_line' id='line_1_114' title="bbox 2059 5341 3632 5412; baseline -0.004 -16"><span class='ocrx_word' id='word_1_819' title='bbox 2059 5357 2166 5412; x_wconf 89' lang='lat' dir='ltr'><strong>qua</strong></span> <span class='ocrx_word' id='word_1_820' title='bbox 2199 5341 2329 5395; x_wconf 89' lang='lat' dir='ltr'><strong>olim</strong></span> <span class='ocrx_word' id='word_1_821' title='bbox 2357 5342 2570 5412; x_wconf 86' lang='lat' dir='ltr'><strong>justitia</strong></span> <span class='ocrx_word' id='word_1_822' title='bbox 2605 5341 2910 5408; x_wconf 89' lang='lat' dir='ltr'><strong>colebatur,</strong></span> <span class='ocrx_word' id='word_1_823' title='bbox 2943 5357 3090 5396; x_wconf 89' lang='lat' dir='ltr'><strong>nunc</strong></span> <span class='ocrx_word' id='word_1_824' title='bbox 3121 5351 3301 5395; x_wconf 89' lang='lat' dir='ltr'><strong>autem</strong></span> <span class='ocrx_word' id='word_1_825' title='bbox 3326 5341 3378 5394; x_wconf 93' lang='lat' dir='ltr'><strong>iu</strong></span> <span class='ocrx_word' id='word_1_826' title='bbox 3401 5354 3463 5393; x_wconf 90' lang='lat' dir='ltr'><strong>ea</strong></span> <span class='ocrx_word' id='word_1_827' title='bbox 3503 5349 3632 5392; x_wconf 87' lang='lat' dir='ltr'><strong>sunt</strong></span> 
     </span>
    </p>
   </div>
   <div class='ocr_carea' id='block_1_115' title="bbox 2063 5433 3638 5490">
    <p class='ocr_par' dir='ltr' id='par_1_115' title="bbox 2063 5433 3638 5490">
     <span class='ocr_line' id='line_1_115' title="bbox 2063 5433 3638 5490; baseline -0.003 -2"><span class='ocrx_word' id='word_1_828' title='bbox 2063 5434 2350 5489; x_wconf 67' lang='lat' dir='ltr'><strong>homicida:</strong></span> <span class='ocrx_word' id='word_1_829' title='bbox 2401 5450 2468 5490; x_wconf 79' lang='lat' dir='ltr'><strong>ex</strong></span> <span class='ocrx_word' id='word_1_830' title='bbox 2510 5445 2695 5489; x_wconf 83' lang='lat' dir='ltr'><strong>mutua</strong></span> <span class='ocrx_word' id='word_1_831' title='bbox 2741 5434 3093 5489; x_wconf 81' lang='lat' dir='ltr'><strong>contentione</strong></span> <span class='ocrx_word' id='word_1_832' title='bbox 3131 5452 3144 5487; x_wconf 90' lang='lat'><strong>:</strong></span> <span class='ocrx_word' id='word_1_833' title='bbox 3184 5434 3312 5487; x_wconf 88' lang='lat' dir='ltr'><strong>dum</strong></span> <span class='ocrx_word' id='word_1_834' title='bbox 3351 5433 3496 5486; x_wconf 89' lang='lat' dir='ltr'><strong>cives</strong></span> <span class='ocrx_word' id='word_1_835' title='bbox 3551 5446 3638 5484; x_wconf 88' lang='lat' dir='ltr'><strong>ee-</strong></span> 
     </span>
    </p>
   </div>
   <div class='ocr_carea' id='block_1_116' title="bbox 2061 5525 3634 5598">
    <p class='ocr_par' dir='ltr' id='par_1_116' title="bbox 2061 5525 3634 5598">
     <span class='ocr_line' id='line_1_116' title="bbox 2061 5525 3634 5598; baseline -0.003 -18"><span class='ocrx_word' id='word_1_836' title='bbox 2061 5526 2391 5582; x_wconf 86' lang='lat' dir='ltr'><strong>clesiasticis</strong></span> <span class='ocrx_word' id='word_1_837' title='bbox 2421 5529 2623 5598; x_wconf 72' lang='lat' dir='ltr'><strong>mqnari</strong></span> <span class='ocrx_word' id='word_1_838' title='bbox 2651 5530 2918 5591; x_wconf 90' lang='lat' dir='ltr'><strong>nituntur,</strong></span> <span class='ocrx_word' id='word_1_839' title='bbox 2969 5528 3080 5581; x_wconf 91' lang='lat' dir='ltr'><strong>imo</strong></span> <span class='ocrx_word' id='word_1_840' title='bbox 3113 5541 3239 5580; x_wconf 86' lang='lat' dir='ltr'><strong>vero</strong></span> <span class='ocrx_word' id='word_1_841' title='bbox 3273 5540 3378 5578; x_wconf 88' lang='lat' dir='ltr'><strong>non</strong></span> <span class='ocrx_word' id='word_1_842' title='bbox 3407 5525 3634 5594; x_wconf 62' lang='lat' dir='ltr'><strong>aequari,</strong></span> 
     </span>
    </p>
   </div>
   <div class='ocr_carea' id='block_1_117' title="bbox 2061 5616 3634 5692">
    <p class='ocr_par' dir='ltr' id='par_1_117' title="bbox 2061 5616 3634 5692">
     <span class='ocr_line' id='line_1_117' title="bbox 2061 5616 3634 5692; baseline -0.003 -18"><span class='ocrx_word' id='word_1_843' title='bbox 2061 5617 2155 5674; x_wconf 88' lang='lat' dir='ltr'><strong>sed</strong></span> <span class='ocrx_word' id='word_1_844' title='bbox 2181 5619 2454 5690; x_wconf 87' lang='lat' dir='ltr'><strong>quispiam</strong></span> <span class='ocrx_word' id='word_1_845' title='bbox 2492 5621 2734 5692; x_wconf 86' lang='lat' dir='ltr'><strong>ipsorum</strong></span> <span class='ocrx_word' id='word_1_846' title='bbox 2772 5619 3053 5690; x_wconf 78' lang='lat' dir='ltr'><strong>praemium</strong></span> <span class='ocrx_word' id='word_1_847' title='bbox 3097 5618 3328 5688; x_wconf 86' lang='lat' dir='ltr'><strong>accipiat</strong></span> <span class='ocrx_word' id='word_1_848' title='bbox 3357 5619 3422 5670; x_wconf 90' lang='lat' dir='ltr'><strong>ad</strong></span> <span class='ocrx_word' id='word_1_849' title='bbox 3465 5616 3634 5687; x_wconf 83' lang='lat' dir='ltr'><strong>majo-</strong></span> 
     </span>
    </p>
   </div>
   <div class='ocr_carea' id='block_1_118' title="bbox 3197 5887 3273 5946">
    <p class='ocr_par' dir='ltr' id='par_1_118' title="bbox 3197 5887 3273 5946">
     <span class='ocr_line' id='line_1_118' title="bbox 3197 5887 3273 5946; baseline 0.026 -2"><span class='ocrx_word' id='word_1_850' title='bbox 3197 5887 3273 5946; x_wconf 77' lang='lat'><strong>‘23</strong></span> 
     </span>
    </p>
   </div>
  </div>
