4030 6574
398 420 496 481 717

1453 418 1833 481 COMMENT.
1878 420 1956 479 IN
1997 420 2524 481 APOCALYPSIN.

3526 417 3636 479 718

463 532 600 588 Μεθ’
634 527 707 603 ἧς
737 532 1117 601 ἐπόρνευσαν
1159 535 1213 586 ol
1259 534 1539 601 ,ϐασιλεῖς
1595 534 1704 602 τῆς
1741 533 1874 603 γῆς.
1898 535 1963 586 Ol

2143 534 2274 588 Cum
2308 552 2413 605 qua
2457 535 2680 590 scortati
2707 542 2828 588 sunt
2880 550 3020 604 reges
3049 542 3224 587 terra.
3262 532 3437 601 Reges
3484 542 3639 586 terrm

396 625 633 697 βασιλεῖς
665 624 767 694 τῆς
808 625 911 695 γῆς
967 618 1115 678 οὗτοί
1149 628 1286 679 εἰσιν
1317 628 1365 679 οί
1396 628 1606 696 γηῖνοις
1650 628 1961 696 φρονήμασι

395 716 533 784 πρὸς
568 713 629 766 τὸ
661 713 927 784 συρφετὸν
956 714 1052 767 τοῦ
1085 716 1354 785 παρόντος
1396 716 1510 787 βίου
1545 715 1962 770 ωτσκυλισθέν-

390 824 504 872 τες.
546 809 611 861 Ol.
635 807 681 861 δ’
712 808 868 861 αὐτοὶ
895 809 993 860 καὶ
1024 806 1426 878 ἐμεθύσθησαν,
1454 807 1530 878 τῷ
1572 808 1646 878 μὴ
1673 809 1736 860 ὲκ
1761 807 1961 877 μικρᾶς

392 904 487 956 καὶ
518 903 618 974 τῆς
645 906 914 974 τυχούσης
940 906 1209 975 χρήσεως,
1258 905 1376 959 ἀλλ’
1419 906 1481 958 ὲκ
1505 905 1700 959 πολλοῦ
1726 903 1820 958 τοῦ
1861 922 1959 957 πε-

396 996 621 1069 ριόντος,
650 995 1030 1067 ἐμφορηθῆναι
1061 999 1156 1067 τῆς
1193 996 1470 1060 ἀσεϐείας.

462 1086 569 1141 Kal
601 1085 903 1154 ἀπήνεγκέ
925 1104 1001 1156 με
1043 1090 1129 1155 είς
1161 1088 1384 1157 ἔρημον
1414 1089 1483 1142 ἐν
1523 1086 1835 1156 πνεύματι.
1853 1086 1964 1155 Τὴν

393 1176 659 1245 ἐσομένην
685 1176 742 1228 ἐν
770 1174 886 1238 τοίς
928 1180 1320 1247 πνευματικοῖς
1357 1178 1645 1248 ἐρήμωσιν
1682 1177 1715 1245 η
1763 1174 1964 1246 θεωρία

392 1267 713 1333 αἰνίττεται,
745 1268 813 1338 ἣν
836 1268 910 1333 ὡς
942 1272 1175 1337 γυναῖκα
1199 1270 1326 1323 ἰδεῖν
1351 1286 1483 1339 φησι
1503 1267 1964 1339 διατεθηλυμένην

391 1363 485 1414 καὶ
509 1359 583 1424 ὡς
618 1360 826 1432 πόρνην
861 1361 956 1415 καὶ
980 1360 1268 1434 ἄνανδρον,
1304 1363 1471 1434 μηδὲν
1499 1362 1729 1430 ἔχουσαν
1759 1377 1965 1430 σωφρο-

392 1454 559 1523 σύνης
594 1453 903 1525 γνώρισμα.
952 1456 1028 1509 Τδ
1061 1455 1117 1509 δὲ
1153 1458 1209 1509 ἐν
1256 1454 1527 1526 πνεύματι
1572 1454 1962 1525 ἀπενεχθῆναι,

391 1546 445 1599 τί
477 1546 541 1599 ἂν
568 1545 696 1600 ἄλλο
729 1547 1070 1616 σημαίνοιεν,
1104 1547 1136 1617 ἢ
1170 1547 1231 1601 τὸ
1278 1547 1353 1620 μὴ
1411 1546 1813 1619 πραγματικῶς
1846 1545 1962 1598 κατ’

393 1642 673 1712 ἐνέργειαν
702 1643 873 1695 ταῦτα
904 1643 1058 1714 όρᾷν,
1100 1640 1236 1695 ἀλλὰ
1282 1639 1635 1712 θεωρητικῶς
1659 1638 1961 1708 ἡξιῶσθαι;

2070 625 2124 679 1ιί
2174 637 2324 689 sunt,
2350 628 2442 697 qui
2479 637 2696 683 terreno
2745 641 2910 681 sensu
2950 626 3016 681 ad
3058 626 3301 698 vulgaria
3359 625 3639 695 praesentis

2070 715 2192 769 vitae
2221 717 2609 772 devolvuntur.
2646 715 2710 770 Hi
2758 726 2941 772 autem
2971 717 3135 772 etiam
3182 716 3436 771 inebriati
3484 727 3633 781 sunt,

2067 820 2135 861 eo
2182 807 2327 876 quod
2383 823 2491 862 non
2537 822 2603 862 ex
2640 806 2860 861 modico
2907 816 2960 861 ct
3011 807 3252 874 vulgato,
3284 806 3376 861 sed
3441 821 3638 878 magno

2069 914 2168 953 usu
2197 900 2543 968 praesentium
2577 900 2848 955 satientur
2880 899 3177 969 impietate.

2137 1071 2208 1126 Et
2242 1073 2462 1128 abstulit
2495 1090 2575 1128 me
2626 1075 2817 1144 spiritu
2854 1076 2907 1127 in
2953 1074 3237 1129 desertum.
3265 1074 3434 1144 790
3487 1072 3636 1130 Illam

2065 1165 2458 1221 desolationem
2519 1166 2910 1237 contemplatio
2969 1166 3220 1237 designat
3273 1182 3394 1236 qua:
3453 1165 3637 1221 futura

2065 1264 2149 1310 cst
2189 1258 2243 1310 in
2292 1258 2690 1327 spiritualihus,
2730 1274 2894 1329 quam
2929 1274 2988 1315 se
3024 1259 3226 1316 vidisse
3257 1261 3334 1314 ait
3376 1267 3634 1329 tanquam

2062 1346 2370 1415 mulierem,
2426 1366 2620 1422 nempe
2670 1350 3032 1406 effeminatam
3075 1364 3131 1407 et
3174 1352 3338 1407 veluti
3389 1352 3637 1406 meretri-

2067 1451 2181 1491 cem
2224 1453 2288 1493 ac
2341 1455 2532 1510 parum
2594 1442 2846 1507 virilem,
2908 1443 3225 1514 nullumque
3286 1444 3639 1499 continentiae

2067 1529 2282 1599 signum
2325 1531 2637 1587 habentem.
2664 1534 2836 1587 Porro
2866 1533 3011 1602 quod
3034 1534 3229 1604 spiritu
3257 1536 3508 1593 sublatus
3542 1536 3634 1603 sit,

2062 1620 2197 1690 quid
2240 1621 2387 1676 aliud
2440 1623 2752 1692 signiﬁcare
2796 1626 3122 1693 potest.nisi
3174 1628 3317 1696 quod
3362 1629 3478 1682 hac
3527 1643 3638 1682 non

404 1732 521 1801 Ἀφ’
552 1729 612 1787 οὗ
641 1733 736 1786 καὶ
764 1713 942 1803 ἄλλης
963 1734 1224 1802 γυναικὸς
1260 1732 1488 1803 ἰνδαλμα
1522 1730 1962 1803 χρηματισθῆναι

2064 1713 2447 1768 existimentur
2494 1715 2653 1787 digna
2708 1731 2831 1786 qum
2870 1718 3092 1772 realiter
3136 1728 3191 1772 et
3223 1718 3342 1788 ipso
3385 1729 3509 1774 actu
3549 1719 3637 1773 vi-

393 1826 485 1877 ὲπὶ
518 1824 707 1894 θηρίον
734 1825 986 1878 κόκκινον
1013 1818 1357 1895 καθημένην,
1392 1828 1625 1891 γυναῖκα
1652 1823 1743 1876 τὸν
1772 1822 1960 1894 καιρὸν

2066 1804 2318 1874 deantur,
2356 1806 2450 1863 sed
2500 1808 2554 1863 in
2586 1808 3081 1880 contemplatione?
3108 1811 3258 1866 Unde
3294 1812 3460 1866 etiam
3498 1815 3639 1868 alte-

394 1914 512 1965 καθ’
548 1891 608 1966 ὃν
655 1915 829 1968 ταῦτα
883 1891 1193 1983 διεξάγεται
1257 1891 1567 1986 παριστῶν,
1616 1913 1740 1967 καθ’
1776 1912 1835 1967 δν

2064 1898 2179 1952 rius
2202 1899 2445 1953 mulieris
2477 1900 2831 1955 simulacrum
2854 1902 3078 1956 oraculo
3103 1902 3467 1972 signiﬁcatum
3516 1920 3639 1960 esse

392 2005 624 2077 δταϐόλῳ
647 2008 741 2059 καὶ
771 2009 973 2076 αἰμοχα
984 2008 1067 2078 ρεῖ
1084 2006 1265 2078 (τοῦτο
1283 2006 1391 2076 γὰρ
1413 2006 1475 2060 τὸ
1500 2007 1751 2059 κόκκινον
1766 2004 1965 2078 χρῶμα

342 2092 348 2097 ’
390 2097 583 2167 δηλοῦν
610 2097 884 2168 βούλεται)
916 2098 943 2150 ό
980 2098 1071 2150 διὰ
1116 2096 1371 2167 πονηρῶν
1410 2096 1662 2166 πράξεων
1708 2097 1962 2166 ἐνεργοῦ-

395 2205 554 2257 μενος
582 2188 1025 2250 ἐπαναπαύεται,
1055 2188 1154 2257 τῆς
1179 2188 1448 2256 καθέδρας
1475 2186 1632 2240 τοῦτο
1660 2190 1800 2240 νοεῖν
1835 2188 1966 2241 ὑπο-

390 2279 743 2351 ϐαλλομένης.
803 2281 1075 2351 Ὀνόματα
1123 2279 1179 2334 δὲ
1229 2278 1601 2349 βλασφημίας,
1628 2279 1688 2332 τὸ
1717 2278 1795 2350 τῷ
1844 2278 1965 2351 Θεῷ

394 2370 602 2441 πρέπον
638 2371 800 2437 σέϐας
830 2371 907 2443 τῷ
943 2371 1173 2442 διαϐόλῳ
1211 2370 1544 2425 ἀνατιθέναι.

468 2628 570 2681 Kal
603 2628 639 2697 ἡ
667 2627 820 2698 γυνὴ
864 2622 945 2699 ἦν
992 2627 1463 2698 περιϐεϐλημένη
1510 2630 1823 2699 πορφύραν
1866 2628 1966 2683 καὶ

391 2720 697 2785 κόκκινον,
745 2719 1176 2790 κεχρυσωμένη
1216 2721 1449 2790 χρυσίῳ
1483 2721 1581 2775 καί
1618 2722 1767 2788 λίθῳ
1799 2721 1966 2789 τιμίῳ

391 2808 491 2861 καί
538 2811 944 2879 μαργαρίταις,
984 2808 1215 2878 ἔχουσα
1257 2808 1547 2877 ποτήριον
1590 2807 1863 2878 χρυσοῦν
1897 2807 1966 2860 ἐν

392 2898 467 2968 τῇ
522 2900 673 2970 χειρί
730 2900 924 2970 αὐτῆς
966 2898 1148 2971 γέμον
1215 2900 1653 2969 βδελυγμάτων
1703 2900 1801 2953 καί
1849 2897 1967 2953 τῶν

387 2991 737 3062 ἀκαθάρτων
752 2992 861 3061 τῆς
882 2991 1163 3061 πορνείας
1186 2990 1295 3060 τῆς
1316 2990 1450 3060 γῆς,
1485 2992 1583 3045 καί
1613 2991 1710 3044 ἐπὶ
1734 2990 1801 3044 τὸ
1826 2992 1966 3059 μέτ-

359 3100 558 3136 ·ωπον
632 3082 823 3151 αὐτῆς
882 3082 1070 3153 ὄνομα
1117 3082 1544 3151 γεγραμμένον,
1590 3079 1964 3150 μυστήριονο

392 3172 681 3227 Βαϐυλὼν
710 3174 748 3241 ὴ
784 3173 1039 3242 μεγάλη,
1081 3172 1117 3241 ἠ
1151 3171 1344 3241 μήτηρ
1382 3170 1498 3224 τῶν
1539 3168 1830 3239 πορνειῶν
1866 3168 1966 3224 καί

394 3260 512 3317 τῶν
543 3263 980 3334 βδελυγμάτων
1012 3263 1123 3333 τῆς
1173 3261 1305 3332 γῆς.
1338 3264 1446 3317 Καὶ
1492 3257 1657 3315 εἶδον
1707 3260 1822 3327 τὴν
1856 3277 1963 3331 γυ-
1991 3243 2033 3300 C

391 3354 568 3409 ναῖιια
593 3356 943 3424 μεθύουσαν
971 3355 1076 3410 τοῦ
1099 3356 1348 3425 αἵματος
1377 3354 1493 3408 τῶν
1524 3354 1729 3424 ἁγίων,
1751 3354 1820 3408 ἐκ
1855 3352 1961 3410 τοῦ

390 3448 637 3517 αἳματος
689 3447 807 3502 τῶν
831 3448 1147 3518 μαρτύρων
1205 3446 1433 3515 Ἰησοῦ.
1490 3446 1599 3501 Kal
1652 3446 1965 3517 ἐθαύμασα

394 3539 539 3592 ἰδὼν
563 3540 759 3608 αὐτὴν
783 3540 978 3610 θαῦμα
993 3540 1168 3611 μέγα.
1194 3540 1303 3594 Kal
1335 3535 1464 3594 εἷπέ
1482 3556 1583 3609 μοι
1614 3541 1646 3594 ὀ
1671 3537 1926 3611 ἅγγελος
1947 3557 1961 3573 °

391 3632 495 3686 Διά
524 3632 581 3685 τί
599 3632 944 3701 ἐθαύμασας
964 3647 981 3695 ;

389 3788 405 3803 ρ
465 3722 778 3793 Πορρύραν,
818 3723 905 3777 διὰ
936 3723 995 3777 τὸ
1028 3725 1147 3777 κατ’
1180 3723 1424 3792 ἐξουσίαν
1452 3723 1525 3788 ὡς
1572 3724 1679 3777 ὑπὸ
1721 3723 1955 3795 βασιλίδι

392 3816 573 3870 πάντα
602 3815 927 3886 τολμᾶσθαι.
960 3815 1252 3883 Κόκκινον,
1286 3815 1374 3869 διὰ
1420 3816 1481 3869 τὸ
1526 3814 1739 3869 πολλῶν
1793 3816 1963 3885 ἁγίων

390 3908 601 3978 αἵματα
636 3907 936 3978 ὲκχεῑσθαι.
968 3906 1377 3978 Κεχρυσωμένη
1399 3905 1476 3971 δὲ,
1512 3907 1606 3959 καὶ
1636 3906 1843 3978 χρυσίῳ
1867 3907 1963 3962 καὶ

390 4000 526 4070 λίθῳ
549 4001 718 4070 τιμίῳ
737 3998 832 4053 καὶ
853 3998 1242 4069 μαργαρίταις,
1266 3998 1350 4050 ὅτι
1390 3997 1462 4060 ὡς
1488 3995 1735 4067 βασιλίδα
1755 3998 1783 4051 ὁ
1806 3997 1962 4067 λόγος

384 4088 595 4159 ταύτην
637 4090 836 4157 κοσμεῖ
871 4076 1065 4158 κόσμῳ
1116 4086 1396 4158 βασιλείῳ.
1445 4086 1668 4153 Μεταξὺ
1700 4089 1808 4157 γὰρ
1853 4086 1961 4142 τῶν

390 4180 616 4251 ἀπηνῶν
690 4180 785 4234 καὶ
843 4179 1367 4250 ὲνεξουσιαζομένων
1420 4178 1568 4232 ἔστιν
1615 4181 1806 4252 ὲνορᾷν
1852 4183 1961 4245 τοῖς

390 4271 854 4341 ὲπηρεαζομένοις
881 4268 956 4330 ὡς
988 4268 1210 4338 χρυσίον
1242 4267 1341 4337 μὲν
1373 4266 1664 4337 ἀκίϐδηλον
1693 4265 1961 4320 ἐπανθοῦ-

392 4380 492 4417 σαν
523 4363 622 4434 τὴν
654 4362 795 4416 κατὰ
824 4360 1058 4431 Χριστὸν
1092 4360 1296 4424 πίστιν,
1329 4359 1403 4424 ὡς
1444 4358 1590 4413 λίθον
1628 4358 1683 4412 δὲ
1716 4360 1957 4430 τιμαλφῆ

387 4456 454 4524 τῇ
488 4450 776 4521 διαφανείᾳ
819 4450 881 4503 τὸ
916 4448 1143 4520 στερρὸν
1172 4446 1365 4502 ἑαυτοῦ
1400 4446 1815 4517 ὲκπομπεύοντα
1849 4449 1961 4509 τοῖς

2062 1987 2322 2054 ostendit,
2389 2004 2515 2059 quae
2555 2004 2720 2059 super
2767 1990 2995 2047 bestiam
3053 1990 3334 2046 coccinam
3393 1991 3637 2057 sedebat,

2068 2078 2352 2135 mulierem
2385 2072 2694 2151 intelligens
2734 2091 2948 2153 tempus
2975 2097 3085 2153 quo
3114 2082 3231 2137 haec
3257 2083 3633 2153 designantur,

2067 2168 2120 2222 in
2156 2185 2263 2240 quo
2288 2171 2333 2226 is
2362 2172 2453 2243 qui
2480 2174 2662 2242 pravis
2686 2174 2994 2231 actionibus
3020 2183 3327 2241 exercetur,
3355 2176 3633 2230 diabolum

2065 2261 2331 2331 sanguine
2354 2265 2676 2333 gaudentem
2701 2266 2852 2335 (nam
2895 2267 2998 2322 hoc
3021 2267 3332 2338 signiﬁcare
3358 2269 3638 2324 vultcolor

2065 2355 2395 2423 purpureus)
2428 2355 2683 2421 oblectat,
2721 2357 2868 2429 quod
2918 2358 3176 2414 cathedra
3221 2359 3636 2431 intelligendum

2066 2441 2327 2510 suggerit.
2358 2440 2589 2499 Nomina
2623 2460 2750 2500 vero
2783 2446 3137 2517 blasphemia:
3163 2449 3444 2516 dicuntur,
3477 2452 3637 2505 attri-

2064 2528 2234 2586 huere
2272 2531 2491 2588 diabolo
2519 2534 2727 2590 cultum
2768 2534 2880 2592 Deo
2903 2538 3167 2594 debitum.

2136 2620 2300 2687 XVII,
2335 2623 2453 2680 4-7.
2484 2624 2553 2681 Et
2571 2627 2763 2683 mulier
2789 2638 2901 2684 erat
2935 2630 3268 2683 circumdata
3314 2647 3552 2701 purpura
3586 2640 3637 2686 et

2065 2714 2296 2780 coccino,
2315 2716 2563 2771 inaurata
2600 2734 2733 2773 auro
2762 2728 2813 2774 et
2842 2720 3017 2790 lapide
3040 2724 3272 2790 precioso
3296 2736 3344 2777 et
3372 2726 3637 2795 margari-

2067 2805 2157 2870 tis,
2198 2806 2391 2862 habens
2443 2810 2689 2879 poculum
2729 2829 2946 2867 aureum
2974 2813 3027 2867 in
3080 2831 3237 2867 manu
3270 2833 3369 2870 sua
3426 2818 3639 2887 plenum

2066 2896 2545 2955 abominationibus
2578 2911 2626 2956 et
2662 2902 3013 2958 immunditiis
3038 2903 3409 2974 fornicationis
3443 2917 3637 2973 terrae;

2068 2998 2117 3041 et
2150 3006 2306 3059 super
2330 2992 2554 3062 frontem
2585 3010 2739 3048 suam
2765 3012 2948 3050 nomen
2967 2998 3243 3066 scriptum,
3274 3001 3581 3069 mysterium
3616 3015 3637 3054 :

2066 3079 2307 3151 Babylon
2331 3100 2543 3154 magna,
2568 3096 2736 3140 mater
2770 3087 3183 3156 foruicatiouum
3205 3099 3254 3144 et
3285 3090 3639 3146 abominatio-

2070 3190 2193 3227 num
2219 3184 2393 3230 terra'.
2423 3175 2492 3230 Et
2525 3178 2629 3231 vidi
2661 3179 2932 3234 mulierem
2966 3181 3165 3234 ebriam
3212 3186 3470 3252 sanguine
3508 3202 3637 3239 san-

2067 3275 2292 3332 ctorum,
2339 3267 2405 3321 de
2456 3269 2714 3339 sanguine
2762 3280 3060 3341 martyrum
3104 3271 3255 3328 Iesu.
3308 3274 3375 3328 Et
3408 3279 3636 3333 miratus

2065 3374 2183 3409 sum
2209 3374 2326 3411 cum
2348 3360 2571 3414 uiderem
2602 3360 2749 3414 illam
2777 3363 3130 3420 admiratione
3160 3383 3372 3435 magna.
3399 3368 3468 3424 Et
3498 3371 3636 3426 dixit

2067 3448 2193 3515 milii
2228 3450 2443 3520 angelus
2472 3466 2492 3506 .°
2523 3449 2701 3517 Quare
2721 3454 2980 3508 miraris?

2137 3712 2407 3785 Purpura,
2438 3731 2505 3772 eo
2553 3716 2699 3787 quod
2733 3719 3057 3789 potestative
3113 3720 3296 3776 omnia
3348 3722 3547 3779 audeat
3580 3724 3635 3780 in

2066 3805 2286 3858 modum
2310 3806 2510 3876 regina:
2550 3824 2563 3862 :
2597 3809 2845 3874 coccino,
2879 3824 2946 3865 eo
2984 3811 3129 3881 quod
3177 3814 3473 3869 multorum
3511 3831 3639 3870 san-

2064 3906 2279 3950 ctorum
2309 3896 2548 3953 ell‘nndat
2588 3901 2908 3971 sanguinem
2939 3921 2952 3958 :
2982 3902 3235 3959 inaurata
3267 3921 3395 3962 vero
3415 3915 3469 3963 et
3497 3924 3633 3963 auro

2063 3997 2116 4040 et
2146 3987 2322 4058 lapide
2343 3990 2585 4058 pretioso
2607 4000 2660 4046 et
2691 3992 3023 4064 margaritis,
3050 3995 3177 4062 quia
3205 3996 3342 4051 hanc
3373 4008 3632 4069 tanquam

2062 4079 2305 4150 reginam
2340 4082 2571 4136 adornat
2630 4099 2812 4138 sermo
2857 4093 3054 4139 ornatu
3101 4086 3270 4157 regio.
3315 4085 3448 4143 Nam
3500 4090 3639 4147 inter

2063 4169 2310 4225 crudeles
2394 4181 2451 4225 et
2526 4180 2853 4241 potestatem
2918 4185 3238 4231 exercentes
3320 4178 3639 4249 conspicere

2062 4260 2222 4315 datur
2252 4260 2456 4316 Christi
2488 4262 2647 4317 Iidem
2680 4271 2938 4333 tanquam
2959 4279 3155 4332 purum
3192 4280 3388 4320 aurum
3422 4266 3635 4339 fulgen-

2064 4358 2191 4416 tem,
2218 4359 2474 4420 tanquam
2508 4351 2739 4422 lapidem
2773 4354 3014 4425 pretiosa
3041 4356 3432 4425 perspicuitate
3455 4368 3638 4412 osten-

2064 4450 2266 4495 tantem
2304 4457 2459 4497 suam
2496 4440 2806 4498 ﬁrmitatem
2850 4443 2935 4499 his
2990 4445 3085 4516 qui
3149 4445 3295 4501 illam
3361 4446 3634 4517 ignorant,

388 4542 695 4611 ἀγνοοῦσιν,
714 4542 791 4604 ὡς
824 4539 1168 4612 μαργαρίτας
1188 4538 1265 4603 δὲ,
1289 4537 1364 4607 τῷ
1380 4539 1441 4590 ὲκ
1462 4540 1560 4606 τῆς
1586 4536 1789 4591 πολυκύ
1800 4554 1958 4607 μονος

2067 4542 2320 4602 tanquam
2351 4535 2675 4605 margaritas
2700 4551 2829 4590 vero
2863 4546 3203 4607 emergentes
3240 4554 3271 4592 e
3301 4541 3438 4592 mari
3471 4540 3635 4606 hujus

386 4635 483 4689 τοῦ
520 4635 633 4705 βίου
663 4634 773 4688 τῶν
798 4631 1122 4704 πειρασμῶν
1153 4630 1429 4700 θαλάσσης
1460 4628 1743 4694 ἀναδῦναι,
1766 4629 1862 4683 καὶ
1881 4630 1958 4699 τῷ

390 4724 646 4797 βασιλείῳ
691 4723 929 4794 Χριστοῦ
972 4721 1303 4791 διαστήματι
1345 4720 1766 4796 ὲναρμοσθῆναι.
1800 4719 1873 4771 Τὺ
1903 4719 1959 4773 δὲ

388 4816 625 4888 χρυσοῦν
653 4816 937 4885 ποτήριον,
963 4810 1200 4885 χρυσοῦν
1222 4812 1319 4882 μὲν
1343 4810 1432 4864 διὰ
1458 4810 1518 4863 τὸ
1552 4809 1643 4863 τὸν
1668 4810 1857 4879 καιρὸν
1886 4810 1959 4873 ὡς

390 4906 648 4978 βασιλείῳ
699 4904 1020 4976 κρατεῖσθαι
1069 4902 1316 4972 δυνάμει,
1359 4903 1416 4954 ἐν
1462 4902 1527 4971 τῇ
1568 4902 1713 4971 χειρὶ
1758 4900 1836 4963 δὲ,
1872 4900 1959 4954 διὰ

384 4998 448 5052 τὸ
481 4996 706 5069 ἐνεργὸν
750 4996 861 5050 τῶν
915 4993 1342 5064 ὑποτιθεμένων.
1391 4992 1656 5062 Ποτὴριον
1711 4990 1768 5045 δὲ
1830 4990 1961 5055 ἴσως

388 5093 469 5154 εἰς
507 5087 732 5153 ἔνδειξιν
777 5089 860 5142 ὅτι
908 5088 968 5139 οὐ
1001 5086 1143 5140 κατὰ
1176 5085 1358 5156 κόρον,
1399 5083 1513 5138 ἀλλ’
1574 5085 1631 5137 ἐν
1683 5083 1811 5154 δίψῃ
1859 5083 1959 5152 τῆς

391 5181 601 5235 ἑαυτῶν
638 5180 914 5242 ἀπωλείας
963 5178 1062 5249 τὴν
1109 5177 1309 5231 κακίαν
1342 5175 1717 5247 μετέρχονται.
1771 5175 1862 5228 Διὸ
1892 5176 1960 5229 τὰ

392 5271 736 5342 βδελύγματα
776 5270 997 5339 ἑαυτῆς,
1031 5268 1300 5332 τουτέστι,
1341 5269 1407 5321 τὰ
1450 5265 1712 5336 βδελυκτὰ
1738 5266 1814 5337 τῷ
1842 5267 1959 5338 Θεῷ

392 5363 803 5434 ἐπιτηδεύματα
834 5360 1163 5429 ὲπλήθυναν,
1186 5353 1265 5419 οἷς
1293 5358 1325 5425 ἠ
1353 5355 1667 5428 φιλαμαρτή
1678 5374 1792 5425 μων
1824 5355 1960 5427 πλην

392 5456 490 5517 θὺς
538 5453 835 5516 ποτίζεται,
867 5450 942 5513 ὡς
986 5448 1083 5519 ἡδὺ
1110 5447 1258 5518 πόμα
1290 5447 1482 5500 σπῶσα
1532 5448 1629 5517 τὴν
1666 5446 1958 5518 βδελυκτὴν

395 5548 493 5617 τῆς
528 5547 799 5619 ἁμαρτίας
830 5544 999 5616 μέθην
1033 5542 1256 5612 καὶτῆς
1305 5543 1370 5595 ἐκ
1407 5540 1541 5596 Θεοῦ
1582 5539 1835 5611 πορνείας
1861 5540 1960 5612 τὴν

395 5640 716 5710 βεϐήλωσιν.

463 5732 570 5786 Kal
598 5730 715 5784 τῶν
749 5729 1096 5797 ἀκαθάρτων
1138 5725 1245 5795 τῆς
1286 5725 1416 5796 γῆς.
1463 5723 1694 5796 Πορνεία
1746 5724 1865 5794 γῆς,
1898 5724 1946 5776 οἱ

392 5826 502 5887 τοῖς
535 5823 738 5891 γηῖνοις
769 5819 1223 5892 προστετηκότες.
1265 5818 1338 5871 Οὐ
1388 5816 1495 5886 γὰρ
1526 5813 1805 5886 πορνεύειν
1836 5814 1958 5867 ἔδω-

2064 4623 2188 4678 vita:
2211 4624 2463 4694 procellis
2489 4626 2849 4680 tentationum
2894 4628 3130 4696 agitatae,
3161 4636 3215 4681 et
3249 4628 3399 4698 regio
3428 4628 3631 4684 Christi

2062 4714 2352 4770 diademati
2371 4718 2566 4786 aptari.
2598 4715 2857 4771 Pocnlum
2888 4727 3068 4771 autem
3100 4732 3326 4773 aureum
3362 4736 3375 4774 :
3407 4734 3633 4774 aureum

2062 4807 2305 4876 quidem,
2360 4825 2426 4864 eo
2477 4810 2623 4879 quod
2694 4818 2906 4880 tempus
2966 4811 3129 4865 veluti
3180 4813 3327 4881 regia
3389 4813 3638 4867 lirmetur

2062 4898 2343 4965 potentia;
2396 4899 2450 4953 in
2480 4915 2645 4953 manu
2679 4916 2831 4964 vero,
2868 4911 3091 4971 propter
3121 4901 3280 4972 791
3341 4901 3634 4959 ellicaciam

2062 5004 2251 5044 eorum
2283 5007 2405 5061 qum
2442 5001 2759 5047 statuuntur
2792 5010 2806 5059 ;
2855 4994 3111 5064 poculum
3146 5005 3352 5056 autem.
3382 4995 3636 5052 l'n'lassis

2063 5081 2129 5135 ad
2191 5084 2587 5138 ostendendum
2626 5087 2771 5154 quod
2813 5102 2918 5139 non
2958 5101 3023 5141 ex
3074 5087 3343 5152 satietate,
3388 5090 3482 5143 sed
3541 5089 3636 5144 siti

2063 5189 2172 5229 sua:
2202 5176 2524 5245 perditionis
2568 5176 2696 5231 vitia
2731 5185 3010 5246 appetant.
3072 5176 3200 5233 Ideo
3234 5194 3453 5249 quoque
3504 5195 3636 5236 suas

2064 5266 2497 5323 abominationes
2517 5269 3037 5338 multiplicaverunt,
3064 5270 3113 5323 id
3137 5278 3240 5334 est,
3267 5272 3633 5326 abominanda

2064 5357 2175 5412 Deo
2226 5358 2425 5423 studia,
2462 5359 2660 5429 quibus
2708 5360 3003 5415 multitudo
3048 5373 3396 5428 peccatorum
3452 5363 3631 5417 amica

2066 5456 2300 5517 potatur,
2330 5466 2452 5520 qua:
2501 5449 2924 5505 abominandam
2968 5452 3518 5521 peceati'ebrietatem
3576 5462 3634 5509 et

2062 5539 2441 5595 fornicationis
2473 5556 2502 5595 a
2530 5540 2643 5596 Deo
2695 5543 3212 5599 contaminationem
3248 5544 3431 5599 sorbet
3466 5545 3632 5600 veluti

2061 5648 2283 5687 suavem
2315 5632 2612 5702 potionem.

2135 5721 2203 5777 Et
2279 5721 2633 5774 immunditiis
2678 5722 3048 5790 fornicationis
3115 5732 3289 5778 terrm.
3323 5721 3633 5779 Fornicatio

2065 5828 2222 5872 terra
2249 5821 2377 5869 sunt
2407 5812 2460 5865 hi
2489 5812 2584 5880 qui
2623 5814 2856 5868 terrenis
2897 5816 3225 5885 agglutinati
3268 5825 3417 5873 sunt.
3446 5813 3636 5885 Neque
