4010 6588
403 387 515 453 ’119

1215 382 1540 444 ΑΒΕΤΙΙᾸΞ
1579 382 1956 445 ΩίΕΞΑΒΕᾹΞ
1992 385 2472 448 CAPPADOCI/E
2515 387 2854 449 EPISCOPI

3553 390 3661 455 720

409 501 557 552 enim
590 506 786 549 natura
814 491 959 547 dedit
995 500 1151 547 terrae
1178 493 1433 559 scortari,
1466 508 1589 548 cum
1626 494 1695 547 sit
1739 504 1986 548 creatura

2093 514 2188 550 κεν
2215 498 2247 569 ἡ
2282 497 2441 566 φύσις
2472 500 2542 568 γῇ
2581 496 2661 568 τῷ
2694 498 2890 567 ἀψύχῳ
2922 496 3017 551 καὶ
3057 490 3371 567 ἀναισθήτῳ
3399 497 3661 571 δημιουρ-

414 585 655 641 inanima
678 592 731 637 et
749 582 1045 636 insensata.
1062 581 1231 635 Porro
1258 597 1423 651 super
1459 581 1691 636 frontem
1715 582 1981 651 scriptum

413 693 535 733 esse
568 690 791 738 nomen,
826 673 1099 744 signiﬁcat
1130 673 1339 744 absque
1383 674 1492 727 ullo
1529 673 1727 727 rubore
1771 672 1984 742 Operari

413 766 772 822 exsecranda.
820 764 1046 819 Matrem
1114 779 1244 819 vero
1295 762 1719 818 fornicationum
1760 776 1984 826 vocans,

410 873 630 913 rursum
674 871 1061 927 quamcunque
1113 856 1374 918 volueris,
1429 856 1545 909 sive
1602 864 1835 909 veterem
1884 852 1987 906 Ro-

405 966 574 1015 mam,
608 950 721 1005 sive
740 963 962 1009 novam,
1000 948 1114 1002 sive
1148 955 1366 1015 tempus
1408 946 1533 999 vita:
1564 944 1913 1009 Antichristi,
1952 958 1983 999 a

405 1056 535 1098 vero
566 1042 823 1097 aberrare
857 1056 965 1094 non
1001 1039 1204 1108 poteris
1237 1056 1251 1091 :
1282 1053 1348 1091 eo
1364 1037 1509 1107 quod
1540 1036 1768 1104 singulae
1805 1036 1983 1105 impe-

406 1135 548 1189 rium
584 1142 946 1203 susceperunt
974 1132 1203 1185 aliarum
1228 1130 1537 1195 civitatum,
1560 1138 1614 1183 et
1647 1143 1986 1199 unaquaeque

406 1228 600 1282 satiata
622 1234 705 1280 est
733 1224 996 1295 sanguine
1029 1234 1349 1278 sanctorum
1383 1232 1708 1292 martyrum.

452 1306 546 1372 ‘Et
594 1321 818 1371 miratus
868 1332 1007 1370 sum.
1042 1313 1351 1369 Verisimile
1389 1323 1507 1367 erat
1551 1315 1753 1367 bonum
1787 1320 1841 1365 et
1884 1311 1985 1364 hu-

404 1392 625 1463 manum
653 1407 849 1471 virum,
868 1415 921 1460 et
939 1406 1129 1475 majori
1160 1420 1323 1474 quam
1348 1405 1456 1459 dici
1479 1406 1646 1475 possit
1665 1411 1985 1458 mansuetu-

402 1502 527 1555 dine
552 1498 821 1565 dotatum,
848 1513 972 1552 cum
1011 1497 1284 1576 feritatem
1321 1498 1629 1552 intueretur
1670 1493 1982 1549 bestialium

403 1594 711 1657 hominum,
743 1594 981 1647 maximo
1004 1600 1226 1661 stupore
1255 1590 1425 1645 fuisse
1447 1598 1773 1657 occupatum
1804 1606 1817 1641 :
1856 1600 1982 1641 nam

402 1687 508 1741 hoc
566 1685 907 1741 demonstrat
967 1686 1112 1754 quod
1179 1685 1282 1747 ait,
1355 1684 1706 1737 admiratione
1766 1695 1980 1748 magna.

400 1778 558 1845 Quod
582 1788 765 1832 autem
815 1776 1005 1831 beatus
1048 1776 1137 1831 hic
1160 1774 1400 1831 Joannes
1431 1774 1741 1843 Theologus
1774 1771 1983 1839 simpli-

401 1871 646 1926 cioribus
682 1884 748 1924 ac
777 1869 1079 1923 mansuetis
1109 1877 1252 1924 esset
1286 1867 1556 1929 moribus,
1600 1864 1773 1933 ipsius
1819 1862 1978 1916 docet
2014 1845 2054 1899 Β

403 1962 628 2016 historia
664 1961 851 2031 (quam
874 1961 925 2013 in
959 1959 1065 2015 ﬁne
1102 1960 1262 2029 hujus
1297 1959 1424 2013 libri
1452 1973 1519 2013 ex
1548 1955 1737 2012 Graeco
1765 1967 1975 2009 versam

401 2052 783 2122 reddidimus).

984 2164 1213 2223 CAPUT
1243 2165 1377 2221 LIV.

401 2276 556 2344 Quod
586 2278 803 2349 angelus
839 2279 1007 2333 visum
1044 2282 1108 2333 ab
1157 2280 1271 2362 ipso
1310 2280 1619 2352 mysterium
1659 2278 1975 2348 interpreta-

1075 2359 1159 2404 tus
1205 2359 1293 2404 sit.

468 2460 638 2525 XVII,
662 2460 810 2514 7-H.
839 2458 947 2528 Ego
975 2461 1149 2514 dicam
1178 2461 1272 2513 tibi
1322 2462 1629 2531 mysterium
1662 2463 1898 2516 mulieris
1927 2472 1976 2517 et

401 2556 583 2610 bestia:
598 2570 715 2625 qua
755 2564 926 2621 portat
957 2569 1098 2612 eam,
1134 2568 1251 2623 qna’
1279 2553 1431 2607 habet
1474 2555 1652 2624 capita
1693 2564 1886 2624 septem
1923 2565 1971 2609 et

400 2661 600 2700 cornua
633 2644 831 2698 decem.
869 2643 1047 2698 Bestia
1077 2660 1233 2712 quam
1262 2644 1442 2699 vidisti
1465 2645 1633 2714 {uitet
1676 2660 1778 2699 non
1801 2654 1900 2710 est,
1926 2655 1973 2699 et

400 2753 683 2792 ascensura
732 2745 806 2790 est
835 2738 899 2789 de
934 2737 1148 2807 abysso,
1188 2749 1233 2789 et
1258 2738 1312 2789 in
1344 2738 1691 2804 perditionem
1726 2736 1973 2792 vadit.Et

400 2827 812 2879 admirabuntur
845 2826 1140 2880 habitantes
1170 2828 1225 2879 in
1258 2835 1423 2891 terra,
1456 2844 1675 2897 quorum
1727 2844 1829 2882 non
1854 2837 1973 2881 sunt

402 2922 608 2989 scripta
649 2920 867 2972 nomina
898 2922 951 2973 in
987 2919 1122 2973 libro
1154 2922 1271 2975 vita’
1295 2937 1327 2973 a
1374 2923 1743 2976 constitutione
1769 2920 1972 2987 mundi,

404 3012 637 3065 videntes
663 3010 881 3064 bestiam
908 3028 1025 3082 qna:
1046 3022 1160 3065 erat
1185 3020 1233 3065 et
1258 3029 1360 3065 non
1384 3024 1460 3067 est
1482 3014 1735 3067 etaderit.
1769 3013 1867 3067 Hic
1896 3023 1971 3067 est

397 3100 743 3170 intelligentia
778 3117 896 3170 qua:
927 3101 1081 3155 habet
1102 3102 1435 3170 sapientiam.
1462 3102 1663 3171 Septem
1693 3104 1865 3173 capita
1888 3121 1973 3158 se-

2090 589 2323 659 γήματι.
2354 590 2429 642 Τὸ
2453 589 2510 642 δὲ
2541 591 2634 642 ἐπὶ
2664 589 2726 642 τὸ
2754 589 3006 660 μέτωπον
3033 589 3344 660 γεγράφθαι
3381 590 3569 661 ὄνομα,
3601 592 3662 645 τὸ

2090 679 2635 750 ἀπηρυθριασμὲνως
2673 677 2825 747 δηλοῖ
2858 678 3120 748 πράττειν
3149 679 3217 731 τὰ
3245 679 3499 732 ἀπαίσια.
3530 681 3653 750 Μη-

2087 767 2220 838 τέρα
2250 768 2305 822 δὲ
2332 769 2441 822 τῶν
2474 768 2690 838 πορνῶν
2717 767 2919 833 καλῶν,
2944 769 3010 838 ἢν
3036 767 3103 820 ἂν
3137 767 3305 840 βούλῃ
3340 768 3523 830 πάλιν,
3552 770 3661 822 εἴτε

2087 860 2184 932 τὴν
2217 860 2456 915 παλαιὰν
2498 860 2740 931 Ῥώμην,
2771 862 2882 913 εἴτε
2908 860 3007 930 τὴν
3038 860 3187 926 νέαν,
3213 860 3325 913 εἴτε
3356 860 3446 912 τὸν
3472 861 3661 930 καιρὸν

2086 952 2183 1021 τῆς
2218 949 2515 1021 ἐπιδημίας
2543 950 2637 1003 τοῦ
2683 949 3079 1020 ’Δντιχρίστου,
3143 950 3244 1001 οὐκ
3282 948 3349 1001 ἂν
3405 950 3659 1019 ἁμάρτῃς

2086 1042 2179 1095 τοῦ
2208 1042 2465 1113 ἀληθοῦς,
2496 1043 2629 1095 διότι
2659 1043 2969 1113 ἀμφότεραι
3010 1040 3072 1093 τὸ
3112 1042 3312 1112 κράτος
3345 1040 3661 1106 ἀνεδέξαντο

2085 1131 2194 1185 τῶν
2243 1132 2419 1188 ἄλλων
2455 1133 2684 1197 πόλεων,
2742 1134 2838 1186 καὶ
2892 1132 3101 1202 ἑκάστη
3150 1133 3309 1202 κόρον
3370 1131 3495 1202 ἔσχε
3554 1130 3660 1184 τῶν

2090 1222 2264 1289 ἁγίων
2303 1223 2602 1293 μαρτύρων
2628 1222 2721 1275 τοῦ
2751 1223 3004 1293 αἵματος.

2160 1316 2263 1370 Καὶ
2292 1316 2606 1385 ἐθαύμασα
2633 1316 2795 1369 ιδών.
2829 1316 2987 1379 Είκὺς
3028 1311 3097 1387 ἢν
3128 1315 3331 1383 ἀγαθὸν
3374 1315 3540 1385 ἄνδρα
3566 1316 3659 1367 καὶ

2086 1412 2323 1479 χρηστὸν
2353 1412 2449 1462 καὶ
2478 1410 2753 1480 πραΰτητι
2781 1410 2891 1463 οὐδ’
2923 1410 3024 1483 ὅσῃ
3047 1410 3221 1463 εἰπεῖν
3256 1408 3658 1478 συγκροτούμεο

2085 1519 2175 1555 νον
2237 1503 2539 1573 ἀγριότητα
2592 1503 2804 1573 ὁρῶντα
2878 1502 3160 1573 θηριωδῶν
3216 1501 3517 1573 ἀνθρώπων
3580 1502 3655 1571 μὴ

2087 1594 2499 1665 ὑπερϐαλλούσῃ
2525 1594 2785 1663 ἐκπλήξει
2814 1595 3151 1663 κατάσχετον
3184 1594 3460 1661 γενέσθαι.
3486 1593 3657 1645 Τοῦτο

2084 1684 2192 1752 γὰρ
2214 1684 2293 1745 τό,
2333 1685 2486 1752 μέγα
2517 1684 2736 1752 θαῦμα,
2763 1684 3041 1753 ἐμφαίνει.
3075 1684 3193 1736 Ὅτι
3223 1683 3277 1735 δέ
3314 1681 3567 1744 ἁπλοϊκὸς
3598 1680 3657 1732 τὸ

2083 1769 2213 1845 ἦθος
2244 1777 2270 1827 6
2300 1775 2570 1844 μακάριος
2599 1768 2754 1837 οὗτος
2799 1775 3053 1844 Ἰωάννης
3084 1778 3111 1829 6
3145 1774 3427 1842 Θεολόγος,
3460 1774 3492 1845 η
3528 1773 3658 1843 περὶ

2084 1865 2248 1921 αὑτοῦ
2280 1866 2492 1938 ἱστορία
2519 1866 2781 1920 διδάσκει.

2657 2157 2903 2211 ΚΕΦᾹΛ.
2937 2155 3061 2210 NA’.

2085 2278 2286 2345 Ὅπως
2330 2279 2363 2332 ὁ
2432 2274 2686 2346 ἄγγελος
2735 2273 2813 2346 τὸΔ
2854 2272 3071 2340 ὀραθὲν
3122 2267 3283 2333 αὐτῷ
3316 2267 3654 2339 μυστήριον

2657 2343 3067 2414 ὴριιήνευσεν.

2165 2461 2313 2532 Ἐγὼ
2341 2459 2453 2529 ἐρῶ
2482 2475 2581 2513 σοι
2610 2457 2677 2511 τὸ
2705 2456 3045 2526 μυστήριον
3081 2453 3190 2522 τῆς
3217 2453 3522 2524 γυναικὸς,
3556 2449 3651 2505 καί

2082 2554 2189 2607 τοῦ
2215 2554 2423 2621 θηρίου
2448 2551 2555 2606 τοῦ
2574 2548 2985 2615 βαστάζοντος
3015 2546 3230 2614 αὐτὴν,
3266 2544 3371 2598 τοῦ
3403 2544 3650 2610 ἔχοντος

2083 2646 2188 2711 τὰς
2214 2644 2363 2698 ἑπτὰ
2393 2644 2661 2713 κεφαλὰς
2686 2641 2784 2695 καὶ
2810 2642 2879 2695 τὰ
2906 2640 3051 2693 δέκα
3066 2638 3300 2706 κέρατα.
3339 2635 3412 2689 T6
3445 2636 3649 2702 θηρίον

2081 2737 2112 2789 ὃ
2149 2735 2304 2799 εἶδες
2330 2734 2409 2802 ἦν
2450 2734 2546 2788 καί
2579 2735 2691 2787 οὐκ
2733 2732 2887 2794 ἐστι,
2929 2731 3025 2783 καὶ
3061 2729 3273 2799 μέλλει
3309 2728 3652 2782 ἀναϐαίνειν

2080 2828 2148 2881 ἐκ
2186 2826 2295 2895 τῆς
2322 2826 2623 2891 ἀϐύσσου,
2666 2823 2765 2877 καὶ
2811 2825 2898 2890 εἰς
2931 2810 3237 2877 ἀπώλειαὶι
3276 2820 3509 2888 ὑπάγει.
3544 2817 3651 2872 Καὶ

2081 2919 2489 2987 θαυμάσονται
2523 2919 2577 2970 οἱ
2605 2917 3023 2979 κατοικοῦντες
3052 2915 3147 2967 ἐπὶ
3178 2911 3283 2981 τῆς
3304 2912 3437 2982 γῆς,
3469 2905 3556 2964 ὧν
3580 2914 3650 2964 οὐ

2081 3012 2397 3082 γέγραπται
2438 3011 2509 3064 τὰ
2548 3012 2807 3079 ὀνόματα
2837 3006 2937 3061 ἐπὶ
2966 3008 3029 3061 τὸ
3073 3006 3319 3071 βιϐλίον
3361 3002 3467 3071 τῆς
3503 3000 3650 3070 ζωῆς

2080 3107 2196 3161 ἀπὸ
2237 3102 2575 3172 καταϐολῆς
2622 3104 2875 3171 κόσμου,
2917 3100 3257 3166 ,ϐλέποντες
3308 3096 3396 3150 ὅτι
3443 3091 3522 3166 ἦν
3582 3096 3647 3148 τὸ

396 3203 537 3263 ptem
568 3202 766 3247 montes
801 3192 963 3261 792
995 3201 1117 3245 sunt
1146 3210 1306 3264 super
1336 3210 1463 3265 quos
1504 3194 1691 3248 mulier
1730 3195 1893 3259 sedet,
1922 3203 1969 3247 et
1999 3218 2005 3255 ε

2082 3199 2281 3269 θηρίον
2319 3198 2417 3250 καὶ
2460 3197 2569 3250 οὐκ
2617 3195 2771 3260 ἐστι,
2799 3195 2895 3247 καὶ
2933 3196 3245 3260 παρέσται.
3279 3182 3418 3243 Ὧδε
3448 3191 3479 3241 ό
3508 3187 3651 3251 νοῦς

398 3296 593 3353 septem
616 3300 760 3354 reges
791 3294 933 3338 sunt.
969 3284 1209 3355 Quinque
1239 3288 1559 3351 ceciderunt,
1602 3303 1737 3339 unus
1767 3298 1867 3351 est,
1924 3300 1972 3340 et

2082 3293 2111 3345 ό
2143 3292 2301 3357 ἔχων
2329 3289 2577 3357 σοφίαν.
2604 3290 2669 3341 ΑΙ
2709 3286 2858 3339 ἑπτὰ
2888 3282 3144 3353 κεφαλαὶ
3168 3281 3315 3335 ἑπτὰ
3338 3280 3443 3349 ὅρη
3469 3278 3647 3341 είσὶν,

398 3378 537 3431 alius
574 3376 804 3429 nondum
835 3377 969 3430 venit
996 3392 1014 3441 ;
1046 3386 1229 3431 etcum
1258 3378 1474 3443 venerit,
1500 3388 1700 3447 oportet
1728 3378 1880 3431 illum
1908 3377 1974 3431 ad

2082 3380 2234 3434 ὅπου
2271 3381 2308 3447 ἡ
2353 3378 2508 3449 γυνὴ
2550 3377 2801 3443 κάθηται
2847 3376 2940 3429 ἐπ’
2970 3373 3187 3439 αὐτῶν,
3224 3372 3321 3425 καὶ
3370 3371 3650 3436 βασιλεῖς

400 3475 547 3524 breve
572 3479 771 3538 tempus
798 3486 1026 3523 manere.
1058 3468 1125 3522 Et
1159 3471 1318 3523 bestia
1348 3487 1465 3540 qua!
1498 3480 1613 3524 erat
1641 3481 1687 3525 et
1726 3488 1829 3524 non
1870 3479 1970 3537 est,

2082 3474 2238 3525 εἰσιν
2253 3470 2424 3525 ἑπτά.
2456 3474 2521 3524 Ol
2554 3470 2736 3523 πέντε
2764 3471 3011 3533 ἔπεσον,
3043 3469 3075 3520 ὁ
3097 3460 3183 3529 εἷς
3197 3464 3436 3529 ἔστιν,ὀ
3461 3462 3652 3527 ἄλλος

397 3574 446 3617 et
484 3564 589 3632 ipse
618 3573 831 3617 octavus
872 3572 973 3629 est,
1003 3564 1135 3617 etde
1169 3573 1360 3631 septem
1392 3573 1490 3629 est,
1528 3573 1577 3617 et
1610 3564 1663 3617 in
1696 3564 1971 3618 interitum

2082 3565 2241 3619 οὔπω
2280 3559 2449 3633 ἦλθε.
2498 3562 2607 3616 Καὶ
2642 3561 2789 3614 ὅταν
2843 3562 3028 3627 ἔλθῃ,
3077 3559 3285 3625 ὀλίγον
3331 3554 3422 3607 δεῖ
3464 3556 3652 3609 αὑτὸν

398 3652 566 3707 vadit.
2072 3655 2293 3727 μεῖναι.
2326 3655 2433 3709 Καὶ
2467 3654 2531 3707 τὸ
2572 3654 2784 3722 θηρίον
2807 3650 2837 3705 ὃ
2870 3646 2950 3721 ἦν
2978 3650 3072 3703 καὶ
3100 3651 3208 3702 οὐκ
3239 3647 3390 3712 ἔστι,
3415 3646 3515 3699 καὶ
3554 3646 3648 3699 αὐ-

2076 3747 2179 3815 τὸς
2213 3747 2425 3816 ὄγδοός
2453 3746 2604 3809 ἐστι,
2648 3745 2745 3799 καὶ
2787 3745 2857 3797 ἐκ
2888 3742 3006 3796 τῶν
3042 3739 3192 3795 ἑπτά
3236 3740 3389 3806 ἐστι,
3422 3739 3520 3792 καὶ
3565 3741 3651 3804 εἰς

2076 3841 2379 3897 ἀπώλειαν
2410 3838 2647 3908 ὑπάγει.

468 3915 647 3973 Bestia
686 3926 769 3972 est
799 3916 1050 3975 diabolus
1084 3936 1101 3973 :
1135 3916 1303 3988 erepit
1333 3926 1387 3972 et
1424 3933 1532 3973 non
1570 3926 1673 3984 est,
1712 3925 1973 3988 tanquam

2147 3931 2348 4003 Θηρίον
2378 3933 2406 3984 6
2433 3930 2675 3993 διάϐολος
2702 3944 2717 3961 ο
2752 3927 2955 3997 ἤρξατο
2986 3925 3078 3979 καὶ
3112 3926 3210 3979 οὐκ
3238 3924 3405 3986 ἐστιν,
3460 3923 3647 3992 ὥσπερ

398 4024 461 4063 ea
493 4025 613 4078 qua:
645 4010 748 4064 sub
781 4010 937 4064 lance
980 4010 1255 4080 proposita
1291 4019 1417 4065 sunt
1449 4018 1507 4064 ut
1540 4010 1765 4063 omnino
1802 4024 1977 4065 trans-

2082 4025 2181 4077 ὑπὸ
2218 4023 2410 4075 πίνακι
2463 4017 2926 4091 προεκτεθειμένα
2978 4015 3207 4079 ἐντελῶς
3241 4013 3515 4080 διεξιέναι.
3560 4014 3649 4065 Διό

396 4110 542 4157 eant.
595 4101 717 4156 Ideo
749 4102 877 4163 fuit,
917 4102 1112 4172 inquit,
1151 4102 1322 4156 bestia
1367 4118 1488 4173 qua:
1528 4118 1676 4157 nunc
1707 4119 1813 4157 non
1846 4103 1975 4157 sub-

2082 4131 2268 4186 φησιν,
2292 4107 2401 4166 Ἦν
2435 4109 2497 4164 τὸ
2536 4109 2743 4180 θηρίον,
2779 4109 2838 4161 οὐ
2875 4107 2969 4161 νῦν
3003 4107 3391 4175 ὑφιστάμενον.
3428 4104 3548 4172 Ἀφ’
3586 4098 3647 4157 οὗ

400 4195 568 4259 sistit,
596 4195 740 4249 unde
763 4194 1111 4248 manifestum
1144 4203 1228 4249 est
1264 4196 1405 4264 quod
1427 4196 1499 4250 sit
1528 4196 1797 4261 diabolus,
1817 4197 1973 4265 juxta

2082 4206 2257 4277 δῆλον,
2283 4203 2357 4265 ὼς
2383 4204 2411 4255 6
2439 4200 2687 4263 διάϐολός
2714 4202 2883 4253 ἐστιν’
2910 4216 2928 4249 ι
2977 4197 3144 4267 Ἀρχὴ
3174 4198 3281 4269 γὰρ
3313 4196 3647 4265 πλασμάτων

399 4285 451 4338 id
467 4286 610 4354 quod
630 4286 835 4341 dictum
857 4294 975 4342 est:
1001 4304 1020 4334 α
1046 4287 1380 4357 Principium
1401 4291 1606 4343 viarum
1634 4289 1926 4344 Domini".
1950 4309 1968 4342 ι

2082 4297 2172 4349 τοῦ
2207 4295 2434 4364 Κυρίου,
2474 4312 2491 4344 ι
2528 4292 2669 4346 κατὰ
2702 4292 2762 4344 τὸ
2796 4289 3108 4361 εἰρημένον.
3150 4289 3263 4341 Οὐκ
3294 4286 3415 4340 ἔστι
3450 4287 3504 4339 δὲ
3532 4285 3647 4353 νῦν,

397 4373 554 4431 Nunc
595 4387 773 4432 autem
810 4392 918 4431 non
950 4388 1056 4443 σει,
1113 4379 1237 4448 quia
1288 4382 1505 4435 occisus
1532 4389 1615 4434 est
1647 4381 1823 4449 quoad
1858 4380 1968 4433 eﬂi-

2082 4391 2159 4442 ὃτι
2192 4385 2552 4447 ἀποκτανθεὶς
2580 4385 2677 4447 τὰς
2711 4384 2988 4455 ἐνεργείας
3018 4385 3084 4453 τῇ
3117 4380 3210 4435 τοῦ
3245 4377 3481 4451 Χριστοῦ
3528 4382 3648 4432 ἐπι-

397 4469 605 4523 caciam
660 4471 966 4533 actionum,
994 4486 1091 4540 per
1155 4472 1446 4525 adventum
1507 4471 1707 4526 Christi
1742 4490 1756 4527 :
1796 4486 2005 4555 neque‘

2082 4475 2267 4545 ὗημίᾳ.
2293 4474 2366 4525 Οὐ
2396 4471 2505 4542 γὰρ
2532 4471 2604 4533 ὼς
2640 4472 2745 4542 πρὸ
2776 4471 2979 4539 ταύτης
3009 4470 3230 4539 ἐνήργει
3260 4470 3409 4531 υἱοὺς
3443 4468 3650 4538 ἀνθρὼ-

396 4564 540 4616 enim
577 4561 1039 4629 quemadmodum
1089 4572 1215 4616 ante
1266 4565 1412 4616 hunc
1442 4562 1708 4617 eiﬁeiebat
1769 4571 1827 4615 ut
1875 4562 1968 4616 ﬁlii

404 4652 684 4704 hominum
712 4660 767 4705 et
797 4653 916 4706 tilia:
945 4668 1038 4722 per
1066 4654 1316 4707 vietimas
1337 4654 1669 4707 oderrentur
1715 4652 1981 4707 damoni-

402 4745 505 4796 bus
562 4742 849 4811 ipsorum,
917 4745 989 4798 ita
1054 4744 1166 4811 jam
1228 4755 1349 4815 post
1419 4744 1619 4799 Christi
1687 4745 1977 4798 adventum

400 4831 545 4902 potis
583 4841 671 4887 est
730 4833 844 4888 haec
900 4834 1132 4891 efﬁcere.
1170 4836 1476 4890 Ascendere
1518 4851 1645 4889 vero
1679 4835 1880 4890 dicitur
1910 4836 1977 4891 de

400 4924 620 4994 abysso,
658 4940 754 4994 per
799 4927 1089 4982 adventum
1126 4929 1468 4984 Antichristi.

469 5012 537 5068 Et
568 5016 621 5069 in
640 5018 991 5086 perditionem
1034 5021 1200 5075 vadit.
1271 5021 1634 5077 Perditionem
1680 5019 1830 5083 dicit,
1868 5035 1975 5073 non

398 5116 457 5162 ut
476 5122 585 5162 non
614 5109 706 5176 sit,
733 5112 825 5165 sed
853 5114 1363 5166 condemnationem
1396 5112 1525 5166 dicit
1552 5111 1617 5166 ad
1646 5111 1972 5181 gehennam.

466 5198 538 5254 Et
576 5201 987 5259 admirabuntur
1015 5205 1313 5259 habitantes
1342 5205 1395 5259 in
1421 5213 1585 5258 terra.
1618 5203 1978 5259 Admirabun-

2082 4584 2200 4619 πων
2238 4566 2330 4617 καὶ
2359 4563 2665 4633 θυγατέρας
2694 4565 2807 4625 τοῖς
2837 4560 3031 4616 ἑαυτοῦ
3061 4561 3277 4630 δαίμοσι
3320 4559 3408 4612 διὰ
3451 4559 3649 4611 θυσιῶν

2081 4656 2619 4728 παρασκευάζεσθαι,
2668 4655 2841 4718 οὕτως
2876 4655 2977 4725 ἥδη
3029 4652 3202 4707 ταῦτα
3229 4655 3321 4706 καὶ
3359 4652 3498 4721 μετὰ
3548 4654 3645 4720 τὴν

2079 4750 2315 4822 Χριστοῦ
2346 4749 2651 4821 παρουσίαν
2683 4743 2793 4810 οἷός
2826 4764 2881 4800 τε
2915 4749 3181 4818 ἐνεργεῖν.
3228 4745 3566 4797 Ἀναδαίνειν
3591 4745 3644 4798 δὲ

2076 4842 2294 4909 λέγεται
2326 4842 2390 4893 ἐκ
2422 4842 2523 4909 τῆς
2569 4838 2831 4902 ἀϐύσσου,
2884 4838 2951 4907 τῇ
3004 4834 3270 4907 ἐπιδημίᾳ
3317 4835 3412 4887 τοῦ
3473 4835 3643 4887 Ἀντι-

2075 4932 2315 5003 χρίστου.

2148 5024 2256 5077 Καὶ
2290 5026 2377 5089 εις
2421 5022 2726 5077 ἀπώλειαν
2780 5020 3016 5088 ὑπάγει.
3074 5017 3394 5081 Ἀπώλειαν,
3446 5018 3505 5070 οὗ
3545 5016 3641 5087 τὴν

2072 5116 2432 5186 ἁνυπαρξίαν,
2475 5113 2611 5167 ἀλλὰ
2648 5112 2745 5184 τὴν
2788 5114 2845 5165 ἐν
2879 5112 3073 5185 γεέννῃ
3105 5111 3430 5180 κατάκρισιν
3473 5111 3636 5176 λέγει.

2140 5208 2248 5264 Καὶ
2278 5206 2685 5277 θαυμάσωνται
2710 5207 2765 5259 οἱ
2792 5204 3217 5270 κατοικοῦντες
3246 5202 3345 5257 ἐπὶ
3372 5202 3481 5271 τῆς
3504 5201 3634 5272 γῆς.

397 5304 487 5348 tur
533 5294 721 5351 bestiae
770 5299 1139 5368 praesentiam,
1178 5314 1285 5352 non
1339 5298 1515 5353 solum
1564 5296 1704 5367 quod
1754 5297 1975 5368 perierit

2082 5298 2456 5369 Βαυμάσονται
2482 5297 2580 5368 τὴν
2625 5294 2719 5349 τοῦ
2751 5296 2942 5367 θηρίου
2993 5294 3314 5366 παρουσίαν,
3371 5294 3433 5347 οὐ
3480 5294 3635 5363 μόνον

393 5399 449 5444 et
494 5391 771 5459 quomodo
806 5391 1021 5454 vixerit,
1054 5391 1147 5445 sed
1195 5390 1359 5445 etiam
1402 5389 1543 5460 quod
1590 5388 1870 5444 advenerit
1910 5388 1963 5442 in

2082 5390 2154 5443 ὅτι
2187 5389 2431 5442 ἀπόλωλε
2460 5388 2554 5441 καὶ
2588 5387 2703 5450 πῶς
2728 5387 2817 5458 ζῇ,
2850 5386 2985 5440 ἀλλά
3020 5388 3113 5440 καὶ
3146 5388 3229 5440 ὅτι
3263 5386 3632 5457 παραγέγονεν

394 5483 565 5555 signis
584 5484 788 5539 erroris
818 5499 883 5539 ac
910 5483 1269 5554 deceptionis.
1306 5482 1370 5537 Et
1392 5484 1483 5554 qui
1514 5481 1966 5537 admirabuntur?

2073 5483 2131 5535 ἐν
2154 5481 2372 5554 τέρασιν
2400 5481 2633 5551 ἀπάτης.
2666 5480 2821 5541 Τίνες
2843 5480 2899 5532 δὲ
2921 5479 3328 5550 θαυμάσονται;
3358 5480 3419 5531 Οἱ
3451 5492 3633 5531 κατοι-

395 5573 497 5642 Qui
527 5573 775 5629 habitant
802 5575 857 5629 in
910 5585 1077 5641 terra,
1109 5576 1177 5631 de
1211 5576 1409 5646 quibus
1437 5575 1512 5629 ait
1546 5573 1716 5630 Isaias
1749 5592 1762 5627 :
1807 5593 1825 5625 ι
1848 5573 1961 5627 Non

2082 5577 2294 5639 κοῦντες
2325 5575 2417 5628 ἐπὶ
2456 5574 2556 5643 τῆς
2590 5575 2712 5645 γῆς,
2745 5575 2876 5644 περὶ
2912 5566 2988 5626 ὧν
3022 5576 3117 5627 καὶ
3184 5572 3412 5634 Ἡσαΐας
3435 5571 3630 5644 φησίν·

393 5667 674 5733 cademus,
744 5669 1017 5741 inquiunt,
1071 5670 1164 5727 sed
1218 5671 1416 5727 cadent
1481 5669 1572 5739 qui
1619 5668 1863 5724 habitant
1905 5666 1959 5720 in

462 5824 506 5857 ⁸⁷
540 5824 642 5882 Joh
669 5826 863 5893 χι,14.

2076 5687 2094 5721 ι
2141 5669 2216 5723 Οὐ
2250 5666 2585 5739 πεσούμεθα,
2612 5667 2746 5721 ἀλλὰ
2779 5665 3070 5721 πεσοῦνται
3102 5667 3148 5720 οἱ
3178 5664 3511 5728 ἐνοικοῦντες
3543 5660 3634 5715 ἐπὶ
