4046 6586
378 402 477 466 721

1434 402 1819 463 COMMENT.
1862 399 1941 459 IN
1983 399 2513 462 APOCALYPSIN.

3517 398 3624 461 722

377 522 474 589 τῆς
507 520 633 588 γῆς.
689 539 708 571 ι
745 518 989 572 Τοιοῦτοι
1025 519 1082 572 δὲ
1112 518 1161 570 oi
1206 518 1537 588 ἀστήρικτοι)
1588 518 1803 586 ἔχοντες
1850 514 1948 585 τὴν

2054 525 2196 571 terra
2239 517 2305 570 ⁸⁸.
2347 536 2366 569 ι
2420 516 2579 571 Tales
2613 523 2793 569 autem
2826 522 2954 571 sunt
2988 516 3079 585 qni
3112 515 3325 568 ﬁrmum
3360 529 3465 566 non
3522 514 3621 566 ha-

380 613 562 683 βάσιν,
593 611 690 665 ἆτε
734 611 809 682 μὴ
843 611 938 664 ἐπὶ
974 609 1074 681 τὴν
1110 611 1317 678 πέτραν
1356 609 1590 679 Χριστὸν
1623 608 1948 679 τεθεμελιω⁹

380 713 552 781 μένοι.
577 712 964 780 Θαυμάσονται
998 710 1091 764 οὖν
1109 711 1203 763 καὶ
1233 708 1326 761 νῦν
1347 703 1492 762 οὑτοι
1524 705 1574 758 οἳ
1604 705 1693 759 διὰ
1720 704 1780 757 τὸ
1809 719 1949 772 χαμ-

378 822 401 855 ε
412 803 543 873 ρπὲς
583 803 705 857 οὐδὲ
733 806 798 874 τῇ
838 803 1006 873 βίϐλῳ
1036 801 1148 872 (59)
1187 802 1293 855 τῶν
1321 798 1538 865 ζώντων
1567 796 1912 868 ἐγράφησαν.

443 981 509 1031 Al
561 977 711 1031 ἑπτὰ
740 978 996 1046 κεφαλαὶ
1030 976 1181 1031 ἑπτὰ
1231 978 1338 1046 ὄρη
1373 976 1555 1030 εἰσιν.
1606 976 1747 1045 Ὀρη
1788 975 1947 1038 εἰσὶν,

377 1073 511 1124 ὅπου
543 1072 574 1140 ἡ
608 1071 745 1141 γυνὴ
786 1070 1041 1141 κάθηται.
1098 1070 1337 1123 Γυναῖκα
1366 1068 1613 1138 ἐφθημεν
1666 1068 1950 1137 εἰρηκότες

378 1166 454 1227 ὡς
482 1165 572 1217 τὸν
621 1163 861 1235 φθαρτὸν
904 1163 1093 1217 τοῦτον
1139 1165 1252 1233 βίον
1277 1163 1411 1233 φησὶ
1462 1163 1630 1233 Θῆλυν
1662 1164 1755 1215 καὶ
1787 1162 1950 1232 μηδὲν

378 1256 632 1325 ἀνδρικὸν
667 1256 1046 1325 ἐπιφαίνοντα.
1091 1258 1233 1326 Ὀρη
1261 1256 1318 1309 δὲ
1355 1256 1452 1310 καὶ
1498 1256 1738 1324 κεφαλὰς
1786 1256 1948 1319 ἑπτὰ,

377 1348 579 1410 τόπους
611 1348 897 1417 ἡγούμεθα
916 1349 974 1400 ὲν
1001 1349 1241 1418 ὑπεροχῇ
1273 1348 1364 1400 καὶ
1394 1347 1688 1417 δυναστείᾳ
1710 1351 1949 1417 κοσμικῇ

377 1440 504 1501 τοὺς
542 1440 763 1502 λοιποὺς
797 1440 1102 1510 ἐξέχοντας,
1147 1440 1232 1508 ἐφ’
1271 1438 1365 1503 οὒς
1404 1440 1546 1493 κατὰ
1599 1441 1824 1510 καιροὺς
1854 1439 1952 1511 τὴν

380 1532 474 1586 τοῦ
501 1533 709 1603 κόσμου
731 1533 1006 1602 βασιλείαν
1035 1532 1353 1603 ὲστηρίχθαι
1384 1532 1651 1601 ἔγνωμεν.
1691 1534 1778 1596 Ὠς
1802 1534 1951 1604 πρῶ-

378 1639 472 1674 τον
504 1624 562 1673 ὲν
595 1623 795 1694 Νινευῇ
830 1622 928 1693 τὴν
958 1624 1067 1675 τῶν
1114 1622 1415 1694 Ἀσσυρίων
1445 1622 1675 1694 [ἀρχὴν
1699 1622 1951 1691 δεύτερον

380 1713 439 1763 ἐν
476 1712 834 1773 Ἐκϐατάνοις
862 1714 962 1783 τὴν
991 1714 1193 1783 Μήδων
1241 1714 1562 1767 δυναστείαν
1603 1713 1710 1767 ἀπὸ
1758 1713 1951 1781 Ἀρδά·

380 1817 477 1853 κου
511 1805 864 1873 κρατήσασαν
904 1804 1016 1856 τῶν
1060 1806 1362 1875 Ἀσσυρίων
1412 1803 1571 1876 (60)],
1614 1798 1689 1858 ὧν
1741 1805 1832 1858 τὸν
1863 1804 1950 1873 βα-

384 1893 537 1944 σιλέα
566 1894 991 1963 Σαρδανάπαλον
1024 1897 1302 1967 κρατήσας
1332 1897 1360 1949 ὁ
1406 1898 1684 1967 Ἀρϐάκης
1710 1899 1889 1951 καθεῖ)
1902 1916 1947 1951 ε.

381 1984 535 2036 Μετὰ
573 1986 798 2049 τούτους
852 1988 911 2039 ἐν
956 1988 1238 2040 Βαϐυλῶνι
1288 1988 1346 2040 τὸ
1414 1987 1697 2042 Χαλδαίων
1751 1991 1953 2059 κράτος

382 2076 695 2144 ὑπερεῖχεν,
722 2068 797 2129 ὧν
828 2077 1304 2149 Ναϐουχοδονόσορ
1332 2079 1360 2130 ὁ
1390 2077 1643 2147 βασιλεὺς
1670 2079 1954 2133 ἐϐασίλευ-

387 2182 498 2219 σεν.
529 2161 664 2220 Εἶτα
693 2167 833 2237 μετὰ
860 2168 961 2237 τὴν
996 2169 1199 2223 τούτων
1228 2171 1323 2223 καὶ
1354 2170 1461 2225 τῶν
1490 2172 1692 2241 Μήδων
1720 2173 1952 2227 κατάλυ-

381 2275 487 2320 σιν,
521 2260 579 2311 ὲν
619 2260 847 2323 Σούσαις
884 2261 990 2313 ὑπὸ
1029 2262 1213 2329 Κύρου
1258 2261 1359 2331 τῆς
1400 2264 1625 2332 Περσῶν
1674 2265 1953 2334 βασιλείας

382 2350 806 2422 καθισταμένης,
834 2352 1073 2423 (μετὰδὲ
1102 2355 1200 2423 τὴν
1229 2356 1437 2427 ταύτης
1460 2358 1564 2409 ὑπὸ
1600 2358 1953 2429 Ἀλεξάνδρου

381 2443 750 2516 καθαίρεσιν,]
792 2447 825 2515 ἡ
870 2446 978 2499 τῶν
1021 2448 1350 2501 Μακεδόνων
1409 2451 1734 2521 ὑπεισῆλθεν
1783 2452 1948 2524 ἀρχή.

396 2536 488 2587 Ἐκ
520 2536 790 2607 τούτωνή
830 2539 889 2590 ὲν
934 2541 999 2609 τῇ
1031 2541 1385 2612 πρεσϐυτέρα
1429 2542 1620 2616 Ῥώμῃ
1663 2543 1772 2596 τῶν
1815 2544 1950 2598 Ῥω-

383 2628 558 2696 μαίων
583 2631 727 2700 ἀρχὴ
754 2632 849 2683 καὶ
879 2631 1054 2700 ίσχὺς,
1082 2633 1175 2684 ἐπὶ
1204 2632 1303 2703 μὲν
1328 2635 1640 2703 Αὐγούστου
1675 2638 1952 2710 Καίσαρος

386 2720 525 2789 μετὰ
554 2722 679 2784 τοὺς
724 2721 915 2792 πρώην
943 2722 1185 2793 βασιλεῖς
1224 2725 1394 2795 αὐτῆς
1425 2728 1517 2779 καὶ
1551 2728 1793 2793 ὑπάτους
1828 2748 1953 2799 μον-

379 2813 711 2882 αρχήσασα,
755 2814 861 2868 ὑπὸ
919 2815 978 2869 δὲ
1037 2816 1250 2869 ἀσεϐῶν
1326 2819 1488 2889 μέχρι
1538 2822 1953 2876 Κωνσταντίνου

379 2900 792 2969 κατασχεθεῖσα,
824 2895 899 2956 ὧν
930 2905 1070 2974 μετὰ
1110 2906 1211 2975 τὴν
1240 2908 1537 2961 κατάλυσιν
1578 2913 1658 2973 εἰς
1702 2914 1801 2983 τὴν
1829 2914 1956 2967 νέαν

391 2992 610 3064 Ῥώμην
658 2996 726 3049 τά
767 2996 876 3048 τῶν
924 2999 1286 3069 φιλοχρίστων
1333 3001 1600 3071 βασιλέων
1647 3008 1951 3078 μετηνέχθη

380 3085 646 3154 βασίλεια.
681 3087 836 3141 Κατὰ
867 3088 923 3142 δὲ
940 3088 1038 3161 τὴν
1064 3091 1233 3159 αὐτὴν
1263 3092 1496 3158 ἔννοιαν,
1528 3096 1619 3148 καὶ
1653 3098 1780 3161 τοὺς
1816 3100 1955 3153 ἑπτὰ

2051 609 2177 662 bent
2201 608 2636 673 fundamentum,
2662 618 2718 662 ut
2746 609 2838 678 qui
2874 624 2979 663 non
3012 618 3141 662 sunt
3183 606 3430 661 aediﬁcati
3459 622 3621 675 supra

2051 712 2257 770 petram
2288 700 2590 757 Christum.
2617 701 3049 755 Admirabuntur
3081 701 3246 770 igitur
3267 709 3319 753 et
3351 715 3494 752 nunc
3526 697 3621 767 qui

2050 792 2102 846 in
2143 791 2283 846 libro
2306 792 2599 846 viventium
2634 806 2740 844 non
2781 802 2912 847 sunt
2942 790 3151 860 scripti,
3175 805 3241 845 eo
3274 790 3417 860 quod
3445 798 3621 843 terre-

2051 886 2136 941 nis
2170 886 2333 941 rebus
2367 885 2707 940 incumbant.

2122 977 2327 1045 Septem
2375 976 2550 1045 capita
2602 982 2794 1042 septem
2840 980 3037 1026 montes
3076 981 3220 1025 sunt.
3260 971 3466 1026 Montes
3496 980 3625 1026 sunt

2054 1067 2144 1121 ubi
2181 1067 2375 1121 mulier
2401 1066 2590 1123 sedet:
2618 1064 2923 1126 mulierem,
2951 1070 3009 1115 ut
3033 1062 3296 1127 diximus,
3330 1063 3618 1116 mortalem

2053 1156 2192 1210 hanc
2216 1157 2377 1208 vitam
2396 1157 2491 1218 ait,
2512 1170 2631 1223 quia:
2654 1154 2796 1208 velut
2818 1152 3125 1207 eﬂ‘eminata
3144 1162 3224 1207 est
3243 1165 3295 1205 et
3313 1152 3447 1205 nihil
3467 1151 3622 1205 virile

2050 1248 2451 1301 demonstrans.
2483 1246 2692 1300 Montes
2738 1260 2868 1299 vero
2902 1254 2954 1299 et
2986 1245 3157 1314 capita
3194 1252 3402 1312 septem
3431 1244 3622 1297 existi-

2051 1352 2267 1391 mamus
2294 1337 2411 1391 loca
2443 1352 2565 1392 esse
2598 1338 2651 1390 in
2677 1337 3015 1391 sublimitate
3040 1345 3093 1390 et
3126 1344 3408 1405 potentatu
3471 1351 3627 1388 mun-

2050 1432 2193 1485 dano
2246 1445 2370 1500 qua:
2431 1430 2642 1484 caeteris
2679 1430 3039 1483 eminentiora
3103 1438 3251 1491 sunt,
3303 1428 3357 1482 in
3424 1427 3626 1496 quibus

2052 1523 2215 1577 variis
2266 1523 2604 1590 temporibus
2659 1522 2848 1575 mundi
2894 1521 3179 1589 imperium
3237 1520 3622 1574 confirmatum

2053 1614 2221 1669 fuisse
2243 1614 2599 1683 cognovimus
2634 1612 3136 1682 :qucmadmodum
3174 1613 3411 1681 primum
3467 1612 3625 1679 Assy-

2053 1708 2259 1761 riorum
2290 1708 2341 1759 in
2364 1706 2576 1771 Ninive,
2604 1706 2905 1759 secundum
2943 1705 2996 1758 in
3033 1704 3322 1759 Ecbatanis
3343 1703 3624 1757 Medorum

2052 1800 2355 1870 dynastiam
2406 1815 2529 1868 quae
2579 1798 2838 1869 Assyrios
2890 1797 3103 1851 Arbace
3142 1796 3281 1851 duce
3317 1798 3621 1865 superavit,

2054 1907 2284 1960 quorum
2336 1907 2515 1960 regem
2574 1891 3007 1959 Sardanapalum
3062 1888 3335 1944 devictum
3389 1888 3627 1941 Arbaces

2051 1985 2272 2040 occidit.
2303 1984 2431 2040 Post
2488 1985 2589 2040 hos
2628 1985 3008 2039 Chaldzeorutn
3058 1983 3347 2052 imperium
3402 1983 3454 2034 in
3516 1980 3621 2033 Ba-

2054 2082 2247 2151 bylone
2272 2080 2548 2144 excellnit,
2574 2081 2777 2148 quibus
2808 2079 3111 2149 imperabat
3142 2094 3236 2132 rex
3260 2074 3626 2131 Nabuchodo-

2052 2188 2241 2227 nosor.
2280 2171 2480 2227 Deinde
2512 2181 2635 2241 post
2696 2172 2889 2224 horum
2938 2185 3001 2225 ac
3053 2169 3329 2223 Medorum
3382 2168 3628 2222 eversio-

2054 2282 2199 2328 nem,
2230 2267 2333 2320 sub
2374 2265 2519 2335 Cyro
2582 2280 2808 2334 regnum
2852 2262 3140 2317 Persarum
3182 2264 3233 2315 in
3291 2262 3449 2316 Susis
3501 2276 3633 2315 con-

2053 2361 2326 2426 stituitur;
2359 2358 2519 2429 793
2544 2366 2663 2426 post
2692 2358 2851 2426 cujus
2876 2356 2943 2409 ab
2974 2355 3283 2409 Alexandro
3304 2355 3626 2408 deletionem

2054 2455 2467 2524 subingressum
2492 2460 2575 2505 est
2616 2466 2842 2520 regnum
2874 2447 3250 2502 Macedonum.
3288 2447 3381 2501 His
3406 2460 3629 2500 succes-

2054 2548 2125 2603 sit
2144 2545 2513 2600 Romanorum
2539 2543 2822 2612 imperium
2850 2550 2899 2596 et
2920 2550 3160 2611 potestas
3176 2540 3229 2593 in
3255 2540 3417 2592 veteri
3433 2538 3629 2604 Roma,

2053 2655 2175 2710 qua:
2220 2647 2342 2708 post
2388 2637 2603 2706 priores
2640 2635 2861 2705 quidem
2905 2648 3060 2704 reges
3086 2647 3151 2687 ac
3200 2630 3477 2696 consules,
3503 2645 3629 2684 curn

2054 2731 2156 2787 sub
2187 2732 2427 2799 Augusto
2454 2729 2670 2783 Caesare
2702 2727 3077 2781 monarchiam
3108 2724 3429 2794 accepisset,
3459 2737 3631 2791 usque

2054 2825 2121 2879 ad
2144 2822 2564 2878 Constantinum
2589 2821 2657 2875 ab
2692 2820 2874 2890 impiis
2905 2827 3168 2887 occupata
3191 2826 3293 2879 est,
3330 2824 3453 2885 post
3488 2828 3627 2882 quo-

2058 2931 2177 2970 rum
2217 2914 2628 2970 dissolutionem
2676 2914 2730 2966 in
2770 2926 2966 2967 novam
3010 2910 3241 2963 Romam
3304 2908 3629 2960 translatum

2056 3018 2141 3062 est
2200 3007 2491 3076 imperium
2540 3007 2642 3062 sub
2691 3005 2909 3076 regibus
2962 3003 3239 3058 Christum
3296 2999 3628 3055 colentibus.

2056 3099 2216 3155 Juxta
2269 3100 2522 3154 eumdem
2581 3097 2917 3152 intellectum
2960 3108 3169 3165 septem
3210 3107 3428 3163 quoque
3476 3106 3632 3160 reges

382 3176 630 3246 βασιλεῖς
664 3180 950 3234 ἐκδεκτέον
973 3183 1072 3251 τῆς
1101 3184 1403 3253 ὲναλλαγῆς
1434 3186 1541 3239 τῶν
1568 3191 1759 3255 γενῶν,
1788 3192 1950 3260 ἀρσε-

2054 3190 2348 3261 accipiendi
2383 3197 2531 3253 sunt,
2556 3187 2859 3242 mutatione
2880 3186 3116 3259 generis,
3152 3198 3345 3253 nempe
3375 3182 3631 3235 neutrius

378 3271 554 3334 νικοῦ,
583 3270 749 3337 λέγω,
788 3273 884 3325 καὶ
930 3274 1190 3343 Θηλυκοῦ,
1240 3277 1409 3346 μηδὲν
1439 3281 1952 3353 παρεμποδιζούσης

376 3362 476 3429 τῆς
518 3361 758 3427 διανοίας
798 3363 894 3435 τὴν
936 3368 1265 3435 ταυτὸτητα,
1302 3370 1349 3421 εί
1403 3373 1521 3423 ἐκεῖ
1561 3372 1659 3441 μὲν
1702 3374 1953 3444 θηλυκῶς

378 3454 478 3516 τάς
525 3454 768 3524 κεφαλὰς
819 3459 912 3510 καὶ
948 3460 1087 3511 ἑπτά
1130 3461 1229 3531 ὄρη
1261 3462 1575 3532 οὐδετέρως,
1628 3465 1863 3519 ἐνταῦθα
1895 3467 1952 3520 δὲ

380 3544 619 3614 βασιλεῖς
640 3548 780 3601 ἑπτὰ
820 3550 1115 3620 ἐσήμανεν.
1168 3552 1334 3606 Οὐδὲν
1367 3554 1536 3626 γὰρὴ
1590 3557 1783 3629 Γραφὴ
1825 3562 1952 3631 περὶ

378 3637 582 3691 τούτων
622 3639 781 3693 εἴωθε
814 3642 1283 3711 μικρολογεῖσθαι.

449 3729 557 3781 Καὶ
609 3729 682 3782 τὰ
734 3730 883 3789 δέκα
935 3732 1152 3801 κέρατα
1186 3733 1224 3789 d
1260 3733 1444 3801 εἶδες,
1490 3737 1635 3793 δέκα
1669 3742 1953 3810 ,βασιλεῖς

376 3823 565 3886 εἰσιν,
624 3823 845 3885 οἵτινες
891 3826 1224 3889 ,ϐασιλείαν
1278 3830 1444 3882 οὔπω
1506 3830 1763 3899 ἔλαϐον,
1812 3835 1953 3890 ἀλλ’

376 3911 670 3974 ἐξουσίαν
710 3916 802 3985 ὡς
853 3917 1141 3984 βασιλεῖς
1182 3920 1326 3986 μίαν
1366 3920 1526 3988 ὥραν
1575 3925 1953 3993 λαμϐάνουσι

377 4005 523 4073 μετὰ
553 4006 657 4060 τοῦ
692 4007 920 4074 θηρίου.
954 4004 1128 4063 Οὗτοι
1152 4010 1299 4077 μίαν
1322 4012 1533 4079 ἔχουσι
1562 4016 1823 4085 γνώμην,
1855 4020 1953 4071 καί

380 4099 495 4165 τὴν
551 4100 808 4166 δύναμιν
875 4100 976 4153 καί
1037 4102 1328 4164 ἐξουσίαν
1383 4104 1583 4157 αὐτῶν
1639 4106 1720 4171 τῷ
1773 4111 1955 4176 θηρίῳ

378 4190 670 4245 διδόασιν.
718 4188 895 4246 Οὗτοι
924 4193 1074 4261 μετὰ
1101 4184 1206 4245 τοῦ
1246 4195 1457 4262 ἀρνίου
1494 4198 1950 4267 πολεμήσουσι,

380 4282 481 4336 καὶ
527 4283 591 4337 τὸ
633 4282 847 4350 ἀρνίον
888 4282 1125 4351 νικήσει
1176 4280 1433 4351 αὐτοὺς,
1474 4286 1561 4340 ὅτι
1601 4290 1813 4356 Κύριος
1852 4309 1955 4345 κυ-

378 4375 526 4442 ρίων
555 4374 707 4438 ἐστὶ,
750 4375 847 4427 καί
884 4374 1188 4441 ,ϐασιλεὺς
1217 4378 1549 4444 βασιλέων,
1594 4381 1691 4433 καί
1728 4384 1784 4435 οὶ
1824 4387 1956 4452 μετ’

379 4468 566 4522 αὑτοῦ
605 4468 817 4534 animal
853 4470 951 4521 καὶ
980 4469 1261 4524 -ὲκλεκτοὶ
1309 4472 1410 4524 καὶ
1450 4474 1673 4527 πιστοί.
1712 4477 1819 4529 Kal
1850 4477 1948 4530 λέ-

380 4575 468 4627 γει
508 4576 648 4628 μοι’
709 4562 785 4614 Τὰ
844 4560 1031 4613 ὕδατα
1077 4560 1114 4614 ἆ
1150 4558 1337 4627 εἶδες,
1394 4564 1491 4616 καὶ
1537 4566 1570 4632 ἡ
1606 4565 1760 4634 γυνὴ
1792 4564 1863 4624 οὗ
1908 4571 1946 4638 ἠ

379 4651 576 4717 πόρνη
626 4649 874 4719 κάθηται
897 4692 912 4709 .
950 4652 1087 4705 λαοὶ
1139 4654 1234 4705 καὶ
1275 4653 1445 4723 ὄχλοι
1479 4656 1631 4722 εισι,
1665 4659 1763 4712 καί
1805 4662 1950 4732 ἔθνη

380 4739 478 4792 καί
513 4739 805 4810 γλῶσσαι.

453 4832 534 4884 Τὰ
587 4832 720 4887 δέκα
764 4835 1004 4906 κέρατα,
1050 4838 1180 4891 δέκα
1221 4839 1462 4909 βασιλεῖς
1507 4837 1646 4897 εἶναί
1689 4863 1853 4913 φασιν
1892 4848 1956 4900 ἔκ

381 4926 485 4993 τῆς
528 4923 816 4995 Ῥωμαίων
844 4930 1018 4999 ἀρχῆς
1050 4932 1529 5003 άναστησομένους
1561 4937 1621 4988 ὲν
1652 4940 1766 5000 τοῖς
1796 4940 1957 5007 ἐσχά-

382 5033 494 5079 τοις
544 5020 784 5088 καιροῖς,
820 5016 895 5071 ὧν
940 5024 997 5073 ἐν
1047 5023 1198 5093 μέσῳ
1226 5025 1255 5077 ὁ
1311 5024 1680 5096 Ἀντίχριστος
1717 5029 1955 5102 ἀναστή-

385 5123 557 5161 σεται.
591 5110 665 5161 Τὸ
717 5111 774 5163 δὲ
815 5112 890 5182 μὴ
932 5112 992 5165 τὸ
1030 5112 1213 5166 λαϐεῖν
1262 5115 1457 5178 αὑτοὺς
1496 5116 1793 5186 βασιλείαν,
1839 5120 1956 5173 ἀλλ’

383 5193 634 5261 ἐξουσίαν
667 5198 742 5261 ὡς
800 5200 1037 5269 βασιλεῖς
1076 5204 1173 5256 καὶ
1221 5204 1351 5274 μίαν
1397 5204 1581 5276 ὥραν·
1630 5207 1692 5259 τὸ
1741 5209 1839 5279 μὲν
1882 5209 1959 5272 ὡς

386 5286 625 5356 βασιλεῖς
653 5291 741 5343 διὰ
771 5292 832 5345 τὸ
878 5293 1207 5364 ἀνέδραστον
1245 5296 1339 5348 καὶ
1386 5298 1611 5361 σκιῶδες
1652 5299 1753 5368 τῆς
1803 5300 1953 5369 βασι-

384 5380 533 5444 λείας
563 5384 740 5438 αὐτῶν
769 5401 922 5455 φησι·
955 5386 1015 5438 τὸ
1035 5386 1090 5438 δὲ
1117 5385 1246 5456 μίαν
1266 5387 1416 5458 ὥραν
1449 5389 1586 5458 μετὰ
1616 5389 1710 5442 τοῦ
1742 5389 1956 5460 θηρίου,

385 5472 570 5543 ὥραν,
623 5476 683 5528 τὸ
733 5477 908 5547 βραιὺ
964 5477 1059 5531 τοῦ
1108 5479 1302 5550 χρόνου
1354 5483 1626 5552 παριστᾷν
1671 5481 1958 5552 βούλεται,

460 5633 507 5667 ⁸⁸
541 5636 643 5689 lsa.
684 5652 830 5698 xxvn,
868 5637 951 5693 18.

457 5776 567 5843 (59)
616 5780 736 5831 Ἐπὶ
773 5782 838 5849 τῇ
868 5780 1034 5848 βίϐλῳ
1064 5783 1203 5849 vnlg.

2054 3293 2107 3337 et
2138 3282 2448 3343 masculini,
2479 3281 2687 3335 nullum
2747 3280 2812 3333 ad
2861 3277 3231 3346 intelligentia:
3291 3272 3628 3328 identitatem

2055 3381 2350 3444 praestante
2404 3370 2949 3443 impedimentum,si
3003 3368 3074 3422 ibi
3134 3366 3357 3437 quidem
3411 3372 3622 3433 septem

2056 3476 2267 3523 montes
2303 3482 2499 3539 genere
2554 3464 2860 3521 masculino
2926 3471 3020 3517 aut
3073 3461 3251 3530 capita
3299 3468 3518 3520 neutro,
3547 3456 3635 3508 hic

2055 3569 2235 3615 autem
2266 3569 2472 3629 septem
2504 3573 2659 3628 reges
2690 3554 2997 3610 masculino
3031 3568 3227 3623 genere
3248 3547 3627 3620 signiﬁcavit:

2053 3654 2119 3708 de
2157 3654 2240 3707 his
2262 3653 2407 3705 enim
2431 3650 2714 3718 Scriptura
2746 3647 2880 3701 nihil
2912 3646 3129 3699 curiose
3177 3642 3413 3698 scrutari
3459 3640 3624 3694 solet.

2124 3742 2289 3805 XVII.
2324 3742 2511 3797 1245.
2551 3740 2619 3794 Et
2650 3741 2824 3793 decem
2866 3755 3065 3791 cornua
3097 3752 3213 3806 qua:
3244 3734 3418 3787 vidisti
3457 3733 3634 3785 decem

2056 3856 2196 3910 reges
2235 3848 2377 3896 sunt.
2403 3837 2492 3907 qui
2525 3850 2737 3905 regnum
2781 3833 3013 3886 nondum
3049 3838 3382 3900 acceperunt,
3419 3826 3510 3881 sed
3540 3842 3634 3896 po-

2057 3940 2293 3985 testatem
2328 3946 2433 3982 una
2455 3929 2585 3980 hora
2619 3937 2876 3996 tanquam
2910 3941 3051 3995 reges
3092 3923 3363 3991 accipiunt
3404 3936 3521 3973 cum
3555 3921 3636 3970 bc-

2055 4023 2179 4076 stia.
2202 4022 2269 4074 Ili
2294 4035 2455 4072 unum
2483 4017 2667 4069 habent
2692 4016 2971 4068 consilium
3001 4031 3018 4068 :
3044 4023 3092 4065 et
3120 4014 3364 4065 virtutem
3397 4027 3458 4063 ac
3480 4018 3631 4078 pote-

2054 4122 2244 4165 statem
2272 4127 2419 4163 suam
2438 4109 2614 4161 bestiw
2635 4106 2984 4159 tradiderunt.
3014 4104 3085 4157 lli
3117 4120 3234 4156 cum
3266 4118 3400 4172 agno
3429 4117 3634 4170 pugna-

2056 4207 2206 4263 bunt,
2238 4209 2287 4252 et
2325 4215 2491 4268 agnus
2528 4198 2692 4250 vincet
2714 4213 2819 4250 eos.
2848 4196 2974 4264 quia
3006 4194 3259 4246 Dominus
3298 4191 3635 4244 dominarum

2054 4306 2128 4349 est
2168 4302 2216 4347 et
2249 4307 2341 4345 rem
2376 4306 2575 4360 regum,
2606 4298 2653 4341 et
2678 4289 2767 4359 qui
2793 4305 2913 4340 cum
2936 4287 3028 4339 illo
3060 4296 3184 4339 sunt
3212 4286 3385 4339 vocati
3413 4294 3461 4337 et
3485 4283 3637 4337 electi

2055 4403 2117 4440 ac
2138 4384 2340 4455 ﬁdeles.
2375 4382 2439 4435 Et
2472 4381 2598 4434 dicit
2630 4379 2755 4433 mihi
2784 4394 2801 4431 :
2833 4378 2995 4447 Aqua:
3034 4394 3163 4447 quas
3195 4375 3375 4430 vidisti
3402 4374 3489 4427 ubi
3517 4390 3635 4425 mu-

2055 4480 2153 4532 lier
2176 4476 2419 4530 meretrix
2447 4473 2612 4537 sedet,
2646 4470 2825 4542 populi
2854 4480 2902 4524 et
2940 4470 3106 4525 turbae
3136 4478 3256 4524 sunt
3290 4476 3339 4523 et
3390 4476 3563 4540 gentes
3589 4473 3640 4518 et

2058 4570 2272 4639 lingua}.

2128 4840 2325 4894 Decem
2359 4848 2568 4889 cornua
2597 4831 2785 4886 decem
2838 4844 2994 4898 reges
3051 4842 3176 4883 esse
3220 4826 3394 4890 aiunt,
3448 4823 3540 4893 qui
3570 4838 3638 4877 ex

2056 4932 2301 4987 Romano
2326 4927 2555 4995 imperio
2582 4930 2916 4993 consurgent
2948 4920 3238 4990 postremis
3275 4916 3638 4987 temporibus.

2056 5028 2109 5081 in
2137 5039 2371 5095 quorum
2406 5021 2583 5073 medio
2613 5025 2907 5085 consurget
2952 5015 3348 5069 Autichristus.
3390 5011 3507 5065 Non
3538 5025 3639 5062 au-

2056 5125 2163 5173 tem
2219 5116 2295 5169 ait
2337 5127 2430 5167 eos
2473 5126 2699 5179 regnum
2750 5118 3105 5176 accepturos,
3158 5106 3251 5159 sed
3312 5108 3640 5173 potestatem

2067 5218 2324 5276 tanquam
2379 5218 2555 5271 reges,
2595 5201 2757 5268 idque
2802 5215 2907 5252 una
2944 5200 3076 5251 hora
3113 5215 3127 5250 :
3183 5207 3443 5265 tanquam
3487 5208 3643 5261 reges

2066 5314 2223 5363 sane,
2254 5313 2319 5352 eo
2366 5296 2511 5364 quod
2548 5293 2825 5347 inﬁrmum
2857 5300 2908 5346 et
2936 5291 3234 5345 obscurum
3269 5287 3376 5341 erit
3406 5300 3632 5352 regnum

2065 5406 2293 5455 eorum;
2323 5404 2428 5443 una
2449 5404 2577 5443 vero
2606 5402 2731 5440 cum
2776 5385 2968 5449 bestia,
3006 5383 3195 5436 horam
3228 5379 3516 5447 designare
3542 5392 3640 5428 vo-

2068 5488 2186 5543 lens
2220 5485 2480 5555 temporis
2511 5480 2853 5546 brevitatem,
2898 5480 3011 5535 sive
3043 5477 3171 5532 illud
3206 5488 3316 5546 quo
3346 5470 3476 5528 anni
3508 5469 3643 5524 hora

453 5836 563 5918 (δυ)
599 5836 838 5906 inclusa"
861 5836 947 5908 hic
979 5836 1033 5907 εἰ
1096 5836 1234 5908 inira
1291 5862 1611 5926 Supptcntur
1649 5869 1715 5909 ex
1763 5854 1953 5910 codice
1980 5852 2316 5909 Barocciauo
2347 5852 2487 5918 apud
2521 5851 2864 5906 Cratnertnn.
