4046 6580
366 369 476 433 723

1207 374 1532 434 ARETIL‘E
1569 377 1944 437 CESAREE
1982 379 2460 442 C.\PPADOCI.E
2499 383 2838 444 EPISCOPI

3516 379 3625 445 "124

365 480 747 552 complebitur,
778 498 887 554 qua
920 484 1155 539 vincenti
1186 484 1522 541 Anticltristo
1546 489 1939 558 subjicientur;

2058 494 2164 563 ἢτοι
2194 496 2262 548 δι’
2294 491 2354 550 οῦ
2384 499 2416 566 ή
2452 498 2546 551 τοῦ
2579 496 2828 551 ἐνιαυτοῦ
2863 494 2982 567 ὥρα
3014 496 3369 561 συντελεῖται,
3405 496 3531 551 καθ’
3559 500 3628 568 ἢν

362 575 649 629 autetiam
685 576 1009 648 intelligitur
1040 578 1148 633 vita
1193 593 1314 649 qua:
1372 581 1424 634 iu
1479 580 1692 636 deliciis
1739 580 1937 652 agitur.

433 754 499 810 Et
523 774 691 828 agnus
715 759 881 813 vincet
902 774 1107 815 eos.....
1140 769 1190 813 et
1217 760 1307 830 qui
1334 776 1453 814 cum
1477 760 1569 814 illo
1592 770 1716 815 sunt
1746 761 1938 816 vocati.

360 849 555 906 Merito
598 866 722 904 cum
774 850 1040 906 Dominus
1070 844 1419 908 dominorum
1476 854 1547 908 sit
1591 864 1644 907 et
1684 852 1798 908 Rex
1859 869 1943 909 re-

360 942 698 1012 gum,etiam
733 955 1168 1015 propugnatores
1226 946 1347 1015 ejus
1398 956 1524 999 sunt
1570 945 1766 1012 vocati,
1832 961 1940 1001 non

357 1035 637 1107 vulgarem
669 1036 938 1093 habentes
968 1038 1331 1102 vocationem,
1368 1036 1461 1092 sed
1519 1038 1755 1101 ﬁrmam,
1792 1038 1946 1094 abso-

358 1131 528 1184 lutam
553 1140 605 1185 et
642 1130 1056 1186 immutabilem.
1109 1130 1232 1184 Ideo
1267 1144 1483 1199 quoque
1518 1130 1703 1185 lideles
1750 1130 1943 1185 dicun-

360 1231 470 1285 tur,
493 1222 657 1293 794
675 1222 804 1293 quia
839 1221 1024 1277 ﬁdeles
1067 1222 1159 1276 uni
1198 1221 1431 1276 Domino
1488 1222 1791 1287 adhaerent,
1816 1236 1940 1277 cum

361 1326 466 1365 non
508 1314 721 1382 possint
747 1312 963 1367 duobus
985 1312 1221 1368 dominis
1254 1314 1481 1369 servire.

428 1404 592 1473 Aqua:
630 1419 761 1473 quas
792 1404 989 1457 vidisti.
1028 1404 1201 1459 Antea
1253 1406 1320 1460 de
1359 1406 1446 1462 bis
1497 1406 1762 1471 diximus,
1798 1405 1944 1477 quod

360 1496 567 1567 tropice
597 1511 663 1552 ac
686 1497 1010 1552 naturaliter
1038 1506 1183 1552 terra
1215 1499 1286 1552 sit
1314 1514 1378 1554 ex
1406 1500 1588 1569 aquis,
1618 1510 1673 1554 et
1701 1500 1754 1554 in
1784 1499 1944 1568 aquis

367 1597 708 1657 perseverat,
755 1588 808 1643 in
843 1604 951 1659 qua
995 1589 1245 1644 ﬁrmatus
1293 1598 1377 1645 est
1420 1591 1793 1660 corruptibilis
1856 1591 1946 1644 hic

363 1678 624 1745 mundus,
658 1681 818 1751 etqui
843 1680 1151 1737 inbumidis
1173 1697 1238 1737 ac
1258 1682 1512 1739 mollibus
1538 1693 1782 1738 versatur
1812 1681 1947 1737 deli-

361 1771 484 1826 ciis.
519 1770 754 1828 Omnino
792 1781 1105 1829 autemnon
1136 1775 1243 1828 alio
1281 1790 1448 1844 quam
1484 1776 1589 1830 hoc
1631 1775 1796 1829 modo
1851 1788 1941 1830 se-

360 1864 599 1918 cundum
646 1865 885 1919 humana
929 1880 1128 1936 genera
1179 1865 1534 1936 intelligitur,
1585 1880 1708 1935 qua
1752 1876 1941 1935 gentes
1977 1850 2017 1906 Β

362 1968 492 2011 sunt
529 1958 694 2014 variis
740 1958 941 2029 linguis
987 1960 1279 2026 distinctae,
1330 1970 1385 2015 et
1436 1970 1695 2029 praeterea
1749 1974 1939 2029 regum

363 2061 686 2105 conservata
746 2051 969 2121 imperia
1022 2072 1037 2108 :
1098 2070 1225 2107 nam
1290 2054 1396 2108 boc
1458 2052 1769 2123 signiﬁcare
1826 2053 1944 2106 vult

361 2156 532 2195 rornu
556 2159 569 2195 :
590 2157 620 2196 a
653 2146 901 2199 cornutis
926 2145 1259 2201 animalibus
1277 2161 1337 2201 se
1354 2154 1631 2207 tueantur,
1653 2144 1699 2200 si
1724 2142 1944 2215 quando

362 2248 502 2305 opus
533 2244 616 2290 est
651 2234 914 2294 adversus
938 2238 1043 2294 alia
1083 2239 1341 2294 animalia
1376 2254 1688 2295 occurrere.
1740 2238 1942 2305 Quem-

364 2327 661 2383 admodum
725 2331 890 2386 etiam
970 2348 1161 2403 regum
1236 2333 1629 2403 dispositiones
1692 2333 1946 2404 gentibus

364 2418 631 2476 adversus
663 2430 852 2493 gentes
890 2424 1318 2493 permanentiam
1354 2424 1406 2479 in
1440 2425 1639 2496 seipsis
1674 2426 1942 2491 tribuunt,

365 2509 493 2564 dum
534 2511 603 2566 ad
654 2519 947 2569 extraneos
984 2514 1330 2586 principatus
1384 2530 1493 2570 non
1533 2515 1943 2587 disperguntur.

435 2688 601 2758 XVII,
643 2693 825 2748 l6-l8.
858 2693 925 2748 Et
951 2694 1125 2749 decem
1162 2710 1358 2749 cornua
1387 2711 1506 2765 qua:
1533 2694 1714 2751 vidisti
1768 2694 1821 2746 in
1867 2691 1949 2745 be-

366 2788 497 2852 stia,
526 2787 581 2841 Ιιὶ
607 2788 729 2841 odio
757 2797 1138 2860 prosequentur
1178 2789 1524 2852 meretricem,
1558 2796 1605 2841 et
1652 2785 1947 2840 desolatam

368 2880 564 2949 facient
602 2880 753 2933 illam
784 2890 834 2935 et
875 2882 1111 2947 nudam,
1144 2890 1193 2937 et
1235 2896 1419 2935 carnes
1453 2880 1567 2950 ejus
1601 2878 1868 2933 comedent
1900 2886 1948 2931 et

366 2974 538 3044 ipsum
585 2975 704 3046 igne
730 2974 1158 3031 concremabunt.
1194 2974 1336 3031 Deus
1366 2975 1505 3030 enim
1528 2974 1669 3028 dedit
1707 2974 1763 3026 in
1788 2971 1950 3025 corda

367 3083 571 3129 eorum,
612 3077 671 3121 ut
706 3068 910 3137 faciant
955 3070 1124 3138 ipsius
1155 3070 1478 3135 voluntatem
1505 3085 1523 3123 :
1552 3077 1601 3123 et
1630 3068 1831 3135 faciant
1864 3080 1952 3118 vo-

365 3157 623 3213 luntatem
654 3175 836 3224 unam,
866 3170 915 3215 et
957 3158 1078 3214 deut
1111 3176 1331 3231 regnum
1377 3176 1533 3214 suum
1562 3157 1740 3211 bestiae
1787 3156 1951 3209 donec

369 3252 736 3322 compleantur
765 3269 1030 3308 sermones
1077 3253 1190 3308 Dei.
1242 3251 1309 3305 Et
1362 3252 1554 3305 mulier
1579 3264 1736 3320 quam
1766 3246 1946 3302 vidisti

368 3354 445 3399 est
494 3346 677 3400 civitas
724 3362 917 3417 magna
976 3362 1093 3417 qua:
1122 3346 1274 3399 habet
1325 3359 1538 3414 regnum
1588 3358 1745 3411 super
1810 3355 1951 3411 reges

373 3446 547 3490 terrm.

442 3693 581 3765 Quid
608 3698 921 3767 signiﬁcare
957 3694 1123 3750 velint
1154 3710 1361 3749 cornua
1392 3694 1503 3764 jam
1533 3692 1738 3748 dictum
1768 3702 1873 3757 est,
1904 3700 1959 3747 et

375 3789 521 3859 quod
554 3789 726 3843 bestia
760 3787 831 3841 sit
859 3785 1111 3841 diabolus
1145 3787 1359 3841 :variat
1385 3784 1530 3839 enim
1568 3784 1621 3838 in
1650 3783 1959 3854 significato

372 3879 580 3945 bestiae,
619 3877 820 3933 alicubi
863 3877 1267 3933 Anticltristum
1321 3879 1394 3934 ita
1452 3875 1778 3939 nominans.
1822 3876 1958 3931 alias

376 3984 558 4029 autem
600 3983 654 4027 et
686 3970 969 4026 Satanam.
1008 3971 1184 4043 Reges
1221 3970 1410 4042 igitur,
1448 3969 1646 4041 inquit,
1675 3969 1769 4039 qui
1798 3979 1953 4023 ante-

378 4070 475 4123 huc
496 4083 592 4138 per
620 4065 990 4135 operationem
1021 4065 1237 4121 Satanae
1269 4065 1565 4120 crudeliter
1596 4063 1772 4131 allecti
1804 4072 1960 4119 erant

375 4176 502 4230 erga
541 4177 764 4232 agnum,
828 4160 918 4215 Dei
973 4161 1348 4215 admonitione
1375 4157 1501 4214 odio
1560 4166 1961 4228 prosequentur

377 4254 740 4319 meretricEm,
781 4252 833 4307 id
865 4263 970 4321 est,
997 4253 1379 4324 voluptuosam
1420 4252 1473 4305 in
1505 4251 1615 4306 vita
1666 4264 1961 4305 conversa-

377 4347 581 4401 tionem
614 4364 627 4401 :
661 4346 958 4403 desolatam
988 4362 1205 4418 quoque
1243 4345 1475 4402 efﬁcient
1515 4344 1880 4399 idololatriam
1908 4351 1962 4396 et

380 4438 623 4495 delubris
664 4455 728 4495 ac
777 4441 994 4498 vatibus
1039 4441 1331 4511 privabunt
1365 4457 1379 4494 :
1414 4445 1470 4494 et
1510 4452 1708 4493 carnes
1762 4436 1956 4506 ipsius,

2045 587 2125 657 τῷ
2180 589 2534 659 Ἀντιχρξστῳ
2586 588 2665 659 τῷ
2721 588 3041 658 ὑπερέχοντι
3079 589 3560 659 ὑποταγήσονται·
3591 591 3625 660 ἢ

2043 681 2140 733 καὶ
2162 679 2332 752 ὥραν,
2360 682 2453 735 τὸν
2478 680 2880 734 ἀπολαυστικὸν
2907 680 3025 750 βίον
3052 680 3293 752 νοητέον.

2116 772 2225 827 Kal
2265 773 2332 826 τὸ
2373 773 2585 842 ἀρνίον
2620 771 2858 838 νικήσει
2891 770 3229 836 absone...”
3274 771 3372 824 καὶ
3415 773 3471 824 al
3498 768 3625 839 μετ’

2045 864 2234 919 αὐτοῦ
2264 865 2497 931 κλητοί.
2531 865 2770 927 Εἰκότως
2819 864 2896 928 ὡς
2927 864 3021 917 καὶ
3057 863 3260 933 Κύριος
3290 863 3496 934 κυρίων
3534 864 3629 917 καὶ

2046 956 2313 1020 Βασιλεὺς
2363 956 2651 1027 βασιλέων,
2688 956 2784 1010 καὶ
2823 956 3167 1010 ὑπασπισταὶ
3213 955 3381 1009 αὐτοῦ
3415 955 3624 1025 κλητοὶ,

2045 1048 2147 1121 τὴν
2183 1049 2374 1119 κλῆσιν
2406 1049 2465 1103 οὐ
2503 1048 2647 1103 κατὰ
2676 1048 2739 1101 τὸ
2767 1049 3027 1117 ὲπιτυχὸν
3060 1046 3295 1117 ἔχοντες,
3323 1045 3459 1101 ἀλλὰ
3483 1049 3626 1101 κατὰ

2047 1141 2109 1194 τὸ
2151 1141 2365 1212 καίριον
2388 1140 2489 1193 καὶ
2518 1138 2957 1211 διηκριϐωμένον
2998 1140 3092 1192 καὶ
3136 1137 3491 1208 ἀμετάθετον.
3537 1136 3630 1189 Διὸ

2048 1233 2142 1285 καὶ
2168 1231 2374 1295 πιστοὶ,
2402 1232 2483 1285 ὅτι
2516 1232 2544 1285 ὁ
2578 1228 2767 1292 πιστὸς
2798 1230 2881 1283 ἑνὶ
2909 1228 3238 1299 προσανέχει
3268 1227 3534 1299 Δεσπότη,
3563 1228 3625 1280 ού

2047 1322 2344 1391 δυνάμενος
2377 1321 2499 1375 δυσὶ
2530 1321 2743 1392 κυρίοις
2776 1320 3071 1375 δουλεύειν.

2126 1414 2201 1470 Τὰ
2233 1414 2422 1468 ὕδατα
2457 1411 2499 1467 ἆ
2539 1409 2715 1479 εἶδες.
2762 1412 3094 1484 Προείρηται
3143 1412 3281 1482 ἡμῖν
3315 1412 3445 1483 περὶ
3500 1409 3626 1463 τού-

2049 1525 2184 1572 των,
2223 1507 2504 1579 τροπικῶς
2538 1507 2633 1560 καὶ
2667 1505 2915 1576 φυσικῶς
2950 1506 3050 1577 τὴν
3083 1506 3189 1577 γῆν
3228 1500 3367 1559 εἶναι
3404 1504 3464 1570 ἐξ
3496 1505 3627 1558 ὑδά-

2047 1618 2177 1665 των,
2207 1600 2302 1654 καὶ
2333 1602 2390 1653 ὲν
2421 1598 2578 1652 ῦδασι
2602 1596 2977 1664 διατελοῦσαν,
3010 1600 3071 1650 ἐν
3159 1600 3188 1651 ὁ
3216 1596 3451 1667 φθαρτὸς
3475 1589 3630 1657 οὗτος

2050 1695 2143 1748 καὶ⁵
2184 1692 2428 1763 διύγροις
2468 1693 2689 1761 ἡδοναῖς
2734 1690 3059 1760 διαγόμενος
3094 1690 3361 1762 ἦδρασται
3401 1688 3626 1758 κόσμοτ.

2052 1786 2281 1846 Πάντως
2303 1783 2361 1836 δὲ
2407 1783 2508 1835 οὐκ
2540 1781 2714 1844 ἄλλως
2745 1780 2779 1851 ἢ
2805 1779 2979 1841 οὕτως
3013 1779 3165 1847 παρὰ
3202 1777 3271 1830 τὰ
3313 1775 3631 1846 ἀνθρώπινα

2046 1878 2179 1947 γένη
2229 1877 2455 1939 νοεῖται,
2530 1874 2676 1944 ἅπερ
2736 1871 2866 1941 ἔθνη
2917 1872 3025 1924 εἰσὶ
3072 1873 3138 1941 τῇ
3182 1869 3424 1940 διαφόρῳ
3477 1868 3629 1938 φωνῇ

2046 1966 2505 2037 διαστελλόμενα,
2542 1965 2679 2034 πρὸς
2716 1965 2773 2017 δὲ
2826 1962 3040 2025 τούτοις
3090 1960 3184 2015 καὶ
3240 1960 3308 2013 τὰ
3360 1958 3630 2030 βασιλέων

2046 2064 2225 2133 κράτη
2274 2058 2709 2129 συντηρούμενα.
2750 2054 2923 2109 Τοῦτο
2966 2054 3079 2126 γὰρ
3121 2053 3180 2107 τὸ
3223 2054 3392 2123 κέρας
3435 2049 3632 2121 δηλοῦν

2049 2153 2332 2223 βούλεται,
2376 2148 2485 2203 ἀπὸ
2531 2147 2640 2201 τῶν
2684 2144 3047 2218 κερασφόρων
3083 2142 3241 2206 ζώων
3293 2140 3477 2196 λαϐὼν
3531 2138 3632 2210 τὴν

2045 2247 2261 2317 χρῆσιν,
2310 2244 2390 2297 ὅτι
2436 2242 2665 2296 κάκεῖνα
2691 2242 2802 2303 τοῖς
2842 2239 3070 2309 κέρασιν
3102 2235 3311 2290 ἑαυτῶν
3352 2234 3635 2305 συντηρεῇ

2046 2357 2173 2402 ται,
2236 2338 2393 2392 εἵπου
2449 2333 2631 2404 δεήσει
2686 2332 2823 2403 πρδς
2878 2330 3043 2401 ἕτερα
3096 2328 3212 2393 ζῶα
3260 2323 3631 2393 διεξάγεσθαι.

2051 2433 2261 2503 ’Ὥσπερ
2308 2430 2401 2484 καὶ
2436 2428 2615 2481 ἔθνεσι
2645 2426 2781 2496 πρὸς
2819 2423 2946 2494 ἔθνη
2978 2424 3034 2477 αἱ
3075 2422 3184 2476 τῶν
3216 2419 3483 2490 βασιλέων
3511 2417 3632 2470 δια-

2047 2524 2214 2592 ταγαὶ
2254 2522 2313 2574 τὸ
2351 2520 2475 2574 καθ’
2522 2518 2691 2572 ἑαυτὰ
2721 2516 3001 2585 διαμένειν
3049 2514 3347 2586 παρέχουσι
3383 2511 3459 2581 μὴ
3498 2508 3634 2579 πρὶς

2048 2612 2318 2682 ὲκφύλους
2345 2609 2675 2680 κυριαρχίας
2713 2605 3095 2670 σκεδάζεσθαι.

2122 2704 2231 2761 Kal
2285 2704 2359 2757 τὰ
2408 2702 2557 2756 δέκα
2594 2703 2813 2769 κέρατα
2857 2698 2897 2753 ἂ
2943 2693 3102 2763 εἶδες
3148 2695 3247 2749 ἐπὶ
3291 2695 3358 2748 τὸ
3397 2695 3655 2761 θηρίον,

2052 2793 2217 2854 οὗτοι
2251 2794 2592 2865 μισήσουσι
2636 2792 2751 2859 τὴν
2782 2790 3050 2858 πόρνην,
3102 2788 3200 2841 καὶ
3241 2786 3638 2856 ἠρημωμένην

2052 2888 2424 2953 ποιήσουσιν
2481 2884 2725 2953 αὐτὴν,
2788 2882 2891 2937 καὶ
2960 2879 3203 2951 γυμνὴν
3266 2878 3637 2944 ποιήσουσιν

2051 2980 2280 3049 αὐτὴν,
2336 2979 2434 3034 καὶ
2478 2977 2583 3043 τὰς
2641 2977 2879 3044 σάρκας
2919 2971 3111 3040 αὐτῆς
3154 2971 3483 3042 φάγονται,
3536 2967 3637 3022 καί

2052 3071 2251 3139 αὐτὴν
2301 3070 2798 3124 κατακαύσουσιν
2848 3067 2918 3120 ἐν
2966 3065 3132 3133 πυρί.
3196 3063 3259 3115 '0
3314 3063 3428 3132 γὰρ
3491 3060 3637 3125 Θεὸς

2057 3162 2284 3216 ἔδωκεν
2304 3163 2391 3226 είς
2424 3159 2531 3225 τὰς
2555 3157 2803 3226 καρδίας
2835 3155 3036 3209 αὐτῶν
3066 3152 3317 3222 ποιῆσαι
3344 3151 3462 3220 τὴν

2060 3273 2188 3328 μην
2226 3254 2442 3310 αὑτοῦ·
2486 3251 2583 3305 καὶ
2616 3250 2868 3319 ποιῆσαι
2900 3247 3146 3317 γνώμην
3178 3245 3348 3314 μίαν,
3374 3242 3473 3296 καὶ
3501 3241 3641 3295 δοῦ-

2065 3368 2164 3406 ναι
2203 3348 2318 3415 τὴν
2351 3344 2682 3412 βασιλείαν
2720 3340 2921 3397 αὐτῶν
2949 3338 3028 3406 τῷ
3068 3340 3251 3408 θηρίῳ
3294 3337 3432 3404 ἄχρι
3475 3338 3641 3388 τελε-

2060 3442 2298 3499 σθῶσιν
2327 3441 2380 3493 ol
2406 3435 2716 3507 λόγοιτοῦ
2746 3434 2918 3488 Θεοῦ.
2961 3432 3069 3487 Kal
3096 3431 3134 3499 ἠ
3166 3429 3321 3499 γυνὴ
3353 3427 3434 3495 ἢν
3464 3422 3640 3492 εἶδες,

2059 3536 2230 3589 ἐστιν
2276 3533 2314 3601 ἡ
2349 3531 2527 3594 πόλις
2566 3529 2605 3597 ἦ
2630 3525 2900 3597 μεγάλη,
2954 3524 2993 3591 ’ἠ
3034 3522 3269 3593 ἔχουσα
3313 3520 3645 3585 ,βασιλείαν

2059 3627 2157 3679 ἐπὶ
2190 3624 2309 3677 τῶν
2330 3619 2642 3687 βασιλέων
2672 3616 2780 3685 τῆς
2813 3615 2948 3686 γῆς.

2131 3718 2212 3771 Τὰ
2266 3716 2365 3787 μὲν
2402 3714 2608 3783 κέρατα
2665 3710 2717 3763 τί
2767 3708 2963 3780 δηλοῦν
3016 3706 3225 3772 ἐθέλει,
3288 3703 3506 3775 εἴρηται
3553 3700 3640 3770 δή’

2063 3808 2250 3880 θηρίον
2296 3807 2352 3860 δὲ
2398 3805 2489 3859 τὸν
2532 3802 2801 3857 διάϐολον.
2861 3800 3171 3868 Ἀδιαφορεί
3216 3798 3326 3867 γὰρ
3385 3794 3527 3849 κατὰ
3582 3794 3645 3846 τὸ

2065 3900 2467 3971 σημαινόμενον
2495 3896 2589 3951 τοῦ
2627 3894 2843 3965 θηρίου,
2874 3895 2947 3964 πῆ
2986 3891 3085 3962 μὲν
3134 3890 3226 3943 τὸν
3275 3887 3643 3959 Ἀντίχριστον

2062 3989 2344 4059 ὀνομάζων
2374 3985 2567 4051 οὕτως,
2601 3984 2712 4037 ἔσθ’
2745 3985 2833 4037 ὅτε
2865 3983 2920 4036 δὲ
2957 3982 3047 4034 τὸν
3078 3980 3345 4033 Σατανᾶν.
3390 3978 3453 4030 0i
3487 3976 3647 4045 βασι-

2063 4084 2175 4146 λεῖς
2208 4082 2321 4146 οῦν,
2360 4079 2547 4151 φησὶν,
2587 4080 2635 4131 οἱ
2666 4077 2804 4140 τέως
2838 4076 2959 4129 κατ’
3000 4073 3279 4145 ἐνέργειαν
3306 4069 3399 4124 τοῦ
3432 4070 3645 4123 Σατανᾶ

2066 4174 2263 4246 φονίως
2314 4172 2392 4243 τῷ
2425 4173 2598 4242 ἀρνίῳ
2634 4168 2999 4231 διατεθέντες,
3042 4166 3178 4219 Θεοῦ
3230 4161 3640 4233 ὑποθημοσύνῃ,

2068 4268 2360 4337 μισήσουσι
2388 4264 2487 4333 τὴν
2515 4262 2718 4331 πόρνην
2740 4303 2753 4326 ,
2788 4259 2885 4330 τὴν
2916 4260 2974 4312 ὲν
3006 4256 3084 4327 τῷ
3116 4256 3212 4327 βίῳ
3238 4250 3646 4320 ἀπολαυστικὴν

2065 4359 2278 4410 δίαιταν
2302 4395 2315 4417 ,
2343 4352 2697 4424 ὲρημώσουσι
2734 4352 2792 4406 δὲ
2834 4351 2925 4406 καὶ
2956 4346 3407 4417 εἰδωλολατρείαν
3435 4346 3529 4397 καὶ
3558 4360 3647 4395 τε-

2072 4449 2251 4520 μενῶν
2287 4448 2382 4502 κα)⁸
2418 4445 2685 4517 μαντείων
2726 4442 3205 4513 ἁλλοτριώσουσιν,
3237 4440 3331 4493 καὶ
3376 4438 3474 4501 τὰς
3511 4438 3647 4504 σάρ-

381 4532 485 4587 boc
510 4542 612 4597 est,
667 4534 924 4589 animalia
960 4534 1028 4589 ad
1082 4535 1352 4588 idolorum
1414 4532 1665 4586 victimas
1699 4529 1957 4599 reposita.

2069 4557 2170 4602 κας
2217 4540 2388 4609 αὐτῆς
2433 4538 2502 4591 τὰ
2531 4537 2666 4603 πρὸς
2706 4536 2897 4590 θυσίαν
2927 4533 3314 4604 ἀναφερόμενα
3339 4531 3447 4584 τῶν
3491 4528 3647 4582 εἰδώ-

379 4625 485 4679 sibi
523 4625 657 4695 ipsis
691 4624 1320 4695 rccondentiomneque
1367 4624 1607 4679 studium
1638 4621 1783 4691 quod
1816 4622 1960 4675 circa

381 4731 519 4770 vana
542 4725 866 4786 occupatum
893 4722 1013 4769 erat
1045 4717 1109 4770 de
1146 4717 1322 4770 medio
1356 4716 1566 4776 tollent,
1599 4722 1660 4768 ut
1700 4712 1857 4783 quasi
1896 4712 1965 4765 ab

384 4807 511 4877 igne
550 4818 938 4879 consumptum
960 4808 1327 4871 existimetur,
1357 4822 1660 4875 omnesque
1684 4807 1922 4861 clament
1948 4825 1960 4860 ε

381 4900 486 4956 Ubi
543 4918 690 4958 nunc
718 4912 847 4958 sunt
898 4902 988 4971 qui
1024 4911 1153 4956 tunc
1180 4916 1318 4954 vana
1355 4915 1488 4957 cura
1522 4899 1965 4970 occupabantur?

383 4991 512 5047 llaec
557 5006 737 5050 autem
774 4994 980 5057 omnia,
1030 5001 1091 5047 ut
1131 4991 1551 5062 proposuimus,
1594 5006 1703 5045 non
1755 4990 1964 5061 absque

386 5083 569 5138 divino
596 5084 820 5139 numine
850 5083 965 5139 ﬁeri
983 5082 1157 5147 aiunt,
1181 5082 1277 5137 sed
1302 5080 1393 5151 Dei
1426 5081 1791 5151 providentia.

458 5266 621 5337 795
662 5265 727 5318 Et
780 5264 983 5332 faciant
1034 5279 1195 5316 unam
1240 5262 1587 5317 voluntatem.
1638 5262 1961 5333 Quanquam

386 5369 682 5415 concurrat
718 5359 911 5412 borum
947 5357 1185 5412 studium
1240 5356 1333 5409 Dei
1385 5357 1450 5411 ad
1486 5357 1847 5423 voluntatem,
1913 5359 1962 5413 id

388 5464 569 5506 tamen
599 5450 757 5505 sicuti
802 5449 909 5501 l‘eo
936 5465 1079 5503 cura:
1109 5449 1240 5513 fuit,
1273 5457 1327 5504 et
1360 5450 1511 5519 juxta
1551 5451 1958 5507 inserulabilem

387 5543 746 5613 providentia:
777 5555 888 5593 sua:
916 5541 1360 5609 profunditatem,
1397 5543 1595 5598 serviet
1635 5544 1801 5600 rebus
1836 5561 1959 5613 per-

390 5634 655 5690 liciendis.
681 5631 995 5688 Secundum
1030 5635 1171 5690 banc
1193 5635 1358 5708 igitur
1385 5638 1737 5693 concordiam
1772 5653 1802 5693 a
1855 5640 1962 5693 Deo

386 5726 593 5789 datam,
632 5725 830 5780 tradita
866 5725 1048 5781 bestiae
1079 5728 1391 5784 omnimoda
1436 5739 1733 5799 potestate,
1769 5731 1959 5787 cliicie:

390 5828 446 5871 nt
485 5816 657 5873 bestia
680 5818 966 5889 praevaleat
1001 5818 1053 5875 in
1086 5820 1340 5877 omnibus
1368 5820 1433 5876 ad
1476 5837 1598 5892 quae
1639 5823 1819 5878 debita
1862 5824 1955 5893 ju-

2067 4634 2174 4687 λων
2219 4632 2337 4698 ζῶα
2373 4633 2585 4694 ἑαυτοῖς
2613 4629 3005 4701 ταμιεύσουσι,
3036 4628 3131 4681 καὶ
3166 4628 3347 4680 πᾶσαν
3384 4624 3484 4694 τὴν
3515 4622 3647 4691 περὶ

2068 4727 2137 4780 τὰ
2187 4726 2391 4796 μάταια
2450 4723 2683 4790 σπουδὴν
2735 4722 3096 4791 ἀφανίσουσι,
3144 4724 3237 4772 καὶ
3289 4718 3459 4780 οῦτως
3504 4716 3650 4769 ὥστε

2070 4816 2176 4870 ὑπὸ
2227 4815 2395 4888 πυρὸς
2444 4814 2850 4885 δαπανηθεῖσαν
2905 4810 3248 4883 νομίζεσθαι,
3297 4808 3391 4863 καὶ
3436 4807 3650 4869 πάντας

2069 4906 2316 4978 κράζεινο
2353 4906 2462 4960 Ποῦ
2496 4904 2591 4959 νῦν
2647 4907 2695 4958 οἱ
2729 4905 2828 4974 τῆς
2861 4904 2981 4957 τότε
3030 4902 3122 4954 ἐπὶ
3159 4901 3229 4953 τὰ
3281 4898 3490 4969 μάταια
3524 4898 3648 4948 ὲπιο

2074 4999 2296 5070 μελείας
2344 4999 2625 5069 ὲχόμενοις
2688 4996 2873 5051 Ταῦτα
2931 4996 2987 5050 δὲ
3047 4995 3259 5056 πάντα,
3308 4991 3385 5055 ὼς
3434 4990 3650 5061 ἔφημεν

2070 5091 2464 5161 παραθέμενοι,
2494 5091 2594 5144 οὐκ
2625 5090 2692 5144 ἂν
2715 5089 2867 5143 ἀθεεὶ
2903 5086 3176 5158 συμϐῆναί
3216 5099 3402 5155 φασιν,
3433 5082 3550 5137 ἀλλ’
3578 5081 3649 5135 ὲκ

2069 5180 2219 5245 θείας
2243 5180 2549 5248 ἐπισκοπῆς
2573 5180 2669 5235 καὶ
2700 5179 2978 5251 προνοίας.

2139 5275 2247 5329 Καὶ
2289 5274 2537 5341 ποιῆσαι
2576 5274 2821 5343 γνώμην
2848 5276 3013 5341 μίαν.
3045 5270 3108 5323 Εἰ
3147 5268 3244 5322 καὶ
3278 5265 3576 5336 σύνδρομος
3608 5264 3645 5332 ἡ

2066 5368 2273 5421 τούτων
2314 5366 2509 5437 γνώμη
2537 5369 2602 5436 τῇ
2648 5366 2743 5418 τοῦ
2772 5364 2943 5428 Θεοῦ,
2978 5362 3092 5416 ἀλλ’
3143 5363 3218 5425 ὼς
3248 5358 3369 5429 Θεῷ
3403 5359 3646 5430 μεμελη-

2071 5462 2230 5529 μένη,
2265 5458 2406 5512 κατὰ
2439 5458 2495 5510 δὲ
2524 5458 2583 5511 τὸ
2607 5456 3033 5529 ἀνεξερεύνητον
3066 5454 3229 5525 βάθος
3255 5452 3355 5523 τῆς
3387 5450 3644 5521 προνοίας

2068 5550 2234 5606 αὑτοῦ
2267 5549 2640 5621 συμὸαίνουσα
2684 5552 2795 5614 τοῖς
2839 5547 3305 5618 συντελουμένοις.
3338 5544 3493 5597 Οῦτω
3532 5559 3648 5595 τοι-

2132 5643 2271 5717 .ροῦν
2303 5644 2444 5698 κατὰ
2488 5643 2744 5713 τοιαύτην
2787 5643 3250 5714 ὀμογνωμοσύνην
3297 5638 3505 5701 τούτοις
3552 5638 3643 5691 δο-

2069 5737 2252 5789 θεῖσαν
2291 5735 2395 5788 ὑπὸ
2429 5735 2584 5798 Θεοῦ,
2625 5736 2721 5806 τῆς
2755 5735 3003 5801 ἐξουσίας
3031 5734 3250 5804 ἁπάσης
3281 5729 3649 5803 παρασχεθεὲ-

2071 5846 2167 5900 σης
2190 5830 2266 5900 τῷ
2292 5831 2488 5901 θηρίῳ,
2513 5829 2809 5885 διατελέσει
2840 5827 3076 5900 κρατοῦν
3100 5829 3162 5884 τὸ
3184 5828 3372 5900 θηρίον
3400 5827 3475 5891 εἰς
3506 5825 3646 5893 ὅπερ
