4046 6586
404 381 512 446 725

1477 398 1862 465 COMMENT.
1905 398 1988 467 IN
2024 403 2561 471 APOCALYPSIN:

3547 432 3665 495 726i

390 502 459 608 αν
510 504 569 557 αι
624 504 953 577 κατάλληλοι
1000 509 1213 582 κρίσεις
1260 511 1563 578 ἀπάξουσιν
1615 518 1672 571 αι
1719 517 1809 572 διὰ
1858 518 1951 573 siin

2071 520 2214 577 dicia
2258 522 2567 588 deducent,
2600 538 2738 594 qnze‘
2777 541 2872 596 per
2915 542 3201 585 sermones
3257 532 3663 608 designantur,

391 593 564 662 λόγων
594 596 1082 672 ὑπεσημάνθησαν,
1116 602 1185 656 δι’
1217 598 1293 659 ὧν
1340 604 1523 675 λέγει’
1581 610 1745 679 Ἄχρι
1795 614 1961 665 τελε·

390 687 623 743 σθῶσιν
652 693 706 744 ol
737 693 905 762 λόγιοι
931 695 1039 749 τοῦ
1070 694 1238 751 Θεοῦ.

461 781 573 835 Kal
608 782 645 849 ἠ
668 783 820 852 γυνὴ
851 781 931 851 ἣν
959 782 1135 855 εἷδες,
1172 787 1345 843 ἔστιν
1371 790 1409 859 ἡ
1436 793 1612 858 πόλις
1640 792 1678 860 ἠ
1703 795 1958 865 μεγάλη.

391 871 732 944 Σαφέστερον
783 875 884 947 τὴν
932 882 1167 946 γυναῖκα
1219 883 1501 950 παριστῶν
1524 924 1540 950 ,
1590 885 1961 957 ἀναλαμϐάνει

392 962 519 1033 περὶ
564 964 741 1033 αὐτῆς
785 965 982 1034 λόγον,
1038 969 1133 1023 καί
1185 987 1352 1042 φησιν
1411 973 1628 1045 ἱκείνην
1675 970 1813 1030 εῖναι
1861 978 1962 1049 τὴν

389 1056 622 1125 ἔχουσαν
664 1057 726 1112 τὸ
764 1061 964 1130 κράτος
1012 1064 1106 1116 ἐπὶ
1137 1063 1247 1118 τῶν
1281 1068 1391 1131 τοῖς
1437 1068 1647 1139 γηΐνοις
1682 1085 1961 1142 προσανα-

391 1146 681 1219 κειμένων.
737 1152 811 1205 Οὐ
856 1153 967 1225 γὰρ
998 1154 1097 1208 καὶ
1145 1157 1346 1222 πάντες
1396 1159 1448 1212 ol
1486 1160 1819 1226 ἐνοικοῦντες
1866 1162 1961 1217 ἰπὶ

387 1240 487 1311 τῆς
515 1241 642 1312 γῆς,
671 1243 773 1314 ήδη
808 1245 901 1299 καὶ
926 1248 1040 1312 τοῖς
1066 1247 1277 1319 γηῒνοις
1308 1251 1870 1323 προσδιαφθείρονται.

966 1337 1215 1394 ΚΕΦᾹΛ.
1250 1340 1378 1396 NE'.

389 1422 527 1506 Περὶ
550 1423 784 1506 Δ(ἑτέρου
840 1428 1103 1506 ἀγγέλου
1156 1432 1272 1506 τὴν
1324 1432 1557 1490 πτῶσιν
1601 1434 1960 1505 Βαϐυλῶνος

491 1498 806 1576 nimim-oc,
857 1498 957 1576 καὶ
995 1498 1280 1576 οὐρανίου
1307 1506 1534 1576 Δφωνῆς
1575 1507 1691 1576 τὴν
1734 1509 1804 1563 ἐκ
1848 1498 1960 1576 τῆς

460 1565 949 1647 ,πόλεως-,φυξήν
992 1565 1490 1647 ἐντελλοιέένης,’
1513 1565 1614 1631 καὶ
1634 1565 1791 1647 ’περὶ

460 1596 693 1631 υσυαιεως
746 1596 949 1637 ενυγιρν
992 1596 1465 1642 εντελλομενης,
1516 1596 1614 1631 και
1658 1596 1733 1631 πε
1773 1596 1791 1631 ι
1849 1596 1955 1647 της

458 1632 769 1705 ἀποϐολῆς
802 1636 921 1692 τῶν
950 1641 1221 1709 τερπνῶν
1249 1636 1338 1698 ὧν
1378 1642 1443 1699 τὸ
1480 1648 1623 1715 πρὶν
1649 1596 1955 1716 afuturo.

454 1723 615 1778 Μετὰ
673 1723 861 1783 ταῦτα
909 1724 1075 1783 εἶδον
1117 1730 1375 1801 ἄγγελον
1425 1733 1622 1790 ἄλλον
1679 1738 1959 1793 καταϐαι-

387 1830 569 1867 uorsa
595 1814 663 1869 ἐκ
698 1816 805 1872 τοῦ
846 1820 1143 1889 οὐρανοῦ,
1181 1823 1403 1896 ἔχοντα
1443 1826 1738 1892 ἐξουσίαν
1778 1829 1958 1900 μεγά-

384 1907 522 1971 λην.
557 1908 667 1963 Καὶ
704 1909 742 1979 ἠ
791 1910 868 1980 γῆ
912 1912 1214 1984 ἐφωτίσθη
1250 1917 1319 1972 ἐκ
1365 1918 1475 1989 τῆς
1520 1918 1706 1989 δόξης
1752 1922 1957 1978 αὐτοῦ.

387 1999 493 2053 Kal
523 1998 776 2068 ἔκραξεν
803 2004 1026 2074 ἰσχυρᾷ
1055 2006 1227 2077 φωνῇ
1252 2007 1474 2079 λέγων·
1517 2012 1742 2067 "Encas
1770 2016 1961 2071 Ba6v-

385 2088 513 2143 λὼν
552 2091 592 2158 ἡ
628 2091 885 2162 μεγάλη,
914 2098 1036 2171 καὶ
1071 2097 1308 2169 ἐγένετο
1337 2101 1793 2170 κατοικητήριον
1831 2102 1962 2157 δαι-

382 2183 585 2249 μόνων
604 2223 620 2249 ,
655 2187 750 2239 καί
782 2188 1028 2259 φυλακὴ
1069 2192 1299 2260 παντὸς
1331 2194 1670 2265 πνεύματος
1698 2195 1960 2265 ἀκαθάρ-

387 2290 494 2325 του
550 2274 649 2328 καὶ
690 2280 1105 2348 μεμισημένον
1133 2299 1146 2315 ·
1206 2283 1297 2339 ὅτι
1354 2284 1425 2339 ἐκ
1483 2283 1590 2340 τοῦ
1640 2287 1810 2342 οἴνου
1853 2287 1961 2343 τοῦ

384 2363 575 2431 θυμοῦ
613 2364 721 2433 τῆς
765 2370 1046 2437 πορνείας
1080 2370 1272 2444 αὐτῆς
1311 2374 1628 2430 πεπὼκασι
1660 2375 1857 2431 πάντα
1886 2376 1960 2431 τὰ

382 2450 550 2521 ἕλΙνη,
591 2454 689 2507 καὶ
720 2456 775 2510 ol
811 2457 1095 2527 ,βασιλεῖς
1132 2460 1244 2531 τῆς
1269 2460 1382 2532 γῆς
1402 2463 1530 2531 μετ’
1559 2462 1751 2530 αὐτῆς
1784 2463 1959 2532 ἐπόρο

382 2560 647 2612 νευσαν,
688 2546 787 2602 καὶ
818 2553 871 2604 οί
920 2550 1167 2621 ἔμποροι
1217 2553 1325 2625 τῆς
1359 2554 1471 2625 γῆς
1516 2555 1585 2611 ἐκ
1626 2555 1737 2625 τῆς
1772 2553 1954 2610 δυνά-

377 2654 533 2704 μεως
594 2639 701 2694 τοῦ
767 2643 1077 2714 στρήνους
1124 2647 1316 2715 αὐτῆς
1368 2648 1779 2716 ἐπλούτησαν.
1844 2646 1955 2703 Kal

382 2725 615 2795 ἥκουσα
640 2730 843 2802 ἀλλην
870 2736 1081 2805 φωνὴν
1099 2737 1167 2793 ἐκ
1196 2738 1301 2793 τοῦ
1322 2738 1583 2807 οὐρανοῦ
1607 2739 1919 2808 λέγουσαν
1937 2754 1952 2768 ·

384 2820 627 2884 Ἔξελθε
654 2824 725 2889 ἐξ
752 2827 962 2894 αὐτῆς,
991 2832 1025 2883 ό
1052 2830 1202 2897 λαός
1225 2848 1367 2901 μου,
1388 2832 1488 2885 ἵνα
1507 2829 1593 2901 μὴ
1632 2846 1958 2900 συγκοινω-

382 2912 607 2981 νιῖσητε
632 2916 758 2982 ταῖς
781 2919 1091 2989 ἁμαρτίαις
1108 2922 1319 2991 αὐτῆς,
1346 2922 1446 2977 καὶ
1469 2922 1539 2977 ἐκ
1561 2920 1678 2977 τῶν
1704 2920 1954 2991 πληγῶν

2075 626 2200 665 eum
2223 612 2337 668 ait:
2370 612 2937 685 Donec‘compleantur
2951 636 3214 678 sermones
3249 624 3367 680 Dei.

2140 788 2210 845 Et
2245 781 2437 847 mulier
2464 804 2621 863 quam
2649 795 2831 850 vidisti
2866 806 2945 851 est
2970 798 3181 853 civitas~
3208 817 3423 873 magna.
3462 804 3653 862 Mulie-

2069 896 2182 938 rem
2207 884 2449 953 apertius
2478 887 2799 952 ostendens,
2833 890 3029 958 repetit
3055 906 3362 949 sermonem
3392 895 3461 951 de
3506 897 3645 968 ipsa,

2072 982 2127 1029 et
2157 976 2234 1029 ait
2260 976 2407 1031 illam
2440 992 2562 1034 esse
2583 994 2706 1048 quae
2735 979 2899 1035 habet
2921 981 3211 1051 imperium
3244 1000 3410 1055 super
3431 1001 3525 1043 eos
3555 990 3645 1058 qui

2074 1067 2307 1123 terrenis
2336 1068 2660 1125 incumbunt
2695 1088 2709 1125 :
2764 1086 2941 1142 neque
2984 1073 3130 1129 enim
3172 1088 3368 1133 omnes
3390 1079 3485 1148 qui
3530 1089 3643 1135 ter-

2071 1168 2187 1213 ram
2245 1157 2576 1226 inhabitant,
2627 1162 2811 1217 statim
2860 1177 3082 1234 quoque
3132 1175 3477 1222 terrenarum
3512 1167 3645 1224 alie-

2066 1248 2250 1306 ctione
2268 1262 2719 1323 corrumpuntur.

2664 1344 2894 1402 CAPUT
2929 1345 3041 1403 LV.

2068 1428 2156 1510 De
2178 1432 2286 1510 alio
2319 1434 2506 1504 angelo
2529 1448 2706 1510 casum
2736 1435 3025 1507 Babylonis
3058 1440 3425 1510 significante,
3456 1454 3505 1498 et
3540 1460 3641 1499 cc-

2138 1502 2257 1581 lesti
2282 1502 2413 1587 uoce
2454 1506 2793 1587 lqutefug‘am
2834 1502 2899 1561 ea:
2954 1509 3070 1576 ipsa
3106 1502 3441 1587 praecipiat;
3480 1514 3643 1585 deque

2137 1573 2413 1640 refectione
2433 1573 2821 1629 delectabilium
2849 1573 3155 1648 qute‘ante'a
3193 1573 3534 1650 acquisierat.

2136 1724 2327 1792 XVIII,
2364 1727 2479 1783 1-5.
2512 1726 2583 1781 Et
2622 1739 2737 1797 post
2771 1728 2881 1785 haec
2907 1729 3016 1785 vidi
3055 1730 3223 1785 alium
3272 1732 3515 1802 angelum
3550 1734 3641 1788 de-

2064 1819 2391 1874 scendentem
2422 1819 2489 1874 de
2507 1820 2657 1886 mlo,
2685 1822 2775 1891 qui
2798 1821 3022 1875 habebat
3040 1832 3348 1890 potestatem
3370 1838 3638 1894 magnam,

2060 1921 2108 1965 et
2140 1920 2281 1965 terra
2331 1910 2639 1966 illuminata
2680 1921 2757 1966 est
2790 1929 2820 1964 a
2852 1913 3023 1984 gloria
3076 1913 3214 1984 ejus.
3268 1913 3335 1967 Et
3391 1914 3638 1968 clamavit

2063 2004 2192 2072 forti
2218 2020 2358 2069 voce,
2393 2004 2571 2058 dicens
2602 2019 2621 2058 :
2655 2003 2856 2059 Cecidit
2878 2004 3121 2076 Babylon
3153 2023 3369 2077 magna,
3411 2017 3461 2062 et
3494 2008 3639 2077 facta

2060 2107 2138 2149 est
2176 2095 2436 2151 habitatio
2473 2095 2879 2163 da’moniorum,
2910 2106 2960 2151 et
3007 2098 3252 2151 custodia
3284 2099 3451 2151 omnis
3477 2099 3639 2168 spiri-

2062 2197 2143 2240 tus
2181 2187 2462 2251 immundi,
2494 2196 2544 2241 et
2566 2189 2811 2242 custodia
2845 2189 3016 2243 omnis
3069 2189 3298 2242 uolucris
3350 2190 3638 2244 immunda:

2058 2288 2104 2331 et
2134 2277 2348 2332 insiste:
2375 2278 2502 2347 quia
2539 2276 2605 2331 de
2629 2278 2748 2332 uino
2771 2280 2866 2332 ira:
2894 2279 3233 2332 scortationis
3256 2278 3369 2348 ejus
3394 2278 3636 2332 biberunt

2055 2386 2230 2424 omnes
2261 2380 2458 2440 gentes.
2502 2369 2570 2423 Et
2602 2385 2745 2440 rcges
2777 2380 2933 2425 εει-τω
2950 2388 3065 2424 cum
3101 2372 3198 2426 illa
3228 2372 3448 2424 scortati
3464 2380 3586 2424 sunt
3617 2383 3635 2423 :

2052 2470 2101 2515 et
2140 2471 2453 2516 mercatores
2483 2472 2635 2517 terra:
2682 2468 2748 2516 de
2781 2464 3017 2531 potentia
3048 2462 3360 2516 deliciarum
3394 2463 3509 2530 ejus
3534 2462 3627 2514 di~

2063 2554 2192 2607 rites
2224 2553 2356 2622 facti
2382 2560 2524 2607 sunt.
2563 2552 2629 2606 Et
2663 2553 2842 2605 audivi
2869 2553 3037 2605 aliam
3069 2567 3240 2606 vocem
3274 2551 3338 2604 de
3368 2549 3518 2614 caelo,
3554 2549 3638 2602 di-

2061 2655 2259 2699 centem
2289 2660 2308 2699 :
2336 2644 2596 2716 Egredere
2638 2645 2703 2699 de
2736 2644 2856 2709 illa,
2894 2644 3120 2713 populus
3161 2660 3326 2707 meus,
3372 2659 3434 2695 ne
3462 2640 3636 2711 parti-

2060 2738 2197 2807 cipes
2220 2737 2339 2791 sitis
2357 2737 2669 2790 delictorum
2705 2736 2842 2805 ejus,
2880 2746 2930 2791 et
2958 2752 3020 2790 ne
3049 2736 3115 2790 de
3140 2736 3311 2806 plagis
3348 2735 3461 2804 ejus
3494 2734 3635 2787 acci-

2058 2829 2219 2897 piatis
2243 2843 2261 2880 :
2282 2829 2532 2898 quoniam
2549 2839 2764 2897 peccata
2797 2829 2909 2897 ejus
2938 2828 3300 2897 conglutinata
3323 2838 3443 2880 sum
3473 2842 3638 2895 usque

2061 2920 2132 2974 ad
2155 2919 2365 2974 caelum.
2399 2918 2463 2972 Et
2506 2920 2811 2974 recordatus
2840 2928 2918 2974 est
2948 2919 3089 2974 Dens
3112 2919 3454 2988 iniquitatum
3496 2917 3632 2986 ejus.

377 3006 568 3077 αὐτῆς
606 3010 706 3064 ἵνα
731 3012 818 3082 μὴ
860 3014 1116 3084 λάϐητε’
1155 3016 1245 3073 ὅτι
1287 3018 1715 3090 ἐκολλήθησαν
1751 3017 1942 3089 αὐτῆς
1969 3019 2029 3075 al
2080 3016 2358 3091 ἁμαρτίαι
2400 3016 2540 3090 ἄχρι
2602 3016 2711 3072 τοῦ
2774 3015 3056 3085 οὐρανοῦ,
3091 3014 3190 3071 καὶ
3217 3014 3635 3086 ἐμνημόνευσε

378 3106 412 3157 ὀ
450 3105 595 3173 Θεὸς
622 3109 694 3163 τὰ
720 3111 1053 3180 ἀδικήματα
1081 3115 1294 3186 αὐτῆς.

448 3202 557 3257 Kal
589 3204 627 3271 ἡ
673 3207 747 3275 γῆ
788 3208 1109 3280 ἐφωτίσθη.
1158 3214 1469 3269 Κὰντεῦθεν
1506 3214 1615 3271 τῶν
1652 3215 1811 3270 θείων
1865 3214 1951 3270 δυ⁴

2096 3278 2099 3281 γ
2128 3207 2292 3279 796
2325 3206 2389 3261 Et
2413 3216 2557 3261 terra
2599 3206 2901 3260 illuminata
2931 3215 3028 3260 est.
3068 3204 3207 3259 Hinc
3238 3203 3403 3260 etiam
3435 3203 3636 3258 intelli-

377 3290 595 3363 νάμεων
619 3296 679 3349 τὸ
703 3299 957 3371 λαμπρὸν
985 3305 1079 3356 καὶ
1108 3306 1436 3373 φωτιστικδν
1460 3307 1641 3380 πολλῷ
1663 3308 1739 3379 τῷ
1764 3308 1950 3381 μέτρῳ

377 3382 439 3434 τὸ
479 3384 728 3456 ἀστρῷον
782 3388 945 3455 σέλας
1000 3391 1312 3462 ὑπερνικῶν
1362 3394 1480 3450 ἔστι
1514 3399 1656 3451 νοεῖν
1709 3399 1849 3468 μετά
1887 3400 1949 3453 τὸ

379 3472 669 3543 παρελθεῖν
711 3476 779 3530 τὰ
820 3479 1046 3551 ἀμαυρὰ
1074 3482 1168 3535 τοῦ
1204 3482 1447 3557 φθαρτοῦ
1489 3487 1697 3558 κόσμου
1733 3491 1950 3561 παρῥη-

380 3562 716 3634 σιαζδμενον.
764 3568 1024 3643 Μεγάλην
1059 3574 1193 3644 φησὶ
1224 3575 1323 3647 τὴν
1354 3576 1448 3631 τοῦ
1489 3578 1778 3651 φωστῆρος
1808 3578 1949 3634 εἶναι

376 3654 648 3721 ἐξουσίαν,
698 3661 789 3713 καὶ
822 3664 1075 3729 φωτίζειν
1118 3668 1217 3738 τὴν
1253 3669 1532 3741 περίγειον
1570 3674 1633 3725 ὲκ
1666 3673 1764 3742 τῆς
1790 3674 1947 3745 δόξης

377 3746 559 3801 αὐτοῦ.
600 3751 1061 3827 Παραϐαλλόμενα
1088 3760 1194 3832 γὰρ
1224 3761 1291 3815 τὰ
1322 3763 1548 3833 οὐράνια
1574 3765 1669 3818 καὶ
1696 3765 1948 3837 ἄφθαρτα

374 3841 484 3929 τοῖς
518 3844 727 3911 γηῖνοις
775 3846 873 3901 καὶ
902 3849 1183 3920 φθαρτοῖς,
1220 3854 1345 3908 ὅσον
1374 3855 1435 3908 τὸ
1463 3856 1801 3929 ὑπερϐάλλον
1848 3857 1948 3928 τῆς

374 3928 534 4001 δόξης
582 3936 949 4009 παρίστησιν;
996 3942 1245 4014 Ἰσχυρὰν
1273 3944 1331 3998 δὲ
1357 3948 1457 4017 τὴν
1500 3948 1685 4020 φωνὴν
1723 3951 1950 4020 ὲμπεδοῖ

373 4021 435 4075 τὸ
468 4023 785 4096 ἔμπρακτον
830 4031 1113 4101 ἐμφαίνων
1140 4034 1250 4089 τῶν
1283 4037 1628 4108 δηλουμένων
1666 4041 1761 4095 καὶ
1803 4042 1949 4095 ἀπα·

378 4112 632 4181 ρᾶιϐατον.
673 4118 783 4173 Καὶ
829 4122 881 4174 τί
922 4123 1108 4185 τοῦτο,
1169 4127 1386 4182 Ἕπεσε
1425 4131 1712 4184 Βαϐυλὼν
1761 4134 1797 4201 ἡ
1843 4150 1947 4200 με·

376 4205 587 4369 ἐξίληὲ
614 4208 911 4269 Βαϐυλῶνα
943 4216 1043 4287 τὴν
1073 4217 1303 4285 διέξοδον
1336 4220 1432 4276 τοῦ
1476 4222 1717 4295 φθαρτοῦ
1754 4224 1946 4279 τούτου

415 4318 493 4352 ,ου
593 4319 723 4369 γων.

415 4318 493 4352 ιου
533 4318 723 4372 Αεγων.

446 4465 553 4518 Καὶ
575 4468 819 4539 φυλακὴ
852 4474 1076 4539 παντὸς
1106 4476 1444 4547 πνεύματος
1478 4478 1817 4551 ἀκαθάρτου
1847 4479 1945 4536 καὶ

2054 3315 2179 3370 gere
2211 3313 2503 3369 possumus
2531 3296 2840 3352 divinarum
2874 3296 3139 3350 virtutum
3177 3291 3522 3364 splendorem
3570 3306 3637 3347 ac

2052 3389 2232 3444 lucem
2256 3388 2420 3459 longo
2447 3387 2737 3441 intervallo
2766 3386 3051 3442 stellarum
3088 3385 3266 3438 lumen
3314 3381 3582 3437 excedere
3615 3398 3632 3435 :

2050 3478 2494 3548 quandoquidem
2535 3477 2703 3532 libere
2753 3491 2921 3544 agens
2980 3489 3047 3529 ac
3091 3472 3333 3528 emissus
3374 3470 3633 3541 splendor

2050 3568 2141 3623 ille
2166 3567 2407 3638 praeterit
2439 3583 2505 3622 ac
2543 3575 2765 3637 superat
2796 3566 2957 3636 hujus
2989 3564 3179 3619 mundi
3215 3562 3628 3618 obscuritatem.

2053 3662 2192 3717 Dicit
2220 3678 2350 3732 ergo
2382 3675 2632 3730 magnam
2672 3672 2795 3713 esse
2836 3656 3151 3727 hujusmodi
3186 3654 3477 3709 luminaris
3527 3668 3630 3723 p0-

2052 3762 2319 3817 testatetn,
2350 3763 2404 3807 et
2432 3752 2662 3806 vicinam
2705 3759 2903 3803 terram
2946 3763 3044 3802 sua
3078 3747 3252 3817 gloria
3292 3744 3630 3799 illuminare-

2050 3846 2375 3914 Comparata
2421 3844 2565 3897 enim
2604 3840 2849 3898 cmlestia
2882 3848 2937 3895 et
2981 3836 3418 3908 ineorruptihilia
3465 3845 3633 3891 terre-

2050 3938 2137 3992 nis
2176 3954 2240 3991 ae
2273 3934 2753 4005 corruptibilibus,
2802 3942 3068 4003 quantum
3111 3930 3296 3999 gloria:
3343 3942 3632 3983 excessum

2049 4028 2457 4083 demonstrant!
2498 4025 2713 4080 Fortem
2750 4032 2930 4077 autem
2974 4036 3159 4075 vocem
3186 4020 3416 4085 stabilit,
3448 4033 3630 4072 rerum

2048 4136 2169 4190 quae
2190 4119 2571 4191 signiﬁcantur
2593 4116 2886 4172 eﬂicaciam
2912 4116 3295 4168 demonstrans
3338 4120 3393 4166 et
3430 4112 3632 4164 immu-

2050 4212 2391 4267 tabilitatem.
2415 4210 2477 4264 Et
2494 4209 2622 4280 quid
2647 4207 2779 4263 illud
2800 4217 2904 4272 est,
2924 4205 3125 4263 Cecidit
3144 4204 3381 4273 Babylon
3399 4217 3589 4270 magna
3609 4201 3634 4253 Ρ

2049 4304 2376 4376 Babylonem
2409 4303 2598 4358 dicens
2669 4301 2832 4372 hujus
2870 4298 3247 4369 corruptibilis
3301 4297 3424 4349 vitae
3449 4302 3631 4347 trans-

2050 4397 2208 4451 itum.

2124 4484 2191 4538 Et
2220 4484 2464 4539 custodia
2501 4484 2671 4538 omnis
2708 4482 2931 4552 spiritus
2967 4478 3227 4533 immundi
3248 4487 3297 4532 et
3333 4476 3509 4530 incisi.
3546 4472 3627 4527 Ad

367 4559 799 4626 μεμισημένον.
856 4562 949 4626 El;
989 4564 1151 4635 ὄρνεα
1205 4570 1610 4640 μεταλαμϐάνει
1656 4574 1782 4639 τοὺς
1827 4575 1942 4630 δαί-

2054 4579 2303 4634 volucres
2337 4576 2599 4632 transfert
2634 4577 2910 4632 (immanes
2933 4581 3153 4644 propter
3184 4567 3626 4625 incertitudinem

375 4664 542 4715 μονας
570 4649 656 4704 διὰ
681 4652 742 4705 τὸ
769 4652 964 4726 ἄδηλον
994 4657 1095 4726 τῆς
1120 4659 1309 4728 ἐφόδου
1336 4662 1514 4715 αὐτῶν
1536 4664 1635 4733 τῆς
1667 4667 1809 4722 κατὰ
1834 4669 1944 4724 τῶν

372 4738 696 4833 ανθρωπων,
752 4746 874 4800 ἐπεὶ
904 4749 999 4801 καὶ
1030 4749 1138 4802 τῶν
1181 4752 1385 4821 ὀρνέων
1428 4756 1460 4825 ὴ
1492 4756 1677 4825 ἔφοδος
1721 4758 1782 4824 ἐξ
1810 4760 1944 4833 ἁδή-

373 4828 467 4882 λου
502 4832 692 4888 εἴωθεν
736 4838 1021 4910 ὲπιφοιτᾷν
1070 4844 1413 4911 προσδοκίας.
1448 4850 1871 4917 Μεμισημένου
1891 4828 1947 4906 δὲ

374 4923 589 4994 εἴρηται
638 4928 740 4982 οὐκ
770 4931 1001 5001 ἀλόγως.
1033 4935 1131 4999 Τίς
1168 4936 1276 5008 γὰρ
1312 4940 1606 5008 σωφρονῶν
1639 4942 1700 4994 οὐ
1731 4942 1948 5012 βδελύτ-

373 5033 519 5070 τεται
546 5018 644 5090 τὴν
676 5024 814 5090 μετὰ
838 5025 947 5079 τῶν
966 5026 1238 5098 δαιμόνων
1264 5030 1645 5106 ἀναστροφήνς
1677 5034 1745 5088 δι’
1760 5037 1827 5108 ἢν
1851 5038 1947 5092 καὶ⁵

373 5109 714 5181 βδελύγματα
740 5115 1159 5193 ὠνομάσθησαν.

444 5203 695 5267 Ἔξελθε
730 5206 802 5273 ἐξ
838 5210 1046 5281 αὐτῆς,
1095 5216 1129 5268 δ
1158 5215 1307 5283 λαός
1348 5235 1490 5285 μου.
1544 5216 1814 5284 Ἐξελθεῖν
1843 5238 1944 5276 παι

369 5295 720 5383 ρακελεύεται
746 5301 778 5373 ἡ
808 5304 981 5377 φωνὴ,
1014 5304 1109 5371 οὒς
1135 5307 1275 5377 ἔγνω
1308 5310 1509 5383 Κύριος
1528 5313 1714 5368 αὐτοῦ.
1765 5316 1942 5383 Ἐξελσ

367 5382 481 5476 θεῖν
511 5387 588 5452 δὲ,
620 5389 680 5444 τὸ
714 5392 790 5464 μὴ
825 5397 1223 5454 συναπολέσθαι
1252 5382 1494 5469 δικαίους
1530 5407 1668 5476 μετὰ
1700 5382 1932 5463 ἀσεϐῶν.

380 5474 469 5537 Ὦς
495 5478 603 5549 γὰρ
633 5481 725 5533 ἐπὶ
746 5483 843 5536 τοῦ
871 5484 994 5540 Λὼτ
1015 5488 1094 5552 τό,
1133 5507 1150 5539 ι
1188 5490 1384 5556 Σώζων
1416 5474 1554 5558 σῶζε
1584 5496 1681 5566 τὴν
1708 5499 1935 5552 σεαυτοῦ

365 5564 547 5636 ψυχὴν
589 5571 969 5643 ἁνυπερθέτως
1004 5579 1195 5648 μέχρις
1244 5580 1310 5635 ἂν
1340 5583 1433 5637 τοῦ
1464 5564 1647 5656 ὅρους,
1691 5590 1783 5642 ἐπὶ
1833 5590 1937 5658 γῆς

367 5658 605 5727 οὐδαμοῦ
644 5664 868 5735 ἠρεμῶν
888 5710 901 5733 ,
958 5686 974 5718 ι
1013 5669 1041 5721 δ
1079 5671 1209 5735 Θεὸς
1240 5672 1388 5743 αὐτῷ
1418 5676 1721 5731 ἐνετείλατο
1750 5696 1763 5710 ·
1795 5679 1937 5734 οὕτω

369 5752 667 5809 κάνταῦθα.

441 5845 487 5879 ³³
518 5846 651 5903 Gen.
686 5865 795 5914 tux,
834 5852 912 5906 i7.

2047 4668 2341 4740 impetuosi
2372 4683 2631 4724 accessus
2656 4682 2847 4724 eorum
2882 4668 3145 4721 adversus
3168 4662 3423 4718 homines
3453 4677 3466 4713 :
3492 4673 3627 4728 quo-

2045 4763 2191 4816 niam
2251 4762 2529 4815 volucrum
2588 4775 2807 4831 quoque
2860 4758 3071 4814 invasio
3107 4771 3172 4811 es
3226 4755 3434 4809 incerta
3487 4750 3629 4807 solet

2046 4854 2422 4924 expectatione
2458 4853 2831 4924 supervenire.
2869 4851 3033 4906 lnvisi
3058 4861 3280 4921 quoque
3330 4859 3441 4901 non
3492 4844 3627 4898 irra-

2047 4947 2377 5002 tionabiliter
2428 4946 2632 5001 dictum
2677 4955 2761 5001 est
2792 4963 2806 4999 :
2843 4945 2968 5016 quis
3018 4943 3163 5000 enim
3220 4941 3461 5013 prudens
3510 4949 3621 4991 nou

2045 5036 2397 5091 abominatur
2477 5036 2949 5091 conversationem
3031 5050 3155 5091 cum
3240 5029 3625 5087 daemonibus?

2045 5137 2265 5197 propter
2289 5140 2450 5196 quam
2475 5126 2638 5180 etiam
2671 5126 3108 5182 abominationes
3125 5125 3254 5181 dicti
3274 5136 3423 5182 sunt.

2114 5219 2371 5290 Egredere
2395 5219 2459 5272 de
2488 5218 2605 5283 illa,
2628 5220 2853 5288 populus
2896 5235 3061 5273 meus.
3104 5219 3294 5290 Egredi
3326 5221 3481 5289 jubet
3518 5236 3621 5274 vos

2040 5328 2136 5367 eos
2164 5326 2302 5381 quos
2338 5311 2600 5365 Dominus
2636 5310 2785 5365 novit
2813 5325 2934 5365 esse
2968 5326 3120 5366 suos.
3169 5310 3362 5380 Egredi
3412 5320 3619 5373 autem,

2048 5420 2114 5459 ne
2148 5419 2251 5457 una
2288 5404 2586 5473 perdantur
2615 5402 2688 5473 pii
2732 5416 2855 5457 cum
2896 5402 3098 5472 impiis.
3147 5401 3620 5470 Quemadmodum

2043 5496 2188 5552 enim
2228 5497 2368 5553 Deus
2410 5496 2663 5567 prmeepit
2695 5494 2818 5559 Lot,
2856 5495 3046 5551 dicens
3074 5514 3086 5549 :
3113 5514 3133 5547 ι
3170 5496 3411 5552 Servans
3461 5510 3617 5551 serva

2043 5590 2282 5644 animam
2346 5598 2496 5644 tuam
2557 5603 2733 5658 usque
2767 5589 2832 5643 nd
2888 5598 3157 5655 montem,
3190 5603 3535 5659 nequaquam
3561 5588 3615 5644 in

2046 5692 2186 5739 terra
2214 5683 2547 5755 quiescendo
2568 5682 2636 5747 ",
2680 5701 2697 5732 ι
2734 5682 2804 5736 ita
2830 5691 2879 5738 et
2916 5682 3016 5737 hoc
3049 5682 3189 5737 loco.
