4010 6580
414 366 516 429 727
1225 372 1552 437 ARETH/E
1586 380 1967 441 C/ESAREE
2005 381 2483 442 CAPPADOCHE
2525 383 2865 445 El‘ISCOPI
3545 384 3652 447 72l

479 476 891 536 Etzecordatus
920 490 997 537 est
1038 482 1175 539 Deus
1202 488 1541 558 iniquitatum
1572 492 1704 562 ejus.
1742 491 1962 546 Humum

2165 496 2270 547 Kal
2310 495 2761 563 ἐμνημόνευσεν
2812 498 2845 548 ὀ
2880 494 3023 559 Θεὸς
3066 494 3139 549 τὰ
3175 494 3507 565 ἀδικήματα
3553 501 3655 551 ai»

408 572 571 625 modo
595 572 708 628 haec
740 573 1117 644 colliguntur:
1154 594 1278 633 nam
1321 582 1375 635 in
1419 582 1575 636 beata
1627 582 1721 638 Dei
1781 594 1962 637 natura

2080 584 2210 652 τῆς.
2254 586 2637 657 Ἀνθρωπίνως
2683 586 3112 650 διασκευάζεται
3154 586 3345 639 ταῦτα.
3393 587 3516 641 Ἐπὶ
3548 590 3655 659 γὰρ

408 664 472 714 a-J
505 678 667 731 quam
700 666 1222 734 nequeuntaﬂeetus
1246 672 1525 738 accedere,
1560 674 1893 743 superﬂuum
1914 691 1962 728 at

2079 676 2215 729 Θεοῦ
2254 679 2353 747 τῆς
2384 679 2662 749 μακαρίας
2693 678 2909 747 φύσεως
2939 680 3031 732 καὶ
3061 680 3294 733 πάθεσιν
3325 681 3618 751 ἀπροσίτου
3639 721 3656 745 ,

407 768 605 808 vanum
640 763 723 809 est
759 756 1067 826 huiusmodi
1122 760 1205 815 vel
1236 764 1544 832 concipere.
1595 765 1671 819 lbi
1700 766 1843 818 enim
1894 779 1962 820 es

2080 766 2150 818 τὰ
2185 767 2411 821 τοιαῦτα
2439 769 2542 821 κᾶν
2572 771 2774 821 ἐννοεῖν
2804 769 3078 838 περιττόν.
3126 771 3274 824 Ἐκεῖ
3297 771 3405 842 γὰρ
3442 773 3652 840 μνήμη,

406 852 708 907 recordatio
741 853 831 908 ubi
849 862 905 909 et
929 856 1131 910 oblivio
1159 876 1172 910 :
1209 858 1411 913 oblivio
1442 868 1619 914 autem
1645 860 1892 930 designat
1928 863 1962 913 ἰι

2080 857 2213 909 ὅπου
2261 858 2355 911 καὶ
2390 858 2548 927 λήθη.
2585 858 2737 928 Λήθη
2790 858 2846 911 δὲ
2895 858 2991 911 τοῦ
3032 859 3258 931 δυνάμει
3299 865 3555 931 παρεῖναι
3594 862 3655 915 τὸ

405 944 550 1013 quod
583 944 784 1001 factum
809 959 912 1014 est,
937 951 1177 1019 potentia
1196 951 1413 1020 quidem
1437 953 1646 1015 adesse,
1667 962 1975 1007 nontamen

404 1045 526 1089 actu
555 1054 568 1090 :
605 1052 767 1106 porro
801 1038 908 1093 Deo
941 1040 1071 1094 nihil
1096 1042 1249 1096 adest
1275 1046 1541 1112 potentia,
1571 1045 1663 1099 sed
1703 1053 1849 1099 actu.

474 1125 660 1191 XVIII,
696 1129 817 1184 6-8.
842 1130 1062 1186 Reddite
1089 1134 1137 1186 ei
1164 1135 1300 1187 sicut
1330 1144 1378 1187 et
1408 1135 1526 1202 ipsa
1562 1137 1792 1190 reddidit
1814 1136 1976 1200 vobis,

400 1227 450 1272 et
471 1219 738 1287 duplicate
766 1224 814 1275 ei
844 1223 1077 1292 duplicia
1107 1226 1392 1279 secundum
1432 1242 1589 1295 opera
1611 1229 1750 1295 eius.
1786 1229 1849 1282 In
1879 1246 1979 1299 pu-

401 1312 522 1364 culo
552 1328 653 1381 quo
689 1314 920 1375 miscuit,
957 1316 1165 1371 miscete
1198 1316 1277 1370 illi
1305 1319 1543 1387 duplum.
1574 1321 1842 1385 Quantum
1867 1321 1981 1391 glo-

400 1401 624 1469 riﬁcavit
663 1420 717 1456 se
738 1414 785 1456 et
819 1405 1069 1473 lasciviit,
1106 1416 1309 1461 tantum
1341 1411 1464 1465 date
1487 1412 1567 1463 illi
1590 1421 1903 1465 tormentum
1932 1424 1982 1465 et

398 1492 618 1548 luctum.
656 1494 797 1559 Quia
840 1497 968 1551 dicit
1017 1499 1068 1552 in
1120 1501 1275 1555 corde
1310 1518 1405 1555 suo
1439 1519 1458 1556 :
1500 1501 1665 1557 Sedeo
1688 1507 1863 1574 regina
1885 1547 1899 1569 ,
1931 1508 1980 1558 el

396 1585 554 1639 uidua
583 1604 685 1641 non
717 1606 854 1653 sum,
890 1608 1049 1659 neque
1081 1591 1282 1645 luctum
1318 1594 1521 1650 videbo.
1558 1595 1846 1665 Propterea
1880 1614 1981 1650 uno

396 1678 480 1730 die
497 1682 696 1733 venient
712 1680 881 1750 plaga:
894 1686 1031 1751 ejus,
1048 1683 1209 1753 797
1232 1701 1371 1739 mors
1388 1695 1436 1740 et
1457 1685 1630 1740 luctus
1648 1699 1697 1741 et
1718 1689 1904 1757 fames,
1934 1700 1981 1744 et

396 1768 515 1836 igne
542 1770 896 1827 comburetur.
927 1774 1053 1843 quia
1071 1774 1228 1842 [ortis
1252 1785 1328 1830 est
1353 1776 1608 1831 Dominus
1631 1780 1719 1847 qui
1762 1782 1977 1850 judica-

398 1861 470 1912 bt't
498 1861 665 1916 illam.

466 2130 1025 2190 Animadvertendum
1041 2145 1143 2202 est,
1166 2153 1196 2192 a
1219 2153 1328 2207 quo
1354 2141 1610 2208 procedat
1638 2141 1744 2198 hoc
1771 2159 1970 2212 βιωθε-

393 2232 545 2291 ptum
571 2223 653 2277 vel
687 2239 891 2280 sermo.
940 2226 1126 2283 Potest
1167 2239 1347 2284 autem
1393 2231 1497 2286 dici
1528 2234 1672 2302 quod
1726 2250 1755 2289 a
1804 2236 1971 2305 justis

392 2313 479 2367 vel
534 2317 870 2386 martyribus
894 2320 987 2388 qui
1022 2320 1116 2375 illo
1142 2331 1408 2393 tempore,
1470 2341 1662 2397 nempe
1705 2328 1967 2385 adventus

391 2401 732 2470 Antichristi,
766 2423 864 2476 pro
901 2407 1118 2465 Christo
1149 2415 1496 2481 certaverint,
1554 2417 1607 2471 in
1655 2429 1801 2474 tanta
1835 2436 1965 2475 cru-

391 2492 614 2548 delitate
642 2511 705 2550 ac
741 2496 955 2555 feritate
983 2515 1171 2555 eorum
1208 2505 1301 2572 qui
1338 2514 1467 2562 tunc
1526 2508 1580 2562 in
1641 2512 1749 2565 vita
1779 2528 1963 2568 versa—

390 2582 597 2639 buntur
640 2588 820 2651 traditi
870 2590 925 2644 in
989 2592 1271 2649 ministros
1322 2597 1667 2666 Antichristi,
1702 2612 1761 2656 ut
1789 2618 1967 2672 quan-

389 2690 555 2743 quam
585 2676 650 2731 ad
685 2677 777 2733 Dei
819 2680 1177 2738 imitationem
1213 2685 1389 2741 vivere
1414 2688 1699 2760 elegerint,
1733 2708 1961 2751 excessu

390 2774 570 2821 tamen
612 2768 965 2826 alllictionum
1001 2772 1362 2833 devincantur
1395 2789 1453 2834 ut
1498 2780 1614 2835 haec
1660 2783 1959 2853 proferant.

390 2854 639 2913 Diximus
668 2871 847 2915 autem
903 2864 1188 2921 mulierem
1224 2877 1437 2939 tempus
1472 2872 1577 2927 sub
1619 2874 1962 2932 Antichristo

385 2946 731 3014 signiﬁcare,
782 2961 835 3006 et
889 2968 997 3007 non
1031 2956 1305 3012 civitatem
1356 2960 1645 3030 aliquam:
1701 2965 1959 3035 poculum

382 3046 587 3102 autem,
608 3040 938 3097 voluntatem
971 3060 1065 3099 seu
1097 3049 1438 3117 propositum
1471 3066 1662 3106 eorum
1694 3054 1787 3123 qui
1828 3066 1958 3113 tunc

2081 950 2359 1020 πραχθὲν,
2392 951 2490 1003 οὐκ
2523 950 2602 1004 ἔτι
2631 951 2687 1003 δὲ
2724 953 2820 1005 καὶ
2849 954 3100 1024 ἐνεργείᾳ
3144 954 3501 1024 σημαντικόν.
3533 953 3654 1023 Θεῷ

2080 1042 2136 1094 δὲ
2168 1041 2319 1094 οὐδὲν
2349 1042 2607 1111 πρόσεστι
2634 1041 2879 1110 δυνάμει,
2907 1042 3021 1097 ἀλλ’
3052 1044 3322 1113 ἐνεργείᾳ.

2163 1132 2433 1187 Ἀπόδοτε
2472 1132 2663 1199 αὐτῇ,
2689 1134 2769 1198 ὡς
2806 1134 2902 1187 καί
2942 1134 3095 1201 αὐτὴ
3138 1133 3448 1189 ἀπέδωκεν
3486 1132 3649 1201 ὑμῖν,

2083 1222 2180 1275 καί
2211 1222 2551 1276 διπλώσατε
2581 1223 2736 1289 αὐτῇ
2767 1223 2951 1279 διπλᾶ
2987 1228 3136 1278 κατὰ
3163 1225 3235 1278 τὰ
3266 1224 3408 1293 ἔργα
3439 1223 3648 1289 αὐτῆς.

2095 1314 2198 1366 Ἔν
2234 1311 2313 1377 τῷ
2357 1314 2617 1380 ποτηρίῳ
2652 1306 2699 1379 ᾧ
2734 1314 3017 1381 ἐκέρασε,
3052 1315 3346 1383 κεράσατε
3379 1314 3532 1381 αὐτῇ
3560 1314 3617 1367 δι

2084 1404 2302 1459 πλοῦν.
2330 1405 2486 1457 Ὅσα
2522 1404 2819 1469 ἐδόξασεν
2859 1405 3085 1473 ἑαυτὴν
3138 1406 3237 1459 καί
3263 1406 3647 1473 ἐστρηνίασε,

2083 1492 2375 1547 τοσοῦτον
2426 1493 2563 1546 δότε
2611 1494 2765 1560 αὐτῇ
2819 1494 3210 1562 βασανισμὸν
3262 1494 3359 1547 καί
3407 1494 3647 1560 πένθος.

2086 1587 2215 1639 Ὅτι
2262 1584 2333 1637 ἐν
2374 1583 2446 1651 τῇ
2497 1583 2708 1652 καρδίᾳ
2762 1584 2953 1650 αὐτῆς
2996 1583 3189 1654 λέγει,
3243 1584 3332 1637 ὅτι
3384 1584 3647 1653 Κάθημαι

2078 1675 2445 1738 βασίλισσα,
2488 1674 2584 1726 καί
2614 1674 2771 1743 χήρα
2794 1675 2904 1727 οὔκ
2932 1677 3068 1743 εἰμι,
3101 1675 3198 1728 καί
3224 1674 3443 1740 πένθος
3468 1678 3539 1728 οὐ
3561 1676 3648 1744 μὴ

2085 1767 2210 1820 ἴδω.
2251 1766 2353 1820 Διὰ
2393 1764 2568 1819 τοῦτο
2598 1766 2667 1818 ἐν
2692 1764 2793 1834 μιᾷ
2831 1765 3017 1835 ἡμέρᾳ
3045 1767 3304 1833 ἥξουσιν
3326 1770 3384 1820 al
3425 1768 3648 1837 πληγαὶ

2080 1856 2288 1923 αὐτῆς,
2339 1856 2614 1922 θάνατος,
2654 1855 2753 1909 καί
2793 1856 3033 1922 πένθος,
3075 1857 3173 1910 καὶ
3213 1859 3405 1926 λιμός.
3439 1858 3548 1912 Kal
3581 1859 3651 1913 ἐν

2080 1949 2220 2017 πυρί
2252 1945 2770 2015 κατακαυθήσεται
2796 1962 2808 1975 ”
2838 1945 2924 2000 ὅτι
2955 1948 3205 2015 ἰσχυρὸς
3241 1948 3451 2014 Κύριος
3472 1948 3505 1999 ὀ
3530 1964 3650 2015 κρι-

2078 2038 2200 2094 νῶν
2226 2038 2442 2105 αὑτήν.

2160 2122 2662 2201 ’Δνεπισήμαντον,
2717 2128 2869 2202 παρὰ
2913 2128 3057 2193 τίνος
3091 2129 3150 2183 τὸ
3182 2128 3506 2199 πρόσταγμα
3546 2127 3576 2197 ἢ
3620 2130 3649 2180 ὁ

2077 2226 2233 2294 λόγος
2283 2222 2551 2293 πρόεισιν.
2600 2222 2701 2291 Εῖη
2749 2222 2794 2275 δ’
2848 2221 2914 2275 ἂν
2964 2220 3117 2291 παρὰ
3150 2220 3257 2273 τῶν
3298 2220 3524 2273 δικαίων
3554 2220 3647 2271 καὶ

2079 2315 2374 2388 μαρτύρων
2403 2313 2513 2364 τῶν
2545 2312 2665 2367 κατ’
2704 2313 2880 2365 ὲκεῖνο
2913 2312 3105 2383 καιροῦ
3130 2352 3146 2374 ,
3181 2312 3279 2381 τῆς
3315 2310 3407 2363 τοῦ
3468 2312 3644 2365 Ἀντι-

2074 2409 2297 2479 χρίστου
2351 2405 2551 2478 δηλαδὴ
2606 2403 2902 2473 ἐπιδημίας
2949 2403 3089 2473 ὑπὲρ
3132 2399 3370 2472 Χριστοῦ
3420 2400 3644 2471 ὲναθλη..

2076 2499 2303 2563 σάντων,
2358 2497 2599 2567 τοσαύτῃ
2639 2495 2886 2564 ὠμότητι
2941 2493 3036 2547 καὶ
3086 2491 3350 2563 θηριωδίᾳ
3392 2490 3497 2545 ὑπὸ
3535 2492 3643 2543 τῶν

2069 2591 2370 2664 τηνικαῦτα
2400 2590 2477 2661 τῷ
2530 2589 2629 2659 βίῳ
2657 2584 3168 2657 ἐμπολιτευομένων
3209 2583 3500 2654 ὑπουργῶν
3545 2582 3643 2635 τοῦ

2083 2686 2449 2755 ’Δντιχρίστου
2496 2681 2929 2754 παραδοθέντων,
2962 2679 3102 2733 ὥστε
3133 2677 3228 2732 καὶ
3274 2676 3494 2739 αὐτοὺς.
3537 2675 3642 2729 κᾶν

2070 2783 2119 2836 εί
2144 2783 2493 2853 θεομιμὴτως
2519 2778 2831 2851 προείλοντο
2854 2776 2975 2848 ζῇν,
3007 2775 3121 2830 ἀλλ’
3151 2770 3243 2829 οῦν
3267 2773 3355 2827 διὰ
3379 2774 3439 2827 τὸ
3470 2775 3637 2842 ὑπερ-

2068 2872 2262 2928 ϐάλλον
2287 2873 2396 2926 τῶν
2426 2871 2725 2925 κακώσεων
2746 2867 3100 2938 ὲκνικηθῆναι
3122 2867 3291 2920 ταῦτα
3318 2865 3633 2935 προφέρειν.

2067 2965 2386 3036 Είρήκαμεν
2443 2963 2500 3017 δὲ
2548 2964 2781 3029 γυναῖκα
2836 2961 2927 3013 τὸν
2983 2961 3075 3011 ἐπὶ
3114 2957 3205 3012 τοῦ
3267 2957 3636 3026 Ἀντιχρίστου

2071 3056 2281 3128 καιρὸν,
2320 3056 2380 3108 οὐ
2432 3054 2586 3107 πόλιν
2633 3052 2754 3105 τινὰ
2786 3050 3093 3121 σημαίνειν,
3129 3050 3222 3103 καὶ
3278 3048 3533 3119 ποτήριον
3578 3047 3637 3101 δὲ

383 3126 437 3180 in
466 3126 570 3182 vita
606 3132 967 3189 versabuntur
999 3153 1012 3190 :
1049 3138 1141 3207 qui
1166 3140 1233 3194 de
1268 3140 1484 3197 Satanae
1511 3154 1791 3213 potentatu
1842 3150 1957 3221 glo-

2069 3126 2179 3217 τὴν
2209 3144 2529 3217 προαίρεσιν
2561 3143 2669 3196 τῶν
2713 3141 3221 3213 ἐμπολιτευομένων
3257 3139 3335 3209 τῷ
3362 3140 3483 3193 τότε
3514 3138 3633 3209 βίῳ,

382 3222 1067 3299 riautes,incomparabili
1128 3241 1529 3293 tormentorum
1591 3240 1962 3311 magnitudine

381 3316 647 3373 adversus
677 3319 779 3373 sibi
812 3334 1178 3393 repugnantes
1204 3336 1464 3384 utentur:
1499 3333 1960 3401 quemadmodum

383 3405 548 3475 igitur
571 3406 720 3477 fecit,
746 3410 996 3466 reddetur
1025 3416 1149 3484 ipsi.

454 3496 678 3554 Reddite
740 3503 822 3555 illi
874 3504 1118 3574 duplum.
1158 3507 1275 3563 Non
1332 3511 1555 3582 duplum
1600 3516 1817 3586 proprie
1845 3520 1961 3573 vult

381 3591 473 3647 hic
535 3593 762 3665 intelligi
817 3597 1193 3668 duplicatum:
1253 3603 1347 3657 sed
1402 3606 1548 3674 quod
1599 3607 1865 3678 benignus
1896 3626 1960 3667 ac

382 3685 560 3741 bonus
594 3685 758 3751 Deus,
790 3706 914 3744 eum
944 3692 1099 3759 punit
1136 3693 1299 3747 etiam
1336 3695 1476 3751 inira
1504 3697 1554 3751 id
1586 3699 1731 3768 quod
1748 3701 1957 3771 justum

380 3786 484 3842 est,
517 3778 741 3849 duplum
767 3796 826 3837 se
867 3783 1177 3839 reddidisse
1203 3785 1352 3839 ducit
1375 3787 1466 3841 ubi
1498 3789 1581 3843 vel
1609 3800 1815 3859 partem
1838 3794 1959 3848 red-

379 3871 579 3927 diderit
610 3890 623 3927 :
651 3889 750 3929 nec
786 3874 965 3929 solum
998 3876 1245 3947 duplum,
1280 3879 1443 3934 sedet
1466 3883 1773 3953 septuplum
1811 3886 1957 3940 :nisi

381 3965 634 4021 lortassis
668 3966 719 4020 id
772 3968 1198 4023 existimandum
1241 3978 1325 4025 est
1377 3970 1477 4028 has
1526 3990 1633 4028 non
1687 3992 1810 4033 esse
1860 3977 1955 4034 Dei

381 4058 581 4113 minas.
621 4060 907 4126 Quomodo
966 4062 1112 4117 enim
1152 4064 1200 4119 is
1249 4064 1342 4135 qui
1389 4065 1542 4132 dicit,
1582 4087 1600 4119 ι
1650 4067 1768 4125 Non
1819 4073 1956 4128 ulci-

377 4150 657 4205 sceturbis
690 4150 831 4205 Deus
862 4166 1028 4222 super
1060 4152 1247 4208 eadem
1301 4168 1360 4209 re
1398 4154 1498 4221 ’⁰,»
1532 4172 1677 4213 nunc
1711 4158 1763 4212 in
1791 4157 1957 4229 duplo

377 4256 443 4296 ac
468 4245 717 4314 septuplo
742 4244 815 4299 ait
838 4244 1015 4315 ipsum
1051 4246 1279 4302 ulcisci?
1299 4244 1574 4304 Fortassis
1616 4250 1780 4321 igitur
1822 4252 1955 4306 nihil

375 4333 673 4390 absurdum
718 4336 901 4402 fuerit,
930 4337 973 4392 si
1006 4338 1308 4408 accipiatur
1333 4340 1643 4411 significare
1667 4357 1773 4397 non
1800 4342 1955 4413 juxta

375 4428 717 4499 dignitatem,
745 4431 839 4486 sed
874 4431 1189 4501 longeinfra
1219 4448 1556 4487 mensuram.

439 4520 709 4585 Quantum
729 4524 1947 4593 glori/icaritseetlasciviit.Quemadmodum,
1980 4504 2034 4564 Ῑ)

374 4613 586 4683 inquit,
644 4623 697 4668 et
752 4614 1052 4685 gloriﬁcata
1095 4624 1149 4669 et
1204 4615 1257 4668 in
1302 4615 1557 4685 prtesenti
1591 4616 1701 4670 vita
1738 4617 1950 4673 deliciis

374 4707 644 4774 diﬂlueus,
683 4724 789 4763 non
824 4708 1139 4778 adimplevit
1162 4706 1305 4775 quod
1347 4706 1673 4775 prmviderat
1699 4722 1822 4763 esse
1863 4710 1949 4764 di-

374 4799 512 4853 vinae
536 4800 852 4868 voluntatis,
880 4804 952 4856 ita
995 4798 1229 4855 reddite.
1269 4798 1413 4854 Dicit
1448 4798 1595 4853 enim
1626 4819 1639 4853 :
1698 4799 1813 4855 Non
1848 4803 1952 4873 pri-

371 4892 540 4947 vabor
566 4909 753 4962 regno.

445 4984 513 5039 In
539 4986 694 5039 corde
711 5002 827 5040 suo.
854 4986 961 5040 Cor
990 4985 1225 5056 appellat
1260 4981 1605 5038 durationem
1629 4999 1817 5039 eorum
1854 4986 1945 5057 qui

375 5088 503 5133 tunc
535 5078 699 5134 vitam
721 5080 1092 5149 complebunt,
1131 5094 1269 5148 quos
1298 5077 1465 5131 etiam
1491 5075 1645 5131 tinxit
1676 5093 1798 5133 cum
1832 5096 1951 5135 tuu-

372 5172 504 5227 liere
535 5172 865 5226 adulterium
903 5181 1142 5241 patrare.

438 5258 728 5328 Propterea
776 5276 879 5312 uno
917 5259 1001 5311 die
1046 5258 1249 5311 venient
1311 5258 1483 5326 plaga:
1515 5256 1651 5326 ejus.
1695 5258 1794 5314 l‘cr
1842 5260 1943 5316 hoc

367 5353 512 5423 quod
542 5352 693 5412 dicit,
734 5366 843 5404 uno
872 5351 978 5416 die,
1017 5350 1445 5419 inexspectatum
1478 5365 1541 5404 ac
1598 5352 1934 5421 repentinum

370 5456 582 5514 tempus
634 5443 906 5513 signiticat
944 5459 1053 5513 quo
1087 5444 1201 5496 haec
1256 5442 1593 5513 routingent.
1641 5443 1934 5517 Postquam

365 5537 511 5592 enim
540 5535 744 5588 inimici
770 5536 941 5604 ipsius
969 5534 1305 5590 obtinuerint
1334 5535 1513 5601 illam,
1562 5547 1816 5606 poterunt
1856 5540 1936 5595 Vel

367 5629 529 5685 unico
556 5627 644 5683 die
671 5644 832 5684 oumc
862 5629 1190 5701 supplicium
1223 5628 1278 5684 in
1334 5644 1452 5684 eam
1497 5630 1753 5689 inducere
1814 5649 1936 5705 quae

428 5807 470 5840 "
503 5807 674 5864 Naum
701 5825 715 5865 ι
739 5851 752 5876 ,
784 5809 865 5865 12.

2065 3238 2115 3292 οἳ
2142 3240 2208 3309 τῇ
2237 3235 2527 3305 δυναστείᾳ
2556 3232 2649 3287 τοῦ
2682 3232 2896 3286 Σατανᾶ
2925 3230 3282 3300 γαυριῶντες,
3320 3228 3543 3301 ἀμέτρῳ
3569 3231 3634 3298 τῇ
3686 3314 3689 3317 Ι

2062 3330 2170 3383 τῶν
2219 3327 2409 3382 δεινῶν
2455 3325 2679 3397 εὐθηνίᾳ
2717 3323 2859 3378 κατά
2892 3323 3001 3376 τῶν
3049 3321 3442 3390 ἀντικειμένων
3508 3337 3638 3373 κατ-

2062 3423 2381 3493 εχρήσαντο.
2415 3417 2609 3480 Καθὼς
2633 3413 2725 3471 οὖν
2748 3416 3020 3487 ἐποίησεν,
3054 3412 3367 3485 ἀποδοθήτω
3395 3412 3552 3484 αὐτῇ.

2146 3513 2419 3569 Ἀπόδοτε
2449 3511 2603 3579 αὐτῇ
2650 3509 2929 3563 διπλοῦν.
2986 3508 3059 3560 Οὐ
3099 3507 3159 3560 τὸ
3200 3506 3480 3560 διπλάσιον
3511 3505 3637 3576 βού-

2062 3607 2213 3661 λεται
2245 3606 2307 3659 τὸ
2340 3604 2582 3666 διπλοῦν,
2618 3602 2733 3656 ἀλλ’
2779 3602 2861 3655 ὅτι
2914 3599 3293 3670 φιλάνθρωπος
3322 3597 3398 3651 ὢν
3427 3599 3455 3651 ὀ
3502 3598 3635 3661 Θεὸς

2062 3697 2157 3751 καὶ
2185 3696 2387 3766 ἀγαθὸς
2431 3695 2527 3748 καὶ
2559 3693 2692 3745 πολὺ
2730 3690 3152 3761 καταδεέστερον
3179 3689 3441 3756 κολάζων,
3471 3688 3633 3743 διπλᾶ

2059 3790 2230 3843 οίεται
2259 3788 2659 3843 ἀποδεδωκέναι
2709 3786 2804 3839 καὶ
2833 3786 2961 3838 ὅταν
2998 3784 3163 3854 μέρος
3190 3783 3395 3854 ἀποδῷ,
3436 3783 3530 3837 καὶ
3568 3784 3632 3836 οὐ

2063 3883 2222 3953 μόνον
2248 3881 2430 3946 διπλᾶ,
2467 3879 2602 3933 ἀλλὰ
2637 3880 2730 3932 καὶ
2762 3877 3126 3939 ἑπταπλάσια,
3162 3878 3209 3929 εί
3242 3877 3315 3947 μή
3344 3893 3444 3929 που
3474 3874 3635 3928 τοῦτο

2059 3976 2272 4046 οίητέον
2314 3976 2389 4039 ὡς
2442 3974 2504 4027 οὐ
2560 3972 2695 4025 Θεοῦ
2740 3969 2990 4039 ἀπειλῆς.
3049 3970 3172 4033 Πῶς
3202 3970 3309 4039 γὰρ
3355 3969 3383 4021 ὁ
3432 3968 3629 4036 λέγων,

2065 4088 2082 4120 ι
2125 4072 2239 4123 Οὐκ
2269 4068 2546 4139 ἐκδικήσει
2566 4064 2767 4135 Κύριος
2796 4063 2874 4125 δὶς
2904 4063 2995 4115 ἐπὶ
3015 4062 3071 4114 τὸ
3097 4063 3248 4126 αὐτὸ,
3284 4080 3302 4112 ι
3330 4059 3423 4114 νῦν
3444 4060 3631 4115 διπλά-

2061 4178 2149 4213 σια
2180 4160 2276 4212 καὶ
2336 4156 2682 4211 ἑπταπλασιά
2738 4171 2901 4225 φησιν
2935 4153 3199 4218 ὲκδικεῖνς
3233 4153 3293 4206 El
3329 4151 3422 4205 οὖν
3450 4152 3510 4205 τὸ
3551 4151 3633 4204 δι-

2058 4250 2227 4304 πλοῦν
2258 4250 2351 4302 καὶ
2397 4250 2536 4301 ἑπτα
2550 4247 2769 4300 πλάσιον
2797 4246 2857 4298 οὐ
2894 4244 2955 4298 τὸ
3005 4246 3126 4298 κατ’
3152 4242 3312 4309 ἀξίαν
3344 4243 3631 4314 σημαίνειν

2059 4340 2437 4410 ὑποληπτέον,
2487 4339 2622 4393 ἀλλά
2674 4338 2735 4391 τὸ
2786 4336 3171 4408 μετριώτερον,
3240 4337 3368 4399 ίσως
3426 4335 3627 4388 ἄτοπον

2059 4433 2235 4487 οὐδέν.

2134 4524 2291 4577 ,Ὅσα
2309 4520 2602 4587 ἐδόξασεν
2621 4522 2867 4589 ἑαυτὴν,
2892 4521 2988 4576 καί
3001 4522 3381 4592 ἐστρηνίασε.
3406 4521 3627 4587 Kaet'og,

2060 4615 2217 4686 φησι,
2264 4614 2583 4681 δοξασθείσα
2612 4616 2704 4668 καὶ
2736 4616 3271 4685 κατασπαταλήσασα
3300 4614 3392 4668 τοῦ
3430 4613 3631 4686 παρόν·

2058 4724 2149 4770 τος
2178 4706 2316 4778 βίου,
2366 4706 2623 4778 πρόνοιαν
2652 4707 2713 4760 οὐ
2742 4706 3038 4777 πεποίηται
3075 4705 3167 4759 τοῦ
3199 4706 3343 4759 θείου
3382 4705 3627 4777 θελήμα-

2058 4816 2167 4865 τος,
2195 4796 2369 4862 οὕτως
2390 4799 2618 4852 ἀπόδοτε
2648 4800 2808 4869 αὐτῇ.
2831 4798 2992 4865 Λέγει
3013 4798 3143 4869 γάρ·
3172 4799 3285 4853 Οὐκ
3307 4798 3501 4869 ἔσομαι
3529 4798 3625 4852 τοῦ

2059 4890 2363 4961 βασιλεύειν
2389 4890 2749 4961 ἐστερημένη.

2135 4988 2239 5041 Ἐν
2284 4985 2359 5055 τῇ
2410 4986 2623 5054 καρδίᾳ
2680 4983 2892 5054 αὐτῆς.
2947 4983 3223 5055 Καρδίαν,
3275 4983 3335 5037 τὸ
3389 4982 3626 5053 ἔμμονόν

2049 5094 2185 5147 φησι
2220 5079 2329 5132 τῶν
2362 5076 2486 5137 τότε
2511 5076 2601 5130 τὸν
2626 5076 2740 5146 βίον
2771 5077 3261 5149 συμπληρούντων,
3294 5074 3387 5139 οὓς
3418 5076 3515 5129 καὶ
3546 5077 3627 5139 εἰς

2045 5173 2280 5239 γυναῖκα
2311 5167 2677 5239 ὲμυθοποίησε
2713 5169 3028 5240 μαχλῶσαν.

2114 5263 2221 5316 Διὰ
2272 5261 2445 5315 τοῦτο
2489 5261 2557 5315 ἐν
2594 5260 2702 5330 μιᾷ
2747 5260 2937 5330 ἡμέρᾳ
2974 5260 3233 5326 ἥξουσιν
3283 5262 3343 5314 al
3394 5259 3623 5330 πληγαί

2045 5354 2257 5421 αὐτῆς.
2293 5354 2393 5406 Διὰ
2418 5353 2511 5407 τοῦ
2536 5354 2738 5421 λέγειν,
2775 5353 2905 5423 μίαν
2936 5353 3169 5424 ἡμέραν,
3198 5352 3257 5405 τὸ
3280 5353 3622 5422 ἀπροσδόκη-

2044 5464 2135 5503 τον
2166 5448 2260 5501 καὶ
2289 5447 2486 5517 ἁθρόον
2512 5446 2663 5517 δηλοί
2693 5446 2786 5498 τοῦ
2818 5444 3013 5515 καιροῦ
3045 5447 3101 5496 ὲν
3126 5438 3170 5512 ᾧ
3199 5442 3371 5498 ταῦτα
3402 5443 3617 5515 συμϐή-

2046 5559 2221 5595 σεται.
2262 5540 2417 5594 Μετὰ
2452 5540 2559 5610 γὰρ
2587 5539 2647 5592 τὸ
2689 5540 2977 5609 ἐγκρατεῖς
3006 5538 3177 5608 αὐτῆς
3205 5538 3461 5607 γενέσθαι
3488 5538 3615 5600 τοὺς

2044 5635 2272 5707 ἐχθροὺς
2300 5632 2523 5704 ἐξαρκεί
2563 5634 2657 5687 καὶ
2688 5632 2786 5705 μία
2810 5632 2991 5704 ἡμέρα
3024 5635 3205 5685 πᾶσαν
3249 5631 3473 5687 κόλασιν
3514 5631 3612 5683 ἐπ-
