4010 6636
388 406 493 470 729

1451 410 1659 469 COMM
1674 410 1836 471 ENT.
1881 412 1960 471 IN
1999 412 2530 478 APOCALYPSIN.

3527 418 3633 481 73)

385 519 610 584 αγαγείν
642 519 706 587 τῇ
762 516 1081 588 ἡττηθεξσῃ,
1111 516 1336 571 δυνατοῦ
1383 517 1535 580 ὄντος
1593 518 1689 569 τοῦ
1745 519 1934 588 Κυρίοι

2054 523 2262 579 devicta
2311 524 2516 580 fuerit:
2557 540 2682 581 cum
2726 535 2917 596 potens
2963 526 3035 582 sit
3074 526 3336 582 Dominus
3374 527 3636 595 quemad-

385 609 576 678 ὥσπερ
608 609 718 671 τοῖς
762 607 1147 679 εὐαρεστοῦσιν
1181 607 1331 678 αὺτῷ
1366 609 1436 661 τὰ
1461 609 1683 681 θυμήρη
1726 611 1956 681 προσνέ-

386 717 539 771 μειν,
573 698 717 754 οὕτω
766 700 859 753 καὶ
902 699 1151 764 κολάζειν
1182 700 1590 773 ἀνεπιστρόφως
1646 702 1959 772 ἐξαμαρτά-

382 809 596 854 νοντας.

451 882 562 937 Kal
608 883 952 938 κλαύσουσι
1007 882 1106 937 καὶ
1159 883 1453 952 κόψονται
1507 882 1601 936 ἐπ’
1656 881 1851 950 αὐτὴν
1900 886 1956 938 ol

378 974 657 1041 βασιλεῖς
688 973 798 1043 τῆς
836 974 978 1045 γῆς,
1025 978 1081 1029 ol
1103 976 1229 1045 μετ’
1268 974 1458 1043 αὐτῆς
1506 976 1953 1044 πορνεύσαντες

379 1066 476 1118 καὶ
510 1066 1018 1133 στρηνιάσαντες,
1074 1067 1221 1121 ὅταν
1258 1067 1537 1132 βλέπωσι
1574 1066 1683 1122 τὸν
1716 1069 1954 1121 καπνὸν

377 1157 489 1223 τῆς
520 1157 844 1226 πυρώσεως
891 1157 1115 1225 αὐτῆς,
1148 1157 1265 1212 ἀπὸ
1301 1160 1597 1226 μακρόθεν
1625 1158 1951 1225 ἑστηκότες

378 1246 474 1301 διὰ
517 1248 625 1301 τὸν
665 1250 853 1316 φόϐον
891 1249 1000 1302 τοῦ
1027 1249 1422 1318 ,ϐασανισμοῦ
1460 1247 1686 1316 αὐτῆς,
1733 1249 1946 1317 λέγον-

376 1355 475 1404 τες
495 1355 509 1368 ο
556 1340 723 1405 Οὐαὶ,
754 1340 911 1407 οὐαὶ,
942 1342 981 1409 η
1024 1341 1201 1407 πόλις
1227 1340 1265 1407 ἡ
1299 1340 1531 1408 μεγάλη
1568 1340 1874 1404 Βαϐυλὼν,
1906 1341 1945 1410 η

374 1432 554 1495 πόλις
595 1430 633 1497 ἠ
684 1431 921 1499 ίσχιφὰ,
962 1430 1047 1484 ὅτι
1075 1431 1145 1483 ἐν
1182 1429 1289 1498 μιᾷ
1313 1428 1431 1497 ὥρᾳ
1457 1425 1644 1499 ἦλθεν
1677 1431 1715 1498 η
1746 1431 1945 1499 κρίσις

373 1534 509 1573 σου.
549 1519 659 1573 Kal
716 1523 771 1575 οί
831 1522 1077 1590 ἔμποροι
1129 1520 1238 1590 τῆς
1285 1519 1396 1592 γῆς
1449 1521 1791 1574 κλαύσουσι
1844 1522 1942 1574 καὶ

372 1613 788 1673 πενθήσουσιν
818 1614 910 1668 ἐπ’
962 1608 1154 1680 αὐτῇ,
1208 1612 1300 1665 ὅτι
1354 1612 1460 1666 τὸν
1509 1613 1695 1681 γόμον
1744 1611 1946 1665 αὐτῶν

2057 615 2279 669 modum
2310 632 2569 687 prospera
2602 617 2930 672 distribuere
2962 618 3048 673 his
3070 618 3163 689 qui
3193 620 3294 672 sibi
3326 619 3463 687 grati
3485 627 3632 681 sunt,

2057 707 2128 761 ita
2155 717 2210 762 et
2232 718 2547 778 peccatores
2568 709 2953 765 irremediabili
2979 710 3139 765 modo
3170 711 3384 791 punire.

2125 885 2289 955 798
2319 885 2504 952 XVIII,
2537 885 2692 941 9-H.
2741 885 2809 941 Et
2839 886 3037 956 ﬂebunt
3084 895 3132 940 et
3172 887 3420 956 plangent
3477 901 3625 953 super

2052 973 2201 1026 illam
2234 991 2373 1044 reges
2405 986 2579 1039 terrae,
2612 976 2701 1045 qui
2741 992 2859 1029 cum
2891 975 2986 1029 illa
3021 977 3244 1029 scortati
3283 983 3405 1027 sunt
3450 984 3497 1025 et
3546 974 3631 1026 la—

2050 1066 2351 1131 scivierunt,
2384 1083 2503 1119 cum
2536 1066 2757 1120 viderint
2784 1068 2989 1137 fumant
3030 1066 3261 1119 incendii
3282 1065 3396 1134 ejus
3440 1081 3451 1093 '
3480 1065 3631 1133 longe

2049 1166 2248 1211 stantes
2265 1168 2478 1227 prapter
2517 1160 2753 1213 timorem
2778 1160 3025 1213 tormenti
3054 1159 3187 1228 ejus,
3213 1158 3441 1211 dicentes
3466 1174 3483 1209 :
3518 1156 3628 1221 Vw,

2048 1266 2144 1316 var,
2176 1252 2361 1304 civitas
2389 1250 2485 1304 illa
2520 1268 2713 1323 magna
2761 1252 2998 1321 Babylon
3026 1292 3042 1315 ,
3086 1252 3271 1305 civitas
3305 1250 3398 1304 illa
3453 1250 3629 1318 fortis,

2045 1344 2294 1412 quoniam
2322 1360 2425 1396 ttna
2445 1344 2575 1397 liora
2605 1346 2737 1399 venit
2771 1345 3035 1414 judicium
3077 1356 3246 1398 tuum.
3290 1344 3358 1397 Et
3388 1345 3628 1413 negotia-

2046 1445 2182 1489 tores
2214 1445 2367 1489 terra:
2399 1437 2595 1504 ﬂebunt
2624 1453 2685 1490 ac
2736 1437 2978 1506 lugebant
3015 1454 3169 1504 super
3191 1438 3286 1489 illa
3318 1452 3338 1490 :
3379 1436 3628 1507 quoniam

2044 1542 2174 1579 onus
2198 1543 2377 1580 eorum
2418 1543 2566 1581 nemo
2599 1537 2729 1581 emet
2761 1529 3028 1596 amplius}
3059 1544 3161 1580 non
3178 1527 3297 1596 jam
3342 1543 3475 1580 onus
3508 1528 3627 1578 auri

2042 1626 2089 1670 et
2121 1618 2348 1684 argenti.
2379 1627 2428 1672 et
2459 1618 2656 1688 lapidis
2680 1619 2899 1686 pretiosi
2930 1627 2978 1671 et
3022 1619 3326 1687 margarita:
3346 1658 3360 1681 ,
3394 1626 3443 1671 et
3482 1617 3623 1686 byssi

371 1705 571 1771 οὐδεὶς
612 1704 895 1775 ἀγοράσει
926 1707 1033 1760 ἔτι.
1082 1705 1293 1760 Οὐκέτι
1349 1707 1536 1776 γόμον
1578 1704 1812 1774 χρυσοῦ
1842 1705 1934 1760 καὶ

2041 1715 2091 1760 et
2117 1723 2364 1777 purpura:
2386 1718 2436 1761 et
2459 1710 2613 1762 serici
2637 1719 2684 1763 et
2719 1709 2947 1775 cocci,‘_et
2969 1710 3335 1777 omne/ignum
3365 1706 3624 1777 tltyinum,

370 1794 649 1863 ἀργύρου,
693 1794 791 1848 καὶ
824 1795 998 1850 λίθου
1032 1794 1226 1864 τιμίου
1278 1793 1377 1847 καὶ
1408 1793 1794 1864 μαργαρίτου,
1840 1795 1934 1848 καὶ

2040 1809 2090 1853 et
2120 1816 2268 1853 omne
2297 1817 2386 1855 vas
2414 1805 2723 1868 eburneum,
2760 1810 2810 1855 et
2852 1817 3003 1855 omne
3037 1818 3126 1855 vas
3162 1800 3225 1855 de
3248 1802 3386 1870 ligno
3428 1801 3625 1869 pretio-

368 1886 698 1950 βυσσίνου,
730 1886 829 1940 καὶ
863 1886 1192 1955 πορφυροῦ,
1224 1885 1324 1939 καὶ
1359 1886 1637 1954 σηρικοῦ,
1673 1886 1772 1941 καὶ
1803 1904 1934 1941 κοκ-

2040 1893 2248 1947 sissimo
2278 1904 2327 1947 et
2355 1909 2457 1948 tere
2489 1904 2540 1948 et
2570 1894 2711 1963 ferro
2752 1904 2799 1947 et
2843 1910 3136 1957 marmore,
3178 1904 3228 1948 et
3270 1894 3625 1946 cinamonmm

368 1978 563 2042 κίνου,
609 1978 708 2033 καὶ
748 1977 869 2033 πᾶν
899 1979 1091 2042 ξύλον
1131 1979 1375 2041 θύτνον,
1410 1978 1508 2031 καὶ
1543 1977 1665 2034 πᾶν
1718 1979 1941 2046 σκεῦος

367 2066 787 2134 ἐλεφάντινον,
835 2068 932 2121 καὶ
976 2067 1100 2122 πᾶν
1137 2069 1355 2135 σκεῦος
1407 2068 1477 2122 ἐκ
1510 2068 1702 2133 ξύλου
1743 2086 1939 2139 τιμιωο

366 2155 567 2219 τάτου,
596 2158 695 2210 καὶ
725 2158 974 2226 χαλκοῦ,
1008 2159 1105 2212 καὶ
1147 2159 1424 2227 σιδήρου,
1472 2161 1567 2214 καὶ
1601 2161 1935 2231 μαρμάρου,

365 2250 459 2302 καὶ
496 2248 857 2318 κινάμωμον,
894 2250 994 2304 καὶ
1048 2251 1402 2321 θυμιάματα,
1435 2252 1534 2306 καὶ
1576 2254 1793 2322 μῦρον,
1839 2256 1938 2310 καὶ

364 2341 632 2407 λίϐανον,
674 2343 774 2395 καὶ
814 2342 1039 2407 ἔλαιον,
1078 2343 1179 2398 καὶ
1221 2339 1410 2409 οἶνον,
1446 2344 1544 2398 καὶ
1589 2346 1927 2413 σεμίδαλιν,

363 2431 456 2485 zeal
484 2431 675 2497 σῖτον,
748 2433 847 2487 καὶ
870 2436 1162 2502 πρόϐατα,
1193 2436 1291 2489 καὶ
1328 2435 1554 2505 κτήνη,
1591 2436 1692 2489 καὶ
1730 2437 1930 2489 ἵππων

363 2523 456 2575 καὶ
481 2523 706 2591 ραιδῶν
731 2525 829 2578 καὶ
860 2526 1167 2595 σωμάτων,
1200 2528 1298 2582 καὶ
1370 2529 1576 2598 ψυχὰς
1615 2528 1960 2596 ἀνθρώπων.

2037 1989 2087 2035 et
2139 1982 2483 2036 odoramenta
2526 1993 2573 2035 et
2626 1994 2947 2052 unguentum
2997 1982 3220 2045 etthus,
3260 1992 3309 2035 et
3359 1981 3529 2034 oleant
3574 1988 3622 2032 et

2037 2074 2214 2127 vinum
2249 2082 2299 2126 et
2325 2074 2556 2127 similam
2589 2083 2637 2128 et
2670 2075 2926 2137 triticum,
2950 2085 2999 2129 et
3023 2091 3138 2129 oves
3169 2084 3219 2129 et
3255 2074 3519 2140 jumenta.
3572 2081 3621 2125 et

2034 2181 2284 2235 equorum
2297 2176 2345 2219 et
2362 2166 2585 2220 rltedaru
2595 2183 2643 2218 m
2661 2175 2708 2219 et
2723 2183 3023 2234 corporum,
3039 2175 3088 2219 et
3105 2166 3311 2217 animas
3331 2164 3619 2216 hominum.

2036 2255 2106 2309 Et
2129 2267 2329 2325 tempus
2349 2257 2596 2311 desiderii
2618 2258 2812 2312 anima:
2836 2268 2939 2309 tuae
2964 2256 3175 2309 recessit
3202 2273 3233 2307 a
3276 2264 3343 2318 te,
3371 2263 3420 2306 et
3446 2252 3623 2304 omnia

2034 2347 2253 2417 pinguia
2292 2359 2341 2401 et
2377 2348 2638 2417 prteclara
2675 2351 2943 2418 perierunt
2983 2365 3014 2400 a
3046 2355 3093 2400 te
3118 2388 3133 2412 ,
3172 2355 3221 2399 et
3266 2343 3492 2413 amplius
3525 2342 3623 2395 illa

2036 2454 2361 2507 nequaquam
2392 2439 2641 2493 invenies.

2035 2530 2144 2584 Kal
2194 2530 2231 2598 ἡ
2299 2530 2502 2598 ὀπώρα
2560 2529 2670 2598 τῆς
2713 2530 3031 2599 ἐπιθυμίας
3078 2527 3189 2596 τῆς
3250 2523 3457 2595 ψυχῆς
3507 2538 3622 2576 σου

362 2613 637 2683 ἀπῆλθεν
666 2616 784 2671 ἀπὸ
825 2617 960 2673 σοῦ.
996 2618 1106 2673 Kal
1141 2620 1339 2675 πάντα
1401 2620 1473 2674 τὰ
1532 2622 1758 2689 λιπαρὰ
1791 2621 1892 2674 καὶ
1936 2622 2009 2677 τὰ
2044 2626 2288 2693 λαμπρὰ
2356 2623 2626 2678 ἀπώλετο
2674 2623 2793 2677 ἀπὸ
2846 2623 2996 2686 σοῦ,
3048 2621 3147 2676 καὶ
3181 2619 3378 2673 οὐκέτι
3426 2618 3498 2671 οὐ
3533 2611 3621 2683 μή

362 2707 541 2777 εὕρῃς
572 2710 745 2766 αὑτά.

438 2802 719 2874 Ἐπιμένει
776 2807 843 2878 τῇ
911 2806 1238 2880 τροπολογίᾳ
1301 2807 1377 2872 ὥς
1442 2808 1925 2880 ὲκφαντικωτὲραν

364 2894 610 2963 γενέσθαι
650 2895 758 2949 ἀπὸ
806 2897 906 2967 τῆς
934 2901 1198 2969 πορνικῆς
1226 2898 1571 2969 ἀκαθαρσίας
1611 2900 1711 2971 τὴν
1742 2900 1925 2971 πλημ-

2101 2803 2161 2858 in
2190 2804 2379 2859 eadem
2406 2812 2692 2873 permanet
2718 2800 3039 2870 tropologia,
3068 2806 3126 2853 ut
3152 2799 3503 2857 manifestius
3527 2802 3623 2861 ﬁat

2032 2895 2292 2951 delictum
2339 2895 2660 2949 meretricia
2690 2892 3066 2962 impudicitiae.
3096 2889 3206 2946 llos
3249 2901 3431 2945 autem
3464 2894 3613 2946 dixi-

358 2985 601 3057 μέλειαν.
640 2986 779 3051 Τοὺς
837 2987 1095 3058 δαίμονας
1146 2988 1203 3043 δὲ
1253 2987 1396 3044 εἷναι
1444 2990 1669 3054 τούτους
1714 2990 1928 3060 ἔφαμεν

2040 3000 2154 3038 mus
2179 2999 2301 3039 esse
2337 2985 2612 3039 dtetnones
2649 2983 2814 3038 etiam
2863 2982 3020 3052 longe
3063 2989 3295 3038 stantes.
3324 2981 3457 3036 Nam
3512 2983 3617 3052 ipsi

358 3077 451 3129 καὶ
492 3076 762 3147 μακρόθεν
804 3078 1121 3148 ἑστηκότας.
1154 3080 1321 3133 Αὐτοὶ
1362 3080 1471 3152 γὰρ
1530 3080 1626 3135 ἆτε
1660 3082 1798 3146 νόες,
1833 3081 1931 3134 καὶ

2040 3086 2297 3148 tanquam
2362 3078 2653 3132 abstracta!
2711 3075 3116 3145 intelligentize,
3187 3077 3394 3130 exitum
3450 3076 3615 3130 etiam

357 3166 463 3238 πρὸ
490 3171 590 3237 τῆς
641 3168 838 3237 πείρας
870 3169 967 3240 τὴν
1013 3170 1289 3225 διέκϐασιν
1318 3171 1519 3225 ειδέναι
1556 3166 1661 3226 οἷοι
1693 3172 1752 3226 τέ
1797 3173 1928 3236 εἱσι,

2040 3168 2359 3237 priusquam
2395 3168 2486 3222 ﬁat
2521 3166 2825 3235 intelligere
2877 3175 3141 3236 possunt,
3192 3177 3248 3223 et
3299 3180 3556 3238 tanquam
3585 3183 3617 3223 a

356 3260 450 3312 καὶ
474 3259 551 3322 ὡς
578 3259 687 3313 ἀπὸ
716 3260 924 3315 καπνοῦ
954 3261 1049 3316 τοῦ
1088 3263 1262 3333 πυρὸς
1291 3263 1389 3336 τὴν
1422 3264 1721 3319 ὑπόστασιν
1752 3266 1927 3319 συνιέ-

358 3369 461 3407 ναι.
489 3353 564 3405 Τὸ
592 3352 676 3407 δέ·
705 3352 870 3420 Οὺαί,
905 3354 1178 3426 θρηνῶδες
1198 3359 1347 3411 ἐστιν
1370 3357 1711 3428 ἐπίφθεγμα,
1736 3358 1926 3421 εἰωθὸς

355 3444 446 3496 ἐπὶ
490 3446 796 3515 συμφοραῖς
830 3446 1255 3517 ὲνεργουμέναις
1287 3449 1673 3516 ὲκφωνεῖσθαι.
1705 3449 1798 3502 Διὸ
1831 3450 1927 3504 καὶ⁵

356 3533 448 3589 νῦν
476 3536 709 3605 μάλιστα
740 3537 818 3607 τῷ
853 3539 1182 3609 παγκοσμίῳ
1206 3540 1302 3594 καὶ
1342 3539 1527 3610 ἁθρόῳ
1557 3542 1925 3611 συμπτώματι

357 3628 857 3698 μετακεχείρισται.
904 3630 1152 3700 ’ἰσχυρὰν
1177 3631 1232 3684 δὲ
1259 3631 1414 3684 πόλιν
1453 3633 1625 3703 αὑτήν
1657 3649 1820 3700 φησιν
1850 3633 1926 3697 ὡς

354 3719 413 3785 ἐξ
439 3719 670 3788 ἀπείρου
716 3721 902 3791 σχεδὸν
940 3722 1132 3793 χρόνου
1179 3723 1240 3776 τὸ
1271 3720 1407 3777 εἶναι
1447 3724 1806 3778 διαλαϐοῦσαν
1846 3727 1926 3789 εἰς

354 3809 718 3880 ἀδιάρῤηκτον
747 3810 1041 3884 σύνδεσμον
1073 3814 1168 3868 καὶ
1214 3812 1413 3868 οὔποτε
1460 3814 1787 3870 ἐλπισθέντα
1812 3816 1927 3869 δια-

353 3901 601 3972 λυθῆναι.

423 4083 532 4136 Kai
568 4082 624 4136 οι
671 4083 912 4151 ἔμποροι
940 4080 1048 4148 τῆς
1077 4081 1190 4151 γῆς
1222 4081 1583 4135 κλαύσουσι.
1642 4078 1927 4135 Ἐντεῦθεν

354 4174 803 4245 ἀπαραγράπτως
845 4173 1145 4245 ὲκληπτέον
1193 4172 1263 4226 τὰ
1310 4172 1804 4243 χρησμῳδούμενα,
1860 4174 1919 4225 οὑ

355 4269 491 4336 περὶ·
534 4267 872 4331 Βαϐυλῶνος,
906 4267 967 4320 οὐ
1021 4265 1241 4336 Ῥώμης
1287 4266 1388 4334 τῆς
1420 4265 1675 4328 παλαιᾶς,
1726 4264 1787 4318 οὐ
1822 4265 1922 4333 τῆς

355 4356 504 4422 νέας,
531 4358 631 4410 οὐκ
673 4357 837 4426 ἄλλης
864 4358 1009 4421 τινὸς
1039 4358 1166 4427 μιᾶς
1202 4357 1428 4421 πόλεως,
1478 4356 1615 4410 ἀλλὰ
1643 4355 1738 4409 τοῦ
1779 4355 1920 4426 σύμ-

354 4463 557 4509 παντος
582 4445 773 4501 τούτου
804 4446 1046 4518 φθαρτοῦ
1079 4448 1311 4516 κόσμου,
1342 4446 1464 4501 καθ’
1483 4445 1540 4500 ὃν
1565 4447 1615 4500 οἱ
1650 4447 1716 4501 τὰ
1748 4448 1919 4517 πρόσ-

2035 3259 2186 3313 fumo
2219 3260 2493 3328 cognitam
2519 3258 2720 3314 habere
2746 3257 2888 3327 ignis
2919 3258 3305 3313 substantiam.
3335 3258 3488 3324 Quod
3516 3275 3617 3312 au-

2034 3357 2139 3403 tem
2192 3348 2267 3401 ait
2306 3367 2319 3400 :
2355 3347 2464 3412 Vm,
2517 3347 2879 3402 lamentabilis
2911 3354 2994 3401 est
3029 3348 3358 3401 exclamatio
3388 3364 3494 3417 qua
3530 3364 3618 3402 so-

2032 3441 2148 3496 lent
2179 3441 2488 3496 exclamare
2526 3440 2580 3494 in
2619 3440 3136 3509 supervenientibus
3171 3440 3612 3495 calamitatibus:

2032 3530 2155 3586 ideo
2185 3546 2407 3601 quoque
2437 3546 2582 3586 nunc
2617 3532 2855 3585 maxime
2888 3532 2941 3585 in
2990 3530 3227 3601 generali
3253 3537 3307 3585 et
3334 3531 3617 3587 cumulato

2034 3625 2430 3695 repentinoque
2454 3639 2586 3681 casu
2623 3639 2688 3678 ac
2717 3622 3037 3678 infelicitate
3074 3624 3139 3677 ad
3183 3639 3338 3678 usum
3376 3623 3612 3678 dedat-ta

2031 3726 2134 3773 est.
2173 3718 2393 3773 Fortem
2421 3731 2550 3771 vero
2578 3715 2851 3772 civitatem
2899 3716 3032 3770 dicit
3064 3716 3237 3785 ipsam
3259 3759 3275 3782 ,
3304 3726 3360 3770 ut
3385 3732 3507 3786 qua:
3546 3718 3615 3771 ab

2032 3809 2242 3863 inﬁnito
2257 3808 2647 3878 propemodum
2671 3818 2914 3878 tempore
2948 3808 3260 3862 ﬁrmitatem
3290 3809 3613 3877 accepisset,

2031 3915 2154 3969 qua:
2188 3901 2469 3954 videretur
2494 3915 2601 3953 non
2636 3914 2798 3969 posse
2827 3900 3087 3970 dirumpi,
3123 3914 3301 3969 neque
3334 3901 3617 3955 timeretur

2032 4009 2272 4064 unquam
2306 3993 2678 4048 dissolvenda.

2101 4084 2172 4138 Et
2209 4084 2562 4153 negotiatores
2620 4092 2774 4137 terra:
2804 4082 3025 4151 ﬂebunt.
3082 4080 3177 4136 Vel
3213 4097 3277 4136 ex
3321 4082 3424 4136 hoc
3485 4083 3610 4137 loco

2030 4177 2221 4246 procul
2244 4175 2415 4230 dubio
2440 4175 2791 4244 intelligenda
2817 4184 2938 4229 sunt
2973 4189 3096 4243 qua:
3131 4174 3355 4229 oraculo
3387 4174 3613 4229 tradun-

2032 4275 2142 4333 tur,
2179 4282 2287 4321 non
2310 4266 2378 4321 de
2408 4265 2699 4336 Babylone,
2719 4279 2826 4319 non
2864 4264 2931 4318 de
2965 4262 3138 4318 lloma
3178 4264 3367 4331 veteri,
3408 4279 3513 4318 non
3547 4263 3615 4318 de

2031 4374 2196 4423 nova,
2232 4373 2412 4428 neque
2453 4357 2521 4413 de
2553 4358 2660 4411 alia
2701 4355 2953 4426 quapiam
2993 4355 3099 4410 alia
3134 4356 3387 4421 civitate,
3423 4356 3517 4410 sed
3547 4356 3615 4411 de

2031 4450 2326 4504 universali
2369 4450 2470 4503 hoc
2496 4447 2835 4518 corruptibili
2876 4446 3080 4501 tnundo
3114 4464 3127 4500 :
3165 4446 3220 4501 in
3264 4462 3374 4516 quo
3410 4446 3465 4500 lii
3519 4446 3614 4517 qui

357 4554 527 4608 καιρα
578 4537 1006 4607 ἐμπορευόμενοι
1074 4538 1338 4613 κλαυθμῷ
1406 4540 1498 4592 κα)⁸
1547 4539 1734 4593 πένθει
1784 4538 1924 4592 ἁλώ-

2040 4540 2421 4609 Lemporalilms
2476 4547 2805 4594 exercentur
2852 4538 3351 4609 negotiationibus,
3384 4537 3511 4593 ﬂetu
3550 4553 3616 4593 ac

355 4643 565 4693 σονται,
604 4626 693 4679 ὅτι
747 4628 852 4680 τὸν
903 4629 1091 4696 γόμον
1141 4626 1341 4683 αὐτῶν
1387 4628 1588 4694 οὐδεὶς
1625 4628 1926 4696 ἀγοράσει.

355 4719 533 4787 Γόμον
583 4718 639 4771 δὲ
686 4719 754 4773 τὰ
784 4718 1190 4789 ἐπιτηδεύματα
1225 4719 1399 4788 λέγει,
1437 4720 1568 4791 περὶ
1609 4720 1645 4774 ἃ.
1674 4721 1930 4775 εἰώθασιν

353 4812 402 4865 οἱ
435 4812 713 4881 ἄνθρωποι
740 4812 1186 4882 κατατρίϐεσθαι.

432 4904 641 4957 Οὐκέτι
675 4906 854 4973 γόμον
885 4904 1154 4972 χρυσοῦ,
1197 4904 1292 4957 καὶ
1329 4904 1400 4956 τὰ
1454 4902 1603 4973 ἑξῆς.
1641 4904 1733 4966 Εἰς
1762 4904 1931 4975 γόμον

354 4996 427 5049 τὰ
452 4995 863 5066 ἐπιτηδεύματα
893 4997 1071 5066 φέρει.
1095 4992 1198 5050 τΩν
1256 4996 1357 5066 τῆς
1386 4995 1675 5066 ἐπικαίρου
1725 4997 1930 5065 ταύτης

354 5088 711 5158 διαῤῥυείσης
759 5087 963 5159 βιοτῆς,
1014 5088 1136 5142 καθ’
1189 5090 1256 5159 ῆν
1312 5088 1408 5141 καὶ
1448 5089 1481 5158 ἠ
1530 5088 1771 5157 ἐμπορία
1821 5088 1931 5143 τῶν

355 5179 806 5250 ἐπιτηδευμάτων
826 5180 886 5233 τὸ
916 5180 1229 5252 ἔμπρακτον
1259 5166 1618 5251 ἀποφέρεται,
1648 5181 1748 5233 οὐκ
1775 5182 1931 5234 ἀπει-

358 5272 456 5336 κὸς
484 5273 545 5326 τὸ
589 5273 781 5335 πένθος
837 5274 1160 5328 ἐπεισιέναι.
1196 5273 1420 5343 Τιμίαις
1447 5272 1502 5325 δὲ
1532 5271 1684 5338 ὕλαις
1712 5276 1831 5337 ταῖς
1870 5277 1930 5329 ἐν

357 5364 440 5433 τῷ
482 5365 671 5435 κόσμῳ
722 5366 847 5430 τοὺς
878 5365 1200 5436 ὲμϐιοῦντας
1246 5364 1393 5435 αὐτῷ
1415 5364 1671 5433 ἐξομοιοῖ,
1703 5366 1930 5438 ἀργύρῳ

364 5456 466 5526 μὲν
483 5457 577 5509 καὶ
609 5459 816 5528 χρυσῷ,
842 5461 963 5521 τοὺς
995 5458 1208 5529 διαρκεῖ
1241 5460 1306 5529 τῇ
1344 5457 1611 5528 καρτερίᾳ
1641 5461 1766 5523 τοὺς
1805 5479 1929 5515 πει·

368 5549 607 5618 ρασμοὺς
640 5550 1009 5619 ὑποφέροντας
1037 5554 1129 5603 τοῦ
1159 5551 1297 5620 βίου,
1327 5550 1422 5604 καὶ
1452 5552 1648 5615 αὐτοὺς
1696 5554 1774 5616 εἰς
1818 5554 1929 5624 πῦρ

362 5639 620 5702 εἰωθότας
672 5641 916 5711 δαπανᾷν
944 5684 959 5707 ,
1011 5645 1060 5695 εἰ
1104 5646 1198 5696 καὶ
1244 5641 1568 5714 κρειττόνων
1612 5642 1785 5697 ἐλπίδι
1841 5646 1927 5698 ὲν-

363 5731 650 5795 αθλοῦντες
697 5734 759 5786 τὸ
803 5733 1081 5806 ἁλώϐητον
1134 5735 1337 5806 ἔχουσι.
1367 5737 1589 5792 Τοιοῦτο
1618 5738 1725 5808 γὰρ
1761 5738 1853 5790 καὶ
1901 5740 1930 5790 ό

367 5824 561 5892 χρυσὸς
597 5825 687 5879 καὶ
719 5827 997 5899 ὁᾶργυρος
1026 5828 1156 5899 πρὸς
1195 5828 1255 5881 τὸ
1294 5816 1479 5885 ἔνυλον
1533 5832 1926 5899 ἀποφαίνονται

2034 4630 2181 4685 luctu
2220 4639 2616 4684 consumantur
2642 4668 2657 4693 ,
2714 4630 2839 4699 quia
2877 4644 3009 4682 onus
3039 4643 3219 4683 eorum
3255 4644 3405 4681 nemo
3457 4639 3610 4682 emet.

2032 4721 2184 4776 Onus
2216 4727 2396 4775 aute‘m
2431 4720 2562 4775 dicit
2590 4720 2848 4775 exercitia
2873 4721 2954 4774 vel
2980 4721 3162 4775 studia
3194 4720 3341 4775 circa
3372 4736 3495 4790 qua:
3525 4737 3616 4775 so-

2032 4814 2143 4868 lent
2177 4813 2428 4868 homines
2478 4812 2736 4867 continue
2771 4812 2976 4867 versari
3010 4821 3065 4867 et
3117 4812 3170 4865 in
3212 4812 3299 4867 bis
3340 4812 3613 4867 consumi.

2104 4906 2267 4976 799
2302 4905 2557 4975 Nonjam
2574 4920 2707 4960 onus
2739 4906 2879 4970 auri,
2906 4914 3010 4959 etc.
3041 4904 3121 4958 Ad
3147 4920 3286 4959 onus
3313 4903 3475 4958 refert
3494 4903 3617 4958 vit-.e

2032 4999 2211 5054 Studia
2237 5038 2251 5061 ,
2286 5000 2353 5051 ad
2407 5013 2528 5067 qua:
2574 4996 2873 5051 verisimile
2902 5005 2988 5051 est
3029 4996 3237 5049 luctum
3276 4993 3489 5063 ingredi
3523 4993 3615 5047 ubi

2033 5091 2346 5155 temporalis
2379 5091 2492 5144 haec
2526 5089 2635 5143 vita
2667 5089 2976 5151 deﬂuxerit,
3014 5089 3078 5143 ad
3116 5102 3276 5156 quam
3312 5086 3614 5156 negotiatio

2032 5180 2202 5236 refert
2249 5180 2545 5236 ellieaciam
2589 5181 2916 5235 studiorum.
2955 5179 3224 5234 Pretiosis
3256 5188 3439 5231 autem
3490 5189 3613 5229 ma-

2032 5272 2184 5327 teriis
2215 5287 2336 5342 qua:
2363 5271 2417 5326 in
2446 5271 2652 5326 mundo
2679 5278 2809 5325 sunt
2846 5271 3117 5326 assimilat
3145 5269 3389 5322 viventes
3425 5266 3479 5319 in
3504 5279 3610 5318 eo:

2032 5374 2255 5435 argento
2297 5364 2521 5435 quidem
2553 5373 2607 5418 et
2639 5377 2811 5431 auro,
2842 5377 2936 5417 eos
2962 5362 3055 5432 qui
3106 5358 3329 5415 assidua
3367 5355 3611 5409 toleran-

2035 5459 2106 5511 tia
2162 5458 2284 5512 vitae
2346 5456 2670 5511 tentationes
2723 5464 2776 5509 et
2825 5455 3147 5510 ainictiones
3196 5450 3498 5510 sustinent,
3548 5460 3613 5500 ac

2034 5554 2247 5621 seipsos
2286 5550 2453 5605 veluti
2499 5549 2567 5604 ad
2614 5550 2794 5620 ignem
2829 5549 3007 5604 solent
3061 5556 3407 5607 consumere,
3440 5554 3610 5610 quan-

2032 5661 2195 5715 quam
2229 5659 2327 5713 spe
2375 5644 2662 5698 meliorum
2710 5651 2978 5698 certantes
3017 5647 3239 5696 servant
3275 5651 3336 5693 sc
3366 5635 3567 5689 illaesos
3596 5648 3613 5687 :

2034 5739 2136 5793 hoc
2188 5738 2336 5791 enim
2399 5736 2562 5790 modo
2605 5745 2659 5789 et
2708 5751 2898 5789 aurum
2947 5743 3003 5789 et
3053 5741 3333 5803 argentum
3371 5726 3440 5782 ab
3486 5726 3611 5794 igne

2034 5827 2301 5884 materiali
2351 5827 2815 5882 demonstrantur.
2879 5825 3066 5893 Lapidi
3111 5839 3241 5879 vero
3290 5819 3529 5880 pretioso
3562 5824 3612 5871 et
