4010 6614
388 360 493 424 7‘31

1224 366 1551 426 ARETHE
1586 363 1963 427 CAESARE/8
1998 363 2480 425 CAPPADOCl/E
2524 363 2865 424 EPISCOI‘I

3528 361 3635 425 732

389 471 720 543 margaritis,
743 485 840 527 eos
868 472 960 543 qui
987 471 1249 528 virtutum
1283 474 1632 544 possessione
1659 488 1754 545 per
1776 482 1962 529 Osten-
1989 522 1993 533 4

2078 470 2197 544 πῦρ.
2228 470 2375 542 Λίθῳ
2405 472 2461 526 δὲ
2489 472 2659 543 τιμίῳ
2710 475 2803 526 καὶ
2849 471 3219 545 μαργαρίταις
3240 512 3254 537 ,
3286 472 3409 534 τοὺς
3438 471 3637 525 ἐπιδει-

391 565 649 619 tationcm
731 564 1069 631 abutuntur,
1146 567 1241 634 qui
1311 567 1515 638 impetu
1586 567 1960 622 calamitatum

387 655 733 724 splendorem
759 656 1135 711 debilitarunt.
1170 656 1342 729 Bysso
1376 672 1508 713 vero
1538 667 1595 713 et
1622 673 1877 728 purpura:
1901 671 1965 710 ac

394 746 497 801 Iilis
539 746 765 812 sericis,
792 762 887 803 eos
915 750 1006 820 qui
1045 750 1148 806 sub
1183 749 1403 805 Christo
1437 751 1697 805 virtutum
1738 749 1965 805 ﬂoribus

390 837 745 892 adornantur.
802 837 1021 910 Ligneis
1071 851 1254 895 autem
1314 840 1461 896 vasis
1510 850 1564 895 et
1614 841 1681 896 iis
1730 856 1851 911 qute
1898 857 1964 896 ex

396 928 542 996 ligno
563 930 964 999 pretiosissimo
994 932 1188 1003 thyino
1211 942 1340 987 sunt
1375 943 1429 987 et
1455 948 1518 987 es
1547 933 1712 987 ebore
1734 943 1787 987 ct
1811 934 1965 987 cina-

398 1036 616 1089 momo,
643 1038 739 1079 eos
767 1024 1183 1097 quiperegrino
1221 1026 1346 1080 vita:
1394 1027 1657 1082 exercitio
1697 1027 1968 1096 vulgoque

399 1114 677 1185 incognito
723 1128 952 1174 utuntur
1004 1137 1017 1173 :
1056 1130 1109 1174 at
1143 1120 1484 1176 manifestata
1523 1121 1789 1177 bonorum
1839 1137 1969 1193 ope-

399 1226 518 1266 rum
552 1215 881 1270 suavissima
916 1215 1273 1287 lumigatione
1322 1219 1662 1289 spiritunlem
1693 1221 1969 1289 accipiunt

396 1304 659 1367 laetitiam,
700 1306 957 1375 majorem
990 1322 1154 1375 quam
1185 1308 1291 1364 diei
1316 1310 1514 1380 possit,
1555 1311 1828 1380 simulque
1871 1326 1970 1366 nec

398 1393 508 1462 igni
544 1394 761 1448 invidiae
798 1397 1049 1451 consumi
1088 1409 1349 1468 possunt,
1379 1401 1839 1471 quemadmodum
1873 1417 1969 1456 ne-

393 1500 500 1555 que
527 1486 897 1542 cinamomum
931 1489 1040 1559 igni
1074 1492 1363 1545 materiali.
1405 1491 1575 1548 Porro
1602 1493 1695 1548 aeri
1724 1502 1778 1549 et
1822 1494 1969 1549 ferro

394 1592 458 1631 ac
492 1580 786 1645 marmori,
824 1580 948 1637 illos
990 1583 1083 1652 qui
1116 1598 1252 1637 auro
1294 1584 1512 1653 quidem
1556 1586 1765 1641 similes
1805 1596 1970 1655 sunt,

396 1668 488 1723 sed
517 1670 699 1725 nothis
729 1686 794 1726 ac
842 1673 1143 1743 illegitimis
1189 1683 1418 1730 utuntur
1446 1676 1672 1743 divitiis,
1706 1680 1970 1748 quemad-

399 1761 620 1816 modum
644 1763 808 1817 etiam
835 1762 1039 1819 ferrum
1069 1766 1411 1834 splendorem
1438 1768 1621 1833 habet,
1651 1779 1705 1823 et
1727 1783 1969 1824 marmor

400 1853 733 1919 ﬁrmitatem,
764 1872 998 1926 quorum
1029 1859 1274 1914 omnium
1324 1860 1467 1930 ignis
1498 1861 1816 1931 probativus
1858 1870 1965 1927 est,

397 1955 451 1999 et
486 1945 559 2000 ita
610 1962 704 2017 per
751 1948 929 2018 ignem
981 1950 1224 2019 praebent
1272 1953 1356 2007 sui
1397 1953 1797 2022 probationem.
1833 1953 1970 2010 Oleo

399 2051 529 2090 vero
561 2053 625 2092 ac
660 2038 787 2093 vino
813 2050 866 2095 et
897 2041 1089 2097 simila:
1118 2057 1185 2098 ac
1215 2044 1417 2111 tritico,
1452 2044 1573 2102 illos
1609 2046 1703 2116 qui
1733 2046 1785 2101 in
1829 2048 1970 2102 hila-

400 2129 558 2185 ritate
600 2146 663 2185 ac
689 2130 934 2201 jttcundo
975 2134 1171 2189 animm
1209 2146 1353 2191 statu
1385 2138 1507 2192 vita:
1554 2138 1776 2209 pelagus
1818 2140 1971 2211 traji-

397 2216 571 2271 ciunt.
614 2215 822 2275 Ovibus
871 2231 1053 2276 autem
1110 2238 1175 2279 ac
1208 2224 1472 2295 iumentis
1510 2228 1890 2285 assimilentnr
1919 2230 1972 2285 Ιιί

398 2306 491 2375 qui
529 2308 794 2365 immensa
828 2310 923 2366 Dei
962 2314 1363 2381 misericordia,
1397 2327 1456 2373 ut
1499 2319 1578 2374 ait
1622 2319 1788 2376 David
1812 2363 1826 2386 ,
1867 2322 1975 2377 sal-

398 2409 619 2455 vantur.
656 2402 826 2474 Equis
865 2419 997 2459 vero
1040 2413 1095 2461 ct
1148 2408 1417 2464 vehiculis
1465 2425 1558 2480 per
1608 2411 1707 2468 hos
1756 2414 1973 2479 tractis,

397 2503 523 2555 quae
560 2492 729 2546 veteri
765 2508 897 2549 voce
925 2494 1159 2567 ἇγγαροι
1204 2497 1548 2568 dicebantur,
1582 2501 1755 2560 Graeci
1793 2517 1973 2561 autem

399 2578 692 2649 δημοσίους
724 2583 1136 2656 ίπποστάθμους
1159 2590 1457 2658 appellant,
1485 2592 1675 2650 Latina
1713 2612 1840 2652 vero
1873 2614 1975 2654 vos

400 2678 485 2724 est
520 2671 708 2738 rheda,
739 2674 885 2730 unde
937 2688 990 2732 et
1047 2680 1491 2737 rbedarius'trita
1538 2685 1702 2741 dictio
1724 2696 1828 2753 est,
1857 2689 1978 2746 ideo

402 2777 623 2833 quoque
660 2765 749 2820 bic
803 2767 973 2823 dictio
1016 2770 1310 2827 rltedarum
1356 2786 1634 2847 assumpta
1682 2788 1799 2846 est,
1854 2781 1978 2838 illos

404 2856 714 2922 signiﬁcare
745 2860 861 2913 Vult
892 2860 985 2927 qui
1014 2860 1156 2916 viam
1186 2865 1567 2922 mandatorum
1610 2868 1824 2927 Domini
1854 2888 1979 2929 cur-

402 2957 618 3016 rentes,
653 2950 783 3023 ipsis
818 2955 1079 3025 operibus
1117 2956 1350 3015 Domino
1382 2960 1697 3019 decantant.

2065 565 2267 630 κτικῶς
2310 567 2378 636 τῇ
2426 568 2547 619 κατ’
2567 566 2772 638 ἀρετὴν
2801 566 2992 636 κτήσει
3021 565 3466 636 ἁποχρωμένους,
3499 566 3548 618 οῖ
3567 567 3633 636 τῇ

2066 658 2176 711 τῶν
2192 658 2571 729 περιστάσεων
2592 659 2764 729 ἐφόδῳ
2785 659 2846 711 τὸ
2863 657 3116 729 λαμπρὸν
3143 656 3509 728 ἀπημσλὺνθη
3518 676 3614 713 σαν

2066 748 2258 819 Βύσσῳ
2272 750 2328 803 δὲ
2343 750 2439 803 καὶ
2450 749 2707 821 πορφύρᾳ
2724 750 2817 803 καὶ
2827 752 2936 813 τοῖς
2953 750 3061 803 ἀπὸ
3076 749 3259 821 σηρῶν
3274 750 3338 821 νή
3347 765 3500 818 μασι,
3511 751 3637 812 τοὺς

2067 840 2162 894 ἐπὶ
2190 840 2411 911 Χριστῷ
2437 840 2514 911 τῷ
2546 840 2696 895 ἄνθει
2727 840 2836 896 τῶν
2864 842 3276 913 ἐπαινουμένων
3302 841 3636 911 καλλυνομέο

2066 950 2208 996 νους.
2228 933 2471 997 Ξυλίνοις
2498 933 2556 986 δὲ
2580 934 2801 987 σκεύεσι
2819 934 3040 996 καὶτοῖς
3057 935 3123 987 ἐκ
3152 933 3310 998 ξύλου
3329 933 3425 986 τοῦ
3445 948 3637 1003 τιμιω-

2066 1024 2232 1079 τάτου
2277 1025 2461 1079 θυῖνου
2506 1026 2602 1079 καὶ
2653 1025 2952 1095 ἐλέφαντος
2982 1025 3079 1079 καὶ
3123 1025 3467 1096 κιναμώμου,
3512 1026 3640 1087 τοὺς

2068 1117 2455 1190 ἀποξενωμένῃ
2488 1120 2553 1189 τῇ
2577 1118 2671 1172 τοῦ
2703 1117 2821 1189 βίου
2860 1120 3093 1184 ἀσκήσει
3129 1120 3227 1172 καὶ
3264 1120 3377 1181 τοῖς
3425 1117 3640 1179 πολλοῖς

2068 1208 2418 1277 ἀνεπιφάντῳ
2470 1209 2875 1280 χρησαμένους,
2949 1209 3357 1280 φανερωθέντος
3412 1208 3470 1262 δὲ
3543 1208 3637 1262 τοῦ

2068 1298 2287 1367 ἡδίστου
2312 1300 2486 1370 ἀτμοῦ
2512 1300 2621 1353 τῶν
2654 1301 3116 1371 κατορθωμάτων,
3148 1300 3488 1370 εὐφροσύνην
3531 1300 3639 1353 οὐδ’

2069 1391 2202 1461 ὅσην
2232 1391 2407 1444 εἰπεῖν
2450 1390 2860 1455 καταλαϐόντας
2900 1393 3282 1464 πνευματικὴν
3304 1432 3320 1459 ,
3380 1392 3517 1461 μετὰ
3545 1390 3640 1443 τοῦ

2073 1484 2209 1555 μηδὲ
2248 1484 2384 1555 πυρὶ
2424 1484 2620 1554 φθόνου
2662 1484 2867 1540 ἁλῶναι
2892 1487 3041 1550 οἴους
3078 1501 3140 1540 τε
3173 1482 3334 1551 εἶναι,
3386 1485 3466 1549 ὡς
3522 1484 3643 1539 οὐδὲ

2072 1575 2206 1645 πυρὶ
2230 1574 2308 1645 τῷ
2336 1574 2506 1646 ὲνύλῳ
2556 1576 2895 1645 κινάμωμον.
2944 1576 3146 1647 Χαλκῷ
3182 1576 3240 1630 δὲ
3291 1575 3387 1629 καὶ
3442 1575 3645 1647 σιδήρῳ

2072 1668 2167 1720 καὶ
2197 1668 2493 1738 μαρμάρῳ,
2520 1667 2650 1731 τοὺς
2687 1668 3019 1739 χρυσοειδεῖς
3072 1668 3196 1740 μὲν,
3238 1669 3381 1739 νόθῳ
3409 1670 3465 1723 δὲ
3497 1685 3641 1740 χρω-

2078 1759 2270 1827 μένους
2302 1757 2381 1828 τῷ
2412 1757 2650 1829 πλούτῳ,
2674 1758 2751 1822 ώς
2784 1761 2880 1811 καὶ
2904 1760 3121 1829 σίδηρος
3139 1760 3204 1813 τὺ
3229 1760 3505 1827 στιλπνὸν,
3550 1761 3645 1813 καὶ

2076 1851 2368 1922 μάρμαρον
2401 1850 2462 1903 τὸ
2493 1851 2741 1922 στερρὸν,
2787 1844 2865 1904 ὧν
2919 1851 3176 1906 ἁπάντων
3222 1852 3286 1906 τὸ
3342 1851 3456 1923 πῦρ
3503 1852 3646 1906 δοκι-

2076 1941 2359 2010 μαστικόν.
2394 1942 2504 1995 Καὶ
2533 1940 2679 1995 οῦτω
2710 1944 2808 2011 μὲν
2841 1943 2910 1997 τὰ
2957 1943 3045 1997 διὰ
3070 1944 3245 2016 πυρὸς
3300 1944 3363 1997 τὸ
3403 1944 3647 2015 δοκίμων

2074 2031 2441 2102 παρεχόμενα.
2486 2032 2681 2105 Ἐλαίῳ
2724 2032 2779 2087 δὲ
2819 2035 2913 2088 καὶ
2944 2035 3075 2105 οῐνῳ
3117 2036 3209 2089 καὶ
3246 2036 3526 2106 σεμιδάλει
3553 2036 3647 2089 καὶ

2075 2122 2227 2194 σίτῳ,
2252 2126 2380 2188 τοὺς
2410 2125 2469 2179 ἐν
2504 2124 2781 2197 ἱλαρότητι
2832 2127 2928 2180 καὶ
2990 2126 3212 2198 εὔφρονι
3266 2128 3646 2197 καταστήματι

2072 2214 2254 2286 ψυχῆς
2288 2216 2352 2270 τὸ
2396 2216 2492 2270 τοῦ
2520 2216 2635 2287 βίου
2665 2218 2903 2286 πέλαγος
2948 2218 3393 2289 διανηχομένους.
3432 2219 3645 2291 H9064-

2074 2306 2266 2371 τοιςδὶ
2297 2308 2391 2360 καὶ
2418 2308 2641 2379 κτήνεσι
2673 2309 3077 2381 παραϐληθεῖεν
3129 2310 3180 2362 οῖ
3237 2310 3319 2381 τῷ
3370 2308 3465 2363 τοῦ
3510 2310 3647 2363 Θεοῦ

2076 2398 2468 2470 ἁπειροπληθεῖ
2515 2398 2686 2471 ἐλέῳ,
2740 2396 2974 2474 ᾖφησιν
3025 2402 3055 2455 ό
3082 2401 3266 2466 Δαυῖδ,
3324 2398 3643 2471 σωζόμενοι.

2078 2489 2294 2554 Ἵπποις
2337 2490 2394 2544 δι
2450 2491 2547 2544 καὶ
2576 2494 2686 2557 τοῖς
2712 2491 2802 2545 διὰ
2828 2491 3035 2545 τούτων
3064 2491 3305 2562 ὀχήμασι
3330 2530 3347 2554 ,
3395 2490 3433 2545 ἃ.
3463 2493 3497 2562 ή
3544 2507 3648 2544 πα-

2076 2581 2203 2636 λαιὰ
2231 2583 2330 2653 μὲν
2359 2585 2509 2657 φωνὴ
2552 2583 2852 2655 ἀγγάρους,
2913 2585 2946 2654 ή
2994 2583 3052 2637 δὲ
3093 2584 3204 2637 τῶν
3244 2582 3514 2654 Ἐλλήνων
3559 2582 3650 2653 δη·

2081 2674 2300 2747 μοσίους
2332 2674 2744 2745 ίπποστάθμους
2769 2716 2785 2743 ,
2832 2676 2866 2747 ἠ
2900 2676 2957 2729 δὲ
2986 2675 3097 2729 τῶν
3139 2675 3427 2746 Ῥωμαίων
3454 2675 3607 2746 ραίδη
3631 2714 3651 2730 .

2078 2768 2170 2836 ἀφ’
2189 2762 2251 2822 οῦ
2274 2767 2448 2820 καὶτὸ
2482 2766 2759 2838 ραιδάριος
2807 2767 3118 2837 τέτριπται,
3174 2766 3255 2821 διὸ
3286 2765 3565 2820 κάνταῦθα
3590 2766 3650 2819 τὸ

2083 2859 2279 2930 pasz
2321 2840 2733 2929 παρείληπται,
2784 2858 3031 2923 ἐκείνους
3046 2857 3245 2931 δηλοῦν
3289 2857 3538 2928 βούλεται
3598 2858 3651 2912 οῖ

2080 2954 2180 3025 τὴν
2226 2952 2346 3007 ὁδὸν
2375 2952 2484 3006 τῶν
2527 2952 2761 3006 ἐντολῶν
2818 2968 2912 3006 σου
2963 2952 3265 3025 δραμόντες
3326 2951 3648 3023 πρακτικῶς

2081 3043 2494 3114 ᾁσματίζουσιν.

475 3128 540 3183 Et
593 3139 794 3200 tempus
856 3132 1129 3190 desiderii.
1196 3135 1262 3191 Ἠ
1319 3136 1514 3212 ὀπώρα
1570 3156 1636 3196 ex
1699 3146 1977 3200 communi

2149 3136 2318 3205 Καίὴ
2358 3134 2559 3205 ὀπώρα
2583 3134 2693 3204 τῆς
2719 3136 3053 3206 ἐπιθυμίας.
3123 3135 3380 3209 Ὀπώραν
3430 3138 3525 3190 καὶ
3561 3135 3655 3189 τὸν

401 3225 802 3281 consuetudine
829 3228 973 3282 sumi
999 3230 1137 3284 solet
1162 3246 1260 3300 pro
1289 3242 1535 3304 tempore
1570 3236 1685 3291 sive
1718 3238 1981 3308 temporis

403 3315 835 3383 opportunitate.
889 3316 1161 3384 Quoniam
1213 3321 1379 3392 igitur
1431 3339 1461 3378 a
1521 3326 1871 3396 corruptione
1914 3327 1982 3383 ad

404 3403 875 3476 incorruptionem
927 3409 1288 3467 infallibiliter
1360 3422 1653 3471 transeunt
1707 3417 1981 3485 humana,

404 3496 573 3565 800
605 3508 751 3553 certe
789 3500 957 3555 etiam
986 3518 1107 3572 qua:
1139 3505 1205 3558 ad
1237 3508 1640 3576 corruptionem
1684 3509 1978 3573 declinant,

403 3589 569 3643 simul
626 3606 656 3646 e
711 3593 890 3648 medio
945 3594 1181 3659 sublata,
1216 3596 1269 3651 in
1329 3606 1499 3653 totum
1542 3598 1818 3655 deﬁcient.
1868 3599 1985 3656 lioe

405 3694 589 3739 autem
622 3687 675 3740 in
718 3687 941 3743 civitate
987 3706 1110 3758 quae
1149 3691 1327 3746 adhuc
1370 3693 1424 3747 in
1464 3693 1720 3762 praesenti
1762 3693 1983 3764 conspi-

404 3776 550 3830 citur
600 3779 937 3847 impossibile
983 3791 1066 3836 est
1093 3782 1427 3854 contingere.
1469 3784 1748 3855 Siquidem
1784 3799 1982 3842 secun-

404 3868 534 3922 dum
570 3871 742 3939 magis
768 3882 822 3926 et
864 3873 1049 3929 minus
1081 3891 1241 3930 nemo
1281 3877 1471 3932 abnuit
1504 3876 1637 3947 qttin
1681 3878 1981 3953 contingat,

404 3958 460 4013 in
500 3968 671 4013 totum
708 3976 835 4014 vero
866 3978 1233 4033 nequaquam.

478 4048 681 4117 XVIII,
741 4052 919 4109 15-19.
980 4051 1349 4124 Negatiatores
1400 4059 1589 4114 harum
1629 4077 1838 4128 rerum,
1889 4064 1981 4134 qui

406 4140 590 4195 divites
621 4143 752 4211 {acti
781 4154 902 4199 sunt
960 4146 1025 4199 ab
1066 4161 1149 4212 ea,
1202 4150 1352 4219 longe
1395 4151 1613 4206 stabunt
1650 4166 1863 4224 propter
1907 4158 1979 4210 ti-

404 4248 604 4287 morem
632 4238 877 4292 tormenti
906 4240 1040 4308 ejus,
1069 4240 1251 4308 ﬂentes
1283 4253 1332 4297 et
1364 4244 1597 4315 lugentes
1626 4264 1688 4300 ac
1707 4248 1936 4304 dicentes
1959 4264 1979 4304 :

417 4323 528 4387 γω,
567 4340 662 4391 me,
708 4326 892 4383 civitas
926 4330 1023 4384 illa
1065 4348 1256 4401 magna
1285 4350 1401 4405 qua:
1430 4338 1630 4392 amicta
1673 4350 1787 4393 erat
1824 4340 1979 4410 bysso

404 4424 452 4468 et
484 4429 719 4485 purpura
750 4429 800 4473 et
834 4437 1004 4486 cocco,
1037 4434 1086 4477 et
1116 4424 1375 4481 deaurata
1411 4444 1542 4483 auro
1570 4438 1621 4482 et
1655 4429 1833 4500 lapide
1860 4446 1977 4498 pre-

2082 3227 2272 3296 καιρὸν
2313 3221 2423 3280 οἶδε
2478 3225 2662 3280 καλεῖν
2712 3229 2746 3298 ή
2801 3228 3081 3297 συνήθεια.
3126 3227 3283 3280 Ἐπεὶ
3319 3227 3500 3280 τοίνυν
3546 3227 3656 3280 sua

2078 3321 2179 3387 τῆς
2207 3318 2414 3391 φθορᾶς
2434 3322 2517 3384 είς
2548 3320 2863 3392 ἀφθαρσίαν
2901 3323 3213 3393 μεταχωρεῖ
3232 3320 3303 3375 τὰ
3337 3320 3653 3392 ἀνθρώπινα

2080 3410 2565 3481 ἁπαραλογίστως,
2599 3412 2709 3481 ἄρα
2748 3410 2843 3464 καὶ
2869 3410 2939 3463 τὰ
2988 3411 3125 3483 πρὸς
3175 3411 3383 3483 φθορὰν
3430 3410 3653 3465 ἀποκλί-

2080 3518 2260 3566 νοντα,
2296 3500 2637 3571 συνεκλείψει
2662 3501 3028 3569 ἁφανισθὲντα
3059 3503 3140 3565 είς
3188 3502 3353 3556 ἅπαν.
3385 3500 3554 3555 Τοῦτο
3596 3501 3653 3554 δὲ

2080 3594 2174 3646 ἐπὶ
2202 3593 2413 3657 πόλεως
2475 3593 2558 3647 ἔτι
2624 3595 2686 3647 ὲν
2742 3592 2822 3663 τῷ
2887 3593 3145 3647 ἐνεστῶτι
3213 3593 3653 3664 ενθεωρουμίνης

2082 3684 2355 3754 συμδῆναι
2402 3684 2688 3740 ἀδύνατον.
2734 3685 2894 3740 Κατὰ
2924 3686 3024 3756 μὲν
3066 3685 3175 3757 γὰρ
3195 3686 3256 3739 τὸ
3301 3686 3504 3756 μᾶλλον
3560 3686 3655 3739 καὶ

2081 3768 2265 3845 ἦττον,
2294 3776 2472 3842 οὐδεὶς
2503 3777 2755 3832 ἀντείποι
2784 3777 2861 3849 μὴ
2890 3778 3191 3849 συμϐῆναι,
3215 3779 3359 3832 κατὰ
3384 3777 3444 3831 δὲ
3475 3777 3538 3832 τὸ
3564 3777 3647 3842 είς

2081 3868 2250 3933 ἅπαν,
2278 3867 2364 3924 οῦ.

2146 4048 2212 4100 Ol
2236 4046 2480 4117 ἔμποροι
2507 4048 2753 4112 τούτων,
2769 4050 2823 4102 oi
2840 4048 3299 4116 πλουτήσαντες
3318 4049 3418 4104 ἀπ’
3440 4046 3650 4117 αὐτῆς,

2080 4138 2201 4195 ἀπὸ
2215 4141 2517 4210 μακρόθεν
2543 4140 2879 4207 στήσονται
2910 4142 3010 4196 διὰ
3040 4142 3149 4197 τὸν
3189 4144 3380 4212 φόϐον
3408 4141 3514 4196 τοῦ
3541 4142 3654 4206 ,βα-

2081 4234 2384 4303 σανισμοῦ
2409 4234 2600 4300 αὐτῆς
2647 4236 2985 4301 κλαίοντες,
3026 4235 3125 4290 καί
3161 4235 3524 4302 πενθοῦντες
3555 4232 3652 4289 καί

2078 4325 2381 4393 λέγοντες
2420 4326 2588 4389 οὐαί,
2624 4326 2782 4390 οὐαί,
2809 4327 2848 4393 ἡ
2868 4328 3044 4393 πόλις
3069 4328 3108 4395 ἠ
3135 4325 3392 4397 μεγάλη,
3423 4328 3464 4394 ἡ
3493 4341 3656 4394 περι-

2082 4413 2412 4483 ϐεϐλημένη
2442 4416 2773 4483 βύσσινον,
2826 4419 2925 4472 καί
2964 4419 3317 4489 πορφυροῦν
3346 4421 3650 4479 κόκκινον,

408 4509 545 4562 tioso
597 4521 644 4562 et
689 4515 1024 4581 margaritis,
1086 4522 1210 4586 quia
1251 4536 1355 4573 una
1398 4520 1538 4575 'l‘tora
1588 4521 1845 4577 destituta
1903 4536 1982 4581 est

2087 4506 2185 4563 καὶ
2240 4508 2663 4578 κεχρυσωμένη
2716 4512 2946 4579 χρυσίῳ
2981 4512 3079 4565 και
3131 4513 3278 4576 λίθῳ
3312 4510 3502 4579 τιμίῳ,
3555 4509 3654 4563 καὶ

408 4602 574 4656 tantis
614 4603 834 4659 divitiis.
889 4604 952 4659 Et
1003 4611 1171 4662 omnis
1212 4613 1550 4680 gubernator,
1591 4622 1640 4667 et
1685 4616 1855 4670 omnis
1893 4619 1982 4686 qui

410 4693 465 4743 in
510 4692 729 4747 navibus
769 4697 1068 4765 navigabat,
1100 4710 1149 4753 et
1179 4714 1355 4755 nauta:
1381 4713 1428 4757 et
1469 4713 1723 4775 quotquot
1764 4707 1818 4759 in
1845 4709 1983 4763 mari

408 4780 785 4847 nperabanlur,
837 4796 1097 4843 steterunt
1152 4794 1339 4859 procul
1387 4803 1437 4848 et
1495 4796 1858 4852 clamauerunt
1905 4801 1984 4854 vi-

410 4873 590 4927 dentes
626 4876 830 4943 fumum
875 4882 1105 4935 incendii
1134 4884 1282 4953 ejus,
1313 4885 1543 4941 dicentes
1584 4902 1603 4942 .'
1638 4888 1765 4953 Qua:
1793 4891 1982 4947 similis

406 4967 614 5020 civitati
657 4970 778 5023 huic
827 4977 1077 5044 magum?
1134 4975 1201 5029 Et
1251 4979 1504 5032 miserunt
1534 4980 1795 5048 pulverem
1830 4999 1985 5052 super

410 5059 590 5127 capita
638 5077 758 5128 sua,
808 5074 858 5119 et
907 5068 1264 5123 clamarerunt
1322 5071 1505 5139 ﬂentes
1552 5081 1601 5126 et
1640 5072 1873 5144 lugentes
1923 5091 1983 5129 ac

409 5152 641 5209 dicentes
670 5170 689 5208 :
723 5154 833 5224 ινα»,
868 5174 961 5225 vae,
990 5160 1175 5215 civitas
1206 5161 1303 5214 illa
1333 5176 1545 5232 magna,
1583 5163 1638 5217 in
1667 5180 1770 5234 qua
1798 5164 1982 5222 divites

409 5247 543 5315 facti
566 5260 688 5303 sunt
718 5268 894 5307 omnes
927 5255 1017 5321 qui
1046 5253 1306 5309 habebant
1332 5271 1486 5310 naves
1513 5258 1568 5311 in
1606 5259 1744 5313 mari
1768 5252 1832 5313 de
1862 5275 1984 5330 pre-

407 5340 488 5393 tio
517 5340 653 5410 ejus,
683 5345 936 5410 quoniam
962 5361 1069 5400 una
1100 5344 1231 5400 hora
1258 5348 1499 5403 desolata
1528 5359 1626 5404 est.

493 5609 869 5683 Negotiatores
897 5614 1230 5687 intelligendi
1265 5627 1395 5673 sunt
1430 5616 1627 5673 divina:
1657 5626 1981 5688 potestates,

417 5719 512 5760 aut
561 5708 834 5764 daemones
888 5720 1241 5780 cooperantcs
1299 5725 1407 5765 una
1449 5725 1571 5766 cum
1607 5709 1761 5765 coalis
1818 5709 1884 5763 ad
1934 5710 1985 5764 id

410 5800 562 5870 quod
595 5800 792 5874 cuique
822 5803 1137 5861 delectabile
1165 5814 1267 5862 est.
1304 5804 1531 5860 Eminus
1572 5812 1755 5860 autem
1786 5803 1983 5874 cuique

2083 4600 2498 4669 μαργαρίταιςο
2557 4601 2647 4656 ὅτι
2678 4597 2785 4673 μιᾷ
2812 4602 2934 4673 ὥρᾳ
2960 4604 3242 4672 ἠρημώθη
3292 4606 3325 4658 ό
3365 4602 3657 4667 τοσοῦτος

2084 4691 2368 4759 πλοῦτος.
2395 4693 2503 4747 Kal
2526 4693 2647 4761 πᾶς
2685 4696 3088 4765 κυϐερνήτης,
3128 4698 3225 4751 καὶ
3260 4693 3382 4759 πᾶς
3416 4690 3658 4747 ἐπὶτῶν

2084 4785 2313 4838 πλοίων
2338 4785 2561 4849 πλέων,
2596 4786 2693 4841 καί
2738 4788 2951 4841 ναῦται
2972 4789 3068 4841 καί
3099 4788 3233 4843 ὅσοι
3280 4787 3396 4856 τὴν
3431 4785 3659 4843 θάλασ-

2084 4891 2207 4928 σαν
2240 4874 2581 4946 ἐργάζονται
2601 4916 2618 4940 ,
2677 4876 2798 4931 ἀπὸ
2840 4880 3144 4947 μακρόθεν
3194 4880 3494 4946 ἔστησαν,
3558 4876 3655 4931 καί

2083 4968 2347 5035 ἔκραζον,
2379 4969 2721 5035 ,βλέποντες
2757 4968 2864 5023 τὸν
2920 4973 3157 5025 καπνόν
3198 4968 3308 5039 τῆς
3338 4969 3661 5039 πυρώσεως

2077 5060 2619 5143 ἀὐτῆς,λέτονζεςο
2665 5063 2759 5129 Τίς
2780 5063 2952 5132 όμοια
2985 5062 3063 5132 τῇ
3095 5065 3269 5117 πόλει
3296 5061 3368 5129 τῇ
3396 5058 3659 5131 μετάλῃὶ

2086 5156 2193 5210 Kal
2225 5156 2446 5210 ἔϐαλον
2483 5155 2635 5225 χοῦν
2663 5155 2763 5210 ἐπὶ
2808 5155 2918 5221 τὰς
2969 5156 3238 5225 κεφαλὰς
3269 5156 3350 5209 αὑ
3366 5152 3502 5215 τῶν,
3559 5149 3658 5205 καί

2085 5245 2331 5316 ἔκραζον
2360 5250 2673 5314 κλαίοντες
2688 5246 2786 5301 καί
2817 5246 3180 5313 πενθοῦντες
3209 5246 3307 5300 και
3333 5246 3617 5314 λέγοντες
3641 5260 3654 5273 ·

2081 5342 2249 5406 Οὐαὶ,
2285 5342 2440 5406 οὐαί,
2474 5341 2516 5409 ἡ
2574 5345 2753 5409 πόλις
2784 5343 2823 5411 ἠ
2863 5340 3120 5412 μεγάλη,
3165 5341 3235 5395 ἐν
3272 5335 3311 5412 ᾗ
3361 5338 3658 5404 ἐπλούτη-

2086 5448 2208 5488 σαν
2254 5432 2478 5500 πάντες
2504 5436 2559 5487 οί
2593 5435 2839 5503 ἔχοντες
2863 5432 3048 5487 πλοῖα
3077 5432 3149 5486 ἐν
3174 5430 3249 5501 τῇ
3280 5434 3562 5499 θαλάσσῃ
3589 5429 3659 5483 ἐκ

2088 5526 2198 5595 τῆς
2233 5529 2564 5597 τιμιότητος
2582 5526 2789 5595 αὐτῆς,
2816 5524 2906 5580 ὅτι
2928 5525 3036 5596 μιᾷ
3059 5526 3181 5597 ὥρᾳ
3216 5524 3514 5595 ἠρημώθη.

2173 5620 2482 5690 Ἐμπόρους
2517 5619 2776 5685 δυνάμεις
2811 5617 2986 5683 θείας,
3015 5619 3047 5688 ἢ
3093 5619 3355 5688 δαίμονας
3413 5616 3654 5685 νοητέον,

2090 5714 2139 5766 οἳ
2174 5711 2427 5783 συνεργοὶ
2456 5715 2570 5775 τοῖς
2603 5714 2871 5782 οὐρανοῖς,
2917 5712 3053 5781 πρὸς
3092 5711 3227 5779 ὅπερ
3257 5710 3551 5779 ἑκατέρους
3595 5706 3658 5759 τὸ

2093 5806 2446 5876 καταθύμιον.
2471 5805 2762 5877 Πόρρωθεν
2793 5805 2849 5858 δὲ
2884 5804 3092 5869 τούτοις
3121 5802 3412 5873 ἑκατέραή
3446 5802 3654 5864 στάσις,
