4046 6600
384 378 489 441 733

1438 386 1821 449 COMMENT.
1867 388 1946 448 IN
1987 388 2513 449 APOCALYPSIN.

3527 384 3631 449 734

384 490 543 559 φησὶ,
579 488 668 544 διὰ
693 487 785 543 τὸν
810 489 995 559 φζὸον.
1032 491 1172 544 Ἀλλ’
1198 491 1421 560 ἄγγελοι
1454 494 1587 563 μὲν,
1629 494 1718 549 διὰ
1749 496 1809 548 τὸ
1860 495 1951 548 τοῦ

2063 497 2257 550 horum
2311 494 2629 565 assignatur
2686 493 2850 549 statio
2910 502 3135 564 propter
3190 493 3482 559 timorem,
3536 497 3631 550 sed

388 581 572 652 κριτοῦ
604 582 894 651 αὐστηρὸν.
920 583 1057 652 ὅπερ
1095 584 1129 652 ή
1168 583 1277 635 τῶν
1318 585 1659 655 ἁμαρτωλῶν
1704 586 1957 641 ἀπείθεια

388 673 806 742 προευπόρισεν.
860 673 963 725 Τὸν
1016 673 1182 742 (ρόὸον
1229 674 1287 727 δὲ
1320 678 1432 738 τοῖς
1470 676 1720 744 δαίμοσιν
1770 678 1813 746 ή,
1841 693 1958 731 κοι-

384 766 551 820 νωνία
577 766 685 819 τῶν
716 765 1057 837 ἁμαρτωλῶν
1082 766 1182 836 τῆς
1211 768 1482 838 τιμωρίας
1512 769 1825 840 ᾶμποιήσει.

456 945 625 1008 Οὐαὶ,
669 944 824 1011 οὐαὶ,
875 946 913 1014 ἡ
948 947 1127 1013 πόλις
1158 949 1194 1016 ἡ
1243 948 1499 1019 μεγάλη,
1546 951 1583 1018 ἡ
1615 953 1959 1021 περιϐεϐλη-

383 1036 535 1104 μένη
555 1039 889 1102 βύσσινον.
934 1039 1066 1093 Ἀπὸ
1093 1039 1200 1093 τῶν
1223 1042 1515 1112 γνωρίμων
1538 1042 1645 1095 τῶν
1674 1045 1959 1113 ὲφυστερι-

384 1130 586 1194 ἰόντων
640 1131 995 1201 παρεχειτήν
1045 1132 1268 1201 γνῶσιν.
1332 1134 1485 1186 Ἐπεὶ
1536 1129 1629 1187 οῦν
1680 1133 1956 1206 γνώριμος

385 1223 661 1289 Βαϐυλὼν,
688 1223 866 1295 πολλῷ
898 1224 1232 1296 ὲξυὸρίσασα
1262 1224 1496 1296 πλούτῳ,
1549 1226 1641 1280 ὑπ’
1679 1226 1803 1297 θίξιν
1832 1226 1959 1296 ἄγει

383 1316 448 1367 τὰ
479 1314 649 1382 πάθη,
682 1314 771 1368 διὰ
790 1314 883 1368 τοῦ
930 1314 1018 1369 ἐπ’
1051 1316 1187 1387 αὐτῇ
1221 1315 1491 1386 βασιλείου
1516 1317 1729 1388 θρόνου,
1762 1317 1824 1371 τὸ
1868 1318 1959 1386 μέ-

384 1402 542 1467 γεθος
573 1404 906 1473 ὑπογράφων
935 1403 1035 1473 τῆς
1091 1405 1398 1475 συμφορᾶς.
1434 1407 1543 1460 Καὶ
1575 1408 1636 1460 οὐ
1671 1406 1831 1476 μόνον
1877 1406 1956 1477 τῷ

383 1493 597 1565 πλούτῳ
628 1496 865 1567 παριστᾷ
894 1498 989 1550 καὶ¹
1015 1499 1081 1566 τῇ
1118 1496 1308 1549 τούτου
1339 1496 1586 1569 ἀπωλείᾳ
1624 1498 1684 1551 τὸ
1715 1497 1909 1562 πένθος
1937 1537 1953 1561 ,

382 1587 635 1642 ἀλλὰκαὶ
682 1589 759 1659 τῷ
810 1590 963 1659 τάχει
1016 1588 1115 1659 τῆς
1149 1588 1468 1661 διαφθορᾶς,
1523 1590 1614 1643 τὸν
1648 1590 1709 1656 ἐξ
1760 1591 1956 1655 αἰῶνος

382 1678 611 1733 πλοῦτον
645 1680 855 1751 ἡμέρας
913 1679 1174 1751 βραχείας
1229 1679 1308 1750 τῷ
1356 1681 1684 1752 διαστήματι
1739 1682 1954 1736 ἀποὶω-

382 1771 629 1826 λεκυῖαν.
672 1772 736 1825 Ἤ
767 1772 874 1843 γὰρ
901 1772 993 1824 τοῦ
1035 1772 1240 1840 Κυρίου
1267 1770 1495 1842 δευτέρα
1546 1773 1841 1844 παρουσία,
1878 1775 1954 1837 ὼς

2060 588 2265 658 angelis
2308 586 2529 655 quidem
2570 594 2791 656 propter
2829 585 3033 654 iudicis
3084 584 3424 640 severitatem
3466 600 3630 654 quam

2058 688 2411 749 peccatorum
2452 675 2810 731 incredulitas
2858 677 3186 746 praeparavit
3233 693 3247 729 :
3293 674 3631 729 darmonibus

2057 785 2188 826 vero
2229 770 2480 825 timorem
2517 768 2771 823 immittet
2816 767 3162 838 participatio
3209 766 3463 838 supplicii
3508 781 3629 837 pec-

2058 871 2331 918 calorum.

2134 954 2261 1022 γω,
2318 970 2429 1018 vc,
2487 952 2674 1007 civitas
2713 949 2809 1004 illa
2863 966 3055 1019 magna
3115 966 3231 1020 qua
3277 950 3475 1003 amicta
3517 958 3631 1003 erat

2057 1043 2232 1114 bysso.
2291 1045 2375 1099 Ab
2411 1044 2496 1100 his
2544 1056 2666 1114 quae
2717 1051 2843 1097 nota
2882 1052 3012 1096 sunt
3050 1040 3219 1096 tradit
3265 1055 3455 1095 eorum
3494 1041 3630 1095 noti-

2058 1136 2186 1190 tiam
2219 1152 2341 1206 quze
2411 1147 2540 1192 sunt
2586 1137 2641 1190 in
2674 1145 2970 1207 ,posterum
3025 1143 3440 1203 superventura.
3482 1132 3631 1198 Quo-

2057 1227 2201 1281 niam
2259 1226 2424 1298 igitur
2477 1236 2664 1282 notum
2719 1235 2803 1282 est
2835 1226 2979 1297 quod
3022 1223 3257 1295 Babylon
3319 1222 3631 1276 divitiarum

2057 1319 2436 1390 magnitudine
2468 1318 2765 1374 lascivierit
2794 1336 2808 1374 :
2849 1317 2950 1373 sub
2983 1318 3175 1372 oculos
3203 1314 3355 1369 ducit
3385 1312 3632 1377 allectus,

2056 1426 2153 1480 per
2186 1412 2445 1466 thronum
2496 1411 2701 1482 regium
2738 1410 2883 1480 quod
2930 1410 2988 1464 in
3028 1410 3144 1481 ipsa
3178 1415 3335 1474 erat,
3365 1405 3629 1475 magnitu-

2057 1503 2238 1558 dinem
2264 1500 2581 1556 describens
2614 1500 2962 1566 calamitatis;
3000 1515 3100 1555 nec
3133 1498 3309 1555 solum
3361 1512 3459 1567 per
3492 1494 3630 1550 divi-

2058 1594 2161 1649 tias
2206 1608 2508 1663 earumque
2554 1592 2914 1664 perditionem
2972 1592 3177 1645 luctum
3215 1588 3491 1650 ostendit,
3539 1587 3632 1642 sed

2056 1685 2219 1739 etiam
2258 1684 2544 1740 velocitate
2585 1683 2758 1753 ipsius
2793 1682 3121 1738 calamitatis
3152 1700 3166 1735 :
3192 1681 3337 1750 quod
3378 1677 3577 1734 divitia:
3602 1693 3632 1730 a

2056 1777 2258 1832 sa3culo
2289 1787 2627 1847 congregatae
2660 1776 2903 1831 brevium
2935 1774 3145 1828 dierum
3181 1770 3465 1826 intervallo
3512 1785 3629 1839 per-

381 1862 669 1933 ἀστραπῆς
697 1862 1050 1917 ἐπελεύσεται
1076 1863 1262 1935 τάχος,
1280 1862 1371 1918 τὸν
1394 1864 1735 1936 πολύμοχθον
1761 1865 1951 1935 ἀφανί-

2062 1862 2249 1925 ierint.
2322 1846 2627 1935 Secundus]
2684 1867 2828 1923 enim
2892 1865 3106 1921 Domini
3164 1864 3433 1919 adventus
3496 1861 3632 1914 sicut

381 1952 547 2018 ζουσα
578 1953 711 2025 βίον.

450 2134 559 2191 Kal
596 2134 715 2203 πᾶς
751 2136 1141 2207 κυϐερνήτης,
1169 2138 1268 2193 καὶ
1293 2138 1412 2207 πᾶς
1434 2137 1532 2194 ἐπὶ
1566 2138 1683 2194 τῶν
1722 2142 1956 2196 πλοίων

379 2229 601 2283 πλέων.
641 2228 1182 2305 Θαλάσσῃτροπικῶς
1210 2235 1237 2287 ὀ
1264 2231 1457 2305 παρὼν
1484 2232 1599 2304 βίος
1629 2236 1951 2309 παρεὸλήθη

378 2318 456 2383 ὡς
476 2319 686 2385 πολλοῖς
718 2321 813 2375 καὶ
855 2322 1017 2386 αὐτὸς
1043 2324 1335 2396 πράγμασι
1379 2326 1803 2396 κυμαινόμενος,
1848 2329 1954 2381 ὑπὸ

380 2409 655 2480 πνεύμασι
675 2410 909 2481 μάλιστα
936 2411 1257 2483 δαιμονικῆς
1296 2412 1580 2484 ἐπηρείας.
1613 2414 1849 2477 Εἰκότως
1895 2414 1952 2467 δὲ

383 2500 480 2554 καὶ
536 2500 698 2555 πλοῖα
744 2503 801 2554 ὲν
843 2503 994 2572 αὐτῷ
1034 2496 1414 2575 ὑπειλήφαμεν
1442 2503 1542 2568 τὰς
1576 2503 1681 2558 τῶν
1716 2506 1951 2575 ἐπισυμ-

380 2590 672 2647 6αινόντων
689 2595 1028 2665 πραγμάτων
1052 2596 1341 2665 ἐπιφορὰς,
1365 2590 1453 2660 αἶς
1477 2596 1627 2649 ώσπε
1639 2596 1720 2666 pe‘t
1744 2594 1951 2659 πλοίοις

380 2683 657 2757 ἄνθρωποι
688 2688 1064 2757 χρώμενοι,τδ
1092 2691 1189 2757 τῆς
1212 2688 1425 2743 ἑαυτῶν
1454 2688 1601 2758 ζωῆς
1634 2688 1951 2743 διαπλέουσι

382 2778 633 2843 πέλαγος.
678 2778 1036 2850 Κυϐερνήτας
1086 2779 1169 2847 δὲ,
1221 2781 1442 2845 τούτους
1475 2780 1771 2851 λογιστέον,
1825 2781 1953 2846 τοὺς

378 2870 631 2940 ἀσφαλῶς
650 2869 727 2944 τῷ
752 2871 850 2944 βίῳ
873 2872 1206 2945 χρωμένους.
1230 2874 1447 2938 Ναύτας
1464 2874 1520 2929 δὲ
1544 2875 1637 2931 καὶ
1660 2875 1952 2947 πλωτῆρας

379 2967 469 3017 καὶ
504 2964 821 3029 θαλαττίους
842 2966 1100 3036 ἐργάτας,
1155 2966 1247 3031 οῦς
1298 2968 1391 3021 καὶ
1422 2967 1745 3032 θαλαττίους
1782 2969 1947 3038 σοφός

378 3071 457 3120 τις
491 3058 627 3128 ἐρεῖ,
663 3058 791 3122 τοὺς
830 3058 960 3129 περὶ
996 3060 1065 3111 τὰ
1099 3057 1193 3111 τοῦ
1230 3059 1606 3129 πολυκύμονος
1660 3059 1814 3113 τοῦδε
1854 3060 1949 3114 τοῦ

2056 1962 2240 2033 fulgur
2268 1961 2448 2017 subito
2477 1960 2677 2025 veniet,
2703 1959 2795 2029 qui
2821 1959 2986 2013 vitam
3015 1956 3296 2011 laboribus
3324 1970 3388 2009 ac
3418 1951 3633 2023 ﬂagitiis

2053 2054 2267 2122 plenam
2299 2067 2330 2108 e
2369 2052 2549 2107 medio
2585 2052 2760 2106 tollat.

2129 2143 2197 2198 Et
2224 2146 2393 2198 omnis
2421 2144 2765 2214 gubernator,
2786 2153 2834 2197 et
2866 2143 3036 2197 omnis
3067 2142 3156 2212 qui
3196 2141 3248 2194 in
3282 2137 3501 2193 navibus
3538 2152 3632 2189 ηιμ

2055 2234 2285 2305 rigabat.
2327 2233 2578 2290 Praesens
2608 2237 2720 2288 vita
2760 2233 2899 2287 mari
2938 2232 3144 2302 tropice
3180 2237 3498 2298 comparata
3530 2232 3635 2290 est,

2052 2328 2212 2397 θοι
2279 2335 2337 2381 ιιι
2389 2340 2509 2395 quae
2558 2326 2743 2379 multis
2794 2335 2849 2379 et
2886 2323 3001 2393 ipsa
3069 2321 3302 2392 negotiis
3368 2319 3634 2378 inundet,

2055 2419 2294 2475 maxime
2344 2433 2375 2473 a
2420 2416 2707 2486 spiritibus
2762 2413 3085 2470 daemoniaci
3137 2412 3396 2465 insultus.
3445 2408 3634 2463 Meritu

2055 2521 2239 2566 autem
2266 2516 2321 2565 et
2350 2509 2564 2579 navigia
2593 2522 2713 2578 qua:
2740 2507 2795 2561 in
2832 2522 2897 2560 eo
2929 2514 3058 2561 sunt
3095 2503 3407 2572 accepimus
3462 2503 3632 2571 impe-

2056 2612 2143 2658 tus
2192 2599 2696 2671 supcrvenientium
2754 2596 3136 2668 negotiorum,
3204 2594 3405 2663 quibus
3466 2590 3632 2646 veluti

2055 2694 2285 2764 navigiis
2311 2692 2559 2748 homines
2587 2700 2825 2757 utentes,
2858 2704 2952 2760 per
2975 2689 3099 2742 vitae
3139 2702 3251 2741 suze
3283 2686 3505 2756 pelagus
3540 2700 3633 2737 na-

2056 2790 2262 2859 vigant.
2318 2788 2728 2843 Gubernatores
2784 2798 2914 2838 vero
2973 2780 3306 2851 intelligendi
3357 2789 3484 2833 sunt
3538 2778 3632 2848 qui

2054 2882 2261 2955 absque
2294 2882 2542 2953 periculo
2581 2879 2692 2935 vita
2742 2885 2991 2933 utuntur.
3029 2873 3216 2929 Nauta:
3241 2882 3422 2927 autem
3456 2879 3509 2925 et
3544 2886 3633 2925 ve-

2054 2985 2235 3031 ctores
2262 2990 2328 3030 ac
2377 2974 2575 3028 marini
2626 2970 2885 3041 aperarii,
2921 2983 3062 3038 quos
3110 2967 3272 3021 etiam
3315 2962 3633 3024 θαλαττίους

2054 3068 2277 3138 sapiens
2308 3068 2530 3138 quidam
2559 3063 2818 3135 appellat,
2862 3060 3109 3115 homines
3150 3064 3279 3112 sunt
3310 3055 3363 3109 in
3400 3055 3503 3108 hoc
3537 3052 3631 3106 ilu-

377 3149 583 3219 κόσμου
616 3150 969 3221 κεκμηκότας
998 3150 1341 3222 ἀνθρώπους,
1374 3150 1426 3205 οἶ
1457 3151 1659 3215 πάντες
1708 3152 1768 3205 τὸ
1806 3153 1951 3207 ἀπα-

2054 3163 2263 3217 οιυοηιί
2315 3157 2522 3214 mundo
2571 3154 2791 3220 defessi,
2830 3154 2923 3224 qui
2962 3166 3154 3207 omnes
3190 3146 3529 3203 infallibilem
3579 3152 3630 3197 et

382 3242 703 3312 ραλόγιστον
758 3243 854 3299 καὶ
910 3243 1129 3307 πάντως
1161 3244 1420 3313 ἐσόμενον
1454 3243 1548 3298 τοῦ
1594 3243 1710 3315 βίου
1755 3245 1950 3298 τούτου

377 3335 531 3399 τέλος
561 3335 939 3405 ἐννοηθέντες,
996 3337 1089 3389 καὶ
1140 3338 1273 3405 πρὶν
1319 3338 1539 3407 ἐπιστῇ,
1589 3334 1945 3406 ἔφυλάξαντο.

375 3427 546 3482 Τοῦτο
567 3428 675 3498 γάρ
702 3427 762 3480 τὺ
792 3428 1064 3497 μακρόθεν
1117 3429 1344 3483 ἑστᾶναι
1378 3429 1612 3499 παρέχει
1643 3430 1805 3482 νοεῖν.
1837 3428 1950 3481 Καὶ

376 3522 456 3574 ὅτι
492 3520 605 3582 τοῖς
629 3519 855 3582 ἀτόποις
889 3518 1287 3590 ἐπιτηδεύμασι
1314 3518 1422 3573 τῶν
1453 3518 1955 3572 ἔνθαλαττευόντων

376 3611 770 3682 ἀπαραιτήτως
837 3610 1267 3682 ἐπακολουθήσει
1318 3612 1351 3681 ή
1416 3610 1697 3680 τιμωρία,
1758 3609 1949 3678 ῶσπερ

376 3703 565 3772 καπνῷ
588 3703 648 3756 τὸ
680 3702 813 3773 πῦρ,
842 3704 921 3756 διὸ
949 3704 1039 3756 καὶ
1064 3702 1254 3773 καπνῷ
1275 3702 1579 3775 παρείκασε
1601 3702 1702 3773 τήν
1723 3700 1953 3773 προσδο-

376 3794 520 3858 κίαν,
543 3793 693 3864 δηλοῖ
714 3794 743 3847 ό
772 3794 963 3866 Σωτὴρ
998 3794 1181 3858 αὐτὸς,
1201 3795 1397 3864 λέγων’
1435 3812 1454 3845 ι
1485 3796 1718 3865 Ὠσπερ,
1756 3792 1944 3863 φησιν.

374 3888 406 3956 ἡ
439 3886 694 3957 ἀστραπὴ
739 3887 1019 3957 ἐξέρχεται
1046 3887 1153 3941 ἀπὸ
1212 3887 1489 3941 ἀνατολῶν
1513 3927 1527 3953 ,
1567 3887 1664 3939 καὶ
1697 3886 1948 3954 φαίνεται

376 3977 481 4042 ἕως
511 3978 730 4048 δυσμῶν
750 4020 765 4041 ,
799 3978 970 4043 οὕτως
1009 3977 1163 4032 ἔσται
1191 3980 1225 4049 ή
1257 3978 1532 4048 παρουσία
1564 3976 1658 4029 τοῦ
1690 3974 1823 4029 Υίοῦ
1852 3972 1947 4026 τοῦ

377 4066 688 4138 ἀνθρώπου.
730 4086 748 4118 ι
781 4069 924 4139 [lupi
947 4069 1005 4122 δὲ
1036 4068 1097 4122 τὸ
1120 4067 1466 4135 ἐξεταστικὸν
1495 4066 1630 4137 πρὸς
1659 4063 1947 4136 ἀκρίϐειαν

376 4160 485 4214 τῶν
516 4160 922 4231 πεπραγμένων
955 4161 1331 4231 ἀφωμοίωται.
1365 4157 1604 4222 Εἰκότως
1632 4158 1687 4212 δὲ
1717 4158 1812 4211 καὶ
1843 4173 1949 4210 κα·-

377 4251 744 4322 ταπληκτικὸν
783 4247 929 4308 οῦτοι
980 4251 1363 4323 κεκρὰξονται,
1421 4249 1514 4305 καὶ
1568 4250 1639 4304 τὰ
1675 4248 1951 4304 ἀκόλουθα

377 4343 486 4398 τῶν
512 4344 928 4415 θρηνῳδούντων
950 4345 1372 4415 ὑποστήσονται,
1392 4342 1521 4415 χοῦν
1543 4342 1786 4412 καταχεά
1795 4357 1949 4413 μενοι

380 4436 488 4488 τῶν
519 4436 794 4503 κεςαλῶν,
820 4437 915 4490 καὶ⁵
944 4438 1048 4491 εἴτι
1076 4437 1204 4493 ἀλλο
1233 4439 1346 4501 τοῖς
1398 4433 1767 4509 θρηνῳδοῦσιν
1817 4434 1950 4490 ἀκό-

379 4528 588 4593 λουθον,
622 4529 986 4593 ἐκτελοῦντες.

456 4620 539 4686 Τίς
573 4621 744 4689 ὁμοία
775 4620 845 4688 τῇ
867 4622 1037 4675 πόλει
1061 4620 1132 4689 τῇ
1158 4622 1427 4691 μεγάλης
1465 4622 1579 4677 Οὐκ
1602 4622 1753 4677 ἔστιν
1782 4622 1950 4691 ἀλλην

382 4712 535 4764 πόλιν
574 4713 797 4782 εὑρεῖν,
847 4714 928 4767 ὅτι
966 4713 1101 4783 μηδὲ
1160 4712 1320 4767 ἀλλον
1378 4714 1761 4785 Δημιουργὸν,
1815 4714 1950 4784 μηδὲ

381 4803 539 4856 ἄλλον
566 4805 786 4874 κόσμον.
821 4804 1116 4858 Βαϐυλῶνα
1148 4804 1205 4858 δὲ
1230 4804 1417 4875 ἄλλην.
1454 4806 1549 4857 καὶ
1578 4807 1636 4859 ὲν
1686 4804 1952 4875 Αἰγύπτῳ

382 4894 527 4946 εστιν
554 4894 755 4963 εὑρεῖν,
806 4895 900 4948 καὶ
932 4893 1107 4966 ταύτῃ
1135 4893 1328 4965 ὁμοίαν
1392 4894 1451 4947 ὲν
1489 4894 1627 4964 αὐτῇ
1687 4893 1951 4963 Αἰγύπτῳ

383 4984 524 5037 κατά
586 4984 648 5037 τὸ
707 4984 1147 5057 Ἡρακλεωτικὸν
1199 4985 1393 5039 Νείλου
1441 4984 1619 5054 στόμα
1699 4981 1951 5049 Ἀλεξάν-

384 5077 589 5146 ὂρειαν,
621 5076 714 5130 καὶ
742 5078 861 5130 κατ’
889 5076 1160 5150 Εὐρώπην
1187 5077 1315 5149 περὶ
1348 5079 1417 5132 τά
1464 5076 1804 5148 δυτικώτερα
1854 5079 1950 5132 καὶ

386 5169 610 5240 ἀρκτῷα
676 5167 927 5239 Ῥώμην,
988 5172 1082 5225 καὶ
1134 5171 1275 5225 κατά
1330 5152 1803 5240 ἀνατολῖκώτερα,
1852 5172 1951 5241 τὴν

386 5262 478 5313 ἐπὶ
498 5260 772 5330 Βυζαντίῳ
803 5262 900 5332 τῆς
930 5264 1339 5317 Κωνσταντίνου
1368 5262 1673 5333 ἐπώνυμον.

473 5355 577 5409 Ἐν
600 5350 638 5427 ᾗ
680 5356 1071 5425 ἐπλούτησαν
1098 5355 1339 5423 πάντες.
1407 5356 1686 5412 Ἐντεῦθεν
1717 5359 1956 5431 ἀναμφί-

392 5446 545 5500 6ολον
571 5449 653 5502 ὅτι
696 5448 759 5503 οὐ
791 5449 919 5517 περὶ
948 5449 1153 5511 πόλεως
1176 5451 1203 5502 ό
1236 5447 1392 5516 λόγος
1441 5450 1592 5519 μιᾶς,
1634 5450 1773 5504 ἀλλά
1822 5450 1953 5522 περὶ

315 5551 319 5555 ·
396 5537 593 5602 παντὸς
616 5539 766 5592 τοῦδε
821 5538 916 5592 τοῦ
951 5539 1192 5610 φθαρτοῦ
1216 5542 1561 5620 συστήματος
1587 5540 1704 5595 ἔστι
1747 5542 1952 5595 λαϐεῖν.

383 5629 523 5685 Οὔτε
552 5631 659 5702 γὰρ
691 5632 946 5687 Βαϐυλὼν
970 5672 985 5699 ,
1034 5632 1093 5687 οὐ
1131 5632 1340 5705 Ῥώμη,
1376 5634 1477 5690 οὐκ
1525 5634 1661 5707 ἄλλη
1697 5635 1847 5699 πόλις
1890 5635 1953 5688 ἐκ

456 5812 499 5840 ἰ
540 5808 726 5864 Matth.
759 5825 904 5870 ιςιν.
939 5809 1029 5867 27.

2051 3251 2275 3306 omnino
2333 3249 2578 3303 futurum
2630 3246 2795 3316 hujus
2854 3244 2972 3297 vitae
3030 3240 3323 3295 terminum
3381 3235 3630 3291 conside-

2052 3349 2256 3404 rantes,
2287 3339 2450 3393 etiam
2481 3338 2634 3407 prius
2661 3350 2826 3406 quam
2863 3331 3173 3387 immineret
3199 3369 3216 3395 ,
3249 3329 3632 3383 observarunt.

2049 3430 2186 3486 Nam
2237 3433 2342 3486 hoc
2381 3430 2485 3484 sibi
2526 3429 2667 3494 vult,
2700 3438 2847 3482 stare
2882 3423 3091 3496 procul.
3135 3422 3291 3489 Quod
3325 3430 3504 3475 autem
3538 3418 3631 3473 ah-

2051 3522 2217 3581 surda
2249 3524 2373 3577 vita:
2405 3521 2585 3578 studia
2615 3534 2808 3576 eorum
2836 3517 2930 3587 qui
2961 3518 3014 3570 in
3043 3515 3147 3569 hoc
3172 3513 3305 3566 mari
3339 3518 3631 3580 aperantur

2051 3614 2440 3671 inevitabilitcr
2484 3612 2855 3680 subsequatur
2886 3604 3239 3676 supplicium,
3271 3599 3631 3671 quemadmo-

2050 3707 2180 3762 dum
2212 3706 2422 3761 fumum
2483 3703 2731 3773 sequitur
2780 3700 2953 3770 ignis,
2992 3706 3215 3767 propter
3263 3693 3409 3763 quod
3467 3693 3633 3747 etiam

2050 3794 2205 3851 fumo
2253 3794 2593 3865 comparavit
2650 3787 3158 3860 exspectationem,
3208 3784 3324 3854 ipse
3388 3780 3632 3836 Salvator

2051 3890 2388 3952 manifestat,
2420 3887 2606 3941 dicens
2639 3904 2651 3940 :
2698 3904 2715 3935 ι
2772 3883 2931 3938 Sicut
2965 3879 3147 3950 fulgur
3175 3878 3290 3933 exit
3320 3892 3350 3931 a
3388 3874 3633 3947 partibus

2050 3980 2290 4038 Orientis
2332 3988 2386 4033 et
2414 3988 2641 4048 apparet
2682 3990 2853 4045 usque
2884 3974 2951 4028 ad
2979 3980 3160 4042 partes
3187 3969 3525 4031 Occidentis,
3561 3966 3634 4020 ita

2049 4076 2156 4129 erit
2190 4074 2458 4129 adventus
2498 4070 2621 4125 Filii
2658 4068 2894 4123 hominis
2926 4067 2995 4119 ἰ.
3036 4083 3054 4114 ι
3092 4063 3209 4134 lgni
3247 4076 3378 4116 vero
3409 4059 3632 4115 asshni-

2050 4168 2159 4222 lata
2210 4175 2296 4221 est
2329 4177 2519 4220 exacta
2562 4157 2842 4230 indagatio
2876 4157 3171 4211 factorum.
3219 4153 3413 4208 Merito
3448 4161 3632 4206 autem

2052 4260 2105 4314 lsi
2138 4257 2413 4313 horrendo
2444 4254 2609 4309 modo
2634 4251 2968 4312 clamabunt,
2999 4256 3053 4301 et
3080 4260 3144 4301 ea
3179 4244 3481 4314 suscipient
3512 4256 3633 4312 qua:

2051 4353 2414 4407 lamentantes
2465 4351 2900 4414 consequuntur,
2960 4340 3137 4407 capita
3196 4337 3378 4392 cinere
3438 4348 3634 4404 asper-

2054 4454 2264 4515 gentes,
2313 4456 2377 4496 ac
2407 4448 2729 4510 pera-gentes
2760 4434 2803 4491 si
2839 4432 2969 4505 quid
3006 4430 3154 4486 aliud
3181 4439 3285 4495 est,
3320 4428 3468 4500 quod
3506 4441 3630 4481 con.

1983 4522 2027 4577 Ῑ)
2057 4534 2305 4604 sequitur
2340 4533 2730 4586 lamentantes.

2124 4632 2256 4698 ρηω
2287 4628 2477 4682 similis
2504 4624 2708 4680 civitati
2732 4622 2854 4676 huic
2894 4635 3099 4691 magna:
3120 4621 3146 4674 ?
3173 4615 3293 4671 Non
3321 4621 3500 4685 potest
3532 4611 3633 4666 alia

2050 4724 2244 4779 civitas
2273 4718 2541 4784 inveniri,
2573 4717 2702 4787 quia
2751 4729 2928 4785 neque
2978 4712 3123 4768 alius
3155 4707 3420 4764 Conditor
3457 4717 3634 4772 neque

2051 4817 2193 4871 alius
2220 4812 2459 4869 mundus
2484 4829 2498 4866 :
2527 4824 2689 4881 porro
2716 4807 2878 4863 aliam
2901 4806 3230 4876 Babylonem
3250 4807 3303 4853 et
3332 4798 3385 4851 in
3407 4794 3635 4864 Egypto

2052 4909 2179 4963 licet
2226 4906 2506 4967 invenire,
2538 4910 2592 4957 et
2621 4901 2751 4955 huic
2786 4898 3020 4954 similem
3068 4896 3124 4949 in
3170 4892 3360 4946 eadem
3405 4886 3636 4957 Egypto

2050 5002 2209 5073 juxta
2251 4995 2686 5054 Heracleoticum
2744 4992 2849 5047 Nili
2884 4989 3085 5047 ostium
3134 4981 3553 5042 Alexandriam,
3585 4984 3634 5030 et

2059 5096 2114 5150 in
2141 5093 2358 5162 Europa
2398 5090 2466 5144 ad
2499 5085 2961 5142 occidentaliores
2992 5095 3046 5139 et
3070 5081 3419 5151 aquilonares
3448 5073 3635 5129 mundi

2061 5194 2246 5257 partes
2270 5184 2522 5243 Romam,
2544 5190 2597 5234 et
2629 5180 2681 5232 in
2705 5174 3066 5232 orientalibus
3091 5172 3193 5228 sub
3221 5168 3482 5241 Byzantio
3512 5179 3634 5223 eam

2057 5286 2180 5342 quae
2215 5285 2247 5325 a
2276 5268 2641 5324 Constantino
2670 5278 2870 5319 nomen
2901 5261 3130 5330 accepit.

2128 5359 2194 5415 In
2238 5377 2342 5431 qua
2381 5359 2567 5413 divites
2609 5356 2739 5426 facti
2790 5363 2913 5410 sunt
2959 5370 3159 5410 omnes.
3210 5349 3350 5405 llinc
3390 5345 3637 5404 certissi-

2056 5470 2206 5509 mum
2241 5458 2350 5509 est'
2368 5450 2516 5523 quod
2550 5464 2660 5504 non
2692 5448 2759 5504 de
2788 5463 2894 5501 una
2923 5446 3143 5502 civitate
3181 5444 3253 5499 sit
3284 5455 3489 5505 sermo,
3536 5439 3635 5494 sed

2053 5546 2121 5600 de
2181 5545 2438 5599 universo
2482 5543 2585 5596 hoc
2619 5537 2961 5611 corruptibili
3011 5536 3143 5591 orbe
3196 5534 3322 5588 licet
3359 5530 3634 5599 accipere.

2054 5636 2241 5708 Neque
2272 5636 2418 5692 enim
2470 5632 2716 5705 Babylon
2758 5646 2935 5701 neque
2965 5630 3161 5696 Roma,
3192 5640 3369 5696 neque
3418 5620 3526 5677 alia
3554 5620 3632 5677 ci-
