4046 6582
405 350 513 410 735

1233 351 1558 412 ARETII/E
1600 351 1978 411 CAESABEIE
2015 352 2498 414 CAPPADOCI/E
2531 353 2866 415 EPISCOPI

3559 354 3664 417 736

403 469 542 514 vitas
578 474 641 513 ex
677 459 894 514 navium
927 459 1265 529 profectione
1299 463 1476 515 solum
1515 463 1753 524 ditcscit,
1791 471 1985 532 pratter

2095 464 2289 518 πλοίων
2319 467 2546 537 πορείας
2577 467 2740 536 μόνον
2787 464 3044 530 πλουτεῖ,
3075 465 3124 518 εί
3161 464 3236 536 μὴ
3266 470 3426 536 μόνος
3451 458 3607 530 οὗτος
3636 466 3666 517 ὁ

405 554 580 606 solum
628 553 772 606 hunc
827 553 1114 606 mundum.
1173 554 1481 624 Allegorice
1546 571 1783 624 namque
1839 554 1982 610 veris

403 645 620 700 ditescit
663 645 870 699 divitiis
905 661 1000 714 per
1036 646 1250 701 animas
1295 649 1601 709 hominum,
1634 649 1726 716 qui
1765 649 1817 702 in
1864 663 1982 702 mo-

403 735 532 787 dum
601 734 820 788 navium
874 735 1086 789 acerba:
1140 735 1510 791 itntnersionis
1564 747 1842 804 expertes,
1890 751 1987 805 per

406 826 742 880 mundanum
769 827 942 880 salum
973 838 1283 894 enatarnnl,
1309 839 1364 883 et
1385 829 1586 882 dictam
1615 827 1984 882 abundantem

404 920 702 985 civitatein,
732 919 994 974 mundum
1027 921 1299 985 videlicet,
1333 920 1692 989 pretiosarum
1721 920 1983 975 mercium

405 1014 772 1082 negotiatione
825 1015 1204 1070 instituerunt.
1253 1014 1416 1083 802
1474 1014 1596 1068 Ideo
1641 1029 1766 1068 cum
1820 1015 1984 1069 veluti

409 1107 671 1176 praedium
712 1105 906 1162 fuisset
947 1118 999 1159 et
1031 1108 1431 1168 firmamentum
1478 1106 1693 1167 salutis.
1727 1107 1871 1162 unde
1909 1109 1989 1162 la-

409 1206 602 1258 torum
634 1205 933 1258 mercedem
965 1204 1311 1268 invenerant,
1338 1201 1784 1256 lamentationem
1818 1204 1984 1258 colle-

407 1307 624 1366 gerunt,
658 1297 902 1351 videntes
931 1297 1072 1365 quod
1107 1296 1273 1351 missa
1306 1305 1455 1351 esset
1485 1297 1538 1350 in
1575 1297 1878 1353 interitum.

475 1405 868 1469 XVlll,20-24.
909 1405 1132 1460 Exsulta
1165 1422 1320 1476 super
1349 1425 1490 1475 eam,
1519 1410 1704 1464 caelum
1729 1422 1778 1466 et
1817 1415 1988 1468 sancti

404 1496 632 1566 apostoli
663 1508 709 1551 et
748 1499 1044 1567 prop/cette,
1076 1501 1327 1568 quoniam
1355 1500 1619 1570 judicavit
1657 1501 1798 1557 Deus
1833 1503 1986 1572 judi-

403 1594 544 1645 cium
585 1603 812 1646 vestrum
841 1593 904 1646 de
933 1592 1052 1646 illa.
1089 1592 1156 1646 Et
1189 1594 1408 1648 sustulit
1439 1611 1573 1649 unus
1620 1597 1839 1665 angelus
1871 1597 1985 1665 for-

405 1688 472 1739 tis
525 1686 752 1755 lapidem
803 1687 958 1755 quasi
999 1686 1252 1740 molarem
1293 1704 1564 1758 magnum,
1599 1698 1648 1742 et
1679 1688 1901 1758 projecit
1934 1690 1985 1743 in

406 1799 572 1849 mare,
625 1784 800 1836 dicens
839 1799 856 1836 :

408 1876 562 1945 bylon
595 1892 785 1944 magna
824 1876 914 1928 illa
949 1877 1133 1928 civitas
1155 1917 1168 1940 ,
1200 1885 1249 1930 ct
1296 1876 1437 1928 ultra
1462 1876 1579 1944 jam
1622 1893 1722 1928 non
1755 1878 1984 1930 invenia-

407 1979 495 2021 tur
525 1984 544 2022 :
568 1979 619 2022 et
651 1985 746 2022 v0.1:
777 1968 1183 2021 citharoedorum
1213 1975 1260 2020 et
1305 1970 1646 2032 musicorum,
1676 1977 1725 2020 et
1767 1969 1896 2022 tibia
1927 1987 1989 2022 ac

406 2063 529 2114 tuba
586 2061 885 2114 canentium
924 2076 1028 2112 non
1097 2060 1355 2112 audiatur
1406 2061 1461 2112 in
1529 2072 1577 2114 te
1638 2061 1890 2129 amplius.
1936 2072 1986 2116 et

406 2150 576 2204 omnis
630 2151 826 2219 artifex
865 2151 1225 2220 cujuscunque
1247 2152 1375 2204 artis
1403 2170 1505 2206 non
1529 2153 1826 2206 inveniatur
1856 2155 1910 2207 in
1942 2165 1990 2208 te

406 2243 656 2311 amplius,
690 2253 738 2296 et
767 2257 864 2295 vox
899 2241 1048 2295 mola:
1076 2259 1175 2295 non
1209 2243 1465 2296 audiatur
1492 2244 1544 2296 in
1577 2255 1624 2296 te
1655 2244 1907 2312 amplius.
1937 2254 1986 2299 et

407 2336 500 2388 lua:
548 2334 778 2390 lucerna:
822 2351 925 2388 non
967 2346 1219 2403 appareat
1270 2337 1324 2389 in
1388 2347 1436 2390 te
1475 2338 1740 2404 amplius,
1788 2350 1836 2392 et
1887 2355 1990 2393 v01:

407 2429 584 2494 sponsi
609 2439 655 2482 et
693 2443 899 2494 sponsa:
947 2445 1051 2481 non
1096 2427 1354 2480 audiatur
1384 2429 1436 2481 in
1485 2437 1533 2482 te
1562 2429 1811 2496 amplius.
1847 2428 1989 2494 Quia

411 2532 724 2574 mercatores
759 2521 836 2574 tui
862 2529 1015 2573 erant
1050 2521 1309 2589 principes
1343 2528 1529 2586 teme,
1553 2523 1679 2591 quia
1709 2521 1760 2574 in
1798 2522 1988 2590 vene/i-

407 2611 504 2664 ciis
537 2611 640 2664 tuis
657 2618 965 2664 erraverunt
989 2626 1164 2663 omnes
1190 2619 1366 2679 gentes
1387 2623 1434 2664 et
1462 2613 1513 2664 iu
1541 2627 1601 2665 ea
1627 2613 1844 2681 sanguis
1866 2628 1988 2681 pro-

407 2703 683 2768 plietarum
723 2712 772 2755 et
810 2711 1118 2756 sanctorum
1146 2703 1382 2756 inventus
1411 2711 1512 2769 est,
1543 2713 1590 2756 et
1628 2703 1862 2756 omnium
1899 2703 1992 2774 qui

409 2795 674 2864 interfecti
701 2805 822 2850 sunt
856 2795 910 2848 in
944 2805 1108 2852 terra.

481 2992 655 3048 Etiam
690 3010 753 3050 ex
801 2996 906 3052 hoc
937 2998 1333 3053 conlirmamur
1384 2999 1530 3068 quod
1565 2999 1632 3054 de
1670 2999 1876 3054 mundo
1920 3000 1992 3056 sit

410 3087 720 3149 oraculum.
751 3096 804 3141 et
835 3103 940 3144 non
967 3091 1035 3145 de
1071 3107 1175 3146 una
1203 3092 1443 3147 civitate.
1473 3091 1628 3158 Quod
1657 3101 1837 3146 autem
1871 3101 1993 3162 post

2090 558 2315 627 κόσμος.
2387 557 2787 630 ’Δλληγορικῶς
2831 557 2942 627 γάρ
2998 556 3220 610 πλουτεῖ
3271 555 3364 611 τὸν
3417 557 3498 627 τῷ
3551 557 3665 610 δντι

2088 649 2315 702 πλοῦτον
2340 648 2616 719 διαψύχων
2642 649 2738 702 ἀνθ
2749 649 2966 719 ρώπων,
2991 649 3042 702 οἳ
3067 648 3320 718 καθάπερ
3355 649 3443 702 διὰ
3468 649 3668 701 πλοίων

2087 741 2370 810 ἀμετόχως
2405 741 2655 811 ἁλμυρᾶς
2685 740 3017 805 ἐπικλύσεως
3067 741 3160 795 τὸν
3193 741 3460 810 κοσμικδν
3504 739 3667 792 σάλον

2087 830 2410 893 διανέοντες,
2443 831 2665 901 άνενδεῆ
2694 829 2899 901 ταύτην
2938 830 3038 900 τὴν
3073 830 3336 900 ῥηθεῖσαν
3384 831 3539 884 πόλιν
3574 830 3668 883 τὸν

2087 924 2292 991 κόσμον
2327 925 2732 994 κατεστήσαντο
2780 924 2879 995 τῆς
2930 924 3038 978 ἀπὸ
3091 924 3199 977 τῶν
3229 923 3468 996 ἐντίμων
3503 926 3666 994 ἐμπο-

2091 1017 2235 1087 ρίας.
2266 1017 2360 1069 Διὸ
2418 1018 2512 1070 καὶ
2546 1018 2622 1080 ὡς
2672 1017 2874 1089 χωρίου
2923 1019 3299 1088 ὑπάρχουσαν,
3342 1017 3438 1070 καὶ
3472 1017 3666 1086 ἔδαφος

2090 1109 2366 1180 σωτηρίας
2403 1108 2502 1178 ἀφ’
2542 1103 2604 1163 οὗ
2659 1107 2750 1162 καὶ¹
2789 1108 3022 1177 ἀμοιϐάς
3067 1107 3288 1178 εὕροντο
3323 1109 3434 1161 τῶν
3463 1108 3662 1171 πόνων,

2090 1201 2285 1273 θρῆνον
2320 1203 2722 1274 συνεκρότησαν
2768 1203 3099 1274 θεασάμενοι
3140 1201 3435 1272 ἀφανισμῷ
3485 1219 3666 1272 παρα-

2090 1295 2458 1366 πεμφθεῖσαν.

2163 1410 2506 1480 Εὐφρα.’νου
2539 1411 2632 1464 ἐπ’
2665 1410 2841 1479 αὐτῇ,
2880 1408 3120 1476 οὐρανέ,
3148 1409 3244 1464 καί
3275 1413 3328 1464 οἱ
3366 1409 3541 1480 ἅγιοι,
3566 1411 3665 1464 καί

2089 1505 2144 1556 οί
2189 1504 2551 1567 ἀπόστολοι,
2580 1503 2676 1557 καί
2729 1505 2784 1556 οι
2837 1503 3157 1571 προφῆται,
3211 1503 3300 1555 ὅτι
3353 1501 3590 1570 ἔκρινεν
3635 1504 3668 1556 ό

2092 1594 2235 1662 Θεὸς
2296 1595 2362 1650 τὸ
2408 1595 2586 1663 κρῖμα
2643 1594 2810 1664 ὑμῶν
2857 1595 2922 1658 ἐξ
2975 1594 3184 1662 αὐτῆς.
3235 1594 3341 1648 Kal
3388 1590 3532 1662 ἦρεν
3579 1588 3668 1660 εἷς

2089 1688 2342 1758 ἄγγελος
2401 1687 2649 1757 ἰσχυρὸς
2701 1689 2877 1743 λίθον
2915 1688 2996 1754 ὡς
3040 1688 3241 1755 μῦλον
3296 1687 3529 1756 μέγαν,
3569 1685 3667 1740 καὶ

915 1782 1239 1852 Ilnjusmodi
1289 1784 1484 1850 impetu
1525 1783 1838 1853 projicietur
1880 1785 1983 1838 Ba-

2095 1779 2306 1832 ἔϐαλεν
2333 1780 2420 1843 είς
2453 1777 2566 1847 τὴν
2603 1777 2945 1840 θάλασσαν,
2975 1780 3171 1848 λέγων
3196 1795 3212 1810 ’
3256 1778 3458 1843 Οὕτως
3486 1775 3669 1846 ὁρμή-

2085 1889 2225 1940 ματι
2239 1870 2622 1939 βληθήσεται
2654 1871 2944 1926 Βαϐυλὼν
2987 1871 3024 1938 ἠ
3068 1868 3300 1940 μεγάλη
3347 1871 3547 1936 πόλις,
3572 1869 3670 1922 καὶ

2089 1965 2159 2017 οὺ
2188 1963 2272 2032 μὴ
2299 1961 2517 2031 εὑρεθῇ
2544 1963 2650 2017 ἔτι.
2686 1964 2793 2017 Kal
2826 1961 2996 2032 φωνὴ
3027 1959 3372 2030 κιθαρῳδῶν
3399 1960 3499 2014 καί
3528 1978 3672 2030 μου-

2089 2054 2282 2108 σικῶν
2309 2055 2404 2108 καί
2445 2053 2730 2122 αὐλητῶν
2758 2055 2855 2108 καί
2883 2054 3242 2108 σαλπιστῶν
3275 2055 3347 2108 οὐ
3371 2054 3458 2123 μὴ
3493 2053 3671 2108 ἀκου-

2090 2148 2211 2218 σθῇ
2250 2149 2320 2201 ἐν
2345 2147 2442 2202 σοι
2475 2147 2583 2211 ἔτι,
2616 2147 2715 2200 καί
2764 2145 2883 2213 πᾶς
2907 2147 3186 2216 τεχνίτης
3216 2144 3424 2214 πάσης
3452 2145 3671 2213 τέχνης

2089 2243 2162 2295 οὐ
2199 2241 2280 2308 μὴ
2312 2239 2527 2308 εὑρεθῇ
2555 2239 2625 2294 ἐν
2646 2239 2744 2294 σοὶ
2775 2239 2883 2302 ἔτι,
2915 2240 3011 2292 καί
3039 2238 3208 2308 φωνὴ
3229 2239 3432 2307 μύλου
3481 2239 3553 2292 οὐ
3582 2236 3669 2304 μὴ

2090 2336 2253 2405 φανῇ
2275 2336 2344 2388 ἐν
2373 2334 2471 2390 σοί
2499 2334 2608 2399 ἔτι,
2646 2334 2743 2387 καί
2778 2332 2903 2402 φῶς
2926 2334 3160 2400 λύχνου
3197 2333 3268 2385 οὐ
3294 2329 3381 2400 μὴ
3415 2329 3579 2400 φανῇ
3602 2329 3672 2383 ἐν

2092 2428 2191 2483 σοί
2237 2427 2348 2491 ἔτι,
2403 2426 2501 2480 καὶ
2536 2425 2708 2496 φωνὴ
2741 2426 3006 2494 νυμφίου
3053 2424 3150 2478 καί
3205 2424 3446 2492 νύμφης
3478 2425 3551 2476 οὐ
3582 2421 3668 2492 μὴ

2091 2519 2369 2588 ἀκουσθῇ
2403 2520 2474 2572 ἐν
2499 2519 2598 2572 σοί
2630 2518 2737 2573 ἔτι·
2773 2516 2942 2586 ὅτι,οί
2987 2515 3234 2584 ἔμποροί
3263 2531 3379 2568 σου
3411 2510 3574 2584 ἦσαν
3619 2516 3671 2568 οί

2087 2612 2445 2684 μεγιστᾶνες
2471 2609 2580 2680 τῆς
2621 2609 2736 2680 τῆς
2759 2627 2774 2642 ·
2808 2609 2896 2662 ὅτι
2941 2608 3011 2662 ἐν
3041 2606 3115 2677 τῇ
3165 2607 3501 2676 φαρμακείᾳ
3553 2621 3672 2660 σου

2090 2705 2528 2771 ἐπλανήθησαν
2551 2703 2746 2756 πάντα
2775 2703 2844 2756 τὰ
2862 2702 3027 2770 ἔθνη,
3058 2700 3155 2754 καί
3179 2703 3248 2753 ἐν
3269 2697 3424 2767 αὑτῇ
3455 2699 3674 2768 αἵματα

2092 2797 2414 2867 προφητῶν
2469 2798 2566 2851 καί
2615 2795 2801 2865 ἁγίων
2837 2793 3051 2863 εὑρέθη
3081 2834 3096 2860 ,
3141 2793 3240 2847 xal
3278 2791 3524 2846 πάντων
3555 2789 3673 2844 τῶν

2093 2890 2488 2960 ἐσφαγμένων
2514 2889 2612 2943 ἐπὶ
2651 2887 2761 2957 τῆς
2800 2886 2926 2958 τῆς.

2166 3005 2277 3059 Καὶ
2305 3004 2410 3059 an?)
2445 3005 2638 3058 τούτου
2688 3002 2748 3056 τὸ
2775 3001 2903 3071 περὶ
2933 2998 3026 3054 τοῦ
3064 2999 3272 3070 κόσμου
3327 2998 3419 3052 τὸν
3450 3014 3672 3069 χρημαο

2093 3101 2286 3171 τισμὸν
2318 3095 2580 3166 εἶναι,ἶοῦ
2610 3097 2738 3168 περὶ
2763 3097 2894 3163 μιᾶς
2925 3094 3161 3160 πόλεως,
3192 3089 3584 3163 βεϐαιούμεθα.
3603 3088 3677 3141 Τὸ

412 3175 616 3229 luctum
657 3179 946 3234 conversio
1002 3179 1143 3235 facta
1202 3182 1274 3235 sit
1322 3181 1386 3235 ad
1443 3181 1718 3243 lanitium,
1763 3197 1870 3235 non
1912 3191 1996 3237 est

2098 3193 2156 3246 δέ
2185 3191 2322 3263 μετά
2345 3191 2434 3244 τὸν
2463 3189 2665 3261 θρῆνον
2684 3191 2763 3252 εἰς
2793 3185 3134 3258 εὐφροσύνην
3159 3183 3458 3256 τραπῆναι,
3481 3183 3542 3236 οὐ
3568 3181 3677 3236 τῶν

411 3277 605 3322 cautus
662 3285 852 3324 eorum
886 3271 979 3341 qui
1041 3271 1094 3325 in
1143 3282 1282 3327 terra
1340 3285 1488 3336 sunt,
1531 3274 1624 3329 sed
1661 3274 1990 3338 coeli-stium,

411 3361 560 3429 quod
612 3362 793 3418 deleto
817 3363 932 3433 jam
975 3366 1094 3421 loco
1122 3367 1172 3420 in
1207 3382 1318 3436 quo
1362 3378 1571 3422 certare
1604 3383 1698 3424 eos
1728 3368 1994 3438 oportuit,

411 3453 504 3522 qui
547 3455 599 3507 in
635 3464 760 3524 typo
797 3460 1045 3512 coronati
1083 3459 1297 3512 fuerant
1327 3460 1572 3514 victoria:
1597 3475 1825 3524 corona,
1880 3460 1996 3516 sive

412 3545 692 3614 prophetat
757 3549 886 3614 sint,
941 3549 1057 3604 sive
1116 3551 1385 3620 apostoli,
1433 3553 1547 3606 sive
1584 3553 1758 3607 sancti
1816 3552 1994 3622 ponti-

415 3639 564 3704 lices,
595 3647 647 3692 et
684 3640 729 3695 si
760 3657 868 3709 qua
904 3651 986 3696 est
1011 3643 1115 3697 alia
1149 3647 1500 3715 congregatio
1531 3661 1720 3699 eorum
1758 3646 1848 3716 qui
1886 3645 1995 3700 Deo

415 3733 757 3798 p'acnerunt,
796 3733 1089 3789 incessanti
1134 3737 1333 3805 gaudio
1390 3737 1516 3791 facti
1570 3738 1680 3792 sint
1735 3738 1994 3808 deinceps

417 3824 739 3892 participes,
773 3834 995 3894 accepta
1033 3826 1306 3881 indefessa
1341 3829 1744 3898 tranquillaque
1789 3831 1894 3884 vita
1925 3829 1996 3883 ab

415 3932 480 3970 eo
509 3921 602 3986 qui
634 3921 782 3973 novit
812 3919 974 3990 digne
1005 3919 1277 3991 judicare,
1313 3922 1414 3976 hoc
1443 3931 1548 3985 est,
1576 3922 1826 3976 laborum
1858 3937 1995 3993 pra:-

417 4011 524 4064 mia
551 4013 869 4082 rependere.

483 4127 548 4177 Et
580 4125 798 4180 sustulit
829 4143 964 4180 unus
991 4127 1207 4198 angelus
1247 4127 1402 4198 fortis
1430 4127 1660 4198 lapidem
1695 4128 1850 4197 quasi
1881 4143 1994 4180 mo-

413 4218 580 4271 larem
628 4235 897 4288 magnum.
940 4219 1119 4276 Variis
1165 4221 1480 4292 tropologiis
1525 4230 1810 4292 comparat
1857 4235 1994 4274 con-

415 4311 838 4366 summationem
870 4313 1057 4367 mundi
1082 4314 1476 4384 corruptibilis.
1503 4313 1628 4368 Ideo
1653 4313 1719 4368 ad
1747 4327 1842 4368 eas
1873 4328 1994 4381 qua:

415 4404 572 4458 dictae
611 4415 742 4459 sunt
774 4406 939 4459 etiam
995 4406 1136 4461 hanc
1182 4407 1359 4470 atiert,
1393 4407 1585 4461 molari
1618 4406 1794 4476 ipsum
1842 4420 1994 4459 com-

417 4511 616 4564 parans
655 4511 779 4551 cum
817 4498 1022 4567 impetu
1061 4500 1114 4553 in
1161 4515 1312 4553 mare
1342 4501 1596 4554 demerso
1646 4517 1660 4554 :
1698 4499 1770 4553 ita
1805 4505 1989 4550 autem

417 4589 549 4643 dicit
590 4591 680 4644 tali
723 4593 926 4662 impetu
969 4603 1189 4662 repente
1217 4594 1480 4664 demergi,
1523 4602 1582 4647 ut
1614 4607 1716 4648 nec
1751 4591 1995 4659 reliquiae

417 4684 589 4755 ipsius
620 4687 1032 4757 conspiciantur
1064 4689 1300 4757 amplius
1335 4706 1350 4742 :
1393 4697 1448 4742 et
1480 4687 1672 4744 eodem
1726 4686 1890 4741 modo
1922 4685 1999 4741 ait

417 4780 679 4832 mundum
728 4780 872 4835 hunc
926 4779 979 4832 in
1022 4779 1396 4833 omnimodatn
1443 4777 1680 4832 transire
1729 4777 1998 4830 obscura-

419 4869 643 4924 ti‘rnem.
685 4867 750 4922 Et
783 4876 843 4923 ut
895 4869 988 4923 fiat.
1021 4869 1124 4923 hoc
1162 4867 1530 4931 manifestius,
1566 4867 1730 4937 803
1767 4865 1918 4920 addit
1947 4875 2001 4921 et

417 4978 478 5016 ea
511 4979 632 5031 qua:
657 4979 686 5018 a
720 4963 921 5018 ssrculo
958 4962 1494 5019 administrabantur
1524 4961 1577 5016 in
1601 4961 1743 5029 ipso,
1772 4958 2000 5016 delicias

419 5071 482 5110 ac
512 5057 792 5112 lasciviam
827 5055 1202 5126 provocantia,
1231 5070 1352 5125 qua:
1387 5053 1600 5110 turbam
1623 5053 1900 5108 attraham
1933 5068 2007 5109 ac.

419 5149 637 5204 irritent

490 5265 632 5328 Quia
676 5275 988 5318 mercatores
1041 5263 1139 5317 tui.
1208 5259 1519 5332 Ἐμπόρους
1570 5259 1703 5315 dicit
1751 5275 1846 5316 eos
1903 5261 1999 5332 qui

421 5357 791 5411 nundinarum
829 5372 1042 5411 merces
1082 5366 1134 5411 ct
1170 5353 1482 5426 plausibilia
1526 5354 1732 5424 qumvis
1764 5355 1818 5408 in
1856 5365 1999 5410 terra

421 5451 706 5521 colligunt,
741 5449 861 5503 ideo
907 5449 1069 5503 etiam
1124 5449 1254 5503 dicit
1279 5446 1550 5518 principes
1584 5463 1598 5502 :
1637 5463 1811 5517 neque
1853 5447 1999 5502 enim

423 5559 721 5613 pauperum
755 5551 837 5595 est
885 5540 1008 5594 vita:
1057 5541 1316 5595 mollities
1353 5557 1367 5594 :
1419 5554 1596 5610 neque
1634 5539 1800 5594 unius
1845 5548 2004 5609 pote-

429 5635 625 5696 statis,
673 5631 840 5686 variis
902 5633 1193 5702 praestigiis
1231 5642 1485 5703 tanquam
1537 5631 1761 5686 venenis
1808 5645 2004 5686 omnes

435 5734 620 5794 gentes
650 5725 982 5790 dementare,
1014 5735 1107 5780 aut
1140 5725 1343 5796 potenti
1375 5725 1574 5778 virtute
1600 5724 1653 5777 in
1685 5723 2002 5778 servitutem

439 5817 708 5885 redigrte,
739 5828 832 5874 aut
862 5821 1142 5892 tyrannica
1171 5819 1423 5876 violeut‘a
1463 5817 1530 5872 de
1563 5818 1740 5872 tnedio
1774 5815 1959 5871 tollere
1987 5831 1998 5866 :

2103 3288 2160 3340 tv
2184 3286 2374 3355 κόσμῳ
2402 3283 2464 3337 τδ
2493 3284 2700 3354 δράμα,
2728 3281 2867 3336 ἀλλά
2897 3281 3008 3333 τῶν
3037 3279 3326 3351 οὐρανίων,
3357 3277 3430 3340 ὡς
3453 3277 3553 3348 ήδη
3583 3275 3676 3330 τοῦ

2101 3378 2400 3446 ἐναγωνίου
2439 3376 2607 3430 τόπου
2662 3373 3078 3444 ἀφανισθέντος,
3112 3371 3163 3425 οἲ
3195 3374 3252 3426 ἐν
3284 3369 3444 3441 τύπῳ
3475 3369 3566 3423 τὸν
3593 3386 3677 3422 νιο

2101 3473 2363 3542 κητήριον
2395 3468 2799 3539 ἀναδησάμενοι
2821 3465 3087 3536 στέφανον
3113 3465 3238 3518 ὅσον
3264 3465 3322 3517 ἐν
3347 3462 3675 3532 προφήταις,

2099 3566 2225 3619 ὅσον
2255 3566 2314 3618 ἐν
2341 3562 2688 3627 ἀποστόλοις,
2717 3563 2773 3614 ἐν
2794 3559 2984 3623 ὁσίοις,
3023 3560 3078 3612 ἐν
3106 3556 3413 3629 ίεράρχαις,
3445 3554 3539 3608 καὶ
3555 3553 3608 3607 εί
3625 3570 3677 3605 τι

2099 3657 2286 3711 λοιπὸν
2311 3655 2564 3725 σύστημα
2602 3653 2712 3708 τῶν
2767 3651 3258 3723 εὐαρεστησάντων
3301 3646 3443 3718 Θεῷ,
3500 3647 3678 3717 χαρᾶς

2102 3751 2365 3821 ἀλήκτου,
2415 3747 2476 3800 τὸ
2534 3745 2641 3800 ἀπὸ
2700 3744 2854 3799 τοῦδε
2902 3743 3266 3814 μετάσχοιεν,
3318 3740 3529 3795 ἀκόπου
3581 3737 3679 3791 καὶ

2101 3837 2570 3910 ἀπραγματεύτου
2600 3837 2744 3906 ζωῆς
2765 3834 3083 3905 ἠξιωμένοι,
3115 3832 3254 3902 πρὸς
3269 3830 3366 3886 τοῦ
3388 3829 3680 3897 κατ’ἀξίαν

2103 3931 2302 3994 εἰδότος
2351 3932 2558 4002 κρῖναι,
2589 3928 2844 3983 τουτέστι
2864 3967 2880 3993 ,
2931 3924 3222 3998 βραϐεύειν
3269 3925 3379 3978 τῶν
3404 3922 3580 3976 πόνων
3609 3922 3680 3975 τὰ

2101 4024 2333 4080 ἔπαθλα.

2173 4139 2283 4193 Kal
2309 4134 2454 4209 ἦρεν
2485 4155 2573 4202 εις
2601 4136 2858 4207 ἅγγελος
2895 4134 3152 4204 ἰσχυρὸς
3181 4133 3356 4188 λίθον
3377 4131 3451 4198 ὡς
3480 4130 3682 4200 μῦλον

2097 4233 2310 4304 μέγαν.
2336 4231 2626 4299 Διαφόροις
2665 4229 3048 4299 τροπολογίαις
3083 4225 3380 4280 ὑποϐάλλει
3440 4223 3538 4293 τὴν
3581 4219 3678 4274 τοῦ

2104 4324 2344 4393 φθαρτοῦ
2399 4321 2609 4390 κόσμου
2665 4319 3002 4374 συντέλειαν.
3045 4318 3138 4372 Διὸ
3167 4318 3305 4386 πρὸς
3369 4317 3490 4378 ταῖς
3537 4315 3682 4384 ειρη-

2106 4409 2296 4478 μέναις
2326 4407 2420 4460 καὶ
2466 4408 2674 4478 ταύτην
2727 4406 3109 4478 συνεπιφέρει,
3155 4407 3308 4476 μύλῳ
3365 4403 3682 4467 ἀπεικάζων

2100 4501 2263 4554 αὑτὸν
2291 4499 2642 4554 καταδύνοντι
2666 4501 2954 4571 ὁρμήματι
2975 4502 3055 4563 είς
3083 4500 3256 4570 ὑγρὰν
3288 4498 3495 4552 οὐσίαν.
3523 4495 3682 4550 Οὕτω

2096 4595 2154 4647 δέ
2191 4611 2323 4664 φησι
2347 4594 2436 4646 τὸν
2465 4593 2709 4647 τοιοῦτον
2739 4593 3062 4648 καταδύνέιν
3084 4593 3302 4663 ἁθρόον,
3355 4591 3432 4654 ὡς
3481 4591 3680 4660 μηκέτι

2095 4685 2348 4756 λείψανον
2403 4687 2570 4740 αὑτοῦ
2618 4687 2945 4756 ἐνορᾶσθαι·
2978 4686 3072 4740 καὶ
3117 4685 3210 4738 τὸν
3258 4683 3421 4738 αὑτὸν
3453 4683 3680 4754 τρόπον,

2098 4780 2193 4832 καὶ
2219 4779 2407 4832 τοῦτον
2441 4780 2522 4843 εἰς
2572 4780 2814 4850 παντελῆ
2863 4779 3086 4850 ἀδηλίαν
3116 4777 3384 4850 χωρῆσαι.
3436 4777 3545 4828 Καὶ
3591 4775 3682 4827 ἱνα

2096 4871 2256 4926 τοῦτο
2289 4873 2644 4944 ἐκδηλότερον
2731 4912 2745 4935 ,
2771 4871 3100 4945 προστίθησι
3137 4873 3232 4926 καὶ
3260 4871 3328 4924 τὰ
3355 4871 3414 4924 ἐν
3436 4869 3588 4940 αὐτῷ
3619 4867 3682 4932 ἐξ

2099 4965 2290 5026 αἰῶνος
2344 4965 2808 5035 ἐμπολιτευθέντα
2860 4965 3074 5036 τρυφῆς
3115 4963 3384 5035 παραίτια
3417 4961 3510 5016 καὶ
3532 4961 3680 5014 ἀσω-

2099 5058 2218 5124 τίας
2249 5057 2404 5129 ὄχλον
2433 5057 2845 5130 ἀνερεθίζοντα.

2174 5260 2294 5312 Ὅτι
2318 5261 2372 5312 οί
2392 5257 2641 5328 ἔμποροί
2660 5272 2797 5312 σου.
2842 5257 3149 5328 Ἐμπόρους
3166 5256 3290 5320 τοὺς
3317 5254 3683 5342 συγκᾱοοτοῦν-

2099 5368 2197 5416 τας
2251 5351 2312 5403 τὸ
2344 5351 2435 5403 ἐπὶ
2486 5349 2591 5420 γῆς
2650 5349 2810 5404 τοῦτο
2855 5350 3006 5416 λέγει
3047 5348 3418 5420 πανηγύριον,
3459 5347 3538 5400 διὸ
3587 5347 3682 5400 καὶ

2105 5442 2436 5514 μεγιστᾶνας
2463 5459 2650 5513 φησιν.
2682 5443 2758 5496 Οὐ
2791 5442 2900 5513 γὰρ
2928 5443 3179 5513 πενήτων
3215 5441 3275 5493 τὸ
3313 5439 3679 5511 ἁϐροδίαιτον,

2100 5536 2361 5605 οὐδεμιᾶς
2412 5533 2662 5601 ἐξουσίας
2698 5533 2759 5587 τὸ
2818 5533 3099 5604 διαφόροις
3150 5531 3432 5602 γοητείαις
3492 5529 3684 5599 ὥσπερ

2105 5626 2419 5695 φαρμάκοις
2446 5625 2622 5677 πάντα
2637 5625 2705 5678 τά
2734 5623 2861 5695 ἔθνη
2889 5623 3260 5694 φαρμάσσειν,
3280 5622 3312 5693 ἢ
3335 5620 3677 5683 δυναστείαις

2103 5719 2660 5788 καταδουλουμένους,
2689 5718 2720 5788 ή
2756 5720 3054 5788 τυραννικῇ
3098 5717 3188 5787 βίᾳ
3216 5715 3680 5786 ἀφανιζομένους,

2106 5809 2198 5879 ἀφ’
2228 5805 2292 5880 ἧς
2321 5809 2410 5863 καὶ
2448 5810 2656 5880 αἵματα
2685 5808 2792 5862 τῶν
2819 5806 3196 5878 ἀνακειμένων
3222 5805 3340 5879 Θεῷ
3372 5823 3453 5878 χει
3463 5803 3680 5876 paper.»
