4046 6594
392 388 504 454 737

1461 392 1850 455 COMMENT.
1894 394 1975 454 ΙΝ
2013 389 2541 456 APOCALYPSIN.

3533 406 3643 469 738

384 506 541 574 δίκην
572 503 735 575 ἐχέθη
758 545 774 570 ,
807 504 913 560 ὑπὸ
938 504 1041 576 μὲν
1077 505 1367 569 Ἰουδαῖων,
1415 508 1736 579 προφητῶν,
1766 508 1872 561 ὑπὸ
1904 508 1939 561 δ]

2065 523 2092 560 a
2118 524 2224 577 qua
2257 508 2420 562 etiam
2449 509 2676 579 sanguis
2708 524 2898 565 eorum
2923 512 3014 584 qui
3038 512 3147 569 Deo
3178 515 3554 583 servabantur,
3587 521 3640 573 in

395 596 687 667 Ἑλλήνων,
716 597 824 651 τῶν
853 597 1027 666 ἁγίων
1054 599 1370 671 μαρτύρων.

942 880 1196 935 ΚΕΦΑΛ.
1244 879 1392 947 Νςῖι.

381 994 515 1061 Περί
546 989 654 1059 τῆς
683 990 801 1045 τῶν
822 993 1007 1061 ἁγίων
1049 996 1352 1063 ὑμνῳδίας
1373 1034 1388 1057 ,
1422 993 1517 1047 καί
1559 995 1664 1050 τοῦ
1706 998 1958 1063 τριπλοῦ

464 1066 822 1136 Ἁλληλούῑα
868 1064 1012 1131 ὅπερ
1056 1066 1334 1133 ἔψαλλον
1363 1065 1463 1116 ἐπὶ
1502 1063 1575 1133 τῇ
1619 1067 1957 1136 καθαιρέσει

449 1133 826 1199 Βαϐυλῶνος.

449 1246 608 1300 Μετὰ
632 1247 817 1301 ταῦτα
849 1246 1088 1316 ἤκουσα
1112 1249 1192 1315 ὠς
1218 1249 1428 1318 φωνὴν
1455 1250 1727 1320 μεγάλην
1766 1251 1957 1321 ὄχλου

376 1340 613 1393 πολλοῦ
651 1338 814 1404 ἐντῷ
835 1340 1068 1408 οὐρανῷ
1100 1344 1423 1411 λεγόντων⁸
1468 1344 1841 1410 Ἁλληλούτα.
1888 1346 1957 1400 ’11

375 1432 639 1496 σωτηρία
660 1472 674 1495 ,
700 1433 798 1486 καὶ
831 1434 869 1501 ἡ
898 1434 1057 1502 τιμὴ,
1084 1435 1179 1487 καί
1209 1436 1245 1501 ἠ
1274 1434 1547 1503 δύναμις,
1592 1438 1687 1489 καὶ
1717 1439 1754 1505 ἡ
1806 1437 1957 1502 δόξα

376 1522 455 1586 τῷ
475 1521 596 1587 Θεῷ
622 1522 807 1592 ἡμῶν,
827 1524 914 1578 ὅτι
936 1527 1214 1593 ἀληθιναὶ
1241 1527 1335 1581 καί
1370 1526 1594 1581 δίκαιαι
1641 1532 1699 1582 al
1727 1531 1956 1598 κρίσεις

374 1614 582 1677 αὐτοῦ,
612 1615 699 1667 ὅτι
729 1615 927 1684 ἔκρινε
959 1616 1072 1683 τὴν
1100 1621 1335 1685 πόρνην
1363 1617 1478 1686 τὴν
1488 1619 1779 1689 μεγάλην,
1823 1620 1955 1687 ἥτις

374 1702 666 1773 διέφθειρε
705 1706 818 1774 τὴν
864 1707 981 1777 γῆν
1028 1708 1098 1761 ἐν
1135 1710 1377 1776 πορνείᾳ
1418 1709 1626 1777 αὐτῆς,
1681 1710 1779 1764 καί
1822 1710 1953 1775 ἐξε-

374 1796 587 1865 δίκησε
605 1800 668 1851 τὸ
680 1794 821 1869 αἷμα
844 1799 961 1853 τῶν
987 1800 1222 1855 δούλων
1239 1800 1425 1855 αὐτοῦ
1444 1802 1511 1854 ἐκ
1526 1804 1723 1868 χειρὸς
1740 1802 1951 1871 αὐτῆς.

374 1888 485 1940 Kal
506 1889 784 1957 δεύτερον
805 1890 1048 1958 εἰρηκεν
1067 1908 1081 1922 ο
1116 1891 1482 1959 Ἀλληλούΐα
1505 1908 1518 1921 ’
1541 1892 1639 1945 καί
1663 1895 1696 1946 ὀ
1721 1892 1951 1959 καπνὸς

371 1980 563 2047 αὐτῆς
609 1982 913 2036 ἀναϐαίνει
955 1985 1042 2048 εἰς
1080 1984 1233 2050 τοὺς
1271 1984 1493 2049 αἰῶνας
1529 1984 1646 2038 τῶν
1697 1985 1944 2039 αἰώνων.

372 2072 483 2125 Kal
536 2072 764 2126 ἔπεσον
810 2076 863 2127 ol
913 2076 1304 2143 πρεσϐύτεροι
1352 2078 1405 2129 oi
1456 2078 1948 2145 εἰκοσιτέσσαρες

369 2162 562 2217 καὶτὰ
586 2163 853 2233 τέσσαρα
880 2164 1012 2229 ζῶα,
1044 2166 1143 2219 καί
1181 2167 1656 2234 προσεκύνησαν
1699 2168 1780 2232 τῷ
1825 2167 1947 2234 Θεῷ

366 2256 450 2321 τῷ
512 2258 823 2327 καθημένῳ
880 2259 977 2313 ἐπὶ
1024 2260 1105 2326 τῷ
1163 2262 1373 2329 θρόνῳ,
1396 2260 1700 2331 λέγοντες
1747 2260 1947 2331 Ἀμὴν.

387 2351 763 2417 Ἀλληλούὶῖι.

454 2443 771 2510 Ἀλληλούῖα
825 2444 1081 2514 σημαίνει
1110 2443 1171 2497 τό
1197 2461 1212 2476 ·
1257 2443 1608 2513 Ὑμνήσατε,
1661 2444 1943 2499 αἰνέσατε

368 2537 475 2590 τὸν
513 2536 681 2591 Θεόν.
720 2536 1157 2607 Εὐχαριστήριον
1190 2535 1375 2589 τοίνυν
1414 2536 1633 2607 ᾅδουσιν
1681 2535 1825 2606 ᾠδὴν
1849 2534 1942 2587 ἐπὶ

366 2631 434 2698 τῇ
500 2628 866 2699 δικαιοκρισίᾳ
912 2626 1003 2680 τοῦ
1062 2627 1236 2693 Θεοῦ,
1281 2627 1364 2680 ὅτι
1417 2626 1943 2699 ἀπροσωπολήπτως

368 2718 639 2789 ὑπεξῆλθε
666 2721 733 2789 τῇ
762 2718 940 2789 πόρνῃ
963 2720 1029 2788 τῇ
1063 2717 1297 2791 μεγάλῃ.
1327 2717 1488 2788 Λέγει
1522 2718 1578 2771 δὲ
1614 2720 1741 2783 τοὺς
1772 2719 1829 2770 ὲν
1862 2717 1941 2789 τῷ

367 2807 558 2878 κόσμῳ
584 2806 781 2877 τούτῳ.

436 2899 547 2953 Kal
598 2899 880 2967 δεύτερον
926 2898 1204 2967 εἴρηκεν·
1258 2901 1646 2967 Ἀλληλούτα.
1688 2900 1812 2953 Ἐπὶ
1861 2900 1939 2970 τῷ

366 2991 569 3062 πρώτῳ
597 2992 691 3045 καὶ
725 2991 977 3063 δεύτερον
1013 2991 1352 3061 Ἀλληλούῖα,
1380 2994 1475 3045 xui.
1509 2993 1602 3045 ἐπὶ
1639 2992 1815 3063 τούτῳ
1845 2992 1939 3045 καὶ

363 3083 564 3153 τρίτον.
601 3083 710 3135 Καὶ
734 3081 812 3136 ἔτι
837 3083 1134 3151 κατωτέρω
1162 3085 1256 3137 καὶ
1284 3085 1476 3154 τρισσῇ
1513 3085 1579 3155 τῇ
1604 3082 1699 3136 τοῦ
1744 3083 1935 3154 Ἀλληο

2070 600 2291 652 modum
2321 600 2581 654 torrentis
2607 601 2812 656 eﬂttsus
2846 614 2949 670 est,
2980 620 3006 657 a
3036 605 3242 661 Judaeis
3269 609 3483 676 quidem
3514 627 3644 667 sau-

2064 692 2183 758 guis
2219 692 2636 760 prophetarum,
2666 709 2696 747 a
2737 693 2941 751 Graecis
2983 712 3110 752 \‘ero
3143 708 3458 753 sanctorum
3497 717 3643 755 mar-

2064 790 2265 852 tyrum.

2644 898 2871 954 CAPUT
2916 898 3046 953 LVI.

2064 1008 2142 1065 De
2198 1021 2354 1065 cantu
2405 1022 2746 1079 sanctorum,
2795 1022 2843 1066 et
2882 1012 2945 1066 de
2994 1013 3195 1082 triplici
3234 1014 3460 1068 Alleluia

2284 1086 2581 1137 cecinerunt
2614 1099 2709 1151 pro
2737 1083 3071 1137 subversiane
3105 1084 3412 1154 Babylonis.

3503 1018 3640 1085 quod

2130 1258 2271 1326 XIX,
2304 1261 2420 1314 1-4.
2483 1262 2608 1316 Post
2649 1264 2758 1317 lucc
2790 1265 2968 1318 audivi
2995 1275 3247 1334 tanquam
3291 1281 3464 1319 vocem
3506 1282 3638 1318 ma—

2060 1370 2216 1422 gnam
2248 1354 2415 1407 turba:
2441 1356 2621 1409 multm
2644 1357 2697 1409 in
2725 1358 2872 1425 cwlo,
2903 1360 3123 1411 dicentis
3144 1376 3162 1413 :
3197 1359 3446 1412 Alleluia.
3477 1358 3636 1413 Βηίιε

2057 1454 2105 1497 et
2136 1444 2304 1496 honor
2334 1454 2382 1498 et
2417 1456 2648 1513 potestas
2676 1458 2720 1499 et
2755 1448 2926 1516 gloria
2978 1449 3081 1501 Deo
3110 1460 3309 1511 nostra,
3344 1450 3469 1519 quia
3515 1466 3637 1503 vera

2057 1547 2106 1588 et
2131 1536 2285 1604 justa
2307 1523 2439 1589 sunt
2462 1537 2676 1605 judicia
2697 1540 2831 1606 ejus,
2859 1541 2984 1609 quia
3012 1542 3276 1608 judicavit
3310 1544 3634 1594 meretricem

2060 1642 2300 1695 magnam
2341 1643 2456 1695 qua:
2507 1630 2739 1696 corrupit
2781 1640 2975 1681 terram
3010 1632 3381 1699 prostitutione
3425 1632 3529 1693 sui,
3583 1639 3633 1683 et

2058 1716 2199 1769 ultus
2253 1726 2328 1770 est
2383 1721 2694 1788 sanguinem
2760 1737 3025 1774 serrorum
3080 1739 3296 1775 suorum
3349 1722 3412 1775 de
3474 1738 3633 1775 manu

2058 1806 2241 1872 ipsius.
2276 1807 2605 1878 Rursumque
2635 1810 2769 1863 dixit
2804 1827 2822 1865 :
2861 1812 3112 1866 Alleluia.
3152 1812 3217 1865 Et
3253 1814 3429 1881 fumus
3466 1814 3634 1878 ipsius

2056 1899 2284 1951 ascendit
2325 1901 2379 1953 in
2415 1900 2612 1954 swcula
2662 1903 2998 1957 sa'culorum.
3039 1903 3103 1956 Et
3159 1906 3498 1973 prociderunt
3550 1906 3631 1956 vi-

2052 1990 2185 2059 ginti
2212 2002 2438 2059 quatuor
2466 1995 2697 2046 seniores
2722 2005 2770 2046 et
2798 2006 3027 2064 quatuor
3052 1998 3331 2059 animalia,
3356 2008 3407 2051 et
3435 1998 3631 2049 adora-

2052 2089 2235 2132 uerunt
2266 2079 2430 2133 Deum
2465 2084 2553 2151 qui
2588 2083 2800 2138 sedebat
2839 2102 2995 2155 super
3034 2088 3311 2151 tltronum,‘
3333 2088 3560 2141 dicentes
3609 2102 3630 2142 :

2054 2170 2241 2237 Amen,
2276 2172 2508 2227 Alleluia

2121 2438 2352 2493 Alleluia
2409 2438 2676 2511 signiﬁcat
2713 2458 2727 2496 :
2765 2439 3029 2506 Laudate,
3088 2443 3372 2498 benedicite
3437 2447 3624 2502 Dium-

2049 2528 2338 2585 Canticum
2393 2531 2555 2601 igitur
2585 2544 2789 2586 canunt
2824 2533 2876 2586 iu
2915 2533 3215 2603 gratiarum
3258 2538 3528 2594 actionem
3558 2545 3626 2593 ob

2044 2620 2256 2690 justum
2293 2619 2386 2674 Dei
2419 2620 2687 2689 judicium
2718 2622 2863 2690 quod
2905 2623 3023 2676 sine
3064 2635 3311 2687 resnectu
3355 2641 3623 2695 persona-

2048 2725 2168 2765 rum
2215 2712 2501 2766 sustulerit
2549 2713 2892 2766 meretricem
2949 2713 3097 2767 illam
3155 2730 3433 2783 magnam.
3488 2717 3627 2775 Dicit

2047 2812 2225 2857 autem
2251 2817 2348 2858 eos
2376 2803 2468 2871 qui
2495 2802 2548 2855 in
2576 2804 2678 2856 hoc
2704 2803 2906 2856 mundo
2941 2811 3090 2857 sunt.

2123 2892 2453 2964 Rursumque
2476 2894 2612 2947 dixit
2633 2911 2651 2947 :
2676 2894 2931 2949 Alleluia.
2966 2895 3168 2951 Praeter
3192 2899 3426 2967 primum
3459 2902 3623 2957 etiam

2044 2987 2262 3042 additur
2318 2989 2619 3043 secundum
2668 2990 2927 3054 Alleluia,
2974 3000 3027 3045 et
3072 3005 3269 3061 praeter
3315 2994 3419 3049 hoc
3455 2997 3620 3051 etiam

2046 3078 2283 3132 tertium.
2329 3078 2409 3132 Ad
2464 3080 2579 3133 haec
2627 3093 2848 3150 quonue
2900 3081 3060 3135 etiam
3105 3082 3336 3139 inferius
3373 3102 3495 3141 cum
3528 3090 3625 3143 tri-

363 3174 521 3229 λούῖα
577 3175 924 3243 ἀναφωνήσει
964 3174 1062 3244 τὴν
1108 3175 1538 3244 τρισυπόστατον
1584 3177 1939 3246 ἁνυμνεῖσθαι

2044 3171 2169 3240 plici
2202 3170 2599 3226 acclamatione
2633 3172 2863 3226 Alleluia
2904 3174 3111 3228 laudari
3146 3175 3351 3231 ridebis
3381 3180 3449 3231 ab
3485 3179 3620 3250 ipsis

364 3267 570 3336 Τριὰδα
596 3266 684 3318 ὑπ’
702 3265 879 3320 αὐτῶν
904 3265 1224 3336 θεωρήσεις.
1257 3266 1411 3330 Τίνες
1435 3266 1491 3320 δὲ
1507 3267 1557 3319 ol
1576 3267 1939 3339 πρεσϐύτεροι

366 3359 461 3412 καὶ
486 3357 552 3411 τὰ
581 3357 823 3426 τέσσαρα
875 3356 1014 3421 ζῶα,
1072 3355 1541 3426 προτεθεώρηται.
1606 3356 1833 3419 Καπνὸς
1882 3357 1939 3409 δὲ

364 3450 554 3521 ἀνέϐη,
593 3448 986 3521 ήάποκειμένη
1022 3448 1120 3518 τῆς
1148 3446 1419 3518 τιμωρίας
1447 3445 1603 3509 ἐλπὶς
1636 3446 1695 3513 ἐξ
1741 3446 1938 3508 αἰῶνος

364 3541 801 3613 ἁποκρεμαμένη
858 3542 969 3603 τοῖς
1028 3540 1192 3606 ἀξίως
1241 3540 1350 3592 τῶν
1399 3537 1611 3592 ἑαυτῶν
1682 3536 1937 3608 πονηρῶν

362 3632 536 3705 ἔργων
569 3632 893 3705 ληψομένοις
921 3630 1019 3702 τὴν
1051 3630 1307 3702 ἀμοιϐήν.

432 3836 537 3891 Kal
568 3835 737 3905 φωνή
791 3834 861 3889 ἐκ
913 3833 1018 3888 τοῦ
1075 3834 1289 3901 θρόνου
1341 3832 1564 3899 ἐξῆλθε
1625 3833 1924 3903 λέγουσα·

359 3929 587 3984 Αἰνεῖτε
624 3928 731 3982 τὸν
754 3926 902 3981 Θεὸν
934 3924 1102 3996 ἡμῶν
1125 3924 1343 3987 πάντες
1379 3927 1432 3977 οἱ
1477 3923 1685 3977 δοῦλοι
1721 3927 1931 3993 αὐτοῦ,

360 4023 457 4074 καί
489 4025 541 4074 οἰ
569 4022 921 4091 φοϐούμενοι
947 4017 1134 4073 αὑτὸν
1157 4019 1211 4070 οἱ
1228 4017 1425 4086 μικροί
1459 4016 1555 4069 καί
1586 4019 1639 4068 οἱ
1659 4015 1929 4085 μεγάλοι.

363 4116 470 4168 Kal
504 4114 741 4181 ἤκουσα
780 4116 859 4181 ὡς
902 4112 1113 4183 φωνὴν
1156 4112 1344 4179 ὄχλου
1396 4109 1650 4172 πολλοῦ,
1710 4109 1808 4162 καί
1854 4110 1934 4174 ὠς

360 4204 575 4275 φωνὴν
602 4205 836 4259 ὑδάτων
865 4204 1130 4265 πολλῶν.
1159 4203 1258 4257 καί
1297 4202 1377 4267 ὡς
1405 4200 1617 4271 φωνὴν
1656 4199 1935 4267 βροντῶν

362 4295 629 4364 ἰσχυρῶν
654 4296 935 4362 λέγοντας
959 4312 974 4327 ο
1019 4296 1402 4362 Ἀλληλούῒα,
1443 4293 1533 4346 ὅτι
1574 4292 1934 4346 ἐϐασίλευσε

359 4391 576 4457 Κύριος
601 4392 635 4443 ὁ
658 4388 801 4453 Θεὸς
821 4386 988 4455 ἡμῶν
1011 4390 1041 4441 d
1070 4386 1513 4457 παντοκράτωρ.

431 4479 631 4550 Θρόνος
651 4478 745 4531 τοῦ
772 4476 905 4531 Θεοῦ
945 4478 1013 4530 τὰ
1041 4480 1302 4548 σεραφίμ.
1340 4479 1399 4529 Εἰ
1428 4474 1521 4531 οὖν
1545 4475 1657 4531 ἀπὺ
1684 4477 1874 4528 τούτου
1896 4490 1929 4545 η

360 4571 539 4641 φωνὴ.
568 4571 677 4641 ἄρα
697 4570 794 4624 καὶ
821 4570 927 4623 ἀπὸ
953 4568 1061 4623 τῶν
1106 4569 1366 4639 σεραφίμ.
1395 4569 1465 4621 Ἢ
1499 4570 1547 4621 εἰ
1590 4569 1686 4622 καὶ
1734 4567 1809 4638 μὴ
1838 4568 1930 4620 τὸν

360 4664 548 4736 θρόνον
575 4681 658 4727 τις
685 4663 860 4716 ἐθέλοι
883 4663 1023 4715 νοεῖν
1057 4659 1125 4713 τὰ
1165 4660 1425 4730 σεραφὶμ,
1454 4661 1590 4715 ἀλλὰ
1631 4660 1728 4715 καὶ
1758 4660 1931 4721 οὕτως

358 4758 468 4810 ἀπὸ
510 4757 620 4810 τῶν
649 4756 893 4825 σεραφὶμ
913 4756 942 4808 ὁ
965 4750 1135 4818 αἶνος.

429 4848 536 4903 Kal
562 4850 644 4915 ὠς
672 4849 883 4918 φωνὴν
909 4846 1143 4904 ὑδάτων
1162 4847 1426 4903 πολλῶν.
1452 4846 1562 4917 Τὴν
1584 4844 1769 4915 φωνὴν
1795 4844 1929 4897 ταύ-

357 4958 458 5012 την
498 4939 694 4994 πολλοῦ
746 4939 907 5010 ὄχλου
942 4939 1150 4995 ὑδάτων
1204 4938 1534 5011 καταρῤἡξει
1569 4938 1662 4991 καὶ
1691 4936 1929 5007 βροντῶν

361 5034 560 5104 ἰσχυρᾷ
586 5032 875 5097 ἀπεικάζει
907 5032 1173 5102 διηχήσει,
1193 5032 1257 5085 τὸ
1280 5030 1597 5102 διαπρύσιον
1621 5028 1714 5083 τοῦ
1753 5028 1922 5097 ὕμνου

357 5124 466 5177 τῶν
508 5124 774 5195 οὐρανίων
836 5123 931 5178 καὶ
985 5124 1303 5194 ἀναρίθμων
1357 5123 1690 5195 παραδηλῶν
1765 5122 1925 5175 δυνά-

359 5234 528 5289 μεων.

944 5328 1191 5383 ΚΕΦΑΛ.
1226 5329 1352 5384 NZ'.

354 5442 497 5511 Περί
531 5443 636 5498 τοῦ
648 5442 953 5514 μυστικοῦ
977 5444 1190 5569 γάέιουί,
1236 5442 1335 5496 καί
1387 5442 1490 5497 τοῦ
1536 5443 1786 5497 δείπνου
1823 5442 1931 5498 τοῦ

1082 5532 1156 5569 ον
1181 5531 1275 5568 ου.

1076 5531 1275 5581 ρνιου.

422 5646 728 5716 Χαίρωμεν
764 5646 868 5701 καί
917 5647 1351 5718 ἀγιιὶλιώμεθα,
1410 5645 1506 5699 καί
1560 5645 1757 5716 δῶμεν
1810 5647 1925 5716 τὴν

351 5734 544 5799 δόξαν
577 5737 757 5805 αὐτῷ,
784 5739 875 5793 ὅτι
897 5735 1084 5810 ἦλθεν
1104 5743 1137 5795 d
1164 5739 1348 5809 γάμος
1378 5738 1482 5793 τοῦ
1500 5739 1731 5809 ἀρνίου.
1754 5742 1861 5794 Kal
1884 5742 1923 5808 ἡ

350 5827 509 5898 τυνὴ
538 5830 725 5887 αὑτοῦ
761 5831 1089 5902 ἡτοίμασεν
1116 5830 1361 5901 ἑαυτὴν,
1391 5832 1489 5887 καί
1535 5832 1741 5909 ἐδόθη-
1767 5832 1920 5903 αὐτῇ

2043 3264 2366 3319 Trinitatem
2425 3266 2592 3318 trittm
2632 3280 3019 3335 personarum.
3079 3268 3312 3332 Quinam
3348 3286 3475 3325 vero
3512 3274 3625 3327 sint

2040 3356 2286 3412 seniores
2327 3366 2378 3411 et
2427 3366 2664 3426 quatuor
2712 3357 2986 3421 animalia,
3030 3358 3196 3430 804
3229 3370 3384 3415 antea
3441 3362 3619 3417 visum

2039 3456 2141 3502 est.
2184 3446 2391 3502 Fumus
2432 3457 2616 3502 autem
2663 3448 2929 3512 ascendit,
2983 3449 3086 3503 hoc
3126 3460 3228 3513 est,
3272 3464 3485 3507 servata
3536 3469 3621 3509 est

2038 3538 2292 3608 supplicii
2340 3539 2677 3609 exspectatio
2708 3554 2739 3593 a
2787 3539 2988 3593 sarculo
3032 3554 3333 3609 suspensa,
3385 3542 3470 3599 his
3527 3544 3620 3612 qui

2038 3628 2235 3683 merito
2289 3643 2515 3684 suorum
2571 3644 2865 3699 pravorum
2899 3643 3127 3699 operum
3174 3638 3304 3685 sunt
3340 3632 3618 3702 accepturi

2038 3721 2480 3777 retributionem.

2107 3831 2250 3898 XIX,
2290 3833 2344 3897 5,
2379 3832 2432 3887 6.
2468 3830 2535 3885 Et
2563 3847 2662 3886 vos:
2686 3831 2750 3884 de
2781 3832 2966 3885 throno
2993 3832 3171 3895 exivit,
3204 3832 3383 3886 dicens
3423 3849 3442 3886 :
3474 3832 3619 3887 Lau-

2034 3924 2159 3977 date
2186 3922 2349 3976 Deum
2382 3933 2641 3987 nostrum,
2674 3938 2851 3975 omnes
2872 3923 3005 3975 servi
3030 3924 3215 3989 ipsius,
3235 3933 3282 3975 et
3311 3926 3400 3991 qui
3420 3926 3617 3978 timetis

2033 4016 2206 4084 ipsum
2242 4016 2427 4082 pusilli
2469 4023 2516 4067 et
2553 4014 2750 4083 magni.
2770 4012 2835 4065 Et
2859 4014 3035 4066 audivi
3063 4015 3195 4066 sicut
3241 4032 3414 4067 vocem
3447 4016 3616 4069 turba:

2033 4110 2253 4173 multae,
2290 4119 2338 4162 et
2372 4118 2623 4177 tanquam
2669 4123 2841 4160 vocem
2884 4124 3143 4177 aquarum
3192 4108 3481 4160 multarum
3508 4148 3521 4172 ,
3566 4118 3613 4161 et

2035 4212 2289 4271 tanquam
2328 4216 2504 4253 vocem
2557 4199 2916 4251 tonitruorum
2975 4199 3222 4267 fortium,
3270 4199 3551 4251 dicentium
3594 4215 3613 4252 :
3700 4188 3703 4192 λ

2032 4290 2303 4355 Alleluia,
2339 4290 2588 4359 quoniam
2644 4288 2876 4358 regnavit
2932 4287 3186 4341 Dominus
3242 4287 3381 4341 Deus
3437 4300 3615 4342 noster

2033 4383 2381 4449 omnipotens.
3208 4392 3213 4399 ‘

2104 4471 2360 4526 Thronus
2422 4471 2513 4526 Dei
2565 4479 2693 4526 sunt
2738 4470 3015 4542 seraphim
3070 4488 3083 4526 :
3127 4471 3170 4526 si
3217 4486 3345 4541 ergo
3396 4472 3465 4526 ab
3510 4471 3611 4526 hoc

2030 4562 2198 4616 exivit
2228 4578 2353 4625 vox,
2384 4570 2531 4616 certe
2559 4570 2613 4615 et
2644 4577 2673 4615 a
2711 4562 3008 4631 seraphim.
3043 4559 3150 4614 Aut
3196 4561 3356 4615 etiam
3399 4560 3444 4615 si
3484 4562 3607 4628 quis

2031 4654 2286 4708 thronum
2351 4654 2521 4707 nollet
2587 4653 2891 4721 intelligere
2940 4653 3253 4724 seraphim,
3295 4654 3460 4708 etiam
3510 4654 3611 4707 hoc

2027 4744 2191 4799 modo
2222 4743 2501 4814 egreditur
2534 4744 2653 4799 laus
2681 4759 2711 4799 a
2743 4744 3043 4813 seraphim.

2102 4834 2163 4888 Et
2208 4846 2461 4905 tanquam
2514 4852 2688 4890 vocem
2742 4852 3000 4906 aquarum
3049 4836 3356 4888 multarum.
3408 4833 3607 4888 Vocem

2030 4925 2171 4980 lianc.
2194 4937 2476 4997 comparat
2500 4928 2807 4998 impctuoso
2837 4928 3123 4983 descensui
3155 4928 3312 4981 multi
3341 4927 3607 4982 tumultus

2031 5019 2144 5074 sive
2180 5020 2617 5089 congregationis
2652 5035 2940 5089 aquarum,
2979 5019 3213 5090 fortique
3240 5020 3605 5075 touitruorum

2033 5127 2191 5176 sono,
2219 5112 2654 5182 penetrationem
2680 5113 2857 5167 laudis
2883 5112 3196 5181 signiﬁcans
3224 5113 3527 5168 cmlestium
3552 5122 3607 5166 et

2035 5204 2447 5259 innumerarum
2488 5204 2776 5259 virtutum.

2618 5314 2846 5372 CAPUT
2887 5314 3041 5369 LVII.

2312 5429 2391 5484 De
2426 5430 2661 5501 mysticis
2690 5429 2889 5498 nuptiis
2917 5438 2965 5482 et
2998 5443 3141 5481 ccena
3174 5426 3319 5497 agni.

2104 5650 2257 5719 XIX,
2287 5653 2443 5709 7-10.
2482 5668 2816 5708 unuaeamus
2862 5661 2912 5707 et
2954 5650 3295 5711 exsultsmus,
3332 5661 3383 5704 et
3423 5650 3603 5705 demus

2029 5742 2131 5812 ipsi
2159 5744 2407 5814 gloriam,
2440 5746 2683 5815 quoniam
2714 5753 2962 5799 venerunt
2994 5744 3193 5810 nuptiae
3218 5743 3361 5811 agni,
3386 5750 3433 5796 et
3471 5754 3603 5795 uxor

2031 5837 2195 5905 ipsius
2228 5838 2547 5907 pra'paravil
2584 5854 2637 5891 se
2672 5851 2690 5890 :
2725 5846 2773 5892 et
2802 5838 2986 5892 datum
3013 5848 3088 5894 est
3119 5836 3223 5907 ipsi
3264 5844 3318 5890 ut
3345 5836 3600 5890 vestiatur
