4010 6576
428 354 537 418 ’739
1264 350 1593 412 ARETII/E
1624 350 2003 412 C.ESARE[E

2115 351 2518 414 ιΡΡΑΒΟΟΙίΕ
2550 353 2891 417 EPISCOPI
3589 354 3698 422 740

426 465 638 537 byssina
668 464 942 535 splendido
970 474 1020 518 et
1054 479 1187 532 puro
1227 478 1246 517 :
1289 480 1409 517 nam
1441 464 1713 533 byssinum
1738 462 2007 532 justiﬁca-

2115 464 2213 518 ἵνα
2244 464 2629 533 περιϐάληται
2651 467 2965 531 βύσσινον
2982 468 3263 536 λαμπρὸν
3289 466 3387 521 καί
3409 471 3694 537 καθαρόν.

427 560 593 612 tiones
624 568 744 611 sunt
786 567 1113 610 sanctorum.
1157 554 1222 609 Et
1272 556 1350 608 ait
1382 556 1511 609 mihi
1541 569 1559 607 :
1591 552 1774 608 Scribe
1795 570 1814 608 :
1852 554 2007 609 Beati

2120 558 2188 610 Τὸ
2215 557 2325 625 γὰρ
2346 557 2677 625 βύσσινον,
2705 558 2777 612 τὰ
2802 558 3163 628 δικαιώματα
3188 558 3307 612 τῶν
3325 559 3510 628 ἁγίων
3537 561 3698 617 ἐστι.

423 651 515 719 qui
548 649 616 702 ad
660 663 863 701 οωιιιιιιι
897 648 1203 715 nuptiarum
1230 646 1355 716 agni
1386 646 1557 700 vocati
1588 655 1732 699 sunt.
1783 644 1848 698 Et
1875 646 2005 699 dicit

2115 648 2221 702 Kal
2251 647 2413 718 λέγει
2424 665 2549 716 μοι·
2570 651 2839 718 ι’ράψονο
2859 650 3145 719 Μακάριοι
3169 653 3223 705 οι
3242 653 3331 718 είς
3356 651 3422 706 τὸ
3449 650 3699 705 δεῖπνον

426 742 557 796 mihi
597 758 615 797 :
659 741 733 796 Hi
786 759 1048 796 sermones
1107 741 1200 796 Dei
1243 741 1349 795 veri
1401 748 1543 794 sunt.
1590 738 1657 817 Et
1698 739 1905 808 procidi
1938 742 2007 792 ad

2115 726 2215 792 τοῦ
2240 737 2430 807 γάμου
2457 739 2563 794 τοῦ
2592 741 2805 809 ἀρνίου
2833 740 3213 811 κεκλημένοι.
3251 740 3361 796 Kal
3388 742 3553 811 λέγει
3570 758 3693 811 μοι·

424 835 580 903 pedes
610 834 724 904 ejus
765 843 821 887 ut
848 838 1129 890 adorarent
1166 849 1305 888 eunt.
1340 831 1406 885 Et
1440 832 1516 885 ait
1558 831 1685 884 mihi
1722 846 1741 884 :
1796 829 1922 885 Vide
1948 847 2007 885 ne

2115 826 2288 886 οὗτοι
2311 833 2366 885 al
2387 831 2557 902 λόγοι
2586 832 2862 900 ἀληθινοί
2884 833 2993 887 τοῦ
3028 835 3177 889 Θεοῦ
3206 837 3345 890 εισι.
3402 834 3514 889 Kal
3559 835 3697 888 ἔπε-

425 926 611 996 [eceris
643 941 662 979 :
693 941 966 980 conservus
999 936 1119 982 tuus
1149 942 1286 988 sum,
1319 932 1367 977 et
1398 925 1628 992 fratrum
1666 931 1878 976 tuorum
1914 924 2007 977 Ioa-

2115 937 2223 976 σον
2245 923 2585 991 ἔμπροσθεν
2612 923 2730 977 τῶν
2766 925 2971 980 ποδῶν
3010 926 3219 992 αὑτοῦ,
3264 925 3697 996 προσκυνῆσαι

429 1017 658 1072 bentium
707 1019 1067 1072 testimonium
1100 1016 1234 1071 Iesu
1267 1030 1286 1070 :
1321 1014 1483 1069 Deum
1512 1013 1708 1068 adora.
1751 1013 2007 1069 Testimo-

2115 1012 2287 1080 αὐτῷ,
2312 1015 2410 1069 καί
2436 1014 2599 1085 λέγει
2628 1034 2732 1086 μοι
2759 1034 2774 1048 ο
2810 1018 2980 1086 Ὅρα,
3012 1019 3119 1087 μή.
3183 1019 3529 1084 Σύνδουλός
3576 1019 3694 1073 σού

431 1111 580 1164 nium
602 1111 739 1165 enim
766 1110 899 1164 Filii
926 1120 1005 1164 est
1036 1109 1255 1179 spiritus
1283 1107 1589 1177 prophetia.

2107 1108 2243 1176 εἰμι,
2285 1107 2385 1161 καί
2422 1108 2541 1163 τῶν
2581 1108 2864 1179 ἀδελφῶν
2911 1124 3030 1165 σου
3073 1110 3194 1164 τῶν
3254 1110 3521 1178 ἐχόντων
3575 1108 3695 1177 τὴν

423 1203 758 1272 μαρτυρίαν
789 1200 995 1269 Ἰησοῦ
1016 1216 1030 1229 ·
1060 1198 1141 1265 τῷ
1177 1198 1300 1264 Θεῷ
1330 1197 1796 1268 προσκύνησον·
1820 1196 1860 1265 ἡ
1926 1196 2036 1266 γὰρ
2065 1186 2368 1267 μαρτυρία
2405 1198 2513 1254 τοῦ
2550 1199 2687 1255 Υιοῦ
2708 1199 2842 1255 ἐστι
2912 1200 2978 1255 τὸ
3029 1201 3265 1271 πνεῦμα
3310 1202 3423 1271 τῆς
3455 1215 3696 1270 προφηο

428 1314 613 1350 τειαρ.

499 1317 558 1350 ια
600 1336 613 1349 .

499 1317 824 1457 ὃρζίιίιυαιοε
869 1382 1085 1438 Domini
1115 1382 1318 1452 nuptiae
1348 1381 1402 1437 in
1449 1382 1706 1452 praesenti
1736 1383 1844 1435 vita
1878 1386 2006 1435 sunt

427 1480 499 1535 ob
543 1477 1029 1547 desponsationem
1075 1490 1202 1529 cum
1236 1474 1503 1539 Ecclesia,
1540 1484 1595 1530 et
1639 1473 1713 1528 ita
1756 1471 2009 1543 perfecta:

427 1572 655 1641 nuptiae.
687 1570 865 1637 Atque
900 1570 1004 1623 hoc
1036 1567 1217 1622 innuit
1250 1565 1410 1623 divus
1442 1566 1739 1637 Apostolus
1765 1563 2009 1619 scribens

2207 1381 2249 1432 0
2272 1379 2329 1432 ὲν
2353 1379 2432 1451 τῷ
2460 1379 2688 1449 παρόντι
2735 1381 3101 1447 πνευματικὸς
3128 1382 3309 1452 γάμος
3356 1382 3451 1436 τοῦ
3484 1386 3689 1457 Κυρίου

2108 1468 2201 1520 ἐπὶ
2230 1470 2295 1539 τῇ
2324 1469 2461 1537 πρὸς
2486 1469 2585 1540 τὴν
2617 1469 2947 1539 Ἐκκλησίαν
2978 1472 3244 1544 μνηστείᾳ
3264 1475 3406 1539 ἐστὶ,
3433 1476 3525 1530 καὶ
3546 1477 3689 1532 οὕτω

2109 1558 2312 1622 τέλειος
2347 1560 2544 1629 γάμος.
2574 1560 2684 1613 Καὶ
2717 1559 2878 1613 τοῦτο
2905 1562 3196 1615 αἰνίττεται
3221 1565 3249 1617 ὁ
3276 1564 3418 1628 θεῖος
3434 1565 3692 1620 ’Δπόστο-

422 1667 495 1721 ad
521 1663 837 1720 Corinthios
869 1679 882 1716 :
930 1680 948 1713 ι
987 1661 1181 1731 Aptavi
1218 1660 1368 1714 enim
1393 1676 1494 1715 vos
1534 1659 1626 1713 uni
1664 1660 1779 1713 viro
1813 1667 1872 1713 ut
1902 1655 2007 1710 vir-

2115 1651 2199 1714 λος
2232 1650 2538 1721 Κορινθίοις
2554 1652 2803 1721 γράφων·
2851 1669 2870 1703 ι
2912 1652 3271 1725 Ἦρμοσάμην
3294 1655 3403 1725 γὰρ
3438 1658 3578 1726 ὑμᾶς
3610 1660 3693 1713 ἑνὶ

428 1758 609 1828 ginem
643 1765 849 1811 castam
884 1753 1198 1808 exhiberem
1227 1751 1449 1807 Christo
1469 1752 1537 1803 ".
1577 1771 1595 1804 ι

506 1848 575 1902 Et
621 1865 754 1902 uxor
798 1848 984 1915 ipsius.
1050 1828 1289 1900 Uxorem
1330 1844 1602 1915 allegoria:
1645 1842 1809 1913 805
1850 1851 2007 1911 tropo

429 1952 587 1995 vocat
612 1940 936 2003 Ecclesium,
971 1938 1094 1992 ideo
1121 1947 1177 1991 et
1210 1937 1303 1991 ﬁlii
1342 1937 1541 2005 nuptiae
1570 1935 1928 2000 inducuntur,
1956 1943 2010 1988 et

427 2033 670 2103 virgines
724 2041 853 2087 sunt
907 2044 1026 2100 qua:
1061 2028 1244 2083 ierunt
1291 2027 1602 2097 lampades,
1645 2042 1879 2097 quarum
1928 2028 2010 2081 hae

427 2141 550 2195 qua:
598 2122 889 2179 suﬁicienti
923 2136 1036 2177 usae
1069 2128 1199 2176 sunt
1245 2120 1385 2181 oleo,
1433 2120 1611 2189 digna:
1644 2118 1843 2173 habita:
1882 2126 2011 2173 sunt

429 2226 489 2270 ut
534 2215 602 2268 ad
652 2227 914 2283 sponsum
964 2209 1429 2281 ingrederentur:
1478 2224 1600 2278 quae
1627 2223 1756 2263 vero
1794 2208 1848 2262 in
1890 2207 2011 2279 ejus

429 2309 613 2376 inopia
664 2314 797 2361 sunt
835 2303 1210 2374 deprehensas,
1246 2301 1622 2358 condemnata:
1663 2308 1790 2356 sunt
1821 2314 1888 2355 ne
1928 2300 2012 2354 in-

428 2396 789 2468 grederentur
826 2411 841 2448 :
891 2392 1355 2463 quemadmodum
1387 2406 1521 2447 sane
1543 2399 1598 2447 et
1640 2391 1687 2446 is
1735 2390 1831 2461 qui
1860 2400 2011 2447 veste

430 2503 540 2542 non
596 2486 698 2542 fuit
736 2486 962 2541 indutus
1007 2484 1263 2555 nuptiali,
1312 2492 1569 2539 ostensus
1617 2492 1698 2539 est
1747 2499 1779 2539 a
1822 2498 2010 2539 mensa

429 2580 659 2649 nuptiali
703 2565 1003 2634 excidisse.
1037 2578 1128 2644 Ait
1160 2586 1340 2633 autem
1376 2577 1563 2633 datum
1611 2576 1784 2633 fuisse
1830 2577 2009 2643 uxori,

430 2671 485 2725 id
523 2678 608 2725 est
651 2668 931 2735 Ecclesiae,
987 2678 1048 2724 ut
1094 2668 1323 2739 byssino
1357 2667 1705 2734 indueretur,
1739 2668 1841 2723 hoc
1882 2675 2008 2730 est,

429 2763 738 2833 splendore.
796 2760 931 2817 Nam
970 2760 1287 2832 hujusmodi
1338 2768 1425 2815 est
1471 2769 1525 2816 et
1579 2760 1777 2832 hyssus
1821 2768 2010 2815 cortex

428 2856 646 2912 arboris
688 2852 906 2919 Indicae,
942 2868 1066 2924 qua:
1102 2853 1167 2907 ad
1200 2852 1371 2907 linum
1418 2861 1779 2924 praeparatur.
1814 2852 2010 2923 Splen-

424 2945 561 3001 dore
595 2945 761 3017 igitur
804 2959 903 3016 per
936 2942 1221 3015 byssinum
1255 2943 1566 3015 signiﬁcato
1597 2943 1617 3013 (
1647 2944 1794 3015 quod
1828 2946 2006 3015 ipsum

429 3052 671 3108 praesens
737 3050 960 3108 quoque
1035 3035 1297 3093 revelatio
1374 3036 1750 3102 demonstrat,
1819 3038 2009 3093 dicens

2046 1782 2087 1837 B
2114 1743 2271 1814 ἀνδρὶ
2300 1741 2570 1812 παρθένον
2600 1743 2768 1812 ἁγνὴν
2798 1745 3147 1815 παραστῆσαι
3180 1746 3260 1816 τῷ
3280 1748 3521 1818 Χριστῷ.
3562 1769 3579 1801 ι

2186 1834 2295 1890 Kal
2322 1836 2360 1904 ἠ
2380 1833 2532 1904 γυνὴ
2550 1836 2758 1890 αὑτοῦ.
2793 1837 3029 1890 Γυναῖκα
3051 1838 3152 1909 τὴν
3181 1838 3510 1911 Ἐκκλησίαν
3524 1842 3692 1912 ἀλλη-

2115 1929 2308 1999 γορίας
2342 1929 2530 1999 τρόπῳ
2550 1931 2725 1995 καλεῖ,
2768 1930 2850 1983 διὸ
2884 1931 2979 1984 καὶ
3024 1931 3200 2002 γάμος
3230 1933 3513 2001 εἰσάγεται
3540 1934 3690 2000 Υἱοῦ,

2116 2021 2211 2074 καὶ
2239 2020 2500 2093 παρθένοι
2522 2021 2955 2093 λαμπαδοερδροι,
2986 2017 3062 2077 ὧν
3088 2025 3142 2077 αἱ
3186 2024 3287 2093 μὲν
3321 2025 3535 2097 διαρκεί
3558 2045 3696 2098 χρη·

2116 2113 2352 2184 σάμεναι
2400 2114 2482 2184 τῷ
2532 2114 2719 2186 ἐλαίῳ,
2769 2116 2869 2186 τῆς
2908 2118 2988 2180 είς
3040 2116 3130 2170 τὸν
3172 2118 3436 2188 νυμφῶνα
3482 2120 3690 2174 εἰσόδου

2156 2204 2396 2272 ξίωνται,
2420 2204 2557 2260 αἰδὲ
2592 2207 2774 2279 σπάνῃ
2812 2206 3006 2260 τούτου
3056 2207 3380 2277 λειφθεῖσαι,
3402 2208 3691 2280 θυραυλεῖν

2116 2298 2545 2368 κατεκρίθησαν,
2593 2297 2785 2370 ὥσπερ
2816 2298 3009 2370 ἀμέλει
3040 2302 3135 2353 καὶ
3162 2300 3191 2353 ὁ
3219 2302 3294 2371 μὴ
3324 2302 3507 2371 γάμου
3541 2302 3692 2355 ἔνδυο

2117 2405 2196 2459 μα
2224 2389 2624 2459 ἠμφιεσμένος,
2672 2390 2953 2455 ἐκπτωτος
2994 2390 3095 2463 τῆς
3122 2393 3370 2463 γαμικῆς
3399 2394 3691 2466 ἀπεφάνθη

2111 2481 2412 2550 τραπέζης.
2446 2480 2708 2534 Δεδόσθαι
2755 2480 2814 2534 δέ
2848 2498 2983 2552 φησι
3035 2486 3103 2554 τῇ
3140 2485 3378 2553 γυναικὶ,
3415 2486 3687 2547 τουτέστι.

2112 2572 2181 2641 τῇ
2242 2570 2577 2643 Ἐκκλησία,
2630 2572 2691 2626 τὸ
2746 2571 2999 2642 βύσσινον
3044 2573 3411 2642 ἐνδύσασθαι,
3445 2576 3691 2631 οίονεὶτδ

2114 2660 2386 2732 λαμπρόν.
2419 2662 2671 2717 Τοιοῦτον
2694 2663 2918 2735 γὰρκαὶ
2948 2666 2982 2736 η
3016 2664 3231 2736 βύσσος,
3266 2668 3450 2739 φλοιὸν
3469 2669 3687 2741 δένδρου

2132 2752 2377 2818 Ἰνδικοῦ,
2433 2754 2515 2818 είς
2560 2754 2705 2809 λίνον
2759 2758 3224 2829 κατειργασμένη.
3280 2759 3388 2814 Τοῦ
3428 2761 3686 2832 λαμπροῦ

2114 2844 2296 2900 τοίνυν
2326 2846 2417 2899 διὰ
2457 2845 2551 2901 τοῦ
2608 2846 2864 2918 βυσσίνου
2896 2848 3230 2919 δηλωθέντος
3251 2893 3267 2919 ,
3292 2852 3323 2906 δ
3353 2855 3448 2908 καὶ
3488 2855 3622 2909 αὐτὸ
3652 2856 3687 2924 η

2115 2938 2453 3009 προκειμένη
2496 2939 2842 3011 ἀποκάλυψις
2892 2945 3158 3015 παριστᾷ,
3201 2944 3263 2997 τὸ
3315 2944 3567 3017 λαμπρὸν
3606 2948 3688 3001 εί-

2115 3028 2293 3083 ποῦσα
2315 3030 2408 3083 καὶ
2430 3030 2698 3103 καθαρὸν,
2734 3032 2786 3085 τί
2808 3032 2873 3087 ἂν
2903 3034 3032 3088 ἄλλο
3059 3034 3361 3108 ἐννοηθείη,
3391 3035 3425 3107 ἢ
3457 3038 3513 3090 al
3549 3040 3683 3108 ἀρε-

426 3127 774 3198 splendidum
805 3135 860 3184 et
886 3127 1105 3201 purum)
1133 3130 1262 3199 quid
1294 3129 1443 3185 aliud
1486 3129 1821 3201 intelligetur
1844 3145 2007 3201 quam

2115 3121 2230 3185 cal,
2275 3115 2365 3187 αἷς
2414 3124 2476 3177 τὸ
2510 3123 2763 3197 λαμπρὸν
2798 3126 2894 3179 καὶ
2937 3126 3153 3195 λεπτὸν,
3187 3130 3300 3192 τοῖς
3329 3130 3686 3202 διανοήμασιν

427 3221 697 3285 virtutes,
752 3234 783 3275 e
836 3220 1038 3291 quibus
1081 3220 1339 3292 splendor
1392 3236 1457 3276 ac
1490 3222 1771 3278 subtilitas
1805 3222 2007 3278 texitur

426 3311 961 3368 considerationibus
998 3313 1308 3369 divinarum
1338 3313 1841 3384 justiﬁeationum"?

500 3401 651 3457 Beati
689 3405 779 3474 qui
811 3404 879 3458 ad
912 3420 1112 3459 caenam
1155 3406 1462 3475 nuptiarum
1498 3407 1622 3477 agni
1649 3407 1820 3460 vocati
1859 3415 2005 3461 sunt.

431 3492 653 3564 Utique,
689 3496 734 3551 si
760 3495 924 3551 etiam
953 3496 1299 3553 vocationem
1333 3506 1639 3568 sequantur
1663 3507 1721 3554 ut
1749 3505 2005 3568 oportet:

364 3638 369 3641 .
430 3586 632 3643 multos
663 3603 901 3659 namque
927 3588 981 3644 in
1028 3589 1321 3663 Evangelio
1351 3592 1556 3647 scimus
1601 3606 1725 3648 esse
1764 3600 2005 3655 vocatos,

430 3694 639 3749 paucos
656 3695 787 3736 vero
816 3682 1040 3739 electos.
1062 3682 1251 3755 Neque
1275 3684 1425 3739 enim
1450 3683 1649 3740 sufﬁcit
1674 3684 1905 3739 allectus
1933 3682 2002 3738 ad

428 3770 795 3839 vocationem,
853 3773 960 3829 nisi
999 3775 1167 3831 etiam
1198 3775 1266 3831 ad
1324 3776 1670 3847 propositum
1742 3784 2008 3846 sequatur

429 3860 591 3929 agilis
618 3861 905 3930 impulsus.

516 3950 642 4007 Vide
669 3969 732 4008 ne
776 3955 984 4026 feceris.
1014 3954 1095 4012 Ne
1135 3969 1225 4011 me
1275 3954 1493 4023 adores,
1528 3956 1705 4028 inquit
1754 3959 2004 4031 angelus,

430 4050 693 4113 tanquam
744 4044 922 4101 futura
953 4045 1341 4118 praedicentem
1374 4065 1389 4102 :
1424 4062 1602 4119 neque
1641 4048 1791 4105 enim
1823 4064 2003 4106 meum

328 4192 331 4197 λ
430 4142 517 4189 est
546 4136 650 4191 hoc
678 4138 983 4209 prophetiae
1012 4138 1299 4204 indicium,
1338 4139 1437 4197 sed
1477 4140 1848 4199 confessionis
1877 4158 2005 4215 pro-

429 4234 551 4295 pter
588 4224 869 4283 Christum
922 4242 1319 4286 conservorum
1368 4245 1615 4287 meorum
1656 4249 1671 4287 :
1721 4249 1849 4289 nam
1889 4234 2005 4291 haec

426 4325 513 4370 est
547 4331 667 4385 quae
699 4318 951 4388 spiritum
982 4321 1360 4390 propheticum
1390 4323 1668 4378 conciliat.

2112 3212 2457 3283 ἐξυφαίνεται
2480 3215 2588 3269 τῶν
2620 3214 2779 3271 θείων
2801 3217 3184 3288 δικαιωμάτων
3203 3236 3218 3288 ;

2178 3395 2470 3465 Μακάριοι
2494 3399 2554 3451 ol
2572 3400 2659 3466 εις
2687 3401 2753 3454 τὸ
2780 3399 3033 3455 δεῖπνον
3061 3400 3168 3455 τοῦ
3192 3402 3382 3473 γάμου
3413 3403 3519 3459 τοῦ
3573 3405 3681 3475 ἀρ-

2109 3488 2245 3543 νίου
2280 3490 2663 3560 κεκλημένοι.
2706 3493 2815 3547 Καὶ
2836 3493 2897 3565 δή
2929 3510 2992 3563 γε
3024 3495 3116 3548 καὶ
3143 3496 3280 3564 μετά
3332 3496 3433 3567 τὴν
3487 3498 3682 3568 κλῆσιν

2110 3580 2383 3649 ἀπιόντες,
2415 3581 2489 3646 ὡς
2516 3583 2617 3639 δεῖ.
2655 3584 2890 3650 Πολλοὺς
2925 3585 3036 3657 γὰρ
3090 3588 3249 3659 ἴσμεν
3270 3590 3330 3643 ὲν
3358 3588 3437 3661 τῷ
3495 3591 3678 3660 Εὐαγ-

2109 3672 2273 3744 γελίῳ
2301 3674 2694 3747 κεκλημένους,
2727 3676 2939 3747 ὀλίγους
2965 3677 3020 3731 δὲ
3064 3680 3190 3743 τοὺς
3243 3681 3552 3744 ἐκλεκτούς.
3592 3682 3670 3735 Οὐ

2107 3766 2216 3838 γὰρ
2242 3768 2275 3836 η
2307 3767 2442 3837 πρὸς
2466 3767 2566 3838 τὴν
2590 3768 2785 3839 κλῆσιν
2805 3769 2952 3842 ὁρμὴ
2979 3768 3221 3842 ἐξαρκεῖ.
3253 3772 3319 3827 ἂν
3353 3773 3429 3845 μὴ
3460 3776 3553 3829 καὶ
3579 3792 3681 3846 με-

2107 3859 2425 3929 ταχείρησις
2453 3858 2716 3932 εὔδρομος
2808 3866 2875 3933 τῇ
2904 3864 3185 3935 προθέσει.

2184 3946 2361 4006 Οὗτοι
2417 3953 2474 4006 οι
2528 3953 2697 4024 λόγοι
2750 3955 3051 4023 ἀληθινοί.
3119 3955 3212 4027 Μὴ
3241 3958 3535 4029 προσκύνει
3584 3976 3678 4030 με,

2106 4041 2272 4114 φησὶν
2300 4041 2329 4094 δ
2360 4043 2608 4112 ἄγγελος,
2636 4045 2714 4110 ὡς
2749 4046 2819 4101 τὰ
2874 4047 3136 4119 μέλλοντα
3202 4050 3550 4120 προλέγοντα.
3600 4053 3676 4106 οὐ

2106 4136 2215 4207 γὰρ
2245 4136 2378 4206 ὲμδν
2404 4137 2561 4192 τοῦτο
2580 4138 2681 4208 τῆς
2712 4140 3045 4211 προφητείας
3072 4140 3131 4195 τὸ
3177 4142 3485 4213 γνώρισμα,
3534 4145 3672 4199 ἀλλά

2106 4230 2205 4294 τῆς
2233 4229 2321 4283 διὰ
2340 4231 2432 4285 τὸν
2456 4233 2692 4303 Χριστὸν
2726 4232 3015 4303 ὁμολογίας
3057 4234 3165 4289 τῶν
3197 4234 3508 4290 συνδούλων
3545 4254 3671 4305 μου.

2105 4319 2253 4389 Αὕτη
2283 4321 2392 4390 γάρ
2428 4323 2543 4376 ἔστι
2566 4324 2800 4395 χορηγὸς
2825 4325 2918 4380 τοῦ
2949 4327 3291 4399 προφητικοῦ
3342 4331 3673 4401 πνεύματος.

502 4405 880 4464 Testimonium
932 4413 1071 4466 enim
1117 4411 1248 4467 Filii
1308 4422 1385 4469 est
1436 4415 1656 4483 spiritus
1696 4415 2001 4483 prophetiae.

2193 4411 2254 4466 Ἠ
2275 4412 2383 4481 γὰρ
2405 4417 2704 4484 μαρτυρία
2732 4417 2839 4472 τοῦ
2878 4418 3014 4473 Υιοῦ
3040 4419 3173 4475 ἐστι
3208 4421 3274 4475 τὸ
3304 4422 3541 4492 πνεῦμα
3564 4422 3676 4492 τῆς

430 4494 546 4551 Hoc
585 4509 693 4564 est,
742 4502 1036 4556 retributio
1064 4506 1362 4560 testimonii
1405 4504 1530 4561 iacti
1555 4519 1659 4575 pro
1675 4504 1895 4561 Christo
1923 4516 2007 4561 est

2115 4505 2500 4573 προφητείας.
2545 4505 2691 4562 Ἀντὶ
2727 4507 2826 4578 τῆς
2887 4508 3125 4579 ἄμοιόῆς
3173 4512 3273 4582 τῆς
3313 4511 3400 4567 διὰ
3439 4514 3677 4585 Χριστὸν

430 4588 635 4643 donum
670 4591 1073 4660 propheticum,
1106 4594 1253 4650 sicut
1288 4604 1374 4652 est
1414 4596 1580 4650 etiam
1608 4595 1784 4650 eidem
1810 4596 2007 4663 simile,

2115 4596 2436 4666 μαρτυρίας,
2493 4597 2555 4651 τδ
2610 4600 2948 4670 προφητικὸν
2994 4602 3109 4655 ιστι
3131 4604 3396 4675 χάρισμα,
3432 4607 3509 4670 ὠς
3558 4608 3675 4662 ἐστι

432 4679 614 4749 inquit
637 4680 889 4751 angelus.
914 4679 1198 4751 Siquidem
1229 4685 1557 4754 prophetare
1582 4682 1717 4739 mihi
1749 4684 2007 4740 traditum

2115 4685 2198 4737 καὶ
2231 4686 2417 4756 ὅμοιον
2449 4691 2516 4761 τῇ
2574 4691 2731 4763 αὐτῇ.
2763 4692 2931 4763 φησὶν
2973 4695 3003 4747 δ
3060 4695 3313 4765 ἄγγελος.
3349 4699 3423 4753 Τδ
3452 4717 3670 4773 προφη-

426 4781 511 4828 est
543 4781 768 4843 prepter
798 4788 1093 4832 conservos
1127 4790 1282 4831 meos
1316 4783 1606 4845 martyres.

2115 4777 2278 4831 ιεύειν
2316 4778 2425 4851 γὰρ
2451 4780 2539 4836 διὰ
2562 4782 2686 4846 τοὺς
2732 4783 3049 4850 συνδούλους
3093 4804 3195 4857 μου
3225 4790 3353 4853 τοὺς
3387 4791 3675 4864 μάρτυρας

2100 4869 2438 4941 παρεσχέθη.

2037 4476 2082 4531 D

982 4942 1211 5001 CAPUT
1256 4943 1438 5001 LVIII.

425 5052 702 5117 Quomodo
733 5055 919 5109 uiderit
952 5054 1291 5131 Evangelista
1314 5055 1582 5131 Cltristum
1606 5075 1736 5131 equo
1764 5062 1998 5120 insiden—

495 5132 597 5203 tem
645 5139 763 5176 cum
821 5127 1169 5194 potestatibus
1221 5128 1473 5199 angelicis
1538 5127 1789 5188 terrorem
1846 5137 1995 5191 incu-

494 5206 730 5247 (tentem.

2660 4966 2908 5023 ΚΕΦΑΛ.
2963 4960 3099 5025 NII'.

2094 5072 2239 5159 Πῶς
2258 5076 2366 5159 τὸν
2386 5078 2648 5159 Χριστρν
2672 5082 3195 5159 ό-Ειῖαγγελιστὴς
3219 5087 3484 5159 ἔφιππον
3516 5089 3669 5159 μετὰ

2201 5145 2520 5216 δυνάμεων
2551 5145 2888 5220 ἀγγελικῶν
2915 5145 3209 5210 ἓθεάσατο
3239 5145 3363 5213 σὺν
3381 5145 3563 5230 φόόᾦ.

490 5302 637 5368 XIX,
684 5305 867 5362 lI-M.
923 5305 993 5361 Et
1043 5308 1153 5363 vidi
1204 5308 1391 5364 calum
1453 5320 1734 5381 apertum:
1780 5327 1829 5371 et
1879 5335 1994 5375 ecce

2162 5323 2272 5378 Kal
2309 5320 2474 5379 εἶδον
2496 5326 2603 5381 τὸν
2633 5326 2894 5398 οὐρανὸν
2936 5330 3336 5400 ἀνεῳγμένον.
3379 5334 3489 5387 Kal
3537 5334 3666 5389 ίδοὺ

417 5412 580 5467 equus
609 5396 783 5462 albus,
818 5410 868 5453 et
898 5400 990 5470 qui
1020 5402 1232 5456 sedebat
1260 5419 1417 5474 super
1448 5421 1565 5460 eum
1592 5408 1766 5478 ﬁdelis
1791 5423 1904 5467 erat
1940 5428 1989 5471 et

2115 5418 2279 5483 ’ππος
2306 5418 2548 5485 λευκὸς,
2574 5420 2669 5473 καὶ
2752 5396 3201 5491 καθήμενος-ἐπ’
3218 5424 3426 5489 αὑτὸν,
3451 5428 3666 5493 πιστὸς

416 5502 598 5552 verax,
630 5497 679 5541 et
711 5489 765 5542 in
792 5490 1005 5558 justilia
1033 5493 1246 5563 judicat
1287 5505 1337 5549 et
1363 5508 1585 5569 pugnat.
1618 5499 1773 5557 Oculi
1811 5516 1989 5560 autem

2115 5509 2190 5564 sal
2225 5509 2531 5577 ἀληθινὸς,
2567 5512 2666 5566 καὶ
2704 5489 3157 5583 ἐνδικαιοσύνῃ
3186 5517 3375 5584 κρίνει
3401 5518 3501 5572 καὶ
3549 5489 3659 5572 πολ

412 5580 582 5649 ipsius
620 5580 789 5651 806
818 5595 1072 5656 tanquam
1103 5588 1323 5658 ﬂamma
1350 5592 1487 5663 ignis
1516 5609 1535 5646 .'
1566 5602 1615 5648 et
1642 5612 1799 5666 super
1828 5608 1986 5666 caput

2115 5599 2277 5668 ιεμεῖ.
2309 5602 2374 5654 οι
2414 5600 2482 5653 δὲ
2519 5601 2813 5674 ὀφθαλμοί
2866 5606 3075 5675 αὑτοῦ,
3125 5580 3402 5677 ’ὦς’φλὸε
3449 5608 3661 5677 πυρός.

487 5760 534 5794 ⁹²
564 5762 609 5814 ιι
644 5765 767 5821 Cor.
810 5785 867 5834 ιι,
901 5774 953 5827 2.
