  <div class='ocr_page' id='page_1' title='image "/cluster/home/n/w/nwhite01/storage/ocr_20150623/106/hvd.32044051727071/382.png"; bbox 0 0 4010 6618; ppageno 0'>
   <div class='ocr_carea' id='block_1_1' title="bbox 319 433 419 499">
    <p class='ocr_par' dir='ltr' id='par_1_1' title="bbox 319 433 419 499">
     <span class='ocr_line' id='line_1_1' title="bbox 319 433 419 499; baseline 0 0"><span class='ocrx_word' id='word_1_1' title='bbox 319 433 419 499; x_wconf 68' lang='grc'><strong><em>741</em></strong></span> 
     </span>
    </p>
   </div>
   <div class='ocr_carea' id='block_1_2' title="bbox 1386 421 2459 488">
    <p class='ocr_par' dir='ltr' id='par_1_2' title="bbox 1386 421 2459 488">
     <span class='ocr_line' id='line_1_2' title="bbox 1386 421 2459 488; baseline -0.005 0"><span class='ocrx_word' id='word_1_2' title='bbox 1386 424 1771 488; x_wconf 79' lang='lat' dir='ltr'><strong><em>COMMENT.</em></strong></span> <span class='ocrx_word' id='word_1_3' title='bbox 1814 423 1895 486; x_wconf 90' lang='lat' dir='ltr'><strong>IN</strong></span> <span class='ocrx_word' id='word_1_4' title='bbox 1934 421 2459 484; x_wconf 85' lang='lat' dir='ltr'><strong><em>APOCALYPSIN.</em></strong></span> 
     </span>
    </p>
   </div>
   <div class='ocr_carea' id='block_1_3' title="bbox 3451 417 3559 481">
    <p class='ocr_par' dir='ltr' id='par_1_3' title="bbox 3451 417 3559 481">
     <span class='ocr_line' id='line_1_3' title="bbox 3451 417 3559 481; baseline 0 0"><span class='ocrx_word' id='word_1_5' title='bbox 3451 417 3559 481; x_wconf 70' lang='grc' dir='ltr'><strong><em>’1ίὲ</em></strong></span> 
     </span>
    </p>
   </div>
   <div class='ocr_carea' id='block_1_4' title="bbox 321 528 1899 610">
    <p class='ocr_par' dir='ltr' id='par_1_4' title="bbox 321 534 1890 610">
     <span class='ocr_line' id='line_1_4' title="bbox 321 534 1890 610; baseline -0.01 -6"><span class='ocrx_word' id='word_1_6' title='bbox 321 549 427 604; x_wconf 74' lang='lat' dir='ltr'><strong><em>Kal</em></strong></span> <span class='ocrx_word' id='word_1_7' title='bbox 455 542 554 599; x_wconf 69' lang='grc' dir='ltr'><strong><em>ἐπὶ</em></strong></span> <span class='ocrx_word' id='word_1_8' title='bbox 583 542 697 601; x_wconf 73' lang='grc' dir='ltr'><em>τὴν</em></span> <span class='ocrx_word' id='word_1_9' title='bbox 722 538 996 610; x_wconf 68' lang='grc' dir='ltr'><em>κεφαλὴν</em></span> <span class='ocrx_word' id='word_1_10' title='bbox 1042 537 1230 593; x_wconf 84' lang='grc' dir='ltr'><em>αὑτοῦ</em></span> <span class='ocrx_word' id='word_1_11' title='bbox 1283 535 1615 607; x_wconf 79' lang='grc' dir='ltr'><strong><em>διαδήματα</em></strong></span> <span class='ocrx_word' id='word_1_12' title='bbox 1665 534 1890 600; x_wconf 77' lang='grc' dir='ltr'><em>πολλὰ,</em></span> 
     </span>
    </p>
   </div>
   <div class='ocr_carea' id='block_1_5' title="bbox 2003 528 3561 610">
    <p class='ocr_par' dir='ltr' id='par_1_5' title="bbox 2003 528 3561 605">
     <span class='ocr_line' id='line_1_5' title="bbox 2003 528 3561 605; baseline -0.003 -16"><span class='ocrx_word' id='word_1_13' title='bbox 2003 534 2109 605; x_wconf 77' lang='lat' dir='ltr'><strong><em>ejus</em></strong></span> <span class='ocrx_word' id='word_1_14' title='bbox 2140 533 2444 586; x_wconf 83' lang='lat' dir='ltr'><strong><em>diademata</em></strong></span> <span class='ocrx_word' id='word_1_15' title='bbox 2489 530 2677 594; x_wconf 87' lang='lat' dir='ltr'><strong><em>multa,</em></strong></span> <span class='ocrx_word' id='word_1_16' title='bbox 2710 529 2905 585; x_wconf 76' lang='lat' dir='ltr'><strong><em>habens</em></strong></span> <span class='ocrx_word' id='word_1_17' title='bbox 2924 546 3106 584; x_wconf 86' lang='lat' dir='ltr'><strong><em>nomen</em></strong></span> <span class='ocrx_word' id='word_1_18' title='bbox 3137 528 3392 599; x_wconf 85' lang='lat' dir='ltr'><strong><em>scriptum</em></strong></span> <span class='ocrx_word' id='word_1_19' title='bbox 3423 533 3561 601; x_wconf 81' lang='lat' dir='ltr'><strong><em>quod</em></strong></span> 
     </span>
    </p>
   </div>
   <div class='ocr_carea' id='block_1_6' title="bbox 317 625 1888 708">
    <p class='ocr_par' dir='ltr' id='par_1_6' title="bbox 317 625 1888 708">
     <span class='ocr_line' id='line_1_6' title="bbox 317 625 1888 708; baseline -0.008 -14"><span class='ocrx_word' id='word_1_20' title='bbox 317 642 477 708; x_wconf 73' lang='grc' dir='ltr'><em>ἔχων</em></span> <span class='ocrx_word' id='word_1_21' title='bbox 511 636 699 705; x_wconf 78' lang='grc' dir='ltr'><em>ὄνομα</em></span> <span class='ocrx_word' id='word_1_22' title='bbox 735 630 1208 704; x_wconf 67' lang='grc' dir='ltr'><em>γεγραμμένον-,δ</em></span> <span class='ocrx_word' id='word_1_23' title='bbox 1233 629 1435 695; x_wconf 81' lang='grc' dir='ltr'><em>οὐδεὶς</em></span> <span class='ocrx_word' id='word_1_24' title='bbox 1470 625 1655 695; x_wconf 69' lang='grc' dir='ltr'><em>οἶδεν,</em></span> <span class='ocrx_word' id='word_1_25' title='bbox 1696 632 1749 682; x_wconf 81' lang='lat' dir='ltr'><strong><em>st</em></strong></span> <span class='ocrx_word' id='word_1_26' title='bbox 1798 628 1888 697; x_wconf 77' lang='grc' dir='ltr'><em>μὴ</em></span> 
     </span>
    </p>
   </div>
   <div class='ocr_carea' id='block_1_7' title="bbox 316 721 1891 795">
    <p class='ocr_par' dir='ltr' id='par_1_7' title="bbox 316 721 1891 795">
     <span class='ocr_line' id='line_1_7' title="bbox 316 721 1891 795; baseline -0.008 -9"><span class='ocrx_word' id='word_1_27' title='bbox 316 732 518 795; x_wconf 82' lang='grc' dir='ltr'><em>αὐτός.</em></span> <span class='ocrx_word' id='word_1_28' title='bbox 549 728 659 783; x_wconf 82' lang='lat' dir='ltr'><strong><em>Kal</em></strong></span> <span class='ocrx_word' id='word_1_29' title='bbox 708 724 1213 794; x_wconf 75' lang='grc' dir='ltr'><em>περιϐεϐλημένος</em></span> <span class='ocrx_word' id='word_1_30' title='bbox 1242 721 1476 792; x_wconf 71' lang='grc' dir='ltr'><em>ἱμάτιον</em></span> <span class='ocrx_word' id='word_1_31' title='bbox 1506 722 1891 791; x_wconf 72' lang='grc' dir='ltr'><em>,βεϐαμμένον</em></span> 
     </span>
    </p>
   </div>
   <div class='ocr_carea' id='block_1_8' title="bbox 316 812 1892 891">
    <p class='ocr_par' dir='ltr' id='par_1_8' title="bbox 316 812 1892 891">
     <span class='ocr_line' id='line_1_8' title="bbox 316 812 1892 891; baseline -0.007 -14"><span class='ocrx_word' id='word_1_32' title='bbox 316 826 387 877; x_wconf 72' lang='grc' dir='ltr'><em>ἐν</em></span> <span class='ocrx_word' id='word_1_33' title='bbox 442 822 663 891; x_wconf 78' lang='grc' dir='ltr'><em>αἵματι.</em></span> <span class='ocrx_word' id='word_1_34' title='bbox 704 819 811 874; x_wconf 84' lang='lat' dir='ltr'><strong><em>Kal</em></strong></span> <span class='ocrx_word' id='word_1_35' title='bbox 851 816 1119 871; x_wconf 71' lang='grc' dir='ltr'><em>καλεῖται</em></span> <span class='ocrx_word' id='word_1_36' title='bbox 1146 815 1213 869; x_wconf 91' lang='grc' dir='ltr'><em>τὸ</em></span> <span class='ocrx_word' id='word_1_37' title='bbox 1250 815 1439 884; x_wconf 78' lang='grc' dir='ltr'><em>ὄνομα</em></span> <span class='ocrx_word' id='word_1_38' title='bbox 1472 812 1684 878; x_wconf 81' lang='grc' dir='ltr'><em>αὐτοῦ,</em></span> <span class='ocrx_word' id='word_1_39' title='bbox 1718 814 1751 867; x_wconf 82' lang='grc' dir='ltr'><em>ὀ</em></span> <span class='ocrx_word' id='word_1_40' title='bbox 1782 812 1892 867; x_wconf 75' lang='grc' dir='ltr'><strong><em>Λό-</em></strong></span> 
     </span>
    </p>
   </div>
   <div class='ocr_carea' id='block_1_9' title="bbox 319 902 1894 982">
    <p class='ocr_par' dir='ltr' id='par_1_9' title="bbox 319 902 1894 982">
     <span class='ocr_line' id='line_1_9' title="bbox 319 902 1894 982; baseline -0.008 -14"><span class='ocrx_word' id='word_1_41' title='bbox 319 933 423 982; x_wconf 71' lang='grc' dir='ltr'><strong><em>γος</em></strong></span> <span class='ocrx_word' id='word_1_42' title='bbox 461 913 565 967; x_wconf 86' lang='grc' dir='ltr'><strong><em>τοῦ</em></strong></span> <span class='ocrx_word' id='word_1_43' title='bbox 607 910 775 966; x_wconf 81' lang='grc' dir='ltr'><em>Θεοῦ.</em></span> <span class='ocrx_word' id='word_1_44' title='bbox 825 910 933 964; x_wconf 84' lang='lat' dir='ltr'><strong><em>Kal</em></strong></span> <span class='ocrx_word' id='word_1_45' title='bbox 994 909 1065 964; x_wconf 79' lang='grc' dir='ltr'><em>τὰ</em></span> <span class='ocrx_word' id='word_1_46' title='bbox 1096 907 1510 977; x_wconf 77' lang='grc' dir='ltr'><strong><em>στρατεύματα</em></strong></span> <span class='ocrx_word' id='word_1_47' title='bbox 1545 902 1618 959; x_wconf 85' lang='grc' dir='ltr'><em>τὰ</em></span> <span class='ocrx_word' id='word_1_48' title='bbox 1679 903 1750 957; x_wconf 78' lang='grc' dir='ltr'><em>ἐν</em></span> <span class='ocrx_word' id='word_1_49' title='bbox 1813 903 1894 969; x_wconf 82' lang='grc' dir='ltr'><em>τῷ</em></span> 
     </span>
    </p>
   </div>
   <div class='ocr_carea' id='block_1_10' title="bbox 317 991 1889 1072">
    <p class='ocr_par' dir='ltr' id='par_1_10' title="bbox 317 991 1889 1072">
     <span class='ocr_line' id='line_1_10' title="bbox 317 991 1889 1072; baseline -0.009 -14"><span class='ocrx_word' id='word_1_50' title='bbox 317 1002 553 1072; x_wconf 81' lang='grc' dir='ltr'><em>οὐρανῷ</em></span> <span class='ocrx_word' id='word_1_51' title='bbox 604 1001 920 1070; x_wconf 69' lang='grc' dir='ltr'><em>ἠκολούθει</em></span> <span class='ocrx_word' id='word_1_52' title='bbox 968 996 1130 1063; x_wconf 81' lang='grc' dir='ltr'><em>αὐτῷ</em></span> <span class='ocrx_word' id='word_1_53' title='bbox 1209 996 1307 1051; x_wconf 81' lang='grc' dir='ltr'><em>ἐπί</em></span> <span class='ocrx_word' id='word_1_54' title='bbox 1364 996 1572 1059; x_wconf 77' lang='grc' dir='ltr'><strong><em>ἵπποις</em></strong></span> <span class='ocrx_word' id='word_1_55' title='bbox 1622 991 1889 1059; x_wconf 72' lang='grc' dir='ltr'><em>λευκοῖς,</em></span> 
     </span>
    </p>
   </div>
   <div class='ocr_carea' id='block_1_11' title="bbox 318 1088 1646 1166">
    <p class='ocr_par' dir='ltr' id='par_1_11' title="bbox 318 1088 1646 1166">
     <span class='ocr_line' id='line_1_11' title="bbox 318 1088 1646 1166; baseline -0.007 -17"><span class='ocrx_word' id='word_1_56' title='bbox 318 1097 703 1166; x_wconf 77' lang='grc' dir='ltr'><strong><em>ἐνδεδυμένοι</em></strong></span> <span class='ocrx_word' id='word_1_57' title='bbox 748 1094 1060 1159; x_wconf 78' lang='grc' dir='ltr'><em>βύσσινον</em></span> <span class='ocrx_word' id='word_1_58' title='bbox 1084 1088 1331 1153; x_wconf 72' lang='grc' dir='ltr'><em>λευκὸν,</em></span> <span class='ocrx_word' id='word_1_59' title='bbox 1363 1088 1646 1155; x_wconf 81' lang='grc' dir='ltr'><em>καθαρόν.</em></span> 
     </span>
    </p>
   </div>
   <div class='ocr_carea' id='block_1_12' title="bbox 391 1172 1893 1255">
    <p class='ocr_par' dir='ltr' id='par_1_12' title="bbox 391 1172 1893 1255">
     <span class='ocr_line' id='line_1_12' title="bbox 391 1172 1893 1255; baseline -0.009 -16"><span class='ocrx_word' id='word_1_60' title='bbox 391 1186 466 1239; x_wconf 78' lang='grc' dir='ltr'>Τὸ</span> <span class='ocrx_word' id='word_1_61' title='bbox 487 1183 758 1255; x_wconf 75' lang='grc' dir='ltr'><em>ὴνεῷχθαι</em></span> <span class='ocrx_word' id='word_1_62' title='bbox 786 1182 876 1235; x_wconf 78' lang='grc' dir='ltr'><em>τὸν</em></span> <span class='ocrx_word' id='word_1_63' title='bbox 910 1180 1137 1251; x_wconf 87' lang='grc' dir='ltr'><em>οὐρανὸν</em></span> <span class='ocrx_word' id='word_1_64' title='bbox 1186 1178 1341 1249; x_wconf 87' lang='grc' dir='ltr'><em>δηλοῖ</em></span> <span class='ocrx_word' id='word_1_65' title='bbox 1376 1176 1475 1247; x_wconf 81' lang='grc' dir='ltr'><em>τὴν</em></span> <span class='ocrx_word' id='word_1_66' title='bbox 1523 1175 1617 1230; x_wconf 80' lang='grc' dir='ltr'><em>τοῦ</em></span> <span class='ocrx_word' id='word_1_67' title='bbox 1674 1172 1893 1238; x_wconf 68' lang='grc' dir='ltr'><em>ἐλπιζο-</em></span> 
     </span>
    </p>
   </div>
   <div class='ocr_carea' id='block_1_13' title="bbox 324 1267 1894 1347">
    <p class='ocr_par' dir='ltr' id='par_1_13' title="bbox 324 1267 1894 1347">
     <span class='ocr_line' id='line_1_13' title="bbox 324 1267 1894 1347; baseline -0.008 -17"><span class='ocrx_word' id='word_1_68' title='bbox 324 1278 488 1347; x_wconf 79' lang='grc' dir='ltr'><em>μένου</em></span> <span class='ocrx_word' id='word_1_69' title='bbox 518 1274 705 1347; x_wconf 81' lang='grc' dir='ltr'><em>κριτοῦ</em></span> <span class='ocrx_word' id='word_1_70' title='bbox 733 1274 1057 1343; x_wconf 77' lang='grc' dir='ltr'><strong><em>παρουσίαν.</em></strong></span> <span class='ocrx_word' id='word_1_71' title='bbox 1099 1271 1231 1341; x_wconf 75' lang='grc' dir='ltr'><strong><em>Ὁρᾷ</em></strong></span> <span class='ocrx_word' id='word_1_72' title='bbox 1256 1270 1313 1324; x_wconf 77' lang='grc' dir='ltr'><em>δὲ</em></span> <span class='ocrx_word' id='word_1_73' title='bbox 1339 1269 1502 1322; x_wconf 78' lang='grc' dir='ltr'><em>αὐτὸν</em></span> <span class='ocrx_word' id='word_1_74' title='bbox 1529 1268 1723 1338; x_wconf 75' lang='grc' dir='ltr'><em>ἔποχον</em></span> <span class='ocrx_word' id='word_1_75' title='bbox 1743 1267 1894 1337; x_wconf 81' lang='grc' dir='ltr'><em>ἵππῳ</em></span> 
     </span>
    </p>
   </div>
   <div class='ocr_carea' id='block_1_14' title="bbox 322 1362 1889 1439">
    <p class='ocr_par' dir='ltr' id='par_1_14' title="bbox 322 1362 1889 1439">
     <span class='ocr_line' id='line_1_14' title="bbox 322 1362 1889 1439; baseline -0.004 -18"><span class='ocrx_word' id='word_1_76' title='bbox 322 1366 522 1438; x_wconf 82' lang='grc' dir='ltr'><strong><em>λευκῷ,</em></strong></span> <span class='ocrx_word' id='word_1_77' title='bbox 562 1365 940 1439; x_wconf 78' lang='grc' dir='ltr'><strong><em>στρατηγικῶς</em></strong></span> <span class='ocrx_word' id='word_1_78' title='bbox 962 1363 1446 1433; x_wconf 81' lang='grc' dir='ltr'><em>ὲνεσκευασμένον,</em></span> <span class='ocrx_word' id='word_1_79' title='bbox 1486 1362 1545 1415; x_wconf 80' lang='grc' dir='ltr'><em>ὃν</em></span> <span class='ocrx_word' id='word_1_80' title='bbox 1571 1362 1666 1416; x_wconf 68' lang='grc' dir='ltr'><em>καὶ</em></span> <span class='ocrx_word' id='word_1_81' title='bbox 1694 1362 1889 1415; x_wconf 84' lang='grc' dir='ltr'><em>πιστόν</em></span> 
     </span>
    </p>
   </div>
   <div class='ocr_carea' id='block_1_15' title="bbox 324 1452 1894 1532">
    <p class='ocr_par' dir='ltr' id='par_1_15' title="bbox 324 1452 1894 1532">
     <span class='ocr_line' id='line_1_15' title="bbox 324 1452 1894 1532; baseline -0.004 -20"><span class='ocrx_word' id='word_1_82' title='bbox 324 1474 462 1532; x_wconf 81' lang='grc' dir='ltr'><em>φησι</em></span> <span class='ocrx_word' id='word_1_83' title='bbox 493 1459 586 1514; x_wconf 75' lang='grc' dir='ltr'><em>καὶ</em></span> <span class='ocrx_word' id='word_1_84' title='bbox 611 1458 885 1530; x_wconf 80' lang='grc' dir='ltr'><em>ἀληθινὸν,</em></span> <span class='ocrx_word' id='word_1_85' title='bbox 932 1458 1029 1511; x_wconf 65' lang='grc' dir='ltr'><strong><em>καὶ⁵</em></strong></span> <span class='ocrx_word' id='word_1_86' title='bbox 1068 1454 1279 1529; x_wconf 81' lang='grc' dir='ltr'><em>κρίνειν</em></span> <span class='ocrx_word' id='word_1_87' title='bbox 1327 1456 1387 1508; x_wconf 75' lang='grc' dir='ltr'><em>ὲν</em></span> <span class='ocrx_word' id='word_1_88' title='bbox 1428 1453 1748 1527; x_wconf 80' lang='grc' dir='ltr'><strong><em>δικαιοσύνῃ</em></strong></span> <span class='ocrx_word' id='word_1_89' title='bbox 1797 1452 1894 1506; x_wconf 79' lang='grc' dir='ltr'><em>καὶ</em></span> 
     </span>
    </p>
   </div>
   <div class='ocr_carea' id='block_1_16' title="bbox 327 1544 1892 1623">
    <p class='ocr_par' dir='ltr' id='par_1_16' title="bbox 327 1544 1892 1623">
     <span class='ocr_line' id='line_1_16' title="bbox 327 1544 1892 1623; baseline -0.005 -18"><span class='ocrx_word' id='word_1_90' title='bbox 327 1552 608 1623; x_wconf 78' lang='grc' dir='ltr'><strong><em>πολεμεῖν.</em></strong></span> <span class='ocrx_word' id='word_1_91' title='bbox 636 1552 818 1620; x_wconf 81' lang='grc' dir='ltr'><em>Ἵππῳ</em></span> <span class='ocrx_word' id='word_1_92' title='bbox 852 1550 973 1621; x_wconf 78' lang='grc' dir='ltr'><em>μὲν,</em></span> <span class='ocrx_word' id='word_1_93' title='bbox 1000 1548 1089 1603; x_wconf 85' lang='grc' dir='ltr'><em>διὰ</em></span> <span class='ocrx_word' id='word_1_94' title='bbox 1121 1548 1184 1601; x_wconf 84' lang='grc' dir='ltr'><em>τὸ</em></span> <span class='ocrx_word' id='word_1_95' title='bbox 1209 1546 1374 1617; x_wconf 81' lang='grc' dir='ltr'><em>τάχος</em></span> <span class='ocrx_word' id='word_1_96' title='bbox 1398 1548 1497 1617; x_wconf 83' lang='grc' dir='ltr'><em>τῆς</em></span> <span class='ocrx_word' id='word_1_97' title='bbox 1526 1544 1892 1607; x_wconf 55' lang='lat' dir='ltr'><strong><em>incutiatur</em></strong></span> 
     </span>
    </p>
   </div>
   <div class='ocr_carea' id='block_1_17' title="bbox 322 1634 1895 1713">
    <p class='ocr_par' dir='ltr' id='par_1_17' title="bbox 322 1634 1895 1713">
     <span class='ocr_line' id='line_1_17' title="bbox 322 1634 1895 1713; baseline -0.007 -16"><span class='ocrx_word' id='word_1_98' title='bbox 322 1642 504 1713; x_wconf 81' lang='grc' dir='ltr'>λευκῷ</span> <span class='ocrx_word' id='word_1_99' title='bbox 532 1643 610 1708; x_wconf 72' lang='grc' dir='ltr'><em>δὲ,</em></span> <span class='ocrx_word' id='word_1_100' title='bbox 644 1642 735 1696; x_wconf 75' lang='grc' dir='ltr'><em>διὰ</em></span> <span class='ocrx_word' id='word_1_101' title='bbox 773 1642 835 1695; x_wconf 82' lang='grc' dir='ltr'><em>τὸ</em></span> <span class='ocrx_word' id='word_1_102' title='bbox 891 1639 1115 1710; x_wconf 78' lang='grc' dir='ltr'><strong><em>φαιδρὸν</em></strong></span> <span class='ocrx_word' id='word_1_103' title='bbox 1171 1639 1268 1693; x_wconf 74' lang='grc' dir='ltr'><em>καὶ</em></span> <span class='ocrx_word' id='word_1_104' title='bbox 1313 1636 1736 1692; x_wconf 84' lang='grc' dir='ltr'><em>ἀνεπισκίαστον</em></span> <span class='ocrx_word' id='word_1_105' title='bbox 1784 1634 1895 1688; x_wconf 80' lang='grc' dir='ltr'><strong><em>τῶν</em></strong></span> 
     </span>
    </p>
   </div>
   <div class='ocr_carea' id='block_1_18' title="bbox 326 1726 1891 1807">
    <p class='ocr_par' dir='ltr' id='par_1_18' title="bbox 326 1726 1891 1807">
     <span class='ocr_line' id='line_1_18' title="bbox 326 1726 1891 1807; baseline -0.006 -18"><span class='ocrx_word' id='word_1_106' title='bbox 326 1736 614 1807; x_wconf 78' lang='grc' dir='ltr'><em>χριμάτων</em></span> <span class='ocrx_word' id='word_1_107' title='bbox 642 1735 735 1788; x_wconf 86' lang='grc' dir='ltr'><em>ὐπ’</em></span> <span class='ocrx_word' id='word_1_108' title='bbox 762 1733 991 1804; x_wconf 76' lang='grc' dir='ltr'><strong><em>οὐδεμιᾷ</em></strong></span> <span class='ocrx_word' id='word_1_109' title='bbox 1013 1730 1387 1799; x_wconf 79' lang='grc' dir='ltr'><strong><em>δουλουμένων</em></strong></span> <span class='ocrx_word' id='word_1_110' title='bbox 1440 1726 1891 1800; x_wconf 76' lang='grc' dir='ltr'><em>προσωποληψίᾳ.</em></span> 
     </span>
    </p>
   </div>
   <div class='ocr_carea' id='block_1_19' title="bbox 325 1813 1897 1894">
    <p class='ocr_par' dir='ltr' id='par_1_19' title="bbox 325 1813 1897 1894">
     <span class='ocr_line' id='line_1_19' title="bbox 325 1813 1897 1894; baseline -0.006 -13"><span class='ocrx_word' id='word_1_111' title='bbox 325 1827 526 1890; x_wconf 77' lang='grc' dir='ltr'><em>Πιστὸς</em></span> <span class='ocrx_word' id='word_1_112' title='bbox 567 1827 624 1881; x_wconf 75' lang='grc' dir='ltr'><em>δὲ</em></span> <span class='ocrx_word' id='word_1_113' title='bbox 680 1826 774 1879; x_wconf 73' lang='grc' dir='ltr'><em>καὶ</em></span> <span class='ocrx_word' id='word_1_114' title='bbox 829 1823 1078 1894; x_wconf 76' lang='grc' dir='ltr'><em>ἀληθινὸς</em></span> <span class='ocrx_word' id='word_1_115' title='bbox 1121 1823 1149 1876; x_wconf 84' lang='grc' dir='ltr'><strong>ὁ</strong></span> <span class='ocrx_word' id='word_1_116' title='bbox 1182 1822 1479 1891; x_wconf 79' lang='grc' dir='ltr'><em>ἀναϐάτης,</em></span> <span class='ocrx_word' id='word_1_117' title='bbox 1536 1820 1667 1891; x_wconf 76' lang='grc' dir='ltr'><em>περὶ</em></span> <span class='ocrx_word' id='word_1_118' title='bbox 1698 1813 1759 1873; x_wconf 77' lang='grc' dir='ltr'><strong><em>οὐ</em></strong></span> <span class='ocrx_word' id='word_1_119' title='bbox 1801 1821 1897 1872; x_wconf 64' lang='grc' dir='ltr'><strong><em>καί⁵</em></strong></span> 
     </span>
    </p>
   </div>
   <div class='ocr_carea' id='block_1_20' title="bbox 1993 623 3565 695">
    <p class='ocr_par' dir='ltr' id='par_1_20' title="bbox 1993 623 3565 695">
     <span class='ocr_line' id='line_1_20' title="bbox 1993 623 3565 695; baseline -0.001 -15"><span class='ocrx_word' id='word_1_120' title='bbox 1993 643 2140 680; x_wconf 89' lang='lat' dir='ltr'><strong><em>nemo</em></strong></span> <span class='ocrx_word' id='word_1_121' title='bbox 2175 626 2357 690; x_wconf 83' lang='lat' dir='ltr'><strong><em>novit,</em></strong></span> <span class='ocrx_word' id='word_1_122' title='bbox 2401 635 2595 695; x_wconf 64' lang='lat' dir='ltr'><strong><em>praeter</em></strong></span> <span class='ocrx_word' id='word_1_123' title='bbox 2639 625 2836 695; x_wconf 84' lang='lat' dir='ltr'><strong><em>ipsum.</em></strong></span> <span class='ocrx_word' id='word_1_124' title='bbox 2880 623 2950 678; x_wconf 84' lang='lat' dir='ltr'><strong><em>Et</em></strong></span> <span class='ocrx_word' id='word_1_125' title='bbox 3004 626 3221 680; x_wconf 78' lang='lat' dir='ltr'><strong><em>vestitus</em></strong></span> <span class='ocrx_word' id='word_1_126' title='bbox 3273 634 3387 677; x_wconf 89' lang='lat' dir='ltr'><strong><em>erat</em></strong></span> <span class='ocrx_word' id='word_1_127' title='bbox 3433 636 3565 678; x_wconf 77' lang='lat' dir='ltr'><strong><em>veste</em></strong></span> 
     </span>
    </p>
   </div>
   <div class='ocr_carea' id='block_1_21' title="bbox 1993 717 3564 789">
    <p class='ocr_par' dir='ltr' id='par_1_21' title="bbox 1993 717 3564 789">
     <span class='ocr_line' id='line_1_21' title="bbox 1993 717 3564 789; baseline -0.001 -16"><span class='ocrx_word' id='word_1_128' title='bbox 1993 720 2157 773; x_wconf 82' lang='lat' dir='ltr'><strong><em>tincta</em></strong></span> <span class='ocrx_word' id='word_1_129' title='bbox 2183 718 2458 789; x_wconf 85' lang='lat' dir='ltr'><strong><em>sanguine,</em></strong></span> <span class='ocrx_word' id='word_1_130' title='bbox 2492 729 2542 772; x_wconf 87' lang='lat' dir='ltr'><strong><em>et</em></strong></span> <span class='ocrx_word' id='word_1_131' title='bbox 2569 729 2790 772; x_wconf 78' lang='lat' dir='ltr'><strong><em>uocatur</em></strong></span> <span class='ocrx_word' id='word_1_132' title='bbox 2828 735 3012 773; x_wconf 80' lang='lat' dir='ltr'><strong><em>nomen</em></strong></span> <span class='ocrx_word' id='word_1_133' title='bbox 3045 718 3157 788; x_wconf 84' lang='lat' dir='ltr'><strong><em>ejus</em></strong></span> <span class='ocrx_word' id='word_1_134' title='bbox 3196 717 3421 772; x_wconf 81' lang='lat' dir='ltr'><strong><em>Verbum</em></strong></span> <span class='ocrx_word' id='word_1_135' title='bbox 3448 718 3564 771; x_wconf 82' lang='lat' dir='ltr'><strong><em>Dei.</em></strong></span> 
     </span>
    </p>
   </div>
   <div class='ocr_carea' id='block_1_22' title="bbox 1999 809 3567 881">
    <p class='ocr_par' dir='ltr' id='par_1_22' title="bbox 1999 809 3567 881">
     <span class='ocr_line' id='line_1_22' title="bbox 1999 809 3567 881; baseline -0.001 -17"><span class='ocrx_word' id='word_1_136' title='bbox 1999 809 2067 864; x_wconf 86' lang='lat' dir='ltr'><strong><em>Et</em></strong></span> <span class='ocrx_word' id='word_1_137' title='bbox 2100 821 2362 865; x_wconf 65' lang='lat' dir='ltr'><strong><em>exercitus</em></strong></span> <span class='ocrx_word' id='word_1_138' title='bbox 2395 811 2486 881; x_wconf 88' lang='lat' dir='ltr'><strong><em>qui</em></strong></span> <span class='ocrx_word' id='word_1_139' title='bbox 2534 818 2658 865; x_wconf 87' lang='lat' dir='ltr'><strong><em>sunt</em></strong></span> <span class='ocrx_word' id='word_1_140' title='bbox 2698 812 2749 865; x_wconf 84' lang='lat' dir='ltr'><strong><em>in</em></strong></span> <span class='ocrx_word' id='word_1_141' title='bbox 2781 810 2909 864; x_wconf 66' lang='lat' dir='ltr'><strong><em>coelo</em></strong></span> <span class='ocrx_word' id='word_1_142' title='bbox 2939 813 3287 881; x_wconf 74' lang='lat' dir='ltr'><strong><em>sequebantur</em></strong></span> <span class='ocrx_word' id='word_1_143' title='bbox 3328 827 3446 865; x_wconf 83' lang='lat' dir='ltr'><strong><em>eum</em></strong></span> <span class='ocrx_word' id='word_1_144' title='bbox 3477 825 3567 864; x_wconf 81' lang='lat' dir='ltr'><strong><em>su-</em></strong></span> 
     </span>
    </p>
   </div>
   <div class='ocr_carea' id='block_1_23' title="bbox 1990 900 3311 973">
    <p class='ocr_par' dir='ltr' id='par_1_23' title="bbox 1990 900 3311 973">
     <span class='ocr_line' id='line_1_23' title="bbox 1990 900 3311 973; baseline 0.002 -19"><span class='ocrx_word' id='word_1_145' title='bbox 1990 917 2084 971; x_wconf 78' lang='lat' dir='ltr'><strong><em>per</em></strong></span> <span class='ocrx_word' id='word_1_146' title='bbox 2110 918 2266 973; x_wconf 73' lang='lat' dir='ltr'><strong><em>equos</em></strong></span> <span class='ocrx_word' id='word_1_147' title='bbox 2299 901 2469 966; x_wconf 84' lang='lat' dir='ltr'><strong><em>albos,</em></strong></span> <span class='ocrx_word' id='word_1_148' title='bbox 2501 900 2716 958; x_wconf 83' lang='lat' dir='ltr'><strong><em>indutos</em></strong></span> <span class='ocrx_word' id='word_1_149' title='bbox 2738 902 2890 972; x_wconf 79' lang='lat' dir='ltr'><strong><em>bysso</em></strong></span> <span class='ocrx_word' id='word_1_150' title='bbox 2921 901 3063 967; x_wconf 86' lang='lat' dir='ltr'><strong><em>alba,</em></strong></span> <span class='ocrx_word' id='word_1_151' title='bbox 3090 903 3311 957; x_wconf 79' lang='lat' dir='ltr'><strong><em>munda.</em></strong></span> 
     </span>
    </p>
   </div>
   <div class='ocr_carea' id='block_1_24' title="bbox 2066 1161 3567 1235">
    <p class='ocr_par' dir='ltr' id='par_1_24' title="bbox 2066 1161 3567 1235">
     <span class='ocr_line' id='line_1_24' title="bbox 2066 1161 3567 1235; baseline 0.003 -19"><span class='ocrx_word' id='word_1_152' title='bbox 2066 1161 2331 1232; x_wconf 84' lang='lat' dir='ltr'><strong><em>Apertum</em></strong></span> <span class='ocrx_word' id='word_1_153' title='bbox 2389 1177 2515 1220; x_wconf 85' lang='lat' dir='ltr'><strong><em>esse</em></strong></span> <span class='ocrx_word' id='word_1_154' title='bbox 2564 1164 2789 1231; x_wconf 64' lang='lat' dir='ltr'><strong><em>caelum,</em></strong></span> <span class='ocrx_word' id='word_1_155' title='bbox 2830 1164 3227 1235; x_wconf 66' lang='lat' dir='ltr'><strong><em>praescientiam</em></strong></span> <span class='ocrx_word' id='word_1_156' title='bbox 3293 1165 3567 1235; x_wconf 78' lang='lat' dir='ltr'><strong><em>signiﬁcat</em></strong></span> 
     </span>
    </p>
   </div>
   <div class='ocr_carea' id='block_1_25' title="bbox 1993 1255 3567 1330">
    <p class='ocr_par' dir='ltr' id='par_1_25' title="bbox 1993 1255 3567 1330">
     <span class='ocr_line' id='line_1_25' title="bbox 1993 1255 3567 1330; baseline 0.003 -20"><span class='ocrx_word' id='word_1_157' title='bbox 1993 1256 2298 1325; x_wconf 77' lang='lat' dir='ltr'><strong><em>exspectati</em></strong></span> <span class='ocrx_word' id='word_1_158' title='bbox 2337 1255 2562 1325; x_wconf 90' lang='lat' dir='ltr'><strong><em>judicis.</em></strong></span> <span class='ocrx_word' id='word_1_159' title='bbox 2591 1257 2738 1313; x_wconf 89' lang='lat' dir='ltr'><strong><em>Vidit</em></strong></span> <span class='ocrx_word' id='word_1_160' title='bbox 2786 1265 2967 1312; x_wconf 87' lang='lat' dir='ltr'><strong><em>autem</em></strong></span> <span class='ocrx_word' id='word_1_161' title='bbox 3009 1259 3186 1327; x_wconf 87' lang='lat' dir='ltr'><strong><em>ipsum</em></strong></span> <span class='ocrx_word' id='word_1_162' title='bbox 3238 1272 3383 1330; x_wconf 88' lang='lat' dir='ltr'><strong><em>equo</em></strong></span> <span class='ocrx_word' id='word_1_163' title='bbox 3442 1260 3567 1314; x_wconf 87' lang='lat' dir='ltr'><strong><em>albo</em></strong></span> 
     </span>
    </p>
   </div>
   <div class='ocr_carea' id='block_1_26' title="bbox 1997 1345 3563 1417">
    <p class='ocr_par' dir='ltr' id='par_1_26' title="bbox 1997 1345 3563 1417">
     <span class='ocr_line' id='line_1_26' title="bbox 1997 1345 3563 1417; baseline 0.004 -17"><span class='ocrx_word' id='word_1_164' title='bbox 1997 1345 2347 1413; x_wconf 91' lang='lat' dir='ltr'><strong><em>insidentem,</em></strong></span> <span class='ocrx_word' id='word_1_165' title='bbox 2390 1357 2750 1417; x_wconf 81' lang='lat' dir='ltr'><strong><em>praeparatum</em></strong></span> <span class='ocrx_word' id='word_1_166' title='bbox 2781 1349 2847 1403; x_wconf 91' lang='lat' dir='ltr'><strong><em>ad</em></strong></span> <span class='ocrx_word' id='word_1_167' title='bbox 2871 1350 3178 1405; x_wconf 85' lang='lat' dir='ltr'><strong><em>ducendum</em></strong></span> <span class='ocrx_word' id='word_1_168' title='bbox 3212 1351 3516 1406; x_wconf 69' lang='lat' dir='ltr'><strong><em>exercitum</em></strong></span> <span class='ocrx_word' id='word_1_169' title='bbox 3549 1370 3563 1407; x_wconf 92' lang='lat'><strong>:</strong></span> 
     </span>
    </p>
   </div>
   <div class='ocr_carea' id='block_1_27' title="bbox 1995 1438 3567 1513">
    <p class='ocr_par' dir='ltr' id='par_1_27' title="bbox 1995 1438 3567 1513">
     <span class='ocr_line' id='line_1_27' title="bbox 1995 1438 3567 1513; baseline 0.004 -21"><span class='ocrx_word' id='word_1_170' title='bbox 1995 1452 2158 1507; x_wconf 84' lang='lat' dir='ltr'><strong><em>quem</em></strong></span> <span class='ocrx_word' id='word_1_171' title='bbox 2191 1438 2356 1493; x_wconf 89' lang='lat' dir='ltr'><strong><em>etiam</em></strong></span> <span class='ocrx_word' id='word_1_172' title='bbox 2405 1438 2619 1494; x_wconf 88' lang='lat' dir='ltr'><strong><em>ﬁdelem</em></strong></span> <span class='ocrx_word' id='word_1_173' title='bbox 2648 1439 2784 1495; x_wconf 90' lang='lat' dir='ltr'><strong><em>dicit</em></strong></span> <span class='ocrx_word' id='word_1_174' title='bbox 2810 1456 2874 1495; x_wconf 88' lang='lat' dir='ltr'><strong><em>ac</em></strong></span> <span class='ocrx_word' id='word_1_175' title='bbox 2907 1457 3192 1509; x_wconf 80' lang='lat' dir='ltr'><strong><em>veraccm,</em></strong></span> <span class='ocrx_word' id='word_1_176' title='bbox 3221 1454 3277 1498; x_wconf 91' lang='lat' dir='ltr'><strong><em>et</em></strong></span> <span class='ocrx_word' id='word_1_177' title='bbox 3316 1442 3567 1513; x_wconf 84' lang='lat' dir='ltr'><strong><em>judicare</em></strong></span> 
     </span>
    </p>
   </div>
   <div class='ocr_carea' id='block_1_28' title="bbox 1994 1531 3566 1609">
    <p class='ocr_par' dir='ltr' id='par_1_28' title="bbox 1994 1531 3566 1609">
     <span class='ocr_line' id='line_1_28' title="bbox 1994 1531 3566 1609; baseline 0.005 -25"><span class='ocrx_word' id='word_1_178' title='bbox 1994 1545 2061 1585; x_wconf 88' lang='lat' dir='ltr'><strong><em>ac</em></strong></span> <span class='ocrx_word' id='word_1_179' title='bbox 2124 1545 2367 1603; x_wconf 77' lang='lat' dir='ltr'><strong><em>pugnare</em></strong></span> <span class='ocrx_word' id='word_1_180' title='bbox 2403 1531 2457 1585; x_wconf 90' lang='lat' dir='ltr'><strong><em>in</em></strong></span> <span class='ocrx_word' id='word_1_181' title='bbox 2502 1531 2719 1601; x_wconf 83' lang='lat' dir='ltr'><strong><em>justitia</em></strong></span> <span class='ocrx_word' id='word_1_182' title='bbox 2762 1550 2776 1587; x_wconf 92' lang='lat'><strong>:</strong></span> <span class='ocrx_word' id='word_1_183' title='bbox 2826 1548 2971 1604; x_wconf 84' lang='lat' dir='ltr'><strong><em>equo</em></strong></span> <span class='ocrx_word' id='word_1_184' title='bbox 3016 1535 3263 1606; x_wconf 86' lang='lat' dir='ltr'><strong><em>quidem,</em></strong></span> <span class='ocrx_word' id='word_1_185' title='bbox 3306 1552 3373 1592; x_wconf 79' lang='lat' dir='ltr'><strong><em>eo</em></strong></span> <span class='ocrx_word' id='word_1_186' title='bbox 3420 1538 3566 1609; x_wconf 86' lang='lat' dir='ltr'><strong><em>quod</em></strong></span> 
     </span>
    </p>
   </div>
   <div class='ocr_carea' id='block_1_29' title="bbox 1995 1620 3564 1698">
    <p class='ocr_par' dir='ltr' id='par_1_29' title="bbox 1995 1620 3564 1698">
     <span class='ocr_line' id='line_1_29' title="bbox 1995 1620 3564 1698; baseline 0.004 -21"><span class='ocrx_word' id='word_1_187' title='bbox 1995 1620 2105 1677; x_wconf 92' lang='lat' dir='ltr'><strong><em>cito</em></strong></span> <span class='ocrx_word' id='word_1_188' title='bbox 2134 1622 2207 1678; x_wconf 89' lang='lat' dir='ltr'><strong><em>sit</em></strong></span> <span class='ocrx_word' id='word_1_189' title='bbox 2242 1631 2504 1679; x_wconf 87' lang='lat' dir='ltr'><strong><em>venturus</em></strong></span> <span class='ocrx_word' id='word_1_190' title='bbox 2537 1641 2551 1678; x_wconf 90' lang='lat'><strong>:</strong></span> <span class='ocrx_word' id='word_1_191' title='bbox 2602 1624 2731 1679; x_wconf 85' lang='lat' dir='ltr'><strong><em>albo</em></strong></span> <span class='ocrx_word' id='word_1_192' title='bbox 2756 1640 2906 1692; x_wconf 89' lang='lat' dir='ltr'><strong><em>vero,</em></strong></span> <span class='ocrx_word' id='word_1_193' title='bbox 2957 1636 3182 1697; x_wconf 89' lang='lat' dir='ltr'><strong><em>propter</em></strong></span> <span class='ocrx_word' id='word_1_194' title='bbox 3226 1629 3564 1698; x_wconf 70' lang='lat' dir='ltr'><strong><em>iudiciorum</em></strong></span> 
     </span>
    </p>
   </div>
   <div class='ocr_carea' id='block_1_30' title="bbox 1996 1714 3568 1786">
    <p class='ocr_par' dir='ltr' id='par_1_30' title="bbox 1996 1714 3568 1786">
     <span class='ocr_line' id='line_1_30' title="bbox 1996 1714 3568 1786; baseline 0.005 -18"><span class='ocrx_word' id='word_1_195' title='bbox 1996 1714 2316 1780; x_wconf 75' lang='lat' dir='ltr'><strong><em>claritatem,</em></strong></span> <span class='ocrx_word' id='word_1_196' title='bbox 2372 1730 2492 1786; x_wconf 66' lang='lat' dir='ltr'><strong><em>quae</em></strong></span> <span class='ocrx_word' id='word_1_197' title='bbox 2527 1717 2694 1775; x_wconf 87' lang='lat' dir='ltr'><strong><em>nullis</em></strong></span> <span class='ocrx_word' id='word_1_198' title='bbox 2738 1717 2931 1773; x_wconf 81' lang='lat' dir='ltr'><strong><em>obfusa</em></strong></span> <span class='ocrx_word' id='word_1_199' title='bbox 2981 1727 3109 1773; x_wconf 90' lang='lat' dir='ltr'><strong><em>sunt</em></strong></span> <span class='ocrx_word' id='word_1_200' title='bbox 3163 1722 3424 1783; x_wconf 89' lang='lat' dir='ltr'><strong><em>tenebris,</em></strong></span> <span class='ocrx_word' id='word_1_201' title='bbox 3467 1738 3568 1777; x_wconf 85' lang='lat' dir='ltr'><strong><em>nec</em></strong></span> 
     </span>
    </p>
   </div>
   <div class='ocr_carea' id='block_1_31' title="bbox 1996 1806 3566 1880">
    <p class='ocr_par' dir='ltr' id='par_1_31' title="bbox 1996 1806 3566 1880">
     <span class='ocr_line' id='line_1_31' title="bbox 1996 1806 3566 1880; baseline 0.005 -20"><span class='ocrx_word' id='word_1_202' title='bbox 1996 1806 2108 1862; x_wconf 90' lang='lat' dir='ltr'><strong><em>ulla</em></strong></span> <span class='ocrx_word' id='word_1_203' title='bbox 2138 1822 2497 1877; x_wconf 88' lang='lat' dir='ltr'><strong><em>personarum</em></strong></span> <span class='ocrx_word' id='word_1_204' title='bbox 2525 1810 2844 1880; x_wconf 76' lang='lat' dir='ltr'><strong><em>acceptione</em></strong></span> <span class='ocrx_word' id='word_1_205' title='bbox 2870 1811 3129 1866; x_wconf 70' lang='lat' dir='ltr'><strong><em>obnoxia.</em></strong></span> <span class='ocrx_word' id='word_1_206' title='bbox 3152 1811 3353 1868; x_wconf 77' lang='lat' dir='ltr'><strong><em>Fidelis</em></strong></span> <span class='ocrx_word' id='word_1_207' title='bbox 3383 1826 3566 1869; x_wconf 87' lang='lat' dir='ltr'><strong><em>autem</em></strong></span> 
     </span>
    </p>
   </div>
   <div class='ocr_carea' id='block_1_32' title="bbox 324 1902 1899 1990">
    <p class='ocr_par' dir='ltr' id='par_1_32' title="bbox 324 1911 1897 1990">
     <span class='ocr_line' id='line_1_32' title="bbox 324 1911 1897 1990; baseline -0.006 -17"><span class='ocrx_word' id='word_1_208' title='bbox 324 1919 540 1983; x_wconf 80' lang='grc' dir='ltr'><em>Παῦλός</em></span> <span class='ocrx_word' id='word_1_209' title='bbox 570 1933 726 1990; x_wconf 78' lang='grc' dir='ltr'><em>φησι.</em></span> <span class='ocrx_word' id='word_1_210' title='bbox 761 1934 783 1970; x_wconf 74' lang='grc' dir='ltr'><strong><em>ι</em></strong></span> <span class='ocrx_word' id='word_1_211' title='bbox 821 1914 1018 1980; x_wconf 77' lang='grc' dir='ltr'><em>Πιστὸς</em></span> <span class='ocrx_word' id='word_1_212' title='bbox 1043 1914 1213 1987; x_wconf 87' lang='grc' dir='ltr'><em>μένει,</em></span> <span class='ocrx_word' id='word_1_213' title='bbox 1236 1912 1582 1987; x_wconf 76' lang='grc' dir='ltr'><em>ἀρνήσασθαι</em></span> <span class='ocrx_word' id='word_1_214' title='bbox 1611 1911 1803 1966; x_wconf 78' lang='grc' dir='ltr'><em>ἑαυτὸν</em></span> <span class='ocrx_word' id='word_1_215' title='bbox 1836 1911 1897 1964; x_wconf 91' lang='grc' dir='ltr'><strong><em>οὐ</em></strong></span> 
     </span>
    </p>
   </div>
   <div class='ocr_carea' id='block_1_33' title="bbox 2003 1902 3571 1990">
    <p class='ocr_par' dir='ltr' id='par_1_33' title="bbox 2003 1902 3571 1973">
     <span class='ocr_line' id='line_1_33' title="bbox 2003 1902 3571 1973; baseline 0.006 -19"><span class='ocrx_word' id='word_1_216' title='bbox 2003 1907 2053 1954; x_wconf 88' lang='lat' dir='ltr'><strong><em>et</em></strong></span> <span class='ocrx_word' id='word_1_217' title='bbox 2090 1914 2251 1954; x_wconf 78' lang='lat' dir='ltr'><strong><em>verax</em></strong></span> <span class='ocrx_word' id='word_1_218' title='bbox 2298 1908 2382 1956; x_wconf 87' lang='lat' dir='ltr'><strong><em>est</em></strong></span> <span class='ocrx_word' id='word_1_219' title='bbox 2415 1914 2696 1964; x_wconf 85' lang='lat' dir='ltr'><strong><em>ascensor,</em></strong></span> <span class='ocrx_word' id='word_1_220' title='bbox 2730 1902 2799 1957; x_wconf 90' lang='lat' dir='ltr'><strong><em>de</em></strong></span> <span class='ocrx_word' id='word_1_221' title='bbox 2833 1918 2943 1973; x_wconf 87' lang='lat' dir='ltr'><strong><em>quo</em></strong></span> <span class='ocrx_word' id='word_1_222' title='bbox 2969 1904 3173 1959; x_wconf 86' lang='lat' dir='ltr'><strong><em>Paulus</em></strong></span> <span class='ocrx_word' id='word_1_223' title='bbox 3204 1907 3337 1962; x_wconf 86' lang='lat' dir='ltr'><strong><em>dicit</em></strong></span> <span class='ocrx_word' id='word_1_224' title='bbox 3370 1925 3383 1961; x_wconf 90' lang='lat'><strong>:</strong></span> <span class='ocrx_word' id='word_1_225' title='bbox 3416 1926 3434 1960; x_wconf 83' lang='grc' dir='ltr'><strong><em>ι</em></strong></span> <span class='ocrx_word' id='word_1_226' title='bbox 3478 1907 3571 1963; x_wconf 80' lang='lat' dir='ltr'><strong><em>Fi-</em></strong></span> 
     </span>
    </p>
   </div>
   <div class='ocr_carea' id='block_1_34' title="bbox 322 2011 626 2067">
    <p class='ocr_par' dir='ltr' id='par_1_34' title="bbox 322 2011 626 2067">
     <span class='ocr_line' id='line_1_34' title="bbox 322 2011 626 2067; baseline -0.007 -1"><span class='ocrx_word' id='word_1_227' title='bbox 322 2011 565 2067; x_wconf 88' lang='grc' dir='ltr'><em>δύναται.</em></span> <span class='ocrx_word' id='word_1_228' title='bbox 607 2029 626 2064; x_wconf 78' lang='grc' dir='ltr'><strong><em>ι</em></strong></span> 
     </span>
    </p>
   </div>
   <div class='ocr_carea' id='block_1_35' title="bbox 402 2095 1899 2173">
    <p class='ocr_par' dir='ltr' id='par_1_35' title="bbox 402 2095 1899 2173">
     <span class='ocr_line' id='line_1_35' title="bbox 402 2095 1899 2173; baseline -0.004 -16"><span class='ocrx_word' id='word_1_229' title='bbox 402 2108 468 2159; x_wconf 88' lang='lat' dir='ltr'><strong><em>Ol</em></strong></span> <span class='ocrx_word' id='word_1_230' title='bbox 497 2104 564 2156; x_wconf 71' lang='grc' dir='ltr'><em>δὲ</em></span> <span class='ocrx_word' id='word_1_231' title='bbox 601 2100 894 2173; x_wconf 64' lang='grc' dir='ltr'><em>ὀφθαλμοὶ</em></span> <span class='ocrx_word' id='word_1_232' title='bbox 918 2100 1127 2156; x_wconf 84' lang='grc' dir='ltr'><em>αὐτοῦ.</em></span> <span class='ocrx_word' id='word_1_233' title='bbox 1160 2100 1274 2172; x_wconf 86' lang='grc' dir='ltr'><em>Οὐχ</em></span> <span class='ocrx_word' id='word_1_234' title='bbox 1302 2097 1644 2161; x_wconf 81' lang='grc' dir='ltr'><em>ὅτιτοιοῦτος</em></span> <span class='ocrx_word' id='word_1_235' title='bbox 1660 2095 1740 2169; x_wconf 81' lang='grc' dir='ltr'><em>τῷ</em></span> <span class='ocrx_word' id='word_1_236' title='bbox 1768 2096 1899 2151; x_wconf 75' lang='grc' dir='ltr'><em>εἴδει</em></span> 
     </span>
    </p>
   </div>
   <div class='ocr_carea' id='block_1_36' title="bbox 327 2189 1900 2269">
    <p class='ocr_par' dir='ltr' id='par_1_36' title="bbox 327 2189 1900 2269">
     <span class='ocr_line' id='line_1_36' title="bbox 327 2189 1900 2269; baseline -0.004 -19"><span class='ocrx_word' id='word_1_237' title='bbox 327 2197 789 2269; x_wconf 80' lang='grc' dir='ltr'><em>περιγέγραπται,</em></span> <span class='ocrx_word' id='word_1_238' title='bbox 843 2195 977 2259; x_wconf 79' lang='grc' dir='ltr'><em>Θεὸς</em></span> <span class='ocrx_word' id='word_1_239' title='bbox 1035 2197 1066 2250; x_wconf 82' lang='grc' dir='ltr'>ὁ</span> <span class='ocrx_word' id='word_1_240' title='bbox 1112 2194 1205 2248; x_wconf 81' lang='grc' dir='ltr'><em>τὸν</em></span> <span class='ocrx_word' id='word_1_241' title='bbox 1237 2192 1467 2264; x_wconf 78' lang='grc' dir='ltr'><em>οὐρανὸν</em></span> <span class='ocrx_word' id='word_1_242' title='bbox 1516 2190 1761 2261; x_wconf 80' lang='grc' dir='ltr'><strong><em>πληρῶν,</em></strong></span> <span class='ocrx_word' id='word_1_243' title='bbox 1804 2189 1900 2244; x_wconf 81' lang='grc' dir='ltr'><em>καὶ</em></span> 
     </span>
    </p>
   </div>
   <div class='ocr_carea' id='block_1_37' title="bbox 330 2282 1898 2359">
    <p class='ocr_par' dir='ltr' id='par_1_37' title="bbox 330 2282 1898 2359">
     <span class='ocr_line' id='line_1_37' title="bbox 330 2282 1898 2359; baseline -0.005 -17"><span class='ocrx_word' id='word_1_244' title='bbox 330 2289 526 2359; x_wconf 74' lang='grc' dir='ltr'><em>μηδενὶ</em></span> <span class='ocrx_word' id='word_1_245' title='bbox 548 2290 695 2359; x_wconf 85' lang='grc' dir='ltr'><em>τόπῳ</em></span> <span class='ocrx_word' id='word_1_246' title='bbox 720 2286 1190 2359; x_wconf 79' lang='grc' dir='ltr'><em>περιοριζόμενος,</em></span> <span class='ocrx_word' id='word_1_247' title='bbox 1214 2286 1310 2339; x_wconf 78' lang='grc' dir='ltr'><em>καὶ</em></span> <span class='ocrx_word' id='word_1_248' title='bbox 1329 2285 1393 2357; x_wconf 85' lang='grc' dir='ltr'><strong><em>δή</em></strong></span> <span class='ocrx_word' id='word_1_249' title='bbox 1428 2300 1493 2353; x_wconf 88' lang='grc' dir='ltr'><strong><em>γε</em></strong></span> <span class='ocrx_word' id='word_1_250' title='bbox 1526 2283 1663 2355; x_wconf 80' lang='grc' dir='ltr'><em>πρὸς</em></span> <span class='ocrx_word' id='word_1_251' title='bbox 1686 2282 1898 2346; x_wconf 82' lang='grc' dir='ltr'><em>τούτοις</em></span> 
     </span>
    </p>
   </div>
   <div class='ocr_carea' id='block_1_38' title="bbox 327 2373 1899 2448">
    <p class='ocr_par' dir='ltr' id='par_1_38' title="bbox 327 2373 1899 2448">
     <span class='ocr_line' id='line_1_38' title="bbox 327 2373 1899 2448; baseline -0.001 -16"><span class='ocrx_word' id='word_1_252' title='bbox 327 2379 429 2432; x_wconf 76' lang='grc' dir='ltr'><em>καὶ</em></span> <span class='ocrx_word' id='word_1_253' title='bbox 453 2378 727 2448; x_wconf 79' lang='grc' dir='ltr'><em>διαφόροις</em></span> <span class='ocrx_word' id='word_1_254' title='bbox 759 2377 945 2444; x_wconf 83' lang='grc' dir='ltr'><em>εῐδεσι,</em></span> <span class='ocrx_word' id='word_1_255' title='bbox 970 2378 1081 2440; x_wconf 83' lang='grc' dir='ltr'><em>τοῖς</em></span> <span class='ocrx_word' id='word_1_256' title='bbox 1106 2374 1274 2439; x_wconf 77' lang='grc' dir='ltr'><strong><em>θείοις</em></strong></span> <span class='ocrx_word' id='word_1_257' title='bbox 1298 2374 1665 2445; x_wconf 75' lang='grc' dir='ltr'><em>ὀπτανόμενος</em></span> <span class='ocrx_word' id='word_1_258' title='bbox 1685 2373 1899 2444; x_wconf 73' lang='grc' dir='ltr'><em>προφή-</em></span> 
     </span>
    </p>
   </div>
   <div class='ocr_carea' id='block_1_39' title="bbox 329 2466 1896 2540">
    <p class='ocr_par' dir='ltr' id='par_1_39' title="bbox 329 2466 1896 2540">
     <span class='ocr_line' id='line_1_39' title="bbox 329 2466 1896 2540; baseline -0.003 -16"><span class='ocrx_word' id='word_1_259' title='bbox 329 2489 480 2536; x_wconf 84' lang='grc' dir='ltr'><em>ταις,</em></span> <span class='ocrx_word' id='word_1_260' title='bbox 516 2470 631 2526; x_wconf 78' lang='grc' dir='ltr'><em>ἀλλ¹</em></span> <span class='ocrx_word' id='word_1_261' title='bbox 658 2471 740 2524; x_wconf 82' lang='grc' dir='ltr'><em>ὅτι</em></span> <span class='ocrx_word' id='word_1_262' title='bbox 791 2471 871 2524; x_wconf 78' lang='grc' dir='ltr'><em>δεῖ</em></span> <span class='ocrx_word' id='word_1_263' title='bbox 909 2469 1369 2540; x_wconf 84' lang='grc' dir='ltr'><em>συγκαταϐαίνειν</em></span> <span class='ocrx_word' id='word_1_264' title='bbox 1400 2471 1467 2539; x_wconf 77' lang='grc' dir='ltr'><em>τῇ</em></span> <span class='ocrx_word' id='word_1_265' title='bbox 1498 2467 1759 2539; x_wconf 73' lang='grc' dir='ltr'><strong><em>ἀσθενείᾳ</em></strong></span> <span class='ocrx_word' id='word_1_266' title='bbox 1791 2466 1896 2537; x_wconf 82' lang='grc' dir='ltr'><em>τῆς</em></span> 
     </span>
    </p>
   </div>
   <div class='ocr_carea' id='block_1_40' title="bbox 325 2554 1896 2633">
    <p class='ocr_par' dir='ltr' id='par_1_40' title="bbox 325 2554 1896 2633">
     <span class='ocr_line' id='line_1_40' title="bbox 325 2554 1896 2633; baseline -0.003 -17"><span class='ocrx_word' id='word_1_267' title='bbox 325 2563 677 2633; x_wconf 76' lang='grc' dir='ltr'><em>ἀνθρωπίνης</em></span> <span class='ocrx_word' id='word_1_268' title='bbox 707 2564 1104 2633; x_wconf 83' lang='grc' dir='ltr'><em>κατανοήσεως.</em></span> <span class='ocrx_word' id='word_1_269' title='bbox 1143 2562 1261 2632; x_wconf 81' lang='grc' dir='ltr'><strong><em>Ἀφ’</em></strong></span> <span class='ocrx_word' id='word_1_270' title='bbox 1298 2554 1362 2615; x_wconf 72' lang='grc' dir='ltr'><strong><em>οὐ</em></strong></span> <span class='ocrx_word' id='word_1_271' title='bbox 1387 2561 1481 2614; x_wconf 76' lang='grc' dir='ltr'><em>καὶ</em></span> <span class='ocrx_word' id='word_1_272' title='bbox 1511 2559 1689 2630; x_wconf 82' lang='grc' dir='ltr'><em>δῆλον,</em></span> <span class='ocrx_word' id='word_1_273' title='bbox 1712 2557 1789 2621; x_wconf 84' lang='grc' dir='ltr'><strong><em>ῶς</em></strong></span> <span class='ocrx_word' id='word_1_274' title='bbox 1835 2559 1896 2611; x_wconf 93' lang='grc' dir='ltr'><strong><em>οὐ</em></strong></span> 
     </span>
    </p>
   </div>
   <div class='ocr_carea' id='block_1_41' title="bbox 329 2648 1895 2724">
    <p class='ocr_par' dir='ltr' id='par_1_41' title="bbox 329 2648 1895 2724">
     <span class='ocr_line' id='line_1_41' title="bbox 329 2648 1895 2724; baseline -0.002 -19"><span class='ocrx_word' id='word_1_275' title='bbox 329 2654 664 2721; x_wconf 81' lang='grc' dir='ltr'><em>σωματικοῖς</em></span> <span class='ocrx_word' id='word_1_276' title='bbox 696 2653 1039 2724; x_wconf 77' lang='grc' dir='ltr'><em>χαρακτῆρσι</em></span> <span class='ocrx_word' id='word_1_277' title='bbox 1062 2650 1435 2707; x_wconf 79' lang='grc' dir='ltr'><em>διαστέλλεται</em></span> <span class='ocrx_word' id='word_1_278' title='bbox 1454 2652 1484 2705; x_wconf 87' lang='grc' dir='ltr'><strong><em>ό</em></strong></span> <span class='ocrx_word' id='word_1_279' title='bbox 1509 2649 1665 2716; x_wconf 79' lang='grc' dir='ltr'><em>Θεὸς,</em></span> <span class='ocrx_word' id='word_1_280' title='bbox 1697 2652 1810 2713; x_wconf 88' lang='grc' dir='ltr'><em>τοῖς</em></span> <span class='ocrx_word' id='word_1_281' title='bbox 1838 2648 1895 2703; x_wconf 68' lang='grc' dir='ltr'><em>δὲ</em></span> 
     </span>
    </p>
   </div>
   <div class='ocr_carea' id='block_1_42' title="bbox 328 2740 1895 2813">
    <p class='ocr_par' dir='ltr' id='par_1_42' title="bbox 328 2740 1895 2813">
     <span class='ocr_line' id='line_1_42' title="bbox 328 2740 1895 2813; baseline -0.002 -18"><span class='ocrx_word' id='word_1_282' title='bbox 328 2743 544 2813; x_wconf 82' lang='grc' dir='ltr'><em>καιροῖς</em></span> <span class='ocrx_word' id='word_1_283' title='bbox 565 2743 787 2806; x_wconf 78' lang='grc' dir='ltr'><em>καὶτοῖς</em></span> <span class='ocrx_word' id='word_1_284' title='bbox 806 2746 1125 2813; x_wconf 79' lang='grc' dir='ltr'><em>πράγμασιν</em></span> <span class='ocrx_word' id='word_1_285' title='bbox 1146 2741 1410 2813; x_wconf 80' lang='grc' dir='ltr'><em>ἀφομοιού</em></span> <span class='ocrx_word' id='word_1_286' title='bbox 1419 2757 1578 2813; x_wconf 84' lang='grc' dir='ltr'><em>μενος</em></span> <span class='ocrx_word' id='word_1_287' title='bbox 1606 2740 1895 2810; x_wconf 80' lang='grc' dir='ltr'><em>τυγχάνει,</em></span> 
     </span>
    </p>
   </div>
   <div class='ocr_carea' id='block_1_43' title="bbox 330 2835 1899 2907">
    <p class='ocr_par' dir='ltr' id='par_1_43' title="bbox 330 2835 1899 2907">
     <span class='ocr_line' id='line_1_43' title="bbox 330 2835 1899 2907; baseline 0.002 -20"><span class='ocrx_word' id='word_1_288' title='bbox 330 2835 526 2907; x_wconf 78' lang='grc' dir='ltr'><em>ὥσπερ</em></span> <span class='ocrx_word' id='word_1_289' title='bbox 569 2835 664 2889; x_wconf 79' lang='grc' dir='ltr'><em>καὶ</em></span> <span class='ocrx_word' id='word_1_290' title='bbox 697 2835 793 2889; x_wconf 84' lang='grc' dir='ltr'><em>νῦν</em></span> <span class='ocrx_word' id='word_1_291' title='bbox 837 2835 960 2889; x_wconf 68' lang='grc' dir='ltr'><em>ἐπεὶ</em></span> <span class='ocrx_word' id='word_1_292' title='bbox 1008 2836 1242 2907; x_wconf 84' lang='grc' dir='ltr'><em>κρίσεως</em></span> <span class='ocrx_word' id='word_1_293' title='bbox 1269 2835 1461 2907; x_wconf 83' lang='grc' dir='ltr'><em>καιρὸς</em></span> <span class='ocrx_word' id='word_1_294' title='bbox 1499 2835 1732 2891; x_wconf 77' lang='grc' dir='ltr'><em>καὶτῶν</em></span> <span class='ocrx_word' id='word_1_295' title='bbox 1767 2835 1899 2890; x_wconf 70' lang='grc' dir='ltr'><strong>ἐκά-</strong></span> 
     </span>
    </p>
   </div>
   <div class='ocr_carea' id='block_1_44' title="bbox 331 2921 1898 2995">
    <p class='ocr_par' dir='ltr' id='par_1_44' title="bbox 331 2921 1898 2995">
     <span class='ocr_line' id='line_1_44' title="bbox 331 2921 1898 2995; baseline 0.003 -22"><span class='ocrx_word' id='word_1_296' title='bbox 331 2938 449 2992; x_wconf 85' lang='grc' dir='ltr'><em>στῳ</em></span> <span class='ocrx_word' id='word_1_297' title='bbox 470 2921 815 2993; x_wconf 77' lang='grc' dir='ltr'><em>βεϐιωμένων</em></span> <span class='ocrx_word' id='word_1_298' title='bbox 836 2923 1002 2993; x_wconf 85' lang='grc' dir='ltr'><em>ήκατ’</em></span> <span class='ocrx_word' id='word_1_299' title='bbox 1032 2921 1189 2989; x_wconf 79' lang='grc' dir='ltr'><em>ἀξίαν</em></span> <span class='ocrx_word' id='word_1_300' title='bbox 1213 2924 1468 2986; x_wconf 82' lang='grc' dir='ltr'><em>ἀπόδοσις</em></span> <span class='ocrx_word' id='word_1_301' title='bbox 1496 2926 1749 2995; x_wconf 84' lang='grc' dir='ltr'><em>πάρεστι,</em></span> <span class='ocrx_word' id='word_1_302' title='bbox 1773 2925 1898 2989; x_wconf 79' lang='grc' dir='ltr'><strong><em>τούς</em></strong></span> 
     </span>
    </p>
   </div>
   <div class='ocr_carea' id='block_1_45' title="bbox 332 3012 1896 3086">
    <p class='ocr_par' dir='ltr' id='par_1_45' title="bbox 332 3012 1896 3086">
     <span class='ocr_line' id='line_1_45' title="bbox 332 3012 1896 3086; baseline 0.001 -19"><span class='ocrx_word' id='word_1_303' title='bbox 332 3012 654 3083; x_wconf 74' lang='grc' dir='ltr'><em>ὀφθαλμοὺς</em></span> <span class='ocrx_word' id='word_1_304' title='bbox 687 3012 854 3067; x_wconf 85' lang='grc' dir='ltr'><em>αὐτοῦ</em></span> <span class='ocrx_word' id='word_1_305' title='bbox 883 3013 1044 3083; x_wconf 82' lang='grc' dir='ltr'><em>φλογὶ</em></span> <span class='ocrx_word' id='word_1_306' title='bbox 1080 3014 1413 3070; x_wconf 79' lang='grc' dir='ltr'><em>ἀπεικασθαι</em></span> <span class='ocrx_word' id='word_1_307' title='bbox 1439 3014 1657 3086; x_wconf 83' lang='grc' dir='ltr'><em>ὁρῶμεν</em></span> <span class='ocrx_word' id='word_1_308' title='bbox 1701 3014 1896 3086; x_wconf 72' lang='grc' dir='ltr'><em>πυρὸς,</em></span> 
     </span>
    </p>
   </div>
   <div class='ocr_carea' id='block_1_46' title="bbox 334 3105 1899 3178">
    <p class='ocr_par' dir='ltr' id='par_1_46' title="bbox 334 3105 1899 3178">
     <span class='ocr_line' id='line_1_46' title="bbox 334 3105 1899 3178; baseline -0.001 -20"><span class='ocrx_word' id='word_1_309' title='bbox 334 3105 538 3178; x_wconf 76' lang='grc' dir='ltr'><em>ἐχούσῃ</em></span> <span class='ocrx_word' id='word_1_310' title='bbox 568 3105 701 3176; x_wconf 81' lang='grc' dir='ltr'><em>πρὸς</em></span> <span class='ocrx_word' id='word_1_311' title='bbox 748 3106 811 3159; x_wconf 76' lang='grc' dir='ltr'><em>τὸ</em></span> <span class='ocrx_word' id='word_1_312' title='bbox 852 3105 1179 3175; x_wconf 83' lang='grc' dir='ltr'><em>φωτιστικδν</em></span> <span class='ocrx_word' id='word_1_313' title='bbox 1208 3106 1305 3161; x_wconf 79' lang='grc' dir='ltr'><em>καὶ</em></span> <span class='ocrx_word' id='word_1_314' title='bbox 1356 3106 1676 3161; x_wconf 71' lang='grc' dir='ltr'><em>καυστικόν*</em></span> <span class='ocrx_word' id='word_1_315' title='bbox 1730 3122 1899 3173; x_wconf 83' lang='grc' dir='ltr'><em>φωτι-</em></span> 
     </span>
    </p>
   </div>
   <div class='ocr_carea' id='block_1_47' title="bbox 336 3194 1899 3265">
    <p class='ocr_par' dir='ltr' id='par_1_47' title="bbox 336 3194 1899 3265">
     <span class='ocr_line' id='line_1_47' title="bbox 336 3194 1899 3265; baseline 0.002 -19"><span class='ocrx_word' id='word_1_316' title='bbox 336 3194 522 3247; x_wconf 82' lang='grc' dir='ltr'><em>στικὸν</em></span> <span class='ocrx_word' id='word_1_317' title='bbox 562 3194 686 3265; x_wconf 82' lang='grc' dir='ltr'><em>μὲν,</em></span> <span class='ocrx_word' id='word_1_318' title='bbox 733 3194 978 3264; x_wconf 76' lang='grc' dir='ltr'><em>ἀγγέλοις</em></span> <span class='ocrx_word' id='word_1_319' title='bbox 1026 3196 1120 3249; x_wconf 71' lang='grc' dir='ltr'><em>καὶ</em></span> <span class='ocrx_word' id='word_1_320' title='bbox 1177 3196 1437 3260; x_wconf 83' lang='grc' dir='ltr'><em>δικαίοις⁶</em></span> <span class='ocrx_word' id='word_1_321' title='bbox 1472 3195 1764 3253; x_wconf 74' lang='grc' dir='ltr'><em>καυστικὸν</em></span> <span class='ocrx_word' id='word_1_322' title='bbox 1802 3194 1860 3250; x_wconf 74' lang='grc' dir='ltr'><em>δὲ</em></span> <span class='ocrx_word' id='word_1_323' title='bbox 1882 3232 1899 3260; x_wconf 91' lang='grc'><strong><em>,</em></strong></span> 
     </span>
    </p>
   </div>
   <div class='ocr_carea' id='block_1_48' title="bbox 333 3284 1073 3359">
    <p class='ocr_par' dir='ltr' id='par_1_48' title="bbox 333 3284 1073 3359">
     <span class='ocr_line' id='line_1_48' title="bbox 333 3284 1073 3359; baseline 0.011 -22"><span class='ocrx_word' id='word_1_324' title='bbox 333 3284 557 3356; x_wconf 87' lang='grc' dir='ltr'><em>δαίμοσι</em></span> <span class='ocrx_word' id='word_1_325' title='bbox 587 3286 681 3340; x_wconf 80' lang='grc' dir='ltr'><em>καὶ</em></span> <span class='ocrx_word' id='word_1_326' title='bbox 707 3288 1073 3359; x_wconf 78' lang='grc' dir='ltr'><em>ἁμαρτωλοῖς.</em></span> 
     </span>
    </p>
   </div>
   <div class='ocr_carea' id='block_1_49' title="bbox 411 3473 1899 3546">
    <p class='ocr_par' dir='ltr' id='par_1_49' title="bbox 411 3473 1899 3546">
     <span class='ocr_line' id='line_1_49' title="bbox 411 3473 1899 3546; baseline 0.004 -17"><span class='ocrx_word' id='word_1_327' title='bbox 411 3473 519 3529; x_wconf 79' lang='lat' dir='ltr'><strong><em>Kal</em></strong></span> <span class='ocrx_word' id='word_1_328' title='bbox 549 3474 646 3528; x_wconf 74' lang='grc' dir='ltr'><strong><em>ἐπὶ</em></strong></span> <span class='ocrx_word' id='word_1_329' title='bbox 669 3474 782 3542; x_wconf 75' lang='grc' dir='ltr'><em>τὴν</em></span> <span class='ocrx_word' id='word_1_330' title='bbox 804 3474 1082 3546; x_wconf 71' lang='grc' dir='ltr'><em>κεφαλὴν</em></span> <span class='ocrx_word' id='word_1_331' title='bbox 1100 3476 1289 3532; x_wconf 81' lang='grc' dir='ltr'><em>αὑτοῦ</em></span> <span class='ocrx_word' id='word_1_332' title='bbox 1318 3476 1653 3546; x_wconf 80' lang='grc' dir='ltr'><em>διαδήματα</em></span> <span class='ocrx_word' id='word_1_333' title='bbox 1676 3478 1899 3535; x_wconf 66' lang='grc' dir='ltr'><em>πολλὰ.</em></span> 
     </span>
    </p>
   </div>
   <div class='ocr_carea' id='block_1_50' title="bbox 338 3564 1904 3638">
    <p class='ocr_par' dir='ltr' id='par_1_50' title="bbox 338 3564 1904 3638">
     <span class='ocr_line' id='line_1_50' title="bbox 338 3564 1904 3638; baseline 0.004 -22"><span class='ocrx_word' id='word_1_334' title='bbox 338 3564 422 3618; x_wconf 83' lang='grc' dir='ltr'>Τὰ</span> <span class='ocrx_word' id='word_1_335' title='bbox 454 3564 625 3617; x_wconf 81' lang='grc' dir='ltr'><em>πολλὰ</em></span> <span class='ocrx_word' id='word_1_336' title='bbox 672 3564 975 3637; x_wconf 82' lang='grc' dir='ltr'><em>διαδήματα</em></span> <span class='ocrx_word' id='word_1_337' title='bbox 1026 3567 1127 3638; x_wconf 84' lang='grc' dir='ltr'><em>τῆς</em></span> <span class='ocrx_word' id='word_1_338' title='bbox 1182 3568 1325 3622; x_wconf 86' lang='grc' dir='ltr'><strong><em>κατά</em></strong></span> <span class='ocrx_word' id='word_1_339' title='bbox 1381 3568 1601 3623; x_wconf 82' lang='grc' dir='ltr'><em>πάντων</em></span> <span class='ocrx_word' id='word_1_340' title='bbox 1656 3569 1904 3634; x_wconf 74' lang='grc' dir='ltr'><em>ἐξουσίας</em></span> 
     </span>
    </p>
   </div>
   <div class='ocr_carea' id='block_1_51' title="bbox 340 3656 1905 3731">
    <p class='ocr_par' dir='ltr' id='par_1_51' title="bbox 340 3656 1905 3731">
     <span class='ocr_line' id='line_1_51' title="bbox 340 3656 1905 3731; baseline 0.005 -23"><span class='ocrx_word' id='word_1_341' title='bbox 340 3656 462 3709; x_wconf 74' lang='grc' dir='ltr'><em>ἐστὶ</em></span> <span class='ocrx_word' id='word_1_342' title='bbox 492 3656 799 3728; x_wconf 84' lang='grc' dir='ltr'><em>γνώρισμα,</em></span> <span class='ocrx_word' id='word_1_343' title='bbox 846 3658 1114 3731; x_wconf 79' lang='grc' dir='ltr'><em>οὐρανίων</em></span> <span class='ocrx_word' id='word_1_344' title='bbox 1142 3661 1235 3714; x_wconf 81' lang='grc' dir='ltr'><em>καὶ</em></span> <span class='ocrx_word' id='word_1_345' title='bbox 1258 3662 1516 3730; x_wconf 79' lang='grc' dir='ltr'><em>ἐπιγείων</em></span> <span class='ocrx_word' id='word_1_346' title='bbox 1577 3663 1675 3716; x_wconf 80' lang='grc' dir='ltr'><em>καὶ</em></span> <span class='ocrx_word' id='word_1_347' title='bbox 1730 3679 1905 3716; x_wconf 86' lang='grc' dir='ltr'><em>κατα-</em></span> 
     </span>
    </p>
   </div>
   <div class='ocr_carea' id='block_1_52' title="bbox 339 3746 1901 3824">
    <p class='ocr_par' dir='ltr' id='par_1_52' title="bbox 339 3746 1901 3824">
     <span class='ocr_line' id='line_1_52' title="bbox 339 3746 1901 3824; baseline 0.006 -25"><span class='ocrx_word' id='word_1_348' title='bbox 339 3746 572 3817; x_wconf 78' lang='grc' dir='ltr'><em>χθονίων</em></span> <span class='ocrx_word' id='word_1_349' title='bbox 592 3766 605 3778; x_wconf 94' lang='grc'><strong>·</strong></span> <span class='ocrx_word' id='word_1_350' title='bbox 638 3748 900 3821; x_wconf 73' lang='grc' dir='ltr'><em>οὐρανίων</em></span> <span class='ocrx_word' id='word_1_351' title='bbox 933 3751 1053 3821; x_wconf 78' lang='grc' dir='ltr'><em>μὲν,</em></span> <span class='ocrx_word' id='word_1_352' title='bbox 1083 3752 1192 3807; x_wconf 85' lang='grc' dir='ltr'><strong><em>τῶν</em></strong></span> <span class='ocrx_word' id='word_1_353' title='bbox 1222 3753 1533 3823; x_wconf 87' lang='grc' dir='ltr'><em>ἀγγελικῶν</em></span> <span class='ocrx_word' id='word_1_354' title='bbox 1573 3754 1867 3824; x_wconf 81' lang='grc' dir='ltr'><em>ταγμάτων</em></span> <span class='ocrx_word' id='word_1_355' title='bbox 1886 3770 1901 3785; x_wconf 89' lang='grc'><strong>·</strong></span> 
     </span>
    </p>
   </div>
   <div class='ocr_carea' id='block_1_53' title="bbox 339 3839 1905 3917">
    <p class='ocr_par' dir='ltr' id='par_1_53' title="bbox 339 3839 1905 3917">
     <span class='ocr_line' id='line_1_53' title="bbox 339 3839 1905 3917; baseline 0.006 -26"><span class='ocrx_word' id='word_1_356' title='bbox 339 3839 601 3907; x_wconf 70' lang='grc' dir='ltr'><em>ἐπιγείων</em></span> <span class='ocrx_word' id='word_1_357' title='bbox 629 3840 708 3906; x_wconf 85' lang='grc' dir='ltr'><em>δὲ,</em></span> <span class='ocrx_word' id='word_1_358' title='bbox 738 3844 845 3899; x_wconf 85' lang='grc' dir='ltr'><strong><em>τῶν</em></strong></span> <span class='ocrx_word' id='word_1_359' title='bbox 872 3844 929 3897; x_wconf 75' lang='grc' dir='ltr'><em>ὲν</em></span> <span class='ocrx_word' id='word_1_360' title='bbox 956 3844 1134 3913; x_wconf 83' lang='grc' dir='ltr'><em>ἁγίοις</em></span> <span class='ocrx_word' id='word_1_361' title='bbox 1175 3846 1541 3917; x_wconf 80' lang='grc' dir='ltr'><em>συστημάτων</em></span> <span class='ocrx_word' id='word_1_362' title='bbox 1576 3848 1673 3901; x_wconf 71' lang='grc' dir='ltr'><em>καὶ</em></span> <span class='ocrx_word' id='word_1_363' title='bbox 1702 3848 1811 3902; x_wconf 82' lang='grc' dir='ltr'><strong><em>τῶν</em></strong></span> <span class='ocrx_word' id='word_1_364' title='bbox 1845 3849 1905 3901; x_wconf 72' lang='grc' dir='ltr'><em>ὲν</em></span> 
     </span>
    </p>
   </div>
   <div class='ocr_carea' id='block_1_54' title="bbox 341 3930 1906 4011">
    <p class='ocr_par' dir='ltr' id='par_1_54' title="bbox 341 3930 1906 4011">
     <span class='ocr_line' id='line_1_54' title="bbox 341 3930 1906 4011; baseline 0.008 -28"><span class='ocrx_word' id='word_1_365' title='bbox 341 3930 625 4001; x_wconf 75' lang='grc' dir='ltr'><em>βασιλεῦσι</em></span> <span class='ocrx_word' id='word_1_366' title='bbox 671 3938 963 4011; x_wconf 81' lang='grc' dir='ltr'><em>σκήπτρων</em></span> <span class='ocrx_word' id='word_1_367' title='bbox 982 3954 996 3969; x_wconf 90' lang='grc'><strong>·</strong></span> <span class='ocrx_word' id='word_1_368' title='bbox 1034 3938 1407 4010; x_wconf 86' lang='grc' dir='ltr'><em>καταχθονίων</em></span> <span class='ocrx_word' id='word_1_369' title='bbox 1437 3940 1518 4008; x_wconf 79' lang='grc' dir='ltr'><em>δὲ,</em></span> <span class='ocrx_word' id='word_1_370' title='bbox 1543 3942 1665 3995; x_wconf 68' lang='grc' dir='ltr'><em>ἐπεὶ</em></span> <span class='ocrx_word' id='word_1_371' title='bbox 1699 3942 1795 3995; x_wconf 75' lang='grc' dir='ltr'><em>καὶ</em></span> <span class='ocrx_word' id='word_1_372' title='bbox 1817 3960 1906 3996; x_wconf 87' lang='grc' dir='ltr'><em>νε-</em></span> 
     </span>
    </p>
   </div>
   <div class='ocr_carea' id='block_1_55' title="bbox 341 4025 1906 4104">
    <p class='ocr_par' dir='ltr' id='par_1_55' title="bbox 341 4025 1906 4104">
     <span class='ocr_line' id='line_1_55' title="bbox 341 4025 1906 4104; baseline 0.008 -27"><span class='ocrx_word' id='word_1_373' title='bbox 341 4025 494 4099; x_wconf 89' lang='grc' dir='ltr'><em>κρῶν</em></span> <span class='ocrx_word' id='word_1_374' title='bbox 536 4025 725 4102; x_wconf 83' lang='grc' dir='ltr'><em>ὥσπερ</em></span> <span class='ocrx_word' id='word_1_375' title='bbox 763 4030 858 4085; x_wconf 79' lang='grc' dir='ltr'><em>καὶ</em></span> <span class='ocrx_word' id='word_1_376' title='bbox 887 4031 1105 4095; x_wconf 81' lang='grc' dir='ltr'><em>ζώντων</em></span> <span class='ocrx_word' id='word_1_377' title='bbox 1131 4033 1379 4104; x_wconf 83' lang='grc' dir='ltr'><em>κυριεύει</em></span> <span class='ocrx_word' id='word_1_378' title='bbox 1411 4035 1555 4089; x_wconf 87' lang='grc' dir='ltr'><strong><em>κατά</em></strong></span> <span class='ocrx_word' id='word_1_379' title='bbox 1587 4035 1805 4089; x_wconf 81' lang='grc' dir='ltr'><em>πάντων</em></span> <span class='ocrx_word' id='word_1_380' title='bbox 1837 4035 1906 4090; x_wconf 88' lang='grc' dir='ltr'><strong><em>τά</em></strong></span> 
     </span>
    </p>
   </div>
   <div class='ocr_carea' id='block_1_56' title="bbox 340 4118 1080 4193">
    <p class='ocr_par' dir='ltr' id='par_1_56' title="bbox 340 4118 1080 4193">
     <span class='ocr_line' id='line_1_56' title="bbox 340 4118 1080 4193; baseline 0.012 -24"><span class='ocrx_word' id='word_1_381' title='bbox 340 4118 636 4189; x_wconf 79' lang='grc' dir='ltr'><em>νικητήρια</em></span> <span class='ocrx_word' id='word_1_382' title='bbox 667 4120 1080 4193; x_wconf 65' lang='grc' dir='ltr'><em>ἐπιφερόμενος.</em></span> 
     </span>
    </p>
   </div>
   <div class='ocr_carea' id='block_1_57' title="bbox 420 4227 1906 4307">
    <p class='ocr_par' dir='ltr' id='par_1_57' title="bbox 420 4227 1906 4307">
     <span class='ocr_line' id='line_1_57' title="bbox 420 4227 1906 4307; baseline 0.009 -27"><span class='ocrx_word' id='word_1_383' title='bbox 420 4229 492 4281; x_wconf 87' lang='grc' dir='ltr'><strong><em>Ὅ</em></strong></span> <span class='ocrx_word' id='word_1_384' title='bbox 524 4227 721 4297; x_wconf 73' lang='grc' dir='ltr'><em>οὐδεὶς</em></span> <span class='ocrx_word' id='word_1_385' title='bbox 751 4231 933 4299; x_wconf 75' lang='grc' dir='ltr'><em>οἶδεν,</em></span> <span class='ocrx_word' id='word_1_386' title='bbox 962 4236 1013 4288; x_wconf 83' lang='lat' dir='ltr'><strong><em>el</em></strong></span> <span class='ocrx_word' id='word_1_387' title='bbox 1040 4235 1127 4304; x_wconf 79' lang='grc' dir='ltr'><em>μὴ</em></span> <span class='ocrx_word' id='word_1_388' title='bbox 1155 4235 1359 4301; x_wconf 85' lang='grc' dir='ltr'><em>αὐτός.</em></span> <span class='ocrx_word' id='word_1_389' title='bbox 1396 4236 1470 4290; x_wconf 82' lang='grc' dir='ltr'><strong>Τὸ</strong></span> <span class='ocrx_word' id='word_1_390' title='bbox 1491 4235 1768 4307; x_wconf 79' lang='grc' dir='ltr'><em>ἄγνωστον</em></span> <span class='ocrx_word' id='word_1_391' title='bbox 1812 4239 1906 4295; x_wconf 81' lang='grc' dir='ltr'><em>τοῦ</em></span> 
     </span>
    </p>
   </div>
   <div class='ocr_carea' id='block_1_58' title="bbox 338 4320 1908 4404">
    <p class='ocr_par' dir='ltr' id='par_1_58' title="bbox 338 4320 1908 4404">
     <span class='ocr_line' id='line_1_58' title="bbox 338 4320 1908 4404; baseline 0.01 -32"><span class='ocrx_word' id='word_1_392' title='bbox 338 4320 609 4390; x_wconf 77' lang='grc' dir='ltr'><em>ὀνόματος</em></span> <span class='ocrx_word' id='word_1_393' title='bbox 635 4322 695 4376; x_wconf 83' lang='grc' dir='ltr'><em>τὸ</em></span> <span class='ocrx_word' id='word_1_394' title='bbox 722 4324 822 4393; x_wconf 80' lang='grc' dir='ltr'><em>τῆς</em></span> <span class='ocrx_word' id='word_1_395' title='bbox 856 4326 1045 4391; x_wconf 88' lang='grc' dir='ltr'><em>οὐσίας</em></span> <span class='ocrx_word' id='word_1_396' title='bbox 1095 4328 1261 4382; x_wconf 84' lang='grc' dir='ltr'><em>αὐτοῦ</em></span> <span class='ocrx_word' id='word_1_397' title='bbox 1291 4330 1674 4402; x_wconf 81' lang='grc' dir='ltr'><em>ἀκατάληπτον</em></span> <span class='ocrx_word' id='word_1_398' title='bbox 1705 4334 1908 4404; x_wconf 79' lang='grc' dir='ltr'><em>σημαί-</em></span> 
     </span>
    </p>
   </div>
   <div class='ocr_carea' id='block_1_59' title="bbox 340 4412 1909 4494">
    <p class='ocr_par' dir='ltr' id='par_1_59' title="bbox 340 4412 1909 4494">
     <span class='ocr_line' id='line_1_59' title="bbox 340 4412 1909 4494; baseline 0.01 -29"><span class='ocrx_word' id='word_1_399' title='bbox 340 4429 446 4465; x_wconf 82' lang='grc' dir='ltr'><em>νει.</em></span> <span class='ocrx_word' id='word_1_400' title='bbox 473 4412 605 4477; x_wconf 85' lang='grc' dir='ltr'><em>Ταῖς</em></span> <span class='ocrx_word' id='word_1_401' title='bbox 632 4413 739 4487; x_wconf 79' lang='grc' dir='ltr'><em>γὰρ</em></span> <span class='ocrx_word' id='word_1_402' title='bbox 773 4416 1101 4490; x_wconf 71' lang='grc' dir='ltr'><em>οἰκονομίαις</em></span> <span class='ocrx_word' id='word_1_403' title='bbox 1134 4418 1210 4475; x_wconf 84' lang='grc' dir='ltr'><strong><em>ῶν</em></strong></span> <span class='ocrx_word' id='word_1_404' title='bbox 1233 4421 1605 4494; x_wconf 83' lang='grc' dir='ltr'><em>πολυώνυμος,</em></span> <span class='ocrx_word' id='word_1_405' title='bbox 1631 4424 1707 4489; x_wconf 85' lang='grc' dir='ltr'><em>ὡς</em></span> <span class='ocrx_word' id='word_1_406' title='bbox 1749 4425 1909 4493; x_wconf 83' lang='grc' dir='ltr'><em>Ἀγα-</em></span> 
     </span>
    </p>
   </div>
   <div class='ocr_carea' id='block_1_60' title="bbox 340 4503 1907 4587">
    <p class='ocr_par' dir='ltr' id='par_1_60' title="bbox 340 4503 1907 4587">
     <span class='ocr_line' id='line_1_60' title="bbox 340 4503 1907 4587; baseline 0.008 -28"><span class='ocrx_word' id='word_1_407' title='bbox 340 4503 461 4571; x_wconf 72' lang='grc' dir='ltr'><em>οὸς,</em></span> <span class='ocrx_word' id='word_1_408' title='bbox 490 4504 563 4568; x_wconf 83' lang='grc' dir='ltr'><em>ὡς</em></span> <span class='ocrx_word' id='word_1_409' title='bbox 593 4506 821 4577; x_wconf 77' lang='grc' dir='ltr'><em>Ποιμήν,</em></span> <span class='ocrx_word' id='word_1_410' title='bbox 848 4509 926 4573; x_wconf 81' lang='grc' dir='ltr'><em>ὡς</em></span> <span class='ocrx_word' id='word_1_411' title='bbox 973 4510 1187 4579; x_wconf 82' lang='grc' dir='ltr'><em>Ἥλιος,</em></span> <span class='ocrx_word' id='word_1_412' title='bbox 1217 4513 1291 4577; x_wconf 85' lang='grc' dir='ltr'><em>ὡς</em></span> <span class='ocrx_word' id='word_1_413' title='bbox 1346 4514 1488 4581; x_wconf 71' lang='grc' dir='ltr'><em>Φῶς,</em></span> <span class='ocrx_word' id='word_1_414' title='bbox 1542 4516 1617 4579; x_wconf 83' lang='grc' dir='ltr'><em>ὡς</em></span> <span class='ocrx_word' id='word_1_415' title='bbox 1648 4516 1793 4587; x_wconf 78' lang='grc' dir='ltr'><em>Ζωὴ,</em></span> <span class='ocrx_word' id='word_1_416' title='bbox 1830 4516 1907 4581; x_wconf 84' lang='grc' dir='ltr'><em>ὡς</em></span> 
     </span>
    </p>
   </div>
   <div class='ocr_carea' id='block_1_61' title="bbox 1999 1989 3455 2066">
    <p class='ocr_par' dir='ltr' id='par_1_61' title="bbox 1999 1989 3455 2066">
     <span class='ocr_line' id='line_1_61' title="bbox 1999 1989 3455 2066; baseline 0.007 -23"><span class='ocrx_word' id='word_1_417' title='bbox 1999 1989 2135 2044; x_wconf 90' lang='lat' dir='ltr'><strong><em>delis</em></strong></span> <span class='ocrx_word' id='word_1_418' title='bbox 2158 1999 2464 2060; x_wconf 88' lang='lat' dir='ltr'><strong><em>permanet,</em></strong></span> <span class='ocrx_word' id='word_1_419' title='bbox 2495 2007 2690 2061; x_wconf 85' lang='lat' dir='ltr'><strong><em>negare</em></strong></span> <span class='ocrx_word' id='word_1_420' title='bbox 2718 1993 2958 2064; x_wconf 91' lang='lat' dir='ltr'><strong><em>seipsum</em></strong></span> <span class='ocrx_word' id='word_1_421' title='bbox 2988 2012 3096 2050; x_wconf 93' lang='lat' dir='ltr'><strong><em>non</em></strong></span> <span class='ocrx_word' id='word_1_422' title='bbox 3123 2006 3299 2066; x_wconf 86' lang='lat' dir='ltr'><strong><em>potest</em></strong></span> <span class='ocrx_word' id='word_1_423' title='bbox 3324 2000 3391 2055; x_wconf 80' lang='lat'><strong><em>”.</em></strong></span> <span class='ocrx_word' id='word_1_424' title='bbox 3436 2018 3455 2053; x_wconf 77' lang='grc' dir='ltr'><strong><em>ι</em></strong></span> 
     </span>
    </p>
   </div>
   <div class='ocr_carea' id='block_1_62' title="bbox 2071 2083 3569 2167">
    <p class='ocr_par' dir='ltr' id='par_1_62' title="bbox 2071 2083 3569 2167">
     <span class='ocr_line' id='line_1_62' title="bbox 2071 2083 3569 2167; baseline 0.009 -29"><span class='ocrx_word' id='word_1_425' title='bbox 2071 2083 2225 2139; x_wconf 83' lang='lat' dir='ltr'><strong><em>Oculi</em></strong></span> <span class='ocrx_word' id='word_1_426' title='bbox 2245 2095 2417 2140; x_wconf 86' lang='lat' dir='ltr'><strong><em>autem</em></strong></span> <span class='ocrx_word' id='word_1_427' title='bbox 2446 2086 2613 2155; x_wconf 81' lang='lat' dir='ltr'><strong><em>ipsius</em></strong></span> <span class='ocrx_word' id='word_1_428' title='bbox 2639 2089 2775 2141; x_wconf 81' lang='lat' dir='ltr'><strong><em>sicut</em></strong></span> <span class='ocrx_word' id='word_1_429' title='bbox 2812 2089 3032 2158; x_wconf 78' lang='lat' dir='ltr'><strong><em>ﬂamma</em></strong></span> <span class='ocrx_word' id='word_1_430' title='bbox 3059 2091 3214 2161; x_wconf 83' lang='lat' dir='ltr'><strong><em>ignis.</em></strong></span> <span class='ocrx_word' id='word_1_431' title='bbox 3261 2091 3378 2149; x_wconf 85' lang='lat' dir='ltr'><strong><em>Non</em></strong></span> <span class='ocrx_word' id='word_1_432' title='bbox 3420 2098 3569 2167; x_wconf 84' lang='lat' dir='ltr'><strong><em>quod</em></strong></span> 
     </span>
    </p>
   </div>
   <div class='ocr_carea' id='block_1_63' title="bbox 2000 2178 3569 2258">
    <p class='ocr_par' dir='ltr' id='par_1_63' title="bbox 2000 2178 3569 2258">
     <span class='ocr_line' id='line_1_63' title="bbox 2000 2178 3569 2258; baseline 0.007 -25"><span class='ocrx_word' id='word_1_433' title='bbox 2000 2178 2317 2249; x_wconf 76' lang='lat' dir='ltr'><strong><em>liujusmodi</em></strong></span> <span class='ocrx_word' id='word_1_434' title='bbox 2352 2180 2533 2250; x_wconf 88' lang='lat' dir='ltr'><strong><em>specei</em></strong></span> <span class='ocrx_word' id='word_1_435' title='bbox 2574 2181 3029 2252; x_wconf 77' lang='lat' dir='ltr'><strong><em>circumscriptus</em></strong></span> <span class='ocrx_word' id='word_1_436' title='bbox 3054 2185 3124 2239; x_wconf 87' lang='lat' dir='ltr'><strong><em>sit</em></strong></span> <span class='ocrx_word' id='word_1_437' title='bbox 3162 2185 3302 2241; x_wconf 88' lang='lat' dir='ltr'><strong><em>Deus</em></strong></span> <span class='ocrx_word' id='word_1_438' title='bbox 3332 2191 3422 2258; x_wconf 88' lang='lat' dir='ltr'><strong><em>qui</em></strong></span> <span class='ocrx_word' id='word_1_439' title='bbox 3455 2206 3569 2245; x_wconf 79' lang='lat' dir='ltr'><strong><em>cm-</em></strong></span> 
     </span>
    </p>
   </div>
   <div class='ocr_carea' id='block_1_64' title="bbox 1996 2271 3569 2352">
    <p class='ocr_par' dir='ltr' id='par_1_64' title="bbox 1996 2271 3569 2352">
     <span class='ocr_line' id='line_1_64' title="bbox 1996 2271 3569 2352; baseline 0.006 -26"><span class='ocrx_word' id='word_1_440' title='bbox 1996 2271 2109 2327; x_wconf 89' lang='lat' dir='ltr'><strong><em>lum</em></strong></span> <span class='ocrx_word' id='word_1_441' title='bbox 2131 2272 2339 2342; x_wconf 83' lang='lat' dir='ltr'><strong><em>implet,</em></strong></span> <span class='ocrx_word' id='word_1_442' title='bbox 2382 2288 2555 2343; x_wconf 88' lang='lat' dir='ltr'><strong><em>neque</em></strong></span> <span class='ocrx_word' id='word_1_443' title='bbox 2582 2274 2692 2329; x_wconf 92' lang='lat' dir='ltr'><strong><em>ullo</em></strong></span> <span class='ocrx_word' id='word_1_444' title='bbox 2716 2274 2836 2329; x_wconf 90' lang='lat' dir='ltr'><strong><em>loco</em></strong></span> <span class='ocrx_word' id='word_1_445' title='bbox 2861 2276 3367 2335; x_wconf 86' lang='lat' dir='ltr'><strong><em>circumscribitur:</em></strong></span> <span class='ocrx_word' id='word_1_446' title='bbox 3392 2297 3569 2352; x_wconf 86' lang='lat' dir='ltr'><strong><em>quan-</em></strong></span> 
     </span>
    </p>
   </div>
   <div class='ocr_carea' id='block_1_65' title="bbox 1997 2366 3573 2444">
    <p class='ocr_par' dir='ltr' id='par_1_65' title="bbox 1997 2366 3573 2444">
     <span class='ocr_line' id='line_1_65' title="bbox 1997 2366 3573 2444; baseline 0.01 -28"><span class='ocrx_word' id='word_1_447' title='bbox 1997 2379 2160 2435; x_wconf 88' lang='lat' dir='ltr'><strong><em>qnam</em></strong></span> <span class='ocrx_word' id='word_1_448' title='bbox 2196 2374 2394 2433; x_wconf 70' lang='lat' dir='ltr'><strong><em>praeter</em></strong></span> <span class='ocrx_word' id='word_1_449' title='bbox 2429 2366 2527 2420; x_wconf 88' lang='lat' dir='ltr'><strong><em>has</em></strong></span> <span class='ocrx_word' id='word_1_450' title='bbox 2559 2367 2724 2422; x_wconf 85' lang='lat' dir='ltr'><strong><em>variis</em></strong></span> <span class='ocrx_word' id='word_1_451' title='bbox 2750 2382 2969 2438; x_wconf 64' lang='lat' dir='ltr'><strong><em>quoilue</em></strong></span> <span class='ocrx_word' id='word_1_452' title='bbox 3022 2368 3214 2425; x_wconf 78' lang='lat' dir='ltr'><strong><em>formis</em></strong></span> <span class='ocrx_word' id='word_1_453' title='bbox 3241 2383 3573 2444; x_wconf 87' lang='lat' dir='ltr'><strong><em>conspectus</em></strong></span> 
     </span>
    </p>
   </div>
   <div class='ocr_carea' id='block_1_66' title="bbox 1999 2458 3569 2535">
    <p class='ocr_par' dir='ltr' id='par_1_66' title="bbox 1999 2458 3569 2535">
     <span class='ocr_line' id='line_1_66' title="bbox 1999 2458 3569 2535; baseline 0.007 -23"><span class='ocrx_word' id='word_1_454' title='bbox 1999 2458 2071 2512; x_wconf 90' lang='lat' dir='ltr'><strong><em>sit</em></strong></span> <span class='ocrx_word' id='word_1_455' title='bbox 2105 2473 2136 2512; x_wconf 92' lang='lat' dir='ltr'><strong><em>a</em></strong></span> <span class='ocrx_word' id='word_1_456' title='bbox 2168 2458 2369 2514; x_wconf 75' lang='lat' dir='ltr'><strong><em>divinis</em></strong></span> <span class='ocrx_word' id='word_1_457' title='bbox 2403 2461 2689 2530; x_wconf 86' lang='lat' dir='ltr'><strong><em>prophetis</em></strong></span> <span class='ocrx_word' id='word_1_458' title='bbox 2722 2478 2736 2515; x_wconf 91' lang='lat'><strong>:</strong></span> <span class='ocrx_word' id='word_1_459' title='bbox 2789 2462 2883 2517; x_wconf 88' lang='lat' dir='ltr'><strong><em>sed</em></strong></span> <span class='ocrx_word' id='word_1_460' title='bbox 2940 2465 3084 2534; x_wconf 90' lang='lat' dir='ltr'><strong><em>quod</em></strong></span> <span class='ocrx_word' id='word_1_461' title='bbox 3125 2475 3375 2535; x_wconf 88' lang='lat' dir='ltr'><strong><em>oporteat</em></strong></span> <span class='ocrx_word' id='word_1_462' title='bbox 3407 2470 3569 2524; x_wconf 82' lang='lat' dir='ltr'><strong><em>verba</em></strong></span> 
     </span>
    </p>
   </div>
   <div class='ocr_carea' id='block_1_67' title="bbox 2000 2548 3570 2629">
    <p class='ocr_par' dir='ltr' id='par_1_67' title="bbox 2000 2548 3570 2629">
     <span class='ocr_line' id='line_1_67' title="bbox 2000 2548 3570 2629; baseline 0.008 -27"><span class='ocrx_word' id='word_1_463' title='bbox 2000 2548 2209 2605; x_wconf 88' lang='lat' dir='ltr'><strong><em>demitti</em></strong></span> <span class='ocrx_word' id='word_1_464' title='bbox 2260 2550 2327 2605; x_wconf 89' lang='lat' dir='ltr'><strong><em>ad</em></strong></span> <span class='ocrx_word' id='word_1_465' title='bbox 2390 2550 2819 2608; x_wconf 87' lang='lat' dir='ltr'><strong><em>imbecillitatem</em></strong></span> <span class='ocrx_word' id='word_1_466' title='bbox 2870 2553 3126 2611; x_wconf 77' lang='lat' dir='ltr'><strong><em>humana:</em></strong></span> <span class='ocrx_word' id='word_1_467' title='bbox 3180 2556 3570 2629; x_wconf 80' lang='lat' dir='ltr'><strong><em>intelligentiae.</em></strong></span> 
     </span>
    </p>
   </div>
   <div class='ocr_carea' id='block_1_68' title="bbox 2002 2636 3573 2719">
    <p class='ocr_par' dir='ltr' id='par_1_68' title="bbox 2002 2636 3573 2719">
     <span class='ocr_line' id='line_1_68' title="bbox 2002 2636 3573 2719; baseline 0.007 -26"><span class='ocrx_word' id='word_1_468' title='bbox 2002 2636 2161 2694; x_wconf 85' lang='lat' dir='ltr'><strong><em>Unde</em></strong></span> <span class='ocrx_word' id='word_1_469' title='bbox 2191 2640 2357 2696; x_wconf 88' lang='lat' dir='ltr'><strong><em>etiam</em></strong></span> <span class='ocrx_word' id='word_1_470' title='bbox 2395 2640 2751 2699; x_wconf 82' lang='lat' dir='ltr'><strong><em>manifestum</em></strong></span> <span class='ocrx_word' id='word_1_471' title='bbox 2778 2653 2862 2700; x_wconf 91' lang='lat' dir='ltr'><strong><em>est</em></strong></span> <span class='ocrx_word' id='word_1_472' title='bbox 2890 2646 3034 2715; x_wconf 91' lang='lat' dir='ltr'><strong><em>quod</em></strong></span> <span class='ocrx_word' id='word_1_473' title='bbox 3068 2661 3175 2701; x_wconf 91' lang='lat' dir='ltr'><strong><em>non</em></strong></span> <span class='ocrx_word' id='word_1_474' title='bbox 3206 2647 3573 2719; x_wconf 84' lang='lat' dir='ltr'><strong><em>distinguatur</em></strong></span> 
     </span>
    </p>
   </div>
   <div class='ocr_carea' id='block_1_69' title="bbox 2004 2729 3571 2809">
    <p class='ocr_par' dir='ltr' id='par_1_69' title="bbox 2004 2729 3571 2809">
     <span class='ocr_line' id='line_1_69' title="bbox 2004 2729 3571 2809; baseline 0.007 -24"><span class='ocrx_word' id='word_1_475' title='bbox 2004 2729 2147 2787; x_wconf 87' lang='lat' dir='ltr'><strong><em>Deus</em></strong></span> <span class='ocrx_word' id='word_1_476' title='bbox 2172 2735 2552 2803; x_wconf 87' lang='lat' dir='ltr'><strong><em>corporalibus</em></strong></span> <span class='ocrx_word' id='word_1_477' title='bbox 2576 2733 2795 2803; x_wconf 88' lang='lat' dir='ltr'><strong><em>l‘ormis,</em></strong></span> <span class='ocrx_word' id='word_1_478' title='bbox 2822 2737 2913 2791; x_wconf 90' lang='lat' dir='ltr'><strong><em>sed</em></strong></span> <span class='ocrx_word' id='word_1_479' title='bbox 2942 2738 3282 2809; x_wconf 88' lang='lat' dir='ltr'><strong><em>temporibus</em></strong></span> <span class='ocrx_word' id='word_1_480' title='bbox 3313 2755 3378 2795; x_wconf 90' lang='lat' dir='ltr'><strong><em>ac</em></strong></span> <span class='ocrx_word' id='word_1_481' title='bbox 3407 2740 3571 2796; x_wconf 86' lang='lat' dir='ltr'><strong><em>rebus</em></strong></span> 
     </span>
    </p>
   </div>
   <div class='ocr_carea' id='block_1_70' title="bbox 2000 2824 3571 2901">
    <p class='ocr_par' dir='ltr' id='par_1_70' title="bbox 2000 2824 3571 2901">
     <span class='ocr_line' id='line_1_70' title="bbox 2000 2824 3571 2901; baseline 0.007 -24"><span class='ocrx_word' id='word_1_482' title='bbox 2000 2824 2338 2881; x_wconf 83' lang='lat' dir='ltr'><strong><em>assimilatus</em></strong></span> <span class='ocrx_word' id='word_1_483' title='bbox 2394 2827 2469 2882; x_wconf 86' lang='lat' dir='ltr'><strong><em>sit</em></strong></span> <span class='ocrx_word' id='word_1_484' title='bbox 2501 2844 2517 2883; x_wconf 91' lang='lat'><strong>:</strong></span> <span class='ocrx_word' id='word_1_485' title='bbox 2549 2829 3010 2898; x_wconf 85' lang='lat' dir='ltr'><strong><em>quemadmodum</em></strong></span> <span class='ocrx_word' id='word_1_486' title='bbox 3037 2839 3092 2885; x_wconf 92' lang='lat' dir='ltr'><strong><em>et</em></strong></span> <span class='ocrx_word' id='word_1_487' title='bbox 3115 2845 3281 2894; x_wconf 90' lang='lat' dir='ltr'><strong><em>nunc,</em></strong></span> <span class='ocrx_word' id='word_1_488' title='bbox 3312 2833 3571 2901; x_wconf 90' lang='lat' dir='ltr'><strong><em>quoniam</em></strong></span> 
     </span>
    </p>
   </div>
   <div class='ocr_carea' id='block_1_71' title="bbox 1995 2913 3574 2991">
    <p class='ocr_par' dir='ltr' id='par_1_71' title="bbox 1995 2913 3574 2991">
     <span class='ocr_line' id='line_1_71' title="bbox 1995 2913 3574 2991; baseline 0.004 -21"><span class='ocrx_word' id='word_1_489' title='bbox 1995 2913 2188 2985; x_wconf 74' lang='lat' dir='ltr'><strong><em>iudicii</em></strong></span> <span class='ocrx_word' id='word_1_490' title='bbox 2243 2926 2458 2986; x_wconf 84' lang='lat' dir='ltr'><strong><em>tempus</em></strong></span> <span class='ocrx_word' id='word_1_491' title='bbox 2517 2919 2784 2985; x_wconf 88' lang='lat' dir='ltr'><strong><em>imminet,</em></strong></span> <span class='ocrx_word' id='word_1_492' title='bbox 2837 2920 3125 2991; x_wconf 76' lang='lat' dir='ltr'><strong><em>dignaque</em></strong></span> <span class='ocrx_word' id='word_1_493' title='bbox 3150 2922 3440 2977; x_wconf 81' lang='lat' dir='ltr'><strong><em>retributio</em></strong></span> <span class='ocrx_word' id='word_1_494' title='bbox 3473 2937 3574 2977; x_wconf 88' lang='lat' dir='ltr'><strong><em>eo-</em></strong></span> 
     </span>
    </p>
   </div>
   <div class='ocr_carea' id='block_1_72' title="bbox 2001 3008 3572 3082">
    <p class='ocr_par' dir='ltr' id='par_1_72' title="bbox 2001 3008 3572 3082">
     <span class='ocr_line' id='line_1_72' title="bbox 2001 3008 3572 3082; baseline 0.004 -20"><span class='ocrx_word' id='word_1_495' title='bbox 2001 3022 2122 3063; x_wconf 88' lang='lat' dir='ltr'><strong><em>rum</em></strong></span> <span class='ocrx_word' id='word_1_496' title='bbox 2174 3023 2298 3078; x_wconf 64' lang='lat' dir='ltr'><strong><em>quaz</em></strong></span> <span class='ocrx_word' id='word_1_497' title='bbox 2336 3008 2571 3078; x_wconf 70' lang='lat' dir='ltr'><strong><em>quisque</em></strong></span> <span class='ocrx_word' id='word_1_498' title='bbox 2610 3011 2799 3081; x_wconf 75' lang='lat' dir='ltr'><strong><em>gessit,</em></strong></span> <span class='ocrx_word' id='word_1_499' title='bbox 2854 3011 3049 3066; x_wconf 90' lang='lat' dir='ltr'><strong><em>oculos</em></strong></span> <span class='ocrx_word' id='word_1_500' title='bbox 3099 3012 3275 3082; x_wconf 86' lang='lat' dir='ltr'><strong><em>ipsius</em></strong></span> <span class='ocrx_word' id='word_1_501' title='bbox 3322 3013 3572 3070; x_wconf 76' lang='lat' dir='ltr'><strong><em>videmus</em></strong></span> 
     </span>
    </p>
   </div>
   <div class='ocr_carea' id='block_1_73' title="bbox 2001 3098 3573 3172">
    <p class='ocr_par' dir='ltr' id='par_1_73' title="bbox 2001 3098 3573 3172">
     <span class='ocr_line' id='line_1_73' title="bbox 2001 3098 3573 3172; baseline 0.004 -19"><span class='ocrx_word' id='word_1_502' title='bbox 2001 3098 2237 3155; x_wconf 68' lang='lat' dir='ltr'><strong><em>ﬂamma:</em></strong></span> <span class='ocrx_word' id='word_1_503' title='bbox 2270 3099 2415 3172; x_wconf 72' lang='lat' dir='ltr'><strong><em>ignis</em></strong></span> <span class='ocrx_word' id='word_1_504' title='bbox 2463 3116 2586 3157; x_wconf 89' lang='lat' dir='ltr'><strong><em>esse</em></strong></span> <span class='ocrx_word' id='word_1_505' title='bbox 2623 3112 2994 3172; x_wconf 80' lang='lat' dir='ltr'><strong><em>comparatos,</em></strong></span> <span class='ocrx_word' id='word_1_506' title='bbox 3043 3118 3168 3172; x_wconf 76' lang='lat' dir='ltr'><strong><em>qua:</em></strong></span> <span class='ocrx_word' id='word_1_507' title='bbox 3216 3104 3322 3158; x_wconf 85' lang='lat' dir='ltr'><strong><em>vim</em></strong></span> <span class='ocrx_word' id='word_1_508' title='bbox 3373 3106 3573 3161; x_wconf 84' lang='lat' dir='ltr'><strong><em>habeat</em></strong></span> 
     </span>
    </p>
   </div>
   <div class='ocr_carea' id='block_1_74' title="bbox 2002 3192 3575 3265">
    <p class='ocr_par' dir='ltr' id='par_1_74' title="bbox 2002 3192 3575 3265">
     <span class='ocr_line' id='line_1_74' title="bbox 2002 3192 3575 3265; baseline 0.003 -18"><span class='ocrx_word' id='word_1_509' title='bbox 2002 3192 2349 3247; x_wconf 86' lang='lat' dir='ltr'><strong><em>illuminandi</em></strong></span> <span class='ocrx_word' id='word_1_510' title='bbox 2396 3201 2453 3247; x_wconf 91' lang='lat' dir='ltr'><strong><em>et</em></strong></span> <span class='ocrx_word' id='word_1_511' title='bbox 2489 3193 2752 3248; x_wconf 80' lang='lat' dir='ltr'><strong><em>exurendi</em></strong></span> <span class='ocrx_word' id='word_1_512' title='bbox 2786 3211 2800 3249; x_wconf 91' lang='lat'><strong>:</strong></span> <span class='ocrx_word' id='word_1_513' title='bbox 2834 3194 3180 3250; x_wconf 82' lang='lat' dir='ltr'><strong><em>illuminandi</em></strong></span> <span class='ocrx_word' id='word_1_514' title='bbox 3218 3197 3439 3265; x_wconf 90' lang='lat' dir='ltr'><strong><em>quidem</em></strong></span> <span class='ocrx_word' id='word_1_515' title='bbox 3474 3213 3575 3252; x_wconf 84' lang='lat' dir='ltr'><strong><em>an-</em></strong></span> 
     </span>
    </p>
   </div>
   <div class='ocr_carea' id='block_1_75' title="bbox 1926 3282 3573 3355">
    <p class='ocr_par' dir='ltr' id='par_1_75' title="bbox 1926 3282 3573 3355">
     <span class='ocr_line' id='line_1_75' title="bbox 1926 3282 3573 3355; baseline 0.005 -18"><span class='ocrx_word' id='word_1_516' title='bbox 1926 3288 1970 3347; x_wconf 83' lang='lat' dir='ltr'>c</span> <span class='ocrx_word' id='word_1_517' title='bbox 2004 3282 2157 3354; x_wconf 76' lang='lat' dir='ltr'><strong><em>gelos</em></strong></span> <span class='ocrx_word' id='word_1_518' title='bbox 2206 3298 2269 3339; x_wconf 88' lang='lat' dir='ltr'><strong><em>ac</em></strong></span> <span class='ocrx_word' id='word_1_519' title='bbox 2297 3283 2501 3355; x_wconf 83' lang='lat' dir='ltr'><strong><em>justos,</em></strong></span> <span class='ocrx_word' id='word_1_520' title='bbox 2530 3285 2794 3341; x_wconf 75' lang='lat' dir='ltr'><strong><em>exurendi</em></strong></span> <span class='ocrx_word' id='word_1_521' title='bbox 2826 3301 2955 3342; x_wconf 90' lang='lat' dir='ltr'><strong><em>vero</em></strong></span> <span class='ocrx_word' id='word_1_522' title='bbox 3010 3287 3285 3344; x_wconf 84' lang='lat' dir='ltr'><strong><em>daemones</em></strong></span> <span class='ocrx_word' id='word_1_523' title='bbox 3330 3302 3397 3345; x_wconf 83' lang='lat' dir='ltr'><strong><em>ac</em></strong></span> <span class='ocrx_word' id='word_1_524' title='bbox 3445 3303 3573 3351; x_wconf 85' lang='lat' dir='ltr'><strong><em>oec-</em></strong></span> 
     </span>
    </p>
   </div>
   <div class='ocr_carea' id='block_1_76' title="bbox 2004 3384 2232 3431">
    <p class='ocr_par' dir='ltr' id='par_1_76' title="bbox 2004 3384 2232 3431">
     <span class='ocr_line' id='line_1_76' title="bbox 2004 3384 2232 3431; baseline -0.004 0"><span class='ocrx_word' id='word_1_525' title='bbox 2004 3384 2232 3431; x_wconf 87' lang='lat' dir='ltr'><strong><em>calores.</em></strong></span> 
     </span>
    </p>
   </div>
   <div class='ocr_carea' id='block_1_77' title="bbox 2074 3487 3573 3560">
    <p class='ocr_par' dir='ltr' id='par_1_77' title="bbox 2074 3487 3573 3560">
     <span class='ocr_line' id='line_1_77' title="bbox 2074 3487 3573 3560; baseline 0.005 -18"><span class='ocrx_word' id='word_1_526' title='bbox 2074 3487 2146 3543; x_wconf 84' lang='lat' dir='ltr'><strong><em>Et</em></strong></span> <span class='ocrx_word' id='word_1_527' title='bbox 2199 3505 2355 3559; x_wconf 85' lang='lat' dir='ltr'><strong><em>super</em></strong></span> <span class='ocrx_word' id='word_1_528' title='bbox 2403 3498 2561 3560; x_wconf 81' lang='lat' dir='ltr'><strong><em>caput</em></strong></span> <span class='ocrx_word' id='word_1_529' title='bbox 2614 3489 2727 3555; x_wconf 84' lang='lat' dir='ltr'><strong><em>eius</em></strong></span> <span class='ocrx_word' id='word_1_530' title='bbox 2787 3491 3097 3547; x_wconf 84' lang='lat' dir='ltr'><strong><em>diademata</em></strong></span> <span class='ocrx_word' id='word_1_531' title='bbox 3150 3492 3343 3548; x_wconf 80' lang='lat' dir='ltr'><strong><em>multa.</em></strong></span> <span class='ocrx_word' id='word_1_532' title='bbox 3408 3492 3573 3550; x_wconf 71' lang='lat' dir='ltr'><strong><em>Multa</em></strong></span> 
     </span>
    </p>
   </div>
   <div class='ocr_carea' id='block_1_78' title="bbox 2005 3582 3575 3654">
    <p class='ocr_par' dir='ltr' id='par_1_78' title="bbox 2005 3582 3575 3654">
     <span class='ocr_line' id='line_1_78' title="bbox 2005 3582 3575 3654; baseline 0.004 -17"><span class='ocrx_word' id='word_1_533' title='bbox 2005 3582 2312 3638; x_wconf 86' lang='lat' dir='ltr'><strong><em>diademata</em></strong></span> <span class='ocrx_word' id='word_1_534' title='bbox 2359 3582 2623 3638; x_wconf 86' lang='lat' dir='ltr'><strong><em>indicium</em></strong></span> <span class='ocrx_word' id='word_1_535' title='bbox 2655 3592 2740 3639; x_wconf 91' lang='lat' dir='ltr'><strong><em>est</em></strong></span> <span class='ocrx_word' id='word_1_536' title='bbox 2795 3584 3082 3654; x_wconf 87' lang='lat' dir='ltr'><strong><em>potestatis</em></strong></span> <span class='ocrx_word' id='word_1_537' title='bbox 3116 3584 3171 3639; x_wconf 91' lang='lat' dir='ltr'><strong><em>in</em></strong></span> <span class='ocrx_word' id='word_1_538' title='bbox 3218 3600 3411 3642; x_wconf 89' lang='lat' dir='ltr'><strong><em>omnes</em></strong></span> <span class='ocrx_word' id='word_1_539' title='bbox 3461 3602 3575 3643; x_wconf 67' lang='lat' dir='ltr'><strong><em>c03-</em></strong></span> 
     </span>
    </p>
   </div>
   <div class='ocr_carea' id='block_1_79' title="bbox 2008 3675 3663 3748">
    <p class='ocr_par' dir='ltr' id='par_1_79' title="bbox 2008 3675 3663 3748">
     <span class='ocr_line' id='line_1_79' title="bbox 2008 3675 3663 3748; baseline 0.001 -18"><span class='ocrx_word' id='word_1_540' title='bbox 2008 3675 2169 3730; x_wconf 88' lang='lat' dir='ltr'><strong><em>Iestcs</em></strong></span> <span class='ocrx_word' id='word_1_541' title='bbox 2203 3683 2259 3730; x_wconf 88' lang='lat' dir='ltr'><strong><em>et</em></strong></span> <span class='ocrx_word' id='word_1_542' title='bbox 2292 3683 2540 3731; x_wconf 85' lang='lat' dir='ltr'><strong><em>terrenos</em></strong></span> <span class='ocrx_word' id='word_1_543' title='bbox 2576 3691 2641 3731; x_wconf 88' lang='lat' dir='ltr'><strong><em>ac</em></strong></span> <span class='ocrx_word' id='word_1_544' title='bbox 2690 3675 3121 3731; x_wconf 85' lang='lat' dir='ltr'><strong><em>subterraneos:</em></strong></span> <span class='ocrx_word' id='word_1_545' title='bbox 3154 3677 3404 3733; x_wconf 71' lang='lat' dir='ltr'><strong><em>cmlcstes</em></strong></span> <span class='ocrx_word' id='word_1_546' title='bbox 3452 3678 3575 3748; x_wconf 80' lang='lat' dir='ltr'><strong><em>qui-</em></strong></span> <span class='ocrx_word' id='word_1_547' title='bbox 3660 3690 3663 3695; x_wconf 87' lang='grc'>·</span> 
     </span>
    </p>
   </div>
   <div class='ocr_carea' id='block_1_80' title="bbox 2005 3766 3574 3841">
    <p class='ocr_par' dir='ltr' id='par_1_80' title="bbox 2005 3766 3574 3841">
     <span class='ocr_line' id='line_1_80' title="bbox 2005 3766 3574 3841; baseline 0.001 -18"><span class='ocrx_word' id='word_1_548' title='bbox 2005 3769 2151 3832; x_wconf 91' lang='lat' dir='ltr'><strong><em>dem,</em></strong></span> <span class='ocrx_word' id='word_1_549' title='bbox 2187 3776 2314 3837; x_wconf 89' lang='lat' dir='ltr'><strong><em>puta</em></strong></span> <span class='ocrx_word' id='word_1_550' title='bbox 2348 3766 2622 3837; x_wconf 77' lang='lat' dir='ltr'><strong><em>angelicos</em></strong></span> <span class='ocrx_word' id='word_1_551' title='bbox 2650 3767 2912 3835; x_wconf 87' lang='lat' dir='ltr'><strong><em>ordines;</em></strong></span> <span class='ocrx_word' id='word_1_552' title='bbox 2946 3776 3191 3823; x_wconf 85' lang='lat' dir='ltr'><strong><em>terrenos</em></strong></span> <span class='ocrx_word' id='word_1_553' title='bbox 3209 3777 3413 3835; x_wconf 87' lang='lat' dir='ltr'><strong><em>autem,</em></strong></span> <span class='ocrx_word' id='word_1_554' title='bbox 3448 3782 3574 3841; x_wconf 82' lang='lat' dir='ltr'><strong><em>puta</em></strong></span> 
     </span>
    </p>
   </div>
   <div class='ocr_carea' id='block_1_81' title="bbox 2005 3859 3578 3931">
    <p class='ocr_par' dir='ltr' id='par_1_81' title="bbox 2005 3859 3578 3931">
     <span class='ocr_line' id='line_1_81' title="bbox 2005 3859 3578 3931; baseline 0.001 -16"><span class='ocrx_word' id='word_1_555' title='bbox 2005 3860 2457 3931; x_wconf 78' lang='lat' dir='ltr'><strong><em>congregationes</em></strong></span> <span class='ocrx_word' id='word_1_556' title='bbox 2507 3859 2822 3913; x_wconf 78' lang='lat' dir='ltr'><strong><em>sanctorum</em></strong></span> <span class='ocrx_word' id='word_1_557' title='bbox 2888 3872 2953 3913; x_wconf 86' lang='lat' dir='ltr'><strong><em>ac</em></strong></span> <span class='ocrx_word' id='word_1_558' title='bbox 3011 3870 3225 3929; x_wconf 88' lang='lat' dir='ltr'><strong><em>sceptra</em></strong></span> <span class='ocrx_word' id='word_1_559' title='bbox 3264 3875 3386 3930; x_wconf 63' lang='lat' dir='ltr'><strong><em>qua:</em></strong></span> <span class='ocrx_word' id='word_1_560' title='bbox 3436 3862 3578 3916; x_wconf 82' lang='lat' dir='ltr'><strong><em>inter</em></strong></span> 
     </span>
    </p>
   </div>
   <div class='ocr_carea' id='block_1_82' title="bbox 2006 3950 3577 4025">
    <p class='ocr_par' dir='ltr' id='par_1_82' title="bbox 2006 3950 3577 4025">
     <span class='ocr_line' id='line_1_82' title="bbox 2006 3950 3577 4025; baseline 0.001 -19"><span class='ocrx_word' id='word_1_561' title='bbox 2006 3965 2162 4022; x_wconf 77' lang='lat' dir='ltr'><strong><em>reges</em></strong></span> <span class='ocrx_word' id='word_1_562' title='bbox 2197 3960 2358 4019; x_wconf 89' lang='lat' dir='ltr'><strong><em>sunt;</em></strong></span> <span class='ocrx_word' id='word_1_563' title='bbox 2400 3950 2789 4007; x_wconf 86' lang='lat' dir='ltr'><strong><em>subterraneos</em></strong></span> <span class='ocrx_word' id='word_1_564' title='bbox 2834 3964 2986 4017; x_wconf 90' lang='lat' dir='ltr'><strong><em>vero,</em></strong></span> <span class='ocrx_word' id='word_1_565' title='bbox 3017 3965 3140 4005; x_wconf 87' lang='lat' dir='ltr'><strong><em>cum</em></strong></span> <span class='ocrx_word' id='word_1_566' title='bbox 3176 3953 3411 4008; x_wconf 86' lang='lat' dir='ltr'><strong><em>mortuis</em></strong></span> <span class='ocrx_word' id='word_1_567' title='bbox 3438 3969 3577 4025; x_wconf 81' lang='lat' dir='ltr'><strong><em>quo-</em></strong></span> 
     </span>
    </p>
   </div>
   <div class='ocr_carea' id='block_1_83' title="bbox 2006 4042 3579 4115">
    <p class='ocr_par' dir='ltr' id='par_1_83' title="bbox 2006 4042 3579 4115">
     <span class='ocr_line' id='line_1_83' title="bbox 2006 4042 3579 4115; baseline 0.006 -20"><span class='ocrx_word' id='word_1_568' title='bbox 2006 4057 2114 4112; x_wconf 88' lang='lat' dir='ltr'><strong><em>que</em></strong></span> <span class='ocrx_word' id='word_1_569' title='bbox 2145 4042 2293 4099; x_wconf 89' lang='lat' dir='ltr'><strong><em>sicut</em></strong></span> <span class='ocrx_word' id='word_1_570' title='bbox 2337 4053 2392 4100; x_wconf 82' lang='lat' dir='ltr'><strong><em>et</em></strong></span> <span class='ocrx_word' id='word_1_571' title='bbox 2418 4044 2557 4100; x_wconf 80' lang='lat' dir='ltr'><strong><em>vivis</em></strong></span> <span class='ocrx_word' id='word_1_572' title='bbox 2586 4045 2920 4115; x_wconf 88' lang='lat' dir='ltr'><strong><em>dominatur,</em></strong></span> <span class='ocrx_word' id='word_1_573' title='bbox 2952 4046 3219 4104; x_wconf 84' lang='lat' dir='ltr'><strong><em>adversus</em></strong></span> <span class='ocrx_word' id='word_1_574' title='bbox 3247 4063 3441 4107; x_wconf 72' lang='lat' dir='ltr'><strong><em>omnes</em></strong></span> <span class='ocrx_word' id='word_1_575' title='bbox 3491 4050 3579 4106; x_wconf 84' lang='lat' dir='ltr'><strong><em>vi-</em></strong></span> 
     </span>
    </p>
   </div>
   <div class='ocr_carea' id='block_1_84' title="bbox 2007 4135 2701 4207">
    <p class='ocr_par' dir='ltr' id='par_1_84' title="bbox 2007 4135 2701 4207">
     <span class='ocr_line' id='line_1_84' title="bbox 2007 4135 2701 4207; baseline 0.004 -17"><span class='ocrx_word' id='word_1_576' title='bbox 2007 4135 2195 4190; x_wconf 69' lang='lat' dir='ltr'><strong><em>ctoriae</em></strong></span> <span class='ocrx_word' id='word_1_577' title='bbox 2219 4135 2373 4207; x_wconf 78' lang='lat' dir='ltr'><strong><em>signa</em></strong></span> <span class='ocrx_word' id='word_1_578' title='bbox 2396 4136 2701 4203; x_wconf 72' lang='lat' dir='ltr'><strong><em>proferens.</em></strong></span> 
     </span>
    </p>
   </div>
   <div class='ocr_carea' id='block_1_85' title="bbox 2078 4227 3581 4305">
    <p class='ocr_par' dir='ltr' id='par_1_85' title="bbox 2078 4227 3581 4305">
     <span class='ocr_line' id='line_1_85' title="bbox 2078 4227 3581 4305; baseline 0.007 -23"><span class='ocrx_word' id='word_1_579' title='bbox 2078 4227 2235 4295; x_wconf 84' lang='lat' dir='ltr'><strong><em>Quod</em></strong></span> <span class='ocrx_word' id='word_1_580' title='bbox 2286 4245 2436 4284; x_wconf 86' lang='lat' dir='ltr'><strong><em>nemo</em></strong></span> <span class='ocrx_word' id='word_1_581' title='bbox 2492 4232 2652 4297; x_wconf 80' lang='lat' dir='ltr'><strong><em>novit,</em></strong></span> <span class='ocrx_word' id='word_1_582' title='bbox 2700 4240 2891 4299; x_wconf 71' lang='lat' dir='ltr'><strong><em>pra’ter</em></strong></span> <span class='ocrx_word' id='word_1_583' title='bbox 2919 4233 3113 4303; x_wconf 82' lang='lat' dir='ltr'><strong><em>ipsum.</em></strong></span> <span class='ocrx_word' id='word_1_584' title='bbox 3150 4232 3401 4305; x_wconf 80' lang='lat' dir='ltr'><strong><em>Ignotum</em></strong></span> <span class='ocrx_word' id='word_1_585' title='bbox 3458 4252 3581 4293; x_wconf 87' lang='lat' dir='ltr'><strong><em>csse</em></strong></span> 
     </span>
    </p>
   </div>
   <div class='ocr_carea' id='block_1_86' title="bbox 2008 4319 3545 4394">
    <p class='ocr_par' dir='ltr' id='par_1_86' title="bbox 2008 4319 3545 4394">
     <span class='ocr_line' id='line_1_86' title="bbox 2008 4319 3545 4394; baseline 0.006 -19"><span class='ocrx_word' id='word_1_586' title='bbox 2008 4335 2208 4375; x_wconf 89' lang='lat' dir='ltr'><strong><em>nomen</em></strong></span> <span class='ocrx_word' id='word_1_587' title='bbox 2242 4319 2517 4391; x_wconf 72' lang='lat' dir='ltr'><strong><em>signiﬁcat</em></strong></span> <span class='ocrx_word' id='word_1_588' title='bbox 2548 4322 3261 4394; x_wconf 88' lang='lat' dir='ltr'><strong><em>incomprehensibilitatem</em></strong></span> <span class='ocrx_word' id='word_1_589' title='bbox 3318 4328 3545 4385; x_wconf 88' lang='lat' dir='ltr'><strong><em>substan</em></strong></span> 
     </span>
    </p>
   </div>
   <div class='ocr_carea' id='block_1_87' title="bbox 2009 4413 3580 4493">
    <p class='ocr_par' dir='ltr' id='par_1_87' title="bbox 2009 4413 3580 4493">
     <span class='ocr_line' id='line_1_87' title="bbox 2009 4413 3580 4493; baseline 0.009 -24"><span class='ocrx_word' id='word_1_590' title='bbox 2009 4413 2099 4469; x_wconf 70' lang='lat' dir='ltr'><strong><em>tiae</em></strong></span> <span class='ocrx_word' id='word_1_591' title='bbox 2152 4415 2346 4487; x_wconf 88' lang='lat' dir='ltr'><strong><em>ipsius.</em></strong></span> <span class='ocrx_word' id='word_1_592' title='bbox 2404 4416 2687 4488; x_wconf 87' lang='lat' dir='ltr'><strong><em>Siquidem</em></strong></span> <span class='ocrx_word' id='word_1_593' title='bbox 2724 4418 2881 4491; x_wconf 81' lang='lat' dir='ltr'><strong><em>juxta</em></strong></span> <span class='ocrx_word' id='word_1_594' title='bbox 2931 4421 3374 4493; x_wconf 88' lang='lat' dir='ltr'><strong><em>dispensationes</em></strong></span> <span class='ocrx_word' id='word_1_595' title='bbox 3429 4427 3580 4483; x_wconf 84' lang='lat' dir='ltr'><strong><em>varia</em></strong></span> 
     </span>
    </p>
   </div>
   <div class='ocr_carea' id='block_1_88' title="bbox 2009 4504 3579 4585">
    <p class='ocr_par' dir='ltr' id='par_1_88' title="bbox 2009 4504 3579 4585">
     <span class='ocr_line' id='line_1_88' title="bbox 2009 4504 3579 4585; baseline 0.009 -26"><span class='ocrx_word' id='word_1_596' title='bbox 2009 4504 2173 4563; x_wconf 84' lang='lat' dir='ltr'><strong><em>habet</em></strong></span> <span class='ocrx_word' id='word_1_597' title='bbox 2199 4508 2442 4576; x_wconf 87' lang='lat' dir='ltr'><strong><em>nomina,</em></strong></span> <span class='ocrx_word' id='word_1_598' title='bbox 2480 4519 2610 4582; x_wconf 81' lang='lat' dir='ltr'><strong><em>puta</em></strong></span> <span class='ocrx_word' id='word_1_599' title='bbox 2660 4511 2878 4578; x_wconf 83' lang='lat' dir='ltr'><strong><em>Bonus,</em></strong></span> <span class='ocrx_word' id='word_1_600' title='bbox 2941 4512 3166 4583; x_wconf 80' lang='lat' dir='ltr'><strong><em>Rector,</em></strong></span> <span class='ocrx_word' id='word_1_601' title='bbox 3212 4516 3329 4572; x_wconf 88' lang='lat' dir='ltr'><strong><em>sive</em></strong></span> <span class='ocrx_word' id='word_1_602' title='bbox 3362 4514 3579 4585; x_wconf 86' lang='lat' dir='ltr'><strong><em>Pastor,</em></strong></span> 
     </span>
    </p>
   </div>
   <div class='ocr_carea' id='block_1_89' title="bbox 353 4596 1899 4683">
    <p class='ocr_par' dir='ltr' id='par_1_89' title="bbox 353 4596 1899 4678">
     <span class='ocr_line' id='line_1_89' title="bbox 353 4596 1899 4678; baseline 0.01 -29"><span class='ocrx_word' id='word_1_603' title='bbox 353 4596 674 4665; x_wconf 77' lang='grc' dir='ltr'><em>’Δγιασμὸς,</em></span> <span class='ocrx_word' id='word_1_604' title='bbox 692 4599 1182 4675; x_wconf 80' lang='grc' dir='ltr'><em>ὡςἈπολύτρωσις</em></span> <span class='ocrx_word' id='word_1_605' title='bbox 1204 4605 1334 4676; x_wconf 77' lang='grc'><strong><em>(61).</em></strong></span> <span class='ocrx_word' id='word_1_606' title='bbox 1356 4606 1466 4661; x_wconf 78' lang='grc' dir='ltr'><strong><em>Καὶ</em></strong></span> <span class='ocrx_word' id='word_1_607' title='bbox 1494 4610 1615 4673; x_wconf 77' lang='grc' dir='ltr'><em>ταῖς</em></span> <span class='ocrx_word' id='word_1_608' title='bbox 1640 4609 1899 4678; x_wconf 85' lang='grc' dir='ltr'><em>ἀποφάσε-</em></span> 
     </span>
    </p>
   </div>
   <div class='ocr_carea' id='block_1_90' title="bbox 2003 4596 3582 4683">
    <p class='ocr_par' dir='ltr' id='par_1_90' title="bbox 2012 4599 3582 4678">
     <span class='ocr_line' id='line_1_90' title="bbox 2012 4599 3582 4678; baseline 0.008 -24"><span class='ocrx_word' id='word_1_609' title='bbox 2012 4599 2128 4667; x_wconf 88' lang='lat' dir='ltr'><strong><em>Sol,</em></strong></span> <span class='ocrx_word' id='word_1_610' title='bbox 2167 4600 2306 4667; x_wconf 82' lang='lat' dir='ltr'><strong><em>Lux,</em></strong></span> <span class='ocrx_word' id='word_1_611' title='bbox 2357 4600 2502 4672; x_wconf 90' lang='lat' dir='ltr'><strong><em>Vita,</em></strong></span> <span class='ocrx_word' id='word_1_612' title='bbox 2549 4603 2946 4675; x_wconf 85' lang='lat' dir='ltr'><strong><em>Sanctiﬁcatio,</em></strong></span> <span class='ocrx_word' id='word_1_613' title='bbox 2996 4606 3352 4678; x_wconf 75' lang='lat' dir='ltr'><strong><em>Redemptio,</em></strong></span> <span class='ocrx_word' id='word_1_614' title='bbox 3386 4620 3442 4667; x_wconf 90' lang='lat' dir='ltr'><strong><em>et</em></strong></span> <span class='ocrx_word' id='word_1_615' title='bbox 3502 4612 3582 4668; x_wconf 87' lang='lat' dir='ltr'><strong><em>si-</em></strong></span> 
     </span>
    </p>
   </div>
   <div class='ocr_carea' id='block_1_91' title="bbox 338 4687 1905 4770">
    <p class='ocr_par' dir='ltr' id='par_1_91' title="bbox 338 4687 1905 4770">
     <span class='ocr_line' id='line_1_91' title="bbox 338 4687 1905 4770; baseline 0.004 -21"><span class='ocrx_word' id='word_1_616' title='bbox 338 4702 433 4741; x_wconf 77' lang='grc' dir='ltr'><em>σιν</em></span> <span class='ocrx_word' id='word_1_617' title='bbox 466 4687 686 4755; x_wconf 78' lang='grc' dir='ltr'><em>ὁμοίως.</em></span> <span class='ocrx_word' id='word_1_618' title='bbox 721 4688 795 4753; x_wconf 78' lang='grc' dir='ltr'><em>ὡς</em></span> <span class='ocrx_word' id='word_1_619' title='bbox 821 4692 1152 4763; x_wconf 82' lang='grc' dir='ltr'><em>Ἀφθαρτος,</em></span> <span class='ocrx_word' id='word_1_620' title='bbox 1188 4696 1462 4770; x_wconf 72' lang='grc' dir='ltr'><em>’Δόρατος,</em></span> <span class='ocrx_word' id='word_1_621' title='bbox 1504 4700 1905 4770; x_wconf 77' lang='grc' dir='ltr'><em>’Δναλλοίωτος,</em></span> 
     </span>
    </p>
   </div>
   <div class='ocr_carea' id='block_1_92' title="bbox 332 4775 1906 4863">
    <p class='ocr_par' dir='ltr' id='par_1_92' title="bbox 332 4775 1906 4863">
     <span class='ocr_line' id='line_1_92' title="bbox 332 4775 1906 4863; baseline 0.012 -34"><span class='ocrx_word' id='word_1_622' title='bbox 332 4779 374 4848; x_wconf 73' lang='grc' dir='ltr'><strong><em>ή</em></strong></span> <span class='ocrx_word' id='word_1_623' title='bbox 422 4775 594 4832; x_wconf 72' lang='lat' dir='ltr'><strong><em>Obuia</em></strong></span> <span class='ocrx_word' id='word_1_624' title='bbox 616 4778 920 4852; x_wconf 81' lang='grc' dir='ltr'><em>ἀνώνυμος,</em></span> <span class='ocrx_word' id='word_1_625' title='bbox 950 4785 1099 4856; x_wconf 86' lang='grc' dir='ltr'><em>αὐτῴ</em></span> <span class='ocrx_word' id='word_1_626' title='bbox 1130 4788 1276 4859; x_wconf 76' lang='grc' dir='ltr'><em>μόνῳ</em></span> <span class='ocrx_word' id='word_1_627' title='bbox 1316 4791 1554 4863; x_wconf 79' lang='grc' dir='ltr'><em>γνωστὴ,</em></span> <span class='ocrx_word' id='word_1_628' title='bbox 1588 4794 1681 4846; x_wconf 74' lang='grc' dir='ltr'><em>καὶ</em></span> <span class='ocrx_word' id='word_1_629' title='bbox 1709 4793 1769 4847; x_wconf 82' lang='grc' dir='ltr'><strong><em>οὐ</em></strong></span> <span class='ocrx_word' id='word_1_630' title='bbox 1799 4812 1906 4849; x_wconf 89' lang='grc' dir='ltr'><em>τινι</em></span> 
     </span>
    </p>
   </div>
   <div class='ocr_carea' id='block_1_93' title="bbox 334 4868 535 4939">
    <p class='ocr_par' dir='ltr' id='par_1_93' title="bbox 334 4868 535 4939">
     <span class='ocr_line' id='line_1_93' title="bbox 334 4868 535 4939; baseline 0.01 -18"><span class='ocrx_word' id='word_1_631' title='bbox 334 4868 535 4939; x_wconf 72' lang='grc' dir='ltr'><em>ὶτέρῳ.</em></span> 
     </span>
    </p>
   </div>
   <div class='ocr_carea' id='block_1_94' title="bbox 426 4957 1910 5046">
    <p class='ocr_par' dir='ltr' id='par_1_94' title="bbox 426 4957 1910 5046">
     <span class='ocr_line' id='line_1_94' title="bbox 426 4957 1910 5046; baseline 0.014 -35"><span class='ocrx_word' id='word_1_632' title='bbox 426 4957 685 5028; x_wconf 80' lang='grc' dir='ltr'><em>Ἰμάτιον</em></span> <span class='ocrx_word' id='word_1_633' title='bbox 724 4963 1102 5037; x_wconf 81' lang='grc' dir='ltr'><em>,ϐεϐαμμένον</em></span> <span class='ocrx_word' id='word_1_634' title='bbox 1135 4970 1207 5024; x_wconf 78' lang='grc' dir='ltr'><em>ἐν</em></span> <span class='ocrx_word' id='word_1_635' title='bbox 1252 4972 1476 5042; x_wconf 76' lang='grc' dir='ltr'><em>αἵματι.</em></span> <span class='ocrx_word' id='word_1_636' title='bbox 1539 4974 1777 5046; x_wconf 85' lang='grc' dir='ltr'><em>Ίμάτιον</em></span> <span class='ocrx_word' id='word_1_637' title='bbox 1816 4976 1910 5032; x_wconf 80' lang='grc' dir='ltr'><em>τοῦ</em></span> 
     </span>
    </p>
   </div>
   <div class='ocr_carea' id='block_1_95' title="bbox 332 5050 1911 5135">
    <p class='ocr_par' dir='ltr' id='par_1_95' title="bbox 332 5050 1911 5135">
     <span class='ocr_line' id='line_1_95' title="bbox 332 5050 1911 5135; baseline 0.01 -31"><span class='ocrx_word' id='word_1_638' title='bbox 332 5050 539 5119; x_wconf 84' lang='grc' dir='ltr'><em>Λόγου,</em></span> <span class='ocrx_word' id='word_1_639' title='bbox 566 5053 604 5123; x_wconf 73' lang='grc' dir='ltr'><strong>ἡ</strong></span> <span class='ocrx_word' id='word_1_640' title='bbox 625 5053 890 5129; x_wconf 74' lang='grc' dir='ltr'><em>ἄχραντος</em></span> <span class='ocrx_word' id='word_1_641' title='bbox 916 5059 1075 5130; x_wconf 81' lang='grc' dir='ltr'><em>σὰρξ,</em></span> <span class='ocrx_word' id='word_1_642' title='bbox 1100 5062 1133 5131; x_wconf 88' lang='grc' dir='ltr'><strong><em>ή</em></strong></span> <span class='ocrx_word' id='word_1_643' title='bbox 1167 5060 1400 5131; x_wconf 78' lang='grc' dir='ltr'><em>βαφεῐσα</em></span> <span class='ocrx_word' id='word_1_644' title='bbox 1434 5064 1491 5116; x_wconf 81' lang='grc' dir='ltr'><em>ἐν</em></span> <span class='ocrx_word' id='word_1_645' title='bbox 1511 5063 1592 5134; x_wconf 83' lang='grc' dir='ltr'><em>τῷ</em></span> <span class='ocrx_word' id='word_1_646' title='bbox 1617 5065 1784 5135; x_wconf 84' lang='grc' dir='ltr'><em>τιμίῳ</em></span> <span class='ocrx_word' id='word_1_647' title='bbox 1811 5067 1911 5119; x_wconf 89' lang='grc' dir='ltr'><em>αὐ-</em></span> 
     </span>
    </p>
   </div>
   <div class='ocr_carea' id='block_1_96' title="bbox 330 5142 1910 5226">
    <p class='ocr_par' dir='ltr' id='par_1_96' title="bbox 330 5142 1910 5226">
     <span class='ocr_line' id='line_1_96' title="bbox 330 5142 1910 5226; baseline 0.009 -31"><span class='ocrx_word' id='word_1_648' title='bbox 330 5142 437 5196; x_wconf 82' lang='grc' dir='ltr'><em>τοῦ</em></span> <span class='ocrx_word' id='word_1_649' title='bbox 464 5144 676 5214; x_wconf 82' lang='grc' dir='ltr'><em>αἵματι.</em></span> <span class='ocrx_word' id='word_1_650' title='bbox 711 5148 850 5202; x_wconf 72' lang='grc' dir='ltr'><em>Ἀλλ’</em></span> <span class='ocrx_word' id='word_1_651' title='bbox 874 5150 1018 5215; x_wconf 83' lang='grc' dir='ltr'><em>είκός</em></span> <span class='ocrx_word' id='word_1_652' title='bbox 1046 5153 1163 5205; x_wconf 67' lang='grc' dir='ltr'><em>ἔστί</em></span> <span class='ocrx_word' id='word_1_653' title='bbox 1198 5170 1318 5207; x_wconf 86' lang='grc' dir='ltr'><em>τινα</em></span> <span class='ocrx_word' id='word_1_654' title='bbox 1350 5154 1717 5226; x_wconf 78' lang='grc' dir='ltr'><em>ὲπαπορῆσαι,</em></span> <span class='ocrx_word' id='word_1_655' title='bbox 1742 5158 1859 5220; x_wconf 83' lang='grc' dir='ltr'><strong><em>πῶς</em></strong></span> <span class='ocrx_word' id='word_1_656' title='bbox 1880 5159 1910 5211; x_wconf 84' lang='grc' dir='ltr'><strong><em>δ</em></strong></span> 
     </span>
    </p>
   </div>
   <div class='ocr_carea' id='block_1_97' title="bbox 335 5237 1907 5318">
    <p class='ocr_par' dir='ltr' id='par_1_97' title="bbox 335 5237 1907 5318">
     <span class='ocr_line' id='line_1_97' title="bbox 335 5237 1907 5318; baseline 0.01 -28"><span class='ocrx_word' id='word_1_657' title='bbox 335 5237 455 5307; x_wconf 80' lang='grc' dir='ltr'><em>πρὸ</em></span> <span class='ocrx_word' id='word_1_658' title='bbox 486 5237 687 5308; x_wconf 79' lang='grc' dir='ltr'><em>μικροῦ</em></span> <span class='ocrx_word' id='word_1_659' title='bbox 714 5242 995 5312; x_wconf 82' lang='grc' dir='ltr'><em>ἀνώνυμος</em></span> <span class='ocrx_word' id='word_1_660' title='bbox 1028 5248 1376 5316; x_wconf 68' lang='grc' dir='ltr'><em>χρηματίσας</em></span> <span class='ocrx_word' id='word_1_661' title='bbox 1409 5248 1501 5302; x_wconf 74' lang='grc' dir='ltr'><em>καὶ</em></span> <span class='ocrx_word' id='word_1_662' title='bbox 1534 5250 1701 5303; x_wconf 81' lang='grc' dir='ltr'><em>πᾶσιν</em></span> <span class='ocrx_word' id='word_1_663' title='bbox 1730 5250 1907 5318; x_wconf 82' lang='grc' dir='ltr'><em>ἄγνω-</em></span> 
     </span>
    </p>
   </div>
   <div class='ocr_carea' id='block_1_98' title="bbox 336 5331 1903 5413">
    <p class='ocr_par' dir='ltr' id='par_1_98' title="bbox 336 5331 1903 5413">
     <span class='ocr_line' id='line_1_98' title="bbox 336 5331 1903 5413; baseline 0.01 -31"><span class='ocrx_word' id='word_1_664' title='bbox 336 5346 467 5393; x_wconf 89' lang='grc' dir='ltr'><em>στος</em></span> <span class='ocrx_word' id='word_1_665' title='bbox 506 5331 647 5385; x_wconf 85' lang='grc' dir='ltr'><strong><em>κατά</em></strong></span> <span class='ocrx_word' id='word_1_666' title='bbox 692 5333 752 5385; x_wconf 77' lang='grc' dir='ltr'><em>τὸ</em></span> <span class='ocrx_word' id='word_1_667' title='bbox 790 5334 980 5405; x_wconf 76' lang='grc' dir='ltr'><em>ὄνομα,</em></span> <span class='ocrx_word' id='word_1_668' title='bbox 1031 5338 1124 5390; x_wconf 82' lang='grc' dir='ltr'><em>νῦν</em></span> <span class='ocrx_word' id='word_1_669' title='bbox 1151 5338 1386 5393; x_wconf 70' lang='grc' dir='ltr'><em>ἐνταῦθα</em></span> <span class='ocrx_word' id='word_1_670' title='bbox 1418 5340 1589 5411; x_wconf 84' lang='grc' dir='ltr'><em>Λόγος</em></span> <span class='ocrx_word' id='word_1_671' title='bbox 1641 5344 1903 5413; x_wconf 78' lang='grc' dir='ltr'><em>ὀνομάζε-</em></span> 
     </span>
    </p>
   </div>
   <div class='ocr_carea' id='block_1_99' title="bbox 335 5424 1903 5504">
    <p class='ocr_par' dir='ltr' id='par_1_99' title="bbox 335 5424 1903 5504">
     <span class='ocr_line' id='line_1_99' title="bbox 335 5424 1903 5504; baseline 0.008 -29"><span class='ocrx_word' id='word_1_672' title='bbox 335 5440 455 5476; x_wconf 89' lang='grc' dir='ltr'><em>ται.</em></span> <span class='ocrx_word' id='word_1_673' title='bbox 488 5424 554 5475; x_wconf 84' lang='grc' dir='ltr'>Ἦ</span> <span class='ocrx_word' id='word_1_674' title='bbox 584 5424 677 5479; x_wconf 77' lang='grc' dir='ltr'><strong><em>οὐν</em></strong></span> <span class='ocrx_word' id='word_1_675' title='bbox 722 5427 858 5498; x_wconf 72' lang='grc' dir='ltr'><em>πρὸς</em></span> <span class='ocrx_word' id='word_1_676' title='bbox 908 5428 1131 5493; x_wconf 74' lang='grc' dir='ltr'><em>ἔνδειξιν</em></span> <span class='ocrx_word' id='word_1_677' title='bbox 1159 5430 1260 5501; x_wconf 80' lang='grc' dir='ltr'><em>τῆς</em></span> <span class='ocrx_word' id='word_1_678' title='bbox 1314 5432 1495 5504; x_wconf 85' lang='grc' dir='ltr'><em>υίικῆς</em></span> <span class='ocrx_word' id='word_1_679' title='bbox 1548 5434 1903 5499; x_wconf 81' lang='grc' dir='ltr'><em>ὑποστάσεως</em></span> 
     </span>
    </p>
   </div>
   <div class='ocr_carea' id='block_1_100' title="bbox 334 5514 1903 5596">
    <p class='ocr_par' dir='ltr' id='par_1_100' title="bbox 334 5514 1903 5596">
     <span class='ocr_line' id='line_1_100' title="bbox 334 5514 1903 5596; baseline 0.01 -32"><span class='ocrx_word' id='word_1_680' title='bbox 334 5514 437 5566; x_wconf 79' lang='grc' dir='ltr'><em>καὶ</em></span> <span class='ocrx_word' id='word_1_681' title='bbox 461 5514 556 5583; x_wconf 76' lang='grc' dir='ltr'><em>τῆς</em></span> <span class='ocrx_word' id='word_1_682' title='bbox 581 5517 859 5585; x_wconf 70' lang='grc' dir='ltr'><em>ἐμπαθοῦς</em></span> <span class='ocrx_word' id='word_1_683' title='bbox 887 5521 949 5572; x_wconf 83' lang='grc' dir='ltr'><em>ἐκ</em></span> <span class='ocrx_word' id='word_1_684' title='bbox 981 5522 1194 5591; x_wconf 75' lang='grc' dir='ltr'><em>Πατρὸς</em></span> <span class='ocrx_word' id='word_1_685' title='bbox 1249 5525 1554 5596; x_wconf 80' lang='grc' dir='ltr'><em>γεννήσεως</em></span> <span class='ocrx_word' id='word_1_686' title='bbox 1603 5525 1903 5596; x_wconf 80' lang='grc' dir='ltr'><em>ὲκληπτέον</em></span> 
     </span>
    </p>
   </div>
   <div class='ocr_carea' id='block_1_101' title="bbox 409 5696 803 5755">
    <p class='ocr_par' dir='ltr' id='par_1_101' title="bbox 409 5696 803 5755">
     <span class='ocr_line' id='line_1_101' title="bbox 409 5696 803 5755; baseline 0.008 -4"><span class='ocrx_word' id='word_1_687' title='bbox 409 5696 504 5752; x_wconf 80' lang='grc'><strong><em>⁸⁸1</em></strong></span> <span class='ocrx_word' id='word_1_688' title='bbox 544 5696 685 5754; x_wconf 80' lang='lat' dir='ltr'><strong><em>Tim.</em></strong></span> <span class='ocrx_word' id='word_1_689' title='bbox 723 5700 803 5755; x_wconf 75' lang='lat' dir='ltr'><strong><em>l5.</em></strong></span> 
     </span>
    </p>
   </div>
   <div class='ocr_carea' id='block_1_102' title="bbox 418 5856 1799 5937">
    <p class='ocr_par' dir='ltr' id='par_1_102' title="bbox 418 5856 1799 5937">
     <span class='ocr_line' id='line_1_102' title="bbox 418 5856 1799 5937; baseline 0.005 -20"><span class='ocrx_word' id='word_1_690' title='bbox 418 5860 534 5933; x_wconf 81' lang='grc'><strong><em>(61)</em></strong></span> <span class='ocrx_word' id='word_1_691' title='bbox 564 5856 740 5917; x_wconf 81' lang='lat' dir='ltr'><strong><em>Verba</em></strong></span> <span class='ocrx_word' id='word_1_692' title='bbox 769 5862 846 5927; x_wconf 79' lang='grc' dir='ltr'><em>ὡς</em></span> <span class='ocrx_word' id='word_1_693' title='bbox 878 5863 1275 5937; x_wconf 82' lang='grc' dir='ltr'><em>Ἀπολύτρωσις</em></span> <span class='ocrx_word' id='word_1_694' title='bbox 1309 5866 1535 5925; x_wconf 76' lang='lat' dir='ltr'><strong><em>deerant</em></strong></span> <span class='ocrx_word' id='word_1_695' title='bbox 1564 5866 1617 5921; x_wconf 88' lang='lat' dir='ltr'><strong><em>in</em></strong></span> <span class='ocrx_word' id='word_1_696' title='bbox 1653 5866 1799 5937; x_wconf 76' lang='lat' dir='ltr'><strong><em>vulg.</em></strong></span> 
     </span>
    </p>
   </div>
   <div class='ocr_carea' id='block_1_103' title="bbox 2012 4692 3584 4770">
    <p class='ocr_par' dir='ltr' id='par_1_103' title="bbox 2012 4692 3584 4770">
     <span class='ocr_line' id='line_1_103' title="bbox 2012 4692 3584 4770; baseline 0.008 -26"><span class='ocrx_word' id='word_1_697' title='bbox 2012 4692 2169 4746; x_wconf 89' lang='lat' dir='ltr'><strong><em>miles</em></strong></span> <span class='ocrx_word' id='word_1_698' title='bbox 2199 4707 2297 4763; x_wconf 89' lang='lat' dir='ltr'><strong><em>per</em></strong></span> <span class='ocrx_word' id='word_1_699' title='bbox 2358 4696 2700 4766; x_wconf 80' lang='lat' dir='ltr'><strong><em>negationes,</em></strong></span> <span class='ocrx_word' id='word_1_700' title='bbox 2732 4697 2876 4754; x_wconf 84' lang='lat' dir='ltr'><strong><em>sicut</em></strong></span> <span class='ocrx_word' id='word_1_701' title='bbox 2912 4697 3380 4770; x_wconf 86' lang='lat' dir='ltr'><strong><em>lnc0rruptibilis,</em></strong></span> <span class='ocrx_word' id='word_1_702' title='bbox 3436 4702 3584 4757; x_wconf 85' lang='lat' dir='ltr'><strong><em>Invi-</em></strong></span> 
     </span>
    </p>
   </div>
   <div class='ocr_carea' id='block_1_104' title="bbox 2008 4782 3582 4859">
    <p class='ocr_par' dir='ltr' id='par_1_104' title="bbox 2008 4782 3582 4859">
     <span class='ocr_line' id='line_1_104' title="bbox 2008 4782 3582 4859; baseline 0.007 -22"><span class='ocrx_word' id='word_1_703' title='bbox 2008 4782 2207 4850; x_wconf 88' lang='lat' dir='ltr'><strong><em>sibilis,</em></strong></span> <span class='ocrx_word' id='word_1_704' title='bbox 2236 4784 2622 4855; x_wconf 86' lang='lat' dir='ltr'><strong><em>lmmutabilis,</em></strong></span> <span class='ocrx_word' id='word_1_705' title='bbox 2656 4788 2912 4845; x_wconf 84' lang='lat' dir='ltr'><strong><em>Essentia</em></strong></span> <span class='ocrx_word' id='word_1_706' title='bbox 2942 4791 3305 4859; x_wconf 84' lang='lat' dir='ltr'><strong><em>inuominala,</em></strong></span> <span class='ocrx_word' id='word_1_707' title='bbox 3337 4791 3437 4849; x_wconf 86' lang='lat' dir='ltr'><strong><em>soli</em></strong></span> <span class='ocrx_word' id='word_1_708' title='bbox 3474 4792 3582 4849; x_wconf 86' lang='lat' dir='ltr'><strong><em>sibi</em></strong></span> 
     </span>
    </p>
   </div>
   <div class='ocr_carea' id='block_1_105' title="bbox 2005 4880 2647 4949">
    <p class='ocr_par' dir='ltr' id='par_1_105' title="bbox 2005 4880 2647 4949">
     <span class='ocr_line' id='line_1_105' title="bbox 2005 4880 2647 4949; baseline 0.009 -17"><span class='ocrx_word' id='word_1_709' title='bbox 2005 4880 2218 4949; x_wconf 79' lang='lat' dir='ltr'><strong><em>cognita</em></strong></span> <span class='ocrx_word' id='word_1_710' title='bbox 2252 4889 2307 4934; x_wconf 91' lang='lat' dir='ltr'><strong><em>et</em></strong></span> <span class='ocrx_word' id='word_1_711' title='bbox 2335 4896 2444 4935; x_wconf 89' lang='lat' dir='ltr'><strong><em>non</em></strong></span> <span class='ocrx_word' id='word_1_712' title='bbox 2472 4881 2647 4937; x_wconf 81' lang='lat' dir='ltr'><strong><em>alteri.</em></strong></span> 
     </span>
    </p>
   </div>
   <div class='ocr_carea' id='block_1_106' title="bbox 2075 4971 3586 5047">
    <p class='ocr_par' dir='ltr' id='par_1_106' title="bbox 2075 4971 3586 5047">
     <span class='ocr_line' id='line_1_106' title="bbox 2075 4971 3586 5047; baseline 0.005 -21"><span class='ocrx_word' id='word_1_713' title='bbox 2075 4972 2241 5043; x_wconf 74' lang='lat'><strong><em>807</em></strong></span> <span class='ocrx_word' id='word_1_714' title='bbox 2283 4971 2434 5029; x_wconf 82' lang='lat' dir='ltr'><strong><em>Veste</em></strong></span> <span class='ocrx_word' id='word_1_715' title='bbox 2463 4975 2627 5029; x_wconf 83' lang='lat' dir='ltr'><strong><em>tincta</em></strong></span> <span class='ocrx_word' id='word_1_716' title='bbox 2656 4976 2943 5047; x_wconf 78' lang='lat' dir='ltr'><strong><em>sanguine.</em></strong></span> <span class='ocrx_word' id='word_1_717' title='bbox 2973 4975 3156 5032; x_wconf 84' lang='lat' dir='ltr'><strong><em>Vestis</em></strong></span> <span class='ocrx_word' id='word_1_718' title='bbox 3180 4974 3343 5032; x_wconf 81' lang='lat' dir='ltr'><strong><em>Verbi</em></strong></span> <span class='ocrx_word' id='word_1_719' title='bbox 3380 4975 3586 5033; x_wconf 73' lang='lat' dir='ltr'><strong><em>dicitur</em></strong></span> 
     </span>
    </p>
   </div>
   <div class='ocr_carea' id='block_1_107' title="bbox 2008 5064 3577 5140">
    <p class='ocr_par' dir='ltr' id='par_1_107' title="bbox 2008 5064 3577 5140">
     <span class='ocr_line' id='line_1_107' title="bbox 2008 5064 3577 5140; baseline 0.003 -21"><span class='ocrx_word' id='word_1_720' title='bbox 2008 5064 2361 5122; x_wconf 86' lang='lat' dir='ltr'><strong><em>immaculata</em></strong></span> <span class='ocrx_word' id='word_1_721' title='bbox 2425 5082 2577 5132; x_wconf 83' lang='lat' dir='ltr'><strong><em>caro,</em></strong></span> <span class='ocrx_word' id='word_1_722' title='bbox 2616 5070 2785 5124; x_wconf 88' lang='lat' dir='ltr'><strong><em>tincta</em></strong></span> <span class='ocrx_word' id='word_1_723' title='bbox 2837 5070 3078 5140; x_wconf 87' lang='lat' dir='ltr'><strong><em>pretioso</em></strong></span> <span class='ocrx_word' id='word_1_724' title='bbox 3131 5084 3232 5125; x_wconf 89' lang='lat' dir='ltr'><strong><em>suo</em></strong></span> <span class='ocrx_word' id='word_1_725' title='bbox 3288 5069 3577 5138; x_wconf 77' lang='lat' dir='ltr'><strong><em>sanguine.</em></strong></span> 
     </span>
    </p>
   </div>
   <div class='ocr_carea' id='block_1_108' title="bbox 2005 5155 3581 5232">
    <p class='ocr_par' dir='ltr' id='par_1_108' title="bbox 2005 5155 3581 5232">
     <span class='ocr_line' id='line_1_108' title="bbox 2005 5155 3581 5232; baseline 0.001 -21"><span class='ocrx_word' id='word_1_726' title='bbox 2005 5155 2111 5212; x_wconf 79' lang='lat' dir='ltr'><strong><em>Sed</em></strong></span> <span class='ocrx_word' id='word_1_727' title='bbox 2157 5159 2461 5214; x_wconf 88' lang='lat' dir='ltr'><strong><em>verisimile</em></strong></span> <span class='ocrx_word' id='word_1_728' title='bbox 2525 5169 2609 5215; x_wconf 88' lang='lat' dir='ltr'><strong><em>est</em></strong></span> <span class='ocrx_word' id='word_1_729' title='bbox 2670 5161 2905 5232; x_wconf 80' lang='lat' dir='ltr'><strong><em>aliquem</em></strong></span> <span class='ocrx_word' id='word_1_730' title='bbox 2948 5160 3224 5227; x_wconf 65' lang='lat' dir='ltr'><strong><em>haesitare,</em></strong></span> <span class='ocrx_word' id='word_1_731' title='bbox 3281 5158 3581 5231; x_wconf 87' lang='lat' dir='ltr'><strong><em>quomodo,</em></strong></span> 
     </span>
    </p>
   </div>
   <div class='ocr_carea' id='block_1_109' title="bbox 2006 5251 3584 5323">
    <p class='ocr_par' dir='ltr' id='par_1_109' title="bbox 2006 5251 3584 5323">
     <span class='ocr_line' id='line_1_109' title="bbox 2006 5251 3584 5323; baseline 0.002 -20"><span class='ocrx_word' id='word_1_732' title='bbox 2006 5264 2130 5303; x_wconf 86' lang='lat' dir='ltr'><strong><em>cum</em></strong></span> <span class='ocrx_word' id='word_1_733' title='bbox 2177 5251 2343 5321; x_wconf 87' lang='lat' dir='ltr'><strong><em>paulo</em></strong></span> <span class='ocrx_word' id='word_1_734' title='bbox 2398 5262 2527 5306; x_wconf 90' lang='lat' dir='ltr'><strong><em>ante</em></strong></span> <span class='ocrx_word' id='word_1_735' title='bbox 2569 5251 2801 5309; x_wconf 79' lang='lat' dir='ltr'><strong><em>dixisset</em></strong></span> <span class='ocrx_word' id='word_1_736' title='bbox 2853 5268 3189 5323; x_wconf 83' lang='lat' dir='ltr'><strong><em>anonymum</em></strong></span> <span class='ocrx_word' id='word_1_737' title='bbox 3242 5260 3296 5308; x_wconf 91' lang='lat' dir='ltr'><strong><em>et</em></strong></span> <span class='ocrx_word' id='word_1_738' title='bbox 3327 5251 3584 5307; x_wconf 88' lang='lat' dir='ltr'><strong><em>omnibus</em></strong></span> 
     </span>
    </p>
   </div>
   <div class='ocr_carea' id='block_1_110' title="bbox 2011 5342 3579 5413">
    <p class='ocr_par' dir='ltr' id='par_1_110' title="bbox 2011 5342 3579 5413">
     <span class='ocr_line' id='line_1_110' title="bbox 2011 5342 3579 5413; baseline 0 -17"><span class='ocrx_word' id='word_1_739' title='bbox 2011 5342 2231 5399; x_wconf 84' lang='lat' dir='ltr'><strong><em>nomine</em></strong></span> <span class='ocrx_word' id='word_1_740' title='bbox 2273 5343 2540 5413; x_wconf 78' lang='lat' dir='ltr'><strong><em>ignotum,</em></strong></span> <span class='ocrx_word' id='word_1_741' title='bbox 2576 5344 2678 5400; x_wconf 86' lang='lat' dir='ltr'><strong><em>hoc</em></strong></span> <span class='ocrx_word' id='word_1_742' title='bbox 2706 5345 2829 5401; x_wconf 83' lang='lat' dir='ltr'><strong><em>loco</em></strong></span> <span class='ocrx_word' id='word_1_743' title='bbox 2856 5361 3002 5401; x_wconf 89' lang='lat' dir='ltr'><strong><em>nunc</em></strong></span> <span class='ocrx_word' id='word_1_744' title='bbox 3040 5342 3278 5399; x_wconf 88' lang='lat' dir='ltr'><strong><em>Verbum</em></strong></span> <span class='ocrx_word' id='word_1_745' title='bbox 3314 5342 3579 5398; x_wconf 90' lang='lat' dir='ltr'><strong><em>nominet.</em></strong></span> 
     </span>
    </p>
   </div>
   <div class='ocr_carea' id='block_1_111' title="bbox 2010 5432 3583 5508">
    <p class='ocr_par' dir='ltr' id='par_1_111' title="bbox 2010 5432 3583 5508">
     <span class='ocr_line' id='line_1_111' title="bbox 2010 5432 3583 5508; baseline -0.004 -19"><span class='ocrx_word' id='word_1_746' title='bbox 2010 5435 2119 5489; x_wconf 82' lang='lat' dir='ltr'><strong><em>Aut</em></strong></span> <span class='ocrx_word' id='word_1_747' title='bbox 2146 5436 2251 5492; x_wconf 76' lang='lat' dir='ltr'><strong><em>hoc</em></strong></span> <span class='ocrx_word' id='word_1_748' title='bbox 2273 5436 2437 5508; x_wconf 81' lang='lat' dir='ltr'><strong><em>igitur</em></strong></span> <span class='ocrx_word' id='word_1_749' title='bbox 2455 5437 2830 5508; x_wconf 89' lang='lat' dir='ltr'><strong><em>accipiendum</em></strong></span> <span class='ocrx_word' id='word_1_750' title='bbox 2861 5444 2946 5492; x_wconf 90' lang='lat' dir='ltr'><strong><em>est</em></strong></span> <span class='ocrx_word' id='word_1_751' title='bbox 2970 5436 3035 5490; x_wconf 90' lang='lat' dir='ltr'><strong><em>ad</em></strong></span> <span class='ocrx_word' id='word_1_752' title='bbox 3056 5432 3583 5491; x_wconf 84' lang='lat' dir='ltr'><strong><em>demonstrationem</em></strong></span> 
     </span>
    </p>
   </div>
   <div class='ocr_carea' id='block_1_112' title="bbox 2008 5523 3581 5597">
    <p class='ocr_par' dir='ltr' id='par_1_112' title="bbox 2008 5523 3581 5597">
     <span class='ocr_line' id='line_1_112' title="bbox 2008 5523 3581 5597; baseline -0.003 -16"><span class='ocrx_word' id='word_1_753' title='bbox 2008 5526 2129 5585; x_wconf 88' lang='lat' dir='ltr'><strong><em>Filii</em></strong></span> <span class='ocrx_word' id='word_1_754' title='bbox 2161 5537 2217 5586; x_wconf 89' lang='lat' dir='ltr'><strong><em>et</em></strong></span> <span class='ocrx_word' id='word_1_755' title='bbox 2249 5530 2551 5586; x_wconf 82' lang='lat' dir='ltr'><strong><em>nativitatis</em></strong></span> <span class='ocrx_word' id='word_1_756' title='bbox 2583 5530 2792 5586; x_wconf 76' lang='lat' dir='ltr'><strong><em>aﬁ‘cctae</em></strong></span> <span class='ocrx_word' id='word_1_757' title='bbox 2817 5546 2882 5586; x_wconf 76' lang='lat' dir='ltr'><strong><em>ex</em></strong></span> <span class='ocrx_word' id='word_1_758' title='bbox 2905 5529 3087 5595; x_wconf 87' lang='lat' dir='ltr'><strong><em>Patre,</em></strong></span> <span class='ocrx_word' id='word_1_759' title='bbox 3115 5523 3581 5597; x_wconf 85' lang='lat' dir='ltr'><strong><em>quemadmodum</em></strong></span> 
     </span>
    </p>
   </div>
  </div>
