4046 6562
436 359 545 424 743
1250 356 1575 417 ΑΒΕΤΙΙΈ
1616 357 1994 417 ΕεπΕΞΛΒΕίΕ
2030 358 2515 421 (ΣΛΡΡΛΒΟΟΙΕ
2554 363 2891 445 EPISCOPI
3579 365 3686 427 744

443 489 692 533 nostrum
748 475 974 531 verbum
1038 488 1102 529 ex
1167 484 1352 529 mente
1392 475 1685 545 procedit:
1742 485 1839 530 aut
1876 475 2017 545 quod

2123 477 2300 545 τοῦτο,
2335 478 2586 553 καθάπερ
2612 482 2639 533 ὁ
2663 480 2929 551 ἡμέτερος
2960 481 3115 549 λόγος
3150 480 3213 534 ἐκ
3238 482 3332 535 τοῦ
3366 481 3458 536 νοῦ
3502 484 3688 554 πρόει-

442 568 687 623 omnium
722 582 1005 620 sermones
1041 565 1095 619 in
1128 581 1188 620 se
1220 568 1521 621 contineat.

516 657 580 710 Et
622 658 881 711 exercitus
917 657 1005 726 qui
1052 665 1174 709 sunt
1218 656 1273 710 in
1318 657 1446 711 caelo
1483 659 1835 728 sequebantur
1873 676 2013 718 eum.

440 750 573 803 Cum
666 764 957 818 supremus
1029 749 1103 803 sit
1156 750 1261 802 dux
1338 749 1644 803 cmlestium
1727 749 2015 817 virtutum,

448 840 912 910 quemadmodum
967 840 1083 907 ipse
1120 840 1335 894 dixerat
1393 838 1523 894 Jesu
1588 839 1755 905 Nave,
1820 841 2016 896 merito

443 940 812 986 assectatores
880 931 1073 985 habuit
1107 931 1198 1000 qui
1244 931 1309 984 ad
1368 932 1619 984 militiam
1681 932 2016 1001 complerent

344 1046 350 1052 ’
442 1023 691 1088 ordines,
726 1039 821 1078 eos
848 1024 1199 1093 potissimum
1234 1023 1327 1092 qui
1360 1037 1503 1077 nunc
1532 1022 1599 1076 ad
1636 1024 1880 1093 praelium
1940 1025 2015 1079 ir-

449 1123 677 1169 ruerent
732 1114 997 1169 adversus
1068 1114 1288 1184 impios.
1349 1113 1476 1169 Haec
1541 1124 1723 1169 autem
1772 1118 2015 1171 humano

445 1222 600 1259 more
663 1206 932 1276 disposita
971 1214 1102 1260 sunt
1150 1206 1204 1259 in
1266 1206 1620 1272 revelatione,
1658 1208 1787 1278 quia
1841 1224 2016 1278 neque

443 1301 552 1353 alio
594 1298 753 1353 modo
785 1298 1081 1367 significari
1127 1299 1454 1367 potuissent.
1491 1298 1715 1366 Equites
1758 1315 1888 1354 vero
1918 1302 2015 1355 de-

444 1389 737 1458 signantur
765 1396 819 1441 et
849 1386 943 1456 qui
974 1389 1134 1456 equis
1158 1389 1294 1443 albis
1327 1389 1565 1443 insident
1592 1406 1606 1444 :
1640 1400 1699 1444 ut
1728 1390 1854 1461 equi
1884 1405 2016 1444 sane

441 1481 709 1533 adventus
741 1478 1087 1533 velocitatem
1122 1481 1444 1549 designent;
1482 1482 1673 1536 albedo
1698 1497 1827 1536 vero
1848 1496 2017 1552 equo-

440 1589 562 1628 rum
595 1572 777 1627 taliter
807 1573 1036 1628 adornet
1076 1574 1331 1631 caelestes
1362 1575 1605 1630 ordines.
1643 1576 1707 1629 Et
1735 1584 1885 1630 certe
1914 1574 2013 1643 ipsi

442 1679 667 1733 quoque
712 1678 1040 1719 ascensores
1088 1665 1457 1720 ostenduntur
1495 1667 1667 1720 induti
1720 1667 1840 1720 alba
1875 1666 2011 1721 stola

445 1760 691 1829 byssina.
732 1758 874 1825 Quid
930 1760 1075 1813 enim
1127 1759 1270 1813 inter
1331 1759 1636 1813 materialia
1690 1774 1754 1813 ac
1798 1767 2011 1812 terrena

446 1852 630 1922 aptius
658 1853 869 1908 cwlesti
902 1867 968 1907 ac
994 1851 1179 1906 divino
1207 1852 1373 1907 coetui
1411 1851 1652 1920 conspici
1692 1850 1902 1921 potest?

512 2024 657 2091 XIX,
686 2025 771 2089 15,
800 2024 887 2079 16.
922 2023 987 2078 Et
1020 2025 1083 2077 de
1105 2038 1193 2077 ore
1218 2023 1331 2093 ejus
1356 2024 1589 2093 procedit
1620 2024 1829 2094 gladius
1850 2025 2019 2078 utrin-

441 2134 541 2179 aue
579 2128 790 2182 acutus,
822 2126 878 2169 ut
909 2134 968 2170 eo
1004 2118 1264 2185 percutiat
1295 2127 1511 2187 gentes:
1546 2125 1594 2170 et
1616 2118 1724 2186 ipse
1758 2130 1893 2185 reget
1930 2133 2019 2169 eas

442 2210 586 2280 virga
628 2209 821 2276 ferrea.
874 2206 940 2260 Et
975 2209 1085 2275 ipse
1134 2208 1305 2260 calcat
1350 2207 1589 2260 torcular
1642 2209 1750 2260 vini
1817 2207 2018 2276 furoris

443 2301 538 2355 irae
570 2301 664 2354 Dei
719 2301 1115 2369 omnipotentis.
1162 2297 1227 2353 Et
1269 2299 1422 2352 habet
1461 2314 1613 2366 super
1661 2300 2021 2353 vestimentum

442 2406 491 2449 et
525 2412 682 2465 super
715 2396 888 2467 femur
917 2410 1072 2448 suum
1110 2408 1299 2447 nomen
1324 2392 1582 2462 scriptum
1616 2406 1634 2445 :
1685 2390 1793 2446 Rea:
1844 2406 2019 2462 regum

444 2494 492 2539 et
527 2485 783 2539 Dominus
814 2483 1231 2538 dominantium.

516 2783 742 2839 Gladius
774 2797 842 2838 ex
895 2797 990 2837 ore
1042 2781 1347 2852 procedens
1397 2781 1673 2854 signiﬁcat
1725 2781 1908 2853 impiis
1958 2797 2023 2840 ac

445 2874 828 2944 peccatoribus
861 2872 1047 2927 induci
1080 2873 1411 2944 supplicium
1438 2873 1598 2942 jussu
1632 2873 1800 2928 divini
1839 2874 2021 2929 numi-

447 2967 557 3020 nis.
605 2963 875 3034 Utrinque
907 2979 1036 3019 vero
1087 2965 1279 3020 incidit
1315 2965 1551 3035 gladius,
1598 2980 1664 3020 eo
1711 2967 1857 3036 quod
1906 2976 2017 3021 tam

444 3073 513 3113 ex
549 3057 628 3110 ira
661 3072 825 3124 quam
865 3072 931 3111 ex
974 3056 1360 3111 misericordia
1392 3072 1422 3110 a
1453 3056 1564 3111 Deo
1600 3058 1896 3126 procedant
1936 3073 2022 3113 re-

445 3148 745 3216 proborum
776 3146 1084 3217 supplicia;
1115 3156 1311 3203 acutus
1338 3155 1543 3213 autem,
1574 3148 1706 3218 quia
1730 3148 1841 3203 cito
1866 3146 2022 3203 amart
2050 3178 2092 3236 ε

446 3255 604 3296 suam
642 3237 958 3293 eﬂicaciam.

527 3332 692 3401 Virga
724 3331 913 3401 ferrea.
954 3328 1150 3385 Ferrea
1187 3344 1335 3400 virga
1369 3346 1474 3385 non
1507 3339 1591 3386 est
1612 3331 1677 3386 ad
1704 3330 2023 3402 regendum,

449 3424 545 3479 sed
585 3424 652 3477 ad
684 3420 1140 3491 eonhingendum
1169 3436 1266 3476 eos
1298 3424 1392 3491 qui
1416 3422 1469 3475 in
1502 3425 1610 3477 vita
1644 3423 1774 3477 lutei
1809 3436 1938 3479 sunt
1971 3434 2025 3480 et

446 3512 622 3584 parati
652 3520 710 3565 ut
740 3519 1121 3566 conterantur.
1183 3510 1358 3578 Quam
1389 3512 1460 3567 ob
1490 3528 1713 3569 causam
1744 3529 1874 3585 ergo
1918 3515 2021 3585 ipsi

444 3605 769 3660 attributum
817 3610 903 3657 est
932 3602 1155 3672 regere?
1188 3600 1303 3656 Non
1349 3603 1774 3669 inconsiderate,
1814 3615 1873 3660 ut
1903 3606 2023 3676 opi-

448 3715 571 3766 nor,
603 3698 698 3754 sed
730 3696 861 3768 quia
898 3695 1182 3766 probabile
1208 3707 1291 3750 eSt
1320 3697 1468 3766 quod
1515 3696 1752 3769 regendo
1780 3712 2025 3768 pugnan-

448 3791 580 3846 dum
612 3788 685 3844 sit
717 3787 983 3843 adversus
1033 3783 1242 3840 ferinos
1295 3786 1569 3849 homines,
1627 3796 1684 3840 et
1737 3796 2023 3857 propterea

443 3896 666 3954 quoque
696 3881 847 3950 virga
882 3894 1021 3949 opus
1064 3887 1169 3944 est,
1201 3893 1322 3948 quae
1351 3877 1684 3935 adversariis
1710 3878 1856 3950 jnste
1905 3896 2026 3951 per-

444 3976 708 4031 ditionem
737 3973 950 4029 allerat.
982 3972 1119 4039 Quis
1154 3983 1336 4029 autem
1383 3974 1527 4030 alius
1568 3990 1734 4045 quam
1770 3976 2025 4033 Chrisms

443 4066 622 4121 calcat
672 4064 914 4120 torcular
953 4064 1063 4119 vini
1124 4065 1331 4121 furoris
1392 4065 1486 4120 irae
1529 4066 1661 4121 Dei?
1707 4067 1829 4139 Ipse
1876 4070 2023 4124 enim

444 4170 542 4225 per
574 4155 846 4225 judicium
894 4154 1061 4225 808
1094 4170 1158 4212 ac
1211 4155 1631 4211 retributionem
1687 4159 2022 4215 voluntatem

444 4249 627 4318 explet
656 4258 961 4319 paternam.

520 4337 590 4391 Et
622 4338 774 4393 habet
804 4356 962 4409 super
984 4341 1347 4395 vestimentum
1378 4351 1428 4397 et
1458 4361 1616 4415 super
1645 4345 1818 4415 femur
1844 4363 2021 4402 suum.

452 4428 847 4486 Vestimentum
894 4431 1183 4503 designare
1217 4434 1330 4488 vult
1388 4450 1633 4490 carnem.
1690 4433 1793 4490 Per
1846 4436 2024 4491 femur

2121 585 2228 633 σιν,
2252 570 2285 641 ἥ
2310 571 2387 638 τῷ
2413 572 2632 626 πάντων
2659 576 2783 635 τοίς
2834 574 3022 641 λόγους
3049 575 3104 627 ἐν
3130 574 3307 644 ἐαυτῴ
3336 575 3544 645 φέρειν.

2190 662 2299 715 Kal
2333 662 2402 715 τὰ
2439 665 2853 732 στρατεύματα
2885 665 2956 718 τὰ
2993 666 3063 718 ἐν
3119 666 3198 731 τῷ
3253 668 3485 734 οὐρανῷ
3546 670 3693 737 ἠκο-

2117 750 2319 803 λούθει
2347 749 2528 815 αὐτῷ.
2565 752 3027 823 Ἀρχιστράτηγος
3061 755 3136 807 ὣν
3154 756 3263 809 τῶν
3298 758 3563 828 οὐρανίων
3595 759 3690 813 δυ-

2118 840 2356 910 νάμεων,
2384 841 2459 905 ὡς
2482 841 2643 905 αὐτὸς
2682 843 2859 912 Ἰησοῦ
2877 843 2955 913 τῷ
2975 842 3069 897 τοῦ
3102 842 3258 915 Ναυῆ
3294 847 3687 916 ἐχρημάτισεν,

2118 933 2343 996 είκότως
2367 934 2599 997 ὀπαδοὺς
2622 934 2765 987 κατὰ
2789 938 2887 1003 τὴν
2921 936 3259 1007 στρατηγίαν
3289 937 3692 1008 συμπληροῦν.-

2118 1040 2214 1083 τας
2247 1022 2316 1076 τὰ
2344 1024 2607 1095 τάγματα
2656 1025 2854 1095 ἔσχηκε
2893 1026 2962 1079 τὰ
2991 1026 3086 1078 νῦν
3118 1028 3353 1096 μάλιστα
3380 1030 3473 1081 ἐπὶ
3527 1030 3690 1082 πόλε-

2122 1131 2222 1184 μον
2250 1114 2355 1168 τῶν
2387 1114 2603 1168 ἀσεϐῶν
2650 1114 2969 1185 ὁρμώμενα.
3002 1114 3184 1168 Ταῦτα
3241 1116 3297 1169 δέ
3330 1117 3691 1186 ἀνθρωπίνως

2116 1203 2496 1256 διεσκεύασται
2541 1204 2600 1257 ἐν
2654 1206 2720 1275 τῇ
2775 1204 3137 1274 ἀποκαλύψει,
3186 1207 3269 1258 ὅτι
3324 1207 3461 1277 μηδὲ
3512 1208 3686 1272 ἄλλως

2115 1290 2183 1365 ἦν
2212 1294 2515 1365 δηλωθῆναι
2544 1295 2738 1353 ταῦτα.
2786 1297 3030 1351 Ἱππόται
3057 1298 3115 1351 δὲ
3147 1299 3237 1350 καὶ
3271 1299 3457 1362 ἵπποις
3491 1298 3679 1370 ἐποχοι

2117 1387 2330 1451 λευκοῖς
2387 1389 2771 1458 παρίστανται,
2837 1388 2945 1443 τῶν
3005 1390 3187 1443 ἵππων
3221 1390 3320 1461 μὲν
3348 1392 3409 1443 τὸ
3453 1390 3548 1457 ὀξὺ
3582 1392 3683 1460 τῆς

2117 1478 2453 1543 ἐπελεύσεως
2482 1482 2895 1552 αίνισσομένων,
2919 1482 3013 1535 τοῦ
3042 1482 3098 1535 δὲ
3128 1482 3322 1536 λευκοῦ
3357 1484 3453 1535 τοῦ
3493 1485 3549 1536 ἐν
3574 1486 3688 1546 τοῖς

2119 1573 2303 1637 ἵπποις
2332 1573 2391 1627 τὸ
2413 1576 2670 1638 τοιούτοις
2693 1574 3105 1643 ἐναγλαῖζεσθαι
3129 1576 3199 1629 τὰ
3223 1576 3449 1647 οὐράνια
3469 1576 3688 1645 τάγμα·-

2116 1683 2203 1720 τα.
2227 1666 2335 1720 Καὶ
2348 1666 2412 1737 δή
2427 1682 2492 1735 γε
2515 1668 2607 1719 καὶ
2640 1668 2794 1721 αὐτοὶ
2830 1669 2878 1720 οἱ
2918 1667 3185 1722 ἀναϐάται
3215 1666 3414 1738 λευκὴν
3450 1667 3693 1737 ἀμπεχό-

2122 1776 2272 1828 μενοι
2318 1761 2417 1830 τὴν
2455 1762 2561 1814 ἀπὸ
2595 1759 2794 1830 βύσσου
2830 1759 3020 1831 στολὴν
3042 1759 3461 1813 ἐπιδείκνυνται.
3493 1760 3557 1812 Τί
3583 1761 3693 1830 γὰρ

2120 1856 2186 1923 τῇ
2228 1853 2465 1924 οὐρανίῳ
2526 1855 2620 1907 καὶ
2663 1852 2783 1924 θείᾳ
2840 1854 3081 1923 φρατρίᾳ
3109 1853 3219 1905 τῶν
3248 1852 3451 1906 ἐνύλων
3506 1869 3565 1906 τε
3596 1852 3693 1906 καὶ

2120 1946 2323 2015 γηΐνων
2374 1944 2740 2015 ἐνθεωρηθείη
2794 1944 2860 1997 ἂν
2888 1942 3316 2015 ἀρμοδιώτερον;

2190 2034 2299 2090 Καὶ
2334 2034 2403 2089 ἐκ
2432 2034 2538 2089 τοῦ
2568 2034 2864 2102 στόματος
2894 2033 3081 2088 αὐτοῦ
3121 2033 3507 2101 ἐκπορεύεται
3547 2033 3694 2102 ρομο

2122 2131 2270 2200 scala
2296 2130 2578 2200 δίστομος
2634 2130 2817 2197 ὀξεῖα,
2872 2130 2972 2183 ἵνα
3016 2130 3086 2183 ἐν
3114 2128 3271 2196 αὐτῇ
3331 2130 3570 2195 πατάξῃ
3619 2130 3694 2183 τὰ

2121 2222 2292 2290 ἔθνη,
2321 2221 2417 2276 καὶ
2453 2222 2635 2288 αὐτὸς
2660 2220 2941 2291 ποιμανεῖ
2964 2221 3186 2288 αὐτοὺς
3216 2222 3285 2275 ἐν
3300 2221 3503 2290 ῥάϐδῳ
3531 2222 3695 2289 σιδη-

2115 2317 2218 2387 ρᾷ.
2260 2319 2366 2371 Kal
2391 2318 2573 2382 αὐτὸς
2602 2315 2775 2369 πατεῖ
2802 2315 2916 2382 τὴν
2966 2315 3159 2382 ληνὸν
3212 2313 3318 2368 τοῦ
3368 2313 3536 2367 οἴνου
3588 2314 3695 2368 τοῦ

2123 2408 2313 2476 θυμοῦ
2344 2405 2452 2474 τῆς
2479 2405 2662 2475 ὀργῆς
2694 2407 2801 2459 τοῦ
2852 2403 3000 2457 Θεοῦ
3029 2400 3138 2456 τοῦ
3182 2401 3691 2469 παντοκράτορος.

2126 2502 2229 2557 Kal
2258 2501 2385 2569 ἔχει
2406 2498 2505 2554 ἐπὶ
2531 2498 2596 2552 τὸ
2627 2496 2861 2567 ιμὰτιον
2876 2495 2973 2550 καί
3008 2494 3109 2548 ἐπὶ
3133 2494 3240 2547 τὸν
3266 2495 3464 2562 μηρὸν
3509 2492 3696 2547 αὐτοῦ

2124 2591 2310 2660 ὄνομα
2377 2589 2802 2661 γεγραμμένον,
2877 2586 3178 2654 Βασιλεὺς
3221 2583 3534 2651 ,ϐασιλέων
3592 2586 3693 2640 καί

2123 2687 2340 2753 Κύριος
2363 2686 2606 2754 κυρίων.

2208 2780 2303 2833 Ἐκ
2340 2779 2433 2832 τοῦ
2467 2780 2736 2849 στόματος
2789 2780 2823 2848 ἡ
2852 2781 3097 2850 ρομφαια
3148 2779 3441 2833 διάττουσα
3491 2796 3553 2831 το
3606 2777 3693 2831 διὰ

2127 2873 2554 2947 προστάγματος
2586 2872 2732 2926 θείου
2762 2873 2913 2943 δηλοῖ
2940 2875 3052 2937 τοῖς
3084 2872 3305 2927 ἀσεϐέσι
3355 2873 3452 2926 καὶΙ
3511 2873 3691 2943 ἁμαρ-

2124 2966 2315 3029 τωλοῖς
2339 2964 2644 3036 ἐπαχθῆναι
2670 2964 2767 3034 τὴν
2824 2964 3065 3018 κόλασιν.
3108 2964 3479 3033 ’Λμφίστομον
3503 2962 3558 3015 δὲ
3588 2962 3690 3031 τὴν

2128 3059 2401 3130 ῥομφαίαν
2426 3056 2513 3111 διὰ
2541 3056 2601 3110 τὸ
2630 3056 2973 3125 ἑκατέρωθεν
2998 3056 3163 3127 ὀργῆς
3192 3057 3286 3108 καὶ
3314 3056 3465 3109 ἐλέου
3493 3056 3692 3125 χωρεῖν

2125 3150 2223 3213 τὰς
2282 3148 2389 3202 ἀπὸ
2444 3146 2540 3201 τοῦ
2586 3146 2733 3199 θείου
2774 3146 2882 3199 τῶν
2916 3146 3346 3218 καταφρονητιῖη
3374 3145 3644 3216 τιμωρίας
3671 3161 3687 3177 ο

2125 3240 2312 3307 ὀξεῖαν
2337 3238 2416 3305 δέ,
2450 3237 2537 3291 διὰ
2560 3236 2621 3290 τὸ
2644 3236 2881 3308 ἀμελητὶ
2914 3237 2974 3290 τὸ
3002 3238 3326 3308 δραστήριον
3350 3236 3651 3309 ἐπιφέρειν.

2211 3329 2523 3399 Ἐνράϐδῳ
2555 3325 2795 3397 σιδηρᾷ.
2846 3328 2911 3381 Ἦ
2964 3327 3159 3400 σιδηρᾶ
3212 3328 3404 3399 ῥάϐδος
3454 3328 3514 3380 οὐ
3569 3343 3693 3379 ποι-

2131 3423 2397 3494 μαντικὴ,
2432 3421 2567 3476 ἀλλὰ
2622 3419 2851 3490 θραῦσιν
2909 3422 3108 3490 ἔχουσα
3162 3420 3270 3473 τῶν
3302 3419 3546 3489 πηλίνων
3604 3419 3695 3471 τὸν

2128 3512 2241 3583 βίον
2276 3512 2528 3583 καὶπρὸς
2556 3511 2847 3583 συντριϐὴν
2874 3513 3127 3583 ἑτοίμων.
3178 3513 3243 3566 Τί
3307 3509 3401 3566 οὖν
3460 3512 3693 3566 ἐνταῦθα

2124 3604 2186 3657 τὺ
2222 3603 2580 3673 ποιμαντικδν
2608 3602 2749 3673 αὐτῇ
2780 3603 3023 3671 δέδοται;
3060 3605 3172 3657 Οὐκ
3218 3603 3496 3669 ἀσκόπως,
3518 3601 3692 3673 οἶμαι,

2127 3694 2243 3749 ἀλλ’
2276 3694 2461 3766 ὅτιτῷ
2511 3696 2821 3767 ποιμαίνειν
2872 3696 2967 3748 καὶ
3023 3694 3235 3766 θηρίοις
3288 3696 3695 3766 προσπολεμεῖν

2127 3788 2488 3858 περιγίνεται.
2512 3788 2622 3842 Καὶ
2647 3788 2734 3841 διὰ
2754 3786 2914 3840 τοῦτο
2930 3788 3025 3840 καὶ
3045 3786 3271 3857 σιδηρᾶς
3295 3786 3489 3858 ῥάϐδου
3510 3787 3690 3857 χρεία,

2126 3883 2238 3944 τοῖς
2272 3880 2691 3951 ἀνθισταμένοις
2726 3878 2896 3944 ἀξίως
2924 3878 3018 3933 τὸν
3046 3878 3266 3949 ὀλεθρον
3298 3877 3689 3949 ἐπιφερούσης.

2131 3974 2298 4027 Πατεῑ
2325 3973 2382 4025 δέ
2413 3973 2512 4041 τὴν
2542 3973 2702 4043 ληνὸν
2731 3970 2826 4024 τοῦ
2856 3972 3003 4025 οίνου
3032 3969 3127 4024 τοῦ
3158 3968 3334 4041 θυμοῦ
3384 3971 3483 4039 τῆς
3525 3969 3695 4040 ὀργῆς

2130 4064 2219 4117 τοῦ
2241 4062 2377 4117 θεοῦ
2408 4066 2491 4128 τίς
2520 4064 2727 4133 ἐτερος,
2759 4062 2874 4117 ἀλλ’
2908 4064 2941 4133 ἦ
2974 4066 3003 4117 ό
3039 4063 3311 4133 Χριστός;
3347 4062 3521 4127 Ait-rb;
3576 4062 3689 4131 γάρ

2126 4156 2214 4208 διὰ
2268 4155 2367 4227 τῆς
2415 4156 2650 4226 κρίσεως
2704 4156 2797 4210 καί
2857 4154 3267 4219 ἀνταποδόσεως
3312 4154 3373 4209 τὸ
3426 4155 3695 4225 πατρικὸν

2127 4247 2394 4317 ἐκπληροῖ
2425 4246 2657 4317 θέλημα.

2197 4338 2304 4391 Kal
2334 4336 2575 4407 ἕχείέπί
2596 4340 2661 4391 τὸ
2680 4338 2914 4408 ἱμάτιον
2930 4338 3028 4392 καὶ
3044 4337 3142 4392 ἐπὶ
3158 4337 3468 4408 τὸνμηρύν
3483 4338 3692 4393 αὑτοῦ.

2136 4428 2179 4480 Τ
2182 4428 2209 4479 ὸ
2244 4428 2459 4495 ἱμάτιον
2493 4429 2590 4497 τὴν
2620 4428 2797 4499 σάρκα
2830 4428 3162 4484 αἰνίττεσθαι
3193 4428 3465 4500 βούλεται.
3499 4428 3597 4481 Διά
3638 4429 3698 4482 δὲ

443 4537 625 4579 autem
664 4535 917 4580 naturam
958 4527 1169 4591 carnis,
1198 4527 1341 4597 quod
1377 4542 1503 4583 vere
1534 4527 1772 4582 humana
1795 4528 1867 4583 sit
1899 4527 2016 4597 ipsa

2125 4519 2218 4571 τοῦ
2241 4519 2438 4590 μηροῦ,
2461 4521 2558 4591 τὴν
2582 4521 2744 4590 φύσιν
2774 4523 2872 4593 τῆς
2898 4522 3119 4594 σαρκὸς,
3146 4522 3221 4586 ὡς
3239 4521 3452 4591 ἀληθῶς
3480 4521 3692 4591 ἀνθρω-

444 4627 632 4671 etnon
676 4618 1044 4688 phantastica.
1084 4616 1219 4672 Nam
1267 4618 1333 4673 ad
1368 4620 1533 4690 hujus
1585 4620 2021 4688 designationem

444 4711 717 4779 accipitur
765 4709 943 4765 letnur
976 4712 1117 4780 apud
1171 4710 1504 4780 Scripturas.
1538 4712 1823 4766 Sermonis
1864 4712 2025 4781 igitur

444 4813 646 4868 scopus
679 4808 764 4854 est
800 4815 895 4869 per
929 4801 1033 4855 hoc
1069 4799 1383 4870 signiﬁcare
1422 4802 1566 4869 quod
1592 4800 1826 4855 Verbum
1854 4801 2024 4871 hypo-

444 4891 642 4946 statice
693 4891 764 4946 sit
813 4892 1027 4945 unitum
1086 4900 1297 4945 naturae
1329 4892 1600 4957 humanm,
1645 4900 1700 4948 et
1748 4894 2020 4949 carnalem

445 4982 754 5052 susceperit
788 4983 1131 5037 nativitatem
1162 4998 1228 5036 ex
1268 4984 1421 5036 beata
1453 4981 1702 5055 Virgine.
1738 4985 2019 5041 nihilomi-

444 5091 547 5130 nus
586 5076 977 5145 omnipotens,
1044 5084 1232 5144 utpote
1284 5076 1594 5131 cmlestium
1660 5079 1914 5150 princeps
1969 5088 2023 5136 et

446 5166 789 5221 terrestrium
830 5180 893 5220 ac
918 5165 1404 5221 subterraneorum
1433 5169 1528 5239 qui
1577 5170 1864 5239 imperium
1921 5172 2020 5227 ha-

445 5260 683 5314 buerunt
739 5259 1001 5314 adversus
1052 5256 1387 5323 all‘eetioncs,
1435 5270 1489 5316 et
1544 5265 1922 5320 auctoritatem
1957 5282 2022 5323 ac

448 5352 617 5404 robur
662 5349 859 5404 habent
893 5348 1159 5404 adversus
1190 5362 1472 5421 peccatum
1501 5370 1563 5410 ex
1610 5355 1785 5425 ipsius
1818 5357 2019 5412 Christi

445 5458 476 5497 a
500 5444 742 5513 ljutorio.

523 5536 662 5601 XIX,
700 5536 885 5592 17-19.
948 5535 1011 5590 Et
1066 5537 1174 5591 vidi
1203 5554 1364 5591 unum
1406 5541 1650 5611 angelum
1702 5552 1932 5597 stantem
1966 5545 2019 5597 in

451 5628 581 5692 sole,
623 5636 671 5680 et
706 5625 954 5680 clamavit
989 5644 1109 5682 voce
1148 5647 1363 5700 magna,
1397 5633 1576 5686 dicens
1632 5637 1836 5687 cunctis
1872 5636 2020 5689 volu-

447 5718 623 5773 cribus
648 5734 763 5787 qua:
792 5718 1037 5774 volabant
1066 5738 1158 5791 per
1185 5722 1413 5777 medium
1447 5725 1562 5779 caeli
1593 5741 1611 5779 ε
1655 5726 1851 5791 Venite,
1892 5744 2018 5780 con-

450 5810 712 5877 regamini
746 5812 814 5865 ad
845 5828 957 5866 com
974 5829 1057 5867 am
1083 5832 1329 5889 magnam
1362 5816 1478 5884 Dei,
1508 5829 1562 5871 ut
1584 5818 1871 5873 comedatis
1902 5835 2019 5871 car-

2126 4614 2287 4681 πίνης
2313 4612 2478 4684 οὔσης
2500 4614 2671 4685 αὐτῆς
2704 4617 2799 4670 καὶ
2826 4616 2887 4668 οὐ
2916 4618 3058 4669 κατὰ
3098 4615 3400 4683 φαντασίαν
3422 4630 3436 4644 ·
3474 4614 3555 4676 είς
3584 4613 3695 4683 γὰρ

2123 4706 2466 4775 παράστασιν
2494 4708 2685 4759 τούτου
2705 4706 3044 4778 λαμϐάνεται
3096 4708 3248 4777 παρά
3308 4709 3375 4777 τῇ
3429 4705 3618 4776 Γραφῇ
3666 4708 3697 4758 ὁ

2125 4796 2319 4865 μηρός.
2354 4796 2559 4865 Δηλοῦν
2587 4793 2681 4852 οὖν
2714 4798 2802 4852 διὰ
2822 4797 3010 4852 τούτου
3034 4798 3111 4869 τῷ
3140 4798 3281 4869 λόγῳ
3306 4798 3531 4862 σκοπὸς,
3562 4798 3645 4850 ὅτι
3668 4799 3698 4850 ὁ

2123 4888 2243 4942 καθ’
2277 4887 2575 4943 ὑπόστασιν
2603 4889 2826 4954 ἐνωθεὶς
2849 4890 3020 4957 Λόγος
3049 4890 3357 4961 ἀνθρώπων
3391 4889 3574 4959 φύσει,
3599 4890 3698 4941 καὶ

2124 4979 2397 5050 σαρκικὴν
2424 4980 2726 5051 ὑπομείνας
2776 4983 3029 5052 γέννησιν
3058 4983 3123 5035 ἐκ
3159 4982 3257 5053 τῆς
3286 4982 3448 5050 ἁγίας
3478 4980 3697 5051 Παρθέ-

2121 5088 2236 5134 νου,
2256 5071 2408 5126 οῦδὲν
2440 5068 2601 5143 ἦττον
2626 5075 3025 5147 παντοκράτωρ
3075 5075 3150 5139 ὡς
3183 5076 3454 5145 οὐρανίων
3509 5075 3695 5145 ἄρχων

2121 5166 2215 5218 καὶ
2253 5167 2513 5233 ἐπιγείων
2544 5170 2641 5219 καὶ
2691 5169 3089 5238 καταχθονίων,
3115 5169 3222 5223 τῶν
3255 5168 3696 5239 βασιλευσάντων

2121 5258 2263 5312 κατὰ
2291 5259 2499 5325 παθῶν,
2531 5260 2638 5313 τῶν
2668 5263 2728 5315 τὸ
2762 5260 2929 5332 κῦρος
2961 5262 3054 5315 καὶ
3105 5262 3168 5315 τὸ
3198 5262 3401 5334 κράτος
3460 5265 3696 5332 ἐχόντων

2120 5352 2261 5405 κατά
2296 5352 2395 5423 τῆς
2435 5352 2711 5424 ἁμαρτίας
2742 5357 2809 5426 τῇ
2839 5353 2934 5409 τοῦ
2960 5354 3126 5408 αὑτοῦ
3158 5353 3398 5424 Χριστοῦ
3432 5372 3688 5408 συναντι-

2119 5445 2298 5516 λήψει.

2190 5539 2294 5592 Kal
2324 5533 2489 5592 εἶδον
2516 5538 2626 5592 ἕνα
2645 5538 2902 5610 ἄγγελον
2929 5540 3159 5594 ἑστῶτα
3189 5541 3259 5594 ἐν
3290 5540 3367 5605 τῷ
3396 5540 3567 5609 ἡλίῳ,
3593 5539 3694 5593 καί

2121 5632 2335 5701 ἔκραξε
2368 5631 2537 5701 φωνῇ
2561 5633 2792 5703 μεγάλῃ
2812 5674 2825 5698 ,
2858 5633 3053 5703 λέγων
3083 5633 3234 5689 πᾶσι
3285 5635 3412 5698 τοῖς
3465 5631 3697 5701 ὀρνέοις

2121 5725 2245 5788 τοῖς
2276 5724 2625 5793 πετομένοις
2653 5727 2722 5779 ἐν
2751 5726 3270 5795 μεσουρανήματι·
3308 5725 3507 5790 Δεῦτε,
3539 5742 3695 5778 συν·
3786 5768 3791 5773 .

2121 5816 2342 5884 άχθητε
2366 5819 2454 5883 είς
2483 5817 2589 5872 τὸν
2612 5817 2860 5873 δεῖπνον
2890 5818 2995 5872 τὸν
3023 5820 3214 5889 μέγαν
3261 5818 3366 5872 τοῦ
3399 5817 3565 5883 Θεοῦ,
3593 5818 3694 5869 ἵνα
