4010 6590
345 452 455 525 745
1416 455 1805 522 COMMENT.
1847 459 1902 520 Ii

2020 460 2298 521 POCALY
2308 461 2415 521 PSl
2427 462 2495 521 Ν.
3491 468 3595 533 746

334 574 564 644 φάγητε
594 571 827 640 σάρκας
861 573 1196 638 βασιλέων,
1238 575 1335 628 καὶ
1387 577 1623 644 σάρκας
1684 577 1902 646 χιλιάρ·

2030 593 2121 629 nes
2149 592 2352 645 regum,
2385 586 2432 630 et
2465 590 2649 631 carnes
2672 577 3025 643 tribunorum,
3056 588 3106 634 et
3140 596 3323 637 carnes
3353 584 3596 652 fortium,

334 681 478 733 χων,
518 665 613 717 καὶ
646 663 881 732 σάρκας
942 665 1228 735 ισχυρῶν,
1282 669 1380 721 καὶ
1443 668 1680 737 σάρκας
1724 669 1902 721 iam.»

2025 678 2077 722 et
2120 684 2307 722 carnes
2339 686 2594 738 equorum
2623 677 2673 723 et
2728 670 3018 724 sedentium
3048 671 3102 727 in
3135 676 3287 743 ipsis,
3317 685 3365 730 et
3419 695 3604 733 carnes

336 756 434 810 καὶ
459 755 577 809 τῶν
605 757 959 827 καθημένων
989 758 1083 811 ἐπ’
1108 760 1330 821 αὐτῶν,
1370 760 1466 813 καὶ
1497 759 1731 828 σάρκας
1772 759 1902 813 πάν·

2028 759 2263 810 omnium
2293 758 2578 811 liberarunt
2610 758 2772 813 simul
2802 776 2865 813 ac
2893 776 3185 825 servorum,
3211 772 3260 816 et
3290 764 3606 832 pusillorum

336 866 456 902 των
474 848 590 900 τῶν
619 849 953 917 ἐλευθέρων
974 868 1037 905 τε
1061 851 1159 904 καὶ
1179 851 1435 917 δούλων,
1456 850 1555 904 καὶ
1577 849 1807 919 μικρῶν
1827 868 1901 902 κα

2026 858 2075 902 et
2100 866 2437 919 magnorum.
2472 849 2539 903 Et
2568 851 2674 904 vidi
2708 851 2933 905 bestiam
2961 864 3008 907 et
3040 871 3180 924 reges
3208 866 3364 911 terra:
3382 868 3430 911 et
3451 874 3606 912 exer-

333 940 632 1009 μεγάλων.
668 940 777 995 Καὶ
810 938 977 996 εἶδον
1030 944 1095 996 τὸ
1150 945 1363 1011 θηρίον
1385 944 1482 997 καὶ
1551 943 1693 1009 τοὺς
1738 943 1902 1006 βασι·

2029 943 2167 995 citus
2203 959 2387 996 eorum
2411 955 2751 1016 congregatos
2782 945 2850 997 ad
2876 945 3178 1013 faciendum
3212 950 3457 1017 prrrlium
3487 967 3605 1004 cum

331 1032 460 1098 .leir;
494 1032 605 1101 τῆς
635 1032 769 1102 γῆς,
800 1034 898 1088 καὶ
922 1035 995 1088 τὰ
1019 1038 1438 1105 στρατεύματα
1453 1035 1653 1090 αὐτῶν
1689 1050 1902 1105 σινηγ·

2029 1051 2089 1089 eo
2121 1036 2212 1105 qui
2241 1036 2453 1090 sedebat
2486 1039 2543 1090 iu
2573 1053 2703 1107 equo
2741 1048 2790 1091 et
2822 1054 2940 1091 cum
2979 1042 3213 1093 exercitu
3242 1043 3427 1108 ipsius.

326 1123 482 1194 μένα
511 1122 760 1193 ποιῆσαι
798 1126 906 1180 τὸν
941 1128 1209 1197 πόλεμον
1265 1133 1415 1199 μετὰ
1484 1128 1592 1183 τοῦ
1640 1125 1985 1196 καθημένου
2022 1126 2121 1180 ἐπὶ
2198 1127 2307 1181 τοῦ
2364 1130 2553 1183 ἵππου
2619 1127 2717 1181 καὶ
2773 1128 2926 1198 μετὰ
2984 1130 3092 1185 τοῦ
3154 1134 3601 1204 στρατεύματος

331 1218 539 1272 αὐτοῦ.

408 1312 519 1382 Τὴν
589 1312 893 1385 ἐναλλαγὴν
959 1314 1069 1368 τῶν
1135 1316 1392 1387 φθαρτῶν
1475 1328 1612 1388 προς
1702 1315 1902 1385 ἀψθαρ⁴

2089 1307 2480 1363 Demonstrant
2514 1323 2637 1379 quae
2688 1323 3069 1380 proponuntur
3095 1313 3451 1371 mutationem
3478 1333 3603 1374 cor-

333 1403 458 1457 σὶαν
489 1402 583 1458 καὶ
614 1406 712 1476 τὴν
745 1406 883 1475 πρὸς
944 1406 1102 1473 ἀξίαν
1148 1408 1364 1479 ἑκάστῳ
1420 1408 1764 1479 ἀπονέμησιν
1808 1407 1902 1459 τῶι

2022 1398 2374 1468 ruptibilium
2409 1400 2476 1455 ad
2512 1401 3004 1471 incorruptionem,
3051 1414 3106 1459 et
3147 1422 3268 1475 qua;
3297 1408 3463 1463 veluti
3500 1412 3603 1467 sub

332 1496 513 1566 ἔργων
544 1498 620 1561 ώς
660 1497 766 1552 ὑπὸ
799 1503 1199 1569 στρατηγικαῖς
1247 1501 1542 1572 δυνάμεσιν
1580 1500 1902 1567 ἐξοπλισθεῖε

2023 1492 2355 1549 militaribus
2410 1494 2782 1563 potestatibus
2854 1498 3070 1567 penitus
3127 1511 3337 1555 armata
3384 1503 3488 1571 sit,
3540 1520 3605 1561 ac

334 1606 438 1642 σαν
466 1589 563 1642 καὶ
596 1591 1019 1659 ἑτοιμασθεῖσαν
1041 1592 1112 1645 τὰ
1160 1594 1502 1664 προκείμενα
1532 1594 1793 1665 παριστᾷ.
1828 1592 1920 1644 Διὸ
2022 1594 2334 1655 ρτεερπθιει
2366 1585 2433 1640 ad
2464 1585 2685 1657 dignam
2732 1589 3148 1667 τεινίὺυιίοηριη
3201 1608 3299 1663 pro
3337 1595 3606 1666 cujusque

1702 1315 1912 1385 upOupc

331 1681 431 1733 καὶ
460 1681 691 1749 ἄγγελον
717 1682 859 1736 θεῖον
888 1685 1126 1755 παράγει
1156 1688 1213 1738 ὲν
1243 1685 1321 1756 τῷ
1345 1687 1480 1757 ἡλίῳ
1514 1686 1747 1751 ἑστῶτα,
1774 1686 1918 1740 θεῖον

334 1771 616 1843 κέλευσμά
645 1776 1033 1845 ἐμφανέστατα
1050 1777 1422 1848 διοικούμενον
1466 1777 1559 1831 καὶ
1592 1778 1667 1842 ώς
1696 1779 1752 1831 ὲν
1775 1779 1915 1849 φωτὶ

2026 1677 2292 1747 operibus
2328 1695 2342 1732 :
2382 1676 2504 1733 ideo
2537 1692 2762 1748 quoque
2792 1679 3041 1736 divinum
3086 1685 3338 1754 angelum
3365 1697 3603 1745 stantem

2028 1769 2082 1824 in
2114 1771 2230 1825 sole
2259 1771 2537 1842 producit,
2570 1771 2666 1843 qui
2719 1773 2967 1829 divinum
3002 1789 3333 1848 praeceptum
3373 1782 3606 1837 manife-

331 1864 404 1916 τὰ
468 1866 715 1936 σωτήρια
794 1868 1148 1939 διαδηλοῦνιια
1203 1870 1295 1922 καὶ
1332 1868 1745 1937 ὲξαγγέλλοντα.
1809 1869 1902 1922 Κα⁴

2026 1860 2272 1917 stissime
2296 1862 2515 1918 ordinet
2542 1878 2608 1919 ac
2630 1864 2997 1934 administret,
3023 1875 3078 1923 et
3110 1878 3372 1941 tanquam
3400 1871 3453 1926 in
3486 1873 3607 1929 luce

334 1953 529 2024 ἐπειδὴ
562 1954 629 2007 τὰ
660 1955 777 2009 θεῖα
824 1956 1180 2027 διατιθέμενα
1239 1961 1700 2029 κεχρημάτισται,
1732 1959 1916 2031 ὄχημα

331 2044 512 2115 τούτῳ
540 2047 573 2115 ἡ
606 2048 951 2117 ἀποκάλυψις
999 2048 1344 2118 ὑποτίθησιν,
1374 2050 1457 2102 ὅτι
1480 2050 1615 2121 μηδὲ
1650 2049 1915 2121 τηλαυγέ-

335 2151 529 2208 στερον
560 2138 688 2192 ἄλλο
718 2140 828 2193 τῶν
846 2140 1058 2212 ὁρατῶν
1079 2137 1226 2212 εἶχεν
1257 2143 1403 2211 ἐρεῖν
1425 2144 1453 2195 ὁ
1476 2142 1618 2197 θεῖον
1639 2142 1917 2213 κέλευσμά

330 2228 413 2291 είς
440 2229 670 2297 ἄγγελον
692 2231 1064 2298 διατυπώσας,
1088 2234 1181 2287 καὶ
1201 2234 1641 2305 στρατοκήρυκος
1664 2234 1809 2305 αὐτῷ
1825 2236 1915 2303 ὲγ-

329 2319 566 2389 χειρίζει
586 2322 891 2392 ἐνέργειαν,
908 2325 1321 2396 δραστικωτέρᾳ
1338 2325 1549 2395 προόδῳ
1568 2326 1916 2397 πραγμάτων

328 2413 633 2484 χρώμενος.
668 2416 840 2471 Τοῦτο
871 2419 982 2491 γάρ
1028 2419 1279 2490 βούλεται
1335 2422 1630 2492 παριστᾷν,
1682 2422 1716 2491 ἡ
1772 2417 1912 2491 μετά

338 2507 589 2577 κραυγῆς
616 2509 825 2579 μεγάλη
858 2512 1034 2583 φωνή,
1069 2513 1178 2575 Τάς
1219 2513 1275 2567 δὲ
1327 2514 1385 2568 ἐν
1436 2513 1910 2584 μεσουρανήματι,

332 2599 498 2652 οἱονεὶ
520 2602 619 2664 τὰς
644 2603 755 2656 τῶν
797 2604 971 2673 ἁγίων
999 2605 1146 2671 λέγει
1176 2605 1376 2676 ψυχὰς,
1428 2607 1484 2660 αἳ
1538 2607 1647 2660 τῶν
1707 2621 1911 2677 χαμαι-

332 2691 514 2761 ζήλων
560 2697 965 2763 ἀπαναστᾶσαι,
997 2701 1140 2754 κατά
1189 2701 1397 2756 Παῦλον
1457 2702 1549 2756 τὸν
1603 2702 1800 2773 μέγαν,
1830 2700 1913 2762 εἰς

332 2783 639 2853 ἀπάντησιν
666 2786 761 2840 τοῦ
814 2790 1020 2856 Κυρίου
1049 2791 1318 2861 χωροῦσιν
1342 2794 1421 2857 εἰς
1446 2792 1606 2864 ἀέρα.

403 2985 602 3050 Δεῦτε,
646 2987 993 3057 συνάχθητε
1053 2991 1141 3055 εις
1194 2990 1262 3045 τὸ
1316 2991 1584 3049 δεῖπνον.
1642 2997 1905 3065 Δεῖπνον,

330 3075 536 3130 ἀλλὀὐ
568 3077 810 3147 πόλεμον
855 3080 1005 3149 λέγει
1050 3083 1152 3152 τὴν
1201 3084 1340 3151 μετά
1401 3085 1512 3138 τῶν
1568 3088 1912 3158 ἁμαρτωλῶν

326 3166 440 3221 τῶν
466 3169 692 3223 δικαίων
722 3172 1102 3237 ἁντεξέτασιν·
1138 3174 1261 3226 ἐπεὶ
1300 3174 1394 3227 καὶ
1436 3174 1609 3239 οὕτως
1640 3177 1774 3247 ἔχει.
1812 3178 1909 3243 Τίς

327 3260 441 3333 γάρ
489 3262 569 3333 τῷ
604 3265 809 3335 ἰσχυρῷ
857 3265 1042 3329 ἱκανὸς
1102 3266 1526 3338 ἀντιφέρεσθαι;
1600 3269 1663 3322 Ei
1692 3270 1740 3323 δ’
1797 3271 1905 3341 ἄρα

330 3353 430 3405 καὶ
487 3353 723 3425 πόλεμος
754 3356 996 3426 εἴρηται,
1058 3357 1198 3427 πρὸς
1245 3358 1347 3426 τὴν
1402 3359 1513 3413 τῶν
1568 3361 1911 3433 ἁμαρτωλῶν

331 3443 510 3515 ὁρμὴν
541 3446 793 3517 εἰρῆσθαί
818 3465 1019 3518 φαμεν,
1064 3448 1127 3502 οὐ
1165 3447 1301 3519 πρὸς
1334 3449 1467 3503 αὐτὸ
1492 3451 1552 3504 τὸ
1584 3452 1766 3523 ἔργον.
1798 3454 1911 3507 Δεῖ-

326 3552 464 3590 πνον
496 3538 553 3592 δὲ
609 3539 748 3603 ὅλως
810 3541 1050 3610 εἰρηται,
1098 3543 1161 3595 τὸ
1227 3541 1640 3613 προηγούμενον
1694 3544 1904 3616 θέλημα

325 3630 423 3683 τοῦ
451 3631 611 3697 Θεοῦ,
642 3632 670 3685 ὃ
701 3633 796 3686 καὶ
822 3634 1041 3686 εὐδοκία
1070 3634 1307 3703 λέγεται,
1332 3637 1426 3689 καὶ
1454 3635 1667 3690 δεῖπνον
1712 3640 1907 3709 τριπό-

324 3722 489 3792 θητον
518 3724 579 3777 τὸ
608 3727 814 3788 πάντας
852 3726 1177 3797 ἀνθρώπους
1229 3728 1472 3799 σωθῆναι
1526 3729 1621 3783 καὶ
1655 3731 1735 3795 εἰς
1780 3732 1905 3785 ἐπί·-

324 3833 531 3885 γνωσιν
560 3818 819 3889 ἀληθείας
856 3819 1053 3874 ἐλθεῖν.

400 3911 534 3963 Ἵνα
562 3910 787 3980 φάγητε
820 3911 1055 3979 σάρκας
1102 3913 1435 3978 βασιλέων.
1481 3916 1697 3987 Βρῶσιν
1752 3918 1907 3973 καλεῖ

320 4003 424 4075 τὴν
451 4005 547 4056 ἐπὶ
574 4008 639 4075 τῇ
673 4006 811 4076 πρὸς
839 4005 997 4070 ἀξίαν
1024 4007 1132 4059 τῶν
1182 4008 1534 4079 βεϐιωμένων
1569 4010 1900 4079 ἀντέκτισιν,

320 4097 350 4150 ὃ
374 4099 469 4151 καὶ
502 4099 738 4169 Χαναάμ
759 4095 899 4152 οἶδεν
938 4103 1187 4171 ἐμποιεῖν
1219 4103 1332 4163 τοῖς
1365 4100 1440 4171 μὴ
1477 4102 1899 4173 συναπαχθείσι.

321 4189 398 4242 Τὸ
424 4190 480 4243 δὲ
513 4190 721 4262 σάρκας
754 4191 1018 4261 βασιλέων
1038 4194 1131 4247 καὶ
1155 4192 1472 4264 χιλιάρχων,
1507 4194 1601 4246 καὶ
1636 4195 1896 4266 ἰσχυρῶν,

322 4281 421 4336 καὶ
450 4283 657 4346 ἵππων,
715 4284 809 4337 καὶ
836 4284 1143 4351 ἀναϐατῶν,
1187 4288 1372 4339 ἐκεῖνα
1431 4286 1579 4353 λέγει
1620 4288 1901 4358 τροπικῶς

315 4373 391 4427 τὰ
428 4374 559 4444 περὶ
591 4374 627 4427 ἃ
653 4374 918 4445 ἐμπαθῶς
947 4378 1235 4447 ἐσχήκασι,
1272 4378 1475 4447 σπουδῇ
1511 4378 1680 4449 πάσῃ,
1726 4379 1902 4433 ταῦτα

322 4464 467 4535 μόνα
501 4466 741 4534 οἰόμενοι
771 4464 869 4531 τῆς
904 4465 1251 4535 ἀνθρωπίνης
1313 4465 1458 4534 ζωῆς
1502 4466 1818 4528 ὑπόστασιν,
1864 4465 1900 4519 ἃ.

314 4556 415 4608 καὶ
440 4555 738 4625 ἀφανισμῷ
768 4556 1202 4627 παραπεμφθείη
1237 4559 1306 4626 τῇ
1336 4554 1430 4607 τοῦ
1456 4556 1734 4626 ἀφθάρτου
1778 4557 1896 4623 βίου

2023 1969 2144 2024 qua:
2218 1956 2483 2010 salutaria
2546 1965 2679 2012 sunt
2734 1958 3006 2027 signiﬁcet
3059 1970 3113 2015 et
3165 1963 3506 2019 annuntiet:
3550 1975 3606 2021 et

1978 2054 1979 2057 ‘
2021 2044 2283 2114 quoniam
2316 2045 2504 2100 divina
2550 2046 2831 2116 proposita
2879 2048 3103 2104 oraculo
3137 2048 3263 2105 data
3312 2061 3461 2117 sunt,
3514 2070 3604 2110 rc-

2022 2137 2225 2192 velatio
2304 2138 2476 2192 solem
2536 2140 2801 2209 supponit
2859 2140 2963 2211 ipsi
3025 2141 3336 2199 vehiculum
3394 2163 3409 2199 :
3466 2148 3607 2203 nihil

2019 2238 2202 2284 autem
2240 2230 2383 2286 inter
2408 2247 2471 2286 ca
2509 2248 2631 2302 quae
2660 2233 2915 2288 videnlur
2944 2234 3129 2291 dicere
3154 2238 3332 2306 potuit
3362 2239 3603 2308 splendi-

2019 2318 2144 2373 dius
2180 2319 2225 2374 is
2272 2320 2365 2390 qui
2401 2320 2649 2376 divinum
2700 2322 2916 2392 jussum
2974 2324 3028 2378 in
3081 2326 3278 2395 angelo
3325 2328 3601 2399 ﬁguravit.

2016 2408 2287 2467 Praeterea
2312 2412 2607 2470 eﬂicaciori
2636 2432 2819 2472 rerum
2861 2428 3023 2475 utens
3058 2436 3372 2492 progressu,
3401 2440 3599 2495 opera-

2019 2504 2219 2559 tionem
2252 2506 2352 2576 ipsi
2375 2508 2541 2563 tradit
2570 2512 2839 2579 praeconis
2868 2514 3146 2570 exercitus
3176 2533 3189 2570 :
3222 2530 3350 2570 nam
3380 2517 3484 2573 hoc
3505 2517 3601 2573 de-

2020 2598 2242 2669 signare
2266 2601 2383 2656 vult
2407 2618 2511 2657 vox
2542 2619 2669 2658 cum
2694 2620 2892 2675 magno
2922 2606 3183 2663 clamore.
3212 2608 3510 2679 Caeterum,
3542 2612 3600 2667 in

2016 2692 2202 2747 medio
2227 2693 2350 2748 cmli
2371 2705 2500 2749 sunt
2522 2706 2836 2752 sanctorum
2862 2700 3081 2767 animae,
3112 2717 3236 2771 quae
3259 2704 3602 2761 discedentes

2016 2796 2047 2836 a
2076 2781 2355 2853 depressis
2389 2785 2540 2839 humi
2578 2787 2765 2851 rebus,
2794 2788 2951 2858 juxta
2983 2807 3241 2860 magnum
3266 2794 3416 2847 illum
3457 2796 3601 2850 Pan-

2015 2873 2126 2929 lum
2181 2871 2488 2945 procedunt
2526 2879 2593 2933 ad
2636 2883 3040 2937 occurrendum
3076 2884 3309 2939 Domino
3355 2887 3410 2940 in
3448 2903 3596 2943 aera.

2090 2968 2497 3040 Congregamini
2531 2972 2602 3025 ad
2640 2990 2862 3027 ctenam.
2898 2975 3125 3031 Coenam
3161 2979 3328 3049 809
3358 2991 3517 3036 vocat
3544 2991 3600 3037 ct

2015 3075 2122 3115 non
2155 3061 2383 3129 bellum,
2439 3064 2814 3120 resistentiam
2860 3066 3137 3136 justorum
3168 3070 3436 3127 adversus
3470 3088 3597 3142 pcc-

2018 3162 2258 3219 calores,
2290 3156 2551 3226 quoniam
2582 3157 2657 3213 ita
2683 3174 2741 3212 sc
2773 3174 2860 3215 res
2888 3160 3049 3215 habet
3076 3177 3089 3213 :
3123 3163 3245 3230 quis
3272 3164 3416 3217 enim
3443 3165 3595 3219 sudi-

2018 3245 2170 3301 ciens
2221 3255 2306 3303 est
2344 3249 2411 3303 ad
2479 3249 2845 3306 resistendum
2904 3252 3073 3307 forti?
3125 3255 3275 3324 quod
3324 3256 3369 3310 si
3428 3257 3592 3311 ctiam

2014 3335 2215 3391 bellum
2262 3337 2469 3394 dictum
2518 3340 2610 3407 sit,
2671 3342 2851 3411 quoad
2910 3343 3171 3413 impetum
3239 3354 3589 3416 peccatorum

2013 3426 2219 3484 factum
2285 3446 2411 3488 esse
2462 3433 2719 3499 dicimus,
2761 3446 2815 3490 et
2859 3451 2969 3491 non
3001 3438 3179 3508 quoad
3222 3454 3337 3494 rem
3388 3439 3591 3510 ipsam.

2011 3519 2186 3577 Porro
2212 3537 2370 3579 cmna
2391 3526 2617 3581 omnino
2641 3526 2784 3583 dicta
2810 3538 2895 3585 est
2924 3531 3239 3600 praecedens
3267 3531 3362 3588 Dei
3393 3533 3589 3587 volun-

2012 3624 2119 3681 tas,
2174 3632 2297 3687 quae
2344 3627 2399 3674 et
2458 3619 2860 3691 bencplacitum
2925 3625 3273 3694 appellatur:
3322 3635 3377 3681 et
3430 3642 3589 3683 ctena

2019 3709 2393 3779 optatissima,
2442 3728 2644 3784 nempe
2674 3724 2737 3769 ut
2767 3731 2960 3772 omnes
2981 3718 3232 3774 homines
3266 3719 3402 3774 salvi
3434 3719 3587 3783 ﬁant,

2012 3808 2067 3853 et
2092 3801 2159 3855 ad
2199 3803 2536 3873 agnitionem
2570 3805 2817 3862 veritatis
2840 3808 3085 3864 veniant.

2083 3892 2151 3947 Ut
2185 3899 2473 3953 comedatis
2520 3916 2702 3955 carnes
2744 3918 2946 3973 regum.
2980 3903 3384 3960 Comestionem
3430 3918 3590 3963 vocat

2007 3988 2227 4060 dignam
2270 3992 2542 4049 factorum
2570 3995 3012 4059 retributionem,
3038 3999 3183 4067 quod
3214 4011 3266 4054 et
3305 3999 3584 4055 Chanaam

2009 4084 2162 4137 norit
2203 4084 2502 4140 immittere
2540 4086 2624 4141 his
2665 4088 2757 4158 qui
2796 4102 2905 4141 non
2940 4098 3070 4143 sunt
3102 4107 3208 4144 una
3240 4092 3424 4147 delati.
3450 4093 3588 4149 Car-

2009 4188 2106 4228 nes
2169 4183 2352 4230 autem
2409 4194 2599 4247 regum
2641 4188 2692 4234 et
2736 4181 3085 4236 tribunorum
3152 4192 3206 4237 et
3255 4182 3479 4239 fortium
3534 4195 3589 4241 et

2007 4282 2275 4334 equorum
2330 4278 2383 4323 et
2432 4286 2796 4325 asccnsorum
2835 4288 3049 4340 eorum,
3093 4275 3298 4346 tropice
3328 4277 3417 4331 illa
3456 4278 3590 4334 dicit

2005 4361 2151 4415 circa
2189 4378 2310 4431 qua:
2346 4374 2460 4418 toto
2509 4366 2693 4420 studio
2729 4366 2907 4422 atii-eti
2942 4378 3121 4432 erant,
3162 4370 3277 4425 sola
3321 4372 3435 4427 haec
3470 4388 3587 4442 pu-

2006 4460 2179 4507 tantes
2210 4470 2333 4510 esse
2369 4457 2625 4511 humana:
2654 4458 2776 4512 vitae
2805 4459 3241 4525 consistentiam.
3266 4480 3388 4533 qua:
3418 4467 3581 4521 etiam

2004 4544 2055 4598 in
2100 4546 2382 4601 interitum
2420 4549 2773 4615 amittuntur,
2811 4566 3041 4606 accessu
3079 4553 3402 4609 deliciarum
3461 4558 3586 4612 vitm

308 4651 557 4719 εὐωχικῇ
588 4649 1183 4720 ἐπιδημίᾳ.-Ἄλλως
1205 4648 1273 4701 ἐκ
1295 4647 1411 4700 τῶν
1440 4648 1544 4702 τοῦ
1589 4649 1895 4716 Ἀνδρέου*

2013 4638 2456 4708 incorrttptibilis.
2492 4672 2563 4684 -—
2602 4643 2721 4695 Ali‘o
2754 4644 2907 4696 modo
2952 4660 3017 4697 ea:
3046 4646 3279 4701 Andrea.
3315 4647 3416 4703 Per
3462 4666 3584 4705 car-

305 4744 413 4794 Διά
454 4742 555 4811 τῆς
596 4741 851 4812 βρώσεως
897 4740 1007 4793 τῶν
1060 4740 1281 4810 σαρκῶν
1327 4739 1652 4809 σημαίνεται
1710 4742 1740 4793 ὁ
1782 4740 1891 4793 τῶν

308 4834 595 4905 σαρκικῶν
628 4835 847 4887 πάντων
875 4833 1183 4903 ἀφανισμδς
1207 4834 1301 4886 καὶ
1326 4834 1357 4902 ἡ
1384 4832 1493 4885 τῶν
1535 4832 1779 4902 ἁρχικῶν
1801 4834 1893 4885 ἐπὶ

307 4926 414 4996 γῆς
449 4926 735 4996 ὀνομάτων
782 4926 1046 4995 ἔκλειψις.
1091 4924 1306 4978 Ἵππων
1364 4923 1422 4977 δὲ
1473 4924 1746 4994 μέμνηται
1796 4926 1894 4994 οὐχ

268 5006 271 5007 ν
303 5019 385 5082 ὡς
407 5019 587 5072 αὐτῶν
647 5021 1129 5089 ἀναστησομένων,
1166 5017 1303 5072 ἀλλὰ
1329 5016 1419 5069 διὰ
1465 5016 1565 5086 μὲν
1594 5015 1802 5069 τούτων
1857 5017 1890 5087 ἢ

302 5114 434 5176 τοὺς
456 5114 919 5185 [γυναικομανεῖς,
938 5114 970 5181 ἢ
991 5111 1140 5183 τοὺς]
1156 5109 1563 5180 ὑποϐεϐηκότας
1584 5111 1642 5163 ιν
1660 5110 1893 5182 πονηρίᾳ

234 5202 235 5205 “
300 5206 338 5277 ἦ
367 5208 457 5259 καὶ
487 5206 797 5276 ἀμφότερα,
826 5208 914 5259 διὰ
935 5206 990 5259 δὲ
1014 5207 1121 5258 τῶν
1148 5202 1447 5265 ἐπιϐατῶν,
1476 5203 1600 5266 τοὺς
1623 5204 1680 5256 ὲν
1719 5202 1888 5275 κακίᾳ

304 5292 648 5364 προῦχοντας
684 5295 1074 5364 αἰνιττόμενος.
1129 5295 1193 5347 '0
1224 5294 1317 5345 καὶ
1367 5292 1723 5363 παρακατιὼν
1762 5294 1891 5346 ἐσα-

302 5387 537 5455 φήνισεν
568 5386 759 5450 εἰπὼν,
801 5385 1163 5453 Ἐλευθέρων
1193 5402 1256 5438 τε
1278 5384 1375 5437 καὶ
1406 5370 1662 5449 δούλων,
1693 5386 1887 5454 μεγά-

299 5484 433 5533 λων
465 5478 562 5531 καὶ
599 5480 849 5548 μικρῶν·
893 5480 981 5532 διὰ
1015 5478 1116 5550 μὲν
1137 5478 1245 5531 τῶν
1272 5477 1572 5548 ἐλευθέρων
1592 5479 1684 5531 καὶ
1721 5478 1890 5549 μεγὰ-

297 5573 412 5625 λων
482 5573 609 5634 τοὺς
681 5572 883 5640 μᾶλλον
964 5569 1390 5637 ὲξουσιαστικῶς
1446 5572 1883 5642 ἁμαρτάνοντας,

296 5665 389 5718 διὰ
413 5665 469 5717 δὲ
501 5666 610 5720 τῶν
638 5666 842 5719 δούλων
871 5666 968 5720 xui.
1010 5666 1226 5737 μικρῶν
1264 5666 1391 5729 τοὺς
1424 5660 1588 5738 ἦττον
1625 5666 1887 5737 πλημμε-

298 5758 552 5826 λοῦντας,
590 5760 623 5831 ἢ
668 5760 812 5814 κατὰ
854 5760 1101 5831 γνώμην,
1146 5760 1178 5831 ἢ
1225 5759 1367 5813 κατὰ
1401 5758 1637 5831 ἡλικίαν,
1672 5759 1704 5829 ἢ
1749 5760 1888 5814 κατά

298 5855 616 5910 ἀσθένειαν.

377 5952 485 6006 Καὶ
518 5952 682 6007 εἷδον
730 5952 795 6007 τὸ
837 5953 1047 6022 θηρίον
1096 5953 1195 6007 καὶ
1262 5953 1404 6021 τοὺς
1444 5952 1729 6020 ,βασιλεῖς
1778 5950 1887 6022 τῆς

687 6054 956 6116 PATBOL.
1003 6054 1121 6115 Gtt.
1154 6053 1315 6117 CVI.

2005 4730 2157 4783 nium
2197 4747 2352 4786 esum
2394 4732 2739 4802 signiﬁcatur
2790 4734 3044 4790 interitus
3095 4738 3342 4792 omnium
3385 4754 3583 4795 carna-

2000 4822 2155 4887 lium,
2217 4832 2271 4877 et
2314 4823 2560 4880 defectus
2620 4826 3036 4896 magniﬁrorum
3107 4830 3394 4885 nominum
3459 4849 3581 4903 qua:

1999 4925 2129 4971 sunt
2174 4918 2229 4971 in
2270 4927 2437 4973 terra.
2470 4920 2747 4987 Equorum
2790 4937 2919 4975 vero
2976 4923 3249 4987 meminit,
3289 4940 3397 4979 non
3433 4928 3578 4994 quod

1999 5008 2053 5062 hi
2090 5019 2400 5079 resurgant,
2435 5010 2530 5065 sed
2564 5027 2659 5081 per
2704 5012 2825 5077 ltus,
2852 5023 2946 5067 aut
2986 5029 3082 5069 cos
3117 5014 3366 5085 designat
3396 5020 3486 5084 qui
3524 5020 3572 5072 in

1997 5098 2613 5170 feminasexarserunt,
2659 5114 2753 5158 aut
2791 5107 2881 5174 qui
2934 5106 2987 5159 in
3040 5108 3244 5161 malitia
3304 5109 3581 5176 vixerunt,

2000 5201 2096 5247 aut
2134 5192 2299 5246 etiam
2333 5202 2621 5263 utrosque.
2661 5194 2762 5249 Per
2803 5211 3127 5251 asccnsores
3165 5213 3315 5265 vero,
3357 5214 3451 5253 cos
3482 5203 3574 5268 qui

1994 5287 2049 5341 in
2082 5287 2352 5357 pravitate
2376 5300 2753 5345 excesserunt.
2791 5290 2947 5355 Quod
2989 5293 3151 5345 etiam
3194 5293 3245 5345 in
3278 5307 3571 5362 progressu

1997 5380 2413 5445 manifcslavit,
2465 5383 2658 5438 dicens
2714 5403 2728 5439 :
2792 5383 3102 5437 Liberorum
3169 5394 3219 5438 et
3280 5401 3571 5448 servorum,

1994 5492 2307 5545 magnorum
2346 5488 2395 5531 et
2434 5476 2756 5546 pusillorum
2788 5491 2807 5529 .'
2841 5492 2937 5546 per
2987 5477 3193 5533 liberos
3240 5477 3461 5547 qttidem
3521 5488 3577 5532 ct

1994 5586 2228 5641 magnos
2258 5570 2577 5642 signiﬁcans
2624 5586 2721 5627 eos
2774 5571 2867 5643 qui
2902 5571 3099 5642 majori
3138 5580 3407 5641 potestate
3445 5587 3576 5643 pec-

1991 5679 2143 5731 cant,
2183 5682 2277 5737 per
2317 5682 2507 5722 servos
2554 5682 2684 5721 vero
2714 5676 2770 5723 et
2814 5668 3067 5738 pusillos,
3118 5683 3216 5723 eos
3263 5668 3354 5739 qui
3389 5668 3573 5725 minus

1990 5760 2345 5831 delinquunt,
2368 5768 2463 5813 aut.
2488 5769 2712 5829 propter
2736 5762 3028 5831 judicium,
3063 5770 3158 5817 aut
3188 5771 3407 5834 propter
3437 5772 3573 5819 ωιλ-

1992 5858 2125 5913 tcm,
2153 5860 2246 5903 aut
2280 5858 2501 5919 propter
2525 5849 2973 5906 imbecillitatem.

2061 5950 2130 6004 Et
2166 5944 2273 5999 vidi
2304 5943 2525 5999 bestiam
2571 5954 2617 5996 et
2666 5958 2807 6013 reges
2848 5952 3025 6012 teme,
3057 5957 3103 6000 et
3160 5947 3421 6003 exercitus
3476 5926 3567 6003 so-

3198 6044 3278 6104 25s
