4010 6580
362 414 472 477 ’149

1436 408 1822 470 COMMENT.
1858 405 1940 469 IN
1981 403 2514 467 APOCALYPSIN.

3512 400 3620 473 750

359 525 423 578 ὲκ
448 522 556 578 τῶν
584 521 785 593 χειρῶν
801 518 964 575 αὐτοῦ
981 516 1343 589 ὲλυτρὼσατο,
1369 520 1743 582 καταδικάσας
1770 516 1939 571 αὐτὸν

2060 515 2143 579 ιίι,
2184 513 2552 569 condemnato
2582 526 2648 567 eo
2681 511 2733 565 in
2757 511 3039 584 abyssum.
3082 508 3195 567 line
3226 520 3408 570 autem
3442 526 3628 573 osten-

357 618 437 679 εἰς
452 613 551 685 τὴν
582 614 838 668 ἄϐυσσον.
862 612 1034 666 Τοῦτο
1055 611 1111 665 δὲ
1145 611 1420 665 δείκνυται
1454 612 1516 665 ὲκ
1537 612 1645 665 τῶν
1665 612 1937 682 δαιμόνων

355 707 466 760 τῶν
517 703 982 775 παρακαλούντων
1033 704 1195 758 αὐτὸν
1228 705 1302 775 μὴ
1352 705 1672 775 πεμφθῆναι
1710 704 1792 766 είς
1840 703 1941 775 τὴν

357 797 615 852 ἄϐυσσον.
659 797 783 849 Ὀτι
834 797 890 850 δὲ
929 796 1159 859 δέδεται,
1186 797 1489 867 τεκμήριον
1527 797 1556 848 ό
1590 796 1691 866 τῆς
1722 794 1939 848 είδωλο-

356 886 614 958 λατρείας
638 886 946 957 ἁφανισμὺς
975 888 1073 942 καὶ
1100 889 1208 943 τῶν
1241 888 1536 942 εἰδωλικῶν
1568 888 1711 941 ναῶν
1737 889 1771 957 ἡ
1807 886 1943 941 καθ-

357 979 605 1048 αίρεσις,
673 978 769 1031 καὶ
823 978 933 1032 τῶν
973 978 1294 1050 ὲπιὸωμίων
1339 978 1552 1051 λύτρων
1594 979 1628 1049 ή
1676 963 1939 1047 ἔκλειψις,

358 1073 453 1124 καὶ
479 1072 513 1142 ἡ
542 1073 882 1143 παγκόσμιος
907 1072 1002 1125 τοῦ
1030 1072 1176 1127 θείου
1202 1072 1504 1144 Θελήματος
1525 1073 1841 1141 ἑπὲγνωσις.
1881 1071 1946 1126 Ὁ

361 1164 535 1232 μέγας
564 1164 620 1217 δὲ
658 1165 935 1241 ’ῐουστῑνός
957 1182 1142 1236 φησιν,
1176 1169 1233 1219 ὲν
1262 1146 1543 1237 τῇπρώτῃ
1572 1165 1667 1218 τοῦ
1702 1163 1940 1236 Χριστοῦ

361 1257 635 1328 παρουσίᾳ
678 1257 881 1324 γνῶναι
928 1257 1020 1309 τὸν
1067 1256 1336 1321 διάϐολον,
1368 1258 1449 1311 ὅτι
1486 1257 1940 1311 καταδεδίκασται

359 1347 442 1409 είς
488 1347 587 1415 τὴν
638 1348 871 1401 ἄϐυσσον
922 1348 1019 1401 καὶ
1069 1351 1149 1411 εἰς
1177 1348 1276 1419 τὴν
1328 1349 1422 1403 τοῦ
1476 1349 1647 1417 πυρὸς
1693 1350 1938 1418 γέενναν.

361 1422 598 1492 Δυνατὸν
645 1441 843 1504 τοίνυν,
894 1441 970 1504 ὡς
1029 1435 1206 1510 οἶμαι,
1248 1430 1350 1493 ’διὰ
1389 1440 1496 1493 τῶν
1530 1441 1942 1512 προλεχθὲντων

364 1533 458 1584 καὶ
492 1534 592 1603 τὴν
640 1532 733 1587 τοῦ
773 1533 1012 1604 Χριστοῦ
1065 1534 1207 1586 κατά
1264 1532 1359 1585 τοῦ
1407 1534 1654 1587 διαϐόλου
1702 1535 1942 1588 νοεῖσθαι

363 1625 656 1693 ἀπόφασιν.
693 1626 959 1696 ’Ἄγγελον
990 1626 1047 1680 δὲ
1080 1630 1146 1698 τῇ
1177 1627 1398 1700 τοιαύτῃ
1424 1628 1726 1696 άποφάνσει
1754 1627 1941 1681 διακο-

362 1716 622 1786 νούμενόν
680 1736 869 1799 φησιν,
930 1718 1017 1772 ἵνα
1041 1718 1190 1795 δείξῃ
1250 1720 1343 1789 καὶ
1393 1718 1501 1773 τῶν
1556 1719 1945 1791 λειτουργικῶν

360 1805 648 1876 δυνάμεων
681 1794 868 1876 τοῦτον
915 1809 1116 1880 ἥττονα
1162 1794 1303 1881 κατά
1334 1807 1586 1878 δύναμιν,
1620 1810 1712 1861 καὶ
1766 1810 1943 1881 μάτην

2042 608 2191 662 ditur
2220 621 2284 662 ex
2331 605 2675 663 «temonibus
2717 606 2809 675 qui
2845 606 3023 675 ipsum
3055 605 3511 677 deprecabantur,
3558 627 3628 687 ne

2044 715 2105 756 se
2135 700 2375 754 mitteret
2417 697 2470 752 in
2520 697 2801 768 abyssum.
2846 697 3005 764 Quod
3051 709 3234 767 autem
3283 700 3482 771 ligatus
3515 702 3622 773 sit.

2042 792 2350 851 ostenditur
2374 790 2697 847 idololatria
2721 790 2974 846 interitus
3002 800 3057 847 et
3084 794 3372 848 subversio
3396 794 3627 865 templo-5

2044 900 2167 940 rum
2203 885 2506 948 idolorum,
2538 898 2603 938 ac
2629 883 2876 941 defectus
2925 885 3138 940 cruoris
3177 886 3578 949 sacriﬁciorum
3604 929 3623 956 ,

2045 987 2100 1032 ct
2146 979 2419 1048 cognitam
2466 993 2588 1033 esse
2625 976 2868 1033 divinam
2903 979 3240 1033 voluntatem
3274 980 3329 1034 in
3364 982 3627 1041 universo

2047 1070 2276 1126 mundo.
2334 1071 2563 1142 Magnus
2608 1081 2790 1131 autem
2841 1070 3091 1128 Justinus
3125 1073 3201 1126 ait
3239 1073 3515 1129 diabolum
3568 1077 3624 1134 in

2047 1161 2216 1231 priori
2247 1161 2451 1217 Christi
2490 1164 2727 1219 adventu
2779 1163 3137 1235 cognovisse,
3168 1166 3316 1236 quod
3365 1167 3627 1222 condem-

2043 1264 2206 1309 natus
2235 1268 2379 1311 esset
2407 1256 2461 1311 in
2505 1258 2763 1328 abyssum
2793 1266 2847 1311 et
2877 1258 2929 1311 in
2961 1258 3264 1327 gehennam
3294 1259 3455 1329 ignis.
3485 1259 3625 1316 Pos-

2042 1358 2236 1405 sumus
2282 1344 2471 1415 igitur,
2516 1356 2577 1401 ut
2619 1347 2836 1417 opinor,
2883 1363 2978 1418 per
3021 1364 3084 1405 ea
3113 1364 3232 1419 qua:
3282 1352 3423 1406 dicta
3474 1362 3624 1418 sunt,

2044 1435 2209 1489 etiam
2262 1437 2564 1508 intelligere
2615 1439 2820 1493 Christi
2861 1440 3123 1496 adversus
3169 1442 3447 1497 diabolum
3502 1458 3629 1509 seu:

2046 1528 2295 1581 tentiam.
2330 1528 2596 1600 Angelnm
2643 1540 2825 1586 autem
2859 1531 2991 1587 dicit
3031 1532 3156 1588 talis
3200 1535 3484 1590 sententiae
3516 1536 3624 1591 mi-

2048 1622 2309 1686 nistmm,
2345 1631 2405 1676 ut
2441 1623 2587 1680 hunc
2621 1624 2875 1679 ostendat
2924 1626 3375 1684 ministrantibus
3408 1645 3627 1700 quoque

2045 1711 2345 1769 virtutibus
2392 1716 2635 1784 potentia
2687 1715 3042 1781 inferiorem,
3103 1718 3418 1791 frustraque
3472 1723 3627 1785 ίιιςοτ

2048 1804 2254 1865 Ieseere
2305 1806 2571 1866 adversus
2634 1809 3002 1880 principatum
3062 1815 3156 1883 qui
3212 1813 3473 1869 omnibus
3525 1815 3630 1870 im-

362 1898 506 1955 κατὰ
536 1902 636 1969 τῆς
671 1900 779 1954 τῶν
825 1900 1043 1954 πάντων
1104 1900 1414 1975 κρατούσης
1447 1900 1624 1985 ἀρχῆς
1675 1899 1941 1975 θρασυνό-
1975 1893 2018 1949 Β
2048 1908 2220 1969 perat.

362 2007 543 2061 μενον.

366 2074 369 2077 ’
450 2081 653 2150 Ἀρέθα
686 2083 755 2137 ἐκ
786 2082 895 2138 τοῦ
944 2084 1152 2140 αὐτοῦ.
1195 2084 1397 2140 κλεῖδα
1448 2085 1549 2155 τὴν
1582 2085 1803 2157 ἀστραλῆ
1851 2088 1947 2142 καὶ

363 2173 628 2244 ἀπρὸῖτον
666 2176 777 2229 τῶν
816 2177 1161 2245 κατακρίτων
1210 2176 1448 2253 κατοχὴν
1498 2178 1679 2246 λέγει*
1710 2177 1947 2233 ἄϐυσσον

358 2266 439 2331 δὲ,
472 2268 570 2334 τὴν
586 2267 890 2337 ἀπέραντον
919 2269 998 2332 είς
1030 2267 1299 2322 διέκδυσιν
1318 2284 1333 2302 ο
1366 2270 1552 2323 ἅλυσιν
1568 2270 1647 2336 δὲ,
1679 2273 1779 2343 τὴν
1808 2273 1949 2326 καθ-

361 2359 588 2427 εκτικὴν
636 2360 735 2428 τῆς
770 2359 1035 2435 πονηρίας
1088 2360 1393 2431 ἐνέργειαν.
1426 2362 1586 2415 Χίλια
1622 2364 1679 2416 δὲ
1716 2364 1778 2416 ού
1810 2363 1947 2418 πάν-

361 2465 471 2516 τως
497 2450 566 2501 τά
613 2440 851 2504 τοσαῦτα
900 2450 979 2524 τῷ
1023 2452 1244 2523 ἀριθμῷ
1274 2456 1415 2522 νοεῖν
1454 2453 1692 2523 εὔλογον.
1734 2456 1803 2509 Ἣ
1836 2456 1946 2529 γὰρ

361 2542 472 2594 τῶν
497 2542 728 2609 πολλῶν,
754 2546 787 2614 ἢ
810 2543 903 2598 τοῦ
928 2545 1130 2613 τελείου
1163 2546 1497 2616 σημαντικδν
1515 2548 1605 2615 τὸν
1630 2549 1736 2601 τῶν
1761 2550 1948 2621 χιλίων

363 2636 601 2711 ἀριθμὸν
653 2637 966 2708 εἰκάζομεν.
1020 2639 1182 2707 Χίλια
1217 2622 1325 2711 ’ἐτη
1352 2639 1551 2706 τοίνυν,
1589 2641 1699 2695 εἴτε
1733 2632 1800 2697 τά
1838 2645 1949 2697 ἀπὸ

363 2728 469 2797 τῆς
512 2728 751 2799 Χριστοῦ
794 2731 1099 2802 παρουσίας
1141 2730 1247 2801 ἕως
1292 2720 1392 2801 τῆς
1428 2730 1522 2783 τοῦ
1580 2732 1948 2804 Ἀντιχρίστου

366 2801 651 2891 ἐνδημίας,
684 2823 792 2887 εἴτε
814 2801 1035 2889 δεκάκις
1065 2824 1284 2891 ἑκατὸν,
1319 2823 1427 2877 εἴτε
1459 2824 1553 2891 καὶ
1588 2801 1793 2891 τούτων
1817 2826 1953 2878 ἀπο-

365 2911 584 2976 δέοντα,
628 2912 726 2983 οὐχ
756 2914 914 2984 ἡμῶν
943 2914 1060 2967 ἐστι
1102 2914 1307 2984 γνῶναι
1330 2914 1391 2967 τὸ
1422 2915 1670 2986 ἀκριϐεῖ,
1699 2917 1783 2969 ὅτι
1816 2916 1951 2987 μηδὲ

366 3002 539 3075 θνητῇ
568 2989 728 3072 φύσει
757 2988 960 3072 γνῶναι
991 2992 1216 3084 χρόνους
1252 3006 1285 3077 ἢ
1319 3008 1544 3086 καιροὺς
1573 3005 1664 3071 οὒς
1695 3008 1723 3060 ὀ
1762 3007 1951 3085 Πατὴρ

369 3092 527 3147 ἔθετο
552 3095 610 3149 ὲν
639 3098 705 3167 τῇ
737 3095 844 3168 ὶδιᾳ
872 3093 1114 3168 ἐξουσίᾳ.
1420 3088 1425 3097 ’

442 3366 548 3424 Καὶ
571 3364 722 3436 μετὰ
743 3365 929 3421 ταῦτα
961 3366 1057 3420 δεῖ
1072 3364 1332 3435 λυθῆναι
1363 3365 1552 3420 αὐτὸν
1571 3365 1790 3435 μικρὸν
1811 3366 1949 3434 χρό-

365 3475 503 3514 νον.
530 3458 742 3526 Μικρὸν
774 3458 990 3528 χρόνον,
1032 3461 1221 3525 ποῖονς
1257 3458 1466 3512 Τοῦτον
1493 3458 1585 3511 τὸν
1614 3457 1713 3528 τῆς
1742 3475 1950 3529 παρου-

369 3552 497 3615 σίας
542 3551 639 3605 τοῦ
681 3552 1074 3623 ’Δντιχρίστου,
1127 3551 1186 3604 ὃν
1227 3553 1306 3615 εἰς
1369 3551 1564 3622 μικρὸν
1613 3550 1950 3618 συνέστειλε,

365 3639 460 3693 διὰ
483 3639 544 3692 τὸ
578 3640 812 3711 σφοδρὸν
856 3641 951 3696 καὶ
978 3640 1164 3711 σχεδὸν
1203 3640 1513 3695 ἀνύποπτον
1554 3639 1663 3693 τῶν
1703 3640 1791 3695 διὰ
1814 3641 1951 3713 Χρι-

371 3732 500 3784 στὸν
543 3733 923 3804 κακουμένων,
965 3732 1095 3804 περὶ
1130 3725 1191 3786 οὗ
1231 3734 1426 3804 χρόνου
1457 3734 1553 3786 καὶ
1600 3734 1629 3786 ὀ
1673 3731 1866 3804 Σωτὴρ
1893 3734 1953 3785 ὲν

369 3806 729 3893 Εὑαγγελίοις
753 3812 920 3897 φησι,
956 3826 1138 3897 θλίψιν
1169 3816 1447 3897 συμϐῆναι
1488 3826 1609 3880 οἵαν
1641 3826 1703 3879 οὐ
1731 3826 1955 3895 γέγονεν

366 3912 440 3979 ἐξ
481 3915 657 3986 ἀρχῆς
701 3915 931 3987 κόσμου.
982 3916 1075 3971 Διὸ
1130 3918 1230 3971 καὶ
1268 3916 1640 3990 κολοσωθῆναί
1691 3934 1825 3988 φησι
1855 3917 1955 3981 τὰς

368 4004 586 4078 ἡμέρας
618 4007 819 4073 ταύτας
846 4008 937 4063 διὰ
960 4010 1087 4072 τοὺς
1112 4008 1422 4073 ἐκλεκτούς.

953 4122 1204 4180 ΚΕΦΑΛ.
1245 4120 1367 4179 ΞΝ.

370 4237 515 4323 Περὶ
567 4236 689 4304 τῷν
725 4236 1183 4323 ἡτοιμασμένοις
1218 4236 1606 4323 θρόιίωνιτοῖς
1642 4236 1955 4321 φυλάξασι

768 4309 883 4374 τὴν
919 4309 1179 4377 Χριστοῦ
1219 4310 1565 4379 ὁμολογίαν.

449 4423 560 4480 Καὶ
592 4419 757 4487 εἶδον
780 4424 1053 4495 θρόνους,
1091 4424 1189 4479 καὶ
1232 4423 1526 4495 ἐκάθισαν
1570 4422 1664 4477 ἐπ’
1697 4424 1953 4489 αὐτοὺς,

376 4516 476 4584 καὶ
505 4516 684 4586 κρῖμα
707 4516 888 4583 ἐδόθη
923 4515 1148 4593 αὐτοῖς,
1198 4516 1295 4581 καὶ
1335 4516 1443 4582 τὰς
1470 4516 1675 4595 ψυχὰς
1705 4516 1824 4577 τῶν
1852 4534 1957 4571 πε-

2118 2078 2328 2134 Aretho:
2353 2094 2420 2134 ea:
2444 2080 2646 2134 eodem.
2695 2079 2917 2138 Clavem
2957 2082 3092 2140 dicit
3128 2084 3342 2141 lirmam
3384 2096 3439 2142 et
3460 2087 3633 2143 inevi-

2050 2171 2270 2226 tahilem
2301 2172 2672 2228 detentionem
2704 2189 2897 2229 eorum
2932 2177 3025 2247 qui
3065 2178 3415 2241 condemnati
3457 2190 3582 2245 sunt
3616 2198 3632 2236 :

2048 2263 2308 2334 abyssum
2355 2279 2505 2330 vero,
2556 2266 2907 2322 traditionem
2950 2270 3101 2325 omni
3152 2272 3388 2328 termino
3434 2289 3633 2330 caren-

2052 2363 2159 2410 tem
2190 2373 2206 2410 :
2241 2365 2489 2411 catenam
2522 2366 2729 2423 autem,
2766 2358 2875 2413 vim
2911 2361 3201 2416 cohibendi
3249 2366 3630 2433 operationem

2054 2447 2331 2501 vitiorum.
2366 2447 2537 2502 Porro
2582 2448 2752 2513 mille,
2786 2464 2895 2503 non
2927 2451 3155 2506 omnino
3186 2454 3385 2508 rationi
3429 2470 3633 2521 conso-

2054 2554 2185 2592 num
2229 2548 2335 2602 est,
2378 2548 2438 2593 ut
2470 2548 2683 2601 certum
2718 2541 2869 2596 illum
2920 2559 3208 2599 numerum
3242 2546 3580 2616 accipiamus
3618 2567 3633 2604 :

2050 2632 2143 2686 sed
2177 2632 2542 2689 millenarium
2576 2650 2865 2690 numerum
2905 2636 3216 2706 signiﬁcare
3246 2639 3633 2709 imaginamur,

2051 2731 2146 2777 aut
2191 2723 2596 2778 multitudinem
2656 2735 2751 2781 aut
2795 2726 3208 2797 perfectionem.
3262 2729 3407 2787 Mille
3452 2732 3638 2804 itaque

2053 2828 2228 2870 annos
2272 2824 2367 2869 aut
2404 2831 2502 2871 eos
2547 2817 2643 2888 qui
2696 2818 3019 2874 interﬂuunt
3065 2836 3093 2873 a
3146 2819 3351 2876 Christi
3399 2826 3634 2880 adventu

2056 2920 2232 2976 usque
2276 2907 2344 2961 ad
2390 2908 2714 2965 Antichristi
2765 2910 3058 2965 adventum
3101 2912 3260 2981 (sive
3316 2914 3431 2969 sint
3455 2916 3638 2973 decies

2055 3008 2298 3065 centum,
2327 3001 2443 3055 sive
2464 3000 2630 3055 etiam
2656 3001 2743 3056 his
2775 3002 3104 3073 pauciores)
3136 3020 3245 3058 non
3278 3016 3529 3061 nostrum
3552 3020 3639 3064 est

2054 3100 2248 3146 exacte
2278 3107 2612 3164 cognoscere
2658 3111 2671 3146 :
2724 3094 2854 3165 quia
2906 3094 3039 3149 nulli
3088 3097 3399 3152 mortalium
3446 3101 3633 3155 datum

2056 3195 2138 3238 est.
2181 3199 2515 3255 cognoscere
2546 3194 2789 3256 tempora
2840 3187 2924 3242 vel
2970 3200 3251 3245 momenta
3301 3205 3424 3260 quae
3474 3190 3639 3248 Pater

2054 3276 2240 3346 posuit
2271 3278 2323 3331 in
2352 3293 2450 3333 sua
2480 3287 2768 3346 potestate.
3295 3266 3299 3270 ’

2128 3367 2344 3436 Oportet
2381 3368 2533 3422 illum
2564 3371 2696 3424 solvi
2732 3372 2936 3426 modico
2960 3382 3208 3442 tempore.
3241 3374 3461 3430 Modico
3493 3384 3634 3430 tem-

2055 3475 2188 3533 pore
2212 3502 2226 3526 ,
2260 3463 2538 3532 quonam?
2564 3463 2616 3519 Id
2647 3474 2858 3534 tempus
2882 3473 2967 3521 est
2994 3466 3262 3522 adventus
3287 3468 3635 3535 Antichristi,

2056 3554 2200 3622 quod
2233 3552 2299 3607 ad
2336 3570 2561 3623 parvam
2596 3554 2943 3612 durationem
2972 3559 3271 3626 contraxit,
3310 3558 3476 3630 812
3513 3576 3639 3630 pro—

2060 3654 2177 3715 pter
2206 3645 2605 3701 vehementiam
2642 3663 2766 3718 quaa
2820 3649 2907 3704 vix
2959 3650 3179 3705 tolerari
3224 3661 3411 3722 posset
3450 3653 3521 3707 ab
3554 3654 3639 3708 Ieis

2060 3739 2154 3809 qui
2210 3749 2428 3809 propter
2480 3739 2651 3795 Deum
2707 3741 3015 3813 aﬁligentur
3057 3785 3071 3810 ,
3120 3745 3187 3800 de
3237 3760 3349 3815 quo
3398 3754 3644 3817 tempore

2059 3831 2312 3886 Salvator
2341 3848 2559 3903 quoque
2588 3834 2642 3887 in
2671 3833 2982 3905 Evangeliis
3015 3838 3113 3904 ait,
3142 3838 3303 3892 talem
3338 3836 3457 3892 fore
3508 3837 3642 3893 allii-

2057 3922 2315 3987 ctionem,
2348 3924 2529 3993 qualis
2557 3940 2663 3978 non
2696 3937 2780 3981 est
2807 3925 2947 3982 facta
2975 3929 3045 3983 ab
3068 3928 3226 3983 in‘itio
3253 3931 3442 3984 mundi
3470 3948 3483 3985 :
3516 3931 3639 3985 ideo

2058 4013 2223 4070 etiam
2257 4004 2659 4074 abbreviandos
2694 4018 2829 4073 dicit
2864 4020 2965 4076 hos
2999 4021 3118 4079 dies
3151 4034 3373 4093 propter
3412 4023 3639 4080 electos.

2644 4135 2875 4199 CAPUT
2905 4135 3042 4209 LXI.

2060 4248 2136 4302 De
2180 4248 2392 4303 sedibus
2438 4260 2806 4332 quamparth
2844 4255 3114 4332 anntillis
3161 4257 3253 4326 qui
3303 4270 3642 4332 servaverunt

2536 4320 2735 4376 Christi
2761 4325 3167 4393 confessionem.

2134 4433 2252 4503 XX,
2285 4437 2338 4490 4.
2377 4437 2444 4491 Et
2471 4438 2577 4509 uidi
2607 4438 2773 4503 aedes,
2799 4447 2847 4492 et
2881 4440 3128 4508 sederunt
3151 4456 3306 4517 super
3333 4459 3444 4506 eas,
3478 4451 3527 4501 et
3548 4459 3644 4512 ju-

2064 4525 2261 4579 dicium
2309 4531 2437 4599 ipsis
2491 4531 2677 4583 datum
2707 4542 2805 4585 est.
2871 4531 2940 4586 Et
2996 4535 3206 4603 animos
3262 4534 3643 4601 decollatoruin

375 4610 833 4678 :zelemrryérwr
857 4609 953 4663 διὰ
977 4608 1092 4677 τὴν
1114 4610 1448 4691 μαρτιιοίαν
1482 4609 1711 4677 Ἰησοῦ,
1737 4610 1834 4664 καὶ
1862 4609 1950 4664 διὰ

2067 4627 2282 4689 propter
2315 4621 2673 4673 testimonium
2705 4621 2852 4687 Iesu,
2877 4631 2926 4676 et
2960 4632 3175 4699 propter
3202 4640 3493 4693 sermonem
3526 4625 3644 4685 Dei.

377 4706 487 4769 τὸν
515 4706 705 4774 λόγον
742 4703 850 4757 τοῦ
897 4702 1066 4775 Θεοῦ,
1098 4702 1191 4773 καὶ
1231 4703 1449 4768 οἵτινες
1480 4704 1552 4757 οὺ
1580 4703 1950 4771 προσεκύνηε

2060 4719 2107 4765 et
2132 4711 2222 4782 qui
2250 4728 2352 4764 non
2380 4712 2738 4779 adoraverunt
2768 4714 2991 4768 bestiam
3015 4732 3177 4787 neque
3204 4718 3486 4787 imaginem
3506 4718 3644 4789 ejus,

374 4812 501 4851 σαν
530 4798 599 4851 τὸ
643 4798 876 4866 θηρίον,
902 4797 1046 4851 οὐδὲ
1074 4796 1191 4864 τὴν
1217 4797 1425 4855 εἰκόνα
1453 4795 1672 4859 αὐτοῦ,
1718 4797 1815 4851 καὶ
1848 4796 1950 4850 οὐκ

2061 4810 2110 4853 et
2140 4802 2230 4870 qui
2269 4818 2372 4855 non
2425 4813 2736 4873 acceperunt
2784 4805 3140 4872 characterem
3185 4808 3239 4859 in
3283 4808 3456 4877 fronte
3497 4817 3545 4861 et
3592 4809 3647 4862 in

376 4891 604 4944 ἔλαϐον
632 4872 703 4944 τὸν
743 4892 1020 4969 κάραῃιιι
1052 4889 1151 4943 ἐπὶ
1186 4889 1251 4945 τὸ
1282 4888 1559 4958 μέτωπον
1589 4888 1686 4942 καί
1719 4889 1818 4949 ἐπὶ
1850 4887 1964 4957 τὴν

384 4982 551 5050 χεῖρα
588 4979 821 5035 αὐτῶν’
864 4982 958 5036 καὶ
995 4981 1217 5049 ἔζησαν
1249 4981 1343 5033 καὶ
1380 4979 1790 5033 ἐϐασίλευσαν
1814 4979 1964 5049 μετὰ

380 5074 489 5127 τοῦ
516 5073 774 5142 Χριστοῦ
809 5076 879 5130 τὰ
905 5076 1070 5145 χίλια
1095 5077 1224 5145 ἐτη.

454 5168 591 5235 Τοὺς
633 5169 822 5235 ἁγίους
863 5169 1191 5239 ἀποστόλους
1236 5168 1371 5238 φησὶ
1415 5168 1663 5238 Θεωρεῖν,
1694 5165 1761 5219 δι’
1792 5158 1868 5220 ὧν
1894 5164 1964 5219 τὰ

382 5258 512 5330 ἔθνη
546 5260 948 5327 συνετισθέντα,
996 5260 1076 5331 τῷ
1124 5260 1492 5329 διδασκαλικῴ
1542 5260 1685 5332 λόγῳ
1737 5260 1961 5329 ἔζησαν,

381 5354 478 5407 καὶ
513 5353 967 5419 συνεϐασίλευσαν
997 5354 1218 5425 Χριστῷ
1251 5354 1396 5428 χίλια
1429 5354 1543 5424 ἔτη.
1584 5352 1720 5423 Περὶ
1751 5353 1850 5425 μὲν
1873 5347 1966 5406 οὖν

382 5445 493 5501 τῶν
522 5446 710 5515 χιλίων
754 5446 890 5499 ἐτῶν
924 5447 1161 5518 ετρητᾳι.
1196 5441 1353 5509 Οὗτοι
1400 5444 1493 5511 οῦν
1533 5447 1582 5498 οί
1634 5444 1779 5513 ἅγιοι
1829 5444 1967 5501 ἀπό-

385 5537 563 5591 στολοι
594 5538 934 5603 καθίσουσιν,
1075 5540 1107 5608 ή
1139 5538 1431 5608 ὑπόσχεσις
1454 5536 1548 5590 τοῦ
1580 5537 1786 5607 Κυρίου
1810 5537 1966 5607 φησὶ,

389 5649 411 5685 «ι
452 5631 748 5703 Κρίνοντες
781 5635 881 5695 τὰς
908 5632 1115 5695 δώδεκα
1150 5632 1323 5702 φυλὰς
1353 5632 1447 5686 τοῦ
1492 5630 1730 5715 Ἰσραὴλ,
1756 5649 1777 5682 ι
1811 5648 1968 5685 τουτ-

394 5725 526 5792 ⁸στι,
570 5727 1016 5798 κατακρίνοντες.
1064 5727 1144 5797 Τῇ
1199 5725 1499 5799 παραθέσει
1553 5723 1661 5798 γὰρ
1697 5724 1807 5779 τῶν
1835 5725 1970 5796 ὁμο-

458 5874 506 5908 ⁹⁸
532 5872 723 5930 Matth.
755 5891 867 5939 xix,
897 5876 990 5931 28.

2066 4911 2225 4946 manu
2253 4911 2396 4958 sua;
2436 4905 2485 4949 et
2520 4899 2753 4950 vixerunt
2798 4908 2846 4951 et
2892 4910 3237 4971 regnarernnt
3289 4917 3404 4975 cuni
3439 4899 3650 4957 Christo

2068 4987 2210 5039 mille
2247 4988 2423 5041 annis.

2139 5163 2373 5218 Sanctus
2420 5165 2703 5234 apostolos
2736 5166 2813 5221 ait
2849 5182 2909 5243 se
2944 5169 3166 5234 vidisse,
3205 5186 3301 5243 per
3333 5184 3473 5240 quos
3525 5186 3651 5224 eru-

2065 5255 2195 5311 ditae
2229 5265 2419 5326 gentes
2454 5257 2721 5313 doctrime
2749 5259 2916 5313 verbo
2963 5261 3239 5327 vixerunt,
3286 5272 3336 5317 et
3389 5277 3495 5315 una
3526 5277 3649 5316 cum

2066 5348 2285 5405 Christo
2341 5362 2640 5423 regnarunt
2693 5350 2843 5407 mille
2899 5356 3077 5409 annis.
3142 5354 3331 5424 Itaque
3381 5355 3448 5409 de
3504 5354 3653 5410 mille

2068 5441 2231 5496 annis
2256 5441 2466 5505 dictum
2500 5452 2602 5498 est.
2634 5442 2698 5497 lli
2730 5459 2862 5514 ergo
2893 5445 3066 5501 sancti
3093 5445 3329 5528 apostoli
3360 5447 3651 5517 sedebunt,

2070 5534 2238 5590 veluti
2270 5534 2433 5593 habet
2454 5535 2669 5591 Domini
2702 5538 3019 5613 promissio,
3058 5558 3076 5591 ι
3109 5537 3429 5609 Judicantes
3454 5540 3661 5595 duode~

2073 5625 2180 5679 cim
2202 5625 2378 5680 tribus
2405 5624 2690 5692 lsrael”,r
2720 5629 2825 5685 hoc
2846 5640 2954 5695 est,
2975 5629 3432 5697 condemnantes.
3458 5631 3660 5689 Eorum

2067 5717 2214 5774 enim
2260 5718 2351 5787 qui
2403 5716 2650 5785 ejusdem
2699 5728 2829 5774 sunt
2906 5723 3122 5792 generis
3197 5724 3654 5797 jnxtapositione.
