4010 6586
464 375 559 440 ’151

1306 372 1634 433 ΑΒΕΤΗᾸΞ
1674 374 2054 435 C/ESARE/E
2088 377 2569 439 CAPPADOCl/E
2606 379 2943 441 EPISCOPI

3618 381 3727 445 752

464 490 683 561 quando
723 485 1013 541 diversitas
1070 485 1124 538 in
1180 483 1314 553 ipsis
1349 486 1689 556 conspicitur
1738 489 2036 543 secundum

2146 491 2341 556 γενῶν,
2363 492 2492 543 ὅταν
2522 491 2757 561 διαφορὰ
2784 495 2843 544 ὲν
2871 484 3273 562 αὐτοῖς’ὁρᾶται
3298 494 3440 549 κατὰ
3459 496 3519 547 τὸ
3548 498 3727 569 χεῖρον

465 586 619 656 pejus
648 598 712 638 ac
758 580 973 644 melius,
1012 578 1105 647 qui
1139 577 1313 648 pejori
1361 578 1742 645 adhaeserunt,
1777 596 1882 635 non
1918 583 2037 633 vul-

463 679 576 749 gari
608 675 753 745 digni
784 683 912 727 sunt
937 672 1231 742 supplicio,
1264 673 1391 741 quia
1424 672 1509 727 sui
1538 674 1755 741 generis
1791 674 2041 727 homines

465 787 570 825 non
610 778 738 823 sunt
772 767 1010 821 :enmlati
1049 775 1192 819 recte
1226 766 1522 833 operando.
1558 763 1830 820 Iudicium
1878 766 2041 833 igitur

464 865 597 934 ipsis
641 862 828 916 datum
864 874 1010 920 esse.
1046 858 1098 913 id
1128 866 1232 920 est,
1272 866 1330 912 ut
1359 860 1789 911 condemnarent
1820 873 1833 910 :
1881 858 2037 926 quasi

462 971 570 1010 non
604 954 781 1009 solum
813 950 1059 1003 volentes
1105 947 1385 1003 Christum
1426 947 1566 1002 bene
1603 948 1669 1000 de
1705 947 1839 1017 ipsis
1874 948 2040 1001 meri-

463 1058 575 1101 tum
606 1042 831 1105 imitari,
867 1039 1183 1110 prophetica
1220 1037 1497 1107 sequendo
1525 1038 1771 1103 oracula,
1801 1040 1895 1094 sed
1925 1039 2037 1108 jam

464 1139 729 1194 adversus
750 1136 849 1189 hos
874 1147 1093 1203 quoque
1118 1130 1394 1202 progredi.
1423 1131 1790 1186 Condemnari
1823 1148 2041 1203 quoque

462 1232 593 1285 dicit
622 1230 743 1283 illos
771 1228 842 1282 ob
871 1227 1079 1280 animas
1106 1224 1497 1278 drcollatorum
1535 1234 1757 1294 pr0pter
1786 1225 2039 1279 testimo-

462 1326 613 1377 nium
661 1320 813 1384 Jesu,
847 1326 901 1371 et
942 1325 1161 1386 propter
1195 1330 1505 1371 sermonem
1538 1315 1667 1382 Dei,
1706 1316 1759 1372 id
1790 1326 1908 1383 est,
1944 1319 2039 1388 qui

459 1420 681 1482 propter
713 1409 870 1463 ﬁdem
904 1408 957 1461 in
998 1406 1169 1461 Deum
1217 1406 1599 1463 sustinuerunt
1632 1420 1862 1464 mortem
1895 1410 2042 1465 ferro

460 1506 689 1559 illatam.
718 1503 825 1556 Aut
855 1502 1019 1555 etiam
1048 1501 1281 1571 ﬁgurate
1314 1500 1389 1555 ait
1412 1500 1712 1558 decollatos
1744 1501 1935 1568 fuisse,
1974 1508 2040 1559 de

457 1596 544 1652 his
572 1597 665 1666 qui
696 1592 1162 1649 mortiﬁcaverunt
1195 1592 1440 1649 membra
1474 1609 1573 1649 sua
1604 1611 1727 1665 qua:
1754 1606 1913 1652 erant
1941 1613 2038 1651 su-

530 1704 555 1740 r
584 1696 809 1741 terram.

458 1703 555 1756 per
584 1703 809 1741 terram.

529 1778 600 1832 Et
642 1794 744 1831 non
774 1785 1082 1847 acceperunt
1119 1777 1501 1831 characterem.
1544 1776 1840 1833 Character
1870 1779 2036 1849 813

2142 581 2237 633 καὶ
2262 581 2490 649 βέλτιον,
2518 582 2569 632 oi
2599 581 2675 651 τῷ
2705 583 2910 651 χείρονι
2938 582 3271 652 ὲνεχόμενοι,
3304 585 3363 636 οὐ
3411 586 3510 656 τῆς
3535 588 3729 656 τυχού-

2144 686 2241 740 σης
2282 672 2420 737 ἄξιοι
2455 673 2748 743 τιμωρίας,
2782 675 2864 725 ὅτι
2901 673 2977 744 μὴ
3004 676 3117 737 τοῖς
3146 675 3465 744 όμογενέσιν
3508 679 3731 749 ἑναμιλ-

2142 760 2341 814 λῶνται
2370 764 2807 833 κατωρθοκότες.
2844 765 3033 834 Κρῖμα
3064 765 3243 818 τοίνυν
3275 766 3495 837 δοθῆναι
3541 769 3729 833 αὐτοῖς

2142 852 2265 903 ἀντὶ
2298 852 2393 905 τοῦ
2426 854 2800 925 κατακρίνειν,
2832 854 2905 918 ὡς
2936 854 3010 926 μὴ
3046 856 3205 923 μόνον
3242 857 3612 928 ἐθελήσαντας
3645 862 3728 931 τῷ

2144 943 2406 1016 εὐεργέτῃ
2434 946 2653 1016 Χριστῷ
2678 946 3045 1017 ἀκολουθῆσαι
3076 950 3184 1012 τοῖς
3208 953 3568 1020 προφητικοίς
3595 954 3728 1005 ὲπὸ-

2146 1052 2297 1103 μενοι
2346 1041 2638 1107 χρησμοῖς,
2685 1038 2798 1091 ἀλλ’
2830 1040 2931 1110 ήδη
2995 1041 3092 1092 καὶ
3140 1041 3470 1105 ἀπεναντίας
3519 1043 3729 1096 τούτων

2142 1124 2412 1195 χωρῆσαι.
2459 1128 2871 1199 Κατακριθῆναι
2928 1130 2985 1183 δὲ
3038 1131 3133 1183 κα)⁸
3161 1129 3246 1184 διὰ
3285 1130 3383 1196 τάς
3410 1133 3588 1203 ψυχὰς
3618 1135 3729 1187 τῶν

2144 1216 2624 1287 πεπελεκισμένων
2666 1220 2754 1273 διὰ
2787 1220 2887 1292 τὴν
2936 1222 3246 1294 μαρτυρίαν
3295 1224 3470 1288 Ἰησοῦ
3518 1226 3610 1279 καὶ
3637 1226 3729 1280 διὰ.

2140 1307 2234 1360 τὸν
2263 1309 2421 1377 λόγον
2458 1310 2552 1363 τοῦ
2601 1312 2759 1379 Θεοῦ,
2790 1316 3058 1379 τουτέστι,
3088 1316 3176 1369 διά
3208 1316 3307 1385 τὴν
3334 1318 3413 1380 είς
3446 1318 3578 1371 Θεὸν
3629 1319 3728 1371 πί·-

2144 1416 2282 1464 στιν,
2306 1402 2503 1467 οἵτινες
2527 1404 2619 1457 τὸν
2643 1404 2734 1458 διὰ
2766 1406 2988 1477 σιδήρου
3021 1408 3340 1479 ὑπήνεγκαν
3368 1409 3619 1465 θάνατον.
3652 1412 3725 1463 Ἣ

2141 1493 2236 1546 καὶ⁵
2283 1496 2562 1563 τροπικῶς
2590 1496 2649 1550 τὸ
2693 1498 3159 1568 ππελεκισθῆναι
3194 1500 3323 1570 περὶ
3360 1500 3469 1554 τῶν
3519 1517 3728 1573 νεκρω-

2142 1590 2352 1643 σάντων
2380 1589 2448 1642 τά
2478 1588 2615 1660 μέλη
2646 1590 2856 1644 ἑαυτῶν
2886 1591 2955 1644 τά
2982 1592 3076 1644 ἐπὶ
3105 1593 3205 1663 τῆς
3234 1592 3360 1663 γῆς.

2211 1766 2321 1817 Kac
2346 1781 2457 1818 ουκ
2482 1764 2704 1819 ἔλαϐον
2729 1766 2795 1821 τὸ
2836 1767 3130 1838 χάραγμα.
3166 1769 3240 1822 Τὸ
3268 1771 3550 1842 χάραγμα,
3580 1771 3727 1840 γνώ-

456 1871 786 1941 cognitionis
816 1870 1073 1924 indicium
1101 1878 1185 1924 est
1206 1908 1221 1932 ,
1261 1869 1558 1924 secundum
1588 1869 1736 1938 quod
1766 1870 1929 1924 etiam
1970 1872 2037 1926 de

2145 1857 2319 1927 ρισμά
2346 1875 2496 1929 φησι.
2548 1858 2699 1913 Καθδ
2731 1861 2825 1913 καὶ
2850 1862 2944 1915 ἐπὶ
2971 1860 3067 1915 τοῦ
3100 1838 3352 1933 Χριστοῦ-
3388 1838 3605 1933 είρηται
3635 1866 3723 1931 τὸ,

454 1965 676 2020 Christo
703 1963 907 2016 dictum
935 1969 1019 2017 est
1051 1980 1065 2016 :
1118 1981 1135 2013 ι
1177 1961 1461 2032 Signatum
1494 1970 1579 2016 est
1609 1978 1775 2032 super
1813 1978 1913 2019 nos
1946 1963 2033 2017 lu-

455 2070 579 2108 men
609 2053 793 2108 vultus
824 2054 922 2118 tui,
958 2051 1184 2107 Domine
1208 2052 1275 2116 π,
1329 2070 1348 2103 ι
1384 2051 1856 2118 Quemadmodum
1884 2054 2031 2108 enim

453 2161 620 2216 super
655 2144 846 2199 l‘acietn
877 2159 1201 2212 expressum
1248 2150 1334 2198 est
1374 2144 1557 2197 lumen
1594 2144 1648 2197 i'n
1688 2144 1905 2214 signum
1940 2160 2033 2199 co-

452 2239 752 2308 gnoscendi
793 2237 1000 2291 amicos
1031 2237 1161 2302 Dei,
1194 2237 1270 2290 ita
1303 2237 1355 2289 in
1392 2236 1573 2305 impiis
1603 2236 1940 2306 impudentia
1978 2241 2030 2291 in

451 2330 730 2385 frontibus
773 2327 1127 2396 imprimitur,
1178 2328 1306 2381 dum
1352 2326 1470 2381 sine
1519 2328 1630 2381 ulla
1662 2329 2031 2384 occultatione

452 2422 536 2477 vel
584 2422 788 2491 pudore
856 2422 1240 2475 demonstrant
1292 2420 1615 2488 qualesnam
1660 2421 1815 2477 sint:
1865 2432 2031 2492 utque

452 2516 559 2569 hoc
584 2513 936 2569 manifestius
966 2516 1057 2579 sit,
1088 2512 1344 2567 absurdis
1371 2512 1487 2567 suis
1522 2513 1781 2583 operibus
1810 2514 2026 2585 signum

452 2606 583 2659 illud
612 2604 941 2659 conﬁrmant
969 2620 982 2656 :
1021 2618 1219 2657 manus
1263 2604 1408 2656 enim
1444 2604 1714 2658 actionem
1744 2604 2025 2675 designat,

449 2693 907 2764 quemadmodum
954 2701 1009 2746 et
1050 2707 1143 2761 pes
1173 2698 1378 2745 certam
1423 2691 1721 2747 ﬁnitionem
1756 2708 1820 2747 ac
1862 2709 2025 2763 regu-

449 2788 579 2848 lam,
625 2785 781 2853 juxta
818 2784 948 2837 illud
984 2783 1132 2853 quod
1184 2782 1391 2837 dictum
1438 2790 1568 2837 est:
1626 2802 1644 2835 t
1688 2782 1804 2838 Non
1846 2785 2029 2839 veniat

447 2878 580 2931 mihi
617 2892 711 2946 pes
757 2876 1047 2945 superbia,
1079 2886 1133 2929 et
1182 2890 1375 2930 manus
1419 2876 1726 2945 peccatoris
1756 2892 1862 2931 non
1908 2894 2023 2933 mo-

444 2978 569 3025 veut
611 2985 697 3023 me
723 2969 789 3024 ⁸⁸.
832 2988 852 3021 ι
911 2968 1182 3034 Quoniam
1237 2982 1367 3036 ergo
1411 2967 1465 3021 bi
1520 2982 1627 3023 non
1664 2979 1795 3024 sunt
1842 2971 2021 3040 capti,

444 3076 624 3129 neque
651 3076 745 3130 per
774 3060 1185 3130 ,impudrnliam
1234 3059 1493 3130 insignali
1529 3060 1692 3125 malo,
1727 3076 1904 3131 neque
1930 3078 2024 3131 per

443 3168 630 3221 opera,
665 3152 863 3206 merito
892 3160 946 3204 et
973 3151 1227 3204 vixerunt
1246 3159 1299 3205 ct
1326 3161 1629 3220 regnarunt
1652 3168 1775 3207 cum
1805 3154 2023 3209 Christo

446 3259 621 3311 usque
658 3241 723 3294 ad
765 3240 1298 3295 consummationem
1340 3240 1548 3297 saeculi.
1594 3240 1729 3295 Nam
1774 3242 1916 3295 situt
1948 3246 2025 3295 vi-

443 3336 658 3397 demus,
682 3332 785 3386 sub
805 3332 1030 3399 regibus
1051 3346 1273 3401 quoque
1307 3331 1561 3387 ﬁdelibus
1596 3346 1660 3387 ac
1688 3332 2025 3403 principibus

446 3427 497 3478 hi
535 3427 625 3494 qui
661 3424 915 3489 adorant,
942 3424 1108 3477 etiam
1144 3424 1408 3478 adversus
1437 3438 1653 3477 omnem
1685 3426 2021 3493 corporalem

446 3519 876 3575 imbecillitatem
904 3526 961 3572 et
986 3516 1381 3572 damoniacam
1416 3518 1814 3586 operationem,
1845 3528 2025 3571 ostru-

439 3613 579 3667 dunt
610 3614 791 3667 datam
844 3626 873 3664 a
918 3608 1029 3663 Deo
1059 3609 1311 3679 gratiam.
1342 3596 1638 3675 Quoniam,
1672 3611 1868 3678 inquit,
1917 3626 2021 3663 non

440 3708 807 3759 adoraverunt
837 3702 1071 3757 bestiam
1123 3711 1179 3756 et
1224 3702 1515 3769 imaginem
1556 3702 1698 3772 ejus,
1743 3713 2022 3773 propterea

440 3797 605 3850 etiam
644 3797 920 3859 vixerunt,
954 3792 1058 3848 hoc
1084 3801 1167 3847 est
1188 3831 1202 3854 ,
1234 3793 1531 3848 viventium
1564 3809 1730 3864 opera
1764 3810 2024 3851 excreue-

443 3901 591 3949 runt,
620 3886 1010 3942 miraculorum
1045 3886 1303 3941 videlicet
1332 3886 1699 3956 operationes.
1731 3887 1901 3942 Porro
1929 3890 2018 3942 hc-

440 3980 601 4035 stiam
628 3989 684 4036 et
715 3978 1009 4050 imaginem
1039 3978 1232 4034 bestia:
1259 3986 1314 4032 et
1340 3978 1635 4035 draconem
1666 3979 1797 4034 dicit
1827 3981 2019 4035 diabo-

442 4074 552 4127 lum
584 4082 640 4127 et
665 4072 1061 4128 Anticltristum
1100 4087 1165 4128 ac
1197 4072 1754 4143 pseudoprophetam.

1005 4163 1236 4222 CAPUT
1290 4166 1448 4224 LXII.

481 4283 614 4352 Qua:
650 4288 718 4341 sit
757 4286 929 4354 prima
964 4286 1299 4351 resurrectio,
1328 4295 1375 4339 et
1411 4302 1527 4355 qua:
1554 4285 1783 4340 secunda
1820 4303 1961 4340 mors

502 4464 621 4529 XX,
665 4465 717 4529 5,
748 4464 801 4517 6.
833 4462 1027 4519 Ca’teri
1065 4480 1181 4519 vero
1221 4465 1417 4517 mortui
1452 4480 1551 4517 non
1585 4465 1823 4517 rixerunt
1856 4468 2018 4517 donec

2148 1969 2165 2001 ι
2215 1950 2558 2021 Ἐσημειώθη
2590 1951 2672 2022 ἐφ’
2702 1955 2851 2024 ἡμᾶς
2877 1953 2939 2007 τὸ
2971 1954 3086 2024 φῶς
3117 1956 3210 2009 τοῦ
3256 1955 3550 2026 προσώπου
3587 1974 3682 2010 σου
3705 1997 3724 2025 ,

2143 2044 2333 2114 Κύριε.
2376 2063 2395 2096 ι
2450 2044 2539 2108 Ὠς
2572 2044 2681 2117 γάρ
2714 2047 2834 2100 ἐκεῖ
2866 2046 2958 2101 ἐπὶ
3010 2049 3070 2101 τὸ
3118 2048 3410 2117 πρόσωπον
3470 2050 3586 2119 φῶς
3638 2053 3723 2113 εἰς

2141 2135 2429 2205 γνώρισμα
2468 2136 2576 2189 τῶν
2622 2137 2885 2207 θεοφιλῶν
2934 2140 3353 2210 ἐνσημαίνεται,
3407 2141 3581 2204 οὕτως
3626 2142 3727 2195 ἐπὶ

2139 2228 2247 2283 τῶν
2280 2230 2492 2284 ἀσεϐῶν
2536 2231 2784 2285 ἀναίδεια
2830 2232 2925 2285 ἐπὶ
2977 2232 3085 2285 τῶν
3135 2232 3403 2301 μετώπων
3448 2234 3723 2305 ἐγχαράτ-

2138 2338 2312 2384 τεται,
2355 2321 2839 2391 ἀπαρακαλύπτως
2865 2322 2961 2375 καὶ
2996 2323 3375 2386 ἀνυποστόλως
3417 2324 3722 2393 ἑμφανιζο-

2141 2411 2319 2481 μένων
2360 2410 2535 2463 ὀποῖοί
2566 2410 2711 2474 τινές
2759 2412 2915 2465 εἰσιν.
2969 2410 3079 2465 Καὶ
3119 2413 3205 2464 ἵνα
3244 2411 3402 2465 τοῦτο
3450 2414 3721 2481 ἐμφαντι-

2140 2500 2378 2571 κώτερον
2404 2496 2459 2573 ᾖ,
2516 2502 2635 2562 ταῖς
2688 2500 2911 2564 ἀτόποις
2962 2499 3068 2553 τῶν
3106 2499 3317 2555 ἑαυτῶν
3356 2500 3608 2570 πράξεων
3656 2499 3721 2552 τὸ

2136 2595 2422 2665 γνώρισμα
2442 2594 2780 2648 ἐϐεϐαίωσαν
2802 2609 2815 2624 ·
2848 2594 2881 2662 ἡ
2911 2593 3031 2665 χεὶρ
3054 2592 3161 2667 γάρ
3186 2593 3284 2665 τὴν
3313 2592 3513 2662 πρᾶξιν
3542 2593 3719 2646 αἰνίτ-

2135 2704 2309 2749 τεται,
2342 2686 2531 2758 ὥσπερ
2558 2686 2651 2741 καὶ
2679 2688 2708 2739 ὁ
2738 2686 2873 2747 ποῦς
2902 2686 2995 2739 τὸν
3016 2686 3268 2755 ὁρισμὸν,
3307 2685 3441 2738 καθὸ
3465 2686 3679 2755 εἴρηται
3700 2702 3713 2717 ·

2141 2798 2159 2830 ι
2198 2780 2287 2849 Μὴ
2314 2779 2515 2832 ἐλθέτω
2542 2796 2632 2847 μοι
2666 2777 2801 2842 ποῦς
2824 2778 3225 2847 ὑπερηφανίας,
3253 2779 3345 2830 καὶ
3376 2778 3495 2848 χεὶρ
3526 2778 3713 2847 ἀμαρ-

2133 2870 2303 2922 τωλοῦ
2355 2870 2428 2941 μὴ
2477 2869 2726 2923 σαλεύσει
2771 2887 2860 2939 με.
2902 2889 2919 2921 ι
2968 2870 3121 2922 Ἐπεὶ
3170 2867 3263 2922 οὖν
3313 2870 3412 2939 οὐχ
3467 2869 3716 2923 ἑάλωσαν

2133 2959 2299 3027 οὗτοι,
2333 2962 2456 3016 οὔτε
2498 2962 2563 3015 δι’
2605 2961 2882 3025 ἀναιδείας
2920 2961 3311 3033 ὲντυπούμενοι
3343 2960 3422 3031 τῷ
3456 2962 3713 3033 πονηρῷ,

2131 3058 2255 3111 οὔτε
2283 3059 2350 3111 δι’
2380 3059 2579 3128 ἔργων,
2614 3057 2842 3118 εἰκότως
2872 3057 2969 3110 καὶ
3001 3057 3202 3127 ἔζησαν
3229 3056 3325 3110 καὶ⁵
3353 3056 3715 3110 ἐϐασίλευσαν

2136 3151 2273 3219 μετὰ
2300 3150 2559 3223 Χριστοῦ,
2592 3150 2721 3221 ἄχρι
2756 3149 3065 3213 συντελείας
3094 3148 3188 3203 τοῦ
3222 3149 3439 3213 αἰῶνος.
3484 3149 3571 3213 Ὠς
3599 3151 3711 3219 γὰρ

2128 3242 2364 3311 ὁρῶμεν,
2414 3244 2507 3297 καὶ
2552 3244 2655 3297 ὑπὸ
2704 3242 2971 3313 βασιλέων
3024 3241 3233 3296 πιστῶν
3285 3243 3382 3295 καὶ
3431 3242 3713 3313 ἀρχόντων

2129 3333 2616 3404 προσκυνούμενοι,
2663 3336 2758 3389 καὶ
2795 3332 2938 3387 κατὰ
2983 3334 3164 3404 πάσης
3201 3334 3517 3404 σωματικῆς
3544 3334 3710 3387 ἀσθεο

2126 3426 2273 3489 νείας
2303 3428 2397 3480 καὶ
2427 3427 2745 3497 δαιμονικῆς
2789 3432 2871 3480 ὲνε
2884 3427 3066 3497 ργείας
3112 3426 3212 3498 τὴν
3245 3426 3519 3479 θεόσδοτον
3548 3428 3710 3497 χάριν

2129 3518 2549 3573 ἐπιδείκνυνται.
2593 3519 2744 3571 Ἐπεὶ
2777 3518 2907 3587 γὰρ,
2957 3518 3145 3590 φησὶν,
3181 3517 3242 3571 οὑ
3290 3519 3708 3589 προσεκύνησαν

2125 3614 2202 3684 τῷ
2226 3615 2399 3686 θηρίῳ
2427 3615 2523 3668 καὶ
2551 3619 2616 3687 τῇ
2646 3616 2815 3670 εἰκόνι
2841 3615 3030 3681 αὐτοῦ,
3060 3614 3148 3668 διὰ
3177 3614 3337 3669 τοῦτο
3364 3616 3454 3669 καὶ
3479 3615 3703 3685 ἔζησαν,

2126 3709 2392 3769 τουτέστι,
2434 3708 2654 3772 ζώντων
2691 3709 2828 3780 ἔργα
2861 3710 3197 3779 ὲνήργησαν,
3230 3709 3328 3771 τὰς
3359 3707 3705 3779 θαυματουρ-

2126 3798 2252 3865 γίας
2283 3796 2549 3867 δηλονότι,
2596 3798 2796 3867 Θηρίον
2824 3798 2883 3851 δὲ
2928 3798 3022 3851 καὶ
3053 3798 3239 3851 εἰκόνα
3269 3796 3363 3850 τοῦ
3391 3797 3579 3867 θηρίου
3609 3797 3707 3849 καὶ

2124 3889 2393 3961 δράκοντα
2442 3890 2531 3944 τὸν
2577 3890 2823 3944 διάϐολόν
2871 3908 3007 3962 φησι
3048 3890 3265 3944 καὶτὸν
3313 3890 3702 3959 ’Δντίχριστον,

2126 3983 2219 4037 καὶ
2250 3982 2339 4036 τὸν
2369 3982 2843 4053 ψευδοπροφήτην.

2703 4162 2951 4215 ΚΕΦΑΛ.
2996 4161 3112 4215 EB’.

2129 4279 2189 4331 Τί
2210 4278 2381 4331 ἐστιν
2412 4280 2451 4347 ἡ
2494 4278 2693 4347 πρώτη
2724 4278 3085 4402 ἀῐιζστασις,
3116 4276 3214 4332 καὶ
3244 4279 3332 4345 τίς
3361 4278 3393 4332 ὁ
3424 4278 3699 4348 δεύτερος

2809 4365 3050 4402 arator.

2809 4365 3050 4415 ανατος.

2194 4460 2300 4514 Καὶ
2330 4462 2384 4512 οι
2418 4460 2615 4513 λοιποὶ
2644 4457 2764 4513 τῶν
2790 4459 3017 4528 νεκρῶν
3059 4460 3170 4513 οὐκ
3199 4458 3421 4526 ἔζησαν
3446 4459 3582 4529 ἄχρι
3611 4477 3674 4514 τε

430 4564 861 4611 consummentur
885 4554 1028 4607 mille
1045 4556 1196 4608 anni.
1220 4553 1344 4608 Haec
1371 4564 1448 4606 est
1475 4555 1788 4606 resurrectio
1815 4556 2009 4621 prima.
2040 4542 2043 4549 ί

2131 4553 2311 4621 ιεσθῇ
2346 4553 2417 4606 τὰ
2442 4554 2609 4622 χίλια
2633 4553 2758 4619 ἐτη.
2788 4554 2949 4621 Αὕτη
2981 4552 3019 4621 ὴ
3046 4554 3386 4618 ἀνάστασις
3414 4554 3451 4620 ὴ
3475 4554 3693 4620 πρώτη.

431 4648 629 4700 Beatus
657 4656 704 4698 et
737 4654 954 4699 sanctus
989 4646 1079 4714 qui
1116 4644 1269 4697 habet
1296 4656 1502 4713 partem
1536 4646 1587 4695 in
1632 4646 2015 4701 resurrectime

428 4738 625 4805 prima.
659 4734 720 4788 In
767 4734 847 4788 his
883 4732 1114 4787 secunda
1151 4749 1291 4786 mors
1336 4749 1438 4786 non
1468 4731 1623 4786 habet
1657 4743 2012 4801 potestatem:

427 4826 518 4881 sed
562 4835 717 4880 erunt
773 4825 1069 4879 sacerdotes
1111 4824 1203 4877 Dei
1252 4833 1303 4877 et
1347 4822 1583 4890 Christi,
1639 4836 1686 4879 et
1725 4826 2011 4896 regnabant

426 4935 545 4975 cum
579 4917 672 4972 illo
699 4916 843 4972 mille
876 4917 1051 4972 annis.

492 5101 739 5159 Mortuos
760 5110 941 5170 vocat,
966 5103 1060 5174 qui
1082 5102 1135 5158 in
1160 5102 1541 5158 incredulitate
1560 5117 1999 5174 permanserunt.

421 5194 893 5261 Quemadmodum
924 5194 1071 5248 enim
1113 5194 1251 5249 duas
1300 5209 1424 5250 esse
1456 5195 1615 5256 vitas.
1664 5196 1738 5251 ita
1779 5208 1834 5253 et
1864 5200 2001 5255 duas

422 5296 627 5342 mortes
662 5288 778 5342 sive
804 5285 1260 5341 mortiﬁcationes
1286 5300 1351 5340 ex
1386 5285 1567 5341 divina
1601 5286 1881 5360 Scriptura
1914 5292 2008 5347 do-

420 5393 631 5433 cemur.
669 5377 763 5432 Est
804 5377 973 5447 igitur
1002 5377 1154 5448 prior
1184 5377 1295 5431 vita
1326 5380 1643 5448 temporalis
1668 5395 1733 5437 ac
1760 5384 2002 5440 carnalis

417 5479 543 5539 post
600 5470 861 5539 praecepti
911 5470 1447 5540 transgressionem,
1492 5470 1659 5544 814
1711 5488 1834 5545 qua:
1871 5492 2000 5531 vero

419 5570 542 5630 post
584 5560 1022 5615 observationem
1059 5570 1455 5633 praeceptorum
1493 5565 1849 5636 promittitur,
1884 5569 1992 5624 vita

418 5664 623 5707 aeterna
653 5662 756 5708 est.
803 5653 949 5709 Mors
982 5669 1202 5726 quoque
1237 5656 1486 5711 similiter
1514 5666 1597 5713 est
1628 5661 1823 5731 duplex
1856 5680 1869 5717 ε
1924 5662 2003 5717 al-

484 5810 533 5843 "
564 5808 710 5866 Psal.
744 5826 815 5881 tv,
851 5812 902 5870 7.
981 5814 1025 5845 ⁹⁶
1059 5811 1207 5871 Psal.
1244 5831 1401 5883 xxxv,
1445 5818 1526 5871 12.

2113 4646 2417 4715 Μακάριος
2450 4648 2545 4700 καὶ
2576 4646 2746 4717 ἅγιος
2778 4650 2811 4701 ό
2841 4647 2998 4716 ἔχων
3020 4649 3203 4717 μέρος
3229 4648 3301 4702 ἐν
3327 4647 3402 4716 τῇ
3432 4648 3696 4702 ἀναστά-

2112 4754 2209 4791 σει
2242 4737 2316 4807 τῇ
2361 4737 2582 4807 πρώτῃ.
2627 4739 2757 4793 Ἐπὶ
2790 4742 3016 4793 τούτων
3047 4742 3079 4793 ό
3108 4740 3387 4808 δεύτερος
3436 4739 3693 4808 θάνατος

2111 4838 2221 4889 οὐχ
2247 4836 2373 4903 ἕχει
2407 4836 2721 4900 ἐξουσίαν,
2751 4835 2889 4890 ἀλλ’
2918 4836 3161 4890 ἔσονται
3202 4837 3376 4905 ἱερεῖς
3405 4839 3510 4893 τοῦ
3542 4839 3691 4891 Θεοῦ

2062 4952 2077 4963 ε
2110 4928 2210 4981 καὶ
2251 4928 2356 4983 τοῦ
2403 4928 2684 4995 Χριστοῦ,
2727 4926 2825 4981 καί
2856 4927 3310 4994 βασιλεύσουσι
3338 4932 3468 5000 μετ’
3502 4930 3691 4985 αὑτοῦ

2114 5022 2281 5091 χίλια
2318 5019 2442 5088 ἐτη.

2181 5113 2432 5184 Νεκροὺς
2481 5112 2539 5166 δὲ
2588 5112 2742 5166 καλεῖ
2794 5111 2920 5173 τοὺς
2955 5114 3011 5165 ὲν
3056 5115 3121 5184 τῇ
3163 5112 3390 5183 ἀπιστία
3450 5129 3691 5182 μεμενη-

2111 5204 2295 5266 κότας.
2316 5202 2527 5271 Ὠσπερ
2551 5202 2659 5272 γὰρ
2686 5200 2778 5254 δύο
2813 5199 3137 5267 ζωὰς,οὖτω
3168 5202 3263 5254 καὶ
3289 5201 3382 5254 δύο
3402 5200 3682 5266 θανάτους,

2106 5299 2275 5366 ἡγουν
2306 5295 2604 5366 νεκρώσεις
2648 5295 2713 5347 ἐκ
2742 5294 2841 5362 τῆς
2870 5294 3018 5358 θείας
3051 5293 3273 5364 Γραφῆς
3295 5293 3681 5363 διδασκόμεθα.

2108 5384 2299 5437 Ἔστιν
2345 5378 2438 5436 οὖν
2468 5384 2501 5454 ἡ
2540 5383 2638 5452 μὲν
2672 5384 2863 5454 πρώτη
2899 5382 3012 5454 ζωὴ
3060 5384 3094 5454 ἡ
3130 5384 3267 5453 μετὰ
3295 5382 3439 5456 [τὴν]
3466 5384 3562 5452 τῆς
3596 5384 3686 5435 ὲν-

2102 5475 2262 5545 τολῆς
2286 5474 2601 5545 παράϐασιν
2627 5475 2963 5546 πρόσκαιρος
2990 5475 3082 5528 καὶ
3106 5474 3362 5545 σαρκικὴ,
3396 5475 3428 5544 η
3458 5472 3512 5526 δὲ
3544 5475 3684 5542 μετὰ

2101 5570 2202 5639 τὴν
2270 5568 2429 5622 θείων
2511 5567 2743 5622 ἐντολῶν
2806 5570 3040 5642 τήρησιν
3107 5566 3491 5638 ἐπηγγελμένη
3571 5563 3685 5633 ζωὴ

2102 5662 2341 5726 αἰώνιος.
2376 5660 2486 5715 Καὶ
2516 5659 2736 5719 θάνατοι
2764 5660 2819 5715 δὲ
2858 5661 3059 5733 ὁμοίως
3084 5659 3205 5715 δόθ’
3236 5661 3264 5715 ό
3294 5659 3393 5730 μὲν
3422 5656 3683 5732 σαρκικὸς
