  <div class='ocr_page' id='page_1' title='image "/cluster/home/n/w/nwhite01/storage/ocr_20150623/106/hvd.32044051727071/388.png"; bbox 0 0 4010 6608; ppageno 0'>
   <div class='ocr_carea' id='block_1_1' title="bbox 277 475 384 539">
    <p class='ocr_par' dir='ltr' id='par_1_1' title="bbox 277 475 384 539">
     <span class='ocr_line' id='line_1_1' title="bbox 277 475 384 539; baseline 0.019 -2"><span class='ocrx_word' id='word_1_1' title='bbox 277 475 384 539; x_wconf 73' lang='lat'><strong>753</strong></span> 
     </span>
    </p>
   </div>
   <div class='ocr_carea' id='block_1_2' title="bbox 1332 477 2388 543">
    <p class='ocr_par' dir='ltr' id='par_1_2' title="bbox 1332 477 2388 543">
     <span class='ocr_line' id='line_1_2' title="bbox 1332 477 2388 543; baseline -0.005 0"><span class='ocrx_word' id='word_1_2' title='bbox 1332 482 1695 543; x_wconf 79' lang='lat' dir='ltr'><strong>COMMENT</strong></span> <span class='ocrx_word' id='word_1_3' title='bbox 1735 481 1816 542; x_wconf 91' lang='lat' dir='ltr'><strong>IN</strong></span> <span class='ocrx_word' id='word_1_4' title='bbox 1858 477 2388 542; x_wconf 81' lang='lat' dir='ltr'><strong>APOCALYPSIN.</strong></span> 
     </span>
    </p>
   </div>
   <div class='ocr_carea' id='block_1_3' title="bbox 3405 466 3511 532">
    <p class='ocr_par' dir='ltr' id='par_1_3' title="bbox 3405 466 3511 532">
     <span class='ocr_line' id='line_1_3' title="bbox 3405 466 3511 532; baseline -0.019 0"><span class='ocrx_word' id='word_1_5' title='bbox 3405 466 3511 532; x_wconf 65' lang='grc'><strong>’151</strong></span> 
     </span>
    </p>
   </div>
   <div class='ocr_carea' id='block_1_4' title="bbox 276 573 1857 658">
    <p class='ocr_par' dir='ltr' id='par_1_4' title="bbox 276 581 1848 658">
     <span class='ocr_line' id='line_1_4' title="bbox 276 581 1848 658; baseline 0.003 -22"><span class='ocrx_word' id='word_1_6' title='bbox 276 584 370 636; x_wconf 77' lang='grc' dir='ltr'><strong>καὶ</strong></span> <span class='ocrx_word' id='word_1_7' title='bbox 404 581 757 654; x_wconf 84' lang='grc' dir='ltr'><strong>πρόσκαιρος,</strong></span> <span class='ocrx_word' id='word_1_8' title='bbox 780 583 808 636; x_wconf 99' lang='lat'><strong>6</strong></span> <span class='ocrx_word' id='word_1_9' title='bbox 833 583 890 638; x_wconf 84' lang='grc' dir='ltr'><strong>δὲ</strong></span> <span class='ocrx_word' id='word_1_10' title='bbox 910 583 977 637; x_wconf 80' lang='grc' dir='ltr'><strong>δι’</strong></span> <span class='ocrx_word' id='word_1_11' title='bbox 1005 584 1420 658; x_wconf 76' lang='grc' dir='ltr'><strong>ἁμαρτημάτων</strong></span> <span class='ocrx_word' id='word_1_12' title='bbox 1443 587 1648 640; x_wconf 74' lang='grc' dir='ltr'><strong>ἔκτισιν</strong></span> <span class='ocrx_word' id='word_1_13' title='bbox 1678 588 1736 640; x_wconf 89' lang='grc' dir='ltr'><strong>ἐν</strong></span> <span class='ocrx_word' id='word_1_14' title='bbox 1768 586 1848 656; x_wconf 82' lang='grc' dir='ltr'><strong>τῷ</strong></span> 
     </span>
    </p>
   </div>
   <div class='ocr_carea' id='block_1_5' title="bbox 1959 573 3519 658">
    <p class='ocr_par' dir='ltr' id='par_1_5' title="bbox 1959 573 3519 651">
     <span class='ocr_line' id='line_1_5' title="bbox 1959 573 3519 651; baseline -0.004 -15"><span class='ocrx_word' id='word_1_15' title='bbox 1959 591 2066 636; x_wconf 84' lang='lat' dir='ltr'><strong>tera</strong></span> <span class='ocrx_word' id='word_1_16' title='bbox 2107 580 2326 651; x_wconf 85' lang='lat' dir='ltr'><strong>quidem</strong></span> <span class='ocrx_word' id='word_1_17' title='bbox 2362 576 2602 631; x_wconf 81' lang='lat' dir='ltr'><strong>carnalis</strong></span> <span class='ocrx_word' id='word_1_18' title='bbox 2646 588 2710 630; x_wconf 88' lang='lat' dir='ltr'><strong>ac</strong></span> <span class='ocrx_word' id='word_1_19' title='bbox 2744 573 3094 643; x_wconf 89' lang='lat' dir='ltr'><strong>temporalis;</strong></span> <span class='ocrx_word' id='word_1_20' title='bbox 3132 588 3254 640; x_wconf 56' lang='lat' dir='ltr'><strong>quae</strong></span> <span class='ocrx_word' id='word_1_21' title='bbox 3287 589 3414 630; x_wconf 88' lang='lat' dir='ltr'><strong>vero</strong></span> <span class='ocrx_word' id='word_1_22' title='bbox 3447 577 3519 629; x_wconf 92' lang='lat' dir='ltr'><strong>ob</strong></span> 
     </span>
    </p>
   </div>
   <div class='ocr_carea' id='block_1_6' title="bbox 278 673 1842 750">
    <p class='ocr_par' dir='ltr' id='par_1_6' title="bbox 278 673 1842 750">
     <span class='ocr_line' id='line_1_6' title="bbox 278 673 1842 750; baseline 0.002 -23"><span class='ocrx_word' id='word_1_23' title='bbox 278 673 525 744; x_wconf 82' lang='grc' dir='ltr'><strong>μέλλοντι</strong></span> <span class='ocrx_word' id='word_1_24' title='bbox 562 675 718 730; x_wconf 85' lang='grc' dir='ltr'><strong>αίῶνι</strong></span> <span class='ocrx_word' id='word_1_25' title='bbox 745 677 1108 748; x_wconf 83' lang='grc' dir='ltr'><strong>ἐπαγόμενος,</strong></span> <span class='ocrx_word' id='word_1_26' title='bbox 1140 679 1494 750; x_wconf 79' lang='grc' dir='ltr'><strong>ἀτελεύτητος</strong></span> <span class='ocrx_word' id='word_1_27' title='bbox 1524 679 1618 732; x_wconf 75' lang='grc' dir='ltr'><strong>καὶ</strong></span> <span class='ocrx_word' id='word_1_28' title='bbox 1648 679 1842 743; x_wconf 80' lang='grc' dir='ltr'><strong>ἀΐδιος,</strong></span> 
     </span>
    </p>
   </div>
   <div class='ocr_carea' id='block_1_7' title="bbox 277 765 1846 841">
    <p class='ocr_par' dir='ltr' id='par_1_7' title="bbox 277 765 1846 841">
     <span class='ocr_line' id='line_1_7' title="bbox 277 765 1846 841; baseline 0.003 -23"><span class='ocrx_word' id='word_1_29' title='bbox 277 765 412 836; x_wconf 82' lang='grc' dir='ltr'><strong>ὅπερ</strong></span> <span class='ocrx_word' id='word_1_30' title='bbox 442 766 590 818; x_wconf 77' lang='grc' dir='ltr'><strong>ἐστὶν</strong></span> <span class='ocrx_word' id='word_1_31' title='bbox 613 767 646 836; x_wconf 81' lang='grc' dir='ltr'>ἡ</span> <span class='ocrx_word' id='word_1_32' title='bbox 673 768 768 820; x_wconf 78' lang='grc' dir='ltr'><strong>τοῦ</strong></span> <span class='ocrx_word' id='word_1_33' title='bbox 791 769 961 839; x_wconf 80' lang='grc' dir='ltr'><strong>πυρὸς</strong></span> <span class='ocrx_word' id='word_1_34' title='bbox 987 769 1200 836; x_wconf 77' lang='grc' dir='ltr'><strong>γέεννα,</strong></span> <span class='ocrx_word' id='word_1_35' title='bbox 1247 769 1404 824; x_wconf 78' lang='grc' dir='ltr'><strong>Ἀλλά</strong></span> <span class='ocrx_word' id='word_1_36' title='bbox 1432 787 1494 838; x_wconf 91' lang='grc' dir='ltr'><strong>γε</strong></span> <span class='ocrx_word' id='word_1_37' title='bbox 1515 770 1609 824; x_wconf 76' lang='grc' dir='ltr'><strong>καὶ</strong></span> <span class='ocrx_word' id='word_1_38' title='bbox 1638 769 1846 841; x_wconf 82' lang='grc' dir='ltr'>νεκρῶν</span> 
     </span>
    </p>
   </div>
   <div class='ocr_carea' id='block_1_8' title="bbox 275 854 1845 932">
    <p class='ocr_par' dir='ltr' id='par_1_8' title="bbox 275 854 1845 932">
     <span class='ocr_line' id='line_1_8' title="bbox 275 854 1845 932; baseline 0.003 -22"><span class='ocrx_word' id='word_1_39' title='bbox 275 854 541 928; x_wconf 79' lang='grc' dir='ltr'><strong>διαφοράς</strong></span> <span class='ocrx_word' id='word_1_40' title='bbox 567 857 938 929; x_wconf 78' lang='grc' dir='ltr'><strong>γινώσκομεν·</strong></span> <span class='ocrx_word' id='word_1_41' title='bbox 969 862 1018 913; x_wconf 82' lang='lat' dir='ltr'><strong>oi</strong></span> <span class='ocrx_word' id='word_1_42' title='bbox 1050 861 1148 930; x_wconf 87' lang='grc' dir='ltr'><strong>μὲν</strong></span> <span class='ocrx_word' id='word_1_43' title='bbox 1179 862 1421 931; x_wconf 80' lang='grc' dir='ltr'><strong>φευκτοὶ,</strong></span> <span class='ocrx_word' id='word_1_44' title='bbox 1453 862 1582 931; x_wconf 78' lang='grc' dir='ltr'><strong>περὶ</strong></span> <span class='ocrx_word' id='word_1_45' title='bbox 1608 854 1684 915; x_wconf 84' lang='grc' dir='ltr'><strong>ὧν</strong></span> <span class='ocrx_word' id='word_1_46' title='bbox 1711 878 1845 932; x_wconf 82' lang='grc' dir='ltr'><strong>φησι</strong></span> 
     </span>
    </p>
   </div>
   <div class='ocr_carea' id='block_1_9' title="bbox 277 945 1846 1024">
    <p class='ocr_par' dir='ltr' id='par_1_9' title="bbox 277 945 1846 1024">
     <span class='ocr_line' id='line_1_9' title="bbox 277 945 1846 1024; baseline 0.004 -26"><span class='ocrx_word' id='word_1_47' title='bbox 277 945 375 998; x_wconf 78' lang='grc' dir='ltr'><strong>καὶ</strong></span> <span class='ocrx_word' id='word_1_48' title='bbox 393 948 422 1000; x_wconf 90' lang='lat'><strong>6</strong></span> <span class='ocrx_word' id='word_1_49' title='bbox 445 949 747 1018; x_wconf 62' lang='grc' dir='ltr'><strong>προφήτης</strong></span> <span class='ocrx_word' id='word_1_50' title='bbox 771 950 834 1004; x_wconf 83' lang='grc' dir='ltr'>Οἱ</span> <span class='ocrx_word' id='word_1_51' title='bbox 861 950 918 1003; x_wconf 79' lang='grc' dir='ltr'><strong>δὲ</strong></span> <span class='ocrx_word' id='word_1_52' title='bbox 933 952 1116 1019; x_wconf 79' lang='grc' dir='ltr'><strong>νεκροὶ</strong></span> <span class='ocrx_word' id='word_1_53' title='bbox 1139 951 1286 1024; x_wconf 78' lang='grc' dir='ltr'><strong>ζωὴν</strong></span> <span class='ocrx_word' id='word_1_54' title='bbox 1302 953 1364 1006; x_wconf 82' lang='grc' dir='ltr'><strong>οὐ</strong></span> <span class='ocrx_word' id='word_1_55' title='bbox 1388 952 1465 1024; x_wconf 80' lang='grc' dir='ltr'><strong>μὴ</strong></span> <span class='ocrx_word' id='word_1_56' title='bbox 1488 953 1690 1007; x_wconf 74' lang='grc' dir='ltr'><strong>ἴδωσινο</strong></span> <span class='ocrx_word' id='word_1_57' title='bbox 1716 954 1766 1006; x_wconf 89' lang='grc' dir='ltr'><strong>οί</strong></span> <span class='ocrx_word' id='word_1_58' title='bbox 1788 953 1846 1007; x_wconf 82' lang='grc' dir='ltr'><strong>δὲ</strong></span> 
     </span>
    </p>
   </div>
   <div class='ocr_carea' id='block_1_10' title="bbox 277 1036 1849 1115">
    <p class='ocr_par' dir='ltr' id='par_1_10' title="bbox 277 1036 1849 1115">
     <span class='ocr_line' id='line_1_10' title="bbox 277 1036 1849 1115; baseline 0.006 -26"><span class='ocrx_word' id='word_1_59' title='bbox 277 1036 575 1100; x_wconf 73' lang='grc' dir='ltr'><strong>ἐπαινετοὶ,</strong></span> <span class='ocrx_word' id='word_1_60' title='bbox 594 1041 644 1092; x_wconf 79' lang='grc' dir='ltr'><strong>οἱ</strong></span> <span class='ocrx_word' id='word_1_61' title='bbox 667 1040 756 1094; x_wconf 72' lang='grc' dir='ltr'><strong>διὰ</strong></span> <span class='ocrx_word' id='word_1_62' title='bbox 785 1041 1020 1112; x_wconf 79' lang='grc' dir='ltr'><strong>Χριστὸν</strong></span> <span class='ocrx_word' id='word_1_63' title='bbox 1045 1043 1143 1106; x_wconf 72' lang='grc' dir='ltr'><strong>τὰς</strong></span> <span class='ocrx_word' id='word_1_64' title='bbox 1163 1041 1457 1113; x_wconf 76' lang='grc' dir='ltr'><strong>ἡδυπαθεῖς</strong></span> <span class='ocrx_word' id='word_1_65' title='bbox 1475 1042 1570 1097; x_wconf 75' lang='grc' dir='ltr'><strong>τοῦ</strong></span> <span class='ocrx_word' id='word_1_66' title='bbox 1594 1044 1849 1115; x_wconf 84' lang='grc' dir='ltr'><strong>σώματος</strong></span> 
     </span>
    </p>
   </div>
   <div class='ocr_carea' id='block_1_11' title="bbox 276 1128 1846 1205">
    <p class='ocr_par' dir='ltr' id='par_1_11' title="bbox 276 1128 1846 1205">
     <span class='ocr_line' id='line_1_11' title="bbox 276 1128 1846 1205; baseline 0.005 -25"><span class='ocrx_word' id='word_1_67' title='bbox 276 1128 512 1200; x_wconf 78' lang='grc' dir='ltr'><strong>πράξεις</strong></span> <span class='ocrx_word' id='word_1_68' title='bbox 541 1129 983 1197; x_wconf 80' lang='grc' dir='ltr'><strong>ἀποκτιννύντες,</strong></span> <span class='ocrx_word' id='word_1_69' title='bbox 1015 1132 1114 1202; x_wconf 81' lang='grc' dir='ltr'><strong>τὴν</strong></span> <span class='ocrx_word' id='word_1_70' title='bbox 1149 1133 1414 1204; x_wconf 83' lang='grc' dir='ltr'><strong>νέκρωσιν</strong></span> <span class='ocrx_word' id='word_1_71' title='bbox 1444 1132 1539 1187; x_wconf 78' lang='grc' dir='ltr'><strong>τοῦ</strong></span> <span class='ocrx_word' id='word_1_72' title='bbox 1586 1133 1758 1205; x_wconf 84' lang='grc' dir='ltr'><strong>Ἰησοῦ</strong></span> <span class='ocrx_word' id='word_1_73' title='bbox 1789 1137 1846 1188; x_wconf 84' lang='grc' dir='ltr'><strong>ἐν</strong></span> 
     </span>
    </p>
   </div>
   <div class='ocr_carea' id='block_1_12' title="bbox 273 1219 1848 1295">
    <p class='ocr_par' dir='ltr' id='par_1_12' title="bbox 273 1219 1848 1295">
     <span class='ocr_line' id='line_1_12' title="bbox 273 1219 1848 1295; baseline 0.004 -23"><span class='ocrx_word' id='word_1_74' title='bbox 273 1219 355 1289; x_wconf 82' lang='grc' dir='ltr'><strong>τῷ</strong></span> <span class='ocrx_word' id='word_1_75' title='bbox 384 1219 598 1290; x_wconf 62' lang='grc' dir='ltr'><strong>σώματι</strong></span> <span class='ocrx_word' id='word_1_76' title='bbox 629 1223 1042 1293; x_wconf 80' lang='grc' dir='ltr'><strong>περιφέροντες.</strong></span> <span class='ocrx_word' id='word_1_77' title='bbox 1087 1224 1150 1277; x_wconf 85' lang='grc' dir='ltr'><em>Ἢ</em></span> <span class='ocrx_word' id='word_1_78' title='bbox 1187 1225 1241 1277; x_wconf 88' lang='grc' dir='ltr'><strong>δὲ</strong></span> <span class='ocrx_word' id='word_1_79' title='bbox 1270 1225 1499 1295; x_wconf 82' lang='grc' dir='ltr'><strong>δευτέρα</strong></span> <span class='ocrx_word' id='word_1_80' title='bbox 1529 1225 1848 1292; x_wconf 85' lang='grc' dir='ltr'><strong>ἀνάστασις,</strong></span> 
     </span>
    </p>
   </div>
   <div class='ocr_carea' id='block_1_13' title="bbox 273 1310 1845 1387">
    <p class='ocr_par' dir='ltr' id='par_1_13' title="bbox 273 1310 1845 1387">
     <span class='ocr_line' id='line_1_13' title="bbox 273 1310 1845 1387; baseline 0.008 -27"><span class='ocrx_word' id='word_1_81' title='bbox 273 1311 310 1379; x_wconf 83' lang='grc' dir='ltr'>ἡ</span> <span class='ocrx_word' id='word_1_82' title='bbox 344 1310 602 1382; x_wconf 83' lang='grc' dir='ltr'><strong>καθολική</strong></span> <span class='ocrx_word' id='word_1_83' title='bbox 639 1315 750 1365; x_wconf 79' lang='grc' dir='ltr'><strong>ἐστι</strong></span> <span class='ocrx_word' id='word_1_84' title='bbox 779 1313 882 1366; x_wconf 63' lang='grc' dir='ltr'><strong>τῶιν</strong></span> <span class='ocrx_word' id='word_1_85' title='bbox 916 1313 1202 1384; x_wconf 87' lang='grc' dir='ltr'><strong>σωμάτων,</strong></span> <span class='ocrx_word' id='word_1_86' title='bbox 1227 1316 1347 1386; x_wconf 82' lang='grc' dir='ltr'><strong>ἦτις</strong></span> <span class='ocrx_word' id='word_1_87' title='bbox 1374 1315 1667 1380; x_wconf 80' lang='grc' dir='ltr'><strong>ἀνάστασις</strong></span> <span class='ocrx_word' id='word_1_88' title='bbox 1703 1317 1845 1387; x_wconf 83' lang='grc' dir='ltr'><strong>ἀρχὴ</strong></span> 
     </span>
    </p>
   </div>
   <div class='ocr_carea' id='block_1_14' title="bbox 272 1399 1848 1474">
    <p class='ocr_par' dir='ltr' id='par_1_14' title="bbox 272 1399 1848 1474">
     <span class='ocr_line' id='line_1_14' title="bbox 272 1399 1848 1474; baseline 0.005 -22"><span class='ocrx_word' id='word_1_89' title='bbox 272 1400 374 1469; x_wconf 79' lang='grc' dir='ltr'><strong>τῆς</strong></span> <span class='ocrx_word' id='word_1_90' title='bbox 399 1399 696 1472; x_wconf 77' lang='grc' dir='ltr'><strong>μελλούσης</strong></span> <span class='ocrx_word' id='word_1_91' title='bbox 725 1403 909 1467; x_wconf 83' lang='grc' dir='ltr'><strong>αὐτοῖς</strong></span> <span class='ocrx_word' id='word_1_92' title='bbox 930 1403 1201 1469; x_wconf 86' lang='grc' dir='ltr'><strong>κολάσεως</strong></span> <span class='ocrx_word' id='word_1_93' title='bbox 1224 1404 1457 1474; x_wconf 87' lang='grc' dir='ltr'><strong>γίνεται.</strong></span> <span class='ocrx_word' id='word_1_94' title='bbox 1483 1407 1638 1460; x_wconf 83' lang='grc' dir='ltr'><strong>Κατὰ</strong></span> <span class='ocrx_word' id='word_1_95' title='bbox 1661 1407 1716 1460; x_wconf 81' lang='grc' dir='ltr'><strong>δὲ</strong></span> <span class='ocrx_word' id='word_1_96' title='bbox 1739 1409 1848 1460; x_wconf 77' lang='grc' dir='ltr'><strong>τῶν</strong></span> 
     </span>
    </p>
   </div>
   <div class='ocr_carea' id='block_1_15' title="bbox 271 1490 1848 1569">
    <p class='ocr_par' dir='ltr' id='par_1_15' title="bbox 271 1490 1848 1569">
     <span class='ocr_line' id='line_1_15' title="bbox 271 1490 1848 1569; baseline 0.005 -26"><span class='ocrx_word' id='word_1_97' title='bbox 271 1490 373 1562; x_wconf 81' lang='grc' dir='ltr'><strong>τὴν</strong></span> <span class='ocrx_word' id='word_1_98' title='bbox 417 1491 638 1566; x_wconf 83' lang='grc' dir='ltr'><strong>πρώτην</strong></span> <span class='ocrx_word' id='word_1_99' title='bbox 683 1495 1185 1566; x_wconf 81' lang='grc' dir='ltr'><strong>εὖδαιμονησάντων</strong></span> <span class='ocrx_word' id='word_1_100' title='bbox 1232 1498 1526 1552; x_wconf 82' lang='grc' dir='ltr'><strong>ἀνάστασιν</strong></span> <span class='ocrx_word' id='word_1_101' title='bbox 1579 1503 1680 1553; x_wconf 84' lang='grc' dir='ltr'><strong>οὐκ</strong></span> <span class='ocrx_word' id='word_1_102' title='bbox 1735 1499 1848 1569; x_wconf 81' lang='grc' dir='ltr'><strong>ἔχει</strong></span> 
     </span>
    </p>
   </div>
   <div class='ocr_carea' id='block_1_16' title="bbox 273 1583 1849 1662">
    <p class='ocr_par' dir='ltr' id='par_1_16' title="bbox 273 1583 1849 1662">
     <span class='ocr_line' id='line_1_16' title="bbox 273 1583 1849 1662; baseline 0.006 -28"><span class='ocrx_word' id='word_1_103' title='bbox 273 1583 525 1648; x_wconf 79' lang='grc' dir='ltr'><strong>ἐξουσίαν</strong></span> <span class='ocrx_word' id='word_1_104' title='bbox 543 1587 571 1639; x_wconf 90' lang='lat'><strong>6</strong></span> <span class='ocrx_word' id='word_1_105' title='bbox 589 1585 840 1658; x_wconf 80' lang='grc' dir='ltr'><strong>δεύτερος</strong></span> <span class='ocrx_word' id='word_1_106' title='bbox 862 1588 970 1641; x_wconf 79' lang='grc' dir='ltr'><strong>ἀπὸ</strong></span> <span class='ocrx_word' id='word_1_107' title='bbox 1001 1588 1099 1658; x_wconf 87' lang='grc' dir='ltr'><strong>τῆς</strong></span> <span class='ocrx_word' id='word_1_108' title='bbox 1119 1589 1392 1662; x_wconf 87' lang='grc' dir='ltr'><strong>ἁμαρτίας</strong></span> <span class='ocrx_word' id='word_1_109' title='bbox 1417 1590 1554 1660; x_wconf 79' lang='grc' dir='ltr'><strong>πρὸς</strong></span> <span class='ocrx_word' id='word_1_110' title='bbox 1579 1593 1849 1662; x_wconf 77' lang='grc' dir='ltr'><strong>τιμωρίαν</strong></span> 
     </span>
    </p>
   </div>
   <div class='ocr_carea' id='block_1_17' title="bbox 273 1673 1849 1747">
    <p class='ocr_par' dir='ltr' id='par_1_17' title="bbox 273 1673 1849 1747">
     <span class='ocr_line' id='line_1_17' title="bbox 273 1673 1849 1747; baseline 0.003 -22"><span class='ocrx_word' id='word_1_111' title='bbox 273 1673 661 1726; x_wconf 80' lang='grc' dir='ltr'><strong>ἀποκαθιστῶν</strong></span> <span class='ocrx_word' id='word_1_112' title='bbox 695 1673 944 1738; x_wconf 86' lang='grc' dir='ltr'><strong>Θάνατος.</strong></span> <span class='ocrx_word' id='word_1_113' title='bbox 979 1675 1094 1728; x_wconf 72' lang='grc' dir='ltr'><strong>ἀλλ’</strong></span> <span class='ocrx_word' id='word_1_114' title='bbox 1125 1675 1338 1730; x_wconf 71' lang='grc' dir='ltr'><strong>ἔσονται</strong></span> <span class='ocrx_word' id='word_1_115' title='bbox 1373 1679 1538 1747; x_wconf 82' lang='grc' dir='ltr'><strong>ἱερεῖς</strong></span> <span class='ocrx_word' id='word_1_116' title='bbox 1570 1675 1664 1730; x_wconf 81' lang='grc' dir='ltr'><strong>τοῦ</strong></span> <span class='ocrx_word' id='word_1_117' title='bbox 1713 1677 1849 1730; x_wconf 78' lang='grc' dir='ltr'><strong>Θεοῦ</strong></span> 
     </span>
    </p>
   </div>
   <div class='ocr_carea' id='block_1_18' title="bbox 273 1767 1852 1844">
    <p class='ocr_par' dir='ltr' id='par_1_18' title="bbox 273 1767 1852 1844">
     <span class='ocr_line' id='line_1_18' title="bbox 273 1767 1852 1844; baseline 0.003 -25"><span class='ocrx_word' id='word_1_118' title='bbox 273 1767 374 1820; x_wconf 73' lang='grc' dir='ltr'><strong>καὶ</strong></span> <span class='ocrx_word' id='word_1_119' title='bbox 407 1768 499 1822; x_wconf 77' lang='grc' dir='ltr'><strong>τοῦ</strong></span> <span class='ocrx_word' id='word_1_120' title='bbox 534 1770 794 1840; x_wconf 86' lang='grc' dir='ltr'><strong>Χριστοῦ.</strong></span> <span class='ocrx_word' id='word_1_121' title='bbox 821 1771 982 1825; x_wconf 88' lang='grc' dir='ltr'><strong>Χίλια</strong></span> <span class='ocrx_word' id='word_1_122' title='bbox 1009 1771 1086 1835; x_wconf 81' lang='grc' dir='ltr'><strong>δὲ,</strong></span> <span class='ocrx_word' id='word_1_123' title='bbox 1119 1773 1181 1824; x_wconf 78' lang='grc' dir='ltr'><strong>οὐ</strong></span> <span class='ocrx_word' id='word_1_124' title='bbox 1212 1773 1277 1825; x_wconf 84' lang='grc' dir='ltr'><strong>τά</strong></span> <span class='ocrx_word' id='word_1_125' title='bbox 1306 1771 1382 1842; x_wconf 81' lang='grc' dir='ltr'><strong>τῷ</strong></span> <span class='ocrx_word' id='word_1_126' title='bbox 1418 1772 1600 1826; x_wconf 78' lang='grc' dir='ltr'><strong>δεκάδι</strong></span> <span class='ocrx_word' id='word_1_127' title='bbox 1630 1773 1852 1844; x_wconf 83' lang='grc' dir='ltr'><strong>ἀριθμῷ</strong></span> 
     </span>
    </p>
   </div>
   <div class='ocr_carea' id='block_1_19' title="bbox 273 1857 1850 1937">
    <p class='ocr_par' dir='ltr' id='par_1_19' title="bbox 273 1857 1850 1937">
     <span class='ocr_line' id='line_1_19' title="bbox 273 1857 1850 1937; baseline 0.007 -29"><span class='ocrx_word' id='word_1_128' title='bbox 273 1857 370 1908; x_wconf 83' lang='grc' dir='ltr'><strong>τὸν</strong></span> <span class='ocrx_word' id='word_1_129' title='bbox 400 1857 595 1912; x_wconf 72' lang='grc' dir='ltr'><strong>ἑκατὸν</strong></span> <span class='ocrx_word' id='word_1_130' title='bbox 620 1860 1039 1931; x_wconf 79' lang='grc' dir='ltr'><strong>συντελούμενα,</strong></span> <span class='ocrx_word' id='word_1_131' title='bbox 1065 1862 1179 1915; x_wconf 77' lang='grc' dir='ltr'><strong>ἀλλ’</strong></span> <span class='ocrx_word' id='word_1_132' title='bbox 1211 1865 1396 1934; x_wconf 77' lang='grc' dir='ltr'><strong>ἐπειδὴ</strong></span> <span class='ocrx_word' id='word_1_133' title='bbox 1418 1867 1446 1917; x_wconf 88' lang='grc' dir='ltr'><strong>ὁ</strong></span> <span class='ocrx_word' id='word_1_134' title='bbox 1472 1864 1696 1928; x_wconf 81' lang='grc' dir='ltr'><strong>δέκατος</strong></span> <span class='ocrx_word' id='word_1_135' title='bbox 1726 1866 1850 1937; x_wconf 86' lang='grc' dir='ltr'><strong>ἀρι-</strong></span> 
     </span>
    </p>
   </div>
   <div class='ocr_carea' id='block_1_20' title="bbox 275 1948 1844 2030">
    <p class='ocr_par' dir='ltr' id='par_1_20' title="bbox 275 1948 1844 2030">
     <span class='ocr_line' id='line_1_20' title="bbox 275 1948 1844 2030; baseline 0.008 -31"><span class='ocrx_word' id='word_1_136' title='bbox 275 1948 417 2018; x_wconf 84' lang='grc' dir='ltr'><strong>Θμὸς</strong></span> <span class='ocrx_word' id='word_1_137' title='bbox 455 1950 668 2021; x_wconf 83' lang='grc' dir='ltr'><strong>πρῶτος</strong></span> <span class='ocrx_word' id='word_1_138' title='bbox 702 1952 934 2024; x_wconf 82' lang='grc' dir='ltr'><strong>ἀριθμὸς</strong></span> <span class='ocrx_word' id='word_1_139' title='bbox 977 1955 1182 2019; x_wconf 89' lang='grc' dir='ltr'><strong>τέλειος</strong></span> <span class='ocrx_word' id='word_1_140' title='bbox 1211 1956 1272 2009; x_wconf 88' lang='grc' dir='ltr'><strong>ἐκ</strong></span> <span class='ocrx_word' id='word_1_141' title='bbox 1316 1956 1559 2025; x_wconf 83' lang='grc' dir='ltr'><strong>μονάδων</strong></span> <span class='ocrx_word' id='word_1_142' title='bbox 1594 1959 1844 2030; x_wconf 85' lang='grc' dir='ltr'><strong>συνέστη,</strong></span> 
     </span>
    </p>
   </div>
   <div class='ocr_carea' id='block_1_21' title="bbox 271 2037 1850 2118">
    <p class='ocr_par' dir='ltr' id='par_1_21' title="bbox 271 2037 1850 2118">
     <span class='ocr_line' id='line_1_21' title="bbox 271 2037 1850 2118; baseline 0.009 -28"><span class='ocrx_word' id='word_1_143' title='bbox 271 2037 397 2092; x_wconf 67' lang='grc' dir='ltr'><strong>εἶτα</strong></span> <span class='ocrx_word' id='word_1_144' title='bbox 425 2040 584 2095; x_wconf 85' lang='grc' dir='ltr'><strong>πάλιν</strong></span> <span class='ocrx_word' id='word_1_145' title='bbox 599 2043 762 2106; x_wconf 76' lang='grc' dir='ltr'><strong>αὐτὸς</strong></span> <span class='ocrx_word' id='word_1_146' title='bbox 784 2042 859 2114; x_wconf 86' lang='grc' dir='ltr'><strong>τῷ</strong></span> <span class='ocrx_word' id='word_1_147' title='bbox 892 2044 1159 2116; x_wconf 84' lang='grc' dir='ltr'><strong>δεκαδικῷ</strong></span> <span class='ocrx_word' id='word_1_148' title='bbox 1179 2046 1508 2118; x_wconf 79' lang='grc' dir='ltr'><strong>διαστήματι</strong></span> <span class='ocrx_word' id='word_1_149' title='bbox 1533 2049 1625 2103; x_wconf 78' lang='grc' dir='ltr'><strong>τὸν</strong></span> <span class='ocrx_word' id='word_1_150' title='bbox 1658 2050 1850 2104; x_wconf 78' lang='grc' dir='ltr'><strong>ἑκατὸν</strong></span> 
     </span>
    </p>
   </div>
   <div class='ocr_carea' id='block_1_22' title="bbox 275 2131 1851 2203">
    <p class='ocr_par' dir='ltr' id='par_1_22' title="bbox 275 2131 1851 2203">
     <span class='ocr_line' id='line_1_22' title="bbox 275 2131 1851 2203; baseline 0.01 -19"><span class='ocrx_word' id='word_1_151' title='bbox 275 2133 598 2200; x_wconf 76' lang='grc' dir='ltr'><strong>ἀπετέλεσε,</strong></span> <span class='ocrx_word' id='word_1_152' title='bbox 625 2137 720 2189; x_wconf 74' lang='grc' dir='ltr'><strong>καὶ</strong></span> <span class='ocrx_word' id='word_1_153' title='bbox 746 2136 928 2203; x_wconf 89' lang='grc' dir='ltr'><strong>πάλιν,</strong></span> <span class='ocrx_word' id='word_1_154' title='bbox 957 2131 1113 2202; x_wconf 78' lang='grc' dir='ltr'><strong>οὗτος</strong></span> <span class='ocrx_word' id='word_1_155' title='bbox 1141 2141 1232 2193; x_wconf 79' lang='grc' dir='ltr'><strong>ἐπὶ</strong></span> <span class='ocrx_word' id='word_1_156' title='bbox 1258 2140 1367 2194; x_wconf 87' lang='grc' dir='ltr'><strong>τῶν</strong></span> <span class='ocrx_word' id='word_1_157' title='bbox 1395 2141 1526 2195; x_wconf 80' lang='grc' dir='ltr'><strong>δέκα</strong></span> <span class='ocrx_word' id='word_1_158' title='bbox 1573 2144 1851 2198; x_wconf 75' lang='grc' dir='ltr'><strong>πολυπλαο</strong></span> 
     </span>
    </p>
   </div>
   <div class='ocr_carea' id='block_1_23' title="bbox 276 2224 1852 2306">
    <p class='ocr_par' dir='ltr' id='par_1_23' title="bbox 276 2224 1852 2306">
     <span class='ocr_line' id='line_1_23' title="bbox 276 2224 1852 2306; baseline 0.01 -32"><span class='ocrx_word' id='word_1_159' title='bbox 276 2224 522 2288; x_wconf 76' lang='grc' dir='ltr'><strong>σιασθεὶς</strong></span> <span class='ocrx_word' id='word_1_160' title='bbox 549 2226 657 2278; x_wconf 78' lang='grc' dir='ltr'><strong>ἀπὸ</strong></span> <span class='ocrx_word' id='word_1_161' title='bbox 689 2228 890 2282; x_wconf 85' lang='grc' dir='ltr'><strong>τούτων</strong></span> <span class='ocrx_word' id='word_1_162' title='bbox 919 2231 1018 2300; x_wconf 77' lang='grc' dir='ltr'><strong>τὴν</strong></span> <span class='ocrx_word' id='word_1_163' title='bbox 1047 2232 1248 2300; x_wconf 81' lang='grc' dir='ltr'><strong>σωρίδα</strong></span> <span class='ocrx_word' id='word_1_164' title='bbox 1277 2233 1370 2286; x_wconf 74' lang='grc' dir='ltr'><strong>τοῦ</strong></span> <span class='ocrx_word' id='word_1_165' title='bbox 1401 2234 1546 2304; x_wconf 88' lang='grc' dir='ltr'><strong>χίλια</strong></span> <span class='ocrx_word' id='word_1_166' title='bbox 1587 2238 1852 2306; x_wconf 79' lang='grc' dir='ltr'><strong>συνεστή-</strong></span> 
     </span>
    </p>
   </div>
   <div class='ocr_carea' id='block_1_24' title="bbox 276 2316 1850 2395">
    <p class='ocr_par' dir='ltr' id='par_1_24' title="bbox 276 2316 1850 2395">
     <span class='ocr_line' id='line_1_24' title="bbox 276 2316 1850 2395; baseline 0.009 -29"><span class='ocrx_word' id='word_1_167' title='bbox 276 2331 412 2367; x_wconf 80' lang='grc' dir='ltr'><strong>σατο</strong></span> <span class='ocrx_word' id='word_1_168' title='bbox 438 2316 500 2368; x_wconf 85' lang='grc' dir='ltr'><strong>ἐκ</strong></span> <span class='ocrx_word' id='word_1_169' title='bbox 529 2317 732 2370; x_wconf 77' lang='grc' dir='ltr'><strong>τελείου</strong></span> <span class='ocrx_word' id='word_1_170' title='bbox 765 2321 902 2389; x_wconf 84' lang='grc' dir='ltr'><strong>πρὸς</strong></span> <span class='ocrx_word' id='word_1_171' title='bbox 933 2319 1264 2392; x_wconf 82' lang='grc' dir='ltr'><strong>τελειότερον</strong></span> <span class='ocrx_word' id='word_1_172' title='bbox 1300 2325 1669 2395; x_wconf 79' lang='grc' dir='ltr'><strong>καταντήσας,</strong></span> <span class='ocrx_word' id='word_1_173' title='bbox 1700 2327 1850 2380; x_wconf 82' lang='grc' dir='ltr'><strong>είκό-</strong></span> 
     </span>
    </p>
   </div>
   <div class='ocr_carea' id='block_1_25' title="bbox 274 2399 1851 2486">
    <p class='ocr_par' dir='ltr' id='par_1_25' title="bbox 274 2399 1851 2486">
     <span class='ocr_line' id='line_1_25' title="bbox 274 2399 1851 2486; baseline 0.008 -28"><span class='ocrx_word' id='word_1_174' title='bbox 274 2423 387 2470; x_wconf 80' lang='grc' dir='ltr'><strong>τως</strong></span> <span class='ocrx_word' id='word_1_175' title='bbox 420 2407 495 2478; x_wconf 81' lang='grc' dir='ltr'><strong>τῷ</strong></span> <span class='ocrx_word' id='word_1_176' title='bbox 530 2399 815 2480; x_wconf 83' lang='grc' dir='ltr'><strong>ὑπερτελεῖ</strong></span> <span class='ocrx_word' id='word_1_177' title='bbox 860 2411 978 2482; x_wconf 81' lang='grc' dir='ltr'><strong>Θεῷ</strong></span> <span class='ocrx_word' id='word_1_178' title='bbox 1017 2412 1076 2464; x_wconf 82' lang='grc' dir='ltr'><strong>τὸ</strong></span> <span class='ocrx_word' id='word_1_179' title='bbox 1112 2414 1313 2468; x_wconf 78' lang='grc' dir='ltr'><strong>τέλειον</strong></span> <span class='ocrx_word' id='word_1_180' title='bbox 1338 2415 1438 2486; x_wconf 83' lang='grc' dir='ltr'><strong>τῆς</strong></span> <span class='ocrx_word' id='word_1_181' title='bbox 1470 2417 1608 2486; x_wconf 83' lang='grc' dir='ltr'><strong>μετά</strong></span> <span class='ocrx_word' id='word_1_182' title='bbox 1637 2417 1851 2486; x_wconf 83' lang='grc' dir='ltr'><strong>ἀνθρὼ-</strong></span> 
     </span>
    </p>
   </div>
   <div class='ocr_carea' id='block_1_26' title="bbox 280 2500 1851 2577">
    <p class='ocr_par' dir='ltr' id='par_1_26' title="bbox 280 2500 1851 2577">
     <span class='ocr_line' id='line_1_26' title="bbox 280 2500 1851 2577; baseline 0.01 -31"><span class='ocrx_word' id='word_1_183' title='bbox 280 2513 404 2549; x_wconf 82' lang='grc' dir='ltr'><strong>πων</strong></span> <span class='ocrx_word' id='word_1_184' title='bbox 464 2500 850 2572; x_wconf 80' lang='grc' dir='ltr'><strong>συνδιατριόῆς</strong></span> <span class='ocrx_word' id='word_1_185' title='bbox 913 2503 1267 2575; x_wconf 60' lang='grc' dir='ltr'><strong>ἀςωρίσατο,</strong></span> <span class='ocrx_word' id='word_1_186' title='bbox 1330 2506 1430 2577; x_wconf 80' lang='grc' dir='ltr'><strong>οὐχ</strong></span> <span class='ocrx_word' id='word_1_187' title='bbox 1489 2508 1571 2561; x_wconf 80' lang='grc' dir='ltr'><strong>ὅτι</strong></span> <span class='ocrx_word' id='word_1_188' title='bbox 1637 2508 1851 2571; x_wconf 86' lang='grc' dir='ltr'><strong>πάντως</strong></span> 
     </span>
    </p>
   </div>
   <div class='ocr_carea' id='block_1_27' title="bbox 277 2589 1852 2664">
    <p class='ocr_par' dir='ltr' id='par_1_27' title="bbox 277 2589 1852 2664">
     <span class='ocr_line' id='line_1_27' title="bbox 277 2589 1852 2664; baseline 0.008 -24"><span class='ocrx_word' id='word_1_189' title='bbox 277 2589 536 2644; x_wconf 81' lang='grc' dir='ltr'><strong>τοσοῦτον</strong></span> <span class='ocrx_word' id='word_1_190' title='bbox 585 2593 662 2664; x_wconf 79' lang='grc' dir='ltr'><strong>τῷ</strong></span> <span class='ocrx_word' id='word_1_191' title='bbox 705 2594 958 2664; x_wconf 81' lang='grc' dir='ltr'><strong>ἀριθμῷ,</strong></span> <span class='ocrx_word' id='word_1_192' title='bbox 1020 2596 1156 2650; x_wconf 75' lang='grc' dir='ltr'><strong>ἀλλὰ</strong></span> <span class='ocrx_word' id='word_1_193' title='bbox 1199 2596 1285 2650; x_wconf 81' lang='grc' dir='ltr'><strong>διὰ</strong></span> <span class='ocrx_word' id='word_1_194' title='bbox 1315 2597 1408 2650; x_wconf 79' lang='grc' dir='ltr'><strong>τοῦ</strong></span> <span class='ocrx_word' id='word_1_195' title='bbox 1459 2599 1666 2652; x_wconf 85' lang='grc' dir='ltr'><strong>τελείου</strong></span> <span class='ocrx_word' id='word_1_196' title='bbox 1697 2600 1852 2653; x_wconf 78' lang='grc' dir='ltr'><strong>τοῦτο</strong></span> 
     </span>
    </p>
   </div>
   <div class='ocr_carea' id='block_1_28' title="bbox 279 2681 1852 2762">
    <p class='ocr_par' dir='ltr' id='par_1_28' title="bbox 279 2681 1852 2762">
     <span class='ocr_line' id='line_1_28' title="bbox 279 2681 1852 2762; baseline 0.009 -31"><span class='ocrx_word' id='word_1_197' title='bbox 279 2681 616 2751; x_wconf 74' lang='grc' dir='ltr'><strong>ἐμφανίζων,</strong></span> <span class='ocrx_word' id='word_1_198' title='bbox 660 2685 735 2749; x_wconf 87' lang='grc' dir='ltr'><strong>ὼς</strong></span> <span class='ocrx_word' id='word_1_199' title='bbox 785 2689 893 2740; x_wconf 81' lang='grc' dir='ltr'><strong>πᾶν</strong></span> <span class='ocrx_word' id='word_1_200' title='bbox 944 2687 972 2741; x_wconf 82' lang='grc' dir='ltr'>ὃ</span> <span class='ocrx_word' id='word_1_201' title='bbox 1021 2689 1086 2742; x_wconf 82' lang='grc' dir='ltr'><strong>ἂν</strong></span> <span class='ocrx_word' id='word_1_202' title='bbox 1119 2689 1309 2760; x_wconf 85' lang='grc' dir='ltr'><strong>χρόνου</strong></span> <span class='ocrx_word' id='word_1_203' title='bbox 1363 2690 1640 2762; x_wconf 77' lang='grc' dir='ltr'><strong>διάστημα</strong></span> <span class='ocrx_word' id='word_1_204' title='bbox 1683 2691 1852 2756; x_wconf 80' lang='grc' dir='ltr'><strong>διεξο-</strong></span> 
     </span>
    </p>
   </div>
   <div class='ocr_carea' id='block_1_29' title="bbox 277 2775 1864 2857">
    <p class='ocr_par' dir='ltr' id='par_1_29' title="bbox 277 2775 1864 2857">
     <span class='ocr_line' id='line_1_29' title="bbox 277 2775 1864 2857; baseline 0.009 -30"><span class='ocrx_word' id='word_1_205' title='bbox 277 2775 450 2849; x_wconf 83' lang='grc' dir='ltr'><strong>δευοῇ</strong></span> <span class='ocrx_word' id='word_1_206' title='bbox 480 2780 614 2848; x_wconf 81' lang='grc' dir='ltr'><strong>μετὰ</strong></span> <span class='ocrx_word' id='word_1_207' title='bbox 644 2780 741 2850; x_wconf 84' lang='grc' dir='ltr'><strong>τῆς</strong></span> <span class='ocrx_word' id='word_1_208' title='bbox 765 2780 1067 2850; x_wconf 77' lang='grc' dir='ltr'><strong>ἀνθρώπων</strong></span> <span class='ocrx_word' id='word_1_209' title='bbox 1090 2783 1184 2836; x_wconf 82' lang='grc' dir='ltr'><strong>τοῦ</strong></span> <span class='ocrx_word' id='word_1_210' title='bbox 1218 2784 1455 2857; x_wconf 82' lang='grc' dir='ltr'><strong>Χριστοῦ</strong></span> <span class='ocrx_word' id='word_1_211' title='bbox 1489 2779 1864 2857; x_wconf 46' lang='grc' dir='ltr'><strong>συναναστροεμ</strong></span> 
     </span>
    </p>
   </div>
   <div class='ocr_carea' id='block_1_30' title="bbox 281 2870 1570 2950">
    <p class='ocr_par' dir='ltr' id='par_1_30' title="bbox 281 2870 1570 2950">
     <span class='ocr_line' id='line_1_30' title="bbox 281 2870 1570 2950; baseline 0.008 -27"><span class='ocrx_word' id='word_1_212' title='bbox 281 2870 414 2941; x_wconf 78' lang='grc' dir='ltr'><strong>φῆς,</strong></span> <span class='ocrx_word' id='word_1_213' title='bbox 448 2871 546 2925; x_wconf 76' lang='grc' dir='ltr'><strong>οὐκ</strong></span> <span class='ocrx_word' id='word_1_214' title='bbox 573 2870 639 2926; x_wconf 80' lang='grc' dir='ltr'><strong>ἀν</strong></span> <span class='ocrx_word' id='word_1_215' title='bbox 661 2872 816 2927; x_wconf 84' lang='grc' dir='ltr'><strong>τοῦτο</strong></span> <span class='ocrx_word' id='word_1_216' title='bbox 839 2874 916 2940; x_wconf 84' lang='grc' dir='ltr'><strong>τῷ</strong></span> <span class='ocrx_word' id='word_1_217' title='bbox 943 2877 1123 2930; x_wconf 81' lang='grc' dir='ltr'><strong>ἀτελεῖ</strong></span> <span class='ocrx_word' id='word_1_218' title='bbox 1143 2877 1570 2950; x_wconf 85' lang='grc' dir='ltr'><strong>προσνεμηθείη.</strong></span> 
     </span>
    </p>
   </div>
   <div class='ocr_carea' id='block_1_31' title="bbox 860 3076 1277 3133">
    <p class='ocr_par' dir='ltr' id='par_1_31' title="bbox 860 3076 1277 3133">
     <span class='ocr_line' id='line_1_31' title="bbox 860 3076 1277 3133; baseline 0.005 -3"><span class='ocrx_word' id='word_1_219' title='bbox 860 3078 1110 3133; x_wconf 75' lang='grc' dir='ltr'><strong>ΚΕΦΑΛ.</strong></span> <span class='ocrx_word' id='word_1_220' title='bbox 1161 3076 1277 3132; x_wconf 73' lang='lat' dir='ltr'><strong>EI&quot;.</strong></span> 
     </span>
    </p>
   </div>
   <div class='ocr_carea' id='block_1_32' title="bbox 659 3192 1483 3267">
    <p class='ocr_par' dir='ltr' id='par_1_32' title="bbox 659 3192 1483 3267">
     <span class='ocr_line' id='line_1_32' title="bbox 659 3192 1483 3267; baseline 0.007 -22"><span class='ocrx_word' id='word_1_221' title='bbox 659 3192 796 3260; x_wconf 78' lang='grc' dir='ltr'><strong>Περὶ</strong></span> <span class='ocrx_word' id='word_1_222' title='bbox 827 3193 932 3247; x_wconf 86' lang='grc' dir='ltr'><strong>τοῦ</strong></span> <span class='ocrx_word' id='word_1_223' title='bbox 959 3194 1097 3265; x_wconf 87' lang='grc' dir='ltr'><strong>Γὼγ</strong></span> <span class='ocrx_word' id='word_1_224' title='bbox 1125 3195 1220 3249; x_wconf 79' lang='grc' dir='ltr'><strong>καί</strong></span> <span class='ocrx_word' id='word_1_225' title='bbox 1247 3196 1483 3267; x_wconf 85' lang='grc' dir='ltr'><strong>Μαγώγ.</strong></span> 
     </span>
    </p>
   </div>
   <div class='ocr_carea' id='block_1_33' title="bbox 1950 666 3521 741">
    <p class='ocr_par' dir='ltr' id='par_1_33' title="bbox 1950 666 3521 741">
     <span class='ocr_line' id='line_1_33' title="bbox 1950 666 3521 741; baseline -0.004 -14"><span class='ocrx_word' id='word_1_226' title='bbox 1950 674 2324 741; x_wconf 87' lang='lat' dir='ltr'><strong>repensionem</strong></span> <span class='ocrx_word' id='word_1_227' title='bbox 2375 676 2716 738; x_wconf 78' lang='lat' dir='ltr'><strong>peccatorum</strong></span> <span class='ocrx_word' id='word_1_228' title='bbox 2759 667 2813 720; x_wconf 93' lang='lat' dir='ltr'><strong>in</strong></span> <span class='ocrx_word' id='word_1_229' title='bbox 2849 666 3035 720; x_wconf 85' lang='lat' dir='ltr'><strong>futuro</strong></span> <span class='ocrx_word' id='word_1_230' title='bbox 3065 666 3266 721; x_wconf 66' lang='lat' dir='ltr'><strong>saeculo</strong></span> <span class='ocrx_word' id='word_1_231' title='bbox 3307 666 3521 721; x_wconf 81' lang='lat' dir='ltr'><strong>induci—</strong></span> 
     </span>
    </p>
   </div>
   <div class='ocr_carea' id='block_1_34' title="bbox 1950 758 3518 834">
    <p class='ocr_par' dir='ltr' id='par_1_34' title="bbox 1950 758 3518 834">
     <span class='ocr_line' id='line_1_34' title="bbox 1950 758 3518 834; baseline -0.005 -14"><span class='ocrx_word' id='word_1_232' title='bbox 1950 774 2059 828; x_wconf 91' lang='lat' dir='ltr'><strong>tur,</strong></span> <span class='ocrx_word' id='word_1_233' title='bbox 2092 764 2418 834; x_wconf 83' lang='lat' dir='ltr'><strong>sempiterna</strong></span> <span class='ocrx_word' id='word_1_234' title='bbox 2450 769 2607 816; x_wconf 90' lang='lat' dir='ltr'><strong>estet</strong></span> <span class='ocrx_word' id='word_1_235' title='bbox 2631 758 2737 813; x_wconf 79' lang='lat' dir='ltr'><strong>fine</strong></span> <span class='ocrx_word' id='word_1_236' title='bbox 2769 773 2986 821; x_wconf 86' lang='lat' dir='ltr'><strong>carens,</strong></span> <span class='ocrx_word' id='word_1_237' title='bbox 3011 773 3130 828; x_wconf 74' lang='lat' dir='ltr'><strong>qua:</strong></span> <span class='ocrx_word' id='word_1_238' title='bbox 3159 767 3243 813; x_wconf 85' lang='lat' dir='ltr'><strong>est</strong></span> <span class='ocrx_word' id='word_1_239' title='bbox 3269 758 3518 828; x_wconf 77' lang='lat' dir='ltr'><strong>geheuna</strong></span> 
     </span>
    </p>
   </div>
   <div class='ocr_carea' id='block_1_35' title="bbox 1950 849 3514 920">
    <p class='ocr_par' dir='ltr' id='par_1_35' title="bbox 1950 849 3514 920">
     <span class='ocr_line' id='line_1_35' title="bbox 1950 849 3514 920; baseline -0.005 -10"><span class='ocrx_word' id='word_1_240' title='bbox 1950 857 2110 920; x_wconf 70' lang='lat' dir='ltr'><strong>ignis.</strong></span> <span class='ocrx_word' id='word_1_241' title='bbox 2160 855 2264 908; x_wconf 89' lang='lat' dir='ltr'><strong>Sed</strong></span> <span class='ocrx_word' id='word_1_242' title='bbox 2301 863 2354 907; x_wconf 89' lang='lat' dir='ltr'><strong>et</strong></span> <span class='ocrx_word' id='word_1_243' title='bbox 2407 862 2746 906; x_wconf 90' lang='lat' dir='ltr'><strong>mortuorum</strong></span> <span class='ocrx_word' id='word_1_244' title='bbox 2794 849 3164 904; x_wconf 74' lang='lat' dir='ltr'><strong>diversitatem</strong></span> <span class='ocrx_word' id='word_1_245' title='bbox 3224 850 3514 920; x_wconf 83' lang='lat' dir='ltr'><strong>cognosci-</strong></span> 
     </span>
    </p>
   </div>
   <div class='ocr_carea' id='block_1_36' title="bbox 1950 941 3521 1016">
    <p class='ocr_par' dir='ltr' id='par_1_36' title="bbox 1950 941 3521 1016">
     <span class='ocr_line' id='line_1_36' title="bbox 1950 941 3521 1016; baseline -0.006 -14"><span class='ocrx_word' id='word_1_246' title='bbox 1950 963 2072 1002; x_wconf 89' lang='lat' dir='ltr'><strong>mus</strong></span> <span class='ocrx_word' id='word_1_247' title='bbox 2101 965 2116 1003; x_wconf 83' lang='lat'><strong>:</strong></span> <span class='ocrx_word' id='word_1_248' title='bbox 2147 946 2236 1000; x_wconf 85' lang='lat' dir='ltr'><strong>alii</strong></span> <span class='ocrx_word' id='word_1_249' title='bbox 2265 945 2486 1016; x_wconf 79' lang='lat' dir='ltr'><strong>quidem</strong></span> <span class='ocrx_word' id='word_1_250' title='bbox 2523 943 2758 1011; x_wconf 72' lang='lat' dir='ltr'><strong>fugiendi</strong></span> <span class='ocrx_word' id='word_1_251' title='bbox 2789 950 2940 1006; x_wconf 91' lang='lat' dir='ltr'><strong>sunt,</strong></span> <span class='ocrx_word' id='word_1_252' title='bbox 2965 941 3032 996; x_wconf 90' lang='lat' dir='ltr'><strong>de</strong></span> <span class='ocrx_word' id='word_1_253' title='bbox 3061 941 3264 1012; x_wconf 86' lang='lat' dir='ltr'><strong>quibus</strong></span> <span class='ocrx_word' id='word_1_254' title='bbox 3288 941 3361 995; x_wconf 85' lang='lat' dir='ltr'><strong>ait</strong></span> <span class='ocrx_word' id='word_1_255' title='bbox 3391 941 3521 995; x_wconf 56' lang='lat' dir='ltr'><strong>Pro.</strong></span> 
     </span>
    </p>
   </div>
   <div class='ocr_carea' id='block_1_37' title="bbox 1950 1033 3522 1108">
    <p class='ocr_par' dir='ltr' id='par_1_37' title="bbox 1950 1033 3522 1108">
     <span class='ocr_line' id='line_1_37' title="bbox 1950 1033 3522 1108; baseline -0.004 -16"><span class='ocrx_word' id='word_1_256' title='bbox 1950 1040 2108 1108; x_wconf 81' lang='lat' dir='ltr'><strong>pheta</strong></span> <span class='ocrx_word' id='word_1_257' title='bbox 2140 1057 2154 1093; x_wconf 85' lang='lat'><strong>:</strong></span> <span class='ocrx_word' id='word_1_258' title='bbox 2208 1038 2402 1093; x_wconf 70' lang='grc' dir='ltr'><strong>Μονιυί</strong></span> <span class='ocrx_word' id='word_1_259' title='bbox 2435 1038 2598 1091; x_wconf 86' lang='lat' dir='ltr'><strong>vitam</strong></span> <span class='ocrx_word' id='word_1_260' title='bbox 2647 1050 2755 1089; x_wconf 90' lang='lat' dir='ltr'><strong>non</strong></span> <span class='ocrx_word' id='word_1_261' title='bbox 2787 1033 3007 1089; x_wconf 82' lang='lat' dir='ltr'><strong>videant</strong></span> <span class='ocrx_word' id='word_1_262' title='bbox 3045 1050 3061 1088; x_wconf 90' lang='lat'><strong>:</strong></span> <span class='ocrx_word' id='word_1_263' title='bbox 3111 1033 3202 1088; x_wconf 91' lang='lat' dir='ltr'><strong>alii</strong></span> <span class='ocrx_word' id='word_1_264' title='bbox 3237 1048 3366 1089; x_wconf 90' lang='lat' dir='ltr'><strong>vero</strong></span> <span class='ocrx_word' id='word_1_265' title='bbox 3405 1035 3522 1086; x_wconf 88' lang='lat' dir='ltr'><strong>lau-</strong></span> 
     </span>
    </p>
   </div>
   <div class='ocr_carea' id='block_1_38' title="bbox 1949 1123 3520 1198">
    <p class='ocr_par' dir='ltr' id='par_1_38' title="bbox 1949 1123 3520 1198">
     <span class='ocr_line' id='line_1_38' title="bbox 1949 1123 3520 1198; baseline -0.003 -15"><span class='ocrx_word' id='word_1_266' title='bbox 1949 1129 2134 1190; x_wconf 82' lang='lat' dir='ltr'><strong>dandi,</strong></span> <span class='ocrx_word' id='word_1_267' title='bbox 2168 1129 2259 1198; x_wconf 92' lang='lat' dir='ltr'><strong>qui</strong></span> <span class='ocrx_word' id='word_1_268' title='bbox 2293 1139 2513 1198; x_wconf 84' lang='lat' dir='ltr'><strong>propter</strong></span> <span class='ocrx_word' id='word_1_269' title='bbox 2555 1125 2833 1181; x_wconf 85' lang='lat' dir='ltr'><strong>Christum</strong></span> <span class='ocrx_word' id='word_1_270' title='bbox 2888 1125 3240 1194; x_wconf 83' lang='lat' dir='ltr'><strong>voluptuosas</strong></span> <span class='ocrx_word' id='word_1_271' title='bbox 3273 1123 3520 1193; x_wconf 85' lang='lat' dir='ltr'><strong>corporis</strong></span> 
     </span>
    </p>
   </div>
   <div class='ocr_carea' id='block_1_39' title="bbox 1949 1215 3521 1291">
    <p class='ocr_par' dir='ltr' id='par_1_39' title="bbox 1949 1215 3521 1291">
     <span class='ocr_line' id='line_1_39' title="bbox 1949 1215 3521 1291; baseline -0.004 -17"><span class='ocrx_word' id='word_1_272' title='bbox 1949 1221 2295 1291; x_wconf 87' lang='lat' dir='ltr'><strong>operationes</strong></span> <span class='ocrx_word' id='word_1_273' title='bbox 2336 1221 2730 1280; x_wconf 86' lang='lat' dir='ltr'><strong>interimentes.</strong></span> <span class='ocrx_word' id='word_1_274' title='bbox 2781 1218 3258 1273; x_wconf 86' lang='lat' dir='ltr'><strong>mortificationem</strong></span> <span class='ocrx_word' id='word_1_275' title='bbox 3302 1215 3431 1270; x_wconf 83' lang='lat' dir='ltr'><strong>Jesu</strong></span> <span class='ocrx_word' id='word_1_276' title='bbox 3465 1215 3521 1269; x_wconf 91' lang='lat' dir='ltr'><strong>in</strong></span> 
     </span>
    </p>
   </div>
   <div class='ocr_carea' id='block_1_40' title="bbox 1950 1308 3522 1382">
    <p class='ocr_par' dir='ltr' id='par_1_40' title="bbox 1950 1308 3522 1382">
     <span class='ocr_line' id='line_1_40' title="bbox 1950 1308 3522 1382; baseline -0.003 -16"><span class='ocrx_word' id='word_1_277' title='bbox 1950 1327 2177 1382; x_wconf 90' lang='lat' dir='ltr'><strong>corpore</strong></span> <span class='ocrx_word' id='word_1_278' title='bbox 2218 1311 2634 1366; x_wconf 84' lang='lat' dir='ltr'><strong>circumferunt.</strong></span> <span class='ocrx_word' id='word_1_279' title='bbox 2677 1309 2850 1364; x_wconf 88' lang='lat' dir='ltr'><strong>Porro</strong></span> <span class='ocrx_word' id='word_1_280' title='bbox 2903 1309 3140 1365; x_wconf 90' lang='lat' dir='ltr'><strong>secunda</strong></span> <span class='ocrx_word' id='word_1_281' title='bbox 3191 1308 3522 1364; x_wconf 85' lang='lat' dir='ltr'><strong>resurrectio</strong></span> 
     </span>
    </p>
   </div>
   <div class='ocr_carea' id='block_1_41' title="bbox 1951 1399 3520 1472">
    <p class='ocr_par' dir='ltr' id='par_1_41' title="bbox 1951 1399 3520 1472">
     <span class='ocr_line' id='line_1_41' title="bbox 1951 1399 3520 1472; baseline -0.003 -14"><span class='ocrx_word' id='word_1_282' title='bbox 1951 1404 2275 1460; x_wconf 85' lang='lat' dir='ltr'><strong>universalis</strong></span> <span class='ocrx_word' id='word_1_283' title='bbox 2313 1411 2396 1456; x_wconf 86' lang='lat' dir='ltr'><strong>est</strong></span> <span class='ocrx_word' id='word_1_284' title='bbox 2439 1417 2758 1472; x_wconf 86' lang='lat' dir='ltr'><strong>corporum,</strong></span> <span class='ocrx_word' id='word_1_285' title='bbox 2802 1417 2924 1471; x_wconf 71' lang='lat' dir='ltr'><strong>qua:</strong></span> <span class='ocrx_word' id='word_1_286' title='bbox 2974 1401 3305 1456; x_wconf 88' lang='lat' dir='ltr'><strong>resurrectio</strong></span> <span class='ocrx_word' id='word_1_287' title='bbox 3354 1399 3520 1455; x_wconf 84' lang='lat' dir='ltr'><strong>futuri</strong></span> 
     </span>
    </p>
   </div>
   <div class='ocr_carea' id='block_1_42' title="bbox 1951 1491 3520 1566">
    <p class='ocr_par' dir='ltr' id='par_1_42' title="bbox 1951 1491 3520 1566">
     <span class='ocr_line' id='line_1_42' title="bbox 1951 1491 3520 1566; baseline -0.003 -17"><span class='ocrx_word' id='word_1_288' title='bbox 1951 1494 2203 1566; x_wconf 88' lang='lat' dir='ltr'><strong>supplicii</strong></span> <span class='ocrx_word' id='word_1_289' title='bbox 2264 1493 2399 1562; x_wconf 83' lang='lat' dir='ltr'><strong>ipsis</strong></span> <span class='ocrx_word' id='word_1_290' title='bbox 2454 1492 2684 1547; x_wconf 77' lang='lat' dir='ltr'><strong>efficitur</strong></span> <span class='ocrx_word' id='word_1_291' title='bbox 2748 1493 2988 1548; x_wconf 89' lang='lat' dir='ltr'><strong>initium.</strong></span> <span class='ocrx_word' id='word_1_292' title='bbox 3052 1491 3332 1547; x_wconf 85' lang='lat' dir='ltr'><strong>Adversus</strong></span> <span class='ocrx_word' id='word_1_293' title='bbox 3399 1491 3520 1545; x_wconf 88' lang='lat' dir='ltr'><strong>illos</strong></span> 
     </span>
    </p>
   </div>
   <div class='ocr_carea' id='block_1_43' title="bbox 1952 1583 3520 1656">
    <p class='ocr_par' dir='ltr' id='par_1_43' title="bbox 1952 1583 3520 1656">
     <span class='ocr_line' id='line_1_43' title="bbox 1952 1583 3520 1656; baseline -0.005 -14"><span class='ocrx_word' id='word_1_294' title='bbox 1952 1599 2131 1642; x_wconf 89' lang='lat' dir='ltr'><strong>autem</strong></span> <span class='ocrx_word' id='word_1_295' title='bbox 2159 1586 2248 1656; x_wconf 92' lang='lat' dir='ltr'><strong>qui</strong></span> <span class='ocrx_word' id='word_1_296' title='bbox 2283 1585 2448 1656; x_wconf 84' lang='lat' dir='ltr'><strong>priOri</strong></span> <span class='ocrx_word' id='word_1_297' title='bbox 2480 1583 2878 1639; x_wconf 85' lang='lat' dir='ltr'><strong>resurrectione</strong></span> <span class='ocrx_word' id='word_1_298' title='bbox 2907 1583 3380 1645; x_wconf 77' lang='lat' dir='ltr'><strong>beatiticatisunt.</strong></span> <span class='ocrx_word' id='word_1_299' title='bbox 3412 1598 3520 1635; x_wconf 83' lang='lat' dir='ltr'><strong>non</strong></span> 
     </span>
    </p>
   </div>
   <div class='ocr_carea' id='block_1_44' title="bbox 1954 1674 3523 1749">
    <p class='ocr_par' dir='ltr' id='par_1_44' title="bbox 1954 1674 3523 1749">
     <span class='ocr_line' id='line_1_44' title="bbox 1954 1674 3523 1749; baseline -0.006 -15"><span class='ocrx_word' id='word_1_300' title='bbox 1954 1679 2114 1734; x_wconf 83' lang='lat' dir='ltr'><strong>habet</strong></span> <span class='ocrx_word' id='word_1_301' title='bbox 2154 1687 2478 1749; x_wconf 83' lang='lat' dir='ltr'><strong>potestatem</strong></span> <span class='ocrx_word' id='word_1_302' title='bbox 2512 1691 2685 1740; x_wconf 84' lang='lat' dir='ltr'><strong>mors.</strong></span> <span class='ocrx_word' id='word_1_303' title='bbox 2722 1691 2844 1744; x_wconf 71' lang='lat' dir='ltr'><strong>qua:</strong></span> <span class='ocrx_word' id='word_1_304' title='bbox 2878 1690 2906 1728; x_wconf 91' lang='lat' dir='ltr'><strong>a</strong></span> <span class='ocrx_word' id='word_1_305' title='bbox 2940 1683 3164 1744; x_wconf 86' lang='lat' dir='ltr'><strong>peccato</strong></span> <span class='ocrx_word' id='word_1_306' title='bbox 3204 1674 3523 1728; x_wconf 86' lang='lat' dir='ltr'><strong>transmittit</strong></span> 
     </span>
    </p>
   </div>
   <div class='ocr_carea' id='block_1_45' title="bbox 1952 1762 3518 1841">
    <p class='ocr_par' dir='ltr' id='par_1_45' title="bbox 1952 1762 3518 1841">
     <span class='ocr_line' id='line_1_45' title="bbox 1952 1762 3518 1841; baseline -0.006 -16"><span class='ocrx_word' id='word_1_307' title='bbox 1952 1769 2018 1824; x_wconf 91' lang='lat' dir='ltr'><strong>ad</strong></span> <span class='ocrx_word' id='word_1_308' title='bbox 2043 1769 2370 1841; x_wconf 85' lang='lat' dir='ltr'><strong>suppliciqu</strong></span> <span class='ocrx_word' id='word_1_309' title='bbox 2398 1788 2410 1822; x_wconf 87' lang='lat'><strong>:</strong></span> <span class='ocrx_word' id='word_1_310' title='bbox 2441 1768 2535 1822; x_wconf 90' lang='lat' dir='ltr'><strong>sed</strong></span> <span class='ocrx_word' id='word_1_311' title='bbox 2567 1777 2727 1822; x_wconf 90' lang='lat' dir='ltr'><strong>erunt</strong></span> <span class='ocrx_word' id='word_1_312' title='bbox 2747 1765 3059 1821; x_wconf 87' lang='lat' dir='ltr'><strong>sacerdotes</strong></span> <span class='ocrx_word' id='word_1_313' title='bbox 3094 1763 3184 1817; x_wconf 89' lang='lat' dir='ltr'><strong>Dei</strong></span> <span class='ocrx_word' id='word_1_314' title='bbox 3217 1772 3268 1817; x_wconf 87' lang='lat' dir='ltr'><strong>et</strong></span> <span class='ocrx_word' id='word_1_315' title='bbox 3297 1762 3518 1818; x_wconf 88' lang='lat' dir='ltr'><strong>Christi.</strong></span> 
     </span>
    </p>
   </div>
   <div class='ocr_carea' id='block_1_46' title="bbox 1954 1855 3522 1928">
    <p class='ocr_par' dir='ltr' id='par_1_46' title="bbox 1954 1855 3522 1928">
     <span class='ocr_line' id='line_1_46' title="bbox 1954 1855 3522 1928; baseline -0.004 -14"><span class='ocrx_word' id='word_1_316' title='bbox 1954 1861 2098 1918; x_wconf 84' lang='lat' dir='ltr'><strong>Mille</strong></span> <span class='ocrx_word' id='word_1_317' title='bbox 2128 1877 2259 1917; x_wconf 88' lang='lat' dir='ltr'><strong>vero</strong></span> <span class='ocrx_word' id='word_1_318' title='bbox 2307 1877 2416 1916; x_wconf 88' lang='lat' dir='ltr'><strong>non</strong></span> <span class='ocrx_word' id='word_1_319' title='bbox 2466 1860 2728 1915; x_wconf 92' lang='lat' dir='ltr'><strong>dicuntur</strong></span> <span class='ocrx_word' id='word_1_320' title='bbox 2775 1873 2897 1928; x_wconf 69' lang='lat' dir='ltr'><strong>quae</strong></span> <span class='ocrx_word' id='word_1_321' title='bbox 2939 1857 3168 1926; x_wconf 87' lang='lat' dir='ltr'><strong>decupla</strong></span> <span class='ocrx_word' id='word_1_322' title='bbox 3224 1855 3522 1912; x_wconf 83' lang='lat' dir='ltr'><strong>centenarii</strong></span> 
     </span>
    </p>
   </div>
   <div class='ocr_carea' id='block_1_47' title="bbox 1957 1947 3520 2022">
    <p class='ocr_par' dir='ltr' id='par_1_47' title="bbox 1957 1947 3520 2022">
     <span class='ocr_line' id='line_1_47' title="bbox 1957 1947 3520 2022; baseline -0.007 -12"><span class='ocrx_word' id='word_1_323' title='bbox 1957 1955 2170 2010; x_wconf 90' lang='lat' dir='ltr'><strong>numeri</strong></span> <span class='ocrx_word' id='word_1_324' title='bbox 2201 1953 2650 2022; x_wconf 89' lang='lat' dir='ltr'><strong>multiplicatione</strong></span> <span class='ocrx_word' id='word_1_325' title='bbox 2688 1950 3099 2006; x_wconf 79' lang='lat' dir='ltr'><strong>conﬁciuntur:</strong></span> <span class='ocrx_word' id='word_1_326' title='bbox 3136 1949 3227 2003; x_wconf 91' lang='lat' dir='ltr'><strong>sed</strong></span> <span class='ocrx_word' id='word_1_327' title='bbox 3262 1947 3520 2018; x_wconf 85' lang='lat' dir='ltr'><strong>quoniam</strong></span> 
     </span>
    </p>
   </div>
   <div class='ocr_carea' id='block_1_48' title="bbox 1956 2040 3520 2114">
    <p class='ocr_par' dir='ltr' id='par_1_48' title="bbox 1956 2040 3520 2114">
     <span class='ocr_line' id='line_1_48' title="bbox 1956 2040 3520 2114; baseline -0.006 -13"><span class='ocrx_word' id='word_1_328' title='bbox 1956 2048 2212 2103; x_wconf 89' lang='lat' dir='ltr'><strong>denarius</strong></span> <span class='ocrx_word' id='word_1_329' title='bbox 2237 2060 2497 2101; x_wconf 89' lang='lat' dir='ltr'><strong>numerus</strong></span> <span class='ocrx_word' id='word_1_330' title='bbox 2525 2044 2734 2114; x_wconf 89' lang='lat' dir='ltr'><strong>primus</strong></span> <span class='ocrx_word' id='word_1_331' title='bbox 2757 2051 2840 2097; x_wconf 90' lang='lat' dir='ltr'><strong>est</strong></span> <span class='ocrx_word' id='word_1_332' title='bbox 2868 2040 3138 2112; x_wconf 90' lang='lat' dir='ltr'><strong>perfectus</strong></span> <span class='ocrx_word' id='word_1_333' title='bbox 3162 2056 3424 2094; x_wconf 83' lang='lat' dir='ltr'><strong>numerus</strong></span> <span class='ocrx_word' id='word_1_334' title='bbox 3457 2055 3520 2091; x_wconf 82' lang='lat' dir='ltr'><strong>ex</strong></span> 
     </span>
    </p>
   </div>
   <div class='ocr_carea' id='block_1_49' title="bbox 1956 2129 3524 2201">
    <p class='ocr_par' dir='ltr' id='par_1_49' title="bbox 1956 2129 3524 2201">
     <span class='ocr_line' id='line_1_49' title="bbox 1956 2129 3524 2201; baseline -0.008 -7"><span class='ocrx_word' id='word_1_335' title='bbox 1956 2139 2257 2194; x_wconf 87' lang='lat' dir='ltr'><strong>unitatibus</strong></span> <span class='ocrx_word' id='word_1_336' title='bbox 2283 2137 2609 2192; x_wconf 89' lang='lat' dir='ltr'><strong>eonstitutus</strong></span> <span class='ocrx_word' id='word_1_337' title='bbox 2629 2175 2644 2198; x_wconf 82' lang='lat'><strong>,</strong></span> <span class='ocrx_word' id='word_1_338' title='bbox 2675 2134 2873 2190; x_wconf 85' lang='lat' dir='ltr'><strong>deinde</strong></span> <span class='ocrx_word' id='word_1_339' title='bbox 2904 2148 3118 2188; x_wconf 88' lang='lat' dir='ltr'><strong>rursum</strong></span> <span class='ocrx_word' id='word_1_340' title='bbox 3156 2133 3271 2201; x_wconf 80' lang='lat' dir='ltr'><strong>ipse</strong></span> <span class='ocrx_word' id='word_1_341' title='bbox 3302 2129 3524 2182; x_wconf 72' lang='lat' dir='ltr'><strong>denario</strong></span> 
     </span>
    </p>
   </div>
   <div class='ocr_carea' id='block_1_50' title="bbox 1955 2221 3526 2290">
    <p class='ocr_par' dir='ltr' id='par_1_50' title="bbox 1955 2221 3526 2290">
     <span class='ocr_line' id='line_1_50' title="bbox 1955 2221 3526 2290; baseline -0.007 -7"><span class='ocrx_word' id='word_1_342' title='bbox 1955 2230 2243 2283; x_wconf 85' lang='lat' dir='ltr'><strong>intervallo</strong></span> <span class='ocrx_word' id='word_1_343' title='bbox 2278 2236 2499 2283; x_wconf 86' lang='lat' dir='ltr'><strong>centum</strong></span> <span class='ocrx_word' id='word_1_344' title='bbox 2552 2225 2874 2290; x_wconf 85' lang='lat' dir='ltr'><strong>constituit,</strong></span> <span class='ocrx_word' id='word_1_345' title='bbox 2929 2233 2984 2278; x_wconf 87' lang='lat' dir='ltr'><strong>et</strong></span> <span class='ocrx_word' id='word_1_346' title='bbox 3034 2225 3228 2276; x_wconf 89' lang='lat' dir='ltr'><strong>iterum</strong></span> <span class='ocrx_word' id='word_1_347' title='bbox 3291 2221 3380 2276; x_wconf 87' lang='lat' dir='ltr'><strong>hic</strong></span> <span class='ocrx_word' id='word_1_348' title='bbox 3432 2236 3526 2290; x_wconf 73' lang='lat' dir='ltr'><strong>per</strong></span> 
     </span>
    </p>
   </div>
   <div class='ocr_carea' id='block_1_51' title="bbox 1955 2312 3524 2388">
    <p class='ocr_par' dir='ltr' id='par_1_51' title="bbox 1955 2312 3524 2388">
     <span class='ocr_line' id='line_1_51' title="bbox 1955 2312 3524 2388; baseline -0.01 -12"><span class='ocrx_word' id='word_1_349' title='bbox 1955 2323 2140 2376; x_wconf 90' lang='lat' dir='ltr'><strong>decem</strong></span> <span class='ocrx_word' id='word_1_350' title='bbox 2175 2319 2566 2388; x_wconf 86' lang='lat' dir='ltr'><strong>multiplicatus</strong></span> <span class='ocrx_word' id='word_1_351' title='bbox 2596 2332 2848 2372; x_wconf 88' lang='lat' dir='ltr'><strong>acervum</strong></span> <span class='ocrx_word' id='word_1_352' title='bbox 2879 2314 3101 2370; x_wconf 84' lang='lat' dir='ltr'><strong>conﬁcit</strong></span> <span class='ocrx_word' id='word_1_353' title='bbox 3137 2312 3524 2370; x_wconf 79' lang='lat' dir='ltr'><strong>millenarium,</strong></span> 
     </span>
    </p>
   </div>
   <div class='ocr_carea' id='block_1_52' title="bbox 1957 2402 3526 2483">
    <p class='ocr_par' dir='ltr' id='par_1_52' title="bbox 1957 2402 3526 2483">
     <span class='ocr_line' id='line_1_52' title="bbox 1957 2402 3526 2483; baseline -0.008 -17"><span class='ocrx_word' id='word_1_354' title='bbox 1957 2428 1986 2466; x_wconf 90' lang='lat' dir='ltr'><strong>a</strong></span> <span class='ocrx_word' id='word_1_355' title='bbox 2019 2413 2261 2483; x_wconf 84' lang='lat' dir='ltr'><strong>perfecto</strong></span> <span class='ocrx_word' id='word_1_356' title='bbox 2289 2411 2584 2480; x_wconf 87' lang='lat' dir='ltr'><strong>procedens</strong></span> <span class='ocrx_word' id='word_1_357' title='bbox 2611 2409 2679 2462; x_wconf 92' lang='lat' dir='ltr'><strong>ad</strong></span> <span class='ocrx_word' id='word_1_358' title='bbox 2721 2406 3036 2478; x_wconf 86' lang='lat' dir='ltr'><strong>perfectius,</strong></span> <span class='ocrx_word' id='word_1_359' title='bbox 3075 2405 3272 2459; x_wconf 84' lang='lat' dir='ltr'><strong>merito</strong></span> <span class='ocrx_word' id='word_1_360' title='bbox 3314 2402 3526 2472; x_wconf 80' lang='lat' dir='ltr'><strong>perfec—</strong></span> 
     </span>
    </p>
   </div>
   <div class='ocr_carea' id='block_1_53' title="bbox 1959 2495 3530 2573">
    <p class='ocr_par' dir='ltr' id='par_1_53' title="bbox 1959 2495 3530 2573">
     <span class='ocr_line' id='line_1_53' title="bbox 1959 2495 3530 2573; baseline -0.006 -15"><span class='ocrx_word' id='word_1_361' title='bbox 1959 2505 2157 2559; x_wconf 88' lang='lat' dir='ltr'><strong>tionem</strong></span> <span class='ocrx_word' id='word_1_362' title='bbox 2187 2504 2444 2559; x_wconf 88' lang='lat' dir='ltr'><strong>distincte</strong></span> <span class='ocrx_word' id='word_1_363' title='bbox 2476 2503 2778 2573; x_wconf 81' lang='lat' dir='ltr'><strong>assignavit</strong></span> <span class='ocrx_word' id='word_1_364' title='bbox 2810 2498 3214 2556; x_wconf 86' lang='lat' dir='ltr'><strong>conversationi</strong></span> <span class='ocrx_word' id='word_1_365' title='bbox 3249 2495 3530 2566; x_wconf 78' lang='lat' dir='ltr'><strong>perfectis-</strong></span> 
     </span>
    </p>
   </div>
   <div class='ocr_carea' id='block_1_54' title="bbox 1958 2592 3530 2663">
    <p class='ocr_par' dir='ltr' id='par_1_54' title="bbox 1958 2592 3530 2663">
     <span class='ocr_line' id='line_1_54' title="bbox 1958 2592 3530 2663; baseline -0.007 -11"><span class='ocrx_word' id='word_1_366' title='bbox 1958 2598 2081 2653; x_wconf 85' lang='lat' dir='ltr'><strong>simi</strong></span> <span class='ocrx_word' id='word_1_367' title='bbox 2117 2597 2206 2652; x_wconf 89' lang='lat' dir='ltr'><strong>Dei</strong></span> <span class='ocrx_word' id='word_1_368' title='bbox 2238 2613 2360 2653; x_wconf 88' lang='lat' dir='ltr'><strong>cum</strong></span> <span class='ocrx_word' id='word_1_369' title='bbox 2410 2596 2727 2652; x_wconf 86' lang='lat' dir='ltr'><strong>hominibus</strong></span> <span class='ocrx_word' id='word_1_370' title='bbox 2757 2613 2768 2649; x_wconf 93' lang='lat'>:</span> <span class='ocrx_word' id='word_1_371' title='bbox 2803 2610 2912 2650; x_wconf 87' lang='lat' dir='ltr'><strong>non</strong></span> <span class='ocrx_word' id='word_1_372' title='bbox 2941 2593 3084 2663; x_wconf 85' lang='lat' dir='ltr'><strong>quod</strong></span> <span class='ocrx_word' id='word_1_373' title='bbox 3121 2592 3346 2646; x_wconf 89' lang='lat' dir='ltr'><strong>omnino</strong></span> <span class='ocrx_word' id='word_1_374' title='bbox 3379 2598 3530 2642; x_wconf 89' lang='lat' dir='ltr'><strong>tanto</strong></span> 
     </span>
    </p>
   </div>
   <div class='ocr_carea' id='block_1_55' title="bbox 1957 2681 3528 2755">
    <p class='ocr_par' dir='ltr' id='par_1_55' title="bbox 1957 2681 3528 2755">
     <span class='ocr_line' id='line_1_55' title="bbox 1957 2681 3528 2755; baseline -0.007 -12"><span class='ocrx_word' id='word_1_375' title='bbox 1957 2699 2102 2743; x_wconf 83' lang='lat' dir='ltr'><strong>esset</strong></span> <span class='ocrx_word' id='word_1_376' title='bbox 2130 2704 2396 2744; x_wconf 86' lang='lat' dir='ltr'><strong>annorum</strong></span> <span class='ocrx_word' id='word_1_377' title='bbox 2432 2702 2682 2749; x_wconf 79' lang='lat' dir='ltr'><strong>numero,</strong></span> <span class='ocrx_word' id='word_1_378' title='bbox 2715 2689 2807 2743; x_wconf 84' lang='lat' dir='ltr'><strong>sed</strong></span> <span class='ocrx_word' id='word_1_379' title='bbox 2856 2688 2958 2740; x_wconf 88' lang='lat' dir='ltr'><strong>hoc</strong></span> <span class='ocrx_word' id='word_1_380' title='bbox 2989 2683 3320 2755; x_wconf 81' lang='lat' dir='ltr'><strong>perfectione</strong></span> <span class='ocrx_word' id='word_1_381' title='bbox 3354 2681 3528 2734; x_wconf 57' lang='lat' dir='ltr'><strong>manir</strong></span> 
     </span>
    </p>
   </div>
   <div class='ocr_carea' id='block_1_56' title="bbox 1959 2772 3533 2851">
    <p class='ocr_par' dir='ltr' id='par_1_56' title="bbox 1959 2772 3533 2851">
     <span class='ocr_line' id='line_1_56' title="bbox 1959 2772 3533 2851; baseline -0.008 -17"><span class='ocrx_word' id='word_1_382' title='bbox 1959 2779 2140 2844; x_wconf 84' lang='lat' dir='ltr'><strong>festat.</strong></span> <span class='ocrx_word' id='word_1_383' title='bbox 2179 2791 2236 2834; x_wconf 90' lang='lat' dir='ltr'><strong>ut</strong></span> <span class='ocrx_word' id='word_1_384' title='bbox 2283 2791 2770 2851; x_wconf 84' lang='lat' dir='ltr'><strong>quantumcunque</strong></span> <span class='ocrx_word' id='word_1_385' title='bbox 2801 2787 2948 2832; x_wconf 90' lang='lat' dir='ltr'><strong>esset</strong></span> <span class='ocrx_word' id='word_1_386' title='bbox 2973 2775 3234 2844; x_wconf 88' lang='lat' dir='ltr'><strong>temporis</strong></span> <span class='ocrx_word' id='word_1_387' title='bbox 3276 2772 3533 2826; x_wconf 77' lang='lat' dir='ltr'><strong>interval-</strong></span> 
     </span>
    </p>
   </div>
   <div class='ocr_carea' id='block_1_57' title="bbox 1961 2863 3532 2928">
    <p class='ocr_par' dir='ltr' id='par_1_57' title="bbox 1961 2863 3532 2928">
     <span class='ocr_line' id='line_1_57' title="bbox 1961 2863 3532 2928; baseline -0.008 0"><span class='ocrx_word' id='word_1_388' title='bbox 1961 2874 2072 2928; x_wconf 90' lang='lat' dir='ltr'><strong>lum</strong></span> <span class='ocrx_word' id='word_1_389' title='bbox 2121 2873 2554 2928; x_wconf 86' lang='lat' dir='ltr'><strong>conversationis</strong></span> <span class='ocrx_word' id='word_1_390' title='bbox 2592 2871 2795 2927; x_wconf 85' lang='lat' dir='ltr'><strong>Christi</strong></span> <span class='ocrx_word' id='word_1_391' title='bbox 2843 2885 2968 2924; x_wconf 88' lang='lat' dir='ltr'><strong>cum</strong></span> <span class='ocrx_word' id='word_1_392' title='bbox 3023 2865 3374 2928; x_wconf 87' lang='lat' dir='ltr'><strong>hominibus,</strong></span> <span class='ocrx_word' id='word_1_393' title='bbox 3427 2863 3532 2916; x_wconf 90' lang='lat' dir='ltr'><strong>hoe</strong></span> 
     </span>
    </p>
   </div>
   <div class='ocr_carea' id='block_1_58' title="bbox 1963 2961 3172 3036">
    <p class='ocr_par' dir='ltr' id='par_1_58' title="bbox 1963 2961 3172 3036">
     <span class='ocr_line' id='line_1_58' title="bbox 1963 2961 3172 3036; baseline -0.004 -18"><span class='ocrx_word' id='word_1_394' title='bbox 1963 2980 2304 3035; x_wconf 82' lang='lat' dir='ltr'><strong>nequaquam</strong></span> <span class='ocrx_word' id='word_1_395' title='bbox 2341 2963 2740 3036; x_wconf 73' lang='lat' dir='ltr'><strong>iuzperl‘ectioni</strong></span> <span class='ocrx_word' id='word_1_396' title='bbox 2766 2961 3172 3017; x_wconf 89' lang='lat' dir='ltr'><strong>attribueretur.</strong></span> 
     </span>
    </p>
   </div>
   <div class='ocr_carea' id='block_1_59' title="bbox 2523 3073 2964 3131">
    <p class='ocr_par' dir='ltr' id='par_1_59' title="bbox 2523 3073 2964 3131">
     <span class='ocr_line' id='line_1_59' title="bbox 2523 3073 2964 3131; baseline -0.007 0"><span class='ocrx_word' id='word_1_397' title='bbox 2523 3073 2750 3131; x_wconf 80' lang='lat' dir='ltr'><strong>CAPUT</strong></span> <span class='ocrx_word' id='word_1_398' title='bbox 2786 3073 2964 3128; x_wconf 76' lang='lat' dir='ltr'><strong>LXIII.</strong></span> 
     </span>
    </p>
   </div>
   <div class='ocr_carea' id='block_1_60' title="bbox 2487 3189 3011 3259">
    <p class='ocr_par' dir='ltr' id='par_1_60' title="bbox 2487 3189 3011 3259">
     <span class='ocr_line' id='line_1_60' title="bbox 2487 3189 3011 3259; baseline 0.004 -17"><span class='ocrx_word' id='word_1_399' title='bbox 2487 3190 2556 3243; x_wconf 81' lang='lat' dir='ltr'><strong>De</strong></span> <span class='ocrx_word' id='word_1_400' title='bbox 2583 3189 2694 3259; x_wconf 82' lang='lat' dir='ltr'><strong>Cog</strong></span> <span class='ocrx_word' id='word_1_401' title='bbox 2722 3200 2769 3243; x_wconf 89' lang='lat' dir='ltr'><strong>et</strong></span> <span class='ocrx_word' id='word_1_402' title='bbox 2800 3189 3011 3258; x_wconf 81' lang='lat' dir='ltr'><strong>Magog.</strong></span> 
     </span>
    </p>
   </div>
   <div class='ocr_carea' id='block_1_61' title="bbox 356 3287 1857 3379">
    <p class='ocr_par' dir='ltr' id='par_1_61' title="bbox 356 3300 1857 3379">
     <span class='ocr_line' id='line_1_61' title="bbox 356 3300 1857 3379; baseline 0.008 -24"><span class='ocrx_word' id='word_1_403' title='bbox 356 3300 464 3355; x_wconf 80' lang='lat' dir='ltr'><strong>Kal</strong></span> <span class='ocrx_word' id='word_1_404' title='bbox 487 3301 630 3372; x_wconf 80' lang='grc' dir='ltr'><strong>μετὰ</strong></span> <span class='ocrx_word' id='word_1_405' title='bbox 659 3307 730 3358; x_wconf 80' lang='grc' dir='ltr'><strong>τὰ</strong></span> <span class='ocrx_word' id='word_1_406' title='bbox 757 3305 921 3374; x_wconf 66' lang='grc' dir='ltr'><strong>χίλια</strong></span> <span class='ocrx_word' id='word_1_407' title='bbox 945 3306 1048 3374; x_wconf 81' lang='grc' dir='ltr'><strong>ἔτη</strong></span> <span class='ocrx_word' id='word_1_408' title='bbox 1073 3307 1404 3376; x_wconf 73' lang='grc' dir='ltr'><strong>λυθήσεται</strong></span> <span class='ocrx_word' id='word_1_409' title='bbox 1432 3313 1466 3364; x_wconf 88' lang='grc' dir='ltr'><em>ό</em></span> <span class='ocrx_word' id='word_1_410' title='bbox 1489 3310 1764 3379; x_wconf 81' lang='grc' dir='ltr'><strong>Σατανᾶς</strong></span> <span class='ocrx_word' id='word_1_411' title='bbox 1791 3311 1857 3366; x_wconf 84' lang='grc' dir='ltr'><strong>ἐκ</strong></span> 
     </span>
    </p>
   </div>
   <div class='ocr_carea' id='block_1_62' title="bbox 1959 3287 3532 3379">
    <p class='ocr_par' dir='ltr' id='par_1_62' title="bbox 2036 3297 3532 3370">
     <span class='ocr_line' id='line_1_62' title="bbox 2036 3297 3532 3370; baseline -0.005 -11"><span class='ocrx_word' id='word_1_412' title='bbox 2036 3303 2156 3370; x_wconf 78' lang='lat' dir='ltr'><strong>XX,</strong></span> <span class='ocrx_word' id='word_1_413' title='bbox 2207 3302 2354 3358; x_wconf 90' lang='lat' dir='ltr'><strong>7-I0.</strong></span> <span class='ocrx_word' id='word_1_414' title='bbox 2391 3302 2457 3356; x_wconf 89' lang='lat' dir='ltr'><strong>Et</strong></span> <span class='ocrx_word' id='word_1_415' title='bbox 2499 3311 2615 3370; x_wconf 87' lang='lat' dir='ltr'><strong>post</strong></span> <span class='ocrx_word' id='word_1_416' title='bbox 2647 3301 2790 3355; x_wconf 87' lang='lat' dir='ltr'><strong>mille</strong></span> <span class='ocrx_word' id='word_1_417' title='bbox 2828 3317 2994 3355; x_wconf 87' lang='lat' dir='ltr'><strong>annos</strong></span> <span class='ocrx_word' id='word_1_418' title='bbox 3048 3299 3276 3353; x_wconf 75' lang='lat' dir='ltr'><strong>solvetur</strong></span> <span class='ocrx_word' id='word_1_419' title='bbox 3303 3297 3532 3353; x_wconf 76' lang='lat' dir='ltr'><strong>Salanus</strong></span> 
     </span>
    </p>
   </div>
   <div class='ocr_carea' id='block_1_63' title="bbox 278 3393 1858 3472">
    <p class='ocr_par' dir='ltr' id='par_1_63' title="bbox 278 3393 1858 3472">
     <span class='ocr_line' id='line_1_63' title="bbox 278 3393 1858 3472; baseline 0.007 -25"><span class='ocrx_word' id='word_1_420' title='bbox 278 3393 396 3462; x_wconf 76' lang='grc' dir='ltr'><strong>τῆς</strong></span> <span class='ocrx_word' id='word_1_421' title='bbox 434 3394 713 3463; x_wconf 70' lang='grc' dir='ltr'><strong>φυλακῆς</strong></span> <span class='ocrx_word' id='word_1_422' title='bbox 743 3396 949 3462; x_wconf 85' lang='grc' dir='ltr'><strong>αὐτοῦ,</strong></span> <span class='ocrx_word' id='word_1_423' title='bbox 986 3399 1084 3451; x_wconf 81' lang='grc' dir='ltr'><strong>καὶ</strong></span> <span class='ocrx_word' id='word_1_424' title='bbox 1112 3398 1498 3462; x_wconf 72' lang='grc' dir='ltr'><strong>ἐξελεύσεται</strong></span> <span class='ocrx_word' id='word_1_425' title='bbox 1544 3403 1858 3472; x_wconf 77' lang='grc' dir='ltr'><strong>πλανῆσαι</strong></span> 
     </span>
    </p>
   </div>
   <div class='ocr_carea' id='block_1_64' title="bbox 279 3483 1855 3565">
    <p class='ocr_par' dir='ltr' id='par_1_64' title="bbox 279 3483 1855 3565">
     <span class='ocr_line' id='line_1_64' title="bbox 279 3483 1855 3565; baseline 0.008 -29"><span class='ocrx_word' id='word_1_426' title='bbox 279 3486 354 3537; x_wconf 74' lang='grc' dir='ltr'><strong>τὰ</strong></span> <span class='ocrx_word' id='word_1_427' title='bbox 401 3483 545 3551; x_wconf 75' lang='grc' dir='ltr'><strong>ἔθνη</strong></span> <span class='ocrx_word' id='word_1_428' title='bbox 578 3484 648 3538; x_wconf 83' lang='grc' dir='ltr'><strong>τὰ</strong></span> <span class='ocrx_word' id='word_1_429' title='bbox 675 3485 743 3539; x_wconf 77' lang='grc' dir='ltr'><strong>ἐν</strong></span> <span class='ocrx_word' id='word_1_430' title='bbox 780 3486 907 3553; x_wconf 80' lang='grc' dir='ltr'><strong>ταῖς</strong></span> <span class='ocrx_word' id='word_1_431' title='bbox 938 3486 1236 3557; x_wconf 85' lang='grc' dir='ltr'><strong>τέσσαρσι</strong></span> <span class='ocrx_word' id='word_1_432' title='bbox 1281 3492 1522 3561; x_wconf 85' lang='grc' dir='ltr'><strong>γωνίαις</strong></span> <span class='ocrx_word' id='word_1_433' title='bbox 1569 3492 1681 3561; x_wconf 82' lang='grc' dir='ltr'><strong>τῆς</strong></span> <span class='ocrx_word' id='word_1_434' title='bbox 1723 3494 1855 3565; x_wconf 84' lang='grc' dir='ltr'><strong>γῆς,</strong></span> 
     </span>
    </p>
   </div>
   <div class='ocr_carea' id='block_1_65' title="bbox 281 3573 1862 3651">
    <p class='ocr_par' dir='ltr' id='par_1_65' title="bbox 281 3573 1862 3651">
     <span class='ocr_line' id='line_1_65' title="bbox 281 3573 1862 3651; baseline 0.005 -25"><span class='ocrx_word' id='word_1_435' title='bbox 281 3574 394 3626; x_wconf 72' lang='grc' dir='ltr'><strong>τὸν</strong></span> <span class='ocrx_word' id='word_1_436' title='bbox 421 3573 555 3646; x_wconf 83' lang='grc' dir='ltr'><strong>Γὼγ</strong></span> <span class='ocrx_word' id='word_1_437' title='bbox 583 3574 681 3629; x_wconf 75' lang='grc' dir='ltr'><strong>καί</strong></span> <span class='ocrx_word' id='word_1_438' title='bbox 710 3575 818 3629; x_wconf 78' lang='grc' dir='ltr'><strong>τὸν</strong></span> <span class='ocrx_word' id='word_1_439' title='bbox 841 3576 1077 3646; x_wconf 82' lang='grc' dir='ltr'><strong>Μαγὼγ,</strong></span> <span class='ocrx_word' id='word_1_440' title='bbox 1109 3580 1478 3650; x_wconf 77' lang='grc' dir='ltr'><strong>συναγαγεῖν</strong></span> <span class='ocrx_word' id='word_1_441' title='bbox 1507 3583 1728 3650; x_wconf 83' lang='grc' dir='ltr'><strong>αὐτοὺς</strong></span> <span class='ocrx_word' id='word_1_442' title='bbox 1772 3587 1862 3651; x_wconf 67' lang='grc' dir='ltr'><strong>εἰς</strong></span> 
     </span>
    </p>
   </div>
   <div class='ocr_carea' id='block_1_66' title="bbox 279 3662 1856 3744">
    <p class='ocr_par' dir='ltr' id='par_1_66' title="bbox 279 3662 1856 3744">
     <span class='ocr_line' id='line_1_66' title="bbox 279 3662 1856 3744; baseline 0.006 -26"><span class='ocrx_word' id='word_1_443' title='bbox 279 3668 395 3719; x_wconf 65' lang='grc' dir='ltr'><strong>τὲν</strong></span> <span class='ocrx_word' id='word_1_444' title='bbox 419 3666 706 3736; x_wconf 73' lang='grc' dir='ltr'><strong>πόλεμον,</strong></span> <span class='ocrx_word' id='word_1_445' title='bbox 736 3662 823 3722; x_wconf 81' lang='grc' dir='ltr'><strong>ὧν</strong></span> <span class='ocrx_word' id='word_1_446' title='bbox 858 3670 891 3722; x_wconf 82' lang='grc' dir='ltr'><strong><em>ό</em></strong></span> <span class='ocrx_word' id='word_1_447' title='bbox 923 3669 1167 3738; x_wconf 81' lang='grc' dir='ltr'><strong>ἀριθμὸς</strong></span> <span class='ocrx_word' id='word_1_448' title='bbox 1206 3671 1348 3726; x_wconf 76' lang='grc' dir='ltr'><strong>ὡσεί</strong></span> <span class='ocrx_word' id='word_1_449' title='bbox 1393 3673 1584 3744; x_wconf 77' lang='grc' dir='ltr'><strong>ἅμμος</strong></span> <span class='ocrx_word' id='word_1_450' title='bbox 1618 3675 1728 3743; x_wconf 82' lang='grc' dir='ltr'><strong>τῆς</strong></span> <span class='ocrx_word' id='word_1_451' title='bbox 1754 3680 1856 3731; x_wconf 86' lang='grc' dir='ltr'><strong>θα-</strong></span> 
     </span>
    </p>
   </div>
   <div class='ocr_carea' id='block_1_67' title="bbox 281 3758 1856 3839">
    <p class='ocr_par' dir='ltr' id='par_1_67' title="bbox 281 3758 1856 3839">
     <span class='ocr_line' id='line_1_67' title="bbox 281 3758 1856 3839; baseline 0.008 -26"><span class='ocrx_word' id='word_1_452' title='bbox 281 3758 550 3827; x_wconf 70' lang='grc' dir='ltr'><strong>λάσσης.</strong></span> <span class='ocrx_word' id='word_1_453' title='bbox 585 3761 693 3816; x_wconf 73' lang='grc' dir='ltr'><strong>Καὶ</strong></span> <span class='ocrx_word' id='word_1_454' title='bbox 723 3762 1031 3830; x_wconf 78' lang='grc' dir='ltr'><strong>ἀνέϐησαν</strong></span> <span class='ocrx_word' id='word_1_455' title='bbox 1070 3763 1168 3817; x_wconf 71' lang='grc' dir='ltr'><strong>ἐπὶ</strong></span> <span class='ocrx_word' id='word_1_456' title='bbox 1199 3765 1265 3818; x_wconf 84' lang='grc' dir='ltr'><strong>τὸ</strong></span> <span class='ocrx_word' id='word_1_457' title='bbox 1306 3765 1536 3834; x_wconf 72' lang='grc' dir='ltr'><strong>πλάτος</strong></span> <span class='ocrx_word' id='word_1_458' title='bbox 1585 3767 1694 3835; x_wconf 80' lang='grc' dir='ltr'><strong>τῆς</strong></span> <span class='ocrx_word' id='word_1_459' title='bbox 1719 3769 1856 3839; x_wconf 83' lang='grc' dir='ltr'><strong>γῆς,</strong></span> 
     </span>
    </p>
   </div>
   <div class='ocr_carea' id='block_1_68' title="bbox 283 3853 1861 3932">
    <p class='ocr_par' dir='ltr' id='par_1_68' title="bbox 283 3853 1861 3932">
     <span class='ocr_line' id='line_1_68' title="bbox 283 3853 1861 3932; baseline 0.008 -28"><span class='ocrx_word' id='word_1_460' title='bbox 283 3853 382 3908; x_wconf 77' lang='grc' dir='ltr'><strong>καί</strong></span> <span class='ocrx_word' id='word_1_461' title='bbox 439 3853 796 3909; x_wconf 67' lang='grc' dir='ltr'><strong>ἐκύκλωσαν</strong></span> <span class='ocrx_word' id='word_1_462' title='bbox 871 3856 985 3925; x_wconf 81' lang='grc' dir='ltr'><strong>τὴν</strong></span> <span class='ocrx_word' id='word_1_463' title='bbox 1037 3859 1422 3929; x_wconf 71' lang='grc' dir='ltr'><strong>παρεμϐολὴν</strong></span> <span class='ocrx_word' id='word_1_464' title='bbox 1479 3860 1599 3914; x_wconf 82' lang='grc' dir='ltr'><strong>τῶν</strong></span> <span class='ocrx_word' id='word_1_465' title='bbox 1659 3863 1861 3932; x_wconf 80' lang='grc' dir='ltr'><strong>ἁγίων,</strong></span> 
     </span>
    </p>
   </div>
   <div class='ocr_carea' id='block_1_69' title="bbox 284 3945 1862 4022">
    <p class='ocr_par' dir='ltr' id='par_1_69' title="bbox 284 3945 1862 4022">
     <span class='ocr_line' id='line_1_69' title="bbox 284 3945 1862 4022; baseline 0.007 -25"><span class='ocrx_word' id='word_1_466' title='bbox 284 3945 387 3998; x_wconf 63' lang='grc' dir='ltr'><strong>καὶ</strong></span> <span class='ocrx_word' id='word_1_467' title='bbox 413 3945 526 4013; x_wconf 75' lang='grc' dir='ltr'><strong>τὴν</strong></span> <span class='ocrx_word' id='word_1_468' title='bbox 551 3947 733 4000; x_wconf 78' lang='grc' dir='ltr'><strong>πόλιν</strong></span> <span class='ocrx_word' id='word_1_469' title='bbox 764 3946 880 4014; x_wconf 76' lang='grc' dir='ltr'><strong>τὴν</strong></span> <span class='ocrx_word' id='word_1_470' title='bbox 908 3949 1319 4020; x_wconf 79' lang='grc' dir='ltr'><strong>ἠγαπημένην.</strong></span> <span class='ocrx_word' id='word_1_471' title='bbox 1352 3952 1462 4006; x_wconf 76' lang='grc' dir='ltr'><strong>Καὶ</strong></span> <span class='ocrx_word' id='word_1_472' title='bbox 1493 3953 1708 4020; x_wconf 77' lang='grc' dir='ltr'><strong>κατέϐη</strong></span> <span class='ocrx_word' id='word_1_473' title='bbox 1740 3953 1862 4022; x_wconf 79' lang='grc' dir='ltr'><strong>πῦρ</strong></span> 
     </span>
    </p>
   </div>
   <div class='ocr_carea' id='block_1_70' title="bbox 283 4032 1865 4112">
    <p class='ocr_par' dir='ltr' id='par_1_70' title="bbox 283 4032 1865 4112">
     <span class='ocr_line' id='line_1_70' title="bbox 283 4032 1865 4112; baseline 0.006 -25"><span class='ocrx_word' id='word_1_474' title='bbox 283 4032 355 4088; x_wconf 74' lang='grc' dir='ltr'><strong>ἐκ</strong></span> <span class='ocrx_word' id='word_1_475' title='bbox 390 4034 494 4088; x_wconf 81' lang='grc' dir='ltr'><strong>τοῦ</strong></span> <span class='ocrx_word' id='word_1_476' title='bbox 539 4037 798 4105; x_wconf 72' lang='grc' dir='ltr'><strong>οἰφανοῦ</strong></span> <span class='ocrx_word' id='word_1_477' title='bbox 846 4038 965 4092; x_wconf 82' lang='grc' dir='ltr'><strong>ἀπὸ</strong></span> <span class='ocrx_word' id='word_1_478' title='bbox 1008 4039 1114 4094; x_wconf 81' lang='grc' dir='ltr'><strong>τοῦ</strong></span> <span class='ocrx_word' id='word_1_479' title='bbox 1171 4039 1340 4105; x_wconf 82' lang='grc' dir='ltr'><strong>Θεοῦ,</strong></span> <span class='ocrx_word' id='word_1_480' title='bbox 1397 4041 1497 4096; x_wconf 82' lang='grc' dir='ltr'><strong>καί</strong></span> <span class='ocrx_word' id='word_1_481' title='bbox 1530 4042 1865 4112; x_wconf 66' lang='grc' dir='ltr'><strong>κατέφαγεν</strong></span> 
     </span>
    </p>
   </div>
   <div class='ocr_carea' id='block_1_71' title="bbox 285 4128 1862 4203">
    <p class='ocr_par' dir='ltr' id='par_1_71' title="bbox 285 4128 1862 4203">
     <span class='ocr_line' id='line_1_71' title="bbox 285 4128 1862 4203; baseline 0.006 -24"><span class='ocrx_word' id='word_1_482' title='bbox 285 4129 532 4192; x_wconf 76' lang='grc' dir='ltr'><strong>αὐτούς.</strong></span> <span class='ocrx_word' id='word_1_483' title='bbox 558 4130 666 4183; x_wconf 77' lang='grc' dir='ltr'><strong>Καὶ</strong></span> <span class='ocrx_word' id='word_1_484' title='bbox 695 4133 728 4184; x_wconf 84' lang='grc' dir='ltr'><em>ὁ</em></span> <span class='ocrx_word' id='word_1_485' title='bbox 757 4128 1033 4197; x_wconf 76' lang='grc' dir='ltr'><strong>διάϐολος</strong></span> <span class='ocrx_word' id='word_1_486' title='bbox 1062 4134 1095 4185; x_wconf 85' lang='grc' dir='ltr'><em>ό</em></span> <span class='ocrx_word' id='word_1_487' title='bbox 1125 4131 1375 4185; x_wconf 72' lang='grc' dir='ltr'><strong>πλανῶν</strong></span> <span class='ocrx_word' id='word_1_488' title='bbox 1395 4132 1618 4199; x_wconf 81' lang='grc' dir='ltr'><strong>αὐτοὺς</strong></span> <span class='ocrx_word' id='word_1_489' title='bbox 1637 4135 1862 4203; x_wconf 66' lang='grc' dir='ltr'><strong>ἐϐλήθη</strong></span> 
     </span>
    </p>
   </div>
   <div class='ocr_carea' id='block_1_72' title="bbox 286 4218 1862 4290">
    <p class='ocr_par' dir='ltr' id='par_1_72' title="bbox 286 4218 1862 4290">
     <span class='ocr_line' id='line_1_72' title="bbox 286 4218 1862 4290; baseline 0.002 -15"><span class='ocrx_word' id='word_1_490' title='bbox 286 4223 377 4285; x_wconf 85' lang='grc' dir='ltr'><strong>είς</strong></span> <span class='ocrx_word' id='word_1_491' title='bbox 413 4218 527 4288; x_wconf 81' lang='grc' dir='ltr'><strong>τὴν</strong></span> <span class='ocrx_word' id='word_1_492' title='bbox 555 4220 780 4290; x_wconf 73' lang='grc' dir='ltr'><strong>λίμνην</strong></span> <span class='ocrx_word' id='word_1_493' title='bbox 813 4222 920 4276; x_wconf 87' lang='grc' dir='ltr'><strong>τοῦ</strong></span> <span class='ocrx_word' id='word_1_494' title='bbox 953 4220 1144 4290; x_wconf 78' lang='grc' dir='ltr'><strong>πυρὸς</strong></span> <span class='ocrx_word' id='word_1_495' title='bbox 1198 4221 1298 4276; x_wconf 78' lang='grc' dir='ltr'><strong>καὶ</strong></span> <span class='ocrx_word' id='word_1_496' title='bbox 1344 4221 1527 4287; x_wconf 81' lang='grc' dir='ltr'><strong>σείου,</strong></span> <span class='ocrx_word' id='word_1_497' title='bbox 1575 4223 1728 4277; x_wconf 79' lang='grc' dir='ltr'><strong>ὅπου</strong></span> <span class='ocrx_word' id='word_1_498' title='bbox 1763 4224 1862 4278; x_wconf 73' lang='grc' dir='ltr'><strong>καί</strong></span> 
     </span>
    </p>
   </div>
   <div class='ocr_carea' id='block_1_73' title="bbox 1957 3393 3534 3463">
    <p class='ocr_par' dir='ltr' id='par_1_73' title="bbox 1957 3393 3534 3463">
     <span class='ocr_line' id='line_1_73' title="bbox 1957 3393 3534 3463; baseline -0.006 -12"><span class='ocrx_word' id='word_1_499' title='bbox 1957 3398 2021 3451; x_wconf 85' lang='lat' dir='ltr'><strong>de</strong></span> <span class='ocrx_word' id='word_1_500' title='bbox 2050 3409 2258 3451; x_wconf 84' lang='lat' dir='ltr'><strong>carcere</strong></span> <span class='ocrx_word' id='word_1_501' title='bbox 2285 3413 2380 3449; x_wconf 85' lang='lat' dir='ltr'><strong>suo</strong></span> <span class='ocrx_word' id='word_1_502' title='bbox 2415 3411 2430 3447; x_wconf 90' lang='lat'><strong><em>:</em></strong></span> <span class='ocrx_word' id='word_1_503' title='bbox 2465 3406 2511 3449; x_wconf 82' lang='lat' dir='ltr'><strong>et</strong></span> <span class='ocrx_word' id='word_1_504' title='bbox 2551 3393 2712 3448; x_wconf 75' lang='lat' dir='ltr'><strong>exibit</strong></span> <span class='ocrx_word' id='word_1_505' title='bbox 2736 3402 2792 3448; x_wconf 86' lang='lat' dir='ltr'><strong>ut</strong></span> <span class='ocrx_word' id='word_1_506' title='bbox 2823 3394 3038 3447; x_wconf 67' lang='lat' dir='ltr'><strong>saducat</strong></span> <span class='ocrx_word' id='word_1_507' title='bbox 3072 3402 3243 3462; x_wconf 81' lang='lat' dir='ltr'><strong>gentes</strong></span> <span class='ocrx_word' id='word_1_508' title='bbox 3274 3408 3389 3463; x_wconf 71' lang='grc' dir='ltr'><strong>(μίαν</strong></span> <span class='ocrx_word' id='word_1_509' title='bbox 3411 3402 3534 3443; x_wconf 87' lang='lat' dir='ltr'><strong>sunt</strong></span> 
     </span>
    </p>
   </div>
   <div class='ocr_carea' id='block_1_74' title="bbox 1956 3485 3534 3560">
    <p class='ocr_par' dir='ltr' id='par_1_74' title="bbox 1956 3485 3534 3560">
     <span class='ocr_line' id='line_1_74' title="bbox 1956 3485 3534 3560; baseline -0.004 -17"><span class='ocrx_word' id='word_1_510' title='bbox 1956 3490 2009 3543; x_wconf 85' lang='lat' dir='ltr'><strong>in</strong></span> <span class='ocrx_word' id='word_1_511' title='bbox 2036 3499 2266 3560; x_wconf 84' lang='lat' dir='ltr'><strong>quatuor</strong></span> <span class='ocrx_word' id='word_1_512' title='bbox 2299 3488 2508 3558; x_wconf 79' lang='lat' dir='ltr'><strong>angulis</strong></span> <span class='ocrx_word' id='word_1_513' title='bbox 2531 3499 2686 3542; x_wconf 64' lang='lat' dir='ltr'><strong>terra</strong></span> <span class='ocrx_word' id='word_1_514' title='bbox 2716 3485 2826 3557; x_wconf 85' lang='lat' dir='ltr'><strong>Gog</strong></span> <span class='ocrx_word' id='word_1_515' title='bbox 2855 3495 2902 3541; x_wconf 87' lang='lat' dir='ltr'><strong>et</strong></span> <span class='ocrx_word' id='word_1_516' title='bbox 2934 3485 3147 3556; x_wconf 79' lang='lat' dir='ltr'><strong>Magog,</strong></span> <span class='ocrx_word' id='word_1_517' title='bbox 3180 3495 3238 3537; x_wconf 90' lang='lat' dir='ltr'><strong>ut</strong></span> <span class='ocrx_word' id='word_1_518' title='bbox 3263 3494 3534 3554; x_wconf 76' lang='lat' dir='ltr'><strong>congregat</strong></span> 
     </span>
    </p>
   </div>
   <div class='ocr_carea' id='block_1_75' title="bbox 1956 3572 3536 3651">
    <p class='ocr_par' dir='ltr' id='par_1_75' title="bbox 1956 3572 3536 3651">
     <span class='ocr_line' id='line_1_75' title="bbox 1956 3572 3536 3651; baseline -0.004 -15"><span class='ocrx_word' id='word_1_519' title='bbox 1956 3598 2043 3636; x_wconf 89' lang='lat' dir='ltr'><strong>eos</strong></span> <span class='ocrx_word' id='word_1_520' title='bbox 2093 3583 2147 3636; x_wconf 89' lang='lat' dir='ltr'><strong>in</strong></span> <span class='ocrx_word' id='word_1_521' title='bbox 2203 3581 2474 3649; x_wconf 71' lang='lat' dir='ltr'><strong>prwlium,</strong></span> <span class='ocrx_word' id='word_1_522' title='bbox 2521 3572 3038 3651; x_wconf 42' lang='lat' dir='ltr'><strong>quorum&#39;numerus</strong></span> <span class='ocrx_word' id='word_1_523' title='bbox 3074 3588 3150 3634; x_wconf 87' lang='lat' dir='ltr'><strong>est</strong></span> <span class='ocrx_word' id='word_1_524' title='bbox 3201 3580 3338 3632; x_wconf 89' lang='lat' dir='ltr'><strong>sicut</strong></span> <span class='ocrx_word' id='word_1_525' title='bbox 3373 3595 3536 3631; x_wconf 74' lang='lat' dir='ltr'><strong>arena</strong></span> 
     </span>
    </p>
   </div>
   <div class='ocr_carea' id='block_1_76' title="bbox 1957 3671 3536 3740">
    <p class='ocr_par' dir='ltr' id='par_1_76' title="bbox 1957 3671 3536 3740">
     <span class='ocr_line' id='line_1_76' title="bbox 1957 3671 3536 3740; baseline -0.003 -13"><span class='ocrx_word' id='word_1_526' title='bbox 1957 3675 2143 3728; x_wconf 86' lang='lat' dir='ltr'><strong>maris.</strong></span> <span class='ocrx_word' id='word_1_527' title='bbox 2196 3672 2264 3727; x_wconf 85' lang='lat' dir='ltr'><strong>Et</strong></span> <span class='ocrx_word' id='word_1_528' title='bbox 2313 3674 2665 3727; x_wconf 79' lang='lat' dir='ltr'><strong>ascenderunt</strong></span> <span class='ocrx_word' id='word_1_529' title='bbox 2700 3688 2859 3740; x_wconf 84' lang='lat' dir='ltr'><strong>super</strong></span> <span class='ocrx_word' id='word_1_530' title='bbox 2885 3671 3224 3726; x_wconf 77' lang='lat' dir='ltr'><strong>latitudinem</strong></span> <span class='ocrx_word' id='word_1_531' title='bbox 3271 3679 3446 3735; x_wconf 64' lang='lat' dir='ltr'><strong>terra,</strong></span> <span class='ocrx_word' id='word_1_532' title='bbox 3486 3680 3536 3724; x_wconf 85' lang='lat' dir='ltr'><strong>et</strong></span> 
     </span>
    </p>
   </div>
   <div class='ocr_carea' id='block_1_77' title="bbox 1961 3763 3536 3835">
    <p class='ocr_par' dir='ltr' id='par_1_77' title="bbox 1961 3763 3536 3835">
     <span class='ocr_line' id='line_1_77' title="bbox 1961 3763 3536 3835; baseline -0.004 -14"><span class='ocrx_word' id='word_1_533' title='bbox 1961 3767 2274 3821; x_wconf 83' lang='lat' dir='ltr'><strong>obsederunt</strong></span> <span class='ocrx_word' id='word_1_534' title='bbox 2303 3775 2480 3820; x_wconf 86' lang='lat' dir='ltr'><strong>castra</strong></span> <span class='ocrx_word' id='word_1_535' title='bbox 2526 3774 2827 3819; x_wconf 83' lang='lat' dir='ltr'><strong>sanctorum</strong></span> <span class='ocrx_word' id='word_1_536' title='bbox 2863 3763 3027 3835; x_wconf 76' lang='lat'><strong>815</strong></span> <span class='ocrx_word' id='word_1_537' title='bbox 3053 3780 3116 3817; x_wconf 88' lang='lat' dir='ltr'><strong>ac</strong></span> <span class='ocrx_word' id='word_1_538' title='bbox 3143 3765 3408 3818; x_wconf 79' lang='lat' dir='ltr'><strong>civitatem</strong></span> <span class='ocrx_word' id='word_1_539' title='bbox 3451 3763 3536 3814; x_wconf 86' lang='lat' dir='ltr'><strong>di-</strong></span> 
     </span>
    </p>
   </div>
   <div class='ocr_carea' id='block_1_78' title="bbox 1957 3855 3536 3927">
    <p class='ocr_par' dir='ltr' id='par_1_78' title="bbox 1957 3855 3536 3927">
     <span class='ocr_line' id='line_1_78' title="bbox 1957 3855 3536 3927; baseline -0.005 -15"><span class='ocrx_word' id='word_1_540' title='bbox 1957 3860 2169 3914; x_wconf 79' lang='lat' dir='ltr'><strong>lectam.</strong></span> <span class='ocrx_word' id='word_1_541' title='bbox 2205 3856 2275 3912; x_wconf 85' lang='lat' dir='ltr'><strong>Et</strong></span> <span class='ocrx_word' id='word_1_542' title='bbox 2307 3858 2574 3912; x_wconf 78' lang='lat' dir='ltr'><strong>descendit</strong></span> <span class='ocrx_word' id='word_1_543' title='bbox 2605 3858 2741 3927; x_wconf 83' lang='lat' dir='ltr'><strong>ignis</strong></span> <span class='ocrx_word' id='word_1_544' title='bbox 2775 3857 2836 3910; x_wconf 88' lang='lat' dir='ltr'><strong>de</strong></span> <span class='ocrx_word' id='word_1_545' title='bbox 2860 3856 2986 3910; x_wconf 86' lang='lat' dir='ltr'><strong>caelo</strong></span> <span class='ocrx_word' id='word_1_546' title='bbox 3014 3873 3048 3908; x_wconf 84' lang='grc' dir='ltr'><strong>α·</strong></span> <span class='ocrx_word' id='word_1_547' title='bbox 3079 3855 3208 3918; x_wconf 88' lang='lat' dir='ltr'><strong>Deo,</strong></span> <span class='ocrx_word' id='word_1_548' title='bbox 3235 3865 3280 3908; x_wconf 88' lang='lat' dir='ltr'><strong>et</strong></span> <span class='ocrx_word' id='word_1_549' title='bbox 3315 3855 3536 3908; x_wconf 86' lang='lat' dir='ltr'><strong>devora-</strong></span> 
     </span>
    </p>
   </div>
   <div class='ocr_carea' id='block_1_79' title="bbox 1958 3949 3537 4020">
    <p class='ocr_par' dir='ltr' id='par_1_79' title="bbox 1958 3949 3537 4020">
     <span class='ocr_line' id='line_1_79' title="bbox 1958 3949 3537 4020; baseline -0.004 -14"><span class='ocrx_word' id='word_1_550' title='bbox 1958 3953 2028 4006; x_wconf 82' lang='lat' dir='ltr'><strong>vit</strong></span> <span class='ocrx_word' id='word_1_551' title='bbox 2062 3968 2188 4016; x_wconf 81' lang='lat' dir='ltr'><strong>eos;</strong></span> <span class='ocrx_word' id='word_1_552' title='bbox 2226 3963 2275 4006; x_wconf 87' lang='lat' dir='ltr'><strong>et</strong></span> <span class='ocrx_word' id='word_1_553' title='bbox 2315 3951 2562 4005; x_wconf 82' lang='lat' dir='ltr'><strong>diabolus</strong></span> <span class='ocrx_word' id='word_1_554' title='bbox 2589 3952 2679 4020; x_wconf 85' lang='lat' dir='ltr'><strong>qui</strong></span> <span class='ocrx_word' id='word_1_555' title='bbox 2711 3951 2986 4004; x_wconf 80' lang='lat' dir='ltr'><strong>seducebat</strong></span> <span class='ocrx_word' id='word_1_556' title='bbox 3031 3967 3114 4002; x_wconf 83' lang='lat' dir='ltr'><strong>eos</strong></span> <span class='ocrx_word' id='word_1_557' title='bbox 3146 3949 3334 4002; x_wconf 82' lang='lat' dir='ltr'><strong>missus</strong></span> <span class='ocrx_word' id='word_1_558' title='bbox 3369 3957 3444 4002; x_wconf 86' lang='lat' dir='ltr'><strong>est</strong></span> <span class='ocrx_word' id='word_1_559' title='bbox 3485 3949 3537 4000; x_wconf 88' lang='lat' dir='ltr'><strong>in</strong></span> 
     </span>
    </p>
   </div>
   <div class='ocr_carea' id='block_1_80' title="bbox 1957 4041 3538 4114">
    <p class='ocr_par' dir='ltr' id='par_1_80' title="bbox 1957 4041 3538 4114">
     <span class='ocr_line' id='line_1_80' title="bbox 1957 4041 3538 4114; baseline -0.003 -18"><span class='ocrx_word' id='word_1_560' title='bbox 1957 4053 2204 4113; x_wconf 84' lang='lat' dir='ltr'><strong>stagnum</strong></span> <span class='ocrx_word' id='word_1_561' title='bbox 2241 4044 2379 4114; x_wconf 81' lang='lat' dir='ltr'><strong>ignis</strong></span> <span class='ocrx_word' id='word_1_562' title='bbox 2403 4053 2452 4097; x_wconf 86' lang='lat' dir='ltr'><strong>et</strong></span> <span class='ocrx_word' id='word_1_563' title='bbox 2483 4043 2772 4113; x_wconf 81' lang='lat' dir='ltr'><strong>sulphuris,</strong></span> <span class='ocrx_word' id='word_1_564' title='bbox 2808 4042 2898 4096; x_wconf 86' lang='lat' dir='ltr'><strong>ubi</strong></span> <span class='ocrx_word' id='word_1_565' title='bbox 2923 4051 2973 4096; x_wconf 84' lang='lat' dir='ltr'><strong>et</strong></span> <span class='ocrx_word' id='word_1_566' title='bbox 3010 4042 3177 4095; x_wconf 84' lang='lat' dir='ltr'><strong>bestia</strong></span> <span class='ocrx_word' id='word_1_567' title='bbox 3215 4051 3264 4095; x_wconf 80' lang='lat' dir='ltr'><strong>et</strong></span> <span class='ocrx_word' id='word_1_568' title='bbox 3315 4041 3538 4110; x_wconf 83' lang='lat' dir='ltr'><strong>pseudo-</strong></span> 
     </span>
    </p>
   </div>
   <div class='ocr_carea' id='block_1_81' title="bbox 1957 4133 3534 4204">
    <p class='ocr_par' dir='ltr' id='par_1_81' title="bbox 1957 4133 3534 4204">
     <span class='ocr_line' id='line_1_81' title="bbox 1957 4133 3534 4204; baseline -0.003 -17"><span class='ocrx_word' id='word_1_569' title='bbox 1957 4136 2210 4204; x_wconf 80' lang='lat' dir='ltr'><strong>propheta</strong></span> <span class='ocrx_word' id='word_1_570' title='bbox 2259 4145 2423 4199; x_wconf 85' lang='lat' dir='ltr'><strong>sunt;</strong></span> <span class='ocrx_word' id='word_1_571' title='bbox 2454 4145 2502 4190; x_wconf 70' lang='lat' dir='ltr'><strong>et</strong></span> <span class='ocrx_word' id='word_1_572' title='bbox 2537 4135 2917 4189; x_wconf 84' lang='lat' dir='ltr'><strong>cruciabuntur</strong></span> <span class='ocrx_word' id='word_1_573' title='bbox 2951 4135 3036 4187; x_wconf 86' lang='lat' dir='ltr'><strong>die</strong></span> <span class='ocrx_word' id='word_1_574' title='bbox 3082 4149 3143 4186; x_wconf 86' lang='lat' dir='ltr'><strong>ac</strong></span> <span class='ocrx_word' id='word_1_575' title='bbox 3174 4143 3320 4186; x_wconf 85' lang='lat' dir='ltr'><strong>nocte</strong></span> <span class='ocrx_word' id='word_1_576' title='bbox 3348 4133 3404 4186; x_wconf 78' lang='lat' dir='ltr'><strong>in</strong></span> <span class='ocrx_word' id='word_1_577' title='bbox 3435 4149 3534 4185; x_wconf 71' lang='lat' dir='ltr'><strong>srv-</strong></span> 
     </span>
    </p>
   </div>
   <div class='ocr_carea' id='block_1_82' title="bbox 1960 4227 2456 4283">
    <p class='ocr_par' dir='ltr' id='par_1_82' title="bbox 1960 4227 2456 4283">
     <span class='ocr_line' id='line_1_82' title="bbox 1960 4227 2456 4283; baseline 0.006 -3"><span class='ocrx_word' id='word_1_578' title='bbox 1960 4229 2083 4281; x_wconf 88' lang='lat' dir='ltr'><strong>cula</strong></span> <span class='ocrx_word' id='word_1_579' title='bbox 2112 4227 2456 4283; x_wconf 70' lang='lat' dir='ltr'><strong>swculorum.</strong></span> 
     </span>
    </p>
   </div>
   <div class='ocr_carea' id='block_1_83' title="bbox 287 4313 3540 4392">
    <p class='ocr_par' dir='ltr' id='par_1_83' title="bbox 287 4313 3540 4392">
     <span class='ocr_line' id='line_1_83' title="bbox 287 4313 3540 4392; baseline 0.001 -27"><span class='ocrx_word' id='word_1_580' title='bbox 287 4313 356 4366; x_wconf 79' lang='grc' dir='ltr'><strong>τὸ</strong></span> <span class='ocrx_word' id='word_1_581' title='bbox 386 4314 709 4382; x_wconf 69' lang='lat' dir='ltr'><strong>(inplorata!</strong></span> <span class='ocrx_word' id='word_1_582' title='bbox 739 4315 1318 4387; x_wconf 69' lang='grc' dir='ltr'><strong>ὁψευδοπροφήτης,</strong></span> <span class='ocrx_word' id='word_1_583' title='bbox 1362 4317 1458 4372; x_wconf 77' lang='grc' dir='ltr'><strong>καί</strong></span> <span class='ocrx_word' id='word_1_584' title='bbox 1493 4317 2064 4388; x_wconf 74' lang='grc' dir='ltr'><strong>,ϐασανισθήσονται</strong></span> <span class='ocrx_word' id='word_1_585' title='bbox 2135 4322 2362 4392; x_wconf 76' lang='grc' dir='ltr'><strong>ἡμέρας</strong></span> <span class='ocrx_word' id='word_1_586' title='bbox 2408 4321 2510 4376; x_wconf 76' lang='grc' dir='ltr'><strong>καὶ</strong></span> <span class='ocrx_word' id='word_1_587' title='bbox 2551 4319 2772 4387; x_wconf 82' lang='grc' dir='ltr'><strong>νυκτὸς</strong></span> <span class='ocrx_word' id='word_1_588' title='bbox 2799 4321 2886 4386; x_wconf 84' lang='grc' dir='ltr'><strong>είς</strong></span> <span class='ocrx_word' id='word_1_589' title='bbox 2947 4318 3088 4384; x_wconf 82' lang='grc' dir='ltr'><strong>τοὺς</strong></span> <span class='ocrx_word' id='word_1_590' title='bbox 3152 4317 3374 4381; x_wconf 72' lang='grc' dir='ltr'><strong>αἰῶνας</strong></span> <span class='ocrx_word' id='word_1_591' title='bbox 3421 4315 3540 4368; x_wconf 78' lang='grc' dir='ltr'><strong>τῶν</strong></span> 
     </span>
    </p>
   </div>
   <div class='ocr_carea' id='block_1_84' title="bbox 285 4406 539 4463">
    <p class='ocr_par' dir='ltr' id='par_1_84' title="bbox 285 4406 539 4463">
     <span class='ocr_line' id='line_1_84' title="bbox 285 4406 539 4463; baseline 0.008 -2"><span class='ocrx_word' id='word_1_592' title='bbox 285 4406 539 4463; x_wconf 74' lang='grc' dir='ltr'><strong>αἰώνων.</strong></span> 
     </span>
    </p>
   </div>
   <div class='ocr_carea' id='block_1_85' title="bbox 360 4500 1861 4578">
    <p class='ocr_par' dir='ltr' id='par_1_85' title="bbox 360 4500 1861 4578">
     <span class='ocr_line' id='line_1_85' title="bbox 360 4500 1861 4578; baseline 0.007 -26"><span class='ocrx_word' id='word_1_593' title='bbox 360 4500 536 4554; x_wconf 71' lang='grc' dir='ltr'><strong>Χίλεα</strong></span> <span class='ocrx_word' id='word_1_594' title='bbox 564 4502 691 4571; x_wconf 69' lang='grc' dir='ltr'><strong>ἐτη.</strong></span> <span class='ocrx_word' id='word_1_595' title='bbox 733 4501 837 4556; x_wconf 82' lang='grc' dir='ltr'><strong>Τὸν</strong></span> <span class='ocrx_word' id='word_1_596' title='bbox 871 4503 980 4558; x_wconf 79' lang='grc' dir='ltr'><strong>ἀπὸ</strong></span> <span class='ocrx_word' id='word_1_597' title='bbox 1009 4504 1110 4575; x_wconf 81' lang='grc' dir='ltr'><strong>τῆς</strong></span> <span class='ocrx_word' id='word_1_598' title='bbox 1142 4504 1239 4558; x_wconf 79' lang='grc' dir='ltr'><strong>τοῦ</strong></span> <span class='ocrx_word' id='word_1_599' title='bbox 1287 4506 1523 4576; x_wconf 86' lang='grc' dir='ltr'><strong>Χριστοῦ</strong></span> <span class='ocrx_word' id='word_1_600' title='bbox 1557 4508 1861 4578; x_wconf 81' lang='grc' dir='ltr'><strong>παρουσίας</strong></span> 
     </span>
    </p>
   </div>
   <div class='ocr_carea' id='block_1_86' title="bbox 2043 4503 3542 4578">
    <p class='ocr_par' dir='ltr' id='par_1_86' title="bbox 2043 4503 3542 4578">
     <span class='ocr_line' id='line_1_86' title="bbox 2043 4503 3542 4578; baseline -0.005 -16"><span class='ocrx_word' id='word_1_601' title='bbox 2043 4507 2193 4562; x_wconf 78' lang='lat' dir='ltr'><strong>Mille</strong></span> <span class='ocrx_word' id='word_1_602' title='bbox 2221 4524 2408 4563; x_wconf 86' lang='lat' dir='ltr'><strong>annos.</strong></span> <span class='ocrx_word' id='word_1_603' title='bbox 2444 4506 2648 4578; x_wconf 86' lang='lat' dir='ltr'><strong>Nempe</strong></span> <span class='ocrx_word' id='word_1_604' title='bbox 2692 4515 2904 4575; x_wconf 87' lang='lat' dir='ltr'><strong>tempus</strong></span> <span class='ocrx_word' id='word_1_605' title='bbox 2954 4505 3022 4559; x_wconf 90' lang='lat' dir='ltr'><strong>ab</strong></span> <span class='ocrx_word' id='word_1_606' title='bbox 3072 4505 3303 4558; x_wconf 81' lang='lat' dir='ltr'><strong>adventu</strong></span> <span class='ocrx_word' id='word_1_607' title='bbox 3335 4503 3542 4556; x_wconf 77' lang='lat' dir='ltr'><strong>Clu-isti</strong></span> 
     </span>
    </p>
   </div>
   <div class='ocr_carea' id='block_1_87' title="bbox 289 4581 1857 4670">
    <p class='ocr_par' dir='ltr' id='par_1_87' title="bbox 289 4591 1857 4668">
     <span class='ocr_line' id='line_1_87' title="bbox 289 4591 1857 4668; baseline 0.007 -26"><span class='ocrx_word' id='word_1_608' title='bbox 289 4591 505 4667; x_wconf 83' lang='grc' dir='ltr'><strong>χρόνον,</strong></span> <span class='ocrx_word' id='word_1_609' title='bbox 550 4594 711 4665; x_wconf 80' lang='grc' dir='ltr'><strong>μέχρι</strong></span> <span class='ocrx_word' id='word_1_610' title='bbox 760 4595 854 4650; x_wconf 79' lang='grc' dir='ltr'><strong>τοῦ</strong></span> <span class='ocrx_word' id='word_1_611' title='bbox 912 4596 1280 4668; x_wconf 79' lang='grc' dir='ltr'><strong>Ἀντιχρίστου</strong></span> <span class='ocrx_word' id='word_1_612' title='bbox 1331 4597 1498 4666; x_wconf 83' lang='grc' dir='ltr'><strong>λέγει,</strong></span> <span class='ocrx_word' id='word_1_613' title='bbox 1532 4593 1742 4668; x_wconf 75' lang='grc' dir='ltr'><strong>οὗτινος</strong></span> <span class='ocrx_word' id='word_1_614' title='bbox 1767 4600 1857 4653; x_wconf 92' lang='grc' dir='ltr'><strong>λυ-</strong></span> 
     </span>
    </p>
   </div>
   <div class='ocr_carea' id='block_1_88' title="bbox 1959 4581 3540 4670">
    <p class='ocr_par' dir='ltr' id='par_1_88' title="bbox 1968 4597 3540 4670">
     <span class='ocr_line' id='line_1_88' title="bbox 1968 4597 3540 4670; baseline -0.003 -15"><span class='ocrx_word' id='word_1_615' title='bbox 1968 4615 2142 4670; x_wconf 88' lang='lat' dir='ltr'><strong>usque</strong></span> <span class='ocrx_word' id='word_1_616' title='bbox 2172 4599 2238 4653; x_wconf 86' lang='lat' dir='ltr'><strong>ad</strong></span> <span class='ocrx_word' id='word_1_617' title='bbox 2260 4599 2686 4664; x_wconf 83' lang='lat' dir='ltr'><strong>Antichristum,</strong></span> <span class='ocrx_word' id='word_1_618' title='bbox 2708 4613 2818 4667; x_wconf 92' lang='lat' dir='ltr'><strong>quo</strong></span> <span class='ocrx_word' id='word_1_619' title='bbox 2841 4599 3022 4652; x_wconf 91' lang='lat' dir='ltr'><strong>soluto</strong></span> <span class='ocrx_word' id='word_1_620' title='bbox 3048 4597 3256 4651; x_wconf 82' lang='lat' dir='ltr'><strong>inducit</strong></span> <span class='ocrx_word' id='word_1_621' title='bbox 3284 4598 3540 4664; x_wconf 62' lang='lat' dir='ltr'><strong>deinceps</strong></span> 
     </span>
    </p>
   </div>
   <div class='ocr_carea' id='block_1_89' title="bbox 291 4687 1864 4763">
    <p class='ocr_par' dir='ltr' id='par_1_89' title="bbox 291 4687 1864 4763">
     <span class='ocr_line' id='line_1_89' title="bbox 291 4687 1864 4763; baseline 0.004 -25"><span class='ocrx_word' id='word_1_622' title='bbox 291 4687 498 4750; x_wconf 79' lang='grc' dir='ltr'><strong>θέντος,</strong></span> <span class='ocrx_word' id='word_1_623' title='bbox 554 4687 765 4756; x_wconf 64' lang='grc' dir='ltr'><strong>εἰσάγει</strong></span> <span class='ocrx_word' id='word_1_624' title='bbox 805 4689 992 4742; x_wconf 81' lang='grc' dir='ltr'><strong>λοιπὸν</strong></span> <span class='ocrx_word' id='word_1_625' title='bbox 1027 4690 1122 4742; x_wconf 79' lang='grc' dir='ltr'><strong>καὶ</strong></span> <span class='ocrx_word' id='word_1_626' title='bbox 1148 4688 1219 4742; x_wconf 80' lang='grc' dir='ltr'><strong>τὰ</strong></span> <span class='ocrx_word' id='word_1_627' title='bbox 1259 4689 1390 4760; x_wconf 77' lang='grc' dir='ltr'><strong>ἔθνη</strong></span> <span class='ocrx_word' id='word_1_628' title='bbox 1418 4691 1513 4744; x_wconf 72' lang='grc' dir='ltr'><strong>καὶ</strong></span> <span class='ocrx_word' id='word_1_629' title='bbox 1539 4692 1737 4754; x_wconf 84' lang='grc' dir='ltr'><strong>τόπους</strong></span> <span class='ocrx_word' id='word_1_630' title='bbox 1765 4695 1864 4763; x_wconf 80' lang='grc' dir='ltr'><strong>τῆς</strong></span> 
     </span>
    </p>
   </div>
   <div class='ocr_carea' id='block_1_90' title="bbox 290 4778 1864 4851">
    <p class='ocr_par' dir='ltr' id='par_1_90' title="bbox 290 4778 1864 4851">
     <span class='ocr_line' id='line_1_90' title="bbox 290 4778 1864 4851; baseline 0.004 -20"><span class='ocrx_word' id='word_1_631' title='bbox 290 4778 636 4849; x_wconf 76' lang='grc' dir='ltr'><strong>οἰκουμένης,</strong></span> <span class='ocrx_word' id='word_1_632' title='bbox 680 4779 802 4833; x_wconf 77' lang='grc' dir='ltr'><strong>καθ’</strong></span> <span class='ocrx_word' id='word_1_633' title='bbox 853 4779 949 4844; x_wconf 80' lang='grc' dir='ltr'><strong>οὓς</strong></span> <span class='ocrx_word' id='word_1_634' title='bbox 987 4781 1056 4834; x_wconf 85' lang='grc' dir='ltr'><strong>τὰ</strong></span> <span class='ocrx_word' id='word_1_635' title='bbox 1089 4779 1188 4850; x_wconf 85' lang='grc' dir='ltr'><strong>τῆς</strong></span> <span class='ocrx_word' id='word_1_636' title='bbox 1237 4779 1501 4851; x_wconf 83' lang='grc' dir='ltr'><strong>συνήθους</strong></span> <span class='ocrx_word' id='word_1_637' title='bbox 1539 4780 1688 4851; x_wconf 80' lang='grc' dir='ltr'><strong>αὐτῷ</strong></span> <span class='ocrx_word' id='word_1_638' title='bbox 1739 4785 1864 4837; x_wconf 77' lang='grc' dir='ltr'><strong>ἐπι-</strong></span> 
     </span>
    </p>
   </div>
   <div class='ocr_carea' id='block_1_91' title="bbox 291 4867 1867 4942">
    <p class='ocr_par' dir='ltr' id='par_1_91' title="bbox 291 4867 1867 4942">
     <span class='ocr_line' id='line_1_91' title="bbox 291 4867 1867 4942; baseline 0.003 -22"><span class='ocrx_word' id='word_1_639' title='bbox 291 4867 528 4933; x_wconf 83' lang='grc' dir='ltr'><strong>δείξεται</strong></span> <span class='ocrx_word' id='word_1_640' title='bbox 557 4871 792 4942; x_wconf 83' lang='grc' dir='ltr'><strong>ἀπάτης,</strong></span> <span class='ocrx_word' id='word_1_641' title='bbox 829 4871 922 4923; x_wconf 79' lang='grc' dir='ltr'><strong>καὶ</strong></span> <span class='ocrx_word' id='word_1_642' title='bbox 949 4871 1085 4941; x_wconf 74' lang='grc' dir='ltr'><strong>πρὸς</strong></span> <span class='ocrx_word' id='word_1_643' title='bbox 1113 4870 1275 4924; x_wconf 86' lang='grc' dir='ltr'><strong>τίνων</strong></span> <span class='ocrx_word' id='word_1_644' title='bbox 1305 4871 1398 4925; x_wconf 76' lang='grc' dir='ltr'><strong>καὶ</strong></span> <span class='ocrx_word' id='word_1_645' title='bbox 1425 4872 1567 4925; x_wconf 87' lang='grc' dir='ltr'><strong>κατά</strong></span> <span class='ocrx_word' id='word_1_646' title='bbox 1595 4872 1755 4926; x_wconf 88' lang='grc' dir='ltr'><strong>τίνων</strong></span> <span class='ocrx_word' id='word_1_647' title='bbox 1791 4873 1867 4937; x_wconf 82' lang='grc' dir='ltr'><strong>ὡς</strong></span> 
     </span>
    </p>
   </div>
   <div class='ocr_carea' id='block_1_92' title="bbox 292 4956 1868 5035">
    <p class='ocr_par' dir='ltr' id='par_1_92' title="bbox 292 4956 1868 5035">
     <span class='ocr_line' id='line_1_92' title="bbox 292 4956 1868 5035; baseline 0.004 -22"><span class='ocrx_word' id='word_1_648' title='bbox 292 4961 696 5033; x_wconf 77' lang='grc' dir='ltr'><strong>ἀφηγουμένων</strong></span> <span class='ocrx_word' id='word_1_649' title='bbox 732 4965 761 5016; x_wconf 90' lang='lat'><strong>6</strong></span> <span class='ocrx_word' id='word_1_650' title='bbox 805 4963 1040 5034; x_wconf 81' lang='grc' dir='ltr'><strong>πόλεμος</strong></span> <span class='ocrx_word' id='word_1_651' title='bbox 1067 4956 1222 5027; x_wconf 72' lang='grc' dir='ltr'><strong>οὗτος</strong></span> <span class='ocrx_word' id='word_1_652' title='bbox 1271 4965 1519 5034; x_wconf 86' lang='grc' dir='ltr'><strong>συσταίη.</strong></span> <span class='ocrx_word' id='word_1_653' title='bbox 1565 4965 1735 5035; x_wconf 84' lang='grc' dir='ltr'><strong>Ἐθνη</strong></span> <span class='ocrx_word' id='word_1_654' title='bbox 1768 4965 1868 5032; x_wconf 82' lang='grc' dir='ltr'><strong>μὲν</strong></span> 
     </span>
    </p>
   </div>
   <div class='ocr_carea' id='block_1_93' title="bbox 292 5052 1869 5124">
    <p class='ocr_par' dir='ltr' id='par_1_93' title="bbox 292 5052 1869 5124">
     <span class='ocr_line' id='line_1_93' title="bbox 292 5052 1869 5124; baseline 0.003 -18"><span class='ocrx_word' id='word_1_655' title='bbox 292 5052 408 5116; x_wconf 78' lang='grc' dir='ltr'><strong>οὖν,</strong></span> <span class='ocrx_word' id='word_1_656' title='bbox 452 5055 522 5106; x_wconf 84' lang='grc' dir='ltr'><strong>τὰ</strong></span> <span class='ocrx_word' id='word_1_657' title='bbox 570 5054 950 5124; x_wconf 76' lang='grc' dir='ltr'><strong>εὐεξαπάτητα</strong></span> <span class='ocrx_word' id='word_1_658' title='bbox 1002 5056 1182 5124; x_wconf 77' lang='grc' dir='ltr'><strong>λέγει’</strong></span> <span class='ocrx_word' id='word_1_659' title='bbox 1230 5056 1428 5119; x_wconf 83' lang='grc' dir='ltr'><strong>τόπους</strong></span> <span class='ocrx_word' id='word_1_660' title='bbox 1462 5056 1538 5120; x_wconf 86' lang='grc' dir='ltr'><strong>δὲ,</strong></span> <span class='ocrx_word' id='word_1_661' title='bbox 1595 5058 1722 5120; x_wconf 74' lang='grc' dir='ltr'><strong>τοὺς</strong></span> <span class='ocrx_word' id='word_1_662' title='bbox 1762 5058 1869 5111; x_wconf 69' lang='grc' dir='ltr'><strong>ὑπὸ</strong></span> 
     </span>
    </p>
   </div>
   <div class='ocr_carea' id='block_1_94' title="bbox 290 5145 1868 5218">
    <p class='ocr_par' dir='ltr' id='par_1_94' title="bbox 290 5145 1868 5218">
     <span class='ocr_line' id='line_1_94' title="bbox 290 5145 1868 5218; baseline 0.003 -20"><span class='ocrx_word' id='word_1_663' title='bbox 290 5147 394 5215; x_wconf 77' lang='grc' dir='ltr'><strong>τὴν</strong></span> <span class='ocrx_word' id='word_1_664' title='bbox 429 5145 522 5198; x_wconf 79' lang='grc' dir='ltr'><strong>ὑπ’</strong></span> <span class='ocrx_word' id='word_1_665' title='bbox 547 5145 794 5215; x_wconf 75' lang='grc' dir='ltr'><strong>οὐρανὸν,</strong></span> <span class='ocrx_word' id='word_1_666' title='bbox 821 5145 916 5210; x_wconf 85' lang='grc' dir='ltr'><strong>οὒς</strong></span> <span class='ocrx_word' id='word_1_667' title='bbox 948 5147 1042 5201; x_wconf 75' lang='grc' dir='ltr'><strong>καὶ</strong></span> <span class='ocrx_word' id='word_1_668' title='bbox 1075 5148 1347 5218; x_wconf 76' lang='grc' dir='ltr'><strong>τέσσαρας</strong></span> <span class='ocrx_word' id='word_1_669' title='bbox 1379 5148 1584 5214; x_wconf 86' lang='grc' dir='ltr'><strong>γωνίας</strong></span> <span class='ocrx_word' id='word_1_670' title='bbox 1610 5148 1868 5218; x_wconf 78' lang='grc' dir='ltr'><strong>ὀνομάζει</strong></span> 
     </span>
    </p>
   </div>
   <div class='ocr_carea' id='block_1_95' title="bbox 292 5235 1869 5309">
    <p class='ocr_par' dir='ltr' id='par_1_95' title="bbox 292 5235 1869 5309">
     <span class='ocr_line' id='line_1_95' title="bbox 292 5235 1869 5309; baseline 0.004 -22"><span class='ocrx_word' id='word_1_671' title='bbox 292 5235 398 5304; x_wconf 81' lang='grc' dir='ltr'><strong>τῆς</strong></span> <span class='ocrx_word' id='word_1_672' title='bbox 423 5236 548 5306; x_wconf 80' lang='grc' dir='ltr'><strong>γῆς,</strong></span> <span class='ocrx_word' id='word_1_673' title='bbox 590 5235 690 5299; x_wconf 82' lang='grc' dir='ltr'><strong>τὰς</strong></span> <span class='ocrx_word' id='word_1_674' title='bbox 713 5235 986 5305; x_wconf 81' lang='grc' dir='ltr'><strong>τέσσαρας</strong></span> <span class='ocrx_word' id='word_1_675' title='bbox 1028 5237 1212 5308; x_wconf 80' lang='grc' dir='ltr'><strong>λήξεις</strong></span> <span class='ocrx_word' id='word_1_676' title='bbox 1237 5238 1335 5306; x_wconf 83' lang='grc' dir='ltr'><strong>τῆς</strong></span> <span class='ocrx_word' id='word_1_677' title='bbox 1367 5238 1694 5309; x_wconf 80' lang='grc' dir='ltr'><strong>οίκουμὲνης</strong></span> <span class='ocrx_word' id='word_1_678' title='bbox 1724 5239 1869 5293; x_wconf 79' lang='grc' dir='ltr'><strong>οὕτω</strong></span> 
     </span>
    </p>
   </div>
   <div class='ocr_carea' id='block_1_96' title="bbox 293 5327 1866 5401">
    <p class='ocr_par' dir='ltr' id='par_1_96' title="bbox 293 5327 1866 5401">
     <span class='ocr_line' id='line_1_96' title="bbox 293 5327 1866 5401; baseline 0.003 -20"><span class='ocrx_word' id='word_1_679' title='bbox 293 5327 498 5392; x_wconf 72' lang='grc' dir='ltr'><strong>καλῶν,</strong></span> <span class='ocrx_word' id='word_1_680' title='bbox 526 5327 634 5381; x_wconf 83' lang='grc' dir='ltr'><strong>ἀπὸ</strong></span> <span class='ocrx_word' id='word_1_681' title='bbox 660 5328 768 5382; x_wconf 87' lang='grc' dir='ltr'><strong>τῶν</strong></span> <span class='ocrx_word' id='word_1_682' title='bbox 789 5329 1032 5401; x_wconf 74' lang='grc' dir='ltr'><strong>ἡλιακῶν</strong></span> <span class='ocrx_word' id='word_1_683' title='bbox 1055 5329 1235 5400; x_wconf 85' lang='grc' dir='ltr'><strong>φορῶν</strong></span> <span class='ocrx_word' id='word_1_684' title='bbox 1261 5328 1404 5383; x_wconf 76' lang='grc' dir='ltr'><strong>οὕτω</strong></span> <span class='ocrx_word' id='word_1_685' title='bbox 1430 5330 1744 5400; x_wconf 84' lang='grc' dir='ltr'><strong>κληθείσας,</strong></span> <span class='ocrx_word' id='word_1_686' title='bbox 1771 5333 1866 5386; x_wconf 77' lang='grc' dir='ltr'><strong>καὶ</strong></span> 
     </span>
    </p>
   </div>
   <div class='ocr_carea' id='block_1_97' title="bbox 292 5419 1870 5492">
    <p class='ocr_par' dir='ltr' id='par_1_97' title="bbox 292 5419 1870 5492">
     <span class='ocr_line' id='line_1_97' title="bbox 292 5419 1870 5492; baseline 0.003 -20"><span class='ocrx_word' id='word_1_687' title='bbox 292 5419 406 5472; x_wconf 80' lang='grc' dir='ltr'><strong>τῶν</strong></span> <span class='ocrx_word' id='word_1_688' title='bbox 445 5421 587 5474; x_wconf 74' lang='grc' dir='ltr'><strong>κιτά</strong></span> <span class='ocrx_word' id='word_1_689' title='bbox 636 5421 870 5492; x_wconf 79' lang='grc' dir='ltr'><strong>ἀστέρας</strong></span> <span class='ocrx_word' id='word_1_690' title='bbox 913 5421 1066 5486; x_wconf 82' lang='grc' dir='ltr'><strong>τινὰς</strong></span> <span class='ocrx_word' id='word_1_691' title='bbox 1113 5422 1460 5477; x_wconf 83' lang='grc' dir='ltr'><strong>οίκειὼσεων.</strong></span> <span class='ocrx_word' id='word_1_692' title='bbox 1502 5424 1658 5476; x_wconf 76' lang='grc' dir='ltr'><strong>Ἐπεὶ</strong></span> <span class='ocrx_word' id='word_1_693' title='bbox 1691 5423 1870 5477; x_wconf 88' lang='grc' dir='ltr'><strong>τοίνυν</strong></span> 
     </span>
    </p>
   </div>
   <div class='ocr_carea' id='block_1_98' title="bbox 294 5507 1872 5587">
    <p class='ocr_par' dir='ltr' id='par_1_98' title="bbox 294 5507 1872 5587">
     <span class='ocr_line' id='line_1_98' title="bbox 294 5507 1872 5587; baseline 0.004 -23"><span class='ocrx_word' id='word_1_694' title='bbox 294 5511 427 5582; x_wconf 75' lang='grc' dir='ltr'><strong>ἔθνη</strong></span> <span class='ocrx_word' id='word_1_695' title='bbox 457 5511 560 5582; x_wconf 87' lang='grc' dir='ltr'><strong>μέν</strong></span> <span class='ocrx_word' id='word_1_696' title='bbox 593 5510 768 5567; x_wconf 79' lang='grc' dir='ltr'><strong>ταῦτα</strong></span> <span class='ocrx_word' id='word_1_697' title='bbox 806 5513 925 5582; x_wconf 79' lang='grc' dir='ltr'><strong>μεθ’</strong></span> <span class='ocrx_word' id='word_1_698' title='bbox 953 5507 1028 5568; x_wconf 84' lang='grc' dir='ltr'><strong>ὧν</strong></span> <span class='ocrx_word' id='word_1_699' title='bbox 1073 5516 1102 5567; x_wconf 92' lang='lat'><strong>6</strong></span> <span class='ocrx_word' id='word_1_700' title='bbox 1137 5514 1374 5584; x_wconf 84' lang='grc' dir='ltr'><strong>πόλεμος</strong></span> <span class='ocrx_word' id='word_1_701' title='bbox 1426 5515 1606 5586; x_wconf 80' lang='grc' dir='ltr'><strong>μέλλει</strong></span> <span class='ocrx_word' id='word_1_702' title='bbox 1639 5533 1872 5587; x_wconf 86' lang='grc' dir='ltr'><strong>συγκρο-</strong></span> 
     </span>
    </p>
   </div>
   <div class='ocr_carea' id='block_1_99' title="bbox 293 5600 1871 5678">
    <p class='ocr_par' dir='ltr' id='par_1_99' title="bbox 293 5600 1871 5678">
     <span class='ocr_line' id='line_1_99' title="bbox 293 5600 1871 5678; baseline 0.004 -22"><span class='ocrx_word' id='word_1_703' title='bbox 293 5603 534 5670; x_wconf 81' lang='grc' dir='ltr'><strong>τεῖσθαι,</strong></span> <span class='ocrx_word' id='word_1_704' title='bbox 588 5606 682 5660; x_wconf 76' lang='grc' dir='ltr'><strong>καὶ</strong></span> <span class='ocrx_word' id='word_1_705' title='bbox 719 5606 898 5677; x_wconf 82' lang='grc' dir='ltr'><strong>χῶρος</strong></span> <span class='ocrx_word' id='word_1_706' title='bbox 925 5601 1076 5670; x_wconf 72' lang='grc' dir='ltr'><strong>οὗτος</strong></span> <span class='ocrx_word' id='word_1_707' title='bbox 1111 5607 1168 5660; x_wconf 89' lang='grc' dir='ltr'><strong>ἐν</strong></span> <span class='ocrx_word' id='word_1_708' title='bbox 1200 5600 1246 5676; x_wconf 82' lang='grc' dir='ltr'>ᾧ</span> <span class='ocrx_word' id='word_1_709' title='bbox 1288 5608 1389 5678; x_wconf 73' lang='grc' dir='ltr'><strong>ἤδη</strong></span> <span class='ocrx_word' id='word_1_710' title='bbox 1433 5608 1680 5673; x_wconf 72' lang='grc' dir='ltr'><strong>καὶτοὺς</strong></span> <span class='ocrx_word' id='word_1_711' title='bbox 1739 5609 1871 5663; x_wconf 82' lang='grc' dir='ltr'><strong>καο-</strong></span> 
     </span>
    </p>
   </div>
   <div class='ocr_carea' id='block_1_100' title="bbox 293 5697 1873 5771">
    <p class='ocr_par' dir='ltr' id='par_1_100' title="bbox 293 5697 1873 5771">
     <span class='ocr_line' id='line_1_100' title="bbox 293 5697 1873 5771; baseline 0.004 -21"><span class='ocrx_word' id='word_1_712' title='bbox 293 5713 436 5765; x_wconf 85' lang='grc' dir='ltr'><strong>ηγου</strong></span> <span class='ocrx_word' id='word_1_713' title='bbox 445 5697 640 5766; x_wconf 76' lang='grc' dir='ltr'><strong>μένους</strong></span> <span class='ocrx_word' id='word_1_714' title='bbox 661 5697 869 5767; x_wconf 75' lang='grc' dir='ltr'><strong>εἰσάγει</strong></span> <span class='ocrx_word' id='word_1_715' title='bbox 885 5697 1074 5769; x_wconf 83' lang='grc' dir='ltr'><strong>ὥσπερ</strong></span> <span class='ocrx_word' id='word_1_716' title='bbox 1093 5698 1216 5752; x_wconf 80' lang='grc' dir='ltr'><strong>πολε</strong></span> <span class='ocrx_word' id='word_1_717' title='bbox 1224 5701 1438 5771; x_wconf 85' lang='grc' dir='ltr'><strong>μάρχης</strong></span> <span class='ocrx_word' id='word_1_718' title='bbox 1456 5703 1483 5753; x_wconf 89' lang='lat'><strong>6</strong></span> <span class='ocrx_word' id='word_1_719' title='bbox 1499 5699 1621 5768; x_wconf 87' lang='grc' dir='ltr'><strong>Γὼγ</strong></span> <span class='ocrx_word' id='word_1_720' title='bbox 1640 5702 1733 5753; x_wconf 78' lang='grc' dir='ltr'><strong>καὶ</strong></span> <span class='ocrx_word' id='word_1_721' title='bbox 1752 5701 1873 5756; x_wconf 85' lang='grc' dir='ltr'><strong>Μα-</strong></span> 
     </span>
    </p>
   </div>
   <div class='ocr_carea' id='block_1_101' title="bbox 297 5781 1867 5865">
    <p class='ocr_par' dir='ltr' id='par_1_101' title="bbox 297 5781 1867 5865">
     <span class='ocr_line' id='line_1_101' title="bbox 297 5781 1867 5865; baseline 0.004 -23"><span class='ocrx_word' id='word_1_722' title='bbox 297 5791 444 5860; x_wconf 86' lang='grc' dir='ltr'><strong>γὼγ,</strong></span> <span class='ocrx_word' id='word_1_723' title='bbox 475 5791 536 5844; x_wconf 80' lang='grc' dir='ltr'><strong>ὃν</strong></span> <span class='ocrx_word' id='word_1_724' title='bbox 569 5793 664 5846; x_wconf 64' lang='grc' dir='ltr'><strong>καὶ</strong></span> <span class='ocrx_word' id='word_1_725' title='bbox 704 5793 963 5862; x_wconf 82' lang='grc' dir='ltr'><strong>Ἰεζεκιὴλ</strong></span> <span class='ocrx_word' id='word_1_726' title='bbox 997 5793 1329 5865; x_wconf 81' lang='grc' dir='ltr'><strong>προφητεύει</strong></span> <span class='ocrx_word' id='word_1_727' title='bbox 1356 5781 1443 5847; x_wconf 81' lang='grc' dir='ltr'><strong>ἐπ’</strong></span> <span class='ocrx_word' id='word_1_728' title='bbox 1477 5794 1706 5865; x_wconf 79' lang='grc' dir='ltr'><strong>ἐσχάτου</strong></span> <span class='ocrx_word' id='word_1_729' title='bbox 1745 5811 1867 5849; x_wconf 89' lang='grc' dir='ltr'><strong>και-</strong></span> 
     </span>
    </p>
   </div>
   <div class='ocr_carea' id='block_1_102' title="bbox 301 5883 1870 5959">
    <p class='ocr_par' dir='ltr' id='par_1_102' title="bbox 301 5883 1870 5959">
     <span class='ocr_line' id='line_1_102' title="bbox 301 5883 1870 5959; baseline 0.002 -21"><span class='ocrx_word' id='word_1_730' title='bbox 301 5883 402 5956; x_wconf 77' lang='grc' dir='ltr'><strong>ροῦ</strong></span> <span class='ocrx_word' id='word_1_731' title='bbox 450 5883 803 5955; x_wconf 80' lang='grc' dir='ltr'><strong>ἐλευσόμενον</strong></span> <span class='ocrx_word' id='word_1_732' title='bbox 852 5886 948 5939; x_wconf 82' lang='grc' dir='ltr'><strong>σὺν</strong></span> <span class='ocrx_word' id='word_1_733' title='bbox 993 5886 1219 5957; x_wconf 78' lang='grc' dir='ltr'><strong>δυνάμει</strong></span> <span class='ocrx_word' id='word_1_734' title='bbox 1267 5885 1478 5959; x_wconf 73' lang='grc' dir='ltr'><strong>βαρείᾳ.</strong></span> <span class='ocrx_word' id='word_1_735' title='bbox 1527 5886 1666 5941; x_wconf 82' lang='grc' dir='ltr'><strong>Ἀλλ’</strong></span> <span class='ocrx_word' id='word_1_736' title='bbox 1711 5887 1870 5951; x_wconf 79' lang='grc' dir='ltr'><strong>Ἰεζε-</strong></span> 
     </span>
    </p>
   </div>
   <div class='ocr_carea' id='block_1_103' title="bbox 1968 4690 3534 4760">
    <p class='ocr_par' dir='ltr' id='par_1_103' title="bbox 1968 4690 3534 4760">
     <span class='ocr_line' id='line_1_103' title="bbox 1968 4690 3534 4760; baseline -0.004 -12"><span class='ocrx_word' id='word_1_737' title='bbox 1968 4703 2022 4748; x_wconf 91' lang='lat' dir='ltr'><strong>et</strong></span> <span class='ocrx_word' id='word_1_738' title='bbox 2051 4701 2239 4760; x_wconf 86' lang='lat' dir='ltr'><strong>gentes</strong></span> <span class='ocrx_word' id='word_1_739' title='bbox 2269 4699 2324 4745; x_wconf 86' lang='lat' dir='ltr'><strong>et</strong></span> <span class='ocrx_word' id='word_1_740' title='bbox 2367 4691 2484 4746; x_wconf 85' lang='lat' dir='ltr'><strong>loca</strong></span> <span class='ocrx_word' id='word_1_741' title='bbox 2520 4691 2703 4752; x_wconf 80' lang='lat' dir='ltr'><strong>orbis.</strong></span> <span class='ocrx_word' id='word_1_742' title='bbox 2734 4690 2935 4760; x_wconf 84' lang='lat' dir='ltr'><strong>quibus</strong></span> <span class='ocrx_word' id='word_1_743' title='bbox 2970 4691 3057 4743; x_wconf 83' lang='lat' dir='ltr'><strong>ille</strong></span> <span class='ocrx_word' id='word_1_744' title='bbox 3102 4706 3258 4743; x_wconf 88' lang='lat' dir='ltr'><strong>suam</strong></span> <span class='ocrx_word' id='word_1_745' title='bbox 3307 4690 3534 4742; x_wconf 84' lang='lat' dir='ltr'><strong>familia-</strong></span> 
     </span>
    </p>
   </div>
   <div class='ocr_carea' id='block_1_104' title="bbox 1968 4779 3540 4852">
    <p class='ocr_par' dir='ltr' id='par_1_104' title="bbox 1968 4779 3540 4852">
     <span class='ocr_line' id='line_1_104' title="bbox 1968 4779 3540 4852; baseline -0.005 -12"><span class='ocrx_word' id='word_1_746' title='bbox 1968 4800 2083 4840; x_wconf 87' lang='lat' dir='ltr'><strong>rem</strong></span> <span class='ocrx_word' id='word_1_747' title='bbox 2109 4783 2358 4840; x_wconf 88' lang='lat' dir='ltr'><strong>ostendet</strong></span> <span class='ocrx_word' id='word_1_748' title='bbox 2389 4785 2768 4851; x_wconf 84' lang='lat' dir='ltr'><strong>imposturam,</strong></span> <span class='ocrx_word' id='word_1_749' title='bbox 2792 4793 2844 4837; x_wconf 91' lang='lat' dir='ltr'><strong>et</strong></span> <span class='ocrx_word' id='word_1_750' title='bbox 2874 4797 2970 4852; x_wconf 90' lang='lat' dir='ltr'><strong>per</strong></span> <span class='ocrx_word' id='word_1_751' title='bbox 2993 4797 3132 4850; x_wconf 87' lang='lat' dir='ltr'><strong>quos</strong></span> <span class='ocrx_word' id='word_1_752' title='bbox 3156 4791 3209 4835; x_wconf 83' lang='lat' dir='ltr'><strong>ct</strong></span> <span class='ocrx_word' id='word_1_753' title='bbox 3239 4779 3540 4836; x_wconf 77' lang='lat' dir='ltr'><strong>secundum</strong></span> 
     </span>
    </p>
   </div>
   <div class='ocr_carea' id='block_1_105' title="bbox 1967 4872 3541 4944">
    <p class='ocr_par' dir='ltr' id='par_1_105' title="bbox 1967 4872 3541 4944">
     <span class='ocr_line' id='line_1_105' title="bbox 1967 4872 3541 4944; baseline -0.004 -15"><span class='ocrx_word' id='word_1_754' title='bbox 1967 4889 2109 4944; x_wconf 90' lang='lat' dir='ltr'><strong>quos</strong></span> <span class='ocrx_word' id='word_1_755' title='bbox 2145 4883 2408 4944; x_wconf 89' lang='lat' dir='ltr'><strong>tauquam</strong></span> <span class='ocrx_word' id='word_1_756' title='bbox 2440 4876 2608 4929; x_wconf 84' lang='lat' dir='ltr'><strong>duces</strong></span> <span class='ocrx_word' id='word_1_757' title='bbox 2630 4882 2888 4929; x_wconf 86' lang='lat' dir='ltr'><strong>cruentos</strong></span> <span class='ocrx_word' id='word_1_758' title='bbox 2940 4873 3141 4928; x_wconf 90' lang='lat' dir='ltr'><strong>bellum</strong></span> <span class='ocrx_word' id='word_1_759' title='bbox 3188 4874 3292 4928; x_wconf 90' lang='lat' dir='ltr'><strong>hoc</strong></span> <span class='ocrx_word' id='word_1_760' title='bbox 3333 4872 3541 4927; x_wconf 82' lang='lat' dir='ltr'><strong>consti-</strong></span> 
     </span>
    </p>
   </div>
   <div class='ocr_carea' id='block_1_106' title="bbox 1971 4963 3542 5036">
    <p class='ocr_par' dir='ltr' id='par_1_106' title="bbox 1971 4963 3542 5036">
     <span class='ocr_line' id='line_1_106' title="bbox 1971 4963 3542 5036; baseline -0.004 -15"><span class='ocrx_word' id='word_1_761' title='bbox 1971 4976 2177 5021; x_wconf 90' lang='lat' dir='ltr'><strong>tuatur.</strong></span> <span class='ocrx_word' id='word_1_762' title='bbox 2209 4966 2411 5022; x_wconf 88' lang='lat' dir='ltr'><strong>Gentes</strong></span> <span class='ocrx_word' id='word_1_763' title='bbox 2442 4967 2626 5034; x_wconf 80' lang='lat' dir='ltr'><strong>itaque</strong></span> <span class='ocrx_word' id='word_1_764' title='bbox 2656 4967 2789 5019; x_wconf 89' lang='lat' dir='ltr'><strong>dicit</strong></span> <span class='ocrx_word' id='word_1_765' title='bbox 2822 4966 2969 5027; x_wconf 88' lang='lat' dir='ltr'><strong>illos.</strong></span> <span class='ocrx_word' id='word_1_766' title='bbox 3006 4966 3099 5036; x_wconf 88' lang='lat' dir='ltr'><strong>qui</strong></span> <span class='ocrx_word' id='word_1_767' title='bbox 3155 4963 3312 5019; x_wconf 80' lang='lat' dir='ltr'><strong>facile</strong></span> <span class='ocrx_word' id='word_1_768' title='bbox 3357 4973 3542 5032; x_wconf 69' lang='lat' dir='ltr'><strong>patrm</strong></span> 
     </span>
    </p>
   </div>
   <div class='ocr_carea' id='block_1_107' title="bbox 1970 5054 3540 5128">
    <p class='ocr_par' dir='ltr' id='par_1_107' title="bbox 1970 5054 3540 5128">
     <span class='ocr_line' id='line_1_107' title="bbox 1970 5054 3540 5128; baseline -0.004 -17"><span class='ocrx_word' id='word_1_769' title='bbox 1970 5058 2276 5128; x_wconf 88' lang='lat' dir='ltr'><strong>deccptioni</strong></span> <span class='ocrx_word' id='word_1_770' title='bbox 2312 5075 2327 5112; x_wconf 90' lang='lat'><strong>:</strong></span> <span class='ocrx_word' id='word_1_771' title='bbox 2360 5058 2478 5111; x_wconf 85' lang='lat' dir='ltr'><strong>loca</strong></span> <span class='ocrx_word' id='word_1_772' title='bbox 2517 5072 2646 5110; x_wconf 85' lang='lat' dir='ltr'><strong>vero</strong></span> <span class='ocrx_word' id='word_1_773' title='bbox 2674 5072 2768 5110; x_wconf 79' lang='lat' dir='ltr'><strong>cos</strong></span> <span class='ocrx_word' id='word_1_774' title='bbox 2797 5057 2889 5125; x_wconf 89' lang='lat' dir='ltr'><strong>qui</strong></span> <span class='ocrx_word' id='word_1_775' title='bbox 2923 5065 3128 5125; x_wconf 88' lang='lat' dir='ltr'><strong>partem</strong></span> <span class='ocrx_word' id='word_1_776' title='bbox 3154 5055 3256 5109; x_wconf 86' lang='lat' dir='ltr'><strong>sub</strong></span> <span class='ocrx_word' id='word_1_777' title='bbox 3285 5054 3424 5108; x_wconf 75' lang='lat' dir='ltr'><strong>cmlo</strong></span> <span class='ocrx_word' id='word_1_778' title='bbox 3456 5054 3540 5104; x_wconf 87' lang='lat' dir='ltr'><strong>in-</strong></span> 
     </span>
    </p>
   </div>
   <div class='ocr_carea' id='block_1_108' title="bbox 1971 5146 3541 5219">
    <p class='ocr_par' dir='ltr' id='par_1_108' title="bbox 1971 5146 3541 5219">
     <span class='ocr_line' id='line_1_108' title="bbox 1971 5146 3541 5219; baseline -0.007 -13"><span class='ocrx_word' id='word_1_779' title='bbox 1971 5152 2177 5216; x_wconf 86' lang='lat' dir='ltr'><strong>colunt,</strong></span> <span class='ocrx_word' id='word_1_780' title='bbox 2207 5164 2347 5219; x_wconf 88' lang='lat' dir='ltr'><strong>quos</strong></span> <span class='ocrx_word' id='word_1_781' title='bbox 2375 5150 2538 5203; x_wconf 75' lang='lat' dir='ltr'><strong>etiam</strong></span> <span class='ocrx_word' id='word_1_782' title='bbox 2568 5159 2800 5217; x_wconf 86' lang='lat' dir='ltr'><strong>quatuor</strong></span> <span class='ocrx_word' id='word_1_783' title='bbox 2825 5159 2981 5201; x_wconf 77' lang='lat' dir='ltr'><strong>terra:</strong></span> <span class='ocrx_word' id='word_1_784' title='bbox 3020 5147 3249 5215; x_wconf 73' lang='lat' dir='ltr'><strong>angulos</strong></span> <span class='ocrx_word' id='word_1_785' title='bbox 3277 5146 3541 5206; x_wconf 89' lang='lat' dir='ltr'><strong>nominat,</strong></span> 
     </span>
    </p>
   </div>
   <div class='ocr_carea' id='block_1_109' title="bbox 1971 5236 3544 5312">
    <p class='ocr_par' dir='ltr' id='par_1_109' title="bbox 1971 5236 3544 5312">
     <span class='ocr_line' id='line_1_109' title="bbox 1971 5236 3544 5312; baseline -0.006 -15"><span class='ocrx_word' id='word_1_786' title='bbox 1971 5253 2210 5312; x_wconf 89' lang='lat' dir='ltr'><strong>quatuor</strong></span> <span class='ocrx_word' id='word_1_787' title='bbox 2243 5241 2393 5296; x_wconf 86' lang='lat' dir='ltr'><strong>orbis</strong></span> <span class='ocrx_word' id='word_1_788' title='bbox 2440 5241 2573 5296; x_wconf 71' lang='grc' dir='ltr'><strong>(ὶιιεε</strong></span> <span class='ocrx_word' id='word_1_789' title='bbox 2617 5241 2690 5294; x_wconf 89' lang='lat' dir='ltr'><strong>ita</strong></span> <span class='ocrx_word' id='word_1_790' title='bbox 2734 5255 2959 5306; x_wconf 88' lang='lat' dir='ltr'><strong>vocans,</strong></span> <span class='ocrx_word' id='word_1_791' title='bbox 2991 5255 3022 5294; x_wconf 90' lang='lat' dir='ltr'><strong>a</strong></span> <span class='ocrx_word' id='word_1_792' title='bbox 3068 5239 3201 5293; x_wconf 89' lang='lat' dir='ltr'><strong>solis</strong></span> <span class='ocrx_word' id='word_1_793' title='bbox 3245 5236 3544 5292; x_wconf 88' lang='lat' dir='ltr'><strong>lationibus</strong></span> 
     </span>
    </p>
   </div>
   <div class='ocr_carea' id='block_1_110' title="bbox 1973 5327 3545 5404">
    <p class='ocr_par' dir='ltr' id='par_1_110' title="bbox 1973 5327 3545 5404">
     <span class='ocr_line' id='line_1_110' title="bbox 1973 5327 3545 5404; baseline -0.007 -15"><span class='ocrx_word' id='word_1_794' title='bbox 1973 5335 2046 5390; x_wconf 90' lang='lat' dir='ltr'><strong>ita</strong></span> <span class='ocrx_word' id='word_1_795' title='bbox 2077 5333 2400 5404; x_wconf 87' lang='lat' dir='ltr'><strong>appellatos,</strong></span> <span class='ocrx_word' id='word_1_796' title='bbox 2440 5340 2493 5387; x_wconf 89' lang='lat' dir='ltr'><strong>et</strong></span> <span class='ocrx_word' id='word_1_797' title='bbox 2519 5329 3368 5404; x_wconf 10' lang='lat' dir='ltr'><strong>appropriationeiquarumdam</strong></span> <span class='ocrx_word' id='word_1_798' title='bbox 3413 5327 3545 5381; x_wconf 88' lang='lat' dir='ltr'><strong>stel-</strong></span> 
     </span>
    </p>
   </div>
   <div class='ocr_carea' id='block_1_111' title="bbox 1975 5403 3546 5495">
    <p class='ocr_par' dir='ltr' id='par_1_111' title="bbox 1975 5403 3546 5495">
     <span class='ocr_line' id='line_1_111' title="bbox 1975 5403 3546 5495; baseline -0.007 -14"><span class='ocrx_word' id='word_1_799' title='bbox 1975 5403 2174 5481; x_wconf 49' lang='lat' dir='ltr'><strong>larum,</strong></span> <span class='ocrx_word' id='word_1_800' title='bbox 2206 5425 2472 5492; x_wconf 81' lang='lat' dir='ltr'><strong>Quoniam</strong></span> <span class='ocrx_word' id='word_1_801' title='bbox 2510 5425 2675 5495; x_wconf 76' lang='lat' dir='ltr'><strong>igitur</strong></span> <span class='ocrx_word' id='word_1_802' title='bbox 2704 5423 2787 5478; x_wconf 68' lang='lat' dir='ltr'><strong>ha!</strong></span> <span class='ocrx_word' id='word_1_803' title='bbox 2825 5403 3012 5494; x_wconf 56' lang='lat' dir='ltr'><strong>gemas</strong></span> <span class='ocrx_word' id='word_1_804' title='bbox 3039 5430 3168 5476; x_wconf 82' lang='lat' dir='ltr'><strong>sunt</strong></span> <span class='ocrx_word' id='word_1_805' title='bbox 3194 5435 3316 5474; x_wconf 87' lang='lat' dir='ltr'><strong>cum</strong></span> <span class='ocrx_word' id='word_1_806' title='bbox 3345 5419 3546 5488; x_wconf 85' lang='lat' dir='ltr'><strong>quibus</strong></span> 
     </span>
    </p>
   </div>
   <div class='ocr_carea' id='block_1_112' title="bbox 1974 5515 3546 5584">
    <p class='ocr_par' dir='ltr' id='par_1_112' title="bbox 1974 5515 3546 5584">
     <span class='ocr_line' id='line_1_112' title="bbox 1974 5515 3546 5584; baseline -0.009 -8"><span class='ocrx_word' id='word_1_807' title='bbox 1974 5520 2172 5576; x_wconf 91' lang='lat' dir='ltr'><strong>bellum</strong></span> <span class='ocrx_word' id='word_1_808' title='bbox 2202 5533 2309 5573; x_wconf 85' lang='lat' dir='ltr'><strong>una</strong></span> <span class='ocrx_word' id='word_1_809' title='bbox 2333 5517 2734 5574; x_wconf 81' lang='lat' dir='ltr'><strong>conficiendum</strong></span> <span class='ocrx_word' id='word_1_810' title='bbox 2767 5527 2872 5580; x_wconf 86' lang='lat' dir='ltr'><strong>est,</strong></span> <span class='ocrx_word' id='word_1_811' title='bbox 2899 5524 2953 5569; x_wconf 91' lang='lat' dir='ltr'><strong>et</strong></span> <span class='ocrx_word' id='word_1_812' title='bbox 2982 5529 3012 5568; x_wconf 90' lang='lat' dir='ltr'><strong>a</strong></span> <span class='ocrx_word' id='word_1_813' title='bbox 3046 5515 3245 5584; x_wconf 87' lang='lat' dir='ltr'><strong>quibus</strong></span> <span class='ocrx_word' id='word_1_814' title='bbox 3277 5515 3422 5566; x_wconf 88' lang='lat' dir='ltr'><strong>vires</strong></span> <span class='ocrx_word' id='word_1_815' title='bbox 3449 5527 3546 5564; x_wconf 87' lang='lat' dir='ltr'><strong>su-</strong></span> 
     </span>
    </p>
   </div>
   <div class='ocr_carea' id='block_1_113' title="bbox 1975 5608 3546 5680">
    <p class='ocr_par' dir='ltr' id='par_1_113' title="bbox 1975 5608 3546 5680">
     <span class='ocr_line' id='line_1_113' title="bbox 1975 5608 3546 5680; baseline -0.005 -12"><span class='ocrx_word' id='word_1_816' title='bbox 1975 5612 2216 5675; x_wconf 70' lang='lat' dir='ltr'><strong>mendae,</strong></span> <span class='ocrx_word' id='word_1_817' title='bbox 2242 5619 2296 5666; x_wconf 87' lang='lat' dir='ltr'><strong>et</strong></span> <span class='ocrx_word' id='word_1_818' title='bbox 2333 5611 2450 5664; x_wconf 65' lang='lat' dir='ltr'><strong>haec</strong></span> <span class='ocrx_word' id='word_1_819' title='bbox 2486 5609 2632 5678; x_wconf 81' lang='lat' dir='ltr'><strong>regio</strong></span> <span class='ocrx_word' id='word_1_820' title='bbox 2674 5609 2728 5664; x_wconf 91' lang='lat' dir='ltr'><strong>in</strong></span> <span class='ocrx_word' id='word_1_821' title='bbox 2758 5625 2863 5680; x_wconf 91' lang='lat' dir='ltr'><strong>qua</strong></span> <span class='ocrx_word' id='word_1_822' title='bbox 2891 5608 3002 5678; x_wconf 87' lang='lat' dir='ltr'><strong>jam</strong></span> <span class='ocrx_word' id='word_1_823' title='bbox 3046 5608 3209 5663; x_wconf 89' lang='lat' dir='ltr'><strong>etiam</strong></span> <span class='ocrx_word' id='word_1_824' title='bbox 3242 5616 3546 5676; x_wconf 65' lang='lat' dir='ltr'><strong>praeeuntes</strong></span> 
     </span>
    </p>
   </div>
   <div class='ocr_carea' id='block_1_114' title="bbox 1975 5699 3547 5772">
    <p class='ocr_par' dir='ltr' id='par_1_114' title="bbox 1975 5699 3547 5772">
     <span class='ocr_line' id='line_1_114' title="bbox 1975 5699 3547 5772; baseline -0.005 -12"><span class='ocrx_word' id='word_1_825' title='bbox 1975 5703 2184 5760; x_wconf 89' lang='lat' dir='ltr'><strong>inducit</strong></span> <span class='ocrx_word' id='word_1_826' title='bbox 2211 5702 2328 5772; x_wconf 73' lang='grc' dir='ltr'><strong>(ἶοε</strong></span> <span class='ocrx_word' id='word_1_827' title='bbox 2371 5713 2426 5756; x_wconf 89' lang='lat' dir='ltr'><strong>et</strong></span> <span class='ocrx_word' id='word_1_828' title='bbox 2469 5699 2658 5770; x_wconf 75' lang='lat' dir='ltr'><strong>Magog</strong></span> <span class='ocrx_word' id='word_1_829' title='bbox 2701 5702 2868 5756; x_wconf 89' lang='lat' dir='ltr'><strong>veluti</strong></span> <span class='ocrx_word' id='word_1_830' title='bbox 2905 5700 3032 5756; x_wconf 85' lang='lat' dir='ltr'><strong>belli</strong></span> <span class='ocrx_word' id='word_1_831' title='bbox 3081 5701 3189 5755; x_wconf 82' lang='lat' dir='ltr'><strong>dux</strong></span> <span class='ocrx_word' id='word_1_832' title='bbox 3236 5717 3249 5754; x_wconf 91' lang='lat'><strong>:</strong></span> <span class='ocrx_word' id='word_1_833' title='bbox 3307 5715 3468 5769; x_wconf 91' lang='lat' dir='ltr'><strong>quem</strong></span> <span class='ocrx_word' id='word_1_834' title='bbox 3495 5709 3547 5753; x_wconf 88' lang='lat' dir='ltr'><strong>et</strong></span> 
     </span>
    </p>
   </div>
   <div class='ocr_carea' id='block_1_115' title="bbox 1975 5793 3542 5864">
    <p class='ocr_par' dir='ltr' id='par_1_115' title="bbox 1975 5793 3542 5864">
     <span class='ocr_line' id='line_1_115' title="bbox 1975 5793 3542 5864; baseline -0.003 -13"><span class='ocrx_word' id='word_1_835' title='bbox 1975 5796 2224 5853; x_wconf 82' lang='lat' dir='ltr'><strong>Ezechiel</strong></span> <span class='ocrx_word' id='word_1_836' title='bbox 2257 5793 2537 5864; x_wconf 86' lang='lat' dir='ltr'><strong>prophetat</strong></span> <span class='ocrx_word' id='word_1_837' title='bbox 2567 5794 2857 5862; x_wconf 80' lang='lat' dir='ltr'><strong>postremis</strong></span> <span class='ocrx_word' id='word_1_838' title='bbox 2886 5794 3223 5863; x_wconf 86' lang='lat' dir='ltr'><strong>temporibus</strong></span> <span class='ocrx_word' id='word_1_839' title='bbox 3255 5802 3542 5848; x_wconf 78' lang='lat' dir='ltr'><strong>venturqu</strong></span> 
     </span>
    </p>
   </div>
   <div class='ocr_carea' id='block_1_116' title="bbox 1975 5884 3549 5962">
    <p class='ocr_par' dir='ltr' id='par_1_116' title="bbox 1975 5884 3549 5962">
     <span class='ocr_line' id='line_1_116' title="bbox 1975 5884 3549 5962; baseline -0.004 -15"><span class='ocrx_word' id='word_1_840' title='bbox 1975 5906 2100 5948; x_wconf 90' lang='lat' dir='ltr'><strong>cum</strong></span> <span class='ocrx_word' id='word_1_841' title='bbox 2129 5896 2397 5962; x_wconf 85' lang='lat' dir='ltr'><strong>potestate</strong></span> <span class='ocrx_word' id='word_1_842' title='bbox 2426 5885 2596 5954; x_wconf 78' lang='lat' dir='ltr'><strong>gravi.</strong></span> <span class='ocrx_word' id='word_1_843' title='bbox 2625 5884 2728 5940; x_wconf 87' lang='lat' dir='ltr'><strong>Sed</strong></span> <span class='ocrx_word' id='word_1_844' title='bbox 2760 5885 3008 5941; x_wconf 84' lang='lat' dir='ltr'><strong>Ezechiel</strong></span> <span class='ocrx_word' id='word_1_845' title='bbox 3037 5889 3254 5956; x_wconf 78' lang='lat' dir='ltr'><strong>quidem</strong></span> <span class='ocrx_word' id='word_1_846' title='bbox 3284 5889 3549 5944; x_wconf 80' lang='lat' dir='ltr'><strong>adversus</strong></span> 
     </span>
    </p>
   </div>
  </div>
