4010 6580
482 327 593 392 759

1313 346 1642 410 ΑΒΕΤΗᾹΞ
1675 353 2049 415 (ῙίΕΞΑΒΕιΕ
2091 357 2572 435 CAPPADOCI/E
2601 365 2942 428 EPISCOPI

3610 371 3716 435 760

487 440 600 494 tieri
633 441 688 496 in
722 443 923 501 eisdem
960 451 1305 520 corporibus,
1339 471 1461 526 qum
1493 475 1522 514 a
1559 464 1759 518 smequ
1787 475 2044 536 corrupta

2153 470 2210 521 ὲν
2234 474 2339 534 τοῖς
2367 473 2546 537 αὐτοῖς
2577 474 2842 546 σώμασιν,
2871 478 2906 532 ἃ
2937 480 2996 546 ἐξ
3025 478 3218 544 αἰῶνος
3249 481 3521 553 φθαρέντα
3549 486 3629 547 εἰς
3663 486 3726 538 τὸ

483 547 611 590 sunt
638 545 692 592 et
735 554 858 596 esse
890 542 1189 612 desierunt,
1223 548 1326 605 hoc
1354 566 1499 607 nunc
1531 557 1811 626 corrigens
1864 575 2048 614 sermo

483 628 582 682 iste
609 629 762 697 dicit,
806 634 975 702 quod.
1001 635 1470 702 Quemadmodum
1517 659 1746 715 corpora
1793 648 1862 703 ab
1893 649 2048 704 initio

479 732 767 790 cmperunt
800 741 943 789 esse,
992 744 1101 784 non
1155 747 1286 787 casu
1336 747 1431 788 aut
1473 752 1540 792 ex
1593 739 1811 808 seipsis,
1849 742 1942 794 sed
1978 758 2044 796 ex

478 823 713 880 quatuor
743 817 1051 885 elementis,
1083 838 1245 892 aqua,
1279 824 1422 896 igne,
1454 842 1599 894 aere,
1633 839 1775 884 terra
1811 850 1823 886 :
1860 832 1930 886 ita
1963 850 2049 888 ra—

480 903 818 963 tionabiliter
848 927 1062 969 rursum
1096 915 1150 970 in
1196 917 1285 972 illa
1321 919 1582 985 resoluta,
1609 937 1672 976 ex
1703 923 1789 977 his
1824 941 2044 980 rursum

478 1001 934 1068 compositionem
994 1008 1279 1078 recipient.
1364 1011 1634 1077 Quoniam
1696 1026 1879 1071 autem
1943 1020 2048 1074 hoc

477 1090 643 1144 etiam
679 1109 898 1150 rursum
930 1113 1259 1156 concursum
1307 1105 1451 1172 parit
1495 1120 1684 1160 earum
1736 1125 1857 1177 qua:
1891 1111 2045 1180 prius

479 1179 702 1238 fuerunt
729 1187 968 1254 partium
1005 1189 1070 1244 ad
1107 1192 1520 1250 subsistentiam
1553 1196 1834 1252 hominum
1868 1217 1880 1253 :
1917 1217 2046 1270 pro-

477 1282 658 1341 pterea
693 1279 822 1334 dicit
869 1297 1018 1337 mare
1052 1283 1167 1340 sive
1195 1301 1352 1355 aqua:
1380 1289 1749 1347 substantiam
1783 1292 2045 1351 effudisse

477 1365 759 1422 humorem
811 1372 904 1440 qui
955 1374 1022 1429 ad
1071 1391 1132 1431 se
1167 1389 1488 1447 pervenerat
1528 1400 1542 1437 :
1581 1393 1808 1439 mortem
1860 1395 2041 1442 autem

475 1466 632 1512 vocat
667 1469 935 1522 terrenam
963 1467 1346 1536 substantiam,
1385 1475 1647 1542 quoniam
1672 1477 1738 1531 de
1764 1479 1879 1547 ipsa
1905 1494 2046 1547 quo-

474 1565 581 1616 que
639 1551 845 1609 dictum
906 1565 1012 1622 est,
1051 1575 1070 1610 ι
1109 1559 1164 1615 In
1202 1564 1480 1631 pulverem
1521 1570 1716 1623 mortis
1769 1571 2043 1626 deduxisti

475 1655 562 1695 me
593 1642 636 1696 ⁸.
676 1663 695 1696 ι
731 1644 866 1712 Quis
895 1665 1026 1703 vero
1063 1664 1299 1710 mentem
1337 1657 1543 1714 habens
1597 1660 1811 1729 ignorat
1845 1663 2038 1730 pulve-

473 1745 589 1784 rem
622 1745 743 1788 esse
776 1740 1017 1793 terram?
1046 1738 1320 1798 [ulernum
1360 1755 1542 1800 autem
1571 1749 1702 1803 dicit
1731 1765 1940 1816 aerem,
1974 1767 2040 1806 eo

473 1822 616 1889 quod
650 1822 880 1894 figuram
928 1845 1036 1884 non
1071 1831 1267 1889 habeat
1298 1846 1518 1908 propter
1552 1838 1871 1895 substantia:
1903 1843 2040 1896 rari-
2071 1817 2113 1872 Β

475 1919 640 1967 tatem
692 1932 706 1969 :
751 1917 1002 1974 similiter
1032 1924 1106 1987 [et
1155 1924 1356 1993 ignem.
1430 1926 1598 1984 Porro
1669 1930 1802 2002 ᾅδην
1861 1943 2038 1998 vocat,

470 2005 596 2072 quia
627 2023 984 2081 quoscunque
1017 2019 1344 2086 susceperit,
1383 2019 1558 2088 injicit
1607 2023 1687 2085 ei;
1718 2023 1899 2078 ἀῖδὶαν
1945 2027 2040 2081 καὶ

469 2093 752 2164 ἀφάνειαν,
787 2100 838 2154 id
869 2112 971 2169 est,
1010 2105 1062 2158 in
1095 2108 1452 2161 :eternitatem
1489 2119 1541 2164 et
1571 2111 1872 2167 interitum.

546 2183 610 2240 Et
640 2203 781 2242 mors
815 2199 863 2244 et
895 2193 1154 2263 infernus.
1208 2196 1438 2254 Mortem
1471 2209 1527 2254 ct
1563 2200 1838 2258 infernum
1878 2212 2039 2260 vocat

467 2290 562 2331 eos
601 2280 692 2348 qui
723 2281 883 2344 digna
913 2288 1183 2355 supplicio
1214 2291 1421 2358 eperati
1449 2302 1598 2358 sunt,
1629 2302 1886 2365 tanquam
1918 2304 2036 2350 tur-

471 2368 591 2423 bam
626 2375 882 2430 set-undae
913 2379 1107 2434 mortis
1141 2383 1446 2448 explentes.

1029 2469 1260 2526 CAPUT
1307 2473 1468 2530 LXV.

573 2553 651 2609 De
669 2556 794 2612 caelo
813 2567 860 2613 et
885 2569 1024 2616 terra
1050 2565 1215 2630 novis,
1237 2581 1563 2640 supernaque
1584 2568 1906 2630 Jerusalem.

538 2711 678 2780 XXI,
707 2716 818 2771 Μ.
850 2719 916 2773 Et
950 2723 1056 2776 vidi
1077 2725 1263 2780 calum
1294 2744 1484 2783 novum
1503 2739 1551 2784 et
1582 2741 1781 2787 terram
1804 2752 1988 2789 noram
2011 2752 2031 2790 .°

464 2806 611 2870 prius
643 2811 780 2862 εηὶηι
817 2815 1022 2881 emtum,
1055 2826 1104 2871 et
1148 2819 1295 2888 prior
1331 2830 1476 2876 terra
1510 2825 1773 2890 abierunt,
1802 2842 1852 2882 et
1885 2846 2032 2885 mare

465 2912 563 2950 non
588 2910 664 2953 est
696 2906 942 2973 amplius.
967 2908 1035 2963 Et
1059 2912 1164 2965 vidi
1183 2913 1446 2969 civitatem
1467 2928 1706 2974 sanatam
1729 2920 2029 2976 Jerusalem

464 3005 648 3044 novam
672 2995 1066 3056 descendentem
1095 3004 1161 3060 de
1183 3008 1334 3069 caelo,
1369 3027 1401 3063 a
1453 3011 1559 3066 Deo
1587 3023 1836 3081 paratam
1889 3018 2028 3072 sicut

460 3095 705 3148 sponsam
730 3101 973 3146 ornatam
1000 3097 1108 3149 viro
1128 3114 1246 3153 suo.
1276 3099 1342 3154 Et
1367 3105 1549 3158 audivi
1576 3121 1750 3160 vocem
1778 3125 2026 3180 magnam

2159 563 2234 632 μὴ
2270 561 2407 618 εἶναι
2439 567 2754 638 ἐχώρησαν,
2785 571 2942 624 τοῦτο
2973 572 3064 626 νῦν
3089 573 3557 645 ἐπανορθούμενος
3581 579 3607 628 ὁ
3638 578 3720 628 λό-

2153 672 2245 721 γος
2279 658 2460 728 φησὶν,
2485 661 2564 714 ὅτι
2620 662 2704 724 Ὠς
2732 663 2797 717 τὰ
2827 663 3052 732 σώματα
3080 667 3170 718 ἐπὶ
3200 667 3297 737 τὴν
3336 668 3510 738 ἀρχὴν
3541 671 3600 721 ἐκ
3630 669 3725 721 τοῦ

2156 745 2229 814 μὴ
2260 745 2411 811 ὄντος
2447 752 2526 812 εἰς
2553 750 2612 803 τὸ
2653 749 2792 805 εἶναι
2824 754 3093 822 προῆλθον
3113 798 3127 822 ,
3156 757 3257 810 οὐκ
3292 757 3349 822 ἐξ
3378 760 3681 826 αὐτομάτου
3705 799 3724 823 ,

2151 839 2267 893 ἀλλ’
2298 843 2361 896 ἑκ
2405 844 2514 896 τῶν
2558 847 2837 916 τεσσάρων
2881 851 3194 920 στοιχείων,
3237 851 3465 915 ὓδατος,
3517 855 3720 922 πυρὸς,

2151 931 2333 1001 ἀέρος,
2364 934 2498 1004 γῆς·
2535 934 2707 1000 οὕτως
2742 938 2976 1008 εὐλόγως
3026 943 3106 1005 εις
3137 944 3276 996 αὐτὰ
3326 945 3487 996 πάλιν
3526 945 3725 996 sva)»

2151 1021 2336 1089 θέντα,
2361 1026 2426 1078 ἐκ
2457 1026 2658 1081 τούτων
2687 1025 2844 1094 αὖθις
2883 1032 2982 1104 τὴν
3021 1034 3298 1106 σύμπηξιν
3336 1037 3721 1105 ἀναλήψονται.

2161 1117 2316 1171 Ἐπεὶ
2353 1118 2410 1172 δὲ
2440 1120 2618 1188 τοῦτο,
2655 1124 2751 1177 καὶ
2793 1127 3066 1198 συνδρομὴ
3107 1129 3269 1183 πάλιν
3297 1129 3404 1182 τῶν
3446 1133 3722 1200 καταρχὰς

2151 1209 2333 1278 μερῶν
2357 1211 2436 1274 εἰς
2470 1212 2764 1269 ὑπόστασιν
2792 1218 2898 1274 τῶν
2928 1218 3249 1290 ἀνθρώπων,
3280 1222 3366 1275 διά
3398 1221 3554 1276 τοῦτό
3586 1240 3720 1291 φησι

2147 1300 2248 1370 τὴν
2280 1299 2574 1370 θάλασσαν,
2601 1306 2720 1377 ἦτοι
2744 1308 2843 1380 τὴν
2865 1309 3107 1380 ὑδατώδη
3134 1312 3321 1365 οὐσίαν
3339 1312 3640 1366 ἀποϐλῦσαι
3662 1314 3722 1365 τὸ

2146 1392 2283 1464 πρὸς
2313 1395 2480 1466 αὐτὴν
2511 1398 2770 1469 χωρῆσαν
2800 1401 2965 1474 ὑγρόν
2986 1421 3000 1433 ·
3036 1403 3263 1459 θάνατον
3304 1405 3361 1460 δὲ
3393 1407 3490 1476 τὴν
3516 1406 3717 1474 γεώδη.

2145 1485 2268 1538 ἐπεὶ
2307 1488 2399 1539 καὶ
2427 1489 2640 1559 εἴρηται
2669 1492 2796 1561 περὶ
2831 1493 3001 1564 αὐτῆς
3025 1495 3106 1560 τὸ,
3147 1515 3166 1548 r
3195 1497 3287 1561 Εἰς
3318 1496 3446 1566 χοῦν
3487 1497 3718 1551 Θανάτου

2145 1578 2454 1647 κατήγαγες
2505 1597 2593 1650 με.
2644 1601 2662 1634 ι
2714 1583 2858 1648 Χοῦς
2904 1586 2981 1650 δὲ,
3027 1585 3107 1640 ὃτι
3147 1589 3249 1658 γῆ,
3297 1589 3380 1652 τίς
3416 1589 3538 1642 νοῦν
3580 1588 3720 1658 ἔχων

2142 1671 2359 1735 ἀγνοεῖς
2393 1670 2563 1742 ’ᾼδην
2593 1674 2673 1740 δὲ,
2703 1674 2794 1729 τὸν
2827 1676 2965 1748 ἀέρα
3005 1678 3179 1742 καλεῖ,
3212 1679 3288 1750 τῷ
3325 1679 3398 1750 μὴ
3443 1679 3586 1749 ἔχειν
3615 1698 3716 1750 χα-

2144 1761 2395 1830 ρακτῆρα
2428 1762 2515 1815 διὰ
2555 1765 2831 1836 μανότητα
2862 1767 3070 1833 οὐσίας.
3127 1770 3399 1835 Ὡσαύτως
3439 1772 3494 1833 δὲ
3533 1774 3628 1826 καὶ⁸
3658 1773 3719 1829 τὺ

2144 1850 2275 1922 πῦρ.
2311 1853 2480 1925 ’ᾍδην
2511 1854 2568 1908 δὲ
2608 1855 2777 1926 λέγει,
2809 1859 2917 1912 ἀπὸ
2947 1859 3039 1914 τοῦ
3076 1863 3162 1928 εἰς
3194 1863 3394 1918 ἀϊδίων
3429 1863 3528 1918 καὶ
3561 1862 3716 1934 rigati-

2141 1962 2331 2016 νειαν,
2362 1943 2444 2009 οἷς
2470 1949 2535 2005 ἂν
2565 1950 2788 2024 ἐπέλθῃ,
2806 1952 3028 2018 τούτους
3054 1955 3330 2026 ἐμϐαλεῖν.

2209 2209 2319 2265 Kal
2357 2212 2391 2265 ό
2432 2209 2690 2278 θάνατος
2737 2213 2834 2268 καὶ
2882 2217 2916 2269 ὁ
2959 2214 3131 2283 ᾅδης.
3178 2215 3416 2270 Θάνατον
3451 2214 3546 2268 καὶ
3580 2213 3716 2286 ᾅδην

2137 2302 2264 2366 τοὺς
2293 2303 2417 2370 ἄξια
2444 2307 2715 2377 τιμωρίας
2740 2309 3149 2380 ἐργασαμένους
3177 2308 3334 2362 καλεῖ
3351 2309 3426 2372 ὼς
3456 2308 3714 2380 συμπλη-

2141 2395 2367 2467 ροῦντας
2388 2395 2478 2450 τὸν
2506 2397 2600 2451 τοῦ
2624 2397 2877 2469 δευτέρου
2908 2398 3138 2454 θανάτου
3167 2399 3375 2470 ὅμιλον.

2717 2492 2965 2546 ΚΕΦΑΛ.
3000 2490 3118 2547 ΞΕ’.

2137 2579 2278 2649 Περὶ
2325 2579 2550 2635 καινῶν
2587 2582 2847 2650 οἰφανοῦ
2891 2599 2956 2636 τε
2994 2582 3092 2636 καὶ
3125 2581 3269 2652 γῆς,
3300 2579 3540 2651 καὶτῆς
3585 2581 3712 2635 dre:

2728 2653 3134 2723 Ἰερουσαλήμ.

2208 2744 2318 2798 Kal
2347 2741 2510 2799 εἶδον
2535 2745 2799 2813 οὐρανὸν
2829 2745 3058 2810 καινὸν,
3089 2745 3188 2799 καὶ
3224 2744 3342 2815 γῆν
3369 2744 3606 2812 καινήν,
3647 2744 3712 2798 ὀ

2136 2835 2245 2906 γὰρ
2277 2836 2506 2905 πρῶτος
2529 2838 2808 2905 οὐρανὸς,
2837 2836 2937 2890 και
2975 2837 3015 2905 ἡ
3047 2835 3244 2904 πρώτη
3280 2836 3354 2906 γῆ
3392 2835 3672 2904 ἀπῆλθον
3693 2853 3706 2865 ·

2135 2926 2234 2979 καὶ
2262 2925 2300 2993 ἡ
2332 2925 2616 2981 θάλασσα
2642 2927 2753 2980 οὐκ
2776 2927 2946 2980 ἔστιν
2968 2926 3076 2980 ἔτι.
3107 2927 3214 2980 Kal
3243 2927 3359 2995 τὴν
3383 2929 3566 2980 πόλιν
3594 2926 3710 2992 τὴν

2133 3018 2312 3088 ἁγίαν
2349 3019 2743 3087 Ἰερουσαλὴμ
2785 3019 3003 3088 καινὴν
3033 3019 3196 3074 εἶδον
3221 3021 3709 3074 καταϐαίνουσαν

2133 3112 2200 3164 ἐκ
2229 3112 2335 3166 τοῦ
2368 3111 2648 3181 οὐρανοῦ,
2683 3111 2799 3165 ἀπὸ
2830 3110 2936 3166 τοῦ
2975 3111 3122 3166 Θεοῦ
3152 3110 3598 3180 ἡτοιμασμένην
3624 3111 3703 3175 ὡς

460 3173 524 3228 de
569 3178 717 3244 calo,
780 3183 1036 3241 dicentem
1070 3189 1251 3247 :Ecce
1303 3196 1707 3252 tabernaculum
1761 3200 1860 3254 Dei
1906 3187 2056 3256 cum‘

2140 3205 2372 3273 νύμφην
2432 3168 2889 3272 ἐιεκοσιλημένην
2945 3201 3025 3268 τῷ
3085 3202 3257 3271 ἀνδρὶ
3322 3201 3534 3271 αὐτῆς.
3592 3201 3704 3256 Kal

460 3268 780 3337 hominibus,
815 3289 864 3331 et
895 3279 1152 3338 habitabit
1181 3302 1299 3340 cum
1327 3289 1424 3354 eis,
1448 3299 1498 3344 et
1532 3290 1636 3360 ipsi
1660 3295 1887 3363 papulas
1911 3295 2026 3364 ejus

2140 3268 2366 3364 ἤκουσα
2402 3268 2624 3365 φωνῆςν
2642 3268 2910 3364 μεγάλης
2939 3293 3007 3348 ἐκ
3038 3293 3144 3348 τοῦ
3181 3268 3440 3362 οὐρανοῦ
3462 3268 3703 3360 -.ιεγοὺ-

457 3372 628 3426 erum,
654 3374 702 3416 et
736 3366 845 3431 ipse
882 3368 1020 3425 Deus
1045 3389 1162 3428 cum
1193 3377 1268 3430 eis
1305 3380 1428 3433 erit.
1461 3380 1629 3452 819
1686 3382 1756 3436 Et
1800 3385 2029 3440 cessabit

2140 3407 2245 3458 γης
2265 3406 2278 3419 ·
2326 3389 2481 3443 Ἰδοὺ
2523 3389 2559 3457 ἡ
2593 3387 2793 3456 σκηνὴ
2822 3387 2928 3441 τοῦ
2960 3385 3112 3441 Θεοῦ
3149 3385 3298 3455 μετὰ
3328 3384 3449 3440 τῶν
3477 3384 3705 3453 ἀνθρώ-

459 3455 628 3506 omnis
662 3456 900 3526 lacryma
931 3463 996 3516 ab
1037 3469 1205 3523 oculis
1238 3487 1418 3525 eorum
1447 3489 1467 3528 :
1514 3484 1564 3528 et
1606 3491 1748 3530 mors
1783 3494 1888 3532 non
1925 3482 2029 3534 erit

2140 3455 2275 3547 των,
2305 3483 2402 3536 καὶ
2429 3480 2732 3548 σκηνώσει
2767 3481 2895 3550 μετ’
2935 3475 3154 3544 αὐτῶν,
3188 3477 3289 3532 καὶ
3337 3479 3505 3532 αὐτοὶ
3553 3478 3706 3543 λαὸς

458 3546 708 3614 amplius,
745 3569 907 3623 neqae
957 3558 1150 3624 luctus,
1187 3579 1348 3632 neque
1382 3565 1582 3621 clamor
1608 3607 1622 3631 ,
1655 3585 1817 3640 neque
1875 3562 2028 3627 labor

2140 3546 2320 3631 αὐτοῦ
2341 3546 2605 3640 ἔσονται,
2624 3574 2721 3628 καὶ
2737 3546 2917 3640 αὐτὸς
2941 3577 2974 3626 o'
2995 3572 3138 3639 Θεὸς
3150 3573 3278 3642 μετ’
3297 3574 3496 3628 αὐτῶν
3507 3574 3700 3628 ἔσται.

455 3641 558 3692 erit
588 3645 817 3713 amplius
845 3663 864 3702 :
893 3653 1145 3716 quoniam
1177 3656 1350 3726 prima
1382 3659 1650 3716 abierunt.

2140 3645 2241 3722 Kal
2282 3668 2548 3735 ἐκλείψει
2593 3665 2717 3724 πᾶν
2755 3665 3015 3733 δάκρυον
3049 3641 3170 3718 ἀπό
3210 3663 3329 3718 τῶν
3380 3664 3704 3734 ὀφθαλμῶν

453 3731 670 3789 αὐτῶν.
717 3739 826 3792 Καὶ
889 3743 922 3795 ό
959 3742 1213 3814 θάνατος
1267 3751 1380 3804 οὐκ
1418 3750 1588 3806 ἔσται
1619 3753 1725 3820 ἔτι,
1767 3757 1905 3812 οὔτε
1938 3758 2178 3827 πένθος,
2243 3761 2379 3815 οὔτε
2407 3731 2655 3830 κραυγὴ,
2682 3763 2820 3817 οὔτε
2847 3731 3034 3828 ,τόνος
3065 3762 3178 3815 οὐκ
3200 3759 3370 3814 ἔσται
3403 3757 3510 3812 ἐτι.
3568 3759 3700 3811 Ὅτι

456 3823 526 3880 τὰ
551 3826 750 3893 πρῶτα
777 3831 1033 3901 ἀπῆλθε.

527 3919 686 3976 Prius
733 3925 920 3981 calum
966 3940 1015 3984 et
1063 3933 1212 4002 prior
1267 3947 1412 3992 terra
1459 3938 1723 3997 abierunt.
1774 3943 1890 4002 Hoc
1950 3949 2026 4004 ait

2196 3949 2368 4003 Τοῦτο
2399 3949 2461 4002 οὐ
2495 3949 2594 4021 τὴν
2623 3949 2955 4020 ἀνυπαρξιαν
2988 3949 3163 4020 δηλῶν
3194 3948 3293 4020 τῆς
3325 3946 3551 4010 κτίσεώς
3594 3965 3697 4017 φη-

455 4029 560 4067 ιιοη
593 4026 860 4076 creatura:
888 4023 1205 4094 signilieans
1242 4030 1545 4098 interitum,
1580 4034 1678 4090 sed
1712 4041 2026 4096 renovatio.

2140 4060 2239 4109 τιν,
2273 4042 2408 4096 ἀλλά
2447 4042 2538 4095 τὸν
2569 4041 2964 4111 ἀνακαινισμδν
2991 4041 3083 4094 τὸν
3130 4041 3222 4094 ἐπὶ
3263 4041 3324 4094 τὸ
3365 4040 3594 4109 βέλτιον,
3636 4040 3698 4093 ὂν

451 4120 576 4160 nem
627 4106 680 4162 in
720 4111 962 4168 melius:
990 4118 1136 4184 quod
1171 4121 1334 4175 etiam
1389 4135 1617 4182 sanctus
1663 4127 1836 4183 David
1876 4131 2016 4187 dulci

2140 4106 2266 4190 ταὶ-ὁ
2292 4135 2433 4200 θεῖος
2465 4135 2718 4207 μελῳδῶν
2763 4106 2922 4187 Δαυῖδ
2954 4135 3325 4206 προηγόρευσε
3355 4106 3424 4188 δι’
3453 4126 3530 4188 ὧν
3553 4129 3648 4205 ᾖδε
3680 4189 3695 4211 ν

450 4209 610 4254 cantu
643 4203 844 4260 cecinit
872 4207 914 4272 ',
939 4207 1124 4266 dicens
1147 4227 1340 4271 omnes
1371 4216 1429 4271 in
1455 4220 1675 4276 modum
1707 4224 2012 4281 vestimenti

2140 4227 2323 4290 πάντας
2350 4226 2425 4289 ὡς
2457 4203 2669 4296 ῖμὰτνιον
2699 4203 3194 4294 παλαιωθήσεσθαι,
3230 4223 3325 4276 καὶ
3369 4222 3502 4276 ὡσεὶ
3540 4203 3698 4292 περιλ

451 4299 806 4362 veterascere,
835 4307 889 4355 et
923 4307 1181 4375 tanquam
1213 4309 1474 4365 amictum
1500 4312 1700 4369 involvi
1734 4326 1786 4369 et
1815 4316 2012 4378 immu-

2125 4317 2338 4369 ϐόλαιον
2373 4317 2648 4385 ἑλιχθῆναι
2681 4319 2776 4370 καὶ
2803 4314 3121 4385 ἀλλαγῆναι.
3155 4315 3229 4366 Τὸ
3253 4313 3361 4384 γὰρ
3388 4314 3697 4367 παλαιωθέν

445 4384 588 4437 ειη-ἰ.
612 4385 893 4457 Siquidem
927 4394 1227 4454 inveterata
1264 4417 1350 4458 res
1388 4418 1513 4471 qua:
1546 4417 1865 4472 renovatur.
1908 4425 2016 4462 ηοη
2055 4417 2056 4426 “

2140 4377 2623 4476 ἰνακαινιζόμενον,
2650 4409 2712 4461 οὐ
2748 4409 2849 4477 τῆς
2867 4377 3053 4471 οὐσίας
3079 4377 3405 4476 ἀφανισμόν,
3440 4405 3575 4460 ἀλλά
3597 4406 3694 4457 τοῦ

446 4480 768 4538 substantia:
797 4487 996 4557 accipit
1027 4493 1326 4559 interitum,
1363 4496 1458 4551 sed
1513 4500 1803 4554 vetustatis
1829 4514 1894 4553 ac
1925 4517 2018 4554 ru-

444 4589 635 4642 garum
671 4577 1033 4635 avulsionem.
1071 4585 1628 4642 Animadvertendum
1657 4604 1875 4660 quoque
1905 4601 2014 4658 est,

445 4665 590 4733 quod
621 4666 688 4720 de
741 4669 882 4724 cmlo
912 4679 967 4725 et
1009 4680 1151 4728 terra
1201 4674 1338 4731 dicit
1383 4678 1530 4741 quod
1583 4681 1860 4745 abierunt,
1903 4699 2014 4738 non

442 4757 600 4824 quasi
641 4773 765 4818 esse
795 4763 1086 4828 desierint,
1126 4767 1224 4822 sed
1263 4768 1582 4824 transierint
1623 4769 1785 4841 (nihil
1827 4783 2008 4829 autem

439 4863 628 4903 eorum
659 4867 780 4921 quae
815 4863 1100 4912 transeunt
1133 4859 1202 4913 ab
1234 4873 1344 4912 uno
1375 4859 1444 4913 ad
1477 4861 1646 4926 aliud,
1679 4865 1863 4919 statim
1889 4866 2001 4936 jam

439 4941 664 4995 omnino
690 4947 851 5015 perit,
907 4949 999 5003 sed
1033 4949 1392 5006 reformatum
1427 4961 1510 5008 est
1537 4955 1771 5011 transitu
1801 4973 1864 5012 ex
1903 4959 2004 5015 hoc

441 5036 492 5087 in
529 5036 718 5108 illud);
747 5041 1001 5097 abierunt
1032 5044 1254 5114 quidem
1274 5061 1338 5100 ea
1368 5062 1490 5117 qua:
1507 5048 1656 5118 prius
1687 5051 1790 5106 sibi
1821 5055 2002 5108 conti-

437 5139 647 5196 gerant,
687 5143 739 5187 et
771 5150 832 5187 ea
888 5145 1250 5204 susceperunt
1277 5137 1346 5191 ad
1390 5154 1512 5208 qua:
1541 5149 1667 5194 sunt
1698 5141 2003 5205 immutata.

505 5223 750 5280 Andrea.
787 5227 859 5281 De
889 5229 1025 5282 mari
1060 5244 1186 5283 vero
1227 5229 1381 5294 dicit,
1416 5232 1584 5300 quod,
1614 5231 1764 5289 Mare
1792 5254 1895 5290 non
1929 5249 2004 5293 est

433 5315 683 5384 amplius.
704 5317 835 5383 Qum
851 5320 994 5372 enim
1019 5323 1319 5378 necessitas
1348 5331 1430 5378 est
1455 5325 1644 5390 maris,
1666 5343 1788 5381 cum
1819 5331 2000 5384 homi-

329 5418 345 5432 ‘
432 5419 530 5460 nes
560 5423 626 5461 eo
655 5425 762 5463 non
790 5421 981 5479 egeant
1007 5415 1073 5468 ad
1106 5415 1495 5485 navigandum,
1514 5428 1606 5473 aut
1633 5429 1688 5475 ut
1707 5437 1801 5490 per
1822 5423 1998 5492 ipsum

432 5499 846 5566 suppeditentur
879 5515 1110 5560 vecturae
1151 5521 1342 5562 eorum
1391 5525 1510 5578 qum
1557 5511 1901 5569 adducuntur
1932 5533 1999 5572 ex

435 5591 751 5659 regionibus
775 5594 932 5666 longe
960 5599 1103 5667 sitis,
1135 5600 1227 5657 ubi
1265 5602 1521 5657 coluntur
1550 5619 1644 5659 seu
1683 5617 1949 5682 parantur
1974 5611 1997 5662 ?

499 5771 522 5820 ἢ
553 5773 696 5841 i‘sal.
733 5793 844 5845 ut,
880 5781 959 5836 l6.
1037 5787 1056 5817 ³
1083 5785 1314 5849 Psal.cr,
1363 5785 1580 5858 l,seqt|.

2124 4498 2311 4571 γήρως
2333 4500 2421 4552 καὶ
2447 4499 2553 4552 τῶν
2584 4500 2817 4570 ῥυτίδων
2844 4498 3108 4568 λαμϐάνει
3134 4498 3415 4563 ἀπόξυσιν.
3448 4489 3697 4567 Σημειω-

2121 4589 2243 4642 τέον
2278 4589 2370 4652 δὲ,
2399 4589 2481 4641 ὅτι
2520 4590 2650 4660 περὶ
2700 4589 2800 4659 μὲν
2848 4585 3077 4656 οὐρανοῦ
3123 4587 3218 4639 καὶ
3256 4585 3362 4655 γῆς
3405 4584 3576 4637 εἰπὼν
3609 4586 3695 4638 ὅτι

2121 4678 2384 4747 ἀπῆλθεν,
2415 4680 2576 4732 οἱονεὶ
2607 4680 2708 4732 οὐκ
2739 4681 2819 4741 εἰς
2866 4678 2928 4731 τὸ
2975 4676 3050 4747 μὴ
3091 4675 3149 4730 ὃν
3192 4676 3508 4746 ἐχώρησεν,
3553 4675 3693 4729 ἀλλὰ

2123 4769 2324 4838 μετέϐη
2359 4770 2533 4840 (οὐδὲν
2580 4770 2637 4823 δὲ
2685 4771 2793 4821 τῶν
2829 4767 3257 4837 μεταϐαινόντων
3304 4767 3362 4831 ἐξ
3408 4759 3471 4819 οὗ
3511 4767 3590 4828 εἰς
3637 4765 3688 4828 ὃ,

2117 4859 2217 4930 ἤδη
2250 4859 2345 4912 καὶ
2383 4860 2562 4930 πάντη
2585 4858 2869 4918 διόλωλεν,
2895 4857 3027 4910 ἀλλά
3045 4859 3112 4927 τῇ
3145 4857 3235 4922 ἀφ’
3265 4851 3324 4910 οὗ
3370 4859 3452 4919 εἰς
3489 4856 3517 4908 ὃ
3559 4873 3689 4924 μετα

2112 4949 2347 5015 ελεύσει,
2397 4945 2831 5021 ἀνεμορφώθη)·
2865 4947 2931 4999 τὰ
2964 4946 3062 5015 μὲν
3112 4945 3205 4998 τοῦ
3247 4946 3690 5015 καταληφθέντος

2109 5043 2372 5106 ἀπέϐαλε,
2402 5043 2470 5095 τὰ
2497 5042 2555 5094 δὲ
2584 5039 2680 5093 τοῦ
2713 5038 2846 5109 πρὸς
2876 5038 2904 5091 ὃ
2937 5036 3143 5108 μετέϐη
3170 5035 3476 5102 ἀνεδέξατο.

2555 5155 2569 5186 Ι

2191 5244 2480 5314 Ἀνδρέου.
2524 5243 2657 5312 Περὶ
2705 5241 2759 5294 δὲ
2812 5240 2909 5308 τῆς
2955 5239 3228 5308 Θαλάσσης
3259 5239 3444 5305 φησιν,
3485 5237 3568 5288 ἔτι
3624 5237 3689 5292 Ἠ

2105 5337 2392 5392 θάλασσα
2437 5334 2549 5386 οὐκ
2586 5331 2674 5384 ἔτι
2718 5334 2868 5384 ἔστι.
2907 5332 3001 5392 Τίς
3044 5329 3154 5401 γὰρ
3193 5329 3352 5400 χρεία
3374 5328 3681 5396 θαλάσσης,

2113 5427 2188 5497 μὴ
2221 5424 2492 5494 δεομένων
2535 5420 2835 5489 ἀνθρώπων
2876 5420 2969 5474 τοῦ
2999 5421 3151 5474 πλεῖν
3180 5419 3348 5489 αὐτὴν
3372 5459 3386 5483 ,
3420 5419 3452 5492 ἢ
3485 5419 3554 5472 δι’
3580 5419 3685 5471 αὐ-

2107 5517 2205 5586 τῆς
2232 5512 2551 5584 πορίζεσθαι
2583 5511 2650 5563 τὰ
2682 5512 2738 5563 ὲν
2767 5513 2887 5574 ταῖς
2928 5510 3142 5583 μακρὰν
3163 5509 3442 5582 κειμέναις
3468 5507 3682 5586 χώραις

2105 5605 2351 5677 γεωργοῦ
2360 5622 2492 5675 prava
2525 5602 2810 5674 ἁγ‹τ›γῑμα;
