4010 6626
362 408 458 473 761
499 441 501 443 ί

1425 420 1815 487 COMMENT.
1852 426 1933 488 IN
1955 429 2486 494 APOCALYPSIN.

3507 445 3619 510 762

431 521 541 574 Kal
572 522 607 590 ἠ
634 520 918 577 θάλασσα
947 525 1058 578 οὐκ
1086 525 1257 580 ἔστιν
1285 525 1392 582 ἔτι.
1423 530 1482 581 Εἰ
1506 532 1710 604 κόσμος
1735 527 1889 597 οὗτος
1912 557 1919 588 ι

2116 538 2185 592 Et
2218 557 2362 594 mare
2391 559 2494 594 nou
2534 552 2609 595 est
2639 544 2896 613 amplius.
2937 544 2993 599 Si
3026 547 3263 602 mundus
3315 547 3403 604 hic
3439 552 3618 606 sensi-

358 613 655 680 αίσθτ,τδς,
686 613 786 666 οὐκ
823 613 952 668 ἀλλο
980 633 1054 680 τι,
1090 617 1123 687 ἦ
1171 617 1234 671 τὸ
1274 619 1334 686 ὲξ
1381 622 1638 692 ούρανοῦ,
1679 629 1775 681 καὶ
1816 629 1942 697 γῆς,

358 703 454 756 καὶ
475 704 582 755 τῶν
611 705 670 756 ἐν
695 703 772 776 τῷ
798 705 948 778 μέσῳ
971 707 1226 780 σύστημά
1253 712 1368 765 ἐστι
1399 696 1490 767 καὶ
1514 714 1819 790 σύγκριμα,
1848 696 1942 774 τοῦ

355 793 591 866 ούρανοῦ
624 797 845 862 πάντως
880 800 975 853 καὶ
1018 803 1118 871 τῆς
1151 804 1256 873 γῆς
1297 805 1793 865 ἀνακαινισθέντων
1815 854 1830 877 ,
1867 813 1942 876 ὠς

354 886 458 956 ἤδη
492 887 847 960 παρεθέμεθα
870 931 885 954 ,
922 891 1142 957 πάντως
1169 895 1266 948 καὶ
1304 897 1372 950 τὰ
1415 902 1846 972 συμπληροῦντα
1877 906 1939 958 τὸ

352 975 566 1030 τοιοῦτο
595 978 848 1052 σύστημα
891 983 991 1036 οὐκ
1034 986 1328 1057 ἀμοιρήσει
1377 988 1469 1042 τοῦ
1517 992 1934 1066 ἀνακαινισμοῦ.

353 1069 420 1121 Τί
448 1065 540 1123 οὖν
572 1071 603 1142 ἡ
628 1072 867 1128 θάλασσα
891 1076 1027 1146 μόνη
1049 1077 1156 1130 τῶν
1184 1081 1243 1133 ὲν
1267 1080 1417 1154 μέσῳ
1442 1083 1656 1151 φύσεων
1685 1083 1745 1141 οὗ
1756 1105 1844 1150 σα.
1869 1090 1932 1144 ού

355 1160 534 1253 μόνον.
563 1165 836 1238 ἠστόχησε
877 1169 972 1221 τοῦ
997 1170 1421 1242 ἀνακαινισμοῦ,
1456 1176 1592 1230 ἀλλά
1621 1181 1717 1231 καὶ
1758 1180 1932 1253 πάντη

348 1251 449 1304 τοῦ
483 1248 656 1322 είναις
689 1257 746 1309 ΕΞ
777 1259 833 1311 δὲ
876 1259 1026 1328 λέγει
1055 1279 1140 1326 τις
1175 1265 1256 1317 ότι
1295 1266 1406 1319 τῶν
1452 1267 1804 1337 ἐμπλεόντων
1835 1248 1936 1326 οὐκ

347 1341 523 1397 ὄντων
550 1387 564 1410 ,
600 1347 814 1420 ἀνάγκη
851 1351 986 1420 μηδὲ
1019 1353 1188 1424 αὐτὴν
1236 1359 1600 1427 χρηματίζειν
1641 1361 1776 1431 ὅπερ
1819 1348 1935 1416 ἐστὶ

347 1436 466 1500 νῦν,
510 1439 753 1504 εἰκότως.
790 1443 862 1496 Τὸ
893 1443 949 1498 δὲ
984 1447 1062 1510 είς
1095 1450 1337 1520 παντελῆ
1383 1453 1726 1523 ἀνυπαρξίαν
1758 1455 1934 1509 ἐλθεῖν

345 1528 520 1598 αὐτὴν
558 1530 654 1601 ὲᾷν
688 1532 746 1599 ἐξ
795 1534 1051 1604 ἡμισείας
1098 1538 1473 1606 ἐπιτελοῦντος
1527 1545 1618 1597 τὸν
1651 1547 1930 1601 ἀνακαινι·

345 1620 497 1687 σμόιγ
513 1622 650 1676 ἐστι.
687 1625 751 1677 Τί
785 1625 876 1678 οὖν
909 1627 1023 1681 ἔστι
1060 1630 1193 1701 πρὸς
1223 1633 1380 1687 τοῦτο
1433 1636 1610 1708 ἐρεῖν,
1647 1635 1679 1710 ἢ
1715 1640 1932 1704 πάντως

305 1712 566 1781 ’ἐκεῖνο,
614 1715 690 1779 ὡς
730 1717 915 1789 ἐπειδὴ
961 1720 1208 1797 Θαλάσσῃ
1257 1725 1540 1797 ὡμοίωσεν
1573 1732 1601 1783 ό
1648 1730 1930 1803 θεοπάτωρ

338 1806 436 1859 τιν
478 1808 720 1879 παρόντα
769 1811 1011 1882 κόσμον,
1058 1817 1408 1885 ἀναγκαίως,
1462 1821 1549 1876 ἵνα
1598 1824 1672 1894 μή
1721 1841 1807 1888 τις
1849 1823 1928 1896 τῷ

2047 631 2174 686 bilis
2203 650 2308 686 non
2342 635 2486 689 aliud
2515 645 2598 690 est
2624 652 2790 705 quam
2818 641 3174 710 congregatio
3205 651 3258 695 et
3288 643 3619 699 coadunatio

2045 739 2109 775 ex
2142 724 2281 776 coelo
2313 735 2366 778 et
2386 735 2527 780 terra
2549 736 2601 780 et
2632 727 2993 795 intermediis,
3023 735 3206 797 utique
3227 733 3369 787 cmlo
3391 743 3445 788 et
3473 743 3618 790 terra

2043 817 2338 879 renovatis,
2377 827 2435 870 ut
2459 817 2573 888 jam
2604 821 2657 874 in
2692 821 2932 875 medium
2989 824 3337 891 protulimus,
3391 827 3619 882 omnino

2041 907 2206 961 etiam
2234 923 2296 960 ea
2326 926 2448 978 quze
2474 910 2788 978 hujusmodi
2816 915 3296 984 congregationem
3316 919 3614 988 complent,

2041 1011 2146 1052 non
2179 1009 2342 1052 erunt
2373 1003 2619 1069 expertia
2653 1004 3050 1060 reuovationis.
3100 1005 3282 1072 Quare
3323 1010 3488 1078 igitur
3522 1026 3616 1063 so-

2040 1088 2150 1142 lum
2201 1104 2352 1144 mare
2399 1094 2546 1161 quod
2597 1095 2650 1148 in
2693 1093 2871 1150 medio
2929 1107 3308 1153 creaturarum
3361 1111 3473 1165 estr
3506 1117 3614 1156 non

2037 1180 2212 1233 solum
2245 1185 2598 1240 renovatione
2632 1185 2962 1244 frustratum
2991 1199 3094 1258 est,
3127 1191 3222 1245 sed
3246 1201 3299 1245 et
3325 1191 3440 1262 ipsa
3471 1195 3618 1248 exsi-

2035 1275 2265 1326 stcntia?
2297 1275 2353 1329 Si
2399 1291 2578 1332 autem
2620 1280 2767 1335 dicat
2801 1282 2948 1352 quis,
3001 1283 3145 1352 quod
3196 1300 3316 1338 cum
3369 1301 3476 1339 non
3509 1286 3616 1341 sint

2035 1365 2126 1434 qui
2162 1367 2214 1419 in
2251 1385 2316 1422 eo
2344 1372 2623 1440 navigent,
2654 1390 2764 1428 non
2796 1386 2880 1430 est
2908 1392 3136 1432 necesse
3169 1377 3300 1431 illud
3339 1378 3614 1448 appellare

2034 1457 2178 1525 quod
2215 1475 2361 1514 nunc
2387 1473 2471 1515 est
2503 1481 2516 1515 :
2553 1474 2697 1518 recte
2731 1467 2950 1534 quidem
2975 1484 2988 1519 :
3011 1483 3198 1522 verum
3230 1469 3412 1524 sinere
3437 1471 3612 1540 ipsum

2033 1550 2219 1604 venire
2249 1551 2312 1603 ad
2354 1553 2667 1607 absolutum
2713 1555 3035 1623 interitum,
3071 1569 3154 1614 est
3204 1563 3611 1616 reuorationem

2032 1652 2096 1690 ex
2127 1639 2350 1692 dimidia
2387 1651 2540 1710 parte
2573 1643 2808 1698 efficere.
2835 1645 2978 1711 Quid
3012 1649 3177 1719 igitur
3201 1651 3265 1704 ad
3301 1650 3404 1704 hoc
3429 1651 3615 1705 dicen-

2032 1731 2159 1784 dqu
2198 1733 2326 1787 est?
2359 1735 2438 1788 An
2474 1735 2666 1805 utique
2698 1737 2856 1802 illud,
2890 1741 3036 1809 quod
3070 1741 3196 1810 quia
3227 1740 3319 1796 Dei
3354 1744 3611 1813 progeni-

2032 1826 2120 1874 tor
2150 1823 2286 1877 mari
2326 1825 2470 1880 hunc
2499 1827 2764 1882 mundum
2801 1831 3145 1894 assimilavit,
3180 1835 3514 1898 necessario,
3547 1850 3612 1889 ne

339 1899 726 1974 ἀνακαινισμῷ
755 1904 849 1958 τοῦ
880 1907 1109 1979 ούρανοῦ
1141 1913 1235 1964 καὶ
1264 1916 1364 1980 τῆς
1401 1917 1526 1986 γῆς,
1561 1917 1656 1970 καὶ
1680 1918 1780 1989 τὴν
1805 1919 1919 1974 κατ’

2032 1913 2156 1982 quis
2185 1914 2253 1968 ad
2283 1916 2406 1970 εαξιί
2439 1926 2494 1972 ει
2525 1926 2682 1973 terra:
2717 1921 3130 1976 renovatiouem
3172 1922 3334 1976 etiam
3373 1925 3609 1978 mentio-

338 1992 483 2045 αὐτὰ
526 1993 731 2067 τύρϐην
779 1998 1064 2067 ύποδάλοι,
1099 2000 1186 2056 διὰ
1220 2003 1314 2057 τοῦ
1359 2006 1582 2073 τελείως
1619 2009 1927 2081 ἀφανισμοῦ

335 2079 439 2148 τῆς
494 2080 791 2152 θαλάσσης,
846 2087 989 2140 κατά
1039 2088 1136 2158 τὴν
1188 2096 1546 2164 τροπολογίαν
1605 2099 1699 2152 τοῦ
1765 2079 1929 2152 Δαυῒδ

336 2172 523 2226 ἐκεῖνα
550 2177 858 2246 ὲσημείωσε
891 2181 984 2233 καὶ
1016 2182 1275 2250 ἐξείλετο,
1306 2185 1383 2249 ὡς
1412 2188 1647 2258 φρούδου
1675 2191 1772 2244 καὶ
1793 2192 1924 2246 ταύ-

333 2281 438 2334 της
468 2265 610 2320 κατά
638 2269 730 2323 τὸν
749 2271 1139 2344 ἀνακαινισμδν
1167 2275 1465 2348 ὲσομένηςς

407 2423 516 2477 Kal
543 2423 660 2492 τὴν
689 2428 871 2482 πόλιν
897 2429 1013 2499 τὴν
1039 2430 1216 2501 ἁγίαν
1257 2434 1648 2509 Ἰερουσαλὴμ
1677 2442 1920 2510 καινήν.

332 2514 506 2572 Πάλαι
576 2517 709 2587 μὲν,
778 2520 983 2590 φησὶν,
1061 2521 1424 2598 Ἰερουσαλὴμ
1488 2531 1549 2581 τὸ
1614 2530 1922 2599 ἁγιώτατον

333 2609 600 2678 σκήνωμα
637 2610 938 2681 ἐνομίζετο,
973 2615 1032 2668 ὲν
1157 2617 1252 2670 καὶ¹
1293 2619 1322 2671 ό
1350 2619 1476 2683 ναὸς
1513 2621 1607 2675 καὶ
1648 2625 1825 2679 πάντα
1852 2627 1921 2681 τὰ

329 2699 432 2768 τῆς
475 2699 805 2769 θεογνωσίας
850 2704 1128 2777 μυστήρια
1170 2707 1618 2782 τεθησαύρισται.
1664 2713 1813 2790 Αὕτη
1863 2716 1918 2773 δὲ

329 2791 430 2849 νῦν
478 2795 638 2868 καινὴ
677 2795 777 2853 οὐκ
833 2795 938 2865 ἔξω
990 2797 1153 2871 λόγου
1211 2801 1406 2874 ἐφόσον
1443 2806 1510 2878 τῇ
1564 2803 1660 2863 τοῦ
1711 2811 1916 2883 Κυρίου

330 2902 606 2961 παρουσία
635 2893 818 2965 ἐκεῖνα
861 2895 926 2963 τῇ
957 2894 1280 2967 παλαιότητι
1311 2898 1622 2970 ὴχρειοῦτο.
1675 2902 1914 2976 Ἀνάγκη

326 2983 441 3051 ἄρα
497 2984 690 3057 καινὴν
728 2985 823 3038 τοῦ
870 2987 1076 3052 παντὸς
1129 2993 1505 3064 καινοποιήσει
1557 2992 1917 3068 Ἰερουσαλὴμ

328 3078 772 3148 ἐμφανισθῆναι,
822 3081 920 3134 καὶ
969 3081 1030 3146 ἐξ
1070 3082 1301 3154 οὐρανοῦ
1340 3083 1665 3152 κατιοῦσαν,
1719 3088 1914 3142 ὁπόθεν

324 3170 644 3233 καινοποιδς
701 3171 908 3242 Κύριος
975 3174 1184 3245 Ἰησοῦς
1235 3177 1490 3247 Χριστός.
1559 3179 1912 3251 Ἰερουσαλὴμ

327 3261 431 3333 μὲν
459 3255 553 3316 οὖν
582 3261 778 3335 καινὴν
799 3305 814 3329 ,
854 3263 944 3318 διὰ
975 3265 1167 3319 τοῦτο’
1199 3268 1355 3322 πόλιν
1379 3267 1457 3332 δὲ,
1491 3269 1564 3333 ὡς
1597 3270 1913 3341 οἰκητήριον

216 3338 220 3341 ’
322 3353 545 3407 πάντων
575 3354 825 3422 ἀγγέλων
862 3356 956 3409 καὶ
992 3355 1297 3428 ἀνθρώπων
1344 3359 1634 3430 ἐσομένην.
1857 3363 1914 3416 δὲ

320 3446 418 3499 τοῦ
459 3446 596 3499 Θεοῦ
645 3447 1014 3517 ἡτοιμάσθαι’
1064 3450 1118 3503 τί
1174 3450 1283 3522 γάρ
1340 3468 1425 3516 τις
1472 3451 1580 3505 τῶν
1629 3455 1913 3524 σωτηρίων

323 3538 504 3609 ἑαυτῷ
553 3538 843 3612 κατορθοῖ,
874 3541 976 3610 τῆς
1022 3543 1128 3596 ἀπὺ
1157 3543 1250 3596 τοῦ
1296 3543 1432 3598 Θεοῦ
1474 3546 1913 3616 συναντιλήψεως

321 3631 604 3702 ἀμοιρῶν;
637 3633 929 3704 Τροπικῶς
958 3635 1016 3688 δὲ
1062 3638 1156 3690 καὶ
1189 3638 1628 3709 μεγαλοπρεπῶς
1669 3640 1745 3706 ὡς
1775 3641 1912 3713 νύμ-

322 3743 432 3796 φην
459 3727 829 3798 κεκόσμηκεν,
860 3727 932 3792 ὼς
961 3727 1027 3782 ἂν
1061 3730 1125 3782 ἐκ
1148 3731 1256 3785 τῶν
1279 3731 1554 3803 αἰσθητῶς
1579 3734 1910 3805 λεγομένων,

321 3819 402 3877 εἰς
430 3819 530 3889 τὴν
552 3819 750 3891 νοητὴν
771 3819 881 3872 τῶν
907 3821 1080 3888 ἁγίων
1109 3824 1489 3894 μακαριότητα
1518 3825 1613 3880 καὶ
1634 3827 1912 3900 διαγωγὴν

319 3910 414 3963 τὸν
443 3909 568 3964 νοῦν
604 3911 1071 3984 παραπέμψωμεν
1096 3913 1188 3968 τὸν
1214 3916 1504 3989 ἡμέτερον.

397 4132 504 4186 Kal
529 4131 714 4198 αὐτὸς
754 4135 788 4186 ό
823 4131 970 4198 Θεὸς
990 4137 1120 4203 μετ’
1149 4135 1350 4190 αὐτῶν
1380 4135 1572 4191 ἔσται.
1607 4137 1777 4192 Τοῦτο
1811 4157 1900 4202 σα·

323 4225 588 4295 φέστερον
616 4227 644 4278 ό
675 4225 996 4289 Ἀπόστολος
1023 4226 1197 4298 δηλῶν
1219 4227 1421 4295 ἔλεγεν·
1453 4247 1472 4280 ‹
1497 4229 1730 4284 Ἔπειτα
1750 4231 1910 4301 ἡμεῖς

321 4318 374 4370 οἱ
405 4317 604 4382 ζῶντες
632 4317 682 4370 οί
722 4317 1166 4389 περιλειπόμενοι
1197 4319 1640 4390 ἁρπαγησόμεθα
1670 4322 1728 4374 ὲν
1751 4321 1911 4389 νεφέ-

322 4411 445 4475 λαις
475 4413 555 4475 είς
601 4413 907 4481 ἀπάντησιν
939 4416 1032 4469 τοῦ
1066 4416 1273 4486 Κυρίου
1317 4419 1398 4479 είς
1427 4418 1567 4488 ἀέρα
1591 4458 1606 4480 .
1637 4419 1732 4472 καὶ
1765 4419 1910 4474 οὕτω

323 4503 559 4564 πάντοτε
608 4505 706 4559 σὺν
764 4506 956 4576 Κυρίῳ
1010 4508 1270 4577 ἐσόμεθα.
1304 4527 1322 4560 ι
1379 4509 1468 4562 Ἐν
1517 4511 1690 4584 ταύτῃ
1722 4507 1816 4566 οὖν
1839 4516 1905 4584 τῇ

2034 2019 2154 2058 nem
2187 2004 2369 2061 facere
2399 2008 2466 2061 de
2511 2013 2670 2064 turba
2711 2027 2834 2081 qum
2863 2015 2915 2066 in
2954 2013 3085 2082 ipsis
3121 2022 3226 2078 est,
3259 2029 3357 2084 per
3385 2014 3610 2070 absolu-

2031 2105 2147 2150 tqu
2186 2099 2355 2155 maris
2397 2100 2679 2156 interitum
2716 2102 2874 2172 juxta
2918 2105 3278 2176 tropologiam
3316 2106 3482 2160 David
3518 2106 3609 2161 illa

2029 2194 2240 2245 notavit
2264 2201 2318 2246 et
2347 2193 2581 2262 accepit,
2636 2196 2795 2264 quasi
2854 2197 3133 2253 incassum
3176 2197 3341 2253 etiam
3400 2197 3503 2254 hoc
3552 2198 3607 2253 in

2028 2282 2386 2338 renovatione
2411 2293 2560 2339 esset
2589 2285 2944 2342 addendum?

2093 2438 2261 2509 820
2282 2436 2353 2492 Et
2381 2439 2490 2493 vidi
2512 2440 2779 2496 civitatem
2804 2452 3044 2498 sanctam
3074 2444 3369 2502 Jerusalem
3395 2465 3604 2509 novam.

2023 2529 2187 2598 Olim,
2210 2530 2408 2601 inquit,
2430 2530 2731 2589 Jerusalem
2757 2537 3166 2593 sanctissimum
3189 2542 3602 2598 tabernaculum

2021 2623 2460 2691 existimabatur,
2499 2625 2556 2681 in
2585 2642 2692 2698 qua
2723 2637 2777 2683 et
2807 2631 3066 2699 templum
3103 2639 3158 2686 et
3186 2634 3369 2688 omnia
3407 2637 3605 2691 divinae
3665 2669 3679 2680 -

2022 2715 2350 2790 cognitionis
2421 2721 2677 2793 mysteria
2720 2731 2878 2779 erant
2919 2723 3232 2792 recondita;
3266 2725 3383 2783 haec
3424 2735 3602 2784 autem

2019 2824 2166 2865 nunc
2190 2827 2301 2864 non
2347 2811 2447 2866 abs
2491 2827 2553 2867 re
2596 2829 2735 2868 nova
2785 2815 3010 2880 dicitur,
3059 2828 3331 2887 quatenus
3382 2820 3470 2874 illa
3501 2837 3596 2891 per

2018 2905 2314 2958 adventum
2347 2903 2565 2959 Domini
2600 2915 2872 2962 vetustate
2924 2919 3054 2964 sunt
3092 2911 3292 2964 abolita
3330 2929 3342 2965 :
3379 2929 3604 2967 necesse

2019 3001 2104 3048 est
2130 2993 2315 3064 itaque
2367 3009 2566 3049 novam
2604 2995 2910 3053 Jerusalem
2961 3004 3317 3056 renovatione
3363 3004 3604 3059 uniVersi

2017 3101 2301 3155 apparere,
2341 3096 2396 3142 et
2431 3088 2498 3143 de
2539 3090 2680 3145 cmlo
2729 3091 3177 3156 descendentem,
3231 3097 3373 3148 unde
3425 3111 3602 3151 novus

2017 3179 2271 3248 apparuit
2300 3179 2570 3237 Dominus
2607 3181 2737 3238 Jesu
2772 3182 3048 3240 Christus.
3077 3185 3379 3241 Jerusalem
3412 3190 3604 3258 itaque

2020 3283 2242 3342 propter
2268 3273 2371 3329 hoc
2403 3274 2606 3330 dicitur
2642 3293 2658 3332 :
2691 3276 2886 3331 civitas
2936 3293 3087 3342 vero,
3140 3288 3400 3348 tanquam
3449 3278 3600 3334 fotu.

2021 3379 2142 3417 rum
2186 3365 2555 3421 habitacuhun
2603 3377 2927 3423 cunctorum
2964 3368 3281 3437 angelorum;
3338 3384 3392 3425 ει
3423 3371 3603 3424 botul-

2023 3470 2175 3509 num.
2220 3461 2258 3508 A
2307 3456 2417 3510 Deo
2475 3468 2661 3511 autem
2737 3466 2923 3528 parata
2965 3475 2979 3512 :
3031 3458 3162 3529 quid
3216 3457 3362 3511 enim
3421 3470 3598 3528 posset

2020 3547 2294 3618 quiSpiatn
2335 3558 2596 3619 pra‘stare
2619 3551 2763 3620 quod
2793 3551 2896 3605 sibi
2929 3551 2994 3604 ad
3024 3552 3253 3605 salutem
3287 3551 3522 3612 cederet.
3553 3552 3600 3607 si

2019 3655 2217 3708 expers
2259 3640 2330 3694 sit
2365 3640 2553 3694 auxilii
2600 3641 2746 3711 quod
2789 3656 2819 3695 a
2849 3641 2960 3695 Deo
3002 3641 3126 3696 est?
3155 3642 3439 3698 Moraliter
3467 3657 3599 3697 vero

2019 3731 2187 3784 etiam
2238 3732 2531 3801 magnifice
2570 3741 2834 3804 tauquam
2895 3750 3157 3804 sponsam
3194 3735 3504 3802 adornavit,
3540 3745 3600 3790 ut

2017 3839 2082 3876 ex
2122 3823 2478 3878 sensibilibus
2512 3825 2580 3878 ad
2616 3825 3040 3881 intellectualem
3074 3837 3389 3882 sanctorum
3425 3827 3601 3881 beati-

2021 3913 2262 3969 tudinem
2292 3932 2355 3970 ac
2381 3921 2860 3974 conversationem
2909 3919 3310 3976 transferamus
3355 3929 3596 3976 mentem

2017 4013 2292 4059 nostram.

2088 4133 2158 4188 Et
2183 4135 2294 4205 ipse
2319 4136 2454 4190 Deus
2479 4155 2597 4191 cum
2619 4140 2692 4193 eis
2715 4140 2835 4194 erit.
2862 4137 2978 4194 Hoc
3007 4139 3357 4197 manifestius
3389 4141 3596 4211 signifi-

2017 4244 2150 4283 cans
2185 4231 2507 4300 Apostolus,
2561 4233 2739 4288 dixit:
2779 4252 2797 4285 ι
2833 4231 2943 4288 Nos
2972 4235 3063 4304 qui
3098 4235 3333 4290 vivimus
3381 4237 3475 4306 qui
3509 4250 3597 4289 re-

2017 4321 2336 4393 linquimur,
2375 4325 2651 4394 rapientur
2675 4327 2890 4379 obviam
2917 4326 3139 4381 Christo
3173 4326 3226 4381 in
3257 4343 3408 4392 aera,
3441 4327 3595 4383 etsic

2016 4429 2233 4486 semper
2281 4431 2405 4470 cum
2472 4415 2706 4471 Domino
2763 4419 2973 4473 erimus
3019 4419 3062 4471 ⁸.
3108 4437 3127 4470 ι
3177 4419 3236 4472 1η
3281 4419 3388 4474 hoc
3431 4421 3597 4491 igitur

2017 4508 2391 4572 tabernaculo,
2421 4523 2525 4563 non
2558 4508 2898 4573 manufacto,
2946 4523 3056 4562 non
3085 4509 3190 4563 erit
3225 4509 3384 4565 ﬂetus
3419 4527 3596 4582 neque

325 4595 502 4666 σκηνῇ
551 4596 614 4665 τῇ
664 4596 1068 4668 ἀχειροποιήτῳ
1105 4598 1204 4650 οὐκ
1254 4598 1410 4652 ἔσται
1460 4598 1740 4670 κλαυθμὸς
1785 4600 1910 4655 οὕτε

2027 4595 2278 4667 lacryma,
2323 4613 2447 4666 quae
2494 4599 2712 4652 mortali
2758 4599 2882 4652 vita:
2925 4608 3154 4669 cognata
3210 4613 3367 4662 sunt.
3425 4617 3598 4671 neque

323 4683 562 4755 δάκρυον
614 4684 684 4740 τά
732 4685 991 4758 σύστοιχα
1035 4688 1113 4758 τῷ
1149 4690 1398 4760 ἑπικήρῳ
1449 4690 1550 4760 βίῳ
1581 4691 1708 4745 οὔτε
1749 4692 1910 4757 πόνος

325 4774 445 4846 (τὴν
467 4775 577 4828 τῶν
609 4775 781 4846 ἀγίων
813 4776 960 4847 λέγω
997 4780 1371 4834 κακοπάθειαν
1397 4782 1462 4852 ἢν
1497 4782 1809 4854 ὑπέστησαν
1851 4786 1911 4837 ἐν

322 4869 402 4938 τῷ
431 4869 690 4942 μοχθηρῷ
719 4869 894 4944 τούτῳ
924 4872 1022 4944 βίῳ
1043 4874 1085 4941 )⁶
1122 4875 1180 4926 ὲν
1213 4875 1405 4944 ἐκείνῳ
1436 4876 1494 4935 δὲ
1521 4876 1600 4946 τῷ
1634 4875 1905 4946 μέλλοντι,

327 4961 453 5014 ἐπεὶ
482 4962 557 5024 ὡς
597 4962 862 5034 ἀφθάρτῳ
891 4965 1104 5033 ἀπέδρα
1139 4965 1284 5037 λύπη
1314 4967 1408 5020 καὶ
1444 4967 1605 5038 ὀδύνη
1651 4970 1742 5022 καὶ
1783 4986 1909 5030 στε-

324 5054 556 5123 ναγμὸς,
581 5054 728 5125 ἀργὰ
750 5056 922 5110 ταῦτα
957 5058 1138 5112 πάντα
1166 5060 1261 5112 καὶ
1296 5060 1550 5130 περιττά.

401 5209 531 5263 Ὅτι
566 5209 637 5264 τὰ
665 5211 866 5279 πρῶτα
889 5211 1145 5282 ἀπῆλθε.
1192 5213 1275 5268 Τά
1302 5213 1515 5286 πρῶτα,
1554 5215 1624 5274 τὰ
1672 5218 1780 5272 ἀπὸ
1808 5221 1907 5291 τῆς

327 5301 690 5372 παραϐάσεως
759 5305 932 5376 Ἀδάμ
979 5308 1046 5385 τῇ
1108 5304 1285 5378 φθορᾷ
1341 5307 1750 5380 ὑποϐληθέντα,
1797 5311 1908 5364 εῐτε

325 5393 532 5464 ὀχληρά
567 5395 658 5447 καὶ
703 5394 954 5451 ἐπώδυνα
997 5401 1109 5463 τοῖς
1147 5398 1420 5470 θεοφιλέσι
1469 5400 1538 5456 δι’
1579 5402 1781 5474 ἀρετὴν
1819 5403 1910 5457 εύο

326 5491 675 5563 πορούμενα,
707 5492 816 5546 εἴτε
859 5494 926 5547 δι’
960 5494 1279 5560 ἀλαζονείαν
1318 5489 1764 5573 καὶάφροσύνην
1795 5501 1908 5566 τοῖς

329 5582 679 5638 θεοδλαδὲσιν
707 5587 1194 5658 ἐπακολουθοῦντα,
1222 5591 1400 5651 πάντα
1426 5591 1657 5664 ἀπῆλθε.

405 5846 428 5880 ⁸
454 5847 476 5910 ι
508 5846 702 5910 Thess.
732 5865 802 5914 IV,
841 5849 925 5906 16.

2012 4689 2200 4743 labor:
2234 4698 2550 4744 sanctorum
2583 4690 2931 4745 afﬂictionem
2962 4691 3108 4757 dico,
3139 4706 3304 4761 quam
3345 4693 3398 4747 in
3441 4693 3598 4763 flagi-

2010 4779 2152 4836 tiosa
2183 4790 2236 4836 et
2262 4781 2539 4837 laboriosa
2572 4781 2674 4835 hac
2701 4781 2812 4836 vita
2859 4781 3247 4838 sustinuerunt
3283 4802 3296 4839 :
3329 4783 3382 4838 in
3413 4783 3595 4840 futura

2006 4881 2186 4926 autem
2232 4872 2342 4926 vita
2384 4889 2509 4928 cum
2571 4875 2900 4930 immortalis
2944 4876 3015 4930 sit
3051 4914 3068 4939 ,
3116 4875 3255 4947 fugit
3313 4876 3492 4932 luctus
3544 4887 3600 4933 et

2008 4966 2168 5020 dolor
2200 4981 2265 5020 ac
2291 4966 2528 5036 gemitus
2561 4983 2576 5020 :
2602 4975 2657 5022 et
2688 4967 2762 5022 ita
2787 4966 2967 5023 otiosa
2996 4975 3164 5023 erunt
3189 4970 3306 5025 haec
3333 4970 3518 5025 omnia
3541 4979 3598 5024 et

2008 5056 2306 5129 superﬂua.
3499 5048 3516 5075 ’

2090 5215 2357 5286 Quoniam
2381 5218 2556 5286 prima
2586 5218 2850 5274 abierunt.
2884 5217 3066 5274 Prima
3093 5234 3215 5290 quae
3235 5233 3267 5273 a
3296 5227 3598 5289 transgres-

2017 5309 2174 5366 sione
2201 5309 2374 5364 Adam
2408 5310 2818 5380 corruptionem
2847 5311 3275 5377 comitabantur,
3322 5310 3439 5365 sive
3472 5323 3592 5362 mo-

2008 5401 2147 5458 lcsta
2174 5417 2241 5458 ac
2265 5402 2522 5469 dolorosa
2557 5419 2682 5474 qum
2714 5403 2768 5458 in
2801 5403 2996 5458 amicis
3028 5403 3121 5458 Del
3154 5410 3380 5473 propter
3411 5401 3593 5456 virtu-

2009 5505 2116 5552 tem
2145 5496 2448 5564 abundant,
2480 5497 2599 5554 sive
2627 5504 2847 5568 propter
2883 5495 3195 5566 superbiam
3240 5510 3307 5550 ac
3330 5493 3596 5564 insipien-

2007 5589 2140 5646 tiam
2190 5588 2392 5660 impios
2435 5605 2500 5647 ac
2532 5588 2858 5648 temerarios
2902 5595 3356 5661 consequuntur,
3408 5585 3596 5646 omnia

2008 5681 2287 5742 abierunt.
