4010 6636
406 415 516 481 767

1253 424 1584 485 ARETII/E
1621 422 2000 485 (ΣίΕΞΑΙὶΕίΕ
2032 420 2511 483 CAPPADOCI/E
2548 419 2884 481 EPISCOPl

3552 416 3663 482 768

405 529 730 596 prehensus.
757 528 946 586 Murus
970 532 1155 601 itaque
1185 532 1338 589 visus
1366 545 1449 587 est
1473 550 1537 589 ex
1562 533 1774 604 jaspide
1802 532 1976 603 lapide

2079 548 2161 583 σει
2185 530 2406 600 ληπτόν.
2442 529 2515 582 Τὸ
2557 531 2737 598 τεῖχος
2783 529 2882 598 μὲν
2911 527 3004 581 οὖν
3046 526 3250 583 ἰάσπιδι
3298 527 3485 600 ὼράθη
3526 527 3664 599 λίθῳ

403 620 744 689 compositus
766 631 988 692 propter
1013 623 1216 680 coloris
1242 625 1597 679 viriditatem.
1629 624 1808 680 Viride
1838 626 1982 679 enim

405 727 627 781 gramen
661 716 813 782 praeit
845 730 1009 771 omne
1052 730 1328 771 terrenum
1370 719 1711 773 alimentum.
1745 718 1887 785 Quin
1931 728 1986 774 et

407 805 787 873 crystallizans
836 808 1010 877 jaspis
1064 812 1245 873 muri,
1283 810 1526 880 designat
1582 810 1759 880 ipsum
1806 812 1984 865 conti-

406 909 534 948 nere
570 897 860 964 puritatem
893 908 948 952 et
991 915 1181 954 carere
1220 902 1672 969 reprehensione.
1716 902 1983 957 Prmterea

405 987 694 1042 sublimem
731 990 867 1044 dicit
906 1007 1124 1047 murum
1159 1001 1213 1048 et
1242 994 1409 1047 altum
1449 1010 1462 1046 :
1501 1010 1677 1065 neque
1713 995 1854 1050 enim
1886 996 1982 1049 Al-

408 1078 620 1133 tissimo
636 1090 849 1148 gratum
875 1092 959 1137 est
987 1085 1037 1137 in
1070 1085 1367 1139 humilibus
1393 1095 1445 1139 et
1469 1085 1694 1155 abiectis
1712 1088 1980 1153 habitare,

407 1171 501 1225 sed
539 1172 592 1225 iu
620 1174 705 1228 his
731 1176 932 1243 quibus
962 1177 1223 1232 sublimes
1249 1189 1375 1232 sunt
1403 1194 1598 1235 sensus
1620 1192 1674 1235 et
1704 1182 1981 1237 caelestem

408 1260 669 1317 habentes
711 1267 1150 1321 sanetimouiam.
1188 1267 1429 1337 .Species
1469 1280 1649 1325 autem
1696 1272 1983 1330 luniinaris

406 1353 807 1420 pretiosissimo
835 1358 1051 1425 quidem
1078 1360 1243 1428 lapidi
1265 1372 1636 1431 comparatur,
1665 1378 1773 1418 non
1800 1373 1982 1419 tamen

406 1443 584 1509 qualis
619 1445 783 1500 fuerit
811 1459 1064 1517 aspectus
1091 1452 1399 1507 ostenditur
1430 1473 1445 1509 :
1476 1455 1605 1525 quia
1632 1471 1807 1526 neque
1834 1473 1981 1511 mor-

408 1534 603 1589 talsbus
645 1546 701 1591 et
744 1543 1197 1607 corruptibilibus
1238 1545 1401 1600 rebus
1442 1545 1715 1615 designari
1755 1554 1983 1618 possunt

404 1642 525 1694 quae
569 1627 912 1687 divinissitna
955 1643 1084 1688 sunt
1121 1644 1175 1689 et
1216 1637 1402 1692 sensui
1450 1653 1797 1708 nequaquam
1846 1640 1979 1695 sub-

404 1717 572 1785 jecta.

475 1807 618 1874 XXI,
654 1811 838 1867 12-”.
889 1813 958 1867 Et
1003 1816 1223 1871 habebat
1262 1829 1443 1887 portas
1491 1820 1796 1887 duodecim,
1829 1834 1877 1878 et
1923 1824 1979 1878 in

2093 622 2598 695 συντετελεσμένον,
2628 622 2717 674 διὰ
2738 621 2798 673 τὸ
2830 620 3045 691 χλοερὸν
3066 620 3158 673 τοῦ
3182 620 3490 690 χρώματος.
3514 621 3661 690 Χλόη

2090 716 2198 784 γὰρ
2222 716 2436 785 ἡγεῖται
2476 714 2657 785 πάσης
2685 712 2927 782 ἐπιγείου
2946 712 3171 782 τροφῆς.
3219 713 3377 767 Ἀλλά
3404 712 3497 766 καὶ
3526 730 3663 782 κρυ-

2092 805 2445 869 σταλλίζουσα
2475 808 2508 877 ή
2542 807 2732 869 τασπις
2767 803 2862 858 τοῦ
2909 806 3141 874 τείχους,
3178 805 3238 857 τὸ
3269 804 3513 873 καθαρὸν
3561 807 3658 858 καὶ

2088 897 2321 968 ἄμωμον
2363 898 2712 968 αἰνιττομένη
2759 897 2854 965 τοῦ
2910 897 3325 967 περιεχομένου.
3367 898 3525 953 Ἀλλά
3559 899 3654 951 καὶ

2089 988 2292 1059 ὑψηλόν
2321 1005 2453 1061 φησι
2487 990 2644 1043 τοῦτο
2686 990 2779 1043 καὶ
2814 989 2979 1059 μέγα.
3012 990 3086 1043 Οὐ
3135 990 3243 1061 γὰρ
3278 992 3335 1043 ὲν
3377 992 3656 1054 ταπεινοῖς

2088 1081 2179 1133 καὶ
2212 1081 2569 1151 χαμαιζήλοις
2622 1082 2651 1134 ό
2701 1080 2965 1151 ’Υψιστος
3010 1082 3298 1153 εὐαρεστεῖ
3354 1086 3649 1146 κατοικεῖν,

2088 1170 2203 1224 ἀλλ’
2231 1173 2377 1233 ὅσοις
2402 1171 2669 1242 μετάρσια
2705 1171 2777 1224 τὰ
2798 1172 3139 1243 φρονήματα,
3166 1174 3259 1226 καὶ
3281 1174 3379 1241 τῆς
3401 1174 3650 1242 οὐρανίου

2088 1259 2321 1329 ἐχόμενα
2347 1262 2695 1331 σεμνότητος.
2728 1261 2802 1314 Τὸ
2825 1262 2885 1316 δὲ
2899 1260 2993 1315 τοῦ
3023 1263 3305 1333 φωστῆρες
3336 1259 3496 1325 εἶδος,
3523 1262 3653 1333 λίθῳ

2090 1351 2190 1421 μὲν
2253 1351 2665 1421 παραϐάλλεται
2703 1353 3041 1424 τιμιωτάτῳ,
3089 1353 3151 1406 οὐ
3202 1353 3384 1423 μέντοι
3418 1354 3510 1406 καὶ
3555 1356 3652 1424 τὴν

2089 1440 2232 1493 ἰδέαν
2258 1442 2441 1503 ὁποῖος
2470 1440 2824 1506 ἐνδείκνυται,
2862 1442 2944 1495 ὅτι
2980 1443 3117 1513 μηδὲ
3172 1443 3386 1514 θνητοῖς
3428 1445 3523 1496 καὶ
3551 1446 3651 1511 ἀφ-

2088 1531 2305 1601 θάρτοις
2336 1532 2405 1585 τά
2432 1532 2683 1585 θειότατα
2706 1534 2800 1586 καί⁵
2823 1534 3069 1603 αἰσθήσει
3096 1533 3375 1590 ἀδούλωτα
3408 1535 3649 1603 πέφυκεν

2087 1624 2667 1697 ὁποδειγματίςεσθαι.

2159 1807 2474 1878 Ἐχουσαν
2506 1807 2795 1876 πυλῶνας
2843 1807 3087 1874 δώδεκα,
3117 1808 3332 1863 καίἐπί
3374 1825 3499 1874 τοις
3539 1824 3652 1861 πυτ

405 1904 572 1965 portis
599 1906 810 1973 angelos
846 1907 1144 1975 duodecim,
1176 1921 1225 1964 et
1266 1913 1480 1966 nomina
1524 1915 1817 1979 inscripta,
1860 1933 1976 1986 quae

2078 1901 2272 1957 λῶσιν
2294 1901 2588 1973 ἀγγέλους
2608 1903 2855 1960 δώδεκα.
2887 1904 2990 1958 Kal
3021 1903 3279 1973 ὀνόματα
3300 1903 3647 1971 ἐπιγεγραμ-

404 2002 527 2044 sunt
565 1997 778 2048 nomina
819 1999 1096 2054 duodecim
1128 2002 1363 2056 tribuum
1398 2005 1632 2074 ﬁliorum
1665 2006 1858 2064 Israel.
1898 2012 1976 2064 Ab

404 2083 602 2137 oriente
634 2095 802 2153 porta:
844 2097 972 2151 tres,
1009 2101 1057 2143 et
1098 2092 1162 2145 ab
1190 2095 1433 2163 aquilone
1469 2109 1636 2165 porta:
1665 2108 1788 2163 tres,
1824 2112 1875 2155 et
1912 2103 1976 2155 ab

405 2184 589 2228 austro
614 2188 781 2245 poma
807 2189 935 2245 tres,
957 2182 1122 2254 824
1149 2194 1197 2238 et
1232 2187 1296 2238 ab
1331 2204 1521 2242 occasu
1552 2202 1718 2259 porta:
1751 2205 1875 2248 tres.
1908 2194 1977 2248 Et

403 2280 585 2319 murus
613 2268 844 2326 civitatis
874 2271 1096 2327 habebat
1126 2276 1472 2344 fundamenta
1498 2281 1805 2350 duodecim,
1841 2294 1889 2338 et
1922 2288 1979 2340 in

403 2356 530 2421 ipsis
559 2354 834 2413 duodecim
875 2365 1090 2417 nomina
1124 2365 1399 2421 duodecim
1430 2370 1788 2439 apostolorum
1816 2373 1974 2445 Agni.

470 2622 687 2680 Nullum
716 2642 781 2681 ex
815 2627 901 2685 his
934 2629 1135 2687 durum
1168 2632 1504 2692 intellectum
1533 2639 1599 2691 ad
1629 2639 1977 2708 explanatio-

402 2729 526 2767 nem
552 2716 690 2771 trahi
714 2733 937 2774 necesse
954 2732 1058 2777 est.
1082 2724 1312 2789 Quando
1339 2726 1483 2781 enim
1510 2743 1772 2784 numerus
1794 2740 1979 2801 aperte

400 2806 649 2877 designat
692 2812 975 2879 apostolos
1021 2813 1272 2881 Domini,
1314 2817 1431 2888 ipse
1477 2830 1755 2889 portarum
1808 2839 1976 2891 usus,

404 2910 599 2966 nempe
626 2901 770 2968 quod
818 2902 1171 2960 introducant
1199 2908 1266 2962 ad
1298 2910 1556 2967 conclave
1587 2913 1731 2978 vitae,
1760 2925 1980 2984 aposto-

402 2986 484 3041 lus
514 2985 686 3055 ipsius
731 3002 1104 3061 repraesentat,
1141 3011 1239 3067 per
1274 3014 1413 3068 quos
1444 3010 1630 3070 gentes
1662 3006 1727 3058 ad
1769 3004 1975 3062 Christi

399 3078 661 3135 conclave
699 3080 1022 3141 introducta:
1057 3098 1206 3145 sunt.
1254 3092 1492 3161 Angelos
1527 3110 1657 3150 vero
1688 3097 1976 3154 duodecim

402 3168 455 3223 in
485 3172 656 3241 portis
678 3176 1038 3245 constituunt,
1067 3196 1208 3249 quos
1230 3182 1566 3254 interpretati
1592 3198 1722 3243 sunt
1752 3201 1974 3260 aposto-

399 3261 502 3326 los,
535 3280 632 3333 per
652 3281 789 3334 quos
812 3270 970 3323 nobis
997 3271 1257 3329 introitus
1290 3285 1343 3330 et
1375 3277 1440 3331 ad
1470 3276 1684 3334 Patrem
1716 3297 1973 3340 accessus

400 3367 736 3425 praeparatur
768 3365 1151 3431 cooperatioue
1194 3370 1509 3437 angelorum
1530 3412 1545 3437 ,
1578 3373 1672 3443 qui
1705 3376 1822 3444 pari
1867 3393 1972 3430 nu-

401 3462 556 3502 mero
588 3447 697 3505 sint
735 3467 859 3506 cum
909 3454 993 3509 his
1028 3456 1300 3524 praefectis
1348 3478 1363 3515 :
1414 3472 1511 3516 aut
1562 3465 1745 3533 potius
1783 3483 1970 3522 eorum

402 3539 715 3609 angelorum
767 3544 858 3611 qui
900 3548 1168 3616 segregati
1215 3559 1344 3605 sunt
1398 3552 1463 3606 ad
1518 3556 1969 3619 gubernationem

399 3626 689 3685 duodecim
738 3635 979 3689 tribuum
1038 3636 1234 3703 Israel,
1284 3640 1439 3709 juxta
1493 3646 1873 3714 cognationem
1917 3651 1970 3704 iu

400 3721 689 3777 sanctitate
720 3724 1024 3782 fundatam.
1062 3728 1125 3783 Et
1168 3732 1521 3787 meritissime
1555 3735 1630 3789 ita
1665 3739 1887 3795 dicitur.
1914 3741 1970 3797 Si

400 3812 544 3867 enim
595 3829 916 3884 persuasum
954 3819 1111 3874 nobis
1151 3828 1256 3884 est,
1293 3824 1493 3891 cuique
1540 3824 1782 3881 ﬁdelium
1834 3831 1975 3887 desi-

399 3916 623 3977 gnatum
666 3923 789 3963 esse
832 3910 1122 3980 angelum,
1158 3914 1331 3967 multo
1375 3915 1550 3986 magis
1602 3916 1976 3978 fundamentis

403 3997 660 4053 Ecclesiae
689 4010 743 4054 et
775 4002 1071 4072 evangelici
1100 4003 1248 4058 verbi
1287 4004 1711 4065 seminatoiibus
1741 4027 1975 4068 consen-

401 4104 621 4148 taneum
648 4102 732 4149 est
763 4097 986 4166 angelos
1028 4112 1152 4153 esse
1191 4098 1470 4170 adjutores
1500 4102 1567 4157 ad
1600 4106 1969 4176 evangelicam

399 4185 862 4254 praedicationem.

466 4278 538 4334 Et
573 4282 787 4335 nomina
831 4284 1102 4353 inscripta.
1154 4283 1212 4340 ln
1264 4287 1412 4342 cultu
1462 4288 1680 4358 quidem
1736 4289 1973 4348 Massico

396 4384 722 4444 praeceptum
755 4386 872 4431 erat
905 4388 965 4431 ut
985 4377 1039 4430 in
1065 4378 1501 4448 superbumerali
1534 4382 1968 4438 inscriberentur

398 4466 611 4522 nomina
636 4468 1095 4537 patriarcharum,
1120 4470 1173 4524 in
1197 4481 1521 4527 testamento
1548 4484 1727 4529 autem
1751 4473 1969 4528 Domini

2078 1995 2263 2065 μένα,
2333 1996 2372 2052 ἅ
2424 1996 2594 2051 ἐστιν
2650 1997 2910 2067 ὀνόματα
2971 1994 3091 2050 τῶν
3148 1994 3376 2049 δώδεκα
3441 1996 3646 2065 φυλῶν

2077 2086 2225 2141 υιῶν
2275 2087 2535 2155 Ἰσραήλ.
2574 2087 2719 2143 Ἀπὸ
2772 2086 3105 2153 ἀνατολῶν,
3156 2086 3431 2152 πυλῶνες
3471 2086 3644 2154 τρεῖς,

2078 2180 2175 2233 καί
2225 2180 2342 2234 ἀπὸ
2386 2178 2582 2249 ,βορῤᾶ
2626 2180 2903 2245 πυλῶνες
2945 2179 3121 2248 τρεῖς,
3158 2178 3255 2232 καί
3299 2180 3417 2233 ἀπὸ
3467 2180 3641 2232 νότου

2079 2268 2353 2336 πυλῶνες
2388 2270 2562 2339 τρεῖς,
2589 2269 2688 2324 καί
2714 2270 2831 2324 ἀπὸ
2874 2267 3125 2337 δυσμῶν
3151 2267 3427 2334 πυλῶνες
3468 2268 3642 2335 τρεῖς,

2078 2360 2177 2414 καὶ
2201 2360 2264 2413 τὸ
2293 2361 2489 2430 τεῖχος
2517 2360 2629 2429 τῆς
2653 2362 2885 2429 πόλεως
2898 2361 3045 2431 ἕχον
3063 2361 3377 2430 θεμελίους
3396 2359 3640 2425 δώδεκα,

2080 2454 2177 2507 καί
2202 2455 2297 2508 ἐπ’
2327 2453 2525 2508 αὐτῶν
2549 2451 2778 2508 δώδεκα
2811 2455 3071 2524 ὀνόματα
3094 2452 3213 2507 τῶν
3247 2451 3474 2508 δώδεκα
3499 2452 3645 2507 ἀπο-

2078 2547 2317 2601 στόλων
2341 2545 2449 2600 τοῦ
2497 2548 2753 2615 Ἀρνίου.

2146 2641 2313 2696 Οὐδὲν
2343 2642 2406 2695 ὲκ
2446 2639 2652 2695 τούτων
2681 2638 2996 2711 περισκελὶς
3026 2638 3203 2710 νόημα
3232 2639 3312 2700 εἰς
3349 2637 3645 2707 σαφήνειαν

2082 2731 2475 2803 μεθελκόμενον
2508 2731 2789 2801 τυγχάνει.
2826 2731 2896 2784 Ὀ
2928 2746 2986 2783 τε
3024 2728 3133 2799 γάρ
3177 2728 3406 2798 ἀριθμὸς
3462 2725 3643 2793 σαφῶς

2076 2824 2205 2890 τοὺς
2248 2823 2581 2888 ἀποστόλους
2605 2822 2809 2894 Κυρίου
2834 2820 3147 2891 ὑποφαίνει,
3170 2820 3205 2891 ἦ
3240 2837 3298 2873 τε
3330 2817 3488 2889 χρεία
3529 2816 3636 2869 τῶν

2079 2919 2340 2975 πυλώνων
2369 2919 2445 2985 ὡς
2489 2918 2821 2987 εἰσαγόντων
2867 2918 2947 2981 εἰς
2986 2916 3047 2970 τὸ
3091 2916 3189 2985 τῆς
3221 2914 3366 2984 ζωῆς
3422 2914 3642 2981 ταμεῖον

2078 3014 2205 3076 τοὺς
2235 3010 2402 3066 αὑτοῦ
2449 3011 2779 3073 ἀποστόλους
2817 3010 3079 3081 παριστᾷ,
3104 3007 3170 3061 δι’
3200 3000 3274 3061 ὧν
3312 3005 3379 3059 τὰ
3403 3006 3530 3071 ἔθνη
3570 3002 3642 3072 τῷ

2080 3103 2321 3174 Χριστοῦ
2354 3103 2564 3174 ταμείῳ
2616 3102 2970 3173 εἰσήχθησαν.
3013 3098 3302 3168 ’Δγγέλους
3330 3097 3388 3151 δὲ
3439 3095 3641 3150 δώδεκα

2079 3199 2172 3251 ἐπὶ
2204 3197 2314 3253 τῶν
2360 3195 2621 3251 πυλώνων
2658 3195 3002 3258 καθιστᾶσιν,
3036 3190 3131 3257 οὓς
3163 3192 3286 3255 τοὺς
3318 3189 3643 3249 ἀποστόλους

2075 3288 2416 3359 ὲξειλήφασι,
2445 3287 2514 3339 δι’
2553 3279 2628 3339 ὧν
2652 3287 2686 3356 ἡ
2731 3284 2933 3348 εἴσοδος
2961 3282 3143 3354 ἡμῶν,
3170 3281 3263 3335 καὶ
3290 3282 3323 3350 ἡ
3373 3280 3510 3350 πρὸς
3555 3278 3642 3330 τὸν

2076 3377 2297 3449 Πατέρα
2318 3377 2655 3447 προσαγωγὴ
2677 3376 2770 3445 ὲνή
2780 3391 2975 3446 ργηται
2992 3371 3087 3427 ἐπὶ
3112 3372 3369 3442 συνεργίᾳ
3396 3370 3643 3437 ἀγγέλων

2077 3468 2382 3539 ἰσαρίθμων
2412 3468 2522 3523 τῶν
2559 3468 2927 3539 προύχόντων,
2957 3464 3053 3520 καὶ
3084 3463 3283 3535 μᾶλλον
3315 3466 3378 3533 τῇ
3419 3464 3642 3514 ἐπιστα-

2076 3561 2168 3633 σίᾳ
2215 3561 2615 3632 ἀφωρισμένων
2658 3559 2768 3613 τῶν
2800 3558 3006 3612 δώδεκα
3059 3556 3240 3627 φυλῶν
3289 3553 3384 3607 τοῦ
3427 3554 3641 3624 Ἰσραὴλ

2073 3652 2218 3705 κατά
2250 3651 2348 3723 τὴν
2404 3650 2724 3721 ἀγχιστείαν
2751 3650 2851 3717 τὴν
2906 3648 2964 3702 ὲν
3008 3646 3255 3715 ἁγιότητι
3290 3640 3641 3714 θεμελιωθεί-

2077 3763 2198 3800 σαν.
2237 3745 2345 3797 Καὶ
2380 3743 2526 3814 μάλα
2544 3742 2791 3805 εἰκότως.
2818 3741 2880 3794 Ei
2912 3739 3018 3810 γὰρ
3040 3739 3254 3805 ἑκάστῳ
3271 3736 3379 3787 τῶν
3412 3731 3637 3793 πιστῶν,

2073 3837 2305 3906 ἄγγελον
2362 3834 2590 3890 ἕπεσθαι
2639 3831 3086 3902 πεπιστεύκαμεν
3113 3870 3129 3894 ,
3191 3825 3371 3897 πολλῷ
3442 3824 3639 3896 μᾶλλον

2072 3929 2187 3990 τοῖς
2226 3926 2498 3997 θεμελίοις
2541 3925 2643 3996 τῆς
2684 3920 3034 3993 Ἐκκλησίας,
3061 3920 3154 3974 καὶ
3193 3920 3304 3981 τοῖς
3350 3916 3443 3970 τοῦ
3475 3915 3642 3983 εὐαγ-

2073 4016 2295 4083 γελινοῦ
2343 4016 2504 4084 λόγου
2536 4013 2852 4085 σπορεῦσιν,
2879 4012 3144 4081 ἀγγέλους
3180 4007 3475 4079 συνεργοὺς
3505 4007 3639 4078 πρὸς

2073 4108 2135 4163 τὸ
2178 4107 2538 4177 εὐαγγελικὸν
2565 4108 2828 4178 κήρυγμα
2851 4103 3087 4158 νοεῖσθαι
3117 4101 3428 4158 ἀκόλουθον.

2142 4286 2255 4342 Καί
2322 4287 2585 4356 ὀνόματα
2645 4284 3141 4357 ἐπιγεγραμμένα.
3193 4282 3316 4338 Ἐπὶ
3376 4283 3475 4355 μὲν
3530 4283 3628 4352 τῆς

2072 4379 2350 4443 Μωῦσίως
2379 4379 2657 4449 λατρείας,
2686 4381 2753 4433 τὰ
2796 4380 2905 4434 τῶν
2936 4378 3247 4450 ἀρχιφύλων
3266 4376 3509 4447 ὀνόματα
3545 4377 3637 4429 ἐπὶ

2048 4456 2172 4540 ’τῆς
2220 4469 2496 4539 ἐπωμίδος
2540 4470 2872 4542 γεγράφθαι,
2906 4471 3235 4541 πρόσταγμα
3266 4485 3281 4501 ο
3335 4470 3394 4523 ἐν
3457 4468 3515 4522 δὲ
3565 4469 3632 4537 τῇ

394 4554 546 4623 Jesu,
595 4560 814 4613 nomina
860 4560 983 4613 novi
1021 4559 1188 4616 Israel
1235 4563 1290 4616 in
1339 4564 1513 4632 portis
1564 4558 1963 4629 inscribuntur,

2078 4557 2213 4612 κατά
2245 4558 2448 4629 Κύριον
2496 4560 2705 4632 Ἰησοῦν
2739 4560 2982 4633 Διαθήκῃ
3016 4558 3108 4613 τοῦ
3138 4560 3258 4612 νέου
3312 4557 3531 4628 Ἰσραὴλ
3566 4557 3633 4610 τὰ

396 4650 499 4704 hoc
549 4660 671 4716 est,
709 4652 763 4704 in
804 4650 887 4704 his
920 4652 1315 4719 introducunt,
1344 4655 1413 4709 de
1452 4656 1652 4725 quibus
1681 4657 1845 4710 etiam
1889 4658 1971 4712 di-

397 4751 545 4794 ctum
608 4750 693 4797 est
751 4759 764 4796 :
829 4760 848 4793 ι
890 4742 1165 4799 Nuntiabo
1221 4762 1419 4801 nomen
1484 4756 1638 4801 tuum
1706 4748 1969 4808 fratribus

394 4835 527 4889 meis
549 4835 636 4903 ¹⁶;
679 4854 697 4885 ι
739 4850 937 4889 nomen
978 4837 1167 4893 dicens
1194 4836 1514 4908 mysterium
1550 4839 1670 4892 ﬁdei
1707 4840 1760 4893 in
1808 4840 1969 4896 Chri-

392 4938 558 4994 stum,
587 4926 735 4998 quod
770 4942 876 4982 non
907 4930 975 4984 ad
1009 4928 1280 4985 ineffabile
1307 4938 1601 4993 secretum,
1634 4931 1727 4985 sed
1766 4942 1825 4987 ut
1851 4950 1967 4989 om-

390 5014 553 5070 nibus
598 5015 951 5072 manit'estum
999 5021 1127 5083 iiat,
1178 5019 1468 5088 pollicetur
1524 5024 1956 5089 proponendum.

2072 4653 2313 4724 ὀνόματα
2338 4655 2431 4707 ἐπὶ
2448 4657 2559 4719 τοῖς
2578 4654 2809 4720 πυλῶσι,
2822 4653 3090 4717 τουτέστι,
3112 4653 3222 4714 τοῖς
3242 4650 3628 4718 εἰσαγωγεῦσι,

2072 4747 2200 4817 περί
2232 4742 2307 4801 ὧν
2336 4748 2429 4801 καὶ
2481 4747 2695 4817 εἴρηται
2721 4762 2734 4777 ⁸
2770 4764 2790 4797 ι
2843 4742 3159 4813 Ἀπαγγελῶ
3210 4743 3271 4796 τὸ
3319 4742 3493 4811 ὄνομά
3538 4758 3629 4793 σου

2067 4841 2182 4901 τοῖς
2211 4838 2459 4906 ἀδελφοῖς
2488 4856 2610 4909 μου.
2656 4858 2674 4889 ι
2704 4837 2875 4906 ὄνομα
2906 4834 2968 4887 τὸ
3016 4834 3156 4885 κατά
3187 4832 3285 4902 τὴν
3322 4831 3505 4883 πίστιν
3536 4831 3630 4900 τὴν

2070 4931 2211 4983 κατὰ
2247 4930 2503 5000 Χριστὸν,
2539 4929 2840 5000 μυστήριον
2872 4926 3067 4992 λέγων,
3098 4922 3126 4974 ὂ
3154 4923 3252 4975 οὒκ
3285 4922 3363 4984 είς
3389 4922 3630 4992 ἀπόρρη-

2065 5042 2155 5077 τον
2199 5022 2513 5092 ἐχεμυθίαν,
2537 5021 2652 5075 ἀλλ’
2689 5020 2768 5081 εἰς
2802 5018 2972 5071 ἅπασι
3013 5011 3289 5085 προῦπτον
3330 5013 3629 5085 προϐάλλει

389 5105 756 5164 Conl'ormiter
783 5120 964 5167 autem
1002 5111 1070 5165 ad
1109 5125 1400 5165 numerum
1450 5109 1690 5164 tribuum
1725 5114 1958 5171 ﬁliorum

2078 5119 2182 5170 ςθαι
2223 5119 2584 5185 ὑπισχνεῖται.
2623 5114 2923 5180 ’Δναλόγως
2950 5111 3006 5163 δὲ
3032 5112 3151 5173 ταῖς
3173 5108 3280 5162 ἀπὸ
3312 5105 3508 5161 Ἰακὼὸ
3529 5121 3627 5174 φυ-

385 5196 555 5255 Jacob
610 5210 739 5256 sunt
781 5209 836 5257 et
893 5210 1094 5271 portae,
1143 5200 1273 5272 quia
1322 5215 1501 5268 neque
1547 5216 1643 5270 per
1690 5204 1851 5259 iidem
1906 5209 1958 5263 in

2078 5212 2180 5272 ιαῖς,
2208 5208 2303 5261 καὶ
2336 5210 2385 5260 οἱ
2427 5204 2690 5269 πυλῶνες,
2720 5203 2802 5256 ὅτι
2836 5202 2968 5272 μηδὲ
2997 5202 3173 5254 πάντα
3204 5193 3627 5268 κατήργηταιτά

384 5291 663 5349 Christum
698 5294 903 5349 abolita
948 5305 1079 5350 sunt
1113 5295 1367 5349 universa
1410 5309 1533 5364 qua:
1566 5296 1766 5351 veteris
1804 5311 1961 5357 erant

2078 5302 2155 5372 ςῆς
2179 5302 2425 5365 Παλαιᾶς
2458 5302 2524 5370 τῇ
2574 5297 2713 5351 κατά
2748 5295 2983 5368 Χριστὸν
3018 5294 3219 5354 πίστει,
3252 5292 3366 5345 ἀλλ’
3396 5292 3523 5344 ὅσον
3555 5288 3624 5342 τὰ

384 5383 734 5447 testamenti,
762 5384 857 5439 sed
880 5393 1151 5455 quatenus
1181 5382 1451 5438 infantilia
1480 5393 1610 5439 sunt
1640 5385 1783 5443 virili
1814 5399 1955 5445 statu

2078 5394 2299 5466 νηπιὼδη
2332 5393 2431 5465 τῆς
2478 5388 2740 5459 ἀνδρικῆς
2784 5384 3178 5448 καταστάσεως
3225 5380 3615 5450 ἀσθενέστερα.

385 5471 707 5530 inﬁrmiora.

456 5565 589 5631 Qui:
641 5574 767 5620 sunt
822 5568 1038 5623 nomina
1097 5568 1377 5625 duodecim
1429 5568 1663 5625 tribuum
1718 5572 1958 5642 ﬁliorum

387 5653 581 5712 Israel.
629 5658 764 5715 Cum
812 5660 998 5719 tideles
1041 5672 1292 5721 vocasset
1340 5663 1528 5733 Israel,
1559 5669 1858 5737 permansit
1901 5668 1957 5726 in

462 5836 503 5868 ¹⁰
533 5836 670 5893 I'sal.
705 5858 812 5905 ut,
844 5844 934 5899 ‘25.

2128 5577 2200 5631 Ἀ
2258 5575 2429 5628 ἐστιν
2486 5571 2749 5641 ὀνόματα
2773 5566 2890 5621 τῶν
2943 5564 3175 5619 δώδεκα
3214 5557 3428 5631 φυλῶν
3482 5556 3625 5611 υιῶν

2055 5667 2329 5736 Ἰσραήλ.
2344 5664 2484 5727 Τοὺς
2503 5661 2727 5724 πιστοὺς
2744 5656 2978 5719 καλέσας
2996 5651 3217 5725 Ἰσραὴλ
3244 5648 3621 5720 ὲπιμεμένηκι
