4010 6584
285 382 396 445 769

1358 381 1749 443 COMMENT.
1793 378 1873 439 IN
1917 377 2443 445 APOCALYPSIN.

3438 378 3551 442 ’Πθ

282 501 380 553 καὶ
402 497 482 569 τῷ
511 495 602 551 τοῦ
627 496 993 569 πληρώματος
1017 498 1196 553 αὐτῶν
1234 498 1477 569 ἀριθμῷ.
1508 496 1729 550 Δώδεκα
1754 495 1861 565 γὰρ

1973 510 2196 549 numero
2225 493 2609 564 complementi
2652 493 2898 565 ipsorum
2935 512 2949 550 :
2978 510 3101 550 nam
3135 495 3225 551 tibi
3261 496 3551 553 duodecim

281 590 456 659 φυλάς
486 588 679 656 είπὼν,
705 588 772 654 ἃς
809 590 873 659 δὴ
910 591 1003 644 καὶ
1034 590 1178 644 κατὰ
1216 588 1314 660 τὴν
1339 588 1537 658 τριάδα
1574 584 1866 658 διῃρῆσθαι

274 682 357 752 τῷ
379 683 710 753 τετραμερεῖ
737 681 833 735 τοῦ
869 683 1077 751 κόσμου
1111 681 1379 752 σχήματι,
1416 679 1513 733 καὶ
1547 676 1867 748 ἰσαρίθμους

276 771 375 825 τοῦ
437 771 739 842 σταυρικοῦ
783 772 1015 841 σημείου
1048 774 1114 842 τῇ
1153 771 1403 840 διαστολῇ
1454 769 1596 822 κατά
1632 767 1867 838 τριπλα-

281 865 536 933 σιασμὸν,
562 864 742 933 δῆλον,
771 865 867 917 καὶ
888 863 958 915 τὰ
981 863 1343 935 ἀφωρισμένα
1367 862 1527 932 μέρει
1550 862 1864 932 ἀποφήνας,

278 957 490 1009 τούτων
526 957 622 1009 καὶ
643 956 792 1025 τρισὶ
824 955 988 1011 πάλιν
1036 954 1284 1008 πυλῶσιν
1313 955 1545 1008 ἕκαστον
1590 952 1866 1024 εἰληχέναι

278 1049 378 1119 τὴν
405 1048 608 1102 εἴσοδον
648 1049 962 1120 διαγράφει.
991 1049 1067 1102 Οὐ
1111 1047 1219 1119 γάρ
1268 1047 1385 1101 ἔστι
1417 1048 1516 1117 τῆς
1544 1047 1638 1100 τοῦ
1670 1048 1867 1099 ἐσταυ-

281 1140 535 1210 ρωμένου
576 1140 786 1210 Κυρίου
839 1142 1092 1211 μυήσεως
1142 1138 1644 1209 κατευμεγεθῆσαι,
1673 1138 1749 1208 μὴ
1796 1139 1864 1209 τῇ

284 1233 543 1303 ὑπερθέῳ
570 1232 763 1304 Τριάδι
788 1233 851 1285 τὸ
899 1233 1273 1303 εἰσαγώγιμον
1302 1232 1576 1303 εἰληχότα.
1610 1230 1867 1285 "Anam:

280 1324 396 1394 γὰρ
425 1324 519 1378 τοῦ
550 1325 756 1397 κόσμου
789 1326 861 1380 τὰ
887 1326 1106 1397 πέρατα
1136 1327 1188 1379 oi
1225 1324 1360 1378 θεῖοι
1409 1322 1701 1378 ἀπόστολοι
1730 1324 1864 1378 διει-

280 1419 537 1491 ληφότες,
567 1418 776 1490 Τριάδα
807 1437 865 1473 τε
898 1417 1197 1487 ὁμοούσιον
1218 1418 1333 1478 τοῖς
1358 1415 1536 1469 ἔθνεσι
1592 1415 1865 1486 κηρύξαν-

279 1530 397 1575 τες,
428 1512 735 1567 ὲΰάπτισαν
789 1512 871 1574 εἰς
899 1510 960 1563 τὸ
1007 1510 1180 1580 ὄνομα
1228 1505 1325 1562 τοῦ
1375 1505 1588 1577 Πατρδς
1619 1506 1717 1559 καὶ
1767 1506 1863 1559 τοῦ

278 1603 415 1657 Υίοῦ
452 1606 547 1657 καὶ
566 1622 661 1657 του
695 1604 854 1672 ἁγίου
890 1602 1231 1673 Πνεύματος.

354 1698 460 1752 Kal
503 1698 597 1751 ἐπ’
649 1696 850 1752 αὐτῶν
892 1695 1122 1750 δώδεκα
1177 1697 1441 1763 ὀνόματα
1473 1693 1592 1749 τῶν
1635 1691 1866 1746 δώδεκα

274 1788 640 1843 ἀποστόλων
663 1789 769 1843 τοῦ
807 1789 1067 1856 Ἀρνιόυ.
1100 1788 1241 1851 Τοὺς
1270 1788 1479 1842 δώδεκα
1531 1784 1863 1847 ἀποστόλους

1974 587 2149 641 tribus
2181 588 2352 649 dixit,
2379 602 2520 656 quas
2552 587 2715 641 etiam
2760 589 3000 643 ternario
3035 589 3239 644 divisas
3287 605 3410 647 esse
3454 604 3551 659 ptr

1968 680 2418 751 quadripartitam
2454 679 2640 734 mundi
2670 680 2919 749 ﬁgurant,
2953 689 3007 735 et
3034 681 3272 750 aequales
3302 698 3427 736 esse
3455 699 3553 735 titt-

1969 784 2121 823 mero
2146 785 2269 823 cum
2297 770 2650 825 distinctione
2684 771 2823 841 signi
2863 773 3045 828 crucis
3071 774 3340 843 triplicata
3379 777 3556 829 niani-

1968 857 2166 914 festum
2206 872 2288 915 est
2323 877 2336 914 :
2366 861 2457 915 ubi
2486 861 2649 914 etiam
2682 862 2907 917 nomina
2951 878 3074 932 quae
3118 865 3172 918 in
3213 873 3424 934 partem
3468 882 3555 921 se-

1968 961 2186 1021 gregata
2212 962 2342 1007 sunt
2362 953 2628 1019 deﬁnivit,
2663 953 2858 1008 horum
2892 954 3107 1024 singula
3132 956 3304 1011 trilms
3334 972 3553 1011 rursum

1968 1044 2143 1111 portis
2171 1044 2363 1098 sortita
2399 1060 2519 1099 esse
2558 1045 2841 1100 introitum
2871 1045 3156 1101 describit.
3184 1047 3348 1118 825
3371 1046 3556 1117 Neque

1965 1136 2109 1189 enim
2150 1148 2329 1204 poteSt
2361 1137 2637 1208 quispiam
2677 1138 2929 1195 obtinere
2959 1139 3304 1209 disciplinam
3337 1139 3561 1209 Domini

1966 1226 2237 1290 cruciﬁxi,
2273 1229 2377 1282 nisi
2410 1228 2546 1283 illud
2576 1231 2842 1286 sortiatur
2873 1231 3019 1300 quod
3051 1232 3118 1286 ad
3150 1231 3553 1287 divinissimam

1966 1316 2289 1374 Trinitatem
2318 1321 2514 1376 initiat.
2541 1321 2716 1378 Divini
2744 1323 3014 1394 siquidem
3057 1324 3290 1394 apostoli
3316 1326 3557 1395 acceptis

1965 1410 2224 1466 omnibus
2257 1411 2448 1467 mundi
2486 1412 2770 1478 terminis,
2806 1416 3260 1470 consubstantiali
3290 1416 3557 1472 'l‘rinitate

1965 1501 2215 1570 gentibus
2244 1503 2560 1572 praedicata,
2602 1503 2952 1575 baptizarunt
2981 1521 3077 1562 eas
3106 1506 3161 1561 in
3190 1509 3414 1563 nomine
3441 1508 3552 1563 Pa-

1968 1591 2070 1648 tris
2096 1601 2151 1647 et
2179 1592 2299 1649 Filii
2328 1604 2383 1650 et
2414 1595 2653 1667 Spiritus
2684 1605 2881 1657 sancti.

2035 1682 2104 1737 Et
2130 1685 2181 1738 in
2201 1687 2330 1754 ipsis
2352 1688 2630 1744 duodecim
2653 1693 2867 1746 nomina
2887 1694 3163 1748 duodecim
3189 1697 3549 1766 apostolorum

1962 1774 2121 1844 Agni.
2154 1773 2322 1832 Recto
2357 1794 2505 1836 nunc
2529 1781 2719 1837 ordine
2749 1782 3037 1839 duodecim
3069 1787 3346 1855 apostolos
3374 1789 3551 1842 mani-

276 1881 382 1952 ἥδη
407 1880 589 1944 καλῶς
612 1878 781 1933 ποιῶν
809 1879 1164 1949 διεσάφησεν,
1196 1881 1278 1933 ὅτι
1303 1880 1431 1942 τοὺς
1467 1877 1679 1932 δώδεκα
1721 1877 1861 1930 ἀπο-

1973 1866 2201 1933 l‘estavit,
2238 1869 2498 1938 quoniam
2540 1886 2741 1942 scopus
2789 1884 2910 1930 erat
2942 1877 3230 1933 duodecim
3264 1880 3549 1949 apostolos

279 1970 503 2034 στόλους
528 1971 722 2041 δηλοῦν
751 1972 779 2024 ό
804 1972 1027 2037 σκοπὸς,
1064 1970 1159 2035 οὓς
1207 1972 1303 2025 καὶ
1335 1970 1590 2033 πυλῶνας
1621 1970 1716 2023 καὶ
1766 1968 1859 2021 θε-

281 2063 502 2132 μελίους
535 2061 685 2131 φησί·
719 2061 1022 2133 θεμελίους,
1050 2061 1126 2125 ὡς
1168 2060 1267 2132 τῆς
1307 2061 1447 2115 κατά
1489 2058 1724 2131 Χριστὸν
1768 2058 1863 2111 πί-

280 2172 457 2219 στεως
473 2155 571 2225 τὴν
596 2154 910 2226 ὑποϐάθραν
931 2154 1130 2217 αὐτοὺς
1154 2154 1583 2224 καταθεμένουςο
1606 2152 1861 2213 πυλῶνας

276 2247 360 2309 δὲ,
387 2248 464 2310 ὡς
504 2248 572 2300 δι’
602 2248 781 2300 αὐτῶν
820 2247 944 2318 ἤδη,
982 2247 1152 2316 ἦγουν
1205 2245 1296 2299 διὰ
1340 2243 1437 2297 τοῦ
1504 2243 1863 2315 κηρύγματος

278 2335 485 2399 αὐτῶν,
516 2336 578 2390 τὸ
622 2335 995 2405 εἰσαγώγιμον
1028 2333 1130 2403 τῆς
1158 2335 1301 2388 κατὰ
1344 2332 1584 2405 Χριστὸν
1626 2332 1864 2394 πίστεως

279 2428 547 2498 εὑρίσκει.

352 2518 461 2572 Kal
492 2520 525 2571 ὁ
572 2518 782 2571 λαλῶν
827 2518 956 2586 μετ’
984 2518 1130 2587 ἐμοῦ
1159 2514 1285 2587 εἶχε
1311 2516 1552 2587 μέτρον,
1590 2515 1866 2584 κάλαμον

279 2610 573 2678 χρυσοῦν,
614 2610 714 2663 ἵνα
740 2610 1013 2679 μετρήσῃ
1037 2610 1153 2678 τὴν
1189 2612 1394 2675 πόλιν,
1428 2609 1525 2662 καί
1563 2607 1705 2671 τοὺς
1750 2622 1865 2660 πυ-

278 2703 481 2769 λῶνας
506 2704 714 2771 αὐτῆς,
741 2705 839 2757 καὶ
873 2704 936 2756 τὸ
963 2703 1161 2772 τεῖχος
1205 2702 1420 2771 αὐτῆς.
1452 2700 1560 2755 Kal
1596 2700 1634 2767 ή
1688 2700 1865 2764 πόλις

281 2794 645 2862 τετράγωνος
664 2792 874 2857 κεῖται,
901 2792 1001 2845 καί
1031 2799 1095 2845 τό
1121 2791 1319 2861 μῆκος
1348 2787 1561 2856 αὐτῆς,
1600 2788 1752 2839 ὅσον
1799 2785 1865 2839 τὸ

280 2885 532 2950 πλάτος.
580 2886 688 2938 Kal
734 2883 1026 2954 ἐμέτρησε
1096 2883 1212 2950 τὴν
1251 2884 1434 2936 πόλιν
1473 2880 1554 2946 τῷ
1610 2877 1861 2946 καλάμῳ

281 2979 383 3031 ἐπὶ
443 2977 730 3044 σταδίους
768 2977 998 3031 δώδεκα
1050 2976 1356 3047 χιλιάδων.
1416 2976 1487 3028 Τὸ
1520 2970 1715 3043 μῆκος
1764 2972 1877 3035 καὶ,

282 3069 515 3138 πλάτος
567 3070 665 3126 καί
713 3070 777 3125 τὸ
848 3070 1009 3138 ὕψος
1080 3067 1272 3138 αὐτῆς
1349 3067 1457 3122 ἴσα
1516 3066 1672 3121 ἐστι.
1754 3062 1905 3143 Kal

282 3163 574 3233 ἐμέτρησε
598 3165 661 3218 τὸ
698 3163 896 3234 τεῖχος
928 3161 1120 3230 αὐτῆς
1142 3158 1278 3231 ρμδ¹
1311 3157 1544 3229 πηχῶν,
1560 3158 1627 3212 τὸ
1647 3158 1869 3227 μέτρον

283 3255 621 3324 ἀνθρώπου,
651 3256 683 3309 ὅ
710 3257 881 3310 ἐστιν
931 3256 1210 3325 ἀγγέλου.
1253 3254 1360 3308 Kal
1392 3250 1470 3323 ἦν
1513 3252 1552 3320 ἡ
1610 3249 1862 3319 ἐνδόμη-

283 3364 387 3414 σις
414 3349 519 3403 τοῦ
545 3350 784 3419 τείχους
813 3348 1003 3417 αὐτῆς
1044 3348 1274 3412 ἴασπις.

365 3441 423 3494 Ὀ
456 3442 553 3512 μὲν
593 3442 837 3509 κάλαμος
887 3433 931 3508 ᾧ
966 3440 1241 3510 διεμέτρει
1295 3437 1393 3508 τὴν
1458 3435 1622 3506 ἁγίαν
1673 3433 1855 3499 πόλιν,

281 3532 657 3604 γεωμετρικὸν
686 3532 920 3603 ὑπῆρχε.
946 3532 989 3584 Χ
999 3530 1264 3601 ρυσοῦνδε
1290 3529 1381 3582 διὰ
1406 3528 1467 3581 τὸ
1486 3528 1661 3599 τίμιον
1681 3524 1775 3580 τοῦ
1799 3542 1860 3578 τε

287 3623 613 3695 μετροῦντος
648 3624 903 3692 ἀγγέλου,
942 3626 1163 3693 καὶτῆς
1201 3621 1577 3693 μετρουμένης
1627 3619 1857 3679 πόλεως.

297 3716 737 3788 Ἀνθρωποειδῶς
762 3715 820 3769 δὲ
864 3714 1145 3788 ὲθεωρὴθη
1186 3712 1381 3777 ταῦτα,
1411 3713 1492 3765 ὅτι
1524 3711 1656 3783 μηδὲ
1687 3709 1861 3773 ἄλλως

284 3809 554 3879 ὁραθῆναι
582 3808 755 3863 ταῦτα
786 3809 1012 3862 δυνατὸν
1045 3807 1166 3861 θεῖα
1200 3807 1330 3859 ὄντα
1357 3806 1455 3859 καὶ
1484 3805 1559 3868 ὼς
1605 3805 1715 3873 ἔχει
1759 3802 1860 3872 φύ-

289 3918 446 3961 σεως.
482 3901 643 3954 Πόλιν
668 3900 809 3953 δὲτὸ
834 3899 976 3953 κατὰ
1009 3898 1245 3971 Χριστὸν
1273 3897 1597 3967 μυστήριον,
1635 3896 1715 3956 είς
1746 3893 1773 3945 δ
1804 3893 1854 3945 ol

288 3992 534 4054 πυλῶνες
556 3991 874 4063 ἐμϐιϐάζειν
903 3992 1198 4061 ἁπέλαχον,
1221 3989 1305 4040 ὅτι
1333 3985 1423 4039 διὰ
1449 3986 1544 4039 τοῦ
1568 3983 1861 4055 κηρύγμα-

287 4102 377 4147 τος
398 4086 442 4154 νὴ
474 4086 614 4137 κατὰ
649 4085 885 4155 Χριστὸν
910 4082 1093 4145 πίστις
1118 4078 1466 4151 γνωρίζεται.

359 4180 467 4233 Καὶ
495 4179 528 4245 ἡ
558 4178 737 4243 πόλις
759 4175 1123 4245 τετράγωνος
1157 4173 1363 4226 κεῖται.
1391 4168 1496 4222 Τοῦ
1526 4166 1739 4237 τείχους
1766 4166 1861 4219 καὶ

288 4268 385 4337 τῆς
422 4268 629 4329 πόλεως
670 4269 729 4319 τὸ
764 4266 975 4336 σχῆμα,
1011 4264 1377 4333 τετράγωνον,
1407 4262 1501 4312 καὶ.
1542 4257 1649 4309 τῶν
1679 4255 1861 4309 πυλώ-

290 4376 396 4412 νων
427 4362 505 4422 εἰς
534 4358 760 4412 δώδεκα.
796 4356 1152 4426 Τετράγωνος
1186 4355 1296 4421 γὰρ
1323 4350 1458 4405 οῦσα
1496 4352 1530 4420 ἠ
1582 4347 1757 4412 πόλις,
1783 4345 1862 4417 τῷ

292 4447 569 4519 σταυρικῷ
614 4446 826 4517 σημείῳ
859 4444 1001 4498 κατά
1048 4444 1137 4496 τὸν
1167 4443 1458 4512 διάμετρον
1484 4438 1731 4510 διῃρέθη,
1769 4438 1859 4506 ἀφ’

1961 1958 2271 2027 signiﬁcare
2296 1999 2312 2025 ,
2353 1977 2496 2032 quos
2544 1973 2598 2019 et
2626 1974 2814 2036 portas
2860 1978 2917 2022 et
2970 1968 3327 2025 fundamenta
3365 1971 3545 2026 dicit:

1963 2046 2358 2117 fundamenta,
2414 2063 2473 2107 ut
2525 2054 2619 2123 qui
2670 2054 2794 2111 ﬁdei
2829 2060 2883 2110 iu
2929 2056 3212 2112 Christum
3263 2059 3438 2114 basim
3485 2075 3551 2114 ac

1964 2137 2381 2196 fundamentum
2408 2144 2799 2202 collocaverint
2829 2162 2843 2199 :
2872 2156 3061 2217 portas
3091 2164 3243 2213 vero,
3272 2152 3418 2220 quod
3449 2168 3548 2221 per

1963 2230 2112 2301 ipsos
2157 2234 2273 2289 sive
2310 2250 2403 2305 per
2447 2237 2690 2305 ipsorum
2742 2239 3185 2308 praedicationem
3236 2240 3549 2298 inveniatur

1958 2320 2073 2390 jam
2101 2322 2436 2380 introductio
2467 2326 2587 2381 ﬁdei
2621 2328 2675 2382 in
2705 2328 3007 2386 Christum.

2034 2503 2174 2567 XXI,
2225 2503 2412 2560 lii-i9.
2462 2504 2530 2559 Et
2582 2508 2671 2576 qui
2726 2508 3038 2579 loquebatur
3078 2527 3277 2565 mecum
3323 2511 3547 2567 habebat

1966 2613 2267 2649 mensuram
2294 2599 2609 2653 arundinem
2634 2617 2871 2665 auream,
2904 2613 2957 2654 ut
2984 2603 3257 2657 metiretur
3280 2605 3549 2659 civitatem

1966 2697 2013 2740 el
2058 2697 2240 2757 portas
2269 2689 2383 2757 ejus
2414 2700 2463 2744 et
2494 2709 2705 2745 murum
2734 2694 2866 2760 ejus.
2903 2691 2973 2746 Et
3014 2696 3200 2749 civitas
3250 2696 3302 2747 in
3346 2700 3551 2766 quadra

1964 2780 2138 2847 posita
2171 2790 2247 2833 est
2276 2796 2293 2834 :
2325 2791 2374 2834 et
2404 2782 2677 2851 longitudo
2703 2785 2816 2851 eius
2847 2793 2997 2838 tanta
3027 2795 3125 2846 est,
3156 2797 3356 2855 quanta
3383 2799 3431 2841 et
3462 2788 3548 2840 lu-

1966 2873 2154 2925 titudo.
2205 2871 2273 2924 Et
2303 2889 2508 2927 mensus
2536 2883 2613 2928 est
2648 2878 2909 2931 civitatem
2939 2879 3199 2931 arundine
3226 2895 3318 2947 per
3346 2881 3549 2933 duode-

1966 2966 2069 3017 cim
2100 2964 2271 3019 millia
2295 2965 2643 3023 stadiorum:
2667 2968 3022 3041 «longitudo
3038 2970 3354 3026 ‘et'latitudo
3384 2980 3433 3026 et
3464 2973 3554 3024 al-

1970 3056 2139 3112 titudo
2164 3059 2277 3129 ejus
2316 3060 2542 3128 arquales
2574 3072 2719 3117 sunt.
2762 3063 2830 3116 Et
2858 3079 3065 3118 mensus
3092 3073 3168 3118 est
3200 3081 3409 3118 murum
3434 3065 3549 3133 ejus

1969 3161 2173 3205 centum
2202 3150 2791 3223 quadragintaquatuor
2822 3157 3144 3221 cubitorum,
3174 3172 3420 3211 mensura
3454 3156 3548 3210 lto-

1971 3244 2124 3298 ntinis
2172 3260 2288 3313 qua:
2319 3252 2396 3298 est
2445 3246 2638 3316 angeli.
2672 3246 2741 3301 Et
2766 3258 2879 3303 erat
2912 3257 3184 3304 structura
3217 3251 3354 3304 muri
3385 3253 3548 3319 ipsius
3612 3303 3617 3308 .

1958 3337 2153 3408 jaspis.

2038 3430 2263 3485 Arundo
2296 3449 2403 3503 qua
2440 3433 2712 3489 civitatem
2753 3431 3168 3499 dimetiebatur,
3215 3434 3545 3502 geometrica

1966 3532 2085 3576 erat
2120 3540 2134 3577 :
2168 3539 2334 3580 aurea
2381 3542 2530 3591 vero,
2564 3534 2787 3596 propter
2833 3524 3097 3579 honorem
3147 3536 3200 3579 et
3243 3527 3419 3593 angeli
3454 3529 3547 3595 qui

1968 3617 2297 3671 metiebatur
2319 3659 2334 3683 ,
2369 3626 2423 3673 et
2457 3616 2698 3673 civitatis
2742 3632 2865 3686 qua:
2903 3618 3346 3673 mensurabatur.
3376 3617 3549 3672 Porro

1968 3708 2210 3763 hominis
2250 3710 2430 3780 specie
2482 3711 2597 3764 ha‘c
2638 3710 2756 3764 visa
2813 3719 2979 3776 sunt,
3036 3709 3165 3779 quia
3212 3726 3387 3780 neque
3439 3711 3552 3764 alio

1970 3800 2133 3852 niodo
2167 3801 2279 3854 h:rc
2312 3800 2482 3854 videri
2521 3807 2771 3869 poterant
2802 3800 2854 3853 in
2897 3807 3089 3853 natura
3131 3814 3229 3854 sua
3251 3841 3265 3865 ,
3307 3816 3432 3855 cum
3467 3800 3550 3854 di-

1966 3893 2088 3945 vina
2121 3893 2255 3947 sint.
2298 3893 2506 3948 Civitas
2537 3908 2666 3947 vero
2708 3892 3030 3963 mysterium
3080 3899 3162 3947 est
3206 3892 3272 3946 de
3303 3891 3544 3954 Christo,

1967 3986 2033 4038 ad
2072 3986 2217 4053 quod
2276 3986 2625 4041 introducere
2677 3985 2847 4055 portis
2898 3984 3086 4037 datum
3136 3992 3239 4045 est.
3288 3984 3416 4053 quia
3453 4000 3550 4054 per

1966 4080 2415 4149 prwdicationem
2446 4079 2738 4135 manifesta
2770 4079 2829 4133 llt
2854 4078 2989 4133 ﬁdes
3020 4079 3073 4132 in
3103 4078 3404 4135 Christum.

2038 4171 2107 4225 Et
2137 4172 2322 4226 civitas
2355 4173 2409 4225 in
2435 4171 2637 4241 quadra
2684 4171 2857 4242 posita
2892 4178 2990 4225 est.
3032 4168 3173 4224 Muri
3213 4185 3278 4225 ac
3312 4171 3548 4226 civitatis

1970 4263 2143 4333 ﬁgura
2197 4263 2657 4334 quadrangularis
2692 4273 2837 4329 erat,
2870 4272 2924 4317 et
2974 4262 3226 4317 similiter
3264 4271 3544 4332 portarum

1968 4355 2282 4410 duodecim.
2316 4353 2454 4409 Cum
2487 4356 2631 4409 enim
2674 4354 2868 4409 civitas
2895 4353 3348 4422 quadrangularis
3378 4363 3545 4418 esset,

1969 4461 2065 4515 per
2099 4448 2329 4516 liguram
2366 4447 2548 4500 crucis
2579 4462 2644 4500 ex
2691 4446 2959 4501 diametro
2988 4443 3349 4499 dividebatur.
3394 4443 3547 4499 Unde

290 4534 351 4595 οὗ
382 4542 479 4595 καὶ
516 4542 574 4594 αἱ
607 4542 874 4610 τέσσαρες
920 4536 1152 4607 πλευραὶ
1188 4534 1292 4587 ἀνὰ
1326 4534 1474 4603 τρισὶ
1517 4530 1727 4584 πυλῶσι
1765 4530 1861 4602 τὴν

1973 4552 2022 4594 et
2049 4549 2286 4611 quatuor
2315 4539 2480 4593 latera
2518 4539 2686 4593 ternis
2714 4536 2887 4606 portis
2914 4545 3060 4591 recte
3087 4535 3349 4604 partitum
3380 4535 3546 4590 habe.-

290 4635 492 4688 εῐσοδον
519 4633 863 4705 ηὐμοίρησαν
896 4632 1062 4701 σχεῖν,
1083 4628 1157 4692 ώς
1186 4629 1430 4697 ἑφθημεν
1456 4626 1854 4696 παραθέμενοι.

372 4726 504 4782 Ἐπὶ
557 4724 844 4789 σταδίους
895 4721 1122 4775 δώδεκα
1174 4718 1479 4789 χιλιάδων.
1551 4717 1854 4787 Ἰσάριθμοι

290 4823 402 4885 τοῖς
427 4820 716 4891 μακαρίοις
744 4815 1063 4878 ἀποστόλοις
1094 4814 1143 4867 οί
1168 4811 1393 4866 στάδιοι.
1438 4809 1596 4862 Ἐπεὶ
1631 4811 1728 4861 καὶ
1764 4809 1861 4861 τοῦ

292 4911 649 4982 κηρύγματος
693 4907 875 4963 αὐτῶν
932 4904 1145 4979 καρπὸς
1194 4905 1229 4975 ὴ
1280 4903 1460 4954 ἐκεῖσε
1523 4898 1862 4969 ἀποκειμένη

293 5004 466 5074 λῆξις.
506 5002 793 5074 ίσόμετρος
818 4994 952 5055 οὖσα
976 4998 1120 5053 κατά
1159 4997 1339 5059 πάσας
1367 4994 1467 5058 τάς
1516 4993 1854 5059 διαστάσεις,

294 5096 505 5151 καὶτοῦ
539 5097 680 5150 κατὰ
707 5094 839 5149 Θεὸν
880 5093 996 5165 βίου
1042 5093 1100 5145 αἱ
1131 5090 1324 5162 ἀρεταὶ
1354 5089 1414 5142 έν
1450 5086 1764 5159 συμμετρίᾳ
1801 5086 1864 5139 τὸ

291 5185 432 5243 εἶναι
460 5188 641 5258 έχουσι
673 5187 813 5241 κατά
840 5185 1052 5241 Παῦλον
1085 5183 1177 5236 τὸν
1201 5183 1363 5244 θεῖον,
1395 5178 1455 5243 ὃς
1490 5175 1598 5233 οἶδε
1629 5178 1723 5231 καὶ
1764 5195 1863 5233 τα-

291 5282 625 5347 πεινοῦσθαι,
656 5281 750 5335 καὶ
804 5277 1171 5351 περισσεύειν,
1198 5274 1294 5329 καὶ
1349 5270 1738 5345 χορτάζεσθαι,
1769 5271 1865 5325 καὶ

290 5379 502 5448 πεινᾷν.
537 5376 648 5431 Καὶ
675 5370 871 5440 οὗτοςό
901 5372 1132 5446 ἀριθμὸς
1174 5371 1282 5426 τῶν
1315 5368 1604 5441 μακαρίων
1631 5366 1864 5421 artos-:6.

287 5469 397 5522 λων
425 5468 660 5540 ἔμφασιν
692 5466 823 5538 ἔχει.
870 5465 929 5519 '0
980 5463 1188 5517 δώδεκα
1238 5462 1347 5530 γὰρ
1399 5457 1484 5527 ἐφ’
1511 5458 1705 5510 ἑαυτὸν
1755 5472 1856 5508 πο-

287 5558 711 5622 λυπλασιασθεὶς
751 5599 766 5624 ,
827 5557 921 5611 τὸν
1006 5548 1863 5622 έκατοντεσσαρακοντατέσσαρα

291 5656 456 5706 ποιεῖ.
508 5652 582 5706 Τὸ
632 5653 690 5706 δὲ
730 5651 924 5722 μέτρον
976 5648 1084 5701 τῶν
1133 5649 1864 5713 έκατοντεσσαρακοντατεσ-

292 5748 482 5816 σάρων
542 5745 734 5815 πηχῶν
773 5743 968 5815 μέτρον
1025 5738 1315 5809 ἀνθρώπου
1355 5735 1547 5795 εἰπὼν,
1586 5732 1861 5803 ἐπιφέρει,

293 5839 375 5891 ὅτι
429 5836 493 5892 τδ
551 5836 748 5908 μέτρον
801 5833 958 5888 τοῦτο
989 5833 1224 5902 ἀγγέλου
1256 5830 1395 5894 ἐστὶ,
1425 5829 1473 5883 εί
1501 5827 1595 5881 καὶ
1623 5825 1762 5878 κατά
1806 5824 1867 5879 τὸ

1965 4635 2098 4688 bant
2131 4634 2459 4700 ingreswtn,
2494 4630 2957 4701 quemadmodum
2985 4627 3367 4698 praediximus-

2036 4726 2141 4780 Per
2169 4724 2448 4779 duodecim
2483 4723 2654 4776 ntillia
2685 4724 3004 4776 stadiorum.
3055 4718 3277 4790 Equali
3320 4734 3548 4773 numero

1965 4834 2088 4871 cum
2121 4818 2327 4872 sanctis
2349 4815 2612 4886 apostolis
2640 4823 2768 4868 sunt
2798 4814 2961 4867 millia
2986 4813 3289 4869 stadiorum
3323 4828 3338 4865 :
3366 4826 3545 4881 quan-

1965 4911 2258 4981 doquidem
2291 4909 2697 4981 przedicatiouis
2721 4923 2909 4962 eorum
2941 4907 3106 4976 826
3136 4904 3350 4959 fructus
3379 4914 3459 4957 est
3491 4902 3545 4956 in

1965 5002 2212 5058 futurum
2252 5001 2489 5071 reposita
2520 5000 2699 5070 quies,
2734 5013 2860 5052 cum
2901 4997 3130 5067 aequalis
3176 4996 3247 5050 sit
3275 5010 3547 5049 mensura:

1960 5092 2115 5163 juxta
2166 5092 2412 5162 singulas
2449 5088 2821 5144 dimensiones
2858 5102 2873 5143 :
2909 5094 2964 5142 et
3006 5085 3241 5139 virtutes
3272 5085 3395 5138 vitae
3422 5098 3545 5151 quae

1966 5179 2268 5235 secundum
2317 5178 2486 5232 Deum
2531 5186 2646 5242 est,
2686 5176 2739 5230 id
2780 5177 2981 5229 habent
3017 5184 3074 5228 ut
3121 5173 3545 5244 proportionatae

1967 5271 2097 5336 sint,
2123 5270 2274 5338 juxta
2314 5270 2500 5324 divum
2529 5268 2757 5322 Paulum
2790 5271 2882 5337 qui
2925 5266 3076 5319 novit
3100 5272 3154 5320 et
3189 5262 3465 5317 humiliati
3493 5272 3575 5341 et.

1967 5378 2251 5433 superare,
2296 5373 2349 5417 et
2391 5361 2627 5417 saturari
2668 5368 2724 5415 et
2768 5360 2997 5413 esurire.
3050 5354 3116 5408 Et
3159 5354 3248 5408 hic
3285 5369 3545 5407 numerus

1965 5456 2252 5511 duodecim
2283 5455 2653 5525 apostolorum
2688 5450 2994 5521 emphasim
3033 5449 3217 5502 habet.
3256 5444 3546 5499 Duodetza-

1969 5548 2085 5603 rius
2111 5547 2255 5602 enim
2281 5561 2543 5600 numerus
2565 5544 2619 5598 in
2640 5545 2878 5613 seipsum
2904 5541 3293 5610 multiplicatus
3322 5545 3543 5593 centum

1969 5639 2565 5711 quadragintaquatuor
2589 5637 2769 5692 elIicit.
2789 5634 2891 5690 Ubi
2916 5650 3047 5690 vero
3070 5634 3209 5688 dixit
3231 5646 3542 5686 mensuram

1968 5742 2188 5788 centum
2222 5729 2821 5800 quadragintaquatuor
2843 5727 3152 5782 cubitorum
3178 5740 3298 5780 esse
3322 5740 3545 5778 mensu-

1969 5842 2085 5883 ram
2121 5824 2382 5891 hominis,
2414 5820 2697 5892 subjungit
2724 5820 2867 5890 quod
2902 5835 3156 5877 mensura
3193 5819 3306 5874 haec
3334 5827 3417 5873 est
3441 5831 3547 5872 an-
