4046 6632
381 445 489 509 775
1223 429 1548 492 summ
1583 393 1957 489 cassum
1991 417 2473 486 carrttnocnu
2508 415 2850 479 EPISCOPI
3525 406 3631 475 πθ

386 565 484 636 qui
530 558 729 618 eruditi
769 564 926 613 erant
979 555 1034 610 in
1079 552 1496 609 conversatione
1544 547 1843 603 secundum
1895 547 1972 600 lc-

2099 559 2210 604 71:81.,
2239 541 2365 602 τοὺς
2382 535 2526 591 κατὰ
2553 533 2718 603 νόμον
2740 529 2884 602 φημὶ
2913 529 3157 603 πολιτείᾳ.
3181 532 3635 602 παιδαγωγουμέ-

389 621 534 727 έοηι,
587 651 652 706 ad
697 657 900 705 statum
945 646 1158 701 virilem
1202 644 1295 715 qui
1343 641 1645 698 secundum
1685 637 1961 693 Christum

2099 650 2212 696 ους,
2247 631 2383 701 πρὸς
2421 625 2682 698 ἀνδρικὴν
2708 622 3045 677 κατάστασιν
3085 621 3180 696 τὴν
3214 623 3357 678 κατά
3406 621 3639 694 Χριστὸν

388 755 472 801 est
493 742 774 798 subduxit.

464 836 551 889 10.
591 833 834 888 Decimus
875 838 953 886 est
977 829 1379 898 cltrysoprustts.
1416 824 1513 879 llic
1558 822 1832 877 Tbaddmo
1877 837 1964 875 re-

393 925 633 995 ponitur,
693 923 784 993 qui
827 923 1045 991 Angaro
1096 919 1206 986 regi
1259 919 1498 980 Edeses,
1554 915 1710 969 ﬁdem
1765 913 1969 968 Christi

393 1014 808 1085 evangelizavit,
857 1027 979 1082 qua:
1029 1010 1099 1064 ab
1139 1008 1254 1063 auri
1305 1005 1486 1076 specie
1517 1005 1596 1059 sic
1635 1003 1968 1074 appellatur,

395 1117 450 1162 et
483 1106 609 1161 inde
638 1105 739 1161 sibi
796 1105 1032 1175 pretium
1083 1100 1276 1162 ambit,
1329 1113 1501 1166 neque
1552 1095 1722 1151 Prasii
1773 1095 1972 1150 coloris

398 1214 593 1267 expers
651 1206 728 1251 est
767 1214 781 1250 :
814 1198 926 1249 sive
971 1193 1286 1262 designante
1340 1189 1668 1244 revelatioue
1705 1187 1848 1259 quod
1878 1203 1974 1258 pur

400 1292 558 1346 tidem
583 1290 636 1344 in
675 1289 956 1342 Christum
1008 1285 1183 1339 oritur
1231 1280 1583 1335 mortiﬁcatio
1623 1279 1688 1334 ad
1745 1295 1808 1332 ea
1854 1293 1976 1347 quae

401 1394 528 1437 sunt
551 1381 866 1440 affectuum,
900 1377 1015 1431 sive
1044 1385 1358 1444 perpetuam
1400 1371 1570 1426 vitam
1606 1371 1889 1435 innuente,
1912 1385 1977 1422 eo

399 1473 543 1543 quod
575 1470 792 1541 prasinus
829 1469 986 1524 color
1025 1470 1140 1522 sive
1167 1465 1501 1521 marrubium
1528 1478 1744 1532 semper
1785 1463 1976 1515 vireat.

471 1567 557 1618 Η.
599 1562 918 1618 Undecimus
949 1569 1026 1614 est
1060 1557 1398 1629 hyacinthus.
1447 1556 1589 1610 lluic
1633 1555 1725 1623 qui
1773 1552 1978 1608 eerulei

401 1654 598 1709 coloris
623 1660 706 1707 est
739 1651 853 1706 sive
886 1666 1068 1704 aerem
1105 1647 1394 1702 referentis
1420 1644 1608 1699 Simon
1641 1642 1857 1698 Zelotes
1888 1657 1980 1697 as-

404 1743 696 1808 similatur,
729 1742 957 1812 ﬁguram
998 1741 1214 1810 quidem
1255 1751 1451 1808 gerens
1494 1735 1754 1791 continue
1794 1749 1982 1788 erran-

406 1838 476 1891 tis
500 1837 671 1890 turbze
699 1834 1019 1899 zelantium,
1044 1833 1160 1886 sive
1194 1839 1499 1884 amatorum
1544 1837 1639 1881 aut
1673 1826 1978 1880 invidorum

411 1926 557 1996 (ideo
582 1925 746 1978 etiam
774 1923 936 1976 veluti
966 1936 1148 1975 aerem
1179 1933 1243 1973 ac
1268 1928 1488 1971 ventum
1523 1924 1703 1969 mente
1727 1916 1982 1984 sequens)
2018 1893 2058 1946 Β

407 2025 643 2069 attamen
679 2029 772 2083 per
794 2011 1040 2066 veritatis
1073 2009 1462 2079 cognitionem,
1493 2021 1806 2076 quanquam
1839 2020 1980 2070 sero,

408 2109 580 2160 zeTum
607 2105 672 2158 ad
714 2104 765 2158 id
797 2104 940 2172 quod
966 2104 1230 2172 optimum
1265 2109 1346 2154 est
1387 2099 1830 2168 accommodans.

485 2199 568 2251 12.
606 2195 955 2248 Duodecimus
981 2202 1056 2246 est
1083 2192 1427 2260 amethystus.
1466 2189 1567 2243 Hie
1610 2188 1759 2242 fulvo
1802 2186 1986 2240 colore

413 2289 652 2342 Matthiae
682 2287 877 2341 merito
913 2285 1305 2356 segregahitur,
1337 2282 1431 2353 qui
1490 2297 1593 2335 una
1637 2295 1762 2334 cum
1817 2279 1990 2334 unde-

413 2387 518 2436 uim
566 2380 838 2450 particeps
894 2378 998 2433 fuit
1041 2378 1270 2431 visionis
1309 2393 1337 2429 a
1396 2375 1535 2430 cosio
1584 2373 1803 2428 ﬂuentis
1861 2387 1987 2426 cum

415 2474 585 2542 ἱειιίιο
610 2487 734 2526 rore
761 2487 776 2524 :
801 2479 1025 2540 propter
1051 2473 1213 2540 quod!
1234 2469 1514 2522 dementes
1557 2464 1822 2534 suspicati
1867 2473 1994 2520 sunt

418 2565 543 2618 illos
599 2563 918 2618 temulentis
979 2562 1248 2631 oppletos,
1284 2573 1600 2629 quanquam
1645 2572 1861 2610 onmem
1902 2571 1993 2610 so-

421 2654 702 2708 brietatem
747 2653 945 2706 aﬂ'ectu
992 2651 1338 2706 excederent.
1392 2648 1516 2700 lileo
1569 2662 1787 2715 quoque
1845 2661 1993 2700 ame-

422 2751 601 2815 thysto
626 2747 936 2814 assignatus
966 2753 1070 2806 est,
1102 2745 1230 2812 quia
1285 2742 1650 2810 amethystum
1701 2737 1994 2806 pra-ferres

421 2852 614 2906 sparso
645 2836 928 2890 ebrietatis
959 2849 1182 2888 rumore
1216 2847 1561 2901 nequaquam
1601 2831 1742 2883 vinci
1793 2831 1990 2898 putuit.

492 2926 633 2991 XXI,
661 2927 853 2980 εει-27.
885 2925 1117 2995 Singula:
1143 2935 1308 2994 porta:
1330 2941 1394 2978 ea:
1416 2923 1637 2994 singulis
1670 2923 1994 2992 margaritis.

2069 720 2439 786 ἐπανήγαγεν.

2142 811 2193 869 ι’.
2243 813 2304 866 ’0
2349 813 2617 880 δέκατος,
2661 813 3111 883 χρυσόπρασος.
3153 807 3337 879 Τούτῳ
3389 805 3644 869 Θαδδαῖος

2071 906 2377 973 ἀνάκειται,
2415 906 2445 958 ὁ
2475 906 2551 977 τῷ
2596 906 2850 977 Ἀγγάρῳ
2886 904 3097 976 βασιλεῖ
3157 901 3376 972 Ἐδέσης
3410 902 3510 969 τὴν
3550 898 3642 952 τοῦ

2073 997 2309 1068 Χριστοῦ
2348 1000 2531 1050 πίστιν
2567 998 3086 1068 εὐαγγελισάμενος,
3120 995 3242 1066 ἥτις
3270 993 3472 1066 χρυσὸς
3509 1010 3647 1062 χρη-

2077 1089 2380 1161 ματίζουσα
2438 1090 2537 1160 τὴν
2597 1090 2760 1154 ἰδέαν,
2795 1090 2888 1143 καὶ
2927 1088 3101 1161 ταύτῃ
3150 1088 3213 1140 τὸ
3262 1085 3440 1156 τίμιον
3479 1085 3645 1154 ἑαυτῇ

2079 1183 2360 1252 μνωμένη,
2404 1183 2526 1235 οὐδὲ
2589 1183 2681 1234 τοῦ
2751 1181 3008 1254 πρασίου,
3038 1181 3275 1251 ἀμοιρεῖ,
3328 1179 3504 1230 εῖτουν
3548 1177 3648 1242 τὴν

2079 1273 2216 1344 πρὸς
2243 1275 2311 1328 τὰ
2357 1274 2578 1344 ἐμπαθῆ
2629 1276 2899 1345 νέκρωσιν
2941 1273 3042 1343 τῆς
3087 1273 3226 1326 κατὰ
3275 1270 3506 1341 Χριστὸν
3562 1269 3650 1322 πί-

2052 1368 2250 1428 ’στεως
2302 1367 2683 1436 αίνιττομένης
2729 1366 2826 1435 τῆς
2858 1364 3278 1434 ἀποκαλύψεως,
3324 1362 3434 1415 εἴτε
3467 1361 3561 1414 καὶ
3589 1359 3650 1413 τὸ

2081 1457 2309 1522 ἀείζωον
2342 1458 2428 1512 διὰ
2461 1459 2561 1528 τῆς
2607 1457 2885 1521 ἀειθαλίας
2929 1457 3024 1509 τοῦ
3070 1456 3304 1527 πρασίου
3339 1452 3648 1525 χρώματος.

2155 1555 2244 1604 ια’.
2293 1547 2356 1602 '0
2385 1548 2726 1615 ἑνδέκατος,
2781 1548 3078 1612 ὑάκινθος.
3112 1547 3299 1617 Τούτῳ
3343 1545 3652 1608 κυανίξοντι

2080 1641 2180 1710 τὴν
2209 1639 2400 1710 χρόαν,
2424 1640 2590 1710 ἤγουν
2621 1639 2893 1708 ἀερίζοντι
2914 1639 2942 1690 ὁ
2967 1637 3147 1708 Σίμων
3168 1639 3194 1690 ὁ
3213 1629 3468 1707 Ζηλωτὴς
3494 1637 3654 1687 anct-

2085 1730 2334 1793 κάξεται,
2367 1729 2460 1782 τοῦ
2505 1731 2604 1798 μὲν
2638 1730 2748 1781 τῶν
2786 1728 3052 1800 Ζηλωτῶν
3079 1726 3402 1788 ἀειπλανοῦς
3439 1725 3653 1791 στίφους

2087 1821 2445 1892 χρηματίζων
2471 1820 2573 1891 (διὸ
2611 1821 2704 1872 καὶ
2731 1819 2806 1883 ὡς
2851 1819 3084 1889 ἀερίζων
3111 1819 3204 1872 καὶ
3246 1815 3657 1888 ὲξηνεμωμένος

2086 1919 2146 1971 τὸ
2177 1917 2479 1989 φρόνημα),
2512 1916 2628 1972 ἀλλ’
2659 1911 2752 1968 οὖν
2793 1917 2861 1986 τῇ
2897 1913 3193 1984 ἐπιγνώσει
3239 1916 3337 1984 τῆς
3374 1909 3655 1982 ἀληθείας,

2087 2012 2138 2063 εί
2176 2010 2270 2062 καὶ
2304 2008 2422 2080 ὀψὲ,
2456 2009 2547 2062 τὸν
2597 2006 2760 2077 ζῆλον
2814 2010 2906 2060 ἐπὶ
2946 2008 3007 2060 τὸ
3058 2007 3335 2077 βέλτιστον
3383 2007 3659 2078 μεθαρμοο

2089 2103 2344 2173 σάμενος.

2164 2193 2251 2262 ιβ’.
2301 2193 2364 2246 Ὀ
2396 2192 2749 2260 δωδέκατος,
2777 2191 3098 2262 ἀμέθυσος.
3134 2185 3302 2256 Οὗτος
3350 2192 3556 2264 πυρρὸς
3601 2192 3663 2246 τδ

2089 2283 2291 2355 χρῶμα
2317 2283 2661 2354 φαινόμενος,
2696 2283 2774 2354 τῷ
2807 2283 3026 2354 Ματθίᾳ
3048 2282 3271 2346 εἰκότως
3301 2282 3666 2352 ἀφορισθήσε-

2091 2389 2204 2437 ται,
2237 2373 2337 2444 τῆς
2374 2373 2470 2425 ἀπ’
2523 2371 2756 2441 οὐρανοῦ
2811 2371 3035 2444 ῥυείσης
3087 2371 3349 2435 ὀπτασίας
3407 2371 3661 2444 ἐμπύρου

2092 2465 2281 2538 δρόσου
2341 2469 2454 2529 τοῖς
2503 2466 2699 2520 ἕνδεκα
2749 2463 3120 2528 κοινωνοῦντι,
3177 2465 3321 2536 παρὸ
3376 2467 3474 2519 καὶ
3526 2466 3664 2538 μέθῃ

2094 2555 2436 2626 κατάληπτοι
2509 2559 2619 2620 τοῖς
2669 2557 2915 2626 ἀνοήτοις
2976 2555 3433 2626 ὑπωπτεύθησαν,
3482 2558 3531 2610 εἱ
3575 2559 3670 2610 καὶ

2097 2648 2276 2719 πάσης
2313 2647 2527 2718 νήψεως
2583 2648 2865 2718 κρείττους
2893 2647 3174 2703 διέκειντο.
3221 2647 3421 2720 Διόπερ
3452 2650 3544 2702 καὶ
3591 2647 3670 2720 τῷ

2097 2739 2358 2810 ἀμεθύσῳ
2398 2741 2813 2810 προσενεμήθη,
2867 2740 2946 2792 ὄτι
2998 2739 3026 2792 ὁ
3077 2739 3211 2810 μηδὲ
3255 2741 3344 2794 τὸν
3400 2743 3672 2812 ἀμέθυσον

2099 2832 2516 2900 ἐπιφερόμενος,
2550 2831 2816 2900 ἡττᾶσθαι
2849 2831 2988 2903 μέθῃ
3033 2831 3502 2906 διατεθρύλληται.

2182 2923 2312 2979 Ἀνὰ
2349 2917 2437 2988 εἷς
2480 2921 2738 2988 ἕκαστος
2785 2920 2904 2975 τῶν
2951 2921 3247 2976 πυλώνων
3294 2921 3372 2995 ἦν
3418 2925 3486 2990 ἐξ
3535 2926 3675 2991 ἐνὸς

424 3015 492 3069 Et
525 3016 702 3084 platea
748 3017 977 3069 civitatis
1035 3032 1225 3068 aurum
1277 3031 1469 3085 purum
1521 3024 1770 3085 tanquam
1809 3012 1997 3066 uitrum

2099 3015 2489 3086 μαργαρίτου.
2517 3013 2628 3067 Kal
2658 3015 2696 3081 ὴ
2727 3012 2978 3067 πλατεῖα
2993 3010 3104 3082 τῆς
3131 3016 3383 3082 πόλεως,
3418 3019 3676 3086 χρυσίου

421 3108 761 3179 pellucidum.
795 3107 863 3161 Et
900 3107 1145 3177 templum
1181 3125 1280 3162 non
1317 3107 1422 3162 vidi
1451 3110 1505 3160 in
1536 3124 1596 3160 ea
1629 3123 1647 3160 :
1686 3107 1822 3160 Deus
1861 3105 1997 3157 enim

2103 3106 2387 3174 καθαρὸν,
2419 3105 2500 3172 ὡς
2532 3105 2721 3170 ὕαλος
2757 3103 3028 3173 διαυγής.
3057 3106 3162 3160 Kal
3190 3109 3341 3162 ναὸν
3377 3111 3487 3163 οὐκ
3515 3106 3678 3164 εἶδον

424 3203 748 3271 omnipotens
811 3203 1056 3270 templum
1103 3203 1216 3271 ejus
1244 3212 1321 3255 est
1373 3213 1421 3255 et
1467 3218 1654 3272 agnus.
1694 3200 1762 3254 Et
1814 3201 1997 3253 cit-itas

2102 3199 2173 3251 ἐν
2199 3196 2375 3264 αὐτῇ.
2395 3197 2458 3250 '0
2489 3196 2598 3266 γὰρ
2631 3197 2774 3262 Θε“ς
2797 3199 2829 3249 ό
2851 3195 3293 3265 narcara-drum,
3324 3201 3467 3267 ναδς
3487 3202 3678 3271 αὐτῆς

429 3310 531 3346 non
563 3303 674 3363 eget
706 3293 817 3347 sole
862 3311 1022 3363 neque
1062 3295 1212 3356 luna,
1267 3304 1321 3347 ut
1359 3295 1572 3347 luceant
1625 3295 1680 3346 in
1725 3308 1833 3346 ea:
1881 3309 1997 3345 naut

2105 3291 2263 3357 ἐστι,
2296 3289 2393 3343 καί
2423 3289 2487 3343 τὸ
2527 3291 2783 3357 ‘Aprlor.
2809 3290 2917 3342 Kal
2945 3292 2982 3359 ἡ
3009 3291 3186 3371 πόλις
3205 3294 3278 3346 οὐ
3321 3294 3528 3362 χρείαν
3549 3295 3679 3364 ἔχει

426 3386 592 3454 gloria
658 3384 751 3437 Dei
797 3384 1118 3438 illuminavit
1160 3384 1331 3450 illaut,
1391 3395 1439 3438 et
1497 3386 1712 3438 lucerna
1762 3383 1874 3452 ejus
1927 3392 2002 3436 est

427 3495 612 3548 agnus.
652 3477 722 3532 Et
749 3481 1097 3532 ambulabunt
1130 3491 1304 3549 gentes
1333 3496 1423 3548 per
1453 3481 1620 3534 lucem
1657 3481 1789 3548 eius,
1831 3489 1878 3531 et
1929 3495 2008 3531 re-

429 3587 514 3640 ges
553 3581 703 3624 tarrte
727 3572 948 3640 a/frrent
977 3573 1202 3642 gloriam
1223 3591 1374 3626 suout
1405 3585 1452 3627 et
1479 3575 1723 3626 honorem
1755 3574 1805 3624 in
1835 3571 2003 3624 illum.

433 3664 498 3716 Et
533 3673 697 3732 porta:
731 3665 844 3735 ejus
875 3681 975 3716 non
1010 3665 1326 3718 claudentur
1355 3681 1444 3731 per
1472 3667 1610 3719 diem
1648 3680 1666 3718 :
1722 3681 1824 3717 nos:
1867 3663 2006 3716 enim

430 3755 652 3814 nouerit
693 3756 747 3806 iu
777 3771 857 3809 ea.
889 3755 957 3807 Et
985 3757 1205 3824 afferent
1241 3757 1467 3826 gloriam
1513 3767 1560 3810 et
1595 3757 1844 3809 honorem
1887 3771 2011 3824 gett-

433 3845 566 3896 tium
600 3845 765 3914 830
789 3845 843 3898 in
867 3846 1016 3898 illaut
1057 3855 1113 3898 ut
1152 3848 1521 3917 ingrediantur
1563 3863 1582 3901 :
1614 3857 1662 3900 et
1696 3864 1798 3900 non
1850 3848 2010 3898 intret

433 3936 489 3987 in
518 3937 672 3990 illam
695 3938 954 4006 quidquid
987 3940 1230 4007 inquinat
1257 3950 1304 3993 et
1341 3941 1790 3993 abominatiouem
1811 3938 1940 4007 facit
1962 3944 2012 3990 et

433 4026 764 4080 mendacium
793 4043 812 4082 .'
839 4029 929 4082 sed
954 4032 1057 4085 soli
1093 4032 1182 4100 qui
1217 4031 1401 4100 scripti
1439 4039 1560 4083 sunt
1613 4031 1667 4082 iu
1723 4029 1855 4081 libro
1895 4029 2012 4079 vitae

432 4119 472 4167 Δ
481 4118 593 4186 gni.

2105 3385 2212 3439 τοῦ
2241 3385 2445 3452 ἡλίου,
2469 3379 2614 3437 οὐδὲ
2630 3384 2738 3451 τῆς
2761 3384 3054 3453 σελήνης,
3075 3387 3173 3440 ἵνα
3189 3389 3486 3457 φαίνωσιν
3501 3392 3677 3458 αὐτῇ.

2118 3479 2187 3534 Ἠ
2221 3479 2330 3544 γὰρ
2379 3477 2532 3541 δόξα
2562 3477 2668 3530 τοῦ
2727 3477 2877 3531 Θεοῦ
2933 3478 3229 3547 ἐφώτισεν
3264 3481 3478 3549 αὐτὴν,
3519 3484 3614 3535 καὶ
3646 3487 3681 3537 ὁ

2105 3572 2338 3639 λύχνος
2361 3567 2630 3637 αὐτ-ἦςτύ
2665 3567 2919 3637 Ἀρνίον.
2949 3571 3058 3624 Kal
3093 3572 3570 3641 περιπατήσουσι
3606 3574 3682 3627 τὰ

2111 3663 2255 3732 ἔθνη
2285 3663 2381 3716 διὰ
2411 3662 2517 3717 τοῦ
2560 3663 2755 3732 φωτὸς
2785 3662 2997 3732 αὐτῆς,
3045 3665 3140 3719 καί
3172 3669 3226 3720 οἱ
3258 3666 3541 3734 ,ϐασιλεῖς
3570 3666 3682 3735 τῆς

2111 3753 2225 3821 γῆς
2249 3753 2501 3822 φέρουσι
2537 3754 2654 3819 τὴν
2679 3753 2870 3818 δόξαν
2901 3755 2998 3808 καὶ
3031 3757 3209 3826 τιμὴν
3239 3757 3437 3813 αὐτῶν
3461 3762 3548 3824 είς
3575 3763 3654 3812 αὑ

2109 3842 2242 3908 τήν.
2276 3843 2381 3897 Kal
2429 3845 2482 3895 οι
2522 3842 2798 3910 πυλῶνες
2829 3843 3041 3913 αὐτῆς,
3087 3848 3159 3900 οὐ
3195 3847 3282 3916 μὴ
3321 3849 3685 3904 κλεισθῶσιν

2109 3930 2356 3999 ἡμέρας.
2391 3931 2521 3994 Νὺξ
2544 3933 2653 3999 γὰρ
2675 3934 2785 3986 οὐκ
2813 3933 2986 3988 ἔσται
3007 3935 3076 3988 ἐν
3094 3936 3270 4004 αὐτῇ.
3303 3941 3408 3992 Kal
3438 3941 3682 3994 οἴσουσι

2110 4022 2226 4090 τὴν
2259 4022 2450 4086 δόξαν
2486 4022 2584 4075 καὶ
2614 4022 2731 4091 τὴν
2765 4024 2945 4095 τιμὴν
2988 4024 3106 4079 τῶν
3137 4027 3331 4083 ἐθνῶν
3352 4033 3436 4096 εις
3463 4031 3683 4094 αὐτὴν,

2111 4115 2211 4168 ἵνα
2239 4113 2616 4168 εισέλθωσιν.
2663 4118 2768 4169 Kal
2825 4119 2895 4171 οὐ
2943 4117 3028 4186 μὴ
3067 4119 3310 4189 εἰσέλθῃ
3355 4125 3436 4189 εις
3489 4124 3686 4189 αὐτὴν

431 4209 556 4267 πᾶν
579 4211 786 4266 κοινὸν
815 4213 910 4266 καὶ
955 4215 1170 4269 ποιοῦν
1192 4214 1511 4289 βδέλυγμα
1555 4215 1654 4270 καὶ
1680 4211 2004 4284 ψεῦδος.ει
2038 4210 2123 4280 μὴ
2174 4212 2228 4264 οἱ
2285 4210 2671 4281 τεκραμμένοι
2697 4210 2768 4264 ἐν
2813 4211 2893 4278 τῷ
2931 4212 3146 4277 βιόλίφ
3211 4213 3322 4284 τῆς
3383 4214 3530 4285 ζωῆς
3577 4218 3686 4272 τοῦ

445 4306 704 4374 ’.Αρνίου.
1969 4351 1991 4363 ..

506 4398 814 4467 Margaritis
856 4411 1076 4458 sanctos
1124 4406 1405 4474 postolos
1445 4405 1790 4468 assimilavit,
1843 4411 1897 4455 ct
1950 4401 2006 4453 in

2185 4391 2599 4461 Μαργαρίταις,
2627 4394 2753 4458 τοὺς
2777 4395 2967 4462 ἁγίους
3013 4398 3343 4464 ἀποστόλους
3371 4403 3684 4468 ἀπεικάζει,

433 4492 662 4560 singulis
689 4494 932 4562 ipsorum
966 4512 1080 4550 rem
1128 4498 1502 4552 admirandam
1535 4515 1549 4551 :
1579 4513 1685 4550 non
1708 4495 1851 4564 quod
1885 4495 1997 4545 vita

2117 4490 2213 4538 καὶ
2244 4485 2348 4537 ἀνά
2373 4484 2605 4537 ἕκαστον
2635 4487 2817 4542 αὐτῶν
2845 4489 2906 4541 τὸ
2943 4491 3248 4562 παράδοξον
3283 4495 3378 4564 οὐχ
3425 4495 3572 4558 ὅπως
3615 4501 3680 4567 τῇ

435 4582 733 4636 candorem
762 4585 1224 4649 detuonstrarent,
1257 4588 1350 4640 sed
1383 4588 1495 4656 jam
1539 4588 1704 4640 etiam
1741 4583 1997 4651 magnitu-

2117 4576 2403 4645 λευκότητι
2433 4575 2526 4628 τοῦ
2565 4575 2682 4646 βίου
2730 4581 3144 4649 ἐπιφαίνοντας,
3177 4583 3290 4637 ἀλλ’
3339 4585 3438 4655 ἧδη
3470 4588 3563 4640 καὶ
3606 4566 3682 4658 τῷ

435 4672 562 4727 dine
589 4683 637 4726 et
675 4674 968 4729 altitudine
1003 4687 1302 4730 conatuum
1333 4678 1658 4732 inducerent
1709 4684 2008 4744 stuporem.

437 4763 676 4817 Plateam
715 4779 841 4819 vero
871 4768 1114 4821 civitatis
1143 4769 1257 4822 sive
1294 4770 1467 4823 beatze
1501 4767 1855 4821 habitationis
1888 4766 2014 4820 lati-

441 4857 679 4909 tudinem
706 4873 771 4910 ac
801 4857 924 4913 vitae
957 4859 1301 4914 duratiouem
1334 4876 1470 4914 auro
1499 4862 1856 4928 comparavit.

508 5030 577 5085 Et
637 5031 823 5086 civitas
880 5050 984 5087 non
1021 5043 1128 5104 eget
1179 5034 1287 5088 sole
1337 5051 1497 5104 neque
1567 5034 1718 5088 luna.
1788 5032 2016 5090 Cunctis

435 5123 788 5179 sensibilibus
858 5126 1102 5192 abolitis,
1153 5128 1350 5180 merito
1408 5141 1628 5194 quoque
1664 5126 1747 5179 sol
1785 5135 1840 5180 et
1887 5127 2013 5180 luna

436 5215 725 5269 abolentur
760 5230 775 5268 :
809 5226 995 5286 utpote
1039 5217 1294 5270 omnibus
1322 5232 1444 5285 quze
1477 5218 1529 5269 in
1583 5215 1675 5269 illo
1703 5224 1846 5270 statu
1888 5225 2016 5270 sunt

436 5305 791 5376 spiritualiter
847 5306 1345 5377 resplendentibus.

404 5455 418 5512 -ς
512 5483 636 5538 Nox
675 5485 813 5538 enim
841 5502 943 5540 non
973 5484 1074 5539 erit
1112 5486 1167 5539 in
1194 5503 1276 5541 ea.
1311 5486 1576 5542 Praeterea
1610 5503 1785 5558 neque
1808 5504 1912 5543 nos
1941 5488 2012 5544 ibi

437 5579 560 5642 erit,
598 5581 649 5630 in
674 5592 777 5644 qua
810 5579 1081 5633 securitas
1113 5579 1369 5635 claustris
1398 5595 1462 5636 ac
1515 5583 1791 5652 repagulis
1815 5581 2018 5652 quaeri-

442 5679 532 5723 tur
569 5688 582 5723 :
617 5667 744 5736 quia
799 5669 872 5724 ibi
924 5671 1127 5726 divina:
1161 5683 1350 5743 portae,
1385 5689 1522 5740 quas
1579 5676 1858 5745 apostolos
1895 5690 2018 5730 esse

439 5760 704 5822 diximus,
737 5760 984 5818 ellieaees
1007 5776 1170 5838 erunt
1207 5767 1274 5822 ad
1304 5767 1761 5822 introductionem
1794 5769 1910 5824 sive
1931 5769 2018 5824 in-

438 5853 797 5913 structionem
820 5871 1009 5915 eorum
1031 5876 1150 5930 qua:
1165 5858 1488 5933 perfectiora
1514 5874 1640 5918 sunt
1675 5880 1689 5916 :
1715 5878 1840 5917 cum
1868 5862 2014 5917 enim

2117 4665 2342 4736 μεγέθει
2367 4666 2460 4718 καὶ
2493 4667 2839 4738 ἀναστήματι
2882 4671 2991 4723 τῶν
3036 4674 3456 4745 ἐγχειρημάτων
3490 4679 3549 4731 τὸ
3585 4698 3685 4732 κα-

2113 4756 2422 4828 τάπληκτον
2475 4761 2868 4840 ἐπαγομένους.
2896 4765 3006 4834 Τὴν
3046 4765 3103 4818 δὲ
3131 4766 3390 4820 πλατεῖαν
3443 4770 3539 4840 τῆς
3589 4775 3686 4822 πά-

2113 4849 2270 4913 λεως,
2302 4851 2424 4921 ἦτοι
2457 4852 2554 4921 τῆς
2585 4833 2862 4924 μακαρίας
2893 4857 3383 4927 κατασκηνώσεως,
3413 4861 3473 4913 τὸ
3517 4862 3685 4927 διεξο-

2114 4943 2262 4996 δικδν
2287 4945 2384 4996 καὶ
2415 4943 2696 5015 βιώσιμον,
2730 4948 2937 5019 χρυσίῳ
2961 4949 3284 5008 ἀπείκασεν.

2188 5035 2294 5088 Kal
2327 5035 2364 5102 ἠ
2410 5037 2589 5102 πόλις
2618 5040 2690 5091 οὺ
2737 5040 2945 5108 χρείαν
2993 5040 3115 5109 ἔχει
3158 5042 3264 5096 τοῦ
3315 5046 3493 5112 ἡλίου
3545 5047 3686 5100 οὐδὲ

2116 5124 2226 5194 τῆς
2254 5126 2545 5194 σελήνης.
2605 5129 2725 5182 Τῶν
2769 5130 3041 5199 αἰσθητῶν
3094 5133 3346 5188 ἁπάντων
3378 5138 3686 5206 ἡχρειωμὲ-

2118 5235 2245 5282 νων,
2291 5218 2518 5281 εἰκότως
2557 5220 2650 5272 καὶ
2676 5221 2830 5291 ἥλιος
2863 5224 2957 5274 καὶ
2988 5224 3187 5295 σελήνη
3239 5227 3556 5298 ἠχρείωται’,
3591 5230 3683 5283 ἀτε

2117 5311 2324 5381 νοητῶς
2379 5312 2597 5364 πάντων
2640 5313 2750 5366 τῶν
2799 5317 2858 5368 ὲν
2917 5317 2984 5387 τῇ
3044 5320 3300 5390 τηνικάδε
3355 5325 3686 5378 καταστάσει

2121 5418 2187 5455 πε
2199 5401 2669 5472 ριαυγαζομένων.

2189 5491 2320 5556 Νὺξ
2354 5493 2465 5560 γὰρ
2500 5494 2609 5546 οὐκ
2633 5492 2804 5549 ἔσται
2826 5495 2897 5549 ἐν
2919 5497 3095 5566 αὐτῇ.
3129 5499 3251 5553 Ἔτι
3283 5502 3417 5571 μηδὲ
3448 5501 3544 5568 νὺξ
3570 5506 3685 5558 ἐκεῖ

2120 5583 2246 5638 καθ’
2278 5585 2345 5654 ἣν
2376 5583 2594 5656 μοχλοῖς
2635 5587 2730 5639 καὶ
2775 5587 3047 5658 κλείθροις
3078 5592 3418 5662 περιγίνεται
3446 5597 3479 5665 ἡ
3514 5596 3687 5663 ἀσφά-

2120 5673 2264 5740 λεια,
2294 5676 2379 5728 ὅτι
2413 5676 2574 5730 κάκεῖ
2601 5678 2728 5741 τοὺς
2765 5679 2942 5745 θείους
2973 5682 3246 5751 πυλῶνας,
3277 5685 3372 5749 οὓς
3395 5689 3522 5752 τοὺς
3552 5689 3688 5742 ἀπο-

2125 5768 2347 5833 στόλους
2381 5765 2520 5824 εἷναι
2549 5773 2873 5844 εἰρήκαμεν,
2901 5778 3146 5846 ὲνεργεῖς
3185 5777 3398 5833 ἔσονται
3429 5783 3563 5851 πρὸς
3590 5780 3688 5851 τὴν

2119 5860 2228 5916 τῶν
2280 5862 2622 5936 τελεωτέρων
2664 5869 2883 5939 μνῆσιν.
2936 5867 3178 5941 Ἡμέρας
3222 5872 3330 5944 γὰρ
3362 5871 3528 5942 οὔσης
3572 5873 3690 5938 del:
3717 5893 3722 5895 ν
