4046 6584
324 378 422 441 ΤΠ

1392 368 1777 432 (ΣΟΜΜΕΝΤ.
1821 367 1899 427 IN
1939 365 2466 427 APOCALYPSIN.

3464 370 3569 433 ’ΠΒ

328 490 447 544 καθ’
480 488 551 560 ἢν.
573 487 641 541 τὰ
672 487 765 542 τοῦ
793 487 969 558 φωτὸς
1002 486 1144 559 ἔργα
1168 486 1530 558 πεπράξεται,
1563 488 1680 550 πῶς
1700 480 1811 540 οἷόν
1840 502 1899 538 τε

2017 494 2299 555 perpetuus
2324 484 2398 539 sit
2426 483 2543 539 dies
2585 482 2639 537 in
2673 497 2786 553 quo
2818 482 2957 539 Iueis
2999 498 3167 556 opera
3202 496 3568 556 peraguntur.

327 584 425 653 τὴν
458 580 781 652 νυκτερινὴν
823 580 1105 652 ἀπραξίαν
1157 580 1513 651 παρείσδυσιν
1565 581 1681 633 ἐκεῖ
1727 580 1897 649 σχεῖν,

326 675 521 739 νυκτὸς
546 675 609 727 τὸ
635 675 900 746 παράπαν
937 674 1039 727 οὐκ
1065 672 1234 743 οῦσης
1258 690 1274 740 ;
1313 672 1505 725 Δισσὺν
1538 672 1595 724 δὲ
1614 672 1674 724 τὸ
1702 672 1896 741 ὄνομα.

329 770 399 820 Ἦ
425 769 535 838 γὰρ
564 767 724 821 τοῦτο
759 766 1011 837 βούλεται
1054 764 1253 836 δηλοῦν
1278 765 1361 818 ὅτι
1388 765 1581 833 είρήνη
1614 763 1766 815 ἔσται
1810 764 1901 815 καὶ

326 859 620 925 ἀσφάλεια,
665 858 741 921 ώς
789 858 924 929 μηδὲ
969 858 1178 911 δεῖσθαι
1207 856 1454 925 φυλακὴν
1500 856 1771 910 ποιεῖσθαι
1802 856 1901 924 τῆς

329 950 564 1015 πόλεως,
596 953 662 1021 τῇ
696 950 804 1004 τῶν
833 949 1020 1005 πυλῶν
1063 948 1400 1015 ἀποκλείσει,
1426 949 1460 1020 ἢ
1491 948 1551 1001 τὸ
1579 949 1741 1001 κάκεῖ
1772 948 1899 1012 τοὺς

325 1043 504 1108 θείους
538 1043 790 1106 πυλῶνας
820 1044 919 1113 τῆς
946 1041 1315 1112 ἀποστολικῆς
1356 1039 1703 1104 διδασκαλίας
1731 1038 1901 1111 ηνεῷ-

324 1135 453 1203 χθαι
513 1134 651 1187 πᾶσι
701 1133 841 1205 πρὸς
889 1132 991 1203 τὴν
1047 1134 1157 1185 τῶν
1224 1132 1575 1202 τελειοτὲρων
1641 1130 1895 1201 μάθησιν.

333 1226 554 1296 Ἡμέρα
582 1225 641 1280 δὲ
672 1226 829 1280 ἔσται
864 1227 979 1280 ἐκεῖ
1012 1226 1107 1279 καὶ
1138 1226 1254 1289 νὺξ,
1290 1224 1373 1277 ὅτι
1417 1222 1556 1292 αῦτη
1587 1226 1695 1284 τοί,
1724 1224 1893 1293 ἁμαρ-

322 1319 519 1380 τωλοῖς
547 1318 765 1389 ἀποκλη
774 1318 1101 1389 ρωθήσεται.

396 1409 508 1464 Kal
536 1410 781 1465 οἴσουσι
826 1411 945 1477 τὴν
980 1410 1292 1475 δόξανκαὶ
1338 1408 1454 1478 τὴν
1492 1410 1691 1479 τιμήν.
1740 1409 1803 1461 Ui
1835 1408 1901 1461 τὰ

323 1504 494 1572 γήῖνα
542 1502 1050 1573 καταγωνισάμενοι
1103 1502 1274 1570 πάθη,
1340 1502 1549 1554 οῐσουσι
1606 1500 1764 1566 δόξαν
1824 1499 1903 1571 τῷ

328 1594 956 1665 πναντιλαμὸανομένῳ
972 1592 1112 1662 Θεῷ.
1137 1593 1305 1645 Οὐδὲν
1332 1591 1442 1661 γὰρ
1470 1592 1579 1644 τῶν
1610 1590 1903 1661 κατωρθω-

328 1688 511 1757 μένων
536 1687 847 1757 ἀνθρώποις
883 1685 1033 1749 Θείας
1074 1685 1395 1757 ἐπικουρίας
1446 1682 1603 1746 ἐκτὸς
1647 1684 1899 1751 συσταίη.

326 1778 439 1842 Ui);
467 1779 581 1832 ἄνω
623 1778 861 1849 βασιλεῖς
893 1779 1083 1849 εἴρηκε
1131 1777 1255 1847 γῆς,
1303 1776 1525 1839 τούτους
1565 1773 1904 1842 είσαγωγούς

327 1888 468 1941 φησι
502 1843 818 1923 τῶν-ἐθνῶν
850 1843 1256 1938 τῆς-δόξηςκαὶ
1290 1869 1389 1938 τῆς
1418 1866 1607 1936 τιμῆς.
1630 1866 1696 1919 Τί
1740 1865 1798 1919 δὲ
1818 1866 1907 1919 διὰ
1937 1843 1979 1899 Β

326 1965 537 2019 τούτων
570 1962 893 2035 παριστῶνς
930 1963 1000 2015 Ἣ
1050 1964 1133 2016 ὅτι
1188 1961 1237 2015 οί
1292 1959 1805 2022 καταπαλαίσαντες
1839 1958 1909 2011 τὰ

330 2057 463 2125 περὶ
504 2057 607 2126 γῆν
644 2054 987 2124 ίλυττώμενα
1020 2054 1168 2123 πάθη
1220 2055 1298 2125 τῷ
1348 2053 1471 2108 καθ’
1515 2053 1742 2115 ἑαυτοὺς
1778 2051 1909 2104 ὑπο·

326 2149 585 2218 δείγματι
622 2148 859 2210 καὶτοῖς
904 2147 1115 2211 λοιποῖς
1166 2146 1374 2199 ἔθνεσιν
1409 2143 1776 2215 εἰσαγώγιμον
1814 2160 1909 2196 πεο

330 2239 727 2309 ποιὴκασιτὴν
776 2238 889 2292 ἄνω
950 2235 1327 2308 Ἰερουσαλὴμ,
1375 2230 1546 2305 οὗπερ
1581 2234 1908 2303 ὑπόδειγμα,

327 2333 461 2398 δόξα
488 2333 582 2385 καὶ
607 2332 763 2403 τιμὴ,
796 2332 830 2403 ἢ
869 2330 1007 2402 πρὸς
1042 2328 1202 2394 δόξαν
1253 2328 1349 2382 καὶ
1376 2326 1544 2397 τιμὴν
1586 2328 1699 2390 τοῖς
1734 2326 1910 2379 ἔθνεσι

333 2423 680 2478 συνετέλεσε.

910 2536 1159 2589 ΚΕΦΑΛ.
1192 2536 1318 2590 Ell'.

336 2650 473 2718 Περὶ
507 2648 613 2703 τοῦ
641 2649 903 2717 καθαροῦ
954 2649 1223 2719 ποταμοῦ
1260 2648 1365 2703 τοῦ
1396 2646 1797 2715 όπτανθέντος
1844 2647 1911 2702 ἐκ

745 2722 851 2773 τοῦ
883 2722 1099 2788 θρόνου
1125 2721 1506 2789 πορεύεσθαι.

408 2833 515 2888 Kal
548 2832 740 2897 ἕδειξέ
762 2849 867 2902 μοι
893 2832 1165 2903 ποταμὸν
1190 2833 1474 2902 καθαρὸν,
1518 2833 1738 2899 ὕδατος
1764 2832 1913 2902 ζωῆς

334 2926 615 2997 ,λαμπρὸν
655 2926 738 2991 ώς
774 2927 1166 2994 κρύσταλλον
1201 2926 1681 2995 ἐκπορευόμενον
1709 2927 1776 2980 ἐκ
1806 2924 1914 2979 τοῦ

337 3021 557 3090 θρόνου
602 3020 708 3075 τοῦ
756 3019 905 3074 Θεοῦ
938 3020 1036 3073 καὶ
1069 3020 1176 3075 τοῦ
1231 3020 1456 3089 Ἀρνίου
1500 3021 1569 3073 ἐν
1606 3022 1774 3089 μέσῳ
1805 3018 1916 3087 τῆς

338 3114 627 3179 πλατείας
672 3112 882 3181 αὐτῆς.
919 3112 1025 3166 Kal
1081 3111 1189 3166 τοῦ
1217 3113 1485 3181 ποταμοῦ
1511 3112 1792 3166 ἐντεῦθεν
1815 3111 1915 3166 καί

2002 576 2276 648 quomodo
2292 575 2550 647 possibile
2568 586 2712 631 esset
2731 576 2863 631 illud
2891 585 3218 632 nocturnum
3239 577 3410 632 Otium
3434 578 3573 633 irre-

2004 685 2154 741 pere,
2171 669 2263 724 ubi
2288 685 2397 725 nox
2412 669 2639 725 omnino
2660 684 2770 723 non
2789 670 2931 724 erit?
2953 670 3163 741 Duplex
3187 680 3272 727 est
3293 680 3473 727 autem
3495 672 3573 726 in-

2006 763 2272 817 tellectus.
2297 763 2408 817 Aut
2426 762 2571 817 enim
2595 760 2698 816 hoc
2714 761 3024 832 signiﬁcare
3041 764 3157 818 vult
3178 765 3321 834 quod
3341 779 3445 835 pax
3468 765 3573 819 erit

2002 864 2056 910 et
2073 856 2358 917 securitas.
2391 864 2450 910 ut
2471 869 2648 924 neque
2675 854 2884 910 civitati
2908 869 3049 925 opus
3068 856 3139 911 sit
3164 871 3368 926 ponere
3386 866 3573 913 custo-

2002 949 2149 1003 diam
2172 949 2479 1005 cIaudendo
2502 958 2685 1020 portas
2712 965 2726 1001 :
2752 960 2847 1003 aut
2871 950 3017 1020 quod
3036 948 3111 1004 ibi
3138 964 3359 1020 quoque
3377 949 3575 1005 divina:

2003 1049 2173 1110 portae
2216 1041 2481 1096 doctrinae
2537 1041 2849 1111 apostolica:
2893 1039 3150 1095 omnibus
3206 1048 3408 1110 aperta:
3440 1038 3575 1102 sint,

2004 1132 2073 1186 ad
2138 1132 2554 1188 instructionem
2617 1149 2805 1189 eorum
2862 1148 2985 1203 qua:
3049 1132 3376 1204 perfectiora
3423 1143 3571 1187 sunt.

2004 1225 2127 1281 Dies
2157 1235 2335 1280 autem
2376 1227 2479 1281 erit
2516 1226 2611 1291 ibi,
2644 1238 2698 1281 et
2728 1241 2837 1281 non
2870 1240 2998 1291 nox,
3030 1225 3160 1296 quia
3192 1225 3308 1280 hate
3354 1224 3420 1279 ad
3454 1240 3577 1296 pec-

2002 1328 2218 1371 catores
2248 1317 2594 1386 relegabitur.

2075 1408 2141 1461 Et
2172 1409 2392 1477 afferent
2424 1408 2650 1478 gloriam
2679 1417 2729 1461 et
2768 1409 3039 1463 honorem.
3065 1405 3168 1473 Qui
3212 1415 3458 1461 terrenos
3486 1404 3581 1459 de-

2004 1502 2252 1557 vicerunt
2304 1502 2550 1565 aIl'ectus,
2598 1500 2774 1556 ferent
2822 1501 3051 1570 gloriam
3103 1500 3415 1554 auxiliatori
3450 1497 3577 1553 Deo.

2004 1593 2226 1647 Nullum
2266 1596 2414 1648 enim
2452 1594 2729 1664 egregium
2778 1592 2993 1648 facinus
3023 1592 3339 1647 hominibus
3368 1591 3582 1646 contin-

2003 1698 2155 1758 geret
2184 1688 2391 1757 absque
2420 1687 2607 1741 divino
2655 1688 2879 1741 auxilio.
2939 1686 3108 1740 l’orro
3140 1701 3280 1754 quos
3327 1683 3583 1753 superius

2005 1779 2143 1834 dixit
2170 1796 2325 1850 reges
2358 1790 2535 1844 terrae,
2569 1794 2716 1833 nunc
2753 1778 2889 1832 dicit
2923 1777 3247 1832 inducentes
3282 1775 3511 1846 gloriam
3531 1784 3586 1827 et

2009 1874 2271 1928 honorem
2304 1870 2728 1942 gentium.Quid
2765 1880 2946 1924 autem
2990 1885 3087 1940 per
3123 1870 3239 1924 haec
3284 1868 3589 1939 significat?

2010 1967 2120 2019 Aut
2147 1965 2292 2034 quod
2325 1964 2379 2019 bi
2406 1964 2499 2034 qui
2528 1964 2754 2018 allectus
2788 1963 2854 2017 ad
2889 1971 3107 2017 terrena
3148 1960 3452 2017 allicientes
3489 1973 3590 2013 su-

2012 2068 2293 2127 perarunt,
2315 2072 2415 2113 suo
2439 2056 2686 2127 exemplo
2716 2055 2928 2111 caeteris
2964 2070 3181 2124 quoque
3214 2053 3465 2124 gentibus
3500 2053 3588 2106 in-

2013 2150 2409 2205 troductionem
2436 2152 2502 2204 ad
2526 2164 2820 2219 supernam
2857 2147 3161 2202 Jerusalem
3189 2146 3586 2216 praestiterunt,

2012 2240 2170 2307 cujus
2199 2242 2505 2311 exemplum
2546 2253 2675 2297 sunt
2699 2241 2869 2311 gloria
2900 2250 2951 2295 et
2987 2240 3185 2307 honor,
3232 2249 3327 2295 aut
3376 2238 3442 2294 ad
3473 2237 3590 2308 glo-

2012 2331 2149 2386 riam
2180 2342 2235 2388 et
2274 2333 2535 2389 honorem
2572 2334 2827 2402 gentibus
2852 2333 3181 2405 profuerunt

2468 2538 2627 2609 εει
2648 2537 2876 2595 CAPUT
2897 2537 2983 2592 1.x
2997 2537 3130 2593 vnt.

2089 2651 2161 2705 De
2190 2653 2349 2722 ﬂuvio
2379 2670 2513 2724 puro
2532 2656 2622 2725 qui
2644 2656 2783 2710 visus
2813 2666 2890 2711 est
2918 2671 2982 2711 ea:
3016 2658 3202 2709 throno
3224 2657 3522 2725 procedere.

2089 2832 2252 2901 XXII,
2302 2835 2411 2888 1-5.
2448 2834 2512 2888 Et
2542 2836 2768 2889 ostendit
2800 2837 2929 2889 mihi
2958 2836 3176 2906 ﬂuvium
3217 2852 3409 2905 parum
3444 2852 3594 2906 aqua

2016 2926 2163 2984 vim.
2201 2926 2536 2990 splendidum
2568 2936 2816 2997 tanquam
2847 2927 3182 2996 crystallum,
3232 2926 3595 2995 procedentem

2016 3018 2079 3070 de
2114 3017 2299 3071 throno
2328 3016 2423 3071 Dei
2445 3028 2493 3071 et
2524 3017 2659 3089 Αθηί
2704 3019 2759 3071 in
2803 3018 2972 3071 medio
3019 3018 3208 3087 platea:
3234 3018 3369 3086 ejus.
3422 3016 3486 3069 Et
3532 3031 3598 3069 ex

2019 3113 2245 3174 utraque
2266 3115 2417 3174 parte
2448 3106 2603 3174 ﬂuvii
2633 3107 2834 3176 lignum
2883 3108 3109 3177 offerens
3140 3108 3347 3176 fructus
3393 3108 3595 3162 duode-

336 3204 410 3259 ἐκ
443 3203 569 3258 ῖθεν
592 3205 784 3269 ξύλον
805 3202 955 3273 ζωῆς
983 3205 1199 3258 ⁴ποιοῦν
1223 3204 1490 3271 καρποὺς
1508 3203 1739 3257 δώδεκα
1760 3203 1911 3258 κατὰ

2020 3202 2144 3265 cim,
2171 3217 2265 3271 per
2298 3218 2501 3257 menses
2524 3203 2759 3273 singulos
2792 3203 3011 3257 reddens
3038 3204 3273 3273 fructum
3312 3220 3469 3257 suum
3494 3220 3514 3258 :
3547 3212 3598 3258 et

334 3297 505 3367 μῆνα
534 3297 644 3349 ἕνα
676 3295 943 3349 ἕκαστον
965 3293 1294 3360 ἀποδιδοὺς
1314 3294 1421 3347 τὸν
1451 3291 1685 3361 καρπὸν
1708 3291 1915 3355 αὑτοῦ,

340 3392 441 3445 καὶ
493 3392 565 3443 τὰ
610 3390 818 3459 φύλλα
866 3387 975 3442 τοῦ
1040 3388 1233 3451 ξύλου
1280 3389 1370 3451 εὶς
1428 3385 1745 3453 θεραπείαν
1802 3384 1923 3438 τῶν

340 3481 550 3535 ἐθνῶν.
593 3480 702 3536 Kal
752 3478 877 3535 πᾶν
920 3480 1223 3548 κατάθεμα
1259 3481 1372 3532 οὐκ
1420 3478 1593 3532 ἔσται
1636 3476 1777 3530 ἐκεῖ.
1813 3474 1923 3530 Kal

341 3578 375 3627 ὁ
397 3575 609 3641 θρόνος
626 3572 735 3625 τοῦ
755 3572 905 3626 Θεοῦ
930 3571 1028 3625 καὶ
1050 3570 1156 3624 τοῦ
1194 3571 1432 3638 Ἀρνίου
1459 3569 1529 3622 ἐν
1551 3566 1704 3635 αὐτῇ
1728 3567 1919 3621 ἐσται.

343 3666 449 3720 Καὶ
489 3667 542 3719 al
594 3664 805 3718 δοῦλοι
862 3661 1049 3717 αὑτοῦ
1090 3660 1541 3729 ,λατρεύσουσιν
1587 3657 1769 3723 αὐτῷ,
1816 3656 1915 3711 καί

342 3757 597 3824 ὄψονται
625 3756 690 3810 τὸ
725 3756 1052 3823 πρόσωπον
1066 3750 1275 3816 αὑτοῦ,
1307 3751 1406 3803 καὶ
1430 3750 1495 3803 τὸ
1519 3749 1707 3817 ὄνομα
1726 3747 1913 3801 αὐτοῦ

342 3848 443 3902 ἐπὶ
485 3846 604 3901 τῶν
635 3846 923 3916 μετώπων
976 3843 1195 3899 αὐτῶν.
1250 3844 1361 3897 Kal
1405 3842 1523 3907 νὺξ
1578 3842 1687 3896 οὐκ
1739 3840 1910 3894 ἔσται

342 3938 486 4003 ἐκεῖ,
511 3940 610 3993 καί
658 3940 870 4007 χρείαν
902 3938 1011 3990 οὐκ
1049 3937 1265 4003 έχουσι
1312 3936 1546 4004 ,λύχνου
1577 3934 1674 3987 καί
1726 3933 1922 4001 φωτὸς

339 4036 832 4102 βασιλεύσουσιν
854 4037 942 4101 εις
969 4033 1111 4099 τοὺς
1132 4033 1353 4099 αἰῶνας
1381 4031 1500 4084 τῶν
1523 4033 1771 4085 αἰώνων.

418 4131 614 4202 Διττὴν
654 4131 813 4199 ίσμεν
859 4129 954 4183 τοῦ
985 4128 1235 4195 ποταμοῦ
1270 4128 1370 4199 τὴν
1406 4127 1697 4197 ὠφέλειαν,
1732 4127 1918 4196 δίψους

347 4226 671 4297 ἀνάκτησιν,
738 4226 834 4280 καὶ
881 4224 1057 4297 ῥύπου
1108 4224 1411 4295 κάθαρσιν,
1461 4218 1537 4278 ὧν
1595 4224 1923 4295 ἀμφοτέρων

350 4318 566 4389 πλήρης
597 4319 629 4389 ἡ
666 4320 807 4373 κατὰ
864 4320 927 4372 τὸ
980 4318 1339 4387 εῦαγγελικδν
1387 4318 1624 4389 Χριστοῦ
1663 4319 1925 4389 κήρυγμα

350 4413 489 4482 ζωή.
520 4411 683 4482 Δίψος
726 4428 786 4465 τε
812 4410 920 4482 γὰρ
948 4411 1287 4481 ἀνεκτήσατο
1317 4411 1425 4465 τῶν
1456 4411 1562 4482 πρὸ
1582 4411 1683 4481 τῆς
1719 4428 1928 4482 παρουο

2019 3294 2152 3364 folia
2192 3294 2319 3366 ligni
2354 3296 2422 3349 ad
2454 3296 2708 3351 medelam
2755 3298 3011 3366 gentium.
3076 3296 3143 3350 Et
3176 3314 3327 3351 omne
3373 3296 3599 3351 maledi-

2019 3397 2162 3441 ctum
2189 3404 2292 3441 non
2332 3389 2430 3442 erit
2458 3388 2707 3457 amplius,
2742 3390 2834 3443 sed
2882 3390 3101 3443 thronus
3138 3388 3235 3443 Dei
3265 3398 3315 3443 et
3362 3389 3498 3459 Αριιὶ
3543 3389 3595 3441 in

2020 3478 2116 3532 illa
2150 3480 2291 3533 erit:
2320 3490 2368 3533 et
2399 3481 2533 3532 servi
2572 3480 2685 3548 ejus
2712 3482 2935 3533 servient
2988 3480 3091 3539 illi.
3136 3489 3185 3534 et
3233 3480 3481 3533 videbunt
3514 3478 3599 3547 {a-

2021 3573 2153 3626 ciem
2202 3573 2316 3642 ejus
2348 3583 2439 3627 :et
2480 3589 2667 3627 nomen
2695 3574 2810 3643 ejus
2848 3574 2901 3626 in
2941 3572 3204 3643 frontibus
3238 3573 3492 3639 ipsorum.
3530 3571 3600 3625 Et

2024 3676 2130 3714 nox
2158 3678 2261 3715 non
2284 3664 2383 3715 erit
2414 3662 2489 3715 ibi
2516 3679 2534 3716 :
2558 3673 2607 3716 et
2638 3680 2740 3716 non
2767 3671 2916 3733 egent
2954 3661 3169 3715 lucerna
3200 3677 3291 3714 nec
3308 3662 3422 3714 lure
3449 3661 3601 3725 solis,

2021 3754 2274 3822 quoniam
2312 3753 2573 3809 Dominus
2608 3755 2745 3809 Deus
2785 3756 3057 3809 illuminat
3108 3753 3251 3808 illos.
3298 3751 3366 3807 Et
3414 3769 3607 3824 regna-

2018 3844 2144 3899 bant
2180 3846 2234 3899 in
2262 3846 2459 3901 stecula
2491 3847 2832 3902 surculorum.

1994 3936 2195 4003 ἡλίου,
2239 3938 2327 3993 ὅτι
2368 3941 2586 4009 Κύριος
2642 3944 2675 3994 ό
2715 3941 2860 4007 Θεὸς
2910 3938 3139 4010 φωτίζει
3203 3940 3448 4003 αὐτούς.
3496 3936 3604 3992 Kal

2097 4124 2378 4195 Duplicem
2434 4125 2689 4179 novimus
2737 4124 2980 4180 ﬂuminis
3040 4126 3353 4187 utilitatem,
3413 4140 3609 4193 nempe

2023 4216 2141 4271 sitis
2163 4215 2611 4271 refocillationem
2635 4226 2685 4270 et
2712 4217 2954 4271 sordium
2975 4216 3371 4286 purgationem.
3396 4214 3611 4271 Utrius-

2024 4323 2131 4379 que
2196 4310 2356 4380 plena
2396 4308 2615 4378 adeptio
2641 4318 2727 4363 est
2758 4309 2810 4362 in
2841 4308 2946 4361 vita
2978 4324 3101 4377 qua:
3140 4316 3223 4361 cst
3248 4307 3404 4376 juxta
3434 4308 3610 4362 Evan-

2026 4402 2151 4473 gelii
2178 4401 2382 4455 Christi
2424 4401 2897 4471 przedicationcm.
2934 4399 3067 4454 Nam
3118 4410 3171 4455 et
3205 4401 3355 4456 sitim
3388 4400 3611 4455 refocil-

352 4506 475 4568 σίας
501 4504 740 4576 Χριστοῦ
790 4505 1112 4575 προφητῶν,
1150 4523 1168 4555 ι
1217 4504 1473 4575 Ἐδίψησέ
1505 4521 1585 4569 σε,
1636 4524 1655 4556 ι
1689 4504 1917 4573 φασκόν-

2028 4493 2160 4546 lavit
2182 4492 2567 4561 praphetarum
2586 4494 2677 4561 qui
2706 4492 2922 4547 fuerant
2938 4500 3062 4547 ante
3078 4490 3278 4547 Christi
3316 4491 3609 4547 adventum

349 4616 481 4661 των,
519 4617 539 4650 ι
577 4598 611 4667 ἡ
642 4596 789 4667 ψυχὴ
836 4596 1017 4667 ἡμῶν,
1072 4617 1091 4648 ι
1147 4601 1243 4649 καὶ
1293 4596 1630 4668 βαπτίσματι
1682 4597 1928 4668 θεουργῷ

350 4693 481 4755 τοὺς
540 4692 869 4764 λουομένους
921 4693 1218 4762 ἁγνίζουσα
1270 4693 1528 4766 ὲκάθαρι.
1586 4696 1696 4749 Καὶ
1742 4695 1824 4747 ὅτι
1871 4693 1932 4747 τὸ

356 4784 645 4855 βάπτισμα
699 4786 904 4850 σκοπὸς
958 4786 1365 4858 παρεμφαίνειν
1418 4786 1509 4839 τὸν
1561 4766 1805 4852 ποταμδν
1855 4786 1933 4856 τῷ

356 4874 748 4945 εὐαγγελιστῇ,
782 4874 1017 4928 ἐνταῦθα
1044 4876 1307 4947 ἐχέγγυον
1337 4874 1715 4929 πιστώσασθαι
1747 4876 1807 4929 τὸ
1828 4878 1937 4931 ἀπὸ

354 4965 449 5019 τοῦ
486 4965 679 5037 θρόνου
715 4966 812 5021 τοῦ
853 4968 1066 5039 ’Δρνίου
1100 4969 1498 5039 ὲκπορευεσθαι
1528 4969 1693 5023 αὐτὸν
1743 4970 1938 5023 ὑποθέ-

360 5058 508 5125 σθαι,
540 5061 635 5113 καὶ
674 5062 841 5131 μέσον
864 5062 964 5131 τῆς
989 5062 1254 5124 πλατείας
1281 5062 1544 5133 διαρρεῖν,
1577 5062 1670 5115 τοῦ
1703 5064 1939 5132 εὐαγγε-

357 5151 512 5205 λικοῦ
543 5151 746 5223 δηλαδὴ
781 5152 1161 5223 κηρύγματος.
1196 5155 1269 5209 Οὐ
1298 5156 1405 5225 γὰρ
1426 5155 1576 5208 ἔστιν
1608 5156 1686 5219 είς
1708 5157 1806 5227 τὴν
1827 5158 1940 5212 ἄνω

368 5246 732 5317 Ἰερουσαλὴμ
764 5246 1051 5309 εἰσελθεῖν,
1088 5248 1231 5302 κατὰ
1261 5250 1356 5320 τὴν
1380 5248 1471 5301 τοῦ
1494 5248 1699 5319 Κυρίου
1732 5251 1937 5323 φωνὴν,

356 5336 449 5388 τὸν
484 5338 558 5407 μὴ
609 5338 817 5392 ἄνωθεν
853 5338 1288 5409 ἀναγεννηθέντα
1326 5340 1393 5394 δι’
1430 5339 1621 5404 ὓδατος
1646 5339 1741 5394 καὶ
1773 5340 1935 5394 πνεύο

360 5445 553 5497 ματος.

434 5522 539 5575 Kal
571 5522 677 5577 τοῦ
705 5518 975 5594 ποταμοῦ
1004 5524 1285 5581 ἐντεῦθεν
1308 5527 1403 5579 καὶ
1437 5524 1685 5581 ἐκεῖθεν.
1718 5524 1936 5580 Ἐντεῦ-

360 5614 453 5666 θεν
480 5612 576 5666 καὶ⁸
605 5614 814 5669 ἐκεῖθεν
837 5616 930 5669 τοῦ
954 5617 1312 5687 εῦαγγελικοῦ
1340 5618 1718 5691 κηρύγματος,
1750 5617 1935 5672 ἐντεῦ-

436 5800 477 5835 ¹¹
514 5802 659 5857 Psal.
689 5818 823 5864 an,
846 5802 903 5855 2.

685 5898 956 5957 ΡΑΤιιοι..
990 5896 1105 5953 Gn.
1146 5894 1299 5954 CVI.

2032 4596 2086 4641 et
2116 4588 2388 4651 dicebant,
2427 4606 2445 4639 ι
2485 4586 2667 4641 Sitivit
2693 4596 2743 4641 te
2764 4587 2947 4641 anima
2986 4600 3102 4639 mea
3134 4585 3200 4651 “,
3245 4604 3263 4637 ι
3303 4595 3356 4641 et
3384 4601 3480 4641 eos
3519 4589 3612 4657 qui

2034 4694 2194 4735 sacro
2251 4688 2305 4735 et
2348 4679 2551 4735 eﬂicaci
2605 4681 2930 4749 baptismate
2986 4677 3283 4742 lavantur,
3340 4680 3614 4748 expiando

2034 4773 2306 4844 purgavit.
2359 4772 2427 4828 Et
2466 4772 2611 4842 quod
2660 4772 3005 4841 evangelista:
3057 4786 3255 4840 scopus
3299 4770 3369 4826 sit
3405 4780 3465 4825 ut
3510 4771 3615 4825 Ilu-

2036 4867 2159 4921 vius
2198 4864 2401 4920 referat
2430 4864 2721 4935 baptisma,
2756 4863 2885 4919 hinc
2914 4864 3171 4919 idoneum
3208 4871 3293 4920 est
3322 4879 3617 4934 argumen-

2041 4971 2153 5019 tum
2206 4962 2271 5015 ad
2305 4959 2765 5025 conﬁrmandum,
2797 4961 2942 5029 quod
2992 4967 3047 5013 et
3088 4958 3265 5028 ipsum
3321 4957 3618 5028 procedere

2036 5050 2293 5121 supponit
2317 5050 2384 5104 de
2412 5050 2609 5103 throno
2642 5047 2734 5104 Dei
2766 5059 2819 5103 et
2853 5049 3013 5119 Agni,
3043 5058 3097 5105 et
3125 5048 3369 5103 difﬂuere
3414 5050 3467 5102 in
3502 5064 3618 5102 me-

2035 5142 2127 5197 dio
2155 5140 2365 5211 platere,
2407 5140 2733 5210 evangelica:
2767 5140 3019 5195 videlicet
3056 5141 3480 5210 praedicationis.
3508 5141 3616 5194 Ne.-

2037 5250 2145 5305 quc
2192 5234 2342 5289 enim
2377 5241 2551 5303 potest
2608 5233 2898 5302 quisquam
2952 5233 3005 5287 in
3054 5248 3349 5303 supernam
3409 5232 3619 5302 ingredi

2036 5326 2361 5391 Jerusalem,
2394 5326 2547 5397 juxta
2579 5325 2797 5380 Domini
2834 5341 3048 5391 vocem,
3094 5326 3200 5380 nisi
3234 5326 3328 5396 qui
3386 5342 3622 5396 superne

2039 5427 2393 5489 regeneratus
2419 5418 2493 5474 sit
2524 5433 2619 5488 per
2651 5432 2849 5487 aquam
2881 5426 2935 5471 et
2969 5415 3311 5485 sanguinem.

2117 5512 2186 5568 Et
2214 5529 2279 5568 ea:
2310 5523 2531 5584 utraque
2556 5521 2707 5582 parte
2736 5511 2907 5580 ﬂuvii.
2939 5511 3013 5565 Ex
3038 5521 3265 5581 utraque
3285 5518 3437 5580 parte
3457 5526 3625 5567 cvan-

2044 5611 2230 5681 gelit-a:
2284 5608 2683 5680 prmdieationis
2738 5626 2751 5662 :
2814 5621 2878 5662 ex
2917 5606 3016 5662 hac
3060 5605 3281 5678 quidem
3322 5606 3620 5663 sectnnlum

3235 5882 3313 5946 25
