4046 6590
423 375 531 441 779

1228 365 1556 426 ARETIUE
1594 365 1973 427 CAESARE/1“.
2012 365 2495 428 CAPPADOCUE
2531 368 2873 431 EPISCOPI

3586 368 3692 432 780

423 496 746 564 prasentem
780 486 968 553 vitam,
995 500 1059 539 nx
1103 483 1193 539 illa
1243 501 1374 542 vero
1414 485 1716 542 secundum
1759 483 2002 537 futurum
2036 534 2038 541 ,

2118 481 2226 545 θεν,
2268 482 2423 551 κατὰς
2455 482 2552 553 τὴν
2584 482 2869 552 παροῦσαν
2921 480 3085 550 ζωὴν,
3136 481 3368 545 ἐκεῖθεν,
3405 482 3546 536 κατὰ
3595 482 3692 534 τὸν

424 581 712 640 saeculum.
750 577 983 648 Lignum
1044 586 1226 632 autem
1279 578 1403 632 vitae
1432 577 1670 632 divinam
1710 583 1870 629 vocat
1920 588 2008 627 sa-

425 675 709 748 pientiam.
741 669 916 741 llujus
971 682 1154 726 autem
1201 672 1335 742 ligni
1389 679 1474 727 est
1513 669 1763 726 doctrina
1789 667 2012 722 Christo

425 768 734 830 adhaerens,
800 777 981 834 quas
1037 764 1294 834 praesenti
1335 763 1596 819 felicitate
1656 759 1724 815 ad
1773 759 2013 813 futuram

425 856 816 915 beatitudinem
838 868 1114 912 occurret.
1144 856 1310 927 832
1360 856 1492 922 Quae
1537 862 1621 909 est
1655 861 1836 908 autem
1872 865 2013 920 prae-

425 966 554 1006 sens
598 947 870 1004 felicitas?
925 948 1190 1006 Deceuter
1228 957 1281 1002 et
1311 954 1621 1016 opportune
1668 951 1903 997 tractare
1931 939 2014 994 di-

423 1043 583 1096 vinas
625 1041 879 1105 virtutes,
931 1049 987 1094 et
1031 1052 1138 1094 non
1180 1035 1560 1107 intempestive
1599 1042 1694 1088 aut
1752 1045 2016 1103 praesum-

425 1139 620 1201 ptuose
681 1128 944 1185 inefﬁcaci
1023 1128 1206 1183 studio
1274 1141 1444 1181 vanas
1505 1124 1740 1182 efﬁcere.
1793 1123 2014 1193 Equali

425 1233 607 1278 autem
642 1237 874 1276 numero
897 1235 1022 1276 cum
1057 1219 1438 1274 laborantibus
1472 1228 1556 1273 est
1607 1227 1662 1273 et
1710 1227 2017 1287 Opportuna

427 1312 698 1379 tractatio,
756 1311 883 1381 quia
924 1325 1102 1380 neque
1154 1311 1502 1379 prolongare,
1563 1309 1657 1364 sed
1721 1308 2020 1380 praevenire

425 1404 606 1472 potius
639 1413 853 1472 tempus
889 1401 1184 1456 solutionis
1217 1412 1436 1472 oportet
1464 1416 1591 1473 erga
1617 1402 1903 1473 operarios
1925 1400 2017 1472 qui

423 1494 631 1550 faciant
673 1495 924 1550 ordinate
953 1495 1114 1566 dirigi
1151 1496 1364 1568 singula
1400 1497 1451 1551 in
1477 1497 1767 1567 sapientia.
1791 1495 1872 1550 Ad
1906 1495 2022 1550 huic

425 1588 554 1644 folia
583 1603 808 1660 quoque
838 1589 970 1660 ligni
993 1590 1058 1645 ad
1091 1590 1382 1646 sanitatem
1427 1591 1670 1661 gentium
1703 1589 1781 1644 ait
1806 1589 2020 1644 denun-

426 1681 546 1736 tiari
597 1683 715 1738 sive
747 1683 1012 1738 vaticinio
1041 1685 1312 1754 praedici;
1352 1694 1406 1740 at
1436 1686 1564 1754 quid
1601 1701 1695 1756 per
1747 1686 1861 1740 haec
1908 1683 2034 1738 vult‘

423 1776 774 1846 proponere?
803 1775 1023 1841 Scimus
1049 1792 1182 1833 sane
1215 1777 1409 1834 folium
1448 1795 1589 1844 esse,
1632 1778 1844 1833 fructus
1888 1793 2018 1848 ope.

2116 575 2379 645 μέλλοντα
2426 577 2621 631 αἰῶνα.
2657 576 2826 630 Ξύλον
2870 577 2927 628 δὲ
2973 576 3142 644 ζωῆς.
3183 575 3286 642 τὴν
3338 575 3521 630 ἔνθεον
3556 593 3691 645 φησι

2116 665 2327 734 σοφίαν.
2359 665 2564 720 Τούτου
2600 666 2693 721 τοῦ
2736 666 2918 732 ξύλου⁹
2952 668 2986 737 ή
3015 667 3157 720 κατὰ
3190 667 3425 736 Χριστὸν
3455 667 3687 737 ἐχομένη

2114 756 2436 812 διδασκαλία
2490 759 2600 812 ἀπὸ
2644 758 2742 828 τῆς
2790 755 3041 812 ἐντεῦθεν
3088 757 3399 830 εὐπραγίας
3467 760 3549 821 είς
3592 755 3692 828 τὴν

2119 849 2504 920 μακαριότητα
2537 850 2892 920 καταντήσει.
2922 849 3018 912 Τίς
3046 848 3103 902 δὲ
3134 849 3168 918 ἠ
3205 847 3455 902 ἐντεῦθεν
3485 850 3694 918 εὐπρα-

2116 942 2252 1010 γία;
2305 942 2378 994 Τὸ
2425 944 2817 1013 προσηκόντως
2865 939 3351 1011 μεταχειρίζεσθαι
3403 941 3498 994 καὶ
3557 941 3694 993 κατὰ

2117 1032 2312 1104 καιρὸν
2343 1032 2444 1097 τὰς
2495 1034 2779 1096 θεοποιοὺς
2811 1033 3036 1104 ἀρετὰς,
3072 1032 3211 1087 ἀ).λά
3262 1032 3336 1104 μὴ
3387 1030 3691 1102 ἀκαίρωςῆ

2119 1125 2512 1195 ὑπερὸαθμίως
2569 1124 2656 1178 ἐπ’
2721 1123 2972 1196 ἀνηνύτῳ
3020 1124 3406 1194 σπουδάσματι
3467 1139 3696 1194 ματαιοο

2119 1220 2318 1274 ποιεῖν.
2364 1217 2678 1288 Ἰσάριθμος
2721 1217 2775 1271 δὲ
2821 1219 2935 1281 τοῖς
2979 1215 3292 1270 διαπονοῦσι
3323 1217 3418 1268 καὶ
3463 1217 3496 1286 ἡ
3553 1216 3694 1268 κατά

2118 1310 2309 1381 καιρὸν
2356 1310 2770 1381 μεταχείρησις,
2813 1311 2898 1364 ὅτι
2945 1310 3068 1382 μηδ’
3123 1310 3484 1381 ὑπερτείνειν,
3512 1310 3596 1362 ἀεὶ
3637 1309 3694 1361 δὲ

2119 1401 2289 1456 ὲνδεῖν
2319 1403 2490 1472 ἐχρῆν
2521 1401 2616 1454 τοῦ
2661 1400 2853 1472 καιροῦ
2887 1400 3015 1464 τοὺς
3043 1402 3306 1473 ἐργάτας,
3345 1399 3694 1470 τεταγμένως

2118 1495 2175 1550 δὲ
2212 1493 2559 1564 διεξάγεσθαι
2589 1493 2657 1548 τὰ
2691 1495 2869 1549 πάντα
2900 1497 2957 1549 ὲν
2991 1495 3154 1566 σοφίᾳ
3211 1495 3519 1558 ποιοῦντας.
3551 1495 3696 1564 Πρὸς

2118 1589 2349 1652 τούτοις,
2385 1589 2480 1641 καὶ
2507 1587 2576 1640 τὰ
2607 1587 2785 1658 φύλλα
2819 1589 2957 1658 φησὶ
2981 1587 3078 1642 τοῦ
3104 1587 3260 1653 ξύλου
3286 1587 3366 1650 εἰς
3399 1586 3697 1657 θεραπείαν

2120 1677 2608 1745 καταγγέλλεσθαι,
2640 1677 2804 1732 οἱονεὶ
2853 1677 3213 1750 φημίζεσθαι,
3251 1677 3362 1730 τῶν
3415 1676 3604 1742 ἐθνῶν,
3644 1677 3697 1728 τί

2120 1770 2209 1824 διὰ
2246 1770 2455 1823 τούτων
2508 1771 2768 1841 ὲνστῆσαι
2806 1771 3018 1838 θέλων;
3056 1769 3128 1825 To
3177 1769 3378 1840 φύλλον
3414 1764 3508 1822 οὖν
3541 1784 3697 1839 περι-

423 1864 720 1919 rimentum
753 1865 1030 1921 adornatis
1059 1884 1072 1921 :
1105 1875 1162 1922 et
1216 1882 1278 1921 ex
1309 1867 1412 1922 hoc
1451 1867 1827 1937 intelligimus,
1869 1869 2012 1937 quod

2119 1866 2355 1936 κάρπιον
2386 1867 2546 1935 ίσμεν
2599 1866 2919 1936 σκέπασμα.
2959 1865 3055 1918 Ἐκ
3086 1864 3280 1918 τούτου
3327 1862 3582 1932 συνίεμεν
3621 1863 3698 1924 ὡς

424 1955 751 2025 perfectiora
790 1959 1092 2014 secundum
1120 1958 1292 2014 Deum
1338 1976 1529 2030 opera,
1570 1970 1623 2016 et
1655 1975 1748 2031 per
1782 1960 2016 2031 crystal-

423 2047 592 2102 linam
619 2032 1008 2118 pellucentiam
1051 2048 1552 2121 cirrumfulgentia,
1595 2049 2016 2121 perfectissimis

423 2139 478 2193 in
505 2139 708 2196 virtute
730 2139 796 2194 ad
829 2140 1294 2197 exarninationcm
1343 2144 1780 2209 committuntur,
1838 2143 2014 2212 siqui-

421 2231 569 2298 dem,
601 2249 618 2282 ι
649 2230 906 2287 Potentes
934 2241 1182 2303 potenter
1208 2234 1668 2289 examinabnntur
1703 2237 1765 2289 ”.
1808 2255 1826 2286 ι
1859 2233 2017 2301 Quae-

422 2338 640 2392 cunque
666 2337 797 2377 vero
818 2323 1143 2378 alimentum
1185 2324 1466 2380 fructuum
1517 2343 1623 2380 non
1667 2327 2012 2396 participant,

423 2414 520 2468 sed
551 2414 794 2484 plantam
823 2416 1002 2472 solum
1028 2426 1318 2472 assumunt
1364 2419 1420 2472 in
1455 2422 1672 2489 signum
1699 2419 1843 2488 quod
1873 2434 2017 2472 mor-

427 2517 517 2560 tua
552 2522 662 2562 non
694 2507 826 2572 sint,
852 2511 917 2563 ad
947 2508 1214 2564 medelam
1238 2512 1481 2580 gentium
1515 2512 1887 2581 assignantur.
1920 2510 2016 2566 llis

425 2598 569 2652 enim
598 2598 664 2653 ad
705 2597 912 2654 Christi
973 2600 1299 2670 obsequium
1352 2603 1763 2667 accedentibus,
1825 2619 2017 2674 super-

425 2690 595 2744 fluum
627 2691 766 2744 foret
795 2690 848 2744 in
889 2691 1024 2762 ipsis
1051 2701 1242 2748 exacte
1268 2693 1547 2764 indagare.

496 2802 599 2858 Sed
626 2805 846 2858 thronus
881 2803 980 2858 Dei
1014 2815 1063 2858 et
1094 2805 1231 2875 Agni
1258 2807 1314 2860 in
1359 2806 1454 2859 illa
1485 2807 1609 2861 erit.
1642 2806 1746 2872 Qui
1800 2806 2015 2861 dilectis

426 2895 537 2951 Deo
571 2896 866 2952 virtutibus
893 2897 1134 2967 seipsum
1165 2898 1218 2953 in
1256 2899 1500 2953 divinum
1537 2898 1848 2954 vehiculum
1882 2915 2018 2970 prir-

423 2989 746 3059 paravit,ad
775 2987 866 3044 Dei
894 2998 948 3044 et
978 2991 1114 3060 Agni
1145 2991 1410 3062 requiem,
1437 3008 1535 3062 per
1558 2993 1770 3049 divinus
1808 2993 2016 3049 Veteris

423 3079 671 3152 Novique
699 3080 1030 3138 'festamcnti
1067 3083 1465 3140 instructiones
1499 3085 1732 3158 impigre
1758 3101 2013 3152 currens,

424 3188 490 3228 ac
533 3173 731 3248 divina'
768 3174 1132 3231 dedicationis
1165 3177 1442 3246 particeps
1482 3177 1718 3233 feliciter
1766 3177 2012 3245 eﬂectus,
2042 3218 2084 3274 ο

425 3265 518 3322 hic
551 3265 793 3322 civitatis
848 3283 1103 3339 superna:
1137 3267 1443 3326 Jerusalem
1479 3269 1754 3326 habitator
1781 3273 1902 3338 erit,
1932 3274 2010 3326 vi-

424 3357 690 3428 debitque
729 3356 898 3413 Deum
924 3359 1065 3416 facie
1099 3360 1168 3416 ad
1195 3361 1411 3428 faciem,
1447 3377 1557 3416 non
1576 3379 1673 3434 per
1701 3365 2009 3435 aenigmata,

425 3450 520 3505 sed
553 3449 1015 3519 quemadmodum
1046 3452 1252 3509 sanctis
1279 3454 1543 3524 apostolis
1575 3455 1629 3509 in
1669 3466 1849 3513 monte
1879 3471 2011 3513 san-

426 3545 516 3592 cto
541 3538 694 3593 visus
718 3549 826 3607 est,
855 3541 1023 3595 veluti
1049 3541 1126 3596 ait
1157 3557 1389 3613 magnus
1418 3543 1728 3616 Dionysius.

499 3715 567 3770 Et
594 3720 887 3790 regnabant
921 3722 975 3774 in
1006 3721 1204 3776 swcnla
1231 3724 1570 3778 seculorum.
1605 3725 1788 3780 Sancti
1824 3727 2015 3781 videli-

430 3819 516 3865 cet
543 3814 958 3883 conreguabunt
996 3814 1220 3872 Christo
1259 3833 1356 3886 per
1389 3818 1600 3874 infinita
1628 3819 1846 3875 stet-uls.

997 4037 1224 4095 CAPUT
1263 4040 1449 4095 LXIX.

434 4173 588 4240 Quod
619 4173 726 4243 ﬁde
787 4174 947 4245 digna
1005 4177 1111 4231 sint
1148 4194 1266 4248 qua:
1318 4177 1383 4233 ab
1426 4178 1679 4250 Apostolo
1728 4182 1838 4236 visu
1870 4191 2013 4236 sunt.

502 4375 669 4443 XXII,
698 4377 751 4432 6.
795 4377 858 4432 Et
900 4379 1038 4434 dixit
1075 4383 1202 4437 nti/ti
1239 4399 1258 4437 :
1296 4382 1370 4437 Ili
1411 4401 1675 4441 sermones
1712 4387 1816 4455 [ide
1871 4388 2017 4458 digni

430 4484 553 4524 sunt
584 4481 630 4523 et
667 4473 796 4525 veri.
835 4470 903 4525 Et
937 4473 1197 4530 Dominus
1229 4476 1368 4530 Deus
1399 4479 1688 4546 spirituum
1734 4479 2016 4549 propheta-

2120 1957 2191 2012 τὰ
2211 1956 2524 2026 τελεώτερα
2563 1957 2672 2011 τῶν
2701 1957 2845 2012 κατά
2863 1957 2997 2010 Θεὸν
3023 1955 3118 2010 καί⁵
3145 1956 3399 2027 διαυγείᾳ
3426 1953 3700 2024 κρυσταλρ

2116 2051 2312 2104 λοειδεῖ
2356 2051 2879 2121 περιαυγαζομένων
2934 2050 3114 2121 ἔργων
3178 2052 3293 2112 τοῖς
3341 2047 3696 2108 τελεωτάτοις

2117 2142 2240 2197 κατ’
2275 2143 2477 2215 ἀρετὴν
2501 2145 2580 2207 εἰς
2614 2143 2864 2208 ἐξέτασιν
2892 2141 3233 2195 ἀνατίθεται·
3275 2159 3294 2192 ι
3330 2139 3558 2193 Δυνατοὶ
3591 2139 3698 2209 γὰρ

2116 2235 2356 2298 δυνατῶς
2393 2235 2810 2306 ὲτασθὴσονται.
2845 2253 2866 2287 s
2904 2235 3048 2288 ’Ὀσα
3074 2234 3130 2287 δὲ
3161 2232 3256 2286 τοῦ
3295 2232 3564 2303 τροφίμου
3599 2231 3699 2301 μὲν

2117 2328 2342 2399 ἀμοιρεῖ
2367 2328 2476 2380 τῶν
2505 2327 2758 2399 καρπῶν,
2793 2329 2874 2390 εἰς
2907 2326 3107 2396 δεῖγμα
3134 2326 3190 2379 δὲ
3211 2325 3303 2378 τοῦ
3331 2326 3415 2378 ὅτι
3442 2324 3694 2394 τέθνηκε,

2116 2421 2178 2473 τὸ
2235 2421 2403 2490 φυτὸν
2452 2422 2615 2491 μόνον
2671 2419 3201 2492 παραλαμϐάνεται,
3248 2421 3313 2490 τῇ
3365 2417 3476 2471 τῶν
3526 2415 3699 2470 ἐθνῶν

2119 2513 2390 2584 θεραπείᾳ
2460 2513 2860 2583 προσνέμεται.
2918 2512 2998 2584 Τῇ
3053 2510 3294 2583 Χριστοῦ
3347 2510 3457 2582 γὰρ
3491 2509 3700 2562 τούτων

2117 2606 2474 2677 ὑπαχθέντων
2516 2606 2752 2678 δουλείᾳ,
2797 2606 2859 2659 τὸ
2910 2605 3049 2676 πρὸς
3084 2603 3391 2675 ἀκρίϐειαν,
3442 2602 3698 2672 περιττὸν

2116 2704 2208 2755 ἐπὶ
2238 2701 2443 2755 τούτων
2473 2701 2564 2755 ἀνε
2576 2702 2796 2772 ρευνᾷν.

2187 2818 2294 2872 Kal
2321 2820 2354 2872 ό
2378 2817 2593 2886 θρόνος
2616 2814 2722 2869 τοῦ
2745 2814 2896 2869 Θεοῦ
2925 2815 3021 2868 καί
3048 2813 3157 2868 τοῦ
3190 2811 3427 2880 ἈρνΙου
3455 2811 3526 2864 ἐν
3543 2807 3697 2876 αὐτῇ

2115 2911 2306 2965 ἔσται.
2353 2910 2409 2962 ’0
2450 2911 2674 2980 ἀρεταῖς
2706 2907 3046 2977 θεοφιλέσιν,
3079 2907 3160 2969 εἰς
3190 2906 3376 2975 ὄχημα
3400 2904 3542 2957 θεῖον
3565 2903 3698 2956 ἑαυ-

2114 3003 2206 3056 τὸν
2255 3000 2628 3074 ηύτρεπικὼς.
2662 3002 2742 3065 εἰς
2783 2999 2882 3072 τὴν
2905 2999 3048 3080 ,Θεοῦ
3090 2998 3148 3054 δὲ
3201 2999 3297 3052 καὶ
3343 2996 3440 3050 τοῦ
3483 2995 3696 3066 ’Λρνίου

2129 3096 2438 3151 ἀνάπαυσιν
2463 3095 2554 3149 διὰ
2579 3096 2687 3149 τῶν
2717 3093 2819 3164 τῆς
2851 3093 3098 3155 Παλαιᾶς
3131 3091 3227 3144 καὶ
3261 3087 3474 3158 Καινῆς
3501 3087 3699 3156 Διαθὴ-

2115 3206 2219 3259 κης
2276 3188 2434 3243 θείων
2483 3189 2828 3258 εἰσηγήσεων
2871 3186 3082 3248 ἀόκνως
3131 3180 3375 3254 δραμὼν,
3425 3182 3521 3235 καὶ
3545 3181 3697 3244 θείας

2118 3281 2377 3351 ἱδρύσεως
2420 3278 2796 3350 ηύμοιρηκὼς,
2841 3278 3002 3342 αὐτὸς
3056 3278 3155 3346 τῆς
3185 3274 3396 3337 πόλεως
3437 3275 3537 3344 τῆς
3584 3273 3699 3326 ἄνω

2129 3372 2484 3444 Ἰερουσαλὴμ
2529 3372 2684 3426 ἔσται
2729 3373 2994 3443 οἰκήτωρ,
3036 3370 3130 3422 καί⁵
3182 3368 3376 3436 ὄψεται
3424 3367 3517 3420 τὸν
3563 3365 3700 3418 Θεὸν

2115 3469 2408 3540 πρόσωπον
2441 3465 2579 3536 πρδς
2635 3463 2952 3535 πρόσωπον,
2991 3462 3054 3514 ού
3084 3462 3150 3514 δι’
3186 3459 3550 3529 αἰνιγμάτων,
3581 3457 3698 3509 ἀλλ’

2116 3561 2301 3633 ὥσπερ
2327 3563 2441 3624 τοῖς
2487 3560 2668 3629 ἁγίοις
2698 3556 3025 3619 ἀποστόλοις
3056 3557 3114 3608 ὲν
3140 3553 3219 3624 τῷ
3277 3551 3418 3622 ἁγίῳ
3450 3553 3568 3623 δρει
3611 3568 3702 3603 τε-

2118 3653 2330 3717 θέαται,
2358 3653 2434 3714 ὥς
2467 3669 2633 3721 φησιν
2663 3654 2690 3704 ὁ
2727 3650 2902 3720 μέγας
2929 3647 3229 3709 Διονύσιος.

2189 3749 2299 3801 Kal
2347 3745 2847 3811 ,ϐασιλεύσουσιν
2875 3744 2962 3808 εἰς
2990 3739 3132 3806 τοὺς
3178 3736 3400 3803 αἰῶνας
3452 3734 3570 3789 τῶν
3609 3736 3697 3788 αἱ·

2116 3842 2301 3896 ὠνων.
2339 3840 2402 3894 Οἱ
2439 3839 2586 3906 ἆγιοι
2635 3835 2882 3906 δηλονότι
2927 3830 3424 3904 συμὸασιλεύσουσι
3474 3826 3700 3897 Χριστῷ

2121 3937 2201 3998 είς
2234 3936 2359 3995 τοὺς
2391 3930 2788 4000 ἁτελευτὴτους
2817 3927 3040 3989 αἰῶνας.

2695 4061 2945 4115 ΚΕΦΑΛ.
2977 4057 3096 4113 ΞΘ’.

2119 4203 2256 4272 Περί
2298 4201 2405 4256 τοῦ
2443 4200 2805 4265 ἀξιοπίστου
2995 4190 3362 4263 τεθεαμένων
3403 4187 3483 4255 τῷ
3521 4191 3696 4244 Ἀπο-

2784 4285 2910 4320 στο.
2941 4285 3004 4320 (ο).

2784 4285 3004 4322 σταιω.

2191 4405 2300 4458 Kal
2331 4399 2463 4457 εἶπέ
2481 4420 2583 4472 μοι
2604 4416 2617 4430 °
2657 4397 2833 4458 Οὗτοι
2877 4404 2930 4455 ol
2956 4402 3144 4472 λόγοι,
3177 4400 3379 4455 πιστοί
3417 4397 3516 4453 καί
3543 4399 3694 4464 ὕλησ

2124 4494 2297 4547 θινοί.
2339 4493 2447 4547 Καὶ
2489 4493 2705 4560 Κύριος
2733 4496 2765 4546 ὁ
2817 4492 2962 4557 Θεὸς
3008 4491 3126 4546 τῶν
3171 4490 3530 4560 πνευμάτων
3584 4488 3699 4542 τῶν

430 4579 548 4615 runt
583 4563 725 4616 misit
764 4566 1010 4633 angelum
1039 4582 1217 4630 suum,
1245 4568 1410 4638 833
1445 4579 1500 4622 ut
1536 4570 1826 4624 ostenderet
1852 4572 2014 4625 servis

2122 4583 2446 4654 προφητῶν
2481 4583 2804 4638 ἀπέστειλε
2850 4585 2958 4638 τὸν
2986 4583 3247 4653 ἄγγελον
3290 4582 3478 4638 αὐτοῦ
3507 4581 3697 4646 δεῖξαι

430 4657 539 4708 suis
574 4673 695 4726 qua:
725 4668 928 4726 oportet
959 4658 1076 4726 ﬁcri
1105 4659 1230 4712 cito.

500 4799 656 4864 Quod
714 4799 854 4852 solet
908 4797 1090 4853 facere
1140 4797 1332 4852 beatus
1389 4797 1474 4850 hic
1524 4797 1881 4868 evangelista,
1932 4799 2018 4852 hic

429 4906 650 4961 quoque
678 4890 935 4945 observat
987 4905 1000 4940 ε
1040 4888 1502 4960 quemadmodum
1535 4900 1589 4944 et
1642 4889 1696 4942 in
1725 4888 2021 4961 Evangelio

431 4985 486 5038 in
523 4985 681 5052 signo
715 4981 1048 5050 cognitionis
1103 4982 1250 5054 quod
1308 4995 1454 5038 esset
1492 4983 1797 5054 legitimum
1838 5004 1851 5041 :
1903 5007 1920 5038 ι
1958 4987 2022 5044 Et

430 5074 660 5139 scimus,
683 5074 1038 5144 inquit,quod
1062 5090 1251 5129 verum
1275 5075 1726 5132 sittestimouitnn
1746 5079 1866 5149 ejus
1884 5079 1957 5132 “z
1985 5098 2003 5131 ι

429 5164 508 5221 lta
535 5177 588 5221 ct
614 5181 761 5221 nunc
804 5151 1136 5235 consignans
1171 5166 1248 5220 ait
1283 5181 1560 5222 sermones
1592 5170 1694 5225 lide
1728 5170 1921 5242 dignos
1950 5187 2013 5228 ac

430 5275 593 5316 veros
626 5259 906 5329 expositos
936 5273 1059 5314 esse
1090 5275 1105 5312 :
1145 5259 1270 5315 inde
1299 5258 1458 5315 ﬁdem
1487 5263 1786 5331 trahentes,
1827 5281 2017 5337 nempe

431 5355 577 5425 quod
606 5369 635 5408 a
695 5353 928 5407 Domino
956 5351 1063 5406 Deo
1109 5353 1202 5423 qui
1241 5354 1406 5408 etiam
1444 5355 1572 5410 doni
1627 5360 2014 5429 prophetarum
2046 5365 2048 5368 ’

433 5447 698 5501 Dominus
727 5454 829 5499 est.
853 5443 988 5498 Nam
1013 5447 1116 5498 hoc
1152 5445 1465 5515 signiﬁcare
1489 5450 1605 5503 vult
1632 5465 1727 5520 per
1751 5451 1850 5508 hoc
1872 5453 2016 5523 quod

432 5540 510 5594 ait
548 5538 805 5592 Dominus
868 5537 1175 5607 spirituum,
1227 5555 1292 5594 ac
1351 5540 1395 5595 si
1454 5541 1702 5612 dixisset,
1753 5543 2018 5606 Dominus

435 5630 737 5702 prophetici
769 5629 919 5684 doni.
948 5625 952 5628 ’

505 5807 551 5839 ¹²
581 5807 708 5876 Sap.
739 5823 813 5875 vr,
844 5810 898 5867 7.
978 5812 1019 5844 "
1050 5811 1207 5872 Joau.
1238 5832 1352 5886 xxi,
1377 5819 1467 5873 9.6.

2124 4675 2246 4743 τοῖς
2275 4676 2519 4742 δούλοις
2543 4676 2728 4730 αὐτοῦ
2754 4675 2790 4730 ἂ
2817 4676 2912 4730 δεῖ
2933 4674 3208 4745 γενέσθαι
3237 4676 3307 4728 ἐν
3334 4674 3521 4743 τάχεὶ.

2190 4813 2262 4866 Τὸ
2313 4811 2500 4875 εἰωθὸς
2546 4811 2698 4882 αὐτῷ
2727 4815 2754 4866 ό
2793 4814 3064 4884 μακάριος
3099 4807 3251 4875 οὗτος
3302 4809 3697 4879 εὐαγγελιστὴς

2120 4904 2420 4971 κάνταῦθα,
2445 4905 2519 4968 ὡς
2542 4906 2631 4959 καὶ
2667 4907 2726 4959 ἐν
2755 4905 2832 4976 τῷ
2860 4905 3181 4977 Εὖαγγελίῳ
3221 4903 3410 4971 αὐτοῦ,
3446 4905 3527 4968 εἰς
3553 4907 3694 4972 γνὼ-

2122 5017 2296 5071 ρισμα
2351 4998 2445 5052 τοῦ
2499 5000 2761 5071 γνησίου,
2797 5001 2876 5061 τὸ,
2914 4999 3021 5054 Kal
3057 4999 3308 5068 οἴδαμεν
3340 4998 3430 5052 ὅτι
3464 4997 3694 5065 ἀληθής

2120 5095 2292 5148 ἐστιν
2323 5093 2362 5160 ἠ
2402 5094 2698 5164 μαρτυρία
2731 5093 2950 5148 αὑτοῦ·
2987 5094 3131 5148 οὕτω
3166 5093 3261 5148 καὶ
3290 5091 3384 5146 νῦν
3429 5092 3696 5161 ἑπισφρῖ·

2122 5187 2290 5257 γίζων
2326 5191 2482 5259 φησί,
2515 5190 2641 5252 τοὺς
2669 5189 2864 5257 λόγους
2896 5188 3123 5250 πιστοὺς
3169 5188 3265 5241 καὶ
3298 5184 3585 5256 ἀληθινοὺς
3609 5188 3696 5237 ἐκ·

2115 5277 2414 5344 τεθεῖσθαι,
2449 5279 2660 5334 ἐκεῖθεν
2693 5280 2954 5344 ἕλκοντας
2983 5280 3043 5332 τὸ
3078 5277 3292 5344 πιστὸν,
3342 5277 3452 5330 ἀπὸ
3492 5277 3694 5345 Κυρίου

2115 5372 2210 5426 τοῦ
2241 5373 2375 5427 Θεοῦ
2394 5372 2616 5444 δηλαδὴ,
2649 5373 2707 5436 ὃς
2740 5372 2950 5427 καὶτοῦ
2984 5377 3323 5443 χαρίσματος
3349 5371 3457 5422 τῶν
3486 5386 3695 5439 προφη-

2117 5466 2226 5520 τῶν
2266 5466 2493 5539 Κύριος.
2517 5468 2688 5521 Τοῦτο
2731 5467 2840 5539 γὰρ
2870 5466 3120 5538 βούλεται
3154 5465 3426 5536 παριστᾷν
3460 5464 3547 5516 διὰ
3579 5461 3690 5523 τοῦ,

2117 5553 2335 5620 Κύριος
2366 5554 2485 5609 τῶν
2513 5554 2904 5624 πνευμάτων·
2942 5556 3183 5628 ὡσπερεὶ
3225 5555 3445 5622 ἔλεγεν·
3492 5551 3694 5623 Κύριος

2119 5644 2213 5699 τοῦ
2243 5648 2582 5720 προφητικοῦ
2616 5667 2681 5718 χα
2691 5647 2925 5719 ρίσματο
2936 5667 2978 5711 ς.
