4010 6648
417 357 514 420 781

460 500 464 503 -
1004 471 1255 526 ΚΕΦΛΛ.
1294 475 1368 525 0'.

421 590 546 640 Ὅτι
572 587 715 654 Θεὸς
733 587 848 641 τῶν
867 588 1188 658 προφητῶν
1209 593 1241 641 ό
1272 588 1517 657 Χριστὸς
1545 590 1642 643 καὶ
1675 590 1984 654 Δεσπότης

979 658 1098 713 τῶν
1118 661 1419 714 ἁπάντων.

492 769 639 825 Ἰδοὺ
684 773 931 842 ἔρχομαι
959 775 1133 842 ταχύ.
1177 773 1482 841 Μακάριος
1530 775 1561 826 ό
1619 771 1815 840 τηρῶν
1843 773 1986 839 τοὺς

411 865 637 933 λόγους
671 863 782 933 τῆς
811 865 1179 934 προφητείας
1201 865 1306 918 τοῦ
1335 865 1582 930 ,βιϐλίου
1609 864 1843 917 τούτου.
1875 863 1986 916 Καὶ

412 955 526 1023 ἐγὼ
563 955 841 1025 Ἰωάννης
870 960 903 1011 ό
928 957 1182 1022 βλέπων
1221 956 1319 1010 καὶ
1352 955 1587 1009 ἀκούων
1628 954 1834 1009 ταῦτα.
1877 953 1985 1008 Καὶ

413 1048 510 1102 ὅτε
545 1046 785 1116 ἤκουσα
832 1049 930 1103 καὶ
984 1048 1236 1117 ἔϐλεψα,
1276 1047 1504 1101 ἔπεσον
1552 1045 1984 1115 προσκυνῆσαι

411 1139 753 1208 ἔμπροσθεν
774 1138 892 1194 τῶν
919 1139 1119 1194 ποδῶν
1150 1141 1256 1193 τοῦ
1283 1141 1542 1210 ἀγγέλου
1577 1139 1683 1192 τοῦ
1710 1138 1984 1193 δεικνύν-

413 1248 514 1296 τος
548 1249 649 1300 μοι
683 1231 889 1286 ταῦτα.
918 1234 1021 1286 Kal
1047 1233 1205 1302 λέγει
1231 1251 1332 1302 μοι
1351 1250 1364 1263 ε
1409 1233 1549 1299 Ὅρα
1576 1232 1662 1300 μή
1681 1248 1695 1263 ’
1721 1232 1982 1285 σύνδου⁹

407 1320 523 1384 λός
576 1321 841 1391 σού”είμι
894 1321 1028 1391 ἐγὼ,
1066 1322 1164 1376 καὶ
1220 1320 1336 1374 τῶν
1393 1320 1674 1389 ἀδελφῶν
1709 1335 1826 1375 σου
1864 1321 1985 1374 τῶν

410 1411 756 1479 προφητῶν,
794 1413 916 1466 τῶν
942 1415 1286 1482 τηρούντων
1320 1413 1462 1479 τοὺς
1498 1414 1722 1484 λόγους
1752 1413 1857 1468 τοῦ
1884 1413 1982 1478 ,βι-

408 1502 583 1555 ϐλίου
617 1504 850 1557 τούτου.
889 1503 974 1569 Τῷ
995 1503 1116 1570 Θεῷ
1143 1505 1602 1573 προσκύνησον.

481 1593 618 1656 Τοὺς
644 1595 944 1663 τηροῦντας
969 1596 1118 1665 λέγει
1135 1597 1259 1660 τοὺς
1284 1597 1686 1662 σπουδάζοντας
1717 1598 1790 1668 μὴ
1823 1613 1980 1668 περι-

409 1687 602 1739 πεσεῖν
619 1689 741 1750 ταῖς
764 1688 1082 1758 εἰρημέναις
1104 1688 1392 1743 κολάσεσιν
1410 1689 1556 1758 ἐντῷ
1578 1688 1769 1760 βιϐλίῳ
1784 1687 1979 1759 τούτῳ,

407 1779 546 1832 ἀλλὰ
571 1779 660 1833 διὰ
685 1779 800 1850 βίου
838 1779 1147 1852 θεαρὲστως
1177 1781 1426 1854 ἀμοιρεῖν
1449 1779 1648 1835 αὐτῶν.

479 1872 590 1926 Καὶ
615 1873 728 1942 ἐγὼ
761 1872 1043 1941 Ἰωάννης
1063 1877 1096 1928 ὀ
1119 1873 1374 1938 βλέπων
1391 1874 1486 1928 καὶ
1513 1871 1752 1929 ἀκούων
1771 1875 1979 1930 ταῦτα.

407 1965 522 2018 Καὶ
549 1964 707 2018 τοῦτο
734 1964 838 2033 τῆς
877 1965 1241 2036 ἀποστολικῆς
1293 1964 1472 2036 ψυχῆς
1531 1966 1750 2036 ἰδίωμα.
1804 1967 1982 2038 Ὅπερ

405 2057 518 2128 γὰρ
548 2058 642 2111 καὶ
681 2059 740 2111 ὲν
775 2057 855 2128 τῷ
877 2057 1195 2130 Εὐαγγε).ίῳ
1231 2058 1540 2130 πεποίηκεν
1576 2059 1784 2112 εἰπών’
1823 2078 1841 2110 ι
1871 2058 1984 2112 Καὶ

403 2151 434 2202 ὁ
460 2149 725 2220 ἑωρακὼς
755 2151 1157 2223 μεμαρτύρηκε
1187 2151 1280 2205 καὶ
1307 2151 1514 2223 ἀληθής
1545 2152 1748 2224 ἐστινὴ
1781 2167 1984 2220 μαρτυ-

419 2240 512 2309 ρία
540 2237 731 2305 αὐτοῦ,
775 2259 794 2292 t
840 2237 1000 2294 τοῦτο
1030 2240 1311 2295 κάνταῦθα
1357 2244 1503 2295 ποιεῖ
1547 2241 1813 2311 αὐτήκοος
1840 2236 1983 2295 εἶναι

409 2332 506 2386 καὶ
533 2332 820 2403 αὐτόπτης
847 2332 955 2387 τῶν
978 2332 1465 2404 προφητευθέντων
1498 2334 1862 2405 ὁμολογήσας.
1885 2331 1985 2385 Διὰ

409 2426 518 2497 γὰρ
537 2424 730 2480 τοῦτου
748 2426 818 2481 τὰ
844 2425 1135 2496 ἑωραμένα
1156 2425 1525 2480 ἐπιστώσατο.
1550 2425 1758 2492 Ἔδειξε
1781 2425 1838 2477 δὲ
1863 2427 1978 2489 καὶ,

405 2518 484 2581 ὠς
511 2517 861 2590 προείρηται,
889 2519 950 2572 τὸ
974 2518 1068 2572 τοῦ
1096 2517 1480 2582 διατυποῦντος
1505 2517 1760 2587 ἀγγέλου,
1791 2517 1886 2571 καὶ
1920 2517 1980 2570 τὸ

407 2611 604 2665 ἑαυτοῦ
634 2612 884 2676 εὐλαϐές.

981 2810 1230 2866 ΚΕΦΑΛ.
1265 2812 1386 2866 ΟΑ’.

403 2910 607 2990 ’ὁπως
650 2925 981 2990 ἐκελεύσθη
1028 2923 1114 2992 μὴ
1154 2922 1507 2990 σφραγίσαι,
1534 2919 1694 2974 ἀλλὰ
1725 2916 1980 2986 κηρύξαι

895 2994 1010 3062 τὴν
1040 2992 1454 3060 ἀποκάλυψιν.

1470 359 1858 421 COMMENT.
1905 361 1985 419 IN
2025 359 2548 422 APOCALYPSIN.

2017 475 2059 528 Α

3553 365 3658 425 782

2653 470 2880 527 CAPUT
2933 471 3092 527 LXX.

2090 585 2243 651 Quod
2279 584 2520 640 Christus
2571 589 2640 640 sit
2687 587 2826 641 Deus
2873 590 3245 671 prophetarum
3307 606 3367 642 ac
3407 589 3662 645 Dominus

2748 676 3005 714 catmum.

2157 771 2320 838 XXII,
2365 772 2480 828 7-9.
2545 771 2679 826 Ecce
2731 775 2878 827 cenio
2931 772 3056 828 eito.
3103 774 3294 828 Beatus
3353 777 3442 846 qui
3490 779 3661 830 servat

2085 882 2344 921 sermones
2374 866 2657 935 prophetia:
2686 866 2808 919 libri
2831 866 3009 934 hujus.
3044 865 3111 919 Et
3142 883 3234 937 ego
3260 866 3493 921 Joannes
3518 869 3660 922 vide-

2088 958 2205 1010 bam
2239 966 2286 1011 et
2323 956 2602 1010 audiebam
2635 957 2762 1013 Iace.
2792 956 3025 1027 Cumque
3070 960 3336 1012 audissem
3385 975 3446 1012 ac
3493 960 3662 1014 vidis-

2084 1067 2213 1116 sent,
2243 1049 2447 1120 procidi
2466 1063 2520 1103 ut
2544 1051 2822 1103 adorarent
2853 1059 2974 1103 ante
2994 1055 3147 1118 pedes
3177 1050 3350 1120 angeli
3373 1051 3462 1118 qui
3485 1061 3660 1104 osten-

2084 1141 2236 1194 debat
2270 1143 2398 1196 mihi
2419 1142 2549 1197 huc.
2583 1140 2648 1195 Et
2684 1143 2760 1195 ait
2789 1136 2970 1213 mihi:
3011 1140 3140 1196 Vide
3169 1158 3230 1195 ne
3258 1141 3446 1211 feceris
3488 1158 3506 1196 :
3535 1159 3662 1196 con-

2082 1249 2258 1288 servus
2283 1245 2405 1289 tuus
2443 1251 2560 1287 sunt
2585 1250 2678 1305 ego
2708 1243 2756 1288 et
2776 1234 3008 1304 fratrum
3035 1243 3246 1288 tuorum
3266 1234 3660 1304 prophetarum,

2083 1337 2129 1380 et
2178 1342 2356 1379 eorum
2401 1326 2489 1395 qui
2540 1335 2750 1381 servant
2780 1343 3044 1380 sermones
3095 1329 3222 1379 libri
3276 1327 3451 1395 hujus.
3494 1326 3663 1381 Deum

2081 1418 2270 1470 adora.

2154 1594 2444 1648 Servantes
2480 1594 2612 1648 dicit
2655 1609 2750 1648 eos
2798 1595 2890 1662 qui
2949 1595 3172 1649 student
3213 1609 3280 1649 ne
3332 1595 3576 1650 incidant
3603 1595 3659 1650 in

2083 1687 2348 1756 supplicia
2387 1702 2509 1756 qua:
2534 1686 2678 1740 dicta
2715 1695 2846 1740 sunt
2885 1687 2938 1739 in
2973 1686 3076 1740 hoc
3108 1686 3272 1752 libro,
3310 1688 3405 1742 sed
3441 1699 3538 1757 per
3579 1688 3662 1743 vi-

2088 1787 2195 1830 tam
2225 1775 2337 1830 Deo
2360 1786 2567 1846 gratam
2591 1785 2846 1846 expertes
2879 1776 2991 1830 sint
3020 1776 3287 1844 ipsorum.

2158 1868 2226 1923 Et
2254 1885 2346 1941 ego
2365 1870 2594 1924 Joannes
2619 1870 2858 1924 uidebant
2883 1881 2930 1924 et
2957 1870 3238 1924 audiebant
3274 1869 3407 1926 hac.
3444 1870 3537 1925 Est
3562 1885 3664 1924 au-

2085 1972 2192 2018 tem
2219 1971 2272 2017 et
2298 1964 2384 2018 hic
2410 1963 2604 2019 modus
2639 1963 2898 2032 loquendi
2938 1963 3102 2034 hujus
3150 1962 3440 2034 apostolici
3467 1963 3661 2018 animi.

2084 2054 2239 2120 Quod
2261 2056 2405 2109 enim
2437 2064 2489 2110 et
2520 2056 2571 2110 in
2607 2056 2913 2126 Evangeliis
2944 2055 3095 2120 fecit,
3126 2056 3315 2111 dicens
3356 2074 3368 2109 :
3401 2073 3420 2107 s
3469 2055 3533 2109 Et
3568 2055 3664 2125 qui

2085 2147 2240 2214 vidit,
2275 2149 2647 2203 testimonium
2677 2149 2974 2219 perhibuit,
3002 2159 3055 2203 et
3079 2164 3265 2204 verum
3296 2160 3377 2204 est
3413 2149 3661 2204 testimo-

2085 2241 2235 2294 nium
2265 2239 2384 2309 ejus
2415 2239 2476 2304 “,
2517 2259 2535 2290 ι
2573 2226 2675 2294 hoc
2710 2241 2878 2294 etiam
2913 2241 2965 2295 in
3008 2241 3258 2296 bocloco
3295 2239 3427 2295 facit
3465 2257 3478 2294 :
3525 2248 3666 2294 atte—

2083 2339 2233 2383 stans
2263 2329 2433 2399 quod
2476 2327 2640 2384 fuerit
2698 2330 2814 2400 ipse
2859 2329 3082 2386 auditor
3124 2329 3348 2401 ipseque
3387 2332 3667 2400 iuSpector

2081 2436 2270 2475 eorum
2303 2435 2424 2490 qua;
2454 2421 2774 2491 prophetata
2799 2432 2929 2477 sunt
2959 2439 2972 2476 ;
3005 2437 3100 2491 per
3121 2422 3225 2476 hoc
3267 2423 3412 2476 enim
3441 2436 3505 2474 ea
3535 2434 3661 2490 quae

2081 2515 2196 2568 visa
2250 2523 2378 2569 sunt
2427 2513 2794 2570 conﬁrmavit.
2843 2513 3094 2570 Ostendit
3146 2522 3326 2568 autem
3375 2522 3434 2568 ut
3471 2513 3669 2582 praedi-

2082 2615 2227 2661 ctum
2279 2614 2362 2660 est
2423 2614 2479 2662 et
2527 2606 2705 2678 angeli
2761 2607 3100 2664 instituentis
3153 2606 3438 2676 pietatem,
3471 2615 3524 2660 et
3576 2605 3664 2660 sui

2082 2703 2248 2756 animi
2283 2704 2636 2759 verecundam
2660 2704 3006 2760 modestiam.

2541 2819 2708 2892 334
2750 2819 2976 2875 CAPUT
3013 2817 3199 2872 LXXI.

2085 2937 2237 3000 Quod
2269 2937 2481 3005 jussum
2512 2936 2613 3004 ipsi
2645 2935 2807 3005 fuerit
2839 2950 2899 2987 ne
2933 2933 3258 3005 obsignaret,
3307 2931 3399 2986 sed
3438 2939 3495 2984 ut
3527 2946 3667 3001 pre-

2469 3003 2684 3082 dicaret.
2711 3004 2845 3057 hanc
2887 3003 3254 3057 reuelationem

475 3129 584 3184 Καὶ
607 3127 768 3200 λέγει
798 3147 895 3198 μοι
920 3146 934 3161 ⁸
969 3128 1064 3198 Μὴ
1088 3128 1438 3198 σφραγίσῃς
1465 3125 1609 3193 τοὺς
1627 3127 1850 3196 λόγους
1873 3125 1982 3194 τῆς

2125 3107 2324 3203 ’ΧΧ11,
2347 3137 2537 3193 10-15.
2566 3136 2633 3191 Et
2657 3138 2787 3191 dicit
2812 3138 2983 3190 mihi:
3027 3135 3108 3189 Ne
3159 3135 3516 3204 obsignaveris
3555 3149 3667 3186 ser-

401 3223 770 3301 προφητείας
804 3222 911 3277 τοῦ
938 3222 1178 3286 βιϐλίου
1207 3220 1445 3275 τούτου.
1490 3220 1543 3273 Ὀ
1575 3218 1778 3288 καιρὸς
1805 3219 1982 3287 ἐγγύς

2094 3247 2271 3288 mones
2295 3231 2582 3301 prophetia:
2611 3231 2730 3285 libri
2753 3230 2911 3300 hujus
2947 3238 3188 3297 :tempus
3231 3243 3386 3297 prope
3427 3237 3523 3281 est.
3561 3225 3666 3290 Qui

399 3315 557 3368 ἐστι.
601 3295 664 3367 ’ὁ
693 3312 916 3368 ἀδικῶν
967 3311 1312 3379 ἀδικησάτω
1339 3313 1450 3377 ἔτι,
1496 3310 1592 3364 καὶ
1635 3313 1668 3364 ὁ
1712 3310 1988 3378 ῥυπαρὸς

391 3406 831 3475 ῥυπαρευθήτω
866 3406 976 3469 ἔτι,
1046 3405 1148 3459 καί
1201 3407 1234 3460 ό
1300 3404 1532 3471 δίκαιος
1583 3403 1988 3470 δικωοσύνην

403 3498 714 3567 ποιησάτω
745 3499 852 3564 ἔτι,
886 3500 985 3553 καί
1014 3502 1046 3554 ὁ
1079 3498 1246 3568 ἅγιος
1287 3496 1630 3569 ἁγιασθήτω
1669 3496 1777 3551 ἐτι.
1828 3495 1986 3552 Ἰδοὺ

401 3591 654 3659 ἔρχομαι
677 3590 851 3660 ταχύ.
882 3588 991 3643 Καὶ
1032 3591 1064 3644 ό
1085 3590 1305 3658 μισθός
1348 3607 1470 3659 μου
1491 3587 1619 3657 μετ’
1647 3587 1795 3657 ἐμοῦ
1832 3589 1984 3642 ἀπο-

401 3683 618 3736 δοῦναι
655 3682 892 3748 ἑκάστῳ
920 3682 1000 3748 ὡς
1031 3683 1098 3736 τὸ
1126 3682 1306 3753 ἔργον
1341 3681 1530 3736 αὐτοῦ
1583 3681 1775 3735 ἔσται.
1839 3681 1985 3752 Ἐγὼ

402 3774 472 3826 τὸ
505 3773 670 3843 ἄλφα
702 3773 799 3828 καί
833 3773 898 3828 τὸ
927 3773 1142 3844 ὠμέγα,
1188 3771 1346 3844 ἀρχὴ
1406 3773 1506 3828 καὶ
1541 3771 1735 3839 τέλος,
1765 3777 1798 3829 ό
1831 3773 1983 3844 πρῶ-

403 3884 510 3933 τος
538 3868 634 3920 καὶ
666 3871 699 3922 ὁ
730 3867 1012 3936 ἔσχατος.

479 3961 578 4028 Μὴ
605 3963 970 4032 σφραγίσης,
998 3961 1092 4015 καί
1113 3960 1181 4014 τὰ
1215 3960 1363 4030 ἑξῆς.
1389 3959 1672 4026 Τουτέστι,
1711 3959 1802 4030 Μὴ
1831 3959 1983 4028 παρὰ

408 4053 595 4124 σαυτῷ
624 4053 948 4123 συγκλείσας
980 4053 1245 4124 φυλάξῃς,
1296 4053 1430 4107 ἀλλὰ
1464 4053 1784 4124 φανέρωσον
1833 4053 1979 4108 ᾶπα-

411 4165 519 4200 σιν.
557 4146 657 4202 Διὰ
709 4147 767 4200 δὲ
803 4146 920 4214 τοῦ,
959 4147 1016 4200 '0
1045 4147 1248 4216 καιρὸς
1276 4147 1458 4218 ἐγγύς
1487 4147 1643 4208 ἐστι,
1681 4145 1890 4199 τοιοῦτὸ
1928 4165 1980 4201 τι

411 4239 660 4308 βούλεται
689 4239 902 4310 δηλοῦν.
954 4241 1012 4293 Ὀ
1037 4239 1228 4310 καιρὸς
1249 4239 1349 4310 τῆς
1382 4239 1663 4306 ἐκϐάσεως
1687 4243 1796 4298 τῶν
1831 4244 1981 4314 εἶρτΓ

411 4330 612 4397 μένων,
647 4331 705 4383 οὐ
753 4332 815 4384 τὸ
861 4331 1114 4385 πλεῖστον
1141 4331 1335 4402 ἀπέχει
1384 4331 1496 4386 τῶν
1533 4333 1846 4403 εἰρημένων
1902 4334 1979 4398 ὡς

406 4423 548 4488 τότε,
575 4421 710 4476 ἀλλὰ
732 4422 806 4494 μὴ
827 4423 921 4477 νῦν
949 4424 1132 4494 χρείαν
1162 4424 1303 4495 ἔχεις
1333 4424 1513 4478 αὐτῶν
1540 4424 1781 4482 ἀκούειν.
1813 4427 1978 4480 Ὅσον

2091 3333 2236 3379 nocet
2283 3333 2466 3379 noceat
2511 3324 2706 3384 adhuc.
2746 3332 2796 3377 et
2839 3324 2929 3393 qui
2970 3323 3218 3378 sordidus
3270 3331 3346 3374 est
3390 3320 3664 3373 sordescat

2088 3416 2282 3483 adhuc,
2305 3425 2354 3470 et
2369 3417 2550 3485 justus
2573 3415 2902 3484 justiﬁcetur
2924 3414 3115 3479 adhuc,
3141 3422 3188 3467 et
3218 3421 3431 3466 sanctus
3462 3409 3668 3465 sancti-

2086 3510 2273 3579 ]icctur
2294 3510 2485 3563 adhuc.
2518 3507 2650 3563 Ecce
2679 3509 2828 3563 venio
2858 3509 2984 3573 cito,
3013 3516 3064 3562 et
3106 3523 3298 3560 merces
3328 3522 3438 3559 mea
3464 3518 3664 3557 mecum

2085 3611 2186 3664 est,
2209 3609 2266 3655 ut
2291 3602 2405 3655 dem
2439 3601 2723 3672 unicuique
2745 3600 2884 3654 sicut
2919 3613 3047 3667 opus
3071 3598 3219 3652 illius
3243 3598 3364 3650 erit.
3397 3593 3510 3665 Ego
3548 3608 3666 3647 sunt

2085 3709 2123 3748 α
2155 3701 2204 3746 et
2242 3710 2305 3760 ω,
2329 3691 2648 3762 principium
2679 3698 2728 3746 et
2769 3690 2914 3762 ﬁnis,
2944 3690 3147 3761 primus
3168 3697 3217 3742 et
3254 3687 3591 3741 novissimus.

2156 3958 2240 4012 Ne
2262 3958 2640 4029 obsignareris,
2699 3964 2804 4010 etc.
2843 3953 2956 4009 Hoc
2992 3961 3095 4018 est,
3159 3966 3225 4005 ne
3262 3949 3404 4018 apud
3440 3958 3492 4002 te
3533 3961 3667 3999 cono

2083 4052 2264 4106 clusos
2291 4063 2497 4116 serves,
2531 4050 2622 4103 sed
2660 4046 2951 4102 manifesta
2985 4043 3262 4101 omnibus.
3288 4043 3393 4098 Per
3429 4041 3530 4095 hoc
3565 4054 3665 4092 au-

2083 4153 2190 4195 tem
2224 4139 2367 4210 quod
2389 4139 2466 4194 ait
2505 4155 2520 4193 :
2556 4143 2774 4207 Tempus
2805 4153 2968 4208 prope
2993 4143 3093 4202 est,
3141 4133 3244 4188 tale
3275 4130 3556 4200 quidpiam
3593 4127 3666 4182 si-

2082 4232 2341 4304 gniﬁcare
2395 4232 2529 4287 vult.
2603 4228 2840 4299 Tempus
2887 4243 2998 4299 quo
3058 4225 3384 4294 contingant
3427 4237 3488 4276 ea
3544 4235 3666 4290 quae

2081 4328 2227 4384 dicta
2255 4335 2386 4383 sunt
2409 4342 2516 4381 non
2545 4323 2778 4380 multum
2812 4322 2968 4377 abest
2989 4335 3019 4375 a
3049 4319 3211 4375 dictis
3251 4317 3418 4372 rebus
3454 4324 3510 4368 υι
3533 4323 3665 4367 tunc

2082 4420 2422 4490 contingant,
2451 4427 2508 4473 at
2539 4432 2647 4472 non
2680 4415 2844 4471 modo
2868 4414 2961 4469 tibi
2981 4425 3205 4468 necesse
3235 4418 3321 4466 est
3350 4424 3413 4463 ea
3449 4405 3661 4461 audire.

411 4516 512 4586 μὲν
560 4511 654 4570 οὖν
684 4516 742 4568 τὸ
779 4516 854 4587 μὴ
890 4517 989 4588 ἤδη
1021 4519 1298 4588 παρεῖναι,
1355 4517 1574 4572 ἀκούειν
1613 4519 1796 4590 χρεία,
1852 4519 1977 4573 ὅσον

2094 4513 2369 4581 Quatenus
2419 4512 2587 4582 igitur
2629 4523 2778 4564 nunc
2837 4522 2946 4561 non
2989 4505 3214 4568 adsunt,
3276 4516 3416 4571 Opus
3454 4506 3538 4553 est
3565 4512 3664 4552 au-

407 4608 463 4660 δὲ
499 4608 560 4660 τὸ
611 4607 772 4678 μόνον
801 4609 861 4661 οὗ
907 4610 1186 4678 παρεῖναι,
1237 4608 1371 4664 ἀλλὰ
1407 4611 1595 4682 σχεδὸν
1618 4612 1981 4685 ἐνεργεῖσθαι,

409 4697 664 4768 περιττὸν
699 4697 760 4752 τὸ
792 4699 1034 4754 ἀκούειν.

491 4793 552 4845 '0
579 4792 801 4848 ἀδικῶν
823 4792 1162 4863 ἀδικησάτω
1202 4793 1309 4850 ἐτι.
1349 4796 1423 4848 Οὔ
1480 4798 1766 4868 προτροπὴ
1795 4799 1977 4864 τοῦτο,

409 4880 524 4935 ἀλλ’
573 4883 795 4954 ἔλεγχος
829 4885 930 4955 τῆς
981 4885 1210 4939 ἑκάστου
1245 4885 1380 4956 πρὸς
1409 4887 1437 4939 ὃ
1479 4904 1530 4941 τι
1581 4888 1677 4941 καὶ
1734 4889 1981 4960 βούλοιτο

407 4973 606 5045 ὁρμῆς.
900 5019 904 5022 -

491 5064 647 5121 Ἰδοὺ
675 5065 919 5137 ἔρχομαι
940 5069 1111 5140 ταχύ.
1142 5068 1215 5122 Τδ
1237 5069 1393 5138 Ταχὺ
1425 5068 1538 5123 εἴτε
1564 5069 1848 5140 συγκρίσει
1871 5071 1979 5126 τῶν

409 5157 734 5228 ἁπεράντων
768 5159 980 5214 αίώνων
1031 5160 1270 5232 εἴρηται,
1319 5161 1352 5232 ἢ
1388 5162 1484 5215 καὶ
1519 5162 1656 5232 πρὸς
1709 5163 1979 5233 εὐθυμίαν

409 5247 519 5300 τῶν
571 5249 1025 5321 ἀπεκδεχομένων
1052 5252 1150 5323 τὴν
1205 5252 1495 5316 ἀντίδοσιν,
1545 5253 1580 5324 ἢ
1630 5253 1722 5306 καὶ
1776 5255 1862 5308 διὰ
1920 5257 1981 5308 τὸ

411 5341 850 5413 ἀπαραλόγιστον
873 5346 969 5399 καὶ
997 5345 1215 5410 πάντως
1255 5345 1641 5419 ἀνυπερθέτως
1693 5347 1975 5417 ἐσόμενον.

494 5519 636 5590 Ἐγὼ
658 5523 725 5577 τὸ
758 5524 922 5595 ἄλφα
959 5525 1055 5580 καί
1087 5528 1152 5583 τὸ
1183 5528 1400 5601 ὠμέγα.
1436 5528 1559 5584 Ὀτι
1601 5531 1700 5603 μὲν
1751 5531 1839 5586 διὰ
1882 5532 1978 5587 τοῦ

411 5609 810 5682 ὑποδείγματος
861 5617 970 5674 τῶν
1017 5621 1360 5693 γραμμάτων
1406 5623 1581 5694 ἀρχὴν
1626 5623 1979 5697 παρεδήλωσε

482 5788 530 5824 ³⁸
555 5786 713 5846 Joan.
749 5807 860 5859 xix,
897 5794 984 5849 '55.

2080 4606 2198 4662 dire
2228 4623 2243 4661 :
2279 4605 2374 4660 sed
2421 4613 2694 4672 quatenus
2727 4609 2936 4655 tantum
2965 4613 3071 4651 non
3113 4596 3334 4659 adsunt,
3372 4592 3453 4648 sic
3481 4601 3661 4645 tamen

2081 4709 2141 4755 ut
2169 4699 2319 4754 brevi
2351 4697 2532 4752 futura
2566 4697 2698 4762 sint,
2737 4706 3206 4764 supervacaneum
3249 4698 3397 4745 esset
3445 4685 3658 4740 audire.

2151 4790 2255 4856 Qui
2283 4797 2429 4842 nocet
2464 4795 2643 4841 noceat
2683 4785 2876 4839 adhuc.
2925 4781 3041 4837 Non
3090 4783 3142 4837 id
3205 4779 3518 4835 adhortatio
3555 4784 3660 4839 est,

2079 4884 2173 4940 scd
2207 4893 2262 4937 ut
2294 4882 2528 4952 quisque
2570 4879 2925 4935 convincatur
2965 4878 3031 4932 de
3068 4891 3132 4929 eo
3171 4873 3237 4928 ad
3291 4869 3664 4943 quodcunque

2088 4977 2310 5047 elegerit
2341 4975 2619 5030 accedere.

2149 5069 2283 5125 Ecce
2313 5071 2456 5124 venio
2480 5068 2604 5122 cito.
2623 5066 2832 5123 Dictum
2858 5072 2942 5119 est
2975 5061 3118 5124 Cito,
3136 5067 3231 5113 aut
3252 5052 3662 5124 comparatione

2079 5163 2146 5219 ad
2174 5162 2384 5216 inﬁnita
2416 5159 2638 5224 sarcula,
2663 5167 2756 5212 aut
2787 5157 2853 5211 ad
2881 5151 3305 5210 exsultationem
3339 5158 3531 5200 eorum
3565 5141 3659 5210 qui

2081 5252 2388 5322 suscepturi
2449 5260 2578 5305 sunt
2636 5247 3054 5304 retributionem
3111 5247 3263 5295 :aut
3297 5237 3461 5292 etiam
3518 5228 3656 5322 i‘ll'i“

2080 5321 2463 5400 inevitabiliter
2494 5352 2547 5398 et
2579 5351 2726 5398 certe
2755 5341 2964 5410 absque
3006 5337 3166 5406 longa
3197 5328 3458 5386 dilatione
3508 5321 3659 5376 iutu—

2080 5445 2260 5492 turum
2289 5445 2390 5492 est.

2163 5528 2270 5600 Ego
2293 5546 2410 5584 sum
2440 5545 2479 5582 a
2515 5537 2566 5582 et
2591 5544 2654 5582 ω.
2694 5523 2848 5592 Quod
2881 5538 2978 5595 per
3011 5516 3316 5590 exemplum
3355 5513 3659 5568 litterarum

2087 5621 2478 5694 signiﬁcaverit
2507 5618 2835 5691 principium
2868 5632 2932 5673 ac
2964 5617 3147 5680 tinem,
3192 5625 3300 5666 non
3332 5615 3415 5663 est
3444 5600 3661 5658 difﬁcile
