4010 6648
332 306 437 369 7S3
1147 308 1474 371 ARETIIrE
1513 307 1889 370 CAESARE/li
1928 304 2408 367 CAl’l’ADOCI/E
2450 306 2790 367 EPISCOPI
3486 301 3624 365 τει

331 422 654 492 intelligere,
677 438 740 476 ex
774 438 833 477 eo
860 422 1005 494 quod
1042 426 1158 493 ipse
1206 439 1426 494 quoque
1471 422 1777 492 subiunxit.
1814 421 1907 475 llis

2043 422 2105 474 al
2126 423 2188 477 τὸ
2217 425 2392 487 τέλος,
2433 426 2589 479 οὐδὲν
2616 424 2878 496 δυσχερὲς
2910 422 3186 493 ἐννοῆσαι,
3218 420 3341 476 καθ’
3376 421 3468 474 ὅτι
3507 419 3626 470 καὶ

329 527 511 569 tamen
564 516 657 586 qui
686 516 990 571 exactiores
1034 525 1159 570 sunt
1191 515 1247 569 in
1272 515 1585 584 indagando
1635 512 1904 582 contingit

2052 516 2175 579 ύτδς
2214 516 2464 571 ὑπέθετο.
2524 519 2721 589 Ζητεῖν
2773 518 2830 577 δὲ
2881 520 2994 581 τοῖς
3068 512 3627 581 ἐξεταστικωτέροις

329 621 598 676 quaerere,
627 623 727 662 cur
775 622 882 661 non
913 608 965 662 id
1012 622 1108 678 per
1161 608 1265 662 alia
1317 607 1703 679 designaverit,
1739 620 1901 675 quam

2049 610 2375 678 ἐριγίνεται,
2402 609 2547 675 τίνος
2579 610 2740 682 χάριν
2776 610 2849 680 μὴ
2881 610 2947 662 δι’
2980 609 3184 679 ἑτέρων
3221 606 3404 669 τοῦτο,
3429 606 3489 658 εί
3532 602 3632 674 μὴ

333 711 429 765 Izer
466 698 697 753 litteras.
761 699 1007 755 Dicimus
1048 716 1178 771 ergo
1218 700 1365 771 quod
1415 699 1543 770 quia
1582 696 1901 766 hujusmodi

2043 702 2098 755 ιά
2125 701 2235 755 τῶν
2269 702 2612 772 γραμμάτων
2644 702 2911 770 ὑπέφηνε.
2934 699 3118 769 Φαμὲν
3158 697 3249 751 οὖν
3274 697 3369 761 ὡς,
3397 691 3625 764 ἐπειδὴ

329 791 752 859 promissionum
810 809 929 863 qua:
969 793 1086 850 solo
1119 810 1372 849 sermone
1422 794 1700 847 honorata:
1753 798 1899 855 sunt,

2045 798 2108 868 ὴν
2138 797 2446 867 ἀπεκδοχὴν
2476 795 2585 850 τῶν
2610 795 2870 849 τοιούτων
2918 792 3263 861 ἐπαγγελιῶν
3313 790 3468 861 μόνῳ
3524 785 3628 856 τῷ

329 882 733 952 susceptionem
775 897 839 939 ac
897 893 1148 938 eventum
1215 900 1432 951 sperare
1482 894 1536 937 et
1584 892 1901 950 exspectare

2042 892 2153 961 όγῳ
2197 890 2579 961 τετιμημένων
2634 890 2749 942 ἐστι
2794 888 3121 958 προσδοκᾷν,
3150 883 3241 938 διὰ
3280 881 3442 936 τοῦτο
3508 877 3624 932 τὸν

328 973 617 1045 contingit,
653 983 943 1046 propterea
975 976 1076 1032 hoc
1099 976 1259 1031 modo
1292 985 1348 1030 et
1377 992 1482 1030 non
1509 975 1615 1028 alio
1650 989 1903 1045 quocun-

2045 986 2211 1055 ρόπον
2242 984 2430 1038 τοῦτον
2467 983 2560 1037 καὶ
2592 983 2693 1035 ούκ
2715 980 2892 1045 ἄλλως
2924 996 3040 1043 πως
3072 975 3332 1046 ἐδήλωσε,
3362 970 3623 1039 Τεκμή-

328 1083 437 1135 que
491 1068 840 1139 signiﬁcavit.
875 1068 1101 1141 Signum
1146 1079 1325 1123 autem
1377 1068 1689 1137 hujusmodi
1745 1067 1903 1122 insti-

2040 1092 2127 1128 ιιον
2147 1074 2205 1128 δὲ
2234 1074 2335 1142 τῆς
2355 1072 2613 1142 τοιαύτης
2634 1069 3019 1141 δημιουργίας,
3046 1068 3081 1137 ἡ
3099 1066 3209 1120 τῶν
3237 1062 3623 1136 γραμμάτων

330 1160 560 1215 tntionis
604 1161 707 1216 fuit
755 1161 998 1216 inventio
1045 1161 1375 1215 litterarum.
1418 1158 1583 1230 835
1643 1158 1778 1213 Nam
1820 1159 1904 1214 ha:

2040 1168 2246 1238 ὖρεσις.
2272 1164 2423 1219 Αίδτά
2453 1164 2723 1227 δὲταῦτα,
2749 1162 2890 1216 κατὰ
2909 1161 3000 1213 τὸν
3024 1157 3409 1228 Σταγειρίτην,
3442 1152 3620 1221 σύμ-

331 1248 465 1319 ipsa:
495 1251 644 1321 juxta
694 1251 1005 1323 Stagiritem
1053 1251 1299 1322 symbola
1352 1259 1481 1305 sunt
1530 1250 1813 1304 hominum
1848 1250 1901 1303 in

2039 1260 2144 1314 ἱολα
2173 1258 2283 1313 τῶν
2309 1260 2369 1311 ὲν
2400 1260 2467 1328 τῇ
2493 1257 2720 1327 εύσήμῳ
2748 1256 2901 1325 φωνῇ
2936 1251 3261 1323 ἀνθρώπιον.
3287 1247 3389 1301 Διά
3425 1245 3622 1299 τοῦτο

331 1345 478 1398 clara
520 1343 785 1415 facileque
815 1345 1143 1415 signiﬁcanti
1178 1360 1333 1400 voce.
1370 1344 1657 1414 Propterea
1681 1356 1903 1414 quoque

2035 1353 2105 1407 παὶ
2137 1353 2200 1404 τὸ
2230 1350 2504 1422 δηλωτικῇ
2530 1348 2639 1402 τῶν
2660 1347 2944 1417 ὀνομάτων
2973 1344 3214 1416 χρῆσθαι
3237 1342 3390 1412 φωνῇ
3408 1339 3618 1392 ἐδόκει

334 1435 434 1504 ipsi
468 1436 640 1490 visum
682 1446 764 1491 est
812 1437 887 1491 uti
924 1451 1058 1491 voce
1094 1436 1453 1507 signiticativa
1490 1436 1811 1491 nominum:
1849 1446 1902 1491 et

2031 1442 2179 1515 ιύτῷ.
2210 1443 2320 1496 Καὶ
2348 1442 2571 1503 εἰκότως
2589 1442 2655 1510 τῇ
2680 1437 2905 1509 τοιαύτῃ
2927 1433 3264 1507 δημιουργίᾳ
3288 1432 3384 1485 καὶ
3411 1427 3614 1482 τοιού-

332 1526 526 1581 merito
551 1528 642 1581 tali
679 1528 1017 1584 institutione
1047 1544 1179 1585 usus
1214 1538 1317 1597 est,
1348 1529 1657 1600 talibusque
1677 1531 1903 1584 demon-

2029 1556 2121 1603 τοις
2183 1536 2546 1607 ὑποδείγμασι
2614 1534 2715 1603 τῆς
2766 1530 2943 1603 ἀρχῆς
2998 1528 3274 1601 ἐχρήσατο
3330 1524 3427 1577 καὶ
3494 1519 3612 1575 τοῦ

328 1620 686 1676 strationibns
726 1620 976 1691 principii
1001 1636 1064 1675 ac
1100 1622 1240 1677 linis.
2008 1632 2213 1695 τέλους.

399 1709 567 1775 XXII,
608 1714 790 1768 14-17.
830 1714 981 1768 Beati
1025 1714 1114 1784 qui
1142 1715 1343 1783 faciunt
1374 1724 1633 1784 pra'ccpta
1676 1714 1809 1780 eius,
1843 1726 1898 1769 ut

2081 1721 2370 1789 Μακάριοι
2402 1723 2453 1775 ol
2482 1718 2797 1782 ποιοῦντες
2823 1714 2931 1781 τὰς
2962 1711 3217 1777 ἐντολὰς
3246 1706 3455 1771 αὐτοῦ,
3484 1707 3610 1760 ἵνα

328 1805 395 1857 sit
425 1815 657 1874 potestas
682 1823 861 1860 eorum
883 1809 939 1861 in
971 1807 1106 1861 libro
1139 1809 1279 1870 vim,
1312 1818 1357 1862 et
1388 1824 1479 1877 per
1506 1816 1683 1874 portas
1714 1808 1904 1860 intrent

2028 1818 2180 1872 ἔσται
2218 1815 2256 1882 ἠ
2284 1813 2538 1879 ἐξουσία
2581 1811 2782 1867 αὐτῶν
2813 1810 2911 1863 ἐπὶ
2942 1807 3008 1862 τὸ
3044 1808 3237 1871 ξύλω⁸
3271 1804 3381 1872 τῆς
3413 1800 3611 1867 ζωῆς.

329 1898 386 1950 in
410 1898 693 1952 civitatem.
737 1897 893 1953 Foris
919 1915 1095 1963 canes,
1128 1907 1175 1952 et
1222 1897 1449 1966 veneﬁci,
1480 1908 1529 1951 et
1564 1905 1906 1960 scortatores,

2025 1905 2111 1959 val
2169 1903 2295 1970 τοῖς
2329 1901 2613 1957 πυλῶσιν
2666 1899 3024 1954 εἰσέλθωσιν
3074 1900 3162 1962 εις
3214 1893 3331 1962 τὴν
3378 1894 3608 1947 πόλιν.

330 2005 393 2041 ac
422 1989 718 2053 homicidia,
744 2006 1021 2059 omnesque
1065 1989 1387 2053 idololatria,
1430 1998 1477 2042 et
1505 1988 1738 2058 quisquis
1778 1987 1909 2056 facit

2028 1995 2170 2060 Ἐ’ξω
2203 1998 2259 2049 οἱ
2293 1994 2498 2059 κύνες,
2538 1992 2637 2046 καί
2679 1993 2733 2046 οἱ
2772 1988 3093 2061 φαρμακοὶ,
3128 1986 3228 2041 καὶ
3271 1986 3325 2040 ol
3354 1985 3611 2051 πόρνοι,

328 2089 377 2133 et
411 2092 554 2133 amat
591 2079 946 2134 mendacium.
973 2078 1084 2148 Ego
1107 2077 1263 2134 Jesus
1295 2079 1413 2132 misi
1438 2077 1679 2148 angelum
1712 2093 1905 2142 meum,

2027 2090 2109 2143 sal
2139 2091 2192 2142 οἱ
2235 2085 2464 2157 φονεῖς,
2511 2086 2609 2139 καί
2656 2088 2709 2139 ol
2758 2080 3204 2149 εἰδωλολάτραι,
3254 2076 3351 2131 καί
3400 2072 3527 2139 πᾶς
3568 2073 3610 2124 δ

327 2180 385 2225 ut
414 2171 522 2226 lucc
561 2171 936 2240 testiﬁcaretur
966 2171 1107 2226 vobis
1143 2169 1415 2226 Ecclesiis.
1457 2171 1569 2242 Ego
1603 2188 1720 2225 sum
1752 2171 1910 2225 radix

2026 2181 2197 2238 ποιῶν
2228 2180 2326 2235 καὶ
2355 2178 2548 2249 φιλῶν
2576 2177 2824 2248 ψεῦδος.
2869 2174 3019 2245 Ἐγὼ
3079 2171 3318 2239 Ἰησοῦς
3347 2168 3609 2236 ἔπεμψα

327 2275 376 2318 et
406 2283 565 2336 genus
594 2265 783 2330 David,
808 2265 958 2319 stella
982 2267 1253 2319 matutina
1269 2264 1565 2334 splendida.
1594 2264 1667 2318 Et
1687 2265 1907 2335 spiritus

2025 2275 2117 2329 τόν
2168 2274 2426 2343 ἄγγελόν
2474 2290 2594 2342 μου
2637 2268 3020 2340 μαρτυρῆσαι
3078 2264 3219 2335 ὑμῖν
3243 2261 3431 2317 ταῦτα
3459 2258 3608 2324 ταῖς

328 2367 376 2410 et
409 2375 601 2427 sponsa
641 2358 822 2411 dicunt
852 2374 869 2413 :
915 2356 1082 2423 Veni;
1128 2368 1175 2411 et
1205 2358 1294 2427 qui
1324 2357 1473 2410 audit
1502 2357 1647 2411 dicat
1698 2372 1717 2411 :
1757 2355 1905 2410 Veni.

2022 2367 2423 2433 Ἐκκλησίαις.
2508 2362 2647 2432 Ἐγώ
2712 2364 2827 2431 εἰμι
2876 2360 2914 2425 ἡ
2947 2356 3078 2428 ῥίζα
3133 2356 3233 2411 καὶ
3283 2355 3348 2409 τὸ
3411 2353 3605 2422 γένος

331 2446 399 2501 Ει
444 2450 533 2517 qui
562 2450 696 2513 sitit,
726 2450 896 2504 veniat
922 2466 942 2515 ;
975 2460 1022 2503 et
1054 2449 1275 2520 quivult
1312 2450 1531 2521 accipiet
1559 2466 1749 2519 aquam
1788 2450 1909 2505 vita:

2019 2459 2215 2524 Δαυῒδ,
2251 2462 2283 2513 ὀ
2314 2456 2512 2527 ἀστὴρ
2547 2459 2579 2511 ό
2626 2454 2886 2524 πρωτνὸς
2935 2455 2968 2508 ὁ
3014 2450 3311 2521 λαμπρός.
3363 2446 3473 2503 Kal
3520 2443 3602 2497 τὸ

332 2543 517 2611 gratis.
2010 2553 2244 2622 πνεῦμα
2276 2551 2377 2607 καί
2410 2553 2447 2619 ἠ
2494 2551 2699 2619 νύμφη
2743 2548 3067 2617 λέγουσιν·
3122 2544 3361 2613 Ἔρχου.
3417 2538 3526 2594 Καὶ
3562 2536 3602 2589 ὁ

728 2650 733 2657 ’
2010 2646 2248 2701 ἀκούων
2270 2644 2490 2700 εἰπάτω
2510 2660 2525 2675 °
2556 2645 2799 2711 Ἕρχοῡ,
2846 2638 2957 2693 Καὶ
2993 2640 3025 2693 ό
3055 2635 3251 2705 διψῶν
3298 2631 3594 2703 ἐρχέσθω.

2011 2740 2118 2794 Kal
2153 2742 2186 2793 ό
2212 2738 2401 2793 θέλων
2426 2736 2654 2792 λαϐέτω
2685 2733 2841 2802 ὕδωρ
2874 2730 3020 2799 ζωῆς
3043 2726 3292 2799 δωρεάν.

384 2815 516 2890 tam
548 2815 753 2870 dictum
802 2822 886 2871 est
930 2816 1074 2885 quod
1108 2816 1315 2884 lignum
1364 2816 1489 2872 vitae
1547 2817 1780 2887 appellet
1828 2817 1909 2873 di-

2085 2832 2224 2900 Ἤδη
2255 2834 2492 2902 είρηται,
2530 2830 2610 2883 δτι
2631 2827 2692 2881 τὸ
2726 2826 2882 2892 ξύλον
2914 2825 3013 2895 τῆς
3038 2821 3208 2893 ζωῆς,
3253 2818 3323 2873 τὰ
3351 2816 3595 2884 θεόσοφα

330 2910 470 2963 vina!
505 2909 788 2979 sapientiae
817 2910 1063 2975 oracula,
1091 2925 1213 2981 qua:
1240 2910 1293 2964 in
1325 2910 1489 2967 rebus
1532 2911 1757 2981 agendis
1785 2926 1908 2982 qua:

2011 2925 2166 2993 λόγια
2201 2925 2377 2988 καλεῖ,
2415 2922 2450 2978 ἀ
2494 2922 2624 2993 περὶ
2656 2919 2725 2974 τὰ
2754 2916 3036 2989 πρακτικὰ
3070 2914 3212 2969 κατά
3242 2911 3301 2965 τδ
3328 2905 3594 2981 εὐφρονέο

326 3001 796 3071 jucmidissimum
833 3002 1035 3057 habent
1072 3003 1423 3068 exercitium,
1457 3014 1777 3060 sanctorum
1807 3020 1908 3075 po-

2012 3037 2209 3075 στατον
2232 3019 2327 3090 τὴν
2361 3015 2558 3087 σχολὴν
2600 3014 2815 3084 ἔχοντα,
2848 3010 2948 3080 τὴν
2985 3007 3093 3062 τῶν
3122 3005 3297 3075 ἁγίων
3330 3000 3590 3067 ἐξουσίαν

330 3104 578 3150 testatem
641 3096 1034 3161 transvehunt,
1084 3106 1145 3151 ut
1179 3111 1273 3166 per
1321 3097 1467 3152 dicta
1507 3097 1805 3167 apostolica
1839 3097 1907 3152 li—

2009 3110 2504 3184 διαπορθμεύεται,
2544 3104 2869 3175 ἐλευθερίως
2914 3100 3004 3155 διά
3063 3098 3173 3153 τῶν
3210 3091 3591 3201 ἀποστολᾷκιῑιν

327 3186 458 3243 bere
508 3204 571 3244 ac
613 3204 873 3260 prOSpere
908 3190 1113 3245 ducant
1145 3190 1211 3245 ad
1247 3204 1542 3261 supernam
1576 3189 1902 3247 Jerusalem.

2012 3182 2227 3275 ῥήσεων
2255 3201 2587 3271 εὑοδούμενα
2616 3197 2752 3267 πρὸς
2772 3195 2872 3265 τὴν
2898 3193 3011 3247 ἀνω
3037 3187 3418 3262 Ἰερουσαλήμ.
3444 3182 3589 3244 Τοὺς

328 3281 483 3349 Quod
516 3293 696 3338 autem
729 3293 899 3354 portae
927 3284 1037 3339 sint
1064 3285 1320 3354 apostoli,
1344 3284 1456 3354 jam
1485 3284 1664 3341 visum
1694 3294 1799 3341 est.

2011 3295 2263 3357 πυλῶνας
2301 3293 2358 3347 δὲ
2388 3294 2470 3345 ὅτι
2498 3291 2548 3345 οἱ
2575 3287 2887 3350 ἀπόστολοι,
2917 3285 3019 3355 ἤδη
3048 3280 3407 3350 τεθεώρηται.

402 3375 564 3430 Foris
591 3394 767 3443 canes,
792 3387 842 3432 et
866 3378 1096 3448 veneﬁci,
1127 3388 1179 3432 et
1211 3388 1550 3433 scortatores.
1582 3377 1701 3435 Non
1728 3377 1905 3434 solum

2084 3388 2241 3451 Ἔξω
2275 3389 2328 3440 οἱ
2353 3384 2554 3449 κύνες,
2586 3380 2683 3435 καὶ
2707 3384 2759 3435 ol
2794 3375 3118 3449 φαρμακοὶ,
3140 3372 3239 3428 καί
3270 3373 3325 3425 οι
3346 3369 3575 3437 πόρνοι.

329 3479 548 3537 apertos
597 3470 874 3536 inﬁdeles,
907 3471 1001 3527 sed
1050 3479 1104 3526 et
1133 3479 1467 3527 scortatores
1510 3478 1659 3525 arcet
1689 3480 1907 3540 propter

2010 3482 2085 3535 Οὐ
2135 3481 2299 3552 μόνον
2348 3479 2474 3541 τοὺς
2524 3474 2761 3538 ἀναιδεῖς
2802 3473 3087 3534 ἀπίστους,
3122 3466 3259 3522 ἀλλά
3301 3464 3397 3518 καὶ
3455 3462 3584 3523 τοὺς

328 3562 547 3616 illorum
581 3561 972 3632 imprudentiam
1022 3578 1086 3618 ac
1138 3561 1508 3633 impuritatem
1547 3579 1560 3615 :
1594 3562 1662 3618 de
1708 3562 1908 3631 quibus

2012 3572 2386 3645 ἡταιρηκότας
2425 3568 2517 3625 διὰ
2546 3567 2609 3623 τδ
2635 3566 2853 3628 ἀναιδὲς
2907 3562 3087 3618 αὐτῶν
3139 3560 3234 3616 καὶ
3273 3555 3585 3624 ἀκάθαρτον

329 3656 495 3710 etiam
543 3656 761 3711 divinus
810 3657 887 3711 ait
920 3654 1101 3711 Moses
1140 3673 1154 3710 :
1195 3675 1214 3708 ι
1253 3653 1369 3708 Non
1425 3654 1618 3713 alferes
1672 3654 1906 3723 pretium

2010 3666 2330 3729 ἀπελαύνει,
2358 3664 2488 3736 περὶ
2518 3654 2593 3717 ὧν
2623 3661 2718 3715 καὶ
2739 3662 2768 3714 ό
2806 3657 3098 3720 θεσπέσιός
3144 3670 3278 3723 φησι
3300 3648 3543 3716 Μωῦσῆς
3566 3663 3581 3677 ·

330 3750 523 3812 scorti,
578 3758 632 3801 et
687 3748 922 3818 pretium
979 3746 1096 3802 sive
1133 3746 1621 3803 commutationem
1667 3748 1819 3802 canis
1850 3747 1903 3801 in

2019 3777 2038 3813 ι
2078 3759 2152 3813 Οὐ
2223 3756 2538 3829 προσοίσεις
2581 3751 2844 3824 μίσθωμα
2898 3750 3125 3819 πόρνης,
3184 3744 3281 3797 καὶ
3333 3740 3584 3807 ἄλλαγμα

331 3840 553 3893 domum
600 3839 811 3894 Domini
878 3840 974 3895 Dei
1025 3839 1101 3895 tui
1154 3839 1221 3895 ad
1274 3853 1493 3895 omnem
1526 3837 1905 3895 confusionem

2012 3852 2174 3916 κυνδς
2204 3851 2285 3914 εἰς
2314 3844 2465 3903 οἷκον
2514 3844 2724 3916 Κυρίου
2758 3841 2853 3898 τοῦ
2886 3839 3024 3896 Θεοῦ
3068 3855 3187 3905 σου,
3223 3835 3363 3907 πρὸς
3406 3834 3586 3885 πᾶσαν

335 3943 481 3986 tuam
510 3933 575 3987 ".
616 3951 633 3983 ι

2011 3945 2179 4017 εὐχήν
2210 3960 2322 3997 σου.
2364 3961 2383 3996 ι

404 4024 516 4095 Ego
544 4024 699 4079 Iesus
731 4027 850 4080 misi
894 4026 1140 4097 angelum
1185 4041 1374 4080 meum.
1424 4023 1539 4081 Hoc
1588 4023 1754 4080 etiam
1786 4023 1909 4079 loco

2081 4015 2245 4107 ⁷Ἐγὼ
2288 4033 2521 4102 Ἰησοῦς
2559 4031 2801 4100 ἔπεμψα
2842 4027 2949 4082 τὸν
2978 4023 3237 4097 ἄγγελόν
3264 4038 3403 4092 μου.
3444 4015 3586 4069 Κάν-

331 4119 648 4175 dominandi
680 4120 918 4190 dignitas
965 4119 1275 4176 ostenditur
1308 4118 1360 4174 in
1393 4134 1458 4175 eo
1489 4117 1582 4191 qui
1630 4117 1779 4174 misit
1810 4132 1909 4172 an-

2012 4128 2193 4185 ταῦθα
2222 4128 2283 4182 τὸ
2329 4122 2658 4179 Δεσποτικδν
2696 4119 2790 4175 τοῦ
2834 4116 3187 4190 πεπομφότος
3237 4114 3329 4168 τὸν
3360 4108 3586 4181 ἄγγελον

331 4213 534 4278 gelum.

2014 4221 2234 4291 ἀξίωμα
2261 4218 2557 4273 δείκνυται.

406 4306 474 4361 Ut
503 4306 894 4376 testiﬁcaretur.
938 4304 1051 4363 Hoc
1088 4314 1191 4373 est,
1227 4312 1647 4377 protestaretur,
1696 4321 1803 4360 non
1854 4305 1907 4359 in

2085 4308 2480 4377 Μαρτυρῆσαι
2502 4305 2639 4360 δὲτὸ
2654 4302 3157 4375 διαμαρτύρασθαι,
3180 4299 3281 4354 οὐκ
3297 4298 3355 4352 ἔν
3381 4296 3582 4369 κρυερῇ,

330 4400 546 4456 occulto
575 4409 670 4454 aut
708 4399 763 4453 in
799 4399 1153 4463 abscondito,
1189 4397 1283 4453 sed
1319 4399 1667 4454 audientibus
1691 4398 1905 4454 cunctis

2018 4402 2133 4459 ἀλλ’
2163 4403 2222 4456 ὲν
2252 4398 2613 4470 παραϐύστῳ,
2644 4399 2759 4453 ἀλλ’
2800 4398 3109 4452 ἀκουόντων
3141 4393 3396 4448 ἁπάντων
3422 4391 3587 4445 ἀπαν-

331 4494 535 4565 uhique
574 4494 816 4548 locorum
853 4491 1111 4547 Ecclesiis
1141 4507 1157 4557 ;
1184 4506 1254 4547 ne
1279 4491 1403 4561 quis
1449 4503 1749 4560 Spontanea
1786 4505 1902 4543 ma-

2014 4494 2183 4564 ταχοῦ
2228 4490 2591 4563 Ἐκκλησιῶν,
2635 4492 2722 4544 ἵνα
2757 4492 2830 4562 μή
2872 4508 2957 4553 τις
3000 4487 3342 4548 ὲθελοκάκως
3368 4486 3587 4551 ἄγνοιαν

327 4588 447 4644 litia
494 4585 858 4656 ignorantiam
910 4594 1247 4654 praetexens,
1300 4595 1518 4640 maneat
1550 4584 1910 4644 incorrectns.

2015 4584 2501 4657 προφασισάμενος
2527 4582 2683 4654 μείνῃ
2707 4583 3060 4653 ἀδιόρθωτος,
3094 4578 3347 4649 πονήρως
3378 4574 3585 4629 διακεί-

328 4695 396 4734 eo
421 4677 564 4745 quod
595 4676 735 4730 male
760 4676 832 4731 sit
858 4672 1105 4729 alTectus.
1138 4673 1307 4728 Porro
1337 4674 1479 4743 quod
1505 4673 1615 4727 ait:
1653 4671 1764 4743 Ego
1798 4689 1911 4726 sum

2018 4695 2198 4751 μενος.
2236 4676 2311 4732 Τὸ
2357 4676 2433 4742 δὲ,
2490 4675 2635 4745 Ἐγώ
2687 4677 2804 4745 ειμι
2854 4674 2892 4741 ἠ
2944 4670 3078 4742 ῥίζα
3128 4669 3227 4723 καὶ
3290 4668 3356 4720 τὸ
3416 4664 3588 4736 γένος

331 4767 488 4820 radix
517 4774 566 4819 et
598 4780 756 4833 genus
808 4762 1001 4823 David,
1048 4762 1220 4832 magis
1264 4770 1698 4818 consentaneum
1734 4770 1817 4816 est
1854 4770 1913 4817 ut.

2012 4770 2214 4835 Δαυῒδ,
2255 4765 2677 4836 ἀκολουθότερον
2719 4764 2862 4819 οὕτω
2906 4766 3079 4817 νοεῖν
3130 4763 3271 4830 Ἐγώ
3300 4762 3415 4830 είμι
3460 4761 3489 4811 ὁ
3526 4761 3587 4810 ὲκ

331 4859 710 4927 intelligatur:
740 4855 855 4927 Ego
889 4873 1009 4912 sum
1053 4872 1235 4911 ramus
1277 4857 1369 4924 qui
1409 4854 1475 4910 de
1513 4856 1696 4911 radice
1744 4856 1911 4911 David

2008 4866 2110 4933 τῆς
2149 4862 2303 4934 ῥίζης
2353 4858 2447 4913 τοῦ
2496 4858 2658 4913 Δαυῖδ
2694 4858 3006 4930 βλαστήσας
3044 4855 3260 4918 κλάδος.
3305 4854 3467 4917 Γένος
3507 4852 3584 4914 δὲ,

332 4950 657 5022 germinavi.
705 4950 891 5007 Genus
933 4966 1084 5019 vero,
1125 4959 1184 5005 ut
1234 4950 1327 5020 qui
1366 4965 1429 5005 ex
1472 4965 1537 5004 eo
1568 4951 1906 5021 germinave-

2014 4961 2089 5022 ὡς
2120 4960 2179 5027 ἐξ
2223 4949 2285 5011 οὗ
2330 4958 2473 5011 κατά
2527 4956 2708 5027 σάρκα
2757 4953 3158 5017 ὲκῦλαστὴσας,
3202 4951 3278 5014 ὡς
3326 4944 3466 5004 εἶναι
3495 4947 3585 5001 τδν

332 5043 460 5109 rim,
499 5050 556 5096 ut
586 5056 763 5096 essem
796 5040 1117 5096 Emmanuel
1154 5058 1218 5096 ex
1245 5040 1531 5096 divinitate
1562 5051 1617 5097 et
1656 5044 1909 5100 humani-

2035 5050 2383 5123 Ἐμμανουὴλ
2437 5051 2501 5103 ἐκ
2561 5048 2810 5117 θεότητός
2873 5064 2934 5100 τε
2994 5045 3089 5099 καὶ
3148 5041 3586 5115 ἀνθρωπότητος.

333 5144 465 5190 tate.
498 5132 660 5187 Stella
688 5141 871 5188 autem
901 5137 1165 5188 matutina
1200 5134 1478 5205 splendida
1506 5136 1621 5205 ipse
1649 5136 1909 5193 Dominus

2033 5145 2235 5214 Ἀστὴρ
2289 5143 2345 5198 δὲ
2392 5141 2651 5214 πρωῖνὸς,
2692 5140 2856 5203 αὐτὸς
2903 5141 2931 5192 ὁ
2985 5136 3191 5208 Κύριος
3240 5134 3585 5209 χρηματίζει.

334 5228 641 5299 appellatur
675 5246 688 5282 :
726 5228 991 5283 matutina
1023 5226 1268 5295 quidem,
1304 5238 1560 5299 tanquam
1593 5230 1775 5287 omnis
1820 5247 1909 5286 sa-

2016 5234 2258 5306 Πρωῖνδς
2316 5233 2437 5303 μὲν,
2494 5231 2571 5295 ὡς
2620 5230 2801 5300 πάσης
2856 5227 3215 5299 σωφροσύνης
3282 5222 3584 5295 παραίτιος.

335 5323 556 5392 pientia:
586 5329 640 5376 et
665 5320 982 5376 sobrietatis
1006 5329 1198 5375 auctor
1226 5339 1238 5373 :
1265 5320 1548 5391 splendida
1578 5322 1745 5393 836
1762 5339 1911 5387 vero,

2012 5326 2279 5399 Λαμπρὸς
2307 5326 2384 5389 δὲ,
2416 5325 2492 5388 ὡς
2522 5342 2539 5374 ι
2578 5323 2828 5394 φωτίζων
2856 5322 3035 5376 πάντα
3079 5319 3367 5391 ἄνθρωπον
3397 5317 3476 5376 είς
3500 5321 3587 5367 τὸν

333 5424 596 5486 tanquam
635 5433 653 5465 ι
702 5414 1018 5469 illuminans
1048 5429 1264 5469 omnem
1306 5416 1577 5471 hominem
1607 5418 1911 5473 venientem

2013 5420 2218 5489 κόσμον
2248 5418 2567 5488 ἐρχόμενον.
2610 5435 2628 5468 ι
2672 5413 2893 5485 Πνεῦμα
2932 5413 2989 5467 δὲ
3019 5411 3196 5475 καλεῖ,
3251 5408 3378 5469 τοὺς
3426 5405 3584 5476 ἠξιωο

336 5509 391 5561 in
443 5507 707 5562 inttndum
744 5508 811 5562 ¹⁶.
857 5527 877 5560 υ
915 5506 1177 5577 Spiritum
1212 5518 1469 5579 prmterea
1516 5520 1673 5566 vocat
1699 5525 1793 5566 eos
1821 5514 1911 5580 qui

2017 5513 2211 5581 μένους
2259 5508 2352 5563 τοῦ
2406 5507 2778 5577 πνευματικοῦ
2835 5507 3041 5577 γάμου,
3101 5504 3319 5575 νύμφην
3377 5500 3434 5553 δὲ
3491 5497 3586 5568 τὴν

290 5612 293 5615 ‘
336 5599 485 5668 digni
525 5600 795 5654 habentur
841 5600 1222 5670 spiritualihus
1256 5601 1484 5673 nuptiis,
1517 5618 1771 5673 sponsam
1820 5619 1872 5657 at

2026 5603 2369 5677 Ἐκκλησίαν.
2419 5603 2493 5657 Τὸ
2521 5601 2598 5669 δὲ,
2636 5600 2744 5657 Καὶ
2777 5604 2808 5655 ό
2841 5600 3102 5664 ἀκούων,
3136 5600 3363 5660 τούτους
3413 5592 3587 5663 ὑπεμ-

409 5778 451 5811 ⁸³
481 5776 637 5834 Deut.
672 5793 830 5844 χχιιι,
873 5779 952 5835 i8.
1039 5781 1080 5810 ”
1112 5778 1268 5835 Joan.
1305 5799 1343 5847 I,
1392 5783 1443 5836 9.
