4046 6604
442 635 3526 673 W

3594 495 3624 554 7
3634 498 3701 555 $8

1002 807 1446 939 ARETHZE
1527 806 2324 938 ARCHIEPISGOPI
2402 808 3097 940 GESAREENSIS

1908 1038 2217 1099 ORATIO

583 1224 731 1313 DE
806 1224 960 1313 SS.
1040 1220 1813 1311 MARTYRIBUS
1885 1220 2028 1311 SA.

2122 1218 2803 1348 ONA,GURIA
2876 1225 3028 1316 ET
3097 1227 3497 1323 ABIBO.

1287 1413 1502 1475 (Surius,
1525 1417 1640 1463 Acta
1670 1413 1765 1463 SS.
1799 1412 1855 1462 ιδ
1878 1412 2022 1474 Nova,
2048 1418 2163 1461 tom.
2194 1414 2274 1475 IV,
2298 1415 2376 1464 ed.
2405 1416 2595 1475 Colon.,
2619 1430 2661 1480 p.
2694 1417 2830 1482 διδ.)

490 1712 533 1769 l.
565 1713 853 1781 Quomodo
885 1726 1064 1775 vester
1093 1718 1248 1775 vobis
1272 1734 1329 1774 se
1357 1719 1576 1775 animus
1625 1721 1807 1787 habet,
1850 1737 2005 1777 sacer
2036 1724 2079 1780 Α
2109 1721 2303 1775 horum
2332 1721 2572 1775 virorum
2606 1719 3210 1789 certamina,tanquam
3245 1720 3297 1773 in
3324 1720 3539 1781 tabellis
3568 1721 3697 1792 qni-

421 1807 593 1877 grex?
622 1808 713 1879 qui
751 1809 893 1864 diem
952 1811 1154 1869 festum
1212 1812 1358 1867 hunc
1403 1813 1746 1881 splendidius
1787 1814 2000 1870 Christi

421 1900 835 1957 confessor-ibus
858 1904 1043 1973 agitis,
1076 1905 1295 1974 quando
1326 1914 1553 1960 externa
1618 1907 1786 1962 etiam
1831 1910 2001 1963 multa

420 2009 517 2050 vos
554 1996 632 2050 uti
680 1996 837 2050 video
882 1996 1124 2061 lautitia,
1168 2013 1494 2069 summaque
1541 2016 1667 2055 cum
1731 2002 2007 2058 hilaritate

421 2099 641 2139 sacrum
696 2085 841 2140 hunc
877 2086 1056 2141 locum
1106 2103 1401 2158 occupare.
1438 2089 1713 2161 Numquid
1747 2091 2003 2160 fortasse,

420 2192 545 2246 quae
600 2178 653 2231 in
695 2179 851 2233 vobis
904 2179 1190 2249 imperium
1229 2182 1440 2238 obtinet
1490 2199 1676 2248 mens,
1718 2185 1923 2240 sensim
1975 2201 2005 2240 a

421 2270 587 2324 rebus
620 2269 829 2324 deﬂexa
863 2272 1001 2334 suis,
1045 2287 1143 2341 per
1180 2289 1377 2330 sensus
1409 2275 1727 2337 effunditur.
1752 2285 1808 2331 et
1854 2278 1906 2331 in
1932 2293 1994 2333 ea

419 2363 609 2429 etiam,
637 2379 757 2434 quae
780 2365 1067 2421 oculorum
1107 2368 1354 2436 subjecta
1384 2377 1512 2424 sunt
1546 2370 1823 2435 sensibus,
1845 2370 2008 2426 dissi-

419 2455 623 2522 patur?
661 2458 741 2510 An
768 2472 894 2513 vero
923 2473 1047 2517 cum
1077 2460 1363 2529 paululum
1385 2461 1521 2528 haec,
1556 2463 1891 2518 blandientis
1919 2478 2010 2519 cu-

416 2544 635 2613 jusdam
666 2547 845 2601 catelli
882 2564 1054 2612 more,
1078 2550 1265 2605 sensui
1296 2550 1508 2606 adulari
1535 2553 1865 2620 permiserit,
1893 2552 2007 2623 ipsa

422 2638 479 2695 in
500 2652 600 2692 sua
622 2639 867 2711 gaudens
896 2640 1205 2709 altitudine,
1236 2643 1621 2713 pulcherrimis
1640 2645 1855 2714 sibique
1885 2661 2009 2715 pro-

422 2730 558 2799 priis
590 2733 904 2802 spectandis
938 2735 1102 2791 rebus
1130 2744 1381 2791 movetur
1435 2736 1798 2807 adiciturque,
1835 2750 1890 2794 et
1920 2754 2009 2795 re-

417 2821 672 2893 jicieudis
713 2824 1087 2897 voluptatibus
1144 2829 1414 2898 corporis,
1474 2832 1757 2901 proprium
1807 2831 2008 2887 Christi

424 2915 762 2985 martyribus
792 2930 917 2971 vere
942 2917 1179 2971 natalem
1216 2918 1455 2975 celebrat
1481 2919 1671 2975 diem?
1708 2917 1763 2972 Si
1798 2920 1913 2975 haec
1938 2920 2006 2973 ita

422 3022 481 3060 se
513 3007 736 3074 habent,
765 3018 819 3062 et
849 3010 1148 3067 victoribus
1176 3010 1261 3065 his
1298 3012 1560 3067 honorem
1596 3012 1758 3066 istum
1804 3011 2007 3066 haben-

422 3099 553 3152 dum
615 3102 933 3169 censuistis,
965 3113 1126 3172 atque
1176 3104 1248 3157 ita
1290 3102 1433 3158 diem
1482 3102 1676 3157 festum
1730 3102 2005 3157 celebrare
2036 3078 2081 3134 Β

422 3194 773 3260 mutenditis,
803 3212 821 3247 ι
850 3194 1061 3262 Venite,
1089 3196 1424 3257 exsultemus
1440 3194 2007 3265 Domino,jubilemus

426 3284 538 3341 Deo
568 3285 795 3345 salutari
829 3296 1041 3353 nostro,
1072 3307 1092 3340 ι
1116 3288 1209 3358 qui
1231 3288 1443 3360 pridem
1475 3288 1637 3347 etiam
1664 3302 1854 3345 servos
1875 3302 2008 3349 suos

426 3374 577 3436 velut
604 3381 979 3453 passerculum
1007 3385 1297 3452 quenulam
1335 3384 1401 3453 de
1454 3383 1649 3453 laqueo
1683 3383 2000 3439 venantium

422 3472 705 3543 eripuerit,
731 3483 784 3528 et
814 3490 958 3529 nunc
992 3474 1044 3529 in
1084 3474 1198 3545 ipsa
1232 3476 1359 3530 anni
1393 3475 1781 3540 conversione,
1810 3482 2002 3545 optato

424 3566 623 3635 gaudio
654 3568 809 3621 nobis
831 3567 1016 3632 allato,
1039 3568 1211 3623 sacris
1240 3583 1428 3623 eorum
1455 3566 1846 3627 certaminibus
1874 3566 2009 3635 quo-

424 3658 549 3709 dam
615 3654 773 3709 hilari
836 3656 1003 3710 veluti
1054 3657 1328 3722 c0uvivio,
1362 3656 1666 3712 studiosius
1709 3646 1811 3712 no's
1856 3656 2008 3712 exei-

425 3760 460 3815 p
480 3761 554 3800 -re
583 3746 841 3801 voluerit.

495 3838 561 3893 ll.
624 3839 691 3894 Et
742 3842 870 3910 quid
940 3842 1044 3897 hoc
1088 3840 1211 3897 est?
1264 3840 1318 3895 Id
1378 3855 1593 3909 nempe,
1645 3841 2010 3910 quodcunque

430 3933 602 3988 animi
635 3934 783 3990 vires
822 3935 1128 3998 confirmat,
1162 3945 1214 3989 et
1245 3946 1423 4003 Spreta
1453 3935 1799 3989 laudabiliter
1864 3936 2010 3987 mul-

427 4025 662 4081 titudine
687 4027 967 4097 imperita.
998 4028 1064 4082 ad
1107 4026 1228 4081 illas
1264 4027 1488 4083 alterius
1535 4027 1658 4082 vita:
1695 4028 2011 4082 mansiones

426 4122 784 4192 erigiturque,
830 4123 931 4177 alis
994 4123 1157 4177 veluti
1215 4122 1541 4192 quibusdam
1600 4123 1847 4178 omnium
1880 4139 2011 4192 pru-

425 4215 753 4271 (lentissime
776 4218 828 4271 in
873 4218 1043 4271 altum
1080 4227 1352 4272 evectum.
1387 4217 1537 4271 Talis
1559 4228 1641 4272 est
1669 4219 1814 4271 enim
1869 4232 2013 4270 mar-

424 4320 607 4376 tyrum
658 4308 830 4363 festus
871 4309 1009 4373 dies,
1046 4307 1151 4363 tale
1191 4310 1461 4363 victorum
1496 4318 1810 4363 nostrorum
1852 4307 2011 4361 thea-

424 4409 594 4460 trum,
631 4400 757 4453 talia
792 4408 919 4454 sunt
950 4415 1035 4465 ea,
1087 4416 1209 4470 qua:
1259 4400 1357 4453 abs
1411 4413 1470 4453 se
1504 4398 1666 4452 allata
1722 4396 1900 4460 nobis,
1934 4395 2010 4449 illi
2041 4429 2088 4490 ο

424 4494 668 4549 convivis
733 4494 847 4549 suis
903 4508 1180 4564 apponere
1228 4502 1576 4549 statuerunt:
1624 4489 1846 4558 quando
1898 4502 2007 4542 non

427 4587 530 4641 hoc
581 4586 746 4641 modo
804 4587 1038 4655 epitilari,
1097 4586 1405 4655 laetitiaeque
1438 4582 1741 4651 indulgere,
1777 4583 1873 4635 sed
1916 4578 2010 4633 uni

422 4678 598 4731 ventri
655 4678 889 4749 turpiter
936 4679 1236 4742 deservire,
1293 4677 1410 4746 qui,
1469 4672 1738 4744 quidquid
1794 4675 1847 4726 in
1883 4686 2007 4725 eum

425 4772 547 4840 quis
574 4772 742 4826 studii
772 4770 1085 4838 contulerit,
1111 4772 1164 4824 in
1204 4782 1480 4825 secessum
1520 4764 1766 4820 emittit:
1805 4773 1859 4818 et
1914 4779 2008 4816 ve-

424 4864 592 4919 Stium
627 4865 934 4919 mutatione
966 4863 1105 4918 alios
1126 4862 1365 4917 vicissim
1400 4858 1537 4914 alios
1584 4871 1845 4926 superare
1879 4870 2010 4910 con-

426 4956 665 5022 tendere,
704 4971 811 5011 non
845 4957 1021 5011 solum
1079 4971 1165 5010 res
1242 4967 1504 5023 generosa
1570 4966 1679 5004 non
1714 4959 1819 5015 est,
1856 4948 2007 5017 ejus-

430 5048 711 5117 modique,
744 5064 866 5117 quae
900 5047 1147 5102 moribus
1173 5045 1587 5117 disciplinaeque
1637 5054 1841 5097 nostra:
1876 5056 2010 5096 con-

425 5140 629 5205 veniat,
666 5139 761 5194 sed
790 5140 859 5194 ab
885 5142 1003 5208 ipso
1032 5138 1196 5193 etiam
1230 5146 1314 5192 est
1367 5134 1784 5189 convivatorum
1842 5148 2006 5188 sensu

427 5242 713 5303 menteque
758 5231 1118 5287 alienissima.
1178 5228 1302 5283 llaec
1358 5228 1524 5297 igitur
1568 5241 1694 5281 eum
1748 5225 1819 5279 ita
1875 5224 2005 5290 sint,

425 5341 663 5394 cumque
702 5340 801 5379 nos
840 5339 951 5394 quo
990 5332 1150 5393 pacto
1207 5322 1351 5375 diem
1388 5319 1590 5375 festum
1616 5324 1868 5388 oporteat
1920 5332 2007 5372 cc-

424 5424 628 5479 lehrari
655 5434 813 5477 antea
839 5420 946 5487 iam
967 5413 1432 5476 denuntiat-imus,
1462 5425 1563 5466 nec
1591 5409 1709 5466 sine
1740 5424 1836 5479 spe
1867 5407 2004 5474 fore,

432 5524 513 5580 ut,
552 5514 715 5583 jactis
743 5512 796 5564 in
835 5519 1034 5561 terram
1057 5507 1279 5565 bonam,
1305 5501 1612 5556 animarum
1639 5499 1884 5555 videlicet
1912 5514 2004 5555 ve-

426 5619 660 5665 strarum
690 5601 1074 5672 cogitationes,
1099 5596 1366 5652 orationis
1397 5594 1726 5660 seminibus,
1745 5592 2006 5661 multipli-

428 5718 520 5757 ces
548 5701 722 5753 simus
776 5695 959 5765 spicas
995 5691 1229 5747 messuri
1268 5709 1281 5745 :
1316 5689 1570 5759 agedum,
1601 5701 1725 5757 age,
1754 5686 2001 5756 inquam,

2110 1814 2338 1869 busdam
2372 1829 2399 1867 a
2436 1814 2595 1867 nobis
2625 1812 2869 1881 depicta,
2911 1812 3169 1866 omnibus
3201 1814 3502 1881 spectanda
3565 1831 3695 1884 pro-

2106 1916 2401 1978 ponantur,
2433 1905 2579 1976 quod
2622 1904 2690 1959 ad
2711 1904 2817 1960 diei
2847 1904 2970 1959 festi
2997 1904 3424 1960 celebrationem
3481 1906 3567 1959 his
3599 1922 3697 1959 ac-

2107 1999 2507 2056 commodatius
2542 2012 2662 2053 esse
2693 1996 2830 2051 nihil
2858 1997 3131 2051 videatur.
3172 1995 3287 2051 Hoc
3324 1998 3492 2067 igitur
3516 2006 3570 2051 et
3602 1998 3688 2051 fa-

2109 2094 2343 2150 ciamus.
2374 2090 2619 2147 Tametsi
2664 2089 2732 2145 ad
2782 2090 3117 2162 pingendum
3170 2090 3356 2145 nobile
3388 2090 3524 2145 adeo
3592 2091 3698 2145 hoc

2109 2194 2494 2257 argumentum
2528 2186 2723 2239 idonea
2749 2185 2865 2240 sine
2894 2185 3063 2240 dubio
3088 2189 3361 2255 pigmenta
3397 2186 3555 2240 nobis
3586 2201 3696 2241 non

2108 2288 2423 2351 suppetunt,
2454 2287 2513 2331 ut
2540 2294 2603 2331 ex
2642 2278 2843 2333 invicta
2877 2286 3180 2346 martyrum
3245 2278 3557 2332 constantia
3610 2280 3694 2331 di-

2109 2370 2269 2425 vinus
2317 2370 2369 2423 in
2404 2368 2620 2424 animos
2672 2376 2895 2421 nostros
2955 2365 3166 2421 fructus
3224 2368 3555 2439 perveniat:
3584 2384 3697 2438 quo

2108 2478 2302 2518 eorum
2350 2460 2597 2516 videlicet
2642 2459 2991 2514 aemulatione
3041 2460 3267 2515 excitati
3307 2502 3322 2529 ,
3380 2471 3699 2529 oppugnan

2109 2570 2209 2626 pro
2235 2554 2446 2609 viribus
2469 2552 2751 2621 impotenti
2782 2551 2950 2605 animi
2982 2551 3242 2606 vitiorum
3264 2551 3571 2618 dominatu,
3610 2570 3698 2623 pe-

2109 2660 2333 2705 rennem
2386 2645 2545 2701 vobis
2576 2660 2644 2699 ex
2696 2643 2937 2700 maxime
2990 2643 3174 2699 divina
3233 2644 3337 2701 ista
3390 2647 3697 2705 certatione

2109 2737 2337 2806 gloriam
2370 2735 2619 2806 pariatis.
2660 2733 2765 2792 Sed
2794 2733 3024 2802 agedum
3047 2749 3390 2804 apponamus
3432 2736 3545 2805 jam
3589 2752 3692 2790 vo-

2112 2830 2221 2893 bis,
2258 2844 2381 2897 quae
2431 2828 2721 2890 habemus,
2774 2826 2937 2896 idque
2984 2836 3257 2903 quatenus
3284 2826 3569 2883 facultates
3594 2844 3694 2882 no-

2110 2931 2238 2978 stne
2266 2921 2568 2990 patiuntur.
2594 2918 2861 2975 Caaterum
2892 2920 3298 2989 qualiacunque
3322 2923 3433 2976 sint
3457 2936 3542 2985 ea,
3579 2922 3694 2976 col-

2110 3013 2218 3073 lata
2241 3029 2366 3071 cum
2385 3012 2589 3075 studio,
2622 3026 2848 3081 prorsus
2866 3011 3132 3079 placitura
3167 3027 3275 3066 non
3304 2998 3517 3079 dubito,
3549 3028 3693 3083 prae-

2110 3108 2299 3165 sertim
2334 3104 2427 3175 qui
2462 3105 2633 3161 sciam
2679 3120 2784 3161 non
2828 3104 3005 3159 solere
3036 3119 3065 3158 a
3119 3104 3375 3175 legitimis
3412 3114 3466 3160 et
3517 3106 3692 3175 aequis

2112 3215 2295 3257 rerum
2331 3198 2758 3257 atstimatoribus
2787 3198 2912 3255 filiis
2949 3198 3219 3267 repudiari
3278 3208 3568 3271 parentum
3600 3200 3689 3253 fa-

2111 3293 2365 3357 cultates,
2399 3292 2491 3346 sed
2528 3303 2817 3365 propterea
2859 3290 2927 3345 iis
2981 3290 3179 3345 charas
3218 3305 3357 3355 esse,
3390 3291 3533 3367 quod
3574 3292 3689 3346 sint

2110 3396 2376 3461 paternae.
2416 3385 2591 3443 Simili
2621 3384 2783 3439 modo
2807 3385 2971 3441 etiam
3000 3382 3225 3455 pauperi
3252 3398 3357 3437 non
3384 3383 3452 3441 sit
3486 3385 3580 3454 qui
3615 3386 3690 3437 vi-

2112 3478 2189 3533 tio
2216 3483 2412 3540 vertat,
2451 3475 2496 3535 si
2528 3476 2619 3553 qui
2655 3475 3000 3533 comessamli
3033 3489 3195 3529 causa
3226 3474 3289 3527 ad
3320 3473 3470 3529 illum
3503 3490 3695 3529 acces-

2110 3570 2307 3635 scrint,
2343 3569 2409 3625 de
2450 3584 2535 3633 ea,
2568 3568 2663 3639 qui
2724 3567 2828 3621 sibi
2890 3578 3090 3637 praesto
3133 3564 3322 3631 fuerit,
3353 3566 3511 3641 copia
3560 3567 3697 3636 ipsis

2112 3663 2400 3733 largiatur.

2182 3754 2271 3809 Ill.
2297 3756 2438 3810 Sane
2469 3752 2689 3822 quidem
2720 3751 2937 3815 Gurias,
2975 3751 3247 3807 Samonas
3275 3762 3329 3807 et
3379 3753 3610 3817 Abibns,
3641 3764 3694 3806 et

2114 3837 2223 3901 nati
2262 3856 2388 3900 sunt
2415 3844 2659 3908 Edessze,
2690 3851 2744 3897 et
2767 3843 3006 3899 educati.
3069 3843 3240 3899 I’orro
3290 3844 3506 3898 Edessze
3531 3846 3696 3913 hujus

2113 3942 2257 4011 (qua;
2281 3938 2500 4009 quidem
2532 3937 2663 3992 urbs
2701 3937 2857 3992 estin
2908 3935 3322 4007 Mesopotamia)
3346 3952 3544 3990 nomen
3570 3952 3692 3990 cum

2114 4034 2266 4107 pacis
2291 4032 2585 4088 admodum
2618 4040 2745 4085 ante
2777 4031 2862 4083 his
2894 4042 3163 4100 martyres
3195 4029 3472 4099 cognitum
3522 4040 3684 4092 esset,

2113 4130 2184 4184 ab
2208 4127 2277 4183 iis
2302 4126 2375 4181 ita
2396 4125 2611 4181 celebre
2634 4124 2858 4189 factum,
2886 4122 3329 4193 illustratumque
3356 4131 3459 4187 est,
3493 4131 3550 4173 ut
3586 4136 3688 4172 una

2114 4236 2237 4276 cum
2264 4234 2452 4273 eorum
2484 4216 2628 4271 fama
2682 4231 2779 4285 per
2809 4217 3125 4271 universum
3183 4230 3242 4270 se
3291 4214 3480 4269 orbem
3522 4222 3691 4266 terra-

2113 4326 2235 4365 rum
2271 4308 2549 4363 diffuderit
2577 4323 2592 4361 :
2639 4320 2816 4375 neque
2858 4321 2986 4359 vero
3014 4306 3083 4360 iis
3122 4305 3265 4359 intra
3293 4304 3486 4359 urbem
3520 4303 3695 4357 domi-

2118 4403 2304 4458 cilinm
2354 4400 2475 4465 f‘nit,
2511 4399 2605 4454 sed
2656 4399 2708 4451 in
2742 4413 2870 4468 agro
2910 4409 3085 4461 extra,
3131 4398 3221 4451 ubi
3252 4397 3503 4451 videlicet
3546 4404 3694 4450 tran-

2117 4492 2427 4561 quilliorem
2470 4505 2499 4544 a
2540 4490 2663 4544 vitai
2696 4491 2861 4559 hujus
2890 4490 3126 4559 negotiis
3153 4491 3319 4545 vitam
3374 4497 3555 4544 essent
3605 4502 3694 4541 ac-

2114 4585 2243 4648 turi,
2283 4583 2473 4657 procul
2507 4598 2537 4637 a
2568 4582 2820 4639 civilibus
2877 4582 3051 4638 turbis
3077 4583 3295 4646 remoti,
3330 4596 3452 4652 qua:
3485 4587 3693 4635 eertum

2114 4674 2284 4730 animi
2332 4675 2385 4727 in
2421 4674 2686 4745 religione
2738 4674 3079 4744 pr0positum
3108 4674 3429 4744 perturbare
3496 4673 3694 4736 solent,

2112 4778 2274 4838 atque
2300 4775 2629 4837 pervertere.
2673 4781 2849 4835 neque
2873 4767 3108 4838 spatium
3137 4766 3285 4831 dare,
3318 4772 3378 4818 ut
3397 4763 3696 4833 pulchritu-

2113 4855 2293 4910 dinem
2324 4869 2480 4909 suam
2509 4853 2659 4909 velut
2683 4852 2735 4907 in
2771 4855 2997 4923 speculo
3044 4855 3221 4909 valeat
3281 4852 3692 4922 contemplari:

2112 4962 2177 5002 ac
2211 4947 2257 5002 si
2286 4946 2416 5016 quid
2440 4946 2534 5013 sit,
2561 4948 2709 5023 quod
2738 4946 2788 5002 ei
2823 4947 3042 5010 ofIiciat,
3070 4957 3124 5001 et
3157 4947 3459 5015 ignoretur,
3496 4944 3551 4998 id
3571 4960 3695 5015 per-

2113 5041 2297 5095 videre
2320 5040 2493 5109 possit
2519 5049 2682 5110 atque
2715 5040 3015 5111 corrigere.
3060 5038 3267 5095 Idcirco
3328 5039 3496 5110 igitur
3544 5047 3694 5107 grata

2112 5132 2197 5187 his
2227 5132 2383 5186 valde
2406 5132 2513 5186 vita
2545 5131 2649 5187 fuit
2674 5131 2909 5202 agrestis
2943 5149 2956 5185 :
2990 5133 3043 5184 in
3090 5146 3199 5200 qua
3254 5130 3418 5183 etiam
3468 5126 3693 5194 assidui,

2115 5241 2220 5283 una
2252 5240 2375 5279 cum
2424 5224 2692 5296 Propheta
2727 5224 2885 5290 illud,
2926 5223 3184 5285 solitarii,
3239 5222 3413 5276 donec
3452 5229 3697 5275 transea-

2112 5334 2256 5383 mus,
2285 5318 2530 5374 omnium
2556 5318 2893 5387 pulchrrime
2921 5323 3249 5371 renuerunt.

2180 5412 2273 5468 IV.
2297 5411 2401 5468 Sed
2428 5413 2573 5468 enim
2602 5407 2786 5467 Guria:
2826 5409 3161 5481 praecipuum
3192 5408 3244 5460 in
3284 5406 3393 5461 vita
3429 5405 3692 5469 studium,

2110 5504 2396 5560 meditatio
2417 5514 2471 5559 et
2498 5503 2830 5560 centiuentia
2862 5502 2983 5567 fuit,
3016 5497 3426 5571 quae'diuturna
3463 5512 3696 5552 consue-

2112 5596 2301 5651 tudine
2330 5595 2633 5650 familiares
2666 5595 2741 5649 illi
2777 5610 2841 5649 ac
2863 5593 3167 5664 peculiares
3200 5591 3377 5654 factae,
3414 5588 3608 5655 fecere,
3638 5598 3695 5643 ut

2112 5700 2477 5760 cognomento
2513 5688 2814 5743 Continens
2842 5686 3203 5757 appellaretur
3229 5702 3242 5737 :
3279 5697 3454 5752 neque
3474 5683 3617 5737 enim
3638 5691 3695 5737 tu

430 5793 691 5865 praeclaro
720 5791 863 5844 facto
884 5789 994 5859 jam
1048 5788 1154 5842 hoc
1213 5784 1478 5840 orationis
1509 5783 1687 5847 initio,
1722 5795 1787 5836 ea
1844 5780 1999 5835 vobis
2026 5779 2077 5839 D
2105 5796 2227 5835 cum
2256 5780 2413 5836 aliter
2438 5781 2755 5844 iudicasses,
2797 5780 2901 5834 nisi
2930 5779 3056 5833 dum
3080 5794 3206 5832 eum
3237 5774 3567 5839 nominares,
3597 5790 3697 5829 no-

428 5888 684 5954 deinceps
710 5898 913 5955 propon
928 5896 1095 5943 unus,
1110 5895 1231 5950 qua:
1249 5878 1353 5934 diei
1375 5878 1512 5933 festo
1530 5872 1856 5931 celebrando
1870 5885 2005 5927 con-

430 5982 665 6036 veniant.
696 5981 758 6036 At
776 5979 920 6037 enim
946 5977 1289 6043 desideratis,
1311 5973 1487 6041 video,
1509 5980 1565 6026 ut
1586 5968 2008 6026 fortissimorum

2118 5875 2429 5930 minietiam
2451 5874 2830 5930 Continentem
2859 5873 3184 5928 addidisses.
3230 5873 3297 5928 At
3327 5873 3596 5929 Samonas
3612 5870 3693 5923 vi-

2123 5967 2374 6039 gentibus
2398 5967 2634 6024 maxime
2651 5965 2882 6024 ctauimi
2911 5973 2965 6023 et
2998 5965 3242 6035 corporis
3263 5964 3490 6031 viribus,
3517 5963 3694 6033 iisque
