4010 6614
333 444 439 507 739

1168 441 1450 503 ORATIO
1478 440 1575 502 DE
1616 439 1720 501 SS.
1749 437 2077 515 SAMONA,
2112 437 2357 500 GURIA
2390 438 2486 499 ET
2514 438 2761 500 ABIBO.

3473 441 3583 507 790

328 555 604 627 pweditus,
636 567 757 624 quae
811 551 905 621 qui
959 550 1185 617 habent,
1225 568 1323 608 eos
1385 552 1613 608 libenter
1662 552 1900 623 Spiritus
1931 560 1971 615 Α
2005 551 2391 606 communibus
2437 567 2515 614 se,
2549 567 2714 621 quam
2744 551 2929 607 sacris
2977 554 3342 610 conventibus
3401 556 3579 611 inuni-

324 657 547 704 sanctus
572 648 691 703 suis
716 647 913 702 solitus
960 656 1043 701 est
1093 647 1281 701 choris
1344 660 1666 716 aggregare.
1699 646 1902 715 quippe

326 738 694 807 cumjnvenes
743 738 992 791 hortetur
1031 747 1091 791 ut
1116 750 1175 791 se
1232 736 1540 791 senioribus
1583 734 1901 805 adjungant,

328 837 386 881 ut
413 827 652 881 victoria:
685 842 789 880 una
813 842 1032 882 carmen
1068 828 1451 882 concelebrent
1480 848 1490 881 :
1525 827 1633 890 his,
1654 826 1900 895 inquam,

326 920 415 972 ille
436 928 697 988 praestans
724 918 892 972 animi
932 928 985 973 et
1011 919 1255 987 corporis
1285 917 1519 979 viribus,
1561 918 1627 971 ad
1674 917 1899 971 Curiam

325 1028 384 1065 se
423 1011 676 1074 contulit,
716 1009 837 1080 ejus
890 1010 1014 1065 vitae
1050 1011 1232 1065 studia
1287 1010 1511 1081 prepius
1567 1009 1902 1074 imitaturus,

324 1119 389 1157 ac
437 1103 485 1157 si
513 1114 720 1171 posset,
754 1102 920 1156 etiam
972 1111 1351 1171 superaturos.
1382 1100 1764 1170 Caeterumqui
1812 1098 1906 1153 ab-

324 1196 551 1249 solutam
586 1193 693 1248 illis
731 1194 985 1248 choreum
1017 1193 1345 1248 conﬁciebat
1380 1192 1618 1263 Spiritus
1651 1203 1899 1257 sanctos,

324 1287 546 1340 tertium
573 1285 737 1340 etiam
769 1296 1031 1355 praeterea
1063 1285 1360 1355 quaerebat,
1395 1285 1486 1355 qui
1522 1301 1647 1340 cum
1684 1286 1899 1341 numeri

324 1379 554 1447 puritate
573 1393 694 1432 eam
719 1379 1156 1441 similitudinem,
1181 1394 1303 1447 qua:
1327 1378 1431 1433 sibi
1469 1394 1593 1433 cum
1644 1378 1805 1435 Patre
1848 1389 1901 1434 et

324 1468 468 1523 Filio
489 1478 591 1535 est,
614 1470 850 1538 perfecte
880 1473 931 1525 in
952 1472 1122 1529 choro
1150 1471 1390 1539 ipsorum
1413 1472 1759 1540 exprimeret,
1785 1482 1898 1526 tum

320 1564 484 1613 etiam
517 1576 743 1616 numero
775 1562 1089 1617 ﬁrmitatem
1116 1564 1431 1619 concordia:
1463 1563 1751 1618 stabiliret.
1798 1564 1902 1617 Ita-

317 1650 505 1720 que(o
536 1649 905 1723 felicitatem!)
932 1654 1094 1708 etiam
1119 1654 1324 1708 invenit
1359 1654 1593 1710 Abibum
1632 1655 1786 1723 :qui,
1822 1666 1902 1709 ta-

321 1742 483 1797 metsi
530 1754 760 1812 utroque
797 1752 929 1800 natu
966 1745 1145 1799 minor
1177 1754 1313 1810 erat,
1349 1753 1531 1799 tamen
1578 1746 1724 1814 quod
1756 1748 1898 1801 tetati

316 1835 531 1898 deerat,
554 1838 841 1908 supplebat
864 1854 972 1893 non
1003 1854 1067 1893 eo
1110 1840 1312 1905 solum,
1340 1840 1486 1909 quod
1521 1840 1899 1910 pervesﬁgatis

2012 648 2228 696 scerent
2255 658 2268 694 :
2311 641 2364 693 in
2397 640 2574 695 forum
2606 656 2711 695 non
2744 641 3213 698 admittebantur:
3247 645 3395 699 omni
3427 660 3579 701 como

2008 733 2335 787 merriorum
2361 734 2485 802 jure
2508 732 2964 799 excludebantur,
2986 752 3330 806 quzecunque
3359 746 3483 791 ante
3507 738 3575 791 il-

2006 825 2097 878 lttd
2118 835 2331 893 tempus
2356 824 2612 880 omnibus
2646 826 2954 894 promiscue
2990 836 3301 895 patuerant,
3339 837 3447 881 tam
3475 843 3578 897 pu—

2008 917 2164 979 blice,
2187 933 2350 986 quam
2390 918 2639 987 privatim
2676 936 2689 971 :
2719 918 3047 972 contrahere
3075 920 3155 973 eis
3205 936 3328 973 cum
3358 921 3579 974 nomine

2008 1009 2202 1063 licebat
2249 1032 2260 1063 ;
2302 1024 2495 1079 magna
2531 1010 2583 1063 in
2626 1010 2853 1063 urbibus
2875 1008 3311 1064 Christianorum
3340 1021 3457 1065 erat
3484 1027 3578 1066 so-

2006 1102 2177 1156 litudo
2210 1116 2224 1153 :
2252 1101 2305 1155 in
2353 1116 2541 1155 earum
2578 1102 2759 1155 locum
2793 1102 3113 1157 remotiores
3136 1102 3202 1155 ab
3237 1102 3303 1157 iis
3328 1118 3579 1158 recessus

2005 1194 2385 1259 succedebant,
2418 1210 2556 1264 quos
2606 1193 2897 1248 multitudo
2953 1195 3285 1265 eorum,qoi
3338 1196 3581 1266 exagitao

2007 1286 2231 1347 bantur,
2276 1287 2600 1357 camplebat.
2630 1286 2789 1341 Nulla
2819 1288 2872 1341 in
2912 1290 3353 1358 persecutoribus
3381 1291 3576 1345 adver-

2005 1394 2100 1433 sus
2136 1388 2269 1433 natu
2306 1379 2541 1447 majores
2568 1380 2870 1434 reverentia
2901 1398 2913 1433 :
2947 1380 3093 1434 nulla
3140 1394 3459 1449 parvorum,
3514 1395 3580 1433 ac

2004 1481 2288 1543 propterea
2319 1473 2589 1529 malorum
2626 1488 2822 1528 sensus
2845 1475 3149 1543 expertium
3173 1474 3576 1538 misericordia,

2000 1582 2072 1621 ne
2102 1567 2171 1621 iis
2215 1565 2457 1634 quidem,
2490 1565 2691 1634 quibus
2736 1565 2927 1619 tribuit
2951 1566 3065 1634 ipsa
3096 1573 3316 1627 natura,
3356 1576 3414 1620 ut
3451 1582 3579 1635 pro-

2002 1665 2121 1726 pter
2153 1655 2349 1709 virium
2383 1654 2840 1719 imbecillitatem,
2864 1654 3174 1724 hujosmodi
3226 1655 3420 1711 aﬁ‘ectu
3462 1635 3581 1727 plu-

2004 1747 2202 1800 rimum
2237 1756 2609 1801 moverentur.
2644 1745 2799 1803 Ferae
2822 1748 3060 1803 immites
3095 1763 3287 1803 omnes
3314 1748 3580 1804 adversus

2002 1838 2367 1905 Christianos,
2402 1854 2621 1909 unaque
2668 1841 2724 1895 in
2774 1854 2833 1894 re
2873 1848 3088 1895 tantum
3138 1840 3385 1902 humani,
3430 1840 3580 1910 quod

318 1929 610 1997 utriusque
659 1933 901 1999 ipsorttm
935 1933 1058 1985 vitae
1088 1932 1376 1996 institutis,
1417 1934 1468 1985 in
1503 1932 1748 1986 animum
1810 1934 1898 1986 in-
1935 1913 1975 1965 Β
2005 1948 2239 2003 quorum
2274 1935 2325 1987 io
2357 1933 2556 1987 animis
2587 1933 2731 2002 piam
2760 1933 2827 1987 de
2860 1933 3123 2003 religione
3148 1932 3304 1986 ﬁdem
3336 1948 3575 1987 corneus-

312 2019 496 2083 duxit,
521 2033 580 2074 ut
612 2021 664 2075 in
700 2022 890 2076 eodem
936 2037 995 2077 se
1025 2038 1132 2077 una
1162 2039 1286 2078 cum
1340 2024 1407 2077 iis
1437 2024 1715 2079 curriculo
1747 2040 1903 2080 exer-

317 2124 487 2177 ceret,
525 2115 617 2168 sed
650 2130 714 2170 eo
747 2115 930 2179 etiam,
972 2114 1120 2184 quod
1171 2130 1330 2171 sacro
1356 2116 1676 2171 diaconatus
1711 2118 1903 2172 ordine

318 2205 907 2276 insignitos,magnum
935 2207 1024 2270 iis,
1048 2206 1249 2276 quibus
1274 2222 1333 2262 se
1360 2208 1570 2263 socium
1603 2208 1904 2279 adjungere

315 2295 622 2363 festinaret,
655 2308 1038 2352 ornamentum
1068 2298 1308 2353 afferret.
1346 2298 1583 2354 Medium
1618 2300 1763 2355 enim
1817 2302 1901 2356 liis

316 2404 383 2442 se
412 2404 536 2442 cum
596 2390 934 2454 inservisset,
966 2405 1183 2459 unaque
1229 2405 1354 2444 cum
1418 2390 1485 2445 iis
1535 2391 1678 2456 apud
1726 2392 1903 2446 domi-

317 2494 473 2542 num,
510 2480 599 2533 cui
622 2481 994 2543 ministrabat,
1024 2482 1252 2536 ﬁdenter
1281 2483 1505 2553 egisset,
1533 2484 1637 2553 piis
1660 2484 1898 2553 quietem

323 2584 357 2624 a
393 2573 840 2640 persecutoribus
898 2575 1230 2630 conciliavit.
1264 2576 1546 2647 Siquidem
1592 2588 1717 2647 post
1764 2578 1900 2633 illud

315 2673 534 2732 tempus
561 2672 749 2720 nostra
782 2667 1051 2736 sanguine
1080 2676 1379 2738 martyrum
1406 2668 1697 2725 rubescere
1730 2669 1897 2725 desiit

318 2765 485 2819 terra,
521 2755 679 2827 pulso
722 2756 982 2811 nimirum
1014 2775 1043 2812 e
1074 2775 1239 2828 regno
1290 2758 1523 2827 Licinio,
1569 2760 1891 2816 Constanti-

319 2862 501 2916 noque
548 2847 603 2902 in
646 2847 765 2916 ejus
819 2849 1000 2905 locum
1048 2850 1364 2925 substituto.
1392 2851 1514 2918 Quo
1540 2852 1760 2923 quidem
1798 2853 1900 2907 im-

319 2948 575 3007 peratore
618 2938 864 2994 Romana
908 2955 995 2997 res
1018 2940 1214 2996 ﬂorere
1254 2944 1690 3014 ampliﬁcarique
1711 2946 1900 3015 coepit,

318 3030 527 3099 quique
578 3031 796 3101 primus
886 3046 918 3086 e
980 3032 1197 3101 regibus
1252 3036 1511 3091 omnibus
1569 3035 1899 3105 impietatem

319 3130 630 3185 aversatus,
669 3122 925 3190 pietatem
950 3122 1129 3190 palam
1174 3132 1260 3178 est
1292 3124 1570 3194 libereque
1596 3127 1898 3195 professus.

393 3211 459 3267 V.
493 3212 819 3283 llojusmodi
856 3216 1066 3286 praediti
1099 3217 1318 3271 virtutis
1348 3216 1653 3287 insignibus
1706 3217 1903 3273 Curia:

316 3316 371 3359 et
401 3306 690 3374 Samonas,
739 3323 843 3363 non
880 3308 993 3377 jam
1030 3307 1251 3363 Edessa:
1285 3318 1519 3375 tantum,
1553 3318 1717 3378 atque
1775 3310 1897 3378 ejus

320 3400 519 3454 ﬁnibus
552 3401 750 3469 cogniti
785 3410 961 3465 erant,
1011 3401 1107 3456 sed
1165 3401 1218 3454 in
1269 3411 1484 3456 exteras
1531 3403 1694 3455 etiam
1726 3410 1898 3457 terras

320 3492 484 3560 longe
533 3493 747 3562 lateque
778 3508 838 3548 se
868 3508 1059 3547 eorum
1095 3494 1240 3547 fama
1278 3495 1616 3564 propagabat
1654 3511 1667 3546 :
1710 3504 1899 3547 erant-

320 3600 429 3653 que
453 3584 577 3638 hinc
609 3584 935 3640 Christianis
971 3586 1152 3641 laetitia
1185 3602 1249 3641 ac
1286 3587 1473 3649 decus,
1510 3586 1661 3641 illinc
1697 3584 1899 3642 Graecis

324 3677 543 3731 tristitia
574 3685 626 3731 et
669 3678 825 3733 dolor
883 3679 1197 3745 vehemens,
1232 3694 1298 3733 ac
1342 3680 1609 3749 quidquid
1659 3682 1900 3751 denique

324 3765 449 3818 tnali
490 3780 679 3820 creare
718 3767 857 3820 solet
890 3767 1115 3822 invidia.
1149 3767 1517 3833 Quamobrem
1573 3785 1680 3823 non
1715 3768 1901 3824 ferunt

324 3858 401 3910 illi
474 3857 765 3912 illustrium
821 3859 1050 3928 gloriam
1118 3860 1362 3913 virorum
1430 3876 1526 3929 per
1585 3862 1897 3918 universam

323 3948 537 4019 Syriam
565 3950 843 4003 diﬁ'usam.
882 3951 1249 4005 Diocletianus
1272 3961 1392 4006 erat
1413 3967 1479 4005 eo
1517 3960 1763 4022 tempore
1793 3952 1900 4008 Ro-

325 4056 613 4094 manorum
658 4043 951 4110 imperator
989 4062 1001 4096 :
1037 4042 1284 4110 quicum
1321 4058 1427 4096 non
1466 4044 1602 4098 satis
1647 4060 1897 4115 magnam

324 4148 385 4186 se
426 4133 681 4201 adeptum
725 4150 791 4188 ex
836 4135 1078 4188 subactis
1110 4134 1343 4204 imperio
1391 4135 1609 4189 cunctis
1651 4138 1901 4205 gentibus

328 4225 559 4294 gloriam
584 4226 944 4292 existimaret,
971 4226 1103 4280 illttd
1134 4226 1293 4295 longe
1317 4227 1421 4281 sibi
1456 4227 1775 4297 praeclarius
1807 4230 1898 4283 fu-

326 4327 510 4371 turum
548 4317 778 4386 putavit,
822 4318 869 4372 si
917 4318 1263 4373 Christianos
1295 4334 1485 4373 eorum
1522 4320 1801 4375 voluntate
1831 4320 1900 4375 ad

325 4409 652 4463 sententiam
678 4425 831 4464 suam
865 4411 1217 4478 traduxisset,
1251 4420 1346 4466 aut
1379 4421 1695 4467 recusantes
1721 4412 1903 4467 fundi-

327 4509 413 4556 tus
434 4502 728 4558 delevisset
772 4520 787 4557 :
821 4512 881 4557 ut
910 4504 1141 4559 sublatis
1172 4506 1263 4574 qui
1307 4504 1475 4558 Deum
1513 4506 1898 4576 intelligerent,

2003 2036 2212 2092 serant,
2244 2026 2334 2089 iis,
2359 2025 2524 2081 simul
2565 2034 2617 2078 ut
2659 2040 2753 2079 eos
2782 2025 2846 2080 ad
2880 2025 3302 2080 simulacrorum
3334 2040 3460 2078 aras
3487 2024 3582 2078 ad-

2000 2119 2292 2185 duxerant,
2330 2119 2559 2171 liberam
2590 2119 2732 2173 male
2763 2118 2975 2172 vivendi
3010 2112 3332 2186 potestatem
3356 2117 3580 2186 permit-

2004 2212 2209 2265 tebant.
2235 2210 2357 2276 Quo
2382 2209 2603 2279 quidem
2652 2210 2786 2263 nihil
2822 2210 2929 2279 piis
2984 2218 3198 2279 poterat
3230 2223 3353 2264 esse
3390 2209 3577 2277 perni-

2004 2300 2230 2356 ciosius.
2270 2299 2466 2353 Gravis
2496 2315 2814 2369 oppressam
2850 2310 3159 2354 creaturam
3198 2299 3415 2354 tenebat
3443 2311 3579 2353 tem-

2003 2400 2186 2459 pestas
2212 2434 2227 2457 ,
2275 2406 2398 2461 quae
2453 2392 2657 2445 nullam
2684 2406 2941 2460 .prorsus
2970 2402 3243 2447 secutura:
3278 2391 3579 2460 tranquilli-

2005 2483 2132 2538 tatis
2223 2483 2679 2553 signiﬁcationem
2762 2482 2936 2549 daret,
3005 2483 3279 2537 nullamve
3336 2481 3579 2537 melioris

2001 2584 2176 2630 status
2237 2575 2449 2629 miseris
2501 2574 2761 2645 aﬁulgere
2786 2589 2938 2644 spem
2977 2575 3182 2630 sineret
3213 2589 3278 2629 ex
3320 2574 3425 2639 his,
3454 2590 3578 2645 qua:

2002 2678 2131 2723 SUlll
2154 2678 2475 2722 consecuta.

2080 2755 2317 2811 Vll.Nec
2344 2758 2460 2827 ipsa
2495 2755 2698 2811 Edessa
2731 2756 3105 2810 communium
3142 2757 3408 2825 temporis
3434 2757 3581 2810 illius

2002 2848 2374 2902 calamitatum
2404 2848 2667 2902 immunis
2704 2848 2823 2901 fuit.
2860 2848 3178 2903 Gliscebant
3210 2850 3262 2901 in
3298 2849 3416 2917 pios
3454 2865 3583 2918 quo-

2004 2941 2133 2995 tidie
2163 2955 2421 2994 aerumnas
2452 2948 2543 2994 :et
2582 2939 2881 3008 impietatis
2913 2940 3175 3009 procella,
3210 2956 3334 3009 qua:
3383 2941 3579 2994 civita-

2004 3040 2111 3085 tem
2146 3030 2444 3091 invaserat,
2472 3029 2743 3093 effecerat,
2791 3038 2849 3082 ut
2880 3045 3071 3084 omnes
3092 3029 3203 3098 jam
3231 3034 3297 3083 de
3332 3030 3439 3083 vita
3482 3046 3578 3099 pe-

2005 3124 2154 3176 nitus
2178 3122 2551 3191 desperarent.
2588 3121 2792 3175 Domus
2816 3121 3045 3191 singula:
3073 3137 3203 3176 suos
3241 3131 3580 3176 scrutatmes

2008 3214 2302 3277 habebant,
2339 3220 2447 3267 tam
2480 3213 2676 3282 quaein
2722 3212 2920 3267 illustri
2960 3214 3151 3284 positae
3178 3214 3415 3269 civitatis
3439 3215 3579 3280 loco,

1957 3304 1976 3325 ‘
2006 3320 2314 3374 quamqua:
2351 3304 2495 3371 quod
2532 3305 2586 3357 in
2620 3303 2860 3360 obscuro
2890 3320 3013 3360 esse
3048 3306 3379 3373 viderentur,
3399 3315 3578 3361 tutum

2001 3406 2158 3450 antea
2189 3397 2359 3450 latere
2386 3396 2691 3452 volentibus
2737 3395 3043 3468 perfugium
3093 3407 3353 3467 praestare
3402 3398 3577 3453 solita:

2001 3497 2177 3541 erant.
2214 3485 2404 3557 Neque
2452 3487 2555 3557 ipsi
2600 3490 2762 3542 etiam
2813 3490 2928 3559 agri
2954 3489 3117 3558 hujus
3149 3498 3307 3543 erant
3369 3499 3581 3555 tempe-

2001 3580 2158 3634 statis
2187 3587 2438 3649 expertes
2463 3596 2476 3632 :
2498 3579 2766 3649 siquidem
2802 3580 2972 3634 nihilo
3000 3580 3361 3635 tolerabilior
3394 3580 3446 3633 in
3473 3580 3579 3645 his,

2000 3686 2164 3740 quam
2199 3670 2251 3723 in
2287 3671 2520 3740 oppidis,
2563 3672 2909 3726 miseriarum
2938 3680 3057 3727 erat
3086 3671 3395 3743 fluctuatio,
3425 3670 3581 3723 simi-

2003 3766 2278 3834 libusque,
2326 3765 2415 3818 hic
2469 3773 2634 3843 atque
2698 3765 2828 3828 illic,
2867 3764 3126 3834 periculis
3184 3765 3360 3835 pietas
3415 3761 3579 3816 veluti

2006 3866 2327 3925 tempestate
2368 3857 2603 3927 quodam
2641 3856 2971 3927 jactabatur.

2077 3947 2207 4017 VIII.
2228 3949 2308 4002 Eo
2342 3932 2583 4019 tempore
2615 3950 2715 4019 ipsi
2743 3966 2963 4019 quoque
2996 3949 3193 4005 Gurtas
3209 3956 3263 4002 et
3286 3947 3579 4011 Samonas,

2004 4038 2089 4092 hic
2108 4038 2461 4103 fortitudinis,
2492 4039 2581 4093 ille
2600 4040 2948 4093 continentia:
2970 4039 3128 4093 laude
3152 4038 3401 4108 insignis,
3425 4051 3579 4089 eom-

2002 4130 2255 4200 prehensi
2284 4138 2432 4193 sunt,
2454 4146 2672 4199 unaque
2695 4131 2906 4198 cumjis
2929 4129 3579 4199 ingensChristianorum

2004 4222 2297 4276 multitudo
2323 4222 2534 4275 carceri
2572 4221 2811 4283 addicta,
2845 4237 2967 4274 cum
3000 4236 3107 4274 non
3135 4230 3279 4273 esset
3313 4219 3407 4288 qui
3437 4218 3583 4271 redi-

2003 4324 2194 4375 meret,
2227 4328 2401 4383 neque
2432 4312 2525 4381 qui
2583 4313 2795 4367 salvum
2838 4312 3064 4367 faceret.
3098 4313 3173 4365 Ac
3228 4311 3411 4365 caeteri
3457 4312 3586 4379 qui-

2002 4408 2121 4461 dem
2153 4407 2355 4475 quibus
2403 4416 2497 4458 aut
2550 4404 2788 4459 nominis
2826 4405 3156 4467 obscuritas,
3185 4412 3279 4456 aut
3312 4403 3437 4456 lidei
3490 4417 3584 4455 ne—

2004 4499 2257 4569 gligentia
2279 4513 2447 4552 causa
2470 4506 2591 4550 erat
2652 4506 2710 4549 ut
2739 4504 3245 4559 contemnerentur,
3280 4493 3397 4547 sine
3428 4508 3585 4547 mora

324 4591 558 4647 sublatis
587 4592 772 4659 etiam,
816 4592 911 4662 qui
965 4592 1248 4646 incruento
1289 4593 1560 4648 sacriﬁcio
1604 4595 1903 4649 bonitatem
1939 4606 1982 4661 ι)
2011 4606 2042 4644 e
2076 4590 2321 4644 custodia
2345 4588 2738 4652 edocebantur,
2767 4588 2965 4657 quippe
2994 4601 3117 4639 cum
3145 4585 3281 4637 nihil
3314 4584 3584 4637 adversus

326 4682 591 4749 facerent,
617 4684 850 4739 liberum
887 4685 1232 4740 daemonibus
1262 4685 1374 4739 suis
1400 4686 1730 4741 sacriﬁcium
1774 4703 1903 4757 pos-

325 4788 408 4831 set
454 4776 656 4831 offerri.
708 4776 847 4832 llinc
898 4793 964 4832 ex
1002 4777 1167 4847 regiis
1218 4777 1431 4837 litteris.
1468 4793 1592 4846 qua:
1652 4794 1902 4849 quoquo-

330 4884 550 4922 versum
622 4885 715 4938 per
794 4870 1110 4924 universam
1198 4870 1570 4923 lioinanorum
1642 4870 1903 4925 ditionem

330 4960 686 5013 mittebantur
723 4996 739 5022 ,
789 4968 846 5013 et
909 4960 1011 5029 piis
1096 4959 1364 5028 pernicies
1455 4959 1747 5028 parabatur
1780 4998 1795 5025 ,
1853 4970 1908 5015 et

330 5051 629 5120 ignominia
680 5069 694 5104 :
735 5060 1036 5122 contraque
1092 5053 1299 5121 impiis,
1337 5052 1430 5121 qui
1479 5061 1627 5104 muta
1681 5061 1736 5105 et
1789 5067 1905 5106 ma-

333 5143 551 5197 nufaeta
586 5144 883 5199 simulacra
936 5154 1351 5210 venerarentur,
1424 5146 1601 5199 honor
1651 5154 1703 5199 et
1757 5146 1908 5201 salus

333 5237 726 5307 spondebatur.

402 5327 494 5383 Vl.
529 5328 610 5382 Ad
646 5330 759 5383 haec
785 5329 1030 5400 judicqu
1066 5329 1419 5400 injustorum.
1454 5337 1508 5385 et
1556 5329 1757 5385 caedem
1798 5330 1909 5398 spi-

332 5422 705 5476 rantiuntalize
723 5433 847 5494 post
866 5423 1002 5477 alias
1028 5425 1279 5493 procella:
1310 5440 1323 5475 :
1355 5424 1554 5493 quibus
1576 5422 1706 5476 illud
1738 5437 1907 5475 unum

331 5522 451 5566 ciat
487 5514 844 5582 propositum,
879 5516 1344 5586 quemadmodum
1381 5515 1634 5569 omnibus
1668 5515 1721 5569 iu
1746 5516 1911 5569 rebus

336 5606 401 5659 iis
433 5620 639 5659 morem
679 5616 947 5676 gererent,
976 5609 1069 5677 qui
1101 5624 1159 5661 se
1203 5607 1501 5662 misissent.
1542 5606 1720 5661 Parati
1754 5615 1912 5659 erant

336 5713 615 5766 praecones
635 5738 651 5765 ,
703 5710 887 5770 aperta
910 5701 1186 5767 subsellia,
1214 5700 1450 5755 editiora
1482 5700 1911 5755 exstruebantur

340 5796 660 5863 tribunalia,
696 5799 844 5851 omni
898 5798 1328 5868 circumquaque
1389 5807 1785 5853 tormentorum
1818 5811 1911 5865 ge-

341 5906 471 5946 nere
502 5890 717 5947 vallata.
745 5890 1095 5947 luterdietum
1141 5900 1257 5947 erat
1285 5890 1634 5956 Christianis,
1670 5904 1736 5945 ne
1799 5898 1908 5943 tam

2011 4698 2069 4738 se
2091 4683 2475 4753 impugnantes
2504 4696 2613 4750 pra:
2635 4695 2693 4734 se
2725 4679 2952 4744 ferrent,
2982 4677 3125 4747 quod
3155 4687 3297 4731 eSset
3325 4678 3391 4729 ad
3415 4693 3589 4746 expu-

2012 4778 2286 4844 gnandum
2312 4770 2713 4825 difﬁcillimum.
2739 4770 2937 4824 Verum
2964 4767 3145 4822 Curia‘.
3163 4779 3211 4821 et
3230 4764 3481 4820 Satnoua:
3509 4766 3591 4817 in-

2014 4882 2168 4935 gens,
2206 4882 2327 4934 quae
2348 4880 2442 4919 eos
2470 4862 2860 4926 comitabatur,
2901 4861 3090 4917 solida:
3138 4860 3359 4930 pietatis
3394 4859 3589 4928 gloria,

2014 4972 2176 5011 causa
2214 4956 2335 5021 fuit,
2360 4956 2643 5011 utdiutius
2682 4955 2734 5009 in
2766 4954 3017 5009 custodia
3038 4960 3478 5007 asservarentur.
3511 4948 3589 5001 Ex

2014 5063 2124 5116 quo
2158 5050 2375 5117 quidem
2440 5049 2690 5103 videntur
2751 5046 2885 5100 mihi
2953 5047 3151 5099 merito
3211 5042 3589 5097 confessorem

2017 5143 2181 5196 etiam
2226 5151 2651 5210 cognomentum
2683 5141 2862 5210 adepti
2891 5156 2904 5192 :
2936 5138 3082 5209 quod
3118 5138 3324 5205 praemii
3356 5136 3480 5187 loco
3524 5134 3591 5185 iis

2016 5236 2215 5289 deferri
2256 5236 2477 5288 solitum
2523 5244 2627 5299 est,
2670 5233 2763 5302 qui
2822 5232 3029 5287 Christi
3072 5246 3238 5285 causa
3285 5228 3384 5281 hoc
3429 5224 3592 5278 modo

2018 5329 2157 5381 cilia
2196 5342 2381 5381 necem
2413 5325 2555 5380 male
2590 5323 2758 5380 habiti
2792 5333 2939 5379 sunt.
2966 5320 3246 5391 Siquidem
3280 5318 3333 5371 in
3361 5332 3422 5370 ea
3456 5324 3589 5368 taut-

2020 5423 2111 5475 tliu
2139 5421 2389 5475 feruntur
2427 5419 2818 5489 permansisse,
2850 5416 3030 5486 quoad
3053 5415 3160 5467 vita
3189 5412 3376 5467 functo
3409 5410 3591 5480 priore

2019 5516 2283 5585 principe,
2320 5515 2458 5568 alter
2484 5513 2535 5565 in
2564 5511 2682 5581 ejus
2706 5510 2884 5565 locmn
2919 5509 3211 5564 successit.

2093 5606 2182 5660 IX.
2207 5605 2555 5661 Verumenim
2581 5603 2861 5658 alliictatio
2912 5603 2999 5657 hic
3028 5597 3416 5655 oblectamenti
3476 5597 3592 5650 loco

2021 5710 2157 5765 erat,
2188 5710 2239 5754 et
2267 5696 2738 5753 incommodorum
2768 5694 3055 5765 perpessio
3081 5690 3482 5762 philosophiam
3537 5688 3589 5742 in

2021 5810 2208 5851 eorum
2226 5791 2425 5847 animis
2442 5790 2694 5859 angebat,
2719 5803 2841 5857 qua:
2861 5788 3080 5857 quidem
3102 5786 3439 5858 graviorum,
3473 5798 3591 5852 (μειυ

2023 5902 2149 5943 mox
2190 5900 2292 5955 pro
2346 5880 2568 5937 Christo
2610 5888 2795 5936 essent
2849 5880 3154 5952 excepturi,
3195 5884 3589 5934 tormentorum
