4010 6586
463 421 562 485 791

1278 420 1606 482 ΑΠΕΤΗΑΞ
1644 421 2024 485 CzESAREAt‘.
2056 416 2539 480 CAPPADOCUE
2577 415 2919 480 EPISCOPI

3607 416 3722 484 ’192

462 533 738 604 quoddam
791 542 907 588 erat
932 531 1075 587 velut
1099 531 1455 603 prteludium:
1514 532 1649 604 qttin
1707 532 1845 588 alios
1876 531 2039 585 etiam
2070 568 2115 626 Α
2144 529 2289 583 viam
2345 528 2412 583 ad
2453 528 2528 593 id,
2561 530 2706 600 quod
2751 530 2858 585 sibi
2911 537 3290 600 proposuerat,
3342 530 3557 587 occulte
3595 547 3721 587 mu-

462 625 713 695 cxemplo
730 639 832 679 suo
858 624 1190 688 excitabant,
1223 625 1428 695 quippe
1456 640 1580 680 cum
1607 626 1863 679 docerent
1893 638 2036 685 cam,

462 732 627 784 quam
659 715 783 785 quis
831 731 959 769 vere
1004 715 1374 784 profiteretur,
1413 718 1594 781 fidem,
1630 730 1805 787 neque
1872 714 2037 768 rebus

462 809 695 877 asperis,
727 824 850 879 qua:
888 809 1093 863 Christi
1124 825 1287 865 causa
1320 810 1555 864 maxime
1612 810 2034 872 intentarentnr,

464 900 663 973 frangi,
698 918 875 973 neque
908 905 1177 957 malorum
1200 904 1548 973 perpessione
1580 902 1684 955 ulla
1721 900 1989 955 debilitari
2021 917 2035 954 :

463 1009 640 1063 tneque
669 995 814 1049 enim
851 998 1251 1067 permissurum
1296 997 1512 1066 justum
1544 998 1905 1051 certaminum
1948 1011 2037 1049 ar-

462 1084 667 1139 bitrum
697 1103 759 1141 ac
792 1089 1216 1153 moderatorem,
1245 1098 1300 1141 ut
1331 1104 1392 1141 ea
1416 1096 1510 1141 aut
1530 1102 1746 1156 semper
1775 1086 2038 1140 durarent

462 1186 560 1229 aut
601 1178 806 1246 majora
832 1190 1036 1243 essent,
1067 1194 1230 1248 quam
1265 1188 1324 1233 ut
1367 1178 1433 1233 iis
1470 1177 1709 1232 ferendis
1737 1178 1861 1247 quis
1916 1192 2038 1232 esse

463 1284 561 1337 par
591 1278 779 1339 possiet
809 1288 822 1323 :
862 1272 1163 1340 praesertim
1198 1272 1242 1326 si
1268 1271 1437 1325 Paulo
1469 1270 1718 1325 habenda
1778 1272 1848 1325 sit
1876 1271 2033 1333 fides,

461 1361 555 1429 qui
582 1362 695 1429 ipse
723 1377 904 1416 rerum
933 1379 1260 1419 arcanarum
1288 1375 1341 1419 et
1370 1365 1647 1434 inspector
1671 1364 1793 1427 fttit,
1818 1372 1872 1418 et
1902 1378 2037 1433 pra:-

460 1451 698 1506 dicator.
760 1452 825 1507 Et
861 1452 905 1507 si
930 1453 1085 1509 labor
1118 1464 1205 1509 est
1238 1456 1466 1521 multus,
1493 1464 1547 1509 at
1571 1456 1813 1510 nondum
1854 1466 2035 1510 tamen

458 1550 543 1595 est
569 1551 775 1608 tantus,
815 1544 928 1597 imo
960 1544 1284 1615 longissime
1318 1547 1605 1601 intervallo
1637 1548 1837 1611 minor,
1870 1561 2036 1615 quam

460 1642 520 1687 ut
547 1648 673 1688 cum
709 1650 795 1701 ee,
831 1637 925 1707 qui
965 1638 1016 1691 in
1056 1653 1157 1693 nos
1182 1650 1368 1708 postea
1404 1640 1723 1695 revelandns
1754 1649 1835 1693 est
1858 1640 2039 1709 splen-

459 1725 582 1789 dor,
614 1725 723 1779 ulla
759 1741 824 1781 ex
860 1738 1015 1797 parte
1050 1729 1247 1783 merito
1278 1739 1444 1798 queat
1472 1732 1806 1800 comparari.
1856 1730 2036 1800 Atque

462 1812 579 1871 hiec
600 1818 817 1887 quidem
844 1819 953 1875 illis
988 1820 1093 1875 hoc
1124 1822 1304 1877 mede.
1347 1820 1835 1876 Verumcnimvero
1890 1836 2034 1891 quo-

464 1912 611 1964 niam
646 1913 953 1981 oportebat,
985 1924 1043 1968 ut
1080 1915 1492 1984 perfectioribus
1528 1916 1701 1969 multo
1761 1915 2037 1971 laboribus
2072 1941 2113 1997 Β

461 2020 521 2057 se
551 2003 768 2068 darent,
796 2014 851 2059 et
886 2004 953 2059 ad
994 2007 1389 2061 nobilitandam
1415 2008 1711 2062 etiamnum
1743 2008 1917 2078 magis
1960 2008 2040 2078 ip-

459 2112 646 2149 serum
680 2096 933 2167 gloriam,
968 2113 1026 2152 re
1058 2097 1174 2167 ipsa
1199 2100 1499 2169 superioris
1527 2115 1642 2155 sua:
1685 2100 2036 2155 exercitatio-

460 2185 546 2239 nis
596 2185 947 2256 perspicuum
1007 2188 1265 2242 omnibus
1327 2188 1553 2244 ederent
1597 2191 2037 2245 documentum;

460 2260 878 2335 furebabrabic
919 2281 1190 2348 incitatus
1237 2281 1529 2337 adversum
1567 2283 1910 2340 Christianos
1958 2285 2038 2351 is,

459 2372 553 2441 qui
577 2371 741 2441 paulo
758 2380 882 2426 ante
904 2373 1107 2427 missus
1126 2373 1417 2442 provincia:
1449 2374 1694 2445 regenda:
1708 2374 1881 2431 fuerat
1900 2392 2039 2447 pra:-

460 2476 572 2517 ses.
615 2460 796 2517 Porro
824 2462 1006 2517 rabies
1034 2463 1125 2517 illa
1156 2464 1207 2517 id
1246 2479 1412 2517 unum
1440 2465 1737 2533 spectabat,
1766 2468 2038 2536 quemad-

462 2556 685 2610 modum
714 2557 788 2623 ei,
812 2572 843 2611 a
869 2572 982 2627 quo
1030 2559 1237 2614 missus
1268 2558 1467 2625 fuerat,
1494 2561 1753 2617 omnibus
1785 2562 1838 2616 in
1877 2562 2040 2618 rebus

460 2646 877 2716 gratificaretur.
946 2647 1131 2719 Itaque
1230 2651 1363 2704 nihil
1454 2665 1681 2720 prorsus
1756 2654 2042 2709 omittebat

459 2754 671 2803 eorum,
724 2755 845 2809 (ιιιιε
888 2755 984 2795 eos
1046 2750 1308 2813 priestare
1364 2758 1463 2813 par
1506 2752 1635 2808 est,
1687 2745 1778 2814 qui
1834 2744 2041 2800 furoris

459 2830 545 2884 sui
585 2831 752 2888 sociis
810 2833 1066 2889 omnibus
1127 2833 1180 2887 in
1223 2836 1383 2888 rebus
1432 2835 1757 2892 inserviunt.
1810 2838 1891 2893 Ad
1938 2840 2039 2893 tri-

457 2923 624 2978 bunal
691 2926 829 2995 rapti
887 2922 1009 2980 alia:
1065 2927 1265 2981 indolis
1310 2928 1410 2981 viri
1468 2928 1762 2996 sistuntur,
1820 2932 2040 3001 pietatis

454 3030 569 3069 sua:
622 3031 815 3086 ptenas
869 3020 1070 3074 daturi.
1136 3022 1407 3074 Caeterum
1457 3038 1578 3090 qua:
1644 3038 1838 3091 magna
1912 3039 2036 3079 eum

455 3108 766 3163 animorum
795 3110 1055 3177 elatione,
1081 3128 1392 3183 magnoque
1438 3130 1562 3168 cum
1596 3116 1815 3184 spiritu,
1847 3118 2040 3171 adver-

454 3212 551 3254 sus
592 3199 736 3255 hunc
762 3202 904 3256 dicta
938 3217 1066 3257 tunc
1105 3202 1326 3257 fortiter
1352 3221 1381 3259 a
1419 3206 1754 3277 martyribus
1782 3219 1928 3271 sunt,
1970 3224 2035 3262 ex

2145 620 2304 674 niret.
2344 620 2489 687 Quin
2521 631 2576 676 et
2614 634 2944 692 nugamenta
2981 621 3243 678 adversus
3272 621 3397 679 illos
3426 624 3720 678 verborum

2139 716 2387 784 quaedam
2445 714 2722 782 contexit,
2780 714 2861 770 sic
2904 714 3301 785 propemodum
3350 723 3530 771 astute
3572 715 3725 785 ipsos

2140 804 2478 874 aggrediens.

2211 894 2303 949 XI.
2357 896 2565 963 Nolite,
2609 897 2824 969 inquit,
2859 906 3051 969 putare
3081 912 3211 962 vos,
3248 912 3334 952 me
3378 897 3564 952 animo
3596 912 3721 953 esse

2140 990 2423 1058 prteduro,
2456 990 2859 1061 ejusmodique,
2894 991 2987 1061 qui
3018 990 3341 1045 crudelitate
3371 1001 3426 1046 et
3476 990 3721 1045 humano

2139 1083 2405 1152 sanguine
2452 1082 2770 1139 delectetur.
2826 1082 3088 1139 Naturam
3132 1098 3388 1139 revereer
3429 1101 3445 1139 :
3497 1084 3720 1138 miseret

2140 1187 2227 1227 me
2260 1174 2625 1244 cognationis,
2653 1190 2778 1245 quae
2800 1173 2933 1228 mihi
2965 1184 3049 1230 est
3071 1174 3353 1229 vobiscum
3393 1193 3408 1229 :
3437 1183 3489 1230 et
3517 1189 3717 1245 quam-

2140 1265 2223 1319 vis
2257 1266 2592 1321 contrariam
2620 1266 2780 1322 nobis
2814 1266 3098 1337 religionis
3126 1269 3270 1321 viain
3303 1266 3423 1323 sitis
3463 1266 3715 1338 ingressi,

2140 1358 2302 1428 idque
2343 1357 2576 1415 fortasse
2612 1360 2857 1415 veritatis
2885 1359 3103 1415 inscitia
3132 1359 3303 1427 ducti,
3335 1374 3399 1413 ac
3429 1367 3717 1429 propterea

2140 1448 2195 1503 in
2248 1450 2492 1506 animum
2551 1451 2709 1507 vobis
2757 1451 3083 1515 induxistis,
3138 1461 3198 1507 ut
3254 1462 3499 1507 extrema
3534 1452 3719 1507 omnia

2140 1540 2283 1597 ferre
2316 1542 2503 1597 libenti
2528 1544 2714 1598 animo
2732 1544 2996 1615 supplicia
3026 1544 3147 1599 sitis
3172 1544 3347 1613 parati
3385 1562 3399 1598 :
3438 1543 3720 1598 nihilomi-

2140 1647 2245 1687 nus
2275 1647 2376 1703 ego
2403 1633 2622 1703 quidem
2654 1636 2719 1688 de
2746 1633 2849 1689 hoc
2884 1634 3039 1689 vobis
3070 1635 3319 1704 ignosce,
3350 1633 3512 1705 idque
3538 1634 3723 1688 censi-

2141 1721 2198 1776 lii
2227 1723 2391 1777 vestri
2426 1724 2787 1779 imbecillitati
2830 1725 3013 1780 tribuo
3056 1744 3071 1779 :
3112 1726 3385 1796 siquidem
3424 1726 3540 1781 scio
3570 1741 3721 1780 mer-

2141 1814 2333 1869 talium
2376 1815 2558 1871 adhuc
2609 1816 2883 1871 neminem
2910 1817 3227 1884 exstitisse,
3264 1817 3359 1887 qui
3400 1816 3619 1887 quidem
3663 1817 3718 1871 in

2142 1910 2374 1965 consilio
2427 1910 2529 1965 sibi
2588 1910 2858 1980 capiendo
2910 1924 3184 1980 nusquam
3235 1910 3466 1973 errarit,
3516 1909 3721 1978 quique

2142 2018 2268 2058 cum
2302 2004 2357 2057 in
2392 2002 2514 2059 aliis
2547 2003 2757 2073 optime
2787 2004 3046 2067 senserit,
3083 2004 3135 2057 in
3170 2004 3258 2069 iis,
3291 2018 3412 2073 qua!
3447 2002 3721 2072 praecipua

2144 2092 2247 2163 ipsi
2303 2103 2494 2159 erant,
2547 2110 2653 2148 non
2712 2094 3008 2164 aliquando
3060 2094 3377 2159 offenderit,
3433 2106 3597 2167 atque
3642 2096 3720 2151 ibi

2143 2184 2401 2246 maxime,
2435 2184 2524 2237 ubi
2560 2184 2794 2239 maxime
2823 2200 2881 2239 se
2909 2196 3170 2255 praestare
3212 2186 3531 2241 confideret.
3565 2185 3722 2253 Qut.-

2144 2276 2314 2343 circa,
2345 2276 2470 2331 licet
2501 2276 2920 2332 innumerabilia
2955 2287 3183 2348 urgeant
3212 2294 3300 2332 me
3334 2294 3517 2350 regum
3545 2279 3720 2348 iussa,

2141 2365 2501 2421 nihilominus
2530 2376 2712 2421 tamen
2758 2369 2968 2433 malim,
3005 2371 3185 2440 quoad
3220 2370 3333 2425 fieri
3367 2370 3561 2441 possit,
3597 2386 3718 2425 cum

2142 2458 2434 2515 manifeste
2466 2460 2779 2530 periculosa
2809 2476 2898 2518 res
2932 2463 3026 2529 sit,
3058 2463 3280 2533 quidvis
3320 2464 3573 2534 supplicii
3607 2464 3722 2533 ipse

2142 2551 2326 2607 subire
2353 2552 2555 2622 potius,
2588 2568 2752 2622 quam
2778 2569 3033 2625 asperum
3072 2556 3126 2609 in
3160 2570 3258 2611 vos
3282 2555 3580 2628 quidquam
3609 2556 3725 2613 ellio

2142 2658 2288 2710 cere,
2326 2659 2499 2715 usque
2549 2646 2680 2700 dum
2732 2644 2969 2703 fortasse
3002 2647 3205 2702 duritia
3236 2658 3415 2703 vestra
3462 2664 3582 2703 mea
3624 2665 3720 2719 pa-

2144 2736 2334 2791 tientia
2380 2738 2627 2804 devicta,
2668 2738 2973 2797 lenioribus
3018 2756 3117 2797 ves
3150 2742 3331 2797 verbis
3366 2742 3435 2797 ab
3468 2742 3721 2797 obstina-

2144 2828 2291 2883 tione
2320 2830 2422 2886 ista
2447 2830 2735 2898 deductos,
2763 2831 2817 2886 in
2848 2844 3026 2888 meam
3058 2834 3385 2889 sententiam
3418 2834 3719 2899 adduxere,

2142 2921 2230 2977 cui
2264 2922 2517 2978 ferociter
2556 2940 2702 2980 nunc
2728 2927 3061 2997 repugnatis.

2214 3014 2331 3069 XII.
2371 3016 2542 3082 Quem
2573 3017 2718 3071 enim
2753 3033 2908 3073 sacra
2946 3029 3125 3074 vestra
3176 3036 3284 3075 non
3320 3030 3537 3077 moveat
3570 3021 3719 3083 cani,-

2145 3107 2266 3173 ties,
2302 3107 2492 3173 Guria,
2526 3124 2647 3179 quae
2683 3110 2736 3164 in
2774 3110 2929 3166 vobis
2967 3111 3210 3182 undique
3241 3124 3487 3183 apparet,
3524 3130 3717 3184 quam-

2142 3214 2249 3269 que
2300 3201 2639 3256 continentia
2687 3204 3044 3272 conspicuam
3104 3204 3269 3269 facit,
3310 3221 3435 3261 cum
3470 3207 3522 3261 in
3575 3207 3715 3270 ista.

454 3288 656 3358 quibus
689 3299 742 3344 ct
774 3293 1057 3360 prmsentis
1081 3294 1313 3349 fortuna:
1344 3295 1709 3349 inconstantia
1754 3296 2031 3350 deridere-
2063 3285 2105 3343 C
2140 3307 2261 3361 qua:
2289 3293 2441 3347 vobis
2470 3303 2714 3348 extrema
2760 3295 2970 3365 reliqua
3000 3306 3102 3360 est,
3138 3298 3259 3351 vitae
3293 3306 3445 3365 parte
3483 3313 3605 3353 eam
3634 3299 3720 3370 ja-

452 3390 563 3450 tur,
595 3393 648 3436 ct
670 3400 883 3451 eorum,
914 3402 1037 3455 qtta’
1074 3386 1126 3440 in
1167 3396 1444 3457 posterum
1466 3398 1651 3457 parata
1676 3399 1825 3450 sunt,
1859 3389 2033 3442 bene-

453 3488 576 3529 rum
630 3475 802 3545 gloria
838 3479 1127 3547 magnifice
1166 3480 1563 3549 pra-dicaretur
1619 3480 1859 3549 (tametsi
1893 3496 2038 3535 mar-

452 3566 755 3636 garitarum
785 3570 1045 3626 nobilitas
1074 3582 1197 3627 ante
1217 3573 1362 3627 suilli
1385 3573 1601 3643 generis
1636 3574 1882 3628 homines
1905 3588 2035 3643 pro-

448 3660 793 3735 jiciebatur),
837 3673 933 3719 aut
962 3666 1425 3735 quemadmodum
1460 3666 1573 3736 ipse
1605 3667 1767 3721 etiam
1835 3665 2030 3733 Judex,

453 3755 581 3808 dum
609 3770 704 3811 eos
726 3766 919 3825 tentat,
949 3758 1041 3828 qui
1061 3759 1453 3813 tentationibus
1484 3760 1623 3814 vinci
1645 3775 1752 3813 neu
1782 3769 2031 3829 possunt,

453 3845 712 3899 invictam
749 3861 940 3901 eorum
993 3850 1161 3903 animi
1197 3851 1561 3904 constantiam
1590 3860 1771 3905 astute
1802 3852 2034 3905 subver-

448 3945 565 3993 tere
594 3939 919 4006 conabatur,
955 3939 1179 4011 longum
1211 3942 1401 4013 utique
1427 3950 1574 3997 esset
1604 3944 1857 4013 persequi
1906 3958 2033 3999 ora-

449 4030 638 4086 tione:
671 4032 1031 4088 nihilominus
1074 4044 1279 4095 tamen.
1316 4043 1373 4089 ut
1413 4046 1674 4105 quantum
1720 4036 1787 4091 ad
1840 4036 2033 4091 intelli-

449 4121 688 4195 gendum
732 4123 805 4179 sit
839 4125 997 4192 satis,
1029 4126 1221 4196 quales
1257 4126 1330 4180 illi
1364 4126 1587 4187 fuerint,
1621 4126 1936 4194 doceamus,
1962 4143 2031 4183 ne

446 4217 677 4288 egregia:
694 4226 994 4288 martyrum
1019 4221 1286 4290 palaestra:
1309 4236 1534 4290 prorsus
1556 4221 1729 4276 simus
1757 4232 2028 4292 expertes,

445 4323 582 4364 neve
611 4308 731 4378 ejus
792 4312 894 4377 rei,
937 4327 1101 4381 quam
1148 4328 1213 4366 ex
1286 4314 1545 4367 omnibus
1602 4314 2028 4382 pulcherrimam

443 4404 808 4474 speravimus,
837 4405 1107 4475 jacturam
1135 4407 1418 4471 faciamus,
1447 4409 1582 4463 tales
1613 4418 1790 4473 erant,
1825 4417 1919 4462 aut
1946 4408 2030 4462 bis

444 4497 805 4552 similitudine
835 4515 1000 4565 quam
1030 4501 1283 4568 proximi.

516 4588 582 4641 Χ.
618 4588 819 4643 Blande
852 4590 1046 4660 agebat
1083 4607 1206 4645 cum
1236 4592 1369 4646 viris
1402 4592 1607 4647 sanctis
1640 4592 1707 4654 is,
1745 4593 1833 4646 cui
1872 4590 2023 4662 judi-

443 4680 599 4733 randi
650 4688 891 4749 potestas
939 4683 1248 4751 obtigerat,
1302 4699 1533 4753 seseque
1583 4684 1779 4747 modo,
1827 4696 1883 4738 ut
1927 4685 2020 4755 qui

442 4785 643 4825 nocere
669 4772 748 4827 eis
785 4774 969 4841 nollet,
1015 4776 1081 4829 ad
1119 4775 1397 4830 lenitatem
1442 4777 1607 4831 dabat
1648 4796 1659 4831 :
1696 4779 1856 4830 modo
1889 4795 2022 4848 sup-

442 4863 606 4933 plicia
639 4862 945 4929 differebat,
980 4884 1047 4921 ne
1080 4868 1248 4922 animi
1280 4868 1485 4923 saevitia
1520 4884 1583 4923 ea
1617 4868 1682 4924 iis
1713 4870 2022 4926 accelerare

441 4954 751 5023 videretur,
802 4959 895 5027 qui
945 4960 1011 5013 ad
1066 4963 1274 5030 quaevis
1316 4960 1666 5030 perpetienda
1710 4961 1810 5031 ipsi
1864 4972 2020 5018 erant

438 5050 808 5121 paratissimi,
872 5054 1128 5123 nullaque
1175 5070 1232 5107 re
1291 5053 1480 5124 magis}
1525 5070 1687 5123 quam
1767 5056 2018 5126 suppiicii

439 5158 594 5195 mora
648 5142 1063 5198 offendebanlur
1118 5162 1132 5197 :
1182 5160 1371 5198 verum
1415 5146 1708 5214 apparebat
1760 5146 1900 5202 facta
1939 5148 2020 5202 di-

437 5235 540 5287 ctis
571 5249 692 5290 esse
738 5237 1047 5301 contraria,
1088 5236 1289 5306 quippe
1328 5252 1452 5291 cum
1504 5253 1611 5291 non
1660 5240 2018 5298 humanitatis

436 5342 499 5381 ea
540 5337 747 5393 essent,
798 5345 920 5398 quae
963 5330 1033 5383 ab
1084 5346 1149 5383 eo
1198 5333 1407 5394 fierent,
1460 5331 1551 5386 sed
1602 5333 1959 5389 immanitatis
1999 5353 2013 5389 :

436 5418 607 5471 animi
662 5434 769 5472 non
827 5419 1088 5484 benefici,
1144 5421 1237 5475 sed
1290 5420 1521 5475 malefici
1574 5441 1585 5475 :
1630 5423 1897 5492 siquidem
1949 5440 2016 5477 ex

435 5527 604 5567 mora:
654 5512 971 5581 huiusmodi
1033 5514 1449 5584 interpositione
1502 5516 1828 5586 apparebat,
1888 5532 2015 5572 eum

436 5618 625 5656 eorum
683 5604 852 5660 animi
910 5606 1215 5661 firmitatem
1281 5608 1557 5678 roburque
1614 5610 1817 5665 sensim
1879 5610 2017 5665 velle

436 5696 769 5753 labefactare
791 5740 803 5762 ,
845 5708 900 5753 et
931 5699 1178 5755 ardorem
1211 5702 1581 5772 restinguere,
1616 5719 1725 5772 quo
1764 5703 2017 5757 videlicet

438 5798 727 5865 postquam
762 5810 827 5847 ex
864 5794 1173 5863 bttjUstnodi
1200 5796 1649 5866 ampliatienibns
1682 5811 1872 5852 recens
1903 5796 2015 5851 ala-

435 5885 605 5942 ctitas
654 5885 744 5942 illa
782 5887 945 5945 veluti
980 5889 1343 5949 dcferbuissct
1364 5929 1379 5959 ,
1414 5889 1807 5963 consepilaque
1837 5900 2011 5960 esset,

2139 3386 2273 3440 ctari
2316 3386 2759 3441 animadvertat?
2786 3388 2919 3453 Quis
2957 3403 3120 3459 porro
3154 3405 3259 3444 non
3299 3390 3549 3446 Samonae
3584 3393 3717 3449 inte-

2139 3494 2264 3549 gras
2311 3479 2479 3533 animi
2533 3490 2587 3533 et
2643 3481 2889 3549 corporis
2940 3481 3085 3537 vires
3134 3497 3349 3537 summe
3391 3482 3716 3548 admiretur,

2139 3583 2509 3641 perpetuoque
2570 3572 2814 3627 laborum
2876 3573 2980 3628 sibi
3041 3590 3165 3630 eum
3217 3575 3416 3631 habere
3470 3579 3716 3633 omnium

2139 3667 2349 3719 socium
2397 3666 2711 3720 desideret?
2744 3665 2971 3720 Valeant
3002 3665 3288 3736 jndiriaria
3320 3668 3603 3733 subsellia,
3635 3670 3718 3724 di-

2136 3757 2302 3817 vitize,
2338 3757 2575 3811 honores
2611 3776 2623 3811 :
2675 3760 2926 3828 quamvis
2959 3760 3104 3812 enim
3145 3760 3258 3813 lucc
3291 3759 3564 3815 illecebris
3599 3764 3714 3816 suis

2138 3848 2335 3902 blande
2382 3850 2446 3901 ad
2503 3864 2560 3902 sc
2610 3850 2825 3901 animos
2872 3850 3118 3903 omnintn
3174 3850 3447 3914 alliciant,
3500 3866 3714 3920 perma-

2137 3957 2414 4011 gnumqtte
2453 3942 2518 3994 ad
2554 3942 2690 3994 bene
2731 3941 2996 4011 beateque
3030 3942 3318 3996 vivendum
3358 3942 3560 3996 habere
3598 3958 3714 3996 mo-

2136 4043 2381 4087 mentum
2415 4032 2719 4098 videantur,
2754 4033 3109 4088 nihilominus
3135 4042 3334 4094 tamen.
3371 4035 3592 4105 quando
3618 4051 3709 4091 vos

2135 4127 2237 4182 ista
2271 4142 2484 4181 morum
2514 4125 2810 4195 probitate,
2852 4126 3227 4194 modestiaque
3252 4128 3353 4181 viri
3392 4129 3460 4181 ita
3503 4127 3706 4183 facien-

2133 4220 2262 4275 dtttn
2299 4220 2560 4283 censetis,
2594 4220 2797 4289 placeat
2836 4219 2965 4272 mihi
3000 4234 3219 4289 quoque
3264 4220 3446 4274 omnia
3490 4237 3555 4275 ex
3598 4221 3704 4275 for-

2135 4319 2279 4363 tun:e
2309 4310 2620 4363 temeritate
2651 4310 2906 4379 pendere,
2940 4324 3045 4378 qua
3077 4318 3431 4374 commutata,
3466 4324 3528 4364 ea
3568 4326 3703 4381 quo-

2133 4416 2239 4469 que
2291 4402 2619 4455 commutari
2676 4417 2900 4457 necesse
2957 4402 3046 4456 sit.
3088 4402 3305 4466 Videte,
3358 4404 3573 4472 qualem
3622 4419 3702 4458 me

2132 4492 2398 4546 adversus
2425 4507 2523 4547 vos
2559 4508 2739 4563 geram
2780 4510 2793 4548 :
2826 4493 3028 4548 donate
3060 4493 3161 4546 hec
3197 4493 3353 4558 mihi,
3395 4502 3455 4548 ut
3480 4495 3699 4549 meliora

2059 4627 2102 4682 υ
2131 4585 2198 4639 de
2225 4584 2380 4640 vobis
2408 4586 2610 4655 possim
2633 4602 2871 4657 sperare.
2899 4586 3006 4651 Tu,
3031 4586 3225 4651 Curia,
3253 4586 3494 4641 adhibita
3526 4588 3618 4642 tibi
3648 4588 3697 4642 in

2130 4678 2420 4733 consilium
2474 4693 2571 4746 ea,
2618 4695 2725 4749 qua
2764 4680 2968 4750 pellere
3014 4680 3207 4734 solitus
3243 4695 3336 4743 es,
3379 4680 3697 4750 prudentia,

2124 4787 2450 4843 summaque
2479 4776 2780 4845 eademque
2822 4783 3061 4843 spectata
3096 4774 3355 4829 omnibus
3394 4775 3494 4829 ista
3532 4778 3695 4828 animi

2126 4866 2202 4920 tui
2264 4868 2641 4937 magnitudine
2698 4868 3086 4938 gravitateque.
3124 4866 3202 4920 Tu
3242 4882 3391 4934 vero,
3438 4868 3694 4931 Samona,

2124 4959 2298 5015 solido
2338 4976 2367 5014 a
2412 4970 2462 5015 te
2496 4963 2603 5014 isto
2634 4976 2699 5015 ac
2735 4960 2915 5015 vivido
2967 4961 3214 5029 corporis
3266 4961 3462 5015 robore
3504 4970 3602 5015 tuo
3631 4960 3694 5015 ad

2124 5054 2263 5122 regis
2302 5054 2569 5108 culturam
2639 5053 2903 5109 translato
2941 5054 3016 5122 (id
3052 5053 3195 5122 quod
3229 5054 3392 5108 etiam
3429 5052 3694 5117 futurum,

2121 5146 2378 5201 hesterna
2428 5147 2517 5201 die
2570 5146 2768 5200 divinae
2802 5146 2935 5200 mihi
2989 5146 3207 5216 Sibylla:
3241 5146 3691 5213 confirmarunt);

2124 5241 2325 5305 nolite,
2387 5256 2603 5310 quaeso,
2661 5240 2733 5294 ita
2786 5240 3083 5295 crudeliter
3114 5241 3427 5309 duritcrqnc
3461 5241 3690 5302 vestris,

2120 5333 2320 5403 quibus
2356 5348 2454 5387 vos
2485 5340 2679 5387 natura
2713 5333 2935 5402 largiter
2962 5332 3132 5398 auxit,
3164 5333 3321 5387 bonis
3353 5332 3520 5385 abuti.
3558 5329 3688 5383 Nam

2120 5441 2149 5481 a
2180 5442 2264 5481 me
2288 5427 2506 5497 quidem
2534 5427 2970 5483 misericordiam
2997 5428 3287 5483 adversum
3317 5442 3409 5481 vos
3430 5429 3687 5480 anfertis:

2122 5535 2216 5575 vos
2257 5534 2387 5575 vero
2434 5520 2487 5574 in
2549 5520 2925 5590 turpissimam
2970 5535 3158 5576 necem
3213 5520 3578 5591 compingitis,
3631 5533 3689 5572 ac

2119 5610 2396 5665 maleficos
2428 5611 2676 5668 homines
2723 5610 3034 5677 imitamini,
3079 5611 3172 5681 qui
3224 5612 3423 5667 misere
3454 5612 3691 5666 volentes

2119 5703 2220 5774 ipsi
2279 5703 2382 5759 sibi
2433 5715 2665 5760 mortem
2714 5706 3091 5761 consciscunt.
3140 5705 3321 5775 Atque
3377 5703 3687 5775 hujusmedi

2116 5796 2335 5866 quidem
2371 5797 2536 5851 astuti
2560 5798 2761 5869 judicis
2792 5807 2845 5854 et
2876 5800 3015 5854 ratio
3039 5805 3094 5853 et
3122 5799 3296 5852 oratio
3323 5794 3449 5851 fuit.

2187 5889 2329 5947 XIII.
2359 5891 2500 5960 Quid
2531 5907 2657 5951 vero
2698 5894 2799 5950 viri
2856 5894 3143 5953 fortissimi
3181 5890 3689 5967 itnpertcrritique?
