4010 6608
362 428 470 494 793

1227 423 1510 486 ORATIO
1540 424 1637 485 DE
1676 426 1781 485 SS.
1814 422 2144 501 SAMONA,
2179 424 2427 488 GURIA
2467 428 2562 488 ET
2590 426 2838 491 ABIBO.

3522 430 3631 494 79$

366 543 596 597 Easdem
630 539 666 595 ii
706 538 969 595 nimirum
999 536 1066 593 ad
1099 552 1224 593 eum
1258 538 1581 608 capiendum
1616 546 1763 593 artes
1785 536 1940 591 adhi-
1972 543 2016 598 Α
2047 538 2259 606 abjccta
2302 555 2555 608 persona.
2583 549 2766 607 aperta
2811 538 3147 610 impudentia
3178 540 3231 594 in
3270 555 3459 596 necem
3504 558 3632 597 san-

366 644 564 698 buere,
613 631 815 703 quibus
864 631 1038 687 fretus
1090 630 1201 696 ille,
1248 646 1344 686 eos
1384 646 1444 686 se
1484 631 1611 686 dolo
1652 641 1940 697 capturum

363 726 639 795 sperabat.
676 723 811 779 Nam
846 725 977 795 quid
1026 733 1131 790 est,
1161 724 1434 795 inquiunt.
1473 722 1619 793 quod
1660 732 1943 793 tantOpere

361 838 390 871 a
413 818 705 876 .sententia
746 826 933 872 nostra
961 830 1061 870 nos
1092 815 1269 870 valeat
1307 815 1625 869 dimovere?
1663 814 1941 884 Numquid

366 911 661 965 vehemens
697 910 934 964 fortasse
964 908 1238 964 instabilis
1274 908 1399 962 vitae
1438 906 1603 975 hujus
1633 906 1944 977 cupiditas?

364 1002 468 1055 Sed
492 1002 755 1072 quidnam
807 1010 913 1067 est,
963 1016 1172 1072 quzeso,
1211 1016 1276 1055 ex
1312 999 1592 1063 omnibus,
1628 1016 1750 1068 quae
1783 1000 1834 1054 in
1877 1014 1940 1054 ea

366 1096 637 1151 habentur
681 1094 946 1164 jucunda,
985 1109 1096 1163 quo
1136 1093 1355 1148 animus
1386 1100 1572 1148 noster
1613 1103 1778 1163 queat
1816 1108 1941 1163 per-

363 1187 611 1241 moveri?
654 1188 849 1241 Annon
924 1184 1318 1239 animadvertis
1377 1199 1479 1239 nos
1546 1184 1786 1254 optimos
1843 1198 1938 1238 vos

364 1290 529 1336 testes
559 1280 778 1341 habere,
813 1276 1119 1347 eujusmodi
1156 1276 1259 1330 hoc
1286 1275 1376 1340 sit,
1401 1290 1511 1345 quo
1544 1291 1663 1329 sum
1698 1276 1941 1330 circum-

361 1372 618 1437 amictus,
675 1369 1084 1440 corpusculum,
1127 1384 1291 1439 quam
1358 1366 1704 1437 paucissimis
1752 1367 1818 1420 ad
1880 1381 1941 1421 se

361 1467 418 1521 in
460 1465 569 1519 vita
620 1463 884 1518 tuendum
934 1470 1291 1525 contentum,
1344 1470 1397 1516 et
1440 1459 1697 1529 expedito
1733 1457 1939 1513 Christi

363 1556 523 1610 militi
573 1569 837 1624 perquam
870 1552 1070 1619 simile,
1108 1551 1200 1622 qui
1237 1551 1303 1605 ad
1334 1552 1519 1605 omnia
1550 1549 1752 1604 tribuni
1783 1548 1936 1618 jussa

361 1649 717 1719 exsequenda
777 1648 1046 1717 sitquam
1095 1644 1504 1715 paratissimus,
1561 1644 1766 1714 quique
1796 1643 1941 1697 velut

360 1757 528 1812 Super
561 1739 882 1795 tenuissima
929 1749 1080 1802 rate,
1124 1739 1248 1791 vita:
1276 1736 1442 1806 hujus
1489 1737 1711 1806 pelagus
1754 1745 1937 1790 trans-

368 1833 570 1896 mittat,
637 1846 708 1885 ne
745 1845 854 1899 qua
887 1844 946 1884 re
987 1840 1249 1900 gravante
1300 1828 1553 1897 impedita
1585 1826 1705 1892 illa,
1751 1840 1939 1880 neces-

362 1927 511 1981 sario
564 1939 787 1980 cursum
858 1923 1066 1977 tardius
1120 1921 1407 1977 conﬁciat?
1467 1920 1624 1977 Unde
1689 1920 1859 1990 igitur
1908 1934 1938 1973 a
1970 1921 2018 1981 B

361 2017 629 2073 sententia
674 2031 761 2071 me
799 2031 917 2070 mea
964 2017 1174 2085 poteris
1224 2012 1521 2069 revocare?
1549 2013 1819 2084 quibusve
1848 2027 1942 2066 ca-

362 2126 492 2180 pere
545 2109 960 2173 blandimentis,
994 2117 1053 2161 ut
1102 2123 1189 2162 me
1240 2122 1325 2162 res
1357 2107 1481 2161 vitae
1519 2106 1684 2176 hujus
1719 2119 1939 2176 permo-

361 2212 544 2265 veant,
580 2200 673 2269 qui
711 2198 963 2253 maxima:
994 2198 1140 2254 illius
1175 2198 1288 2268 jam
1327 2199 1464 2267 parti
1498 2208 1751 2251 mortuus
1777 2196 1945 2251 sum?

360 2292 562 2363 quippe
585 2293 675 2363 qni
702 2291 1073 2361 voluptatibus
1094 2288 1509 2345 contemnendis
1529 2290 1646 2358 ipse
1671 2288 1725 2342 in
1752 2288 1944 2342 volun-

366 2386 563 2438 tariam
602 2399 688 2439 me
730 2393 963 2439 mortem
1008 2380 1353 2444 tradiderim,
1402 2389 1566 2451 atque
1593 2380 1699 2435 hoc
1726 2380 1943 2449 ipsum,

359 2472 506 2542 quod
538 2488 684 2528 nunc
718 2472 863 2536 vivo,
889 2486 955 2527 eo
988 2472 1165 2525 vivant
1191 2510 1206 2534 ,
1232 2470 1378 2540 quod
1404 2469 1526 2540 ejus
1556 2469 1805 2536 iniussu,
1844 2468 1941 2540 qui

362 2582 451 2619 me
480 2566 533 2619 in
563 2565 730 2619 vitam
760 2564 998 2627 induxit,
1030 2563 1197 2617 nolim
1225 2564 1374 2617 exire
1395 2562 1463 2618 de
1492 2563 1624 2616 vita.
1658 2560 1941 2633 Siquidem

354 2672 490 2711 eum
527 2657 780 2727 jubemur
842 2665 1190 2726 exspectare,
1230 2656 1359 2709 dum
1388 2654 1661 2710 vinculum
1687 2655 1883 2719 solvat,
1911 2671 1943 2710 a

360 2764 474 2817 quo
519 2749 777 2801 nimirum
828 2748 882 2801 in
919 2761 1039 2801 eam
1070 2746 1270 2802 fuimus
1301 2746 1513 2816 illigati.
1551 2746 1617 2800 Et
1649 2745 1802 2816 quid,
1838 2748 1939 2800 ob.

360 2858 521 2896 secro
540 2882 555 2908 ,
610 2856 791 2895 nonne
828 2840 932 2894 hoc
961 2853 1191 2894 summa:
1224 2849 1370 2893 esset
1392 2839 1713 2903 dementiae,
1741 2837 1942 2907 quibus

356 2934 581 3004 juvenis
618 2934 874 2987 nuntium
923 2932 1287 2994 remisissem,
1330 2931 1416 2986 bis
1463 2930 1647 2985 denuo
1673 2931 1944 3001 cupidita-

360 3039 470 3082 tem
502 3025 641 3079 velle
675 3025 914 3089 irritare,
942 3032 1107 3093 atque
1137 3038 1224 3085 ea,
1254 3039 1379 3093 qua:
1405 3021 1734 3091 jampridem
1765 3022 1943 3076 omni-

365 3119 490 3181 bus,
521 3117 617 3188 qui
649 3132 712 3171 ea
744 3116 967 3182 vellent,
1002 3112 1178 3169 libens
1209 3116 1566 3179 dlmisissem,
1605 3115 1794 3185 gratiae
1826 3115 1943 3169 loco

361 3224 511 3263 nunc
545 3209 796 3278 cupidius
821 3207 1117 3278 appetere?
1144 3210 1451 3278 pi-aasertim
1477 3223 1601 3263 cuin
1635 3207 1766 3262 illud
1795 3215 1945 3262 esset

363 3312 667 3368 incertum,
700 3319 768 3357 an
812 3303 904 3357 diu
953 3302 1118 3358 simul
1160 3318 1223 3357 ac
1262 3318 1324 3357 ea
1354 3317 1530 3357 essent
1568 3301 1824 3372 adeptus,
1862 3300 1943 3354 eis

362 3397 495 3453 mihi
527 3412 721 3453 secure
764 3412 859 3466 per
888 3396 1061 3449 otium
1092 3395 1199 3450 frui
1232 3396 1437 3450 liceret.
1470 3393 1573 3450 Sed
1608 3405 1663 3448 ut
1694 3394 1943 3463 adempta

364 3504 591 3559 prorsus
626 3489 697 3544 sit
720 3488 902 3544 omnis
930 3489 998 3544 de
1039 3489 1143 3543 hac
1169 3504 1228 3544 re
1277 3488 1570 3555 dubitatio,
1607 3488 1748 3542 haud
1780 3486 1946 3541 dubie

365 3584 412 3635 is
459 3581 715 3651 degeneri
763 3580 1126 3651 illiberalique
1165 3595 1228 3637 se
1269 3595 1396 3636 esse
1425 3583 1611 3636 animo
1655 3579 1942 3645 ostendat,

362 3677 458 3746 qui
513 3677 678 3731 rebus
724 3677 945 3732 aeternis
984 3676 1221 3731 caducas
1254 3684 1586 3746 anteponat,
1619 3674 1943 3729 stabilibus-

361 3784 491 3838 que,
542 3783 606 3822 ac
640 3767 1098 3837 perinanentibus
1140 3782 1227 3831 ea,
1270 3783 1392 3837 quae
1441 3767 1602 3821 citius
1655 3765 1941 3828 diffluunt,

361 3875 528 3927 quam
580 3860 883 3914 consistere
941 3856 1239 3927 potuerint.
1299 3855 1366 3911 Et
1413 3855 1557 3926 quod
1605 3857 1825 3926 quidem
1874 3854 1940 3909 ad

367 3966 455 4004 me
489 3950 707 4015 attinet,
740 3951 845 4005 hoc
878 3951 1044 4004 modo
1074 3949 1247 4016 :‘Quo
1280 3958 1439 4018 pacto
1471 3962 1597 4002 vero
1637 3948 1802 4000 etiam
1843 3946 1943 3999 Sa-

368 4059 589 4096 monain
652 4043 795 4099 hunc
846 4044 977 4114 (pro
1028 4058 1095 4099 eo
1139 4057 1287 4096 enim
1339 4043 1551 4110 loquor,
1593 4042 1738 4110 quod
1787 4040 1834 4094 is
1888 4046 1942 4094 et

366 4135 535 4189 animi
565 4151 855 4199 sensuum,
896 4145 951 4189 et
985 4134 1259 4203 praeclarae
1282 4133 1445 4203 hujus
1485 4131 1941 4202 peregrinationis

369 4229 499 4280 mihi
529 4228 715 4283 socius
744 4228 850 4299 est)
881 4244 912 4282 a
938 4242 1075 4283 sano
1099 4242 1202 4282 suo
1233 4226 1400 4282 animi
1428 4224 1710 4296 proposito
1740 4223 1941 4293 poteris

365 4338 596 4377 avocare
614 4322 639 4376 ?

438 4414 581 4470 XIV.
609 4414 767 4472 Dices
798 4416 1053 4482 fortasse,
1080 4431 1191 4471 non
1216 4413 1506 4471 convenire
1539 4410 1937 4467 adolescentem

367 4519 531 4565 aetate
576 4510 823 4579 integra,
872 4519 929 4564 et
974 4509 1184 4565 viribus
1228 4509 1475 4578 corporis
1517 4502 1937 4569 valentissimis,

2052 640 2266 684 ctorum
2309 645 2550 701 prmceps
2592 631 2719 685 ruit.
2752 630 2986 686 Mirabili
3025 631 3192 700 igitur
3223 633 3482 689 incensus
3518 636 3631 690 ira-

2051 722 2273 787 cundia,
2308 723 2373 775 iis
2403 722 2653 777 celeriter
2685 725 2749 776 ad
2786 739 2845 776 se
2877 725 3183 789 accersitis,
3223 742 3459 796 quorum
3504 745 3629 783 mu-

2050 830 2156 869 nus
2195 825 2280 869 est
2314 814 2620 870 istiusmodi
2661 815 3011 870 carnificinas
3049 832 3325 882 exercere,
3382 820 3627 882 mandat,

2051 915 2110 960 ut
2160 906 2289 961 fune
2329 908 2498 961 altera
2553 924 2717 961 manu
2774 907 3033 975 religatos
3073 918 3362 979 martyres,
3414 910 3506 964 diu
3555 911 3627 965 ita

2049 999 2314 1054 sublimes
2346 1007 2569 1053 teneant
2605 1018 2621 1054 :
2656 999 2858 1068 quibus
2890 1009 3253 1069 praeterquam
3286 1003 3431 1069 quod
3462 1002 3632 1056 totius

2048 1092 2294 1161 corporis
2322 1092 2564 1161 pondere
2611 1093 2815 1159 gravati
2851 1092 3267 1155 divellebantur,
3297 1094 3362 1147 ad
3405 1095 3627 1164 majoris

2047 1187 2209 1237 etiam
2245 1194 2504 1253 praeterea
2546 1200 2767 1239 sensum
2805 1185 3035 1253 doloris,
3089 1184 3491 1242 intolerandum
3532 1204 3627 1257 pe-

2047 1277 2208 1331 dibus
2232 1276 2407 1344 aptari
2446 1276 2659 1348 pondus
2682 1276 2858 1347 jubet.
2918 1302 2919 1305 η

2114 1408 2233 1465 XV.
2267 1408 2475 1465 Norunt
2517 1411 2784 1482 plerique,
2834 1410 2927 1467 sed
2957 1412 3201 1466 omnium
3237 1414 3474 1466 maxime
3519 1429 3631 1467 me-

2045 1501 2241 1556 dicina!
2276 1503 2415 1557 artis
2459 1503 2616 1572 periti
2642 1544 2655 1565 ,
2693 1504 2788 1574 qui
2827 1514 3042 1559 natura:
3075 1522 3274 1560 arcana
3322 1507 3423 1576 ipsi
3458 1507 3630 1561 subti-

2046 1593 2153 1648 lius
2190 1592 2539 1662 indagarunt,
2598 1610 2762 1664 quam
2817 1595 3180 1652 intolerabilis
3216 1598 3362 1653 illius
3393 1600 3465 1654 sit
3499 1615 3627 1653 cru—

2047 1687 2223 1740 ciatus
2255 1686 2411 1740 dolor
2441 1686 2495 1741 in
2525 1690 2720 1757 quovis
2751 1688 3051 1753 animante,
3088 1691 3135 1745 si
3174 1700 3415 1745 extrema
3449 1693 3629 1762 aliqua

2046 1774 2129 1829 sui
2162 1784 2315 1844 parte
2343 1791 2671 1846 suspensum
2706 1787 2978 1844 teneatur,
3008 1788 3173 1850 atque
3210 1781 3263 1834 in
3294 1797 3414 1836 eam
3460 1799 3623 1836 unam

2048 1867 2361 1921 universum
2439 1871 2688 1940 corporis
2754 1871 2925 1925 totius
2989 1873 3204 1941 pondus
3268 1875 3549 1928 recumbat
3612 1891 3627 1927 :

2046 1956 2248 2028 quippe
2274 1976 2397 2013 cum
2422 1962 2630 2014 ossium
2658 1977 2950 2033 compages
2974 1965 3025 2018 in
3054 1980 3121 2018 eo
3148 1965 3276 2029 sint,
3312 1975 3371 2019 ut
3396 1965 3626 2035 jamjam

2044 2051 2413 2107 discludendm
2447 2052 2577 2117 sint,
2611 2054 2874 2125 nervique
2903 2057 3004 2126 ipsi
3040 2058 3151 2111 sint
3179 2068 3375 2128 prazter
3403 2060 3627 2112 modum

2044 2143 2289 2209 distenti,
2326 2155 2379 2200 et
2408 2147 2643 2201 musculi
2671 2148 2942 2212 distracti,
2973 2160 3025 2203 et
3060 2160 3208 2204 totus
3236 2151 3353 2221 ipse
3382 2152 3630 2220 corporis

2046 2246 2280 2291 truncus
2312 2247 2505 2305 suopte
2528 2246 2689 2308 atque
2713 2240 2891 2295 alieno
2913 2242 3077 2294 etiam
3108 2243 3349 2312 pondere
3371 2243 3630 2298 diductus

2045 2328 2454 2399 constringatur
2497 2349 2510 2384 :
2549 2330 2747 2386 deinde
2780 2336 2917 2386 'cum
2959 2335 3224 2389 naturalis
3277 2337 3476 2389 humor
3522 2351 3631 2389 una

2044 2435 2169 2473 cum
2226 2422 2453 2475 animali
2501 2424 2730 2493 spiritu,
2786 2441 2893 2495 qua
2953 2427 3171 2494 quidem
3223 2427 3277 2480 itt
3328 2429 3631 2481 exteriores

2043 2523 2226 2581 partes
2252 2524 2590 2580 coaretelur,
2628 2532 2734 2587 qua
2769 2532 2899 2572 vero
2927 2528 3150 2588 propter
3176 2529 3452 2573 nteatuutn
3491 2535 3631 2575 con-

2043 2606 2392 2674 stipationem
2417 2609 2599 2676 egredi
2632 2610 3008 2679 prohibeatur,
3034 2613 3252 2681 gravior
3274 2612 3327 2667 in
3352 2613 3629 2667 animante

2046 2696 2321 2751 excitatur
2345 2698 2553 2755 doloris
2587 2700 2688 2764 vis,
2721 2701 2863 2757 inter
2894 2712 3089 2758 caetera
3118 2705 3305 2758 omnia
3335 2704 3437 2759 hoc
3460 2706 3627 2761 etiam

2044 2788 2187 2858 ipso,
2243 2793 2387 2859 quod
2438 2792 2618 2846 exitus
2664 2794 2717 2846 in
2762 2793 2990 2848 elisione
3040 2796 3413 2864 praecluditur,
3455 2810 3632 2866 eoque

2045 2883 2241 2951 magis,
2263 2884 2308 2937 si
2330 2883 2594 2938 distensio
2623 2900 2743 2954 quae
2778 2885 2857 2949 ﬁt,
2883 2902 2950 2940 ex
2978 2886 3244 2942 diametro
3277 2889 3510 2951 exsistit,
3535 2889 3631 2958 qui

2042 2972 2263 3040 quidem
2312 2974 2527 3040 longior
2564 2973 2909 3042 excogitatus
2961 2974 3052 3038 sit,
3099 2990 3266 3044 quam
3313 2976 3384 3031 sit
3416 2979 3629 3046 quaevis

2044 3073 2318 3118 rectarum
2347 3065 2582 3133 partium
2617 3066 2795 3119 media
2825 3067 2992 3120 linea.
3016 3065 3133 3120 Tali
3170 3066 3337 3136 igitur
3365 3075 3630 3139 tantoque

2048 3152 2270 3209 Satana:
2318 3156 2696 3211 tninistrornm
2731 3157 2956 3211 solertia
2992 3169 3306 3227 comparato
3332 3167 3626 3223 tormento,

1966 3270 2013 3336 ο
2049 3262 2174 3301 cum
2209 3247 2264 3300 in
2294 3263 2360 3302 eo
2398 3264 2490 3317 per
2517 3249 2815 3303 dimidiata:
2850 3249 2955 3304 diei
3003 3251 3267 3319 spatium,
3299 3266 3473 3321 eoque
3513 3267 3629 3305 am-

2048 3340 2193 3409 plius
2250 3337 2325 3392 illi
2365 3347 2680 3394 constanter
2737 3352 3205 3410 perseverassent,
3259 3343 3349 3396 ubi
3391 3358 3448 3396 se
3489 3343 3625 3396 nihil

2048 3433 2313 3501 prolicere
2370 3431 2571 3501 impius
2622 3432 2789 3502 judex
2824 3434 3232 3500 animadvertit,
3274 3452 3305 3489 a
3358 3437 3629 3506 supplicio

2046 3525 2265 3579 tandem
2301 3526 2556 3592 relaxari,
2588 3539 2754 3596 atque
2786 3528 2839 3581 in
2868 3512 3316 3584 obscurissimum
3351 3545 3625 3585 carcerein

2047 3622 2190 3677 trudi
2240 3632 2508 3692 martyres
2551 3621 2740 3693 jubet,
2784 3623 2971 3693 ibique
3004 3624 3263 3678 diuturna
3312 3638 3408 3679 eos
3449 3623 3627 3677 inedia

2046 3716 2336 3769 macerari.
2374 3713 2510 3768 Tum
2543 3715 2776 3785 quaestio
2806 3733 3021 3778 rursus,
3058 3728 3113 3770 et
3156 3723 3431 3770 tormenta
3469 3716 3629 3783 longe

2044 3808 2302 3861 omnibus
2345 3806 2431 3872 iis,
2484 3821 2606 3876 qua:
2653 3815 3073 3878 praecesserant,
3111 3807 3364 3877 graviora
3424 3807 3625 3861 imma-

2044 3903 2331 3969 moraque.

2114 4055 2253 4111 XVI.
2288 4056 2560 4112 Caeterum
2593 4057 2813 4114 Gnriam
2867 4059 2993 4125 ille,
3028 4068 3218 4129 utpote
3258 4068 3312 4115 et
3347 4068 3625 4115 senectute

2039 4149 2151 4217 jam
2182 4159 2235 4204 et
2278 4148 2479 4214 inedia,
2528 4160 2582 4204 et
2610 4150 2698 4215 iis,
2733 4166 2874 4220 quos
2925 4150 3085 4219 paulo
3135 4160 3261 4206 ante
3305 4152 3621 4221 pertulerat,

2042 4242 2375 4297 cruciatibus
2430 4257 2567 4311 pene
2602 4242 2936 4307 confectum,
2961 4242 3150 4297 statuit
3182 4247 3466 4298 tormentis
3499 4260 3621 4297 am-

2042 4333 2184 4403 plius
2218 4350 2325 4389 non
2368 4335 2649 4397 divexare,
2708 4350 2795 4400 ne,
2848 4334 2893 4388 si
2934 4334 2984 4389 id
3042 4336 3216 4398 ﬁeret,
3249 4336 3487 4388 animam
3529 4335 3620 4389 ille

2042 4428 2183 4480 inter
2222 4436 2513 4492 tormenta,
2557 4429 2874 4499 priusquam
2907 4427 3171 4482 voluisset
3207 4428 3341 4497 ipse,
3376 4438 3430 4483 et
3456 4428 3621 4484 lentis

2040 4535 2185 4573 eum.
2228 4519 2406 4589 pretiis
2440 4520 2730 4585 aﬁ‘ccisset,
2769 4521 3099 4589 exspiraret,
3135 4527 3297 4587 atque
3322 4519 3426 4574 hoc
3459 4520 3621 4574 modo

368 4600 581 4655 vivendi
616 4602 778 4654 tinem
808 4601 1010 4667 facere,
1044 4607 1098 4655 et
1131 4609 1260 4655 ante
1289 4598 1647 4668 praestitutam
1681 4596 1788 4652 sibi
1817 4594 1941 4650 vitae
1972 4621 2017 4674 ι)
2046 4625 2143 4681 spe
2195 4611 2370 4681 ipsum
2424 4612 2666 4666 maxima
2718 4612 3050 4666 ἀριυπυπει,
3106 4611 3389 4680 Siquidem
3429 4610 3621 4665 existi-

368 4695 549 4761 diem,
599 4694 667 4748 de
719 4694 829 4748 vita
867 4693 1006 4748 velle
1059 4695 1342 4748 decedere.
1402 4692 1615 4757 Fateor,
1665 4691 1808 4761 viget
1854 4689 1944 4744 ille

371 4786 591 4856 quidem
617 4794 797 4847 aetate,
824 4786 919 4841 sed
952 4786 1062 4841 Deo
1084 4787 1250 4856 viget,
1282 4785 1425 4840 unde
1453 4794 1507 4840 et
1529 4786 1769 4855 vigorem
1791 4783 1942 4836 illum

372 4878 586 4948 accepit
624 4895 639 4931 :
674 4876 820 4947 viget
860 4877 987 4930 item
1026 4877 1258 4939 viribus,
1294 4875 1386 4930 sed
1416 4874 1523 4928 hoc
1557 4888 1775 4943 quoque
1808 4872 1946 4925 inter

373 4987 463 5027 res
486 4971 728 5024 maxime
757 4968 1061 5024 laudabiles
1094 4976 1199 5032 est,
1226 4983 1347 5038 qua:
1370 4975 1528 5022 a:tate
1558 4974 1686 5021 sunt
1714 4964 1943 5033 integra,

371 5074 427 5119 et
454 5064 669 5119 viribus
701 5063 897 5126 ﬁrmis,
923 5078 985 5117 ea
1015 5062 1093 5116 illi
1120 5061 1336 5127 offerre,
1368 5061 1455 5115 cui
1483 5070 1640 5115 vetus
1668 5061 1830 5113 etiam
1862 5058 1947 5111 lex

370 5165 579 5225 gratam
606 5156 879 5210 victimam
904 5154 1081 5219 offert,
1120 5153 1347 5207 vitulum
1386 5152 1682 5215 novellum,
1706 5158 1762 5205 et
1788 5158 1945 5204 aetate

374 5250 656 5301 llorr-ntem
679 5288 696 5314 ,
741 5247 999 5302 cornibus
1042 5260 1188 5301 nunc
1220 5246 1511 5315 primulum
1547 5259 1605 5298 se
1642 5242 1789 5297 foras
1829 5251 1944 5294 tru-

373 5339 651 5404 dentibus,
676 5349 729 5394 et
751 5339 969 5411 ungulis
988 5340 1267 5394 decorum.
1294 5337 1440 5392 Talis
1460 5338 1622 5391 etiam
1657 5338 1945 5400 Santonus,

376 5432 470 5487 tali
522 5433 688 5487 etiam
726 5434 978 5488 similiter
1013 5431 1354 5495 immoletur,
1392 5429 1604 5484 ﬂorenti
1648 5429 1945 5482 etiamnum

375 5534 557 5590 aetate,
608 5536 664 5579 et
710 5526 899 5580 nitenti
937 5526 1075 5580 facie
1113 5541 1128 5579 :
1172 5540 1280 5579 non
1311 5532 1487 5577 autem
1521 5523 1574 5575 in
1616 5529 1947 5575 senectutem

374 5619 485 5686 jam
514 5626 787 5686 vergente,
816 5632 884 5671 ne
914 5616 1148 5671 fortasse
1185 5615 1333 5686 rugis
1371 5617 1533 5669 etiam
1567 5610 1946 5666 insidiantium

381 5711 541 5765 nobis
594 5725 864 5764 annorum
911 5716 1229 5777 corruptus,
1266 5708 1499 5761 victimae
1530 5704 1680 5759 vitict
1727 5702 1948 5773 integri-

381 5814 568 5859 tatem.
602 5804 699 5859 His
727 5803 950 5863 auditis.
984 5811 1200 5857 astutus
1229 5800 1317 5855 ille
1347 5815 1413 5855 ac
1443 5808 1730 5864 veterator,
1768 5796 1950 5853 confe-

375 5897 505 5953 stim
540 5912 714 5967 spem,
755 5912 917 5968 quam
949 5904 1308 5964 conceperat,
1336 5891 1539 5949 amisit.
1581 5890 1946 5959 Quamobrem

2051 4704 2241 4758 mahat
2298 4720 2357 4760 se
2402 4704 2551 4759 illum
2585 4708 2810 4760 omnino
2861 4703 3158 4775 aliquando
3212 4712 3513 4769 tentatum,
3565 4704 3619 4757 in

2046 4804 2366 4865 potestatem
2398 4812 2553 4852 suam
2586 4798 2956 4861 redacturum,
2982 4795 3183 4866 quippe
3218 4804 3313 4849 aut
3343 4794 3621 4850 blanditiis

2048 4888 2351 4942 emollitum
2394 4898 2489 4941 aut
2528 4889 2815 4942 tormentis
2845 4888 3077 4942 fractum
3121 4887 3187 4940 iri
3220 4887 3434 4941 animos
3463 4886 3583 4956 ejus
3606 4926 3620 4948 .

2048 4988 2143 5034 aut
2168 4981 2402 5049 denique
2435 4980 2549 5036 fore
2604 4992 2682 5045 ut,
2720 4998 2844 5036 eum
2872 4982 3097 5045 videret,
3130 4982 3331 5051 quibus
3366 4981 3455 5034 alii
3497 4996 3623 5035 cru-

2049 5071 2284 5127 ciatibus
2301 5074 2663 5135 afﬁcerentur,
2694 5074 2871 5128 alieno
2891 5074 3131 5143 periculo
3150 5074 3406 5134 disceret,
3429 5088 3623 5141 quem-

2049 5160 2342 5214 admodum
2390 5177 2486 5215 eos
2534 5162 2669 5231 ipse,
2726 5163 2983 5217 mutanda
3050 5164 3318 5218 sententia
3376 5178 3496 5224 sua,
3529 5162 3624 5216 de-

2050 5252 2293 5307 clinaret.
2341 5253 2535 5309 Verum
2584 5255 2876 5309 Samonam
2898 5297 2912 5321 ,
2954 5256 3097 5326 quod
3126 5272 3250 5311 eum
3284 5265 3336 5309 et
3365 5255 3619 5324 juvenent

2051 5343 2278 5409 videret,
2327 5357 2380 5398 et
2418 5349 2723 5411 robustum,
2780 5356 3050 5402 tormento
3092 5345 3271 5400 denuo
3314 5343 3623 5413 aggreditur

2049 5436 2319 5491 atrociore
2361 5438 2549 5508 longe,
2603 5448 2657 5493 et
2705 5454 2870 5509 supra
2916 5453 3081 5509 quam
3133 5437 3239 5491 dici
3282 5434 3622 5505 cogitarique

2050 5528 2243 5595 possit,
2294 5528 2521 5597 majore,
2569 5544 2737 5598 quam
2774 5538 2953 5584 antea.
2996 5526 3130 5582 Nam
3170 5543 3234 5582 ex
3277 5526 3447 5581 altero
3488 5524 3623 5595 pede

2049 5620 2333 5689 capiteque
2355 5636 2479 5674 eum
2508 5623 2796 5679 sublimem
2820 5632 3104 5688 statutum,
3130 5620 3369 5690 pondere
3391 5616 3619 5671 alterum

2052 5707 2179 5763 ferri
2210 5711 2515 5764 incredibili
2548 5712 2601 5765 in
2632 5713 2906 5768 diversum
2936 5713 3168 5769 distrahi
3198 5711 3392 5781 jussit,
3422 5709 3624 5779 quippe

2050 5803 2136 5857 cui
2167 5814 2377 5857 certum
2407 5811 2585 5867 esset,
2638 5804 2790 5857 illum
2826 5821 3051 5874 prorsus
3096 5808 3200 5860 hoc
3238 5803 3401 5857 modo
3429 5816 3623 5870 quam-

2052 5896 2287 5967 primum
2323 5894 2457 5951 velle
2513 5895 2844 5965 disecrperc.
2887 5894 2964 5951 Ex
3015 5913 3125 5967 quo
3171 5896 3390 5969 quidem
3421 5894 3626 5948 factum
