4046 6578
415 391 523 455 795

1227 399 1557 460 ARETIIrE
1596 398 1976 461 C/ESAREE
2014 397 2502 460 CAPPADOCI/E
2541 398 2881 460 EPISCOPI

3561 397 3668 463 795

417 510 519 561 est.
580 510 635 554 ut
688 502 865 557 laxata
926 503 1241 561 coxendicis
1284 508 1562 578 junctura,
1622 510 1850 565 claudus
1900 510 1989 564 ille
2020 515 2063 570 Α
2094 506 2603 579 giusmunerarius,
2637 522 2877 578 suosque
2902 507 3137 563 athletas
3164 506 3218 562 in
3245 507 3465 562 :eternis
3495 510 3673 563 taber-

418 602 606 663 poslea
647 612 752 648 non
784 597 901 651 sine
937 613 1101 653 causa
1138 604 1485 659 remanserit.

492 684 651 740 XVII.
687 686 789 741 Sed
822 704 942 742 cum
995 691 1107 747 haec
1145 710 1366 763 quoque
1414 696 1514 749 viri
1566 694 1848 749 fortissimi
1897 708 1996 763 pro

421 776 594 831 nihilo
626 778 965 846 habuissent,
994 797 1324 855 omnemque
1349 786 1397 841 ei
1427 787 1641 855 penitus
1670 801 1819 855 spem
1854 802 1995 855 pra:-

420 869 703 935 cidisseut,
737 872 854 928 fore
884 881 942 927 ut
981 875 1050 929 ab
1083 891 1150 931 eo
1181 892 1421 947 unquam
1454 878 1597 932 vinci
1640 877 1997 947 superarique

425 973 669 1029 possent,
710 965 891 1020 denuo
937 982 1033 1024 eos
1074 969 1165 1023 ille
1195 970 1248 1023 in
1297 970 1599 1025 custodiam
1637 971 1942 1041 compingit
1979 989 1994 1025 :

422 1055 512 1107 ubi
546 1070 670 1109 cum
717 1058 1035 1128 aliquandiu
1079 1063 1543 1132 permansissent,
1592 1072 1775 1132 postea
1837 1074 1997 1119 nocte

421 1146 746 1216 intempesta
785 1150 851 1205 iis
882 1162 1044 1220 caput
1071 1154 1372 1222 amputari,
1408 1165 1467 1207 ut
1499 1154 1600 1208 hoc
1629 1156 1792 1210 modo
1826 1157 1992 1210 vitam

421 1238 811 1309 relinquerent,
851 1242 1024 1311 jubet.
1058 1244 1233 1299 Proh!
1280 1256 1501 1316 quanta:
1550 1248 1821 1305 sententia
1882 1248 1998 1304 haec

421 1330 621 1385 laetitia:
657 1334 985 1405 martyribus
1041 1335 1177 1403 fuit,
1211 1352 1315 1391 non
1348 1338 1567 1409 quidem
1602 1340 1672 1395 ob
1700 1355 1818 1393 eam
1862 1356 1995 1393 cau-

421 1439 559 1487 sam,
601 1428 743 1493 quod
802 1426 1046 1481 viderent
1080 1428 1181 1483 hoc
1218 1430 1381 1484 modo
1435 1431 1656 1487 allatum
1718 1432 1781 1485 iri
1832 1432 1993 1487 linem

419 1514 834 1580 acerbitatibus,
868 1527 1030 1587 atque
1065 1519 1326 1575 aerumnis
1362 1521 1479 1576 suis
1509 1522 1787 1587 omnibus,
1829 1538 1997 1594 seque

419 1610 681 1673 tauquam
719 1622 784 1660 ex
826 1608 1121 1678 jactatione
1156 1621 1209 1665 et
1243 1609 1597 1667 ﬂuctuatione
1629 1613 1862 1683 quadam
1904 1629 1997 1682 pe-

424 1698 579 1751 renni
626 1699 678 1752 in
726 1710 917 1770 portus
961 1704 1305 1773 tranquillos‘
1338 1714 1665 1775 pacalosque
1702 1713 1999 1776 perventu-

422 1803 513 1843 ros
545 1807 557 1843 :
589 1792 680 1844 sed
717 1793 861 1861 quod
910 1792 1011 1847 iter
1045 1794 1176 1849 illud
1216 1794 1439 1859 inirent,
1475 1798 1619 1850 unde
1658 1811 1782 1848 mox
1813 1804 1997 1849 essent

2100 600 2313 655 nacnlis
2340 600 2596 654 collocat.

2169 690 2286 744 ΧΧ.
2320 693 2425 745 Sed
2454 707 2573 760 qua:
2618 700 2748 746 sunt
2787 691 2939 746 lucc?
2970 707 3163 762 nempe
3208 692 3299 747 ubi
3328 694 3474 763 quod
3513 709 3674 748 suum

2097 794 2179 838 est
2207 784 2403 853 cuique
2438 785 2756 853 praemium.
2794 801 2893 853 pro
2926 787 3122 840 merito
3161 787 3437 851 tribuitur,
3481 796 3537 840 et
3570 796 3672 841 cn-

2094 873 2340 942 jusmodi
2392 874 2519 937 hoc,
2560 874 2702 928 seire
2755 872 2991 928 fortasse
3040 874 3338 930 desideras.
3394 873 3675 943 Ejusmodi

2100 966 2383 1033 nimirum,
2413 967 2501 1021 cui
2531 966 2712 1022 simile
2744 967 2952 1021 nullum
2989 976 3096 1022 tam
3144 976 3268 1022 ante
3297 968 3468 1035 legem
3508 982 3673 1035 quam

2100 1060 2153 1112 in
2205 1061 2320 1129 lnge
2371 1060 2497 1129 quis
2553 1059 2727 1129 possit
2778 1059 3091 1115 ostendere.
3141 1059 3246 1124 Qui
3296 1060 3439 1113 hee?
3482 1074 3678 1127 nempe

2098 1157 2242 1221 quod
2270 1154 2355 1208 his
2386 1169 2578 1209 eorum
2618 1168 2776 1207 nemo
2803 1168 2901 1221 par
2924 1154 3050 1215 ruit,
3080 1152 3225 1221 quod
3257 1167 3321 1205 ex
3356 1151 3421 1204 iis
3448 1150 3676 1220 quilibet

2100 1244 2261 1316 longo
2307 1246 2374 1298 ab
2410 1244 2492 1299 his
2538 1244 2824 1300 intervallo
2868 1253 3236 1313 superaretur.
3279 1242 3555 1312 Siquidem
3592 1242 3675 1294 in-

2099 1338 2303 1393 stitutis
2334 1337 2549 1392 vivendi
2586 1338 2784 1392 veteris
2817 1337 2952 1407 legis
2995 1336 3389 1407 praestabilium
3427 1343 3552 1389 sunt
3585 1349 3671 1393 ea.

2096 1446 2220 1500 qua:
2254 1439 2382 1484 sunt
2422 1432 2724 1486 secundum
2767 1430 3045 1485 Christum
3090 1447 3104 1483 :
3135 1445 3200 1484 ex
3236 1430 3303 1483 iis
3334 1437 3539 1491 autem,
3578 1426 3673 1496 qui

2099 1531 2221 1591 post
2259 1523 2537 1577 Christum
2579 1522 2762 1587 fuere,
2795 1523 2929 1577 nulli
2964 1522 3132 1577 videri
3180 1522 3393 1590 possint
3424 1520 3671 1583 secundi,

2098 1611 2299 1682 quippe
2357 1612 2451 1682 qui
2510 1612 2653 1666 inter
2684 1620 2971 1682 martyres,
3022 1621 3291 1681 martyres
3334 1618 3482 1671 sunt,
3534 1609 3674 1662 inter

2099 1705 2400 1760 monachos
2428 1704 2707 1769 monachi,
2733 1704 2875 1759 inter
2895 1703 3218 1759 sacerdotali
3247 1703 3513 1773 dignitate
3535 1717 3673 1770 pra:-

2098 1796 2239 1849 ditos
2303 1795 2659 1851 sacerdotalis
2721 1795 3006 1866 dignitatis
3058 1795 3369 1865 participes.
3434 1792 3566 1846 Nam
3621 1800 3676 1845 et

422 1898 545 1935 cum
586 1883 802 1938 Christo
858 1884 1052 1951 futuri,
1106 1888 1326 1958 quicum
1369 1889 1531 1943 etiam
1597 1887 1919 1943 certissime-
1938 1904 1996 1943 se
2030 1874 2070 1931 Β
2099 1898 2396 1953 certarunt,
2439 1898 2493 1943 et
2529 1898 2656 1943 ante
2687 1899 3001 1958 susceptmn
3035 1898 3313 1943 certamen
3347 1896 3569 1942 strenue
3616 1901 3677 1940 se

422 1983 747 2045 regnatnros
792 1978 1107 2046 sperabant,
1152 1980 1611 2049 quemadmodum
1648 1980 1796 2035 illius
1833 1979 1998 2035 etiam

424 2064 477 2117 in
538 2066 781 2121 adversis
832 2068 1071 2123 ferendis
1116 2071 1343 2141 vestigia
1383 2071 1600 2126 fuerant
1644 2073 1862 2126 imitati.
1922 2071 2001 2127 Ac

420 2155 601 2211 Curia:
656 2160 873 2227 quidem
917 2170 970 2214 et
1018 2160 1272 2216 Samona:
1323 2172 1598 2221 certamen
1636 2165 1999 2235 victoriaque,

422 2248 546 2301 talia
576 2264 640 2303 ac
669 2258 776 2303 tam
812 2252 1048 2323 insignia
1080 2252 1253 2310 fuere.

491 2381 680 2441 XVIII.
728 2384 897 2450 Quale
930 2403 1058 2443 vero
1086 2389 1249 2444 etiam
1276 2390 1487 2445 Abibus
1526 2390 1760 2445 stadium
1801 2406 2000 2445 cucur-

419 2477 572 2543 rerit,
628 2488 843 2547 tempus
885 2492 987 2547 est,
1042 2493 1101 2538 ut
1154 2500 1300 2539 nunc
1341 2500 1697 2555 exponamus.
1746 2484 1842 2539 llic
1876 2500 1998 2539 cum

420 2562 562 2618 inter
597 2566 881 2625 ministros
926 2571 1129 2628 Christi
1176 2575 1564 2643 mysteriorum
1602 2592 1744 2630 unus
1783 2577 2002 2631 habere-

421 2664 531 2721 tur,
558 2667 613 2710 et
641 2660 752 2726 pari
780 2675 903 2716 cum
936 2662 1001 2717 iis
1027 2664 1353 2729 rusticitate,
1389 2666 1482 2735 qui
1516 2677 1641 2721 ante
1668 2668 1844 2736 ipsum
1872 2682 2002 2719 con-

421 2751 681 2807 sunnnati
712 2751 957 2819 fuerant,
994 2753 1249 2820 ferretur,
1294 2758 1600 2811 insimulari
1645 2759 1785 2827 apud
1817 2775 2001 2827 persc-

420 2854 640 2901 eutores
664 2856 877 2915 emptus
894 2857 995 2913 est,
1020 2850 1165 2917 quod
1191 2851 1398 2915 multis,
1422 2852 1513 2920 qui
1542 2853 1675 2905 salvi
1702 2853 1909 2906 tierent.
1938 2868 1997 2905 ea

423 2936 785 3002 ministraret,
834 2955 955 3008 quae
987 2941 1053 2994 ad
1100 2941 1343 3011 ipsorum
1374 2943 1605 2998 salutent
1648 2944 1997 3012 pertinerent.

421 3027 653 3093 Quando
708 3029 1046 3088 Diocletiano
1102 3036 1299 3089 merito
1349 3052 1414 3089 ex
1473 3035 1623 3090 fatali
1675 3038 2001 3091 necessitate

424 3122 528 3175 vita
559 3120 669 3189 jam
708 3124 912 3191 functo,
950 3126 1016 3189 is,
1050 3128 1141 3196 qui
1168 3129 1457 3183 adversum
1495 3144 1594 3183 nos
1624 3130 1999 3194 exercebatur,

423 3212 578 3269 furor
620 3216 686 3271 ad
750 3216 1023 3273 Licinium
1075 3222 1357 3291 delapsus,
1404 3223 1569 3277 veluti
1627 3223 1762 3277 diris
1807 3222 2001 3276 devota
2029 3224 2071 3281 C

420 3307 669 3376 quaadam
730 3310 1056 3378 luet-editas,
1105 3315 1175 3369 ab
1229 3315 1321 3371 illo
1381 3317 1448 3371 ad
1505 3318 1648 3371 lumc
1702 3316 1999 3371 miserabili

421 3402 635 3471 imperii
680 3408 858 3475 specie
905 3409 1241 3480 impegisset.
1281 3411 1548 3467 Cmterum
1586 3412 1845 3481 quoniam
1904 3412 2002 3465 ho—

423 3496 665 3552 minibus
726 3514 889 3555 sensu
955 3504 1269 3557 carentibus
1336 3504 1617 3559 tolerabile
1668 3504 1837 3557 videri
1891 3520 1997 3556 non

423 3600 654 3656 poterat,
688 3592 732 3647 si
770 3594 823 3647 in
856 3596 1044 3650 eodem
1074 3612 1201 3651 cum
1244 3598 1461 3667 pietatis
1494 3598 1799 3652 cultoribus
1842 3612 2001 3666 grege

422 3696 864 3751 numerarentur,
898 3689 967 3742 ab
1005 3690 1072 3743 iis
1116 3691 1300 3745 denuo
1341 3694 1648 3760 persecutio
1686 3694 1951 3746 excitatur
1984 3707 1997 3743 :

423 3777 519 3830 sed
570 3777 622 3829 in
669 3794 836 3831 unmn
870 3778 1102 3834 Abibmn
1144 3790 1253 3835 tota
1299 3782 1527 3851 periculi
1578 3781 1751 3860 moles
1785 3782 1998 3833 incum-

426 3867 605 3934 bsbat,
635 3871 793 3940 cujus
817 3876 1148 3943 expugnatio
1175 3874 1400 3945 perinde
1434 3874 1615 3929 futura
1647 3874 1826 3943 impiis
1860 3882 1995 3937 erat,

423 3977 488 4014 ac
550 3963 594 4015 si
656 3974 883 4020 cunctos
945 3967 1146 4034 pariter
1219 3966 1465 4022 funditus
1527 3968 1873 4023 Christianos
1902 3968 1997 4021 de-

424 4054 698 4110 Ιενίδδριιῑ.

496 4188 636 4246 XIX.
674 4190 888 4262 Ubique
920 4196 1288 4265 vestigabatnr
1320 4197 1529 4253 Abibtts
1565 4212 1661 4267 per
1690 4197 1807 4251 loca
1852 4198 2003 4250 babi-

422 4283 610 4338 tahilia
661 4285 1180 4358 inhabitabiliaque.
1238 4305 1337 4344 nec
1370 4299 1550 4344 tamen
1590 4306 1822 4358 usquam
1852 4304 2003 4356 repe—

422 4374 533 4428 tire
596 4375 746 4429 illum
810 4388 1063 4447 poterant
1115 4381 1366 4438 homines
1421 4382 1582 4437 vafri.
1644 4382 1823 4447 Itaque
1877 4395 1999 4433 eum

424 4470 794 4538 perquirendo
836 4472 983 4537 fessi,
1018 4490 1170 4543 spem
1212 4475 1325 4544 jam
1376 4476 1570 4545 prazdze
1602 4490 1819 4528 omnem
1853 4472 2003 4540 ahje-

2102 1980 2154 2034 in
2191 1979 2407 2050 pietatis
2435 1979 2649 2037 cultura
2688 1994 2923 2049 gessere,
2972 1991 3026 2035 et
3076 1980 3217 2035 sacri
3269 1978 3502 2043 ordinis,
3547 1993 3673 2047 pro-

2102 2082 2282 2140 pterea
2324 2072 2468 2141 quod
2511 2071 2722 2126 Abihus
2754 2072 3023 2126 diaconus
3072 2082 3254 2136 esset,
3286 2085 3476 2124 omnes
3525 2067 3678 2122 fuere

2101 2173 2403 2219 consortes.
2438 2160 2718 2231 Siquidem
2761 2162 2815 2215 in
2849 2160 3111 2216 societate
3139 2174 3476 2231 quaeeorum
3512 2157 3672 2227 quis-

2102 2271 2211 2326 que
2269 2255 2453 2317 habet,
2490 2271 2554 2311 ea
2585 2254 2958 2309 communicat
2990 2253 3174 2314 alteri,
3220 2260 3275 2306 et
3314 2250 3522 2306 mutuis
3560 2248 3677 2302 olli-

2101 2349 2201 2402 ciis
2249 2347 2448 2418 singuli
2494 2346 2616 2416 ejus
2651 2348 2730 2402 rei
2775 2345 3072 2416 participes
3108 2344 3264 2408 fiunt,
3316 2343 3369 2396 in
3400 2357 3505 2411 qua
3539 2341 3677 2395 alter

2100 2440 2334 2494 excellit.
2389 2438 2651 2505 Quinimo
2700 2438 2814 2508 (sed
2861 2437 3098 2492 fortasse
3145 2434 3305 2489 alicui
3356 2433 3560 2487 nimius
3594 2432 3676 2485 vi.

2101 2531 2304 2600 debor)
2340 2532 2386 2587 si
2417 2546 2540 2585 cum
2587 2531 2652 2585 iis
2674 2570 2689 2596 ,
2722 2545 2846 2601 quae
2876 2529 3177 2585 secundum
3212 2527 3490 2582 Christum
3526 2534 3675 2586 sunt,

2103 2624 2454 2680 conferantur
2503 2623 2939 2677 animadvertere
2994 2620 3151 2675 facile
3192 2618 3517 2689 poterimus,
3554 2615 3679 2685 qui-

2104 2719 2331 2773 busdam
2358 2718 2410 2772 iu
2436 2717 2599 2772 rebus
2628 2732 2722 2772 eos
2748 2716 3058 2785 superiores
3093 2713 3360 2768 exsistere
3426 2729 3441 2765 :
3477 2720 3679 2780 marty—

2103 2810 2256 2865 ribus
2305 2808 2548 2879 quidem,
2608 2809 2693 2862 via
2735 2816 2862 2863 ante
2926 2807 3246 2877 martyrium
3298 2802 3603 2858 monachali
3659 2818 3676 2854 :

2103 2902 2384 2958 monachis
2411 2918 2557 2968 vero,
2588 2901 2852 2972 martyrio
2887 2919 2901 2954 :
2936 2898 3265 2970 martyribus
3300 2909 3545 2957 rursum,
3581 2892 3679 2962 qui

2104 2998 2157 3050 in
2189 2996 2517 3052 militaribus
2556 3004 2652 3051 aut
2698 2994 2957 3050 civilibus
2998 3008 3057 3050 se
3090 2990 3410 3046 muneribus
3444 3003 3679 3057 occupa-

2103 3098 2257 3149 rent,
2304 3103 2404 3151 eo,
2456 3088 2546 3157 qui
2604 3104 2667 3143 ex
2732 3085 3061 3142 sacerdotali
3119 3084 3383 3152 dignitate
3419 3080 3680 3151 splendor

2104 3181 2342 3251 effulget.
2418 3180 2566 3234 Talis
2620 3180 2795 3234 beatis
2852 3180 2982 3233 viris
3039 3192 3236 3231 cursus
3302 3175 3432 3239 fuit,
3493 3182 3680 3228 tantus

2108 3274 2262 3327 labor
2304 3293 2316 3327 :
2366 3272 2678 3342 hujusmodi
2730 3272 2783 3325 in
2817 3271 2975 3325 terris
3002 3269 3329 3340 periculum,
3362 3264 3679 3336 hujusmodi

2106 3368 2325 3437 prmmia
2357 3367 2837 3422 celeberrimornm
2866 3366 3059 3419 borum
3095 3363 3363 3416 laborum.

2178 3461 2318 3515 XXI.
2350 3461 2494 3515 Inter
2519 3475 2641 3530 qua:
2671 3459 2802 3513 illud
2830 3472 3051 3527 quoque
3080 3455 3232 3510 nullo
3268 3454 3431 3509 modo
3459 3451 3681 3507 silentio

2106 3554 2564 3626 praetereundum,
2597 3552 2665 3607 de
2712 3551 2913 3621 puella.
2954 3550 3098 3620 quod
3138 3557 3357 3618 propter
3388 3546 3465 3600 rei
3504 3544 3681 3599 admi-

2109 3648 2433 3703 rabilitatem
2465 3661 2681 3702 omnem
2712 3644 3102 3715 propemodum
3144 3642 3303 3696 ﬁdem
3362 3646 3679 3708 exsuperat.

2109 3740 2308 3795 Vivens
2340 3754 2575 3808 namque
2605 3739 2741 3799 Itzec,
2791 3752 2914 3789 cum
2952 3736 3021 3787 ab
3055 3732 3332 3788 sceleratis
3364 3729 3679 3784 hominibus

2110 3833 2162 3887 in
2212 3832 2521 3901 sepulcrum
2573 3844 2763 3884 recens
2812 3827 3170 3882 cadaveribus
3224 3824 3481 3895 plenum,
3537 3830 3681 3875 esset

2109 3924 2346 3993 dejecta.
2376 3922 2431 3975 in
2483 3922 2707 3991 regione
2738 3920 2991 3983 barbara,
3028 3928 3193 3985 atque
3230 3931 3258 3969 a
3292 3915 3464 3984 patria
3510 3913 3681 3982 ipsius

2110 4017 2268 4085 longe
2331 4013 2701 4070 remotissima
2762 4029 2775 4064 :
2846 4010 2936 4064 ubi
3001 4018 3318 4064 sanctorum
3379 4016 3678 4076 martyrum

2111 4109 2268 4163 Iidem
2323 4107 2580 4183 precibus
2648 4103 2991 4173 implorarit,
3070 4116 3304 4168 quorum
3360 4099 3526 4152 etiam
3582 4110 3682 4165 ope

2113 4198 2285 4262 freta,
2318 4199 2535 4268 longam
2591 4195 2729 4251 adeo
2782 4193 3276 4263 peregrinationem
3326 4198 3677 4259 susceperat.

2112 4287 2417 4343 certissime
2442 4286 2586 4355 quod
2616 4294 2981 4351 exspectat-at,
3004 4291 3298 4338 consecuta
3326 4292 3426 4336 est.
3447 4280 3681 4350 Vespere

2110 4380 2255 4431 enim
2301 4394 2426 4430 cum
2463 4379 2516 4429 in
2565 4392 2779 4431 summa
2819 4376 2995 4446 posita
3029 4385 3175 4431 esset
3212 4372 3596 4442 desperatione
3630 4379 3682 4424 et

2110 4470 2259 4536 ﬂetu,
2308 4471 2444 4523 bene
2479 4484 2638 4523 mane
2665 4470 2875 4539 patriaa,
2908 4470 3088 4535 matri,
3124 4467 3331 4522 tumulo
3366 4475 3679 4520 sanctorum

423 4560 650 4627 cissent,
702 4564 838 4632 ipse,
882 4580 1043 4633 quem
1085 4566 1517 4629 insectabantur,
1571 4566 1715 4620 ultro
1766 4580 1825 4619 se
1856 4579 2003 4631 qua3-
2037 4588 2079 4641 ι)
2110 4580 2233 4617 cum
2264 4563 2447 4617 laetitia
2482 4562 2729 4617 restituta
2778 4574 2883 4629 est,
2931 4562 3251 4616 mirabiliter
3280 4560 3474 4614 educta
3506 4558 3574 4612 de
3600 4572 3682 4610 se-

425 4652 670 4709 rentibus
690 4656 932 4719 exhibet,
966 4668 1131 4725 atque
1170 4657 1235 4711 ad
1269 4658 1509 4727 judicent
1550 4656 1938 4717 introducitur,
1970 4669 1999 4707 a

423 4761 556 4814 quo,
595 4747 855 4817 quoniam
887 4748 1106 4803 difficile
1137 4750 1442 4819 videbatur,
1472 4764 1596 4806 eum
1638 4750 1785 4803 dicto
1819 4747 2003 4815 aliquo

425 4836 740 4897 factovc.ab
786 4847 932 4893 certa
985 4854 1085 4896 sua
1134 4841 1201 4894 de.
1242 4857 1374 4896 sana
1426 4840 1688 4911 religione
1734 4840 2003 4893 sententia

423 4928 723 4994 dimoveri,
780 4945 876 4999 per
930 4930 1107 5002 ignem
1166 4934 1231 4986 ad
1292 4948 1454 4993 eum,
1508 4931 1668 5000 cujus
1730 4930 2003 4985 desiderio

414 5022 709 5087 mstuabat,
730 5021 931 5092 ignitus
961 5032 1174 5079 amator
1197 5024 1489 5080 dimittitur
1522 5040 1535 5077 :
1594 5033 1758 5092 atque
1802 5024 1871 5078 ita
1916 5023 2001 5088 iis,

425 5115 517 5185 qui
562 5130 686 5170 eum
758 5126 1161 5173 antecesserant
1192 5158 1205 5179 ,
1258 5116 1591 5186 martyribus
1643 5117 1825 5182 datur,
1874 5133 2006 5174 con-

428 5221 658 5274 sorsquc
712 5207 948 5273 sepulcri
990 5224 1179 5262 eorum
1233 5208 1483 5275 cllicitur,
1536 5210 1999 5279 quemadmodum

426 5300 589 5353 etiam
625 5300 872 5354 laborum
909 5311 961 5357 et
996 5302 1183 5371 gloriae
1229 5313 1355 5359 ante
1396 5304 1448 5358 in
1483 5315 1786 5361 mercatura
1821 5306 2005 5362 socius

431 5391 627 5453 fuerat.
653 5391 924 5457 Quoniam
952 5396 1114 5449 etiam
1136 5396 1302 5451 simili
1337 5398 1497 5453 modo
1526 5399 1774 5453 vicerunt
1806 5398 2005 5467 princi-

432 5494 591 5554 patus
653 5484 896 5555 pestiferi
960 5487 1258 5554 damonis,
1316 5500 1648 5561 superarunt
1707 5499 2005 5561 potestates

434 5576 621 5631 umndi
658 5576 843 5643 hujus,
876 5580 1151 5650 conjuncti
1184 5595 1311 5640 sunt
1345 5601 1470 5639 cum
1510 5584 1740 5655 angelis,
1770 5585 2004 5642 transie-

434 5681 561 5723 rttnt
598 5669 662 5725 ad
691 5674 1003 5731 certaminis
1035 5678 1299 5733 arbitrum
1337 5678 1641 5745 Cbrismm,
1684 5677 1886 5733 sudore
1916 5676 2007 5731 ad-

428 5762 539 5816 huc
595 5764 965 5836 sanguineque
1007 5770 1078 5826 ob
1126 5770 1424 5826 exhaustos
1460 5772 1527 5833 ,in
1565 5770 1744 5826 stadio
1793 5770 2006 5825 labores

426 5858 838 5932 certaminaque
864 5866 1159 5932 madentes,
1188 5866 1416 5939 porrigit
1442 5866 1520 5923 eis
1543 5866 1823 5921 dexteran.
1860 5880 2006 5935 :ng-

2108 4656 2315 4726 pulcro,
2354 4664 2540 4726 utpote
2562 4671 2684 4725 quae
2708 4671 2737 4707 a
2761 4654 3293 4710 circumsedentibus
3327 4652 3457 4705 illud
3497 4657 3681 4705 custo-

2103 4750 2265 4804 dibus
2306 4749 2473 4803 videri
2522 4748 2857 4818 nequiverit,
2892 4746 3214 4800 admiranda
3271 4744 3506 4814 quadam
3543 4742 3682 4797 cele-

2105 4842 2265 4897 ritate
2313 4841 2381 4895 ab
2443 4841 2510 4896 iis
2571 4839 2695 4894 inde
2735 4847 3034 4908 asportata.
3097 4837 3377 4908 Siquidem
3428 4837 3567 4890 albis
3608 4834 3679 4889 illi

2105 4936 2239 4991 vecti
2298 4935 2456 5004 equis
2504 4934 2559 5005 (ο
2600 4934 2793 4987 miram
2833 4942 3153 4987 sanctorum
3208 4931 3262 4985 in
3311 4930 3533 4985 ferenda
3582 4943 3682 4997 ope

2104 5028 2587 5100 promptitudiuem
2636 5036 2799 5095 atque
2845 5024 3240 5092 celeritatem!)
3270 5038 3393 5078 cum
3448 5022 3678 5090 puellam

2105 5123 2486 5192 appellassent,
2518 5130 2678 5191 atque
2710 5121 2761 5175 in
2789 5135 2962 5190 equos
2993 5118 3367 5177 sustulissent.
3398 5130 3517 5169 eam
3545 5115 3679 5168 intra

2104 5217 2389 5272 delubrum
2449 5230 2607 5271 suttm
2660 5214 2928 5276 intulere,
2988 5212 3130 5266 unde
3178 5210 3345 5265 etiam
3393 5208 3678 5262 scelestum

2105 5311 2265 5381 paulo
2325 5319 2451 5364 ante
2506 5310 2680 5363 virum
2737 5306 3190 5371 assectabantur,
3223 5304 3451 5357 valiltns
3509 5302 3578 5355 iis
3617 5299 3683 5353 ab

2105 5419 2171 5457 eo
2200 5402 2439 5470 acceptis
2464 5422 2475 5454 :
2506 5401 2597 5470 qui
2624 5400 2759 5465 dati,
2793 5399 3139 5453 sanctissime
3163 5395 3683 5465 religiosissimeque

2106 5496 2287 5548 datam
2335 5494 2492 5546 fidem
2521 5502 2826 5559 servarunt,
2868 5501 2921 5546 et
2955 5491 3079 5545 huic
3106 5490 3358 5550 salutem,
3393 5498 3446 5541 et
3475 5488 3550 5541 illi
3589 5486 3678 5555 qui

2109 5588 2264 5641 fidem
2295 5586 2612 5649 violaverat,
2643 5589 2896 5639 meritum
2940 5583 3101 5652 paulo
3137 5592 3258 5651 post
3290 5582 3516 5635 exitium
3547 5588 3683 5632 attu-

2110 5682 2309 5734 lerunt.
2350 5679 2394 5733 0
2425 5687 2728 5733 servatores
2753 5679 2961 5731 celeres
3014 5674 3397 5744 expeditique!
3446 5676 3486 5724 0
3522 5670 3677 5724 tidem

2111 5782 2344 5827 vestram
2395 5773 2802 5842 implorantium
2875 5770 3158 5839 adjutores
3208 5767 3412 5821 strenui
3472 5765 3679 5819 invicti-

2111 5884 2216 5937 quc
2257 5870 2269 5920 ε
2305 5865 2349 5921 Ο
2380 5866 2443 5922 ad
2479 5883 2565 5930 ea,
2597 5881 2718 5936 quae
2757 5864 3150 5935 spopomltstis,
3183 5860 3536 5931 persolveuda
3568 5860 3687 5912 sine
