4046 6562
335 411 435 474 797

1237 407 1521 468 ORATIO
1562 407 1658 468 DE
1705 406 2120 468 TBANSLAT.
2164 407 2224 468 S.
2265 404 2670 468 ΕΗἸἮΥΜΙῘ.

3459 403 3572 468 793

333 537 480 578 mora
519 519 932 590 promptissimi,
994 529 1044 574 et
1082 518 1134 571 in
1192 517 1484 574 tribuendo
1521 517 1666 586 quod
1701 518 1897 587 cuique
1927 528 1965 580 Α
1997 527 2253 587 pra-terea
2277 520 2440 572 etiam
2465 516 3030 586 sanctitatem:quam
3057 513 3276 569 aliunde
3293 529 3558 584 nusquam

323 613 597 673 convenit,
639 611 866 666 minime
901 611 1072 665 lenti-

393 703 556 760 XXII.
589 703 826 762 Prorsus
870 703 982 772 jam
1005 743 1021 766 ,
1052 716 1085 754 ο
1141 716 1297 760 sacer
1324 709 1648 760 conventus,
1687 715 1752 754 ac
1786 700 1896 754 Deo

321 794 500 850 dicata
536 795 751 858 concio,
814 795 947 848 mihi
985 796 1205 864 quidem
1247 795 1524 863 persoluta
1576 804 1724 858 sunt,
1779 808 1924 863 quae.

323 885 477 938 vobis
506 899 655 941 cram
685 884 979 956 pollicitus,
1011 894 1063 938 et
1093 885 1358 940 orationis
1388 899 1542 940 creua
1577 895 1764 955 parata
1791 896 1896 949 est,

323 988 377 1030 et
401 990 521 1044 quae
547 977 610 1030 ad
640 975 1079 1045 repraesentanda
1112 984 1412 1046 martyrum
1448 977 1745 1032 certamina
1779 992 1899 1046 per-

323 1067 605 1132 tinebant,
636 1067 800 1120 veluti
835 1068 886 1120 in
933 1067 1058 1122 albo
1087 1068 1306 1122 aurium
1338 1075 1645 1124 vestrarum
1695 1082 1792 1136 pro
1823 1067 1900 1120 vi-

328 1158 482 1212 ribus
525 1157 794 1216 dciiueata
841 1173 871 1213 a
905 1159 1062 1213 nobis
1095 1168 1244 1214 sunt.
1294 1157 1403 1213 Vos
1433 1159 1770 1228 vero‘nuid?
1805 1157 1899 1228 qui

325 1248 393 1302 ad
429 1248 573 1306 diem
614 1247 811 1307 festum
844 1249 1202 1314 cortvenistis,
1229 1249 1320 1318 qui
1349 1248 1588 1303 conviva:
1620 1248 1775 1310 estis,
1807 1248 1902 1318 qui

325 1341 634 1406 auditores,
667 1342 759 1410 qui
783 1357 914 1398 oves
939 1344 1148 1398 ratione
1166 1341 1400 1412 praedita:
1431 1360 1446 1397 :
1473 1340 1626 1411 quid,
1655 1341 1898 1410 inquam,

325 1431 741 1494 confessoribus
788 1434 939 1488 hisce
987 1435 1340 1505 martyribus,
1385 1434 1514 1503 quid
1550 1434 1677 1487 item
1713 1445 1902 1488 contra

328 1525 490 1581 nobis
537 1527 862 1596 reponetis?
912 1523 1182 1582 Nimirum
1216 1527 1336 1582 illos
1385 1527 1605 1593 quidem
1650 1525 1902 1596 hymnis,

321 1617 694 1688 laudibusque
751 1617 1191 1690 proseqttemini,
1250 1628 1303 1674 et
1362 1633 1483 1687 quae
1535 1617 1675 1672 bona
1741 1626 1900 1680 sunt,

327 1713 543 1763 summa
575 1722 678 1778 ope
713 1709 887 1779 magis
933 1723 998 1764 ac
1028 1708 1201 1778 magis
1247 1708 1298 1762 in
1336 1707 1450 1763 dies
1480 1706 1677 1764 set-tari
1725 1705 1906 1762 stude—

331 1800 460 1856 bitis
485 1817 501 1856 :
528 1799 795 1871 siquidem
835 1809 1047 1872 gratum
1073 1800 1404 1871 martyribus
1420 1807 1522 1862 est.
1551 1799 1594 1856 si
1620 1799 1720 1858 hoc
1745 1799 1906 1856 modo

1997 609 2222 677 adipisci
2255 610 2380 678 quis
2403 615 2587 676 queat.
2612 620 2776 674 quam
2802 604 3082 670 membris,
3106 619 3228 674 quae
3251 612 3379 659 sunt
3403 616 3566 672 super

1999 714 2231 763 terram,
2280 699 2693 754 mortiticandis.
2735 697 2856 764 Quo
2898 697 3116 767 quidem
3159 695 3378 752 nomine
3421 695 3567 747 arbi-

1998 806 2112 851 tror
2169 810 2269 865 ego
2321 796 2484 848 vitam
2531 807 2651 847 eam
2709 791 3006 860 appellari,
3066 805 3188 860 quae
3237 788 3567 846 turbulentis

1998 889 2164 943 animi
2217 887 2455 942 motibus
2500 885 2737 940 obnoxia
2784 891 2888 937 est.
2939 881 3021 936 illi
3057 896 3185 936 vero
3224 883 3569 953 sanctilicare

1999 998 2096 1034 vos
2118 979 2480 1045 dedicarcque
2505 990 2722 1035 summo
2750 973 2934 1028 studio
2963 973 3195 1037 debetis,
3224 973 3315 1043 qui
3347 973 3437 1034 iis,
3470 972 3564 1041 qui

1999 1086 2093 1123 τοι·
2117 1086 2146 1123 a
2181 1069 2554 1124 materialibus
2581 1067 2838 1122 sordibus
2863 1075 3254 1136 expurgarunt,
3283 1064 3564 1135 praemium

2000 1163 2130 1216 illml
2165 1161 2424 1232 largitur,
2479 1168 2539 1214 ut
2589 1175 2649 1215 se
2699 1159 2847 1214 clare
2892 1157 3243 1227 pervideant,
3273 1165 3329 1210 et
3361 1154 3566 1210 etelesti

2002 1252 2090 1305 illa
2121 1251 2291 1321 gloria
2323 1251 2561 1305 indidem
2591 1250 2938 1319 impleantur,
2973 1258 3032 1303 ut
3057 1247 3288 1317 Moyses.

2073 1342 2165 1395 Sic
2192 1341 2408 1410 quidem
2441 1355 2540 1410 ego
2583 1350 2738 1410 pater
2770 1348 2971 1406 vester,
3005 1355 3101 1395 vos
3128 1353 3256 1394 vero
3284 1337 3402 1401 lilii,
3438 1336 3571 1390 cha-

2007 1433 2286 1488 rissiumm
2314 1444 2366 1486 et
2393 1433 2851 1488 amabilissimum
2873 1448 3072 1487 nomen
3101 1431 3442 1486 inveniemus
3463 1429 3578 1481 lor-

2007 1537 2172 1592 tasse,
2199 1542 2323 1582 cum
2349 1525 2414 1578 ad
2449 1524 2819 1578 iuereditatem
2859 1523 3006 1577 illam
3039 1532 3298 1578 aeternam
3325 1521 3572 1576 translati

2005 1621 2235 1680 erimus,
2273 1629 2331 1672 ut
2360 1618 2542 1672 vivere
2583 1631 2689 1669 una
2724 1616 3023 1685 possimus,
3049 1615 3323 1682 simulque
3353 1613 3521 1666 iactari
3557 1629 3570 1664 :

2005 1715 2223 1784 quando
2286 1712 2535 1766 videlicet
2603 1711 2770 1766 etiam
2831 1725 3033 1764 corona
3111 1708 3452 1778 gloriationis
3509 1707 3576 1759 de

2009 1807 2164 1862 vobis
2190 1807 2537 1869 honestatus,
2584 1804 2649 1858 ad
2677 1817 3023 1857 communem
3059 1802 3347 1855 Dominum
3393 1799 3578 1854 excla-

331 1891 454 1946 fcsti
509 1906 698 1947 eorum
729 1869 862 1952 dies
886 1869 1247 1950 celebrentur;
1301 1891 1417 1950 Hoc
1453 1891 1615 1953 modo
1651 1901 1903 1948 strenuos
1933 1869 1980 1932 Β
2009 1899 2191 1960 mabo,
2227 1899 2365 1952 Ec‘ce
2393 1911 2528 1964 ego,
2572 1903 2626 1949 et
2664 1894 2838 1964 pueri,
2871 1908 3012 1964 quos
3039 1892 3233 1948 dedisti
3283 1891 3438 1952 mihi,
3471 1891 3579 1943 De-

329 1981 533 2036 Christi
566 1983 771 2054 pugiles
807 1985 1076 2040 honorare
1125 1984 1396 2039 laudabile
1422 1992 1524 2049 est,
1568 1981 1661 2038 tali
1695 1982 1901 2044 studio,

336 2073 536 2132 talibus
573 2072 842 2132 fructibus
871 2094 886 2130 :
919 2075 1078 2132 nobis
1111 2090 1238 2133 vero
1282 2075 1648 2134 obedientiam
1680 2085 1904 2144 praesta-

341 2165 488 2239 bitis,
515 2168 1016 2234 mansuetudinem,
1047 2183 1233 2238 pacem
1259 2178 1422 2238 atque
1454 2168 1826 2232 concordiam,
1851 2175 1909 2222 et

1571 2384 1905 2398 ...μ-φῄς...-

967 2384 1626 2416 WW—

2011 1989 2158 2043 mine
2211 2005 2225 2040 :
2266 1987 2366 2056 ipsi
2399 1985 2571 2057 gloria
2609 1993 2664 2040 et
2693 1984 2981 2054 imperium
3025 1983 3080 2038 in
3124 1981 3320 2038 saeula
3352 1981 3553 2036 saecqu

2011 2095 2158 2134 rum.
2191 2081 2383 2134 Amen.

1915 2379 2652 2390 Μη--ν-ου--ο
2694 2377 2956 2388 -.——.—.——-
2975 2377 3130 2386 ———.—
3192 2370 3557 2388 ...η-...ιι-

1033 2585 1725 2712 ARETH/E
1813 2580 2893 2718 CIESARIENSIS

1824 2817 2065 2870 ORATIO

938 2993 1037 3060 DE
1078 2993 1672 3058 TRANSLATIONE
1710 2993 1771 3053 S.
1820 2989 2189 3051 EUTHYMII
2242 2989 2826 3053 ARCHIEPISCOPI
2879 2993 2992 3053 CP.

1468 3177 1568 3242 Ad
1611 3176 1964 3256 sepulcrum
2005 3175 2181 3238 illius
2221 3176 2459 3238 habita.

683 3351 848 3418 (Apud
881 3347 1165 3398 LIPOHANUII
1196 3345 1265 3400 De
1295 3340 1406 3398 vilis
1429 3347 1721 3404 sanctorum,
1751 3341 1975 3390 Venetiis
2003 3339 2138 3399 1551,
2166 3338 2234 3400 1ο,
2263 3345 2379 3388 tum.
2419 3340 2502 3400 Ill,
2531 3356 2547 3387 ι
2581 3342 2854 3404 interprete
2888 3344 2991 3392 viro
3016 3343 3175 3396 docto.
3209 3344 3261 3403 ι)

1958 3521 2030 3537 ι’

425 3653 566 3720 Quid
588 3654 693 3708 hoc
719 3660 824 3716 est,
857 3666 1010 3707 sacer
1044 3661 1366 3712 conventus,
1390 3649 1680 3706 hmreditas
1711 3649 1925 3704 sancti-
1953 3665 1996 3722 ο
2029 3647 2297 3718 siquidem
2332 3646 2591 3701 memoria
2647 3644 2778 3714 justi
2808 3659 2930 3699 cum
2979 3641 3410 3708 laudationibus,
3448 3645 3612 3716 atqui.

357 3749 540 3811 licata,
595 3748 794 3818 popule
826 3746 935 3800 Deo
966 3745 1180 3800 amate?
1224 3747 1350 3815 quis
1407 3761 1578 3801 novus
1626 3753 1806 3799 vester
1840 3745 1928 3804 ille

361 3855 670 3896 concursus
701 3848 758 3894 et
783 3839 1104 3894 inusitatum
1137 3838 1415 3893 solemne?
1439 3847 1623 3908 utpote
1657 3838 1748 3892 ubi
1781 3839 1929 3892 nulla

358 3932 560 3988 latitia:
593 3932 769 4002 signa,
817 3931 962 3985 nulla
999 3931 1282 4000 amplioris
1303 3930 1582 4000 dignitatis
1601 3941 1929 3999 appareant;

360 4034 658 4094 contraque
703 4025 881 4094 potius
923 4023 1010 4076 ubi
1048 4023 1185 4076 nihil
1225 4037 1333 4076 non
1377 4022 1526 4074 triste
1558 4036 1621 4074 ac
1651 4030 1929 4085 mlestum,

363 4114 497 4169 nihil
533 4131 635 4168 non
655 4113 996 4168 lamentabile
1027 4126 1091 4167 ac
1112 4111 1308 4176 ﬂebile,
1323 4111 1454 4165 nihil
1475 4126 1579 4163 non
1599 4125 1786 4163 eorum
1814 4123 1935 4178 qua

365 4207 420 4260 in
449 4207 698 4261 maximis
723 4203 1129 4260 calamitatibus
1159 4201 1442 4256 acerbitati
1476 4216 1540 4254 ac
1566 4201 1785 4254 mterori
1813 4202 1936 4254 esse

367 4297 658 4353 homnibus
711 4303 1134 4360 consueverunt,
1192 4309 1312 4349 sese
1373 4291 1932 4363 copiosumeﬂ‘undit,

369 4399 428 4444 ut
471 4405 500 4444 a
552 4390 766 4445 cunctis
805 4388 1218 4458 propemodum,
1255 4387 1403 4441 velut
1447 4386 1516 4442 ab
1549 4401 1659 4439 uno
1698 4384 1938 4438 funebris

370 4482 554 4536 haberi
598 4481 774 4536 oratio
807 4481 1096 4535 videatur?
1131 4480 1262 4547 Quae
1294 4480 1393 4533 ista
1419 4478 1583 4548 igitur
1612 4479 1747 4531 adeo
1775 4477 1938 4532 vehe-

374 4589 530 4629 mens
553 4583 637 4628 est
659 4576 816 4644 plaga
835 4573 859 4628 i
881 4574 1072 4642 quisve
1095 4572 1216 4631 iste.
1241 4573 1336 4642 qui
1387 4581 1584 4641 praeter
1606 4586 1810 4624 morem
1841 4585 1939 4623 no-

371 4675 542 4722 strum
564 4666 807 4720 omnium
837 4665 1050 4720 animos
1075 4663 1360 4732 occupavit
1376 4663 1642 4717 dolor?ut
1659 4678 1727 4717 ne
1748 4663 1938 4718 oculos

370 4757 588 4826 quidem
643 4771 674 4811 a
728 4757 1095 4826 lacrymarum
1159 4752 1379 4808 tristitia
1439 4767 1644 4807 vacuos
1719 4752 1937 4806 tollendi

372 4851 599 4906 liberam
653 4849 805 4904 vobis
842 4848 1151 4903 facultatem
1187 4845 1504 4916 permittat?
1530 4843 1800 4901 Nimirum
1838 4844 1942 4899 Eu-

375 4945 634 5017 titymins,
677 4958 906 5014 magnus
954 4943 1046 4997 ille
1100 4942 1192 4996 Dei
1240 4940 1503 5011 pontifex,
1542 4940 1944 4995 lamentationis

2032 3742 2271 3796 laudatio
2312 3740 2468 3793 hilari
2516 3738 2816 3808 gratiarum
2867 3747 2920 3792 et
2955 3738 3172 3792 laudum
3209 3739 3444 3800 actione,
3495 3755 3615 3791 non.

2034 3832 2173 3886 tristi
2238 3829 2625 3884 lamentatione
2677 3836 2730 3880 et
2792 3827 2940 3880 luctu
3003 3828 3202 3896 quibus
3249 3843 3344 3882 vos
3403 3829 3615 3882 turbati.

2036 3941 2179 3980 nunc
2227 3925 2382 3986 estis,
2436 3921 2702 3975 contineri
2752 3921 2910 3976 solita
2957 3929 3059 3974 est.
3116 3917 3232 3974 Non
3270 3929 3416 3984 sunt,
3471 3921 3602 3973 mihi

2036 4016 2262 4076 credite,
2314 4018 2416 4069 ista
2471 4015 2750 4066 hominum
2800 4012 2892 4080 qui
2942 4027 3064 4065 esse
3103 4012 3362 4065 moderati
3419 4013 3604 4095 velint,

2036 4111 2210 4165 aliena
2243 4117 2368 4163 sunt
2396 4123 2425 4161 a
2477 4124 2632 4177 grege
2672 4116 2862 4160 nostro
2885 4122 3003 4173 qua:
3028 4121 3057 4158 a
3092 4104 3243 4159 Vobis
3273 4121 3416 4158 nunc
3450 4106 3604 4159 (lunt.

2037 4199 2287 4255 Surrexit
2327 4199 2394 4252 ad
2427 4215 2574 4263 eum,
2616 4197 2774 4267 cujus
2808 4197 3082 4252 desiderio
3110 4197 3415 4262 tenebatur,
3449 4213 3608 4267 egre-

2039 4293 2161 4364 gius
2210 4300 2453 4355 amator;
2503 4303 2730 4360 peregre
2788 4287 2855 4341 ad
2903 4287 3275 4342 munerarium
3331 4286 3616 4357 prolectus

2039 4394 2120 4439 est
2150 4398 2365 4448 cursor,
2413 4383 2480 4437 ad
2540 4397 2664 4435 eum
2734 4381 2876 4435 unde
2923 4381 3161 4450 legitime
3214 4381 3314 4450 ipsi
3368 4380 3614 4434 dandum

2040 4476 2321 4547 praemium
2361 4485 2499 4538 erat,
2530 4475 2666 4528 abiit
2704 4473 2928 4529 illustris
2982 4474 3370 4543 pancratiasta,
3404 4473 3608 4528 sudore

2039 4569 2340 4623 etiamnum
2400 4584 2464 4622 ex
2498 4567 2803 4622 vehementi
2839 4583 2868 4620 a
2901 4584 2959 4622 se
2993 4567 3235 4622 adhibita
3268 4569 3319 4622 in
3352 4569 3609 4624 certamin

2043 4660 2393 4718 contentione
2459 4659 2710 4725 madens,
2761 4671 2925 4728 atque
2991 4674 3058 4714 ex
3125 4660 3311 4714 labore
3370 4677 3619 4714 Clil'Slll'a}

2043 4752 2278 4822 graviter
2320 4753 2602 4818 anhelans,
2640 4768 2869 4822 seseque
2919 4753 3006 4806 vix
3044 4767 3152 4822 pra:
3189 4753 3508 4806 lassitudine
3549 4769 3621 4809 ac

2044 4844 2238 4898 virium
2274 4845 2440 4898 animi
2467 4844 2858 4907 imbecillitate,
2891 4855 3225 4912 sustentans,
3265 4846 3328 4899 a.|
3363 4855 3612 4915 paratam

2047 4937 2148 4992 sibi
2179 4939 2231 4991 in
2263 4938 2431 4991 altera
2484 4938 2595 4991 vita
2639 4938 2880 5007 requiem
2932 4939 3195 5011 pervenit,
3230 4938 3386 5006 cujus
3426 4955 3454 4991 a
3498 4954 3617 4991 mu.

375 5037 532 5091 vobis
572 5036 731 5091 istius
769 5051 936 5090 causa
983 5034 1107 5098 fuit,
1147 5035 1414 5088 innocens
1445 5033 1709 5103 injuriose
1743 5043 1942 5087 tracta-
1977 5033 2018 5086 D
2050 5030 2219 5084 lestiis
2247 5029 2504 5081 omnibus
2539 5043 2720 5082 vacuae
2752 5027 2864 5097 jam
2901 5029 3075 5084 lactus
3113 5039 3196 5082 cst
3235 5029 3525 5098 particeps.
3554 5027 3611 5082 lu

379 5137 486 5187 tus.
519 5145 548 5181 a
579 5129 705 5182 sede
739 5143 838 5182 sua
875 5127 1067 5197 procul
1097 5127 1437 5190 exturbatus,
1479 5126 1547 5180 ab
1575 5127 1735 5196 impia
1771 5128 1942 5181 scele-

380 5227 622 5270 ratorum
692 5231 854 5272 manu
915 5217 1224 5279 damnatus,
1279 5226 1453 5270 morte
1507 5232 1653 5270 nunc
1708 5215 1942 5284 denique

384 5311 664 5376 multatus,
713 5319 876 5380 atque
932 5309 1070 5363 inid
1121 5317 1425 5378 postremo,
1471 5307 1618 5377 quod
1681 5307 1770 5363 hic
1817 5315 1941 5362 ante

381 5403 570 5456 oculos
608 5403 844 5472 positum
877 5411 982 5466 est,
1007 5403 1314 5472 sepulcrum
1352 5401 1551 5454 illatus.

452 5492 518 5546 Et
566 5493 694 5560 quid
758 5493 974 5556 borum,
1037 5505 1246 5560 quaeso,
1301 5506 1554 5560 ntuguum
1609 5490 1743 5545 adeo
1789 5489 1944 5546 vobis

383 5584 624 5639 excitare
656 5582 839 5636 lit-tum
869 5583 1096 5639 debuit?
1125 5585 1236 5638 imo
1281 5597 1404 5636 vero
1437 5581 1566 5652 quid
1602 5592 1706 5649 est,
1745 5583 1799 5637 in
1833 5597 1945 5653 quo

386 5693 492 5731 non
521 5694 733 5732 summa
764 5694 884 5734 esse
929 5679 1111 5734 Iustitia
1141 5694 1466 5748 summaque
1512 5678 1829 5748 juctmditas
1853 5680 1948 5734 tle-

388 5769 550 5824 brat?
573 5771 768 5831 quidve
787 5771 1078 5840 ejusmodi,
1100 5786 1208 5840 quo
1230 5787 1335 5825 non
1363 5772 1562 5841 quivis,
1581 5771 1721 5842 quia
1750 5771 1950 5827 smculo

387 5859 498 5917 Deo
551 5863 622 5918 sit
655 5873 1029 5930 consecratus,
1080 5865 1225 5919 velut
1278 5855 1597 5921 honestaius
1645 5865 1951 5936 glorietur?

2051 5136 2111 5175 Ca
2151 5119 2587 5188 pulchritudines
2638 5119 2806 5187 ipsas,
2853 5135 3083 5188 quarum
3125 5135 3290 5174 causa
3339 5121 3392 5173 in
3443 5129 3619 5174 certa-

2051 5212 2197 5265 mina
2226 5211 2316 5264 illa
2361 5210 2742 5276 descenderat,
2773 5211 2884 5279 jam
2917 5213 3336 5280 contemplatur,
3372 5212 3615 5266 laborum

2055 5317 2280 5357 suorum
2321 5301 2542 5370 praemia
2575 5302 2641 5355 de
2674 5317 2850 5355 rerum
2887 5302 3131 5355 ninnium
3165 5311 3382 5369 potente
3417 5300 3622 5368 aeeepit

2055 5395 2298 5460 dextera,
2349 5401 2664 5463 aeternaque
2718 5394 2918 5462 potitur
2958 5395 3314 5449 beatitudine.
3353 5392 3620 5460 Quocirca

2054 5490 2254 5562 gaudio
2315 5487 2562 5550 exsilire,
2612 5488 2907 5556 laetitiaque
2959 5487 3138 5542 ell‘erri
3193 5497 3430 5557 oportet,
3479 5492 3621 5559 quod

2049 5583 2363 5639 cwlestibus
2404 5581 2490 5634 ille
2522 5582 2727 5651 potitur
2775 5581 3036 5650 prmmiis,
3081 5581 3227 5650 quod
3260 5581 3621 5653 lacrymarum

2049 5691 2272 5731 suarum
2340 5674 2625 5738 sementis,
2675 5689 2838 5741 quam
2884 5671 3022 5728 ﬂens
3070 5674 3269 5744 sparsit
3313 5673 3364 5728 in
3402 5685 3622 5740 terram,

2050 5785 2197 5824 nunc
2229 5768 2476 5836 gaudens
2511 5765 2824 5835 manipulos
2865 5765 3074 5836 colligit
3109 5782 3172 5822 ac
3206 5766 3396 5824 beatus
3436 5766 3627 5820 trimu-

2051 5864 2205 5934 pltat.
