4046 6636
412 439 520 504 799

1228 437 1556 498 ARETIUE
1596 436 1973 499 CIESAREzE
2014 434 2492 498 CAPPADOCUE
2546 435 2885 498 EPISCOPI

3560 440 3666 503 800

489 550 569 605 Tu
599 564 727 605 vero
765 546 964 619 quibus
993 560 1056 601 ex
1100 546 1269 601 rebus
1317 562 1591 601 summam
1629 562 1826 617 capere
1859 546 1995 600 lmti-
2028 554 2067 608 Α
2100 560 2273 614 eaque
2322 547 2437 614 ipse
2482 554 2871 615 persecuturus
2921 547 3304 603 tantummodo
3344 563 3468 620 qua:
3498 552 3567 606 ah
3593 567 3665 612 eo

419 640 550 694 tiam
590 639 775 703 debes,
811 638 883 691 ob
913 652 1007 691 eas
1039 635 1334 691 dolendum
1368 636 1463 690 tibi
1493 647 1546 689 et
1578 635 1986 690 lamentandum

419 732 618 799 putas?
664 730 829 798 Atqui
881 742 1057 797 neque
1106 728 1215 781 Deo
1269 736 1421 797 grata
1468 734 1596 782 sunt
1641 726 1765 791 ista,
1813 740 1990 795 neque

420 821 715 891 Euthymio
769 820 1125 875 conveniunt.
1178 817 1422 873 Tametsi
1485 817 1629 872 enim
1696 819 1848 871 visus
1909 827 1991 871 est

420 913 595 968 oculis
622 911 997 982 insipientium
1028 912 1168 965 mori
1205 911 1298 978 (ut
1328 918 1413 963 est
1443 911 1496 964 in
1524 908 1696 964 sacris
1731 906 1989 976 Litteris)

421 1016 479 1059 et
528 1005 841 1060 existimata
873 1012 958 1060 est
990 1003 1213 1056 afllictio
1247 1001 1426 1055 exitus
1458 1001 1599 1068 ejus,
1630 1008 1685 1054 et
1716 999 1991 1053 discessus

422 1109 455 1149 a
512 1096 670 1151 nobis
722 1096 1012 1158 contritio;
1073 1092 1432 1147 nihilominus
1472 1100 1651 1145 tamen
1713 1106 1858 1145 nunc
1907 1099 1993 1146 est

424 1185 479 1240 in
524 1201 679 1255 pace,
714 1186 972 1255 quoniam
1007 1184 1148 1237 Dens
1178 1184 1327 1236 illum
1371 1182 1631 1248 suscepit,
1665 1182 1890 1236 tentavit
1924 1183 1991 1236 il-

426 1275 539 1330 lum
565 1287 619 1331 et
662 1276 868 1330 invenit
909 1275 1135 1343 dignum
1169 1288 1259 1338 se;
1292 1282 1550 1343 tanquam
1581 1289 1770 1328 aurum
1801 1274 1853 1327 in
1881 1273 1993 1327 for-

425 1383 559 1422 nace
610 1367 858 1437 probavit
893 1367 1068 1429 illum,
1102 1376 1155 1420 et
1188 1368 1343 1435 quasi
1391 1367 1767 1421 holocaustum
1807 1366 1993 1420 hostia:

428 1458 639 1527 accepit
670 1457 857 1523 illum;
901 1466 1064 1527 atque
1104 1459 1174 1511 oh
1218 1473 1338 1511 eam
1378 1473 1598 1512 causam
1648 1458 1700 1510 in
1751 1468 1993 1525 tempore

425 1552 589 1603 etiam
657 1551 984 1605 visitationis
1053 1550 1381 1620 splendebit,
1449 1551 1669 1620 quando
1745 1548 1995 1603 videlicet

424 1655 615 1697 omnes
659 1641 793 1712 justi
846 1641 1128 1710 fulgebunt
1163 1652 1221 1697 ut
1256 1643 1357 1704 sol,
1401 1643 1720 1697 clarissima:
1768 1642 1875 1696 luci
1914 1640 1992 1695 illi

425 1730 773 1799 conjunctus,
793 1732 1140 1801 tenebrisque
1158 1748 1221 1786 ac
1243 1734 1475 1804 caligine
1492 1748 1617 1803 pars
1630 1736 1694 1787 ad
1714 1732 1993 1787 sinistram

426 1823 600 1892 posita
643 1823 1139 1887 circumfundetur;
1178 1824 1452 1894 stabitque
1488 1825 1673 1893 justus
1731 1824 1994 1877 adversus

348 1992 351 1995 δ
427 1927 524 1967 eos
552 1913 646 1983 qui
687 1930 746 1967 se
785 1913 1260 1984 augustiaverunt,
1306 1915 1350 1970 si
1386 1915 1515 1984 quid
1547 1914 1732 1967 divino
1768 1912 1997 1967 creden-
2026 1902 2074 1961 B

426 2005 557 2059 dum
611 2016 694 2060 est
744 2006 1039 2074 prophetze,
1088 2006 1179 2075 qui
1243 2007 1508 2075 supplicia
1569 2005 1769 2075 quibus
1814 2014 1999 2074 postea

427 2097 701 2166 plectendi
750 2112 851 2167 pro
904 2096 1115 2151 meritis
1176 2097 1425 2167 injuriosi
1470 2097 1721 2152 homines
1772 2094 2004 2159 fuerint,

428 2189 724 2245 describit.

500 2274 701 2332 Verum
747 2279 893 2333 enim
945 2279 1074 2349 quid
1117 2288 1201 2334 est
1252 2278 1447 2332 horum
1491 2275 1825 2347 huiusmodi,
1854 2272 2005 2346 quod

428 2367 689 2425 lamentis
730 2370 1167 2441 prosequamur?
1209 2369 1340 2436 Quae
1373 2368 1534 2423 istius
1592 2384 1714 2438 quae
1762 2383 1863 2422 nos
1909 2382 2003 2421 oc-

430 2462 649 2532 cupavit
699 2463 936 2518 tristitia:
982 2477 1147 2519 causa
1177 2503 1192 2529 ,
1251 2461 1465 2516 undeve
1524 2469 1706 2515 tantus
1757 2461 1861 2516 iSte
1908 2460 2000 2530 qui

431 2570 650 2612 nostros
709 2557 923 2612 animos
978 2556 1168 2626 afﬂigit
1230 2554 1466 2609 mmror?
1526 2554 1838 2623 potiusque,
1871 2552 2002 2623 quid

431 2652 575 2720 quod
614 2666 721 2705 non
775 2650 1142 2706 sanctissima:
1195 2649 1359 2718 hujus
1406 2649 1509 2702 viri
1550 2647 1747 2701 animae
1798 2661 2003 2702 conve-

434 2742 587 2796 niat?
619 2741 892 2812 Quodque
923 2756 1031 2795 non
1064 2740 1325 2795 laudabili
1368 2740 1535 2794 totius
1581 2738 1701 2806 ejus
1726 2739 1848 2792 vitae
1876 2753 2005 2792 cur-

434 2835 611 2888 riculo
649 2849 823 2903 usque
857 2834 926 2887 ab
956 2832 1300 2887 incunabulis
1332 2829 1704 2900 respondeat?

505 2926 720 2995 Quippe
751 2925 898 2980 enim
942 2922 1244 2979 Seleuciam
1279 2922 1368 2977 ille
1400 2923 1587 2977 habuit
1615 2932 1863 2983 matrem,
1885 2934 2007 2989 quae

434 3019 651 3085 generis
691 3017 1095 3072 necessitudine
1155 3015 1479 3083 Gregorium
1535 3013 1778 3068 divinum
1830 3012 2003 3065 virum

435 3112 589 3166 illum
647 3112 960 3181 attingeret,
1022 3124 1183 3179 quem
1234 3109 1463 3163 alterum
1529 3106 2004 3175 Thaumaturgum

440 3218 641 3272 magno
697 3217 798 3256 suo
850 3202 994 3255 bono
1027 3210 1161 3256 actas
1206 3215 1271 3255 ea
1312 3200 1455 3264 tulit,
1498 3213 1619 3268 qua:
1661 3198 1800 3251 hanc
1843 3196 2005 3266 paulo

435 3304 563 3350 ante
585 3305 824 3347 nostram
847 3290 1145 3363 praecessit,
1170 3303 1351 3345 ortum
1384 3291 1559 3359 ipsum
1585 3303 1799 3358 quoque
1816 3302 1880 3342 ex
1902 3286 2004 3341 De-

435 3386 613 3455 capoli
646 3383 901 3450 Isaurize;
930 3398 1231 3451 verumque
1263 3396 1386 3435 esse
1420 3380 1624 3433 dictum
1657 3378 1786 3432 illud
1822 3376 2010 3431 docuit

436 3486 493 3533 et
534 3476 881 3532 confirmavit
916 3492 929 3529 :
973 3474 1266 3529 Gem-ratio
1314 3482 1585 3525 rectorum
1636 3469 2009 3524 benedicetur.

443 3570 712 3640 Exevp'us
745 3583 872 3623 vero
912 3583 1039 3621 mox
1073 3576 1155 3619 est
1186 3565 1255 3619 ab
1291 3562 1540 3635 Olympo.
1588 3560 2012 3632 pl'll‘Clal‘iSSllllO

436 3661 762 3717 Christianae
788 3657 1091 3726 disciplina:
1128 3654 1422 3710 domicilio.
1456 3651 1605 3706 Unde
1639 3659 1760 3720 post
1791 3652 1845 3704 iu
1889 3664 2011 3703 mo-

437 3754 741 3808 nasterium
789 3758 873 3805 est
918 3748 1173 3811 traditus,
1224 3746 1366 3816 quod
1412 3751 1496 3797 cst
1524 3743 1588 3797 ad
1622 3743 1802 3797 sinum
1852 3743 2011 3796 Asta-

438 3859 657 3908 eenum,
688 3843 779 3897 ubi
809 3840 1062 3896 similiter
1097 3853 1318 3909 quoque
1347 3836 1562 3908 egregie
1587 3836 1848 3892 certando
1874 3852 2013 3907 prm-

437 3937 585 3992 clara
613 3935 734 4006 ejus
771 3935 946 3989 virtus
981 3932 1200 3988 enituit.

509 4028 785 4082 Caeterum
823 4041 946 4097 qua:
979 4024 1085 4082 sibi
1151 4024 1241 4079 ille
1293 4032 1492 4094 tropa'a
1543 4021 1864 4092 singillatim
1914 4020 2012 4075 ad-

438 4127 631 4175 versus
658 4133 1007 4175 communem
1052 4116 1298 4172 omnium
1346 4124 1592 4170 nostrum
1638 4113 2009 4169 adversarium

437 4211 690 4275 erexerit,
714 4226 945 4281 quaeque
973 4224 1040 4265 ex
1066 4209 1132 4264 iis
1161 4211 1213 4263 in
1238 4208 1439 4279 quibus
1473 4208 1797 4263 excellenter
1820 4206 2013 4261 admo-

438 4306 568 4359 dum
596 4319 653 4360 se
674 4305 843 4375 gessit
875 4303 1269 4358 certaminibus
1304 4303 1565 4372 praeclara
1597 4301 1839 4355 victoria:
1877 4300 2010 4355 insi-

439 4397 564 4464 gnia
614 4397 936 4466 reportarit,
993 4412 1183 4452 eorum
1236 4395 1483 4448 omnium
1530 4392 2014 4448 connuemoratioa

440 4505 563 4543 nem
598 4488 705 4543 illis
732 4504 852 4543 sum
889 4488 1204 4551 relicturus,
1235 4486 1327 4555 qui
1356 4486 1457 4554 ipsi
1491 4485 1678 4538 invicti
1706 4483 1806 4537 viri
1849 4482 2012 4551 hujus

2096 647 2246 709 gesta
2278 646 2403 693 sunt
2432 645 2646 707 postea.

2183 728 2423 783 Habebat
2453 743 2520 783 ex
2567 743 2633 783 eo
2660 737 2901 799 tempore
2935 745 3100 801 penes
3134 746 3194 788 se
3223 732 3576 791 celeberrima
3608 747 3667 792 et

2096 822 2246 892 regia
2277 822 2391 877 haec
2419 820 2615 877 civitas
2648 822 2913 876 illustrem
2948 834 3197 878 nostrum
3230 826 3375 881 hunc
3402 828 3664 896 pugilem,

2097 915 2189 984 qui
2241 929 2365 970 cum
2404 914 2637 984 benigne
2686 929 2714 968 a
2748 914 2978 983 privatis
3028 915 3267 986 hospitio
3308 919 3665 989 reciperetur,

2098 1006 2397 1061 mercedem
2426 1021 2544 1060 eam
2575 1006 2756 1061 collati
2794 1007 2848 1060 in
2880 1022 2939 1062 se
2967 1007 3036 1061 ab
3068 1009 3202 1077 ipsis
3227 1008 3386 1064 oflicii
3412 1012 3667 1066 omnibus

2096 1097 2444 1167 rependebat,
2474 1113 2635 1168 quam
2664 1099 2880 1168 assequi
2914 1098 3038 1155 illos
3076 1101 3324 1168 decebat,
3364 1101 3455 1171 qui
3487 1103 3663 1157 virum

2097 1190 2391 1244 virtutibus
2416 1190 2552 1244 adeo
2580 1190 2957 1257 excellentem,
2991 1192 3219 1247 comiter
3243 1192 3667 1264 humaniter-que

2098 1289 2414 1335 tractarent.
2468 1281 2697 1348 Quando
2740 1282 2938 1337 mulier
2992 1283 3155 1337 etiam
3206 1284 3297 1339 illa
3361 1283 3665 1354 Sareptena

2099 1374 2278 1427 meriti
2311 1372 2455 1442 quod
2488 1373 2541 1427 in
2571 1373 2742 1427 Eliam
2786 1374 2937 1428 illum
2974 1373 3293 1429 Thesbitem
3329 1376 3665 1440 contulerat,

2098 1460 2280 1515 debita
2326 1460 2573 1517 mercede
2616 1460 2866 1514 fraudata
2900 1475 3007 1514 non
3054 1461 3191 1527 fuit;
3228 1462 3498 1532 siquidem
3541 1477 3669 1533 pro-

2100 1562 2281 1622 pterea
2316 1552 2459 1622 quod
2491 1552 2665 1607 amice
2711 1552 2861 1606 illum
2897 1552 3137 1623 hospitio
3168 1561 3508 1622 susceperat,
3547 1570 3668 1606 ain-

2101 1646 2271 1716 pliora
2324 1644 2373 1699 ei
2422 1645 2688 1700 divinitus
2734 1646 2801 1699 ad
2860 1646 3026 1698 vitam
3077 1645 3377 1716 degendam
3428 1645 3667 1700 vicissim

2103 1741 2302 1793 tributa
2338 1736 2490 1792 fuere
2533 1737 2808 1807 prtesidia.
2859 1734 3104 1791 Celebris
3156 1736 3268 1805 jam
3322 1752 3669 1807 quoquover-

2103 1847 2221 1887 sum
2250 1830 2485 1884 nominis
2508 1830 2626 1900 ejus
2655 1829 2799 1884 fama
2836 1829 3255 1899 pervagabatur.
3282 1826 3470 1898 Neque
3496 1829 3667 1891 enim,

2103 1934 2159 1979 ut
2214 1924 2475 1979 Dominus
2518 1922 2616 1985 ait,
2668 1921 2933 1977 abscondi
2982 1936 3147 1989 supra
3207 1930 3443 1975 montem
3487 1921 3667 1989 posita

2101 2014 2289 2069 civitas
2322 2022 2514 2082 potest.
2556 2013 2693 2067 Hinc
2718 2013 2769 2066 in
2799 2012 2943 2082 regis
2977 2012 3225 2067 notitiam
3270 2013 3535 2081 pervenit,
3569 2014 3673 2065 mi-

2101 2114 2251 2159 ratur
2274 2104 2487 2158 virtutis
2521 2103 2640 2173 ejus
2674 2102 2944 2173 egregiam
2965 2103 3198 2156 indolem
3224 2141 3239 2165 ,
3281 2104 3517 2156 amicum
3569 2101 3671 2154 sibi

2101 2194 2253 2248 illum
2289 2192 2560 2262 adjungit,
2593 2206 2658 2246 ac
2698 2191 3023 2262 patriarchae
3047 2191 3140 2262 qui
3170 2200 3287 2246 erat
3323 2206 3391 2246 eo
3422 2199 3671 2260 tempore

2099 2284 2546 2341 contubernalem
2580 2280 2732 2337 facit.

2174 2376 2325 2431 llaud
2363 2377 2437 2431 ita
2482 2375 2654 2431 multo
2688 2383 2812 2446 post
2850 2374 3147 2430 vehemens
3186 2370 3488 2428 Ecclesiam
3533 2378 3673 2425 tem-

2101 2480 2282 2541 pestas
2300 2469 2519 2534 invasit,
2538 2484 2703 2539 quam
2722 2469 2866 2538 ejus,
2900 2467 2954 2522 iu
2982 2468 3141 2537 cujus
3170 2474 3283 2520 tum
3315 2479 3482 2519 manu
3512 2472 3674 2518 erant

2102 2561 2490 2631 gubernacula,
2550 2560 2865 2631 arrogantia
2893 2560 3196 2615 excitarat:
3234 2558 3287 2612 in
3317 2572 3426 2627 quo
3452 2555 3673 2624 quidem

2104 2655 2342 2711 tumultu
2385 2669 2513 2709 cum
2564 2660 2756 2709 auctor
2801 2654 2922 2723 ejus
2956 2652 3045 2706 ille
3077 2651 3170 2721 qui
3208 2649 3386 2703 fuerat
3422 2648 3665 2702 animum

2102 2747 2515 2817 despondisset,
2547 2745 2799 2816 sacrique
2826 2744 2912 2800 sui
2944 2743 3164 2799 honoris
3186 2741 3394 2812 repudii
3429 2739 3670 2794 libellum

2104 2839 2366 2895 Ecclesiae
2396 2837 2657 2901 dedisset,
2681 2837 2861 2892 malus
2896 2836 3036 2890 male
3075 2834 3228 2889 abiit.
3281 2831 3487 2887 Aderat
3533 2846 3675 2885 unus

2106 2929 2153 2983 is
2205 2939 2317 2983 tum
2374 2928 2625 2995 idoneus,
2676 2928 2771 2997 qui
2837 2927 3116 2982 desertum
3166 2924 3219 2979 id
3259 2924 3328 2979 ab
3362 2938 3429 2977 eo
3476 2938 3677 2978 munus

2106 3022 2432 3091 susciperet.
2469 3021 2602 3087 Quis
2641 3020 2788 3075 enim
2825 3032 2913 3081 eo,
2941 3019 3035 3089 qui
3067 3017 3209 3087 apud
3238 3031 3433 3071 omnes
3471 3023 3590 3069 erat
3619 3015 3674 3067 in

2110 3113 2307 3183 gratia,
2356 3113 2528 3184 magis
2578 3112 2672 3181 qui
2721 3111 2773 3166 ei.
2822 3110 3035 3164 muneri
3083 3107 3443 3178 praeficeretur
3490 3116 3674 3176 aptus,

2110 3208 2392 3276 magisque
2442 3205 2640 3274 dignus
2690 3211 2906 3273 poterat
2952 3200 3224 3271 judicari?
3275 3201 3349 3253 Ex
3394 3214 3503 3267 quo
3547 3212 3681 3253 sane

2114 3304 2313 3359 factum
2369 3306 2452 3354 est
2504 3307 2565 3352 ut
2618 3296 2762 3365 quod
2800 3295 2923 3349 aliis
2975 3292 3162 3347 multis
3200 3308 3303 3348 usu
3347 3307 3457 3347 non
3504 3292 3676 3353 venit,

2112 3393 2370 3464 suffragio
2426 3390 2714 3456 universae,
2746 3402 2890 3457 "quae
2935 3387 3038 3441 sub
3085 3387 3225 3440 coelo
3279 3394 3382 3449 est,
3422 3384 3680 3438 Ecclesia:

2111 3486 2355 3539 delectus
2411 3481 2503 3545 sil,
2560 3480 2655 3550 qui
2701 3477 3361 3547 Constantinopolitanam
3414 3478 3555 3529 hanc
3596 3489 3680 3528 re-

2111 3578 2340 3647 gendam
2382 3572 2701 3641 susciperet.
2740 3569 3145 3623 Animadvertis
3189 3568 3368 3637 qualis
3398 3568 3465 3623 sit
3499 3570 3600 3622 iste
3626 3575 3680 3621 et

2115 3678 2355 3740 quantus
2402 3666 2506 3732 vir,
2532 3674 2586 3719 et
2616 3662 2922 3733 cuiusmodi
2956 3661 3193 3732 praemiis
3216 3660 3286 3714 ob
3316 3660 3536 3714 virtutis
3562 3658 3679 3726 ejus

2112 3758 2481 3831 praestantiam
2516 3756 2779 3810 aflicitur?
2813 3753 2919 3808 Sed
2946 3753 3035 3821 qui
3065 3767 3129 3807 ea
3176 3752 3425 3821 persequi
3468 3762 3676 3821 potem,

2072 3882 2075 3883 ν
2112 3868 2232 3918 quae
2265 3859 2394 3906 sunt
2438 3848 2697 3916 deinceps
2748 3845 2974 3901 secuta?
3006 3842 3347 3899 chariorum
3395 3844 3676 3897 hominum

2114 3944 2399 4008 invidiam,
2461 3942 2663 3997 caedem
2724 3939 2793 3993 ab
2842 3936 3025 4007 impiis
3061 3935 3283 3999 factam,
3345 3934 3563 3989 crudele
3614 3948 3679 3987 ac

2112 4035 2407 4091 violentum
2446 4029 2740 4101 judicium,
2770 4026 3050 4096 judicibus
3084 4025 3153 4078 iis
3186 4023 3260 4094 (ο
3290 4022 3559 4093 justitiam
3596 4022 3678 4073 di-

2115 4128 2319 4190 vinam,
2350 4139 2383 4178 o
2413 4123 2789 4189 incorruptum
2819 4116 2910 4171 Dei
2942 4114 3213 4169 tribunal!
3242 4113 3260 4181 )
3294 4113 3496 4183 quibus
3524 4110 3669 4163 nulla

2112 4234 2242 4276 cura
2279 4217 2383 4271 fuit
2415 4228 2720 4275 sacrorum,
2754 4212 2847 4264 sed
2875 4210 2969 4263 toti
2999 4209 3051 4262 in
3083 4222 3251 4261 unum
3285 4214 3494 4260 tantum
3521 4210 3679 4257 erant

2114 4320 2383 4381 quaestum
2425 4307 2641 4361 intenti.
2684 4304 2854 4371 Cujus
2886 4316 3047 4356 causa
3077 4300 3177 4369 ipsi
3221 4299 3290 4354 ab
3331 4298 3583 4353 universa
3626 4308 3679 4350 et

2113 4416 2247 4457 sana
2276 4398 2527 4452 Ecclesia:
2559 4403 2711 4466 parte
2736 4391 2995 4457 abscissi,
3042 4391 3108 4445 ad
3159 4389 3447 4444 sanitatem
3502 4386 3679 4442 redire

2116 4505 2222 4544 non
2252 4495 2566 4558 potuerunt,
2596 4494 2650 4540 et
2691 4492 2926 4554 arrepta,
2961 4498 3121 4551 quam
3157 4496 3372 4537 summe
3402 4487 3679 4548 optarant,

437 4579 833 4635 crrtaminibus
888 4578 1203 4633 interfuere.
1260 4577 1539 4646 Siquidem
1592 4576 1625 4629 ii
1651 4589 1841 4629 eorum
1892 4590 2014 4642 qua:
2040 4582 2092 4640 1)
2120 4578 2430 4640 occasione,
2462 4592 2491 4631 a
2526 4575 2673 4630 nullo
2720 4590 2778 4632 se
2807 4573 3012 4646 (modo
3039 4572 3297 4642 possent)
3331 4569 3679 4641 quantumvis

437 4671 613 4726 oculis
648 4670 751 4741 ipsi
778 4669 1008 4725 viderint
1042 4670 1180 4735 suis,
1214 4677 1379 4722 testes
1412 4683 1535 4723 esse
1567 4674 1821 4736 poterunt
1856 4664 2010 4718 loeu-

439 4762 749 4834 pletissimi,
780 4762 949 4816 veluti
990 4776 1220 4816 summa:
1256 4759 1416 4813 famis
1447 4774 1511 4813 ac
1534 4759 1655 4811 sitis
1681 4755 2008 4821 tolerantiae,

441 4870 779 4925 Summa:tu
820 4853 1120 4917 nuditatis;
1162 4853 1364 4921 quippe
1418 4865 1542 4904 cum
1596 4850 1757 4902 unica
1797 4855 2009 4901 tantum

436 4955 589 4998 veste
634 4943 1032 4998 intolerabilem
1079 4942 1189 4997 vim
1226 4941 1372 4995 illam
1420 4938 1643 5010 frigoris
1695 4938 2008 5003 sustineret,

436 5037 763 5091 uncinorum
810 5043 1070 5106 praeterea
1120 5035 1477 5088 hamorumve
1532 5048 1561 5086 e
1607 5030 1829 5086 sublimi
1876 5046 2010 5100 pen-

437 5129 707 5192 dentium,
760 5128 961 5196 quibus
1007 5126 1173 5182 veluti
1226 5124 1551 5180 necessitate
1590 5124 1823 5192 quadam
1863 5137 2009 5178 sum-

439 5234 573 5273 num
604 5219 694 5273 ille
725 5218 796 5273 ab
823 5217 1001 5272 oculis
1029 5217 1250 5272 arcebat
1276 5216 1414 5278 suis,
1447 5218 1592 5284 quod
1628 5214 1877 5283 exemplo
1905 5213 2008 5270 Da-

437 5310 526 5364 vid
552 5311 925 5366 habitaculum
950 5309 1215 5371 invenire,
1248 5300 1541 5377 locumque
1568 5307 1657 5362 ubi
1684 5307 2004 5377 quiesceret,

438 5404 788 5458 vehementer
837 5411 1071 5472 optaret,
1110 5402 1202 5457 ubi
1249 5402 1508 5455 nimirum
1559 5401 1705 5457 nulla
1739 5416 1804 5455 ex
1856 5401 2005 5457 curis

436 5497 564 5551 vitae
614 5496 776 5565 hujus
818 5494 1124 5559 fluctuatio,
1183 5495 1327 5549 nulla
1384 5504 1469 5551 est
1512 5496 1821 5549 animorum
1870 5503 2006 5549 tem-

438 5596 641 5654 pestas,
679 5586 824 5640 nulla
857 5586 1076 5655 gravior
1114 5602 1145 5641 a
1191 5586 1439 5643 scelestis
1470 5587 1757 5657 spiritibus
1796 5588 2003 5642 invecta

437 5676 694 5745 procella.
740 5676 971 5743 Herum,
1016 5678 1257 5750 inquam,
1310 5681 1551 5734 omnium
1602 5695 2001 5736 commemora-

437 5770 666 5835 tionem,
717 5785 780 5826 ac
820 5772 888 5825 de
922 5776 1438 5830 commemoratione
1468 5775 1695 5845 gloriam
1737 5775 2000 5843 integram

440 5861 546 5916 illis
592 5863 685 5936 qui
716 5880 776 5920 ea
815 5864 915 5937 ipsi
950 5879 1250 5937 praesentes
1282 5869 1487 5937 videre,
1528 5884 1649 5925 sum
1683 5868 1999 5929 relicturus,

2122 4667 2329 4723 nefario
2377 4665 2705 4738 flagitiorum
2752 4681 2816 4721 ac
2848 4664 3146 4720 facinorum
3179 4678 3376 4732 genere
3409 4672 3679 4731 tempera-

2121 4767 2269 4823 runt,
2302 4774 2369 4812 ne
2400 4758 2445 4814 si
2479 4758 2715 4828 parietes
2744 4756 2961 4827 quidem
2994 4755 3227 4827 perfodi,
3266 4763 3362 4809 aut
3390 4766 3678 4808 crumeuas

2117 4854 2359 4909 desecari
2389 4867 2526 4922 opus
2558 4851 2771 4914 fuisset,
2802 4851 3003 4920 quippe
3033 4865 3157 4904 cum
3190 4849 3384 4903 domos
3421 4844 3678 4914 iniquita-

2120 4955 2232 4999 tum
2262 4943 2467 5013 replere
2500 4942 2823 4998 festinarent
2858 4940 3131 4995 tenebrosi
3179 4949 3355 4994 terrae.
3402 4937 3541 4991 Hinc
3594 4935 3677 4989 in-

2116 5036 2392 5093 credibilis
2429 5051 2619 5091 eorum
2650 5034 2829 5091 rabies
2860 5034 3082 5099 exarsit,
3105 5032 3361 5100 quoniam
3388 5031 3534 5083 nulla
3566 5028 3675 5095 jam

2117 5128 2186 5183 iis
2213 5125 2356 5197 juris
2389 5127 2595 5195 species
2624 5125 2884 5187 reSIabat,
2920 5139 3082 5194 quam
3119 5122 3421 5177 facinorum
3452 5133 3675 5175 suorum

2115 5220 2399 5276 audaciam
2440 5226 2793 5288 prmtexerent
2822 5234 2838 5284 ;
2865 5226 2920 5271 et
2954 5216 3123 5270 totius
3170 5214 3311 5268 sacri
3345 5210 3553 5267 ordinis
3589 5224 3675 5265 se-

2113 5323 2238 5369 cuta
2289 5311 2530 5367 venditio
2567 5317 2651 5365 est
2678 5324 2798 5379 qua:
2832 5307 3033 5377 palam,
3074 5305 3186 5376 jam
3213 5303 3449 5375 projecta
3499 5297 3677 5355 omnis

2112 5403 2460 5467 verecundia,
2484 5400 2667 5456 ﬁebat.

2183 5498 2322 5553 Hine
2371 5504 2566 5566 praeter
2620 5504 2845 5549 caeteros
2896 5494 2950 5547 in
3017 5491 3165 5546 hunc
3220 5502 3439 5557 quoque
3497 5485 3674 5538 virum

2113 5591 2400 5648 sanctitate
2446 5586 2821 5658 plenissimum
2867 5582 3116 5655 superba:
3161 5580 3677 5647 contumeliosisque

2112 5680 2332 5739 silentio
2377 5677 2769 5749 praetereunda;
2800 5675 2903 5731 illa:
2949 5688 3097 5729 nunc
3142 5688 3169 5726 a
3222 5671 3379 5726 nobis
3428 5670 3675 5739 iujurize;

2111 5772 2265 5829 nefas
2316 5784 2550 5840 namque
2596 5767 2727 5823 mihi
2774 5756 3009 5821 arbitror
3052 5777 3194 5827 esse,
3226 5760 3292 5817 .si
3346 5757 3673 5815 receiiscmla

2110 5866 2287 5921 denuo
2313 5879 2500 5920 earum
2533 5859 2867 5931 turpitudine
2910 5858 3148 5928 linguam
3174 5855 3451 5927 inquiuein
3480 5863 3674 5914 meam,
