4010 6618
260 419 360 482 801

1175 413 1457 474 ORATIO
1496 413 1592 473 DE
1627 410 2042 481 TRANSLAT.
2084 410 2143 467 Β.
2185 411 2592 473 EUTHYMII.

3391 411 3498 476 802

258 551 381 590 cum
422 548 517 589 eas
553 531 716 586 etiam
749 530 1108 587 Barbarornm
1147 532 1292 587 oculi
1340 532 1534 586 merito
1587 530 1825 586 aversari
1855 534 1903 593 Λ
1930 540 1982 585 et
2015 530 2336 586 nutritorem
2377 532 2528 586 illum
2575 546 2737 586 suum
2784 532 2938 602 egeni
2976 532 3346 603 appellabant,
3384 549 3499 586 mn-

260 627 665 692 abhorrereqne
702 620 1053 686 debuissent;
1095 619 1541 690 quandoquidem
1597 620 1827 673 aderant

259 718 425 772 etiam
470 714 754 785 legationis
800 728 965 768 causa
1020 712 1303 777 Saraceni,
1355 722 1409 767 et
1462 712 1630 766 totius
1679 711 1826 766 illius

258 808 483 878 majoris
513 820 679 876 quam
723 805 954 861 scenica:
986 815 1080 860 aut
1111 806 1329 875 tragicae
1362 804 1524 859 ullius
1564 803 1829 859 foeditatis

261 899 555 970 participes
619 896 802 963 fuere,
880 905 1122 952 actorum
1189 897 1398 952 similes
1463 904 1827 966 spectatores,

258 992 478 1063 quando
508 990 662 1045 nefas
692 999 809 1045 erat
839 990 1042 1060 alioqui
1068 998 1128 1043 ut
1155 990 1269 1044 haec
1294 987 1585 1056 impiorum
1619 986 1831 1040 theatro

261 1092 663 1152 spectarentur,
693 1096 815 1149 quae
838 1093 949 1136 tam
988 1081 1254 1136 scelerate
1281 1080 1350 1133 ab
1380 1078 1563 1148 impiis
1593 1077 1831 1147 ageban-

263 1185 370 1229 tur.
406 1174 727 1242 llnjusmodi
768 1188 934 1244 porro
976 1175 1239 1243 praeclara
1278 1172 1435 1226 initio
1464 1186 1695 1225 munera
1741 1171 1829 1224 illa

261 1279 386 1318 mox
441 1262 604 1317 etiam
652 1264 1050 1332 sequebantur,
1095 1263 1265 1317 multa
1310 1262 1532 1326 exsilii,
1579 1268 1831 1315 notorum

261 1355 329 1408 ab
364 1370 430 1407 eo
470 1354 752 1409 hominum
789 1363 1012 1425 propter
1045 1354 1392 1409 imminentes
1422 1352 1742 1408 formidines
1778 1353 1831 1407 in

257 1445 428 1499 rebus
460 1446 673 1515 asperis
701 1443 860 1513 fuga,
893 1444 1104 1499 coactis
1148 1443 1430 1498 malevolis
1469 1457 1594 1497 eum
1649 1442 1834 1496 videre

258 1552 421 1606 quem
445 1537 577 1592 odio
626 1537 1133 1607 prosequebantur;
1174 1536 1260 1591 his
1289 1551 1420 1591 vero
1464 1536 1629 1590 etiam
1674 1535 1835 1602 longe

242 1628 575 1697 rdisjnnctis,
602 1629 716 1685 sive
739 1628 884 1699 quod
915 1628 1164 1683 assidens
1206 1642 1301 1683 eos
1333 1626 1585 1682 militaris
1623 1626 1834 1681 duritas

257 1720 619 1791 custodiaque
640 1728 1044 1786 summoveret,
1089 1720 1204 1775 sive
1249 1718 1394 1788 quod
1437 1733 1502 1773 ex
1538 1719 1726 1771 innata
1777 1716 1831 1771 in

256 1811 461 1867 animis
499 1813 793 1866 multorum
831 1812 1071 1877 levitate,
1128 1811 1186 1867 in
1216 1812 1332 1881 ipsa
1363 1826 1554 1866 eorum
1587 1824 1720 1865 usus
1751 1810 1835 1863 in-

256 1905 501 1975 digentia
565 1920 817 1975 perverse
870 1905 1089 1959 inutiles
1145 1905 1492 1969 exsisterent,
1553 1913 1609 1958 et
1671 1902 1831 1973 cujus

259 2008 392 2051 ante
446 1997 579 2052 illud
632 2005 843 2067 tempus
893 1997 1120 2052 mirifice
1183 1996 1398 2051 fuerant
1461 1995 1719 2061 studiosi,
1779 1995 1829 2049 ei

259 2100 436 2150 nunc,
477 2087 699 2143 mutatis
732 2090 785 2140 in
815 2087 1153 2141 contrarium
1181 2086 1570 2150 voluntatibus,
1590 2087 1833 2154 impense

258 2177 673 2244 obtrectarent;
704 2180 923 2249 quando
963 2188 1156 2235 natura
1188 2179 1262 2233 ita
1307 2188 1681 2248 comparatum
1723 2187 1828 2241 est,

257 2280 319 2325 ut
363 2270 528 2325 rebus
553 2271 808 2325 secundis
838 2270 1079 2325 adversa:
1119 2285 1332 2340 semper
1362 2270 1610 2324 insidiari
1657 2270 1833 2325 solitae

258 2363 414 2417 sint:
464 2377 574 2432 quo
603 2362 737 2416 nihil
784 2362 855 2419 sit
898 2362 1197 2433 quidquam
1242 2363 1297 2418 in
1345 2364 1507 2427 rebus
1550 2363 1827 2430 humanis,

256 2452 406 2523 quod
437 2468 465 2505 a
492 2454 570 2507 rei
596 2453 700 2508 sibi
730 2454 1013 2508 contrariae
1042 2454 1164 2510 labe
1204 2469 1402 2524 purum
1458 2456 1832 2525 intactumque

256 2542 352 2605 sit,
422 2543 642 2612 cuique,
695 2542 823 2598 licet
874 2544 1354 2613 praeclarissimum
1411 2544 1504 2609 sit,
1562 2546 1828 2614 quasdam

255 2632 416 2701 quasi
452 2632 641 2690 sordes
688 2633 968 2689 hominum
1002 2649 1237 2705 nequam
1270 2633 1491 2690 invidiae
1534 2634 1671 2690 livor
1718 2652 1828 2692 non

257 2723 474 2778 aliinat.

332 2812 417 2866 Ad
472 2813 587 2869 haec
631 2813 792 2869 etiam
851 2814 1083 2884 positum
1137 2814 1225 2871 hic
1281 2816 1337 2871 in
1391 2827 1685 2887 conspectu
1745 2831 1833 2873 se-

256 2904 538 2974 pulcrum,
571 2904 625 2959 in
667 2921 776 2975 quo
818 2906 905 2961 hic
942 2916 1274 2973 asservatur,
1310 2909 1698 2979 superantibus
1729 2909 1832 2964 bu-

260 2992 529 3047 manifate
581 3007 680 3047 sua
752 2993 855 3063 piis
912 2994 1131 3063 regibus
1194 2995 1589 3051 immanitatem
1647 2994 1835 3051 ferita-

258 3094 484 3155 temque
530 3086 843 3156 superstitis
895 3085 1075 3142 adlmc
1122 3087 1359 3158 tyranni,
1428 3089 1589 3159 cujus
1664 3103 1831 3158 opera

1934 623 2173 678 liercula:
2204 639 2390 688 suum,
2427 639 2552 678 cum
2588 640 2618 678 a
2650 624 2758 678 Deo
2798 626 3205 689 discessissent,
3246 624 3499 681 defenso—

1933 729 2048 768 rem
2099 713 2447 783 primarium,
2490 714 2643 783 pueri
2686 714 2993 785 disciplinae
3037 732 3148 771 suae
3198 718 3509 771 moderato-

1936 822 2047 861 rem
2073 806 2541 872 vociferabautur;
2564 821 2753 862 omnes
2782 807 3040 876 denique,
3072 822 3167 876 per
3195 822 3254 862 se
3272 807 3507 877 quisque

1931 914 2055 953 enm
2082 900 2135 954 in
2160 915 2269 969 quo
2297 910 2666 970 opportunum
2689 899 2793 953 sibi
2814 898 3165 954 sublevandis
3187 899 3506 968 indigentiis

1934 991 2051 1046 suis
2111 990 2350 1060 positum
2405 999 2548 1045 esset
2604 989 2937 1061 perfugiunt.
2992 977 3178 1060 Itaque
3227 989 3355 1045 dum
3401 990 3505 1043 hn-

1928 1077 2165 1147 jusmodi
2199 1094 2325 1133 cum
2361 1078 2672 1133 laudatione
2712 1077 2877 1132 funus
2912 1079 3245 1143 celebratur,
3287 1079 3343 1133 in
3398 1079 3504 1132 hoc

1934 1170 2400 1239 religiosissimum
2416 1172 2674 1241 templum
2696 1173 2766 1226 ab
2777 1173 3035 1227 omnibus
3054 1171 3399 1237 convenitur,
3414 1171 3507 1225 ubi

1934 1264 2171 1332 peractis
2212 1264 2456 1333 reliquis,
2486 1280 2608 1333 qua:
2642 1264 2707 1316 ad
2745 1265 3101 1332 persolvenda
3136 1263 3314 1318 funeri
3352 1262 3506 1332 justa

1933 1357 2176 1421 deerant,
2226 1369 2351 1408 cum
2400 1356 2513 1424 jam
2565 1357 2871 1423 periculum
2906 1367 3076 1421 esset,
3116 1371 3182 1409 ne
3214 1356 3362 1426 quod
3407 1370 3506 1409 su-

1934 1446 2212 1518 perfuerat
2258 1448 2593 1503 sanctissimi
2640 1451 2741 1503 viri
2793 1449 3223 1514 tabernaculum,
3284 1458 3509 1517 propter

1935 1554 2125 1593 eorum
2180 1540 2273 1609 qui
2322 1554 2388 1593 eo
2437 1541 2808 1595 c0uflnxerant
2856 1541 3016 1595 fidem
3071 1540 3495 1609 discerperetur,

1938 1630 2202 1684 violenter
2244 1629 2312 1684 de
2351 1638 2631 1699 raptorum
2686 1631 2942 1687 manibus
2988 1642 3264 1685 extortum
3311 1644 3508 1685 excus-

1937 1738 2167 1792 sumque
2207 1732 2311 1788 est,
2343 1730 2506 1792 atque
2562 1725 2663 1778 hoc
2698 1722 2862 1777 modo
2898 1723 2952 1776 in
3015 1733 3372 1777 sacrosancto
3402 1722 3507 1775 hoc

1936 1829 2097 1884 quem
2136 1813 2402 1880 videmus,
2432 1815 2610 1868 loculo
2672 1822 3086 1870 sacrosanctum
3121 1803 3247 1869 vere
3278 1814 3376 1868 Dei
3403 1814 3507 1867 h0-

1938 1906 2135 1960 minem
2178 1906 2588 1961 collocavimus.

2005 1996 2086 2048 An
2121 1995 2413 2050 mediocris
2442 1996 2557 2049 haec
2589 1994 2684 2049 tibi
2718 1994 2972 2048 videntur
3005 1992 3267 2048 momenti
3299 1992 3365 2047 ad
3403 1993 3503 2046 de-

1935 2088 2248 2142 clarandam
2322 2088 2422 2142 viri
2512 2087 2676 2157 hujus
2739 2088 3021 2152 virtutem,
3080 2084 3287 2154 Deique
3379 2098 3505 2154 erga

1936 2194 2127 2234 servos
2171 2193 2324 2241 suos,
2361 2179 2492 2233 dum
2540 2179 2720 2234 adhuc
2749 2179 2910 2233 etiam
2953 2178 3007 2232 in
3061 2176 3163 2231 hac
3204 2175 3312 2229 vita
3349 2184 3503 2239 sunt,

1934 2288 2122 2326 curam
2175 2272 2338 2326 rebus
2404 2271 2664 2326 secundis
2723 2270 2977 2325 similiter
3036 2279 3200 2337 atque
3256 2265 3502 2320 adversis

1934 2362 2320 2417 indicandam?
2348 2361 2517 2416 Nemo
2551 2361 2645 2425 sit,
2670 2362 2888 2431 opinor,
2921 2359 3383 2429 quiadversetur,
3422 2357 3506 2410 ui-

1934 2455 1979 2511 si
2025 2455 2070 2510 si
2112 2455 2237 2524 quis
2279 2453 2547 2524 ejusmodi
2585 2454 2656 2508 sit
2709 2453 2804 2522 qui
2842 2452 3059 2506 virtutis
3116 2451 3401 2520 praemium
3452 2450 3506 2502 iu

1933 2562 1998 2602 eo
2047 2546 2423 2601 tantummodo
2466 2544 2701 2616 positum
2748 2550 2923 2612 putet,
2976 2542 3020 2597 si
3069 2540 3374 2596 continenti
3418 2554 3509 2592 re-

1938 2654 2060 2694 rum
2110 2638 2379 2693 bonarum
2433 2653 2598 2692 cursu
2660 2646 2925 2705 perpetuo
2973 2634 3028 2688 in
3078 2633 3181 2687 hac
3229 2632 3341 2685 vita
3386 2632 3519 2699 quis

1935 2732 2085 2786 nulla
2108 2746 2231 2786 cum
2259 2730 2564 2785 offensione
2589 2738 2794 2791 utatur,
2824 2735 3125 2795 contraque
3151 2723 3508 2779 difficiliorem

1934 2821 1989 2875 in
2030 2821 2153 2891 ejus
2184 2821 2270 2875 via
2298 2835 2652 2889 progressum
2689 2832 2886 2887 pcenas
2918 2816 3182 2885 quasdam
3214 2829 3335 2869 esse
3362 2813 3511 2866 arbi-

1936 2920 2131 2976 iretur,
2163 2911 2365 2980 quibus
2403 2911 2624 2966 assidue
2658 2924 2759 2979 pro
2795 2908 3008 2963 meritis
3036 2906 3299 2961 divinitus
3332 2902 3515 2957 homi-

1934 3019 2064 3059 mtm
2110 3002 2396 3057 malefacta
2428 3002 2747 3071 puniantur,
2791 2999 3057 3069 opinione
3092 3012 3218 3052 cum
3253 2995 3355 3065 ipsi
3388 3009 3497 3063 pcr-

1938 3092 2169 3158 niciosa,
2192 3101 2306 3145 tum
2332 3107 2362 3146 a
2389 3091 2482 3145 Dei
2506 3090 2643 3158 aequi
2666 3104 2849 3144 rerum
2872 3087 3120 3142 omnium
3145 3082 3508 3139 moderatoris

257 3177 604 3247 potissimum
628 3178 684 3231 in
708 3177 911 3234 easllle
930 3177 1109 3233 fuerat
1140 3180 1482 3234 calamitates
1521 3180 1826 3250 conjectus,
1857 3208 1900 3266 ο
1937 3185 2203 3255 sapientia
2235 3183 2530 3238 admodum
2575 3182 2772 3236 aliena.

258 3280 429 3339 atque
476 3271 525 3325 is
567 3270 753 3336 etiam,
802 3270 893 3342 qui
931 3271 1135 3327 nefarie
1165 3270 1344 3328 fuerat
1374 3274 1682 3338 damnatus,
1715 3274 1830 3329 suis

260 3366 460 3422 saltem
497 3374 622 3436 post
673 3366 880 3421 obitum
934 3368 1237 3433 restitutus,
1287 3377 1344 3421 nt
1384 3368 1609 3424 haberet
1665 3368 1829 3423 etiam

258 3456 446 3512 denuo
469 3472 623 3513 sacra
649 3459 1029 3529 promissionis
1055 3472 1197 3516 terra
1223 3460 1404 3516 dilecti
1439 3476 1565 3516 ossa
1607 3459 1833 3530 Josepb,

259 3550 468 3619 quibus
514 3564 611 3620 per
663 3549 990 3605 lectissimos
1037 3565 1285 3619 quosque
1325 3566 1388 3605 ex
1438 3565 1599 3606 sacro
1646 3550 1837 3605 ordine

261 3641 415 3694 viros
437 3640 585 3711 jnsta
618 3639 980 3696 solverentur.
1018 3640 1382 3696 Commodum
1417 3642 1562 3697 enim
1594 3641 1833 3696 edictum

261 3746 425 3801 reges
469 3731 903 3805 promulgarant,
938 3742 1102 3803 atque
1150 3734 1390 3805 undique
1420 3734 1711 3804 extemplo,
1746 3749 1839 3789 ve-

258 3823 344 3878 lut
390 3837 460 3877 ex
498 3802 801 3893 coinposito
832 3802 1232 3894 (“quamobrem
1282 3802 1428 3881 extim
1481 3802 1837 3897 hmcﬁmagna

260 3915 399 3970 adeo
456 3929 582 3970 cum
648 3916 967 3972 celebritate
1026 3932 1135 3972 non
1198 3918 1469 3988 tierent?)
1538 3918 1839 3990 ingensque

260 4007 534 4063 confluxit
556 4008 868 4074 multitudo,
899 4010 1138 4063 maxima
1174 4010 1406 4078 quadam
1441 4026 1635 4082 pompa
1666 4013 1840 4067 victo-

257 4116 376 4156 rem
423 4100 575 4155 illum
621 4103 691 4156 ab
718 4101 911 4157 exsilio
951 4102 1270 4156 redeuntem
1326 4104 1505 4172 coepit
1559 4106 1835 4171 comitari,

259 4194 764 4250 innumerabilibus
825 4193 1036 4251 facibus
1089 4210 1321 4266 quarum
1370 4195 1571 4251 bonam
1623 4209 1834 4268 partem

261 4289 414 4358 regia
456 4287 632 4358 pietas
665 4288 1065 4358 suppeditabat,
1101 4304 1251 4344 mare
1274 4298 1449 4344 totum
1482 4290 1839 4354 collustrans,

260 4376 713 4447 suavissimisque
729 4377 967 4435 incensis
980 4379 1241 4435 odoribus
1259 4380 1545 4435 molestam
1573 4379 1716 4433 illam
1735 4395 1843 4434 ma-

261 4467 343 4524 ris
354 4482 614 4523 nauseam
627 4467 945 4535 discutiens,
960 4477 1014 4524 et
1030 4479 1283 4541 perpetua
1302 4470 1629 4542 hymnorum
1651 4470 1841 4524 modu-

2007 3278 2205 3333 Verum
2235 3277 2379 3330 enim
2415 3274 2672 3344 quoniam
2709 3270 2940 3327 dicendo
2971 3269 3038 3325 ad
3076 3270 3219 3324 hanc
3249 3265 3514 3321 orationis

1933 3378 2140 3441 partem
2171 3368 2542 3439 pervenimus,
2575 3363 2949 3427 conferamus,
2974 3362 3019 3417 si
3051 3361 3254 3431 placet,
3300 3372 3364 3411 ea
3390 3372 3514 3426 qua:

1934 3472 2126 3518 sancto
2159 3462 2289 3515 huic
2314 3460 2433 3514 viro
2461 3473 2712 3519 evenere,
2738 3456 3093 3525 vicissimque
3130 3466 3253 3521 quae
3281 3449 3516 3504 Alexan-

1934 3556 2034 3610 dro
2080 3562 2236 3606 antea
2283 3552 2553 3614 accidere,
2603 3551 2993 3616 videamusque
3041 3541 3504 3614 quemadmodum

1937 3643 2030 3698 Dei
2061 3642 2273 3714 jnstitia
2308 3640 2547 3712 praemiis
2587 3639 2880 3708 unicuique
2916 3652 2982 3691 ex
3022 3635 3231 3689 merito
3261 3632 3512 3687 tribuen—

1936 3734 2021 3790 dis
2055 3734 2366 3790 rectissime
2396 3732 2580 3788 omnia
2609 3730 2943 3785 moderetur.
2992 3726 3084 3782 ille
3110 3724 3256 3782 enim
3289 3740 3415 3779 cum
3455 3735 3512 3777 et

1939 3842 2031 3882 rex
2079 3833 2227 3881 esset
2278 3834 2332 3879 et
2385 3823 2536 3893 regio
2574 3835 2772 3891 genere
2817 3828 2992 3883 ortus,
3044 3816 3410 3883 miseramque
3456 3813 3509 3865 iu

1945 3917 2063 3988 ipsa
2105 3916 2317 3985 imperii
2352 3914 2616 3986 dignitate
2655 3909 2956 3966 animulam
3007 3906 3300 3962 infeliciter
3340 3906 3513 3959 exha-

1942 4010 2127 4073 lasset,
2158 4007 2362 4078 qnibus
2405 4009 2515 4061 vita
2560 4003 2785 4061 functus
2823 4000 3086 4056 laudibus
3133 4005 3218 4054 est
3251 3994 3516 4052 affectus?

1950 4103 2113 4163 Cum,
2154 4098 2383 4168 repetita
2440 4097 2601 4167 paulo
2657 4096 2820 4151 altius
2872 4092 3143 4157 oratione,
3189 4103 3253 4144 ea
3300 4102 3424 4157 quas
3460 4087 3513 4140 in

1942 4201 2177 4262 utroque
2206 4190 2381 4254 fuere.
2412 4189 2702 4258 diligenter
2729 4185 3170 4247 consideremus,
3202 4180 3313 4246 hic,
3342 4194 3510 4250 quem

1943 4285 1997 4339 in
2063 4285 2166 4338 hoc
2218 4284 2339 4337 loco
2400 4282 2674 4350 sepultum
2724 4280 3009 4341 habemus,
3069 4291 3134 4331 eo
3197 4273 3361 4330 modo
3403 4287 3516 4343 quo

1944 4374 2188 4428 diximus
2232 4374 2375 4427 altus
2422 4371 2796 4442 educatusque
2842 4378 2966 4441 post
2999 4376 3079 4423 tot
3110 4368 3361 4432 adversa,
3392 4366 3517 4435 qui.

1944 4465 2047 4521 bus
2107 4464 2285 4518 fuerat
2340 4463 2733 4528 conflictatus,
2793 4471 2979 4533 totque
3052 4459 3336 4531 praeclara,
3396 4473 3519 4529 qua!

260 4558 469 4612 latione
501 4558 816 4627 pontificem
841 4558 979 4613 mire
1005 4559 1416 4615 concelebraris.
1441 4557 1713 4614 Caeterum
1746 4560 1829 4613 si~
1866 4570 1910 4624 ι)
1945 4555 2161 4610 virtutis
2213 4570 2327 4608 sua:
2379 4553 2627 4608 ediderat
2676 4554 3028 4617 documenta,
3092 4550 3253 4606 talem
3300 4549 3516 4620 qualem

260 4649 378 4704 mul
422 4658 478 4703 ut
504 4648 574 4703 ad
608 4647 826 4719 Virgam
858 4648 1148 4722 (littoralis
1170 4657 1374 4706 tractus
1401 4650 1454 4705 id
1484 4661 1567 4706 est
1594 4650 1833 4721 nomen)

263 4740 616 4811 appulerunt,
658 4741 930 4796 sublatum
971 4750 1057 4798 est
1091 4742 1159 4797 de
1208 4741 1360 4813 regio
1410 4740 1590 4797 lembo
1642 4757 1836 4798 sacro-

262 4842 518 4888 sanctum
562 4833 695 4888 illud
728 4834 1164 4901 tabernaculum,
1207 4845 1371 4906 atque
1416 4835 1468 4889 in
1512 4835 1622 4890 divi
1664 4833 1841 4889 Emi-

263 4926 395 4980 liani
428 4925 598 4980 aedem
624 4926 855 4992 illatum,
887 4927 1069 4998 ibique
1093 4910 1344 4983 similiter
1374 4928 1641 4996 appositis
1672 4926 1837 4996 bym-

265 5015 353 5069 nis
395 5015 719 5070 decantatus
757 5025 841 5071 est
884 5015 977 5071 Dei
1029 5031 1242 5082 servus,
1285 5024 1337 5071 et
1377 5015 1694 5070 laudatione
1739 5030 1837 5069 cn-

264 5107 484 5178 jusdam
522 5108 590 5162 de
621 5108 938 5177 pontificum
969 5123 1198 5163 numero
1227 5108 1571 5163 honestatus.

341 5199 439 5254 llis
490 5202 565 5255 ita
632 5199 891 5271 peractis,
935 5215 1058 5255 cum
1112 5201 1385 5255 sublatum
1440 5200 1566 5253 inde
1618 5212 1836 5253 sacrum

267 5299 572 5359 gestaretur
607 5291 945 5360 pheretrum,
983 5299 1146 5361 atque
1178 5292 1231 5345 in
1274 5289 1722 5346 honeStissimnm
1756 5287 1838 5343 ιυ-

268 5396 395 5435 cum
445 5381 656 5437 huncce
689 5381 1005 5445 inferretur,
1037 5383 1250 5439 sustolli
1292 5383 1534 5453 undique
1563 5382 1632 5437 ab
1661 5380 1839 5436 omni-

270 5471 375 5528 bus
415 5481 629 5541 emptus
680 5483 762 5528 est
809 5474 1035 5539 clamor,
1086 5473 1531 5542 magistratibus,
1585 5471 1835 5542 privatis,

269 5563 660 5633 locupletibus,
708 5568 985 5631 tenuibus,
1031 5565 1182 5629 viris,
1218 5564 1453 5628 feminis,
1484 5564 1687 5634 parvis,
1743 5579 1838 5632 pu-

270 5654 513 5721 beribus,
566 5657 897 5726 impnbibus,
945 5672 1177 5727 quorum
1237 5656 1430 5726 partim
1475 5671 1598 5710 enm
1643 5671 1837 5711 secun-

271 5748 400 5802 dum
437 5746 603 5803 Deum
646 5757 852 5818 patrem
885 5749 1172 5816 vocabant,
1215 5749 1409 5821 partim
1443 5756 1715 5819 pastorem
1756 5764 1838 5803 re-

273 5839 586 5909 quirebant,
625 5840 719 5896 alii
770 5850 1224 5914 propugnatorem
1257 5836 1660 5899 desiderabant.
1700 5837 1836 5893 Nam

1940 4664 2104 4718 supra
2141 4647 2568 4702 memoravimus
2610 4646 2734 4700 vitae
2771 4645 2981 4700 exitum
3034 4643 3247 4708 habuit,
3286 4658 3520 4712 eamque

1941 4748 2137 4794 nactus
2182 4747 2267 4793 est
2310 4737 2648 4806 sepulturam
2685 4752 2846 4807 quam
2873 4752 2969 4792 vos
3000 4735 3261 4790 nimirum
3296 4734 3513 4797 videtis,

1942 4826 2290 4899 magnificam
2377 4840 2576 4893 nempe
2626 4831 2682 4878 et
2763 4823 3081 4894 gloriosam,
3142 4819 3521 4889 ejusmodique

1939 4936 2105 4990 quam
2142 4920 2289 4974 viros
2320 4918 2430 4971 Deo
2457 4918 2670 4971 dicatos
2708 4914 2971 4984 consequi
3003 4928 3099 4983 par
3123 4922 3240 4978 est;
3274 4910 3328 4967 id
3367 4910 3518 4981 quod

1941 5012 2115 5080 magis
2157 5010 2460 5065 etiamnmn
2504 5009 2701 5061 mirum
2742 5005 2904 5060 debet
2947 5004 3161 5067 videri,
3196 5002 3341 5072 quod
3388 5004 3518 5055 dra-

1940 5100 2095 5155 conis
2127 5110 2291 5167 caput
2323 5114 2355 5152 a
2386 5112 2496 5167 quo
2536 5096 2825 5151 insanabili
2860 5095 2950 5149 ille
2988 5107 3169 5148 morsu
3215 5090 3397 5144 fuerat
3438 5091 3520 5142 ic-

1940 5202 2047 5258 tus,
2091 5193 2301 5261 reliqua
2355 5191 2536 5245 adhuc
2577 5188 2661 5242 sui
2702 5188 2946 5257 corporis
2990 5193 3140 5255 parte
3195 5180 3515 5252 palpitabat,

1940 5296 2245 5352 magnaque
2288 5296 2412 5335 cum
2444 5280 2674 5334 audacia
2721 5293 2888 5332 ruens
2923 5275 3223 5337 ferebatur,
3264 5280 3514 5326 metuens

1942 5373 2169 5440 scilicet,
2220 5387 2287 5428 ne
2323 5372 2454 5441 quid
2502 5385 2561 5426 se
2597 5380 2880 5441 propterea
2938 5367 3131 5421 melius
3171 5363 3508 5425 ostenderet,

1943 5464 2159 5521 tametsi
2209 5465 2491 5519 incassum
2545 5477 2737 5517 omnes
2796 5460 2900 5532 ipsi
2949 5469 3178 5515 conatus
3230 5455 3308 5509 illi
3360 5464 3512 5509 erant

1941 5557 2145 5620 casuri,
2208 5571 2334 5611 cum
2369 5555 2421 5610 id
2460 5555 2661 5624 egisset
2705 5565 2922 5608 terrena
2956 5558 3224 5621 potestas,
3262 5554 3321 5600 ut
3350 5543 3512 5600 soluti

1942 5649 1995 5702 in
2024 5662 2273 5717 spumam
2305 5645 2426 5715 ejus
2462 5644 2662 5700 fluctus
2705 5644 2941 5710 abirent,
2979 5649 3143 5710 atque
3174 5638 3264 5692 hic
3291 5635 3510 5707 quidem

1940 5742 2044 5798 hoc
2072 5739 2255 5796 modo.

2008 5833 2211 5889 Contra
2262 5843 2393 5886 vero
2447 5823 2767 5883 Alexander.
2829 5821 2881 5878 ls
2934 5822 3078 5878 enim
3138 5814 3404 5891 quidquid
3456 5812 3513 5869 in
