4046 6626
489 415 594 475 δθὶὶ

1112 413 1439 473 ΑΒΕΤΙΙᾹΞ
1478 408 1996 470 C/ESARIENSIS
2038 406 2131 465 DE
2166 406 2582 467 TRANSLAT.
2625 404 2683 463 S.
2728 400 3132 462 EUTHYMII.

3626 396 3731 458 804

494 523 656 579 terris
708 521 893 577 iuberi
941 522 1239 591 voluptatis
1299 535 1361 573 ac
1397 520 1727 573 deliciarum
1762 525 1961 587 potest,
2006 516 2054 568 td
2088 520 2130 573 Α
2164 517 2469 569 universam
2507 514 2766 567 existimo
2802 526 2887 566 me
2920 524 3135 564 morum
3170 508 3290 576 ejus
3323 506 3727 577 perversitatem

492 633 654 670 omne
695 617 762 669 ah
796 615 926 683 ipsis
965 612 1313 667 incunabulis
1343 610 1491 681 large
1526 627 1737 679 semper
1773 610 2055 673 habuerat,

492 718 653 776 atque
710 722 737 757 a
799 704 965 759 fratre
1018 704 1196 758 fuerat
1248 702 1513 757 educatus
1570 703 1686 755 viro
1747 700 2055 762 commodo,

491 806 815 864 summaque
868 803 923 849 et
983 795 1273 848 sanctitate
1331 791 1558 862 prmdito
1620 797 1675 844 et
1729 788 2057 852 innocentia,

500 888 817 955 inajoreque
876 885 1018 952 apud
1076 899 1198 939 eum
1263 884 1429 953 digno
1480 890 1627 936 certe
1678 879 2058 949 appellatione,

492 993 654 1044 quam
684 976 888 1033 fratris.
916 977 967 1032 Is
988 977 1155 1039 enim,
1195 974 1411 1030 tametsi
1434 973 1578 1043 quod
1603 970 1768 1025 multa
1802 972 2063 1024 adversus

495 1069 673 1136 ipsum
732 1083 869 1123 nova
931 1078 1049 1122 erat
1090 1066 1346 1128 molitus,
1392 1073 1787 1134 proptereaque
1829 1061 1898 1114 ab
1944 1061 2062 1128 ipso

493 1167 640 1213 esset
674 1160 1129 1229 comprehensus,
1167 1157 1346 1210 nullas
1380 1165 1559 1208 tamen
1594 1153 1837 1223 concepti
1871 1153 1921 1206 in
1954 1152 2064 1205 fra-

497 1259 629 1301 trem
679 1249 898 1302 sceleris
940 1262 1127 1316 poenas
1175 1245 1453 1316 graviores
1509 1244 1658 1298 dedit
1712 1242 2064 1314 (cujusmodi

496 1339 648 1390 nntlti
687 1338 870 1391 multis
902 1344 1027 1391 ante
1073 1337 1122 1389 id
1154 1346 1366 1404 tempus
1398 1334 1615 1389 fuerint
1651 1335 1868 1405 affecti)
1901 1349 2061 1403 quam

496 1439 550 1481 ut
586 1428 636 1480 in
672 1428 975 1481 custodiam
1032 1413 1241 1481 lanium
1284 1429 1530 1488 daretur,
1578 1426 2067 1496 prohibereturque

498 1533 567 1570 ne
613 1533 733 1587 quae
782 1517 948 1586 impie
976 1519 1029 1572 in
1086 1519 1308 1572 fratrem
1346 1517 1526 1573 facere
1566 1519 1853 1588 cogitarat,
1894 1531 1956 1569 ea
1996 1514 2064 1568 ad

496 1609 700 1663 exitum
751 1610 1108 1679 perduceret,
1143 1625 1172 1664 a
1203 1624 1314 1680 quo
1364 1610 1577 1665 tametsi
1611 1624 1678 1663 eo
1722 1609 1881 1663 modo
1929 1608 2066 1662 iusi-

495 1701 600 1755 diis
653 1701 844 1781 petito,
895 1715 1063 1771 regno
1114 1701 1404 1756 incolumis
1445 1700 1630 1771 (quod
1680 1700 1889 1754 utinam
1925 1714 2067 1751 nun-

499 1803 663 1857 quam
698 1786 955 1857 fecisset)
996 1790 1339 1854 servabatur,
1383 1789 1526 1858 quod
1566 1803 1779 1857 mquum
1818 1788 2064 1857 putabat,

2160 608 2579 661 declaraturam.

2232 698 2347 753 Mos
2397 708 2483 752 est
2542 698 2761 766 regibus
2801 694 3264 750 Christianorum,
3304 691 3398 760 qui
3450 689 3590 745 idem
3628 687 3735 742 illis

2161 791 2470 845 communis
2505 800 2586 844 est
2620 803 2745 844 cum
2776 787 3035 841 omnibus
3082 784 3434 846 Christianis,
3479 794 3559 845 ut,
3593 798 3732 850 quo—

2162 884 2479 950 ticscunque
2509 879 2599 934 Dei
2624 878 2875 933 basilicas
2907 875 3311 945 ingrediuntur,
3342 882 3529 943 apsrto
3559 878 3735 940 capite

2160 989 2255 1029 eas
2275 972 2670 1042 ingrediantur.
2710 968 2880 1035 Quem
2901 967 3121 1037 quidem
3141 964 3342 1019 Paulus
3362 964 3478 1032 ipse
3510 971 3734 1031 aposto-

2165 1066 2248 1119 lus
2275 1065 2482 1134 primus
2517 1062 2725 1117 inducit
2757 1069 2921 1130 atque
2940 1057 3198 1113 omnibus
3226 1057 3279 1109 in
3317 1054 3625 1110 Christiana
3651 1069 3736 1107 re-

2163 1156 2376 1226 publica
2402 1152 2800 1210 observandum
2846 1149 3142 1205 mandavit.
3190 1146 3347 1202 Hunc
3372 1160 3575 1201 morem
3608 1160 3731 1199 cum

2164 1244 2556 1315 sapientissimi
2585 1244 2833 1297 videlicet
2851 1242 2926 1295 illi
2954 1252 3115 1310 atque
3133 1238 3325 1309 optimi
3354 1236 3456 1290 viri
3481 1234 3737 1291 sustulis-

2164 1346 2306 1400 sent,
2340 1344 2731 1407 persuaserunt
2757 1334 2960 1388 homini
2995 1346 3194 1387 crassae
3218 1329 3361 1385 cutis
3385 1343 3449 1383 ac
3474 1329 3540 1383 de
3573 1327 3736 1382 suillo

2165 1445 2380 1501 genere,
2409 1437 2463 1483 et
2481 1437 2684 1483 tantum
2714 1442 2820 1481 non
2852 1423 3162 1497 grunnienti
3186 1423 3296 1494 (cui
3327 1422 3493 1484 enim,
3526 1430 3732 1489 quaeso,

2165 1522 2375 1591 aequius
2394 1521 2699 1590 comparari
2720 1519 2806 1573 ille
2825 1527 3035 1588 poterat
3058 1531 3219 1586 quam
3240 1513 3323 1569 sui
3348 1513 3597 1567 Bmoticae
3611 1508 3657 1579 2')
3678 1520 3741 1563 ut

2166 1624 2422 1685 cooperto
2452 1614 2626 1683 capite
2675 1614 2727 1667 in
2780 1613 2895 1667 loca
2938 1618 3285 1666 sacrosancta
3341 1605 3735 1676 ingrederetur.

2167 1708 2340 1775 Quam
2361 1707 2577 1777 quidem
2602 1706 2691 1760 ille
2710 1704 3053 1773 disciplinam
3075 1716 3196 1756 cum
3218 1699 3550 1760 admisisset,
3571 1707 3737 1765 atque

2167 1801 2235 1855 ad
2260 1800 2465 1869 majora
2491 1798 2789 1854 etiamnum
2820 1794 2990 1848 multo
3027 1789 3375 1862 perdiscenda
3412 1788 3656 1842 facinora
3678 1802 3739 1840 se

499 1890 559 1933 ut
591 1896 752 1950 quem
786 1882 890 1935 sibi
929 1895 1051 1936 sors
1084 1881 1233 1949 regni
1301 1880 1510 1935 socium
1542 1880 1797 1945 dedisset,
1820 1880 1869 1933 ei
1902 1893 2066 1949 paca-

2174 1902 2425 1964 paratum
2462 1890 2752 1962 praeberet,
2798 1888 3059 1943 nimirum
3107 1883 3332 1955 pulchre
3381 1882 3469 1936 ille
3518 1894 3738 1950 quoque

503 1980 617 2024 tum
667 1966 1049 2040 incolumcque
1095 1972 1223 2025 illud
1266 1974 1525 2026 traderet.
1564 1968 1759 2025 Verum
1806 1986 1927 2023 cum
1964 1971 2066 2023 lm-

501 2062 883 2126 manissimus,
914 2062 1168 2130 idemque
1201 2062 1565 2117 suavissimus
1604 2076 1698 2115 rex
1725 2060 1834 2115 Leo
1859 2076 1922 2113 ex
1966 2059 2068 2114 hac

496 2154 605 2207 vita
631 2154 684 2207 in
718 2169 849 2223 pace
873 2164 1020 2209 esset
1043 2154 1324 2217 dimissus,
1380 2168 1708 2223 summaque
1743 2168 1926 2207 rerum
1951 2166 2070 2206 om-

497 2244 651 2296 nium
678 2251 920 2311 potestas
949 2244 1018 2297 ab
1040 2259 1104 2298 eo
1133 2243 1199 2297 ad
1235 2246 1379 2299 hunc
1405 2245 1733 2308 devenisset,
1778 2242 2065 2299 confestim

501 2334 587 2387 hic
620 2334 738 2403 ipso
766 2335 919 2388 initio
945 2336 1255 2405 cujusmodi
1285 2344 1426 2392 esset
1449 2336 1771 2400 declaravit,
1793 2350 2069 2405 quamque

501 2426 637 2479 nihil
678 2426 781 2480 sibi
837 2426 1131 2496 profuisset
1184 2429 1305 2483 vitae
1353 2428 1712 2493 consuetudo,
1763 2443 1885 2498 quae
1944 2443 2067 2481 cum

507 2514 677 2573 fratre
709 2519 811 2589 ipsi
836 2517 1052 2583 fuisset,
1077 2520 1332 2590 quodque
1355 2521 1424 2573 ah
1447 2534 1512 2574 eo
1538 2522 1832 2575 clementer
1851 2519 2069 2574 habitus

501 2617 682 2673 esset;
716 2620 1015 2676 verumque
1053 2623 1176 2662 esse
1208 2608 1567 2662 Proverbium
1610 2606 1796 2660 docuit
1829 2622 1845 2659 :
1878 2604 2069 2659 Virum

501 2710 829 2772 potestatem
882 2700 1168 2754 habentem
1218 2701 1270 2753 in
1304 2700 1457 2770 pejus
1501 2697 1786 2769 proficere.
1831 2697 2072 2766 Repente

500 2806 740 2863 namque
794 2801 853 2846 ut
905 2793 1384 2855 scelestissimum,
1433 2805 1498 2845 ac
1542 2789 1779 2844 maxime
1829 2787 2072 2842 nefarius

500 2886 828 2957 flagitiisque
859 2899 924 2938 ac
960 2883 1301 2939 facinoribus
1330 2882 1712 2953 Opertissimus
1743 2882 1977 2949 quisque
2005 2878 2070 2932 ad

499 2978 627 3033 eum
660 2992 718 3032 se
744 2977 1089 3038 contulisset.
1126 2976 1361 3046 ejusque
1399 2975 1607 3030 assecla
1638 2988 1759 3028 esse
1793 2973 2072 3043 cmpisset,

502 3072 575 3123 ita
622 3083 838 3124 summa
882 3066 1026 3138 apud
1074 3067 1225 3121 illum
1257 3073 1375 3120 erat
1405 3065 1457 3119 in
1494 3064 1690 3136 gratia,
1720 3064 1774 3117 in
1814 3062 2074 3117 consilia-

500 3161 819 3230 riorumque
906 3174 1193 3213 numerum
1268 3157 1614 3222 admittebat,
1687 3169 1752 3210 ac
1811 3168 1940 3224 pars
2021 3152 2071 3207 ei

502 3255 684 3325 aliqua
716 3252 1216 3307 administrationis
1246 3250 1461 3319 imperii
1492 3247 1956 3304 committebatur.
1988 3247 2066 3301 Ex

503 3361 615 3415 quo
663 3345 906 3414 quidem,
947 3345 992 3397 si
1040 3343 1173 3412 quid
1246 3352 1407 3397 antea
1468 3356 1659 3396 eorum
1709 3356 1831 3409 quae
1863 3338 2069 3393 occulte

503 3439 558 3494 in
593 3438 816 3491 fratrem
849 3437 1236 3500 moliebantur,
1277 3435 1439 3504 vulgo
1474 3448 1649 3503 usque
1675 3433 1728 3486 in
1770 3432 1821 3487 id
1859 3442 2070 3497 tempus

502 3530 680 3584 fuerat
705 3530 972 3600 ignotum,
1002 3528 1054 3581 id
1079 3537 1210 3582 tunc
1265 3526 1439 3597 palam
1461 3526 1573 3595 jam
1604 3534 1898 3594 aperteque
1922 3521 2069 3576 dcte-

503 3622 750 3692 gcbatur,
813 3619 1264 3689 itnpudenterque
1294 3617 1623 3687 jactaliatnr.
1685 3613 1817 3668 Nam
1855 3622 1909 3668 et
1954 3612 2066 3666 cle-

501 3712 835 3769 mentissimi
864 3712 916 3765 in
953 3711 1138 3781 ipsum
1190 3710 1379 3763 fratris
1409 3716 1795 3764 testamentum
1826 3704 2066 3760 rescindi

508 3814 770 3876 emptum,
792 3812 1001 3858 veteres
1029 3801 1151 3871 ejus
1179 3802 1339 3855 amici
1378 3800 1608 3870 superbe
1634 3796 2069 3853 contumeliosa-

501 3914 607 3968 que
656 3895 872 3951 tractari
916 3895 1211 3963 rejicique;
1273 3894 1537 3947 innocens
1602 3898 1861 3960 prrcterea
1916 3897 2069 3941 torus

505 3992 623 4059 ipse
662 3988 845 4057 regius
883 3986 1080 4057 injuria
1115 3986 1253 4040 allici
1290 3996 1454 4047 atque
1485 3999 1515 4037 e
1545 3983 1689 4051 regia
1720 3979 2066 4045 submoveri;

500 4094 556 4137 et
612 4084 715 4137 nisi
767 4082 928 4136 terris
978 4079 1242 4135 Dominus
1272 4077 1454 4149 Regia:
1486 4076 1673 4146 stirpis
1709 4088 1897 4129 semen
1935 4071 2065 4125 reli-

499 4177 733 4246 quisset,
789 4176 965 4243 ipsum
1017 4174 1163 4227 hunc
1210 4173 1397 4237 etiam,
1441 4184 1604 4239 quem
1660 4180 1804 4220 nunc
1840 4163 2069 4218 feliciter

501 4269 790 4339 imperium
866 4266 1200 4322 obtinentem
1280 4265 1568 4326 videmus,
1645 4257 2063 4315 Constantinum

502 4363 735 4433 ejectum
788 4362 1178 4422 submovisset,
1241 4366 1295 4411 ct
1353 4354 1763 4411 adolescentulo
1811 4350 2067 4405 sclaveno

502 4453 799 4521 facieturpi
837 4452 1082 4507 moribus
1133 4451 1299 4505 etiam
1340 4448 1593 4518 turpiori,
1627 4444 1887 4500 traditum
1922 4446 2069 4494 esset

504 4544 917 4618 gubernandum
951 4544 1238 4612 imperium
1274 4541 1601 4593 Romanum.

572 4641 655 4693 Ab
688 4641 790 4693 hac
838 4637 1182 4706 iniquissima
1231 4633 1470 4687 novitate
1506 4630 1729 4700 injuriae
1761 4626 1925 4681 etiam
1969 4625 2072 4680 illae

504 4734 776 4803 prodiere,
838 4731 1037 4799 quibus
1094 4727 1321 4782 affectus
1378 4724 1479 4778 fuit
1546 4730 1766 4774 sanctus
1824 4718 1913 4772 hic
1963 4718 2068 4771 vir.

507 4826 751 4893 Namque
798 4820 1128 4877 consiliariis
1170 4832 1305 4872 usus
1333 4815 1421 4879 iis,
1455 4828 1595 4884 quos
1631 4811 1741 4865 Leo
1780 4825 1924 4878 sa-pe
1951 4811 2073 4864 vitae

511 4931 624 4971 suae
670 4913 899 4968 insidias
936 4911 1103 4966 fuisse
1155 4908 1373 4963 molitos
1417 4903 1703 4959 manifeste
1739 4903 2069 4967 convicerat,

507 5020 571 5059 ac
603 5011 889 5074 propterea
919 5002 1080 5055 etiam
1114 5000 1181 5055 ab
1219 4997 1465 5053 ceclesiis
1512 4995 1810 5065 repulcrat,
1845 4993 1927 5048 vel
1969 4993 2069 5062 ipsi

507 5099 713 5166 potius,
765 5104 908 5149 metu
954 5109 1018 5148 ne
1054 5091 1606 5162 deprehenderentur,
1643 5104 1741 5144 sua
1782 5103 1840 5143 se
1880 5096 2072 5157 sponte

505 5198 870 5251 removerant,
904 5198 962 5241 ut
990 5201 1129 5256 quos
1158 5184 1399 5254 ejusdem
1428 5196 1609 5237 secum
1643 5180 1924 5236 sententia).
1949 5194 2071 5234 esse

509 5278 754 5347 putabat,
783 5278 912 5330 viris
934 5276 1266 5329 immanibus
1300 5288 1363 5329 ac
1398 5272 1551 5335 feris,
1589 5273 1793 5341 quique
1826 5273 1919 5325 uni
1946 5279 2069 5324 tan-

506 5376 619 5423 tum
651 5368 878 5436 quaestui
922 5367 1230 5434 inhiabant,
1260 5382 1321 5420 ea
1371 5365 1592 5421 sat-vitia:
1628 5365 1875 5433 exempla
1909 5363 1961 5417 in
2002 5364 2069 5417 il-

504 5460 615 5514 lum
651 5459 839 5524 edidit,
870 5474 974 5528 que
1008 5460 1061 5514 in
1093 5474 1216 5514 eum
1252 5459 1335 5513 edi
1372 5472 1472 5529 par
1516 5467 1621 5523 est,
1656 5458 1747 5527 qui
1784 5457 1839 5511 in
1874 5457 2071 5526 hujus-

510 5550 657 5607 modi
717 5551 1101 5607 sceleratorum
1136 5566 1330 5607 manus
1363 5551 1593 5606 traditus
1629 5551 1720 5605 sit.
1758 5548 1835 5604 Ac
1875 5559 2069 5603 caetera

500 5640 718 5709 quidem
776 5641 963 5698 videor
991 5643 1122 5698 mihi
1171 5643 1337 5699 missa
1392 5641 1661 5707 facturus,
1730 5654 2071 5710 quazcunque

499 5732 950 5792 contumeliosius
980 5735 1069 5791 ille
1108 5736 1161 5791 in
1210 5745 1433 5792 sanctos
1477 5734 1626 5788 viros
1657 5732 1856 5796 effecit.
1895 5747 2070 5799 εθηιιθ

499 5829 937 5884 commemorabo
1000 5829 1419 5893 tantummodo,
1490 5827 1637 5881 unde
1699 5824 2068 5894 pulcherrime

2167 1994 2497 2041 consecutus
2551 1993 2637 2038 est
2688 1995 2871 2036 casus.
2923 1979 3134 2033 Etenim
3191 1976 3283 2031 ubi
3334 1975 3605 2029 hominem
3658 1972 3742 2025 sic

2166 2091 2491 2147 persuasum
2523 2074 2597 2129 illi
2626 2074 2993 2137 iutroduxere,
3024 2084 3086 2124 ac
3125 2067 3345 2123 violacei
3377 2065 3577 2120 coloris
3601 2064 3741 2117 ami-

2166 2170 2289 2224 culo
2331 2176 2531 2223 tectum
2564 2181 2734 2221 sacrm
2784 2177 2984 2219 mensae
3026 2162 3333 2223 admovere,
3384 2172 3583 2227 magno
3611 2170 3736 2209 cum

2166 2273 2286 2324 suo,
2304 2266 2416 2312 tum
2434 2256 2576 2310 illius
2591 2256 2774 2310 futuro
2789 2254 3052 2308 dedecore
3066 2250 3328 2322 (quando,
3343 2248 3556 2318 opinor,
3577 2258 3742 2315 pinna

2171 2351 2286 2404 haec
2339 2349 2503 2403 illatae
2545 2348 2665 2402 viro
2711 2355 2902 2402 sancto
2953 2345 3103 2400 necis
3143 2351 3260 2398 erat
3312 2340 3561 2407 futura),
3604 2352 3740 2391 con-

2169 2441 2352 2495 festim
2400 2440 2489 2494 ille
2548 2447 2669 2508 post
2717 2437 2933 2492 facinus
2983 2435 3114 2490 illud
3160 2443 3269 2489 tam
3322 2432 3500 2486 audax
3553 2439 3743 2482 mente

2169 2542 2365 2602 captus
2405 2542 2509 2597 est,
2561 2544 2739 2599 neque
2766 2543 2833 2583 ex
2865 2540 2930 2582 eo
2977 2526 3065 2581 die
3093 2526 3145 2579 iu
3180 2531 3448 2595 potestate
3483 2536 3582 2575 sua
3615 2535 3737 2572 am-

2170 2625 2316 2693 plius
2352 2621 2475 2676 fuit.
2513 2621 2652 2676 Nam
2679 2630 2731 2674 et
2761 2618 3214 2681 audacissimum,
3248 2629 3352 2669 non
3388 2624 3567 2666 tamen
3589 2608 3739 2663 armti
3780 2614 3781 2617 ‘

2169 2730 2233 2770 cx
2277 2722 2428 2783 parte
2460 2709 2989 2781 reprehendendum,
3025 2707 3241 2761 facinus
3282 2702 3489 2772 majore
3524 2715 3645 2752 mox
3673 2712 3740 2752 ac
3798 2688 3801 2689 ⁷

2174 2802 2563 2875 perniciosiore
2589 2800 2695 2855 alio
2733 2797 3052 2855 cumulavit.
3098 2796 3235 2850 Cum
3260 2795 3403 2848 enim
3432 2791 3627 2846 statuis
3648 2788 3738 2851 iis,

2172 2909 2295 2965 qua:
2345 2894 2400 2947 in
2443 2891 2812 2963 hippodromo
2846 2897 2992 2953 sunt,
3026 2886 3243 2943 solitum
3279 2883 3491 2938 Baccho
3532 2878 3741 2935 sacrifi-

2171 2990 2314 3042 cium
2348 2985 2462 3041 fieri
2494 2984 2730 3048 fecisset,
2751 2997 2884 3037 sane
2911 2980 3158 3034 meritam
3177 2978 3296 3044 ejus
3326 2976 3403 3031 rei
3436 2973 3738 3029 mercedem

2174 3080 2322 3135 illico
2369 3076 2668 3148 reportavit
2705 3092 2718 3129 :
2770 3073 3039 3143 siquidem
3092 3071 3160 3125 iis
3192 3067 3435 3123 nondum
3479 3066 3737 3137 peractis,

2176 3171 2562 3227 miserabiliter
2606 3167 2857 3224 sublimis
2911 3166 3053 3219 intra
3102 3161 3411 3218 cubiculum
3456 3173 3615 3214 suum
3659 3166 3746 3212 est

2179 3265 2526 3333 importatus.
2555 3260 2696 3314 Casu
2732 3257 2902 3312 nihilo
2942 3254 3166 3309 meliore
3191 3268 3351 3322 quam
3388 3249 3490 3304 fuit
3522 3250 3611 3303 ille
3639 3248 3743 3303 He-

2177 3354 2350 3417 rodis,
2377 3352 2470 3423 qui
2500 3365 2623 3405 cum
2650 3348 2914 3403 Jacohum
2948 3344 3190 3400 Zebedwi
3224 3344 3390 3397 lilium
3421 3342 3475 3397 in
3514 3343 3743 3413 gratiam

2176 3462 2367 3501 eorum
2402 3446 2497 3515 qui
2550 3444 2829 3499 Christum
2869 3440 3202 3503 occiderant,
3241 3436 3630 3501 interemisset,
3678 3450 3745 3489 ac

2178 3540 2399 3593 Petrum
2435 3539 2613 3608 ipsum
2642 3535 3018 3607 apostolorum
3051 3530 3349 3601 principem
3385 3528 3549 3583 simili
3586 3528 3746 3581 modo

2180 3629 2375 3684 fuisset
2406 3631 2655 3693 adortus,
2688 3626 2944 3679 meritum
2970 3623 3089 3692 ipse
3116 3635 3338 3692 quoque
3366 3618 3629 3674 facinoris
3657 3619 3743 3672 sui

2178 3723 2460 3793 przemium
2499 3729 2583 3775 est
2620 3728 2979 3784 consecutus;
3024 3716 3223 3786 quippe
3253 3712 3347 3784 qui
3394 3713 3448 3767 in
3480 3711 3745 3774 maxima,

2178 3827 2301 3882 quae
2332 3812 2396 3865 ad
2446 3811 2589 3865 diem
2632 3811 2931 3864 solemnem
2993 3814 3382 3870 convenerant,
3435 3802 3742 3857 mortalium

2179 3904 2503 3974 frequentia,
2563 3904 2713 3971 regio
2774 3901 3069 3956 satellitum
3129 3898 3387 3954 comitatu
3452 3895 3741 3958 subnixus,

2178 4012 2394 4052 summo
2422 3997 2695 4059 cruciatu,
2730 3993 3063 4049 scatentibus
3107 3990 3347 4061 undique
3372 4003 3439 4044 ex
3468 3987 3589 4057 ejus
3616 4000 3745 4042 cor-

2177 4104 2307 4161 pore
2338 4088 2638 4152 vermibus,
2669 4087 2733 4141 de
2759 4086 2867 4140 vita
2899 4082 3230 4140 discesserit.

2253 4181 2543 4247 Quomodo
2594 4188 2773 4233 autem
2832 4178 2922 4232 hic
2977 4175 3201 4230 noster?
3246 4172 3428 4227 Nostis
3476 4169 3740 4242 profecto,

2178 4271 2642 4339 quemadmodum
2679 4268 2982 4324 miserrime
3019 4266 3122 4320 fuit
3152 4265 3241 4320 ille
3274 4264 3471 4328 elatus,
3507 4272 3740 4333 quanta-

2152 4378 2279 4433 ‘que
2310 4363 2365 4416 in
2390 4363 2510 4431 ejus
2544 4360 2735 4415 funere
2763 4361 3011 4415 faciendo
3035 4360 3275 4413 adhibita
3292 4356 3589 4420 festinatio,
3611 4353 3739 4409 sella

2182 4457 2351 4526 regia,
2398 4466 2502 4525 qua
2525 4455 2645 4524 ejus
2679 4469 2878 4524 corpus
2912 4453 3248 4524 portabatur,
3281 4448 3585 4513 confracta,
3616 4460 3741 4516 per-

2098 4562 2149 4622 D
2179 4548 2304 4603 inde
2330 4563 2395 4603 ac
2427 4548 2470 4602 si
2520 4563 2661 4617 {egre
2714 4547 2928 4601 tulisset
2958 4544 3378 4601 sceleratissima
3410 4555 3469 4597 se
3505 4540 3595 4594 illa
3624 4555 3739 4594 sar-

2176 4641 2295 4693 cina
2351 4653 2595 4709 pressam
2650 4638 2839 4693 fuisse.
2886 4634 3199 4690 Meminisse
3230 4632 3455 4704 potestis
3483 4642 3739 4701 prwterea

2175 4744 2339 4799 quam
2364 4730 2601 4798 graviter
2629 4729 2877 4798 foedeque
2907 4727 3090 4782 infelix
3126 4725 3257 4781 illud
3296 4739 3497 4794 corpus
3523 4723 3735 4784 feteret,

2176 4829 2524 4890 quantusque
2569 4835 2633 4875 ac
2676 4833 2839 4890 quam
2886 4828 3020 4873 teter
3070 4825 3216 4872 esset
3267 4816 3400 4870 odor
3434 4815 3545 4877 ille,
3578 4828 3738 4883 quem

2175 4912 2581 4966 occurrentium
2633 4910 2736 4965 sibi
2783 4910 3010 4964 naribus
3048 4908 3272 4968 afflaret,
3304 4905 3570 4976 ejusmodi
3594 4903 3743 4957 vide-

2184 5004 2314 5060 licet
2359 5004 2452 5074 qui
2509 5011 2814 5058 aromatum
2861 5017 2983 5071 qua:
3033 5001 3450 5056 incenderentur
3496 4997 3738 5053 omnium

2179 5097 2401 5151 odorem
2443 5094 2822 5151 confunderet.
2864 5094 3202 5149 lntumucrat
3243 5100 3505 5162 praeterea
3542 5091 3737 5143 mirum

2178 5188 2233 5241 in
2270 5187 2516 5242 modum.
2566 5188 2741 5256 Atque
2769 5187 2883 5241 ιιωο
2915 5186 3132 5254 quidem
3167 5183 3363 5239 divina:
3394 5180 3745 5252 providentiae

2176 5292 2327 5331 nunc
2361 5277 2415 5330 in
2460 5276 2625 5331 rebus
2664 5276 2919 5330 humanis
2959 5275 3083 5329 vitae
3118 5273 3279 5342 hujus
3322 5271 3521 5326 indicia
3556 5270 3739 5335 fuere;

2176 5384 2302 5425 nam
2351 5379 2405 5424 et
2456 5368 2877 5437 colliquesccnte
2930 5367 3042 5437 jam
3078 5366 3131 5420 in
3173 5374 3449 5435 puli-orem
3492 5376 3740 5432 corpore,

2173 5462 2293 5531 ejus
2326 5460 2504 5515 adhuc
2532 5460 2795 5529 spirantis
2821 5458 3033 5513 tabidas
3066 5471 3261 5512 carnes
3288 5471 3354 5509 ex
3390 5454 3743 5509 inferioribus

2175 5553 2335 5606 aiunt
2366 5550 2617 5621 partibus
2665 5549 2977 5616 effluxisse;
3024 5564 3131 5619 qtto
3170 5547 3388 5617 quidem
3427 5545 3626 5599 factum
3658 5552 3744 5597 est

2178 5652 2237 5695 ut
2268 5644 2353 5695 vix
2406 5641 2473 5695 ad
2519 5639 2848 5695 destinatum
2898 5641 3205 5710 sepulcrum
3238 5637 3475 5693 delatum
3513 5637 3740 5706 turpiter

2180 5733 2377 5815 fuerit,
2404 5733 2874 5805 ignominioseque
2905 5733 3226 5804 projectum.

2250 5823 2620 5879 Conferantur
2654 5840 2799 5882 nunc
2826 5827 3049 5892 nostris,
3088 5825 3131 5882 si
3155 5825 3350 5896 placet,
3380 5839 3442 5880 ea
3469 5839 3585 5895 qua:
3611 5820 3740 5878 huic
