4010 6606
335 408 440 472 805

1304 406 1648 468 JOANNES
1687 408 2122 475 GEOMETRA.
2143 435 2210 450 -·-
2247 415 2580 476 ΝΟΤιΤιΑ.

3467 420 3576 484 ωδ

330 532 652 591 evenerunt,
699 515 1126 585 nstcndaturque
1183 517 1313 587 quid
1357 519 1643 588 religiosus
1681 529 1731 572 et
1779 520 1898 587 pius
1936 537 1975 586 Α
2011 523 2323 592 hujusmudi
2394 527 2602 580 esitum
2669 537 2944 596 exspectat
3003 545 3220 585 morum
3291 537 3576 603 asperitas,

329 615 435 676 vir,
481 611 610 680 quid
660 610 785 663 item
816 618 1005 662 contra
1059 609 1152 662 Dei
1199 619 1540 680 contemptor
1577 621 1632 666 et
1677 613 1896 680 intpitis,

326 704 712 774 quomodoque
757 701 857 755 viri
891 702 963 771 pii
1007 703 1213 756 exitum
1250 703 1428 757 honos
1461 705 1656 759 solitus
1690 705 1762 759 sit
1803 721 1896 758 co-

325 796 531 859 mitari,
577 804 877 863 contraque
921 795 1132 849 scelesti
1177 796 1381 850 derisio
1433 798 1894 868 contetnptioque.

321 887 458 942 Nam
507 885 575 941 ad
623 901 708 951 ea,
760 901 880 956 qua:
927 887 1189 952 diximus,
1245 889 1375 942 illud
1427 889 1590 943 etiam
1644 894 1892 956 accessit,

321 979 467 1048 quod
499 993 564 1031 ne
596 977 754 1031 solita
785 976 1006 1046 quidem
1035 978 1167 1032 viris
1197 978 1301 1047 piis
1333 989 1452 1048 post
1479 990 1706 1035 mortem
1743 983 1896 1035 adhi-

321 1069 437 1124 beri
482 1068 865 1136 exsequiarum
900 1069 1048 1138 justa
1093 1070 1142 1123 ei
1196 1071 1471 1139 persoluta
1512 1073 1685 1138 luere,
1721 1089 1898 1142 neque

319 1161 470 1227 regia
526 1158 767 1214 adhibita
831 1174 860 1213 a
923 1161 1335 1230 magistratibus
1395 1178 1629 1233 pompa,
1700 1177 1894 1234 praeter

315 1251 678 1321 paucissimos
695 1251 962 1320 quosdam
1009 1254 1342 1323 eosdemque
1367 1255 1888 1325 contemptissimus,

313 1343 412 1412 qui
443 1341 665 1396 cuilibet
706 1342 869 1396 etiam
912 1343 980 1398 de
1023 1345 1186 1413 vulgo
1217 1346 1438 1399 solitum
1471 1347 1708 1402 olliciutn
1755 1364 1892 1416 pra:-

313 1435 514 1488 statnri
552 1433 803 1489 fuissent.
837 1436 1001 1502 Atqui
1041 1437 1246 1492 multos
1288 1447 1467 1492 tamen
1517 1439 1605 1493 ille
1639 1440 1722 1494 sui
1776 1451 1885 1494 stu-

312 1528 502 1580 diosos
553 1527 808 1592 habebat,
868 1544 1045 1597 neque
1089 1530 1346 1600 impedita
1406 1542 1523 1585 erat.
1573 1532 1770 1602 cuique
1823 1535 1888 1587 ad

307 1633 437 1672 eum
488 1619 798 1674 conﬂuendi
837 1631 1108 1691 potestas;
1155 1624 1256 1677 nisi
1299 1624 1474 1678 sicubi
1524 1625 1686 1695 aliqui
1727 1627 1888 1680 etiam

307 1724 514 1780 praesto
558 1710 731 1774 l‘uere,
775 1728 913 1782 quos
955 1723 1142 1784 utpote
1189 1725 1506 1771 auctoratos
1566 1716 1685 1772 sine
1735 1733 1887 1773 mora

310 1802 742 1872 imperatoribus
789 1819 1051 1874 apparere
1111 1817 1406 1876 Opurtcret.
1455 1806 1558 1864 Sed
1626 1810 1882 1864 nimirum

305 1897 601 1964 oportebat
639 1905 698 1950 ut
743 1897 1052 1965 lmjusmodi
1090 1876 1427 1968 sepulturam
1473 1902 1884 1956 nancisceretur
1915 1888 1958 1945 Β

306 1988 398 2039 vir
427 1988 670 2060 omnium
698 1989 1226 2057 importunissimus,
1261 2008 1383 2061 qua:
1408 1993 1589 2047 debita
1621 1993 1788 2048 rebus
1815 1995 1882 2047 ab

303 2095 379 2134 eo
410 2083 672 2136 scelerate
701 2082 868 2150 gestis
900 2083 1126 2137 alterius
1157 2084 1204 2137 ei
1235 2084 1355 2138 vitae
1382 2085 1649 2153 supplicia
1687 2100 1883 2155 reprtc—

304 2187 578 2232 seutaret.
613 2177 882 2232 Craterum
931 2179 1016 2232 hic
1049 2179 1270 2248 quidem
1318 2179 1417 2233 hoc
1448 2179 1608 2234 modo
1659 2180 1882 2236 meritas

301 2269 580 2322 scelerum
609 2284 832 2325 suorum
862 2285 1051 2340 paruas
1078 2271 1350 2340 pependit.

383 2359 524 2424 Quid
557 2375 687 2414 vero
729 2361 848 2430 ejus
873 2363 1088 2418 consilii
1117 2363 1361 2431 primat-ii
1395 2371 1668 2427 auctores,
1709 2366 1882 2419 maxi-

301 2466 509 2520 meque
541 2451 632 2506 illa
660 2451 868 2507 circum
899 2453 1166 2508 nefarium
1192 2463 1353 2524 caput
1380 2456 1650 2525 palpitans
1668 2458 1880 2512 cauda?

297 2544 557 2598 Aliorum
612 2545 870 2600 nimirum
913 2547 1023 2616 jam
1079 2548 1284 2602 exitum
1343 2550 1602 2615 vidimus,
1647 2566 1878 2620 quorum

299 2637 577 2690 memoria
611 2652 734 2691 cum
779 2639 960 2693 sonitu
999 2639 1179 2708 periit,
1213 2641 1332 2694 aliis
1371 2640 1533 2694 etiam
1566 2656 1629 2695 ex
1659 2643 1881 2711 propin-

297 2741 419 2794 quo
447 2725 556 2795 jam
585 2726 871 2784 imminere
911 2729 1188 2795 videmus;
1241 2745 1418 2798 neque
1460 2731 1602 2784 enim
1647 2731 1880 2800 gemitus

300 2832 615 2886 pauperum
665 2818 863 2888 peribit
913 2821 968 2873 in
1001 2822 1187 2887 linem,
1232 2831 1500 2891 canetque
1543 2823 1746 2877 ch0rus
1786 2823 1877 2892 juo

297 2907 687 2971 vencularnm,
731 2909 924 2973 nostri,
974 2911 1220 2980 inquam,
1262 2913 1446 2965 saeculi
1487 2911 1877 2976 Ecclesiarum.

296 2998 555 3052 victoriae
615 3013 861 3064 carmen,
927 3017 1065 3055 novo
1128 3013 1181 3056 et
1229 3003 1543 3072 importuno
1594 3001 1880 3058 Pharaone

300 3106 411 3144 una
451 3106 575 3145 cum
609 3092 863 3149 curribus
897 3102 950 3148 et
978 3095 1253 3163 equitibus
1289 3095 1560 3150 detncrso.
1598 3096 1874 3166 Siquidem

2006 616 2215 670 duritas
2286 618 2838 688 implacabilitasque.
2869 621 2976 675 Sed
3028 622 3142 678 hac
3185 625 3349 681 missa
3401 629 3574 682 facia-

2005 722 2148 770 mus,
2171 721 2367 776 eaque,
2400 723 2522 777 quae
2552 709 2708 762 initio
2741 711 2895 767 nobis
2925 715 3199 782 proposita
3231 725 3406 776 erant.
3440 733 3573 787 pro-

2004 815 2323 868 sequamur,
2358 801 2772 871 orationemqne
2803 804 2904 858 hoc
2931 809 3090 861 nme
3121 809 3498 864 terminemus.

2075 888 2120 944 Ο
2143 898 2469 960 potestatem
2506 894 2830 962 pontilicum
2876 895 2998 950 Dei!
3031 913 3152 968 qua:
3188 915 3294 953 una
3325 917 3446 956 cum
3482 903 3569 967 iis,

1999 978 2100 1049 qui
2139 979 2355 1036 virtutis
2404 998 2570 1036 causa
2608 987 2852 1053 perpessi
2904 987 3134 1056 injurias
3182 999 3332 1056 sunt,
3386 993 3567 1046 lwtitia

1998 1074 2276 1141 exsultas;
2313 1091 2418 1128 una
2453 1091 2577 1130 cum
2625 1076 2758 1130 Abel
2801 1079 3018 1133 invidias
3054 1079 3292 1135 obnoxia
3336 1097 3415 1145 es,
3463 1098 3566 1137 una

1998 1182 2124 1222 cum
2159 1169 2388 1237 antiquo
2419 1169 2512 1224 illo
2551 1168 2722 1224 Jacob
2755 1172 2824 1225 ab
2849 1173 3062 1228 aetatulis
3085 1175 3306 1229 assidue
3329 1177 3565 1238 vexaris.

1998 1277 2103 1314 una
2141 1277 2266 1315 cum
2311 1260 2572 1316 Zacharia
2608 1263 2900 1332 jugularis,
2951 1281 3057 1319 una
3108 1282 3232 1320 cum
3269 1266 3471 1322 Jacobo
3514 1270 3566 1323 in

1995 1354 2224 1424 gratiam
2260 1353 2580 1409 Judaeorum
2623 1357 2903 1419 tnactaris,
2940 1373 3045 1411 una
3077 1373 3200 1412 eum
3231 1359 3357 1413 divo
3393 1362 3566 1413 Atha-

1995 1449 2150 1504 nasio
2194 1464 2225 1503 e
2277 1450 2503 1505 sedibus
2561 1451 2670 1504 tuis
2723 1453 3051 1518 exturbaris,
3097 1467 3203 1507 una
3241 1467 3362 1505 eum
3399 1451 3568 1505 Paulo

1993 1541 2174 1598 exsilii
2232 1543 2458 1613 pedicis,
2521 1544 2981 1613 quemadmodum
3042 1545 3152 1608 hic,
3203 1542 3566 1599 confessionis

1997 1636 2326 1699 lmnestaris,
2388 1651 2496 1692 una
2550 1653 2672 1692 eum
2723 1637 3031 1708 Nicephoro
3082 1648 3135 1692 et
3185 1637 3376 1692 Pbotio
3434 1638 3566 1692 viris

1997 1728 2319 1783 clarissimis
2361 1728 2501 1798 fugis
2531 1744 2595 1783 ac
2634 1730 2903 1782 mortibus
2938 1729 3232 1783 decoraris.
3278 1725 3354 1782 Te
3385 1730 3568 1798 sepul-

1994 1834 2148 1872 crum
2183 1834 2290 1873 non
2318 1819 2556 1888 operuit,
2594 1821 2685 1874 sed
2716 1820 2971 1875 onmihus
3002 1835 3124 1890 quae
3151 1820 3253 1874 sub
3277 1821 3417 1874 coelo
3438 1831 3566 1873 sunt

1991 1911 2150 1964 terris
2181 1912 2413 1980 aperuit.
2441 1911 2517 1966 Te
2557 1927 2664 1966 non
2703 1922 2844 1967 terra
2889 1915 3153 1980 contexit,
3184 1916 3275 1969 sed
3311 1914 3565 1969 omnibus

1990 2018 2112 2072 quae
2169 2003 2370 2072 ubique
2435 2013 2563 2058 sunt
2614 2006 2860 2072 partibus
2893 2005 3011 2071 ejus
3049 2007 3307 2068 ostendit,
3341 2009 3562 2075 dignum

1993 2093 2304 2160 pontificem
2335 2107 2401 2147 eo
2423 2093 2514 2162 qui
2534 2103 2582 2147 te
2614 2107 2895 2148 creaverat
2917 2094 3047 2157 Deo,
3072 2095 3326 2150 idonequ
3355 2112 3560 2164 praeco-

1994 2197 2114 2238 nem
2180 2183 2341 2237 rebus
2377 2184 2518 2238 illius
2545 2185 2835 2253 magnifice
2880 2185 3070 2254 gestis,
3117 2185 3349 2238 similent
3394 2186 3558 2238 etiam

1989 2287 2178 2326 eorum
2196 2289 2333 2341 quos
2348 2274 2464 2343 ipse
2481 2274 2676 2327 tulerat
2697 2275 2943 2327 laborum
2963 2275 3166 2328 exitum
3183 2283 3560 2328 consecutum.

1993 2359 2376 2415 Verumtamen
2410 2363 2768 2432 quilaborum
2800 2364 2912 2432 jam
2949 2374 3163 2417 tuorum
3189 2365 3406 2431 praemia
3438 2377 3560 2432 per-

1987 2453 2199 2521 cepisti,
2226 2468 2443 2523 unaque
2475 2469 2534 2508 es
2576 2469 2698 2509 cum
2743 2454 2882 2508 duce
2912 2455 3284 2524 magistroque
3319 2455 3561 2515 Christo,

1989 2562 2112 2600 eum
2151 2546 2348 2601 istbinc
2377 2546 2534 2602 nobis
2557 2547 2808 2611 concilia,
2835 2556 2894 2602 ut
2915 2548 3402 2617 sistatprocellam,
3423 2557 3562 2602 tem-

1989 2646 2255 2706 pestatem
2289 2637 2564 2702 cohibeat,
2611 2640 2780 2693 maris
2813 2639 3104 2693 tumultum
3138 2639 3309 2701 sedet,
3344 2639 3430 2703 iis,
3468 2637 3558 2706 qui

1989 2729 2174 2783 itidem
2225 2739 2282 2784 ut
2317 2745 2416 2784 nos
2446 2729 2665 2800 injuriis
2696 2729 2877 2785 all'ecti
2907 2729 3080 2793 fuere,
3115 2734 3306 2785 merita
3341 2730 3560 2799 przemia

1988 2821 2281 2888 persolvat,
2320 2821 2434 2876 sive
2483 2831 2543 2874 ut
2582 2821 2851 2890 judicium
2905 2834 3260 2877 convertatur
3301 2822 3353 2876 iit
3396 2822 3563 2892 justi-

1989 2914 2139 2976 tiam,
2199 2913 2314 2966 sive
2364 2923 2421 2967 ut
2474 2914 2798 2982 injuriarum
2850 2923 3104 2966 auctores
3156 2919 3456 2983 agnoscant
3503 2927 3564 2966 se

1984 3003 2304 3072 deliquisse,
2339 3013 2392 3058 et
2433 3004 2708 3068 idoneam,
2758 3014 2945 3057 contra
2991 3018 3156 3073 quam
3197 3003 3462 3057 har-tenus
3491 3002 3559 3055 ab

1987 3097 2068 3150 his
2099 3097 2299 3152 fartum
2332 3108 2435 3164 est,
2463 3098 2791 3152 cantilenam
2825 3096 3202 3154 ausuieentur.

1495 3305 1672 3330 Μ

1445 3334 1771 3343 Μ’..-
1790 3333 1797 3339 -
1818 3330 2436 3341 _————.——__.

307 3303 1502 3344 Μ

1371 3481 1674 3537 INEUNTE,
1729 3483 1810 3526 UT
1840 3483 2143 3535 γιυιῖτυιι,
2185 3481 2432 3524 ὃίῖίίυιυ
2465 3481 2502 3523 Χ

775 3621 1746 3866 JOANNES
1881 3680 3087 3867 GEOMETRA

1705 4151 2214 4245 NOTl'l‘lA

303 4351 402 4414 (Ex
437 4350 723 4414 praelatione
769 4345 827 4398 Β.
856 4346 910 4396 Ρ.
936 4345 1052 4395 Ant.
1082 4343 1339 4418 Ballerini,
1375 4342 1540 4418 S_.'_.l.,.
1566 4344 1614 4412 in
1653 4341 2610 4418 praelga,‘$)'tloge_Monumentnrqrn
2647 4344 2706 4418 ad
2739 4343 3029 4418 mysterium
3071 4341 3416 4404 Conceplionis
3462 4342 3553 4389 im-

1133 4409 1386 4456 maculata:
1407 4404 1624 4466 Virginis
1648 4405 1878 4467 Deiparte
1906 4404 2248 4454 illustrandum
2275 4407 2438 4454 ltoma:
2460 4404 2578 4454 1856
2602 4405 2772 4467 edita.)

1913 4580 1980 4594 σι.-

377 4713 458 4774 De
486 4718 639 4762 certa
673 4718 834 4763 artate
876 4707 1305 4779 qua'Gcotnett-a
1354 4709 1570 4770 vixerit,
1603 4709 1842 4764 nomium
1875 4719 2108 4777 constat,
2145 4710 2272 4764 licet
2313 4705 2558 4762 nonnulli
2605 4704 2865 4775 temporis
2905 4705 3059 4770 lines,
3105 4704 3198 4759 lati
3244 4704 3279 4759 ii
3311 4703 3554 4774 quidem.

300 4797 478 4866 aliqui
543 4806 728 4852 tamen
760 4798 1034 4868 assignari
1063 4798 1175 4867 jam
1210 4797 1444 4867 possint,
1477 4797 1677 4866 quibus
1715 4811 1816 4852 nec
1844 4798 2120 4868 antiquior
2148 4811 2246 4851 nec
2275 4793 2548 4849 recentior
2588 4793 2853 4847 dicendus
2889 4792 2984 4846 sit.
3015 4793 3260 4846 Alterum
3291 4791 3450 4846 nobis
3487 4790 3556 4842 li-

309 4887 500 4941 initem
537 4887 656 4942 hac
696 4887 838 4957 ipsa,
878 4888 984 4943 nisi
1019 4886 1202 4954 fallor,
1235 4887 1410 4944 oratio
1441 4887 1662 4955 pra‘bet,
1691 4901 1856 4955 quam
1881 4886 2117 4941 edimus.
2148 4883 2280 4939 Nam
2313 4883 2402 4938 ubi
2435 4883 2500 4937 ad
2537 4880 2938 4950 explanandum
2972 4878 3268 4933 Dominica:
3303 4879 3557 4932 incarna-

302 4975 473 5029 tionis
522 4975 846 5046 mysterium
887 4974 1129 5031 Joannes
1171 4975 1404 5039 accedit,
1451 4990 1562 5028 non
1615 4972 2011 5045 Eutychianam
2068 4973 2254 5034 modo,
2303 4985 2494 5027 verum
2541 4971 2705 5024 etiam
2742 4967 3203 5021 Monolltelilicam
3244 4965 3554 5019 Ιιωνθιῖοδῐιι

305 5061 697 5117 confusionem
757 5072 839 5118 sat
893 5063 1096 5119 diserte
1144 5063 1457 5134 perstringit
1514 5072 1566 5116 et
1601 5062 1882 5133 impugnat
1917 5059 1971 5132 (§
2017 5059 2182 5129 XXI).
2222 5058 2354 5113 Post
2383 5065 2629 5146 exortam
2672 5055 2838 5146 igitur
2874 5051 3557 5146 Monothelitarunrluere-

309 5150 420 5204 sim
453 5149 699 5220 scriptus
727 5159 813 5204 est
838 5165 1046 5206 sermo.
1082 5151 1328 5206 Alterum
1359 5166 1489 5206 vero
1521 5151 1748 5204 limitem
1781 5157 1989 5205 certum
2017 5147 2202 5218 deligit
2227 5144 2426 5201 Catena
2457 5141 2685 5197 Patrum
2711 5144 2766 5196 in
2789 5141 2988 5194 Lucam
3022 5140 3090 5194 ab
3117 5137 3551 5194 eminentissimo

306 5237 517 5305 Angelo
550 5237 698 5291 Maio
731 5236 920 5293 Grasce
952 5238 1098 5293 edita
1127 5240 1180 5291 in
1227 5235 1422 5307 Script.
1463 5249 1566 5292 ret.
1598 5245 1639 5290 t.
1690 5235 1784 5301 IX,
1827 5247 1881 5292 et
1914 5235 2156 5291 Nicctam
2193 5233 2861 5304 Constantinopolitannm
2892 5229 3182 5285 diaconum
3221 5226 3424 5279 habens
3455 5240 3556 5277 au-

304 5336 537 5382 ctorem.
575 5324 712 5380 Cum
747 5327 895 5381 enim
943 5329 1110 5381 multa
1141 5344 1171 5381 e
1203 5327 1432 5382 Joannis
1459 5328 1762 5382 Geometras
1797 5326 2018 5396 scriptis
2053 5324 2243 5380 Niceta
2271 5321 2628 5392 decerpserit,
2660 5330 2714 5375 et
2744 5335 2856 5374 sua:
2889 5315 3191 5372 collectioni
3236 5314 3554 5367 inSt-ruerit!

309 5416 363 5468 id
390 5433 476 5482 ,ue.
517 5427 638 5481 post
671 5419 910 5470 medium
945 5417 1206 5472 szeculum
1249 5433 1301 5470 XI
1334 5416 1668 5486 praestiterit,
1705 5416 1881 5485 palam
1911 5424 1994 5468 est
2030 5413 2373 5468 Geometram
2417 5422 2544 5466 ante
2577 5411 2628 5464 id
2668 5408 2928 5479 temporis
2962 5405 3228 5460 ﬂoruisse.
3257 5401 3411 5468 Quod
3457 5416 3557 5454 au-

313 5513 420 5558 tem
450 5506 697 5576 quidam,
736 5507 884 5560 nulla
917 5505 1046 5568 alia,
1080 5514 1137 5559 ut
1161 5504 1394 5570 videtur,
1427 5504 1494 5558 de
1524 5519 1712 5568 causa,
1747 5503 1851 5558 nisi
1884 5512 1943 5557 nt
1971 5517 2039 5557 ne
2069 5517 2295 5572 prorsus
2325 5503 2389 5554 de
2421 5516 2485 5554 eo
2519 5507 2752 5562 taceant,
2785 5505 2987 5588 certam
3017 5494 3255 5588 aliquam
3289 5489 3555 5588 epocham

311 5595 604 5665 designare
652 5594 973 5660 maluerint,
1006 5593 1084 5648 uti
1113 5610 1164 5647 v.
1202 5609 1284 5664 gr.
1314 5591 1620 5648 Casimirus
1650 5591 1922 5655 Oudinus,
1957 5592 2048 5660 qui
2081 5589 2156 5661 (a)
2189 5605 2332 5678 anno
2364 5587 2502 5641 l050
2540 5584 2982 5678 et-Cmtbe-lisins
3015 5583 3108 5654 qui
3141 5581 3214 5652 (ὁ)
3244 5580 3424 5678 medio
3451 5593 3554 5678 sar-

313 5662 503 5736 culo‘x
533 5691 628 5737 aut
655 5697 711 5736 XI
735 5681 1086 5738 Geometram
1113 5662 1317 5738 vixisse
1348 5681 1711 5746 allirmarunt,
1745 5695 1844 5751 pro
1876 5680 2048 5734 nihilo
2087 5677 2398 5732 habendum
2429 5683 2533 5729 cst.
2579 5671 2837 5741 Nunquid
2869 5671 3014 5727 enim
3051 5686 3158 5726 non
3192 5667 3304 5740 pari
3333 5668 3459 5739 jure
3490 5662 3564 5718 ad

392 5834 468 5904 (α)
513 5837 584 5894 De
615 5842 797 5910 script.
831 5841 955 5896 crcl.
981 5833 1046 5907 ll,
1079 5840 1193 5896 lilii.
2071 5835 2144 5905 (ὑ)
2176 5832 2314 5888 Bibl.
2348 5831 2508 5888 Conr.
2543 5831 2650 5886 vol.
2678 5830 2718 5898 1,
2753 5846 2874 5902 pag.
2901 5831 2989 5886 25.
