4010 6580
433 388 539 452 807
1646 387 1981 453 JOANNES
2021 386 2227 446 GEOM
2238 386 2454 449 ETRA.
3574 378 3679 443 808

435 505 696 561 szecnlum
742 520 790 558 Ix
847 504 1097 557 euuulem
1137 504 1464 575 scriptorem
1518 504 1722 560 referre
1770 507 2040 576 quispiam
2091 508 2311 575 posset?
2358 502 2680 574 Ilippolytus
2717 499 3057 554 Marraccius
3093 492 3375 566 (Biblioth.
3417 492 3676 563 Μανίαν..

440 604 582 664 part.
618 610 630 647 l
670 594 735 647 ad
779 609 828 646 v.
869 591 1104 646 Joannes
1147 589 1450 662 Geometra)
1487 593 1698 656 scribit,
1742 609 1864 647 eum
1899 594 2142 662 ﬂoruisse
2175 596 2317 648 circa
2359 609 2557 646 anitum
2587 592 2781 645 salutis
2813 607 2905 659 per
2939 589 3208 643 Christum
3258 594 3523 651 reparata:
3552 584 3676 639 980.

444 680 594 734 Unde
622 691 803 733 tamen
839 680 888 732 id
919 680 1191 745 didicerit,
1227 681 1424 735 tacitus
1458 682 1711 751 prseterit.
1736 680 1891 746 Quod
1925 682 1971 737 si
2004 683 2256 737 nonnihil
2288 680 2682 736 verisimilibus
2718 676 3053 747 conjecturis
3082 673 3251 729 trilmi
3286 672 3680 743 oporteat,hoe

445 784 613 822 unum
650 768 788 822 forte
822 782 928 821 non
964 769 1315 823 abnuendum
1354 769 1651 833 videbitur,
1699 785 1764 823 eo
1797 770 1916 839 ipso
1964 771 2109 839 quod
2153 778 2261 823 tam
2293 769 2461 822 multa
2495 785 2525 822 e
2569 767 2861 821 Geometra
2895 765 2947 818 in
2980 774 3230 818 catenam
3263 776 3421 816 suam
3465 760 3677 815 Nic-etas

438 856 727 922 derivavit,
755 858 1012 911 omnibus
1040 859 1323 927 perpensis
1349 859 1424 912 rei
1454 857 1746 927 adjunctis,
1776 857 1921 911 haud
1948 857 2336 927 improbabiles
2360 856 2483 911 duci
2513 870 2671 925 posse
2694 854 2935 909 rationes
2956 850 3242 923 Opinandi,
3268 850 3338 905 ab
3373 849 3670 905 Geometra

442 943 687 999 Nicetam
718 960 823 999 non
850 947 1075 999 omnino
1097 946 1298 1015 exiguo
1320 958 1588 999 annorum
1618 944 1903 999 intervallo
1935 944 2246 1013 seiunctum
2281 942 2471 998 fuisse.

513 1032 647 1099 Quis
677 1045 859 1087 autem
909 1033 1088 1097 fuerit,
1139 1032 1395 1087 omnibus
1433 1032 1539 1086 huc
1582 1047 1754 1101 usque
1799 1032 2001 1087 mansit
2036 1031 2457 1100 incompertum.
2498 1028 2633 1083 Illud
2669 1036 2849 1082 tamen
2898 1041 2962 1081 ex
3000 1024 3269 1080 Vaticano
3310 1023 3501 1077 codice
3542 1024 3679 1075 inter

446 1120 659 1175 (ἔνατος
689 1120 968 1175 Palatinos
1001 1121 1071 1176 N.
1102 1120 1207 1175 402
1234 1121 1443 1175 discere
1462 1132 1614 1175 certo
1638 1120 1785 1188 licet,
1824 1121 2230 1190 presbyteratus
2254 1117 2447 1172 ordine
2468 1130 2593 1171 eum
2623 1114 2939 1184 insignitum
2977 1112 3184 1176 fuisse;
3219 1120 3398 1165 exstat
3426 1110 3571 1163 enim
3603 1109 3676 1162 ibi

444 1209 563 1279 ejus
586 1208 783 1273 oratio,
808 1209 887 1271 εἰς
913 1208 1101 1262 ἑαυτὸν
1133 1207 1295 1279 ἡνίκα
1320 1207 1688 1279 πρεσϐύτερος
1713 1208 2024 1278 ὲχειροτονή

2093 1222 2119 1275 ι’
2152 1208 2205 1258 in
2239 1220 2294 1259 se
2313 1205 2486 1274 ipsum
2517 1220 2637 1257 cum
2663 1209 2998 1256 consecratus
3028 1210 3104 1253 est
3134 1198 3444 1267 presbyter;
3475 1212 3538 1252 ex
3567 1212 3676 1265 qua

440 1296 604 1349 etiam
635 1295 885 1350 novimus
913 1309 1058 1356 eum,
1098 1294 1297 1348 nedum
1331 1302 1573 1361 matura,
1601 1294 1697 1350 sed
1732 1295 1865 1349 satis
1894 1306 2148 1364 provecta
2180 1304 2359 1357 aetate,
2385 1293 2605 1362 quando
2644 1292 2751 1360 iam
2791 1289 3138 1351 eanescebat,
3172 1288 3495 1355 viribusque
3524 1287 3678 1341 elau-

441 1400 605 1451 guere
637 1390 898 1453 cmperat,
930 1382 1309 1453 presbyterum
1340 1392 1740 1441 consecratum.
1782 1382 1913 1449 Ejus
1940 1399 2024 1438 ξω

2110 1384 2314 1438 verba:
2351 1384 2413 1436 Et
2454 1383 2511 1436 δέ
2539 1398 2624 1444 τις
2662 1380 2747 1451 εἴη
2782 1379 2891 1435 τῶν
2929 1374 3039 1441 οἷος
3068 1376 3198 1445 ἐγὼ,
3236 1370 3281 1444 ᾧ
3319 1375 3477 1429 πολιὰ
3516 1375 3612 1444 μὲν
3641 1377 3676 1444 ἡ

442 1470 584 1540 θρὶξ,
618 1470 803 1541 νωθρὰ
825 1471 881 1524 δὲ
912 1471 1019 1524 ὑπὸ
1051 1470 1144 1523 τοῦ
1180 1470 1376 1543 χρόνου
1406 1474 1439 1543 ἡ
1469 1471 1714 1543 δύναμις,
1741 1473 2046 1542 ὑπότρομος
2075 1472 2129 1525 δὲ
2154 1473 2248 1525 καὶ
2279 1467 2603 1533 ὑποσκάζων
2628 1470 2656 1521 ὁ
2682 1467 2862 1534 λόγος,
2893 1465 3083 1517 τοῦτον
3113 1467 3171 1517 ὲν
3203 1466 3316 1525 τοῖς
3345 1463 3533 1533 ἱδρῶσι
3561 1463 3671 1515 τῶν

440 1558 758 1624 ἀγωνιστῶν
796 1557 1281 1626 ἑπευφραίνεσοαι,
1320 1575 1377 1612 κ.
1424 1574 1475 1611 τ.
1518 1558 1566 1611 λ.
1612 1560 1972 1613 monasticam
2012 1577 2023 1609 π

2092 1576 2175 1614 am
2211 1559 2521 1629 professum
2569 1556 2719 1610 illmn
2755 1553 2948 1616 fuisse,
2988 1553 3131 1607 haud
3169 1567 3375 1620 auceps
3409 1552 3675 1605 indicium

440 1646 752 1714 suppeditat
779 1645 1021 1714 ejusdem
1056 1644 1382 1713 npusculum
1414 1645 1498 1699 cui
1528 1646 1717 1701 titulus
1754 1656 1837 1701 est
1867 1645 2190 1708 Paradisus,
2218 1647 2475 1716 quodque
2502 1658 2626 1700 cum
2661 1642 2976 1697 Morelliana
3007 1639 3259 1695 versione
3279 1640 3390 1705 jam
3425 1639 3479 1692 in
3512 1640 3677 1693 editis

443 1733 730 1789 habemus.
762 1731 909 1789 Satis
949 1732 1115 1788 fuerit
1146 1733 1231 1787 hic
1260 1734 1614 1802 descripsisse
1647 1735 1883 1804 primum
1917 1750 1947 1789 e
1983 1734 2147 1791 XCIX
2177 1734 2511 1792 tetrastichis
2541 1733 2743 1804 quibus
2775 1741 2947 1788 totum
2982 1746 3121 1800 opus
3147 1729 3448 1784 absolvitur
3479 1746 3495 1784 :

1282 1844 1599 1901 Sanctorum
1634 1857 1794 1902 caelus
1821 1864 1935 1902 vere
1957 1856 2031 1903 est
2060 1848 2341 1917 paradisus
2375 1862 2634 1912 amoenus,

1354 1932 1500 1988 Unde
1521 1935 1714 1987 animis
1746 1935 1884 2005 aﬂlat
1913 1936 2088 1987 suavis
2119 1949 2167 1989 et
2195 1935 2369 1990 almus
2411 1938 2562 1989 odor.

1277 2021 1417 2090 Ergo
1444 2022 1530 2073 cui
1561 2022 1754 2089 a/feciu
1782 2032 1903 2075 sunt
1928 2034 2141 2091 pectora
2174 2023 2303 2076 lmsa
2337 2024 2586 2092 profano,

1358 2107 1472 2161 lluc
1500 2111 1690 2171 veniat,
1726 2111 1908 2179 ﬂorent
1939 2124 2121 2179 carpat
2146 2121 2195 2166 et
2227 2111 2527 2166 ambrosia}.

508 2214 667 2271 Cmtu
698 2223 879 2270 autem
920 2226 1260 2283 sanctorum,
1289 2216 1357 2271 ad
1385 2233 1545 2287 quem
1588 2230 1783 2273 auctor
1829 2219 2043 2281 invitat,
2075 2220 2212 2274 nihil
2245 2220 2523 2290 designari
2556 2219 2728 2285 aliud,
2769 2234 2932 2290 quam
2967 2217 3366 2275 etenubitarum
3403 2224 3679 2271 monaste-

438 2304 606 2368 rium,
637 2320 745 2358 non
781 2307 942 2359 modo
970 2321 1058 2359 res
1082 2305 1198 2375 ipsa
1228 2305 1450 2370 clamat,
1484 2306 1578 2361 sed
1606 2315 1660 2361 et
1685 2308 1791 2360 alia
1820 2306 2143 2361 tetrasticha
2186 2309 2543 2373 confirmant,
2573 2308 2666 2362 ubi
2694 2318 2747 2364 et
2776 2308 3171 2361 monachorum
3204 2305 3409 2359 mentio
3438 2304 3682 2373 injicitur

440 2399 496 2443 et
538 2390 606 2444 de
650 2391 972 2447 monasticis
1017 2391 1310 2446 virtutibus
1355 2392 1558 2462 agitur,
1593 2393 1859 2464 exemplis
1895 2393 2269 2465 antiquiorum
2314 2396 2717 2453 ccenobitarum
2756 2395 3002 2461 Antonii,
3050 2393 3289 2457 Arsenii,
3321 2392 3678 2453 Bessariouis,

441 2476 763 2546 Agathonis,
796 2478 1020 2533 Achilla:
1051 2479 1373 2549 propositis.

513 2566 646 2632 Imo,
676 2566 721 2623 si
749 2566 881 2622 Iides
914 2567 1161 2623 habenda
1202 2578 1285 2623 est
1312 2568 1538 2625 alterius
1568 2571 1837 2628 sermonis
1867 2572 2043 2640 titulo,
2066 2586 2230 2643 quem
2265 2570 2511 2628 referunt
2540 2580 2653 2627 tum
2689 2571 3120 2641 Christophorus
3154 2568 3345 2623 Harles
3377 2567 3430 2622 in
3470 2566 3586 2622 suis
3614 2566 3681 2619 ad

440 2650 678 2707 Fabricii
712 2652 1103 2710 Bibliothecam
1132 2655 1378 2712 Grzecam
1403 2657 1808 2723 additamentis,
1838 2669 1952 2715 tum
1982 2659 2224 2717 Joannes
2255 2660 2450 2714 lriarte
2481 2659 2537 2713 in
2560 2659 2886 2714 recensione
2909 2657 3173 2713 Codicum
3201 2656 3515 2712 Graecorum
3552 2654 3679 2707 Mss.

443 2739 793 2796 Bibliotheca:
826 2741 1180 2809 Matritensis,
1214 2745 1307 2813 qui
1338 2753 1393 2799 et
1435 2745 1706 2815 prolixum
1738 2747 1985 2817 ejusdem
2025 2749 2299 2804 sermonis
2329 2747 2695 2817 fragmentum
2740 2746 2985 2812 exhibet,
3026 2745 3168 2800 haud
3215 2745 3376 2814 plane
3411 2745 3682 2798 immerito

440 2828 712 2899 conjicere
744 2831 1017 2901 quispiam
1078 2840 1263 2901 posset
1292 2872 1308 2897 ,
1345 2831 1609 2888 Joannem
1642 2847 1887 2891 nostrum
1921 2838 2213 2907 episcopali
2244 2851 2462 2906 quoque
2487 2833 2751 2903 dignitate
2778 2833 2975 2887 deinde
3009 2832 3327 2887 decoratum
3364 2830 3555 2884 fuisse.
3590 2828 3685 2882 Ti-

440 2917 589 2972 tulus
613 2917 755 2971 enim
788 2927 912 2973 est:
953 2918 1197 2973 Ἰωάννου
1252 2921 1639 2992 Πρωτοθρόνου
1690 2925 1785 2978 τοῦ
1825 2926 2017 2995 ιἐωμέ

2099 2943 2150 2977 ου
2194 2922 2324 2995 περὶ
2361 2920 2457 2976 τοῦ
2498 2922 2693 2993 μήλου.
2732 2920 2958 2975 Joannis
3007 2918 3351 2973 Prototltroni
3397 2916 3682 2973 Geometnc

439 3023 610 3060 sermo
639 3007 703 3062 de
745 3007 908 3062 malo.
939 3006 1109 3063 Porro
1148 3026 1491 3083 quaecunque
1544 3013 1610 3070 de
1639 3030 1742 3071 usu
1776 3016 1930 3072 vocis
1960 3013 2347 3086 Πρωτοορόνου
2393 3021 2695 3083 suppetunt
2745 3021 2986 3065 veterum
3025 3018 3400 3070 monumenta,
3439 3021 3506 3061 eo
3535 3006 3686 3059 colli-

440 3102 605 3149 ueant
662 3099 869 3162 omnia,
935 3107 992 3153 ut
1049 3113 1234 3167 nemo,
1284 3099 1379 3171 qui
1431 3101 1795 3174 episcopalem
1862 3105 2098 3176 aliquem
2159 3102 2418 3157 thronum
2486 3115 2596 3155 non
2665 3098 2926 3163 tenuerit,
2989 3098 3092 3151 hoc
3165 3095 3326 3150 titulo
3389 3105 3682 3149 exornatus

439 3190 662 3250 putetur
688 3185 790 3253 (a).

509 3270 832 3342 Quanquam
863 3287 993 3329 vero
1022 3272 1360 3345 incomperta
1403 3275 1583 3332 adhuc
1610 3285 1831 3332 manent
1861 3274 2089 3334 Joannis
2119 3278 2422 3335 Geometrm
2467 3286 2581 3331 tum
2620 3285 2769 3347 gesta
2812 3285 2923 3330 tum
2967 3284 3113 3331 certa
3170 3284 3305 3329 aetas
3335 3315 3350 3338 ,
3397 3287 3505 3325 non
3533 3284 3685 3337 seque

442 3368 622 3414 tamen
656 3360 949 3415 obscurum
983 3370 1087 3426 est,
1119 3362 1395 3431 quodnam
1427 3364 1494 3420 de
1531 3380 1595 3420 eo
1621 3364 1910 3433 judicium,
1942 3367 2160 3438 scriptis
2189 3369 2360 3439 ipsius
2402 3368 2685 3438 inspectis,
2728 3366 3010 3421 ferendum
3060 3365 3153 3419 sit.
3189 3362 3514 3416 Balthassar
3552 3360 3685 3414 Cor-

440 3449 626 3502 derius
660 3448 711 3501 in
757 3449 958 3516 praevio
990 3449 1233 3505 indiculo
1274 3450 1519 3515 Patrum,
1565 3467 1799 3521 quorum
1848 3455 2066 3524 scriptis
2124 3456 2326 3511 texitur
2371 3464 2565 3511 catena
2611 3470 2774 3525 quam
2814 3453 3053 3523 vulgavit
3097 3453 3150 3506 in
3188 3450 3417 3513 Lucam,
3458 3449 3596 3502 hanc
3620 3448 3685 3499 de

444 3535 732 3590 Geometra
780 3538 1059 3593 ferendam
1100 3540 1427 3595 sententiam
1471 3541 1727 3596 censuit:
1771 3541 1904 3595 Eum
1938 3543 2105 3598 multa
2138 3546 2299 3598 etiam
2341 3544 2519 3597 soluta
2566 3545 2807 3598 oratione
2856 3559 2957 3595 non
2997 3542 3263 3611 eleganter
3309 3538 3483 3591 minus
3529 3550 3684 3605 quam

438 3638 651 3677 nernose
679 3626 977 3694 scripsisse,
1008 3636 1225 3695 apparet
1252 3644 1317 3681 ea:
1343 3628 1653 3697 fragmentis
1684 3629 1800 3699 ejus
1828 3646 1931 3684 non
1960 3632 2145 3697 paucis
2175 3648 2268 3686 nec
2292 3633 2490 3701 parvis,
2526 3631 2623 3685 hac
2654 3630 2854 3685 Catena
2888 3630 3091 3693 citatis,
3124 3630 3177 3682 in
3208 3627 3397 3698 quibus
3433 3636 3482 3679 et
3518 3624 3681 3678 subli-

441 3728 575 3765 mem
609 3712 925 3783 theologum,
961 3712 1274 3769 historicum
1302 3717 1597 3781 eruditum,
1635 3728 1684 3771 et
1720 3718 2060 3787 interpretem
2098 3736 2161 3774 ac
2200 3720 2534 3775 ecclesiasten
2576 3720 2830 3773 eximium
2870 3720 3002 3786 agit.
3052 3716 3390 3771 Marraccius
3433 3716 3680 3766 eumdem

441 3807 699 3871 tanquam
727 3813 989 3856 oratorem
1019 3819 1080 3856 ac
1108 3813 1315 3872 poetam
1341 3821 1435 3860 suo
1463 3814 1689 3875 tempore
1720 3806 1978 3878 insignem
2010 3806 2356 3879 deprmdicat.
2376 3804 2488 3862 Nec
2513 3807 2673 3862 aliter
2700 3806 3070 3861 Contbelisius
3103 3805 3279 3875 ipsum
3310 3818 3410 3858 ceu
3445 3802 3683 3855 devotum

439 3900 706 3943 auctorem
736 3899 783 3943 et
809 3891 1074 3945 eruditum
1108 3892 1311 3948 laudat.

508 4022 585 4092 (a)
612 4022 771 4077 Conf.
807 4023 883 4078 Du
915 4024 1086 4096 Cang.
1111 4024 1285 4081 Gloss.
1317 4025 1490 4082 Gripe.
1514 4028 1581 4085 ad
1607 4045 1659 4083 v.
1691 4030 1981 4096 ΘΡΟΝΟΣ,
2022 4039 2078 4087 et
2103 4029 2278 4087 Gloss.
2306 4030 2425 4085 Lat.
2456 4030 2523 4085 ad
2554 4045 2606 4084 v.
2634 4028 3095 4085 Pnorsrunonns.

1286 4174 3670 4199 W

1519 4303 2029 4395 ΝΟΤΙΤΙΑ
2098 4304 2595 4393 ALTERA.

1335 4464 1557 4527 (Fannio.
1587 4462 1815 4514 Biblioth.
1842 4464 1928 4513 Gr.
1952 4462 2032 4512 ed.
2062 4462 2255 4524 Harles,
2280 4470 2398 4513 tom.
2436 4464 2564 4526 VIII,
2590 4480 2637 4528 p.
2658 4465 2794 4529 625.)

508 4678 808 4732 Geometrze
834 4676 1223 4732 adscribuntur
1251 4691 1266 4731 :

508 4770 705 4837 Hymni
738 4777 975 4838 quatuor
1019 4771 1245 4841 elegiaci
1282 4771 1337 4827 in
1376 4770 1435 4827 S.
1471 4770 1769 4842 Virginem,
1808 4788 1931 4828 cum
1976 4779 2308 4849 metaphrasi
2358 4778 2601 4836 Federici
2670 4781 2905 4845 Morelli,
2953 4782 3216 4853 subjectis
3266 4792 3389 4836 octo
3444 4780 3690 4836 versibus

438 4856 707 4923 iambieis,
738 4857 939 4928 quibus
969 4870 1161 4913 auctor
1196 4859 1293 4925 ait,
1326 4876 1384 4915 se
1415 4861 1579 4916 unius
1618 4875 1648 4915 e
1697 4858 1798 4915 SS.
1833 4860 2103 4918 Trinitate
2134 4879 2411 4937 parentem
2445 4869 2685 4940 perfecta
2742 4870 2967 4935 decade,
3003 4871 3263 4927 trecentis
3305 4871 3558 4925 versibus
3593 4872 3691 4935 (tot

434 4947 579 5002 enim
606 4948 820 5019 στίχους
855 4949 1295 5019 complectuntur
1321 4949 1397 5003 illi
1433 4950 1666 5021 hymni),
1696 4952 2025 5017 celebrasse,
2060 4955 2405 5011 hexametros
2434 4966 2641 5020 autem,
2671 4966 2729 5012 ut
2760 4958 3141 5027 perfectiores,
3174 4956 3678 5028 imperfectioribus

436 5038 788 5107 pentametris
812 5038 1084 5108 junxisse,
1114 5046 1174 5093 ut
1201 5038 1277 5092 illi
1299 5038 1562 5104 divinam,
1598 5039 1651 5093 hi
1676 5039 1970 5096 humanam
2003 5042 2209 5098 Christi
2237 5052 2492 5100 naturam
2526 5046 2884 5100 denotarent.

506 5123 749 5196 llymnus
782 5126 833 5181 in
866 5125 927 5180 Β.
977 5125 1264 5197 Deiparam
1310 5127 1709 5197 alphabeticus,
1743 5128 1813 5182 ita
1862 5138 1921 5184 ut
1947 5130 2149 5200 singuli
2183 5133 2443 5187 versiculi
2479 5133 2779 5197 vocabulis,
2812 5133 2881 5187 ab
2922 5133 3111 5187 eadem
3160 5133 3342 5188 littera
3387 5133 3688 5188 secundum

435 5212 683 5269 ordinem
715 5213 988 5283 alphabeti
1009 5213 1416 5283 incipientibus,
1447 5224 1717 5270 constent.
1748 5214 1921 5272 Ilosce
1950 5218 2183 5288 hymnos
2219 5222 2272 5276 in
2303 5237 2534 5292 corpore
2566 5230 2852 5290 poetarum
2880 5220 3198 5276 Graecorum
3239 5224 3597 5277 heroicorum
3636 5230 3690 5275 et

436 5301 805 5371 elegiacorum
835 5304 1000 5358 etiam
1025 5311 1259 5372 utraque
1288 5302 1475 5372 lingua
1505 5303 1748 5373 vulgatos
1773 5304 1979 5359 Geuev.
2019 5307 2182 5370 16M,
2222 5309 2341 5373 fo|.,
2366 5326 2418 5379 p.
2451 5310 2575 5372 7‘6,
2603 5311 2813 5378 primus
2844 5325 2969 5364 cum
2996 5311 3329 5381 metaphrasi
3358 5326 3459 5366 sua
3494 5310 3680 5365 Latina

438 5390 675 5459 vulgavit
704 5401 757 5445 et
786 5392 1051 5463 Gregorio
1088 5391 1206 5447 XIV
1236 5392 1474 5462 pontiﬁci
1502 5392 1704 5449 dicavit
1734 5394 2028 5452 Federicns
2064 5394 2338 5461 Morellus,
2382 5394 2556 5451 Paris.
2587 5396 2747 5465 1591,
2773 5397 2827 5453 8.
2864 5397 2946 5452 Ab
2975 5398 3166 5454 eodem
3194 5414 3287 5453 an.
3349 5397 3512 5464 I595,
3548 5397 3603 5462 8,
3636 5398 3688 5451 in

438 5477 614 5533 lucem
641 5480 827 5535 Grazce
853 5491 906 5537 et
931 5480 1121 5535 Latine
1145 5481 1324 5536 editus
1356 5491 1440 5536 est
1467 5480 1693 5537 Joannis
1723 5481 2026 5538 Geometras

513 5565 833 5633 Paradisus,
882 5569 997 5624 sive
1039 5570 1429 5639 epigrammata
1468 5572 1784 5626 tetrasticha
1816 5569 1981 5626 XCIX
2010 5573 2235 5629 moralis
2264 5575 2595 5642 argumenti,
2630 5584 2684 5629 ct
2714 5574 2861 5631 dicta
2907 5576 3158 5647 factaque
3192 5574 3292 5629 SS.
3337 5576 3681 5633 Ascetarum,

439 5655 683 5723 Achillae,
712 5658 1031 5728 Agathonis,
1060 5662 1345 5731 Apollinis,
1380 5662 1624 5724 Antonii,
1657 5663 1897 5727 Arsenii,
1929 5661 2292 5725 Bessarionis,
2321 5660 2594 5724 Cariouis,
2625 5659 2799 5724 Isaias,
2836 5661 3103 5732 Eutropii,
3148 5662 3422 5717 lleliodori
3458 5660 3558 5729 (at.
3587 5659 3684 5713 lsi-

438 5739 602 5811 dori),
644 5743 822 5810 Lucii,
882 5745 1094 5813 hlatois,
1154 5745 1434 5818 Miltiadis,
1495 5747 1695 5817 Pioris,
1760 5749 1981 5819 Pittaci,
2046 5748 2366 5821 Pityrionis,
2416 5747 2680 5818 Simonis,
2752 5748 2950 5820 Sisois,
3015 5749 3257 5809 Theonis
3320 5760 3376 5806 et
3446 5744 3686 5802 Zenonis

438 5827 754 5887 referentia.
