4010 6606
341 515 448 578 8‘39
1788 513 1898 575 NO'

2002 515 2119 574 ῚΑ.
3169 563 3188 574 -
3467 517 3570 578 810

413 627 656 683 Joannes
687 627 975 684 Gcomelra
1008 627 1204 698 saepius
1234 627 1428 682 citatur
1458 627 1509 682 in
1545 628 1764 684 Catenis
1785 628 1990 684 Graecis
2024 628 2077 682 in
2101 627 2324 688 Lucam,
2357 626 2519 681 etiam
2551 626 2602 680 in
2643 625 2843 680 Catena
2872 642 3036 681 aurea
3071 627 3291 682 Tlnunm
3329 631 3538 700 Aqnna
3559 661 3572 669 -

342 719 439 772 tis.
471 715 672 788 [Atque
701 732 766 770 ex
799 716 1006 770 Morelli
1037 717 1124 771 ed.
1157 712 1270 770 ree’.
1301 718 1353 770 in
1379 717 1688 786 Appendice
1717 717 1848 773 bibl.
1884 717 2104 772 Patrum
2130 730 2225 786 per
2250 712 2542 786 Margarir‘i.
2583 715 2650 770 de
2712 715 2760 769 la
2805 716 2970 787 Bigue
3015 717 3186 770 l’atis.
3226 717 3385 779 1651,
3438 729 3491 773 et
3521 722 3572 772 iu

339 814 490 859 tomo
520 802 655 864 XIV,
681 803 769 857 ed.
806 802 965 868 1654,
1005 802 1100 857 fol.
1127 801 1220 858 Gr.
1256 817 1320 857 ac
1354 801 1520 874 Lat.].

438 891 731 945 lambiram
758 891 1129 958 Metapbrasin
1177 892 1523 946 Canticorum
1555 891 1614 947 S.
1649 889 1946 962 Scriptura:
1972 907 2001 947 a
2031 890 2240 946 Joanne
2264 890 2552 946 Geometra
2575 902 2680 943 non
2724 888 3012 951 infeliciter
3043 891 3422 947 concinnatam
3475 894 3573 947 ba.

348 980 471 1034 buit
501 979 606 1033 MS.
645 979 751 1033 Leo
778 980 1028 1044 Allatius,
1066 991 1126 1034 ut
1145 981 1260 1050 ipse
1282 990 1468 1036 narrat
1491 982 1557 1036 de
1587 982 1740 1036 libris
1761 979 2150 1037 ecclesiasticis
2173 979 2486 1033 Graecorqu
2514 993 2634 1048 pag.
2668 976 2756 1032 62.
2786 977 2962 1046 Atque
2987 976 3352 1047 Parapltrasin
3377 982 3574 1036 cantici

341 1067 586 1135 Deipam
613 1067 713 1137 legi
743 1066 796 1120 in
821 1066 1010 1122 codice
1035 1068 1348 1122 Colbertino
1377 1071 1442 1123 ad
1463 1069 1855 1137 Apollinariani
1887 1066 2134 1123 Psalterii
2154 1067 2380 1129 calcem,
2406 1066 2645 1136 Cangius
2670 1065 2721 1118 iu
2751 1064 3030 1120 Glossario
3055 1065 3242 1120 GI‘RCCO
3261 1068 3560 1123 adnotavit.

339 1156 600 1210 Similiter
653 1157 706 1210 in
741 1157 930 1211 codice
982 1155 1320 1213 Barocciano
1353 1159 1423 1213 26
1464 1159 1771 1214 Bodleianae
1823 1156 1953 1212 bibl.
1989 1154 2272 1233 Canticum
2317 1153 2483 1207 Musis
2528 1168 2557 1205 a
2603 1152 2892 1207 Geometra
2929 1155 3312 1224 μεταφρασοὲν
3351 1157 3416 1209 ad
3458 1158 3574 1210 cal-

343 1262 465 1301 cem
484 1246 855 1316 Appollinaris
885 1246 1151 1302 occurrit.
1183 1248 1449 1302 Caeterum
1497 1248 1844 1317 χαιρετισμοὶ
1871 1245 1967 1309 illi,
1999 1246 2112 1298 sive
2143 1242 2325 1312 hymni
2355 1251 2591 1310 qnatttor
2623 1243 2674 1294 in
2709 1240 2763 1294 ll.
2800 1243 3052 1306 Mariam,
3086 1259 3322 1312 quorum
3359 1243 3575 1314 singula

339 1335 582 1390 disticha
631 1348 662 1388 a
705 1333 973 1388 vocabulo
1003 1336 1162 1405 χαῖρε
1195 1335 1484 1403 incipiunt,
1518 1335 1918 1390 exstantetiam
1951 1347 2086 1385 mss.
2130 1330 2184 1384 in
2230 1329 2359 1384 bibl.
2397 1327 2650 1383 Vaticana
2688 1328 2762 1400 [v.
2794 1329 3090 1386 Montfatte.
3127 1331 3268 1385 Bibl.
3313 1332 3572 1387 bibliotb.

339 1438 474 1477 mss.
522 1423 560 1486 Ι,
595 1437 716 1492 pag.
765 1422 820 1476 5.
851 1419 942 1492 C.]
971 1431 1025 1475 et
1063 1423 1113 1476 in
1141 1417 1408 1484 Ctesa'rea,
1441 1423 1755 1490 subjnncto,
1795 1420 1980 1475 nescio
2015 1418 2195 1488 cujus,
2238 1418 2291 1471 in
2330 1417 2631 1472 Geometrae
2667 1418 2878 1472 laudent
2923 1419 3288 1489 ἡρωε).εγείῳ.
3349 1420 3577 1475 Exstant

335 1513 498 1565 etiam
535 1526 641 1564 una
667 1525 792 1564 cum
824 1510 1235 1580 epigrammatis
1266 1510 1433 1564 variis
1458 1510 1706 1564 iambicis
1740 1524 1842 1563 ms.
1876 1507 1928 1561 iu
1967 1506 2175 1571 codice,
2208 1519 2368 1574 quem
2407 1506 2514 1572 regi
2547 1503 3019 1561 Cltristianissimo
3059 1507 3202 1561 dono
3227 1509 3373 1562 dedit
3403 1509 3573 1561 Anto—

337 1599 460 1652 nius
501 1585 802 1666 Eparcbus.
863 1597 1000 1651 Vide
1027 1596 1288 1650 Bandurii
1339 1606 1497 1652 notas
1532 1597 1597 1651 ad
1641 1595 1994 1664 antiquitates
2019 1593 2180 1649 CPol.
2222 1609 2344 1663 pag.
2375 1593 2478 1648 877
2511 1600 2566 1648 et
2602 1591 2730 1657 881,
2771 1599 2861 1662 qui
2893 1594 3236 1651 Geometram
3275 1598 3574 1666 pessimum

337 1694 549 1751 poetam
585 1683 842 1752 appellat,
885 1683 1107 1751 indigno
1135 1697 1232 1753 pro
1263 1693 1422 1738 aetate
1451 1684 1740 1753 imprimis,
1771 1697 1878 1752 qua
1901 1683 2058 1746 vixit,
2089 1682 2286 1752 elogio.

406 1768 710 1824 Geometrte
746 1771 998 1824 bomilias
1029 1771 1144 1826 sive
1171 1786 1454 1826 sermones
1483 1773 1535 1825 in
1569 1772 1880 1841 passionem
1917 1770 2118 1824 Christi
2151 1779 2315 1840 atque
2348 1769 2399 1822 in
2433 1767 2494 1821 Β.
2525 1770 2818 1840 virginem,
2854 1770 3194 1840 alterumque
3221 1770 3423 1837 ἐξόδιον
3456 1771 3574 1826 sive

337 1857 793 1926 προπεμπτήριον
834 1858 886 1910 in
927 1857 1310 1911 domuitionem
1349 1857 1609 1926 Deiparaa,
1641 1867 1693 1912 et
1717 1857 1898 1912 tertiut

2002 1855 2033 1910 d
2063 1856 2311 1910 eamdem
2346 1859 2800 1928 προσφωνητικὸν
2840 1858 2954 1914 sive
2995 1859 3348 1930 χαριστήριον
3379 1863 3578 1915 evolvit

338 1959 712 2015 memoratque
753 1948 984 2001 Allattus
1019 1947 1091 2000 De
1124 1945 1478 2010 Simeonibns,
1514 1962 1635 2018 pag.
1671 1947 1762 2010 91,
1792 1946 1881 2010 95,
1921 1946 2044 1999 1M.
2079 1945 2136 1998 In
2169 1944 2341 1999 altero
2373 1953 2627 2007 testatur,
2663 1961 2722 2000 se
2745 1946 2908 2000 etiam
2942 1947 3282 2018 apocryphas
3311 1949 3376 2000 de
3409 1947 3575 2003 Maria

336 2035 706 2100 narrationes,
756 2049 876 2103 quae
918 2034 1382 2104 evangelistarum
1433 2033 1656 2102 scriptis
1695 2049 1802 2087 non
1838 2033 1898 2087 ad

2002 2043 2292 2094 'sarcnlttr,
2343 2033 2646 2088 attexuisse
2683 2052 2696 2088 :
2747 2034 3099 2087 Συνείλεκται
3147 2035 3202 2088 δὲ
3233 2036 3324 2089 atati.
3352 2037 3481 2105 ἡμῖν
3514 2039 3576 2090 οὑ

337 2121 503 2191 μόνον
529 2121 631 2174 ὅσα.
651 2123 802 2190 παρὰ
825 2120 932 2173 τῶν
962 2121 1366 2188 εὐαγγελιστῶν
1388 2138 1446 2172 τε
1473 2122 1568 2174 καὶ
1595 2120 1910 2191 προφητῶν,
1930 2120 2064 2173 ἀλλὰ
2083 2121 2179 2173 καὶ
2200 2121 2298 2174 ὅσα
2323 2122 2454 2189 παρ’
2482 2122 2662 2174 αὐτῶν
2685 2122 2794 2174 τῶν
2817 2123 3152 2193 ἀποκρύφων
3181 2124 3573 2194 ἁνελεξάμεοα,

337 2209 604 2279 σύμφωνα
636 2210 728 2261 καὶ
760 2209 932 2262 ταῦτα
968 2207 1168 2279 δηλαδὴ
1199 2209 1295 2261 καὶ
1327 2209 1596 2261 ἀκόλουθα
1627 2210 1739 2271 τοῖς
1771 2200 2186 2277 εὐαγγελισταῖς
2217 2209 2312 2261 καὶ
2344 2211 2671 2280 προφήταις,
2709 2210 2804 2262 καὶ
2835 2214 2947 2274 τοῖς
2980 2211 3236 2281 μεγάλοις
3270 2215 3364 2265 καὶ
3393 2213 3577 2284 θεολή-

337 2314 494 2360 πτοις
530 2298 776 2368 [largam
802 2297 895 2349 καὶ
926 2296 1280 2358 διδασκάλοις.
1318 2295 1538 2350 Eiectat
1566 2295 1621 2348 δὲ
1654 2295 1870 2357 πάντως
1893 2295 1988 2362 ὅγε
2017 2295 2223 2357 δίκαιο;
2253 2297 2525 2366 ἀκροατὴς
2551 2297 2644 2349 και.)⁸
2667 2299 2879 2369 κριτής.
2914 2296 3080 2356 Ριιεῐι.

406 2385 659 2450 Joannis,
701 2386 1011 2450 Gcometrw,
1046 2385 1394 2439 Prototltroni
1445 2384 1725 2456 (Ἰωάννου
1757 2401 1898 2454 πρωτ

2002 2383 2133 2435 ιόνου
2163 2383 2257 2436 τοῦ
2287 2385 2627 2456 γεωμέτρου)
2658 2394 2798 2439 orat.
2843 2387 2906 2440 de
2942 2388 3104 2451 malo,
3143 2403 3264 2458 qum
3294 2391 3419 2445 mali
3462 2393 3576 2445 sive

336 2475 482 2546 pomi
531 2476 716 2530 Iaudes
766 2473 1136 2544 persequitur,
1183 2473 1428 2542 ejusdem
1484 2473 1792 2526 encomium
1829 2486 2098 2540 quercus;
2145 2472 2431 2540 ecphrasis
2479 2471 2654 2538 borti;
2685 2473 2792 2527 alia
2835 2475 3120 2544 ecphrasis
3165 2487 3219 2530 et
3261 2481 3573 2533 encomium

334 2564 632 2634 quoddam,
663 2565 806 2633 quod
838 2562 946 2617 inc.
984 2563 1050 2614 Τί
1079 2563 1144 2632 δὴ
1176 2563 1270 2616 καὶ
1316 2563 1376 2615 τὸ
1414 2561 1613 2632 μῆλον;
1657 2570 1785 2614 sunt
1819 2563 1871 2612 in

2007 2561 2042 2613 Ι.
2084 2558 2308 2612 Barocc.
2345 2557 2439 2612 εδ.
2476 2556 2541 2611 V.
2580 2557 2697 2614 Cat.
2740 2561 2898 2614 codd.
2941 2563 3166 2633 Anglize,
3207 2574 3312 2619 etc.
3349 2566 3387 2630 Ι,
3435 2582 3488 2636 p.
3520 2567 3573 2622 5.

333 2651 515 2706 Prima
551 2653 728 2704 oratio
758 2651 821 2704 de
866 2649 1006 2702 malo
1037 2660 1219 2705 exstat
1251 2665 1474 2720 quoque
1510 2649 1561 2704 in
1599 2648 1720 2702 cod.
1759 2664 1870 2719 reg.
1905 2647 2107 2701 blatrit.
2141 2644 2232 2711 82,
2261 2661 2326 2701 ex
2353 2661 2462 2715 quo
2493 2643 2640 2700 illam
2676 2647 2972 2718 exscripsit
3001 2659 3056 2704 et
3087 2650 3272 2707 Graece
3302 2653 3579 2724 evulgawt

337 2739 530 2794 Iriarle
556 2740 608 2793 in
633 2739 803 2793 Calai.
840 2738 1000 2793 codd.
1033 2738 1128 2794 Gr.
1155 2738 1384 2805 Matrit.,
1411 2753 1535 2808 pag.
1567 2737 1665 2792 501
1703 2752 1824 2806 sqq.

408 2827 697 2888 Florentiae
729 2828 784 2881 in
813 2827 945 2881 bibl.
983 2826 1242 2880 Laurent.
1281 2827 1404 2880 eod.
1431 2825 1502 2889 Χ,
1537 2842 1590 2879 ιι.
1623 2826 1678 2888 6,
1702 2826 1836 2894 plut.
1878 2825 1931 2878 5.
1960 2823 2046 2880 Jo.
2080 2824 2382 2880 Geometraa
2410 2824 2664 2879 versiculi
2700 2824 2918 2881 iambici
2951 2828 3005 2880 in
3036 2831 3350 2899 martyrium
3382 2830 3576 2883 Pante-

335 2914 606 2968 lecmom's.
629 2945 690 2955 —
733 2915 784 2968 in
809 2915 932 2969 cod.
955 2913 1046 2978 27,
1081 2930 1136 2967 ιι.
1173 2914 1227 2977 1,
1257 2914 1546 2983 explicatio
1582 2911 1650 2964 lx
1677 2913 2016 2966 canticorum
2047 2912 2305 2966 Ecclesia:
2337 2927 2401 2965 ex
2433 2927 2528 2965 ore
2553 2911 2780 2965 Joannis
2813 2911 3140 2977 Geometrae,
3172 2918 3413 2970 carmine
3439 2917 3576 2971 iatn-

339 3002 482 3066 bico,
518 3017 639 3071 qua:
671 3001 972 3056 Bandinius
1004 3002 1056 3054 in
1089 3010 1195 3056 cat.
1233 3001 1396 3055 codd.
1427 2999 1521 3054 Gr.
1556 2999 1721 3054 Laur.
1749 2998 1790 3063 Ι,
1820 3014 1940 3069 pag.
1980 2999 2070 3060 65,
2101 3015 2224 3068 sqq.
2263 2997 2450 3052 Graece
2485 2997 2781 3067 publieavit
2833 3001 2910 3068 (et
2953 3016 3005 3069 p.
3050 3003 3120 3055 25
3147 3004 3214 3056 de
3239 3005 3360 3056 cod.
3403 3003 3571 3059 Laur.

335 3103 496 3144 antea
547 3101 846 3144 memorato
884 3089 1037 3161 egit).
1093 3090 1239 3143 Idem
1289 3090 1532 3155 adnotat,
1577 3089 1810 3157 primum
1852 3088 2069 3142 illorum
2106 3092 2271 3141 etiam
2303 3101 2424 3141 esse
2459 3087 2511 3140 in
2557 3086 2683 3141 cod.
2728 3087 2954 3143 Barocc.
2989 3090 3176 3155 citato,
3227 3091 3412 3145 omnia
3448 3109 3574 3145 vero

343 3178 533 3232 haberi
568 3178 619 3230 in
650 3177 774 3231 cod.
810 3176 1126 3231 Colbertino
1159 3194 1212 3230 ιι.
1247 3179 1405 3241 1476,
1439 3191 1613 3246 eaque
1669 3176 1770 3230 sibi
1812 3177 1940 3230 olim
1972 3189 2322 3244 comparasse
2353 3173 2524 3228 Leon.
2560 3174 2839 3240 Allatium,
2878 3175 2981 3231 hoc
3013 3177 3131 3244 ipso
3163 3187 3297 3232 teste
3322 3178 3374 3230 in
3432 3179 3569 3234 diss.

337 3266 413 3319 De
451 3265 602 3318 libris
631 3265 814 3318 eccles.
849 3275 958 3318 toni
991 3264 1056 3326 ll,
1089 3280 1140 3334 p.
1173 3265 1312 3330 6l7;
1338 3265 1576 3334 denique
1605 3264 1889 3319 exstitisse
1917 3261 2082 3316 etiam
2117 3262 2172 3315 in
2204 3261 2333 3316 bibl.
2369 3259 2819 3325 Ull‘enbacltiana,
2854 3261 3032 3316 indice
3069 3262 3107 3315 Ι.
3148 3261 3310 3317 llenr.
3343 3262 3486 3319 Maio
3517 3267 3568 3318 in

337 3353 481 3409 Bibl.
522 3353 728 3424 U/fenb.
755 3371 856 3408 ms.
891 3370 1009 3426 pag.
1038 3355 1161 3419 482,
1193 3355 1284 3424 qtti
1311 3364 1631 3424 argumenta
1657 3353 1994 3422 singulorum
2022 3349 2316 3416 recensuit,
2367 3357 2424 3403 et
2451 3348 2684 3416 primum
2714 3359 2878 3418 atque
2909 3349 3158 3403 ultimum
3195 3365 3414 3405 carmen
3447 3360 3570 3405 tau-

337 3457 501 3512 quam
533 3443 796 3497 ineditum
829 3442 880 3496 in
919 3444 1092 3497 lucem
1123 3443 1368 3511 pr0tulit.
1405 3471 1475 3482 —-
1498 3443 1553 3496 In
1586 3442 1716 3496 bibl.
1751 3439 2011 3494 Escorial.
2041 3437 2128 3493 Jo.
2161 3437 2463 3492 Geometrze
2495 3436 2758 3502 carmina,
2795 3445 2966 3490 totum
2995 3449 3269 3493 certamen
3319 3443 3575 3511 martyris

335 3529 770 3586 Panteelemonis
798 3530 1130 3586 continentia
1157 3531 1254 3600 (α),
1290 3539 1424 3585 teste
1455 3529 1651 3585 Pluero
1685 3531 1739 3584 in
1773 3527 1964 3584 Itiner.
1996 3543 2088 3596 per
2125 3523 2377 3593 IIispan.,
2406 3539 2528 3594 pag.
2568 3523 2689 3577 126.

405 3618 463 3673 In
496 3618 626 3673 bibl.
657 3618 886 3674 Coislin.
917 3619 1040 3674 cod.
1076 3617 1197 3683 106,
1229 3618 1322 3674 fol.
1351 3618 1474 3678 177.
1505 3616 1596 3671 Jo.
1625 3615 1807 3671 Geom.
1836 3630 2008 3670 sermo
2041 3613 2336 3684 gratiarum
2366 3611 2591 3664 actionis
2621 3612 2672 3664 in
2703 3609 3164 3666 adnuntiationem
3196 3612 3444 3684 Dcipara:
3472 3617 3572 3687 (b).

343 3705 463 3760 Vid.
500 3705 800 3761 lllontfauc.
824 3705 962 3761 Bibl.
986 3705 1216 3762 Coislin.
1261 3721 1382 3776 pag.
1420 3705 1541 3759 181.
1566 3737 1634 3746 —
1667 3706 1804 3760 Ibid.
1837 3720 1889 3775 p.
1923 3702 2024 3758 251
2065 3710 2402 3757 memoratur
2428 3699 2637 3753 Nicetae
2671 3699 2920 3756 collectio
2963 3699 3470 3771 interpretationum
3504 3723 3573 3762 ex

335 3792 567 3847 diversis
598 3792 983 3863 interpretibus
1026 3794 1103 3863 (in
1136 3793 1243 3858 bis,
1275 3793 1432 3848 Joan.
1457 3793 1780 3860 Geometraz)
1813 3794 1866 3847 in
1901 3793 2109 3861 Evang.
2146 3790 2447 3846 secundum
2475 3787 2704 3843 Lucam.

407 3877 495 3934 Jo.
523 3879 714 3934 Geom.
745 3880 964 3950 quidam
1001 3881 1186 3952 ltyntni
1214 3883 1418 3936 suntin
1457 3881 1588 3938 bibl.
1624 3881 1804 3935 Paris.
1839 3880 1986 3949 publ.
2010 3880 2168 3934 codd.
2203 3878 2327 3932 687.
2369 3905 2434 3915 -—
2481 3876 2637 3944 1650,
2672 3892 2727 3930 n.
2761 3875 2848 3931 15.
2886 3906 2956 3917 —-
2978 3877 3140 3944 2408,
3168 3895 3221 3936 n.
3249 3879 3304 3936 9.
3330 3911 3402 3922 —
3428 3881 3583 3938 2653

334 3978 386 4022 ct
413 3968 466 4022 in
500 3968 663 4033 2892,
701 3968 1038 4023 canticorum
1077 3968 1373 4039 Scriptura
1409 3969 1796 4035 metaphrasis,
1835 3967 2058 4020 heroicis
2094 3967 2360 4020 versibus.

408 4055 680 4134 Monacbii
727 4057 782 4111 in
817 4057 954 4114 bibl.
985 4058 1118 4114 elec.
1152 4057 1274 4114 cod.
1308 4057 1402 4112 101
1448 4058 1660 4113 eadem.
1693 4055 1756 4114 ν.
1789 4064 1898 4113 cat.
1941 4055 2100 4110 codd.
2133 4054 2228 4110 Gr.
2267 4053 2459 4110 Bavar.
2499 4069 2554 4124 p.
2588 4053 2679 4122 58,
2713 4053 2803 4110 ubi
2831 4051 3014 4109 forsan
3053 4056 3254 4113 rectius
3286 4059 3569 4127 scribitur,

334 4144 570 4199 versibus
608 4145 867 4199 iambicis.

414 4252 754 4310 Vindobona:
782 4255 838 4310 in
870 4253 996 4310 cod.
1029 4253 1278 4309 Ca:sareo
1317 4253 1485 4309 tlteol.
1521 4253 1648 4319 Q89,
1682 4269 1756 4306 ιιι.
1781 4250 1871 4318 50,
1901 4261 2137 4321 quatuor
2174 4249 2360 4322 bymni
2400 4250 2452 4303 in
2488 4249 2794 4318 Deiparam,
2831 4265 2956 4306 cum
2999 4253 3254 4323 anonymi
3294 4255 3572 4325 epigram-

333 4351 480 4398 mate
511 4343 566 4396 in
596 4341 679 4396 Jo.
709 4341 1077 4408 Geometram,
1110 4357 1222 4398 sec.
1245 4339 1497 4397 Nesselii.
1530 4341 1649 4397 Cat.
1679 4349 1822 4410 part.
1855 4357 1894 4407 ι,
1927 4356 1981 4412 p.
2008 4340 2135 4407 598,
2167 4352 2260 4394 aut
2289 4355 2401 4395 sec.
2435 4339 2692 4395 Lantbec.
2721 4331 3027 4396 Comment.
3063 4340 3128 4406 V,
3165 4356 3289 4412 pag.
3324 4343 3450 4410 547,
3481 4362 3565 4416 sq.

335 4432 402 4488 de
431 4431 553 4487 cod.
584 4432 711 4486 255.

408 4519 699 4575 Mediolani
727 4520 781 4575 in
811 4519 945 4576 bibl.
979 4523 1234 4578 Ambros.
1268 4523 1322 4576 in
1348 4520 1661 4593 passionem
1700 4519 1929 4585 Clu-isti,
1961 4522 2097 4570 teste
2129 4511 2422 4566 Montfauc.
2455 4511 2508 4565 in
2542 4511 2684 4566 Bibl.
2721 4511 3016 4567 bibliothec.
3049 4529 3174 4567 mss.
3213 4515 3255 4580 l,
3294 4533 3346 4586 p.
3374 4518 3478 4574 199
3511 4519 3571 4586 E,

347 4610 540 4664 eodem
573 4609 869 4664 adnotante
891 4609 966 4664 il).
997 4608 1063 4676 ll,
1091 4625 1213 4680 pag.
1239 4609 1396 4664 1527.
1429 4607 1491 4662 D.
1516 4607 1600 4663 Jo.
1637 4609 1926 4664 Geornctra
1961 4605 2025 4657 de
2055 4599 2204 4664 caelo,
2237 4598 2329 4652 Gr.
2363 4600 2501 4654 inter
2525 4599 2682 4653 codd.
2714 4597 3040 4664 deiMesme.
3082 4599 3252 4680 "aut.

406 4694 656 4768 [Joannis
704 4696 991 4752 Ccomelrw
1019 4677 1304 4767 tit-ferunt,
1334 4699 1574 4751 carmina
1605 4697 1757 4751 varia
1783 4698 1834 4750 in
1866 4691 2151 4750 Anecdotis
2186 4685 2385 4740 Gra'cis
2424 4703 2488 4740 ea:
2517 4686 2669 4740 codd.
2715 4702 2841 4739 mss.
2875 4677 3568 4756 bibliotlwrw‘Parisiensis,

333 4799 363 4840 a
386 4783 434 4838 J.
468 4784 532 4838 A.
571 4784 834 4839 Cramero
875 4784 1070 4839 Oxonii
1116 4801 1260 4840 anno
1303 4785 1430 4839 1841
1463 4787 1644 4841 editis.
1678 4784 1835 4839 Tom.
1862 4782 1949 4848 IV,
1987 4799 2040 4851 p.
2067 4779 2191 4832 266.
2230 4777 2539 4830 lbiexstant
2562 4775 2932 4845 Parapltrascs
2968 4773 3032 4828 IX
3064 4775 3115 4828 in
3144 4775 3203 4831 S.
3231 4775 3574 4849 Scripturam

330 4871 596 4943 quasjam
628 4870 926 4927 Bandinius
954 4871 1196 4928 ediderat
1229 4871 1471 4942 Catalog.
1508 4881 1640 4927 tom.
1673 4871 1714 4938 Ι,
1749 4888 1799 4941 p.
1837 4871 1898 4926 61

2008 4885 2120 4922 υιτ.
2153 4863 2356 4937 Ριιτιι.]

2002 5041 2290 5096 roccianns
2335 5037 2502 5099 XXV,
2552 5036 2644 5091 sed
2684 5044 2953 5090 testantur
2987 5045 3040 5090 et
3086 5035 3174 5090 alii
3221 5014 3392 5091 Graeci
3436 5054 3571 5093 mss.

2001 5113 2237 5174 codices,
2265 5119 2323 5162 ιιι
2354 5123 2420 5161 ex
2459 5107 2872 5160 lleortodromio
2904 5116 3048 5174 patet
3077 5105 3354 5162 Nicodemi
3383 5123 3577 5162 mona-

2004 5182 2112 5246 chi,
2146 5184 2239 5249 qui
2274 5188 2328 5233 et
2358 5179 2411 5231 in
2449 5175 2850 5249 Prolegomenis
2881 5178 2950 5229 ad
2991 5193 3240 5231 canonem
3265 5176 3574 5249 Animalia-

404 5044 674 5118 (ιθ-,Βιιὶιί
717 5047 970 5118 sub_ltoc
1018 5047 1216 5101 titulo:
1265 5046 1508 5117 Elogium
1549 5045 1608 5101 S.
1646 5047 1892 5118 martyris

329 5115 775 5183 Paitteleemonis,
806 5115 1003 5171 Gra’cis
1033 5118 1273 5171 iambicis
1318 5115 1444 5171 olim
1479 5118 1542 5170 ab
1573 5125 1783 5170 auctore
1813 5117 1894 5168 in-

333 5198 475 5243 certo
519 5186 632 5257 (qui
686 5187 924 5242 Joannes
961 5186 1248 5257 Geometra
1289 5204 1412 5243 esse
1455 5187 1716 5257 creditur)
1763 5187 1897 5257 scri-

331 5269 482 5326 ptum
510 5255 574 5310 e'l’
598 5272 625 5309 ε
660 5257 970 5310 bibliotheca
999 5256 1160 5325 Regia
1195 5268 1399 5312 erutum
1431 5275 1464 5310 α
1492 5256 1746 5313 Federico
1778 5255 1896 5309 Μο-

333 5330 488 5382 rello.
515 5327 740 5382 Lutetia:
764 5328 923 5391 1605,
953 5329 1128 5382 ιιι-12.
1168 5327 1322 5381 Ευιτ.
1353 5327 1525 5383 Pun.

403 5398 479 5468 (b)
520 5397 709 5470 Editus
740 5398 793 5452 in
818 5399 955 5461 libro
977 5398 1065 5470 c_ui
1093 5398 1282 5454 titulus
1312 5418 1324 5454 :
1366 5397 1575 5470 Sylloge
1595 5413 1898 5470 monumen-

335 5467 510 5523 torum
540 5467 607 5539 ad
638 5471 946 5535 mysterium
976 5467 1340 5539 Concepttonis
1373 5467 1730 5524 immaculata:
1752 5537 1757 5539 Α
1782 5467 1898 5522 Vir-

332 5540 474 5610 ginis
522 5537 768 5610 Deiparw
815 5537 1212 5610 illustrandum,
1267 5556 1395 5592 cura
1448 5539 1570 5592 Ant.
1637 5537 1896 5592 Ballerini

333 5606 460 5664 Sac.
500 5609 649 5679 Jcsu.
687 5606 868 5662 Roma:
904 5608 1062 5672 1856,
1100 5611 1242 5679 typis
1276 5609 1332 5662 S.
1369 5610 1431 5664 C.
1464 5610 1527 5662 de
1558 5611 1900 5678 propaganda

331 5681 458 5748 fide.
485 5699 504 5731 ι
532 5678 690 5748 Hunc
722 5678 1456 5748 sertnonem,‘inqmteditor,
1489 5691 1635 5734 certo
1665 5681 1898 5742 auctori,

331 5742 530 5804 Joanni
577 5742 912 5814 Géometrae,
943 5742 1325 5804 ascribéntlum
1370 5742 1489 5805 esse
1531 5768 1634 5804 non
1688 5749 1903 5805 Vatica-

333 5835 441 5874 nus
471 5819 636 5874 modo
663 5821 828 5873 codex
863 5819 1005 5874 inter
1043 5819 1261 5875 Crazcos
1305 5820 1576 5874 Palatinus
1618 5839 1670 5874 n.
1703 5821 1806 5875 402
1839 5821 1902 5874 fl-

332 5893 457 5946 dem
504 5890 653 5956 facit,
699 5901 752 5944 et
792 5905 914 5944 cum
947 5903 1027 5960 eo
1057 5888 1422 5945 Coislinianus
1467 5907 1521 5945 ιι.
1566 5892 1684 5954 106,
1719 5894 1810 5960 qui
1846 5895 1900 5947 in

335 5961 608 6033 imperiali
663 5959 957 6015 Parisiensi
996 5961 1318 6013 bibliotheca
1370 5971 1636 6024 servatur,
1688 5959 1751 6014 ac
1797 5962 1900 6014 Ba-

656 6059 927 6119 ΡΑτιιοι..
976 6057 1069 6114 Gn
1136 6055 1293 6116 CVI.

2005 5246 2180 5304 tionis
2195 5264 2314 5303 eam
2349 5249 2489 5319 inter
2529 5247 2666 5319 alias
2700 5246 2943 5319 ejusdem
2972 5247 3274 5319 argumenti
3319 5247 3572 5319 ltomilias

2004 5331 2271 5385 recenset,
2310 5328 2362 5373 et
2393 5317 2589 5372 deinde
2633 5331 2726 5384 per
2763 5315 3056 5371 decursum
3089 5315 3463 5370 commentarii
3497 5317 3572 5369 ad

2003 5393 2252 5446 eumdem
2295 5402 2561 5443 canonem
2601 5387 2832 5444 subinde
2864 5387 3147 5450 nonnulla,
3178 5400 3245 5439 ex
3276 5399 3340 5440 ea
3383 5386 3570 5440 decer-

2005 5473 2118 5532 pta,
2161 5459 2462 5532 fragmeuta
2497 5455 2684 5532 refert.
2716 5457 2960 5532 Accedit,
2995 5457 3140 5526 quod
3169 5456 3415 5532 ejusdem
3443 5470 3570 5510 ora-

2006 5525 2173 5600 iionis
2207 5525 2502 5600 particulas
2538 5527 2701 5581 modo
2747 5525 3025 5600 breviores
3063 5525 3223 5600 modo
3274 5525 3568 5600 longiores,

2001 5604 2106 5655 sub
2147 5595 2448 5654 Geometras
2491 5601 2714 5650 nomine
2763 5597 3018 5650 recitatas
3055 5595 3330 5651 cernimus
3373 5596 3572 5650 tumin

1999 5673 2200 5726 Catena
2236 5669 2434 5723 Nieeta:
2482 5665 2697 5735 diaconi
2752 5682 2840 5735 ap.
2888 5668 3027 5735 Ang.
3076 5667 3302 5729 Maium,
3354 5673 3468 5721 tum
3515 5667 3571 5720 itt

2001 5745 2166 5795 altera
2197 5739 2510 5794 Graecorum
2543 5734 2768 5788 Patrum
2790 5734 3014 5791 Catena
3053 5737 3105 5789 in
3139 5735 3366 5796 Lucam,
3405 5750 3572 5796 quam

1999 5810 2296 5866 Cordorius
2323 5807 2492 5861 edidit
2521 5823 2533 5858 :
2557 5805 2759 5872 quibus
2793 5806 2914 5858 addi
2950 5814 3122 5874 potest
3152 5822 3316 5860 aurea
3342 5803 3400 5858 S.
3429 5803 3574 5860 Tho-

2001 5897 2100 5936 ma:
2129 5879 2404 5949 Aquinatis
2439 5876 2492 5928 in
2520 5876 2770 5931 eumdem
2804 5874 3005 5927 Lucam
3040 5875 3262 5931 Catena.
3310 5894 3328 5926 ι
3371 5874 3447 5929 In.

3149 6053 3228 6112 εἶθ
