4046 6570
472 469 573 535 811

491 632 572 651 ἔ

1714 468 2037 533 ιΟΑΝΝΙδ
2072 470 2502 534 ϐΕΟΜΕΤΒᾸΞ

3615 479 3724 541 8ίὲ

473 736 741 799 Joannis
770 735 1120 798 Geometrw
1176 732 1755 794 commentariorum
1803 732 1872 793 in
1899 731 1967 812 S_.
2002 729 2246 812 Lucam_
2285 732 2633 812 fragmenta
2665 740 2919 794 exstant
2946 734 3014 793 in
3041 734 3274 797 Catena
3304 737 3536 800 Niceta:
3568 708 3723 802 Ser-

1477 812 1655 872 ront'i
1682 829 1863 889 quam
1891 808 2136 871 edemus
2166 809 2248 870 ad
2273 808 2509 871 annum
2547 812 2724 875 1090.

481 984 3684 1019 ww

1136 1103 1435 1219 ΤΟΥ
1508 1098 2315 1218 ΜΑΚΑΡΙΟΥ
2387 1102 3070 1219 ΙΩΑΝΝΟΥ

551 1308 797 1366 ΛοΓθΣ
831 1303 1449 1410 ΠΡΟΣΦΩΝΙΞΤΙΚΟΣ
1484 1304 1547 1356 «Η
1569 1300 2053 1423 ΧΑΡιΣ

2156 1260 2390 1424 agon
2418 1299 2464 1354 ε
2477 1300 3008 1361 ΥΑΓΓΕΛΙΣΜΟΝ
3049 1308 3187 1362 τηε
3229 1308 3648 1364 γηεΡΑιτιΑΣ

1100 1615 1523 1731 BEATI
1584 1613 2053 1732 .JOANN

2156 1615 2198 1730 Ξ
2279 1613 3099 1733 ΕΕΟΜΕΤΒἏΕ

566 1805 663 1873 IN
700 1802 909 1871 SANC
920 1796 1285 1863 ﬁssum:
1324 1794 1582 1858 DEIPA
1591 1791 2053 1873 REAANNUN

2156 1790 2539 1873 ᾼῙΙΟΝΕΜ
2570 1791 2856 1855 suam
2908 1794 3643 1865 paosmommcvs

1651 1871 1815 1935 SEU
1849 1871 2553 1935 GRATULATORIUS.
2888 1913 2893 1918 -

930 2002 1025 2067 (Ex
1046 1998 1248 2062 Sylloge
1276 1995 1338 2048 R.
1360 1996 1418 2048 P.
1434 1995 1705 2048 Βιιιειιπι
1723 2006 1875 2060 supra
1896 1993 2107 2047 laudata.
2136 1992 2263 2046 Loca
2285 1991 2337 2045 in
2354 1993 2555 2047 Catenis
2574 1994 2719 2046 obvia
2738 1995 2877 2047 uncis
2899 1995 3257 2062 includuntur.)

553 2238 593 2292 l.
623 2232 867 2292 Gaudete
895 2247 909 2285 :
942 2226 1263 2298 boccejmihi
1296 2226 1458 2282 breve
1499 2225 1660 2281 simul
1689 2233 1744 2280 et.
1799 2242 2051 2297 magnum

2225 2222 2309 2276 A'.
2341 2218 2578 2292 Χαίρετε
2634 2217 2792 2273 τοῦτό
2833 2234 2924 2289 μοι
2954 2218 3016 2273 τὸ
3060 2219 3235 2292 βραχὺ
3281 2221 3374 2276 καὶ
3437 2223 3581 2294 μέγα
3624 2227 3720 2281 τοῦ

487 2330 757 2387 orationis
795 2325 1103 2383 exordium.
1140 2324 1384 2380 Gaudete
1417 2322 1561 2377 :hoc
1587 2321 1718 2376 mihi
1755 2332 1809 2377 et
1838 2322 2052 2378 initium

484 2436 539 2481 ct
570 2422 811 2477 medium
830 2428 883 2474 ct
904 2417 1103 2473 exitus.
1133 2414 1373 2470 Gaudete
1405 2413 1510 2469 :ad
1554 2412 1658 2467 hoc
1678 2428 1824 2469 nunc
1860 2421 1915 2470 et
1957 2430 2054 2469 na-

486 2528 608 2570 tura
662 2510 866 2577 omnis,
906 2516 962 2564 et
1006 2522 1190 2563 rerum
1246 2514 1552 2561 creatarum
1611 2506 1962 2569 universitas.
2001 2514 2057 2562 ct

485 2621 669 2663 sermo
691 2605 711 2675 (
735 2603 909 2672 meus)
937 2616 1037 2658 vos
1062 2594 1324 2672 provocat
1351 2614 1367 2664 ;
1399 2594 1577 2668 magis
1605 2611 1737 2652 vero
1774 2610 1884 2668 pra:
1933 2611 2055 2651 om-

487 2702 648 2755 nibus
681 2695 1027 2754 sermonibus
1060 2708 1169 2748 non
1197 2692 1334 2747 meis
1379 2690 1580 2757 solum,
1647 2704 1833 2745 verum
1891 2689 2053 2744 etiam

488 2789 793 2846 mortalium
820 2785 1087 2850 omnium,
1120 2790 1389 2854 quotquot
1406 2780 1628 2836 fuerunt
1659 2788 1715 2835 et
1742 2791 1868 2836 sunt
1890 2780 2057 2835 exsti-

486 2883 616 2944 turi.
648 2894 829 2937 sermo
859 2878 968 2943 ille,
992 2877 1084 2947 qui
1109 2884 1165 2931 et
1186 2874 1366 2929 Patris
1414 2888 1567 2929 mens
1585 2881 1689 2939 est,
1713 2887 1776 2928 ac
1818 2871 2054 2928 Verbum

490 2972 653 3027 simul
675 2979 730 3026 ct
765 2968 956 3036 Filius,
994 2978 1051 3022 et
1084 2965 1177 3021 Dei
1202 2964 1405 3036 pariter
1434 2974 1486 3020 et
1524 2964 1689 3031 Deus,
1726 2972 1780 3019 et
1810 2964 2057 3020 veracis-

490 3066 663 3121 simns
695 3063 848 3133 juxta
883 3074 947 3117 ac
981 3059 1416 3131 potentissimus,
1443 3074 1549 3113 non
1589 3058 1751 3113 modo
1775 3064 1834 3113 ut
1866 3056 2059 3128 gaudec

489 3170 671 3210 remus
697 3153 908 3217 indixit,
942 3151 1036 3207 sed
1061 3151 1251 3215 etiam,
1278 3158 1339 3203 ut
1374 3146 1609 3218 gaudere
1662 3161 1967 3216 possemus,
1992 3161 2057 3202 o-

491 3262 616 3317 pere
634 3243 901 3315 praestitit.
928 3241 1188 3308 Gaudete,
1210 3239 1332 3295 caeli
1358 3248 1592 3306 etterra,
1614 3246 1669 3293 et
1687 3250 2056 3308 genusomne,

488 3351 538 3393 ut
565 3337 745 3393 omnis
772 3345 904 3391 anas
937 3342 991 3390 et
1022 3346 1187 3389 sexus
1224 3340 1482 3402 uterque;
1532 3329 1637 3384 viri
1690 3337 1745 3384 et
1775 3330 2060 3395 mulieres,

487 3430 727 3485 viventes
749 3439 802 3484 et
833 3425 1057 3490 mortui,
1088 3439 1176 3480 res
1214 3422 1396 3479 Omnis
1426 3430 1607 3478 creata
1642 3430 1756 3476 tum
1810 3420 2047 3477 visibilis

488 3531 604 3577 tum
630 3520 939 3575 invisibilis.
967 3516 1185 3585 Etiam,
1242 3525 1327 3571 sat
1354 3515 1490 3580 scio,
1539 3516 1809 3584 gaudetis,
1869 3525 2057 3586 utpote

2154 2317 2317 2385 λόγου
2346 2315 2654 2387 προοίμιον.
2685 2310 2930 2384 Χαίρετε
2974 2312 3136 2367 τοῦτο
3166 2314 3261 2368 καὶ
3280 2316 3426 2388 ἁρχὴ
3454 2318 3549 2370 κα)⁸
3580 2318 3723 2390 μέση

2154 2406 2248 2460 καὶ
2275 2405 2525 2476 τελευτή.
2561 2402 2819 2473 Χαίρετε·
2859 2399 3020 2458 τοῦτο
3054 2403 3149 2459 νῦν
3186 2404 3282 2459 καὶ
3310 2406 3471 2477 φύσις
3502 2409 3597 2479 ὅλη
3626 2411 3723 2463 καὶ

2154 2495 2333 2561 κτίσις
2371 2495 2467 2549 καὶ
2495 2493 2652 2562 λόγος
2686 2492 3079 2547 διακελεύεταιο
3124 2494 3327 2565 μᾶλλον
3351 2495 3409 2549 δὲ
3441 2495 3602 2551 τοῦτο
3626 2499 3722 2551 καὶ

2155 2589 2263 2662 πρὸ
2286 2588 2394 2643 τῶν
2415 2586 2644 2662 λόγωνᾼὸ
2700 2585 2883 2655 λόγος,
2912 2586 2973 2640 οὐ
3026 2586 3134 2640 τῶν
3168 2588 3318 2658 ἐμῶν
3375 2590 3561 2660 μόνον,
3586 2589 3723 2645 ἀλλὰ

2155 2655 2251 2734 καὶ
2276 2679 2388 2733 τῶν
2415 2655 2634 2732 πάντιιῖν
2663 2674 2762 2730 άνθ
2771 2675 2969 2747 ρώπων
2992 2676 3087 2731 καὶ
3104 2655 3275 2731 δντιυν
3300 2655 3395 2733 καί
3421 2679 3722 2749 ἐσομένων,

2150 2774 2183 2827 ὁ
2210 2771 2304 2826 τοῦ
2336 2769 2549 2842 Πατρός
2591 2770 2689 2824 καὶ
2737 2769 2880 2835 νοὸς,
2932 2770 2962 2823 6
2993 2768 3167 2838 Λόγος
3198 2770 3336 2841 ὁμοῦ
3390 2772 3488 2826 καὶ
3513 2759 3661 2839 Υἱὸς,
3695 2775 3725 2827 6

2157 2864 2251 2920 καὶ
2272 2863 2408 2918 Θεοῦ
2445 2863 2543 2918 καὶ
2571 2862 2727 2929 Θεὸς,
2754 2863 2783 2916 6
2806 2860 3175 2933 ἀληθέστατος
3208 2863 3327 2933 ἅμα
3361 2864 3458 2917 καὶ
3483 2864 3726 2918 δυνατὼ-

2155 2969 2337 3021 τατος,
2368 2955 2430 3010 οὐ
2469 2954 2752 3020 διετάξατο
2787 2954 2971 3025 μόνον,
3011 2954 3147 3009 ἀλλὰ
3188 2957 3283 3010 καὶ
3317 2957 3724 3028 κατεπράξατο.

2156 3049 2407 3123 Χαίροις,
2436 3048 2657 3120 οὐρανὲ,
2692 3047 2788 3102 καὶ
2836 3048 2909 3118 γῆ
2958 3048 3053 3102 καὶ
3102 3048 3256 3118 γένος
3291 3049 3461 3114 ἅπαν,
3490 3052 3585 3103 καὶ
3608 3054 3727 3120 ἡλι-

2158 3143 2253 3198 κία
2280 3144 2452 3206 πᾶσα,
2476 3140 2574 3195 καὶ
2597 3139 2761 3211 φύσις
2793 3141 3056 3212 ἑκατέρω
3090 3140 3282 3212 ἄνδρες
3309 3140 3407 3195 καὶ
3442 3144 3722 3209 γυναῖκες,

2158 3236 2361 3302 ζῶντες
2383 3235 2479 3290 καὶ
2509 3234 2860 3305 τεθνηκότες,
2886 3234 2982 3303 ὅλη
3030 3233 3231 3305 γενητὴ
3261 3233 3437 3298 κτίσις
3464 3235 3636 3307 ὁρατή
3666 3252 3726 3289 τε

2159 3334 2254 3387 καὶ
2273 3331 2526 3402 ἀόρατος.
2550 3330 2660 3384 Καὶ
2684 3328 2929 3401 χαίρετε,
2953 3325 3052 3383 οἷδ’
3075 3329 3178 3395 δτι,
3203 3328 3297 3383 τοῦ
3332 3330 3573 3401 μεγάλου
3601 3331 3729 3384 τούς

2158 3441 2255 3479 του
2296 3424 2392 3478 καὶ
2435 3421 2702 3495 φλογεροῦ
2755 3423 2997 3495 κήρυκος
3057 3422 3495 3489 ὑπακούσαντες,
3541 3424 3730 3497 ὥσπερ

2160 3514 2251 3569 διὰ
2280 3516 2411 3586 μιᾶς
2439 3515 2535 3585 τῆς
2564 3515 2727 3585 ἀρᾶς,
2745 3512 2889 3567 οὕτω
2910 3513 3001 3567 καὶ
3025 3515 3115 3568 διὰ
3144 3516 3277 3585 μιᾶς
3305 3513 3402 3569 νῦν
3431 3516 3530 3587 τῆς
3556 3517 3730 3586 χαρᾶς

488 3614 579 3683 qui
602 3626 859 3682 magnum
888 3610 1035 3665 hunc
1060 3608 1433 3680 fulgidumque
1482 3608 1728 3664 nuntium
1777 3609 2053 3665 audieritis

2160 3607 2439 3675 γυναικὸς,
2472 3606 2570 3660 καὶ
2600 3607 2713 3670 τοῖς
2747 3604 2927 3669 ἄλλοις
2959 3607 3096 3660 πᾶσι
3123 3604 3485 3677 διαδοθείσης·
3523 3607 3726 3676 μᾶλλον

487 3703 935 3775 proclamantem,
974 3698 1435 3771 quemadmodum
1463 3699 1591 3754 olim
1620 3712 1713 3769 per
1733 3714 1896 3754 unam
1937 3714 2057 3754 mu-

489 3797 675 3851 lierem
710 3791 1167 3855 maledictionem,
1192 3790 1272 3845 sic
1327 3788 1491 3844 etiam
1560 3803 1709 3843 nunc
1755 3805 1851 3859 per
1889 3804 2056 3845 unam

2160 3695 2217 3751 δὲ
2245 3696 2321 3769 μὴ
2344 3698 2452 3750 τῶν
2484 3685 2750 3768 ῥημάτων
2790 3696 3126 3760 ἀκούσαντες
3156 3697 3337 3767 μόνον,
3368 3697 3483 3752 ἀλλ’
3502 3698 3606 3770 ἢδη
3638 3698 3732 3752 καὶ

2158 3787 2267 3844 τῶν
2294 3789 2641 3860 πραγμάτων
2662 3788 2762 3858 τῆς
2792 3786 3017 3860 χάριτος
3040 3788 3473 3854 ἀπολαύσαντες.

490 3886 769 3942 mulierem
804 3883 1060 3954 gaudium
1091 3880 1146 3937 in
1177 3880 1315 3937 alios
1339 3894 1559 3951 quoque
1602 3881 1885 3938 universos
1930 3896 2055 3939 esse
2090 3880 2388 3948 diffusum;
2423 3882 2535 3937 imo
2559 3895 2690 3937 vero
2752 3893 2861 3934 non
2928 3880 3092 3937 modo
3123 3879 3354 3939 audistis
3405 3881 3587 3947 verba,
3637 3880 3729 3937 sed

488 3992 541 4035 et
572 3996 627 4034 re
659 3979 774 4049 ipsa
812 3977 999 4048 gratia:
1033 3975 1244 4031 fructus
1277 3974 1616 4045 percepistis.

560 4071 624 4126 ll.
651 4070 716 4124 Et
744 4070 962 4141 quidem
994 4083 1158 4138 quam
1191 4082 1447 4138 magnum
1476 4066 1627 4133 illud,
1651 4067 1794 4137 quod
1812 4064 2059 4125 ctverbis

2242 4068 2319 4124 B'.
2376 4066 2465 4131 Ὠς
2516 4065 2659 4138 μέγα
2690 4066 2791 4138 μὲν
2818 4057 2913 4121 οὖν
2958 4066 3020 4120 τὸ
3067 4065 3163 4120 νῦν
3209 4064 3374 4140 ῥηθέν
3404 4086 3463 4123 τε
3492 4069 3607 4140 ἅμα
3636 4071 3728 4125 καὶ

485 4164 849 4225 enuntiatum.
872 4171 927 4217 et
954 4161 1293 4231 simulopere
1307 4160 1636 4230 completum
1662 4161 1778 4215 est!
1804 4158 2053 4232 Magnum

2165 4156 2429 4240 ⁸ιτραχθέν.
2461 4156 2620 4226 Μέγα
2645 4157 2739 4211 καὶ
2763 4157 3011 4228 φρικτὸν,
3048 4158 3143 4212 καὶ
3168 4160 3306 4230 μήτε
3358 4158 3504 4232 λόγῳ
3540 4162 3722 4232 ῥητὸν,

485 4272 614 4313 vere
652 4272 718 4313 ac
777 4240 1139 4318 tremendum,
1164 4262 1220 4308 et
1284 4251 1427 4323 quod
1482 4266 1658 4323 neque
1714 4254 2053 4311 sermonibus

2168 4250 2308 4321 μήτε
2345 4250 2481 4320 ἀκοῇ
2533 4250 2801 4321 χωρητὸν,
2864 4249 3003 4321 μήτε
3052 4249 3153 4323 νῷ-
3186 4249 3556 4323 καταληπτόν.
3603 4254 3727 4306 Ἀν-

486 4347 688 4413 cﬁ‘erri,
719 4361 896 4417 neque
923 4345 1111 4401 auditu
1145 4342 1371 4415 percipi,
1402 4355 1578 4413 neque
1598 4343 1875 4398 intellectu
1905 4358 2053 4398 com-

2172 4341 2391 4411 θρωπος
2425 4341 2454 4393 6
2483 4339 2636 4406 Θεὸς,
2671 4342 2765 4394 καὶ
2784 4340 2918 4405 Θεὸς
2950 4345 2978 4395 6
3013 4340 3299 4413 ἄνθρωπος
3346 4344 3607 4415 σήμερον,
3636 4347 3726 4399 καί⁵

488 4438 747 4510 prehendi
794 4435 1167 4507 possittneus
1221 4434 1483 4490 hodierna
1518 4434 1604 4488 die
1664 4434 1721 4488 ﬁt
1778 4434 1964 4501 homo,
2007 4444 2053 4490 el

2164 4431 2423 4495 κοινωνὸς
2448 4432 2549 4502 τῆς
2579 4432 2793 4502 φύσεως
2821 4434 2849 4486 6
2884 4433 3096 4505 ἐχθρὸς,
3148 4436 3241 4488 καὶ
3274 4430 3507 4503 φίλτατα
3538 4436 3637 4505 μὲν
3660 4436 3726 4490 τὰ

488 4518 652 4586 homo
678 4530 736 4585 tit
767 4528 909 4585 Deus
931 4537 986 4584 et
1015 4526 1272 4582 inimicus
1300 4524 1361 4580 tit
1383 4524 1626 4594 ejusdem
1656 4533 1867 4579 natura:
1895 4524 2053 4593 parti-

2164 4521 2572 4592 πολεμιώτατα,
2607 4525 2999 4596 συμφυέστατα
3025 4526 3083 4580 δὲ
3112 4527 3178 4580 τὰ
3200 4526 3332 4599 πρὶν
3357 4526 3717 4598 άμικτότατα,

487 4637 614 4692 ceps
642 4636 658 4686 ;
684 4628 739 4675 et
767 4618 1007 4675 evadunt
1031 4614 1365 4672 amicissima
1403 4629 1525 4684 qua:
1570 4611 1952 4668 inimicissima
2001 4628 2053 4668 e-

2160 4611 2316 4681 λόγος
2357 4614 2453 4669 καὶ
2509 4615 2668 4688 σὰρξ,
2718 4616 2818 4689 ὕλη
2874 4620 2966 4673 καὶ
3024 4618 3178 4689 φλὸξ,
3213 4619 3403 4692 χρόνος
3432 4620 3530 4674 καὶ
3566 4620 3725 4688 δγκος

491 4720 633 4778 rant,
663 4718 719 4766 et
745 4706 1333 4781 conjunctissimaquae
1351 4704 1503 4774 prius
1525 4703 1899 4759 dissitissima.
1926 4701 2053 4760 Ver-

2161 4706 2292 4776 περὶ
2318 4705 2378 4760 τὺ
2413 4707 2641 4778 άχρονόν
2670 4728 2729 4764 τε
2770 4713 2864 4765 καὶ
2891 4709 3139 4782 ἄπειροψ
3189 4712 3285 4766 καὶ
3313 4714 3341 4768 6
3380 4715 3725 4784 ἀρασάμενος

489 4805 637 4865 hum,
657 4801 899 4871 inquam,
924 4808 979 4854 et
1004 4811 1155 4863 caro,
1181 4798 1411 4853 materia
1435 4802 1488 4850 et
1518 4794 1772 4855 ﬂamma:
1800 4794 1854 4849 in
1885 4808 2051 4850 unum

2158 4794 2392 4868 εὐλογεῖ,
2433 4804 2525 4855 καί⁸
2575 4806 2603 4857 6
2658 4808 2759 4875 τῆς
2804 4806 2965 4876 Ἐδὲμ
3016 4808 3330 4878 άποικήσας
3380 4810 3601 4871 δνοικεῖ,
3632 4806 3725 4861 καὶ

486 4904 686 4946 coeunt
707 4890 1005 4961 temporale
1035 4888 1248 4959 etquod
1282 4902 1481 4956 expers
1506 4896 1587 4942 est
1616 4888 1899 4957 temporis,
1929 4903 2052 4945 cor-

489 4998 653 5052 porca
679 4983 850 5038 moles
866 4991 920 5035 et
950 4981 1098 5050 quod
1126 4988 1210 5035 est
1238 4979 1597 5043 immensum;
1625 4986 1680 5032 et
1701 4980 1792 5049 qui
1828 4982 2055 5037 maledi-

486 5081 660 5136 xerat,
695 5069 971 5127 benedicit
1000 5087 1017 5137 ;
1051 5080 1108 5123 et
1134 5068 1229 5139 qui
1260 5068 1329 5121 ab
1348 5066 1494 5123 Eden
1518 5069 1828 5136 exsulabat,
1861 5088 2052 5128 rursus

485 5164 632 5220 Edon
684 5163 974 5232 inhabitat,
1005 5171 1060 5216 et
1105 5160 1447 5215 maledictam
1497 5162 1729 5219 assumit
1777 5175 2052 5233 naturam,

481 5256 910 5325 damnatumque
934 5251 1081 5308 subit
1099 5260 1313 5307 uterum
1335 5269 1350 5320 ;
1372 5252 1887 5313 videlicetamissam
1907 5258 2051 5316 Eden

2159 4891 2423 4959 λαμϐάνει
2448 4898 2547 4968 τὴν
2594 4898 2896 4968 άραθεῖσαν
2936 4900 3098 4968 φύσιν
3125 4917 3183 4953 τε
3216 4900 3310 4955 καὶ
3337 4899 3521 4970 νηδύν·
3555 4899 3649 4954 καὶ
3697 4900 3725 4952 6
3764 4954 3776 4976 θ

2161 4987 2262 5058 μὲν
2310 4989 2481 5060 Ἀδὰμ
2506 4993 2604 5064 τὴν
2647 4990 2832 5062 Ἐδὲμ,
2863 4992 2893 5043 6
2948 4993 3005 5046 δὲ
3034 4988 3374 5063 Δημιουργὸς
3394 4992 3599 5063 ἀμφοῖν
3627 4990 3723 5061 τὴν

2159 5083 2587 5150 κατακριθεῖσαν
2635 5084 2736 5157 τὰς
2785 5084 3026 5147 ἀκάνθας
3055 5084 3477 5157 ,ἀντιλαμϐάνειο
3522 5083 3721 5156 μᾶλὶον

2157 5172 2237 5239 δὲ,
2268 5175 2297 5228 6
2319 5175 2421 5245 μὲν
2450 5176 2565 5230 ἀντ’
2593 5178 2812 5250 ἐκείνης
2856 5179 2949 5233 τὸν
2984 5179 3235 5251 οὐρανὸν,
3271 5178 3301 5232 6
3333 5179 3390 5233 δὲ
3424 5176 3517 5234 τὸν
3564 5176 3722 5249 οὐρα-

2163 5269 2254 5323 νὸν
2277 5270 2449 5325 λιπὼν
2471 5272 2565 5328 ἐπὶ
2590 5275 2678 5327 τὸν
2702 5275 2835 5347 ᾅδην
2865 5280 3052 5348 χωρεῖ.

482 5352 726 5406 Adamus
755 5357 1062 5443 recuperat,
1098 5347 1384 5443 utriusque
1408 5351 1579 5421 vero(
1600 5352 1727 5408 Adae
1758 5365 1812 5410 et
1836 5355 2007 5431 Eden)
2048 5363 2273 5422 Creator
2327 5378 2526 5425 terram
2549 5371 2617 5426 ad
2650 5369 2900 5429 ferendas
2948 5373 3134 5443 spinas
3153 5372 3465 5428 damnatam
3485 5370 3723 5426 vicissim

480 5445 736 5539 assumit,
753 5457 858 5539 seu
896 5440 1345 5499 meliusdixerim
1374 5443 1467 5500 ille
1488 5460 1586 5516 pro
1610 5445 1947 5539 Edencmlos
1963 5459 2178 5529 accipit,
2214 5463 2301 5518 hic
2334 5480 2465 5521 vero
2499 5467 2664 5523 cretes
2697 5440 3010 5539 relinquens
3034 5468 3101 5525 ad
3142 5467 3352 5524 inferna
3393 5466 3689 5522 descendit.
3758 5478 3767 5483 ·

552 5540 644 5596 ll].
676 5537 832 5595 Alius
857 5539 1041 5608 itaque
1069 5538 1214 5596 aliud
1245 5541 1538 5614 quodpiam
1583 5558 1614 5601 e
1638 5534 1931 5617 mysteriis,
1971 5562 2052 5608 at-

472 5646 585 5702 que
605 5631 769 5685 aliam
804 5632 1116 5702 quampiam
1146 5648 1177 5689 e
1202 5635 1638 5695 solemnitatibus
1670 5642 2047 5701 celebrandam

477 5723 663 5791 eligat,
693 5728 749 5775 et
776 5722 971 5793 majori
1003 5738 1114 5794 prae
1146 5726 1251 5783 ista
1282 5726 1503 5800 dignam
1552 5730 1915 5789 admiratione
1951 5737 2046 5790 lia-

480 5812 624 5879 beat,
649 5813 820 5869 multo
848 5828 1186 5887 prosequens
1230 5818 1479 5890 honore(
1529 5819 1804 5878 Christum
1860 5825 2046 5881 Domi-

479 5919 608 5962 num
637 5906 655 5976 )
684 5915 901 5979 prepter
928 5922 1028 5966 nos
1063 5919 1272 5978 natum,
1324 5913 1409 5967 vel
1472 5912 1911 5969 manifestautcm
1963 5934 2042 5985 se,

2235 5558 2310 5614 l".
2346 5562 2538 5627 ’Ἄλλος
2565 5564 2666 5633 μὲν
2695 5561 2791 5619 οὖν
2830 5566 2958 5622 ἄλλο
2997 5582 3052 5620 τι
3083 5566 3195 5619 τῶν
3242 5565 3580 5637 μυστηρίων,
3630 5562 3725 5617 καὶ

2157 5648 2326 5718 ἄλλην
2359 5653 2479 5705 τινὰ
2501 5652 2613 5705 τῶν
2649 5652 2854 5724 ἑορτῶν
2880 5655 3059 5724 ἀγέτω
3090 5655 3195 5725 πρὸ
3235 5652 3442 5724 ταύτης
3469 5655 3564 5707 καὶ
3593 5652 3725 5707 θαυ-

2160 5739 2400 5807 μαζέτω,
2445 5743 2762 5812 αἰδούμενος
2819 5745 2910 5798 τὸν
2962 5744 3306 5816 γεννώμενον
3349 5744 3416 5799 δι’
3470 5744 3635 5815 ἡμᾶς,
3689 5743 3721 5812 ἢ

2155 5831 2501 5900 φαινόμενον,
2545 5833 2577 5905 ἢ
2612 5836 3160 5907 μεταμορφούμενον,
3207 5839 3303 5892 καὶ
3338 5839 3403 5907 τῇ
3446 5839 3598 5907 φωνῇ
3628 5835 3721 5887 τοῦ

2156 5921 2367 5993 Πατρὸς
2406 5924 2519 5994 ἅμα
2552 5927 2643 5981 καὶ
2675 5930 2739 5999 τῇ
2782 5931 2963 6002 μορφῇ
2994 5931 3090 6003 τῆς
3123 5930 3389 6001 Θεότητος
3414 5928 3723 6002 μαρτυρού-
