4010 6606
382 522 486 587 813

1165 512 1425 574 SERMO
1464 512 1543 573 IN
1588 512 1693 573 SS.
1738 512 2092 572 DEIPARrE
2131 513 2845 576 ANNUNTIATIONEM.

3526 519 3635 584 SM.

380 647 566 707 μενον⁶
610 632 643 705 ἢ
691 631 820 688 ἄλλο
862 648 918 685 τι
975 630 1087 684 τῶν
1125 628 1482 701 ἀνθρωπίνων
1506 627 1541 697 ἢ
1577 627 1737 682 θείων
1784 628 1818 699 ἦ
1857 628 1949 682 καὶ

2065 629 2143 684 vel
2176 638 2349 685 semet
2376 628 2879 699 transﬁgurantem,
2910 645 2973 687 ac
3016 631 3387 689 testimonium
3437 636 3639 706 accipi-

380 725 811 798 συναμφοτέρων
835 722 1122 795 οἰκονομού
1132 739 1312 793 μενον,
1344 722 1377 793 ἢ
1407 722 1470 775 τὸ
1495 721 1823 787 τελευταῖον,
1854 722 1948 774 καὶ

379 818 743 889 άνιστάμενόν
769 833 829 870 τε
858 817 953 871 καὶ
980 815 1380 887 άνυψούμενον,
1412 815 1560 885 κάμὲ
1586 812 1957 884 συνανυψοιῖν-

380 929 470 977 τα,
502 911 600 964 καὶ
630 907 811 980 ἑαυτῷ
846 908 947 981 μὲν
978 907 1039 962 τὸ
1067 907 1169 975 τῆς
1202 907 1542 979 οίκονομίας,
1595 905 1721 976 ἐμοὶ
1763 905 1819 959 δὲ
1856 904 1957 973 τῆς

383 1004 662 1077 σωτηρίας
716 1002 892 1074 πέρας
946 1000 1498 1073 πραγματευόμενον.
1561 999 1716 1069 Ἐμοὶ
1764 998 1821 1051 δὲ
1856 998 1985 1069 τὴν,

385 1097 540 1171 ῥίζαν
566 1096 773 1150 τούτων
797 1095 1055 1149 ἁπάντων
1110 1093 1266 1158 δότω,
1318 1094 1486 1165 τιμᾷν
1538 1093 1634 1146 καὶ
1675 1092 1953 1163 πῳτιμᾷν

380 1189 491 1243 τῶν
526 1188 752 1254 λοιπῶν,
783 1190 1013 1241 κάκεῖνα
1048 1184 1148 1257 μὲν
1196 1186 1430 1255 φάσκειν
1462 1184 1642 1239 πάντα
1688 1186 1779 1238 καὶ
1831 1183 1956 1237 νοῦν

383 1280 478 1335 καὶ
508 1279 667 1348 λόγον
696 1278 792 1333 καὶ
824 1279 1005 1333 πάντα
1045 1276 1115 1331 τὰ
1146 1277 1252 1348 πρὸ
1284 1276 1378 1330 τοῦ
1424 1276 1700 1348 θαύματα,
1750 1275 1958 1347 ταύτην

381 1374 437 1427 δὲ
470 1374 697 1426 κάκεῖνα
719 1372 878 1444 νικᾷν
908 1369 984 1441 τῷ
1019 1371 1281 1442 θαύματι.
1320 1370 1683 1438 Σαρκωθέντα
1716 1370 1814 1441 μὲν
1847 1369 1955 1441 γάρ

382 1467 484 1540 ἤδη
528 1467 660 1520 Θεὸν
707 1464 1067 1536 γηννηθῆναι,
1120 1462 1219 1517 καὶ
1276 1462 1629 1535 γεννηθέντα,
1699 1462 1954 1533 φανῆναι,

382 1559 475 1611 καὶ
509 1557 746 1627 φανέντα
780 1554 1051 1610 τοσούτων
1074 1555 1170 1608 καὶ⁸
1202 1553 1542 1623 τηλικούτων
1569 1552 1952 1624 τελεσιουργὸν

382 1647 678 1718 θαυμάτων
708 1645 1113 1717 ἀποφανθῆναι,
1162 1645 1259 1699 καὶ.
1290 1646 1610 1716 ἀναστῆναι,
1643 1646 1823 1700 πάντα
1856 1647 1956 1715 τῆς

383 1738 730 1803 ἀκολουθίας,
771 1739 866 1792 καὶ
915 1738 1072 1792 οὐδὲν
1111 1737 1254 1792 οὕτω
1306 1737 1643 1809 θαυμαστὸν,
1694 1738 1777 1792 ὅτι
1836 1737 1955 1807 Θεῷ

379 1832 716 1908 σαρκωθέντι
737 1830 1229 1905 παραϐαλλόμενον
1259 1828 1598 1899 θαυμαστόν.
1621 1828 1696 1882 Τὸ
1716 1829 1774 1884 δὲ
1821 1845 1956 1901 σαρ-

374 1926 621 1993 κωθῆναι
671 1924 827 1991 Θεὸν,
864 1924 959 1978 καὶ
994 1923 1093 1977 τὸν
1150 1919 1438 1993 ἁχώρητον
1479 1920 1821 1993 χωρηθῆναι,
1861 1920 1955 1975 καὶ

2060 733 2239 780 cutem
2269 732 2384 779 tum
2418 738 2448 778 a
2478 720 2661 779 Patris
2686 739 2818 779 voce
2854 734 2966 779 tum
3002 742 3033 781 a
3067 726 3346 795 splendida
3379 726 3640 785 Divinita-

2062 817 2133 872 tis
2158 816 2362 888 specie,
2387 815 2470 871 vel
2503 814 2800 895 quodpiam
2820 816 2965 871 aliud
2997 817 3113 872 sive
3141 817 3505 874 humanorum
3523 820 3640 877 sive

2063 909 2368 965 divinorum
2399 909 2514 965 sive
2546 901 2609 964 ad
2642 920 2931 980 utrumque
2964 910 3213 966 ordinem
3251 912 3636 983 pertinentium

2062 1016 2286 1071 operum
2323 1002 2710 1071 perlicieutem,
2743 1001 2825 1055 vel
2881 1002 3129 1057 eumdem
3188 1001 3531 1069 morientem,
3576 1018 3641 1060 ac

2066 1107 2230 1162 porro
2258 1100 2657 1162 resurgentem,
2690 1099 2852 1162 atque
2887 1093 2939 1147 in
2963 1093 3133 1148 cretes
3161 1096 3642 1159 ascendentem,et

2058 1198 2244 1237 secum
2277 1197 2363 1237 me
2393 1198 2614 1254 quoque
2641 1183 3004 1249 exaltautem,
3034 1184 3308 1254 ﬁnemque
3347 1193 3461 1239 tum
3493 1200 3642 1240 meo-

2058 1274 2369 1330 uomiasibi
2401 1274 2739 1346 praestituta,
2779 1285 2894 1330 tum
2925 1277 3118 1333 salutis
3158 1292 3293 1333 meae
3340 1278 3488 1349 operi
3540 1279 3644 1332 im-

2058 1375 2371 1435 ponentem.
2410 1370 2505 1423 Ast
2548 1368 2678 1422 mihi
2728 1356 3010 1435 concedat,
3067 1379 3126 1425 ut
3176 1370 3370 1424 herum
3398 1370 3644 1426 omnium

2058 1459 2292 1513 radicem
2350 1458 2553 1514 honore
2594 1475 2912 1530 prosequar,
2971 1476 3204 1532 eamque
3259 1476 3368 1531 pra:
3418 1462 3641 1531 retiquis

2059 1548 2312 1604 omnibus
2336 1549 2388 1603 in
2410 1549 2618 1605 ltouore
2637 1550 2884 1615 habeam,
2909 1560 3019 1606 tum
3040 1553 3201 1606 etiam
3227 1551 3451 1607 ﬁdenter
3479 1553 3648 1623 proli-

2072 1648 2210 1706 tear,
2243 1656 2307 1696 ea
2337 1642 2554 1712 quidem
2585 1642 2768 1696 omnia
2798 1650 2853 1696 et
2890 1643 3085 1696 mentis
3121 1655 3366 1713 eaptmn,
3420 1651 3476 1698 et
3525 1659 3647 1698 om-

2067 1748 2188 1788 nem
2216 1733 2323 1788 vim
2347 1733 2652 1801 dicendi,et
2680 1749 3038 1804 qnmcumque
3066 1735 3118 1789 in
3141 1745 3484 1791 antecessum
3518 1752 3647 1808 per-

2069 1834 2275 1896 petrata
2307 1835 2436 1883 sunt
2487 1827 2780 1894 mirabilia,
2814 1842 3114 1897 superare;
3176 1829 3318 1883 hanc
3369 1830 3648 1885 nihilomi-

2070 1936 2174 1976 nus
2203 1920 2313 1976 illis
2341 1938 2561 1993 quoque
2593 1924 2801 1979 ratione
2835 1924 3085 1979 miraculi
3118 1938 3475 1994 prmeurrcre.
3508 1922 3642 1979 Nam

369 2017 464 2071 τὸν
498 2015 723 2088 βασιλέα
766 2015 1106 2087 πτωχεῦσαι,
1169 2015 1263 2069 καὶ
1306 2013 1405 2085 τὴν
1443 2012 1643 2083 ἔχθραν
1693 2011 1949 2085 λυθῆναι,

2072 2006 2218 2083 Quod
2249 2010 2524 2082 Deusiam
2570 2015 2889 2070 incarnatus
2917 2014 2970 2071 in
3026 2016 3202 2070 luecm
3242 2015 3422 2071 editus
3464 2016 3554 2078 sit,
3594 2025 3649 2071 et

370 2110 468 2163 καὶ
501 2110 761 2180 μιχθῆναι
792 2109 861 2163 τὰ
895 2108 1127 2179 ἄμικτα,
1177 2105 1369 2178 φύσεις
1410 2105 1527 2176 ἅμα
1557 2104 1654 2159 καὶ
1697 2104 1943 2177 γνώμας,

366 2202 523 2255 τοῦτό
558 2204 726 2268 ἑστιν,
754 2202 783 2255 ὃ
816 2204 913 2255 καὶ
956 2200 1189 2267 Παῦλος,
1223 2200 1319 2254 καὶ
1367 2200 1519 2253 πᾶσα
1567 2199 1678 2254 τῶν
1704 2198 1879 2253 ἄλλων
1912 2200 1946 2272 ἡ

365 2294 531 2363 φύσις
563 2293 721 2364 ὑλική
760 2310 819 2346 τε
870 2291 988 2363 ἅμα
1009 2292 1103 2345 καὶ
1151 2291 1313 2356 ᾶῦλος
1365 2290 1668 2362 θαυμάζειν
1695 2289 1946 2362 βούλεται

368 2387 491 2456 μὲν,
525 2384 777 2440 ἀδυνατεῖ
800 2386 856 2439 δὲ
888 2385 1011 2439 ὅσον
1039 2382 1209 2450 ἄξιον.

2068 2103 2213 2175 quod
2256 2112 2415 2159 natus
2440 2114 2611 2160 semet
2636 2106 3086 2173 manifestaverit,
3118 2116 3171 2161 ct
3191 2109 3337 2178 quod
3364 2106 3649 2161 tuauifesto

2058 2197 2320 2265 euguitus
2382 2205 2460 2252 tot
2520 2204 2907 2269 tantorumque
2958 2200 3349 2255 miraculorum
3406 2207 3651 2269 patrator

2068 2290 2405 2359 apparuerit,
2448 2293 2675 2362 etquod
2722 2307 2753 2347 e
2805 2293 3038 2347 mortuis
3090 2292 3477 2358 resurrexerit,
3533 2292 3648 2346 haec

2064 2381 2251 2435 omnia
2282 2392 2647 2438 consentanea
2670 2398 2895 2454 prorsus
2919 2392 3067 2448 sunt,
3087 2394 3249 2455 atque
3283 2384 3418 2439 adeo
3448 2381 3521 2438 nil
3546 2384 3653 2437 mi-

366 2498 506 2547 rum,
536 2482 680 2553 quod
708 2482 776 2536 ah
802 2482 1082 2535 iucarnato
1108 2479 1216 2535 Deo
1233 2480 1370 2534 mira
1426 2480 1707 2551 prodeant.
1733 2478 1802 2534 At
1821 2494 1971 2545 vero,
2012 2475 2159 2549 quod
2196 2478 2490 2532 humanam
2540 2492 2761 2533 carnem
2796 2474 2939 2534 Deus
2966 2478 3346 2549 assumpserit.
3375 2476 3649 2548 quod'iu-

365 2574 870 2642 coiuprehcnsibilis
925 2573 1085 2627 fuerit
1136 2573 1582 2642 comprehensus,
1636 2571 1780 2642 quod
1838 2586 1933 2627 rex
1972 2570 2149 2626 lactus
2210 2571 2281 2625 sit
2338 2568 2642 2633 mendicus,
2681 2570 2828 2641 quod
2894 2570 3177 2624 inimicitia
3210 2568 3423 2623 sublata
3457 2566 3649 2635 fuerit,

365 2667 511 2738 ψιυά
546 2666 598 2721 in
625 2682 792 2721 unum
821 2665 1085 2721 coiverint
1113 2680 1236 2735 qua:
1260 2666 1489 2721 invicem
1548 2665 1934 2730 abhorrebant,
1976 2664 2186 2720 scilicet
2242 2672 2449 2718 natura:
2488 2663 2650 2717 simul
2712 2672 2765 2718 et
2796 2663 3122 2728 voluntates,
3152 2660 3253 2715 hoc
3316 2661 3558 2731 estquod
3596 2674 3653 2721 «ι

368 2761 571 2815 Paulus
615 2769 667 2815 et
697 2759 903 2829 qumvis
930 2758 1035 2813 alia
1092 2768 1285 2813 natura
1331 2759 1445 2814 sive
1501 2758 1776 2814 terrestris
1825 2758 1938 2813 sive
1974 2757 2239 2821 celestis,
2301 2757 2403 2812 etsi
2471 2756 2709 2810 maxime
2758 2756 2958 2826 cupiat,
3022 2754 3207 2809 mirari
3241 2762 3509 2810 tamenac
3554 2770 3645 2810 ee-

368 2856 580 2911 lebrare
604 2870 701 2925 pro
726 2853 987 2926 dignitate
1018 2870 1123 2909 non
1155 2854 1316 2910 valet.

446 2946 521 3003 A’.
556 2946 765 3012 Ἀλλως
807 2964 867 3001 τε
911 2948 1007 3002 καὶ
1036 2949 1085 3002 εί
1115 2948 1241 3011 τοὺς
1271 2945 1499 3011 κλάδους
1542 2947 1851 3020 θαυμάζειν
1883 2950 1958 3004 εί-

2130 2947 2222 3007 ιν.
2253 2948 2334 3004 Ad
2368 2949 2481 3004 hinc
2505 2949 2553 3003 si
2574 2955 3002 3004 consentaneum
3029 2957 3113 3003 est
3138 2960 3321 3001 ramos
3353 2944 3641 3009 admirari,

381 3039 497 3103 κὸς,
527 3039 643 3103 πῶς
669 3038 729 3092 ού
756 3039 856 3109 τὴν
885 3038 1041 3111 ῥίζαν
1063 3038 1232 3110 αὐτὴν
1259 3038 1366 3107 πρὸ
1409 3036 1658 3104 ἐκείνων,
1686 3039 1955 3093 κάκείνων

2065 3043 2152 3115 qui
2194 3042 2430 3120 radicem
2482 3041 2659 3112 ipsam
2714 3056 2826 3112 prae
2870 3040 2977 3097 illis
3004 3050 3058 3095 et
3110 3041 3324 3095 illorum
3393 3038 3638 3109 ipsorum

382 3131 564 3185 αὐτῶν
595 3129 760 3184 ἓνεκα
807 3129 1238 3200 θαυμασόμεθα;
1290 3129 1458 3183 Ὥστε
1502 3131 1598 3183 καὶ
1624 3129 1796 3202 χωρὶς
1842 3130 1953 3185 τῶν

2065 3149 2225 3190 causa
2253 3148 2361 3188 non
2394 3133 2763 3188 mirabimur?
2787 3132 2935 3187 Adeo
2977 3140 3035 3186 ut
3066 3140 3267 3203 prmter
3310 3131 3517 3202 reliqua
3578 3145 3644 3185 ac

383 3223 562 3279 ἄλλων
590 3222 685 3275 καὶ
712 3220 821 3276 τῶν
845 3223 1067 3293 ἑαυτῆς,
1098 3224 1200 3275 ὅσα
1232 3221 1298 3275 ἄν
1333 3237 1421 3285 τις
1471 3224 1601 3291 περὶ
1631 3221 1739 3276 τῶν
1775 3222 1953 3277 ἄλλων

2065 3227 2285 3298 propria
2324 3226 2568 3297 ejusdem
2610 3225 2923 3281 festivitatis
2976 3224 3250 3290 eucomia,
3298 3238 3647 3295 quzccunque

388 3316 706 3388 μυστηρίων
727 3315 862 3388 ἑρεί,
892 3314 1047 3369 ταῦθ’
1068 3314 1187 3386 ἅμα
1226 3315 1585 3387 συμφορήσας
1615 3315 1745 3386 περ)⁸
1786 3315 1948 3385 τῆσδε

2070 3320 2288 3375 demum
2312 3319 2379 3374 de
2403 3320 2523 3373 aliis
2547 3317 2818 3390 mysteriis
2837 3317 3108 3389 quispiam
3138 3314 3356 3381 dixerit,
3386 3316 3499 3371 haec
3525 3329 3648 3369 om-

382 3411 483 3479 τῆς
532 3407 723 3479 ἑορτῆς
772 3409 909 3482 ἑρεῖ,
963 3408 1095 3481 παρ’
1120 3402 1189 3481 ἦς
1238 3408 1490 3476 κάκεῖνα,
1519 3405 1615 3461 καὶ
1667 3404 1808 3479 αὕτη
1846 3404 1956 3460 τῶν

2065 3410 2153 3467 nia
2184 3410 2238 3465 in
2275 3426 2441 3465 unum
2471 3424 2772 3479 congerens
2805 3411 2873 3465 de
2904 3410 3008 3465 hac
3057 3410 3173 3480 ipsa
3215 3409 3582 3475 solemnitate,
3613 3424 3646 3465 e

386 3498 607 3571 ἑκείνης
639 3500 869 3572 καρπῶν
896 3501 931 3571 ὴ
993 3498 1142 3572 ῥίζα,
1170 3501 1265 3556 καὶ
1312 3500 1452 3572 αὕτη
1486 3498 1595 3555 τῶν
1633 3498 1894 3570 ποταμῶν
1924 3501 1958 3571 ἠ

316 3660 319 3663 ν
388 3593 568 3664 πηγή.
606 3592 911 3665 Προσθήσω
950 3592 996 3647 δ’
1025 3593 1107 3648 ὅτι
1156 3594 1311 3666 καὶὴ
1353 3591 1461 3665 ἑμὴ
1511 3591 1649 3663 ζωή.
1693 3592 1962 3646 Τοσοῦτόν

378 3683 497 3735 ἑστι
529 3681 591 3735 τὸ
629 3681 764 3736 Θεὸν
791 3682 1023 3755 ὀφθῆναι
1056 3682 1269 3756 βροτὸν,
1309 3683 1372 3737 τὸ
1401 3683 1458 3737 δὲ
1488 3685 1583 3738 καὶ
1617 3681 1956 3756 θεουργηθῆ.

374 3792 467 3827 ναι
499 3773 711 3845 βροτόν.
754 3776 820 3829 ‘0
848 3776 944 3829 καὶ
972 3775 1104 3830 αὐτὸ
1131 3776 1225 3830 τοῦ
1262 3777 1532 3848 παρόντος
1561 3776 1810 3848 ἔγνωμεν
1847 3794 1953 3847 μυ-

375 3865 606 3937 στηρίου
665 3866 914 3938 πηλίκον.
957 3865 1048 3931 Ὠς
1110 3867 1405 3922 κινδυνεύω
1454 3871 1555 3940 τὴν
1611 3869 1805 3941 ἑορτὴν
1834 3872 1955 3935 ταῖς

377 3957 589 4026 ἄλλαις,
617 3959 691 4023 ὡς
716 3960 913 4032 ἁπλῆν,
943 3960 1315 4032 παραϐάλλειν
1343 3961 1660 4033 ἐπιχειρῶν,
1682 3962 1953 4034 εὑρίσκων

378 4049 600 4121 διπλῆν,
622 4052 715 4104 καὶ
744 4050 822 4123 τῷ
841 4052 998 4123 μέρει
1021 4053 1143 4116 ταῖς
1165 4051 1358 4115 ἄλλαις
1382 4053 1641 4119 νικῶσαν,
1671 4054 1771 4107 οὐκ
1789 4053 1954 4126 ἔχειν,

381 4142 533 4206 ὅπως
558 4143 670 4207 τοῖς
717 4144 941 4215 μέρεσιν
996 4143 1135 4217 αὐτη
1178 4145 1316 4216 πρὸς
1356 4144 1558 4218 ἑαυτὴν
1598 4146 1787 4218 κριθῇ,
1826 4145 1958 4218 μηδ’

382 4226 539 4301 ᾧτινι
566 4232 675 4287 τῶν
708 4235 889 4307 μερῶν
926 4233 1088 4289 δώσει
1122 4237 1280 4307 νικᾷν
1322 4235 1402 4307 τῷ
1450 4234 1713 4308 θαύματι,
1747 4238 1961 4311 ἄνθρω-

380 4343 490 4380 πον
530 4326 623 4381 τὸν
648 4328 803 4395 Θεὸν,
830 4328 1018 4399 ἢΘεὺν
1058 4329 1293 4400 φανῆναι
1323 4330 1413 4383 τὸν
1446 4329 1758 4403 ἄνθρωπον.

2065 3519 2171 3576 qua
2194 3510 2247 3557 et
2278 3502 2368 3557 illa
2412 3504 2718 3568 dimanaut,
2769 3502 3019 3558 dicturus
3052 3503 3143 3565 sit.
3184 3502 3386 3573 quippe
3424 3516 3547 3572 qua:
3591 3510 3648 3556 et

2069 3594 2261 3650 horum
2300 3592 2476 3663 ipsius
2511 3593 2794 3650 fructuum
2824 3602 2905 3648 est
2938 3592 3174 3661 radix,et
3195 3594 3311 3665 ipsa
3358 3592 3645 3647 ﬂuminum

2066 3691 2151 3737 est
2188 3683 2456 3737 scatebra.
2486 3684 2752 3753 Adjiciam
2778 3693 2831 3736 et
2852 3683 3007 3749 illud,
3031 3685 3176 3755 quod
3201 3684 3327 3740 hinc
3356 3692 3440 3739 est
3461 3691 3514 3738 et
3536 3682 3647 3738 vita

2072 3787 2214 3829 mea.
2250 3771 2610 3829 Tantumdem
2660 3787 2743 3830 est
2778 3774 2946 3830 Deum
2986 3778 3305 3847 apparuisse
3324 3776 3646 3837 mortalem.

2065 3879 2237 3939 atque
2271 3868 2509 3923 vicissim
2540 3870 2825 3924 mortalem
2851 3872 2919 3925 ad
2949 3870 3291 3926 divinitatem
3321 3870 3491 3925 luisse
3518 3886 3649 3941 pro-

2067 3970 2305 4015 vectum.
2336 3961 2456 4028 Quo
2490 3978 2622 4017 sane
2652 3963 2770 4034 ipso
2803 3972 3007 4034 quanta
3056 3966 3129 4020 sit
3180 3963 3425 4035 mysterii
3479 3962 3645 4032 hujus

2068 4052 2389 4123 magnitudo
2424 4053 2696 4109 novimus.
2730 4053 2943 4109 Etenim
2968 4055 3098 4110 dum
3143 4054 3283 4110 hanc
3323 4052 3644 4109 solemnita-

2068 4152 2201 4210 tem,
2234 4145 2395 4215 quasi
2429 4160 2535 4200 nua
2568 4156 2777 4201 tantum
2811 4147 2903 4214 sit,
2939 4162 3067 4202 cum
3134 4145 3259 4203 aliis
3314 4161 3639 4217 comparare

2073 4238 2324 4300 instituo,
2346 4251 2680 4307 eam,autcm
2723 4240 2993 4309 duplicem
3022 4238 3359 4306 sicinveuio,
3389 4248 3450 4294 ut
3479 4237 3646 4293 etiam

2062 4331 2235 4386 altera
2261 4340 2469 4386 tantum
2502 4333 2586 4387 sui
2610 4343 2759 4403 parte
2776 4333 2899 4393 aliis
2930 4332 3642 4398 festivitatibusantecellat,

380 4424 497 4496 jam
540 4440 706 4496 prope
737 4424 790 4478 in
819 4440 884 4479 co
916 4439 1060 4491 sum,
1099 4435 1158 4480 ut
1182 4426 1339 4497 plane
1363 4427 1624 4494 nesciam,
1687 4426 1960 4497 quodnam
2000 4428 2067 4483 de
2094 4428 2517 4505 eadem,gsecum
2550 4428 2665 4499 ipsa
2730 4428 2910 4498 quoad
2932 4438 3113 4499 partes
3172 4443 3302 4483 suas
3326 4425 3649 4495 collata,ju-

393 4520 599 4575 dicium
634 4520 761 4575 ferri
790 4531 974 4591 queat,
1001 4531 1055 4576 et
1084 4522 1190 4577 utri
1244 4522 1480 4593 partium
1540 4522 1750 4578 ratione
1801 4522 2051 4579 miraculi
2114 4522 2339 4579 victoria
2396 4522 2760 4595 adjudieanda
2822 4526 3028 4594 sit,an
3081 4525 3292 4581 scilicet
3320 4524 3465 4596 quod
3484 4522 3649 4578 homo

394 4614 708 4687 apparuerit
740 4612 902 4678 Deus.
936 4629 1005 4667 an
1059 4628 1187 4668 vero
1237 4615 1384 4684 quod
1431 4614 1576 4669 Deus
1650 4612 1830 4671 lactus
1893 4615 1966 4671 sit
2004 4616 2189 4678 homo.

460 4714 537 4768 E'.
586 4710 746 4765 Ἀλλά
782 4726 847 4779 γε
874 4710 935 4764 τὸ
982 4711 1100 4763 πᾶν
1131 4708 1516 4776 ἀναπτύσσων,
1562 4710 1663 4782 ἤδη
1694 4711 1791 4764 καὶ⁸
1835 4728 1957 4782 τρι-

2140 4712 2205 4769 ν.
2240 4710 2567 4783 Quanquam
2594 4712 2641 4767 si
2672 4711 2891 4782 penitus
2927 4727 3119 4767 omnes
3174 4712 3416 4783 mysterii
3468 4722 3649 4780 partes

390 4805 533 4872 πλῆν
575 4803 832 4874 εὑρίσκω·
877 4800 971 4854 καὶ
1004 4802 1038 4873 η
1090 4800 1271 4865 πίστις
1325 4802 1513 4871 ἑγγύς.
1551 4804 1625 4855 Ub
1655 4803 1763 4874 γὰρ
1797 4804 1962 4872 εὐαγ-

391 4899 577 4969 γέλια,
631 4902 726 4951 καὶ
775 4894 947 4949 ταῦτα
990 4894 1157 4949 διπλᾶ
1204 4895 1387 4966 μόνον,
1437 4895 1573 4950 ἀλλὰ
1614 4897 1708 4950 καὶ
1747 4896 1963 4966 φύσεως

392 4989 641 5062 ἑορτάζω
671 4990 741 5042 τὰ
780 4990 1095 5061 νικητήρια,
1136 4987 1337 5059 μᾶλλον
1394 4986 1450 5040 δὲ
1499 4987 1740 5059 χάριτος·
1797 4989 1831 5058 η
1866 4988 1966 5059 μὲν

397 5086 506 5154 γάρ
545 5083 804 5152 ἡττᾶται,
868 5082 904 5151 η
932 5080 990 5133 δὲ
1037 5081 1185 5154 νικᾷ.
1221 5077 1497 5151 Παρθένου
1544 5077 1803 5148 σύλληψιν
1826 5077 1966 5146 ἄγω,

396 5175 672 5247 παρθένου
703 5174 920 5244 κύησιν,
962 5172 1237 5246 παρθένου
1282 5171 1400 5243 μετ’
1432 5171 1613 5240 ὀλίγον
1644 5175 1738 5225 καὶ
1772 5172 1966 5241 γέννη-

399 5284 507 5320 σιν.
542 5265 819 5338 Παρθενία
856 5263 951 5317 xei.
988 5264 1175 5335 γεννᾷ,
1218 5264 1312 5315 καὶ
1340 5264 1621 5331 γεννᾶταισ
1674 5263 1708 5334 η
1740 5261 1838 5331 μὲν
1875 5264 1966 5314 τὸν

393 5362 597 5428 Λόγον,
629 5360 662 5429 ἠ
690 5359 768 5423 δὲ,
799 5356 891 5411 τοῦ
917 5358 1090 5425 Λόγου
1117 5354 1552 5427 νομοθετοῦντος,
1581 5355 1674 5409 καὶ
1716 5354 1831 5424 μετ’
1856 5354 1967 5407 ὀλί-

396 5473 518 5524 γον,
552 5450 696 5529 ᾗπερ
730 5454 947 5524 ἐτέχθη,
982 5454 1075 5505 καὶ
1105 5454 1243 5524 ὅπερ
1267 5453 1465 5524 ἐφάνη,
1497 5454 1588 5505 καὶ
1614 5453 1771 5505 τόκον
1794 5452 1965 5505 διδόν-

397 5564 490 5611 τος
520 5550 632 5611 τοίς
670 5546 1016 5617 πειθομένοις
1045 5546 1250 5617 ὅμοιον.
1296 5545 1437 5599 Novi.
1483 5545 1537 5598 δέ
1566 5562 1655 5616 μοι
1679 5544 1966 5607 συλλάϐοις

394 5642 487 5696 τὸν
526 5642 685 5709 λόγον
709 5643 735 5693 ὁ
763 5639 854 5694 τοῦ
898 5640 1077 5708 Λόγου
1103 5639 1201 5710 τὴν
1250 5637 1511 5709 σύλληψιν
1544 5639 1838 5708 ἑορτάζων,
1872 5637 1966 5690 καὶ

395 5734 630 5803 λογικῶς
656 5750 709 5787 τι
735 5734 863 5804 περὶ
889 5732 987 5802 τῆς
1037 5734 1231 5803 ἑορτῆς
1270 5732 1676 5802 φιλοσοφήσοις,
1722 5731 1788 5783 ἵν’
1884 5746 1965 5782 σοι

400 5829 497 5881 καὶ
520 5825 677 5879 τοῦτο
704 5826 814 5879 τῶν
850 5826 978 5898 περὶ
1006 5824 1105 5895 τὴν
1138 5823 1327 5896 ἑορτὴν
1364 5822 1736 5892 εύλογώτατόν
1762 5840 1821 5875 τε
1849 5822 1963 5892 ἅμα

398 5919 494 5971 καὶ
514 5918 863 5971 οἰκειότατον.

2064 4806 2342 4869 evolvere,
2375 4806 2538 4860 etiam
2559 4805 2829 4876 triplicem
2846 4807 2960 4875 jam
2988 4805 3206 4860 invenio
3243 4804 3535 4873 haueiesse
3564 4802 3645 4858 fe-

2064 4899 2392 4973 stivitatem;
2425 4907 2478 4952 et
2514 4906 2599 4953 est
2619 4898 2671 4953 in
2701 4908 2952 4967 promptu
2983 4911 3094 4967 quo
3120 4897 3171 4952 id
3198 4893 3647 4951 suadeatur.Non

2064 4992 2209 5047 enim
2234 4990 2567 5045 faustissima
2588 4991 2677 5045 illa
2704 4991 2913 5057 nuntia,
2934 5005 3108 5060 eaque
3120 4990 3247 5044 bina
3267 4989 3645 5044 tantummodo

2068 5082 2389 5138 celebranda
2414 5092 2743 5149 occurrunt;
2778 5082 2872 5138 sed
2910 5082 3216 5153 triumphos
3246 5089 3507 5152 praaterea
3540 5096 3646 5135 ce-

2072 5175 2223 5229 lebro
2253 5183 2480 5240 natura),
2508 5190 2601 5229 seu
2632 5177 2814 5245 potius
2837 5177 3056 5245 gratiae;
3081 5174 3171 5229 illa
3220 5174 3365 5229 enim
3416 5186 3645 5242 supera-

2069 5275 2179 5333 tur,
2213 5267 2328 5323 hmo
2355 5276 2534 5323 autem
2567 5268 2901 5337 triumphum
2954 5268 3086 5338 agit.
3149 5264 3421 5336 Virginem
3456 5264 3644 5318 conci-

2070 5358 2331 5431 pientem,
2368 5360 2634 5430 virginem
2665 5369 2819 5415 utero
2843 5368 3171 5431 gestantem,
3201 5359 3463 5429 virginem
3478 5357 3643 5426 paulo

2073 5461 2199 5523 post
2225 5452 2388 5507 etiam
2418 5453 2717 5521 parientem
2738 5451 2977 5506 celebro.
3012 5449 3307 5522 Virginitas
3349 5452 3426 5517 et;
3447 5446 3641 5523 gignit,

2070 5552 2124 5598 et
2154 5544 2429 5614 gignitur;
2467 5560 2591 5597 nam
2627 5545 2796 5615 gignit
2821 5545 3040 5613 quidem
3071 5559 3134 5598 ea
3155 5541 3393 5598 Verbum
3421 5540 3640 5605 ;Verbo

2064 5646 2251 5691 autem
2277 5635 2588 5704 legislature
2614 5636 2776 5705 paulo
2816 5647 2938 5703 post
2960 5639 3125 5692 etiam
3165 5636 3426 5708 gignitur,
3453 5640 3647 5704 quate-

2064 5743 2169 5781 nus
2194 5726 2461 5797 ejusmodi
2480 5742 2695 5796 quoque
2720 5738 2933 5797 partum
2961 5729 3312 5785 credentibus
3336 5726 3511 5784 Verbo
3545 5740 3641 5781 eo-

2065 5819 2187 5873 dem
2220 5817 2510 5880 tribuente,
2543 5816 2865 5888 Virginitas,
2891 5823 3037 5891 quod
3069 5834 3123 5879 et
3145 5823 3435 5894 perapicue
3470 5836 3641 5891 appa-

2064 5910 2192 5975 ruit,
2231 5909 2436 5963 mundo
2461 5909 2681 5965 eﬂ'ulsit.
2719 5909 2873 5967 Nune
2908 5916 3090 5985 itaque
3120 5916 3374 5987 quisquis
3403 5929 3637 5981 concep-

406 6012 610 6070 tionem
643 6010 802 6068 Verbi
832 6010 1087 6080 praesenti
1116 6008 1463 6068 solemnitate
1520 6006 1789 6073 celebras,
1818 6020 2156 6071 sermonem,
2197 6018 2361 6076 quem
2418 6003 2704 6060 habiturus
2772 6022 2918 6077 sum,
2953 6008 3040 6067 fac
3066 6011 3331 6080 excipias,
3387 6025 3450 6065 ac
3504 6006 3641 6063 sub-
