4010 6580
413 444 516 510 81.5

1647 452 1886 512 JOANN
1899 453 1964 512 [S
2002 453 2434 514 GEOMETRJE

3551 455 3653 517 8.16

417 567 541 614 titne
571 561 695 630 quid
728 562 793 617 de
826 563 937 630 ipsa
977 559 1008 614 ft
1030 561 1265 615 s:ivitate
1296 560 1502 615 sentias
1537 603 1550 626 ,
1590 571 1646 614 ut
1681 576 1744 614 ex
1778 561 1844 616 iis
1865 577 1986 631 qua:
2026 565 2092 616 ad
2140 564 2386 617 eamdem
2440 568 2706 631 spectant,
2743 565 2844 616 hoc
2876 578 3090 632 quoque
3129 561 3224 618 tibi
3259 562 3328 618 sit
3359 572 3408 617 et
3435 564 3650 618 veritati

414 668 637 723 prorsus
676 661 1176 706 conscntaneumet
1214 653 1288 706 rei
1340 651 1572 706 maxime
1611 654 2100 709 accommodatum.
3527 661 3534 666 ”

496 743 576 799 Vl.
612 743 916 814 Duplicem,
952 755 1010 798 ut
1041 753 1243 799 norunt
1300 760 1514 808 onmes,
1567 745 1969 815 generationem

2157 751 2245 815 (τ’.
2280 747 2488 816 Διπλῆν
2514 748 2649 818 ἡμῖν
2671 747 2924 815 γέννησιν
2953 745 2980 798 6
3009 744 3166 814 λόγος
3194 740 3302 798 οἶδε
3337 745 3431 798 τοῦ
3458 746 3650 813 Λόγου·

422 833 578 889 Verbi
609 835 931 905 proﬁtemur
963 854 977 901 ;
1017 837 1291 892 cmlestem
1317 836 1566 900 alteram,
1601 851 1831 906 eamque
1872 837 1982 906 pri-

415 928 812 991 mam,a|teram
847 936 1156 982 terrestrem
1188 941 1417 996 eamque
1446 926 1738 981 secundam
1767 943 1782 992 ;
1809 942 1982 997 quan-

417 1037 575 1090 quam
598 1038 772 1093 neque
788 1023 1016 1094 primam
1039 1023 1181 1077 illam
1202 1023 1452 1086 dixerim,
1475 1021 1566 1077 sed
1595 1023 1773 1092 potius
1794 1032 1846 1077 et
1877 1037 1980 1078 sae-

415 1114 537 1168 cula
567 1116 952 1184 praecedentem
986 1123 1040 1169 et
1070 1124 1360 1180 aeternam;
1384 1113 1660 1185 quomodo
1701 1113 1847 1168 enim
1899 1115 1978 1167 vel

417 1206 593 1274 prima
625 1218 787 1273 esset,
818 1222 938 1277 quae
965 1207 1171 1260 nullum
1203 1221 1441 1276 unquam
1497 1206 1714 1261 initium
1769 1205 1981 1260 habuit?

414 1296 547 1350 Nam
564 1299 796 1368 primum
829 1301 969 1354 inter
985 1315 1048 1353 ea
1078 1298 1327 1364 habetur,
1347 1315 1467 1370 qua:
1487 1299 1710 1369 tempori
1728 1299 1977 1355 subsunt.

415 1389 521 1444 Sed
548 1401 601 1444 et
635 1406 991 1460 quarumnam
1021 1391 1194 1462 prima
1229 1392 1345 1447 hmc
1369 1393 1552 1448 esset?
1580 1391 1720 1446 Nulli
1750 1407 1980 1462 prorsus

412 1481 644 1534 aliarum
680 1482 953 1537 ullatenus
981 1483 1176 1538 similis
1221 1482 1510 1548 invenitur,
1549 1498 1617 1538 ne
1645 1483 1731 1537 isti
1761 1483 1978 1553 quidem

413 1575 655 1626 terrestri
675 1575 900 1637 scilicet,
921 1590 1081 1645 quam
1107 1577 1189 1631 sui
1208 1577 1482 1646 propriam
1509 1576 1622 1646 ipse
1649 1576 1866 1641 habuit;
1886 1575 1979 1630 sed

412 1683 649 1737 superna
670 1669 782 1735 illa,
807 1671 920 1725 sola
939 1678 1044 1734 est,
1074 1677 1127 1724 et
1143 1686 1274 1740 quas
1289 1671 1334 1725 is
1363 1671 1616 1741 prtecelsa
1636 1669 1980 1740 generatione

409 1757 774 1825 teritinentior;
807 1760 973 1814 altera
1005 1775 1134 1816 vero
1167 1762 1438 1816 terrestris
1485 1769 1570 1816 est
1615 1776 1676 1814 ea
1717 1761 1932 1830 quidem
1962 1776 1975 1818 :

413 1866 610 1906 names
647 1862 824 1907 tamen
853 1863 1138 1908 terrestres
1165 1869 1228 1909 ac
1255 1855 1574 1925 temporales
1603 1853 1811 1908 ratione
1836 1853 1976 1905 modi

411 1950 720 2010 esstiperat.
751 1940 926 2012 Atque
955 1944 1044 1998 illa
1083 1943 1300 2014 quidem
1327 1943 1779 2012 quemadmodum
1825 1951 1974 1996 extra

413 2039 626 2100 tempus
641 2048 801 2089 omne
824 2046 926 2098 est,
951 2037 1024 2089 ita
1045 2047 1098 2090 et
1128 2052 1340 2090 omr'iem
1361 2045 1576 2105 captum
1595 2033 1828 2089 excedit.
1856 2032 1972 2086 Non

2083 843 2181 913 τὴν
2220 843 2315 911 μέν
2349 839 2462 893 ἅνω
2487 856 2545 891 τε
2574 838 2670 892 καὶ
2724 837 2973 909 πρώτην,
3015 837 3126 907 ,τὴν
3173 837 3231 890 δὲ
3280 836 3432 890 κάτω
3458 854 3516 890 τε
3560 854 3654 890 και

2081 933 2360 1003 δευτέραν·
2421 931 2621 1001 μᾶλλον
2669 929 2726 982 δὲ
2762 929 2862 1000 τὴν
2919 929 3018 1000 μὲν
3069 928 3190 982 οὐδὲ
3229 927 3478 998 πρώτην,
3517 928 3651 980 ἀλλὰ

2082 1025 2177 1078 καὶ
2226 1021 2551 1094 προαιώνιον
2607 1020 2702 1074 καὶ
2750 1021 2942 1072 ἀῖδιον·
2995 1019 3111 1080 πῶς
3170 1017 3280 1089 γὰρ
3319 1019 3385 1073 ἂν
3433 1019 3518 1089 εἴη
3557 1020 3654 1071 καὶ

2083 1114 2295 1185 πρώτη,
2343 1113 2482 1183 μήτε
2516 1109 2798 1181 ἀρξαμένη
2841 1109 3000 1174 ποτέ;
3030 1108 3150 1162 Τῶν
3173 1109 3282 1179 γὰρ
3307 1109 3412 1162 ὑπὸ
3458 1110 3652 1180 χρόνον

2079 1211 2141 1262 τὸ
2171 1207 2410 1278 πρῶτον.
2437 1207 2611 1259 Τίνων
2636 1205 2692 1259 δὲ
2717 1207 2811 1259 καὶ
2849 1204 3055 1275 eadm;
3082 1205 3237 1274 Μήτε
3282 1204 3522 1275 μηδεμιᾷ
3543 1205 3653 1259 τῶν

2081 1303 2255 1358 ἄλλων
2279 1303 2488 1355 ἐοικυῖα
2518 1299 2704 1371 μηδὲν,
2738 1299 2877 1369 μήτε
2916 1298 2972 1351 δὲ
3002 1299 3066 1368 τῇ
3096 1297 3296 1350 ἑαυτοῦ
3340 1297 3516 1370 ταύτῃ
3555 1297 3653 1352 καὶ

2082 1397 2254 1452 κάτω⁶
2295 1394 2468 1464 ἀλλ’ἢ
2512 1393 2609 1463 μὲν
2639 1393 2750 1447 ἄνω
2788 1391 2948 1462 μόνον
2992 1391 3086 1444 καὶ
3131 1390 3272 1460 ὑπὲρ
3320 1391 3432 1445 ἄνω
3469 1393 3650 1459 πάσης

2081 1491 2412 1558 γεννήσεως·
2461 1485 2602 1556 ήδὲ,
2659 1485 2812 1538 κάτω
2867 1483 2987 1554 μὲν,
3027 1483 3168 1554 ὑπὲρ
3219 1484 3278 1536 δὲ
3321 1483 3504 1545 πάσας
3551 1485 3647 1547 τὰς

2081 1581 2232 1635 κάτω
2263 1578 2360 1633 καὶ
2390 1577 2495 1630 ὑπὸ
2538 1578 2750 1646 χρόνον,
2780 1575 2868 1628 διὰ
2921 1573 3011 1628 τὸν
3060 1575 3281 1645 τρόπον.
3329 1574 3438 1627 Kal
3487 1575 3651 1642 ἠμὲν

2080 1673 2270 1738 ὥσπερ
2304 1669 2555 1740 ἄχρονος,
2595 1666 2738 1721 οὕτω
2769 1666 2864 1719 καὶ
2899 1665 3160 1735 ἄληπτος.
3205 1666 3278 1717 Οὐ
3309 1667 3416 1736 γὰρ
3455 1665 3647 1735 χρόνου

2082 1765 2248 1835 μόνου
2278 1763 2569 1834 κρείττων,
2621 1761 2756 1815 ἀλλὰ
2797 1759 2892 1813 καὶ
2935 1759 3160 1830 τρόπου.
3197 1759 3407 1830 Ὠσπερ
3432 1760 3491 1812 δὲ
3516 1758 3650 1829 ἄλη-

2080 1875 2238 1921 πτος,
2263 1856 2406 1909 οὕτω
2439 1856 2533 1908 καὶ
2561 1854 2744 1917 ᾶῡλος·
2774 1854 2835 1906 οὐ
2870 1853 2979 1922 γὰρ
3007 1850 3166 1922 ὑλικὴ
3193 1851 3309 1920 ’τῶν
3346 1851 3527 1904 ἀΰλων
3557 1851 3651 1903 καὶ

2078 1949 2334 2020 ἀλήπτων
2369 1949 2401 2018 ή
2430 1947 2704 2017 γέννησις.
2740 1945 2956 2015 ’Ὠσπερ
2985 1943 3040 1996 δὲ
3067 1944 3250 2006 ἄῦλος,
3287 1942 3429 1995 οὕτω
3455 1941 3520 2010 δὴ
3550 1943 3646 1996 καὶ

2079 2043 2440 2112 ἀσύλληπτος·
2479 2039 2688 2110 οὺογὰρ
2723 2037 2919 2106 ἀτελὴς
2949 2038 3234 2107 πρότερον,
3270 2032 3392 2088 εἶτα
3418 2035 3642 2099 τέλειος.

410 2121 555 2175 enim
582 2123 753 2179 solum
793 2134 1005 2196 tempus
1036 2142 1219 2191 omne,
1250 2127 1344 2182 sed
1363 2141 1580 2182 omnem
1609 2141 1827 2197 quoque
1854 2141 1969 2181 mn-

2081 2137 2293 2206 Ὤσπερ
2323 2134 2380 2187 δὲ
2408 2132 2774 2202 ἁσύλληπτος,
2827 2130 2968 2183 οὕτω
3009 2130 3072 2200 δὴ
3135 2129 3231 2181 καὶ
3285 2128 3546 2190 ἀναίτιος·
3585 2126 3646 2178 οὐ

411 2219 536 2271 ιΙιιιιι
566 2217 1023 2288 prtetergreditur.
1079 2219 1250 2273 Sicuti
1280 2229 1458 2273 autem
1518 2217 1969 2288 incomprehensi-

2077 2229 2185 2299 γὰρ
2218 2228 2304 2281 ἵνα
2339 2226 2455 2279 τόδε
2489 2243 2564 2292 τι,
2602 2209 2690 2279 δίὰ
2719 2224 2878 2277 τοῦτο
2907 2222 3052 2286 Υἱὸς,
3079 2221 3404 2292 ὥσπερουὸὲ
3433 2219 3642 2289 Πατὴρ,

412 2307 558 2368 bilis,
592 2307 740 2362 sicel
774 2308 842 2362 ab
870 2309 1019 2362 omni
1071 2309 1299 2363 materia
1359 2317 1444 2364 est
1500 2317 1749 2374 secreta;
1803 2323 1969 2378 neque

2076 2319 2196 2372 οὐδὲ
2231 2316 2476 2387 Πνεῦμα·
2516 2318 2584 2387 τῇ
2621 2315 2676 2369 δέ
2705 2316 2870 2384 ἀρχῇ,
2899 2314 2990 2367 καὶ
3015 2313 3254 2382 αἰτιατή·
3289 2309 3408 2373 πῶς
3427 2310 3536 2396 γὰρ
3577 2311 3641 2361 ἂν

412 2400 558 2454 enim
591 2399 889 2454 materialis
924 2415 1046 2455 esse
1067 2410 1238 2469 potest
1295 2415 1482 2455 eorum
1530 2403 1828 2471 generatio,
1858 2417 1969 2472 qum

2074 2411 2168 2464 καὶ
2202 2409 2285 2478 εἴη
2315 2407 2462 2470 Υίὶς,
2493 2407 2629 2476 μήτε
2648 2404 2707 2457 τὸ
2730 2400 2868 2456 εἶναι
2907 2401 3090 2455 λαϐὼν
3119 2399 3270 2470 παρὰ
3293 2399 3383 2452 τοῦ
3412 2398 3639 2469 ΙΙατρόςς

413 2489 734 2557 incorporea
759 2497 887 2544 sunt
913 2502 966 2544 et,
1001 2490 1585 2560 incomprehensibilia.
1614 2491 1969 2558 Quemadmo-

2076 2502 2184 2555 Καὶ
2217 2502 2250 2571 ή
2284 2500 2382 2570 μὲν
2413 2498 2586 2560 οὕτως
2644 2496 2879 2566 ἔχεικαὶ
2930 2494 3067 2560 ἕξει,
3119 2492 3488 2559 πιστευομένη
3543 2489 3642 2559 μὲν

413 2579 547 2634 dum
595 2596 724 2635 vero
779 2582 958 2638 omnis
1009 2584 1270 2646 materiae,
1307 2584 1386 2639 sic
1437 2582 1682 2654 profecto
1730 2585 1973 2654 cujusvis

414 2672 1006 2740 quoquepraecedentis
1035 2673 1404 2742 conceptionis
1457 2683 1542 2728 est
1597 2689 1820 2743 expers;
1869 2690 1974 2728 non

413 2762 558 2816 cutim
580 2765 730 2832 prius
747 2775 829 2819 est
846 2765 1178 2834 imperfecta,
1203 2765 1397 2820 deinde
1419 2765 1673 2835 perfecta.
1697 2766 1759 2820 Et
1785 2782 1973 2822 rursus

410 2855 554 2911 sicut
574 2859 984 2928 conceptionem
1025 2860 1247 2926 nullam,
1275 2861 1354 2917 sic
1372 2862 1637 2916 etnullam
1664 2863 1972 2918 habetcau-

410 2963 550 3012 sam,
572 2961 792 3021 propter
820 2967 982 3022 quam
1014 2952 1154 3007 facta
1209 2953 1318 3019 sit;
1350 2969 1457 3007 non
1510 2954 1652 3009 enim
1685 2971 1750 3010 ex
1806 2955 1970 3010 libera

408 3040 713 3111 cuiuspiam
743 3043 867 3100 ﬁnis
900 3045 1162 3101 electione
1188 3055 1243 3101 et
1287 3047 1668 3116 prosecutione
1709 3050 1976 3104 exsisten-

2081 2595 2188 2656 ἀεὶ,
2213 2590 2743 2660 καταλαμϐανομένη
2774 2587 2832 2640 δὲ
2869 2586 2947 2655 τῷ
2985 2585 3139 2649 πότε,
3171 2584 3203 2655 ἢ
3251 2582 3328 2652 τῷ
3369 2581 3506 2643 πῶς,
3554 2581 3641 2632 οὑ-

2082 2685 2294 2739 δέποτε.
2343 2682 2409 2738 'Il
2445 2683 2502 2736 δὲ
2531 2681 2610 2752 τῷ
2652 2681 2752 2751 μὲν
2799 2677 3150 2746 amatam,»
3185 2692 3244 2728 τε
3302 2675 3396 2727 καὶ
3441 2672 3642 2726 ἀπαθεῖ

2078 2773 2172 2826 καὶ
2194 2774 2440 2843 ἀλήπτῳ,
2473 2772 2568 2824 καὶ
2590 2771 2794 2840 ὅμοιος·
2820 2769 2888 2821 τὰ
2917 2767 2974 2821 δὲ
2997 2765 3178 2830 λοιπὰ,
3205 2765 3459 2835 διάφορος
3483 2762 3637 2828 ὑλική

2078 2883 2137 2919 τε
2160 2867 2253 2919 καὶ
2287 2863 2590 2934 συλληπτὴ,
2619 2859 2846 2932 χρονική
2880 2861 2973 2913 καὶ
3007 2859 3246 2926 αἱτιατὴ·
3283 2857 3377 2911 καὶ
3409 2857 3442 2926 ἡ
3473 2854 3637 2917 αἰτία,

2081 2959 2116 3028 ἡ
2140 2956 2245 3028 ἐμὴ
2271 2956 2532 3027 σωτηρία.
2576 2953 2682 3007 Τοῦ
2711 2952 2818 3023 γὰρ
2855 2950 2986 3004 Θεὸν
3036 2947 3398 3019 βροτωθῆναι,
3433 2946 3492 2999 τὸ
3518 2946 3640 3016 βρο-

2081 3051 2171 3103 τδν
2199 3048 2490 3119 θεωθῆναι,
2530 3047 2667 3116 μόνη
2700 3045 2991 3115 πρόφασις.

410 3135 540 3188 tiam
573 3135 731 3190 habet
763 3135 954 3204 Filius,
986 3138 1064 3193 uti
1090 3154 1266 3209 neque
1297 3137 1477 3205 Pater,
1501 3155 1674 3210 neque
1709 3139 1976 3212 Spiritus;
2016 3142 2109 3201 sed
2174 3142 2227 3195 in
2262 3141 2529 3212 principio
2557 3149 2692 3204 erat,
2723 3137 2849 3193 licet
2912 3136 3121 3208 origine
3141 3153 3247 3192 non
3270 3143 3448 3191 careat
3480 3149 3635 3188 :nam

407 3229 872 3300 quomodoFilius
911 3241 1074 3295 esset,
1109 3233 1155 3288 si
1208 3248 1384 3302 neque
1415 3249 1537 3290 esse
1591 3236 1861 3305 acciperet
1909 3252 1974 3291 ex
2012 3235 2406 3305 Patrc?Atque
2463 3235 2620 3304 plane
2683 3233 2756 3288 ita
2801 3248 2860 3288 se
2889 3232 3384 3296 habetethabebil,
3415 3240 3470 3286 ut
3495 3231 3635 3286 credi

408 3323 627 3393 quidem
692 3340 909 3394 semper
959 3326 1156 3396 possit,
1205 3327 1422 3397 quando
1453 3337 1634 3383 autem
1669 3339 1722 3384 et
1753 3331 2024 3399 quomodo
2053 3330 2146 3402 sit,
2185 3330 2517 3398 intelligatur
2547 3343 2848 3400 nunquam.
2868 3326 2965 3381 illa
2995 3341 3122 3382 vero
3151 3322 3466 3396 (terrestris)
3487 3325 3636 3380 εἰιηὶ-

409 3416 476 3471 lis
505 3423 560 3471 et
583 3417 696 3486 ipsa
725 3416 851 3472 huic
877 3426 1047 3471 estex
1081 3428 1256 3486 parte,
1285 3427 1556 3487 quatenus
1619 3420 1808 3473 eadem
1837 3431 1890 3474 et
1941 3419 2338 3488 copulationem
2399 3418 2673 3472 carnalem
2713 3416 2908 3482 nescit,
2944 3423 2997 3469 et
3068 3415 3321 3483 passione
3377 3424 3546 3479 caret,
3581 3425 3635 3468 et

407 3518 622 3577 captum
647 3515 879 3577 superat
902 3523 918 3573 ;
944 3507 997 3561 in
1018 3508 1227 3563 caeteris
1250 3523 1377 3562 vero
1401 3509 1468 3562 ab
1496 3524 1558 3562 ea
1576 3508 1848 3579 discrepat
1869 3527 1883 3576 ;
1903 3526 2025 3564 nam
2056 3518 2109 3564 et
2140 3498 2398 3578 corporea
2429 3519 2535 3572 est,
2569 3517 2623 3562 et
2679 3507 2990 3576 adjunctam
3014 3505 3423 3576 conceptionem
3455 3504 3633 3568 habet,

405 3606 456 3652 et
487 3600 797 3669 temporalis
828 3609 930 3663 est,
965 3607 1020 3653 et
1059 3599 1220 3653 habet
1265 3615 1486 3655 causam
1508 3643 1524 3666 ,
1585 3616 1706 3669 qua:
1753 3601 1970 3670 quidem
2010 3617 2178 3656 causa
2237 3602 2337 3672 fuit
2371 3601 2521 3656 salus
2569 3616 2705 3656 mea.
2740 3599 2910 3655 Unica
2945 3595 3119 3662 enim,
3143 3613 3243 3652 cur
3276 3595 3420 3652 Deus
3486 3612 3634 3653 rnor-

406 3691 666 3745 talitatem
701 3690 970 3757 indueret,
999 3689 1110 3744 haec
1143 3705 1307 3744 causa
1347 3689 1469 3755 fuit,
1510 3697 1572 3743 ut
1607 3691 1769 3745 homo
1800 3691 2067 3761 particeps
2091 3693 2312 3746 Deitatis
2338 3693 2609 3745 evaderet.
2637 3694 2646 3756 Ι

477 3782 585 3836 Vll.
616 3781 682 3836 Et
710 3797 840 3837 sane
870 3796 976 3835 non
1013 3781 1133 3836 ideo
1188 3783 1366 3836 solum
1414 3781 1556 3836 Deus
1618 3784 1856 3846 advenit,
1911 3793 1969 3837 ut

2145 3786 2216 3837 Z'.
2244 3784 2317 3837 Οὺ
2345 3774 2580 3854 γὰρ’τὴν
2603 3783 2878 3854 τιμωρίαν
2905 3783 3062 3836 λῦσαι
3095 3783 3272 3852 μόνον,
3315 3782 3435 3836 οὐδὲ
3465 3798 3634 3836 κατα-

406 3893 623 3949 poenam
649 3879 902 3942 solveret,
939 3892 1115 3947 neque
1134 3877 1308 3931 solum
1333 3887 1389 3931 ut
1410 3889 1690 3947 peccatmu
1717 3879 1958 3932 dimitte-

2073 3875 2235 3928 λῦσαι
2258 3875 2354 3943 τὴν
2380 3875 2675 3946 ἁμαρτίαν,
2709 3875 2848 3929 ἀλλὰ
2887 3875 2982 3930 καὶ
3011 3874 3342 3945 χαρίσασθαι
3371 3875 3470 3945 τὴν
3526 3875 3634 3926 lao-

406 3981 517 4037 ret;
545 3986 730 4026 verum
753 3972 917 4025 etiam
945 3981 1001 4024 ut
1031 3971 1188 4026 nobis
1221 3985 1285 4025 ex
1317 3971 1646 4041 benignitate
1689 3987 1786 4026 sua
1826 3973 1968 4025 Divi-

409 4063 595 4117 nilatis
620 4062 1029 4118 similitudinem
1055 4063 1362 4132 largiretur,
1383 4073 1545 4132 atque
1565 4063 1636 4117 ita
1656 4063 1797 4132 quod
1829 4063 1968 4117 male

405 4172 501 4227 per
534 4173 728 4211 vanam
776 4157 1154 4224 tantummodo
1216 4156 1557 4226 phantasiam
1607 4158 1966 4227 exeugitauuu

404 4251 596 4317 luerat,
624 4249 727 4304 hoc
758 4250 934 4321 ipsum
961 4264 1121 4320 opere
1154 4249 1389 4318 perbelle
1417 4249 1749 4319 completum
1781 4258 1966 4304 osten-

405 4342 578 4397 deret.
639 4341 776 4397 Nam
809 4353 1165 4414 posteaquam
1196 4357 1225 4396 a
1282 4343 1551 4412 principio
1604 4342 1820 4397 invidus
1851 4341 1963 4406 ille,

402 4432 492 4488 ille
520 4434 806 4502 impostor,
843 4433 1172 4502 malititeque
1197 4441 1251 4487 et
1302 4432 1567 4486 mendacii
1597 4442 1752 4501 pater
1802 4431 1968 4485 Crea-

402 4526 576 4574 torem
598 4519 774 4588 ipsum
799 4527 1057 4586 tanquam
1087 4519 1325 4571 invidum
1349 4529 1404 4572 et
1423 4519 1741 4572 mendacem
1771 4526 1823 4570 et
1860 4516 1966 4569 itu-

401 4619 678 4680 postorem
710 4608 972 4672 traduxit,
1005 4609 1258 4678 inquiens
1288 4627 1300 4662 :
1335 4610 1350 4640 ¹
1386 4608 1527 4674 Quid
1559 4619 1634 4662 est
1664 4608 1804 4678 quod
1826 4623 1966 4676 prae-
2003 4625 2007 4629 ·

399 4702 534 4770 cepit
571 4701 714 4755 vobis
757 4699 895 4754 Deus
925 4702 986 4754 de
1015 4701 1111 4754 hoc
1133 4717 1234 4754 uno
1264 4717 1326 4754 ne
1350 4699 1686 4753 comederetis
1706 4701 1731 4754 Ρ
1753 4707 1807 4754 et
1835 4700 1962 4755 illttd

399 4792 602 4847 addens
628 4793 648 4823 '
679 4809 692 4846 :
731 4792 798 4846 In
823 4809 1123 4863 quocunque
1138 4792 1223 4846 die
1253 4792 1584 4846 comederetis
1609 4808 1672 4846 ea:
1701 4809 1783 4856 eo,
1813 4794 1962 4847 eritis

397 4881 535 4934 sicut
563 4881 675 4946 dii;
708 4892 870 4949 atque
904 4883 976 4937 ita
1011 4886 1226 4937 demum
1291 4883 1566 4936 hominem
1624 4899 1653 4936 a
1677 4883 1785 4938 Deo
1811 4899 1963 4938 crea-

400 4983 509 5026 tum
540 4972 836 5029 vanissima
865 4975 1045 5043 specie
1073 4975 1368 5044 dignitatis,
1402 4991 1523 5044 quze
1555 4985 1754 5045 praeter
1799 4987 1961 5031 natu-

395 5078 510 5116 ram
533 5074 695 5129 esset,
729 5064 796 5119 ab
825 5080 889 5120 ea
920 5080 1138 5135 quoque
1169 5065 1359 5134 gloria,
1401 5081 1520 5134 qua:
1552 5075 1633 5120 est
1661 5068 1956 5122 secundum

2073 3969 2244 4034 θεῖαν,
2279 3969 2372 4023 καὶ
2402 3969 2463 4023 τὸ
2486 3970 2672 4033 κακῶς
2703 3970 3011 4040 φαντασθέν
3061 3970 3243 4039 μόνον,
3297 3969 3477 4032 καλῶς
3505 3969 3634 4022 ἀπο·

2071 4058 2319 4114 τελεσθὲν
2341 4058 2486 4131 ἔργῳ
2517 4059 2726 4126 δείξων,
2763 4059 2896 4124 Θεὸς
2941 4059 3220 4130 ἐλήλυθεν.
3275 4059 3488 4129 Ἐπειδὴ
3523 4061 3633 4130 γὰρ

2071 4149 2333 4221 φθονερὸν
2363 4153 2392 4203 6
2430 4151 2707 4223 φθονερὸς,
2752 4152 2846 4204 καὶ
2875 4149 3116 4221 ψεύστην
3168 4151 3263 4204 καὶ
3315 4150 3572 4221 σοφιστὴν
3604 4153 3633 4203 6

2072 4242 2330 4313 σοφιστὴς
2364 4242 2464 4312 τῆς
2506 4242 2704 4305 κακίας
2739 4243 2832 4296 καὶ
2856 4243 2948 4296 τοῦ
2971 4243 3197 4313 ψεύδους
3228 4242 3414 4312 πατὴρ
3439 4240 3634 4294 ὑπέθεο

2069 4351 2130 4386 το
2169 4335 2270 4405 τήν
2307 4335 2485 4404 ἀρχὴν
2515 4334 2608 4388 τὸν
2635 4335 3000 4406 Δημιουργὺν,
3051 4335 3242 4403 λέγων·
3299 4336 3358 4388 Τί
3407 4332 3495 4386 ὅτι
3546 4331 3636 4385 ἐν·

2073 4425 2343 4478 ετείλατο
2377 4425 2518 4492 ὑμῖν
2539 4429 2573 4480 ό
2611 4427 2753 4494 Θεὸς
2785 4427 2904 4482 ἀπὸ
2930 4427 3149 4482 τούτου
3179 4427 3374 4495 μόνου
3398 4423 3486 4493 μὴ
3517 4441 3630 4493 φα-

2070 4515 2234 4583 γεῐν;
2261 4516 2466 4582 καὶτὸ,
2498 4512 2573 4591 τῌ
2605 4517 2656 4572 δ’
2694 4519 2772 4574 ἂν
2811 4519 3002 4588 ἡμέρᾳ
3033 4517 3260 4588 φάγητε
3295 4517 3396 4571 ἀπ’
3419 4514 3627 4580 αὐτοῦ,

2068 4607 2286 4662 ἔσεσθε
2323 4611 2402 4674 ὼς
2458 4610 2600 4665 θεοί·
2663 4613 2759 4665 καὶ
2817 4610 2958 4664 οὕτω
3004 4610 3096 4664 τὸν
3160 4607 3629 4681 δημιουργηθέντα

2068 4699 2335 4772 φαντασίᾳ
2363 4700 2522 4772 δόξης
2541 4701 2642 4772 τῆς
2667 4703 2819 4774 παρὰ
2841 4701 3024 4772 φύσιν,
3057 4701 3150 4756 καὶ
3175 4703 3275 4771 τῆς
3306 4699 3444 4753 κατὰ
3469 4698 3629 4768 χάριν

2067 4790 2309 4860 ἐξέϐαλε,
2351 4793 2447 4846 καὶ
2479 4796 2578 4865 τὴν
2613 4793 2776 4865 φύσιν
2805 4793 3122 4864 ἀνέτρεψεν,
3148 4795 3176 4847 6
3201 4792 3357 4862 μόνος
3386 4787 3630 4860 ἀφθονώ-

2063 4902 2222 4948 τατος
2254 4885 2345 4939 καὶ
2368 4886 2731 4958 ἀληθέστατος
2766 4887 2860 4940 καὶ
2896 4885 3290 4948 δυνατώτατος,
3319 4881 3412 4935 καὶ
3438 4881 3623 4950 φιλαν-
3678 4935 3688 4960 1

2065 4978 2413 5050 θρωπὸτατος
2461 4979 2554 5032 καὶ
2582 4979 2911 5048 σοφώτατος,
2960 4973 3042 5041 οἷς
3089 4979 3211 5030 τότε
3260 4977 3362 5048 μὲν
3380 4975 3441 5028 τὸ
3471 4973 3624 5039 ξύλον

2063 5067 2260 5133 αὐτοὺς
2289 5069 2617 5132 ἐθανάτωσε,
2671 5068 2730 5121 τὸ
2780 5069 2880 5137 μὲν
2933 5067 3164 5137 ἀψευδὲς
3202 5066 3417 5131 ἑαυτοῦ,
3452 5065 3512 5116 τὸ
3564 5063 3620 5114 δὲ

394 5156 645 5222 gratiam,
673 5157 891 5226 deiecit,
947 5157 1372 5226 universumque
1422 5157 1720 5212 humanum
1785 5175 1955 5230 genus

2073 5152 2253 5227 ζιεῦδος
2282 5159 2490 5212 ἐκείνου
2524 5158 2616 5211 καὶ
2644 5157 2734 5211 τὸν
2773 5156 2967 5227 φθόνον
2992 5155 3286 5223 ἐξέλεγξεν·
3312 5152 3392 5217 οἷς
3422 5153 3477 5207 δὲ
3515 5151 3608 5205 καὶ

389 5248 762 5314 pessumdedit
784 5268 797 5317 ;
817 5251 884 5313 is,
899 5250 989 5319 qui
1009 5249 1156 5304 solus
1173 5249 1373 5303 invidia
1392 5264 1613 5318 prorsus
1630 5260 1711 5305 est
1725 5266 1947 5320 vacuus,

387 5346 442 5392 et
500 5339 907 5405 veracissimus,
962 5349 1018 5394 et
1077 5339 1507 5410 potentissimus,
1563 5350 1616 5395 et
1672 5340 1950 5396 hominum

390 5430 824 5495 amantissimus,
872 5431 1439 5501 sapientissimusque,
1488 5441 1615 5486 tunc
1650 5433 1868 5502 quidem
1899 5443 1953 5490 et

393 5536 549 5574 suam
585 5522 755 5591 ipsius
781 5524 1157 5589 veracitatem,
1184 5524 1328 5580 illius
1366 5534 1544 5579 autem
1567 5524 1834 5579 fallaciam
1867 5526 1950 5578 in-

385 5614 696 5683 vidiamque
735 5615 1002 5685 probavit,
1031 5631 1153 5672 cum
1208 5616 1335 5686 ligni
1385 5631 1510 5671 esus
1545 5630 1640 5671 eos
1695 5615 1951 5670 mortales

387 5705 600 5776 elfecit;
627 5725 774 5767 nunc
805 5727 952 5780 vero,
982 5711 1110 5767 dum
1153 5712 1268 5782 ipse
1307 5713 1508 5782 lignum
1540 5713 1660 5768 vita:
1701 5712 1948 5775 ell‘cctus,

458 5887 745 5952 ’ϐαι-ιιι,
781 5892 830 5944 ἱ.
905 5894 923 5922 ³
953 5889 1086 5945 Gen.
1118 5908 1199 5956 ιιι,
1234 5895 1285 5948 5.

2063 5249 2157 5304 νῦν
2186 5251 2346 5313 αὐτὸς
2380 5250 2578 5311 αὐτοὺς
2604 5250 2664 5302 τὸ
2691 5250 2792 5320 τῆς
2819 5249 2964 5319 ζωῆς
2989 5248 3144 5316 ξύλον
3171 5247 3391 5312 ἐθὲωσε,
3421 5244 3483 5298 τὸ
3509 5245 3624 5295 θεο-

2063 5342 2275 5411 πρεπὲς
2310 5340 2505 5394 ἑαυτοῦ
2533 5340 2628 5393 καὶ
2663 5340 3017 5409 ἀγαθώτατον
3057 5338 3388 5408 ὲφανέρωσε·
3432 5337 3524 5389 καὶ
3555 5333 3622 5387 δι’

2061 5427 2136 5486 ὧν
2168 5433 2268 5501 μὲν
2289 5434 2378 5485 τὸν
2398 5432 2598 5502 τρόπον
2631 5432 2878 5498 ὑπέδειξε
2919 5432 3018 5501 τῆς
3048 5430 3316 5494 θεώσεως,
3351 5427 3411 5480 τὸ
3445 5425 3618 5495 σοφώ-

2060 5541 2222 5577 τατον
2254 5524 2630 5596 παρεδήλωσε·
2663 5525 2730 5578 δι’
2761 5522 2834 5578 ὧν
2865 5525 2921 5577 δὲ
2953 5524 3046 5577 καὶ
3072 5522 3325 5596 τοσοῦτον
3357 5517 3616 5587 ἐκενώθη,

2060 5617 2152 5668 καὶ
2182 5611 2263 5678 οἷς
2299 5617 2461 5671 αὐτὸν
2493 5616 2714 5688 ὲνεδύΟη
2755 5617 2844 5672 τὸν
2871 5617 3176 5685 ἄνθρωπον,
3224 5614 3285 5666 τὸ
3319 5609 3621 5680 φιλανθρω-

2061 5711 2312 5765 πότατον·
2349 5707 2429 5773 οἷς
2475 5711 2530 5764 δὲ
2579 5711 2796 5774 καὶτὰς
2835 5710 3023 5780 φύσεις
3058 5707 3312 5778 ἀφύρτως
3365 5702 3616 5772 ἐκέρασε,
