4010 6578
407 465 512 528 Si?
1186 467 1441 526 SERMO
1483 468 1562 528 ΙΝ
1607 470 1708 529 SS.
1754 471 2104 531 DEIPAILE
2147 471 2874 533 ANNUN'I‘IATIONEM.
3553 473 3658 537 $13

406 585 502 636 val.
526 577 608 644 οἷς
637 583 891 653 ἀρρήτως
927 580 1021 634 καὶ
1058 580 1234 652 ἄμφω
1274 581 1532 653 διέμεινε,
1563 585 1622 636 τὸ
1671 585 1976 640 δυνατώτα-

2088 589 2306 642 eosdem
2338 588 2402 641 ad
2439 596 2648 642 natura:
2687 588 2882 642 divina:
2941 590 3406 659 participationem
3459 592 3658 656 evexit,

404 691 514 728 τονο
546 670 629 738 οἷς
674 675 732 728 δὲ
779 674 904 743 μηδ’
953 674 1209 744 ἁρπαγὴν
1263 673 1301 744 ἢ
1345 675 1650 746 μεταϐολὴν
1679 677 1778 747 τῆς
1821 678 1976 749 δόξης

2092 679 2335 748 profecto
2373 690 2581 748 etopus
2608 680 2716 734 Deo
2763 679 3007 748 dignum.
3062 695 3290 752 seseque
3331 681 3662 752 benignissi-

403 767 649 836 ἐνόμισε,
684 765 749 818 τὸ
777 764 921 817 κατά
949 763 1115 833 φύσιν
1137 764 1592 834 βασιλικώτατον.

2091 786 2239 825 mum
2265 769 2534 840 patefecit.
2565 769 2791 840 Insuper
2817 769 2946 824 dum
2981 781 3189 827 naturae
3215 773 3410 828 divina:
3433 775 3660 844 partici-

404 864 596 933 panda:
623 862 1161 926 rationemvostendit,
1183 877 1454 916 summam
1478 861 1808 932 sapientiam
1858 880 2015 921 suam
2059 865 2463 932 mnnifestavit;
2495 875 2546 921 et
2577 867 2705 921 dum
2741 867 3092 936 semetipsum
3153 868 3290 922 adeo
3339 869 3658 933 cxinanivit,

403 958 690 1026 ipsamque.
738 955 974 1010 hominis
1015 963 1265 1008 naturam
1305 954 1823 1018 induit,maximum
1853 974 2014 1014 suum
2050 961 2104 1014 in
2141 960 2391 1014 homines
2423 959 2598 1029 palam
2673 960 2798 1016 fecit
2829 975 3090 1015 amorem.
3135 958 3376 1030 Denique
3404 961 3532 1014 dum
3565 976 3664 1014 na-

405 1059 555 1102 turas
583 1049 703 1102 sine
733 1035 1313 1116 mistione'conjunxit,
1335 1057 1390 1101 et
1453 1047 1712 1102 inell'ibili
1761 1051 2009 1122 prodigio
2049 1068 2195 1107 unus
2224 1053 2387 1108 simul
2443 1060 2497 1107 et
2530 1060 2823 1123 utrumque
2858 1051 3179 1122 permansit,
3200 1050 3468 1105 infinitam
3501 1067 3658 1110 suam

405 1140 935 1210 aperuit'potentiam
972 1140 1248 1209 ;dumque
1281 1139 1424 1194 haud
1469 1142 1716 1210 rapinam
1767 1143 2064 1202 arbitratus
2121 1158 2204 1203 est
2235 1157 2328 1202 aut
2380 1147 2640 1218 injustam
2673 1145 2863 1217 gloriae
2947 1145 3306 1200 mutationem
3339 1144 3362 1176 ³
3388 1185 3403 1210 ,
3431 1142 3662 1200 nobilis-

402 1236 598 1290 simam
648 1235 963 1304 regiamq’ue
1011 1243 1219 1287 natura:
1269 1248 1383 1288 sua!
1431 1234 1746 1303 dignitatem
1797 1237 2049 1305 prodidit.

473 1330 556 1382 H'.
615 1330 770 1399 Ἔχει
812 1329 910 1399 μὲν
957 1327 1098 1381 οὕτω
1123 1328 1298 1382 ταῦτα
1334 1331 1430 1382 καὶ
1477 1330 1566 1383 διὰ
1599 1330 1772 1384 ταῦτα
1802 1333 1835 1402 ἠ
1868 1332 1976 1386 θεία

2155 1333 2286 1388 νιιι.
2351 1333 2413 1387 Ει
2472 1334 2572 1388 hoc
2623 1332 2854 1404 quidem
2885 1340 3043 1402 pacto
3087 1332 3268 1386 et-ista
3315 1347 3540 1402 prorsus
3591 1333 3662 1388 de

405 1419 703 1484 σάρκωσις.
753 1419 910 1472 Ἐπεὶ
945 1419 1002 1472 δὲ
1031 1419 1344 1491 κατάλληλα
1383 1419 1477 1474 καὶ
1505 1423 1624 1484 ταῖς
1668 1422 1844 1483 νόσοις
1874 1423 1976 1477 ἔδει

2083 1441 2242 1481 causa
2279 1426 2393 1480 luce
2422 1437 2569 1493 gesta
2611 1435 2757 1491 sunt,
2782 1435 2843 1480 et
2873 1425 3054 1479 divina
3079 1425 3386 1478 inea-rnatio
3417 1425 3469 1478 in
3517 1440 3659 1495 opus

401 1509 698 1579 τεχνάσοαι
725 1511 792 1563 τὰ
837 1510 1127 1582 φάρμακα,
1162 1511 1475 1582 κατάλληλα.
1508 1512 1602 1566 καὶ
1640 1515 1976 1583 τεχνάζεται.

2081 1519 2310 1574 deducta
2337 1529 2437 1573 est.
2467 1518 2735 1584 Quoniam
2771 1532 2901 1572 vero
2931 1516 3239 1586 Oportebat,
3285 1525 3344 1571 ut
3372 1525 3662 1572 consenta-

403 1605 513 1657 Καὶ
541 1603 629 1658 διὰ
666 1604 838 1658 ταῦτα
873 1605 1153 1674 πέμπεται
1186 1606 1284 1676 μὲν
1315 1606 1546 1675 ἄγγελος
1575 1605 1665 1660 διὰ
1694 1608 1786 1660 τὸν
1819 1608 1976 1676 ἅγγε-

2083 1627 2183 1665 nea
2207 1609 2412 1665 morbis
2443 1609 2734 1680 pltarmaca
2760 1617 3104 1678 pararentur.
3140 1608 3344 1663 idcirco
3375 1608 3652 1663 onmiaita

401 1695 512 1758 λον,
542 1697 570 1748 6
591 1696 686 1748 τοῦ
711 1695 887 1764 φωτὸς
915 1694 1004 1749 διὰ
1031 1695 1124 1749 τὸν
1154 1696 1249 1749 τοῦ
1307 1695 1560 1760 σκότους,
1610 1700 1638 1751 ὁ
1681 1697 1864 1767 ἄρχων
1887 1699 1975 1753 διά

398 1787 492 1839 τὸν
519 1787 967 1857 κοσμοκράτορα,
1004 1788 1033 1840 6
1086 1787 1366 1859 πτερωτὸς
1397 1788 1486 1841 διὰ
1525 1789 1618 1842 τὸν
1667 1790 1969 1860 ἑρπηστήν.

2085 1710 2302 1770 peracta
2334 1708 2480 1766 sunt,
2518 1707 2577 1754 ut
2605 1698 2938 1754 adamussim
2977 1713 3102 1768 pars
3123 1698 3261 1768 parti
3289 1697 3664 1767 responderet.

2083 1792 2149 1848 Et
2169 1791 2852 1864 exindeangelusmittitur
2873 1800 3095 1861 propter
3135 1790 3411 1861 angelum,
3438 1791 3667 1860 angelus

412 1879 727 1947 Ἐκλέγεται
759 1879 816 1932 δὲ
857 1880 952 1932 καὶ
1008 1879 1098 1932 διὰ
1146 1880 1244 1950 τὴν
1290 1882 1527 1947 γυναῖκα
1573 1879 1730 1950 γυνὴ,
1767 1882 1862 1934 καὶ
1889 1881 1976 1933 διὰ

2081 1884 2422 1954 nempelucis
2448 1894 2665 1954 propter
2688 1881 2938 1952 angelum
2970 1881 3340 1945 tenebrarum,
3370 1880 3654 1951 (cmlestis)

396 1971 500 2043 τὴν
534 1971 677 2025 Εὕαν
705 1971 838 2043 ζωὴ,
864 1970 952 2024 διὰ
980 1970 1080 2042 τὴν
1102 1971 1405 2043 φθαρεῖσαν
1436 1973 1729 2042 παρθένος,
1761 1973 1848 2026 διὰ
1875 1973 1974 2043 τὴν

398 2064 766 2136 πλανηθεῖσαν
793 2065 826 2135 ἡ
880 2063 954 2134 μὴ
981 2066 1414 2135 συναρπαγεῖσα,
1439 2064 1528 2117 διά
1554 2063 1654 2134 τὴν
1670 2065 1768 2136 τῆς
1812 2065 1974 2134 Ἐδὲμ

396 2156 738 2210 ἐκπεσοῦσαν
773 2155 908 2227 ὴτῷ
955 2155 1068 2226 ναῷ
1103 2155 1496 2226 προσαχθεῖσα,
1535 2157 1626 2210 διὰ
1663 2157 1764 2228 τὴν
1807 2157 1969 2228 ἡδονῇ

395 2248 778 2302 δελεασθεῖσαν
822 2249 854 2318 ἡ
901 2247 1036 2318 μηδὲ
1067 2248 1349 2316 λογισμοῖς
1383 2250 1718 2320 ρυπωθεϊσα,
1759 2249 1848 2303 διὰ
1871 2249 1970 2319 τὴν

396 2339 584 2402 κακῶς
617 2339 694 2409 τῷ
734 2339 951 2409 δαίμονι
984 2339 1350 2411 ψιθυρίσασαν
1391 2342 1424 2411 ἡ
1458 2341 1722 2410 διηνεκῶς
1748 2341 1824 2410 τῷ
1854 2329 1975 2412 Θεῷ

395 2431 825 2504 προσλαλῆσασα
880 2433 974 2488 καὶ
1023 2436 1140 2497 τοῖς
1195 2433 1364 2498 θείοις
1421 2432 1622 2502 λογίοις
1664 2433 1975 2505 ἐμμελετη-

397 2542 562 2579 σασα.

2087 1980 2338 2049 princeps
2373 1986 2597 2048 propter
2629 1977 2790 2046 hujus
2809 1975 2997 2030 mundi
3019 1983 3308 2036 rectorem.
3333 1975 3506 2045 aliger
3537 1990 3666 2044 pro-

2082 2083 2202 2141 pter
2222 2071 2367 2124 lmnii
2397 2078 2714 2140 reptantem.
2744 2068 2846 2122 Sed
2864 2079 2915 2123 ct
2934 2077 3154 2139 propter
3170 2067 3452 2124 mulierem
3473 2067 3668 2122 mulier

2080 2161 2323 2230 eligitnr,
2369 2171 2420 2214 et
2452 2167 2673 2230 propter
2691 2157 2855 2212 Evam
2882 2158 3010 2222 vita,
3032 2166 3085 2212 et
3107 2166 3329 2226 propter
3352 2165 3664 2225 corruptam

2077 2249 2284 2320 integra
2308 2251 2481 2321 virgo,
2505 2259 2557 2304 et
2576 2249 3082 2320 propterdeCeptam
3111 2261 3172 2301 ea
3192 2263 3314 2317 qua:
3333 2262 3456 2302 eum
3480 2246 3568 2300 illa
3589 2246 3663 2300 si-

2078 2344 2191 2397 mul
2212 2343 2420 2412 direpta
2449 2357 2554 2397 non
2584 2342 2792 2404 fuerat;
2818 2348 3040 2411 propter
3066 2339 3210 2394 illam
3231 2355 3352 2408 qua:
3377 2338 3667 2394 exciditex

2080 2431 2250 2493 Eden,
2286 2450 2347 2486 ea
2384 2447 2506 2501 qute
2530 2432 2594 2485 ad
2657 2432 2917 2500 templum
2973 2430 3075 2484 fuit
3115 2430 3398 2496 adducta;
3444 2438 3668 2500 propter

2080 2526 2377 2581 inescatam
2409 2523 2799 2577 blandimentis
2829 2521 3149 2590 voluptatis,
3182 2537 3244 2575 ea
3283 2538 3403 2590 qua:
3433 2535 3500 2576 ne
3519 2518 3669 2588 cogi-

396 2620 698 2674 tationibus
721 2621 938 2692 quidem
994 2622 1363 2677 contaminata
1413 2631 1536 2690 est,
1578 2633 1802 2693 propter
1831 2624 1975 2678 illam
2009 2636 2131 2692 quae
2163 2620 2305 2675 male
2359 2633 2482 2672 cum
2515 2623 2760 2673 daemone
2820 2630 3103 2672 sermones
3152 2615 3393 2682 miscuit,
3428 2631 3495 2673 ea
3539 2632 3664 2688 quae

394 2714 743 2768 continenter
777 2714 947 2768 Deum
974 2716 1374 2785 alloquebatur,
1399 2724 1452 2769 et
1473 2715 1588 2785 jugi
1615 2716 1963 2770 oraculorum
2005 2714 2315 2769 divinorum
2345 2711 2699 2766 meditatione
2721 2717 2956 2764 mentem
2997 2708 3309 2764 exercebat.

467 2807 542 2861 6'.
594 2808 738 2876 Ἥρα
773 2807 870 2876 μὲν
898 2808 931 2876 ἡ
963 2805 1210 2878 θυγάτηρ
1245 2807 1341 2859 τοῦ
1379 2807 1663 2877 βασιλέως,
1704 2806 1970 2877 ἐπεθύμει

2117 2805 2208 2860 IX.
2235 2803 2367 2857 Filia
2393 2817 2556 2872 porro
2579 2801 3560 2871 diligebatregispulehri'tmlinem.et
3582 2800 3665 2854 vi'

395 2899 452 2952 δὲ
484 2900 577 2951 καὶ
603 2898 716 2968 ,τῆς
751 2898 1022 2969 θυγατρὸς
1077 2899 1172 2951 τοῦ
1231 2899 1460 2962 κάλλους
1509 2900 1536 2951 6
1591 2899 1867 2969 βασιλεύς·
1899 2895 1968 2968 ἦν

2081 2897 2250 2951 :issim
2270 2911 2360 2949 rex
2375 2894 2760 2962 concupisebat
2776 2893 3228 2963 pulchritiulinem
3251 2892 3374 2946 tiliae
3392 2908 3406 2956 ;
3425 2901 3479 2947 et
3505 2890 3666 2946 Verbi

398 2989 494 3042 καὶ
526 2987 664 3058 πρὸς
693 2987 783 3041 τὸν
820 2990 944 3042 ὅσον
970 2989 1123 3055 οῦπω
1150 2991 1398 3060 ’μεσίτην
1445 2991 1538 3043 καὶ
1569 2990 1838 3060 παρθένον
1867 2990 1970 3044 Λό-

399 3098 497 3150 γον
527 3083 561 3152 ἠ
601 3081 870 3150 παρθένος
907 3085 1140 3153 μεσῖτις,
1194 3083 1289 3136 καὶ
1338 3085 1370 3153 ή
1411 3082 1574 3153 δούλη
1611 3083 1858 3155 θυγάτηρ
1887 3083 1971 3152 γί-

2069 3003 2190 3041 mox
2211 2985 2680 3054 mediatorisjuxta
2698 3000 2760 3038 ac
2781 2984 3003 3054 virginis
3022 2982 3190 3036 futuri
3212 2982 3362 3051 virgo
3376 2982 3661 3037 mediatrix

2085 3079 2205 3144 fuit,
2232 3088 2284 3132 et
2316 3077 2511 3132 exinde
2549 3075 2744 3130 ancilla
2770 3075 2950 3129 evadit
2980 3074 3108 3137 lilia,
3142 3074 3251 3128 lilia
3277 3089 3403 3128 vero
3437 3089 3661 3143 sponsa,

399 3192 572 3239 νεται,
603 3175 746 3247 καὶὴ
801 3175 1048 3246 θυγάτηρ
1095 3176 1304 3247 νύμφη,
1335 3177 1427 3228 καὶ
1464 3176 1648 3247 μήτηρ
1694 3177 1726 3246 ἠ
1757 3176 1968 3246 νύμφη.

2081 3181 2124 3226 et
2145 3187 2342 3240 sponsa
2365 3173 2421 3224 lit
2441 3181 2630 3225 mater.
2651 3168 2715 3222 Et
2730 3169 2843 3223 haec
2861 3168 3078 3238 quidem
3105 3177 3325 3238 propter
3345 3167 3472 3220 illud
3493 3165 3663 3236 (Eva!)

401 3270 628 3339 Δέχεται
660 3269 758 3340 μὲν
780 3268 880 3340 τὴν
909 3269 1083 3340 χαράν
1112 3269 1198 3322 διὰ
1233 3270 1332 3338 τὴν
1367 3269 1528 3338 ἀρὰν,
1560 3269 1651 3332 τὴν
1681 3268 1857 3336 Λόγον
1886 3269 1974 3322 διὰ.

401 3361 495 3413 τόν
516 3360 698 3432 δόλον.
735 3361 844 3430 Οὐχ
883 3361 1115 3414 ἅπτεται
1153 3361 1251 3430 μὲν
1300 3360 1397 3414 τοῦ
1434 3361 1624 3429 φυτοῦ,
1655 3361 1886 3415 ἅπτεται
1917 3361 1973 3414 δὲ

400 3453 462 3503 τὸ
493 3451 660 3519 φυτὸν
696 3451 888 3520 αὐτῆς,
921 3450 982 3503 τὸ
1023 3451 1121 3520 τῆς
1157 3448 1305 3520 ζωῆς
1354 3451 1443 3504 διὰ
1471 3451 1531 3503 τὸ
1565 3454 1661 3522 τῆς
1691 3451 1972 3520 γνώσεως.

415 3543 742 3614 Ἐπέρχεται
773 3544 873 3612 μὲν
906 3543 935 3593 6
958 3544 1213 3613 νυμφίος,
1241 3543 1604 3610 ὲφίσταταιδὲ
1626 3546 1653 3597 6
1685 3561 1975 3614 νυμφαγωυ

402 3637 518 3702 γὸς,
547 3636 752 3705 χαίρων
784 3636 901 3706 ἅμα
944 3636 1037 3688 καὶ
1073 3636 1330 3705 φρίττων·
1375 3635 1436 3687 τὸ
1469 3635 1587 3705 μὲν,
1633 3635 1707 3698 ὡς
1747 3637 1977 3704 εὐαγγέ-

400 3727 492 3781 λια
533 3728 627 3780 καὶ⁷
655 3728 960 3798 τηλικαῦτα
991 3730 1056 3798 τῇ
1086 3745 1145 3780 τε
1207 3727 1343 3799 κόρῃ
1372 3729 1466 3781 καὶ
1517 3730 1585 3798 τῇ
1633 3728 1795 3797 φύσει
1826 3731 1976 3802 πάσῃ

401 3819 842 3889 διακονούμενος’
871 3819 930 3873 τὸ
973 3819 1053 3882 δὲ,
1083 3819 1159 3883 ὡς
1198 3820 1346 3890 παρᾶ
1389 3820 1659 3873 Δεσπότου
1698 3822 1790 3875 καὶ
1825 3822 1977 3892 παρὰ

399 3908 652 3961 δεσπότιν
683 3909 1055 3979 πεμπόμενος,
1079 3910 1173 3962 καὶ
1204 3910 1320 3979 ἃμα
1349 3910 1409 3963 τὸ
1430 3911 1656 3980 φρικτὸν
1678 3911 1772 3964 τοῦ
1799 3912 1976 3983 πράγ-

404 4018 570 4071 ματος
598 4001 1024 4073 ἐνδεικνύμενος.
1062 4004 1170 4055 Καὶ
1204 4003 1232 4054 ὁ
1262 4003 1361 4072 μὲν
1388 4001 1596 4066 δοῦλος,
1630 4004 1827 4072 Χαῖρε,
1879 4021 1976 4057 xeo

402 4094 793 4162 χίιριτωμένη,
823 4095 1010 4165 φησὶν,
1054 4097 1086 4148 ό
1115 4095 1326 4163 Κύριος
1363 4095 1516 4163 μετὰ
1541 4096 1678 4149 σοῦ’
1717 4096 1746 4147 6
1773 4095 1978 4148 Δεσπό-

402 4201 506 4254 της
536 4185 613 4249 δὲ,
638 4185 729 4239 τὸν
763 4186 856 4239 τοῦ
882 4186 1068 4240 δούλου
1111 4185 1272 4255 λόγον
1301 4185 1574 4249 ὑπελθὼν,
1625 4187 1811 4253 αὐτὸς,
1840 4188 1976 4257 άλη-

405 4275 514 4340 θῶς
549 4277 579 4330 ὁ
603 4276 773 4343 Λόγος
795 4279 889 4332 καὶ
921 4279 1083 4343 Θεὸς,
1112 4277 1371 4332 εἰσελθὼν
1410 4273 1479 4348 ἦν
1515 4277 1975 4348 αὐτεπάγγελτος.

2079 3264 2424 3318 maledictum
2469 3263 2664 3331 accipit
2702 3261 2983 3332 gaudium,
3032 3276 3097 3316 ae
3152 3271 3374 3330 propter
3417 3269 3654 3314 veterem

2077 3359 2227 3412 illum
2253 3357 2435 3411 dolum
2455 3355 2658 3426 recepit
2677 3354 2938 3410 Verbum.
2969 3353 3236 3408 Arborem
3257 3355 3374 3422 ipsa
3398 3367 3528 3406 sane
3550 3367 3658 3406 non

2078 3450 2250 3520 tangit
2287 3447 2416 3515 ;sed
2437 3463 2555 3503 eam
2582 3447 2754 3518 tangit
2771 3447 2956 3510 arbor,
2979 3447 3143 3500 arbor
3167 3460 3359 3515 nempe
3383 3445 3504 3498 vitae
3531 3459 3667 3514 pro--

2078 3543 2195 3603 pter
2217 3533 2359 3586 illam
2383 3533 2630 3586 arborem
2652 3531 2912 3587 scientire.
2931 3531 3198 3585 Adventat
3223 3545 3492 3598 sponsus;
3518 3535 3661 3583 astat

2077 3625 2241 3679 etiam
2260 3625 2685 3694 paranymphus,
2702 3622 2898 3692 gaudio
2914 3621 3076 3677 simul
3098 3619 3336 3692 gestiens
3353 3630 3406 3676 et
3424 3629 3660 3675 tremore

2079 3719 2360 3788 perculsus
2404 3734 2417 3770 ε
2466 3720 2706 3784 gaudens
2750 3731 2903 3780 sane,
2960 3723 3148 3784 utpote
3174 3714 3267 3783 qui
3321 3713 3660 3768 fauSIanuu-

2079 3811 2152 3864 tia
2179 3826 2352 3880 eaque
2385 3812 2517 3864 tanti
2563 3809 2846 3872 momenti,
2893 3818 3006 3862 tum
3052 3807 3246 3876 puclla:
3262 3816 3374 3884 tum
3403 3806 3662 3860 universo

2081 3903 2364 3956 hominum
2395 3903 2578 3970 generi
2615 3917 2714 3956 ceu
2739 3901 2948 3970 legatus
2965 3897 3171 3954 defert:
3197 3907 3446 3954 tremens
3493 3913 3651 3962 vero,

2081 3993 2280 4063 quippe
2296 3994 2389 4062 qni
2409 4009 2438 4046 a
2461 3991 2686 4048 Domino
2703 3993 2938 4046 mittitur
2955 3991 3018 4044 ad
3041 3989 3348 4053 Dominam,
3371 4001 3424 4045 et
3441 3991 3583 4060 quod
3603 3989 3667 4046 in

2079 4099 2140 4138 re
2168 4083 2238 4138 sit
2261 4084 2497 4137 maxime
2517 4081 2874 4146 tremendum,
2896 4083 3202 4137 annuntiat.
3230 4081 3407 4152 Atque
3431 4082 3519 4136 ille
3535 4085 3660 4150 qui-

2080 4176 2202 4231 dem
2241 4191 2338 4231 ceu
2375 4175 2640 4238 servulus,
2668 4175 2793 4238 Ave,
2829 4175 3027 4243 inquit.
3051 4177 3228 4244 gratia
3262 4174 3440 4242 plena,
3469 4173 3656 4227 Domi-

2081 4285 2179 4322 nus
2203 4277 2369 4322 tecum
2392 4267 2433 4320 ⁵.
2453 4267 2526 4321 At
2548 4267 2832 4327 Dominus,
2853 4265 2994 4321 servi
3011 4266 3092 4322 sui
3123 4267 3484 4322 verboscmet
3509 4266 3656 4321 sub,
3677 4328 3686 4332 _

2081 4360 2342 4423 inferens,
2403 4358 2807 4428 ipse,qnivcrc
2839 4367 2894 4412 et
2943 4357 3182 4412 Verbum
3241 4367 3326 4413 est
3380 4368 3437 4413 et
3491 4357 3658 4420 Deus,
3740 4349 3744 4353 ’

2085 4453 2437 4524 progrediens
2466 4467 2560 4520 per
2595 4466 2654 4506 se
2681 4467 2793 4505 rem
2828 4452 3042 4521 agebat.

473 4545 532 4601 ι’.
569 4546 726 4600 Ἀλλά
755 4547 948 4617 μικρόν
970 4565 1022 4600 τι
1049 4550 1159 4611 τοῖς
1179 4546 1519 4616 εὐαγγελίοις
1544 4549 1757 4610 τούτοις
1795 4566 1973 4619 προσ-

2152 4543 2221 4598 X.
2241 4543 2604 4598 Verumhisee
2629 4543 2836 4598 nuntiis
2869 4539 3650 4611 expetulendistantisper-im:

404 4637 862 4706 καρτερήσωμεν,
921 4637 1016 4689 καὶ
1041 4637 1506 4707 περιστησώμεθα
1525 4639 1648 4702 τοὺς
1675 4638 1976 4708 θαλάμους,

404 4727 500 4780 καὶ
521 4726 984 4798 περιϐλεψώμεθα
1011 4727 1108 4797 τὴν
1144 4729 1416 4793 παστάδα,
1450 4731 1545 4782 καὶ
1577 4729 1979 4802 ἀναπτύξωμεν

400 4819 496 4874 τοῦ
531 4819 766 4890 νυμφίου
824 4819 916 4872 τὸν
951 4819 1203 4882 πλοῦτον,
1268 4821 1424 4893 ἢκαὶ
1483 4821 1583 4890 τῆς
1629 4822 1852 4891 νύμφης
1912 4821 1974 4874 τὸ

401 4912 622 4975 κάλλος,
655 4913 751 4965 καὶ
787 4911 1110 4980 ἀκούσωμεν
1133 4912 1231 4981 τῆς
1271 4914 1683 4981 μυσταγωγίας.
1717 4914 1874 4981 Τάχα
1922 4931 1976 4966 τι

405 5007 550 5075 μέγα
581 5005 673 5057 καὶ
702 5005 856 5057 αὐτοὶ
904 5006 1002 5075 τῆς
1039 5006 1255 5074 ὁμιλίας
1294 5009 1498 5075 ταύτης
1549 5006 1644 5058 καὶ
1681 5006 1792 5059 τῶν
1838 5008 1974 5075 ὑμε-

329 5114 353 5127 -
403 5098 572 5149 ναίων
605 5098 1119 5169 παρακερδήσομεν.
1160 5097 1294 5159 Οϊχς
1338 5098 1438 5166 μὲν
1470 5098 1578 5167 γάρ
1611 5099 1640 5149 6
1669 5115 1973 5168 νυμφαγω-

405 5190 520 5257 γδς,
557 5190 645 5260 ἢὸ
673 5192 905 5261 νυμφίος
949 5191 1085 5262 ἅμα,
1124 5193 1217 5245 καὶ
1261 5194 1526 5263 μαρτυρεῖ
1566 5193 1661 5246 καὶ
1689 5192 1973 5264 ὑπισχνεῖ-

402 5300 515 5346 ται,
587 5284 683 5337 καὶ
729 5286 960 5357 παρέχει
1016 5290 1081 5356 τῇ
1134 5286 1322 5358 νύμφῃ
1387 5286 1487 5350 τὰς
1539 5287 1788 5358 δωρεάς;
1843 5288 1974 5346 Οἵας

404 5372 461 5423 δὲ
515 5373 609 5426 καὶ
639 5375 673 5445 ἡ
720 5374 905 5446 νύμφη
939 5377 1074 5446 πρὸς
1131 5377 1294 5428 αὑτὸν
1347 5376 1539 5445 ἀφίησι
1585 5377 1685 5439 τὰς
1747 5377 1975 5446 φωνάς-ς

407 5465 602 5533 Χαῖρε,
637 5467 1070 5536 κεχαριτωμένη
1094 5483 1110 5501 ⁹
1157 5471 1188 5522 ό
1233 5469 1446 5535 Κύριος
1481 5471 1634 5538 μετὰ
1673 5470 1810 5524 σοῦ.
1838 5468 1976 5522 T06.-

407 5574 517 5608 των
551 5558 616 5610 τὰ
653 5559 751 5628 μὲν
778 5561 876 5629 τῆς
909 5560 1148 5631 νύμφης,
1186 5560 1254 5614 τὰ
1286 5561 1341 5614 δὲ
1388 5561 1483 5614 τοῦ
1514 5563 1773 5631 νυμφίου.
1811 5561 1981 5633 [Ἀμ-

411 5650 616 5720 φότεροι
648 5652 754 5723 γᾲρ
781 5655 808 5706 ὸ
831 5653 1106 5725 άγγελος.]
1135 5653 1216 5706 Τὰ
1251 5654 1349 5724 μὲν
1386 5655 1493 5725 γὰρ
1527 5656 1661 5728 αὐτῇ
1691 5659 1978 5726 μαρτυρεῖ,

411 5739 480 5794 τά
512 5741 568 5794 δὲ
600 5743 960 5814 ὑπισχνεῖται.
991 5745 1062 5798 Τὸ
1093 5745 1191 5815 μὲν
1228 5748 1358 5817 γὰρ,
1404 5749 1499 5802 καὶ
1546 5748 1644 5819 ἤδη
1677 5747 1982 5820 κεχαριτῶιν

487 5926 509 5960 ³
536 5926 674 5984 Phil.
715 5929 849 5993 11,6.
927 5930 943 5959 "
976 5929 1106 5984 Luc.
1147 5933 1190 5994 l,
1213 5931 1298 5983 £3.

2083 4650 2380 4697 tueremur,
2433 4649 2497 4687 ac
2547 4634 2703 4688 circa.
2753 4633 3026 4688 thalamos
3079 4635 3495 4699 eonsistamus;
3541 4643 3658 4688 tum

2078 4727 2532 4798 conclavcipsum
2585 4727 3112 4796 Cil‘ClllllSlliCiﬂlllllﬁ,
3139 4734 3192 4781 et
3227 4725 3659 4796 sponsidivitias

2078 4828 2174 4874 aut
2202 4820 2363 4874 etiam
2395 4833 2611 4888 sponsa:
2643 4818 3103 4888 pulchritudinem
3127 4819 3452 4882 revelemns,
3476 4833 3542 4873 ac
3565 4832 3654 4874 suo,

2081 4926 2186 4965 erae
2240 4910 2386 4964 illius
2445 4910 2774 4966 initiationis
2820 4924 3127 4966 sermonem
3187 4911 3507 4976 audiamus;
3547 4926 3658 4966 nia.

2083 5020 2247 5074 gnum
2302 5003 2554 5058 fortassis
2583 5019 2650 5058 ex
2681 5005 2785 5058 hoc
2807 5004 3083 5074 colloquio
3111 5013 3166 5058 et
3190 5004 3527 5072 nuptialibus
3552 5005 3653 5074 by-

2091 5094 2232 5149 mnis
2256 5109 2358 5150 nos
2387 5109 2606 5165 quoque
2632 5093 2872 5150 fructum
2895 5096 3069 5150 obiter
3102 5095 3488 5166 percipiemus.
3507 5097 3659 5162 Qua.

2087 5188 2156 5242 lia
2191 5190 2334 5242 enim
2369 5188 2794 5258 paranymphus,
2830 5188 2911 5242 vel
2941 5198 3178 5256 sp‘onsus
3199 5188 3382 5253 simul,
3404 5197 3456 5242 et
3481 5197 3591 5242 atte
3620 5219 3645 5229 -

2087 5290 2281 5344 statur,
2312 5279 2702 5349 promittitque,
2740 5288 2792 5334 et
2822 5277 2974 5334 offert
3005 5295 3218 5348 sponsa:
3243 5279 3424 5333 dona?
3451 5280 3653 5345 Quales

2080 5390 2210 5428 vero
2238 5375 2397 5428 etiam
2422 5387 2620 5444 sponsa
2650 5372 2715 5426 ad
2749 5373 2924 5443 ipsum
2942 5388 3104 5427 voces
3128 5371 3360 5442 profert?
3379 5372 3506 5438 Ave,
3529 5389 3655 5442 gra-

2081 5467 2156 5521 tia
2183 5468 2357 5537 plena,
2400 5465 2656 5520 Dominus
2701 5475 2888 5520 tecum.
2923 5465 3045 5521 llaec
3091 5464 3286 5535 partim
3309 5465 3525 5536 quidem
3588 5467 3654 5520 ad

2081 5576 2358 5630 sponsam,
2439 5560 2632 5628 partim
2697 5575 2824 5614 vero
2893 5559 3165 5629 pertinent
3231 5558 3295 5612 ad
3363 5573 3650 5628 sponsum.

2081 5654 2098 5725 (
2133 5651 2434 5721 Utrumque
2461 5649 2605 5704 enim
2639 5649 2862 5720 angelus
2893 5658 3135 5720 priestat,
3164 5648 3260 5720 et)
3296 5649 3400 5702 alia
3428 5647 3648 5720 quidem

2081 5748 2180 5817 ipsi
2215 5750 2710 5815 sponsmtestatnr,
2765 5743 2866 5798 alia
2927 5755 3113 5802 autem.
3162 5742 3467 5814 pollicetur.
3530 5741 3658 5804 his
