4044 6570
382 428 491 496 319

1628 438 1662 502 J
1666 436 1872 501 OANN
1881 436 1953 499 IS
1985 437 2421 501 GEOMETBE

3524 432 3635 500 820

376 559 527 601 mum
551 560 788 618 namque
803 555 908 615 est,
932 547 1103 619 ipsam
1137 564 1235 621 per
1269 547 1534 622 Spiritum
1576 560 1824 607 sanctum
1851 549 1963 620 jam

2074 550 2192 606 σοαι
2222 549 2428 623 ταύτην
2456 550 2521 605 ἐκ
2570 550 2910 621 Πνεύματος,
2945 546 3043 602 καὶ
3093 545 3251 611 ἀξίαν
3302 546 3637 617 γεγενῆσθαι

373 637 546 707 gratia
564 638 776 708 plenam
798 639 1404 711 esse,dignamquetam
1424 642 1671 713 augustis
1686 639 1955 712 sponsali-

374 729 481 785 bus
503 728 750 786 eﬂ‘ectam
772 729 963 789 fuisse.
985 730 1030 789 Ο
1050 732 1191 791 elata
1208 733 1356 788 illius
1380 748 1545 805 supra
1574 741 1827 788 naturam
1853 745 1956 786 na-

375 834 521 889 tura,
562 838 669 879 non
701 826 899 882 animm
932 825 1132 893 solum,
1172 825 1268 882 sed
1307 826 1471 881 etiam
1496 824 1764 895 corporis.
1787 838 1953 893 quam

377 914 449 969 ob
478 931 594 972 rem
621 916 861 988 Spiritus
884 919 1060 975 sancti
1092 919 1347 975 virtutem
1397 919 1570 988 magis
1599 917 1761 972 etiam
1791 932 1954 987 quam

378 1017 582 1065 sanctae
602 1020 926 1066 caeterorum
956 1011 1152 1066 anima:
1170 1011 1270 1067 sibi
1294 1010 1550 1065 attraxit!
1583 1009 1640 1064 In
1669 1008 1788 1064 istis
1809 1007 1954 1063 enim

377 1096 466 1152 vix
500 1099 629 1169 ipsa:
659 1115 881 1171 quoque
898 1101 1117 1167 animae,
1146 1110 1423 1169 utcunque
1447 1098 1641 1171 spiritu
1660 1099 1954 1155 admodum

377 1189 705 1255 emundata),
734 1194 931 1246 mirum
967 1205 1128 1261 quam
1153 1189 1353 1260 exiguo
1380 1190 1668 1260 splendore
1698 1190 1952 1245 niterent.

380 1283 438 1341 lu
471 1283 573 1338 hac
607 1297 735 1338 vero
763 1283 849 1338 vel
876 1284 992 1352 ipsa
1026 1295 1157 1339 caro
1181 1281 1536 1353 plenitudinis
1568 1282 1805 1353 Spiritus
1855 1282 1957 1338 do-

382 1373 643 1429 micilium
672 1372 795 1438 fuit,
831 1372 1061 1443 Filiique
1101 1370 1343 1437 oﬂicina,
1403 1388 1499 1429 seu
1557 1368 1735 1443 potius
1782 1373 1954 1442 ipsam

379 1465 511 1522 huic
539 1464 823 1523 materiam
856 1465 1103 1535 praebuit,
1128 1475 1183 1522 et
1204 1466 1441 1537 puritate
1474 1467 1815 1536 temperavit.

460 1556 553 1614 XI.
596 1556 791 1614 Verum
825 1557 927 1614 ista
963 1558 1185 1628 quidem
1236 1557 1302 1613 ad
1360 1572 1614 1627 sponsam
1666 1558 1955 1629 pertinent.

388 1646 541 1722 [Haec
567 1658 719 1717 sunt,
752 1650 819 1707 de
840 1650 1041 1721 quibus
1073 1649 1343 1722 (angelus)
1381 1649 1589 1719 Virgini
1619 1649 1776 1705 ﬁdem
1807 1648 1959 1722 facit]

382 1739 541 1809 Quod
600 1754 729 1796 vero
759 1750 983 1815 pr0pter
1025 1741 1243 1797 dolores
1287 1739 1421 1796 olim
1469 1741 1765 1796 intentatos
1794 1741 1816 1774 ⁵
1871 1738 1959 1813 [ac

380 1843 604 1908 propter
640 1843 879 1892 veterem
921 1836 1068 1891 illam
1101 1834 1429 1893 sententiam
1466 1821 1961 1899 solvendam,'hoc

2062 644 2231 699 τῶνδε
2269 643 2380 699 τῶν
2412 642 2843 715 νυμφευμάτων.
2883 642 2951 693 Ὢ
2986 639 3085 710 τῆς
3117 638 3259 709 ὑπὲρ
3288 637 3452 708 φύσιν
3488 638 3635 692 licet-

2064 755 2163 808 νης
2194 737 2430 808 φύσεως,
2465 737 2526 791 οὐ
2557 737 2738 807 ψυχῆς
2775 735 2960 807 μόνον,
2984 732 3125 787 ἀλλὰ
3151 733 3249 787 καὶ
3287 732 3563 801 σώματος,
3600 733 3639 804 ἢ

2065 831 2160 884 καὶ
2207 829 2372 887 πλέον
2424 830 2535 885 τῶν
2577 831 2709 900 παρ’
2753 828 2937 890 ἄλλοις
2985 825 3159 892 ἁγίων
3195 825 3385 896 ψυχῶν
3418 825 3629 879 ἔσπασε

2062 923 2158 978 τοῦ
2191 922 2513 993 Πνεύματος
2535 922 2635 993 τὴν
2663 921 2966 992 ἐνέργειαν.
3006 917 3124 976 Ἐπ’
3150 918 3375 973 ἐκείνων
3403 918 3503 988 μὲν
3530 918 3641 989 γὰρ

2067 1015 2220 1086 μόλις
2248 1016 2343 1070 καὶ
2370 1016 2427 1070 al
2464 1014 2658 1087 ψυχαὶ,
2710 1014 2806 1068 καὶ
2858 1006 3023 1068 αὗται
3060 1011 3180 1065 λίαν
3222 1008 3640 1082 κεκαθαρμέναι

2062 1107 2140 1176 τῷ
2182 1106 2482 1178 Πνεύματι.
2511 1106 2712 1179 μικρὸν
2756 1106 2881 1160 ὅσον
2916 1103 3431 1175 περιελάμφθησαν·
3466 1100 3643 1172 ταύτῃ

2062 1199 2119 1253 δὲ
2150 1199 2247 1253 καὶ
2278 1200 2311 1270 ἡ
2344 1197 2482 1270 σὰρξ
2533 1199 2659 1253 ὅλου
2697 1196 2794 1251 τοῦ
2848 1196 3167 1265 Πνεύματος
3195 1194 3511 1266 οἰκητήριον
3544 1193 3639 1247 καὶ

2063 1290 2426 1361 ἐργαστήριον
2463 1289 2557 1343 τοῦ
2598 1289 2752 1344 Υίοῦ·
2783 1289 2985 1359 μᾶλλον
3030 1287 3088 1341 δὲ
3113 1288 3207 1340 καὶ
3239 1284 3336 1357 τὴν
3377 1283 3513 1355 ὕλην
3538 1282 3641 1337 αύ-

2061 1379 2163 1450 τὴν
2181 1378 2329 1450 αύτῷ
2350 1380 2728 1454 παρεχομένη,
2753 1378 2850 1433 κα)⁸
2876 1375 3298 1449 συγκιρνωμὲνη
3321 1375 3412 1429 διὰ
3438 1372 3645 1445 καθάρ-

2063 1488 2224 1536 «ειυς.

2142 1561 2245 1617 IA'.
2288 1560 2453 1614 Ἀλλὰ
2482 1560 2658 1615 ταῦτα
2690 1559 2790 1632 μὲν
2835 1560 2903 1614 τὰ
2932 1561 3031 1629 τῆς
3057 1558 3303 1629 νύμφης.
3332 1556 3537 1630 [Τοῦτο
3565 1557 3635 1626 τῇ

2064 1654 2204 1726 κόρῃ
2241 1653 2559 1726 μαρτυρεῖ.]
2589 1653 2662 1707 Τὸ
2691 1651 2750 1706 δὲ
2796 1652 2895 1709 καὶ
2936 1652 3110 1723 αὐτὴν
3142 1648 3637 1721 αὐτῇχαρίζεσθαι

2063 1745 2162 1816 τὴν
2193 1747 2367 1817 χαρὰν
2403 1744 2513 1818 [διὰ
2534 1744 2635 1817 τὴν
2663 1743 2832 1799 πάλαι
2864 1743 3065 1816 λύπην,
3102 1741 3199 1796 καὶ
3233 1741 3334 1813 τὴν
3360 1739 3517 1794 λύσιν
3541 1738 3645 1807 τῆς

2065 1836 2418 1907 ἀποφάσεως,
2442 1835 2603 1892 τοῦτο
2629 1837 2662 1907 ἠ
2699 1834 3026 1904 ἐπαγγελία.
3049 1834 3160 1888 Καὶ
3190 1834 3254 1887 τὸ
3277 1834 3398 1901 μὲν,
3431 1831 3632 1902 Χαῖρε,

382 1927 548 1986 etiam
575 1927 832 1999 gaudium
863 1926 964 2001 ipsi
998 1926 1240 1997 jucunde
1267 1925 1544 1989 exhibeat,
1577 1927 1643 1981 ad
1693 1926 1959 1995 pollicita-

2074 1930 2229 1983 οἱονεὶ
2257 1928 2532 2001 μνῆστρον
2580 1926 2675 1981 τοῦ
2710 1926 2945 1998 νυμφίου
2974 1927 3102 1994 ,καὶ
3147 1925 3430 1998 ἁρῤαὸὠν·
3463 1924 3525 1978 τὸ
3561 1924 3643 1991 δὲ,

382 2020 563 2077 tiones
595 2019 648 2077 id
683 2018 938 2090 pertinet.
976 2019 1040 2075 Et
1065 2018 1194 2074 illud
1216 2014 1435 2089 quidem
1468 2017 1595 2085 Ave,
1642 2019 1803 2090 quasi
1860 2034 1968 2074 nu-

392 2112 558 2182 ptiale
591 2111 776 2183 sponsi
806 2127 1007 2167 munus
1040 2120 1146 2180 est,
1176 2120 1233 2167 et
1255 2112 1417 2169 arrha
1447 2110 1629 2181 ;quod
1660 2122 1843 2167 autem
1888 2111 1971 2167 ni-

385 2212 500 2260 tore
521 2203 780 2260 virtutum
800 2203 914 2273 ipsa
931 2203 997 2259 sit
1016 2204 1191 2275 gratia
1204 2202 1382 2274 plena,
1402 2203 1485 2259 ba:
1512 2214 1641 2259 sunt
1655 2219 1869 2274 sponsae
1888 2203 1971 2259 di-

383 2296 549 2352 vitim.
582 2294 686 2353 Sed
714 2305 768 2353 et
794 2295 958 2363 illud,
994 2296 1253 2351 Dominus
1280 2308 1449 2352 tecum
1472 2335 1487 2363 ,
1516 2298 1620 2352 hoc
1646 2297 1821 2368 ipsum
1873 2312 1973 2368 po-

401 2386 679 2442 tissimum
720 2395 825 2453 est,
854 2387 999 2457 quod
1060 2388 1426 2458 promittitur.
1497 2389 1817 2445 benedictus
1851 2390 1968 2460 ipse

385 2494 645 2551 sponsus,
662 2480 756 2551 qui
800 2488 1057 2550 tanquam
1100 2478 1333 2535 Verbum
1385 2496 1481 2550 per
1525 2481 1766 2536 verbum
1818 2490 1873 2537 et
1893 2482 1969 2537 si-

388 2571 504 2630 tnui
529 2587 657 2628 cum
685 2572 851 2628 verbo
879 2582 934 2627 et
966 2587 1130 2643 supra
1169 2588 1335 2643 quam
1367 2572 1549 2628 verbis
1589 2572 1739 2628 eﬂ'ari
1788 2573 1969 2639 liceat,

389 2665 829 2736 conjunctionem
852 2667 1192 2734 exsequitur,
1234 2666 1308 2737 (et
1348 2667 1491 2737 quod
1532 2677 1789 2737 praeterea
1847 2684 1971 2727 cum

390 2773 456 2815 ea
504 2759 619 2830 ipso
655 2768 992 2829 permaneat,
1014 2759 1119 2814 hoc
1150 2759 1291 2815 idem
1310 2770 1394 2816 est
1423 2775 1586 2815 omne
1648 2762 1872 2824 donum,
1918 2762 1969 2816 in

393 2847 500 2904 hoc
521 2855 652 2905 sunt
671 2862 861 2901 omnes
891 2848 1077 2914 sponsi
1109 2848 1335 2913 divitix,
1374 2857 1433 2902 ut
1469 2864 1671 2915 Sponsa
1695 2866 1957 2919 sponsum

392 2937 573 3007 ipsum
607 2936 849 3005 haheat).
908 2935 974 2991 Et
1004 2935 1121 3007 ipse
1142 2936 1364 3007 quidem
1416 2952 1656 3009 sponsus
1716 2940 1879 2996 simul
1917 2952 1973 2997 et

390 3029 556 3084 Pater
585 3027 767 3086 evadit
784 3035 838 3083 et
864 3025 1057 3094 Filius,
1078 3028 1281 3099 quippe
1303 3028 1397 3099 qui
1422 3038 1475 3084 et
1499 3030 1615 3099 ipse
1636 3041 1789 3085 sator
1816 3041 1900 3088 cst
1918 3040 1973 3088 et

394 3121 513 3193 ipse
537 3130 714 3189 satus,
742 3135 839 3177 seu
862 3121 1065 3192 potius,
1102 3119 1269 3176 veluti
1326 3121 1615 3192 coagulum
1647 3123 1849 3180 virtute
1869 3139 1971 3181 sua

2068 2018 2471 2092 κεκαρπῶσθαι
2525 2021 2646 2084 ταῖς
2710 2019 2953 2090 ἀρεταῖς,
3012 2016 3171 2072 τοῦτο
3230 2017 3328 2087 τῆς
3365 2014 3585 2092 νύμιφης
3617 2016 3649 2070 6

2071 2082 2321 2178 πλοῦτος.
2361 2113 2436 2167 τδ
2465 2113 2521 2168 δι
2550 2082 2645 2167 και
2673 2112 2737 2167 Ὀ
2751 2082 2971 2181 ὶιύριοξ
2993 2113 3146 2182 μετά
3182 2082 3322 2173 cor},
3367 2082 3500 2162 αι»ὲὸ
3541 2082 3649 2177 τῆς

2071 2206 2404 2277 ἐπαγγελίας
2425 2206 2488 2261 τὸ
2519 2204 2695 2271 τέλος,
2721 2205 2886 2270 αὐτὸς
2928 2206 2957 2260 ό
2988 2204 3223 2283 νυμφίος
3266 2201 3511 2271 εὔλογος,
3568 2200 3649 2264 ὡς

2073 2300 2249 2367 Λόγος
2276 2297 2366 2353 διὰ
2393 2298 2554 2368 λόγου
2598 2298 2694 2353 καὶ
2730 2297 2828 2353 σὺν
2855 2297 2934 2369 τῷ
2974 2297 3121 2369 λόγῳ
3166 2295 3261 2350 καὶ
3315 2294 3458 2365 ὑπὲρ
3490 2292 3651 2361 λόγον

2063 2391 2163 2463 τὴν
2195 2390 2387 2446 ἕνωσιν
2418 2388 2807 2462 ἐργαζόμενοςο
2845 2390 2925 2461 (τὸ
2951 2389 3009 2443 δὲ
3029 2391 3125 2444 καὶ
3152 2387 3269 2459 μετ’
3291 2387 3463 2454 αὐτῆς
3488 2385 3650 2440 αὐτὸν

2066 2481 2340 2552 γενέσθαι,
2359 2483 2518 2535 τοῦτο
2538 2482 2597 2535 τὸ
2624 2480 2798 2552 δῶρον
2824 2481 2953 2545 πᾶν,
2984 2479 3143 2533 τοῦτο
3168 2478 3275 2539 πᾶς
3308 2479 3335 2531 ό
3367 2476 3463 2529 τοῦ
3509 2492 3648 2545 νυμ-

2070 2574 2196 2645 φίου
2257 2574 2508 2639 πλοῦτος,
2565 2576 2633 2646 τῇ
2680 2573 2872 2647 νύμφῃ
2926 2572 3092 2637 αὐτὸς
3150 2573 3179 2625 ὀ
3226 2570 3506 2641 νυμφίος.)
3537 2569 3651 2622 Καὶ

2073 2668 2307 2741 νυμφίος
2340 2668 2370 2721 ὁ
2398 2668 2561 2732 αὐτὸς
2600 2667 2740 2738 όμοῦ
2781 2667 2875 2721 καὶ
2914 2665 3104 2737 Πατὴρ
3144 2663 3241 2718 καὶ
3270 2663 3400 2727 Υἱὸς
3427 2661 3651 2733 γινόμε-

2076 2779 2188 2826 νος,
2222 2762 2299 2826 ὡς
2336 2760 2499 2824 αὐτὸς
2528 2762 2626 2830 μὲν
2658 2758 2921 2830 σπείρων,
2954 2757 3118 2821 αὐτὸς
3170 2755 3227 2810 δὲ
3268 2754 3652 2825 σπειρόμενος,

2079 2853 2282 2924 μᾶλλον
2313 2853 2393 2918 δὲ,
2424 2851 2613 2923 ὥσπερ
2676 2851 2808 2915 ὀπὸς
2856 2850 3018 2920 γάλα,
3062 2849 3163 2921 τὴν
3208 2848 3338 2918 ὃλην
3364 2845 3527 2917 φύσιν
3572 2862 3656 2899 νι-

2078 2947 2214 3011 κῶν,
2240 2949 2335 3002 καὶ
2369 2945 2551 3017 ἑαυτῷ
2582 2944 2990 3017 περιπλάττων.
3025 2937 3151 2997 Οἷον
3178 2941 3235 2995 δὲ
3266 2940 3361 2995 καὶ
3398 2939 3460 2992 τὸ
3484 2940 3653 3011 ἀκρο-

2076 3038 2380 3093 τελεύτιονί
2415 3036 2491 3103 ὡς
2525 3034 2901 3109 πληρέστατόν
2928 3052 2988 3089 τε
3024 3034 3142 3104 ἅμα
3175 3032 3271 3087 καὶ
3302 3027 3652 3099 συντομώτα-

2078 3148 2170 3185 τον
2192 3130 2234 3203 l]
2272 3186 2277 3189 .

389 3212 475 3269 lac
500 3213 844 3285 constringit,
880 3215 995 3283 ipse
1030 3213 1296 3287 integram
1322 3214 1427 3270 sibi
1452 3215 1677 3287 subjicit
1725 3226 2002 3287 naturam,
2043 3238 2272 3295 eamque
2299 3224 2596 3281 ell‘ormans
2662 3221 2765 3279 sibi
2800 3219 3128 3279 circumdat.
3154 3216 3346 3287 Qualis
3373 3228 3539 3288 porro
3568 3224 3653 3270 ess

391 3314 447 3363 et
465 3305 542 3361 rei
569 3305 771 3372 exitus,
810 3320 976 3377 quam
1008 3305 1338 3363 immensum
1370 3308 1534 3363 simul
1574 3323 1712 3380 opus
1764 3317 1848 3366 est
1878 3354 1891 3377 ,
1915 3322 1969 3367 et
2007 3316 2244 3371 maxime
2278 3313 2781 3387 compendiosum!]

459 3397 772 3474 [Benedicta
812 3401 944 3455 tuin
975 3401 1309 3466 mulieribus,
1340 3413 1528 3473 aperte
1566 3419 1676 3475 pra:
1710 3406 1970 3463 omnibus

2148 3409 2566 3483 [Εὐλογημένη
2595 3409 2676 3465 σὺ
2716 3410 2788 3463 ἐν
2820 3407 3085 3480 γυναιξί,
3118 3404 3271 3475 παρὰ
3311 3401 3493 3464 πάσας
3519 3399 3656 3470 όμοῦ

393 3494 603 3564 pariter
639 3493 987 3550 mulieribus.
1023 3494 1128 3548 Sed
1168 3503 1223 3551 et
1254 3496 1555 3551 benedicta:
1590 3512 1815 3567 prorsus
1841 3498 1893 3552 in
1923 3510 1975 3556 te

395 3583 676 3648 mulieres,
707 3586 1169 3655 quemadmodum
1209 3596 1263 3642 et
1289 3588 1391 3642 viri
1428 3589 1480 3643 in
1505 3587 1647 3645 Filio
1693 3600 1823 3657 tuo;
1878 3608 1976 3647 seu

397 3676 581 3745 potius
612 3677 887 3733 benedicti
920 3676 1141 3747 utrique
1194 3678 1249 3733 in
1300 3689 1555 3750 utroque.
1607 3681 1780 3737 Sicuti
1830 3684 1975 3739 enim

400 3784 497 3838 per
530 3785 693 3827 unam
721 3779 777 3826 et
806 3786 902 3841 per
926 3786 1117 3838 unum,
1145 3772 1427 3828 mulierem
1460 3775 1671 3831 scilicet
1696 3786 1751 3832 et
1773 3777 1976 3845 virum,

400 3858 714 3917 maledictio
740 3869 795 3914 et
821 3860 1025 3925 luctus,
1059 3862 1140 3917 sic
1165 3861 1331 3918 etiam
1385 3878 1534 3918 nunc
1565 3879 1661 3933 per
1712 3882 1883 3921 unum
1923 3876 1979 3924 et

398 3968 497 4023 per
523 3967 684 4008 unam
706 3962 759 4007 et
785 3954 1088 4011 benedictio
1109 3965 1160 4011 et
1185 3954 1445 4028 gaudium
1468 3957 1633 4013 etiam
1655 3958 1710 4014 in
1735 3958 1977 4033 reliquos

399 4058 594 4100 omnes
621 4042 852 4100 effusum
877 4053 960 4101 est
991 4044 1126 4118 (I).]

468 4153 588 4211 Xll.
617 4155 817 4213 Verum
852 4158 940 4213 hic
964 4159 1217 4224 observa,
1260 4160 1534 4230 quomodo
1568 4162 1855 4232 praesentia
1875 4162 1977 4218 ista

400 4248 644 4319 antiquis
668 4249 775 4305 illis
804 4251 988 4305 omnia
1017 4266 1081 4307 ex
1112 4252 1343 4309 adverso
1373 4267 1430 4309 so
1464 4253 1721 4310 habeant.
1746 4253 1882 4320 Illic,
1914 4253 1979 4309 In

306 4330 315 4337 ’
400 4341 586 4396 dolore
613 4342 786 4411 paries
806 4342 982 4413 ﬁlios,“
1012 4361 1027 4409 ;
1063 4343 1171 4409 hic,
1208 4344 1334 4411 Ave,
1359 4346 1707 4401 ettristitiam
1732 4345 1979 4416 eiiciens,

401 4444 457 4488 et
491 4433 733 4489 laetitiam
762 4433 1011 4489 invicem
1057 4436 1206 4491 illius
1262 4436 1530 4491 inducens
1559 4437 1708 4502 ;illic
1758 4437 1982 4491 tristitia

403 4526 561 4598 praeit
592 4527 852 4596 parientis
885 4527 1189 4590 doloribus,
1225 4526 1445 4581 dolores
1498 4542 1631 4581 vero
1700 4526 1980 4581 tristitiam

402 4620 686 4691 excipiunt
714 4637 730 4687 ;
761 4621 1069 4690 iterumque
1092 4619 1311 4674 dolores
1336 4618 1555 4673 tristitia
1575 4618 1983 4686 excipit,tristi-

405 4711 651 4781 tiamque
680 4713 899 4769 dolores
921 4711 1166 4785 [acjugis
1187 4725 1556 4764 aerumnarum
1592 4708 1940 4779 vicissitudo]
1965 4727 1980 4777 ;

2078 3506 2282 3577 δηλαδὴ
2308 3505 2407 3568 τὰς
2429 3506 2716 3574 γυναῖκας.
2764 3502 2926 3558 Ἀλλὰ
2973 3502 3070 3557 καὶ
3107 3496 3475 3568 εύλογημέναι
3521 3492 3656 3548 πάν-

2078 3616 2186 3660 τως
2212 3599 2269 3651 ὲν
2300 3597 2384 3652 σοὶ
2415 3598 2471 3651 al
2512 3597 2794 3664 γυναῖκες,
2826 3593 3085 3664 καθάπερ
3139 3592 3237 3646 καὶ
3286 3590 3335 3643 οἱ
3379 3587 3571 3657 ἄνδρες
3599 3586 3656 3638 ἐν

2078 3690 2157 3761 τῷ
2188 3691 2323 3760 Υίῷ·
2362 3690 2565 3762 μᾶλλον
2620 3688 2678 3742 δὲ
2704 3669 2806 3742 καὶ
2847 3688 2906 3741 ὲν
2958 3684 3292 3757 ἀμφοτέροις
3326 3680 3650 3752 ἀμφότεροι.

2080 3780 2349 3851 Καθάπερ
2381 3781 2490 3849 γὰρ
2521 3778 2609 3832 διὰ
2650 3779 2778 3848 μιᾶς
2807 3776 2903 3831 καὶ
2932 3775 3074 3841 ἐνὸς,
3117 3772 3376 3844 γυναικὸς
3402 3770 3499 3824 καὶ
3554 3770 3650 3823 ἁν-

2078 3870 2223 3943 δρὸς,
2257 3870 2291 3941 ἡ
2338 3870 2448 3940 ἀρὰ
2489 3869 2583 3923 καὶ
2614 3868 2782 3938 λύπη,
2813 3868 2958 3921 οὕτω
2985 3866 3079 3921 καὶ
3132 3864 3226 3918 νῦν
3262 3862 3353 3918 διὰ
3399 3861 3528 3932 μιᾶς
3559 3857 3655 3913 καὶ

2081 3963 2199 4026 ἑνὸς
2237 3963 2271 4033 ἡ
2301 3961 2521 4030 εὐλογία
2575 3977 2635 4015 τε
2664 3959 2759 4013 καὶ
2783 3960 2929 4032 χαρὰ
2967 3960 3064 4014 καὶ
3099 3958 3211 4022 τοῖς
3238 3955 3419 4019 ἄλλοις
3480 3952 3652 4008 ἅπασι

2080 4055 2342 4127 διεδόθη.]

2155 4164 2255 4221 IB'.
2303 4164 2444 4219 Ἀλλ’
2482 4165 2606 4237 ὅρα,
2635 4164 2756 4228 πῶς
2800 4163 3059 4218 ἀντίθετα
3107 4164 3222 4224 τοῖς
3267 4159 3436 4214 πάλαι
3474 4156 3652 4211 πάντα

2080 4259 2151 4312 τὰ
2184 4258 2298 4314 νῦν.
2343 4259 2510 4322 Ἐκεῖ,
2560 4258 2664 4311 Ἐν
2694 4256 2922 4321 λύπαις
2968 4254 3111 4323 τέξῃ
3160 4254 3365 4308 τέκναο
3399 4247 3654 4309 ἐνταῦθα,

2081 4348 2277 4415 Xai'pe,
2302 4347 2398 4401 καὶ
2415 4346 2515 4418 τὴν
2541 4346 2719 4416 λύπην
2739 4344 3038 4405 ἐκϐάλλων,
3067 4342 3162 4397 καὶ
3190 4338 3530 4407 ἀντεισάγων
3558 4334 3656 4405 τὴν

2083 4436 2425 4507 ἀγαλλίασιν·
2470 4438 2607 4502 ἐκεῖ,
2640 4435 2810 4490 λύπαι
2841 4436 2939 4507 μὲν
2962 4431 3373 4506 προηγούμεναι
3389 4428 3500 4483 τῶν
3530 4425 3654 4479 ὠδί-

2084 4546 2212 4597 νων,
2234 4529 2423 4592 ὠδῖνες
2438 4527 2496 4582 δὲ
2510 4529 2609 4593 τὰς
2625 4528 2803 4595 λύπας
2823 4527 3217 4599 διαδεχόμεναι-
3243 4523 3338 4578 καὶ
3363 4521 3526 4576 πάλιν
3561 4518 3659 4581 τὰς

2084 4620 2281 4683 ὠδῖνας
2323 4618 2511 4685 λύπαι,
2542 4621 2636 4673 καὶ
2687 4621 2787 4684 τὰς
2843 4618 3021 4682 λύπας
3070 4614 3409 4687 ὼδῖνες[κα“ι
3454 4609 3653 4671 κύκλος

2088 4710 2433 4782 συμφορῶνο]
2464 4712 2551 4766 ἀεὶ
2595 4711 2706 4783 γὰρ
2748 4711 2788 4779 ἡ
2839 4705 3197 4776 ἀποστροφὴ
3229 4703 3379 4772 πρὸς
3423 4700 3532 4756 τὸν
3560 4699 3661 4753 ἇν-

405 4818 622 4877 semper
650 4806 795 4861 enim
853 4806 923 4859 ad
957 4806 1127 4859 virum
1178 4802 1445 4856 conversio
1468 4801 1488 4834 "
1522 4842 1539 4866 ,
1564 4810 1619 4857 et
1662 4812 1970 4871 conceptus.

2088 4801 2222 4870 δρα,
2281 4803 2377 4856 καὶ
2418 4805 2452 4875 ἡ
2502 4802 2785 4874 σύλληψις,
2840 4800 2936 4855 καὶ
2985 4801 3020 4871 ἡ
3069 4796 3365 4867 ὲπικύησις
3412 4795 3513 4849 καὶ
3552 4793 3661 4846 τῶν

406 4897 649 4954 ﬁliorum
681 4899 846 4955 simul
873 4914 938 4954 ac
964 4898 1215 4953 dolorum
1247 4893 1480 4964 gestatio
1508 4934 1522 4953 .
1593 4892 1682 4947 hic
1755 4907 1887 4947 vero
1922 4901 1979 4948 et

405 4993 665 5062 gaudium
689 4991 981 5062 puerperio
1004 4997 1215 5061 praeest,
1251 4994 1307 5041 et
1338 4984 1538 5052 gaudio
1568 4984 1684 5054 ipsa
1715 4994 1799 5039 est
1852 4983 1981 5039 obs-

404 5083 568 5139 tetrix
590 5084 791 5154 ‘gratia,
817 5091 871 5136 et
900 5091 1014 5136 tum
1051 5077 1283 5150 gestatio
1314 5074 1522 5139 suavis,
1550 5085 1606 5130 et
1646 5075 1867 5130 suavior
1893 5075 1979 5130 di-

2091 4895 2300 4950 τέκνων
2351 4894 2468 4965 ἅμα
2522 4898 2617 4950 καὶ
2672 4894 2781 4949 τῶν
2811 4892 3037 4948 ὠδίνωνο
3087 4889 3323 4945 ἐνταῦθα
3361 4883 3503 4960 χαρὰ
3558 4885 3657 4955 μὲν

2089 4986 2328 5057 ἡγήτρια
2354 4984 2462 5039 τῶν
2506 4986 2730 5040 ὠδίνων
2762 4984 2866 5056 τῆς
2904 4983 2962 5037 δὲ
2992 4984 3169 5055 χαρᾶς
3215 4982 3250 5051 ἡ
3303 4980 3465 5051 χάρις
3517 4974 3655 5046 αὑτὴ

2090 5076 2400 5150 μαιεύτρια,
2433 5079 2528 5132 καὶ
2559 5078 2785 5147 γλυκεῖα
2821 5078 2920 5150 μὲν
2949 5077 2982 5145 ἡ
3015 5074 3305 5147 κυοφορία,
3342 5068 3657 5143 γλυκυτέρα

476 5283 500 5316 ⁸
524 5280 661 5339 Gen.
689 5296 773 5347 ιιι,
808 5280 893 5334 16.
928 5273 1294 5346 Multiplicabo
1315 5288 1580 5329 (erumnas
1614 5274 1867 5332 tuas...‘et
1895 5274 1947 5328 in
1969 5274 2148 5329 dolore
2174 5275 2348 5344 paries
2370 5275 2533 5345 ﬁlios.
2608 5275 2630 5308 ⁵
2655 5275 2790 5333 ibid.
2863 5278 2885 5310 ⁷
2911 5276 3046 5333 ibid.

481 5467 561 5539 (ί)
596 5463 734 5539 Iota
770 5464 886 5517 haec
919 5463 1292 5533 paragraphns
1332 5463 1413 5539 3_i_c
1455 5460 1644 5533 paucis
1694 5460 1983 5516 exhibetur

410 5538 465 5593 in
491 5532 561 5592 ’δᾴ
602 5537 826 5590 Thema:
864 5543 1056 5588 catena
1087 5532 1249 5589 aurea
1286 5552 1299 5588 :
1338 5532 1467 5589 Hoc
1495 5543 1672 5586 autem
1705 5542 1782 5585 est
1814 5540 1982 5585 totum

412 5607 688 5680 legationis
720 5605 1175 5680 complementum.
1208 5604 1302 5660 Dei
1324 5607 1461 5680 enim
1490 5602 1713 5658 Verbum
1744 5612 1800 5655 ut
1825 5618 1983 5680 spon-

411 5674 499 5733 ειῖδ
531 5692 691 5744 supra
721 5676 979 5729 rationem
1029 5676 1270 5730 unionem
1294 5676 1535 5747 efficiens.
1564 5686 1833 5743 tamquam
1874 5674 1982 5747 ipse

410 5747 983 5817 germinansidemque
1027 5744 1377 5817 grrminatus.
1405 5757 1573 5800 totam
1602 5755 1849 5799 naturam
1878 5744 1980 5817 ltu-

412 5814 627 5870 inauam
667 5816 768 5870 sibi
797 5817 896 5884 ipsi
934 5814 1296 5888 conformavit.
1335 5816 1586 5872 Ultimum
1621 5832 1739 5870 vero
1751 5814 1980 5888 _pouit_ur

417 5896 684 5957 tauquam
711 5883 1142 5959 perfectissimum
1173 5901 1222 5947 et
1257 5888 1675 5959 compendiosum
1704 5900 1722 5939 :
1751 5883 1979 5941 Benedic

2088 5470 2175 5518 cla
2204 5468 2258 5515 ttt
2292 5460 2345 5515 in
2380 5460 2703 5515 mulieribus
2736 5475 2883 5513 :una
2921 5456 3119 5510 scilicet
3159 5471 3270 5525 prce
3304 5454 3506 5510 cunctis
3544 5468 3665 5507 mu-

2079 5533 2295 5587 lieribus
2325 5547 2343 5583 :
2366 5542 2423 5586 ut
2461 5533 2624 5585 etiam
2656 5530 3033 5585 benedicuntur
3059 5528 3117 5580 in
3156 5536 3204 5583 te
3229 5528 3496 5593 mulieres,
3528 5525 3665 5579 sicut

2081 5619 2252 5657 mares
2287 5604 2340 5656 in
2368 5602 2506 5672 ﬁlio,
2547 5603 2638 5657 sed
2676 5604 2845 5670 magis
2886 5610 3102 5669 uterque
3127 5599 3182 5651 in
3212 5598 3469 5667 utrisque.
3511 5594 3664 5649 Velut

2079 5673 2238 5744 enirn
2265 5689 2355 5744 per
2400 5688 2561 5744 unum
2606 5673 2857 5742 feminam
2884 5681 2933 5725 et
2964 5684 3125 5744 unum
3158 5684 3357 5721 marem
3388 5675 3661 5735 peccatum

2079 5743 2241 5798 simul
2265 5742 2331 5796 ἐι
2380 5743 2601 5797 tristitia
2632 5744 2889 5806 intravit;
2930 5742 3006 5795 sic
3041 5749 3091 5792 et
3133 5753 3270 5791 nunc
3294 5754 3383 5807 per
3422 5752 3592 5807 unam
3612 5744 3662 5785 et

2080 5830 2243 5867 unum
2270 5815 2557 5869 benedictio
2582 5824 2821 5870 revocata
2846 5805 2920 5870 est
2937 5821 2985 5867 et
3001 5810 3213 5876 lwtitia,
3239 5805 3300 5863 et
3319 5809 3388 5863 ad
3417 5805 3661 5877 singulos

2077 5894 2155 5941 est
2188 5884 2434 5955 profusa.
2542 5946 2545 5949 η
