4044 6568
453 398 562 462 823

451 609 728 664 missionis
749 607 971 662 ductore
1003 605 1080 676 (ξι)
1113 645 1128 669 ,
1163 605 1362 660 idcirco
1388 605 1632 675 angelus,
1667 613 1724 656 ut
1755 603 2014 657 ostendat

451 702 592 756 haud
607 702 654 755 ei
673 715 850 770 parem
869 702 1010 753 hunc
1031 697 1374 765 fore,subdit:
1403 696 1506 751 llic
1528 698 1627 750 erit
1649 692 2014 765 magnus”...]

450 792 632 864 [Dabit
672 792 836 861 igitur
860 791 941 844 illi
993 789 1248 844 Dominus
1291 787 1464 842 sedem
1499 785 1665 840 David
1685 787 1855 855 patris
1876 787 2014 854 ejus,

449 892 711 952 tanquam
761 881 995 945 homini,
1027 890 1080 936 et
1107 890 1378 951 quatenus
1413 893 1638 949 regnum
1668 877 1865 932 exinde
1901 892 2012 931 au-

447 975 748 1044 spicabitur
778 989 809 1030 e
831 974 1200 1035 credentibus,
1228 986 1369 1042 quos
1400 971 1562 1026 etiam
1593 969 1813 1024 domum
1838 967 2011 1024 Jacob

447 1077 502 1125 et
529 1069 788 1124 thronum
814 1067 1031 1123 Davidis
1047 1064 1302 1136 appellat.
1331 1060 1546 1116 Nullius
1601 1069 1782 1114 autem
1812 1068 1898 1114 est
1923 1075 2012 1114 re-

1689 395 1722 454 J
1728 392 1929 456 OANN
1937 394 2008 452 IS
2046 392 2478 453 GEOMETRJE

345 485 350 491 .
451 517 654 574 cituum
692 516 848 580 duce,
875 523 928 569 et
961 513 1141 583 populi
1167 511 1368 582 judice,
1394 519 1556 580 atque
1577 509 1631 564 in
1665 519 1864 564 terram
1892 525 1988 580 pro

2123 509 2311 572 αἰῶνα,
2338 510 2384 560 εἰ
2417 509 2490 578 μὴ
2535 507 2689 561 Θεοῦ·
2742 509 2881 562 ὥστε
2914 509 2960 561 εἰ
2995 507 3088 562 καὶ
3117 509 3415 580 λαμϐάνειν
3458 509 3547 563 διὰ
3584 515 3681 578 τὴν

3582 393 3683 456 8ὲί

2122 599 2430 669 οἰκονομίαν
2478 600 2834 670 ἀνθρωπίνως
2862 600 3080 669 λέγεται
3133 600 3226 654 τὸν
3275 600 3466 673 θρόνον
3500 603 3683 669 Δαϐὶδ,

2121 689 2236 744 ἀλλ’
2271 690 2418 742 ἔστιν
2449 691 2478 743 ὁ
2531 691 2692 754 αὐτὸς
2725 691 2820 745 καὶ
2857 691 3052 755 θεῖκῶς
3099 691 3354 762 βασιλεὺς
3391 693 3682 764 ἀτελεύτη-

2119 799 2230 849 τος,
2262 782 2361 837 καὶ
2393 782 2505 851 τῆς
2533 783 2858 848 βασιλείας
2889 783 3075 837 αὐτοῦ
3110 785 3222 837 οὐκ
3267 785 3439 838 ἔσται
3490 774 3683 852 τέλος,

2111 875 2171 926 ού
2203 874 2337 926 καθὸ
2366 875 2496 938 Θεὸς
2531 875 2711 943 μόνον,
2754 874 2890 928 ἀλλὰ
2917 874 3054 927 καθὸ
3096 875 3192 928 καὶ
3242 875 3556 946 ἄνθρωπος,
3591 878 3685 931 καὶ

2106 967 2181 1031 ὡς
2203 969 2265 1021 οὐ
2289 967 2432 1021 κατὰ
2473 967 2636 1038 φύσιν
2672 968 2834 1037 μόνον
2869 967 3146 1036 βασιλεὺς,
3177 968 3311 1022 ἀλλὰ
3341 969 3678 1040 βασιλεύσων

2112 1057 2364 1110 καὶκατὰ
2388 1057 2735 1128 γνώμην,καὶ
2758 1055 2853 1112 νῦν
2875 1057 2972 1128 μὲν
2993 1057 3226 1123 πολλῶν,
3247 1058 3333 1112 ἐπ’
3361 1058 3607 1130 ἐσχάτων
3627 1059 3684 1113 δὲ

446 1175 614 1230 gnarc
646 1160 701 1216 in
748 1170 1030 1219 aeternum,
1064 1154 1169 1210 nisi
1202 1153 1294 1208 Dei
1350 1152 1564 1218 solius;
1613 1149 1840 1215 idcirco,
1903 1151 1998 1207 etsi

2103 1154 2195 1206 καὶ
2210 1153 2608 1224 πάντων,ἡνίκα
2624 1153 2722 1208 καὶ
2738 1153 3175 1224 ὑποταγήσεται
3188 1152 3348 1219 αὑτῷ
3358 1153 3428 1208 τὰ
3443 1152 3686 1227 πάντα]

452 1259 662 1314 ratione
687 1252 1075 1311 incarnationis
1097 1251 1354 1304 thronum
1392 1245 1611 1303 Davidis
1663 1248 1922 1318 accipere
1963 1251 2267 1306 secundum
2300 1249 2533 1305 formam
2589 1250 2832 1306 hominis
2889 1250 3125 1314 dicatur,
3150 1259 3389 1306 attamen
3448 1261 3685 1306 aeternus

443 1363 661 1420 quoque
686 1363 780 1403 rex
811 1347 929 1417 ipse
972 1342 1288 1414 agnoscitur
1325 1341 1378 1396 in
1411 1339 1586 1395 forma
1643 1339 1758 1404 Dei,
1789 1351 1836 1394 et
1869 1342 2015 1411 regni
2051 1341 2163 1412 ejus
2188 1358 2293 1396 non
2339 1343 2437 1397 erit
2465 1343 2588 1412 ﬁnis
2621 1343 2666 1375 ”
2691 1383 2708 1409 ,
2741 1358 2849 1402 non
2910 1344 3073 1400 modo
3105 1354 3375 1416 quatenus
3410 1355 3496 1401 est
3519 1344 3681 1410 Deus.

441 1461 631 1502 verum
655 1443 818 1499 etiam
849 1441 1508 1513 quatenusbomo,neque
1532 1438 1706 1494 solum
1729 1447 1994 1510 tanquam
2034 1449 2230 1493 natura
2277 1455 2378 1495 sua
2443 1455 2558 1503 rex,
2587 1439 2684 1495 sed
2746 1453 2974 1510 regnum
3029 1448 3289 1509 praetcrea
3337 1439 3568 1505 adeptus
3617 1454 3682 1493 ex

439 1540 721 1596 voluntate
747 1538 982 1608 primum
1011 1537 1231 1609 quidem
1259 1536 1576 1604 multorum,
1624 1551 1850 1606 prorsus
1873 1551 2002 1592 vero
2041 1537 2284 1592 omnium
2315 1536 2383 1592 ad
2436 1537 2596 1592 tinem
2653 1537 2859 1603 saeculi,
2894 1536 3115 1607 quando
3136 1546 3186 1590 et
3215 1536 3396 1590 οηιιιία
3421 1537 3521 1606 ipsi
3551 1539 3676 1591 sub-

435 1631 690 1701 jicientur
716 1632 758 1664 ⁸⁵

512 1722 629 1778 XV.
649 1723 754 1778 Sed
790 1740 889 1795 age
919 1723 1050 1794 jam,
1079 1723 1222 1794 quod
1274 1724 1542 1794 reliquum
1572 1734 1657 1778 est
1705 1724 1998 1786 videamus,

2187 1725 2288 1782 IE'.
2327 1725 2466 1781 Ἀλλ’
2520 1727 2718 1797 τ’δωμεν
2773 1725 2958 1780 λοιπὸν
2993 1725 3088 1777 καὶ
3115 1724 3214 1794 τῆς
3246 1724 3466 1794 νύμφης
3511 1723 3680 1792 αὐτῆς

441 1816 648 1872 scilicet
681 1832 897 1887 sponsa:
924 1817 1095 1886 ipsius
1117 1826 1172 1872 et
1203 1818 1364 1872 verba
1389 1819 1553 1873 simul
1580 1827 1634 1872 et
1655 1819 1928 1883 animum,
1956 1828 2011 1874 et

441 1924 726 1979 quousque
741 1909 958 1979 sapiens
981 1910 1094 1980 ipsa
1112 1909 1274 1965 fuerit
1299 1925 1363 1966 ac
1391 1911 1718 1980 virginitatis
1743 1910 2008 1968 studiosa.

443 1997 536 2051 llla
593 2012 766 2067 neque
831 1999 1056 2054 omnino
1117 2000 1278 2055 tidem
1327 2003 1542 2071 angelo,
1576 2010 1794 2071 propter
1839 2001 2008 2056 multa

381 2155 385 2160 ι
441 2091 682 2146 veritatis
705 2091 924 2157 indicia,
952 2091 1214 2153 abnuere,
1228 2107 1406 2162 neque
1429 2109 1623 2149 rursus
1646 2093 1698 2148 in
1729 2102 1881 2148 tanto
1912 2109 2010 2164 pu-

438 2181 615 2237 ritatis
647 2184 829 2238 studio
867 2200 897 2239 a
936 2183 1244 2254 virginitate
1293 2183 1600 2240 desciscere
1633 2185 1877 2240 animum
1925 2189 2008 2240 in-

435 2277 628 2341 ducit;
662 2276 756 2331 sed
790 2277 968 2332 media
1012 2276 1366 2332 diliidentiam
1415 2277 1558 2332 inter
1582 2293 1646 2333 ae
1688 2289 2006 2349 promptum

437 2369 734 2424 voluntatis
757 2369 1079 2440 obsequium
1105 2379 1310 2437 manet,
1335 2371 1665 2442 modumque
1687 2373 1848 2442 hujus
1868 2389 2008 2442 prae-

436 2470 520 2513 ter
559 2459 718 2515 ﬁdem
743 2473 1040 2532 conceptus
1063 2473 1117 2517 et
1157 2473 1349 2534 partus
1395 2467 1653 2536 exquirit.
1708 2468 2002 2533 Quomodo,

434 2550 633 2620 inquit,
654 2553 752 2606 erit
783 2552 878 2606 hoc
901 2555 1048 2619 mihi,
1078 2557 1326 2625 quoniam
1353 2558 1520 2611 virum
1539 2575 1640 2612 non
1660 2559 2005 2628 cognosco“?

434 2641 739 2714 [Videliect,
769 2648 1045 2716 quomodo
1073 2663 1212 2718 opus
1237 2649 1530 2719 ejusmodi,
1558 2666 1668 2705 non
1703 2652 1867 2706 modo
1893 2661 2002 2707 tam

432 2735 678 2791 divinum
710 2746 766 2792 et
807 2738 1186 2794 admirandum
1240 2749 1294 2795 et
1330 2750 1550 2810 captum
1593 2743 1788 2798 mentis
1843 2759 2001 2798 exce-

430 2826 587 2894 dens,
620 2844 810 2883 verum
833 2833 992 2884 etiam
1025 2831 1127 2884 sibi
1159 2831 1294 2885 adeo
1317 2831 1498 2887 minus
1516 2833 1820 2898 eohzercns,
1839 2833 1892 2886 in
1917 2849 2004 2888 me

431 2919 786 2989 implebitur?
815 2920 950 2976 Nam
984 2931 1036 2976 et
1068 2923 1214 2992 quod
1252 2923 1394 2979 forte
1447 2927 1624 2980 virum
1669 2940 2002 2994 cognoscere

429 3012 546 3081 ipsa
574 3012 802 3082 possim,
851 3013 902 3066 id
933 3014 1246 3084 contingere
1285 3014 1513 3070 omnino
1553 3016 1762 3084 nequit,
1800 3015 2000 3086 quippe

428 3101 538 3155 voti
567 3101 828 3172 religione
851 3101 961 3156 Deo
993 3113 1310 3158 consecrata
1338 3120 1457 3178 sum
1493 3121 1508 3158 :
1536 3104 1683 3176 quod
1706 3120 1835 3160 vero
1849 3121 1997 3175 quae-

426 3193 573 3262 piam
601 3193 891 3262 concipere
921 3209 984 3247 ac
1010 3209 1203 3263 parere
1230 3196 1349 3250 sine
1381 3196 1482 3250 viri
1507 3198 1788 3252 consortio
1809 3207 1995 3268 queat,

430 3283 486 3337 id
515 3298 580 3337 ex
620 3297 779 3352 aequo
810 3282 954 3337 inter
983 3283 1343 3353 impossibilia
1403 3287 1799 3356 reponendum.
1829 3287 1998 3342 Porro

425 3374 572 3444 quod
598 3375 825 3438 addidit,
853 3376 1102 3445 quoniam
1131 3377 1299 3430 virum
1339 3394 1442 3431 non
1461 3393 1733 3448 cognosco,
1763 3378 1815 3433 id
1839 3394 1997 3448 pror-

423 3479 519 3520 sus
545 3466 706 3520 etiam
743 3467 806 3520 ad
835 3463 1132 3536 Josephum
1153 3465 1440 3533 referebat,
1473 3467 1674 3538 quippe
1702 3484 1823 3538 quae
1850 3485 1995 3538 nup-

425 3558 625 3611 tiarum
655 3573 778 3612 eum
810 3558 1070 3628 ipsojura
1106 3559 1281 3613 solum
1305 3574 1477 3628 usque
1500 3560 1564 3613 ad
1593 3560 1866 3628 sponsalia
1898 3577 1996 3614 no-

424 3658 598 3712 verat,
639 3664 826 3724 seque,
865 3659 1054 3718 utpote
1074 3650 1363 3704 donarium
1403 3651 1509 3704 Deo
1532 3666 1752 3705 sacrum
1775 3667 1838 3705 ae
1866 3667 1994 3720 pro-

421 3742 782 3812 ptereatangi
829 3741 1004 3807 nefas,
1060 3757 1092 3796 a
1121 3742 1220 3797 viri
1285 3743 1680 3799 consuetudine
1729 3742 1994 3812 integram

423 3848 534 3888 non
565 3834 744 3888 solum
773 3834 823 3887 in
857 3849 1119 3903 praesens,
1156 3835 1251 3890 sed
1298 3835 1353 3888 in
1408 3844 1727 3905 perpetuum
1775 3850 1994 3890 servare

419 3925 755 3981 decreverat.
787 3927 961 3997 Atque
993 3928 1064 3982 ita
1098 3927 1256 3997 plane
1284 3927 1440 3983 ﬁdem
1472 3928 1548 3982 illi
1575 3944 1794 3998 quoque
1828 3928 1995 3983 tradi-

419 4021 554 4075 tioni
586 4019 836 4086 faciebat,
869 4037 990 4091 quae
1011 4021 1078 4076 ad
1103 4037 1202 4076 nos
1216 4021 1478 4078 devenita
1505 4021 1778 4091 Patribus,
1815 4023 1994 4096 Virgi-

419 4127 547 4168 nem
586 4129 690 4168 non
738 4115 899 4169 modo
954 4115 1265 4186 nuptiarum
1319 4131 1503 4181 usum,
1556 4119 1651 4173 sed
1681 4133 1748 4172 ne
1773 4118 1993 4175 deside-

421 4204 567 4258 rium
595 4205 812 4274 quidem
849 4206 1094 4277 ejusdem
1120 4209 1354 4263 novisse.
1387 4207 1630 4273 Nullum,
1657 4211 1851 4282 inquit,
1888 4212 1990 4267 viri

419 4296 750 4352 desiderium
779 4299 926 4362 novi,
980 4300 1128 4354 nulla
1174 4302 1306 4355 mihi
1347 4303 1531 4358 carnis
1580 4306 1837 4359 voluntas
1881 4315 1986 4360 est.

420 4388 576 4454 Quod
604 4391 822 4465 quidem
857 4392 938 4446 vel
973 4409 1037 4447 ex
1068 4395 1219 4448 omni
1246 4393 1484 4451 femineo
1516 4413 1647 4450 sexu
1711 4397 1990 4467 singulare

418 4481 496 4534 illi
550 4480 669 4548 fuit,
697 4483 953 4553 quoniam
990 4495 1044 4539 et
1081 4502 1191 4554 prae
1241 4487 1520 4549 omnibus,
1545 4495 1683 4541 etex
1708 4488 1988 4556 proposito

417 4573 714 4629 voluntatis
750 4576 899 4629 hisce
950 4576 1378 4645 inquinamentis
1419 4578 1734 4644 inaccessae,
1761 4579 1989 4633 castitas

419 4666 470 4716 in
497 4681 560 4718 ea
600 4665 832 4722 refulsit.
874 4666 1128 4737 JExinde
1177 4669 1448 4738 duplicem
1485 4685 1547 4723 ea
1606 4671 1769 4724 verba
1820 4669 1994 4738 expli-

416 4758 690 4812 cationem
719 4760 915 4816 habent
940 4778 953 4814 :
978 4761 1058 4813 vel
1077 4761 1220 4814 enim
1240 4763 1536 4831 generatim
1562 4761 1994 4833 incerta(Virgo)

417 4851 584 4904 lueret
618 4852 684 4904 dc
717 4862 984 4920 conceptu
1013 4853 1154 4921 ipso,
1187 4861 1373 4921 utpote
1416 4853 1510 4923 qui
1556 4854 1676 4908 sine
1724 4855 1827 4908 viri
1862 4870 1995 4908 con-

415 4943 706 4997 suetudine
739 4945 924 4998 haberi
971 4955 1224 5013 nequeat,
1251 4947 1334 4998 vel
1389 4947 1554 5000 ctiam
1605 4947 1826 5000 modum
1853 4962 1986 5000 eon-

412 5044 604 5102 ceptus
633 5038 892 5106 exquirit,
921 5037 1193 5091 undenam
1225 5038 1433 5092 scilicet
1486 5039 1698 5092 futurus
1725 5039 1814 5094 sit.
1848 5037 1982 5092 Nam

414 5138 680 5190 sponsum
709 5127 984 5195 equidem,
1040 5127 1237 5196 inquit,
1293 5126 1588 5196 Josephum
1641 5128 1789 5192 novi,
1827 5138 1882 5183 at
1907 5128 1984 5182 vi—

412 5231 532 5268 rum
572 5218 722 5271 nullo
745 5220 930 5282 modo,
966 5236 1125 5288 quem
1170 5236 1269 5274 nec
1302 5221 1494 5284 habeo,
1524 5236 1624 5274 nee
1666 5220 1852 5291 utique
1883 5222 1980 5276 ha-

410 5305 588 5362 bitura
608 5324 751 5364 sum.
780 5310 896 5364 Non
919 5312 1065 5365 enim
1095 5312 1195 5377 ipsi
1220 5312 1405 5366 datum
1426 5321 1526 5376 est,
1551 5324 1606 5366 ut
1633 5330 1753 5382 qua:
1780 5316 1978 5369 intacta

483 5534 526 5564 ’³
591 5535 719 5588 an.
755 5551 791 5601 ι,
827 5535 913 5586 39..
995 5536 1037 5566 ¹’⁶
1065 5536 1192 5591 Luc.
1229 5557 1264 5604 t,
1295 5542 1381 5594 55.

411 5607 546 5672 facta
573 5605 764 5674 fuerint
796 5605 875 5658 illi
919 5613 1117 5675 omnia,
1149 5621 1252 5666 etc.
1334 5614 1375 5643 ¹⁶
1405 5614 1532 5670 Luc.
1574 5633 1609 5678 ι,
1639 5616 1726 5670 5i.

483 5808 556 5866 (‘2)
598 5806 834 5877 Intelligo
867 5809 1048 5866 Jesum
1081 5813 1245 5868 tilium
1283 5815 1445 5872 Nave.

2112 1819 2207 1872 καὶ
2238 1818 2335 1890 τὴν
2359 1819 2608 1887 γλῶτταν
2639 1820 2758 1891 ἅμα,
2782 1823 2877 1874 καὶ
2899 1819 2997 1889 τὴν
3027 1816 3227 1888 ψυχὴν,
3253 1815 3349 1870 καὶ
3387 1816 3509 1868 ὅσον
3538 1815 3677 1884 αὕτη

2112 1912 2248 1981 σοφή
2277 1928 2336 1964 τε
2372 1913 2465 1965 καὶ
2503 1911 2917 1984 φιλοπάρθενος.
2948 1910 3087 1965 υῠτε
3124 1909 3204 1980 τῷ
3241 1907 3461 1978 ἀγγέλῳ
3498 1908 3679 1962 διαπι·

2112 2004 2258 2054 ater
2285 2000 2398 2072 ἔχει
2426 2001 2514 2055 διὰ
2550 2001 2605 2054 τὸ
2631 2001 2962 2066 ἀξιόπιστον,
2983 1999 3110 2054 οὔτε
3149 1997 3313 2052 πάλιν
3337 1998 3436 2068 τὴν
3469 1995 3678 2067 παρθε-

2110 2093 2229 2146 νίαν
2252 2092 2536 2164 ἀρκεῖσθαι
2563 2093 2652 2146 διὰ.
2676 2093 2774 2163 τὴν
2824 2093 3196 2162 καθαρότητα·
3234 2089 3370 2142 ἀλλὰ
3401 2087 3542 2158 μέση
3572 2105 3678 2158 χω-

2110 2187 2196 2255 ρεῖ
2225 2186 2320 2254 τῆς
2367 2185 2627 2248 ἀπιστίας
2681 2201 2739 2237 τε
2780 2184 2876 2238 καὶ
2923 2184 3023 2254 τῆς
3075 2181 3346 2245 εὐκολίας,
3380 2179 3478 2233 καὶ
3521 2178 3675 2250 ζητεῖ

2108 2280 2200 2332 τὸν
2239 2279 2438 2349 τρόπον
2469 2279 2570 2348 τῆς
2632 2276 2938 2348 παραδόξου
2992 2275 3198 2345 ταύτης
3240 2271 3601 2342 νυμφεύσεως
3633 2270 3666 2340 ἦ

2107 2371 2376 2441 κυήσεως.
2409 2367 2562 2442 Πῶς,
2591 2369 2762 2423 ἔσται
2801 2386 2902 2438 μοι
2948 2367 3146 2429 τοῦτο.
3189 2365 3320 2419 ἐπεὶ
3348 2363 3562 2432 ἄνδρα
3607 2363 3678 2416 οὐ

2105 2459 2450 2529 γιγνώσκω;
2503 2460 2650 2534 [Πῶς
2683 2461 2862 2516 τοίνυν
2887 2460 3038 2514 ἔσται
3095 2476 3186 2529 μοι
3221 2457 3378 2510 τοῦτο
3427 2459 3491 2510 τὸ
3536 2455 3676 2509 θεῖον

2106 2551 2250 2606 οὓτω
2278 2555 2370 2605 καὶ
2401 2553 2716 2622 θαυμαστὸν
2753 2552 2848 2605 καὶ
2877 2551 3260 2622 ἀπερινόητον,
3285 2549 3380 2601 καὶ
3400 2548 3461 2601 ού
3502 2545 3676 2602 ταῦτα

2109 2644 2288 2714 μόνον,
2328 2643 2464 2697 ἀλλὰ
2492 2645 2588 2696 καὶ
2611 2642 3006 2708 ἀνακόλουθον;
3053 2641 3128 2694 Τό
3153 2657 3214 2692 τε
3243 2639 3354 2709 γὰρ
3387 2638 3556 2705 ἄνδρα
3606 2653 3673 2705 με

2104 2735 2326 2802 γνῶναι,
2365 2733 2618 2804 καθάπερ
2648 2733 2765 2803 Θεῷ
2816 2732 3262 2801 καθιερωθεῖσαν,
3295 2730 3406 2783 τῶν
3455 2728 3675 2800 ἀμηχά-

2105 2842 2232 2879 νων·
2273 2826 2367 2879 καὶ
2417 2825 2498 2890 τὸ,
2552 2825 2723 2896 χωρὶς
2783 2824 2973 2894 ἀνδρὸς
3006 2825 3096 2876 καὶ
3133 2821 3419 2874 συλλαϐεῖν
3446 2824 3541 2872 καὶ
3579 2835 3668 2870 τε·

2106 2923 2243 2986 κ;ῖν,
2263 2920 2372 2972 τῶν
2393 2920 2689 2972 ἀδυνάτων.
2714 2919 2786 2971 Τὸ
2803 2919 2878 2980 δὲ,
2897 2918 3024 2970 ἐπεὶ
3048 2915 3236 2986 ἄνδρα
3251 2917 3323 2970 οὺ
3339 2913 3672 2986 γιγνώσκω,

2105 3010 2224 3066 εἷπε
2251 3013 2468 3072 πάντως
2502 3016 2599 3081 μὲν
2624 3010 2719 3063 καὶ
2752 3010 2887 3078 πρὸς
2917 3009 3010 3062 τὸν
3058 3006 3257 3078 Ἰωσὴφ
3301 3005 3672 3077 ἀναφέρουσα,

2107 3103 2181 3166 ὡς
2216 3103 2378 3173 μέχρι
2410 3101 2705 3172 μνηστείας
2738 3101 2899 3171 μόνον
2932 3099 3105 3153 εἰδυῖα
3146 3099 3240 3152 τὸν
3279 3096 3444 3153 αὑτοῦ
3472 3095 3673 3166 γάμον,

2107 3195 2202 3248 καὶ
2225 3194 2299 3257 ὡς
2327 3194 2390 3247 ού
2421 3192 2514 3247 νῦν
2546 3193 2727 3264 μόνον,
2759 3191 2895 3246 ἀλλὰ
2935 3193 3030 3246 καὶ
3051 3191 3136 3244 διὰ
3165 3190 3352 3252 τέλους
3408 3188 3674 3259 ἄχραντος

2106 3287 2378 3356 ὲγνωκυῖα
2417 3285 2596 3355 μένειν
2620 3285 2836 3354 ἀνδρὸς,
2889 3278 2979 3336 οἷα
3025 3284 3119 3336 καὶ
3171 3281 3313 3334 θεῖον
3357 3283 3450 3334 καὶ
3498 3279 3674 3348 ἄψαυ·

2107 3396 2229 3432 στον
2260 3377 2574 3448 ἀφιέρωμα.
2611 3375 2834 3439 Πάντως
2860 3375 2916 3429 δὲ
2967 3376 3220 3428 κάκεῖνον
3257 3371 3553 3443 βεϐαιοῦσα
3583 3369 3670 3422 τὴν

2104 3473 2282 3540 λόγον,
2314 3473 2373 3536 ὃς
2420 3475 2484 3525 ὲκ
2519 3473 2773 3543 πατέρων
2823 3471 2902 3534 είς
2953 3470 3102 3538 ἡμᾶς
3156 3469 3302 3538 ἣκει,
3345 3467 3427 3520 ὃτι
3465 3465 3539 3536 μὴ
3575 3463 3672 3532 τὴν

2104 3567 2298 3633 πεῖραν
2333 3563 2426 3617 τοῦ
2467 3564 2649 3632 γάμου
2704 3563 2887 3633 μόνον,
2931 3561 3068 3614 ἀλλὰ
3113 3561 3208 3613 καὶ
3262 3558 3362 3630 τὴν
3384 3558 3572 3625 ἔφεσιν
3637 3556 3670 3625 ἡ

2106 3657 2382 3728 Παρθένος
2417 3657 2715 3727 ἠγνόησεν.·
2739 3655 2852 3709 Οὐκ
2876 3654 3118 3722 ἔγνωκα,
3151 3653 3338 3722 φησὶν,
3377 3648 3671 3713 ἐπιθυμίαν

2101 3748 2314 3818 ἀνδρὸς,
2356 3747 2456 3800 οὐκ
2481 3746 2587 3817 ἔχω
2607 3746 2818 3816 θέλημα
2842 3745 2940 3814 τῆς
2966 3743 3188 3812 σαρκός.
3218 3743 3282 3796 Ὃ
3315 3740 3381 3812 δὴ
3407 3741 3502 3795 καὶ
3532 3739 3673 3793 κατὰ

2102 3841 2284 3910 πάσης
2305 3840 2444 3910 αὐτῇ
2478 3839 2575 3908 τῆς
2623 3836 2940 3906 γυναικείας
2968 3834 3246 3904 ἐξαίρετον
3294 3833 3532 3903 φύσεως,
3587 3832 3671 3884 ὅτι

2102 3931 2197 3984 καὶ
2227 3930 2368 4001 ὑπὲρ
2402 3930 2579 3993 πάσας
2602 3929 2741 3998 αὐτῇ
2771 3929 2867 3980 καὶ
2911 3927 2976 3980 ἐκ
3004 3924 3231 3996 γνώμης
3258 3923 3395 3984 ὅλως
3419 3921 3672 3976 ἀνεπιδε-

2102 4040 2230 4077 κτου
2268 4023 2368 4092 τῆς
2399 4019 2658 4092 τοιαύτης
2686 4018 2884 4082 κακίας
2911 4020 2945 4089 ή
2977 4017 3323 4089 σωφροσύνη·
3353 4015 3520 4084 ὥστε]
3587 4014 3669 4068 δι-

2100 4117 2270 4182 πλοῦς
2315 4119 2343 4170 ὸ
2388 4116 2564 4185 λόγος·
2602 4114 2635 4185 ἢ
2685 4113 2795 4182 γὰρ
2838 4113 2974 4175 ὅλως
3025 4113 3364 4181 διαπορεῖται
3399 4111 3528 4179 περὶ
3571 4107 3669 4179 τὴν

2102 4212 2391 4282 σύλληψιν,
2420 4211 2494 4273 ὼς
2524 4209 2585 4261 οὐ
2615 4206 2847 4276 δυνατὴν
2895 4206 3023 4260 ἄνευ
3061 4204 3276 4275 ἀνδρὸς,
3321 4201 3432 4255 εἴτε
3461 4200 3669 4254 καὶτὸν

2099 4305 2297 4372 τρόπον
2327 4303 2490 4356 αὑτὸν
2517 4299 2764 4367 ἐπιζητεῖ
2795 4298 2894 4366 τῆς
2926 4297 3263 4366 συλλήψεως,
3293 4295 3350 4360 ἐξ
3374 4286 3583 4355 οὗτινος
3603 4291 3668 4346 ἂν

2100 4396 2194 4448 καὶ
2226 4395 2456 4462 γένοιτο.
2509 4391 2612 4444 Τὸν
2643 4391 2750 4461 γὰρ
2812 4389 3006 4459 Ἰωσὴφ
3059 4387 3348 4458 μνηστῆρα
3386 4386 3483 4456 μὲν
3525 4379 3665 4448 οἶδα,

2098 4487 2284 4556 φησὶν,
2317 4484 2484 4555 ἄνδρα
2510 4482 2568 4535 δὲ
2589 4481 2862 4552 οὐδαμῶς,
2897 4480 3008 4534 οὒτ’
3055 4480 3273 4551 ἔχουσα,
3305 4477 3444 4548 τάχα
3469 4477 3524 4529 δὲ
3551 4474 3666 4528 οὗθ’

2087 4577 2303 4641 ἕξουσα.
2335 4574 2410 4631 Οὐ
2435 4575 2544 4645 γὰρ
2568 4575 2634 4645 δὴ
2662 4575 2873 4628 δέδοται
2917 4575 3012 4627 καὶ
3042 4573 3104 4626 τὸ
3130 4571 3326 4642 ψαύειν
3350 4570 3499 4639 αύτῷ
3547 4568 3656 4622 τῶν

2087 4667 2406 4738 ἀψαύστων,
2445 4668 2568 4721 οὐδὲ
2598 4668 2689 4721 τὸν
2721 4665 3221 4736 ἀποκεκλεισμένον
3245 4666 3422 4734 κῆπον
3450 4663 3662 4716 ἀποσυ-

2090 4762 2208 4830 λᾷν,
2222 4761 2414 4814 οὐδὲτὸ
2433 4760 2871 4832 ἐσφραγισμένον
2889 4758 3096 4830 βιϐλίον
3111 4755 3644 4826 ἀποσφραγίζεσθαι.

2091 4853 2364 4924 Σύμφωνα
2414 4853 2586 4905 ταῦτα
2632 4851 2742 4905 τῶν
2813 4853 2873 4904 ὲν
2936 4849 3278 4920 ἀποκρύφοις
3336 4845 3658 4918 ἱστορουμέο

2094 4965 2199 5000 νων
2229 4965 2240 4978 ·
2270 4947 2351 4999 ὅτι
2382 4944 2633 4999 τοσοῦτον
2667 4945 2894 5015 ἐξελὲγη
2942 4945 3101 5014 μόνον
3141 4945 3169 4995 ὁ
3212 4943 3408 5012 Ἰωσὴφ
3436 4940 3523 4994 ἐπ’
3545 4938 3663 4992 ὀνό-

2097 5057 2229 5110 ματι
2261 5039 2360 5105 τῆς
2406 5037 2699 5110 μνηστείας
2740 5038 2839 5107 τὴν
2884 5035 3133 5105 φυλακὴν
3171 5034 3339 5103 αὐτῆς
3384 5031 3658 5085 ποιεῖσθαι

2083 5133 2178 5201 τῆς
2237 5131 2562 5201 παρθενίας·
2599 5131 2660 5183 οῦ
2689 5130 2798 5201 γὰρ
2847 5129 2910 5199 δὴ
2955 5127 3134 5183 καὶτὸ
3185 5125 3515 5194 κοινωνῆσαι
3557 5124 3659 5191 γά-

2087 5241 2203 5292 μων
2258 5225 2394 5292 αὐτῇ
2450 5240 2600 5283 ποτε,
2639 5221 2714 5292 μὴ
2758 5220 2851 5273 καὶ
2900 5219 3206 5289 ἱεροσυλίαν
3251 5215 3660 5287 κατακριθῶσιν

2082 5316 2360 5384 ἄντικρυς,
2393 5313 2770 5377 ἀποσυλῶντες
2799 5313 2893 5366 τοῦ
2921 5311 3056 5364 Θεοῦ
3082 5311 3144 5364 τὸ
3170 5311 3450 5379 ἀνάθημα.

1464 5545 1503 5573 ’⁵
1537 5545 1547 5596 Ι
1577 5544 1701 5596 Cor.
1747 5561 1832 5610 xv,
1865 5546 1932 5600 23
1966 5565 1979 5602 ;

2103 5564 2175 5599 ςαν
2204 5546 2255 5600 δὲ
2284 5547 2528 5616 ὑποταγῇ
2562 5545 2710 5618 αὐτῷ
2749 5545 2814 5599 τὰ
2868 5545 3114 5601 πάντα...
3165 5542 3298 5601 Cum
3327 5551 3504 5597 autem
3532 5540 3659 5596 sub—
