4010 6580
373 451 475 515 825
1139 450 1395 511 SERMO
1437 450 1515 511 IN
1556 453 1661 512 SS.
1709 452 2055 512 DEIPARE
2102 453 2815 517 ANVUNTIA'I‘IONESI.
3492 457 3599 519 8‘26

370 573 494 615 sunt
519 570 722 631 tangat,
757 570 1010 631 nequeut
1043 562 1259 616 hortum
1325 562 1644 618 conclusum
1710 562 2065 632 depra-detur,
2125 580 2300 629 nepte
2345 569 2802 635 utconsignatum
2830 566 3025 621 librum
3083 564 3607 636 resignet.Cot.sona

369 662 480 715 lmc
511 666 638 712 sunt
666 671 786 721 cum
817 654 883 708 iis
936 667 1057 722 qua:
1128 653 1182 705 in
1237 652 1561 723 apocrypltis
1620 664 1911 707 narrantur
1942 694 1957 716 ,
1998 654 2291 723 Josephum
2353 658 2602 711 videlicet
2643 660 2695 711 in
2736 658 2883 714 hunc
2908 659 3258 714 solummodo
3302 658 3462 712 ﬁnem
3496 659 3607 712 ele-

366 763 512 807 ctum
537 749 727 809 fuisse,
762 754 819 799 ut
847 741 1287 812 desponsatiouis
1354 742 1574 795 nomine
1623 743 1947 811 virginitatis
1988 745 2159 813 ipsius
2212 747 2518 800 custodiam
2552 748 2801 815 haberet,
2840 750 2982 803 haud
3013 765 3143 804 vero
3208 765 3360 815 sane,
3387 757 3445 803 ut
3483 765 3607 804 eum

366 848 482 917 ipsa
521 846 574 899 in
596 842 850 896 connubii
880 855 1098 910 quoque
1143 839 1591 894 consuetudinem
1623 839 1913 909 aliquando
1980 844 2190 898 veniret
2226 860 2240 908 ;
2286 844 2425 897 absit
2462 845 2606 897 enim
2672 854 2731 899 ut
2761 847 2813 899 in
2852 846 3138 901 donarium
3198 844 3307 901 Deo
3351 845 3606 901 devotum

365 959 561 999 manus
591 939 895 1010 injicientes
942 937 1204 991 continuo
1254 936 1336 991 vel
1377 935 1647 1005 sacrilegii
1699 937 2114 994 damnarentur.

433 1037 551 1101 ις’.
584 1033 648 1086 Τί
693 1031 785 1086 οὖν
818 1032 846 1084 6
888 1032 1254 1101 νυμφαγωγός
1287 1046 1344 1081 τε
1375 1031 1471 1083 καὶ
1517 1031 1926 1098 νυμφοστόλος;

2104 1031 2243 1088 XVI.
2280 1032 2420 1099 Quid
2451 1034 2635 1105 itaque
2683 1035 2771 1093 ille
2812 1051 3028 1106 sponsa:
3080 1038 3363 1101 adductor,
3392 1035 3613 1104 nuptia-

364 1130 553 1202 ["Opa,
588 1126 704 1189 πῶς
734 1128 800 1196 τῇ
836 1123 1099 1194 Παρθένῳ
1131 1122 1249 1177 λύει
1301 1123 1401 1194 τὴν
1428 1125 1665 1194 ἀπορίαν
1704 1124 1732 1175 6
1768 1125 1937 1192 ἄγγε-

361 1222 451 1284 λος
482 1220 599 1291 καὶ]
628 1220 741 1282 πῶς
766 1220 901 1289 αὑτῇ
925 1215 1270 1287 διερμηνεύει
1293 1217 1385 1268 τὸν
1427 1216 1704 1287 ἄφθαρτον
1734 1217 1931 1288 γάμον,

364 1300 475 1368 και
493 1314 584 1365 τὸν
618 1314 893 1383 ἄφραστον
918 1310 1075 1363 τόκον
1109 1308 1231 1379 Ῐκαὶ
1276 1310 1367 1362 τὸν
1397 1309 1781 1378 ἀκατάληπτον
1807 1310 1934 1377 τρό-

364 1404 508 1477 πον],
545 1405 637 1458 καὶ
680 1403 797 1474 ἅμα
847 1404 1200 1471 μυσταγωγεῖ
1224 1401 1283 1454 τὸ
1341 1402 1439 1470 τῆς
1494 1401 1724 1471 Τριάδος
1777 1403 1918 1472 αὐτῇ

366 1498 707 1568 μυστήριονο
778 1494 877 1567 [Οὐ
925 1494 1101 1564 χρεία,
1164 1494 1353 1562 φησὶν,
1419 1494 1615 1564 ἀνδρός
1653 1510 1666 1524 ο
1717 1493 1777 1546 οὐ
1827 1495 1935 1563 γὰρ

360 1589 562 1660 ὁμοίως
615 1590 735 1651 ταῖς
771 1588 958 1649 ἄλλαις
985 1586 1078 1663 ,τὰ
1139 1586 1207 1639 σὰ
1240 1625 1257 1652 ,
1315 1587 1504 1657 ὥσπερ
1567 1586 1687 1639 οὐδὲ
1734 1587 1803 1641 τὰ
1841 1586 1934 1640 τοῦ

364 1688 495 1740 Υίοῦ
529 1689 639 1750 τοῖς
662 1686 816 1749 υἱοῖς.
845 1686 919 1738 Οὐ
952 1683 1059 1754 γὰρ
1085 1684 1118 1753 ἡ
1155 1682 1222 1753 σὴ
1247 1682 1507 1753 σύλληψις
1520 1684 1616 1751 τῆς
1638 1682 1936 1753 παρθενίας

360 1781 694 1850 ἀφαίρεσις,
756 1777 889 1832 ἀλλά
957 1776 1053 1829 καὶ
1153 1775 1461 1829 τούναντίον
1548 1776 1781 1845 σφραγὶς
1842 1775 1937 1827 καὶ

364 1871 713 1939 συντήρησις.
777 1868 943 1937 Δέχου
982 1865 1096 1931 οὖν,
1148 1857 1193 1917 ὦ
1252 1866 1518 1937 Παρθένε,
1574 1866 1636 1919 τὸ
1698 1864 1931 1935 λεχθέν

361 1961 441 2032 μὴ
506 1960 660 2031 ζήτει
712 1959 771 2012 τὸ
832 1961 1075 2030 σιγηθέν.
1130 1958 1220 2029 Τῷ
1290 1958 1425 2029 τόκῳ
1497 1956 1758 2028 μαρτυρῶ
1789 1971 1805 1987 ⁸
1857 1955 1936 2027 τῷ

359 2051 560 2122 πρόπῳ
609 2050 953 2121 παραχωρῶ.
1001 2047 1268 2116 Ἀγγελος
1339 2048 1486 2119 γὰρ,
1549 2047 1607 2100 οὐ
1684 2046 1937 2101 διδάσκα-

358 2144 451 2209 λός
513 2162 596 2198 σοι
648 2145 747 2215 τῆς
796 2142 1110 2213 οἰκονομίας
1169 2140 1409 2211 ἐλήλυθα
1442 2154 1456 2171 ⁸
1520 2139 1768 2203 διάκονος
1841 2139 1936 2193 καὶ

358 2234 538 2305 κῆρυξ
584 2234 682 2305 τῆς
723 2234 1057 2303 Δεσποτικῆς
1121 2232 1433 2301 ἀπεστάλην
1488 2230 1806 2301 ἐπιδημίας,
1834 2231 1935 2283 οὐκ

357 2327 653 2398 ἑρμηνεὺς,
684 2326 794 2380 οὐδ’
848 2325 1122 2396 ἐξηγητὴς
1184 2323 1281 2377 τοῦ
1328 2324 1771 2393 προστάγματος.
1806 2322 1935 2386 Πῶς

358 2418 513 2470 ἔσται
568 2415 747 2482 τοῦτο,
780 2409 922 2487 οἶδεν
968 2415 1128 2477 αὐτὸς
1177 2416 1205 2467 6
1263 2417 1477 2484 παρόνθ’
1513 2414 1594 2466 ὅτι
1644 2413 1926 2483 πάρεστιν,
1965 2401 2005 2452 Β

362 2508 710 2577 ἐπίσταμαι·
758 2507 851 2559 τὸν
916 2505 973 2558 δὲ
1011 2506 1212 2575 τρόπον
1267 2504 1484 2573 λέγειν,
1540 2504 1601 2557 οὑ
1642 2502 1925 2574 δύναμαι.]

360 2598 602 2667 Πνεῦμα
629 2598 799 2666 ἅγιον
831 2598 1221 2651 ἐπελεύσεται
1270 2596 1370 2650 ἐπὶ
1417 2596 1492 2651 σὲ
1522 2596 1643 2666 (καὶ
1676 2595 1929 2665 δύναμις

372 2692 665 2759 ’Υψίστου
717 2690 1055 2745 ἐπισκιάσει
1092 2690 1237 2759 σοι).
1278 2688 1375 2760 [Οὐ
1406 2688 1515 2761 γὰρ
1572 2689 1784 2759 ἀνδρὸς,
1812 2686 1927 2741 ἀλλ’

362 2784 520 2851 ἁγίου
556 2782 870 2853 Πνεύματος
916 2784 949 2853 ἠ
995 2783 1302 2846 ὲπέλευσις,
1335 2782 1429 2834 καὶ
1461 2781 1630 2851 αὐτῆς
1678 2781 1777 2851 τῆς
1829 2780 1924 2833 τοῦ

369 2873 628 2944 Ὑψίστου
658 2875 935 2944 δυνάμεως
959 2874 1336 2944 ήὲπισκίασις.
1357 2871 1430 2925 T6
1456 2872 1555 2941 μὲν
1574 2867 1667 2925 οὖν
1682 2870 1923 2940 Πνεῦμα,

357 2969 546 3039 φησιν,
571 2965 945 3038 ἐπελεύσεται]
980 2966 1363 3036 προοδοποιοῦν
1399 2965 1475 3035 τῷ
1503 2965 1616 3034 Υίῷ
1666 2965 1763 3034 τὴν
1811 2964 1927 3016 εἵσ-

356 3062 476 3114 οδον
526 3061 618 3113 καὶ
674 3059 1023 3129 προενοικοῦν
1080 3060 1172 3112 καὶ
1229 3058 1596 3129 προκαθαῖρον
1662 3056 1808 3124 αὐτῷ
1836 3055 1927 3108 τὸν

358 3149 621 3219 θάλαμον,
688 3148 888 3218 μᾶλλον
935 3148 991 3201 δὲ
1046 3149 1142 3201 καὶ
1193 3146 1699 3217 προσκαλλωπίξον,
1742 3148 1791 3199 εἰ
1834 3144 1926 3198 καὶ

357 3242 799 3315 προκεκάθαρται
822 3241 917 3295 καὶ
942 3239 1508 3313 προκεκαλλώπισται.

426 3505 538 3559 Καὶ
563 3505 819 3574 δύναμις
860 3503 1154 3572 Ὑψίστου
1182 3503 1525 3557 ἐπισκιάσει
1566 3518 1663 3555 σοι
1694 3517 1708 3532 '
1740 3501 1920 3566 τοῦτο,

357 3600 502 3651 x216
544 3599 669 3660 Υἱὸς
700 3599 815 3667 ἅμα
860 3596 953 3650 καὶ
980 3597 1008 3648 6
1042 3598 1230 3665 Πατήρ
1263 3612 1278 3626 ο
1314 3597 1341 3649 6
1381 3596 1501 3665 μὲν,
1534 3597 1567 3665 ἡ
1621 3594 1869 3663 δύναμις,
1897 3596 1925 3646 6

358 3690 486 3753 Υἱός
517 3708 532 3723 ο
580 3693 608 3743 6
663 3690 742 3753 δὲ,
778 3684 947 3759 οὗπερ
987 3691 1021 3760 ἡ
1069 3688 1323 3756 δύναμις,
1358 3690 1385 3740 6
1420 3688 1632 3757 Πατήρ.
1670 3686 1923 3755 Χριστὸς
1949 3731 1993 3793 C

354 3786 468 3854 γὰρ
508 3782 654 3836 Θεοῦ
686 3781 937 3850 δύναμις
971 3782 1066 3835 καὶ
1100 3780 1249 3835 Θεοῦ
1274 3780 1480 3849 σοφία.

428 3875 537 3927 Καὶ
574 3872 920 3926 ἐπισκιάσει
970 3890 1071 3926 σοι
1107 3888 1119 3901 ·
1162 3874 1376 3925 σκιὰσει
1430 3871 1529 3942 μὲν
1574 3870 1637 3924 τὸ
1676 3870 1924 3941 Πνεῦμα,

353 3964 671 4020 ἐπισκιάσει
698 3965 751 4017 δὲ
794 3965 941 4027 Υἱὸς,
982 3963 1231 4033 καθάπερ
1261 3963 1798 4032 ὲσκιαγραφημένοις
1843 3979 1925 4013 τι-

355 4061 444 4110 σὶν
470 4057 571 4128 ήδη
614 4056 763 4127 παρά
793 4055 887 4108 τοῦ
918 4054 1235 4123 Πνεύματος
1266 4056 1378 4116 τοῖς
1408 4054 1741 4124 χαρίσμασιν
1798 4055 1921 4106 ἐπι-

354 4149 835 4217 ϐάλλωνριαὶαὺτὰ
855 4147 925 4200 τὰ
953 4146 1239 4217 χρώματα,
1272 4146 1409 4198 αὐτὰ
1434 4146 1489 4198 δὲ
1519 4146 1715 4199 ἑαυτοῦ
1747 4146 1924 4199 πάντα

354 4244 424 4296 τὰ
468 4242 712 4311 πατρικὰ
736 4241 1092 4311 γνωρίσματα
1114 4255 1128 4270 ο
1160 4239 1193 4309 ἢ
1229 4238 1321 4291 καὶ
1353 4237 1450 4309 τὴν
1472 4238 1699 4290 ἀθέατον
1729 4237 1920 4304 αὑτοῦ,

352 4335 511 4404 φησὶ,
545 4332 759 4403 μορφὴν
802 4334 859 4386 ὲν
891 4332 973 4384 σοὶ
1023 4333 1119 4384 καὶ
1156 4330 1401 4395 σκιωδῶς
1439 4331 1795 4402 περιγράψει,
1828 4333 1922 4385 καὶ

349 4427 413 4477 τὸ
444 4424 565 4476 καθ’
597 4424 741 4493 ἡμᾶς
760 4424 816 4476 ὲν
840 4423 923 4475 σοὶ
955 4423 1370 4492 μορφωθήσεται
1395 4438 1409 4454 ·
1434 4424 1466 4493 ἢ
1493 4424 1586 4476 καὶ
1624 4426 1656 4495 ή
1683 4423 1778 4476 τοῦ
1806 4425 1919 4476 Πα-

349 4516 480 4587 τρὸς
512 4516 651 4586 αὐτὴ
684 4516 938 4584 σφραγὶς,
966 4516 1027 4566 τὸ
1060 4515 1422 4584 ἀπαύγασμα,
1453 4515 1514 4567 τὸ
1538 4514 1916 4585 ἀποσκίασμα,

351 4611 459 4662 κάν
500 4610 584 4661 σοὶ
605 4608 1123 4677 ὁιασημανθήσεται,
1150 4608 1325 4668 πάσας
1350 4606 1484 4676 ὁμοῦ
1508 4608 1607 4667 τὰς
1640 4607 1914 4678 πατρικὰς

350 4700 634 4768 ἐνεργείας
684 4699 859 4751 εῐτουν
915 4696 1069 4760 σκιὰς
1138 4698 1232 4749 καὶ
1276 4699 1403 4759 τοὺς
1454 4699 1806 4767 χαρακτῆρας
1857 4700 1918 4749 ὲν

350 4793 533 4861 ἐλυτῷ
588 4790 896 4862 περιφέρων
951 4788 1069 4860 [καὶ
1109 4789 1198 4851 σὸς
1231 4788 1427 4852 Υἱὸς-,ό
1477 4788 1572 4841 καὶ
1623 4787 1720 4840 τοῦ
1771 4787 1908 4841 Θεοῦ

350 4886 446 4937 καὶ
470 4882 680 4953 Πατρὸς
706 4885 851 4947 Υἱὸς,
878 4882 1162 4950 γινόμενος
1184 4882 1275 4933 καὶ
1302 4879 1688 4953 καλούμενος.]

422 5060 518 5115 IZ’.
565 5058 723 5112 Ἀλλά
768 5058 958 5111 σκόπει
1018 5075 1111 5127 μοι
1160 5057 1260 5127 τὴν
1300 5056 1607 5126 ἀκρίϐειαν.
1652 5056 1757 5109 Τοῦ
1816 5057 1914 5126 μὲν

2037 1140 2269 1194 rumque
2298 1140 2505 1196 auspex
2532 1128 2796 1197 angelus?
2826 1127 2985 1199 [Vide
3017 1130 3295 1198 quomodo
3323 1143 3352 1181 a
3388 1126 3609 1196 Virgine

2036 1217 2407 1273 dubitationes
2454 1220 2633 1288 abigat
2689 1219 2763 1292 et]
2810 1224 3086 1289 quomodo
3146 1221 3607 1274 incontaminatas

2037 1311 2141 1380 ipsi
2174 1312 2393 1380 nuptias
2435 1313 2871 1384 ineil‘ahilemque
2910 1329 3126 1385 partum
3182 1322 3261 1386 [et
3303 1316 3610 1383 incompre-

2038 1402 2359 1458 ltcnsibilem
2399 1405 2641 1473 ejusdem
2686 1406 2977 1478 rationem]
3008 1408 3164 1476 quasi
3200 1409 3470 1476 interpres
3511 1420 3608 1459 ex-

2036 1504 2224 1564 ponat,
2247 1510 2309 1549 ac
2343 1496 2661 1565 mysterium
2695 1498 2858 1552 simul
2888 1498 3174 1553 Trinitatis
3209 1515 3327 1552 eam
3355 1498 3604 1553 edoceat.

2042 1586 2233 1658 [Nihll,
2259 1589 2455 1656 inquit,
2482 1604 2620 1656 opus
2648 1598 2731 1644 est
2761 1591 2916 1655 viro;
2954 1609 3129 1661 neque
3160 1592 3304 1645 enim
3358 1599 3450 1644 tua
3476 1605 3602 1645 cum

2037 1680 2159 1734 aliis
2186 1680 2527 1745 mulieribus,
2585 1681 2746 1736 sicuti
2788 1698 2888 1737 nec
2910 1699 3031 1752 quae
3069 1693 3196 1737 sunt
3243 1683 3335 1735 ﬁlii
3374 1682 3449 1735 ttti
3477 1696 3601 1734 cum

2038 1771 2156 1824 aliis
2173 1771 2313 1835 ﬁliis,
2336 1772 2630 1842 quidquam
2648 1789 2940 1828 commune
2963 1774 3182 1827 habent.
3204 1772 3601 1840 Conceptimua

2038 1865 2180 1918 haud
2211 1880 2341 1918 sane
2371 1866 2701 1935 virginitatis
2730 1874 2811 1921 est
2830 1866 3015 1928 funus,
3037 1867 3128 1920 sed
3154 1881 3184 1919 e
3212 1879 3476 1919 converso
3502 1864 3603 1916 ob-

2037 1954 2270 2023 signatio
2311 1956 2491 2023 potius
2545 1966 2598 2010 et
2639 1958 2906 2013 custodia.
2946 1957 3094 2011 Tene
3126 1956 3311 2027 igitur,
3346 1971 3379 2009 o
3412 1955 3600 2023 Virgo,

2037 2042 2180 2112 quod
2213 2043 2305 2097 tibi
2341 2045 2671 2111 revelatum;
2704 2047 2846 2114 quod
2879 2047 3094 2101 silentio
3130 2056 3214 2101 est
3240 2047 3589 2102 obvolutum.

2037 2148 2106 2189 ne
2145 2149 2375 2203 quzeras.
2408 2135 2481 2190 De
2517 2145 2668 2205 partu
2704 2136 2861 2190 Iidem
2904 2136 3077 2204 facio;
3113 2138 3179 2192 de
3227 2139 3386 2191 modo
3422 2135 3603 2191 dicere

2039 2227 2212 2280 mitto.
2241 2226 2474 2283 Nuntius
2520 2230 2662 2283 enim
2712 2230 2805 2283 tibi
2854 2229 3301 2298 dispensationis,
3341 2245 3446 2283 non
3481 2242 3603 2282 ma-

2038 2320 2204 2388 gister
2245 2320 2390 2374 veni:
2424 2320 2670 2391 minister
2690 2329 2743 2375 et
2786 2336 2963 2390 praeco
3008 2320 3276 2375 Dominici
3332 2320 3600 2375 adventus

2034 2409 2233 2464 missus
2258 2425 2402 2477 sum,
2438 2426 2544 2464 non
2570 2412 2857 2480 interpres,
2883 2428 3058 2482 nequc
3091 2414 3411 2481 explanator
3439 2426 3595 2463 tuan-

2034 2500 2164 2556 dati.
2190 2500 2477 2565 Quomodo
2497 2500 2738 2556 futurum
2766 2502 2819 2557 id
2851 2503 2942 2567 sit,
2964 2507 3113 2559 novit
3143 2504 3258 2571 ipse
3287 2503 3379 2572 qui
3405 2502 3557 2555 adest
3584 2518 3598 2554 :

2032 2608 2156 2646 nam
2215 2594 2405 2648 adesse
2457 2609 2605 2659 cum,
2637 2605 2979 2665 perspectum
3026 2597 3231 2661 habeo;
3268 2606 3322 2649 at
3379 2594 3598 2649 modum

2031 2685 2265 2749 edicere,
2292 2686 2423 2739 mihi
2450 2703 2553 2741 non
2587 2688 2871 2759 suppetit].
2908 2687 3142 2756 Spiritus
3173 2698 3390 2741 sanctus
3418 2702 3602 2753 super—

2031 2774 2195 2826 veniet
2236 2776 2287 2827 in
2314 2786 2363 2829 te
2401 2776 2469 2842 (et
2501 2778 2665 2830 virtus
2712 2777 2979 2831 Altissimi
3026 2778 3355 2830 obumbrabit
3385 2777 3479 2829 tibi
3510 2776 3599 2844 ").

2032 2864 2168 2936 [Non
2195 2866 2338 2919 enim
2365 2867 2484 2930 viri,
2522 2868 2615 2922 sed
2642 2867 2879 2937 Spiritus
2906 2870 3078 2923 sancti
3108 2870 3212 2922 erit
3237 2872 3520 2931 adventus,
3549 2876 3604 2921 et

2031 2958 2205 3027 ipsius
2274 2958 2493 3013 virtutis
2560 2960 2830 3014 Altissimi
2889 2959 3256 3013 obumbratio.
3320 2958 3597 3026 Spiritus,

2030 3063 2158 3118 ergo
2203 3049 2396 3118 inquit,
2431 3051 2799 3122 superveniet]
2857 3051 2947 3119 qui
3007 3049 3148 3103 Filio
3202 3050 3346 3102 viam
3390 3050 3599 3117 ingrcs-

2030 3156 2257 3209 snmque
2290 3151 2571 3209 prmparet,
2614 3158 2677 3196 ae
2721 3143 2945 3212 priorin
2986 3150 3037 3197 te
3076 3143 3255 3207 sistat,
3285 3149 3397 3194 tum
3427 3140 3599 3194 thala-

2029 3249 2176 3287 mum
2212 3234 2291 3289 illi
2324 3234 2679 3303 prmmundet,
2708 3251 2804 3290 seu
2852 3234 3033 3305 potius
3077 3234 3187 3303 jam
3235 3243 3393 3288 antea
3434 3247 3598 3287 mutt-

2028 3325 2213 3378 datum
2273 3334 2328 3379 et
2369 3336 2692 3380 exornatum
2746 3326 3101 3395 splendidiori
3150 3325 3328 3380 adhuc
3396 3323 3599 3378 decore

2027 3427 2273 3471 exornet.

2100 3508 2167 3562 Et
2190 3510 2358 3563 virtus
2389 3508 2654 3563 Altissimi
2684 3508 3164 3575 obumbrabittibi;
3198 3508 3251 3564 id
3295 3515 3400 3573 est,
3426 3516 3479 3562 et
3509 3504 3599 3560 Fi-

2027 3600 2132 3655 lius
2178 3600 2341 3655 simul
2387 3610 2444 3655 et
2506 3600 2696 3666 Pater;
2727 3600 2900 3656 Filius
2946 3611 3029 3657 est
3081 3601 3247 3662 enim.
3280 3600 3371 3670 qui
3424 3600 3600 3653 virtus

2028 3692 2368 3761 appellatur;
2405 3692 2566 3747 Pater
2606 3707 2755 3759 vero,
2781 3694 2940 3762 cujus
3001 3694 3092 3748 ille
3151 3694 3327 3747 virtus
3376 3691 3595 3746 dicitur.

2026 3779 2159 3834 Nam
2196 3780 2437 3835 Christus
2462 3781 2557 3835 Dei
2592 3783 2755 3834 virtus
2783 3793 2860 3836 est
2901 3792 2949 3836 et
2980 3782 3069 3837 Dei
3104 3783 3372 3851 sapientia
3419 3780 3483 3833 ³³.
3526 3778 3597 3831 Et

2027 3873 2355 3927 obumbrabit
2410 3874 2505 3927 tibi
2573 3891 2591 3929 :
2661 3875 3013 3929 obumbrabit
3074 3885 3125 3929 te
3186 3875 3405 3943 quidem
3472 3870 3597 3940 Spi-

2027 3966 2164 4021 ritus
2223 3976 2479 4033 sanctus,
2539 3968 2632 4023 sed
2675 3969 3021 4024 obumbrabit
3060 3978 3113 4023 et
3168 3965 3358 4032 Filius,
3409 3963 3598 4034 gratia.-

2024 4059 2181 4113 donis
2232 4059 2344 4127 jam
2400 4074 2429 4111 a
2492 4060 2698 4129 Spiritu
2762 4061 3163 4131 quodammodo
3240 4056 3585 4114 adumbratis

2023 4150 2185 4204 etiam
2214 4165 2345 4204 suos
2371 4151 2488 4221 (per
2507 4150 2587 4221 se)
2622 4151 2887 4220 adjicicns
2940 4152 3169 4212 colores.
3197 4150 3344 4220 ipsas
3403 4149 3597 4219 utique

2023 4259 2051 4296 a
2105 4243 2258 4297 Patre
2311 4252 2559 4313 acceptas
2608 4245 2691 4297 sui
2745 4244 2920 4312 ipsius
2952 4245 3308 4313 proprietates
3353 4257 3591 4308 omnes;

2024 4352 2119 4392 seu
2177 4337 2363 4399 etiam,
2416 4338 2614 4407 inquit,
2658 4336 2991 4390 invisibilem
3044 4350 3199 4391 suam
3247 4335 3477 4389 formam
3539 4333 3593 4386 in

2025 4439 2076 4484 le
2131 4428 2362 4496 quadam
2428 4429 2575 4481 velut
2636 4429 2826 4481 umbra
2871 4425 3301 4487 circumscribct,
3347 4432 3591 4479 nostram

2023 4522 2231 4576 scilicet
2262 4521 2489 4574 formam
2533 4520 2585 4573 in
2645 4529 2695 4573 te
2740 4531 3014 4583 assumet;
3053 4533 3148 4573 seu
3184 4518 3370 4579 etiam,
3414 4516 3591 4584 ipsum

2022 4613 2199 4667 Patris
2245 4612 2607 4681 signaculum,
2636 4610 2894 4680 splendor
2934 4610 2997 4673 ",
3050 4607 3392 4662 adumbratio
3428 4605 3590 4660 etiam

2020 4705 2073 4758 in
2120 4712 2172 4757 te
2204 4701 2659 4768 manifestabitur,
2687 4718 2877 4761 omnes
2918 4701 3120 4769 pariter
3173 4707 3429 4769 paternas
3470 4696 3588 4751 vir-

2022 4803 2204 4857 tutes,
2262 4809 2357 4848 seu
2408 4795 2632 4849 umbras
2698 4802 2863 4863 atque
2926 4793 3257 4847 lineamenta
3304 4791 3360 4844 in
3401 4789 3585 4859 seipse

2019 4882 2410 4938 circumferens
2440 4882 2515 4955 [et
2563 4884 2705 4938 lilius
2762 4894 2887 4939 tuus
2928 4884 3198 4939 exsistens
3245 4891 3300 4936 et
3334 4890 3585 4945 vocatus,

1944 4976 2117 5045 uni
2147 4977 2307 5029 etiant
2370 4975 2461 5029 Dei
2508 4992 2570 5030 ac
2624 4974 2803 5031 Patris
2871 4985 2955 5031 est
2997 4974 3215 5044 Filius].

2082 5066 2240 5120 XVII.
2275 5066 2472 5120 Verum
2508 5068 2733 5134 inspice,
2763 5082 2971 5137 quaeso,
3013 5075 3332 5122 accuratum
3374 5080 3585 5120 sermo-

352 5152 689 5222 Πνεύματος,
725 5152 906 5219 φησιν,
933 5152 965 5219 ἡ
996 5150 1294 5210 ἐπέλευσις,
1332 5149 1523 5219 μόνηή
1550 5149 1689 5202 κατὰ
1727 5150 1914 5219 σχέσιν

2030 5175 2157 5211 tem.
2201 5158 2384 5213 Sancti
2450 5158 2706 5228 Spiritus,
2749 5161 2945 5230 inquit,
2982 5162 3251 5214 adventus
3314 5157 3593 5211 illumina-

352 5242 615 5311 ἔλλαμψις
644 5256 656 5269 ·
693 5243 723 5310 ἡ
758 5241 814 5293 δὲ
858 5240 951 5293 τοῦ
986 5239 1114 5292 Υἱοῦ
1156 5243 1247 5291 καὶ
1300 5239 1631 5301 ὲπισκίασις,
1663 5241 1830 5310 ἤγουν
1881 5242 1915 5311 ἡ

2030 5252 2211 5303 ηὶοιιοηι
2272 5251 2651 5306 tantummodo
2698 5252 2830 5307 dicit
2868 5268 2964 5322 per
3006 5253 3248 5307 habitum
3279 5268 3294 5315 ;
3321 5249 3587 5303 adventus

353 5335 473 5387 κατ’
503 5334 688 5386 οὐσίαν
718 5333 951 5403 οἴκησις.
984 5332 1016 5402 ἢ
1069 5333 1160 5384 καὶ
1200 5334 1232 5401 ἡ
1268 5331 1365 5401 τῆς
1394 5332 1595 5403 σαρκὸς
1622 5332 1911 5403 ἀνάληψις.

351 5428 451 5480 Διὸ
475 5427 570 5479 καὶ
618 5426 685 5478 τὸ
725 5426 1095 5494 γεννώμενον
1150 5423 1319 5491 ἅγιον
1367 5424 1733 5491 κληθήσεται
1783 5426 1912 5491 Υἱὸς

353 5518 523 5571 Θεοῦ.
553 5518 628 5570 Οὐ
658 5517 744 5569 διὰ
768 5517 866 5585 τὴν
901 5516 1021 5568 καθ’
1048 5516 1344 5569 ὑπόστασιν
1384 5515 1542 5585 μόνον
1576 5516 1788 5579 ἕνωσιν,
1822 5517 1914 5569 καὶ

350 5612 439 5664 6:5:
472 5612 569 5681 τὴν
602 5611 743 5663 κατά
788 5610 948 5679 χάριν
1000 5608 1192 5661 θέωσιν
1222 5612 1249 5661 ὁ
1278 5608 1440 5671 αὐτὸς
1490 5610 1581 5661 καὶ
1622 5609 1745 5671 Υἱὸς
1774 5607 1909 5661 Θεοῦ

355 5710 445 5757 1.1".
479 5705 603 5767 Υἱὸς
653 5702 939 5773 ἀνθρώπου
972 5701 1064 5756 καὶ
1114 5700 1189 5756 ὢν
1241 5701 1337 5755 καὶ
1381 5701 1734 5770 καλούμενος,
1773 5701 1906 5755 ἀλλὰ

433 5886 469 5916 ¹⁷
503 5882 636 5938 Luc.
676 5899 714 5948 ι,
765 5883 851 5938 55.
938 5885 975 5914 ¹⁸
1010 5882 1027 5937 l
1060 5884 1183 5937 Cur.
1213 5900 1248 5949 ι,
1286 5886 1373 5940 2i.
1454 5886 1491 5915 ³³
1553 5882 1711 5939 llcbr.
1766 5900 1803 5947 ι,
1842 5885 1891 5937 5.

2013 5357 2140 5396 vero
2180 5342 2296 5397 Filii
2330 5354 2413 5398 est
2445 5354 2701 5413 praeterea
2748 5345 3118 5409 obumbratio,
3157 5341 3409 5397 videlicet
3433 5339 3591 5393 inha-

2022 5434 2210 5489 hitatio
2254 5438 2553 5491 secundum
2613 5438 3024 5503 substantiam,
3074 5454 3169 5492 seu
3238 5436 3355 5504 ipsa
3419 5432 3586 5487 etiam

2019 5526 2199 5579 cat-nis
2258 5528 2580 5594 assumptio.
2614 5525 2842 5597 Ideoque
2874 5511 2945 5582 "et
2999 5528 3136 5597 quot
3182 5527 3423 5580 nascitur
3455 5541 3584 5578 san-

2016 5625 2177 5678 ctum,
2216 5616 2485 5667 vocabitur
2522 5614 2695 5671 Filius
2726 5618 2816 5671 Dei
2859 5620 2927 5672 ¹⁰.
2962 5618 3099 5672 Tum
3127 5619 3297 5673 Filius
3333 5618 3425 5672 Dei
3458 5626 3573 5671 tum

2015 5704 2183 5759 Filius
2228 5705 2465 5759 hominis
2523 5705 2635 5774 ipse
2666 5717 2717 5762 et
2756 5718 2837 5764 est
2876 5720 2929 5766 et
2971 5719 3213 5775 vocatur,
3250 5725 3358 5765 non
3398 5708 3582 5765 solum

1972 5887 2013 5915 ²⁰
2040 5884 2172 5943 Luc.
2206 5904 2245 5953 ι,
2307 5884 2395 5940 53.
