4044 6572
415 418 522 486 827
1657 409 1978 473 JOANNIS
2010 406 2443 470 GEOMETIUE
3548 402 3656 464 828

412 538 633 602 propter
685 528 943 585 unionem
1006 528 1307 585 secundum
1362 523 1696 596 hypostasim
1762 539 1828 579 ac
1878 538 1977 593 per

2088 520 2185 574 καὶ
2207 520 2294 573 διὰ
2327 519 2426 591 τὴν
2457 518 2567 573 τῶν
2607 519 2886 591 ὀνομάτων
2921 516 3274 581 ἀντίπτωσιν,
3303 516 3378 579 ῶς
3422 534 3519 570 του
3562 518 3664 587 μὲν

410 621 810 679 deificationem
836 623 1137 678 secundum
1164 620 1416 691 gratiam,
1436 618 1529 673 sed
1551 617 1714 671 etiam
1757 624 1979 685 propter

2087 611 2375 682 ἀνθρώπου
2408 612 2665 675 πολλάκις
2710 612 2771 665 τὸ
2799 610 2893 665 τοῦ
2936 610 3097 679 φύσει
3123 608 3280 672 Θεοῦ,
3310 609 3404 661 τοῦ
3440 610 3496 662 δὲ
3527 609 3663 661 Θεοῦ

413 713 735 767 idiomatum
781 710 1541 776 communicationem;adeo
1575 718 1634 763 ut
1682 717 1737 762 et
1773 706 1978 761 homini

2087 703 2149 757 τὸ
2173 702 2265 757 τοῦ
2310 703 2469 771 φύσει
2519 703 2853 771 καλουμένου
2889 700 3048 755 πάλιν
3079 699 3368 771 ἀνθρώπου
3427 698 3518 751 διὰ
3562 700 3662 767 τὴν

412 819 650 873 pcrszepe
667 804 1125 875 tribuantur,qu:e
1145 812 1339 858 natura
1358 815 1457 856 sua
1469 808 1597 855 sunt
1616 798 1707 852 Dei
1739 796 1977 867 propria,

2088 796 2267 867 ἄκραν
2304 795 2499 850 ἕνωσίν
2526 813 2585 849 τε
2607 796 2701 849 καὶ
2730 793 3126 865 περιχώρησιν.

410 900 465 945 et
504 893 740 948 vicissim
794 893 924 960 Deo,
954 911 1075 963 qua:
1111 903 1302 962 suapte
1336 900 1529 945 natura
1590 897 1721 945 sunt
1776 886 1995 958 propria
2035 885 2298 954 hominis,
2352 887 2668 943 videlicetct
2704 894 2923 955 prOpter
2975 882 3338 939 arctissimam
3402 882 3658 937 unionem

410 995 465 1039 et
495 993 715 1055 pr0pter
744 986 1340 1043 cireuminsessionem.
2409 1025 2413 1033 .

477 1077 665 1133 XVIII.
700 1078 964 1152 [Curnatn
1001 1097 1128 1135 vero
1168 1078 1441 1150 (angelus)
1498 1093 1609 1133 non
1652 1076 1811 1143 dixit,
1840 1075 1979 1145 quod

2151 1075 2259 1131 ΠΡ.
2291 1072 2415 1147 [Διά
2440 1073 2492 1129 τί
2519 1073 2577 1129 δὲ
2602 1073 2701 1129 οὐκ
2728 1069 2871 1138 εἷπε,
2897 1072 2964 1126 τὸ
2986 1071 3361 1143 γεννώμενον
3378 1071 3498 1125 ὑπὸ
3518 1071 3657 1134 σοῦ,

409 1180 693 1237 generatur
708 1187 773 1225 ea:
802 1183 872 1238 te,
915 1172 1010 1227 sed
1042 1172 1384 1241 simpliciter,
1413 1172 1552 1242 quod
1584 1178 1863 1240 generatur
1897 1168 1979 1221 “i

2081 1167 2193 1221 ἀλλ’
2224 1168 2430 1232 ἁπλῶς,
2458 1167 2526 1221 τὸ
2562 1165 2981 1237 γεννώμενονς
3018 1166 3143 1218 Ὀτι
3192 1160 3355 1225 οἶδεν,
3390 1166 3491 1217 οὐκ
3539 1164 3647 1216 ἀπὸ

411 1259 548 1323 Quia
578 1271 822 1325 noverat,
856 1276 962 1316 non
996 1261 1263 1324 mulieris.
1291 1262 1384 1317 sed
1418 1263 1634 1333 proprie
1673 1275 1740 1316 ac
1772 1259 1979 1331 prima-

2081 1258 2361 1330 γυναικὸς,
2383 1258 2501 1313 ἀλλ’
2540 1259 2649 1314 ἀπὸ
2677 1258 2869 1331 ἀνδρὸς
2903 1258 3109 1329 κυρίως
3147 1258 3243 1311 καὶ
3274 1255 3508 1326 πρώτως
3554 1259 3660 1325 τὴν

411 1354 497 1406 rio
529 1351 629 1406 viri
656 1367 779 1408 esse
820 1355 1246 1423 generationem.
1291 1356 1353 1410 Et
1407 1371 1540 1411 sane
1587 1355 1756 1425 patris
1781 1363 1863 1410 est
1888 1369 1979 1424 ge-

2081 1354 2353 1425 γέννησιν.
2385 1352 2495 1406 Καὶ
2515 1354 2680 1424 γεννᾷ
2711 1353 2810 1423 μὲν
2833 1355 2861 1407 ὁ
2896 1351 3102 1422 πατὴρ,
3130 1352 3163 1421 ἡ
3190 1349 3246 1402 δὲ
3268 1350 3454 1419 μήτηρ
3480 1349 3653 1402 διαδε-

410 1457 637 1509 nerare;
663 1444 853 1500 matris
901 1460 1053 1513 vero,
1090 1463 1213 1501 cum
1265 1447 1549 1518 receperit,
1579 1447 1977 1517 generationem

2085 1442 2641 1516 χομένη,τελεσφορεῖ
2656 1443 2750 1497 καὶ
2766 1442 2995 1514 προάγει
3024 1441 3123 1513 τὴν
3144 1442 3417 1510 γέννησιν.
3441 1440 3539 1495 Ἰν⁸
3566 1437 3661 1494 οὖν

408 1534 476 1588 ad
510 1534 673 1593 linem
703 1524 1024 1606 perducere,
1060 1549 1223 1610 atque
1252 1540 1304 1594 in
1354 1540 1530 1595 lucem
1581 1540 1761 1595 edere.
1796 1537 1979 1606 Itaque

2090 1538 2226 1605 μήτε
2264 1535 2374 1589 ἀπὸ
2413 1535 2619 1605 ταύτης
2664 1536 2804 1599 ὅλον,
2858 1536 2996 1605 μήτε
3030 1534 3085 1587 δὲ
3123 1534 3215 1588 καὶ
3256 1533 3363 1586 ἀπὸ
3429 1532 3657 1603 πατρὸς,

410 1633 471 1678 ut
522 1628 856 1695 ostenderet,
888 1632 1095 1699 prolem
1139 1631 1308 1696 illam,
1343 1642 1691 1701 generantem
1721 1629 1885 1688 simul
1927 1638 1979 1683 et

2085 1625 2198 1698 ἀλλ’
2231 1624 2325 1696 ἀφ’
2354 1624 2548 1679 ἑαυτοῦ
2576 1625 2723 1697 δείξῃ
2770 1626 2831 1677 τό
2862 1624 3129 1695 γέννημα,
3166 1626 3261 1678 καὶ
3294 1625 3501 1693 γεννῶν
3520 1623 3657 1694 ὁμοῦ

408 1717 674 1783 genitam,
709 1733 817 1773 non
882 1719 984 1790 ipsi
1038 1722 1294 1791 (Virgini)
1354 1738 1420 1778 ex
1488 1726 1707 1787 integro
1741 1762 1758 1787 ,
1809 1735 1979 1790 neque

2086 1718 2181 1772 καὶ
2234 1715 2592 1786 γεννώμενον,
2617 1716 2706 1770 διὰ
2746 1716 2904 1769 τοῦτο
2940 1714 3116 1779 οὑτως
3178 1712 3389 1787 sinam]
3421 1715 3656 1787 [Πίστις,

406 1808 574 1863 etiam
610 1810 748 1880 patri
788 1812 1505 1885 cuipiam,sed‘sihimetipsi
1521 1814 1707 1868 deberi
1740 1820 1802 1868 ut
1817 1828 1979 1884 gene-

2088 1809 2244 1881 φησι,
2267 1808 2435 1862 τῶνδε
2460 1806 2568 1861 τῶν
2585 1806 2940 1876 εὐαγγελίων,
2972 1806 3137 1886 ἔτερα
3161 1806 3455 1875 εὐαγγέλια
3487 1822 3658 1877 προσ-

408 1913 644 1966 raretur,
681 1914 967 1974 propterea
1010 1906 1089 1961 sic
1112 1907 1327 1963 locutus
1363 1906 1494 1978 est.]
1533 1904 1765 1978 [Fidenu
1804 1906 1979 1973 inquit

2086 1902 2305 1975 εμφερῆ
2355 1900 2450 1959 καὶ
2486 1902 2759 1973 ὑπερφυῆ,
2784 1900 2852 1955 δι’
2875 1900 3009 1972 ἐμοῦ
3034 1900 3128 1954 καὶ
3158 1901 3535 1971 γινωσκόμενα
3566 1900 3659 1954 καὶ

408 1989 713 2061 (angelus),
758 1993 952 2053 faustis
983 1995 1133 2052 hisce
1160 1998 1367 2053 nuntiis
1396 1997 1501 2052 alia
1518 1996 1726 2052 faciant
1758 1997 1979 2063 nuntia,

2081 1994 2361 2066 γινόμενα.
2387 1992 2604 2046 Τούτων
2625 1992 2683 2045 δέ
2699 2009 2781 2045 σοι
2811 1991 2962 2063 παρά
2992 1991 3204 2047 πολλῶν
3224 1990 3522 2057 ἀπόδειξις,
3552 1991 3659 2044 ἀπὸ

409 2081 565 2137 hisce
585 2084 788 2139 similia
832 2095 889 2141 et
926 2088 1195 2145 miraculo
1225 2091 1518 2160 stupenda,
1549 2104 1672 2159 qua:
1699 2104 1795 2159 per
1822 2104 1907 2142 me
1931 2098 1979 2145 ct

2081 2088 2175 2143 τοῦ
2213 2088 2499 2157 ὀνόματος,
2522 2086 2631 2140 ἀπδ
2656 2086 2753 2156 τῆς
2776 2084 3123 2154 συγγενείας,
3150 2084 3258 2138 ἀπὸ
3282 2084 3374 2138 τοῦ
3401 2084 3658 2154 πράγμα-

407 2171 833 2230 manifestantur
870 2186 925 2231 et
949 2179 1290 2234 exsecutioni
1334 2179 1754 2235 demandantur.
1778 2177 1979 2233 Horum

2081 2200 2194 2245 τος,
2216 2181 2324 2235 ἀπὸ
2338 2179 2434 2234 τοῦ
2448 2181 2664 2252 χρόνου,
2684 2179 2779 2232 καὶ
2799 2178 3069 2234 ἁπάύτοῦ
3088 2177 3180 2232 τοῦ
3199 2178 3345 2240 Θαύμ.
3358 2194 3506 2241 ατος.
3526 2176 3658 2232 Ἰδοὺ

407 2271 588 2317 autem
615 2266 989 2334 probationem
1021 2269 1309 2340 multiplici
1340 2286 1407 2327 ex
1441 2272 1618 2342 capite
1659 2280 1857 2340 przesto
1889 2270 1979 2325 ha-

2082 2274 2192 2344 γὰρ
2232 2272 2567 2335 Ἐλισὰϐετ.
2598 2272 2634 2339 ἡ
2670 2270 2975 2340 συγγενής
3003 2286 3143 2335 σου,
3196 2270 3539 2325 συνέλαϐεν
3586 2270 3655 2322 ἐν

410 2353 527 2416 bes.
567 2356 620 2410 in
653 2359 895 2425 nomine,
924 2360 977 2415 in
1022 2364 1370 2431 cegnatione,
1401 2364 1454 2419 in
1488 2381 1546 2419 re
1584 2365 1721 2435 ipsa,
1752 2365 1805 2419 in
1838 2372 1979 2418 tem-

2086 2362 2331 2435 7-rip8t.|r'1
2346 2360 2695 2430 καλουμένη
2717 2361 2943 2429 atelpa'
2961 2360 3214 2414 τοσοῦτον
3226 2361 3303 2422 είς
3314 2360 3428 2425 ἕξιν
3439 2354 3538 2429 ἧκε
3557 2359 3655 2429 τῆς

411 2462 567 2515 pore,
597 2449 650 2503 in
688 2450 808 2522 ipso
828 2452 1048 2509 detnum
1080 2455 1349 2526 prodigio.
1380 2457 1518 2512 Eece
1547 2457 1693 2511 enim
1714 2456 1977 2522 Elisabet,

2088 2453 2528 2521 ἀπαιδίας,ῶστε
2562 2453 2656 2507 καὶ
2693 2454 2773 2516 εἰς
2810 2452 3004 2522 κλῆσιν
3029 2452 3168 2522 αὐτῇ
3197 2450 3484 2522 γνώρισμα
3517 2445 3655 2505 εἶναι

410 2551 639 2611 cognata
670 2547 1037 2615 tua.concepil
1069 2548 1123 2601 in
1146 2557 1428 2614 senectute,
1461 2565 1578 2619 qua:
1623 2560 1841 2603 vocatur
1872 2557 1979 2602 ste-

2087 2545 2149 2598 τὸ
2168 2543 2459 2616 ἀτύχημα·
2496 2543 2591 2597 καὶ
2628 2541 2696 2614 δὴ
2740 2541 2922 2610 πλέον,
2951 2542 3045 2598 ὅτι
3081 2542 3264 2598 οὐδὲν
3288 2542 3657 2610 ἀδυνατήσει

410 2632 531 2686 ritis
551 2636 595 2665 "
622 2641 710 2702 (eo
737 2651 911 2706 usque
937 2638 1083 2693 enim
1115 2639 1394 2696 indomitae
1413 2641 1715 2695 sterilitatis
1745 2641 1982 2695 devene-
2089 2636 2250 2705 παρὰ
2271 2633 2352 2701 τῷ
2373 2632 2542 2708 98¢]-

410 2734 516 2783 rat.
546 2735 604 2779 ut
646 2726 1004 2783 infortunium
1039 2731 1257 2788 cederet
1278 2733 1326 2788 ei
1356 2733 1408 2789 in
1429 2750 1651 2799 nomen,
1676 2748 1787 2805 quo
1807 2732 2204 2802 denotaretur),
2260 2738 2337 2797 et,
2391 2726 2539 2800 quod
2598 2726 2990 2809 etiam‘majus
3048 2736 3151 2796 est,
3200 2729 3325 2799 quia
3376 2728 3508 2782 nihil
3554 2728 3653 2782 im-

409 2816 657 2883 possibile
687 2820 827 2887 apud
850 2819 1121 2894 Deum”].

483 2908 616 2963 XIX.
654 2912 742 2985 [Et
774 2916 863 2970 hic
897 2918 1117 2987 quidem
1164 2920 1462 2991 perpende,
1484 2936 1697 2993 qumso,
1730 2919 1979 2993 Virginis

410 3016 613 3064 mores.
646 3016 698 3060 et
751 3019 1010 3076 quantam
1052 3010 1104 3065 itt
1149 3010 1376 3081 juvenili
1420 3015 1711 3070 admodum
1750 3028 1984 3084 corpore

409 3105 461 3148 et
487 3098 684 3152 mentis
714 3109 769 3154 et
802 3103 1029 3171 spiritus
1066 3105 1457 3173 perfectionem
1507 3116 1742 3177 gereret.
1768 3108 1979 3175 Quam-

410 3185 505 3241 diu
545 3189 691 3245 enim
744 3193 968 3251 suberat
1017 3197 1120 3251 viri
1161 3199 1425 3269 suspicio,
1457 3201 1509 3255 in
1565 3202 1979 3271 conceptionem

411 3277 730 3337 nullatenus
781 3287 1085 3343 consensit.
1130 3289 1233 3344 Sed
1266 3291 1415 3355 licet,
1448 3292 1650 3362 inquit,
1688 3301 1746 3347 tu
1788 3293 1865 3347 sis
1893 3310 1987 3348 ar-

409 3368 732 3441 changelus,
759 3376 885 3433 licet
909 3393 1147 3450 superna
1199 3384 1447 3453 quadam
1478 3384 1610 3439 mihi
1641 3394 1697 3440 et
1737 3385 1983 3441 caelestia

415 3464 608 3520 nuntia
646 3466 885 3536 deferas,
908 3481 962 3526 at
989 3476 1134 3528 enim
1178 3485 1240 3530 ut
1261 3491 1387 3531 cum
1420 3477 1539 3532 viro
1594 3477 1710 3547 ipsa
1756 3493 1985 3549 congre-

410 3554 554 3623 diar,
587 3561 1007 3633 concipiamque
1039 3580 1105 3622 ac
1144 3568 1376 3637 pariam,
1413 3569 1464 3623 id
1524 3570 1881 3640 impossibile.
1916 3571 1985 3625 At

410 3658 701 3719 postquam
759 3656 1093 3710 commonita
1132 3666 1220 3712 est
1265 3668 1378 3713 tum
1424 3660 1493 3714 de
1528 3661 1701 3717 sancti
1750 3660 1987 3731 Spiritus

410 3739 667 3807 adventu,
696 3750 813 3797 tum
848 3745 915 3800 de
939 3745 1032 3802 Dei
1065 3747 1204 3804 Filio
1239 3750 1293 3804 in
1325 3750 1440 3821 ipsa
1468 3752 1858 3818 inhabitatum,
1890 3771 1984 3810 ac—

410 3832 645 3900 quiescit
672 3836 760 3891 illa
789 3839 1012 3908 quidem
1048 3852 1104 3897 et
1129 3843 1337 3912 credit;
1362 3846 1498 3899 nihil
1529 3847 1673 3900 enim
1710 3847 1820 3901 Deo
1877 3850 1982 3902 im-

410 3925 669 3992 possibile
722 3943 886 3995 esse;
932 3947 1109 4002 neque
1174 3943 1355 3989 tamen
1405 3936 1628 3991 inflatur
1673 3949 1982 4009 propterea,

382 4025 578 4087 eatque
621 4022 925 4087 extollitur,
954 4025 1049 4080 sed
1101 4026 1428 4098 deprimitur
1482 4032 1686 4101 potius,
1752 4047 1984 4103 seseque

408 4110 679 4180 demittit;
715 4124 769 4170 et
825 4131 933 4169 non
985 4118 1149 4174 modo
1197 4119 1453 4177 ancillam
1504 4137 1565 4178 se
1599 4124 1855 4193 appellat,
1893 4141 1984 4180 ve-

407 4216 553 4267 rum,
598 4214 657 4259 ut
716 4218 1145 4266 consentaneum
1195 4220 1303 4278 est,
1352 4222 1595 4283 paratam
1659 4231 1879 4286 quoquc
1923 4232 1983 4272 se

406 4310 531 4351 esse
575 4298 642 4351 ad
678 4299 1044 4357 ministerium
1099 4304 1364 4371 aliirmat;
1417 4317 1794 4364 verumtamen
1854 4326 1979 4365 cum

406 4390 747 4458 propositum
783 4409 983 4452 munus
1004 4412 1064 4453 se
1092 4398 1208 4469 ipsa
1241 4400 1516 4466 sitaltius,
1552 4418 1657 4456 non
1700 4411 1809 4456 tam
1846 4402 1978 4457 illud

2160 2917 2260 2973 19'-
2299 2916 2469 2990 [Ὅρα
2500 2932 2593 2986 μοι
2621 2913 2905 2972 κάνταῦθα
2942 2916 3041 2985 τῆς
3070 2916 3355 2982 Παρθένου
3400 2915 3461 2969 τὸ
3495 2910 3651 2987 ἦθος,

2088 3008 2185 3063 καὶ
2244 3010 2376 3081 ὅσην
2421 3004 2565 3078 εἶχεν
2613 3011 2671 3064 έν
2713 3009 2892 3080 νεαρῷ
2934 3008 3129 3081 κομιδῇ
3175 3008 3251 3079 τῷ
3293 3008 3504 3078 σώματι
3558 3010 3652 3063 καὶ

2090 3103 2435 3173 φρονήματος
2471 3099 2608 3173 ὁμοῦ
2643 3101 2737 3155 καὶ
2789 3100 3097 3171 πνεύματος
3143 3101 3471 3171 τελειότητα,
3508 3102 3651 3165 Ἕως

2091 3193 2190 3264 μὲν
2236 3193 2343 3264 γὰρ
2377 3193 2570 3262 ἀνδρὸς
2628 3193 2897 3265 ὑπόληψις
2943 3189 3033 3266 ἦν,
3096 3194 3194 3266 τὴν
3253 3193 3516 3265 σύλληψιν
3554 3196 3651 3249 οὐκ

2086 3283 2321 3354 ἐδέχετο.
2384 3283 2544 3337 Ἀλλά
2585 3283 2691 3339 κᾶν
2753 3284 3096 3357 ἀρχάγγελος
3142 3282 3208 3360 ᾖς
3239 3327 3254 3351 ,
3312 3288 3446 3357 φησὶ
3477 3331 3492 3355 ,
3552 3286 3652 3340 κᾶν

2087 3381 2343 3453 ὑπερφυῆ
2395 3380 2484 3452 μοί
2510 3398 2633 3435 τινα
2677 3382 2775 3435 καὶ
2820 3382 3047 3454 οὐράνια
3096 3383 3327 3453 κομίζῃς
3372 3383 3439 3437 τά
3489 3383 3652 3450 εὐαγ-

2086 3473 2263 3541 γέλια,
2292 3474 2409 3529 ἀλλ’
2462 3474 2562 3545 ὲμι
2601 3474 2696 3528 καὶ
2753 3473 2909 3545 ἀνδρὶ
2960 3473 3236 3528 συνελθεῖν
3296 3474 3391 3528 καὶ
3457 3475 3653 3529 συλλα-

2086 3564 2204 3618 ϐεῖν
2261 3566 2355 3619 καὶ
2412 3567 2611 3629 τεκεῖν,
2646 3566 2950 3636 ἀμήχανον.
3011 3565 3232 3637 Ἐπειδὴ
3282 3566 3341 3619 δὲ
3406 3567 3500 3621 καὶ
3558 3566 3654 3637 τὴν

2086 3655 2389 3724 παρουσίαν
2430 3692 2448 3719 ,
2502 3655 2598 3710 καὶ
2650 3654 2748 3727 τὴν
2805 3655 3079 3726 ἐνοίκησιν
3116 3695 3133 3719 ,
3188 3656 3292 3724 τὴν
3376 3656 3476 3725 μὲν
3556 3656 3652 3709 τοῦ

2089 3748 2426 3820 Πνεύματος,
2447 3747 2545 3820 τὴν
2572 3749 2629 3803 δὲ
2662 3746 2756 3802 τοῦ
2791 3749 2922 3802 Υἱοῦ
2968 3750 3499 3823 προσευηγγελίσοη,
3529 3752 3649 3805 πεί-

2087 3841 2239 3895 θεται
2290 3842 2390 3913 μὲν
2429 3842 2524 3896 καὶ
2570 3841 2858 3895 πιστεύει”
2888 3842 3055 3913 μηδὲν
3095 3841 3202 3913 γὰρ
3250 3842 3514 3897 ἀδύνατον
3571 3839 3649 3896 εί-

2084 3950 2173 3987 ναι
2210 3933 2375 4004 Θεῶν
2428 3934 2665 4002 φυσᾶται
2719 3933 2778 3988 δὲ
2834 3936 2930 3988 καὶ
2989 3934 3275 4004 ἐπαίρεται
3346 3934 3468 3988 οὐδὲ
3553 3934 3647 3988 οὓ-

2083 4040 2214 4089 τως,
2251 4022 2385 4079 ἀλλά
2423 4023 2760 4077 καταπίπτει
2810 4023 3013 4094 μᾶλλον
3072 4026 3167 4078 καὶ
3219 4024 3601 4079 ὑποστέλλεται
3633 4040 3648 4055 ο

2084 4113 2180 4171 καὶ
2225 4113 2419 4185 δούλην
2460 4112 2563 4185 μὲν
2590 4113 2789 4185 ἑαυτὴν
2822 4114 2924 4167 ούκ
2979 4114 3234 4184 ὀνομάζει
3297 4115 3477 4186 μόνον,
3513 4114 3651 4167 ἀλλά

2082 4209 2201 4273 καὶ,
2229 4207 2304 4272 ὡς
2349 4208 2516 4271 εἰκὸς,
2551 4208 2776 4279 ἑτοίμην
2816 4204 2957 4262 εἶναι
3000 4207 3149 4277 λέγει
3195 4208 3329 4279 πρὸς
3359 4208 3419 4261 τὸ
3452 4209 3647 4277 ὑπούρ-

2083 4317 2241 4369 γημα
2267 4315 2280 4329 ⁸
2310 4299 2384 4363 ῶς
2413 4299 2469 4352 δὲ
2499 4300 2593 4352 καὶ
2627 4298 2767 4370 ὑπὲρ
2799 4300 2970 4369 αὐτὴν
2997 4300 3079 4368 ὂν,
3106 4300 3165 4353 ού
3189 4300 3405 4370 δέχεται
3454 4301 3653 4371 μᾶλλον

2082 4391 2116 4460 ἦ
2154 4390 2445 4459 ἐπεύχεται
2480 4390 2542 4442 τὸ
2595 4390 2966 4463 ἐπάγγελμα.]
3009 4392 3203 4455 Ἄλλος
3245 4390 3345 4462 μὲν
3398 4392 3492 4445 οὖν
3526 4392 3651 4447 ἄλλο

406 4483 661 4546 assumit,
697 4500 861 4554 quam
890 4503 948 4542 se
981 4489 1029 4543 ei
1060 4489 1322 4545 famulatu
1338 4508 1451 4544 ram
1481 4507 1603 4545 esse
1644 4491 1976 4562 pollicetur.]

2082 4499 2134 4536 τι
2161 4483 2269 4535 τῶν
2324 4484 2453 4550 περὶ
2500 4482 2707 4554 ταύτην
2773 4483 2874 4554 τὴν
2918 4487 3309 4555 μυσταγωγίαν
3361 4485 3652 4541 ἐπαινείτω

404 4570 508 4625 Alii
539 4574 725 4644 itaque
748 4578 852 4631 alia
877 4579 1054 4644 exiis,
1084 4597 1206 4649 quae
1229 4582 1295 4634 ad
1323 4582 1426 4635 hoc
1459 4582 1779 4652 mysterium
1807 4582 1975 4647 perti-

407 4672 558 4730 nent,
582 4666 907 4723 celebranda
939 4680 1242 4735 assumant,
1282 4681 1336 4725 et
1374 4670 1615 4742 Virginis
1638 4671 1982 4725 demirentur

406 4752 547 4809 alius
590 4757 807 4826 quidem
854 4759 1221 4828 prudentiam,
1257 4761 1398 4815 alius
1434 4777 1563 4815 vero
1610 4760 1977 4830 obsequium;

405 4844 569 4910 alius,
600 4849 744 4917 quod
772 4850 1071 4919 splendidis
1106 4852 1243 4905 adeo
1274 4852 1699 4923 ingentibusque
1720 4851 1981 4922 fulgentis

402 4952 469 4991 ac
507 4942 688 5011 magni
769 4942 1084 5013 archangeli
1134 4944 1599 5013 promissionibus
1660 4954 1818 5014 capta
1869 4960 1980 5001 non

402 5026 602 5096 fuerit;
643 5032 804 5097 alius,
835 5035 981 5103 quod
1018 5049 1125 5089 non
1167 5037 1287 5105 plus
1324 5052 1481 5105 aequo
1528 5053 1558 5091 a
1603 5036 1707 5092 fide
1756 5044 1970 5107 tempe—

404 5123 575 5175 rando
604 5137 722 5177 sese
743 5125 1066 5179 renitentem
1103 5125 1445 5193 exhibuerit;
1484 5126 1577 5182 sed
1605 5127 1828 5197 perinde
1847 5137 1903 5182 et
1942 5145 1974 5183 a

402 5214 641 5268 seducta:
689 5216 1091 5285 progenitricis,
1143 5217 1289 5283 Erae,
1338 5220 1582 5289 inquam,
1640 5219 1972 5289 imprudenti

401 5304 774 5375 simplicitate,
808 5317 864 5360 et
911 5323 940 5361 a
976 5323 1180 5375 nupera
1216 5310 1476 5365 increduli
1507 5311 1723 5380 cognati
1758 5310 1973 5366 Zachao

403 5396 499 5451 ria:
542 5397 839 5454 difﬁdentia
877 5401 1102 5456 caverit.
1130 5409 1199 5456 At
1237 5404 1371 5458 mihi
1407 5405 1549 5460 haud
1582 5405 1829 5461 miranda
1872 5407 1976 5460 tui-

403 5505 507 5545 nus
525 5490 759 5561 (3),itno
784 5508 911 5548 vero
940 5494 1104 5549 etiam
1153 5497 1394 5553 maximo
1445 5515 1556 5570 pne
1594 5500 1819 5571 reliquis
1876 5500 1976 5571 (si-

471 5636 673 5690 "Luc.
714 5650 757 5699 ι,
795 5636 886 5692 35.
963 5638 1009 5669 ”
1034 5636 1168 5695 ibid.
1210 5640 1301 5695 56.
1375 5641 1422 5674 ⁸³
1456 5640 1590 5697 Ibid.
1618 5642 1711 5697 57.

470 5801 549 5878 (.3)
602 5800 877 5860 Sententia
939 5820 1071 5862 sane
1130 5807 1450 5877 dignissima
1501 5816 1586 5863 est
1624 5823 1787 5878 quam
1850 5822 1963 5876 prre

398 5875 576 5934 oculis
628 5888 908 5947 nunquam
946 5895 1054 5936 non
1101 5875 1300 5937 habeat
1348 5880 1598 5951 quisquis
1645 5875 1727 5935 de
1759 5875 1971 5935 sancte

2084 4575 2179 4629 καὶ
2218 4574 2541 4643 Θαυμαζὰω
2592 4576 2689 4646 τῆς
2723 4577 2915 4648 κόρης,
2942 4578 2972 4631 ὁ
3001 4577 3099 4648 μὲν
3133 4579 3233 4648 τὴν
3276 4578 3599 4645 ἀσφάλειαν.
3624 4580 3651 4633 ό

2077 4663 2135 4718 δὲ
2167 4663 2267 4733 τὴν
2294 4664 2605 4719 εὐπείθειαν
2637 4683 2653 4699 ο
2683 4668 2712 4720 δ
2748 4667 2868 4739 μὲν,
2898 4668 2981 4722 ὅτι
3020 4668 3095 4738 μὴ
3152 4668 3485 4739 συνηρπάγη
3512 4667 3649 4738 λαμ-

2079 4758 2245 4829 πραῖς
2272 4757 2412 4814 οὕτω
2449 4760 2545 4815 καλ⁹
2593 4760 2860 4831 μεγάλαις
2904 4761 3000 4815 καὶ
3040 4763 3193 4834 παρά
3243 4762 3500 4834 λαμπροῦ
3556 4762 3650 4816 καὶ

2081 4850 2317 4920 μεγάλου
2339 4850 2433 4906 τοῦ
2450 4853 2794 4924 ἀρχαγγέλου
2837 4855 2957 4919 ταῖς
2988 4853 3347 4925 ὑποσχέσεσιν
3371 4872 3384 4884 ·
3421 4857 3449 4908 ὁ
3488 4854 3534 4908 δ’
3564 4856 3646 4909 ὅτι

2083 4945 2160 5015 μὴ
2202 4946 2343 5016 πέρα
2388 4947 2485 5000 τοῦ
2538 4950 2761 5021 μετρίου
2822 4949 3131 5013 δυσπειθῶς
3193 4950 3465 5021 ἐχρήσατο
3530 4951 3650 5013 ταῖς

2081 5035 2500 5090 ὲναντιώσεσινο
2536 5038 2652 5091 ἀλλ’
2704 5038 2901 5109 ἐπίσης
2952 5038 3186 5109 ἐξέφυγε
3230 5038 3460 5107 καὶτῆς
3508 5054 3649 5107 προσ

2073 5127 2297 5199 γονικῆς
2323 5129 2557 5199 ἀπάτης,
2588 5130 2685 5200 τῆς
2716 5129 2878 5196 Εὔας,
2910 5132 3072 5202 φημὶ,
3105 5132 3204 5202 τὴν
3237 5130 3519 5201 εὐήθειαν,
3557 5126 3654 5182 καὶ

2072 5224 2172 5291 τῆς
2207 5223 2532 5292 συγγενικῆς
2583 5223 2969 5287 ἀπιστίαςτοῦ
3009 5223 3279 5294 Ζαχαρίου
3304 5222 3413 5294 πρὸ
3454 5219 3652 5292 μικροῦ

2073 5314 2174 5385 τὴν
2200 5315 2502 5370 ἀπείθειαν.
2540 5317 2695 5387 Ἐμοὶ
2713 5318 2771 5371 δὲ
2798 5318 2893 5371 καὶ
2922 5318 2983 5371 τὸ
3003 5316 3137 5388 ὕψος
3168 5318 3267 5387 τῆς
3286 5334 3654 5387 ταπεινοφρο-

2076 5407 2241 5477 σύνης
2298 5406 2397 5476 οὐχ
2447 5401 2610 5479 ἦττον
2661 5408 2809 5463 δοκεί
2852 5411 3189 5480 θαυμαστὸν,
3221 5411 3339 5464 ἀλλ’
3387 5409 3550 5478 εἴπερ
3601 5424 3652 5459 τι

2074 5500 2183 5555 τῶν
2232 5499 2429 5567 ἄλλων,
2455 5501 2987 5574 ἐκπληκτικώτατον,
3017 5504 3086 5559 δι’
3140 5505 3207 5577 ἢν
3232 5504 3373 5575 τάχα
3414 5502 3509 5558 καὶ
3558 5499 3653 5553 ἐπὶ

2075 5803 2313 5873 Virginis
2344 5803 2719 5873 prterogativis
2748 5804 2951 5871 absque
2977 5802 3179 5857 erroris
3229 5799 3472 5873 periculo
3500 5800 3644 5865 diju-

2070 5869 2255 5933 dicare
2282 5869 2455 5945 cupit.
2493 5873 2637 5931 Mira
2662 5876 2839 5932 omnia
2869 5869 3105 5940 fuerunt,
3139 5869 3257 5934 una:
3310 5870 3380 5925 ad
3415 5869 3653 5927 Mariam
