4044 6578
433 426 531 490 831

1665 434 1988 497 JOANNIS
2030 435 2239 495 GEOM
2250 433 2464 494 ΕΤιιίΕ

3565 426 3672 487 832

433 539 554 592 dem
585 537 799 603 attinet,
830 538 1038 594 uuitam
1083 554 1202 595 esse
1231 554 1245 593 :
1285 540 1464 610 quoad
1490 541 1813 612 hypostases
1844 558 1991 606 vero,

2109 560 2300 611 πωμεν.
2333 543 2407 596 Ού
2468 541 2575 612 μὴν
2607 541 2727 593 οὐδὲ
2776 539 2935 592 πάλιν
2992 539 3181 609 ὥσπερ
3207 539 3583 600 ὑποστατικῶς
3640 539 3668 592 ὀ

433 632 607 685 Solum
641 629 834 684 Filium
865 632 966 687 soli
1025 633 1223 686 suimet
1251 633 1426 702 ipsius
1455 635 1605 688 carni
1641 635 1996 704 coniunctum

432 721 622 776 fuisse.
651 725 719 776 At
741 737 932 778 rursus
972 739 1080 777 non
1115 725 1258 779 sicut
1290 725 1629 795 hypostatice
1652 740 1872 779 carnem
1907 740 1998 780 as-

431 816 598 866 sumit
630 813 779 868 solus
822 813 1017 880 Filius,
1050 816 1124 870 ita
1158 816 1320 872 etiam
1352 818 1404 872 in
1437 817 1717 872 ctlicienda
1745 832 2000 887 assump-

433 908 581 960 tione
615 905 868 977 agitipse
912 909 1084 974 solus,
1127 909 1218 964 sed
1254 918 1455 964 etcum
1502 909 1844 979 beneplacito
1893 909 1999 963 Pa-

434 998 552 1064 tris,
577 1007 630 1052 et
671 999 1057 1068 cooperatioue
1080 999 1356 1070 Spiritus;
1405 1011 1460 1055 et
1509 1000 1589 1056 sic
1623 1001 1754 1055 mihi
1803 1016 1998 1056 rursus

433 1089 486 1142 in
518 1105 616 1143 sua
647 1089 852 1145 unitate
885 1089 1124 1145 Trinitas
1153 1091 1510 1160 dignoscitur,
1548 1101 1602 1146 et
1645 1108 1789 1147 uitus
1851 1093 2000 1149 exsi-

431 1191 580 1234 s:.cns
613 1181 775 1246 Deus,
808 1196 913 1234 non
959 1181 1200 1248 divisim,
1226 1182 1317 1238 sed
1351 1183 1685 1248 coniunctim
1719 1192 1995 1254 operatur.

502 1269 644 1324 XXI.
675 1270 938 1325 Praeterea
963 1271 1101 1326 inter
1149 1287 1234 1338 ea,
1275 1289 1397 1342 qua
1431 1274 1572 1329 scitu
1624 1275 1857 1328 maxime
1908 1289 2001 1327 ne-

430 1363 670 1415 cessaria
727 1371 874 1427 situt,
955 1377 1019 1417 ac
1079 1364 1326 1435 mysterii
1399 1364 1796 1421 incarnationis
1842 1365 2001 1436 quasi

431 1467 699 1506 summam
773 1453 1165 1519 constituunt,
1220 1456 1351 1511 illud
1410 1458 1573 1512 etiam
1627 1457 2000 1528 reponendum

429 1558 650 1606 censeo,
679 1560 746 1598 ne
783 1546 1073 1601 minimum
1103 1547 1324 1616 quidem
1370 1549 1626 1614 temporis
1681 1550 1834 1620 prius
1878 1565 2002 1603 car-

430 1648 552 1689 nem
577 1652 670 1690 seu
699 1637 972 1693 hominem
995 1641 1297 1706 exstitisse,
1337 1651 1526 1710 postea
1553 1658 1680 1696 vero
1715 1641 1807 1695 Dei
1838 1642 1999 1698 Verbi

431 1743 649 1782 carnem
674 1744 770 1784 seu
795 1730 960 1786 etiam
992 1733 1266 1787 hominem
1295 1734 1558 1800 evasisse,
1591 1734 1728 1789 adeo
1761 1744 1819 1788 ut
1871 1734 2000 1787 dum

432 1818 534 1872 hac
565 1820 778 1876 ratione
830 1823 1290 1892 praexsistentem
1323 1835 1610 1894 utramque
1657 1828 1861 1895 pariter
1903 1841 2004 1877 na-

2101 636 2228 698 Υὶὸς
2265 636 2442 705 μόνος,
2505 632 2646 686 οὕτω
2682 633 2776 686 καὶ
2805 632 3195 701 ὲνεργητικὼς,
3257 630 3375 683 ἀλλ’
3439 629 3661 700 εὐδοκία

2103 726 2203 797 μὲν
2233 726 2327 778 τοῦ
2378 724 2611 796 Πατρὸς,
2661 723 2920 796 συνεργίᾳ
2961 723 3017 775 δὲ
3065 722 3157 775 τοῦ
3220 721 3535 791 Πνεύματος
3567 723 3667 791 τὴν

2099 815 2404 884 πρόσληψιν
2432 815 2826 884 ἀπεργάζεται,
2847 813 2942 866 καὶ
2963 812 3105 865 οὕτω
3132 829 3221 882 μοι
3249 811 3463 883 πάλινὴ
3496 811 3666 880 Τριὰς

2100 903 2363 973 ἑνουμένη
2395 903 2740 974 γνωρίζεται,
2776 902 2872 955 καὶ
2896 901 2925 954 6
2951 895 3030 965 εἷς
3064 900 3197 964 Θεὸς
3219 901 3349 971 πρὶν
3377 899 3658 970 διαιρεθῆ-

2100 1014 2189 1052 ναι
2216 997 2532 1064 συνάγεται.

2179 1258 2306 1314 KA'.
2353 1259 2587 1311 Κάκεῖνο
2652 1257 2707 1308 δὲ
2766 1257 2871 1309 τῶν
2945 1254 3389 1323 ἀναγκαιοτάτων
3452 1255 3672 1320 εἰδέναι,

2099 1353 2180 1406 ὅτι
2214 1353 2308 1404 καὶ
2346 1350 2454 1403 τῶν
2491 1351 2588 1419 τῆς
2621 1349 2927 1420 οἰκονομίας
2956 1351 3134 1418 οῐομαι
3174 1349 3672 1414 συνεκτικωτάτων,

2101 1449 2182 1500 ὅτι
2214 1445 2333 1517 μηδ’
2373 1445 2498 1498 ὅσον
2560 1442 2655 1497 οὖν
2703 1443 2922 1513 πρῶτον
2952 1442 3110 1514 σὰρξ,
3165 1441 3300 1512 μηδὲ
3364 1441 3672 1511 ἄνθρωπος,

2103 1536 2221 1593 εἶτα
2254 1535 2390 1592 Θεοῦ
2446 1537 2624 1606 Λόγου
2684 1533 2821 1608 σάρξ
2860 1535 2893 1606 ἢ
2927 1537 3022 1590 καὶ
3053 1535 3362 1606 ἄνθρωπος,
3396 1534 3484 1588 ἳνα
3535 1532 3675 1587 οὕτω

2105 1629 2525 1702 προῦποστάσας
2555 1628 2648 1682 καὶ
2673 1628 2840 1697 ἄμφω
2863 1627 2961 1691 τὰς
2991 1625 3180 1696 φύσεις
3212 1626 3673 1696 ὁμολογήσαντες,

2104 1725 2181 1784 εἰς
2208 1723 2402 1793 διπλῆν
2432 1720 2847 1790 κατενεχθῶμεν
2879 1719 3178 1772 ὑπόστασιν
3225 1721 3289 1772 ἐκ
3331 1719 3434 1787 τῆς
3481 1718 3677 1786 διπλῆς

2104 1815 2199 1868 καὶ
2227 1814 2342 1883 ἰδία
2375 1811 2796 1882 προῦποστάσης
2825 1809 3070 1880 ἑκατέρῳ
3119 1809 3366 1878 φύσεωςο
3407 1807 3530 1861 ἀλλ’
3562 1808 3677 1874 ἅμα

435 1919 609 1964 turam
643 1915 982 1980 prolitemur,
1016 1931 1080 1969 ex
1118 1917 1316 1985 duplici
1347 1924 1401 1970 et
1430 1917 1658 1971 seorsim
1709 1916 1996 1986 prtecxsis-

2109 1907 2206 1976 μὲν
2232 1904 2310 1976 τῷ
2351 1904 2511 1975 Λόγῳ
2557 1904 2590 1974 ἡ
2651 1902 2810 1972 σὰρξ,
2877 1900 2995 1972 ἅμα.
3028 1899 3085 1954 δὲ
3109 1903 3180 1973 τῇ
3231 1899 3396 1966 σαρκὶ
3425 1900 3454 1952 6
3483 1900 3676 1966 Λόγος,

434 2010 576 2056 teuto
613 2003 926 2072 singulatim
961 2019 1177 2070 natura,
1217 2011 1282 2061 ad
1315 2009 1676 2078 prolitendam
1724 2010 1998 2078 duplicem

432 2110 720 2163 personam
786 2098 1175 2168 prolabuntur;
1244 2100 1339 2156 sed
1381 2116 1511 2155 caro
1569 2101 1734 2156 simul
1793 2099 2002 2156 exstitit

430 2200 553 2240 eum
594 2185 787 2256 Verbo,
815 2199 869 2246 et
899 2191 1059 2246 simul
1093 2206 1224 2247 cum
1256 2207 1422 2247 carne
1470 2190 1730 2257 Verbum,
1762 2200 1817 2246 et
1845 2190 1994 2246 Deus

431 2294 554 2333 cum
588 2280 826 2348 homine,
871 2285 1123 2354 quamvis
1174 2295 1436 2355 tanquam
1494 2283 1734 2339 Verbum
1764 2295 1818 2339 et
1851 2285 1997 2340 Deus

434 2374 849 2441 praeexstiterit;
886 2377 1199 2446 hypostasis
1226 2379 1368 2432 enim
1399 2377 1723 2447 pmexsistit
1752 2376 1823 2438 ei,
1858 2376 2003 2446 quod

435 2479 580 2517 nunc
617 2464 694 2529 lit,
745 2466 1007 2522 divinitas
1043 2469 1256 2523 scilicet
1285 2469 1630 2523 humanitati.
1692 2468 1906 2522 Etenim
1945 2478 2006 2522 ut

435 2570 574 2608 nova
608 2557 722 2612 haec
747 2569 1008 2628 exsurgat
1056 2571 1330 2626 creatura,
1357 2562 1464 2615 ciet
1491 2559 1735 2632 profecto
1766 2559 2003 2614 Verbum

435 2655 708 2714 naturam,
734 2664 1042 2720 quanquam
1077 2669 1183 2707 non
1208 2670 1301 2724 per
1325 2654 1574 2716 sationis,
1606 2654 1698 2708 sed
1732 2669 1826 2723 per
1851 2654 2003 2722 plasc

437 2739 693 2795 mationis
723 2756 860 2810 Opus
891 2757 1013 2796 eam
1067 2744 1230 2808 cicat,
1270 2755 1423 2815 prout
1460 2744 1636 2814 inquit
1663 2744 1826 2798 etiam
1886 2743 2008 2813 qui-

437 2831 560 2883 dam
594 2845 810 2898 eorum,
845 2835 937 2902 qui
967 2845 1094 2890 ante
1143 2850 1244 2891 nos
1275 2836 1534 2903 fuerunt;
1597 2835 1848 2890 consistit
1906 2850 2006 2888 au-

444 2929 552 2974 Iern
584 2920 636 2974 in
672 2919 850 2977 Verbo
873 2935 1092 2990 natura,
1127 2935 1238 2980 tota
1289 2928 1386 2982 toti
1418 2928 1689 2996 copulata,
1721 2935 1775 2980 et
1803 2941 1865 2979 ea
1890 2924 2010 2996 qui-

436 3010 562 3066 dem
615 3014 895 3070 sensibilis
938 3016 1093 3086 juxta
1155 3033 1220 3073 ac
1283 3017 1586 3082 rationalis,
1621 3017 1900 3087 passibilis
1945 3031 2008 3071 ac

439 3103 779 3172 spiritualis;
815 3115 980 3176 atque
1019 3109 1091 3163 ita
1123 3110 1342 3164 deuqu
1377 3125 1607 3179 persona
1636 3109 1835 3179 prodiit
1859 3123 2009 3164 com-

437 3195 614 3261 posita
637 3195 727 3250 illa
759 3213 910 3262 sane,
944 3200 1037 3254 sed
1069 3216 1176 3254 non
1207 3201 1430 3271 duplex,
1460 3211 1514 3257 et
1542 3219 1571 3256 e
1593 3217 1863 3257 converso
1910 3217 2006 3256 na-

438 3289 560 3338 tura
591 3286 808 3354 quidem
840 3288 1060 3359 duplex,
1094 3306 1203 3346 non
1233 3305 1412 3347 autem
1448 3295 1773 3362 composita,
1805 3293 2010 3364 quippe

439 3375 651 3430 illarum
709 3387 942 3449 utraque
999 3382 1283 3438 iuconlusa
1341 3394 1540 3440 manet.
1577 3385 1821 3451 Etsane,
1878 3385 2008 3457 quid

439 3463 542 3516 erit
585 3465 800 3521 tandem
866 3467 1138 3533 Christus,
1189 3474 1232 3527 si
1269 3476 1494 3530 omnino
1525 3491 1699 3546 neque
1733 3477 1876 3532 Deus
1911 3477 2005 3542 sit,

443 3569 620 3626 neque
653 3560 875 3615 omnino
913 3562 1098 3626 homo,
1139 3565 1233 3619 sed
1271 3567 1547 3637 quidpiam
1581 3569 1739 3624 sitex
1781 3579 2012 3640 utroque

2104 1996 2198 2049 καὶ
2224 1995 2253 2047 6
2293 1994 2425 2053 Θεὸς
2457 1992 2536 2064 τῷ
2583 1992 2876 2064 ἀνθρώπῳ,
2909 1993 2958 2046 εί
3015 1994 3111 2046 καὶ
3149 1991 3344 2062 προῆν,
3378 1993 3455 2054 ὼς
3504 1990 3676 2057 Λόγος

2101 2105 2161 2140 τε
2191 2088 2282 2141 καὶ
2316 2086 2477 2150 Θεός·
2507 2085 2806 2148 ὑπόστασις
2835 2084 2893 2138 δὲ
2924 2083 2984 2137 τὸ
3020 2084 3187 2155 προὸν
3215 2083 3293 2155 τῷ
3349 2082 3466 2150 νῦν,
3499 2083 3532 2152 ἡ
3563 2083 3680 2135 θεό·

2102 2198 2202 2251 της
2233 2182 2299 2250 τῇ
2330 2177 2743 2249 ὰνθρωπότητι.
2797 2176 2933 2248 Περὶ
2967 2177 3076 2247 γὰρ
3108 2175 3169 2230 τὸ
3210 2175 3271 2228 ὃν
3291 2175 3352 2228 τὸ
3372 2175 3676 2244 γινόμενον,

2105 2274 2248 2326 κινεῖ
2275 2270 2376 2341 μὲν
2410 2269 2519 2340 γὰρ
2545 2271 2574 2323 6
2605 2269 2776 2336 Λόγος
2813 2267 2910 2338 τὴν
2949 2267 3130 2337 φύσιν·
3161 2269 3302 2320 κινεῖ
3328 2265 3383 2318 δὲ
3424 2266 3680 2337 δημιουρ-

2104 2364 2296 2434 γικῶς,
2347 2362 2462 2415 ἀλλ’
2507 2362 2567 2416 ού
2647 2359 3092 2432 σπερμαντικῶς,
3155 2359 3230 2422 ὥς
3285 2375 3369 2422 τις
3423 2357 3527 2428 ἔφη
3587 2358 3680 2410 καὶ

2104 2455 2212 2508 τῶν
2247 2454 2352 2525 πρὸ
2381 2453 2571 2522 ἡμῶν·
2605 2451 2922 2506 συνίσταται
2971 2451 3030 2504 δὲ
3078 2451 3172 2504 καὶ
3199 2449 3330 2521 περὶ
3355 2450 3446 2501 τὸν
3509 2448 3679 2516 Λόγον

2106 2550 2140 2620 ἢ
2171 2546 2352 2616 φύσις.
2409 2545 2506 2616 ὅλη
2558 2544 2698 2616 πρὸς
2757 2545 2897 2607 ὅλον,
2943 2542 3178 2613 αἰσθητή
3243 2559 3304 2595 τε
3345 2541 3439 2594 καὶ
3466 2540 3678 2610 λογικὴ,

2108 2637 2328 2708 παθητή
2361 2653 2422 2689 τε
2453 2635 2545 2690 καὶ
2575 2633 2738 2706 νοερά
2787 2649 2804 2665 ο
2840 2634 2935 2686 καὶ
2963 2632 3105 2686 οὕτω
3138 2631 3410 2703 προῆλθεν
3441 2633 3679 2686 ὑπόστα-

2109 2747 2215 2796 σις,
2249 2727 2500 2792 σύνθετος
2530 2727 2650 2796 μὲν,
2672 2726 2733 2779 οὐ
2754 2724 2918 2795 διπλῆ
2943 2724 2998 2778 δέ
3023 2742 3034 2756 ⁸
3066 2726 3160 2778 καὶ
3185 2723 3342 2794 φύσις
3364 2723 3524 2792 διπλῆ
3562 2723 3680 2796 μὲν,

2107 2823 2169 2876 ού
2205 2820 2460 2884 σύνθετος
2501 2820 2558 2872 δέ
2583 2835 2598 2851 ⁸
2649 2818 2865 2890 άφυρτα
2919 2819 3027 2889 γὰρ
3071 2818 3166 2871 καὶ
3201 2818 3457 2888 ἑκάτερα.
3477 2817 3542 2869 Τί
3575 2814 3680 2885 γὰρ

2109 2916 2205 2970 καὶ
2251 2915 2402 2968 ἔσται
2455 2912 2712 2985 Χριστὸς,
2785 2913 2834 2965 εί
2891 2914 3032 2983 μήτε
3085 2910 3345 2983 καθαρῶς
3396 2909 3681 2981 ἄνθρωπος

2111 3010 2286 3071 ἔσται,
2355 3009 2490 3078 μήτε
2517 3005 2772 3077 καθαρῶς
2823 3005 2975 3058 ἔσται
3023 3003 3176 3068 Θεὸς,
3223 3002 3339 3057 ἀλλ’
3379 3002 3450 3056 ἶν’
3503 3001 3680 3072 ἀμφό-

2109 3120 2243 3172 τερα
2304 3097 2717 3171 συμπεφυρκὼς
2763 3095 2820 3173 ᾖ,
2876 3097 2972 3152 καὶ
3030 3098 3356 3168 ἀμφοτέρων
3409 3095 3564 3159 ἐκτὸς
3611 3090 3680 3168 ᾖς

2111 3194 2163 3246 τί
2187 3195 2244 3247 δὲ
2299 3197 2390 3246 καὶ
2427 3192 2563 3254 ὅλως
2585 3191 2830 3261 ἐθελήσει
2871 3190 2966 3242 καὶ
3017 3190 3228 3260 δράσει,
3292 3187 3416 3259 μήτ’
3477 3188 3684 3256 ἀνθρω-

2117 3288 2308 3352 πίνως,
2378 3287 2515 3355 μήτε
2556 3283 2737 3348 θείως,
2788 3282 2905 3335 ἀλλ’
2935 3282 3092 3336 ἄλλον
3145 3282 3269 3334 τινὰ
3326 3280 3528 3351 τρόπον
3559 3278 3683 3331 σύν-

2117 3379 2271 3432 θετον
2320 3378 2521 3432 ἐθέλων
2566 3378 2658 3430 καὶ
2687 3376 2870 3447 δρῶν;
2905 3376 2937 3445 ἢ
2994 3375 3167 3429 ταῦτα
3195 3375 3294 3444 μὲν
3316 3375 3471 3427 ἔσται
3494 3373 3560 3426 τά
3585 3389 3684 3444 μυ-

2117 3471 2261 3542 θώδη
2298 3470 2405 3524 τῶν
2435 3469 2612 3534 ζώων,
2644 3469 2758 3536 εἴγε
2789 3469 3017 3522 κάκεῖνα
3048 3467 3221 3532 ἔσται,
3248 3466 3342 3521 καὶ
3375 3467 3450 3538 μὴ
3475 3468 3532 3519 ὲν
3563 3468 3685 3519 ἐπι-

2117 3567 2289 3628 νοίαις
2322 3564 2502 3634 μόνον,
2539 3563 2790 3634 καθάπερ
2815 3561 3084 3630 ἀκούομεν
3115 3565 3211 3614 καὶ
3261 3560 3611 3628 πιστεύομεν.

441 3652 836 3718 comminuto,
893 3656 1134 3727 nihilque
1163 3675 1282 3714 cum
1359 3661 1618 3715 alterutra
1657 3672 1851 3718 natura
1919 3674 2209 3716 commune
2240 3655 2474 3712 habeat?
2543 3655 2767 3723 Insuper
2831 3670 3001 3724 ecqua
3068 3653 3284 3708 tandem
3337 3655 3387 3710 ei
3426 3653 3680 3708 voluntas

440 3748 533 3792 aut
559 3743 802 3809 operatio
837 3744 934 3814 (4),
971 3747 1014 3800 si
1054 3765 1229 3818 neque
1273 3749 1514 3805 humano
1553 3768 1728 3822 neque
1759 3752 1965 3815 divino,
2002 3751 2096 3806 sed
2129 3749 2236 3803 alio
2261 3747 2496 3817 quodam
2560 3746 2721 3800 modo
2752 3748 3020 3816 permixto
3049 3755 3103 3800 et
3162 3745 3287 3798 velit
3313 3755 3366 3800 et
3397 3745 3686 3814 operetur?

444 3827 643 3900 Nempe
674 3840 1038 3904 comparanda
1071 3839 1182 3894 hinc
1223 3841 1288 3896 iis
1326 3851 1506 3907 erunt,
1542 3858 1664 3913 quae
1733 3844 1786 3898 in
1851 3843 2052 3898 l‘abulis
2115 3840 2183 3896 de
2234 3837 2559 3908 quibusdam
2616 3837 2988 3892 animantibus
3054 3845 3371 3904 narrantur,
3422 3839 3468 3895 si
3509 3845 3686 3892 tamen

442 3932 493 3977 et
525 3924 626 3979 ista
670 3942 795 3981 vera
830 3929 959 3992 sint,
993 3939 1047 3985 et
1081 3947 1189 3986 non
1248 3949 1396 3989 mere
1423 3934 1680 4001 conﬁcta,
1733 3931 2196 4008 quemadmodum
2226 3929 2479 3984 audimus
2513 3936 2567 3982 et
2621 3927 2917 3982 credimus.

514 4015 677 4070 XXII.
722 4016 916 4074 Verum
955 4022 1058 4076 ista
1096 4033 1150 4078 et
1181 4023 1250 4078 ad
1279 4025 1446 4080 alium
1480 4028 1661 4096 potius
1693 4042 2002 4082 sermonem

442 4115 498 4160 ct
523 4109 589 4161 ad
620 4109 766 4164 aliud
823 4121 1070 4180 spectant
1129 4121 1359 4183 tempus,
1400 4133 1507 4171 non
1545 4133 1671 4172 vero
1704 4119 1768 4172 ad
1798 4118 2004 4188 gratia-

445 4216 563 4254 rum
598 4201 831 4257 actionis
863 4205 1044 4273 potius
1101 4222 1266 4276 quam
1319 4209 1634 4264 certaminis
1691 4210 2010 4264 solemnita-

445 4305 574 4350 tem.
607 4291 722 4349 Iloc
749 4297 880 4350 mihi
922 4314 1066 4354 nunc
1095 4301 1431 4369 propositum
1491 4311 1594 4365 est,
1629 4311 1689 4356 ut
1745 4311 1796 4356 et
1849 4301 2012 4356 simul

443 4385 789 4441 vehementer
821 4388 1081 4455 admirer,
1113 4399 1168 4445 et
1219 4392 1508 4461 gaudeam,
1549 4401 1602 4446 et
1660 4402 1852 4446 saneto
1899 4403 2010 4446 ter-

443 4493 566 4531 rore
601 4480 881 4548 percellar,
917 4490 1078 4550 atque
1099 4483 1233 4536 adeo
1261 4485 1398 4553 grati
1422 4500 1639 4554 quoque
1663 4485 1831 4537 animi
1862 4484 2013 4537 obla-

2192 4019 2322 4076 KB“
2383 4020 2541 4073 Ἀλλὰ
2581 4019 2754 4073 ταῦτα
2811 4021 2908 4090 μὲν
2932 4021 3062 4082 ἴσως
3094 4021 3281 4090 ἐτέρου
3303 4021 3462 4089 λόγου
3496 4039 3555 4075 τε
3582 4023 3678 4078 καὶ

2109 4113 2326 4185 καιροῦ,
2361 4113 2453 4166 καὶ
2487 4113 2547 4165 ού
2588 4112 2696 4165 τῶν
2744 4114 3114 4186 χαριστηρίων
3174 4115 3395 4186 μᾶλλον,
3418 4118 3451 4185 ἢ
3485 4117 3688 4184 ἐναγω-

2109 4208 2260 4264 νίων.
2292 4207 2431 4260 Νυνὶ
2463 4206 2519 4259 δὲ.
2543 4205 2804 4277 βούλομαι
2838 4205 2940 4275 μὲν
3002 4207 3117 4278 ἄμα
3151 4207 3321 4260 πολλὰ
3368 4207 3686 4280 θαυμάζειν,

2112 4301 2207 4354 καὶ
2242 4299 2476 4369 χαίρειν,
2520 4299 2615 4350 καὶ⁴
2663 4298 2931 4368 φρίττειν,
2990 4299 3091 4370 ἤδη
3145 4298 3203 4352 δὲ
3239 4301 3330 4353 καὶ
3366 4300 3494 4364 τοὺς
3532 4318 3689 4370 χαρι-

2121 4389 2378 4459 στηρίους
2413 4388 2732 4458 προσάγειν.
2768 4389 2880 4442 Οὐκ
2919 4389 3026 4459 ἔχω
3048 4390 3092 4443 δ’
3114 4385 3320 4454 οὗτινος
3349 4390 3413 4444 ἂν
3440 4390 3534 4443 καὶ
3562 4392 3688 4461 μᾶλ-

2123 4482 2213 4534 λον
2256 4482 2519 4551 γένωμαι,
2560 4481 2653 4534 τοῦ
2684 4482 3017 4552 θαύματοςῆ
3050 4482 3149 4551 τῆς
3178 4485 3404 4555 φρίκης,
3449 4483 3547 4554 τῆς
3591 4502 3687 4554 χα-

444 4570 645 4622 tionem
679 4569 951 4636 adjiciam.
984 4571 1322 4640 Quamquam
1363 4575 1518 4642 plane
1552 4576 1756 4633 nescio.
1789 4575 2004 4627 cuinam

2125 4576 2221 4643 ρᾶς
2246 4575 2278 4643 ἢ
2303 4574 2403 4643 τῆς
2430 4574 2779 4644 εὐχαριστίας
2799 4593 2812 4606 ο
2847 4575 2939 4630 καὶ
2967 4575 3060 4628 τοῦ
3099 4575 3379 4645 θαύματος
3425 4575 3688 4645 ὁποτέρου

442 4657 679 4728 amplius
708 4661 923 4717 aﬂectui
983 4663 1313 4732 indulgeam,
1348 4664 1797 4718 admirationisne
1827 4679 1893 4716 an
1926 4679 2015 4718 sa-

441 4751 520 4804 cri
553 4752 816 4816 horroris,
850 4771 978 4808 num
1009 4755 1189 4824 gaudii
1249 4770 1317 4809 an
1366 4756 1767 4824 gratulationis,
1797 4772 1858 4810 ac
1891 4772 2014 4810 rur-

442 4859 539 4899 sus
567 4861 860 4914 quamnam
913 4847 1200 4918 (mysterii)
1250 4857 1453 4911 partem
1507 4848 1682 4917 magis
1742 4857 2012 4917 stupeam,

442 4951 510 4987 an
541 4950 649 5005 quo
677 4947 831 5005 pacto
855 4937 994 4991 Deus
1016 4939 1209 4992 evadat
1239 4940 1420 5005 homo,
1445 4954 1513 4993 au
1541 4939 1817 5007 quomodo
1851 4942 2014 4994 homo

441 5027 535 5079 ﬁat
600 5027 774 5092 Deus;
851 5045 914 5081 ac
973 5031 1251 5098 quomodo
1311 5039 1456 5085 totus
1538 5032 1678 5086 Deus
1726 5040 1779 5085 et
1840 5033 2000 5086 simul

442 5117 592 5172 solus
645 5116 814 5172 Filius
869 5131 1120 5172 naturam
1178 5122 1467 5175 humanam
1511 5122 1725 5188 induat;
1757 5125 1836 5176 vel
1868 5140 2008 5192 quo—

445 5207 605 5261 modo
633 5207 804 5264 Filius
832 5219 885 5261 et
944 5219 1091 5264 totus
1144 5210 1195 5263 in
1231 5211 1354 5265 sinu
1416 5213 1612 5279 Patris,
1668 5222 1723 5268 et
1747 5223 1889 5269 totus
1939 5215 2009 5269 sit

444 5304 498 5356 in
532 5307 683 5354 utero
710 5301 930 5364 matris;
972 5309 1026 5352 et
1074 5303 1345 5367 quomodo
1377 5302 1612 5359 Verbum
1646 5321 1769 5360 vere
1794 5307 2005 5362 dimen-

2122 4664 2322 4734 μᾶλλον
2349 4664 2442 4717 τοῦ
2487 4665 2711 4736 μέρους,
2745 4667 2939 4730 ὃπωςό
2975 4668 3106 4732 Θεὸς
3133 4667 3440 4739 ἄνθρωπος,
3476 4667 3508 4737 ἢ
3543 4669 3686 4730 ὅπως

2114 4759 2142 4810 6
2168 4755 2453 4826 ἅνθρωπος
2488 4757 2696 4825 γίνεται
2721 4759 2853 4822 Θεός
2876 4777 2889 4790 ·
2926 4760 3019 4812 καὶ
3051 4761 3198 4822 ὅπως
3230 4761 3257 4812 6
3287 4759 3418 4822 Θεὸς
3445 4759 3566 4822 ὅλος
3595 4760 3687 4809 καὶ

2114 4850 2142 4902 ό
2169 4849 2296 4911 Υἱὸς
2329 4832 2511 4919 μόνος,
2550 4851 2758 4921 ἢὸπως
2783 4853 2876 4920 καὶ
2905 4853 3024 4914 ὅλος
3059 4853 3115 4904 ἐν
3139 4851 3214 4924 τῷ
3239 4853 3424 4923 κόλπῳ
3451 4851 3530 4920 τῷ
3581 4868 3687 4904 πα-

2111 4940 2305 5012 τρικῷ,
2343 4946 2434 4994 καὶ
2449 4942 2567 5006 ὅλος
2595 4946 2651 4996 ὲν
2675 4947 2742 5014 τῇ
2778 4944 2932 5014 νηδύϊ
2956 4947 3022 5016 τῇ
3054 4948 3293 5016 μητρικῇ
3325 4961 3339 4973 ·
3394 4945 3490 4997 καὶ
3543 4945 3687 5003 ὅπως

2115 5035 2144 5086 6
2175 5033 2346 5099 Λόγος
2376 5035 2439 5086 ὲκ
2471 5035 2643 5100 Λόγου
2681 5038 3003 5105 παχύνεται,
3043 5037 3074 5107 ἢ
3106 5037 3252 5098 ὅπως
3281 5036 3342 5088 τὸ
3395 5037 3566 5106 πάχος
3605 5034 3683 5104 τῷ

2116 5125 2275 5194 Λόγῳ
2306 5126 2660 5196 συνέρχεται·
2693 5126 2726 5198 ἢ
2757 5129 2925 5192 ὅπως,
2956 5128 3040 5181 ἵνα
3065 5127 3127 5181 τὸ
3162 5127 3471 5181 τελευταῖον
3525 5125 3685 5186 εἴπω,

2117 5215 2379 5287 παρθένος
2403 5218 2585 5288 γεννᾷ,
2608 5219 2641 5288 ἡ
2671 5217 2938 5290 παρθένος
2957 5221 3053 5290 τὴν
3072 5219 3330 5288 σύλληψιν
3341 5219 3576 5289 δέχεται,
3596 5215 3689 5268 καὶ

2120 5313 2258 5382 μετὰ
2297 5312 2396 5384 τὴν
2439 5312 2699 5384 σύλληψιν
2738 5314 3003 5385 παρθένος
3026 5316 3468 5385 διαφυλάττεται.

442 5393 652 5446 sionem
679 5406 996 5459 corpoream
1045 5395 1310 5461 at'qtllrul,
1359 5408 1454 5451 aut
1505 5400 1778 5467 quomodo
1814 5417 1993 5456 massa
2041 5403 2218 5460 Verbo
2283 5407 2574 5462 convenire
2635 5419 2816 5478 queat,
2877 5411 2982 5468 vel.
3017 5420 3071 5464 ut
3101 5411 3259 5465 linem
3292 5409 3514 5476 faciam,
3571 5421 3680 5478 quo

446 5493 604 5554 pacto
631 5483 783 5552 virgo
814 5483 1016 5554 gignat,
1077 5487 1159 5540 vel
1193 5489 1342 5558 virgo
1397 5492 1766 5560 eonecptiouis
1823 5509 1992 5565 capax
2033 5497 2124 5564 sit,
2159 5507 2213 5552 et
2241 5509 2360 5569 post
2384 5511 2702 5570 conceptum
2733 5501 2887 5572 virgo
2914 5513 3182 5558 servetur.

520 5682 596 5752 (ἱ)
631 5683 838 5753 Conjici
890 5701 954 5738 ex
1005 5686 1085 5741 his
1116 5699 1309 5757 potest,
1338 5690 1598 5745 Joannem
1663 5693 2006 5749 Geometram

450 5767 569 5818 post
603 5767 849 5808 exortam
905 5762 1383 5814 monothelitarum
1442 5765 1691 5816 lneresim
1733 5766 2004 5820 ﬂoruisse.

449 5824 631 5879 l’alam
660 5837 740 5882 est
769 5827 936 5894 enim,
995 5829 1314 5901 Eutychiani
1356 5837 1559 5888 erroris
1590 5843 1823 5905 partem,
1883 5853 2004 5906 qua:

2119 5698 2171 5752 in
2200 5701 2670 5781 monothcliticam
2703 5701 2866 5760 desiit
2923 5704 3195 5770 haeresim,
3231 5704 3319 5760 hic
3351 5705 3419 5759 ab
3451 5721 3518 5761 eo
3562 5719 3658 5775 per

2117 5779 2332 5841 stringi.
