4010 6608
331 523 442 585 833

1121 524 1377 584 SERMO
1414 525 1492 585 IN
1535 526 1638 586 SS.
1680 527 2031 588 DEIPABIE
2071 528 2787 592 ANNUNTIATIONEM.

3482 537 3586 599 8%

411 635 554 688 Πόσα
610 652 699 706 μοι
748 635 841 688 καὶ
891 633 1097 704 πηλίκα
1127 634 1318 688 τούτου
1343 635 1438 688 τοῦ
1487 637 1787 708 μυστηρίου
1847 655 1877 689 τ

1983 691 1990 708 _
2089 638 2232 705 Quot
2266 645 2320 696 ct
2354 653 2516 706 quam
2570 641 2821 694 sublimia
2856 641 2908 694 in
2964 640 3066 696 hoc
3132 642 3389 714 mysterio
3435 644 3584 698 "lltiItI

327 727 616 797 θαύματα,
688 728 781 780 καὶ
815 727 1017 798 ὁμοίως
1069 727 1322 797 ἄφραστα
1348 730 1443 781 καὶ
1476 729 1676 797 ὁμοίως
1711 729 1906 796 ἄγνω-

328 819 463 872 σται
495 819 677 872 Πάντα
708 818 806 888 μὲν
843 819 972 889 γὰρ,
1006 819 1105 872 ὅσα
1135 819 1266 886 ἐγὼ,
1294 820 1360 873 δι’
1392 821 1490 890 ἐμὲ
1521 820 1730 888 γίνεται
1772 821 1905 886 Θεὸς

327 908 565 978 ὕστερον
587 927 600 939 °
633 911 693 962 οὐ
730 909 888 979 μόνον
915 912 942 963 6
972 910 1226 979 ἀόρατος,
1260 911 1394 965 ἀλλὰ
1423 913 1519 966 καὶ
1555 915 1584 966 6
1607 914 1902 985 ἀπερινόη-

318 1016 420 1064 τος
463 1001 690 1072 ὁρατόςο
751 1004 780 1054 6
832 1001 1080 1071 ἀόριστος
1141 1003 1376 1072 όριστδς,
1457 1005 1485 1056 ὁ
1523 1006 1904 1077 ἀπεριόριστος

321 1094 725 1164 περιγραπτὺς,
764 1096 792 1146 6
836 1093 998 1158 ἆῦλος
1052 1095 1256 1159 ὑλικὸς,
1288 1096 1316 1147 6
1378 1097 1590 1168 ἀναφὴς
1629 1097 1822 1162 ἁπτὸς,
1875 1099 1903 1151 6

318 1187 542 1257 ἀπαθὴς
571 1187 834 1257 παθητὸς,
881 1186 1272 1257 όὺπερούσιος,
1291 1190 1319 1241 6
1341 1189 1692 1260 ὑπέρχρονος,
1717 1192 1744 1243 ὁ
1768 1192 1900 1246 ἀθά-

317 1297 506 1344 νατος,
529 1279 770 1344 κτιστὸς,
800 1280 1078 1350 ἐφήμερος
1106 1282 1198 1334 καὶ
1226 1281 1439 1350 θνητός.
1474 1281 1640 1336 Οὔπω
1660 1283 1716 1336 66
1747 1284 1842 1336 καὶ
1873 1286 1900 1336 6

317 1373 731 1443 ἀνερμήνευτος
785 1373 1148 1444 ἐρμηνευτδς,
1201 1374 1320 1427 0666
1384 1375 1479 1428 καὶ
1535 1375 1563 1425 6
1614 1377 1896 1446 ἀκατάλη.

317 1481 480 1529 πτος,
507 1466 553 1516 εἰ
586 1465 682 1518 καὶ
707 1468 770 1535 τῇ
807 1467 968 1532 σαρκὶ
995 1465 1218 1536 ληπτδς,
1272 1467 1616 1537 καταληπτδς
1642 1469 1719 1539 τῷ
1765 1469 1899 1523 θαύ-

319 1573 459 1626 ματι
490 1557 590 1625 τῆς
630 1557 977 1628 σαρκώσεως.
1035 1559 1175 1611 Ἀλλ’
1224 1562 1270 1613 εἰ
1300 1560 1380 1612 δεῖ
1405 1578 1455 1613 τι
1482 1563 1575 1614 καὶ
1611 1561 1888 1633 τολμηρός

316 1664 484 1718 τερον
533 1649 730 1713 εἰπεῖν,
789 1649 1327 1721 ἁκαταληπτότερος,
1376 1652 1485 1722 ὅσῳ
1516 1658 1580 1723 τῇ
1631 1653 1764 1722 πρὸς
1795 1657 1895 1724 τῆς

313 1738 541 1806 φύσεως
587 1740 937 1811 ἀκαταληψία
988 1742 1082 1795 καὶ
1143 1742 1246 1814 τὴν
1280 1745 1344 1795 ὲκ
1388 1745 1484 1810 τῆς
1537 1745 1893 1815 προσλήψεως

312 1829 692 1897 προσελάϐετο
713 1847 725 1860 ·
758 1830 858 1883 οὐκ
893 1829 1276 1902 ἀνθρωπότητι
1303 1830 1465 1900 μίξας
1518 1830 1748 1901 θεότητα
1799 1832 1893 1902 μό-

309 1936 431 1984 νον,
457 1920 592 1974 άλλὰ
617 1922 711 1974 καὶ
743 1921 904 1992 μίξας
930 1912 1275 1990 ἁδιαιρἐτως,
1323 1923 1417 1975 καὶ
1450 1924 1692 1993 κεράσας
1711 1924 1888 1994 ἀφύρ-

2015 729 2234 784 clucent
2269 731 2556 792 miracula,
2588 743 2790 801 quanta
2853 735 3124 787 sermonis
3152 735 3305 802 juxta
3337 751 3401 790 ac
3431 754 3584 790 men-

2016 823 2086 876 tis
2119 838 2250 878 mea:
2286 825 2390 876 vim
2413 826 2755 894 superantia!
2790 825 3063 894 Quidquid
3095 829 3236 880 enim
3275 829 3387 896 ipse
3439 845 3586 906 sum,

2015 914 2118 969 hoc
2147 916 2323 984 ipsum
2359 917 2498 970 Deus
2557 916 2854 970 novissime
2890 928 3108 986 ptoplt‘r
3161 935 3246 974 me
3299 921 3584 987 nascitur;

2012 1007 2104 1074 qui
2136 1011 2336 1061 nedum
2371 1008 2663 1063 invisibilis
2682 1010 2879 1072 oculis,
2904 1011 3007 1064 sed
3051 1027 3117 1064 ne
3155 1021 3336 1066 mente
3361 1013 3581 1080 quidem

2011 1099 2523 1167 comprehensibilis
2581 1109 2686 1166 est,
2749 1100 2837 1156 hic
2900 1101 2961 1154 lit
3019 1101 3290 1164 visibilis;
3338 1104 3584 1160 infinitus

2011 1191 2194 1244 evadit
2245 1192 2453 1257 ﬁnitus,
2515 1193 3030 1264 incircumscriptus
3084 1195 3582 1260 circumscribitur,

2010 1283 2290 1336 materiam
2326 1285 2499 1338 induit
2542 1285 2632 1354 qui
2666 1287 2841 1340 nescit
2889 1287 3190 1351 materiam,
3248 1287 3303 1340 ﬁt
3339 1288 3582 1357 palpabi-

2006 1370 2073 1426 lis
2104 1373 2194 1440 qui
2225 1373 2368 1442 tangi
2402 1375 2614 1442 nequit,
2641 1390 2838 1430 exsors
2868 1376 3184 1445 passionum
3230 1378 3285 1429 Iit
3334 1376 3580 1447 'passinri

2011 1463 2307 1529 obnoxius,
2338 1475 2389 1518 et
2415 1477 2668 1520 creatura
2698 1469 3020 1535 temporalis
3051 1483 3115 1521 ac
3177 1470 3425 1524 mortalis
3479 1485 3592 1540 ap--*

2009 1557 2274 1625 paretqui
2328 1556 2689 1611 substantiam
2753 1574 2969 1612 omnem
3031 1567 3081 1612 et
3135 1574 3299 1614 omne
3367 1571 3578 1630 tempus

2004 1648 2472 1717 prtetergrcditur,
2524 1664 2589 1703 ac
2645 1659 2840 1702 natura
2895 1651 3358 1706 estimmortalis.
3391 1654 3579 1722 Neque

2003 1747 2182 1791 tamen
2212 1748 2435 1807 propter
2474 1739 2855 1793 admirandam
2913 1742 3347 1797 incarnationem
3404 1746 3574 1798 clliei-

2001 1839 2111 1893 tur,
2158 1833 2336 1900 utqui
2391 1846 2606 1886 omnem
2645 1833 2897 1886 vincebat
2953 1834 3448 1904 investigationem,
3493 1837 3576 1891 in-

1999 1924 2343 1992 vestigationi
2404 1927 2598 1980 deinde
2642 1935 2844 1994 pateat,
2902 1942 3076 1995 neque
3133 1928 3331 1982 iterum
3391 1933 3570 1998 utqui

306 2026 427 2073 τως
450 2028 463 2042 ·
499 2011 618 2064 0666
649 2012 888 2082 κεράσας
917 2011 1059 2066 οὕτω
1084 2013 1178 2076 τάς
1209 2012 1421 2082 φύσεις,
1451 2014 1482 2084 ἢ
1518 2013 1677 2083 μίξας
1707 2015 1880 2083 μόνον,

1993 2013 2558 2084 incomprehensibilis
2587 2027 2728 2080 erat,
2771 2028 2890 2072 utut
2912 2034 3079 2072 carne
3110 2019 3568 2088 comprehensus,

306 2103 454 2156 ἀλλὰ
479 2105 573 2158 καὶ
602 2105 701 2168 τὰς
723 2106 1005 2176 ἐνεργείας
1037 2108 1132 2160 καὶ
1161 2107 1227 2160 τά
1257 2107 1557 2176 θελήματα.
1581 2108 1636 2160 Ὀ
1667 2108 1764 2177 μὲν
1793 2107 1886 2160 οῦν

304 2196 413 2267 οὐχ
436 2195 622 2269 ὥσπερ
647 2198 752 2252 ὑπὸ
776 2199 986 2270 χρόνον,
1017 2198 1158 2252 οὕτω
1189 2199 1284 2253 καὶ¹
1313 2199 1418 2252 ὑπὸ
1443 2198 1600 2268 λόγον
1623 2198 1884 2269 εύδόκησε

301 2290 597 2360 τεχθῆναι,
629 2293 719 2345 καὶ
741 2293 900 2362 χάρις
923 2293 1067 2360 αὐτῷ
1086 2291 1260 2362 τούτῳ
1281 2306 1294 2320 ⁸
1331 2291 1412 2344 ὅτι
1441 2293 1534 2346 καὶ
1557 2292 1696 2364 ὑπὲρ
1727 2291 1903 2360 λόγον,

303 2383 410 2433 καὶ
437 2384 470 2452 ὴ
501 2384 660 2454 χάρις
689 2387 716 2437 6
738 2385 831 2437 καὶ
857 2384 1058 2455 τρόπος
1097 2383 1196 2456 τῆς
1239 2384 1481 2455 χάριτος.

1991 2109 2378 2178 comprehendi
2415 2111 2745 2180 cog'tatione
2777 2121 2961 2180 queat.
2999 2111 3140 2176 Quitt
3175 2112 3302 2176 imo,
3351 2112 3394 2166 si
3430 2114 3560 2180 quid

1991 2201 2156 2256 etiam
2192 2203 2453 2258 audacius
2489 2201 2591 2257 fari
2644 2204 2794 2267 licet,
2830 2204 2986 2274 longe
3035 2203 3561 2270 incomprehensib-

1993 2293 2302 2355 liorevadit,
2327 2304 2597 2362 quatenus
2618 2294 3279 2364 incomprehensibilitati,
3300 2309 3419 2362 qua:
3441 2309 3568 2362 pru-

1989 2385 2108 2453 pria
2128 2395 2213 2439 est
2237 2384 2434 2438 divinae
2461 2397 2685 2448 naturae,
2705 2403 2847 2446 eam,
2872 2403 2990 2456 quae
3015 2403 3076 2440 ex
3107 2395 3402 2454 assumplze
3441 2401 3565 2440 car-

303 2479 400 2532 nis
443 2481 701 2549 mysterio
752 2479 1136 2548 proﬁciscitur,
1202 2477 1912 2548 incompreliensibilitatem
1951 2478 2140 2549 adjicit
2177 2497 2191 2534 :
2228 2480 2357 2533 dum
2384 2480 2635 2536 videlicet
2697 2482 3022 2535 humanitati
3055 2481 3398 2536 divinitatem
3457 2496 3564 2532 non

299 2571 586 2625 connectit
618 2571 799 2637 modo,
866 2571 960 2625 sed
1015 2569 1418 2625 indivisibiliter
1469 2567 1764 2631 comiectit,
1816 2574 1870 2620 et
1909 2575 2118 2622 semota
2168 2569 2360 2636 quavis
2419 2566 3069 2637 confusionepermiscet;
3088 2584 3262 2637 neque
3283 2569 3384 2621 hoc
3409 2577 3566 2637 pacto

299 2671 757 2718 naturastantum
779 2663 940 2716 modo
961 2664 1360 2733 perm'iscetseu
1379 2661 1670 2726 connectit,
1734 2674 1924 2714 verum
1965 2658 2128 2715 etiam
2160 2659 2504 2730 operationes
2570 2669 2624 2714 et
2664 2662 2991 2714 voluntates.
3022 2660 3178 2724 Quod
3229 2660 3411 2729 itaque
3460 2677 3563 2712 neu

297 2767 374 2807 ea
408 2755 622 2807 ratione
650 2753 750 2822 ipsi
779 2755 930 2808 nasci
991 2753 1273 2821 placuerit,
1317 2760 1374 2806 ut
1410 2753 1872 2820 quemadmodum
1913 2751 2146 2821 tempori
2214 2750 2486 2806 obnoxius
2558 2750 2734 2806 factus
2768 2760 2871 2815 est,
2921 2753 2993 2804 ita
3029 2768 3284 2808 sermone
3332 2753 3564 2808 ell'ahilis

295 2846 581 2908 evaderet,
605 2847 770 2899 etiam
799 2845 851 2898 in
878 2846 982 2900 hoc
1015 2846 1134 2916 ipso
1169 2844 1441 2899 revelatur
1464 2845 1639 2914 gratia
1673 2860 1690 2901 :
1757 2845 2016 2915 quoniam
2050 2855 2165 2899 tum
2239 2843 2440 2912 gratia,
2509 2855 2622 2898 tum
2679 2845 2820 2899 ratio
2848 2845 3035 2914 gratiae
3085 2860 3302 2899 onmem
3336 2844 3553 2900 dicendi

295 2937 620 2995 facultatem
655 2947 934 3009 superant.

377 3032 506 3086 Kl".
552 3028 612 3084 '0
643 3030 699 3084 66
730 3029 887 3098 λόγος
925 3031 1028 3102 ἤδη
1063 3029 1274 3084 καὶτοῦ
1306 3031 1435 3102 περὶ
1463 3030 1562 3102 τὴν
1604 3030 1877 3100 Παρθένον

296 3124 584 3194 θαύματος
608 3121 848 3194 ἅψασθαι
875 3124 972 3194 μὲν
1002 3125 1122 3195 ἐρᾷ,
1155 3123 1530 3195 προσπελάσαι
1560 3123 1616 3176 δὲ
1651 3123 1878 3193 ῖλιγγιᾷ.

2052 3026 2243 3081 XXIII.
2312 3025 2511 3082 Verum
2569 3044 2750 3083 sermo
2779 3030 2890 3098 jam
2955 3038 3011 3085 et
3061 3030 3192 3086 illud
3251 3043 3559 3100 portentum

1981 3127 2202 3188 exoptat
2229 3119 2492 3184 delibare,
2517 3119 2662 3189 quod
2711 3121 2764 3174 in
2814 3122 3036 3191 Virgine
3060 3125 3386 3193 suspicimus
3415 3143 3430 3191 ;
3463 3126 3559 3179 sed

292 3216 481 3270 Πολλὰ
515 3217 614 3286 μὲν
642 3217 749 3287 γάρ
781 3217 874 3270 καὶ
903 3217 1113 3286 μεγάλα
1135 3218 1230 3270 καὶ
1255 3218 1323 3272 τὰ
1342 3217 1480 3270 κατὰ
1503 3217 1602 3288 τὴν
1635 3214 1879 3268 Παλαιὰν

1983 3226 2045 3266 eo
2076 3213 2335 3267 accedere
2356 3212 2483 3266 dum
2534 3214 2764 3279 nititur,
2795 3215 3032 3284 quadam
3088 3217 3250 3270 veluti
3289 3218 3558 3287 vertigine

292 3307 557 3378 θαύματα
583 3323 596 3334 ⁵
619 3307 864 3361 θάλασσά
879 3325 935 3361 τε
969 3308 1288 3380 διισταμένη
1309 3308 1402 3362 καὶ
1421 3307 1576 3360 πάλιν
1601 3322 1875 3359 συναπτο-

1983 3320 2037 3360 se
2061 3304 2311 3360 laborare
2341 3309 2620 3375 persentit.
2645 3306 2706 3360 Et
2723 3323 2854 3361 sane
2877 3308 3045 3364 multa
3071 3309 3255 3376 utique
3275 3325 3337 3364 ae
3361 3325 3557 3378 magna

302 3399 450 3468 μένη
481 3413 498 3430 ⁸
554 3399 649 3452 κα)⁵
705 3398 879 3469 πέτρα
913 3400 1386 3470 πλημμυρουμένη
1423 3399 1659 3468 νάμασι·
1705 3415 1875 3452 ποτασ

292 3490 396 3560 μοὶ
445 3489 772 3560 ῥηγνύμενοί
813 3507 874 3543 τε
914 3493 1009 3542 καὶ
1033 3490 1530 3560 ἀναχαιτιζόμενοι·
1579 3489 1731 3560 ἥλιος
1777 3489 1876 3558 μὲν

289 3582 631 3652 ἐπεχόμενος
661 3597 675 3611 ’
739 3583 934 3653 νεφέλη
995 3582 1052 3635 δὲ
1113 3584 1208 3638 καὶ
1241 3582 1639 3654 προτρέχουσα,
1683 3581 1876 3646 στύλος

291 3672 701 3742 προερχόμενός
727 3689 787 3726 τε
818 3673 912 3726 καὶ
933 3673 1298 3744 ἐπερχόμενος
1330 3686 1344 3702 ⁶
1370 3674 1520 3743 πηγὴ
1550 3673 1724 3742 πικρὰ
1753 3673 1873 3742 μέλι

291 3763 520 3834 ῥέουσα,
555 3764 649 3816 καὶ
701 3763 842 3834 ξηρά
869 3765 1063 3834 ῥάϐδος
1103 3764 1288 3818 ἄνθεσι
1321 3763 1563 3836 βρύουσα
1594 3781 1609 3796 ο
1649 3767 1742 3818 καὶ
1793 3763 1872 3818 ἔτι

290 3856 401 3925 πρὸ
431 3855 634 3910 τούτων
661 3856 924 3926 καιομένη
953 3874 1014 3909 τε
1042 3857 1203 3927 βάτος
1227 3856 1475 3911 ἄκαυστα
1500 3897 1516 3923 ,
1559 3857 1654 3911 καὶ
1691 3857 1872 3928 δροσι-

289 3947 500 4017 ζομένη
543 3947 770 4017 κάμινος
827 3947 1064 4000 ἄσϐεστα
1093 3965 1107 3978 ·
1163 3949 1258 4002 καὶ
1286 3947 1430 4020 ὕδωρ
1462 3948 1648 4002 ὕδασιν
1679 3950 1868 4002 εἰσπν-

293 4038 693 4109 ρούμενον,καὶ
718 4039 784 4092 ἵν’
813 4040 886 4092 ὲῶ
911 4039 978 4092 τὰ
1011 4039 1198 4104 πολλὰ,
1225 4040 1431 4103 πλάκες
1459 4041 1704 4111 δακτύλῳ
1733 4039 1866 4093 Θεοῦ

289 4131 661 4201 γραφόμεναι,
712 4132 803 4185 καὶ
861 4130 993 4184 ὡσεὶ
1023 4130 1208 4201 ἄμμος
1253 4132 1475 4184 πετεινὰ
1533 4131 1862 4202 βρεχόμεναο

289 4224 388 4276 καὶ
419 4223 486 4275 τὰ
514 4222 716 4276 τούτων
757 4223 1088 4294 ἀρχαιότερά
1116 4241 1175 4277 τε
1202 4223 1297 4277 καὶ⁴
1343 4224 1739 4295 ἐμφανέστερα,
1773 4223 1865 4277 καὶ

289 4317 388 4369 νῦν
418 4316 580 4369 πάλιν
601 4315 840 4386 νεώτερα
875 4332 888 4346 ·
923 4318 1133 4386 στεῖραι
1176 4315 1473 4380 τίκτουσαι,
1514 4316 1606 4369 καὶ
1635 4317 1864 4387 γηραιαὶ

289 4407 731 4476 βλαστάνουσαι,
784 4408 1107 4478 παραλόγως
1153 4407 1254 4479 μὲν
1275 4449 1290 4474 ,
1325 4407 1426 4461 οὐκ
1479 4409 1734 4480 ἀσπόρως
1764 4408 1859 4461 66!

297 4498 468 4553 ’Λλλά
496 4498 549 4550 τί
581 4516 672 4568 μοι
702 4499 896 4565 ταῦτα,
934 4500 1068 4570 πρὸς
1101 4500 1162 4553 τὸ
1185 4502 1383 4570 νόμους
1434 4499 1659 4570 λυθῆναι
1703 4501 1860 4568 λόγου

288 4593 388 4646 καὶ
420 4590 634 4661 φύσεως
658 4609 673 4657 ;
707 4591 848 4646 Ἀλλ’
874 4592 994 4662 οὐχὶ
1031 4591 1225 4662 χρόνου
1246 4608 1305 4644 τε
1333 4592 1426 4645 καὶ
1444 4590 1744 4662 πηρώσεως
1766 4591 1862 4645 καὶ
1894 4637 1938 4696 D

289 4683 574 4736 συλλαϐεῖν
624 4683 720 4737 καὶ
771 4686 950 4738 τεκεῖν
995 4683 1311 4754 παρθένον;
1365 4685 1480 4738 Οὐκ
1529 4683 1690 4748 ἄνθος
1737 4684 1858 4738 οὐδὲ

288 4774 525 4846 καρπὸν,
561 4774 635 4838 ὡς
667 4776 702 4845 ή
732 4773 946 4845 ῥάϐδος,
990 4773 1171 4844 μόνον,
1221 4773 1342 4826 οὐδέ
1365 4791 1418 4827 τι
1453 4773 1675 4842 ρευστδν
1701 4774 1734 4845 ἢ
1763 4776 1860 4828 καὶ

286 4868 519 4936 ἄψυχον,
548 4865 624 4928 ὡς
661 4867 694 4936 ἡ
725 4866 902 4935 πέτρα
924 4866 983 4918 τὸ
1012 4866 1182 4934 νᾶμα,
1213 4864 1352 4919 ἀλλὰ
1381 4865 1570 4936 βροτὸν
1594 4905 1609 4929 ,
1655 4866 1858 4935 μᾶλλον

284 4955 344 5008 δὲ
374 4955 506 5007 Θεὸν
528 4954 663 5024 ὁμοῦ
697 4955 792 5009 καὶ
814 4953 1026 5024 βροτὸν,
1049 4952 1267 5020 λογικόν
1286 4969 1345 5005 τε
1377 4954 1470 5005 καὶ
1504 4951 1686 5021 νοερόν
1714 4968 1729 4982 ο
1762 4951 1859 5005 καὶ

285 5045 384 5117 οὐχ
415 5046 540 5098 ὅσον
568 5044 644 5116 μὴ
675 5045 970 5116 φλεχθῆναι
993 5084 1008 5109 ,
1039 5044 1177 5098 ἀλλὰ
1223 5043 1317 5096 καὶ
1373 5041 1663 5112 θεωθῆναι,
1734 5041 1859 5112 μηδ’

287 5140 471 5209 ὑλικῇ,
509 5139 764 5207 καθάπερ
793 5139 843 5189 οἱ
875 5137 1088 5202 παῖδες,
1119 5135 1254 5190 ἀλλὰ
1287 5134 1422 5189 Θεοῦ
1472 5134 1628 5204 φλογί
1661 5149 1676 5164 ’
1735 5134 1858 5203 μηδ’

287 5230 471 5300 ἀκαρῇ
533 5229 626 5282 καὶ
682 5227 880 5292 ἔξωθεν
935 5228 1084 5295 σχεῖν
1141 5225 1237 5296 τὴν
1286 5225 1498 5294 φλόγα,
1549 5222 1857 5292 καθάπερή

291 5323 475 5392 βάτος,
507 5322 621 5375 ἀλλ’
658 5321 803 5374 ἔνδον
838 5337 897 5372 τε
922 5322 1013 5372 καὶ
1039 5318 1134 5370 ἐπὶ
1162 5320 1414 5371 τοσοῦτον
1443 5333 1457 5347 ·
1488 5319 1580 5368 καὶ
1613 5315 1687 5386 μὴ
1721 5315 1858 5368 διελ-

291 5416 404 5468 θεῖν
462 5413 643 5467 δοῦναι
699 5413 881 5483 μόνον,
933 5411 1076 5464 καθὰ
1107 5411 1202 5463 καὶ
1235 5411 1268 5478 ἡ
1309 5408 1548 5477 Ἐρυθρὰ
1573 5407 1740 5462 πάλαι
1781 5405 1857 5477 τῷ

300 5505 541 5574 Ἰσραὴλ,
570 5504 704 5558 ἀλλὰ
749 5503 843 5557 καὶ
868 5503 1046 5574 σάρκα
1088 5500 1270 5554 δοῦναι
1304 5499 1379 5568 τῷ
1413 5499 1471 5564 ἐξ
1497 5499 1668 5568 αὐτῆς
1702 5515 1716 5530 ο
1752 5517 1855 5568 μη-
1879 5547 1892 5562 ,

288 5599 343 5650 66
371 5596 558 5661 ἁπλῶς
628 5596 942 5666 γραφῆναι,
997 5592 1248 5662 καθάπερ
1317 5592 1373 5642 αἱ
1451 5589 1658 5652 πλάκες
1718 5588 1850 5642 Θεοῦ

285 5691 555 5760 δακτύλῳ,
590 5687 726 5741 ἀλλὰ
759 5687 852 5740 καὶ
875 5685 1038 5739 αὑτὸν
1071 5681 1492 5752 συνουσιωθῆναι
1527 5681 1617 5739 τὸν
1658 5682 1848 5750 Λόγον,

287 5782 379 5834 καὶ
410 5781 713 5850 ὑποστῆναι
750 5778 808 5830 τὸ
836 5773 1188 5847 πρόσλημμα,
1215 5771 1323 5825 τίσι
1371 5769 1546 5824 ταῦτα
1595 5768 1850 5838 παραϐα-

283 5873 391 5927 λεῖν
422 5871 564 5932 εἰκός
584 5887 600 5933 ;

1977 3394 2265 3465 splendent
2287 3395 2450 3450 etiam
2488 3398 2543 3450 in
2589 3398 2759 3452 veteri
2808 3397 3014 3453 fiedere
3049 3400 3290 3469 prodigia
3329 3416 3342 3452 :
3391 3400 3556 3455 maris

1976 3488 2136 3542 unda:
2166 3487 2294 3543 hinc
2327 3488 2452 3542 imle
2471 3489 2808 3551 recedentes,
2839 3498 3005 3559 atque
3041 3489 3235 3544 iterum
3284 3491 3337 3544 in
3383 3507 3552 3544 unum

1975 3578 2352 3642 conﬂuentes,
2392 3579 2582 3634 latices
2613 3595 2642 3634 e
2700 3589 2854 3648 petra
2910 3589 3262 3650 erumpentes
3301 3591 3354 3636 et
3382 3597 3555 3636 exnu-

1975 3670 2218 3727 dantes:
2258 3671 2546 3726 ﬂuminum
2602 3673 2837 3742 impetus
2889 3682 3003 3728 tum
3042 3674 3384 3743 interruptus
3439 3685 3552 3729 tum

1975 3770 2318 3830 retroactus;
2379 3765 2458 3818 sol
2519 3772 2666 3819 stare
2721 3764 2952 3833 jussus;
3005 3777 3114 3818 tum
3161 3766 3323 3818 etiam
3377 3767 3550 3820 nusz

1973 3867 2338 3922 pragcurrens,
2395 3862 2449 3908 et
2513 3855 2769 3910 columna
2814 3856 2957 3926 ignis
3002 3857 3164 3912 modo
3217 3857 3550 3926 prater-dens,

1971 3946 2133 4000 modo
2166 3949 2558 4016 subsequens:
2597 3946 2719 4003 fons
2778 3963 3003 4003 amarus
3064 3949 3220 4002 melle
3276 3948 3549 4011 diﬂluens,

1968 4045 2024 4089 et
2061 4038 2212 4092 arida
2256 4042 2405 4110 virga
2463 4039 2688 4095 ﬂoribus
2717 4050 2949 4107 onusta;
2985 4055 3050 4095 ac
3107 4050 3367 4110 praeterea
3423 4049 3551 4095 ante

1967 4125 2071 4181 ista
2111 4128 2280 4184 rubus
2310 4129 2508 4184 ardens
2536 4139 2591 4185 et
2622 4147 2731 4186 non
2765 4132 3131 4199 combustus;
3180 4142 3290 4185 tum
3344 4131 3542 4186 fornax

1968 4219 2319 4285 iuexstincta,
2344 4222 2434 4276 sed
2452 4237 2576 4278 rore
2596 4228 2853 4291 madens;
2884 4232 2938 4278 et
2963 4239 3103 4294 aqua
3123 4224 3280 4293 aquis
3295 4224 3548 4290 incensa,

1965 4322 2154 4381 atque,
2190 4322 2248 4366 ιιι
2293 4314 2445 4381 plura
2481 4316 2937 4384 praetermittam,
2973 4317 3175 4371 tabulae
3234 4317 3326 4371 Dei
3380 4318 3550 4386 digito

1965 4405 2304 4474 conscripta;
2329 4415 2382 4459 et
2417 4407 2663 4463 volucres
2697 4408 2872 4462 instar
2900 4424 3080 4463 arente
3103 4409 3445 4478 depluentes.
3484 4420 3538 4463 et
3627 4413 3631 4422 '

1965 4511 2168 4551 manna
2203 4497 2421 4554 cwlitus
2452 4499 2774 4562 demissum,
2804 4501 3021 4570 aliaque
3049 4501 3132 4556 his
3148 4510 3205 4556 et
3234 4501 3545 4570 antiquiora
3574 4555 3580 4562 _

1964 4586 2411 4656 ctpraeelariora,
2460 4603 2524 4642 ac
2578 4590 2877 4643 recentiora
2917 4606 3158 4660 quoque,
3211 4606 3334 4660 quae
3385 4607 3532 4645 nunc

1968 4679 2168 4733 iterum
2221 4694 2477 4745 evenere,
2519 4679 2736 4737 steriles
2767 4679 3041 4750 parientes
3085 4683 3204 4752 (4‘),
3253 4693 3308 4737 et
3355 4681 3544 4737 ei‘l‘mta

1961 4778 2124 4826 :etate
2192 4770 2452 4827 mulieres
2510 4771 2822 4842 inopinate,
2871 4789 3186 4844 quanquam
3244 4789 3353 4830 non
3419 4774 3543 4830 sine
3596 4814 3608 4823 .

1964 4870 2220 4932 suscepto
2255 4861 2484 4926 semine,
2509 4861 2563 4916 in
2604 4872 2756 4918 utero
2775 4866 3091 4935 gestantes!
3133 4863 3331 4919 Verum
3367 4864 3544 4919 enim.

1962 4967 2093 5006 vero
2117 4954 2249 5022 quid
2288 4953 2392 5009 ista
2433 4953 2568 5008 mihi
2595 4995 2610 5017 ,
2644 4955 2692 5009 si
2728 4971 2852 5010 cum
2881 4955 3268 5012 deficientibus
3298 4956 3376 5025 (in
3412 4954 3540 5009 Vir-

1962 5034 2254 5113 gine)'tutn
2287 5043 2723 5098 ratiocinationis
2749 5055 2972 5110 nostrae,
3007 5055 3119 5099 tum
3165 5055 3375 5099 natura:
3407 5043 3542 5113 legi-

1960 5134 2062 5189 bus
2092 5129 2487 5189 conferantur?
2525 5137 2605 5188 An
2640 5152 2767 5190 vero
2805 5147 2937 5190 aetas
2961 5135 3146 5191 el‘fteta
3179 5151 3243 5191 ae
3276 5136 3539 5190 sterilitas

1962 5227 2141 5295 (partu
2189 5225 2323 5280 mire
2373 5228 2581 5298 dilatas)
2619 5231 2727 5281 ullo
2778 5228 2940 5282 modo
3000 5227 3305 5296 comparari
3337 5236 3541 5296 queant

1962 5333 2086 5372 cum
2140 5321 2409 5388 portentis
2451 5320 2592 5375 illius
2619 5359 2635 5382 ,
2684 5335 2804 5390 quae
2834 5320 2988 5388 virgo
3027 5328 3081 5373 et
3121 5319 3449 5387 conceperit,
3484 5325 3541 5373 et

1963 5409 2271 5477 pepererit?
2317 5409 2472 5475 Quod
2515 5420 2696 5463 autem
2755 5424 2864 5462 non
2915 5408 3103 5462 ﬂorem
3161 5407 3537 5460 tantummodo

1965 5501 2274 5556 fractumve
2329 5503 2635 5572 protulerit,
2692 5502 2767 5556 uti
2807 5502 2980 5572 prisca
3024 5501 3113 5554 illa
3142 5500 3329 5569 virga,
3360 5513 3536 5566 neque

1964 5592 2169 5647 ﬂuxum
2212 5594 2490 5662 quidpiam
2538 5603 2702 5662 atque
2756 5593 3136 5657 inanimatam,
3209 5591 3353 5646 sicut
3400 5589 3531 5643 olim

1961 5695 2110 5753 petra
2139 5685 2377 5748 laticem,
2411 5682 2504 5736 sed
2535 5683 2833 5750 hominem,
2875 5684 3120 5752 quinimo
3155 5682 3322 5738 Deum
3370 5679 3531 5736 simul

1957 5785 2012 5830 ct
2061 5774 2334 5829 hominem
2396 5772 2604 5826 ratione
2677 5774 3140 5845 intelligentiaqnc
3210 5772 3520 5843 prteditum.

1961 5867 2227 5938 Quodque
2255 5881 2363 5921 non
2391 5864 2556 5921 modo
2589 5867 2869 5922 combusta
2915 5883 3023 5922 non
3052 5868 3237 5932 fuerit,
3264 5868 3392 5934 limo
3436 5865 3523 5921 di-

355 5987 457 6058 (4⁸)
490 5986 570 6040 Ad
611 5985 847 6041 Elisabet
891 5981 1252 6036 Prterursoris
1307 5987 1537 6034 matrem
1565 5981 1677 6035 haec
1709 5992 1977 6051 spectant.
