4010 6582
514 465 623 527 ἱί35

1755 481 2074 546 ΞΟΑΝΝΙΒ
2113 486 2545 554 ΟΕΟΜΕΤΗ.Έ

3660 513 3764 576 836

512 575 643 629 vina
676 575 748 633 sit
769 577 986 647 effecta,
1011 595 1136 637 cum
1168 590 1354 640 tamen
1390 599 1501 640 non
1528 587 1795 645 materiali
1846 592 2088 662 flamma,
2130 605 2192 653 ut
2225 598 2356 654 olim
2422 613 2531 658 tres
2556 603 2731 674 pueri,
2764 607 2859 664 sed
2900 610 3243 670 comburenti
3310 615 3406 674 Dei
3440 618 3613 690 ipsius
3642 622 3764 693 igne

508 670 894 740 corriperetur,
975 688 1155 744 neque
1227 676 1297 731 ad
1350 676 1569 735 brevem
1639 679 1829 736 horam
1892 694 1947 740 et
2008 692 2371 759 extrinsecus,
2435 702 2497 749 ut
2527 695 2659 751 olim
2718 699 2912 767 rubus,

2961 715 3150 761 verum
3199 706 3531 768 intrinsecus
3584 724 3641 770 et
3694 719 3762 773 ad

506 770 723 836 tempus
760 773 871 820 tam
901 765 1222 823 diuturnum
1258 785 1273 824 :
1313 783 1379 827 ac
1400 785 1594 827 rursus
1622 772 1769 841 quod
1792 789 1901 828 non
1969 791 2119 833 mere
2156 784 2451 839 transitum
2487 784 2718 855 dederit,
2754 798 2814 845 ut
2856 765 2986 848 olim
3054 794 3302 871 Rubrum
3345 802 3632 872 lsraelitis,
3663 813 3760 868 sed

496 859 667 915 etiam
698 874 920 917 carnem
947 864 1238 933 prodeunti
1284 880 1351 921 ex
1404 864 1521 937 ipsa
1572 868 1896 936 praebuerit;
1967 870 2115 939 quod
2153 874 2379 947 insuper
2395 895 2503 935 non
2571 882 2912 955 simpliciter,
2956 898 3018 945 ut
3053 866 3329 961 quondam
3362 898 3496 973 legis
3521 859 3758 969 tabulae.

502 952 599 1010 Dei
648 955 821 1027 digito
868 960 1179 1029 conscripta
1228 961 1339 1027 sit,
1379 961 1475 1017 sed
1553 960 1802 1017 eamdem
1848 978 1975 1019 eum
2016 966 2106 1021 illa
2145 969 2506 1028 substantiam
2544 952 2724 1047 ipsum
2790 952 3027 1038 Verbum
3069 952 3493 1058 -habuerit,ve7t_
3512 952 3661 1068 quod
3690 952 3755 1057 es

503 1047 620 1118 ipsa
648 1052 993 1119 assumebat,
1039 1054 1092 1108 in
1167 1069 1321 1111 suam
1390 1055 1696 1127 hypotasim
1764 1058 2094 1132 adsciverit;

499 1142 804 1209 comparari
839 1155 1069 1212 possunt
1090 1144 1115 1198 ἲ

567 1227 762 1284 XXIV.
794 1231 949 1297 Quod
981 1249 1109 1289 vero
1162 1250 1272 1290 non
1322 1237 1483 1293 modo
1527 1242 1857 1334 conceperit
1898 1241 2052 1315 virgo

2250 1250 2374 1308 KA'.
2408 1254 2484 1309 re
2535 1257 2593 1313 δὲ
2648 1261 2725 1331 μὴ
2782 1263 2945 1334 μόνον
2973 1268 3069 1323 καὶ

497 1324 553 1369 et
576 1329 895 1387 conceptum
928 1321 1053 1374 dein
1091 1321 1283 1377 fretum
1326 1323 1383 1379 in
1415 1326 1591 1381 lucem
1654 1330 1930 1398 ediderit,
1980 1332 2074 1387 sed

500 1418 762 1475 praeterea
800 1411 963 1467 enixa
1005 1414 1372 1485 virginitatem
1393 1420 1713 1487 servaverit,
1765 1437 1945 1478 nonne
1974 1426 2074 1478 du-

496 1499 617 1569 plex
659 1503 969 1573 prodigium
998 1507 1084 1561 vel
1115 1509 1168 1562 in
1212 1511 1330 1579 ipsa
1363 1519 1577 1565 tantum
1611 1514 1821 1583 virgine
1876 1526 2077 1588 mysteh

496 1594 639 1648 rium
676 1596 834 1651 nobis
852 1601 1129 1655 ostendit?
1156 1600 1425 1659 Caeterum
1447 1607 1628 1663 adhuc
1669 1609 1845 1679 majus
1896 1610 1960 1682 (si
1993 1623 2074 1667 ta-

497 1699 621 1738 men
642 1687 935 1756 quodpiam
968 1692 1147 1760 majus
1173 1692 1357 1750 dicere
1414 1697 1557 1768 licet)
1589 1699 1755 1768 priori
1799 1703 2073 1770 posterius

495 1785 739 1844 apparet.
760 1776 893 1831 Nam
924 1783 1067 1849 quod
1092 1781 1324 1840 Verbum
1345 1792 1585 1843 nondum
1614 1808 1873 1862 corporea
1895 1814 2071 1857 massa

494 1866 961 1926 circumvestitum
991 1874 1252 1932 ineffabili
1282 1882 1501 1950 quidem
1524 1888 1755 1952 ratione,
1783 1894 1875 1947 sed
1910 1912 2069 1967 pror-

496 1972 593 2013 sus
622 1959 850 2032 integris
880 1965 1234 2033 virginalibus
1264 1974 1520 2029 claustris
1564 1978 1847 2051 ingressus
1886 1990 2068 2059 fuerit,

494 2060 828 2118 carnemque
860 2056 1243 2123 assumpserit,
1282 2059 1386 2114 hoc
1412 2077 1545 2119 sane
1591 2068 1839 2128 mirabile
1864 2088 1967 2143 est,
2015 2093 2068 2135 et

494 2136 807 2196 nullatenus
823 2146 1206 2214 comprehendi
1226 2159 1421 2219 potest.
1442 2154 1574 2222 Quis
1591 2161 1735 2216 enim
1754 2164 1854 2220 hoc
1872 2136 2026 2240 neget
2046 2173 2070 2227 ἲ

490 2225 609 2284 Non
641 2231 779 2286 adeo
799 2243 983 2292 tamen
1014 2240 1393 2302 admirandum
1422 2250 1551 2306 illud
1580 2264 1687 2321 est,
1711 2225 2066 2327 quemadino~

489 2321 615 2375 dum
636 2326 781 2392 quod
834 2344 957 2381 cum
998 2345 1283 2404 assumpto
1344 2357 1564 2413 quoque
1606 2363 1795 2404 crasso
1839 2369 2067 2425 corpore

488 2430 764 2485 egressus,
800 2430 1037 2490 portam,
1061 2430 1139 2482 uti
1178 2433 1331 2498 prius
1349 2473 1365 2497 ,
1392 2438 1735 2509 obsignatam
1763 2447 2063 2517 reliquerit,

487 2508 636 2561 velut
655 2523 719 2565 ac
753 2528 1026 2584 nunquam
1059 2523 1383 2581 transiisset.

2176 1065 2331 1137 inec,
2377 1069 2602 1143 inquam
2631 1109 2648 1141 ,
2702 1078 2885 1135 omnia
2947 1081 3271 1152 quibusnam
3312 1090 3434 1146 aliis
3489 1065 3760 1164 portentis

3126 1270 3410 1327 συλλαϐεῖν
3464 1278 3753 1347 παρθένον,

2181 1343 2275 1397 καὶ
2306 1346 2680 1407 συλλαϐοῦσαν
2706 1354 2992 1447 διατελεῖν,
3027 1362 3162 1418 ἀλλά
3199 1369 3292 1420 καὶ
3334 1343 3601 1423 τεκοῦσαν
3655 1343 3756 1443 τὴν

2178 1438 2479 1507 παρθενίαν
2527 1444 2828 1517 διατηρεῖν,
2892 1438 3008 1517 πῶς
3028 1455 3088 1507 οὐ
3122 1456 3344 1512 διπλοῦν
3394 1461 3492 1530 μὲν
3532 1466 3662 1533 ἡμῖν
3692 1438 3754 1522 τδ

2178 1531 2319 1583 κατά
2339 1532 2439 1604 τὴν
2466 1538 2732 1608 παρθένον
2756 1543 2917 1612 μόνον
2932 1546 3277 1605 ἀναδείκνυσι
3308 1553 3495 1626 θαῦμα
3522 1531 3617 1610 τοῦ
3649 1577 3755 1629 μυ·

2177 1624 2435 1694 στηρίου;
2486 1631 2671 1699 μεῖζον
2697 1632 2776 1699 δὲ,
2797 1638 2975 1710 ἐίπερ
3000 1657 3054 1695 τι
3087 1645 3274 1713 μεῖζον
3326 1624 3501 1702 εἰπεῖν
3537 1624 3713 1716 ἔξεστι
3732 1694 3748 1717 ,

2174 1716 2270 1771 καὶ
2302 1717 2399 1772 τοῦ
2433 1723 2799 1791 προλαϐόντος
2822 1770 2837 1795 ,
2900 1734 3172 1800 φαίνεται.
3198 1736 3271 1790 Τὸ
3304 1738 3402 1809 μὲν
3446 1741 3556 1811 γάρ
3584 1743 3752 1811 μήπω

2173 1814 2517 1883 παχυνθέντα
2545 1818 2637 1872 τὸν
2664 1820 2857 1891 Λόγον,
2885 1826 3177 1897 ἀφράστως
3208 1830 3330 1900 μὲν,
3375 1832 3639 1898 ἀσείστως
3688 1835 3749 1889 δὲ

2171 1906 2280 1959 τῶν
2312 1912 2601 1979 νυμφικῶν
2621 1914 2883 1970 εἰσελθεῖν
2908 1919 3191 1992 κλείθρων,
3223 1924 3317 1978 καὶ
3345 1926 3525 1997 σάρκα
3540 1927 3744 1995 λαϐεῖν,

2172 1998 2485 2069 θαυμαστὸν
2512 2005 2610 2073 μὲν
2638 2007 2732 2061 καὶ
2779 2009 2900 2064 οὐδὲ
2946 2013 3322 2085 καταληπτόνο
3353 2018 3470 2083 πῶς
3499 2019 3608 2092 γάρ
3636 2021 3697 2075 οὕ
3727 2040 3744 2088 ;

2170 2088 2322 2145 οὔπω
2342 2093 2397 2147 δὲ
2422 2098 2697 2165 τοσοῦτον,
2727 2101 2852 2155 ὅσον
2875 2106 3013 2173 μετά
3037 2106 3130 2161 τοῦ
3158 2112 3363 2180 πάχους
3386 2088 3517 2165 ὅλου
3537 2088 3744 2169 καὶτοῦ

2173 2184 2599 2258 προσλήμματος
2621 2191 2926 2263 ἐξελθόντα,
2964 2197 3063 2268 τὴν
3096 2199 3274 2271 πύλην
3290 2204 3743 2278 ὲσφραγισμένιην

2167 2273 2490 2345 ἀπολιπεῖν,
2554 2280 2743 2357 ὥσπερ
2796 2286 2864 2341 ἂν
2909 2288 2959 2343 sl
3028 2290 3165 2363 μηδὲ
3215 2293 3314 2367 τὴν
3365 2273 3541 2371 ἀρχὴν
3571 2273 3736 2356 *διελς

2168 2363 2277 2420 θὼν
2302 2362 2391 2439 ἦν.

558 2596 727 2655 λΧν·
754 2603 857 2668 Qui
891 2620 1054 2675 porro
1078 2624 1256 2667 meum
1274 2630 1393 2672 esse
1410 2622 1602 2688 possit,
1633 2627 1867 2699 prodigii
1896 2632 2053 2699 huius

559 2691 709 2721 Ιιηι-ιη
744 2694 1068 2721 2....,υηε--..-
1091 2701 1115 2721 ο
1153 2702 1219 2721 Il,
1252 2720 1255 2721 ,
1290 2706 1300 2718 ι
1578 2718 1585 2721 .

2232 2636 2361 2692 κε’.
2395 2637 2504 2693 Καὶ
2528 2640 2581 2693 τί
2612 2658 2704 2711 μοι
2734 2642 2829 2697 τοῦ
2850 2642 3129 2716 θαύματος
3158 2649 3463 2721 ἀνιχνεύειν
3481 2653 3542 2705 τὸ
3564 2655 3734 2710 πέλα-

487 2691 713 2761 pelagus
743 2694 1115 2768 investigare?
1150 2702 1264 2761 Hoc
1288 2706 1468 2777 ipsum
1503 2691 1646 2771 enim
1680 2691 2056 2781 admirandum

485 2780 623 2836 adeo
652 2788 927 2845 veteribus
955 2807 1174 2865 quoque
1202 2798 1376 2855 visum
1408 2813 1510 2871 est,
1546 2816 1606 2863 ut
1645 2814 1725 2865 vel
1756 2818 2054 2886 propheta',

481 2888 511 2927 a
544 2874 705 2947 longe
736 2879 863 2935 illud
899 2884 1193 2953 intuentes,
1229 2906 1506 2960 nunquam
1540 2914 1647 2955 non
1688 2874 1913 2974 stupore
1944 2874 2060 2979 per;

480 2960 829 3036 cellerentur,
865 2983 920 3029 et
950 2991 1057 3031 non
1101 2981 1259 3035 modo
1284 2984 1464 3055 ipsum
1499 2994 1889 3053 attituntiarent
1935 3003 2057 3056 ubi-

479 3072 609 3128 que,
650 3063 745 3118 sed
786 3075 841 3120 et
887 3071 1151 3139 symbolis
1170 3078 1501 3147 quibusdam
1546 3085 1863 3160 umbrisque
1918 3093 2057 3149 deli-

481 3162 733 3219 nearcnt,
767 3155 814 3211 si
845 3157 987 3215 forte
1018 3164 1431 3226 obscurioribus
1467 3175 1741 3246 aliquibus
1767 3183 1935 3238 veluti
1960 3200 2056 3242 co-

481 3241 691 3299 loribus
741 3258 905 3305 tanta:
966 3256 1042 3309 rei
1120 3262 1547 3329 magnitudinem
1602 3272 1813 3329 ratione
1872 3276 2053 3347 aliqua

477 3331 805 3392 adumbrare
829 3354 1072 3409 possent.
1101 3349 1276 3420 Atque
1312 3352 1396 3409 his
1426 3359 1671 3427 edoctus,
1697 3364 1811 3433 ipse
1838 3331 2055 3438 quemne

478 3440 600 3478 ι·υιιι
628 3428 902 3495 prioribus
924 3448 988 3489 ea
1008 3450 1328 3507 comparare
1361 3446 1509 3513 novi,
1554 3466 1678 3520 quae
1716 3455 1866 3522 prius
1902 3473 2054 3515 com-

477 3521 761 3584 paratione
790 3527 1066 3583 carcbant.
1102 3533 1184 3585 Ad
1210 3534 1339 3589 illud
1367 3539 1515 3593 enim
1553 3544 1636 3598 vel
1680 3521 1848 3602 unum
1879 3550 2053 3622 virgi-

477 3610 664 3666 nitatis
693 3616 999 3686 prodigium
1026 3622 1104 3676 sic
1128 3638 1186 3678 se
1218 3625 1420 3685 habent
1447 3647 1512 3687 ea
1539 3637 1719 3691 omnia
1751 3677 1768 3704 ,
1798 3610 2051 3709 proutvad

475 3701 757 3759 veritatem
788 3724 847 3762 se
888 3711 1049 3766 habet
1077 3723 1254 3784 typus,
1285 3722 1350 3773 ad
1383 3737 1585 3793 corpus
1635 3701 1850 3798 umbra,
1886 3744 2052 3806 atque

474 3790 542 3845 ad
581 3809 694 3847 rem
715 3798 886 3865 ipsam
933 3806 1228 3862 somnium.
1258 3790 1533 3882 Virginem
1564 3819 1765 3890 quippe
1812 3790 1903 3879 illa

472 3884 563 3937 nia
618 3888 1057 3964 adumbrabant;
1110 3900 1286 3971 iisque
1349 3884 1611 3976 symbolis
1662 3884 2045 3987 ip—raesigtiatam

468 3989 591 4031 esse
620 3996 813 4035 omnes
842 3984 1013 4053 ipsam
1048 3993 1426 4063 exsistimant,
1459 4006 1828 4076 eougruisque
1868 4013 2046 4065 nomi-

467 4067 629 4123 nibus
646 4073 943 4141 appellant,
972 4094 1122 4137 mare
1137 4084 1366 4142 divisum
1392 4067 1701 4164 iterumque
1718 4067 2044 4164 adunatum;

468 4171 681 4228 portam
708 4169 947 4235 perviam
985 4172 1245 4245 simulet
1287 4180 1569 4251 clausam;
1616 4185 1893 4245 fornacem
1926 4208 2050 4249 rore

467 4252 775 4312 madentem
792 4261 977 4330 simul,
999 4252 1458 4337 atqueardentem
1478 4292 1495 4343 ;
1517 4276 1712 4333 rubum
1735 4282 2041 4351 incensum,

464 4348 560 4401 sed
616 4365 721 4405 non
758 4357 1138 4427 combustum;
1209 4366 1410 4421 nubem
1445 4370 1551 4425 diei
1605 4373 1855 4430 simulet
1910 4378 2044 4432 recti

466 4437 675 4495 itineris
695 4448 977 4516 nuntiam;
1011 4453 1322 4511 columnam
1361 4459 1526 4531 ignis,
1562 4479 1668 4541 non
1705 4467 1890 4532 modo,
1920 4482 2042 4523 ere-

462 4533 729 4603 diderim,
790 4542 1032 4599 divinum
1088 4550 1264 4618 ignem
1301 4554 1354 4607 in
1405 4572 1467 4610 se
1504 4556 1790 4626 ferentem,
1852 4578 2039 4620 verum

461 4629 624 4681 etiam
665 4632 907 4689 divinum
938 4654 1249 4707 novumque
1275 4648 1534 4715 populum
1564 4660 1755 4707 contra
1780 4657 2040 4723 spiritua-

461 4718 565 4771 lem
622 4719 960 4782 Pharaonem
1016 4737 1519 4803 eommuuientem;
1604 4752 1813 4811 petram
1891 4749 2035 4816 mel,

460 4808 697 4867 Verbum
750 4819 976 4884 scilicet,
1020 4823 1429 4896 effundentem;
1472 4808 1678 4903 virgam
1730 4808 2034 4908 progeniti-'-

458 4913 673 4957 nantem
697 4906 907 4975 florem,
940 4915 1030 4983 qui
1051 4920 1270 4985 generis
1301 4920 1523 4977 humani
1551 4926 1841 4996 fragrantia
1867 4942 1949 4986 est
1980 4943 2034 4988 et

2160 2746 2255 2797 γος
2283 2746 2297 2796 ;
2330 2729 2486 2783 Οὕτω
2514 2734 2623 2803 γὰρ
2650 2733 2795 2799 ἔδοξε
2826 2736 3055 2802 καὶτοῖς
3099 2741 3267 2795 πάλαι
3308 2742 3469 2797 τοῦτο
3522 2745 3736 2817 θαυμα-

2161 2820 2308 2888 στὸν,
2369 2821 2445 2886 ὡς
2491 2823 2698 2879 ἀνωθεν
2750 2826 2840 2880 ἀεὶ
2898 2828 3056 2883 τοῦτο
3107 2832 3204 2886 καὶ
3260 2836 3386 2899 τοὺς
3445 2840 3733 2910 προφήτας

2159 2914 2585 2987 ἐκπλήττεσθαι,
2625 2918 2718 2971 καὶ
2748 2919 3009 2990 μὴμόνον
3060 2926 3339 2997 πανταχοῦ
3389 2931 3732 3002 περιφέρειν,

2155 3006 2293 3061 ἀλλά
2323 3008 2418 3062 καὶ
2444 3008 2784 3081 ὑπογράφειν
2807 3015 3096 3084 συμϐόλοις
3123 3019 3187 3085 γέ
3223 3008 3343 3073 ’τισι
3376 3022 3471 3075 καὶ
3503 3026 3682 3087 σκιαῖς

2157 3098 2213 3152 εί
2235 3117 2392 3167 πως,
2450 3098 2638 3173 ὥσπερ
2701 3106 2758 3158 έν
2834 3106 3234 3181 ἀμαυροτέροις
3282 3114 3392 3167 τισὶ
3448 3115 3726 3187 χρώμασι,

2157 3196 2631 3264 σκιαγραφήσουσι
2676 3197 2739 3250 τὸ
2788 3198 2884 3251 τοῦ
2936 3202 3261 3271 πράγματος
3296 3205 3547 3277 μέγεθος.
3585 3210 3729 3263 Κάν-

2155 3283 2333 3338 ταῦθα
2404 3284 2612 3355 μαθὼν,
2667 3287 2921 3357 εγνωκα,
2981 3296 3282 3365 συγκρίνας
3348 3298 3609 3371 ἀνωτέρω
3658 3303 3727 3355 τά

2154 3376 2379 3431 αὐτόθεν
2405 3377 2735 3449 ἀσύγκριτα.
2767 3382 2930 3437 Ὀσον
2967 3384 3076 3455 γάρ
3101 3387 3274 3441 τύπου
3326 3388 3423 3443 καὶ
3470 3391 3726 3463 ἀληθείας

2152 3462 2215 3513 τὸ
2247 3464 2432 3533 μέσον,
2464 3469 2558 3519 καὶ
2577 3467 2829 3538 σώματος
2854 3471 2948 3525 καὶ
2966 3474 3144 3539 σκιᾶς,
3170 3476 3265 3528 καὶ
3284 3462 3606 3549 πράγματος
3633 3487 3727 3538 καὶ

2151 3554 2451 3627 ὀνείρατος,
2469 3558 2722 3613 τοσοῦτον
2738 3563 3006 3617 κάκείνων
3021 3566 3239 3621 πάντων
3262 3569 3399 3639 ὁμοῦ
3427 3574 3521 3627 καὶ
3555 3574 3721 3644 μόνου

2150 3645 2246 3700 τοῦ
2271 3649 2412 3702 κατὰ
2425 3650 2525 3720 τὴν
2553 3652 2829 3723 Παρθένον
2860 3655 3159 3727 θαύματος.
3190 3662 3373 3716 Πάντα
3401 3666 3511 3735 γάρ
3538 3669 3720 3720 ἐκεῖνα

2151 3739 2356 3811 ταύτην
2385 3742 2639 3809 ὲτύπουν,
2669 3747 2763 3799 καὶ
2786 3746 2961 3802 πάντα
2992 3751 3198 3822 ταύτην
3217 3756 3415 3820 πάντες
3443 3762 3720 3827 νομίζουσί

2150 3846 2208 3883 τε
2228 3832 2324 3885 καὶ
2356 3833 2685 3905 ὀνομάζουσι
2711 3855 2726 3869 ·
2754 3838 3028 3896 θάλασσαν
3063 3844 3386 3919 σχιζομένην
3436 3851 3529 3903 καὶ
3562 3854 3721 3905 πάλιν

2151 3926 2552 3998 συνερχομένην
2581 3943 2594 3958 ·
2632 3929 2811 4002 πύλην
2856 3933 3281 4007 διαϐαινομένην
3319 3939 3435 4010 ἅμα
3481 3944 3577 3996 καὶ
3623 3961 3715 3998 κε-

2151 4018 2481 4091 κλεισμένην
2504 4038 2518 4052 ·
2553 4023 2783 4093 κάμινον
2820 4026 3207 4102 δροσιζομένην
3237 4032 3355 4103 ἅμα
3376 4035 3469 4089 καὶ
3520 4037 3713 4106 φλεγο-

2152 4110 2355 4180 μένην·
2389 4111 2550 4181 βάτον
2594 4118 2914 4190 καιομένην,
2965 4121 3081 4175 ἀλλ’
3128 4123 3189 4175 ού
3232 4129 3672 4198 κατακαιομένην
3696 4148 3710 4163 ο

2148 4200 2378 4271 νεφέλην
2428 4205 2640 4275 ἡμέρας
2700 4209 2816 4278 ἅμα
2891 4211 2989 4265 καὶ
3053 4214 3385 4288 εὐθυπορίας
3446 4219 3707 4288 ἄγγελον

2148 4288 2342 4345 στύλον
2371 4292 2563 4363 πυρὸς,
2591 4297 2654 4348 ού
2686 4298 2746 4349 τὸ
2773 4298 2936 4367 θεῖον,
2985 4299 3160 4373 οἶμαι,
3193 4307 3353 4376 μόνον
3385 4309 3496 4380 πῦρ
3528 4313 3712 4382 ἐπιφε-

2146 4382 2403 4452 ρομένην,
2428 4385 2561 4440 ἀλλά
2587 4390 2681 4443 καὶ
2702 4390 2794 4444 τοῦ
2816 4393 2960 4447 θείου
2989 4399 3082 4450 καὶ
3100 4399 3222 4452 νέου
3242 4399 3373 4454 λαοῦ
3403 4404 3495 4455 τὸν
3517 4404 3712 4474 Φαραὼ

2143 4470 2235 4524 τὸν
2262 4474 2450 4543 νοητὸν
2481 4478 3008 4557 ἀποφραγνυμένηνο
3042 4490 3248 4561 πέτραν
3274 4494 3396 4563 μέλι
3423 4496 3515 4548 τὸν
3544 4470 3709 4565 Λάγον

2145 4567 2396 4636 ῥέουσαν,
2422 4570 2617 4639 ῥάϐδον
2657 4575 2837 4643 ἄνθος,
2879 4582 2977 4651 τὴν
3013 4582 3242 4638 εὐωδίαν
3294 4588 3388 4641 καὶ
3430 4589 3589 4653 δόξαν
3617 4591 3706 4644 τοῦ

2143 4656 2352 4724 γένους,
2371 4662 2643 4734 φέρουσαν
2666 4683 2681 4699 ο
2711 4666 2839 4742 [γῆν
2865 4674 3126 4741 μείνασαν
3153 4678 3243 4732 οἷα
3264 4681 3401 4745 ἐστὶ,
3418 4685 3512 4735 καὶ
3531 4685 3702 4754 πλήρη

2138 4749 2239 4820 τῆς
2290 4749 2442 4818 θείας
2507 4758 2909 4834 εὑρισκομένην
2937 4770 3186 4839 τροφῆς·
3244 4774 3339 4826 καὶ
3371 4775 3568 4843 μάννα,

2136 4839 2488 4913 ἀγεώργητον
2541 4847 2726 4918 ἄρτον,
2784 4855 3077 4924 φέρουσαν,
3108 4858 3167 4911 ὃν
3196 4860 3317 4915 οὔτε
3368 4839 3562 4933 ἄροσις
3585 4866 3702 4920 οὔτε

2137 4934 2316 5005 σπορά
2379 4937 2693 5009 έγεὼργησε
2852 4947 3087 5001 κιϐωτὸν
3150 4953 3422 5022 ἄψαυστον
3449 4999 3463 5022 ,
3531 4960 3702 5029 κῆπον

455 4996 660 5065 gloria;
698 5000 944 5074 [terrain],
970 5025 1092 5077 qute
1128 5028 1344 5084 semper
1373 5016 1456 5070 sui
1488 5018 1703 5086 similis,
1733 5036 1796 5076 ac
1825 5026 2031 5081 caelesti

456 5088 503 5121 ·.Ι
532 5105 615 5121 nm
660 5102 712 5121 In
746 5094 937 5121 ..ιιι-Λ-.-
996 5100 1208 5121 2-.---_..-
1254 5111 1353 5121 --.γ
1418 5119 1435 5121 μ
1470 5119 1476 5121 Α

2155 4996 2350 5091 ἱσυλον,
2384 4996 2911 5102 ’ἄσϐεστοη
2930 5040 3059 5094 ναὸν
3082 4996 3301 5112 ἄϐατον,
3331 4999 3463 5117 ὅρος,
3484 4996 3699 5121 ἄτομον,

455 5088 714 5146 almelo
746 5094 940 5150 referta
996 5100 1214 5155 inventa
1244 5111 1357 5169 est;
1408 5119 1637 5175 quasque
1679 5124 1895 5175 manna,
1938 5127 2030 5181 pa-

2130 5116 2350 5185 ἀρεταῖς
2381 5122 2711 5193 κατάκομον,
2741 5127 2924 5183 πλάκα
2947 5132 3274 5204 θεόγραφον,
3318 5116 3556 5209 στάμνον
3585 5116 3703 5195 fleo-

454 5197 573 5234 nem
613 5187 837 5241 minime
868 5192 1097 5257 cultum,
1138 5193 1364 5262 profert,
1397 5212 1557 5265 quem
1597 5198 1802 5254 scilicet
1856 5219 2029 5272 neque

2155 5206 2304 5277 ὄχον,
2332 5187 2640 5281 τράπεζαν,
2674 5217 2760 5286 ἐφ’
2877 5222 2906 5273 ὀ
2949 5187 3229 5294 τῆς.
3260 5187 3462 5301 γάρτος,
3494 5232 3696 5302 κλίνην,

451 5277 627 5330 aratis
665 5294 842 5349 neque
871 5284 1223 5339 commissum
1248 5301 1433 5341 semen
1464 5288 1717 5363 attulit';]
1746 5292 2027 5363 nunquam

801 5387 973 5393 μην,
1062 5376 1074 5393 .
1150 5385 1175 5393 ν.
1312 5379 1323 5390 .
1407 5378 1418 5390 .
1464 5380 1474 5393 .
1747 5381 1761 5393 -

2155 5296 2219 5364 φ’
2245 5293 2311 5371 ἧς
2337 5277 2381 5353 ὁ-
2420 5277 2645 5367 δυνατὸς
2679 5277 3046 5378 ἀνεπαύσατο,
3074 5277 3342 5384 stupida:
3376 5277 3543 5393 δῖἦς
3568 5277 3698 5377 καᾶτὶ

449 5373 764 5424 temeratam
798 5387 978 5427 arcam
1006 5415 1021 5442 ,
1062 5376 1277 5431 hortum
1310 5378 1700 5447 inviolabilem,
1746 5381 2021 5439 lucernam

448 5470 721 5529 nunquam
752 5478 858 5518 non
880 5466 1169 5533 lucentem,
1193 5470 1453 5540 templum
1484 5473 1842 5539 inaccessum,
1867 5492 2023 5531 mon-

2132 5386 2349 5460 ἔρχεται
2409 5392 2508 5461 μὲν
2533 5393 2686 5459 Θεὸς,
2710 5398 2996 5470 ἀνέρχεται
3021 5404 3076 5456 δὲ
3101 5407 3129 5457 ὁ
3153 5406 3361 5477 θνητὸς,
3394 5386 3698 5485 ἀρχομένην

2133 5480 2236 5547 μὲν
2296 5483 2406 5549 τῶν
2460 5484 2711 5557 χθονίων,
2773 5493 3091 5567 ἁπτομένην
3133 5500 3189 5553 δὲ
3246 5504 3339 5556 καὶ
3538 5480 3696 5577 οὐρα-

446 5557 549 5604 tem
585 5568 689 5608 non
721 5566 931 5612 sectum
976 5575 1041 5614 ac
1071 5561 1362 5618 virtutibus
1389 5562 1748 5631 frondentem,
1777 5568 2013 5623 tabulam
2124 5573 2272 5626 νίων.

442 5658 473 5698 a
512 5645 627 5702 Deo
675 5652 1084 5722 conscriptam;
1136 5671 1329 5711 urnam
1386 5655 1556 5711 Deum
1620 5659 2025 5729 continentem;
2066 5676 2314 5718 mensam
2369 5665 2424 5721 in
2452 5683 2560 5739 qua
2594 5673 2751 5740 panis
2781 5685 2864 5731 est
2893 5678 3051 5747 vita;
3087 5682 3339 5740 lectulum
3388 5686 3440 5742 in
3481 5705 3694 5760 quorc-

440 5739 647 5807 quievit
676 5743 768 5813 qui
800 5754 988 5812 potens
1017 5759 1100 5806 est
1121 5790 1136 5816 ,
1171 5752 1374 5807 scalam
1402 5766 1499 5822 per
1522 5767 1689 5822 quam
1715 5763 1768 5807 et
1824 5752 2110 5809 descendit
2164 5754 2327 5825 Deus,
2359 5768 2414 5815 et
2464 5739 2714 5822 ascendit
2752 5768 2917 5827 homo
2940 5811 2955 5837 ,
3028 5777 3188 5832 terris
3239 5777 3483 5846 inuisam
3537 5796 3691 5856 atque

440 5831 600 5856 ,μη-Α-
635 5833 920 5856 -..μημμη

437 5831 603 5885 εωιοε
633 5833 1003 5907 attingentem.

511 5920 699 5980 XXVI.
731 5927 855 5985 llaec
883 5940 990 5985 tam
1018 5932 1301 6001 praeclara,
1325 5943 1487 6006 atque
1507 5932 1592 5987 his
1613 5932 1774 5989 etiam
1809 5935 2017 6004 potiora

2197 5938 2342 6007 KQ".
2399 5943 2647 6003 Τοσαῦτά
2680 5966 2770 6020 μοι
2794 5954 2885 6008 καὶ
2914 5956 2994 6011 ἔτι
3016 5959 3185 6016 πλείω
3213 5966 3340 6036 περὶ
3394 5968 3492 6041 τὴν
3543 5973 3683 6039 Παρ-
