4010 6586
342 507 445 571 8¹Π

1122 505 1380 565 ssnno
1415 504 1497 566 IN
1532 506 1638 568 ss.
1683 506 2034 567 DEIPARAE
2071 482 2790 572 ANN‘UNTIATIONEM.

3478 514 3583 577 838

340 618 492 671 θένον
513 614 582 670 τά
608 613 885 685 θαύματα,
910 612 1108 686 μᾶλλον
1144 614 1202 668 δὲ
1230 613 1301 667 τά
1323 614 1416 667 τοῦ
1446 613 1722 685 θαύματος
1765 617 1911 668 εἰκο-

2024 618 2069 671 in
2106 616 2326 690 Virgine
2366 619 2635 690 prodigia,
2692 636 2787 673 seu
2830 618 3008 690 potius
3051 621 3421 692 prodigiorum
3454 626 3585 681 ima-

338 710 614 781 νίσματαο
649 709 744 762 καὶ
791 707 880 761 διὰ
927 707 1100 762 ταῦτά
1150 725 1243 778 μοι
1294 707 1355 761 τὸ
1390 708 1518 778 περὶ
1554 707 1652 774 τὴν
1712 708 1905 762 συλλα-

340 802 539 855 ϐοῦσαν
571 800 889 872 θαυμάζειν,
919 801 1098 853 ἔπεισι
1131 800 1255 871 μὲν,
1276 800 1373 854 ούκ
1393 798 1567 865 ἔξεστι
1592 799 1669 866 δέ,
1702 803 1776 870 μὴ
1811 799 1908 855 καὶ

339 891 654 963 καθυϐρίσω
685 891 745 944 τὸ
796 887 982 960 θαῦμα
1003 889 1082 960 τῷ
1130 889 1367 962 θαύματι
1395 906 1411 923 ⁸
1443 889 1506 943 τὸ
1532 888 1589 943 δὲ
1641 890 1736 944 καὶ
1778 892 1907 963 περὶ

339 983 430 1034 τὸν
457 981 829 1052 συλληφθέντα
861 980 1138 1051 Θαυμάσαι
1167 982 1299 1052 μὲν,
1354 980 1465 1049 ὅσῳ
1514 981 1676 1035 πλέον
1723 982 1907 1053 εὖρείν

339 1074 600 1128 ἀδύνατον
628 1089 643 1104 ·
669 1072 855 1145 φρίξαι
880 1073 936 1127 δὲ
960 1073 1179 1143 μᾶλλον,
1207 1073 1240 1145 ἢ
1269 1072 1550 1143 θαυμάσαι
1574 1074 1715 1140 δέον,
1765 1075 1907 1129 am.

341 1182 434 1236 ρον
461 1180 473 1194 ·
524 1165 787 1237 κροτῆσαι
812 1165 869 1219 δὲ
904 1165 1126 1236 μᾶλλον,
1172 1166 1207 1236 ἧ
1268 1164 1458 1237 φρίξαι
1504 1166 1598 1219 καὶ
1633 1165 1909 1236 θαυμάσαι

339 1257 570 1329 πρέπον,
606 1256 955 1328 ἀσύγκριτον.
997 1257 1154 1311 Οὕτω
1187 1274 1279 1329 μοι
1317 1258 1411 1312 καὶ
1445 1257 1615 1312 πολλὰ
1647 1260 1740 1312 καὶ
1784 1259 1911 1312 πολ-

337 1350 569 1421 λαχόθεν
603 1350 695 1403 καὶ
724 1351 813 1404 ἴσα
840 1351 938 1419 τῆς
962 1349 1156 1420 ἑορτῆς
1190 1350 1261 1404 τὰ
1289 1350 1565 1422 μυστήρια
1596 1368 1610 1383 ·
1653 1350 1790 1404 ἀλλὰ
1814 1350 1908 1405 τοῦ

344 1445 443 1516 μὲν
469 1443 743 1513 θαύματος
763 1442 1022 1498 τοσοῦτον
1051 1442 1423 1515 ἐνδειξάμενος
1452 1443 1616 1515 μόνον
1643 1444 1740 1499 καὶ
1770 1445 1911 1500 ἀπο⁴

339 1535 638 1600 λελαυκὼς,
668 1535 994 1607 ἀφίσταμαι.

2015 710 2169 780 gines
2196 722 2484 779 contueor;
2521 729 2584 767 ac
2626 723 2907 783 propterea
2958 715 3321 784 concipientis
3368 731 3582 787 portem

2013 810 2127 855 tum
2152 802 2429 858 celebrare
2453 802 2825 873 mihiquidem
2856 804 3021 868 subit,
3044 806 3138 861 sed
3171 808 3254 862 fas
3286 823 3393 863 non
3418 810 3583 876 duco,

2018 908 2109 960 ue,
2165 893 2294 947 dum
2328 892 2551 949 laudare
2578 892 2886 965 aggredior,
2946 896 3193 950 miraculi
3247 898 3583 968 maiestatem

2017 985 2338 1039 innninuam
2372 1002 2386 1040 :
2420 985 2566 1056 quod
2596 1000 2725 1041 vero
2775 994 3035 1055 praeterea
3075 988 3142 1044 ad
3186 1004 3310 1045 eum
3351 1003 3583 1062 spectat,

2016 1078 2108 1148 qui
2139 1086 2435 1148 conceptus
2462 1087 2567 1143 est,
2614 1093 2680 1133 eo
2718 1078 2937 1148 quidem
2973 1082 3148 1152 magis
3189 1083 3585 1154 obstupescen-

2017 1172 2145 1225 dum
2174 1180 2282 1234 est,
2300 1185 2409 1241 quo
2436 1171 2618 1226 minus
2650 1170 2732 1227 vel
2784 1172 3080 1242 excogitari
3116 1174 3165 1229 id
3201 1178 3419 1246 putuit;
3476 1195 3586 1248 quo

2020 1261 2201 1316 minus
2250 1276 2380 1316 vero
2434 1262 2676 1332 pervium
2736 1263 2867 1318 illud
2900 1274 3004 1329 est,
3036 1273 3314 1335 stuporem
3362 1280 3587 1325 sanctus

2020 1353 2221 1408 horror
2242 1353 2424 1409 vincat
2447 1364 2689 1426 oportet;
2720 1355 2974 1424 plaudere
3002 1358 3223 1413 demum
3255 1361 3376 1430 plus
3415 1364 3584 1416 etiam

2018 1446 2207 1511 decet,
2260 1461 2424 1516 quam
2464 1457 2518 1502 et
2558 1455 2788 1503 tremere
2844 1464 2910 1505 ac
2957 1458 3216 1521 stupere,
3270 1454 3392 1510 ideo
3438 1454 3586 1525 quod

2019 1537 2222 1592 nullam
2253 1539 2715 1607 comparationem
2746 1539 3024 1595 admittat.
3048 1540 3138 1598 Sic
3161 1545 3295 1598 mihi
3322 1555 3378 1599 et
3417 1547 3585 1601 multa

339 1640 397 1688 et
423 1631 705 1701 multiplici
738 1646 802 1684 ex
836 1631 1014 1701 capite
1043 1640 1098 1685 et
1151 1629 1414 1702 dignitate
1482 1631 1638 1703 paria
1685 1646 1808 1688 sese
1856 1631 2130 1704 objiciunt
2195 1632 2562 1689 solemnitatis
2604 1633 2770 1704 hujus
2845 1639 3141 1707 mysteria;
3178 1640 3272 1693 sed
3333 1640 3401 1695 ad
3459 1656 3589 1712 por-

341 1734 489 1784 tenta
542 1726 688 1795 quod
742 1725 954 1790 attinet,
993 1740 1115 1780 cum
1142 1726 1223 1780 vel
1272 1725 1377 1781 hoc
1428 1743 1596 1782 unum
1646 1736 1757 1783 tam
1803 1729 2064 1784 eximium
2095 1728 2444 1783 indicaverim
2474 1738 2529 1784 et
2555 1729 2926 1797 delibaverim,
2958 1731 3072 1801 jam
3103 1733 3332 1790 absiste.

413 1816 539 1871 KZ'.
564 1815 776 1888 Φρίττω
797 1816 873 1880 δὲ,
896 1817 1029 1872 Θεὸν
1050 1818 1224 1889 εὑρὼν
1242 1821 1338 1874 καὶ
1365 1820 1546 1876 λαϐὼν
1567 1821 1668 1892 τῆς
1689 1822 1905 1892 φύσεως

2080 1821 2297 1878 XXVII.
2324 1822 2558 1880 Maximo
2605 1840 2770 1895 porro
2802 1835 2947 1880 metu
2978 1827 3264 1895 percellor,
3322 1845 3390 1885 ne
3436 1842 3588 1900 post-

340 1909 621 1974 κοινωνὸν,
651 1910 745 1964 καὶ¹
766 1910 886 1981 Θεῷ
914 1911 1268 1983 τρεφόμενος,
1301 1912 1375 1978 ὡς
1396 1914 1628 1987 τρώγων
1649 1916 1710 1969 τὸ
1744 1916 1905 1989 σῶμα

2024 1930 2174 1986 quam
2197 1914 2367 1971 Deum
2415 1927 2623 1972 natura:
2679 1929 2881 1973 nostra:
2938 1928 3253 1974 consortem
3291 1924 3485 1993 reperi,
3535 1932 3591 1979 et

340 2002 439 2055 καὶ
459 2002 628 2055 πίνων
650 2001 711 2056 τὸ
737 1995 877 2072 αἷμα
908 2018 924 2033 ο
953 2002 1028 2074 μὴ
1060 2002 1154 2059 καὶ
1175 2005 1534 2076 καταφλεχθῶ
1560 2010 1656 2061 νῦν
1686 2009 1908 2078 μᾶλλον,

338 2094 404 2147 ού
434 2093 673 2166 καθαρὸς
724 2094 823 2148 τοῦ
868 2094 1111 2168 καθαροῦ
1176 2098 1651 2169 προσαπτόμενος,
1699 2102 1794 2154 καὶ
1841 2104 1913 2173 τῇ

339 2188 599 2260 κοινωνία
655 2188 811 2242 κοινά
864 2188 934 2243 τὰ
972 2190 1177 2260 φρικτά
1226 2191 1605 2265 λογισάμενος,
1650 2184 1748 2250 καὶ
1777 2196 1918 2251 Θεὸν

340 2277 541 2330 ἐννοῶν
576 2278 671 2331 καὶ
696 2277 839 2348 δρῶν
861 2278 1121 2350 δευτέραν
1154 2296 1246 2349 μοι
1268 2281 1364 2336 καὶ
1393 2282 1726 2355 τηλικαύτην
1751 2285 1911 2358 εύερ-

339 2370 536 2440 γεσίαν
577 2369 1030 2442 κατατιθέμενον,
1055 2371 1236 2444 πολλῷ
1267 2374 1363 2427 καὶ
1390 2376 1490 2445 τῆς
1519 2378 1793 2449 προτέρας
1844 2381 1915 2450 τῇ

338 2462 496 2529 τάξει
525 2461 621 2516 καὶ
661 2465 729 2534 τῇ
770 2463 1000 2535 δυνάμει
1044 2466 1337 2538 προτέραν,
1361 2467 1471 2539 ὅσῳ
1517 2470 1638 2524 τότε
1684 2472 1787 2542 μὲν
1812 2471 1915 2542 τῆς

341 2554 569 2620 εἰκόνος,
604 2553 700 2608 νῦν
717 2555 774 2609 δὲ
812 2556 906 2610 καὶ
931 2557 1033 2627 τῆς
1061 2558 1249 2624 οὐσίας
1287 2560 1460 2630 αὐτῆς
1494 2563 1801 2633 μετέδωκε,
1838 2563 1914 2636 μὴ

341 2647 441 2701 καὶ
460 2648 590 2718 περὶ
616 2647 713 2719 τὴν
761 2649 996 2720 ἐσχάτην
1040 2649 1246 2722 ταύτην
1278 2653 1374 2706 καὶ
1407 2652 1635 2726 πρώτην
1691 2656 1915 2725 εὐεργε-

344 2739 465 2792 σίαν
495 2739 588 2792 καὶ
610 2740 916 2802 κοινωνίαν.
943 2740 1444 2813 ἀγνωμονέστερος,
1471 2742 1509 2814 ἢ
1557 2744 1782 2815 προτοῦ,
1825 2745 1919 2814 γέ-

344 2849 521 2903 νωμαι
552 2847 568 2863 ‘
596 2833 690 2886 καὶ
711 2831 1028 2904 καθυϐρίσω
1068 2833 1149 2903 μὴ
1173 2833 1273 2906 τὴν
1319 2834 1508 2888 εἰκόνα
1530 2828 1693 2906 μόνον
1712 2874 1729 2902 ,
1780 2837 1917 2893 ἀλλὰ

344 2923 441 2976 κα)⁵
466 2922 530 2975 τὺ
548 2921 858 2994 ἀρχέτυπον
882 2937 897 2954 ’
927 2925 977 2976 ει
1022 2923 1117 2978 καὶ
1144 2922 1460 2996 καθυϐρίσω
1493 2926 1592 2996 μὲν
1628 2926 1766 2995 ἐγὼ,
1786 2927 1918 2981 καθ-

346 3014 629 3086 υϐρίζεται
658 3014 714 3069 δὲ
742 3015 874 3079 Θεὸς
914 3015 1183 3086 οὐδαμῶς.
1216 3016 1429 3086 Φρίττω
1462 3018 1556 3071 καὶ
1585 3017 1715 3072 ὅσον
1764 3017 1919 3072 οὔπω

344 3110 438 3165 τὸν
457 3108 866 3181 ἀκριϐέστερον,
891 3110 925 3180 ἢ
975 3108 1203 3179 πρότου,
1232 3108 1581 3181 λογιζόμενος
1604 3111 1914 3182 νομοδότην,

346 3205 409 3258 ού
437 3202 843 3284 νομοθετοῦντα,
854 3203 1019 3274 μόνον
1038 3206 1150 3268 τοῖς
1176 3206 1422 3276 ῥήμασιν
1439 3243 1459 3271 ,
1500 3204 1638 3261 ἀλλὰ
1676 3207 1773 3261 καὶ
1814 3224 1920 3261 πα-

350 3294 706 3368 ραδεικνύντα
726 3298 839 3359 τοῖς
865 3295 1155 3367 πράγμασι
1180 3297 1277 3351 καὶ
1314 3298 1427 3361 τοῖς
1477 3297 1919 3371 νομοθετηθεῖσιν

348 3387 486 3456 ἡμῖν
513 3383 1034 3458 παρεξεταζόμενον.

2016 2006 2405 2073 animadverti,
2430 2018 2720 2079 postquam
2757 2009 2922 2063 etiam
2952 2008 3063 2065 Deo
3094 2014 3360 2079 enutrior,
3405 2023 3591 2083 utpote

2012 2098 2105 2166 qui
2134 2104 2192 2152 et
2221 2112 2420 2167 corpus
2451 2097 2570 2166 ejus
2614 2098 2937 2153 manducem
2966 2139 2983 2166 ,
3024 2109 3081 2155 et
3129 2103 3449 2173 sanguinem
3502 2105 3590 2159 bi-

2013 2186 2136 2242 bam
2170 2186 2271 2258 (5),
2301 2187 2706 2243 comburendus
2738 2189 2988 2244 acerbius
3018 2190 3128 2261 igni
3165 2174 3295 2261 jam
3317 2193 3457 2248 tradi
3491 2195 3591 2249 de-

2012 2279 2193 2347 beam,
2226 2281 2487 2351 quoniam
2521 2296 2692 2350 pttrus
2725 2296 2834 2336 non
2886 2282 3158 2338 exsistens
3191 2285 3458 2354 attingere
3485 2300 3588 2356 pu-

2014 2386 2141 2426 rum
2176 2372 2375 2437 audeo,
2426 2380 2481 2426 et
2540 2383 2760 2443 propter
2811 2374 3269 2429 consuetudinem
3321 2390 3410 2440 ca,
3466 2390 3591 2445 qua:

2012 2463 2250 2519 maxime
2279 2464 2558 2520 tremenda
2586 2473 2736 2530 sunt,
2771 2465 2937 2520 veluti
2968 2467 3283 2520 communia
3316 2468 3591 2536 arbitror;

2015 2554 2362 2611 vehementer
2422 2555 2621 2621 timeo,
2674 2572 2743 2612 ne
2801 2556 2933 2611 dum
2972 2567 3123 2612 certo
3171 2558 3291 2613 seio
3324 2573 3387 2613 ac
3423 2559 3592 2613 veluti

2013 2663 2179 2703 cerno
2240 2649 2434 2714 Deum,
2490 2651 2594 2705 hoc
2640 2650 2870 2705 alterum
2917 2650 3053 2704 mibi
3101 2660 3321 2720 tamque
3381 2649 3597 2718 insigne

2014 2740 2384 2797 conferentem
2421 2742 2770 2807 beneﬁcium,
2794 2741 2941 2811 quod
2970 2750 3025 2796 et
3050 2743 3312 2813 dignitate
3324 2751 3379 2797 et
3399 2743 3598 2798 virtute

2016 2833 2173 2905 longe
2201 2835 2365 2890 etiarn
2416 2835 2595 2905 primo
2662 2834 2756 2887 illo
2811 2834 3212 2904 prmcellentius
3255 2844 3358 2897 est,
3393 2843 3597 2909 quanto

2016 2928 2225 2982 scilicet
2254 2928 2489 2998 imagine
2516 2940 2635 2991 sua,
2670 2941 2835 2997 quam
2863 2936 2991 2980 tunc
3017 2926 3395 2996 estelargitus,
3419 2928 3598 2995 potior

2015 3029 2101 3074 est
2154 3020 2271 3089 ipsa
2327 3019 2656 3080 substantia.
2694 3033 2857 3088 quam
2899 3017 3057 3071 nobis
3083 3033 3229 3072 nunc
3258 3018 3595 3087 participan-

2017 3112 2140 3165 dam
2168 3110 2403 3180 praebuit
2443 3127 2461 3178 ;
2494 3125 2721 3174 vereor,
2761 3109 3021 3177 inquam,
3059 3123 3128 3162 ne
3169 3109 3433 3163 adversus
3495 3110 3597 3164 hoc

2018 3221 2238 3275 quoque
2269 3214 2603 3275 postremum
2627 3213 2791 3272 atque
2826 3202 3073 3256 omnium
3107 3202 3402 3256 maximum
3429 3203 3565 3277 bene
3594 3237 3598 3241 -

2022 3289 2416 3367 ticium’magis
2482 3300 2646 3352 etiam
2710 3312 2876 3366 quam
2929 3295 3194 3368 adversus
3244 3304 3401 3349 vetus
3436 3294 3595 3357 illud,

2021 3387 2269 3459 ingratus
2291 3387 2543 3451 evadam,
2571 3397 2763 3440 etnon
2810 3386 3101 3452 imaginem
3145 3382 3343 3449 modo,
3393 3384 3491 3438 sed
3542 3389 3599 3436 et

352 3477 536 3551 ipsum
591 3479 942 3549 archetypum
984 3473 1187 3546 injuria
1232 3472 1484 3540 alliciam,
1546 3481 1827 3544 utcunque
1879 3472 2088 3530 inferre
2150 3475 2368 3545 quidem
2402 3476 2517 3546 ipse
2585 3474 2845 3545 injuriam
2900 3473 3128 3541 possim,
3163 3472 3474 3541 pra-celsior
3500 3486 3602 3525 au-

350 3584 461 3630 tem
495 3574 567 3630 sit
599 3571 761 3637 Deus,
789 3585 954 3642 quam
989 3578 1047 3625 ut
1096 3568 1239 3640 tangi
1272 3567 1489 3638 injuriis
1534 3567 1674 3623 meis
1719 3568 1908 3638 possit.
1951 3566 2056 3623 Sed
2077 3577 2131 3623 et
2155 3583 2426 3631 sinamus,
2483 3569 2529 3623 si
2557 3582 2803 3637 unquam
2868 3566 3024 3629 alias,
3050 3579 3136 3619 me
3157 3578 3329 3634 pavor
3348 3572 3599 3635 occupat.

346 3670 481 3724 dum
512 3666 838 3723 severiorem
863 3679 1031 3735 quam
1064 3671 1227 3718 antea
1255 3661 1617 3732 legislatorem
1684 3661 1951 3731 recogito,
1990 3661 2085 3731 qni
2145 3660 2359 3716 vivendi
2415 3675 2661 3715 normam
2702 3674 2810 3713 non
2868 3660 3029 3712 modo
3073 3657 3252 3711 verbis
3300 3657 3599 3726 proposuit,

346 3778 541 3820 verum
596 3761 758 3815 etiam
802 3759 1058 3823 oneribus
1113 3756 1604 3825 commonstravit,
1667 3755 1933 3827 nobisque
1971 3757 2075 3827 legi
2100 3755 2360 3824 subjectis
2388 3746 2667 3810 accenseri
2700 3753 2889 3807 voluit.

425 3856 557 3908 KH’.
578 3853 768 3924 Χαίρω
792 3851 850 3905 δὲ
872 3850 966 3904 καὶ
992 3850 1081 3904 διὰ
1112 3851 1289 3903 πάντα
1321 3849 1418 3920 μὲν
1434 3849 1602 3905 τᾶλλα
1630 3864 1645 3880 °
1672 3849 1792 3913 πῶς
1811 3848 1921 3919 γὰρ

347 3946 413 4003 οὔ
438 3964 452 4013 ;
478 3946 540 4000 ού
570 3945 725 4018 μόνον
756 3946 854 4014 τῆς
880 3942 1148 4013 τιμωρίας
1168 3940 1640 4012 ἐλευθερούμενος,
1673 3942 1809 3996 ἀλλά
1830 3944 1924 3996 καὶ

350 4038 666 4109 θεούμενος,
698 4036 758 4090 ού
788 4035 953 4106 μόνον
974 4035 1040 4088 ἐκ
1078 4035 1181 4102 γῆς
1224 4034 1586 4103 ἀναγόμενος,
1641 4033 1778 4087 ἀλλά
1830 4035 1927 4088 καὶ

352 4135 433 4197 εἰς
455 4131 558 4201 τὴν
590 4128 755 4199 Ἐδὲμ
782 4126 1157 4197 εἰσαγόμενος,
1186 4124 1385 4195 μᾶλλον
1403 4124 1461 4178 δέ
1500 4124 1593 4178 καὶ
1617 4126 1701 4187 εἰς
1725 4125 1923 4190 αὐτοὺς

350 4223 482 4285 τοὺς
509 4221 770 4292 οὐρανοὺς
800 4217 1089 4289 αἰρόμενος
1119 4231 1132 4245 ·
1165 4215 1227 4269 ού
1263 4214 1359 4270 τοῦ
1390 4214 1591 4286 ἐχθροῦ
1622 4215 1883 4285 λυόμενος
1906 4253 1927 4281 ,

353 4313 495 4369 ἀλλά
545 4313 640 4367 καὶ
696 4310 774 4381 τῷ
810 4308 1029 4364 Βασιλεῖ
1079 4305 1585 4378 προσκολλὼμενος,
1625 4306 1762 4376 ὁμοῦ
1822 4305 1927 4377 μὲν

354 4405 540 4473 πάσης
569 4400 1038 4472 ἀπολυτρούμενος
1071 4401 1168 4469 τῆς
1200 4396 1498 4468 ἁμαρτίας,
1545 4396 1683 4467 όμοῦ
1734 4395 1792 4449 δὲ
1832 4396 1925 4450 καὶ

352 4498 487 4568 ὅλης
516 4496 618 4566 τῆς
660 4493 888 4564 Τριάδος
937 4490 1426 4562 ἀναπιμπλάμενος
1455 4506 1469 4521 ο
1519 4491 1617 4559 οὐχ
1665 4490 1787 4542 ὅσον
1824 4491 1923 4560 τῆς

355 4591 560 4661 ἔχθρας
585 4586 975 4656 ἀπολυόμενος,
1028 4583 1166 4638 ἀλλὰ
1206 4582 1302 4636 καὶ
1330 4582 1423 4636 τὸν
1455 4582 1716 4651 μονογενῆ
1752 4580 1926 4647 Λόγον

2092 3846 2330 3901 XXVIII.
2364 3845 2543 3901 Laetor
2569 3860 2699 3901 vero
2733 3846 2805 3901 ob
2830 3845 2935 3899 alia
2969 3844 3173 3900 omnia.
3202 3840 3304 3908 Qui
3340 3839 3485 3896 enim
3504 3839 3605 3894 ali-

2024 3947 2104 3994 ter
2124 3941 2149 3993 ?
2178 3938 2292 3993 Non
2337 3939 2497 3994 nde
2518 3939 2661 3994 enim
2691 3953 2721 3992 e
2756 3937 3025 4007 supplicio
3057 3937 3278 3994 liberer,
3315 3933 3407 3987 sed
3435 3930 3605 3985 etiam

2024 4032 2218 4087 divinae
2265 4046 2492 4087 consors
2510 4042 2719 4085 natura;
2748 4030 2961 4094 evado;
2995 4044 3100 4083 non
3161 4026 3324 4080 modo
3368 4040 3399 4079 e
3452 4035 3603 4077 terra

2022 4125 2225 4196 erigor,
2262 4137 2452 4178 verum
2476 4123 2642 4178 etiam
2679 4122 2733 4175 in
2759 4119 2909 4175 Edon
2958 4118 3302 4182 introducor,
3360 4131 3455 4171 seu
3502 4131 3599 4184 po-

2031 4217 2140 4271 tius
2168 4216 2225 4270 in
2256 4214 2424 4270 cmlos
2457 4214 2608 4285 ipsos
2634 4214 2874 4279 evehor;
2911 4227 3023 4266 non
3074 4211 3251 4265 solum
3288 4224 3319 4264 e
3348 4209 3605 4263 manibus

2029 4308 2237 4365 inimici
2272 4308 2496 4378 eripior,
2533 4307 2626 4363 sed
2664 4307 2891 4377 insuper
2927 4304 3061 4374 Regi
3112 4303 3396 4367 associor;
3438 4301 3604 4356 simul

2029 4404 2099 4458 ab
2126 4401 2275 4456 omni
2298 4411 2518 4471 peccato
2540 4400 2798 4467 redimor,
2828 4408 2883 4456 et
2914 4398 3075 4455 simul
3110 4398 3281 4452 totius
3316 4396 3604 4451 Trinitatis

2030 4496 2295 4564 templum
2373 4493 2714 4560 eonstituor;
2792 4492 2993 4547 nedum
3065 4490 3249 4546 divina
3316 4483 3605 4544 Inimicitia

2031 4586 2267 4653 eximor,
2294 4586 2389 4640 sed
2416 4600 2448 4640 e
2491 4597 2762 4640 converso
2784 4582 3124 4653 unigenitum
3181 4580 3417 4635 Verbum
3457 4579 3603 4634 dono

354 4678 988 4747 ἀντικαταλλασσόμενος
1014 4691 1029 4706 ’
1076 4674 1177 4743 οὐχ
1249 4674 1373 4727 ὅσον
1435 4673 1582 4741 θῦμα
1634 4671 1918 4741 λαμϐάνων

2037 4678 2260 4748 recipio,
2290 4691 2529 4747 eumque
2560 4675 2734 4730 habeo
2759 4688 2866 4729 non
2891 4673 3051 4729 modo
3084 4680 3144 4726 ut
3193 4672 3472 4727 victimam
3509 4688 3607 4725 co-

358 4773 495 4845 ἐμοῦ
525 4772 920 4844 προθυόμενον,
954 4766 1093 4823 ἀλλά
1122 4766 1219 4821 καὶ
1274 4766 1399 4837 ἐμοὶ
1434 4764 1693 4835 θυόμενόν
1725 4780 1785 4816 τε
1834 4763 1929 4816 καὶ

354 4866 691 4935 ἐσθιόμενον.
723 4881 728 4886 '

431 4957 562 5010 ΚΘθ.
597 4954 786 5025 Χαίρω
818 4951 916 5027 μέν
946 4950 1040 5006 οὖν
1074 4949 1170 5017 καὶ
1216 4948 1304 5003 διὰ
1329 4946 1503 5003 ταῦτα
1542 4948 1637 5002 καὶ
1662 4946 1730 5000 τά
1758 4947 1934 5000 πλείω

356 5048 584 5103 τούτων.
632 5047 822 5115 Χαίρω
865 5045 923 5099 δὲ
952 5045 1104 5099 οὐδὲν
1132 5038 1296 5116 ἦττον
1317 5081 1332 5107 ,
1368 5041 1418 5095 εί
1452 5039 1527 5112 μὴ
1564 5040 1658 5094 καὶ
1693 5039 1927 5110 μᾶλλον,

356 5140 448 5193 διὰ
493 5137 591 5205 τὴν
628 5136 835 5190 τούτων
872 5135 1053 5188 αὐτῶν
1086 5132 1360 5205 πρόφασιν
1399 5131 1433 5203 ἢ
1466 5130 1790 5199 ἀσφάλειαν,
1835 5131 1929 5183 καὶ

356 5232 442 5285 ὅτι
497 5246 589 5301 μοι
622 5228 732 5282 τῶν
759 5226 1029 5281 τοσούτων
1079 5226 1174 5278 καὶ
1205 5221 1539 5292 τηλικούτων
1586 5223 1619 5293 ἡ
1659 5221 1754 5275 τοῦ
1792 5221 1927 5292 ἐμοῦ

358 5323 552 5392 γένους
593 5320 837 5390 θυγάτηρ
874 5317 1167 5390 πρόξενοςο
1205 5314 1341 5369 ἀλλὰ
1380 5314 1477 5369 καὶ
1510 5310 1667 5377 αὖθις
1700 5312 1930 5383 σφαλλο-

364 5414 509 5485 μένῳ
538 5411 699 5467 πάλιν
728 5412 762 5481 ἡ
792 5409 1047 5471 ἐπάνοδος
1075 5409 1109 5479 ἡ
1140 5406 1301 5478 αύτὴ,
1347 5405 1440 5459 καὶ
1468 5404 1607 5476 πρὸς
1634 5404 1727 5458 τὸν
1755 5405 1927 5466 οὕτως

360 5507 463 5577 ἤδη
499 5502 909 5573 καταλλαγέντα
936 5502 1076 5574 μετὰ
1106 5500 1365 5571 δευτέραν
1395 5498 1591 5571 ἔχθραν
1621 5501 1716 5553 καὶ
1744 5496 1927 5552 ἀδιάλ-

360 5598 560 5652 λακτον
601 5598 763 5666 ἑτέρα
811 5578 1400 5664 διαλ).ακτὶς’μεῦρηται
1422 5608 1438 5625 ο
1490 5592 1583 5644 καὶ
1634 5590 1927 5661 φάρμακον

366 5691 505 5768 μετὰ
537 5690 796 5761 δευτέραν
823 5689 919 5743 καὶ
947 5686 1160 5741 τελείαν
1185 5686 1519 5755 ἀπόγνωσιν,
1554 5686 1649 5740 καὶ⁴
1692 5683 1927 5755 ἀνάκλη-

365 5975 418 6022 tu
446 5992 495 6022 ιι.

2035 4784 2150 4824 ram
2186 4784 2273 4824 me
2312 4768 2650 4823 immolatam
2684 4782 2782 4837 pro
2817 4781 2925 4831 me,
2972 4764 3067 4820 sed
3102 4772 3361 4835 praeterea
3410 4764 3581 4818 immo

2034 4862 2198 4916 latam
2220 4870 2275 4915 et
2309 4860 2376 4915 ad
2408 4862 2734 4916 vescendum
2771 4857 2905 4912 mihi
2930 4855 3288 4926 propositam.

2106 4951 2295 5007 XXIX.
2348 4951 2569 5007 Gaudeo
2627 4952 2795 5021 igitur
2843 4961 2957 5004 tum
3013 4954 3239 5019 propter
3294 4945 3436 5010 ista,
3494 4954 3604 5000 tum

2035 5054 2262 5114 propter
2292 5042 2401 5098 alia
2443 5042 2530 5096 his
2556 5042 2791 5111 potiora.
2824 5040 3011 5095 Nihilo
3039 5046 3221 5093 autem
3264 5036 3467 5101 minus,
3495 5035 3607 5090 imo

2032 5134 2175 5191 forte
2201 5134 2366 5190 etiam
2407 5133 2602 5203 magis,
2636 5134 2704 5189 de
2742 5132 2937 5188 borum
2979 5131 3270 5187 occasione
3312 5135 3365 5183 et
3399 5128 3606 5182 securi-

2032 5234 2142 5282 tate
2189 5224 2437 5298 gaudeo,
2489 5233 2544 5281 et
2590 5225 2719 5295 quia
2768 5232 2848 5279 tot
2894 5232 3283 5291 tantorumque
3336 5218 3603 5273 bonormn

2029 5319 2375 5377 conciliatrix
2428 5317 2698 5375 exstiterit
2745 5316 2962 5386 generis
3018 5316 3122 5369 mei
3171 5314 3317 5381 ﬁlia;
3385 5313 3607 5382 insuper

2030 5422 2214 5468 autem
2269 5412 2413 5483 quod
2463 5428 2656 5468 rursus
2717 5410 3059 5465 aberrantem
3114 5408 3230 5477 ipsa
3288 5421 3480 5461 rursus
3548 5404 3599 5457 in

2034 5504 2175 5557 viam
2199 5504 2558 5567 revocaverit,
2592 5513 2757 5573 atque
2784 5503 2856 5556 ita
2883 5501 2932 5557 ei
2957 5499 3051 5569 qui
3080 5498 3192 5568 jam
3221 5496 3607 5553 reconciliatus

2033 5595 2236 5660 fuerat,
2286 5604 2408 5666 post
2456 5597 2751 5650 secundam
2800 5592 3167 5658 inimicitiam,
3214 5599 3335 5645 utut
3368 5589 3608 5643 acerbis--

2032 5687 2227 5743 simam
2249 5728 2262 5753 ,
2300 5685 2419 5756 ipsa
2464 5685 2658 5740 iterum
2693 5695 2910 5743 ostensa
2943 5687 3015 5743 sit
3056 5682 3461 5741 reconciliatrix
3483 5720 3499 5746 ,
3541 5690 3596 5735 et

443 5897 519 5965 (5)
574 5895 933 5953 Luculentum
992 5893 1162 5951 babes
1212 5890 1586 5950 testimonium
1648 5888 1926 5947 catholica:
1965 5892 2088 5950 Iidei
2136 5891 2284 5950 circa
2360 5890 2804 5964 augustissimum
2854 5889 3212 5948 Eucbaristiw
3289 5900 3608 5946 sacramen-
