4010 6582
446 493 556 555 839

1683 482 2003 546 JOANNIS
2039 477 2471 542 GEUMETRE

3572 481 3674 546 84]

437 605 740 662 remedium
801 610 920 670 post
988 599 1281 654 secundam
1343 615 1574 669 eamque
1635 601 2003 652 omnimodam

2113 617 2194 662 σις
2256 599 2393 668 μετὰ
2451 596 2548 668 τὴν
2609 596 2877 676 τοσούτων
2928 597 3020 651 καὶ
3077 597 3408 668 τηλικούτων
3455 598 3675 667 ἀγαθῶν

441 700 632 755 salutis
661 694 1094 764 desperationem
1141 704 1194 747 et
1232 692 1501 761 reparatio
1532 701 1656 760 post
1705 698 1782 744 tot
1825 699 2002 744 tanto-

439 801 670 856 rumque
697 787 965 839 bonorum
995 783 1287 853 jac-turam,
1316 792 1370 836 et
1402 798 1538 836 nova
1568 791 1686 851 post
1711 782 2001 835 secundam

438 878 868 935 confractioncm
903 875 1218 944 plasmatio,
1267 883 1321 927 et
1361 884 1480 943 post
1529 874 1823 929 secundam
1857 888 2005 926 mor-

439 983 568 1034 tem,
603 985 835 1039 eamque
870 969 1039 1022 multo
1089 953 1497 1036 profundiorem
1540 974 1594 1019 et
1623 964 1690 1019 ad
1727 965 2006 1019 excutien-

438 1065 566 1116 dum
598 1061 975 1123 difﬁciliorem,
1011 1057 1338 1113 resurrectio
1371 1059 1663 1111 exstiterit.

510 1154 677 1210 XXX.
714 1152 1185 1223 Opportunissime
1230 1165 1392 1220 porro
1439 1165 1620 1204 sermo
1675 1149 2004 1204 mentionem

442 1246 569 1300 fecit
623 1260 776 1299 novm
837 1242 1210 1313 plasmationis
1265 1249 1319 1296 et
1370 1241 1808 1296 resurrectionis.
1883 1239 2003 1293 Iam

438 1335 582 1388 enitn
611 1335 722 1387 hare
753 1333 937 1386 eadem
965 1332 1016 1384 in
1063 1341 1296 1384 mentem
1331 1331 1486 1386 nobis
1521 1332 1849 1385 revocabant
1892 1341 2004 1383 tum

436 1426 830 1496 iucundissima
859 1424 1021 1492 hujus
1050 1424 1157 1477 diei
1189 1424 1396 1487 laetitia,
1428 1435 1539 1478 tum
1571 1425 1779 1478 collata:
1823 1425 2009 1494 gratia:

441 1533 547 1571 non
583 1518 776 1571 modus
810 1525 1046 1579 tantum,
1077 1517 1171 1571 sed
1201 1527 1254 1570 et
1291 1525 1504 1585 tempus
1528 1531 1753 1585 prorsus
1779 1531 2010 1569 consen-

438 1619 677 1664 taneum.
719 1609 873 1663 Nunc
916 1611 1115 1664 etenim
1158 1610 1356 1664 cmlum
1397 1617 1450 1663 et
1495 1617 1636 1661 terra
1692 1616 1747 1660 et.
1783 1608 2010 1676 hujusce

439 1719 620 1756 reruni
664 1703 1036 1757 universitatis
1089 1713 1198 1755 tum
1236 1704 1554 1771 magnitudo
1600 1709 1714 1754 tum
1754 1701 2010 1768 splendor

438 1810 578 1864 nova
629 1805 682 1847 et
715 1794 1088 1848 concinnitate
1127 1804 1181 1847 et
1218 1793 1481 1862 sapientia
1533 1793 1804 1846 conditur.
1844 1791 2008 1844 Ilodie

440 1901 602 1938 manu
655 1885 781 1948 Dei,
832 1896 883 1939 et
927 1885 992 1939 ad
1055 1885 1145 1938 Dei
1202 1886 1490 1953 imaginem
1547 1886 1709 1939 homo
1769 1885 2006 1952 plasma-

440 1983 528 2028 tur
565 1975 680 2044 (6);
716 1991 780 2029 ac
817 1990 1008 2030 rursus
1044 1976 1202 2029 hodie
1239 1952 1378 2030 novo
1408 1991 1569 2045 opere
1602 1976 1882 2044 retingitur
1909 1975 2000 2029 Dei
2040 1952 2078 2006 Β

437 2082 604 2121 carne
647 2077 699 2120 et
728 2067 1029 2122 substantia
1052 2107 1066 2132 ,
1111 2068 1291 2123 Patris
1318 2068 1536 2137 quidem
1575 2066 1752 2122 Verbo
1793 2078 1848 2122 et
1877 2068 2004 2121 bra-

437 2161 586 2225 chio,
621 2161 788 2215 halitu
823 2171 1029 2223 autem,
1069 2159 1276 2232 Spiritu
1316 2163 1558 2228 scilicet;
1593 2161 1749 2215 hodie
1784 2161 2007 2230 insuper

437 2253 582 2309 Deus
623 2271 776 2308 meus
835 2266 885 2308 et
929 2255 1190 2310 Dominus
1243 2265 1296 2308 et
1337 2257 1498 2309 homo
1537 2257 1604 2310 de
1656 2266 2006 2308 monumento

437 2347 695 2415 resorgit,
739 2363 804 2400 ac
849 2349 1010 2402 simul
1054 2349 1223 2401 Adam
1257 2350 1323 2403 de
1367 2349 1638 2418 sepulcro,
1678 2360 1840 2418 atque
1882 2349 2005 2401 uni-

437 2452 655 2490 versqu
689 2452 861 2505 genus
888 2438 1183 2491 humanum
1214 2440 1450 2505 resurgit
1482 2454 1510 2492 a
1539 2439 1715 2508 lapsu,
1745 2447 1800 2492 et
1830 2439 2005 2506 prirda

437 2528 662 2594 antiqua
691 2527 936 2581 infernus
969 2531 1257 2598 spoliatur,
1281 2539 1334 2584 et
1359 2531 1663 2589 clauditur:
1689 2533 2006 2596 aperiuntur

436 2633 466 2672 e
500 2633 804 2684 converso,
858 2631 912 2674 et
956 2637 1135 2676 massa
1173 2632 1356 2677 nostra
1409 2623 1700 2692 implentur
1743 2623 1900 2687 cmli;
1952 2633 2006 2675 et

438 2711 661 2780 insuper
693 2713 775 2780 (nt
837 2721 1165 2781 postremum
1230 2715 1361 2768 illud
1401 2715 1631 2779 addam,
1674 2715 2006 2785 jucundissi-

438 2819 584 2857 muni
641 2804 793 2872 juxta
847 2818 911 2859 ac
967 2807 1494 2871 tremendissimum,
1534 2817 1587 2862 et
1633 2807 1792 2876 cujus
1832 2808 2002 2877 gratia

436 2895 619 2948 omnia
665 2906 853 2949 nostra
889 2895 1279 2966 disponuntur,
1313 2899 1578 2969 firmaque
1616 2900 1696 2954 rel
1743 2902 2004 2954 adversus

434 2998 626 3039 omnes
661 2986 911 3042 inimicos
940 2991 1270 3057 consistunt,
1303 2993 1447 3048 sicut
1488 2993 1712 3062 antiqua
1760 3007 1824 3046 ac
1862 3007 2002 3062 prae-

435 3081 590 3130 stans
625 3078 691 3130 ad
735 3092 835 3133 nos
883 3093 1054 3149 usque
1102 3079 1209 3134 fert
1245 3082 1463 3137 traditio
1502 3083 1750 3152 ratioque
1802 3085 2005 3137 contir-

434 3165 592 3245 matl
631 3165 820 3220 eadem
880 3167 981 3223 hac
1026 3168 1114 3224 die
1149 3171 1459 3225 communis
1494 3171 1738 3225 omnium
1790 3171 2005 3225 terribi-

434 3253 612 3326 lisque
643 3271 737 3311 rex
781 3258 945 3312 simul
976 3269 1031 3314 et
1059 3259 1198 3316 Deus
1228 3272 1281 3317 et
1303 3262 1468 3332 judex
1495 3272 1756 3317 venturus
1792 3275 1874 3319 est
1900 3264 2000 3334 (7),

432 3352 488 3398 et
543 3346 723 3408 omnis
779 3358 1027 3404 creatura
1090 3351 1213 3406 inde
1267 3351 1506 3408 discedet
1553 3353 1638 3407 vel
1697 3354 2000 3409 divinitatis

434 3436 706 3506 particeps
731 3439 813 3493 vel
845 3439 956 3507 igni
1001 3439 1272 3495 destinata
1297 3449 1396 3504 ,.et
1444 3443 1631 3496 mundi
1665 3457 1806 3496 unus
1842 3452 2003 3497 erunt

434 3528 672 3584 mundus
700 3528 802 3601 (8),
830 3540 995 3600 atque
1029 3547 1197 3586 unum
1228 3534 1335 3588 erit
1372 3548 1600 3604 regnum
1634 3534 1734 3603 (9),
1766 3543 1818 3588 et
1847 3533 2002 3589 aufe-

434 3625 588 3672 retur
616 3635 648 3672 e
683 3619 861 3673 medio
901 3622 1179 3690 tyrannis,
1215 3632 1270 3677 et
1308 3624 1490 3695 regina
1527 3625 1593 3680 ad
1627 3623 1788 3695 Regis
1817 3626 2002 3679 dexte-

434 3722 549 3761 ram
595 3709 855 3764 assidcbit
881 3711 925 3742 ’θ
965 3712 1374 3781 pulchritudine
1426 3714 1718 3786 refulgens,
1749 3726 1803 3771 et
1845 3718 1998 3772 dotav

434 3797 576 3854 libus
625 3801 967 3866 muneribus,
1017 3805 1277 3860 nimirum
1319 3805 1484 3860 simul
1526 3807 1781 3862 omnibus
1821 3807 2000 3862 Trini-

2108 689 2460 743 ἀπόπτωσιν
2522 689 2615 742 καὶ
2681 689 2980 752 ἁνάπλασις
3040 691 3134 744 καὶ
3183 691 3481 755 ἀνάστασις
3539 692 3677 762 μετᾶ

2105 782 2370 852 δευτέραν
2419 782 2711 852 συντριϐὴν
2754 784 2850 836 καὶ
2897 782 3125 837 θάνατον
3163 783 3450 856 δεύτερον,
3497 785 3676 856 πολλῷ

2109 875 2407 948 βαθύτερον
2435 877 2528 930 καὶ
2556 875 3102 949 δυσανακλητότερον.

2179 1146 2258 1199 A'.
2321 1145 2460 1199 Ἀλλ’
2516 1144 2574 1198 εὖ
2623 1162 2684 1214 γε
2738 1144 2907 1198 ποιῶν
2937 1146 2965 1197 6
3001 1145 3158 1216 λόγος
3189 1146 3280 1200 καὶ
3323 1145 3676 1212 αναπλάσεως

2109 1239 2244 1309 ὲμνή
2255 1239 2378 1309 σθη,
2403 1240 2496 1292 καὶ
2519 1239 2888 1301 ἀναστάσεως.
2921 1241 3060 1308 Ἤδη
3078 1240 3184 1311 γὰρ
3206 1241 3564 1310 προσυπεμνή
3577 1241 3672 1312 σθη

2109 1332 2203 1384 καὶ
2237 1330 2334 1400 τῆς
2364 1331 2579 1401 ἡμέρας
2605 1331 2666 1383 τὸ
2695 1331 3047 1401 χαριέστατον
3081 1332 3174 1384 καὶ
3203 1332 3300 1401 οὐχ
3321 1331 3396 1394 ὡς
3420 1333 3447 1383 ὁ
3481 1332 3675 1401 τρόπος

2113 1423 2302 1492 μόνον,
2355 1422 2494 1475 ἀλλὰ
2535 1424 2631 1477 καὶ
2679 1424 2708 1477 6
2752 1423 2941 1494 καιρὸς
2980 1425 3038 1476 ἐν
3081 1423 3258 1494 καιρῷ
3291 1423 3391 1493 τῆς
3431 1423 3672 1492 χάριτος.

2108 1516 2222 1570 Νῦν
2255 1517 2354 1585 μὲν
2387 1517 2493 1588 γὰρ
2525 1515 2756 1587 οὐρανὸς
2786 1517 2881 1569 καὶ
2919 1517 3021 1586 γῆ,
3052 1516 3146 1570 καὶ
3178 1515 3237 1569 τὺ
3266 1515 3486 1586 σύμπαν
3519 1513 3675 1566 τοῦτο

2112 1610 2338 1679 μέγεθός
2364 1627 2424 1662 τε
2452 1611 2546 1663 καὶ
2566 1609 2760 1671 κάλλος
2787 1610 2925 1680 μετὰ
2949 1609 3042 1663 καὶ
3063 1609 3162 1679 τῆς
3184 1609 3350 1679 ἄλλης
3374 1606 3673 1678 εὐρυθμίας

2107 1719 2167 1754 τε
2209 1703 2303 1755 καὶ
2335 1703 2524 1770 σοφίας
2549 1702 2985 1773 δημιουργεῖται.
3019 1703 3265 1772 Σήμερον
3293 1701 3350 1754 δὲ
3387 1699 3674 1769 ἄνθρωπος

2109 1794 2422 1856 πλάττεται,
2447 1793 2590 1863 χειρὶ
2621 1792 2756 1846 Θεοῦ
2781 1793 2875 1846 καὶ
2897 1793 3084 1857 εἰκόνι,
3123 1793 3218 1845 καὶ
3247 1792 3404 1855 αὖθις
3437 1794 3673 1860 σήμερον

2108 1883 2505 1938 ἀναπλάττεται
2541 1883 2706 1953 σαρκὶ¹
2737 1883 2870 1936 Θεοῦ
2905 1884 2998 1936 καὶ
3022 1883 3200 1954 οὐσίᾳ,
3236 1883 3393 1952 Λόγῳ
3432 1883 3530 1953 μὲν
3561 1882 3671 1934 Πα-

2107 1977 2231 2047 τρὸς
2261 1978 2356 2030 καὶ
2403 1975 2667 2046 βραχίονι,
2706 1977 2985 2046 φυσήματι
3015 1975 3071 2028 δὲ
3105 1976 3183 2045 τῷ
3226 1974 3541 2043 Πνεύματισ
3578 1975 3671 2044 σή⁹

2111 2085 2275 2137 μερον
2300 2066 2394 2119 καὶ
2421 2066 2450 2117 ὁ
2495 2065 2626 2136 ἐμὸς
2658 2065 2789 2129 Θεὸς
2819 2067 2912 2119 καὶ
2944 2066 3219 2133 Δεσπότης
3264 2064 3358 2117 καὶ
3387 2063 3669 2134 ἄνθρωπος

2105 2156 2200 2211 τοῦ
2243 2157 2524 2226 μνήματος
2561 2155 2937 2222 ἐξανίσταται,
2995 2157 3374 2209 συνανῐσταται
3413 2153 3469 2207 δὲ
3506 2155 3599 2206 καὶ
3643 2156 3670 2206 6

2120 2249 2290 2319 ’Λδὰμ
2349 2248 2465 2317 ἃμα
2508 2247 2602 2301 τοῦ
2657 2250 2937 2318 μνήματος
2982 2248 3075 2300 καὶ
3117 2247 3176 2299 τδ
3223 2247 3373 2315 γένος
3407 2247 3528 2300 ὅλον
3573 2244 3668 2297 τοῦ

2107 2341 2419 2410 πτώματος,
2447 2329 2541 2392 καὶ
2568 2336 2816 2391 κενοῦται
2849 2338 2948 2407 μὲν
2974 2339 3001 2390 6
3026 2336 3156 2407 ᾆδης
3185 2336 3276 2390 τοῦ
3305 2336 3471 2389 πάλαι
3502 2334 3667 2388 πλού-

2106 2449 2198 2485 του
2229 2433 2321 2484 καὶ⁵
2349 2429 2583 2483 κλείεται
2606 2445 2621 2460 ο
2652 2429 2926 2496 ἀνοίγεται
2949 2428 3004 2481 δὲ
3036 2426 3291 2498 οὐρανὸς,
3322 2427 3418 2481 καὶ
3445 2425 3668 2496 γεμίζε-

2105 2541 2195 2576 ται
2227 2522 2320 2574 τοῦ
2360 2522 2708 2591 φυράματοςο
2737 2519 2832 2573 καὶ
2861 2519 2948 2572 ἵνα
2977 2518 3037 2571 τὸ
3065 2518 3374 2571 τελευταῖον
3409 2519 3548 2571 εἴπω
3575 2517 3668 2569 καὶ

2107 2613 2463 2684 χαριέστατον
2492 2610 2628 2681 ὁμυῦ
2659 2611 2753 2665 καὶ
2801 2611 3159 2680 φρικτότατον
3192 2611 3286 2663 καὶ
3315 2610 3382 2663 δι’
3415 2609 3444 2662 ὂ
3493 2611 3665 2662 πάντα

2105 2704 2468 2773 οἰκονομεῖται
2517 2703 2611 2756 καὶ
2665 2701 2976 2772 βεϐαιοῦνται
3026 2703 3161 2754 πᾶσι
3190 2702 3422 2760 καὶτοῖς
3456 2700 3667 2770 ὲχθροί;

2107 2795 2174 2848 τὰ
2204 2794 2466 2865 ἡμέτερα,
2515 2794 2657 2848 καθα
2699 2794 2794 2846 καὶ
2828 2793 3059 2858 παλαιὸς
3083 2794 3178 2847 καὶ
3207 2792 3370 2862 σοφὸς
3402 2792 3482 2856 είς
3520 2794 3668 2862 ἡμᾶς

2108 2887 2230 2957 ἥκει
2261 2887 2436 2954 λόγος,
2475 2887 2568 2940 καὶ
2609 2889 2638 2940 6
2675 2886 2832 2955 λόγος
2868 2887 3209 2957 στοχάζεται,
3249 2887 3488 2956 σήμερον
3518 2886 3612 2937 καὶ
3641 2885 3670 2936 6

2107 2979 2286 3042 κοινὸς
2316 2979 2412 3033 καὶ
2440 2978 2665 3049 φρικτὸς
2689 2977 2822 3049 ὁμοῦ
2856 2976 3107 3049 βασιπεὺς
3146 2980 3240 3031 καὶ
3274 2976 3405 3041 Θεὸς
3431 2977 3526 3030 καὶ
3551 2993 3670 3047 κρι-

2107 3069 2203 3140 τὴς
2256 3068 2566 3133 ἐλεύσεται,
2615 3071 2711 3124 καὶ
2746 3069 2810 3123 τὸ
2849 3069 3072 3141 πλάσμα
3104 3072 3212 3124 πᾶν
3241 3069 3600 3124 ἀπελεύσεται
3633 3069 3664 3138 ἢ

2110 3159 2398 3230 θεούμενον
2427 3159 2460 3231 ἢ
2492 3160 2854 3230 πυρούμενον,
2885 3163 2979 3214 καὶ
3011 3161 3214 3230 κόσμος
3241 3161 3288 3213 oi
3323 3161 3539 3228 κόσμοι,
3576 3160 3667 3212 καὶ

2109 3254 2142 3324 ή
2175 3252 2418 3324 βασιλεία
2454 3253 2573 3322 μία,
2607 3254 2701 3307 καὶ
2733 3255 2766 3324 ὴ
2798 3258 3052 3326 τυραννὶς
3079 3253 3344 3320 ἐκποδὼν,
3386 3254 3481 3307 καὶ
3509 3254 3542 3323 ἡ
3574 3252 3667 3323 βα-

2107 3345 2321 3398 σίλισσα
2369 3344 2463 3398 τοῦ
2511 3346 2779 3410 Βασιλέως
2831 3347 2894 3400 ὲκ
2940 3347 3155 3412 δεξιῶν,
3197 3345 3274 3416 τῷ
3303 3345 3487 3400 κάλλει
3527 3345 3668 3411 λάμ-

2104 3455 2279 3491 πουσα
2311 3438 2408 3491 καὶ
2439 3438 2878 3509 περιϐεϐλημένη
2913 3439 3010 3509 τὴν
3040 3441 3262 3507 προῖκα,
3299 3438 3396 3508 τῆς
3435 3439 3668 3508 Τριάδος

2103 3529 2228 3593 ὅλας
2269 3529 2406 3600 ὁμοῦ
2451 3531 2548 3593 τὰς
2586 3531 2835 3601 χάριτας,
2869 3531 2965 3584 καὶ
3005 3531 3400 3602 πεποικιλμένη
3434 3530 3510 3600 τῷ
3549 3531 3665 3584 δια-

2106 3622 2256 3693 φόρῳ
2296 3620 2403 3675 τῶν
2443 3622 2509 3675 δι’
2537 3623 2708 3694 αὐτῆς
2742 3623 3020 3677 σωθέντων
3051 3624 3233 3694 κλήρῳ
3273 3626 3366 3678 καὶ
3394 3622 3667 3694 ἀξιώματι

2107 3715 2200 3767 καὶ
2230 3713 2583 3785 ἀνηρτημένη
2620 3715 2720 3786 τὴν
2745 3716 2874 3786 ὃλην
2904 3715 3084 3786 κρίσιν
3112 3719 3179 3786 τῇ
3211 3714 3306 3786 νέᾳ
3341 3732 3668 3786 καινουργη-

2107 3806 2291 3881 θεῖσαν
2319 3806 2525 3876 χάριτι.

431 3895 560 3949 tatis
581 3896 768 3963 gratiis
815 3897 1342 3967 circumvestita;et
1405 3901 1659 3958 decorata
1711 3920 1924 3973 eorum,
1954 3905 2047 3975 qui
2087 3921 2182 3975 per
2248 3906 2420 3974 ipsam
2464 3906 2604 3960 nacti
2657 3915 2785 3962 sunt
2828 3906 3099 3969 salutem,
3128 3904 3275 3959 varia
3319 3901 3669 3958 multitudine

433 4002 497 4041 ae
534 3986 830 4054 dignitate,
867 4000 1146 4046 creaturas
1195 4008 1387 4050 omnes
1445 4009 1585 4051 nova
1636 3997 1807 4066 gratia
1840 4008 2118 4069 reparatas
2147 3998 2251 4055 sibi
2282 3998 2559 4056 beneﬁciis
2586 4000 2878 4055 obstrictas
2906 3998 3172 4055 ostendet.

506 4080 701 4135 XXXI.
737 4082 829 4139 Sic
859 4085 1043 4156 itaque
1086 4103 1193 4143 non
1238 4099 1442 4146 temere
1487 4092 1540 4146 in
1587 4092 1706 4161 ipso
1738 4095 2009 4150 sermonis

2178 4093 2304 4150 ΛΝ.
2336 4093 2523 4159 Οὕτως
2548 4093 2647 4148 ούκ
2676 4094 2884 4159 ἀλόγως
2923 4096 2951 4148 6
2992 4093 3147 4161 λόγος
3187 4090 3297 4163 ἄρα
3328 4091 3428 4162 τὴν
3475 4089 3669 4162 ἑορτήν

431 4175 657 4231 exordio
684 4177 824 4234 hanc
851 4179 1251 4237 solemnitatem
1279 4192 1334 4238 et
1363 4183 1694 4254 principium
1740 4186 1924 4256 gaudii
1953 4195 2003 4242 et

2106 4188 2164 4240 ἐν
2211 4189 2354 4259 ἀρχῇ
2402 4188 2498 4241 καὶ
2539 4187 2714 4259 ἀρχὴν
2741 4183 2862 4240 εἷπε
2891 4190 2990 4258 τῆς
3027 4186 3202 4257 χαρᾶς
3231 4185 3326 4239 καὶ
3369 4185 3542 4255 μέσην
3572 4184 3667 4237 καὶ

433 4268 671 4323 medium
728 4278 781 4325 et
828 4271 994 4327 ﬁnem
1043 4271 1324 4341 diximus;
1368 4276 1451 4332 sic
1493 4275 1610 4345 ipsa
1658 4292 1851 4334 rursus
1895 4293 2005 4333 non

431 4362 594 4417 modo
676 4377 786 4432 pra:
853 4368 1066 4422 caeteris
1131 4366 1520 4424 festivitatibus
1576 4370 2004 4439 stupendissima

431 4465 654 4522 apparet
703 4465 865 4524 atque
900 4457 1463 4526 magnificentissima,
1509 4460 1604 4514 sed
1643 4475 1774 4514 sane
1820 4469 1875 4514 et
1911 4460 1999 4530 ju-

431 4544 765 4597 enndissinia
807 4547 969 4600 simul
1021 4556 1075 4601 et
1128 4551 1365 4603 maxima
1403 4550 1752 4605 veneratione
1783 4550 1938 4620 digna
1981 4568 1995 4604 :

433 4633 577 4688 istud
609 4635 831 4704 quidem
860 4648 1080 4707 propter
1109 4643 1303 4693 miram
1327 4650 1384 4694 et
1406 4640 1651 4710 mysterii
1670 4649 1726 4694 et
1751 4642 1999 4696 miraculi

431 4726 837 4792 praestantiam;
893 4729 1023 4785 illud
1083 4746 1211 4786 vero
1269 4743 1490 4800 propter
1545 4732 1809 4801 fulgorem
1862 4733 2002 4791 lucis

432 4815 799 4884 undequaqu
858 4817 1230 4884 eniicantem;
1285 4826 1341 4872 et
1399 4829 1459 4872 ut
1505 4819 1781 4890 quidpiam
1820 4821 1999 4877 adhuc

429 4904 624 4974 majori
691 4906 1052 4964 admiratione
1109 4910 1335 4980 dignum
1392 4909 1651 4979 eloquar,
1713 4910 1828 4982 ipsa
1881 4915 1994 4968 sola

499 5084 544 5115 "
583 5080 722 5142 Psal.
757 5102 901 5153 xuv,
940 5087 1028 5143 I0.

511 5265 588 5341 (6)
624 5266 846 5341 Auctor,
899 5267 973 5320 uti
1018 5276 1161 5336 patet
1197 5265 1358 5321 etiam
1396 5281 1460 5322 ex
1503 5282 1620 5341 seq.
1675 5269 1703 5341 §
1757 5269 1995 5338 XXXIII,

428 5337 801 5399 existimavit,
858 5353 1082 5391 vernum
1142 5349 1391 5406 tempus,
1444 5337 1698 5406 quiuiino
1746 5347 1994 5396 eumdem

430 5407 576 5460 hunc
627 5407 769 5460 diem
814 5407 886 5460 25
939 5409 1141 5461 mensis
1197 5406 1374 5461 Martii
1419 5411 1849 5465 anniversarium
1903 5415 1998 5466 lia-

429 5475 672 5548 bendum
692 5491 814 5530 esse
838 5479 1217 5546 plasmationis
1243 5479 1402 5548 primi
1435 5481 1692 5544 hominis,
1723 5490 1775 5535 et
1803 5486 1994 5537 eadem

428 5545 586 5613 plane
647 5547 755 5618 die,
820 5545 876 5601 ut
916 5549 967 5601 in
1017 5545 1371 5618 sequentibus
1421 5552 1612 5615 tradit,
1653 5551 1748 5604 Dei
1800 5553 1993 5607 Filium

433 5630 538 5667 non
568 5615 727 5691 modo
755 5631 971 5691 carnem
1002 5615 1291 5674 humanam
1311 5621 1693 5691 assumpsisse,
1713 5625 1804 5676 sed
1833 5625 1994 5678 etiam

430 5701 459 5737 e
491 5685 742 5749 sepulcro
770 5689 890 5741 dein
928 5692 1254 5745 surrexisse.

504 5757 578 5824 (7)
633 5753 807 5810 Habes
859 5761 1019 5828 igitur
1050 5763 1333 5832 vestigium
1387 5761 1693 5816 traditionis
1727 5777 1822 5831 per
1856 5761 1996 5832 Geo:

432 5833 618 5904 pit-trite
671 5838 880 5904 atatem
938 5832 1204 5902 vigentis,
1262 5832 1542 5888 Christum
1597 5832 1896 5904 Doinimnu
1932 5847 1980 5883 at

429 5898 750 5958 iudicandos
786 5915 971 5957 omnes
992 5898 1255 5958 homines
1294 5903 1482 5957 eadem
1518 5902 1771 5972 vigesima
1808 5901 1995 5969 quinta

2101 4276 2398 4347 τελευτήνο
2447 4277 2542 4330 καὶ
2593 4276 2736 4330 οὕτω
2763 4277 2872 4330 τῶν
2899 4277 3101 4347 ἑορτῶν
3141 4277 3203 4328 ού
3240 4276 3665 4345 θαυμασιωτάτη

2105 4368 2268 4438 μόνον
2320 4366 2459 4438 αὕτη
2503 4369 2598 4422 καὶ
2634 4368 3114 4440 μεγαλοδωροτάτη
3140 4408 3155 4432 ,
3187 4367 3324 4421 ἀλλὰ
3349 4368 3412 4438 δὴ
3440 4369 3537 4421 καὶ
3572 4384 3665 4437 χα-

2105 4458 2363 4528 ριεστάτη
2400 4459 2521 4512 κατ’
2565 4460 2696 4514 αὐτὸ
2744 4463 2837 4515 καὶ
2875 4461 3285 4530 φρικωδεστάτη
3311 4474 3326 4490 ο
3378 4459 3538 4512 τοῦτο
3580 4457 3666 4511 διὰ

2103 4548 2164 4601 τὸ
2189 4549 2526 4620 ὑπερϐάλλον
2559 4552 2654 4606 τοῦ
2689 4553 2987 4623 μυστηρίου
3016 4569 3073 4606 τε
3104 4553 3198 4605 καὶ
3226 4551 3319 4605 τοῦ
3351 4550 3623 4620 θαύματος
3647 4566 3660 4581 ·

2102 4642 2280 4694 ἐκεῖνο
2310 4643 2399 4696 διὰ
2430 4643 2528 4714 τὴν
2577 4645 2910 4714 πανταχόθεν
2960 4645 3151 4714 ατγλην
3193 4661 3251 4696 τε
3290 4644 3384 4696 καὶ
3411 4642 3662 4712 λαμπρά⁹

2105 4750 2262 4803 τητα.
2307 4733 2403 4787 καὶ
2445 4735 2531 4789 ἵνα
2561 4737 2622 4788 τὸ
2653 4735 3082 4806 παραδοξότερον
3118 4736 3284 4800 εῐπω,
3313 4735 3408 4786 καὶ
3437 4734 3663 4802 ἀρχαιο-

2103 4826 2239 4895 τάτη
2276 4825 2411 4896 μόνη
2441 4827 2549 4880 τῶν
2595 4827 2772 4882 ἄλλων
2803 4829 2918 4898 ἅμα
2964 4828 3056 4881 καὶ
3089 4828 3411 4895 ἀῖδιωτάτη,
3447 4823 3663 4894 σύνδροο

2105 4935 2202 4988 μος
2235 4919 2336 4989 μὲν
2373 4923 2440 4991 τῇ
2470 4919 2821 4992 δημιουργίᾳ,
2853 4921 3116 4984 συναῒδιος
3152 4919 3208 4973 δὲ
3242 4921 3309 4992 τῇ
3344 4916 3664 4987 παλιγγενε-

2105 5277 2190 5331 die
2221 5274 2427 5329 mensis
2453 5273 2629 5328 Martii
2661 5288 2781 5328 esse
2810 5282 3118 5328 venturum.

2180 5347 2255 5415 (δ)
2287 5345 2545 5414 Spectare
2571 5347 2681 5398 haec
2708 5343 2958 5398 ridentur
2987 5347 3051 5398 ad
3079 5347 3204 5398 illud
3232 5345 3370 5398 Petri
3403 5343 3486 5410 (11
3517 5344 3660 5399 Petr.

2108 5433 2189 5478 Ill,
2228 5417 2314 5478 l2,
2363 5416 2449 5481 15)
2486 5433 2498 5468 :
2546 5430 2636 5482 per
2665 5429 2814 5483 quem
2842 5416 2955 5468 τωιί
3002 5418 3238 5468 ardentes
3275 5419 3558 5475 solventur,
3614 5427 3663 5468 et

2103 5489 2355 5540 elementa
2382 5485 2516 5552 ignis
2552 5485 2740 5537 ardore
2772 5483 3031 5539 tabescent
3063 5501 3080 5538 :
3116 5503 3270 5539 novos
3301 5487 3454 5537 cmlos
3489 5497 3536 5537 et
3570 5501 3663 5537 na-

2097 5573 2213 5610 rum
2247 5567 2438 5609 terram
2472 5555 2753 5624 secundum
2779 5557 3038 5620 promissa
3076 5558 3238 5624 ipsius
3264 5561 3660 5623 exspectamus;

2100 5637 2212 5678 tum
2242 5627 2306 5678 ad
2331 5624 2458 5677 illud
2489 5623 2715 5678 Joannis
2739 5625 2923 5691 (Apoc.
2958 5639 3069 5691 xxi,
3098 5623 3153 5693 7|)
3193 5644 3206 5679 :
3248 5623 3309 5677 Et
3341 5627 3445 5678 vidi
3477 5626 3659 5676 cadunt

2098 5712 2284 5747 norum
2337 5703 2385 5746 ει
2418 5694 2624 5746 terram
2672 5710 2879 5747 novam.
2934 5693 3173 5748 Primum
3214 5697 3352 5748 enim
3400 5694 3581 5747 caelum
3612 5701 3658 5746 et

2097 5767 2266 5831 prima
2298 5774 2438 5815 terra
2473 5764 2623 5816 abiit.

2169 5834 2245 5904 (9)
2295 5835 2464 5904 Apoc.
2509 5831 2598 5895 XI,
2663 5832 2724 5886 I5
2777 5850 2790 5886 :
2842 5831 3198 5904 Factumrest
3248 5849 3458 5904 regnum
3511 5832 3660 5900 hujus

2099 5902 2280 5955 mutuli
2315 5903 2524 5955 [taurini
2558 5904 2720 5954 nostri
2747 5912 2793 5955 et
2828 5902 3022 5956 Christi
3057 5903 3190 5971 ejus.
