4010 6610
250 402 351 469 841
1028 395 1290 460 SERMO
1324 394 1406 455 IN
1443 393 1548 455 SS.
1584 391 1848 453 DEIPAF

1975 386 2697 452 ANNUNTIATIONEM.
3401 382 3510 448 842

246 519 340 591 σίᾳ
361 534 376 551 ο
409 515 547 589 μηδὲ
568 513 680 587 γὰρ
699 511 845 585 ἔχειν
875 511 1048 584 πέρας
1069 507 1321 565 ἐντεῦθεν
1339 506 1463 578 ήδη,
1488 506 1590 578 τῆς
1612 504 1824 559 ἐκεῖθεν

1951 512 2153 557 :teteras
2177 515 2371 555 omnes
2402 508 2517 554 tum
2537 497 2870 569 antiquitate
2898 498 3176 569 praecedit,
3199 507 3313 557 tum
3338 501 3510 557 dura-

245 610 562 684 ἀρξαμένης
590 608 824 680 ἡμέρας,
866 606 963 658 καὶ
989 606 1105 667 τοῖς
1141 600 1384 665 αἰωνίοις
1418 599 1643 653 αἰωνίαν
1680 592 1821 651 εἶναι

1959 595 2081 652 ione
2110 592 2572 665 praetergrcditur,
2606 593 2809 664 quippe
2838 608 2961 664 qua:
2987 595 3153 650 simul
3183 612 3310 652 cum
3336 598 3511 668 prima

245 722 305 757 τε
339 704 433 758 καὶ
460 703 700 756 συνεῖναι
733 696 1152 768 πιστευομένην.

1932 703 2117 744 rerum
2170 684 2448 742 creatione
2509 695 2690 740 ortum
2731 685 2952 750 habuit,
2993 697 3047 743 et
3105 705 3230 745 cum
3266 692 3544 769 universi,

248 797 410 868 hujus
464 794 876 864 regeneratione
924 766 1251 855 conveniet;
1309 800 1487 855 neque
1528 797 1664 841 sane
1703 781 1817 853 jam
1857 780 1985 837 inde
2013 781 2176 837 linem
2211 796 2242 835 a
2280 778 2368 835 die
2433 788 2563 834 tunc
2629 778 2925 849 incipiente
2954 781 3208 840 habitura
3253 766 3358 854 est,
3388 766 3543 868 sed,§

249 861 481 948 utilides
509 861 699 951 docet,
742 884 1073 956 sempiterna
1107 883 1421 937 viventibus
1451 880 1570 951 ipsa
1611 878 1815 948 pariter
1855 886 2150 943 coaeterna,
2212 887 2588 948 perpetuoque
2622 878 2830 933 sociata
2866 877 2989 934 erit.
3526 861 3544 956 ξ

318 983 441 1040 AB’.
485 982 643 1037 Ἐπεὶ
674 980 729 1034 δὲ
760 980 859 1051 τῆς
884 981 1081 1051 ἑορτῆς
1111 978 1272 1047 ὀλίγα
1304 976 1401 1030 κα)⁸
1430 974 1567 1046 πρὸς
1592 972 1775 1040 ὀλίγον
1800 971 1830 1025 ὀ

247 1081 405 1148 λόγος
435 1074 774 1145 ὑπέγραψεν,
801 1074 830 1128 ὃ
862 1074 957 1128 καὶ
982 1073 1144 1144 μόνον
1167 1070 1287 1125 ἐστὶ
1310 1070 1372 1124 τὸ
1404 1069 1611 1132 λεῖπον,
1640 1065 1833 1136 ἐπιζη-

248 1174 543 1243 τήσωμενο
598 1166 752 1230 τίνας
817 1169 915 1221 κα)⁸
972 1165 1099 1228 τοὺς
1161 1161 1557 1237 χαριστηρίους
1618 1158 1833 1213 τούτων

249 1261 529 1327 ἁπάντων,
552 1264 587 1333 ἢ
620 1261 727 1315 τίνι
757 1260 976 1333 πρῶτον
1006 1259 1396 1330 προσοίσομεν,
1423 1255 1502 1326 τῷ
1526 1253 1707 1325 Πατρὶ
1735 1254 1832 1307 καὶ

249 1353 472 1427 νυμφίῳ
497 1355 605 1409 καὶ·
629 1354 743 1425 Υίῷ
770 1353 865 1407 καὶ
892 1350 1011 1422 Θεῷ
1035 1367 1050 1416 ;
1073 1350 1108 1422 ἢ
1142 1353 1209 1421 τῇ
1242 1348 1406 1421 δούλῃ
1434 1365 1495 1401 τε
1520 1347 1616 1401 καὶ
1644 1345 1831 1416 νύμφῃ

250 1448 343 1500 καὶ
369 1447 616 1519 θυγατρὶ.
629 1447 723 1501 καὶ⁵
753 1443 960 1516 μητρί;
1001 1442 1223 1513 Ἐπειδὴ
1257 1440 1354 1496 καὶ
1391 1439 1491 1511 τὴν
1529 1438 1692 1508 φύσιν
1722 1436 1834 1508 ὀρῶ

250 1540 345 1593 καὶ
372 1538 472 1610 τὴν
499 1538 681 1593 κτίσιν
715 1538 844 1608 ὃλην
879 1534 1345 1606 φιλοτιμουμένην
1377 1532 1446 1586 τὰ
1479 1532 1832 1605 χαριστήρια,

250 1632 347 1685 καὶ
375 1631 517 1685 οὕτω
557 1630 830 1702 προῆλθεν
874 1630 1010 1699 ἡμῖν
1056 1627 1196 1699 μετὰ
1223 1625 1334 1680 τῶν
1377 1624 1554 1681 ἄλλων
1597 1626 1632 1697 ἡ
1671 1622 1834 1695 ἑορτὴ

248 1725 346 1778 καὶ
379 1725 691 1795 ὡραιοτάτη
729 1723 825 1778 καὶ
865 1722 1128 1793 ἡδυτάτη.
1161 1718 1279 1774 Νῦν
1323 1719 1423 1790 μὲν
1449 1719 1624 1791 γὰρὴ
1652 1718 1832 1781 κτίσις

3522 918 3547 987 f

2006 971 2222 1027 XXXII.
2277 972 2735 1043 Quandoquidem
2788 988 2917 1030 vero
2970 988 3144 1045 pauca
3194 976 3296 1033 ista
3349 971 3547 1049 atque';

1930 1080 1993 1120 ea
2022 1066 2242 1134 quidem
2288 1081 2450 1136 parce
2487 1066 2635 1121 circa
2665 1066 3071 1124 solemnitatem
3114 1085 3300 1125 sermo
3324 1073 3587 1141 prose-‘-

1931 1166 2094 1213 cutus
2126 1168 2236 1227 est,
2276 1159 2392 1229 jam
2440 1168 2496 1214 et
2545 1159 2694 1230 quod
2750 1161 3020 1231 reliquum
3072 1172 3197 1225 est,
3254 1166 3539 1233 exquirat--

1932 1268 2087 1317 mus;
2131 1267 2402 1322 quosnam
2439 1252 2579 1324 grati
2618 1253 2787 1308 animi
2816 1254 3045 1326 hymnos
3072 1271 3172 1324 pro
3210 1257 3365 1312 hisce
3390 1274 3517 1314 om-

1933 1343 2120 1410 nihus,
2157 1343 2240 1398 vel
2277 1345 2496 1399 cuinam
2540 1345 2775 1414 primum
2810 1346 3145 1403 offeramus?
3172 1346 3413 1417 Patrine,
3448 1365 3518 1406 ac

1931 1452 2138 1508 sponso
2162 1446 2217 1493 et
2243 1436 2385 1493 Filio
2414 1446 2468 1494 et
2502 1436 2614 1492 Deo
2639 1438 2662 1491 ?
2689 1438 2772 1493 An
2802 1455 2930 1494 vero
2966 1441 3180 1497 ancilla:
3204 1452 3261 1498 et
3297 1458 3518 1514 sponsa:

1932 1541 1987 1588 et
2030 1532 2152 1587 filia:
2185 1546 2251 1587 ac
2288 1531 2487 1587 matri?
2514 1532 2755 1587 Maxime
2789 1547 2918 1588 vero
2945 1543 3232 1605 postquam
3260 1546 3316 1591 et
3350 1547 3517 1592 natu-

1932 1639 2051 1680 ram
2099 1638 2358 1688 omnem,
2412 1632 2469 1679 et
2521 1634 2810 1681 creaturas
2868 1626 3157 1683 universas
3200 1629 3517 1699 gratulandi

1934 1713 2117 1772 studio
2148 1714 2313 1771 veluti
2345 1723 2625 1770 certantes
2654 1716 2837 1783 video,
2870 1726 3035 1785 atque
3062 1719 3200 1774 adeo
3244 1723 3516 1779 venustis-

246 1783 542 1886 époiaaal.
572 1783 807 1870 παστάδι
843 1783 1004 1886 καινῇ
1041 1783 1109 1885 τῗξ
1141 1814 1304 1884 καινῇ
1324 1783 1539 1883 ’νύμφῃυ
1575 1783 1830 1881 λαμπρύο

1951 1809 2076 1864 sima
2132 1808 2289 1864 nobis
2320 1818 2485 1879 atque
2531 1808 2674 1865 inter
2709 1810 2849 1867 alias
2887 1783 3215 1887 suavissima
3264 1816 3379 1871 haec
3422 1832 3520 1872 so-

249 1928 403 1963 νεται
423 1949 439 1974 ,
489 1911 584 1964 καὶ
636 1910 816 1964 κοινὸν
868 1908 1100 1978 καταχεῖ
1148 1904 1347 1969 κάλλος
1388 1905 1499 1959 τῶν
1534 1902 1831 1976 ὁρωμένων

248 2004 510 2059 ἁπάντων
528 2046 544 2071 ,
577 2005 671 2058 καὶ
700 2003 1112 2073 καινουργεῖται
1142 1999 1369 2070 κόσμος.

1938 1896 2192 1953 lemnitas
2222 1897 2411 1953 eluxit.
2458 1898 2615 1954 Nunc
2655 1900 2802 1956 enim
2848 1916 3030 1958 rerum
3073 1906 3400 1962 universitas
3448 1909 3521 1962 ad

1943 1989 2119 2044 instar
2145 1987 2272 2043 novi
2303 1987 2531 2044 thalami
2569 2003 2627 2045 se
2653 1998 2903 2046 ornatam
2931 2007 3086 2048 novae
3122 2008 3339 2064 sponsae
3365 1996 3523 2051 exhi-

250 2101 367 2161 bet,
412 2110 723 2165 novamque
766 2095 819 2149 in
854 2093 1094 2150 visibilia
1133 2092 1321 2148 omnia
1364 2088 1833 2161 pulchritudinem
1871 2081 2122 2147 effundit,
2157 2089 2215 2165 et
2249 2090 2397 2137 totus
2428 2092 2724 2137 renovatur
2756 2084 3018 2141 mundus.

319 2190 449 2245 Al".
488 2188 640 2241 Ἐπεὶ
672 2187 769 2241 καὶ
800 2185 867 2239 δι’
899 2185 959 2239 ὃν
988 2186 1019 2239 ὁ
1055 2184 1285 2254 κόσμος,
1312 2182 1428 2238 ἄνω
1462 2181 1562 2254 μὲν
1583 2178 1836 2253 ούρανός,

250 2279 341 2339 οἷα
370 2282 576 2353 χιτῶνα
604 2280 897 2350 πένθιμον,
926 2278 987 2331 τὸ
1014 2278 1297 2349 χειμέριον
1324 2275 1486 2345 νέφος
1517 2272 1837 2337 ἀποὸαλὼν,

250 2378 333 2440 είς
383 2374 571 2430 καινὸν
627 2372 684 2426 δέ
746 2389 801 2424 τι
851 2370 1044 2441 χρυσῷ
1088 2369 1185 2422 καὶ
1235 2366 1493 2439 πορφύρα
1547 2366 1737 2437 κρᾶμα
1779 2362 1841 2417 τὸ

250 2471 457 2544 χρῶμα
500 2465 858 2539 μεταὸαλὼν⁶
889 2465 985 2519 καὶ
1017 2462 1182 2533 αἰθὴρ
1211 2460 1452 2516 ἀπειλῶν
1482 2458 1714 2531 φρικτὸν
1742 2457 1841 2527 μὲν

252 2560 343 2623 οὒ,
373 2560 538 2614 καλὸν
568 2557 627 2611 δὲ
660 2556 892 2627 λάμπων
925 2554 1067 2619 λίαν,
1108 2554 1204 2608 καὶ
1239 2553 1421 2607 ἀπαστ
1433 2552 1654 2620 ράπτων
1700 2550 1798 2619 ἡδύ
1821 2563 1838 2579 ο

253 2656 353 2720 καὶ
388 2654 588 2724 σελήνη
633 2649 730 2719 μὲν
770 2646 1229 2719 ὲγκαινιζομένη,
1263 2646 1358 2699 καὶ
1402 2645 1464 2699 τὸ
1514 2643 1633 2698 νέον
1682 2642 1842 2705 σέλας

253 2746 393 2814 αύτῇ
432 2762 492 2799 τε
523 2744 617 2796 τοῦ
657 2740 827 2797 καλοῦ
857 2740 1149 2812 δεχομένου
1178 2738 1416 2809 νυμφίου
1455 2731 1840 2806 λαμπρότερόν

253 2857 313 2893 τε
368 2838 468 2892 καὶ
513 2835 925 2905 ἀφθονώτερον,
961 2835 1058 2893 καὶ
1096 2832 1202 2886 ὑπὸ
1234 2830 1443 2901 μείζονι
1489 2831 1586 2884 καὶ
1614 2826 1840 2898 φαιδρο-

252 2935 392 3004 τέρᾳ
446 2929 692 3002 λαμπάδι
722 2929 846 2999 τὴν
890 2926 1063 2981 νύκτα
1124 2926 1563 2998 προπέμπουσα,
1623 2920 1716 2974 καὶ
1771 2920 1840 2989 τῇ

255 3029 439 3079 κτίσει
465 3025 613 3096 πάσῃ
639 3020 995 3094 πυρσεύουσα
1018 3036 1031 3049 ·
1064 3016 1241 3089 ἄστρα
1272 3016 1352 3082 δὲ,
1372 3015 1443 3069 τὰ
1465 3015 1604 3077 τέως
1634 3028 1844 3080 συγκα-
1873 3042 1917 3102 c

255 3116 597 3186 λυπτόμενα,
636 3116 733 3169 καὶ
777 3110 1003 3166 πλείονα
1041 3109 1135 3163 καὶ
1174 3107 1400 3179 μείζονα
1454 3105 1552 3158 καὶ
1603 3102 1843 3175 ἡδύτερα

256 3210 350 3263 καὶ
379 3208 656 3277 φανότερα
674 3222 689 3237 ο
724 3204 1015 3275 φωσφόρος
1035 3200 1116 3267 δὲ,
1146 3199 1207 3253 τδ
1234 3199 1333 3271 μὲν
1363 3196 1592 3269 μέγεθος
1618 3195 1842 3267 μείζων,

254 3301 315 3353 τὸ
362 3299 427 3352 δὲ
457 3296 649 3359 κάλλος
684 3294 941 3361 καλλίων,
977 3291 1314 3365 ὑψηλότερος
1349 3289 1408 3343 δὲ
1444 3287 1506 3342 τὸ
1550 3286 1708 3357 ὕψος,
1746 3284 1847 3340 καὶ

260 3391 393 3445 ἰδεῖν
426 3390 685 3461 ἡδύτερος
716 3387 810 3443 καὶ
840 3385 1176 3458 προσϐαλεῖν
1213 3382 1571 3454 ἀλυπότερος.
1607 3379 1724 3434 Νῦν
1750 3378 1847 3434 καὶ

257 3486 334 3556 τῷ
381 3484 523 3553 φωτὶ
572 3483 670 3554 μὲν
716 3482 901 3553 ἡμέρα
948 3481 1293 3546 πλεονεκτεῖ,
1356 3478 1454 3533 καὶ
1498 3476 1726 3548 χορηγεῖ
1776 3475 1846 3546 τῇ

257 3577 530 3650 τικτούσῃ
565 3576 655 3629 τὸν
699 3576 850 3648 ἣλιον
877 3591 892 3608 ·
938 3575 1267 3646 παραχωρεῖ
1306 3571 1367 3626 δὲ
1408 3572 1476 3643 τῇ
1511 3568 1772 3642 δεσποίνῃ
1811 3568 1847 3639 ή

258 3672 387 3739 νὺξ,
427 3671 488 3724 τὸ
537 3669 754 3741 πρῶτον
785 3667 1168 3741 ὲγκυμονούσῃ
1201 3668 1294 3722 καὶ
1326 3663 1721 3738 δημιουργικὸν
1754 3661 1852 3716 καὶ

260 3765 435 3819 καλὸν
476 3764 611 3833 φῶς.
651 3762 765 3817 Νῦν
798 3763 893 3817 καὶ
932 3762 1045 3834 ἀὴρ
1074 3760 1379 3833 πραότερος
1418 3759 1537 3831 ἅμα
1575 3757 1673 3813 καὶ
1697 3756 1852 3810 διαυ-

261 3859 573 3928 γέστερος,
623 3856 718 3909 καὶ
774 3854 1021 3909 θάλασσα
1075 3852 1320 3924 γαλήνης
1365 3849 1464 3920 ὅλη
1516 3847 1613 3903 καὶ⁵
1655 3846 1853 3919 ἡδονῆς

264 3951 533 4018 πέλαγος,
567 3949 660 4002 καὶ
686 3948 889 4018 κόσμος
912 3947 1057 4010 ὅλος,
1082 3949 1115 4017 ἡ
1148 3946 1343 4016 χέρσος
1368 3942 1558 3998 ἄνθεσι
1590 3940 1851 4013 βρύουσα,

263 4048 436 4105 πόαις
491 4042 760 4095 θάλλουσα
810 4038 1118 4106 πάντοθεν,
1166 4042 1263 4093 καὶ
1310 4036 1488 4092 πάντα
1536 4035 1850 4105 τέρπουσα,

264 4135 559 4206 λειμώνων
610 4134 823 4205 ὀδμαῖς,
862 4131 1070 4203 ὀρνέων
1117 4131 1345 4200 φωναῖς,
1394 4127 1582 4198 φυτῶν
1629 4126 1852 4196 κόμαις,

265 4225 501 4296 ἀψύχων
537 4223 810 4288 κάλλεσιν,
853 4220 1116 4294 ἐμψύχων
1146 4220 1375 4289 ἂλμασι.
1412 4218 1530 4271 Νῦν
1559 4216 1653 4270 καὶ
1693 4213 1855 4284 ὡρῶν

266 4322 508 4392 κράσεις
544 4317 638 4371 καὶ
662 4316 838 4389 μίξεις
873 4313 1159 4385 στοιχείων
1189 4310 1471 4383 εὖκρατοι,
1501 4309 1598 4364 καὶ⁷
1637 4307 1856 4377 ἀνέμων

2008 2152 2254 2228 ΧΧΧΙῙΙ.
2308 2171 2445 2227 Nam
2494 2182 2549 2229 et
2582 2175 2784 2230 caelum
2816 2176 3075 2248 desuper,
3113 2193 3143 2233 e
3178 2195 3288 2249 quo
3329 2181 3522 2238 mundi

1937 2275 2187 2332 ornatus,
2216 2264 2508 2320 hiemalem
2548 2265 2837 2336 caliginem
2862 2284 2961 2324 ceu
2993 2270 3276 2341 lugubrem
3315 2284 3520 2330 vestem

1937 2359 2158 2428 ahjecit,
2201 2367 2257 2412 et
2304 2357 2546 2412 colorem
2578 2372 2742 2413 suum
2792 2360 2847 2414 in
2880 2376 3083 2416 novum
3114 2364 3245 2433 quid
3284 2381 3423 2423 auro
3466 2381 3528 2424 et

1938 2465 2182 2522 purpura
2205 2448 2562 2505 commistum
2590 2449 2941 2517 immutavit;
2972 2462 3027 2507 et
3061 2457 3233 2510 aether
3266 2473 3376 2512 non
3413 2470 3528 2516 tre-

1942 2545 2168 2600 mendas
2203 2544 2490 2599 minitatur
2534 2544 2826 2614 procellas,
2864 2546 2959 2602 sed
2989 2560 3318 2616 pervenuste
3364 2554 3523 2623 nitet,

1942 2645 1998 2692 et
2041 2637 2198 2691 suavi
2253 2636 2377 2692 luce
2432 2647 2727 2705 coruscat;
2783 2650 3078 2695 renovatur
3132 2645 3296 2699 etiam
3360 2647 3523 2714 luna,

1943 2744 2183 2800 cumque
2224 2729 2434 2796 lumen,
2476 2730 2625 2800 quod
2675 2731 2729 2786 in
2765 2732 2937 2803 ipsam
2973 2735 3265 2805 redundat,
3302 2741 3530 2809 pulcher

1944 2822 2190 2893 ejusdem
2243 2839 2478 2894 sponsus
2526 2839 2767 2890 novum,
2805 2823 3179 2898 fulgidiusque
3220 2838 3276 2884 et
3325 2835 3529 2904 cepio-

1945 2915 2067 2970 sius
2103 2915 2385 2984 acquirat,
2418 2914 2536 2983 ipsa
2571 2929 2792 2984 quoque
2838 2915 3087 2985 ampliori
3132 2919 3530 2988 splendidiori-

1949 3021 2058 3077 que
2111 3004 2231 3062 face
2281 3015 2497 3062 noctem
2549 3006 2884 3073 comitatur,
2918 3020 2972 3063 et
3019 3010 3294 3067 universis
3327 3018 3530 3074 creatis

1948 3098 2127 3155 lucem
2184 3098 2453 3167 affundit;
2508 3110 2659 3155 astra
2711 3114 2861 3168 vero,
2906 3117 3030 3172 quae
3085 3103 3372 3176 hucusque
3412 3108 3531 3165 fere

1948 3192 2258 3258 latitabant,
2308 3204 2364 3249 et
2415 3194 2570 3265 plura
2610 3205 2666 3250 et
2695 3195 2906 3266 majora
2950 3206 3005 3252 et
3037 3200 3293 3255 suaviora
3324 3212 3380 3256 et
3422 3205 3532 3258 mi-

1949 3286 2201 3342 cantiora
2233 3296 2536 3343 cernuntur
2569 3305 2583 3342 :
2617 3286 2814 3342 lucifer
2852 3296 3035 3343 autem
3069 3299 3124 3345 et
3161 3292 3304 3347 mole
3331 3295 3530 3364 major,

1948 3390 2005 3438 et
2031 3382 2216 3453 specie
2240 3381 2541 3453 pulchrior,
2573 3389 2628 3437 et
2655 3381 2947 3438 altitudine
2971 3384 3281 3452 sublimior,
3324 3397 3378 3441 et
3409 3388 3534 3444 visu

1950 3475 2187 3539 dulcior,
2217 3483 2272 3530 et
2316 3489 2539 3531 accessu
2570 3474 2871 3546 jucundior
2900 3477 3095 3532 evasit.
3130 3476 3289 3534 Nunc
3335 3492 3393 3535 et
3415 3481 3536 3536 dies

1951 3569 2170 3641 quidem
2205 3569 2327 3624 luce
2363 3569 2624 3636 abundat,
2656 3570 2999 3640 chorumque
3025 3571 3257 3628 adornat
3283 3558 3383 3639 illi,
3413 3591 3538 3647 qua:

1952 3660 2124 3717 solem
2158 3660 2339 3731 parit;
2373 3675 2481 3714 nox
2518 3674 2645 3715 vero
2678 3660 2881 3717 recedit
2909 3670 3037 3717 ante
3076 3662 3374 3732 dominam,
3414 3681 3540 3737 qua

1952 3754 2187 3825 primam
2239 3752 2389 3807 illam
2437 3760 2491 3807 et
2536 3753 2859 3809 creatricem
2917 3764 2969 3810 et
3009 3764 3299 3812 venustam
3361 3759 3538 3814 lucem

1953 3845 2010 3901 in
2044 3855 2201 3901 utero
2246 3855 2443 3916 gestat.
2478 3844 2636 3902 Nunc
2666 3856 2721 3901 et
2766 3862 2860 3902 aer
2890 3848 3078 3903 mitior
3109 3851 3277 3906 simul
3304 3865 3369 3907 ac
3418 3853 3542 3906 lim-

1954 3938 2155 4009 pldior,
2191 3947 2246 3993 et
2281 3953 2450 4006 mare,
2506 3954 2613 4009 qua
2657 3939 2765 3995 late
2808 3941 3179 4010 protenditur,
3231 3945 3543 4015 tranquilli-

1956 4030 2087 4086 tatis
2136 4038 2222 4086 est
2277 4030 2717 4103 deliciarumque
2760 4033 3007 4104 pelagus,
3055 4044 3113 4090 et
3170 4043 3318 4092 tutus
3363 4038 3539 4102 orbis,

1956 4133 2103 4178 terra
2135 4139 2328 4194 nempe
2358 4124 2568 4194 pridem
2594 4125 2835 4191 deserta,
2868 4143 3016 4184 nunc
3049 4128 3247 4184 ﬂorum
3278 4142 3539 4187 venusta-

1957 4224 2047 4271 tur
2097 4216 2279 4287 copia,
2340 4217 2638 4288 herbisque
2679 4219 2918 4291 undique
2968 4221 3217 4287 virescit,
3265 4232 3322 4277 et
3359 4225 3541 4279 modis

1959 4309 2239 4371 omnibus,
2270 4318 2551 4379 pratorum
2590 4310 2910 4383 fragrantia,
2943 4314 3131 4370 avium
3168 4326 3358 4381 cantu,
3392 4316 3542 4372 fron-

268 4411 505 4466 σπονδαὶ
537 4412 631 4463 καὶ
686 4408 927 4479 μαλακαὶ
964 4407 1222 4480 ζεφύρων
1248 4406 1433 4478 φοραὶ,
1479 4404 1576 4459 καὶ
1608 4403 1729 4477 ῥοαὶ
1757 4419 1848 4456 πο·

1957 4400 2076 4456 deis
2120 4402 2432 4472 plantarum
2485 4404 2695 4470 contis,
2748 4405 3167 4463 inanimantium
3221 4424 3406 4465 rerum
3447 4410 3542 4480 ju-

265 4505 470 4574 ταμῶν
496 4502 719 4572 πραεῖαι
741 4541 755 4565 ,
786 4499 884 4552 καὶ
922 4500 1097 4571 πηγαὶ
1125 4498 1334 4569 ψυχραί
1360 4515 1419 4552 τε
1448 4496 1545 4552 καὶ
1588 4494 1853 4564 καθαραὶ,

266 4592 369 4644 καὶ
399 4584 525 4660 ἦχοι
570 4588 855 4660 ῥευμάτων
885 4588 1106 4660 ἥμεροι.
1149 4588 1264 4641 Νύν
1302 4589 1396 4641 καὶ
1431 4587 1593 4655 φύσις
1635 4584 1732 4657 ὅλη
1762 4583 1854 4639 τὸν

249 4684 437 4737 τόκον
488 4682 565 4745 ὼς
618 4681 789 4750 δῶρον
841 4682 906 4751 τῇ
957 4680 1147 4753 νύμφῃ
1184 4679 1406 4745 δίδωσι,
1436 4679 1532 4733 καί⁵
1563 4680 1715 4733 πᾶσα
1757 4678 1858 4749 μὲν

270 4774 484 4844 πτηνὴ,
517 4775 667 4827 πᾶσα
706 4773 762 4826 δὲ
810 4773 1004 4842 νηκτὴ,
1047 4774 1194 4825 πᾶσα
1222 4772 1278 4825 δὲ
1314 4772 1409 4825 καὶ
1450 4770 1592 4841 πεζὴ
1620 4770 1858 4840 γένεσις,

268 4870 306 4939 ἡ
343 4867 447 4937 μὲν
477 4865 884 4936 προέρχεται,ἠ
914 4864 972 4918 δὲ
992 4864 1407 4934 ἐπαγγέλλεται,
1438 4866 1471 4935 ὴ
1499 4864 1555 4918 δὲ
1575 4865 1862 4935 τρέφεται,

272 4965 310 5035 ή
352 4965 401 5017 δ’
438 4961 564 5035 ἄρτι
596 4960 689 5013 καὶ
729 4959 1088 5030 κεκρυμμένη
1124 4958 1407 5028 φαίνεται·
1440 4958 1510 5011 τὰ
1547 4958 1647 5029 μὲν
1680 4959 1757 5021 ὡς
1795 4960 1860 5012 ἐκ

274 5056 547 5124 θαλάμων
573 5052 919 5119 ἐπιφαίνεται
939 5052 1048 5105 τῶν
1074 5050 1247 5121 ὀρῶν·
1282 5049 1353 5103 τὰ
1382 5050 1439 5104 δὲ
1472 5050 1548 5114 ὼς
1581 5052 1647 5104 ὲκ
1674 5051 1861 5120 τάφων

271 5149 389 5204 τῶν
416 5147 566 5200 ὀπῶν
595 5145 955 5215 ἀναφαίνεται
981 5162 995 5175 ·
1038 5146 1108 5200 τὰ
1143 5144 1242 5215 μὲν
1278 5143 1357 5215 τῷ
1381 5142 1564 5215 γάμῳ,
1596 5143 1666 5196 τὰ
1696 5144 1753 5197 δὲ
1784 5143 1864 5214 τῷ

272 5245 428 5311 τόκῳ
454 5240 742 5311 τέρπεται,
781 5240 935 5309 κοινῇ
961 5238 1017 5291 δὲ
1058 5238 1238 5292 πάντα
1265 5238 1483 5301 πάντως
1515 5236 1702 5308 κοινὴν
1740 5238 1865 5309 ἐορ-

273 5334 382 5404 τὴν
408 5333 603 5400 ἄγουσι
641 5332 737 5385 καὶ
778 5331 996 5402 ᾅδουσιν
1017 5372 1033 5397 ,
1075 5330 1136 5382 ού
1169 5330 1266 5399 τὴν
1297 5329 1689 5401 δημιουργίαν,
1738 5331 1865 5401 ἐμοὶ

273 5428 463 5480 δοκεῖν
490 5465 503 5489 ,
551 5423 805 5477 τοσοῦτον
837 5423 937 5492 τῆς
972 5422 1203 5485 κτίσεως
1227 5463 1241 5486 ,
1272 5422 1354 5475 ὅτι
1398 5424 1492 5475 καὶ
1523 5422 1665 5476 κατὰ
1711 5424 1861 5477 τόνδε

273 5516 374 5568 τὸν
398 5513 591 5584 καιρὸν
618 5512 828 5583 ύπέστη
851 5513 912 5565 τὸ
933 5514 1062 5578 πᾶν,
1091 5511 1225 5569 ἀλλὰ
1261 5513 1354 5565 καὶ
1377 5513 1474 5583 τὴν
1506 5517 1861 5586 καινουργίαν

273 5610 385 5679 τῆς
422 5607 700 5678 ἡμετέρας
730 5606 963 5674 φύσεως.

1957 4494 2141 4550 eundo
2192 4507 2439 4566 aspectu,
2482 4508 2537 4553 et
2585 4498 2949 4555 animantium
2992 4498 3250 4571 tripudiis
3279 4502 3533 4561 oblectat.

1960 4577 2119 4646 Nunc
2143 4600 2197 4645 et
2218 4601 2409 4661 pacata
2440 4600 2758 4662 tempestas,
2793 4601 2852 4647 et
2879 4593 3148 4648 elementa
3178 4604 3303 4665 apte
3331 4604 3541 4666 tempe.

1962 4696 2102 4749 rata,
2139 4693 2194 4740 et
2231 4684 2377 4739 venti
2410 4684 2650 4739 molliter
2701 4683 3025 4748 lambentes,
3056 4694 3111 4742 et
3158 4687 3380 4759 zephyri
3413 4702 3543 4743 sua-

1961 4778 2101 4833 viter
2126 4776 2421 4849 spirantes,
2466 4784 2522 4833 et
2565 4762 3036 4848 flumina’placide
3071 4776 3443 4846 decurrentia,
3489 4790 3547 4837 et

1964 4869 2144 4925 fontes
2185 4870 2444 4940 frigidum
2501 4868 2897 4941 limpitlumqne
2949 4870 3166 4927 laticem
3219 4880 3545 4937 manantes.

1963 4976 2019 5020 et
2076 4967 2175 5020 rivi
2231 4967 2427 5021 leniter
2484 4976 2768 5023 sonantes.
2829 4965 2986 5022 Nunc
3037 4976 3232 5023 natura
3291 4969 3547 5024 universa

1965 5058 2209 5112 sobolem
2268 5052 2424 5112 suam
2458 5074 2557 5114 ceu
2612 5060 2816 5114 donum
2849 5074 3065 5130 sponsa:
3119 5059 3362 5129 profert;
3402 5078 3551 5116 nunc

1967 5150 2147 5206 omnis
2176 5151 2499 5214 volatilium,
2538 5152 2721 5206 omnis
2751 5152 3059 5206 natantium
3091 5192 3108 5219 ,
3158 5154 3338 5208 omnis
3377 5161 3550 5207 terre-

1974 5241 2167 5297 strium
2199 5241 2531 5311 procreatio,
2583 5251 2637 5295 et
2668 5242 2773 5296 alia
2819 5242 3041 5311 quidem
3072 5242 3252 5313 proles
3283 5243 3338 5296 in
3370 5243 3545 5297 lucem
3610 5262 3616 5298 l

1970 5334 2169 5403 prodit,
2224 5334 2330 5389 alia
2360 5335 2720 5405 promittitur,
2776 5336 2882 5389 alia
2920 5336 3182 5398 nutritur,
3218 5336 3349 5399 alia,
3384 5337 3547 5404 paulo
3607 5330 3615 5356 ⁶

1970 5434 2094 5481 ante
2127 5427 2307 5482 adhuc
2337 5429 2680 5494 abscondita,
2722 5445 2781 5485 se
2815 5429 3131 5485 manifestat
3162 5446 3177 5483 :
3223 5429 3351 5483 hinc
3382 5429 3547 5483 veluti

1968 5533 1999 5574 e
2033 5519 2286 5575 thalamis
2321 5536 2486 5590 super
2537 5531 2751 5576 montes
2781 5532 3065 5592 apparent,
3102 5522 3226 5576 inde
3250 5539 3279 5577 a
3326 5521 3547 5576 forami-

1969 5610 2131 5665 nibus
2170 5612 2335 5665 veluti
2372 5628 2400 5665 a
2449 5612 2717 5681 sepulcris
2769 5622 3091 5684 erumpunt,
3138 5615 3288 5670 illinc
3321 5613 3547 5684 nuptiis,

275 5703 371 5755 Vel
429 5710 587 5771 partu
621 5700 879 5771 gaudent,
915 5711 969 5754 et
1014 5714 1242 5769 prorsus
1306 5701 1490 5756 omnia
1540 5716 1888 5757 communem
1934 5702 2099 5756 simul
2127 5716 2297 5772 agunt
2361 5703 2788 5769 solemnitatem,
2841 5713 2895 5759 et
2934 5720 3136 5760 canora
3174 5720 3303 5761 voce
3349 5720 3548 5759 conce-

280 5799 501 5854 lebrant
542 5812 647 5851 non
678 5797 920 5867 quidem,
990 5806 1048 5851 ut
1094 5797 1226 5851 mihi
1308 5799 1538 5863 videtur,
1593 5816 1774 5859 rerum
1845 5803 2092 5856 omnium
2131 5800 2513 5854 tantummodo
2565 5801 2896 5857 creationem
2974 5803 3123 5871 (nam
3176 5815 3229 5860 et
3283 5806 3384 5860 hoc
3422 5804 3554 5860 anni

282 5902 536 5963 tempore
570 5890 752 5945 omnia
798 5898 976 5942 creata
1008 5891 1177 5957 sunt),
1213 5889 1306 5943 sed
1343 5891 1480 5945 hanc
1513 5906 1729 5962 quoque
1763 5902 1969 5950 natura:
2007 5899 2207 5947 nostra:
2244 5888 2673 5945 rcnovationem.

612 5983 879 6043 Parant“
925 5982 1043 6043 Gn.
1087 5983 1242 6043 CVI.

2980 5968 3101 6045 ‘27
