4044 6582
474 372 581 440 8'i3

1725 364 2048 427 JOANNIS
2087 362 2523 427 GEOMETRA‘Z

3626 365 3735 431 8M

544 483 783 541 XXXIV.
832 484 908 539 lta
959 478 1302 539 saneiomnis
1332 486 1586 543 natura,
1640 490 1702 531 ac
1747 490 1835 531 res
1867 491 2056 531 omnes

2230 476 2350 533 ΛΝ.
2399 478 2538 531 Ἀλλ’
2570 475 2717 532 οὕτω
2748 477 2849 548 μὲν
2864 476 3031 548 φύσις
3056 476 3151 548 ὅλη
3183 475 3278 529 καὶ
3306 475 3483 541 κτίσις
3512 476 3612 549 ὅλη
3639 480 3736 533 καὶ

473 590 670 636 creatte
715 589 777 635 et
804 579 1047 634 salutant
1079 592 1224 641 eam,
1262 590 1387 647 qua:
1432 574 1650 630 caelitus
1684 572 1920 628 salutata
1948 580 2053 637 est,

471 680 525 730 et
588 674 764 739 laudis
819 673 1089 728 tributum
1143 671 1221 726 illi
1280 670 1635 742 persolvunt,
1690 683 1814 739 qua:
1870 667 2057 722 omnia

472 775 779 837 portantem
828 772 1032 835 portat.
1072 762 1217 831 Quid
1263 778 1394 819 vero
1435 762 1582 818 nos?
1615 776 1744 815 num
1783 774 1918 815 vero
1951 758 2056 815 soli

471 857 527 912 in
573 857 679 912 hoc
718 857 925 911 tributo
962 855 1226 912 solvendo
1265 853 1427 925 pigri,
1462 865 1744 922 segreges,
1775 857 1830 906 et
1858 847 2057 921 ingrati

472 942 905 1020 apparebimus?
939 947 1049 1005 Seu
1079 948 1265 1013 etiam,
1295 960 1593 1018 quemnam
1623 940 1840 999 demum
1872 949 2059 1013 gratu-

473 1040 730 1096 lationem
760 1056 825 1097 ac
856 1056 1054 1096 munus
1087 1040 1191 1111 ipsi
1240 1037 1555 1101 aﬂ’eremus,
1588 1048 1907 1106 quanquam
1938 1048 2059 1105 gra-

474 1134 565 1190 tiis
615 1135 801 1205 potius
853 1134 935 1189 sic
982 1131 1406 1203 locupletemur,
1453 1126 1933 1200 quamiquidpiam
1980 1125 2057 1181 illi

474 1224 819 1281 tribuamus?
852 1224 938 1279 :Et
988 1221 1391 1293 gratulabimur
1442 1218 1709 1290 profecto,
1761 1227 1817 1274 et
1857 1218 2057 1274 on‘ere-

470 1332 636 1384 mus;
667 1316 762 1372 sed
791 1314 925 1386 quid
968 1314 1231 1385 amplius,
1257 1327 1423 1383 quam
1451 1313 1598 1367 hunc
1632 1312 1810 1382 ipsum
1844 1324 2057 1365 senue-

472 1423 620 1471 nem,
652 1422 815 1477 quem
846 1412 901 1462 et
944 1406 1055 1478 jam
1091 1405 1419 1470 obtulimus,
1453 1421 1548 1461 seu
1587 1405 1770 1477 petius
1799 1418 1959 1474 quem
1997 1403 2052 1457 in

470 1510 821 1557 antecessum
867 1516 897 1555 a
937 1501 1106 1557 verbo
1155 1501 1351 1557 matris
1398 1499 1511 1570 jam
1549 1498 1882 1554 retulimus?
1917 1495 2053 1551 Nam

472 1594 618 1650 lmuc
656 1610 876 1666 quoque
924 1605 1210 1666 acceptum
1262 1594 1342 1650 illi
1392 1593 1682 1650 referimus
1716 1591 1879 1647 simul
1927 1604 2053 1646 cum

2157 568 2589 639 nposcpwvei'riiv
2617 567 3107 641 προσφωνηθεῖσαν
3128 565 3338 621 ἀνωθεν
3360 583 3374 597 ο
3405 567 3501 621 καὶ
3523 585 3735 623 severe-

2155 660 2313 731 φέρει
2346 662 2411 731 τῇ
2460 659 2703 732 φερούσῃ
2729 659 2820 713 τὸν
2853 660 3030 714 πάντα
3059 658 3316 731 φέροντα.
3351 658 3418 714 Τί
3456 659 3734 730 δ’-ἠμιίςς

2153 753 2474 818 ἀσυντελεῖς
2501 752 2760 823 ὀφθῶμεν
2791 751 2943 824 μόνοι
2969 751 3067 806 καὶ
3087 750 3449 823 ἀκοινώνητοι
3479 750 3578 806 καὶ
3596 751 3737 823 ἀχά-

2156 864 2369 918 ριστοι;
2396 847 2432 921 ἢ
2454 847 2516 902 τί
2540 846 2639 900 καὶ
2657 844 3154 918 προσφθεγξόμεθα
3181 845 3278 900 καὶ
3305 844 3737 916 συνεισοίσομεν,

2157 943 2252 997 καὶ
2293 941 2647 1014 χαρισθῶμεν
2696 940 2895 1011 μᾶλλον
2928 940 2961 1010 ἢ
2992 938 3374 1012 χαρισόμεθας
3424 939 3538 994 Καὶ
3565 956 3739 1011 προσ·-

2160 1034 2517 1107 φθεγξόμεθα
2554 1032 2757 1106 δηλαδὴ
2796 1033 2891 1086 καὶ
2918 1032 3327 1103 συνεισοίσομεν
3347 1047 3365 1064 ⁶
3394 1031 3450 1085 τί
3467 1030 3527 1087 δὲ
3554 1029 3739 1095 πλέον,

2164 1128 2198 1199 ἢ
2222 1127 2516 1195 τὸνλόγον,
2537 1126 2598 1180 ὃν
2630 1127 2725 1181 καὶ
2751 1125 2853 1198 ήδη
2876 1124 3407 1196 συνεισηνέγκαμεν,
3427 1122 3630 1196 μᾶλλον
3657 1122 3741 1189 δὲ,

2157 1221 2216 1276 ὃν
2246 1221 2341 1276 καὶ
2367 1222 2469 1292 ἤδη
2496 1219 2593 1273 τοῦ
2621 1220 2723 1291 τῆς
2748 1218 2972 1293 Μητρὸς
3005 1220 3180 1289 Λόγου
3199 1218 3742 1293 προαπηνέγκαμενς

2157 1314 2281 1367 ἐπεὶ
2308 1312 2405 1366 καὶ
2437 1306 2592 1376 οὗτος
2622 1314 2758 1384 ἡμῖν
2787 1314 2851 1366 ὲκ
2897 1310 3104 1385 ταύτης
3133 1313 3361 1383 μεστάςγε
3408 1310 3518 1365 τῶν
3541 1309 3742 1371 ἄλλων.

2156 1400 2233 1461 ὧν
2254 1424 2311 1460 τε
2332 1404 2447 1460 «νῦν
2480 1406 2675 1476 ἔχομεν
2718 1404 2961 1475 ἀγαθῶν,
2988 1405 3086 1459 καὶ
3119 1397 3195 1458 ὧν
3213 1403 3410 1476 ἕξομεν
3431 1418 3446 1433 ⁸
3488 1401 3652 1471 ὀλίγα
3677 1400 3747 1471 δὴ

2157 1496 2518 1559 τελευτῶντες
2538 1499 2630 1551 καὶ
2648 1494 3138 1567 προσφθεγξόμεθα
3170 1496 3266 1549 καὶ
3283 1495 3463 1567 ψυχὴν
3493 1493 3613 1565 ἅμα
3650 1493 3749 1548 καὶ

2160 1588 2455 1672 φωνὴνθκαὶ
2469 1588 2645 1658 στόμα
2659 1587 2754 1640 καὶ
2764 1586 2921 1655 λόγον
2933 1588 2997 1641 ὲκ
3013 1587 3116 1657 τῆς
3134 1588 3355 1658 μνήμης
3369 1583 3746 1655 ἁγιαζόμενοι.

470 1688 595 1744 aliis
629 1689 810 1753 bonis,
854 1697 969 1743 tum
1014 1705 1137 1760 quae
1170 1689 1239 1744 ab
1279 1688 1397 1759 ipsa
1437 1688 1554 1759 jam
1600 1687 1891 1752 habemus,
1938 1694 2053 1740 tum
2087 1699 2211 1754 qua:
2252 1682 2489 1747 habituri
2541 1697 2757 1738 sumus.
2785 1681 2976 1738 Finem
3006 1681 3174 1752 igitur
3223 1679 3437 1737 dicendi
3478 1678 3748 1736 facientes

473 1795 607 1851 pura
634 1792 814 1836 mente
832 1781 995 1837 simul
1039 1789 1095 1838 et
1125 1795 1259 1837 voce
1285 1790 1341 1837 et
1371 1794 1469 1835 ore
1497 1788 1551 1835 et
1572 1793 1827 1835 sermone
1846 1792 2045 1849 pauca,
2088 1786 2252 1847 prout
2281 1785 2615 1832 succurrunt
2640 1774 2847 1841 animo,
2878 1773 3247 1830 acclamantes
3271 1773 3563 1829 addamus.

547 1873 761 1929 XXXV.
802 1875 935 1938 Ave,
970 1875 1167 1945 puella,
1201 1883 1377 1928 mater
1420 1871 1603 1939 Verbi,
1627 1887 1690 1929 ac
1722 1873 1901 1944 primo
1932 1873 2053 1944 qui-

2196 1896 2212 1915 ο
2229 1868 2353 1925 AE'.
2380 1869 2776 1943 Χαῖρε,νΚόρη,
2805 1870 2868 1924 τὺ
2889 1869 3034 1941 μέγα
3057 1867 3266 1940 θαῦμα,
3294 1865 3390 1921 τοῦ
3413 1866 3588 1936 Λόγου
3624 1867 3751 1939 Μῆ⁸

473 1963 597 2018 dem
627 1963 774 2018 illius
796 1961 978 2028 Verbi,
997 1965 1141 2032 quod
1161 1961 1489 2018 conditionis
1514 1961 1885 2027 esthumanze,
1905 1960 2055 2017 illius

476 2056 697 2122 deinde,
728 2057 870 2126 quod
906 2065 1116 2109 naturae
1164 2064 1367 2110 nostrae
1400 2054 1788 2125 supereminet.
1828 2053 1892 2109 Et
1930 2068 2063 2109 sane

474 2148 609 2201 nihil
631 2148 842 2202 exstitit
872 2162 1135 2218 unquam,
1163 2146 1306 2217 quod
1328 2161 1440 2217 prae
1466 2154 1538 2211 te,
1565 2144 1681 2201 sive
1705 2145 1835 2201 dum
1863 2144 2061 2215 profer-

477 2257 565 2295 res
585 2239 826 2295 Verbum
850 2241 964 2297 sive
993 2250 1287 2312 antequam
1314 2239 1608 2311 proferres,
1635 2239 1940 2310 sapientius
1967 2241 2065 2294 ha-

476 2332 591 2386 beri
621 2342 807 2402 queat,
843 2342 897 2387 et
922 2332 1123 2387 exinde
1156 2332 1291 2387 nihil
1332 2334 1809 2389 accommodatum
1846 2332 2060 2402 magis;

480 2434 648 2495 atque
698 2425 770 2479 ita
828 2423 952 2479 Eva:
1012 2424 1314 2481 remedium
1369 2425 1613 2492 evasisti,
1655 2425 2061 2495 sapientissima

484 2531 682 2587 nempe
713 2516 1253 2586 imprudettlissinm.
1288 2518 1347 2573 Id
1388 2532 1552 2589 porro
1608 2526 1663 2574 et
1691 2516 1933 2573 Verbum
1974 2526 2059 2572 te-

479 2618 678 2672 statur,
699 2610 793 2680 qui
836 2610 969 2676 te,in
1000 2625 1109 2681 qua
1145 2610 1496 2678 inbabitaret,
1528 2612 1724 2683 elegit;
1754 2620 1985 2667 testatur
2008 2620 2063 2665 et

482 2712 575 2756 tua
605 2711 732 2757 ante
770 2714 985 2771 partum
1016 2702 1209 2773 agendi
1242 2703 1403 2768 ratio,
1428 2704 1731 2775 praesrtim
1765 2718 1894 2759 vero
1914 2703 2060 2774 quod

480 2809 658 2865 neque
692 2795 954 2865 angelicis
992 2796 1185 2851 verbis
1206 2796 1486 2868 ’teabripi
1543 2812 1704 2868 passa
1737 2796 1929 2861 fueris,
1962 2811 2062 2851 ue-

478 2902 586 2957 que
618 2886 691 2941 ob
734 2897 843 2941 tam
880 2887 1136 2942 sublimia
1172 2888 1369 2944 deinde
1418 2889 1674 2961 mysteria
1707 2888 2055 2955 intunnteris,

479 2996 670 3035 verum
700 2995 855 3051 aeque
885 2981 1210 3051 prudentem
1243 2992 1296 3038 te
1325 2992 1380 3039 et
1412 2994 1709 3056 antequam
1740 2985 2057 3056 conciperes

477 3086 532 3129 et
566 3083 848 3145 postquam
887 3074 1210 3144 concepisti,
1239 3077 1567 3133 ostenderis.
1602 3076 1743 3144 Quid
1791 3094 1921 3133 vero
1952 3093 2052 3133 vo-

479 3166 705 3239 luptatis
735 3175 994 3239 pmterea
1022 3166 1391 3238 cognitionem
1422 3182 1867 3234 commemorem,
1892 3184 2058 3240 quam

2163 1981 2286 2037 τερ,
2324 1964 2592 2036 πρότερον
2627 1962 2854 2035 μὲντοῦ
2893 1961 3018 2017 καθ’
3063 1964 3232 2035 ἡμᾶς,
3284 1959 3512 2033 ὕστερον
3551 1960 3609 2013 δὲ
3651 1961 3752 2013 καὶ

2162 2055 2258 2111 τοῦ
2310 2055 2451 2127 ὑπὲρ
2497 2057 2667 2129 ἡμᾶς.
2706 2055 2875 2110 Οὐδὲν
2921 2054 3030 2127 γάρ
3062 2054 3125 2108 τὸ
3166 2054 3359 2125 φανὲν,
3398 2053 3427 2108 ὅ
3452 2050 3638 2119 τισοῦ
3668 2050 3749 2123 τῷ

2160 2148 2323 2219 Λόγῳ
2356 2148 2450 2201 καὶ
2472 2148 2601 2218 »πρὸ
2625 2146 2719 2201 τοῦ
2749 2147 2924 2216 Λόγου
2966 2144 3297 2217 σοφώτερον,
3331 2142 3487 2200 ἐνθεν
3530 2143 3643 2199 οὐδ’
3665 2146 3749 2197 oi-

2163 2240 2461 2311 κειότερονο
2522 2240 2618 2294 καὶ
2664 2238 2809 2293 οὕτω
2838 2238 3106 2311 προῆλθες
3144 2235 3289 2301 Εὔας
3319 2236 3382 2291 τὸ
3429 2236 3748 2308 φάρμακον,

2162 2331 2266 2402 τῆς
2290 2332 2674 2404 ἀφελεστάτης
2712 2334 2747 2403 ὴ
2780 2331 3094 2402 σοφωτάτη.
3128 2331 3239 2385 Καὶ
3268 2330 3432 2398 τοῦτο
3476 2331 3753 2401 μαρτυρεῖ

2166 2426 2266 2497 μὲν
2300 2426 2397 2480 καὶ
2427 2427 2457 2480 ό
2488 2428 2682 2497 κρίνας
2710 2427 2806 2480 καὶ
2836 2426 3126 2496 ὲνοικήσας
3154 2442 3238 2479 σοι
3256 2424 3450 2493 Λόγος
3479 2425 3752 2495 μαρτυρεῖ

2164 2516 2221 2570 δὲ
2254 2519 2349 2572 καὶ
2388 2521 2418 2573 ό
2448 2518 2540 2583 σὸς
2578 2518 2687 2591 πρὸ
2714 2517 2810 2572 τοῦ
2840 2518 3002 2574 τόκου
3042 2519 3266 2589 τρόπος,
3297 2515 3425 2572 οὔτε
3462 2534 3750 2589 συναρπα-

2163 2615 2283 2686 γεὶς
2327 2613 2739 2685 ἀρχαγγελικῆς
2788 2615 2883 2668 καὶ
2929 2611 3102 2666 ταῦτα
3154 2613 3268 2676 τοῖς
3299 2612 3562 2683 ῥήμασιν,
3616 2609 3748 2664 οὔτε

2165 2706 2432 2778 φυσηθεὶς
2478 2706 2743 2777 ἀρρήτοις
2775 2704 2920 2760 οὕτω
2948 2705 3045 2758 καὶ
3077 2704 3216 2775 μετά
3257 2703 3431 2759 ταῦτα
3455 2704 3571 2767 τοῖς
3598 2705 3746 2775 πρά-

2164 2814 2394 2870 γμασιν·
2429 2798 2542 2853 ἀλλ’
2570 2797 2768 2869 ἐπίσης
2803 2799 2993 2866 φανεὶς
3026 2799 3122 2852 καὶ
3152 2798 3259 2869 πρὸ
3287 2798 3389 2866 τῆς
3424 2796 3746 2868 συλλήψεως

2165 2890 2414 2962 ἀσφαλὴς
2450 2891 2547 2944 καὶ
2597 2893 2737 2961 μετά
2780 2888 2879 2961 τὴν
2912 2888 3201 2959 σύλληψιν.
3237 2888 3303 2942 Τί
3350 2888 3407 2943 δὲ
3449 2889 3546 2943 καὶ
3578 2891 3613 2960 ἠ
3647 2889 3748 2957 τῆς

2164 2984 2361 3055 ἡδονῆς
2392 2983 2615 3052 γνῶσις,
2650 2984 2717 3055 ἢν
2743 2985 2778 3053 ἡ
2807 2984 3078 3054 παρθένος
3119 2983 3220 3037 οὐκ
3247 2984 3511 3054 ἔσχηκας,
3537 2982 3573 3055 ἢ
3605 2984 3749 3055 τάχα

2164 3078 2316 3147 οὐχ-ἠ
2338 3078 2503 3146 πεῖρα
2534 3076 2715 3147 μόνον,
2740 3076 2854 3129 ἀλλ’
2880 3074 2992 3129 οὐδ’
3017 3077 3051 3146 ἡ
3070 3076 3267 3145 νέφεσις
3290 3092 3307 3143 ;
3331 3074 3476 3129 οὕτω
3504 3092 3602 3129 σου
3630 3076 3741 3129 τῶν

2166 3167 2443 3239 λογισμῶν
2473 3168 2536 3221 τὸ
2569 3167 3092 3239 κριτήριονίέρῤωτο
3139 3168 3198 3223 ὲν
3234 3164 3431 3238 ἁπαλῷ
3476 3167 3572 3221 καὶ
3598 3166 3750 3239 καλῷ

478 3261 637 3331 virgo
688 3263 1011 3333 persensiin
1059 3275 1369 3332 nunquam,
1402 3275 1497 3317 seu
1533 3262 1715 3332 potius
1747 3277 1912 3334 quam
1948 3277 2055 3318 non

2166 3264 2261 3318 καὶ
2290 3263 2466 3335 νεαρῷ
2498 3264 2593 3316 καὶ
2619 3262 2793 3316 ταῦτα
2818 3262 2909 3332 τῷ
2949 3262 3184 3332 σώματι.

480 3356 646 3410 modo
679 3363 905 3424 experta
939 3369 1222 3425 nunquam
1252 3369 1336 3419 es,
1363 3354 1459 3411 sed
1488 3354 1648 3426 cujus
1681 3369 1751 3410 ne
1819 3354 2099 3411 levissimo
2173 3355 2395 3426 quidem
2432 3355 2721 3411 desiderio
2781 3353 3075 3440 sollicitata
3126 3353 3316 3409 fuisti?
3355 3353 3507 3410 Adeo
3556 3367 3749 3427 nempe

482 3456 637 3500 tuum
674 3448 879 3503 mentis
912 3446 1179 3517 judicium
1211 3446 1375 3502 etiam
1404 3446 1461 3503 in
1515 3456 1566 3503 te
1596 3446 1796 3503 tenello
1824 3447 2054 3519 pulchro
2089 3456 2144 3503 et
2168 3447 2401 3520 juvenili
2470 3462 2701 3519 corpore
2734 3448 2941 3505 invicte
2970 3447 3320 3519 pravalebat.

552 3537 794 3595 XXXVI.
813 3540 1074 3609 Are,qua3
1085 3537 1375 3607 disiunctis
1390 3537 1814 3608 etimpermistis
1826 3537 2000 3592 unitio
2012 3546 2068 3593 et

481 3630 1118 3701 commistio,utrumque
1131 3629 1337 3685 scilicet
1352 3630 1618 3699 utrisque,
1636 3629 1939 3697 evasisti,et
1956 3629 2067 3684 for-

482 3737 569 3775 ma
587 3721 663 3776 illi
686 3721 779 3790 qui
799 3721 971 3777 forma
994 3727 1237 3788 caret,et
1252 3733 1510 3775 mensura
1528 3718 1577 3773 ei
1597 3718 1689 3788 qui
1708 3717 1912 3772 nullam
1930 3725 2064 3772 tem-

480 3816 631 3884 poris
649 3829 962 3870 mensuram
987 3812 1217 3879 novit,et
1232 3812 1392 3868 sinus
1406 3813 1455 3866 ei
1471 3812 1565 3881 qui
1583 3810 1884 3866 immensus
1897 3818 1981 3866 est
1998 3823 2064 3864 ac

481 3908 638 3963 sedes
669 3907 745 3961 illi
771 3906 1026 3976 fuistiqui
1046 3903 1349 3960 nulla'sede
1377 3902 1666 3973 excipitur.
1698 3902 1831 3969 Ave,
1866 3917 1899 3958 ο
1922 3901 2061 3958 sub-

481 4001 666 4059 limior
720 3998 980 4063 Thronis,
1023 3998 1317 4054 Cherubim
1350 3996 1674 4067 sapientior,
1701 4006 1755 4052 et
1777 3995 2062 4068 Seraphlm

483 4091 890 4157 ﬂammantior;
922 4106 953 4147 e
998 4091 1220 4162 quibus,
1267 4090 1498 4145 aliorum
1550 4090 1768 4160 quidem
1819 4100 2066 4161 gestator

483 4184 731 4240 humeris
750 4183 845 4254 qui
865 4191 1045 4254 portat
1067 4183 1279 4248 omnia,
1294 4182 1546 4254 exiguam
1568 4183 1810 4254 aliquam
1838 4183 2066 4253 largitur

480 4276 606 4332 aliis
658 4275 1129 4343 scientiam,aliis
1174 4285 1360 4331 autem
1413 4272 1797 4330 absconditum
1855 4273 2061 4345 ignem,

481 4383 590 4425 non
618 4383 749 4424 vero
785 4369 1001 4440 plenum
1034 4368 1262 4437 tribuit;
1297 4368 1393 4423 tibi
1417 4381 1547 4423 vero
1574 4375 1778 4431 servat,
1805 4374 1865 4420 nt
1886 4375 2059 4421 totum

484 4459 695 4515 radium
725 4458 877 4514 illum
908 4458 1350 4530 primogenitum,
1393 4467 1569 4515 totum
1603 4470 1799 4527 nempe
1827 4453 2061 4510 Verbum

2241 3536 2379 3606 ΔΕΓ.
2417 3538 2610 3607 Χαῖρε,
2636 3537 2742 3590 τῶν
2762 3536 3083 3608 ἀκεράστων
3106 3535 3202 3589 καὶ
3222 3535 3524 3609 ἀμίκτωνὴ
3550 3539 3749 3610 κρᾶσις

2168 3631 2411 3703 metu!
2436 3630 2615 3701 μίξις,
2646 3630 3107 3702 καὶιάμφοτέρων
3148 3632 3461 3703 ἀμφότερα,
3493 3633 3745 3703 ἀμόρφου

2166 3724 2358 3790 τύπος,
2386 3722 2627 3795 ἀχρόνου
2656 3724 2898 3795 μέτρον,
2932 3725 3163 3796 ἀπείρου
3212 3725 3436 3789 κόλπος,
3470 3727 3746 3780 ἀστέκτου

2167 3817 2375 3891 θρόνος.
2412 3816 2679 3887 btudit-spe
2711 3816 2937 3889 θρόνων,
2967 3816 3242 3890 σοφώτερε
3277 3817 3584 3888 Χερουὸὶμ,
3616 3818 3745 3886 φλο-

2168 3913 2379 3983 γὼτερε
2407 3911 2680 3983 Σεραφίμο
2711 3909 2939 3965 ἐκείνων
2977 3903 3053 3965 ὧν
3079 3911 3177 3982 μὲν
3206 3910 3378 3981 ὤμοις
3405 3912 3434 3965 ὁ
3468 3910 3651 3980 φέρων
3678 3910 3747 3965 τά

2164 4003 2344 4057 πάντα
2370 4002 2628 4073 φέρεται,
2661 3995 2743 4065 οἷς
2764 4002 2950 4073 δὲτὴν
2978 4002 3189 4072 γνῶσιν
3223 4002 3416 4074 ὀλίγην
3436 4003 3745 4074 χαρίζεται,

2162 4089 2245 4160 οἷς
2290 4096 2347 4150 δὲ
2378 4096 2477 4168 τὴν
2527 4095 2702 4165 φλόγα
2754 4096 3287 4168 ουγκεδιαλυμμένην
3315 4098 3410 4151 καὶ
3438 4096 3593 4149 οὐδὲν
3618 4095 3749 4167 ὅλην

2163 4188 2488 4259 παρέχεταιο
2521 4188 2604 4242 eoi
2632 4187 2689 4242 δὲ
2716 4187 2814 4242 καὶ
2839 4186 3194 4259 σπλάγχνοις,
3246 4190 3344 4243 καὶ
3377 4188 3595 4258 γόνασι,
3651 4189 3742 4241 και

2162 4279 2262 4351 τὴν
2292 4281 2508 4346 ἀκτῖνα,
2536 4279 2762 4353 πρώτην
2809 4281 2907 4334 καὶ
2950 4280 3101 4352 ὅλην,
3148 4280 3247 4339 καὶ
3275 4280 3365 4335 τὸν
3392 4280 3570 4351 Λόγον
3603 4281 3746 4345 ὅλον,

2170 4370 2268 4423 καὶ
2293 4371 2361 4439 τῇ
2392 4369 2591 4440 καρδίᾳ
2614 4368 2822 4442 κυούσῃ
2856 4371 2953 4423 καὶ
2979 4372 3095 4435 τοῖς
3134 4370 3338 4443 χείλεσι
3366 4370 3630 4443 τικτούσῃ
3665 4370 3746 4424 δί-

2170 4459 2301 4514 δωσι
2331 4460 2805 4526 κατασπάζεσθαι.
2836 4464 3031 4535 Χαῖρε,
3064 4463 3408 4536 φρικτοαέρα
3434 4463 3747 4529 Ἐξουοιῶν,

484 4562 597 4606 tum
638 4555 824 4617 corde,
852 4553 981 4607 dum
1038 4550 1343 4607 visceribus
1396 4550 1506 4605 tuis
1556 4548 1739 4604 adhuc
1788 4548 2060 4604 inclusum

2168 4549 2513 4623 δυνατωτέρα
2533 4553 2850 4625 Δυνάμεων,
2877 4555 3185 4628 κυριωτέρα
3205 4556 3582 4627 Κυριοτήτων,
3626 4555 3749 4625 ’Δρ-

485 4660 611 4700 eum
640 4654 848 4716 gestas,
882 4654 998 4701 tum
1051 4643 1236 4709 labiis,
1266 4642 1398 4698 dum
1430 4648 1558 4712 post
1587 4649 1803 4711 partum
1839 4639 2060 4713 genibus

2167 4641 2281 4713 χῶν
2321 4642 2695 4717 ἀρχικωτέρα,
2762 4647 3149 4720 ’Δρχαγγέλων
3190 4647 3602 4720 εὐδρομωτέρα,
3637 4645 3751 4699 τῶν

484 4738 812 4795 insidentem
859 4747 1035 4804 tenes,
1066 4735 1424 4796 deosculeris.
1448 4736 1591 4799 Ave,
1628 4734 1926 4790 terribilior
1956 4732 2066 4789 Po-

485 4832 795 4898 testatibus,
824 4831 1100 4903 potentidr
1132 4828 1458 4894 Virtutibus,
1484 4827 1861 4884 dominantior
1889 4828 2069 4883 Domi-

485 4922 824 4987 nationibus,
860 4920 1189 4991 principans
1238 4917 1668 4988 Principatibus,
1707 4916 2066 4990 Arcbangelis

483 5014 743 5079 velocior,
771 5013 1030 5070 omnibus
1081 5012 1247 5068 simul
1295 5010 1506 5082 angelis
1540 5008 1709 5065 ditior
1731 5025 1797 5065 ac
1830 5010 2061 5077 beatior,

485 5116 667 5175 utpote
696 5122 816 5177 qua:
849 5106 956 5160 vim
987 5104 1181 5175 agendi
1212 5103 1537 5174 quamlibet,
1570 5111 1737 5172 atque
1764 5118 1959 5159 omnes
1990 5106 2065 5161 si-

484 5196 597 5249 mul
627 5197 878 5261 virtutes,
907 5194 1107 5264 quibus
1134 5191 1373 5247 universi
1404 5192 1568 5246 simul
1595 5191 1817 5262 superni
1841 5192 2065 5249 ordines

481 5291 736 5345 exornati
791 5298 943 5354 sunt,
975 5295 1029 5340 tu
1059 5286 1177 5341 sola
1207 5294 1413 5343 etcum
1464 5299 1662 5353 magno
1709 5284 1937 5355 quidem,
1962 5300 2063 5340 ex-

483 5397 668 5447 cessu,
700 5389 862 5448 atque
915 5376 983 5432 iis
1015 5376 1179 5431 etiam
1231 5376 1446 5447 potiora
1485 5375 1754 5446 possides.
1790 5376 1926 5444 Ave,
1954 5375 2064 5434 Do-

481 5473 630 5528 tnina
664 5470 876 5526 ordinis
927 5468 1108 5524 omnis
1155 5484 1222 5525 ac
1265 5468 1525 5535 numinis,
1562 5482 1670 5522 non
1722 5470 1886 5524 modo
1916 5469 2062 5540 quod

2174 4732 2455 4802 317%le
2482 4735 2623 4790 ὅλων
2665 4736 2805 4808 ὁμοῦ
2854 4737 3333 4812 πολυαρκεστέρα,
3364 4738 3554 4802 πάσας
3589 4739 3747 4807 ἐνερ-

2163 4826 2320 4894 γείας
2352 4826 2489 4897 ὁμοῦ
2543 4828 2639 4884 καὶ
2678 4829 2883 4902 ἀρετᾶς
2932 4831 3086 4899 ὅλας,
3126 4833 3264 4887 ὅλων
3301 4831 3438 4903 ὁμοῦ
3475 4830 3586 4885 τῶν
3638 4830 3750 4883 ἀνω

2162 4917 2371 4984 τάξεων
2398 4919 2535 4992 μόνη
2563 4922 2658 4976 καὶ
2691 4921 2812 4994 μεθ’
2838 4924 3152 4997 ὑπερόολῆς
3174 4927 3374 4996 ἔχουσα
3404 4923 3501 4979 καὶ
3529 4923 3590 4977 τὸ
3632 4924 3750 4993 μεῖ-

2162 5011 2276 5078 ζον.
2303 5013 2498 5086 Χαῖρε,
2524 5015 2792 5070 Δέσποινα
2814 5017 3018 5083 παντὸς
3036 5018 3320 5088 τάγματος
3341 5016 3437 5070 καὶ
3459 5015 3747 5086 ὀνόματος,

2161 5104 2225 5158 οὐ
2250 5103 2345 5159 νῦν
2393 5105 2813 5178 ὀνομαζομένου.
2852 5109 3036 5179 μόνον,
3069 5110 3207 5163 ἀλλά
3233 5110 3330 5163 καὶ
3370 5110 3451 5171 είς
3490 5106 3583 5161 τὸν
3617 5106 3748 5178 μέλ-

2163 5194 2346 5251 λοντα*
2384 5198 2644 5270 πείθομαι
2686 5203 2821 5273 γὰρ,
2867 5202 2960 5255 καί
3001 5218 3155 5266 τινας
3196 5200 3387 5264 ἄλλας,
3433 5198 3749 5269 ἀφράστους

2163 5291 2301 5354 τέως
2331 5291 2428 5346 καὶ
2457 5292 2773 5360 ἀγνώστους
2802 5295 2958 5367 ἡμῖν,
3006 5296 3189 5349 ἐκεῖσε
3236 5295 3533 5364 τυγχάνειν
3581 5289 3749 5344 δυνά-

2167 5399 2312 5451 μεις,
2359 5383 2459 5437 καὶ
2503 5384 2761 5453 πείθομαι
2812 5386 2892 5457 τῷ
2943 5387 3279 5459 ἀπορῤήτως
3329 5404 3390 5440 τε
3420 5386 3748 5457 ἀρπαγέντι,

2173 5472 2268 5524 καὶ
2304 5473 2765 5547 ἀπορῤητοτέρων
2788 5476 3107 5531 ἀκούσαντι.

484 5582 630 5622 nunc
662 5565 999 5628 nominatur,
1026 5562 1121 5618 sed
1151 5562 1296 5635 quod
1320 5571 1374 5618 et
1403 5561 1457 5617 in
1488 5571 1767 5633 posterum
1832 5564 2247 5631 nominabitur;
2309 5565 2547 5622 arbitror
2573 5569 2720 5623 enim
2785 5569 3049 5640 quasdam
3100 5568 3237 5625 alias
3288 5576 3573 5639 praeterea,
3608 5579 3748 5621 non-

480 5661 610 5713 dum
645 5657 864 5739 nomine
896 5670 1173 5726 quoquam
1238 5655 1595 5728 compellatas
1654 5655 1924 5726 nobisque
1995 5656 2234 5727 ignotas,
2271 5656 2384 5715 illic
2412 5674 2540 5716 esse
2586 5660 2851 5726 Virtutes,
2919 5670 2974 5716 et
3019 5661 3178 5717 fidem
3218 5661 3295 5717 illi
3346 5661 3541 5727 habeo,
3573 5658 3665 5731 qui
3692 5662 3750 5717 et

481 5752 745 5815 inetiabili
802 5752 967 5809 modo
997 5755 1074 5824 (in
1126 5754 1351 5830 coelum)
1385 5764 1577 5829 raptus
1620 5764 1726 5825 est,
1755 5763 1811 5812 et
1861 5768 2066 5812 arcana
2106 5753 2334 5828 audivit,
2363 5771 2489 5830 quae
2517 5771 2630 5834 non
2652 5756 2780 5817 licet
2813 5757 3023 5816 homini
3046 5758 3196 5830 loqui
3219 5758 3287 5816 ".

552 5896 595 5930 "
622 5895 666 5952 ιι
691 5896 817 5952 Cor.
851 5912 950 5967 xu,
988 5895 1041 5952 4.
