4044 6568
326 462 437 529 845

1114 475 1370 537 SERMO
1407 478 1489 539 IN
1530 480 1635 546 SS.
1679 482 2033 544 DEIPAR/E
2074 486 2798 558 ANNUNTIATIONEM.

3481 505 3589 570 816

399 581 521 636 AZ'.
575 584 770 655 Χαῖρε,
815 585 1020 656 μείζων
1049 590 1144 643 καὶ
1170 591 1280 646 τῶν
1322 592 1502 648 ἀΰλων
1531 594 1670 649 νόων
1700 596 1794 652 καὶ
1824 594 1870 650 λι

1973 649 1980 676 λ
2089 599 2348 658 XXXVII.
2377 606 2510 669 Ave,
2541 610 2700 680 cujus
2728 610 2916 669 laudes
2963 628 3032 670 ne
3084 614 3187 687 ipsi
3220 600 3440 689 quidem
3473 636 3589 679 cne-

323 686 437 739 γων
466 673 707 739 ἔπαινος⁸
734 677 923 749 θαῦμα
951 680 1051 752 οὐχ
1080 683 1320 753 ὑμνητὸν
1346 685 1467 739 ὅλον
1498 690 1609 752 τοῖς
1634 688 1906 760 Σεραφὶμ,

2012 691 2136 748 lites
2152 705 2248 749 aut
2272 698 2600 767 cogitatione
2629 704 2847 774 assequi
2880 713 2976 761 aut
3004 722 3257 767 sermone
3278 712 3470 769 effnrre
3497 732 3588 768 va-

320 763 442 818 οὐδὲ
481 766 672 821 θεατὸν
721 770 843 823 ὅλον
877 774 987 837 τοῖς
1038 776 1343 847 Χερουϐὶμ,
1392 779 1514 833 οὐδὲ
1555 783 1870 852 καταληπτὸ

321 857 440 879 αξ--.
473 862 561 879 ...ης
622 861 667 879 θη
805 864 818 879 ο
846 864 857 879 ι
910 866 925 879 ς
1017 866 1028 879 ο
1194 869 1216 879 α.
1517 871 1528 879 .
1740 874 1788 879 -.-

2010 783 2138 841 lent.
2176 785 2309 854 Ave,
2343 763 2650 863 prodigium
2705 763 2849 867 quod
2906 814 3086 871 neque
3149 763 3589 879 Serapliim‘pro

318 857 441 911 ὅλον
470 862 589 923 ταῖς
619 861 770 926 ὅλαις
797 864 1160 936 ὑψηλοτέραις
1190 869 1659 942 ἧταπεινοτέραις
1692 874 1901 940 τάξεσι.

318 947 514 1018 Χαῖρε,
552 953 700 1024 χαρᾷ
752 954 851 1024 μὲν
890 956 1282 1029 συλληφθεῖσα,
1331 964 1475 1033 χαρᾷ
1510 963 1567 1016 δὲ
1610 965 1899 1036 κυηθεῖσα,

319 1044 465 1115 χαρᾷ
486 1044 543 1097 δὲ
572 1047 668 1099 καλ⁸
688 1047 961 1117 τεχθεῖσα’
991 1054 1137 1124 χαρᾷ
1160 1052 1217 1107 δὲ
1244 1050 1400 1119 αὖθις
1421 1056 1514 1108 καὶ
1536 1056 1896 1125 συλλαϐοῦσα,

318 1138 414 1192 καὶ
443 1140 720 1209 κυήσασα,
750 1143 843 1196 καὶ
867 1146 1179 1217 γεννήσασα
1208 1148 1383 1220 χαρὰν
1410 1150 1508 1219 τὴν
1532 1153 1707 1206 πάντα
1737 1152 1893 1223 λόγον

2008 880 2207 935 merito
2251 883 2544 955 celebrare.
2581 903 2754 959 neque
2802 888 3097 949 Cherubim
3141 911 3208 951 ex
3247 898 3396 953 omni
3433 910 3588 970 parte

2005 985 2250 1040 cernere,
2282 991 2457 1047 neque
2499 978 2644 1035 acies
2684 981 2790 1037 ulla
2823 983 3074 1041 ordinum
3117 989 3419 1047 caslestium
3468 994 3587 1048 sive

2002 1066 2386 1124 sublimiorum
2425 1071 2539 1127 sive
2570 1072 2891 1132 inferiorum
2925 1081 3143 1149 penitus
3173 1084 3454 1152 pervidere
3487 1102 3586 1153 po-

2004 1165 2129 1213 test.
2155 1158 2287 1226 Ave,
2324 1177 2444 1232 quae
2475 1173 2530 1219 et
2582 1166 2636 1221 in
2694 1168 2894 1238 gaudio
2939 1181 3200 1243 concepta
3246 1173 3413 1238 fuisti,
3437 1184 3490 1231 et
3525 1177 3581 1230 in

317 1231 411 1283 καὶ
442 1232 566 1285 νοῦν
594 1235 991 1307 ὑπερέχουσαν,
1020 1241 1116 1294 καὶ
1146 1242 1208 1295 τὸ
1240 1242 1363 1296 ὅλον
1394 1244 1592 1313 εἰπεῖν,
1620 1248 1765 1319 χαρὰ
1789 1248 1866 1301 τῶ

2001 1249 2200 1319 gaudio
2225 1231 2433 1321 gestata
2466 1253 2518 1310 in
2546 1266 2720 1325 utero,
2748 1270 2803 1315 et
2827 1260 2882 1316 in
2908 1263 3106 1332 gaudio
3132 1263 3296 1320 etiam
3324 1265 3376 1319 in
3401 1266 3580 1321 lucem

314 1323 574 1392 ὲπιγείων
610 1328 749 1381 ὅλων
786 1330 881 1384 καὶ
911 1332 1179 1403 οὐρανίων
1211 1334 1371 1402 ὅλων,
1406 1336 1501 1390 τοῦ
1528 1338 1721 1407 γένους
1766 1340 1900 1394 καύ-

1997 1342 2177 1409 edita;
2209 1354 2372 1415 atque
2404 1348 2602 1404 iterum
2633 1366 2755 1420 qua:
2776 1353 2829 1407 in
2853 1354 3049 1425 gaudio
3083 1364 3138 1413 et
3175 1358 3498 1429 concepisti,
3522 1368 3579 1415 et

313 1432 487 1486 χημα,
536 1419 647 1471 τῶν
691 1422 941 1493 οὐρανων
986 1425 1373 1498 καλλώπισμα,
1424 1428 1534 1484 τῶν
1569 1431 1869 1504 ἀμφοτέρω

1999 1433 2222 1500 gestasti
2255 1433 2309 1490 in
2334 1445 2517 1511 utero,
2532 1449 2586 1495 et
2614 1419 2884 1511 peperiin
2901 1446 3157 1515 gaudium
3188 1448 3331 1518 quod
3348 1419 3576 1505 omnem

313 1511 534 1582 κόσμων
565 1516 904 1589 κατάκοπμε.

2000 1526 2206 1596 pariter
2269 1542 2579 1586 sermonem
2650 1537 3147 1610 cogitationemque
3204 1544 3575 1610 transcendit;

309 1622 561 1679 quaeque,
595 1618 652 1664 ut
713 1614 894 1668 omnia
936 1616 1291 1686 complectar,
1324 1620 1585 1689 gaudium
1644 1620 1900 1677 exstitisti
1979 1621 2321 1680 terrestrium
2375 1628 2646 1697 omnium,
2716 1632 3073 1704 omniumque
3120 1637 3448 1708 caelestium,
3484 1655 3577 1713 ge-

308 1700 460 1758 neris
524 1704 699 1759 nostri
757 1707 1029 1776 gloriatio,
1060 1711 1324 1766 crelorum
1374 1713 1563 1781 decus,
1600 1714 1890 1785 utriusque
1929 1716 2115 1771 mundi
2148 1727 2552 1777 ornamentum.

381 1840 513 1895 AH’.
538 1842 734 1914 Χαῖρε,
763 1846 861 1916 τῆς
890 1847 1068 1920 λύπης
1098 1850 1131 1920 ἠ
1156 1850 1331 1917 λύσις,
1362 1854 1462 1925 τῆς
1487 1854 1689 1929 ἔχθρας
1716 1858 1886 1911 κατά-

2068 1858 2354 1917 XXXVlll.
2397 1865 2534 1933 Ave,
2566 1866 2770 1923 doloris
2797 1869 3023 1936 solutio,
3049 1871 3351 1930 destructio
3391 1876 3573 1932 inimi-

310 1931 487 1999 λύσις,
519 1938 619 2008 τῆς
646 1939 1029 2011 αἰχμαλωσίας
1076 1947 1108 2016 ἡ
1138 1945 1430 2016 λύτρωσις,
1471 1950 1504 2020 ἡ
1532 1950 1640 2005 τῶν
1674 1950 1870 2019 θνητῶι

1992 1952 2154 2021 sitim,
2188 1931 2527 2025 captivitatis
2570 1959 2895 2034 redemptio,
2931 1964 3243 2020 mortalium
3287 1966 3356 2022 ad
3402 1967 3574 2025 Deum

308 2026 525 2095 θέωσις,
562 2032 595 2101 ἡ
624 2033 720 2086 τοῦ
760 2034 896 2089 Θεοῦ
941 2037 1237 2109 σάρκωσις.
1267 2041 1462 2113 Χαῖρε,
1494 2043 1605 2097 τῶν
1633 2045 1822 2100 δεινῶν
1852 2048 1870 2101 i

308 2119 588 2142 .‘._..\\.‘-At
689 2124 713 2137 ι·
795 2127 808 2142 ο
1019 2129 1085 2142 εσ-
1162 2134 1173 2142 .
1358 2133 1404 2142 ι.
1502 2134 1513 2142 .
1626 2137 1653 2142 _
1728 2132 1755 2142 μ

1993 2049 2227 2114 evectio,
2258 2059 2312 2106 et
2345 2049 2439 2107 Dei
2479 2067 2603 2108 cum
2637 2069 2804 2110 carne
2837 2056 3175 2128 conjunctio.
3206 2059 3338 2127 Ave,
3370 2076 3576 2118 anum-

303 2119 619 2193 ἀπαλλαγὴ,
646 2124 756 2179 τῶν
785 2127 1127 2200 ἁμαρτωλῶν
1152 2134 1184 2203 ἡ
1214 2133 1553 2205 καταλλαγὴ,
1584 2137 1694 2190 τῶν
1720 2132 1870 2217 eam

1994 2156 2189 2196 narum
2218 2142 2490 2215 depulsio,
2510 2155 2859 2215 peccatorum
2892 2152 3286 2217 reconciliatio,
3308 2158 3573 2212 stantium

301 2227 413 2265 των
444 2213 739 2285 ἀσφάλεια,
766 2220 875 2273 τῶν
904 2222 1216 2277 πιπτόντων
1245 2225 1568 2297 ἀνάκλησις,
1597 2230 1705 2283 τῶν
1727 2214 1870 2286 σπου

1990 2213 2585 2306 εοςυτίιοεξιιιρεοτυηι
2612 2239 2905 2309 restitutio,
2936 2252 3161 2300 strenue
3186 2246 3463 2316 agentium
3492 2264 3575 2303 ar-

301 2302 575 2366 δαζόντων
626 2310 915 2378 ἐπίτασις,
970 2312 1081 2367 τῶν
1138 2314 1529 2387 ῥᾳθυμούντων
1576 2319 1883 2393 διέγερσις,

302 2394 413 2448 τῶν
432 2398 800 2455 εὐεκτούντων
826 2404 1001 2475 ἰσχὺς,
1029 2406 1139 2461 τῶν
1158 2409 1477 2479 καμνόντων
1497 2411 1659 2477 ίασις.
1686 2416 1883 2484 Χαῖρε,

300 2489 409 2542 τῶν
438 2491 649 2562 ἀρετῶν
679 2497 828 2567 πηγή
856 2515 915 2551 τε
934 2498 1051 2570 ἅμα
1078 2502 1174 2555 καὶ
1194 2502 1376 2573 όδηγὲ,
1406 2506 1703 2577 παρθενίας
1724 2508 1884 2571 ἄνθος

298 2584 435 2653 όμού
468 2588 562 2638 καὶ
601 2587 747 2657 ῥίζα,
794 2590 855 2644 τὸ
889 2593 988 2663 μὲν
1033 2598 1283 2662 φανεῖσα,
1329 2600 1391 2652 τὸ
1417 2598 1474 2652 δὲ
1504 2602 1759 2656 τεκοῦσα·
1788 2606 1883 2659 καὶ

298 2676 395 2730 νῦν
415 2679 504 2733 διὰ
534 2681 594 2733 σέ
627 2698 688 2735 τε
718 2684 812 2736 καὶ
853 2685 941 2739 διὰ
971 2687 1064 2740 σοῦ
1094 2689 1164 2742 τά
1196 2690 1399 2761 ταύτης
1430 2694 1572 2760 φυτὰ
1602 2698 1879 2768 πανταχοῦ

297 2773 462 2843 κομᾷ·
494 2777 762 2846 καρτερία
788 2780 900 2841 τοῖς
923 2779 1215 2850 ἀσκηταίς,
1245 2783 1435 2853 ἀνδρία
1456 2789 1571 2851 τοῖς
1594 2788 1876 2861 ἀθληταῖς,

294 2865 666 2939 εὐσπλαγχνία
694 2872 806 2935 τοῖς
839 2871 1074 2944 ἔχουσιν,
1104 2876 1338 2948 εὐψυχία
1383 2882 1498 2944 τοῖς
1528 2881 1745 2953 πένησι,
1780 2901 1877 2937 τα-

294 2963 696 3034 πεινοφροσύνη
728 2967 842 3028 τοῖς
877 2966 1126 3037 ὑψηλοῖς,
1159 2972 1613 3044 μεγαλοφροσύνη
1638 2978 1751 3041 τοῖς
1778 2995 1877 3033 τα-

292 3054 517 3115 πεινοῖς,
581 3054 944 3126 ὀδυνωμένοις
996 3048 1378 3132 παράκλησις,
1425 3066 1876 3138 εὐφραινομένοις

288 3144 610 3216 ἐγκράτεια·
635 3149 732 3220 ιύχ
758 3149 901 3203 οὐτω
925 3152 1381 3228 παιδαγωγούσης
1409 3160 1595 3229 μόνον,
1616 3160 1751 3215 ἀλλά
1779 3164 1875 3218 καὶ

290 3238 678 3311 προτυπούσης
709 3242 1018 3316 ἀμφότερα·
1047 3246 1109 3301 τὸ
1153 3248 1273 3318 μὲν,
1304 3249 1393 3302 ὅτε
1437 3269 1532 3306 σου
1562 3253 1661 3325 τὴν
1692 3254 1873 3329 ψυχὴν

289 3330 537 3399 ῥομφαία
565 3332 839 3405 διήρχετο,
870 3338 932 3390 τὸ
968 3338 1013 3391 δ’
1050 3340 1141 3393 ὅτε
1181 3358 1273 3394 σου
1307 3343 1407 3415 τὴν
1440 3346 1626 3417 φωνὴ-ν
1656 3349 1685 3401 ὁ
1713 3348 1873 3419 λόγος

286 3423 388 3495 τὴν
418 3427 711 3498 χαροςοιδν
750 3431 1218 3505 προσεφθέγγετο.

356 3706 482 3763 ΛΘ’.
518 3702 709 3780 Χαῖρε,
763 3710 923 3765 Θείων
967 3712 1208 3784 χαρίτων
1238 3707 1408 3781 οἶκος,
1452 3717 1735 3788 βασιλικὸς
1767 3717 1868 3789 τῆς

280 3801 514 3873 Τριάδος
564 3801 848 3874 θάλαμος,
900 3806 957 3859 έν
1000 3799 1044 3876 ᾧ
1077 3806 1186 3863 τῶν
1231 3809 1456 3875 ἀγαθῶν
1504 3811 1556 3864 ot
1601 3811 1868 3882 θησαυροὶΙ

280 3894 523 3961 πάντων,
576 3896 767 3967 σοφίας
810 3898 1061 3965 πλοῦτος,
1105 3901 1327 3972 ἀνδρίας
1372 3902 1558 3972 ὄγκος,
1588 3905 1863 3970 εὐϐουλία,

279 3985 519 4054 σύνεσις,
557 3988 758 4060 δωρεαὶ
789 3989 988 4060 λόγων,
1034 3992 1203 4064 ἀρχαὶ
1248 3995 1570 4066 σκήπτρων,
1620 3997 1865 4070 παροχαὶ

274 4077 549 4146 πλούτων,
578 4080 906 4154 ἀξιωμάτων
936 4084 1227 4157 ὑπεροχαὶ,
1258 4087 1530 4157 εὐτεχνίαι
1565 4091 1659 4144 καὶ
1695 4093 1861 4163 εὐγα-

279 4172 405 4242 μίαι
434 4174 528 4227 καὶ
560 4176 857 4242 εὐτεκνίαι,
884 4177 1128 4248 εὐφωνία
1150 4179 1247 4234 καὶ
1269 4180 1497 4247 εὐταξία
1531 4184 1626 4237 καὶ
1654 4185 1858 4255 εὐεξία,

274 4265 495 4334 κάλλος,
535 4268 710 4339 ίσχύςο
764 4270 861 4324 καὶ
889 4271 1040 4335 ὅπως
1068 4274 1127 4326 ὲν
1155 4273 1306 4345 μέσῳ
1339 4276 1625 4346 παροπτέα
1664 4295 1755 4348 μοι
1791 4282 1859 4335 τὰ

276 4358 457 4430 μικρὰ
480 4360 574 4414 καὶ
604 4361 893 4425 σωματικὰ
937 4362 1091 4433 μόνα,
1123 4364 1267 4430 λέγω
1300 4364 1357 4418 δὲ
1389 4366 1459 4420 τὰ
1484 4366 1578 4420 τοῦ
1605 4369 1858 4440 Πνεύμα-

244 4436 387 4515 τος*
410 4451 674 4523 ίίαμάτων
700 4456 898 4525 πηγαὶ,
936 4457 1059 4529 ροαὶ
1102 4457 1374 4529 δακρύων,
1406 4460 1564 4532 εὐχαὶ
1596 4436 1855 4535 καθαραὶ,

271 4544 371 4598 καὶ
399 4545 535 4600 Θεοῦ
568 4547 817 4620 πλησίον,
848 4548 1052 4617 γνῶσις
1085 4550 1315 4619 Λογίων,
1343 4552 1691 4619 διδασκαλίας
1727 4556 1856 4628 ῥεύ-

272 4655 443 4708 ματα,
480 4640 808 4711 προοράσεις
856 4641 951 4693 καὶ
992 4639 1265 4713 διοράσεις
1292 4684 1306 4709 ,
1353 4643 1653 4717 διακρίσεις
1692 4664 1855 4702 πνευ-

272 4730 463 4799 μάτων
502 4750 561 4785 τε
599 4732 697 4785 καὶ
745 4733 1114 4805 πραγμάτων,
1160 4736 1254 4788 καὶ
1294 4735 1384 4788 ἵνα
1424 4736 1662 4792 συνελὼν
1690 4740 1848 4805 είπω,

1989 2326 2123 2380 deus
2166 2326 2431 2393 studium,
2465 2331 2799 2400 torpentium
2849 2335 3286 2403 incitamentum,
3315 2338 3453 2395 bene
3472 2356 3573 2423 ya-

1988 2416 2213 2473 lcntium
2251 2419 2503 2489 firmitas,
2528 2426 2909 2494 aegrotantium
2940 2429 3114 2485 salus.
3144 2430 3279 2498 Ave,
3305 2416 3571 2489 virtutum

1985 2512 2234 2567 scatebra
2283 2513 2448 2569 simul
2493 2524 2549 2571 et
2576 2516 2795 2582 semita,
2828 2520 3161 2590 virginitatis
3195 2522 3296 2580 llos
3325 2526 3490 2581 simul
3517 2535 3574 2582 et

1986 2602 2162 2669 radix,
2195 2604 2324 2661 illud
2359 2604 2581 2677 quidem
2633 2624 2734 2680 pro
2786 2626 2853 2668 eo
2894 2613 3045 2684 quod
3083 2616 3200 2686 ipsa
3241 2621 3570 2689 apparuisti,

1984 2694 2125 2750 istud
2161 2712 2292 2753 vero
2341 2713 2439 2769 pro
2472 2715 2539 2756 eo
2585 2701 2734 2772 quod
2789 2703 2848 2759 in
2881 2704 3059 2762 lucem
3106 2707 3360 2777 edidisti;
3393 2726 3572 2782 quan-

1982 2803 2146 2858 quam
2178 2806 2325 2847 nunc
2361 2793 2526 2849 etiam
2554 2804 2779 2867 propter
2807 2806 2862 2854 te
2912 2807 2969 2854 et
3006 2815 3106 2871 per
3152 2810 3206 2858 te
3251 2802 3567 2872 huiusmodi

1980 2880 2178 2950 plantae
2206 2884 2407 2955 ubique
2438 2885 2723 2945 frondibus
2752 2890 3066 2948 virescunt:
3095 2904 3403 2952 ascetarum
3441 2900 3570 2954 abs-

1979 2973 2238 3043 tinentia,
2292 2979 2620 3035 certantium
2653 2982 2854 3049 robur,
2891 2984 3123 3042 divitum
3160 2988 3566 3059 misericordia,

1978 3081 2277 3138 pauperum
2317 3070 2600 3141 patientia,
2632 3074 2919 3143 graudium
2955 3074 3263 3147 humilitas,
3295 3088 3350 3137 et
3382 3081 3569 3140 humi-

1976 3158 2112 3215 lium
2145 3163 2593 3233 magnanimitas,
2617 3168 2971 3224 maerentium
3004 3171 3272 3239 solamen,
3297 3182 3353 3229 et
3387 3176 3565 3246 tripu-

1976 3252 2243 3311 diantium
2273 3260 2667 3329 temperantia;
2698 3262 2988 3333 utriusque
3021 3264 3168 3321 enim
3196 3265 3416 3323 virtutis
3450 3282 3562 3324 non

1974 3345 2232 3416 magistra
2273 3348 2457 3416 modo,
2492 3350 2588 3405 sed
2615 3360 2670 3407 et
2703 3354 3012 3424 exemplum
3055 3355 3301 3423 exsistis,
3329 3358 3562 3417 alterius

1895 3457 1940 3519 ρ
1976 3438 2197 3507 quidem
2244 3439 2463 3510 quando
2507 3450 2656 3497 tuam
2693 3442 2867 3512 ipsius
2909 3445 3147 3501 animam
3199 3448 3407 3505 doloris
3442 3449 3564 3521 gla-

1974 3531 2099 3587 dius
2156 3534 2507 3602 pertransivit
2537 3537 2604 3605 ’⁸,
2631 3538 2859 3595 alterius
2914 3555 3045 3596 vero
3097 3543 3319 3611 quando
3368 3560 3560 3604 vocem

1973 3624 2121 3679 illam
2158 3626 2341 3683 laetitia
2368 3628 2584 3699 plenam
2621 3646 2803 3687 sermo
2831 3640 2957 3686 tuus
2996 3636 3243 3704 protulit.

2046 3717 2289 3776 XXXIX.
2320 3722 2453 3788 Ave,
2479 3723 2789 3779 divinarum
2813 3727 3113 3796 gratiarum
3138 3729 3356 3797 domus,
3373 3732 3559 3804 regius

1972 3809 2258 3869 Trinitatis
2286 3814 2581 3882 thalamus,
2610 3818 2664 3872 in
2693 3834 2805 3889 quo
2844 3820 3112 3875 reconditi
3142 3833 3271 3878 sunt
3309 3824 3558 3882 omnium

1969 3902 2239 3961 bonorum
2271 3907 2540 3977 thesauri,
2567 3910 2773 3966 divitia:
2823 3912 3129 3982 sapientizc,
3159 3916 3375 3973 virtutis
3419 3922 3558 3974 emi-

1970 3997 2177 4063 nentia,
2231 4000 2562 4065 consilium,
2626 4002 2969 4069 intellectus,
3018 4006 3160 4060 dona
3215 4023 3554 4077 sermonum,

1970 4098 2312 4157 sceptrorum
2343 4092 2668 4158 dominatio,
2702 4110 2866 4165 opum
2893 4096 3252 4166 dispensatio,
3278 4101 3552 4157 honorum

1966 4179 2298 4247 sublimitas,
2335 4182 2566 4238 scientia
2601 4186 2911 4257 omnigena,
2945 4189 3124 4245 felicia
3158 4192 3451 4259 connubia,
3486 4209 3553 4251 ac
3620 4244 3629 4267 ,ξ

1967 4273 2085 4327 lana
2119 4275 2366 4343 soboles,
2397 4277 2621 4334 claritas
2666 4281 2839 4346 vocis,
2875 4291 3000 4351 apta
3029 4285 3400 4341 membrorum
3432 4286 3552 4343 dis-
3612 4274 3627 4327 ἶ

1965 4364 2187 4433 positio,
2210 4368 2441 4432 sanitas,
2470 4368 2838 4438 pulchritudo,
2864 4374 3033 4428 robur
3057 4375 3293 4430 virium:
3327 4384 3381 4431 et
3405 4391 3551 4447 quo-

1962 4459 2106 4513 niam
2141 4459 2344 4517 leviora
2380 4460 2482 4517 ista
2507 4470 2560 4517 et
2590 4478 2739 4518 mere
2767 4467 3074 4536 corporalia
3104 4476 3291 4539 utpote
3318 4470 3548 4526 minoris

1962 4551 2221 4605 momenti
2275 4553 2654 4622 posthabenda
2698 4565 2849 4623 sunt,
2873 4568 2929 4612 et
2976 4573 3040 4613 ea
3068 4574 3219 4627 sane,
3249 4577 3370 4630 quae
3417 4574 3549 4618 sunt

1960 4646 2208 4716 spiritus,
2231 4648 2480 4716 adjiciam
2503 4666 2518 4715 ;
2545 4649 2911 4705 remediorum
2936 4650 3320 4722 scaturigines,
3342 4654 3546 4711 imbres

1961 4738 2346 4810 lacrymarum,
2380 4741 2596 4795 mundae
2652 4755 2865 4811 preces,
2909 4740 3194 4798 familiaris
3255 4760 3379 4799 cum
3433 4745 3546 4802 Deo

266 4829 448 4898 χαῖρε,
480 4827 750 4882 Δέσποινα
775 4827 883 4881 τῶν
918 4828 1135 4898 ἀγαθῶν
1163 4830 1445 4896 ἁπάντων,
1478 4834 1571 4885 καὶ
1602 4833 1850 4903 ἀμφοτέ-

1973 4832 2318 4899 :onsuetudo,
2343 4848 2625 4889 sacrarum
2655 4831 2983 4889 Litterarum
3008 4834 3259 4900 scientia,
3284 4836 3545 4893 doctrinze

270 4935 381 4988 ρων
404 4918 718 4991 διακόσμων
744 4921 1031 4989 Δέσποινα,
1059 4922 1092 4992 ἡ
1118 4922 1298 4976 πάντα
1323 4923 1507 4991 πᾶσιν,
1530 4918 1613 4989 οἷς
1640 4925 1733 4978 καὶ
1761 4924 1850 4979 ὅτε

267 5012 363 5065 καὶ
393 5012 493 5065 ὅσα
525 5012 620 5066 καὶ
651 5008 741 5067 οἷα
772 5013 967 5082 θέλεις,
995 5016 1365 5087 παρεχομένη.

1957 4924 2183 4991 fluenta,
2217 4926 2605 4997 prospicientia
2658 4936 2715 4981 et
2759 4926 3166 4997 perspicientia,
3202 4938 3256 4983 et
3294 4930 3347 4983 in
3381 4930 3544 5001 spiri-

1957 5019 2102 5074 tibus
2123 5019 2561 5074 internoscendis
2586 5018 2741 5089 juxta
2766 5034 2831 5074 ac
2864 5019 3027 5075 rebus
3053 5021 3304 5090 gerendis
3334 5022 3541 5077 discrc-

267 5094 365 5175 lio',
403 5118 458 5164 et
510 5120 569 5165 ut
618 5112 807 5181 paucis
850 5110 1033 5165 omnia
1077 5110 1421 5174 contraham,
1482 5126 1604 5175 ave,
1661 5110 1890 5168 Domina
1926 5112 2196 5168 bonorum
2262 5114 2530 5180 omnium,
2562 5122 2618 5169 et
2666 5113 2879 5171 ordinis
2931 5116 3222 5186 utriusque
3274 5116 3537 5171 Domina.

262 5217 389 5274 qua:
417 5204 670 5261 omnibus
699 5204 907 5270 omnia,
940 5202 1140 5275 quibus
1160 5214 1213 5260 et
1239 5204 1458 5275 quando
1479 5214 1533 5260 et
1561 5213 1766 5276 quanta
1788 5215 1841 5260 et
1879 5205 2064 5277 qualia
2085 5205 2189 5271 vis,
2215 5205 2525 5276 dispensas.

334 5345 428 5402 M'.
462 5346 647 5401 Ταῦτά
685 5364 769 5401 σοι
804 5348 833 5400 ὁ
864 5346 1057 5419 μικρὸς
1089 5348 1201 5416 ἐγὼ
1229 5348 1326 5402 καὶ
1356 5349 1464 5413 πᾶς
1492 5350 1613 5420 μὲν,
1641 5348 1732 5403 διὰ
1758 5349 1850 5402 τὸν

261 5438 437 5508 Λόγον
470 5441 566 5494 καὶ
595 5440 697 5511 τὴν
728 5439 895 5512 ἄλλην
938 5444 1118 5495 πᾶσαν
1168 5444 1262 5496 καὶ
1292 5442 1453 5514 χάριν
1503 5444 1596 5496 καὶ
1628 5442 1842 5510 ἐλπίδα,

262 5533 378 5597 σος.
412 5535 474 5586 οὐ
525 5536 727 5598 πᾶς’δὲ
769 5536 859 5590 διὰ
887 5536 979 5589 τὸν
1008 5537 1228 5607 τρόπον,
1273 5536 1430 5606 ὀλίγα
1471 5537 1578 5590 τῶν
1607 5537 1735 5601 σῶν,
1766 5533 1844 5592 ὦν

259 5629 523 5698 ἐχαρίσω,
568 5631 733 5684 πολύν
780 5633 877 5702 μὲν
907 5631 994 5685 διὰ
1022 5632 1112 5685 τὸν
1144 5632 1311 5685 πολὺν
1341 5632 1503 5702 φόϐον
1535 5632 1845 5703 ὲπεχόμενα

257 5720 477 5789 χρόνον,
502 5719 658 5789 ἄφνω
688 5722 743 5774 δὲ
774 5722 1079 5792 ἐκραγέντα
1119 5723 1208 5776 διὰ
1230 5722 1321 5776 τὸν
1352 5722 1541 5789 πόθον,
1571 5726 1666 5777 καὶ
1692 5740 1846 5794 νικη-

258 5812 422 5866 θέντα
450 5812 528 5883 τῷ
552 5813 759 5867 πλείονί
781 5831 841 5866 τε
869 5815 960 5868 καὶ
995 5815 1288 5886 κρείττονι,
1330 5817 1409 5880 είς
1438 5815 1595 5881 δόξαν
1620 5815 1716 5871 τοῦ
1751 5818 1845 5871 σοῦ

331 5975 375 6005 ³³
410 5972 539 6030 Luc.
574 5990 632 6037 n,
671 5973 759 6027 35.

2030 5348 2145 5404 XL.
2172 5348 2296 5405 Haec
2335 5350 2387 5404 iu
2421 5350 2636 5405 laudem
2686 5360 2833 5406 tuam
2865 5365 2967 5423 ego
3003 5347 3272 5423 misellus,
3306 5362 3359 5406 et
3390 5361 3536 5410 tatus

1950 5458 2081 5498 sane
2106 5458 2230 5498 cum
2270 5452 2490 5514 propter
2534 5442 2772 5499 Verbum
2814 5454 2927 5499 tum
2960 5455 3183 5515 propter
3216 5446 3379 5500 aliam
3414 5462 3537 5501 om-

1952 5552 2074 5591 nem
2106 5546 2160 5591 et
2198 5537 2426 5607 gratiam
2456 5545 2513 5591 et
2555 5551 2705 5607 spem
2754 5546 2905 5603 tuus,
2942 5537 3037 5592 sed
3071 5554 3179 5592 non
3226 5547 3373 5594 totus
3407 5547 3532 5597 tuus

1952 5642 2049 5697 per
2075 5627 2198 5681 vitae
2230 5629 2519 5695 rationem,
2543 5628 2681 5691 haec,
2709 5629 2953 5699 inquam,
2989 5645 3161 5700 pauca
3193 5645 3259 5683 ex
3297 5631 3385 5694 iis,
3409 5648 3532 5702 qum

1950 5720 2088 5776 mihi
2118 5720 2312 5792 largita
2333 5736 2413 5787 es,
2432 5721 2525 5776 diu
2554 5722 2623 5777 ob
2646 5721 2918 5791 ingentem
2947 5722 3289 5777 formidinem
3313 5724 3531 5781 silentio

1952 5828 2295 5885 compressu,
2354 5814 2649 5887 derepente
2680 5824 2861 5872 autem
2923 5817 3126 5887 impetu
3181 5817 3386 5874 amoris
3428 5833 3527 5874 ex-
