4010 6632
498 449 607 518 847

1748 451 2074 516 JOANNIS
2113 448 2556 512 GEOMETR/E

3658 449 3756 514 848

501 579 716 636 pressa,
744 573 1022 638 utcunque
1085 566 1416 640 magnalium
1477 578 1697 627 tuorum
1737 578 1792 624 et
1840 569 2067 624 multitu-

2191 567 2342 631 Υίοῦ,
2377 565 2473 620 τοῦ
2522 565 2760 637 μεγάλου
2805 563 2940 618 Θεοῦ
2969 565 3067 618 καὶ
3095 562 3349 637 Σωτῆρος
3376 563 3539 635 ἡμῶν
3586 563 3756 635 Ἰησοῦ

498 657 611 710 dini
638 665 692 711 et
723 658 1087 728 magnitudini
1137 659 1294 729 longe
1342 661 1598 732 imparia,
1627 661 1831 734 oﬂ‘ero;
1874 661 1928 714 in
1963 659 2078 730 glo-

499 749 636 804 riam
668 749 786 804 Filii
821 751 922 816 tui,
956 753 1136 822 magni
1179 753 1272 808 Dei
1323 765 1375 809 et
1407 754 1705 810 Salvatoris
1742 753 1913 809 nostri
1950 751 2076 806 Jesu

496 840 723 908 Christi,
752 844 836 898 cui
873 844 1046 913 gloria
1093 856 1146 900 et
1195 847 1482 916 imperium
1536 863 1658 902 cum
1723 843 2079 901 sanctissimo

496 931 672 1002 ipsius
705 933 865 990 Patre
909 946 964 991 et
1003 938 1314 994 vivificante
1349 954 1412 993 ac
1440 951 1629 996 sancto
1661 940 1891 1010 Spiritu,
1933 952 2080 992 nunc

495 1038 550 1083 et
569 1045 787 1100 semper
819 1038 872 1086 et
907 1030 958 1086 in
986 1033 1180 1088 saecula
1211 1033 1553 1088 smeulorum.
1583 1032 1776 1088 Amen.

2184 658 2445 730 Χριστοῦ,
2472 651 2516 726 ᾧ
2541 661 2573 728 ἡ
2595 657 2723 724 δόξα
2752 658 2845 710 καὶ
2873 655 2934 709 τὸ
2955 657 3157 728 κράτος
3181 657 3278 710 σὺν
3302 656 3379 726 τῷ
3401 638 3792 726 παναχράντῳί

2184 755 2349 811 αὐτοῦ
2378 753 2574 824 Πατρὶ,
2603 753 2698 806 καὶ
2725 749 2973 821 ζωοποιῷ
3019 751 3114 804 καὶ
3143 751 3284 820 ἁγίῳ
3322 748 3626 818 ῐΙνεύματι,
3667 748 3756 803 νῦν

2184 849 2278 901 καὶ
2309 847 2394 899 ἀεὶ
2421 843 2516 898 καὶ
2554 844 2633 907 εἰς
2665 842 2789 924 τους
2819 843 3023 906 αἰῶνας
3048 841 3157 894 τῶν
3186 841 3420 896 αἰώνων.
3457 841 3656 911 Ἀμήν.
3766 891 3780 918 ,ι

3768 921 3779 956 l

532 1237 3752 1269 Μ

1152 1407 1632 1524 ΙΩΑΝΝ
1649 1405 1847 1524 ΟΥ
1942 1399 3098 1520 ΠΡΩΤΟΘΡΟΝΟΥ

1766 1702 1768 1704 ν
1834 1621 1972 1676 ΤΟΥ
2009 1619 2429 1688 ΓΕΩΜΕΤΡΟΥ

1482 1789 1795 1876 ΠΕΡΙ
1886 1786 2156 1874 ΤΟΥ
2245 1785 2768 1875 ΜΗΛΟΥ.

937 2143 1483 2254 JOANNIS
1561 2143 2310 2252 GEOMETBIE
2390 2144 3305 2251 ΡΒΟΤΟΤΗΒΟΝΙ

1762 2375 1908 2464 DE
1984 2371 2310 2466 MALO
2377 2366 2448 2462 ⁸.

1002 2571 1168 2636 (Joan.
1194 2570 1410 2637 Imaum,
1435 2570 1642 2623 Codices
1667 2569 1822 2621 Graeci
1851 2582 1967 2618 mss.
1990 2565 2222 2618 bibliolh.
2252 2564 2437 2616 Matrit.
2467 2564 2670 2627 Matr-ili,
2705 2565 2825 2617 I769
2853 2567 2938 2617 fol.
2960 2580 3073 2631 pag.
3099 2569 3234 2632 501.)

558 2874 671 2932 Lac
699 2874 918 2945 quidem
946 2873 1129 2930 album
1150 2881 1256 2938 est,
1285 2873 1389 2930 mel
1411 2881 1590 2929 autem
1623 2871 1821 2928 ﬂavum
1850 2890 1866 2940 ;
1895 2873 2067 2929 solum

2251 2872 2324 2926 Τὸ
2364 2871 2465 2944 μὲν
2493 2871 2640 2941 γάλα
2669 2869 2892 2925 λευκόν·
2925 2870 2986 2924 τὸ
3009 2869 3065 2922 δὲ
3089 2869 3213 2940 μέλι
3241 2869 3450 2941 χλωρόν
3474 2885 3488 2901 ⁸
3516 2869 3678 2942 μόνον
3701 2869 3764 2924 δὲ

499 2967 636 3024 licus
679 2967 918 3024 fructum
984 2968 1271 3023 nominare
1305 2968 1456 3022 novit
1505 2966 1779 3022 Homerus
1817 2967 2065 3032 dulcem;

485 3059 797 3131 jucundum
843 3076 976 3116 vero
1018 3061 1172 3116 illum
1225 3075 1335 3116 non
1391 3059 1556 3116 audet
1610 3075 1838 3126 vocare;
1881 3067 1936 3114 et
1967 3059 2071 3114 hoc

494 3163 710 3209 tantum
744 3153 891 3210 malo
923 3163 1128 3219 servat,
1169 3164 1224 3209 et
1254 3154 1388 3209 dicit
1427 3152 1627 3208 alicubi
1654 3153 1707 3207 in
1727 3153 2071 3223 poematibus

493 3246 670 3300 malos
715 3245 976 3315 jucundis
1027 3246 1317 3302 fructibus.
1371 3244 1436 3299 Et
1475 3260 1584 3300 non
1647 3244 1812 3298 tnodo
1851 3244 2072 3300 nomine

491 3337 664 3404 illam,
699 3339 794 3394 sed
813 3339 981 3394 etiam
1010 3342 1203 3394 ordine
1236 3347 1488 3394 exornat.
1517 3336 1652 3392 Nam
1683 3337 1823 3393 alias
1848 3337 2069 3406 quidem

488 3432 716 3488 arbores
757 3432 1010 3487 absolute
1058 3433 1133 3486 ita
1175 3431 1494 3504 designans,
1525 3446 1690 3502 pyros
1737 3440 1791 3485 et
1843 3429 2071 3500 punicas

487 3533 604 3580 tres
633 3532 847 3578 tantum
889 3538 1014 3577 cum
1046 3523 1302 3594 epithetis
1335 3523 1519 3594 ponit;
1555 3523 1640 3579 his
1697 3539 1821 3577 vero
1865 3521 2072 3577 malum

485 3631 832 3687 praeponens,
888 3615 1050 3670 ﬁcum
1103 3615 1331 3681 subdit,
1377 3616 1591 3670 tertiam
1649 3627 1828 3670 autem
1894 3617 2069 3672 oleam

487 3711 720 3769 inducit.
761 3711 828 3764 Et
857 3709 1031 3764 malos
1087 3709 1222 3765 dicit
1272 3709 1530 3781 jucundis
1581 3709 1875 3778 fructibus,
1936 3712 2071 3766 licus

487 3803 700 3868 dulces,
732 3809 788 3855 et
831 3802 984 3856 oleas
1039 3800 1412 3856 luxuriantes.
1459 3799 1596 3855 lllud
1639 3815 1858 3870 quoque
1893 3800 2070 3870 majus

485 3896 634 3968 quod
668 3896 831 3951 linem
887 3895 1051 3949 istum
1107 3895 1284 3965 primo
1335 3909 1593 3949 versuum
1652 3892 1885 3958 dederit,
1922 3893 2069 3948 arbi-

492 3996 669 4043 tratus
698 3997 953 4056 oportere
989 4001 1166 4056 neque
1215 3999 1312 4056 per
1355 3985 1454 4041 bas
1494 3987 1682 4056 potius
1715 3986 2068 4056 principium,

489 4063 668 4150 nedue
716 4077 980 4148 majorem
1010 4078 1242 4147 gratiam
1273 4079 1459 4133 versui
1493 4081 1767 4148 prazstari.
1802 4080 1878 4134 lta
1911 4091 1968 4132 ut
1997 4080 2070 4134 sit

487 4171 842 4242 pulchrarum
867 4171 1126 4226 arborum
1149 4170 1240 4225 illa
1273 4170 1603 4242 principium
1628 4172 1790 4227 simul
1824 4181 1878 4227 et
1901 4172 2024 4228 linis
2051 4189 2063 4226 :

2177 2964 2269 3018 τὸν
2308 2969 2406 3036 τῆς
2474 2965 2646 3034 συκῆς
2699 2963 2914 3034 καρπὸν
2974 2965 3265 3035 ὀνομάζειν
3318 2961 3457 3019 οἶδεν
3509 2967 3764 3036 Ὄμηρος

2179 3059 2484 3129 γλυκερόν·
2547 3058 2750 3128 ἀγλαὸν
2790 3057 2846 3111 δὲ
2893 3057 3015 3110 οὐδὲ
3064 3058 3254 3111 τοῦτον
3300 3057 3473 3130 τολμᾷ
3530 3058 3759 3113 καλεῖνο

2181 3154 2343 3224 μόνον
2373 3153 2429 3206 δὲ
2461 3152 2621 3207 τοῦτο
2655 3152 2914 3220 φυλάττει
2954 3152 3030 3223 τῷ
3075 3153 3267 3223 μήλῳ,
3319 3152 3412 3206 καὶ
3458 3152 3607 3222 λέγει
3654 3170 3761 3206 που

2178 3245 2286 3298 τῶν
2315 3246 2461 3298 ἐπῶν
2499 3245 2598 3308 τὰς
2640 3244 2848 3315 μηλέας
2883 3245 3302 3314 ἀγλαοκάρπους
3324 3259 3339 3274 ο
3372 3243 3468 3300 καὶ
3494 3245 3556 3297 ού
3600 3244 3768 3298 τοῦτο

2183 3336 2343 3406 μόνον
2374 3336 2575 3408 αὐτὴν,
2611 3336 2746 3389 ἀλλὰ
2781 3336 2877 3389 καὶ
2909 3335 2974 3408 τῇ
3023 3336 3174 3402 τάξει
3225 3339 3444 3406 κοσμεῖ.
3490 3337 3603 3400 Τὰς
3655 3337 3756 3408 μὲν

2178 3431 2286 3502 γὰρ
2323 3429 2490 3493 ἄλλας
2541 3429 2730 3492 ἁπλῶς
2785 3429 2985 3482 οὑτωσὶ
3031 3430 3268 3499 φράσας,
3315 3429 3516 3500 ὄγχνας
3559 3445 3619 3482 τε
3663 3427 3770 3483 καὶ

2182 3522 2356 3594 ῥοιὰς,
2417 3523 2567 3592 τρεῖς
2621 3523 2790 3592 μόνας
2835 3521 2973 3592 μετὰ
3031 3521 3138 3575 τῶν
3197 3522 3505 3592 ἐπωνύμων
3532 3522 3764 3594 τίθησι·

2178 3614 2385 3668 τούτων
2415 3613 2470 3666 δὲ
2497 3613 2677 3666 αὐτῶν
2703 3612 2802 3683 τὴν
2832 3611 3042 3683 μηλέαν
3066 3613 3312 3684 προθεὶς,
3341 3614 3634 3686 ὑποτίθησι
3659 3614 3766 3687 τὴν

2182 3709 2390 3778 συκῆνο
2423 3705 2618 3778 τρίτην
2657 3705 2712 3758 δὲ
2750 3708 2849 3777 τὴν
2892 3705 3080 3760 ἐλαίαν
3122 3706 3336 3776 τίθησι*
3377 3707 3472 3760 καὶ
3523 3707 3753 3779 μηλέαι,

2180 3798 2369 3868 φησὶν,
2391 3798 2794 3870 ἀγλαόκαρποι·
2829 3799 3023 3854 συκέαι
3047 3816 3104 3851 τε
3134 3799 3401 3870 γλυκεραί
3423 3817 3436 3830 ·
3463 3799 3560 3853 καὶ
3581 3800 3762 3854 ἐλαῖαι

2178 3888 2541 3960 τηλεθόωσαι.
2574 3890 2686 3943 Καὶ
2713 3890 2774 3944 τὸ
2799 3891 2861 3961 δὴ
2894 3891 3055 3944 πλέον
3081 3892 3162 3945 ὅτι
3195 3894 3289 3945 καὶ
3315 3893 3470 3956 τέλος
3501 3891 3660 3945 τοῦτο
3678 3892 3761 3960 τῷ

2179 3981 2382 4056 πρώτῳ
2429 3983 2538 4036 τῶν
2588 3984 2788 4054 στίχων
2839 3986 3076 4051 δίδωσιν,
3122 3984 3428 4058 ἡγούμενος
3474 3985 3610 4053 δεῖν,
3644 3984 3764 4040 οὔτ’

2178 4076 2419 4140 ἐκείναις
2441 4076 2753 4148 κρείττονος
2779 4078 3042 4148 κεφαλῆς,
3069 4077 3190 4130 οὕτε
3217 4079 3463 4148 μείζονος
3477 4080 3555 4150 τῷ
3588 4080 3761 4151 στίχῳ

2177 4169 2400 4240 χάριτος
2421 4185 2434 4199 ·
2471 4170 2535 4222 ἶν’
2635 4171 2743 4223 τῶν
2787 4171 2970 4224 καλῶν
3008 4173 3040 4242 ἡ
3069 4171 3204 4242 αὑτὴ
3252 4173 3394 4243 ἀρχή
3424 4190 3485 4226 τε
3517 4175 3634 4244 ’ἅμα
3662 4175 3760 4228 καὶ

484 4265 596 4337 jam
628 4274 812 4320 autem
871 4272 924 4319 et
965 4263 1176 4318 medias
1209 4273 1388 4330 tenet;
1439 4265 1821 4319 universarum
1873 4264 2067 4334 quippe

2179 4259 2428 4331 τελευτὴ,
2451 4273 2460 4326 χ
2480 4261 2579 4332 ἤδη
2618 4261 2672 4312 δὲ
2720 4261 2813 4312 καὶ
2863 4261 3025 4332 μέση.
3074 4262 3192 4315 Τῶν
3242 4264 3341 4332 μὲν
3385 4263 3520 4316 ὅλων
3570 4265 3706 4336 μέση
3736 4305 3755 4331 ,

487 4353 691 4420 media,
730 4353 1032 4423 primarum
1080 4353 1436 4424 principium,
1469 4355 1653 4409 versui
1697 4364 1878 4408 autem
1921 4355 2068 4408 linis.

485 4445 615 4502 Illas
654 4446 873 4516 quidem
902 4446 1146 4517 colligat,
1204 4448 1302 4500 bas
1354 4456 1535 4501 autem
1569 4454 1837 4512 exornat;
1891 4445 2072 4501 versui

487 4551 622 4591 vero
655 4536 918 4606 majorem
951 4537 1181 4606 gratiam
1207 4538 1260 4591 in
1289 4539 1398 4592 line
1427 4545 1628 4590 servat.
1654 4535 1901 4590 Collocat
1928 4537 2073 4590 enim

487 4630 541 4683 in
579 4627 688 4682 ﬁne
721 4629 888 4681 etiam
941 4627 1115 4692 oleas,
1149 4630 1242 4682 sed
1279 4629 1350 4682 de
1391 4628 1500 4681 illis
1545 4627 1680 4680 nihil
1721 4627 1932 4694 saporis
1967 4642 2078 4681 me-

489 4729 692 4785 morat,
725 4720 894 4774 simul
925 4735 1054 4775 vero
1091 4729 1147 4776 et
1183 4721 1237 4774 ir.
1276 4721 1396 4775 solo
1432 4722 1538 4775 line
1584 4720 1708 4776 illas
1741 4720 2067 4786 nominans;

482 4823 536 4865 et
576 4825 687 4865 non
737 4811 811 4864 ita
848 4811 917 4866 de
966 4812 1149 4867 malis.
1207 4812 1346 4866 Puto
1408 4811 1628 4882 quidem
1675 4821 1931 4882 oportere
1984 4828 2068 4867 me

486 4910 660 4972 ipsum
695 4913 751 4960 et
807 4903 1107 4960 Homerum
1145 4920 1420 4976 exponere
1455 4921 1649 4962 causas
1699 4921 1798 4960 cur
1846 4907 2064 4964 tandem

483 4998 647 5051 ambo
682 4997 886 5051 malum
929 4999 1001 5051 ita
1036 4997 1374 5053 bonoremus
1405 5015 1416 5051 :
1453 4999 1540 5052 hic
1571 4998 1788 5068 quidem
1837 4999 1962 5053 talia
1997 5001 2064 5056 de

481 5105 545 5144 ea
581 5089 832 5156 dicendo,
855 5105 958 5162 ego
978 5101 1161 5148 autem
1193 5091 1496 5147 secundum
1520 5091 1669 5146 illum
1701 5100 1755 5148 et
1783 5093 1877 5147 tali
1907 5092 2069 5148 modo

484 5187 602 5241 haec
636 5176 1024 5242 exscribenda.

553 5278 798 5334 Cmteras
845 5293 977 5348 ergo
1037 5275 1334 5347 frugiferas
1384 5277 1610 5332 arbores
1647 5277 1841 5344 Graeci,
1878 5278 2066 5335 nescio

481 5387 589 5442 qua
627 5377 830 5434 mente,
893 5367 1036 5422 hanc
1067 5365 1290 5435 Veneri,
1330 5367 1477 5420 illam
1549 5365 1787 5434 Baccho,
1819 5367 2066 5438 aliasque

553 5555 716 5610 ’Πειιο
747 5555 948 5618 oratio,
975 5570 1094 5623 qua:
1121 5554 1268 5618 mali,
1310 5553 1425 5607 sive
1456 5549 1602 5623 pomi
1645 5549 1832 5604 laudes
1872 5565 2059 5617 perse-

482 5628 692 5698 quitur,
735 5634 873 5680 teste
902 5621 1174 5698 Caslmiro
1205 5621 1958 5698 Ol‘ltlllltt—lll__g(lllllllelllarlt)
1997 5623 2059 5675 de

480 5693 781 5764 s'criplorib.
814 5697 1105 5750 ccclesiast.
1126 5699 1228 5748 τοι.
1262 5696 1324 5755 ΙΙ,
1353 5695 1456 5748 col.
1489 5693 1738 5764 6'l_7_.nn_is.
1778 5703 2058 5764 permanet

481 5761 621 5823 inter
673 5767 890 5821 codices
928 5767 1306 5828 liaruecianos,
1368 5766 1491 5819 cod.
1551 5761 1727 5821 XXV,
1761 5777 1880 5828 pag.
1928 5761 2050 5815 291.

478 5841 616 5893 Cum
653 5855 779 5891 vero
804 5908 810 5910 _
835 5839 883 5891 id
935 5855 1178 5907 pomnm,
1240 5839 1530 5910 lllll'Ol'lll)I_
1563 5835 1742 5910 adliue
1775 5831 2050 5910 obtectum

477 5909 642 5970 foliis.
681 5908 910 5965 necdum
935 5901 1049 5966 'soli
1093 5925 1211 5965 sesc
1257 5905 1578 5970 ostenderit,
1617 5901 1822 5974 placuit
1866 5901 2050 5958 decer-

2171 4351 2281 4405 τῶν
2310 4353 2368 4405 δὲ
2423 4353 2656 4424 πρώτων
2686 4355 2864 4425 ἀρχήν
2900 4355 2979 4426 τῷ
3026 4355 3082 4408 δὲ
3129 4356 3315 4427 μέτρῳ
3363 4358 3455 4410 καὶ
3501 4357 3753 4428 τελευτή.

2173 4445 2283 4496 Καὶ
2310 4445 2408 4508 τὰς
2453 4447 2553 4514 μὲν
2609 4447 2830 4515 συνδεῖ,
2862 4448 2960 4511 τὰς
2990 4449 3046 4500 δὲ
3099 4452 3334 4520 κοσμεῖο
3378 4449 3456 4522 τῷ
3497 4451 3554 4504 δὲ
3587 4451 3757 4523 στίχῳ

2178 4536 2348 4608 μείζω
2379 4539 2476 4610 τὴν
2509 4541 2668 4612 χάριν
2720 4541 2811 4593 ἐπὶ
2859 4541 3002 4594 τέλει
3041 4543 3216 4612 τηρεῖ.
3267 4541 3464 4612 Τίθησι
3497 4543 3599 4614 μὲν
3645 4546 3757 4615 γὰρ

2175 4627 2266 4679 ἐπὶ
2294 4627 2440 4680 τέλει
2477 4631 2571 4682 καὶ
2598 4631 2696 4693 τὰς
2726 4631 2948 4694 ἐλαίας·
2985 4633 3121 4686 ἀλλὰ
3147 4633 3376 4698 ταύταις
3409 4635 3508 4705 μὲν
3540 4635 3752 4704 γεῦσιν,

2177 4718 2331 4771 οὐδὲν
2362 4723 2664 4792 μαρτυρεῖο
2699 4724 2792 4775 καὶ
2828 4724 2943 4792 ἅμα
2971 4725 3065 4778 καὶ
3093 4724 3185 4776 ἐπὶ
3219 4725 3378 4794 μόνου
3405 4724 3499 4778 τοῦ
3530 4727 3752 4790 τέλους*

2178 4812 2275 4865 καὶ
2315 4814 2414 4882 οὐχ
2466 4812 2638 4878 οὕτως
2687 4813 2876 4887 ὥσπερ
2923 4819 3018 4870 καὶ
3051 4818 3276 4881 ταύτας.
3325 4817 3489 4890 Οἶμαι
3526 4823 3592 4892 δὴ
3646 4823 3757 4876 δεῖν

2177 4907 2418 4976 ἐμαυτόν
2450 4924 2510 4959 τε
2536 4909 2628 4962 καὶ
2653 4908 2742 4960 τὸν
2765 4909 3013 4981 ’Όμηρον
3041 4911 3415 4964 ἀπολύσασθαι
3433 4913 3530 4977 τὰς
3554 4917 3755 4980 αἰτίας,
3835 4893 3844 4896 ῃ

2172 5001 2227 5054 τί
2252 5000 2452 5071 δήποτε
2479 5003 2573 5056 καὶ
2605 5004 2772 5072 ἄμφω
2795 5004 2854 5057 τὸ
2893 5005 3063 5075 μῆλον
3101 5005 3244 5059 οὕτω
3274 5007 3525 5078 τιμῶμεν
3550 5026 3563 5040 ·
3598 5012 3625 5063 ὀ
3656 5009 3756 5079 μὲν

2173 5092 2251 5163 τῷ
2285 5093 2461 5147 ταῦτα
2492 5095 2620 5166 περὶ
2647 5096 2814 5149 αὐτοῦ
2855 5097 3058 5167 λέγειν,
3085 5099 3195 5169 ἐγὼ
3216 5101 3294 5166 δὲ,
3326 5102 3479 5172 παρὰ
3512 5101 3754 5156 τοιοῦτον

2176 5185 2270 5240 καὶ
2295 5186 2630 5250 τοσαυτάκις
2663 5189 2803 5242 αὐτὰ
2834 5192 3100 5262 πέμπειν.

2244 5279 2326 5333 Τὰ
2370 5281 2472 5351 μὲν
2518 5277 2611 5335 οὖν
2652 5283 2790 5337 ἄλλα
2825 5285 2936 5336 τῶν
2963 5285 3284 5357 ἀκροδρύων
3321 5287 3610 5360 Ἕλληνες,
3659 5289 3756 5344 οὐκ

2171 5366 2288 5426 οἴδα
2332 5374 2384 5427 τί
2435 5373 2677 5442 γνόντες,
2707 5375 2776 5428 τὰ
2811 5376 2910 5447 μὲν
2965 5376 3277 5451 Ἀφροδίτῃ,
3302 5380 3370 5434 τὰ
3394 5380 3452 5434 δὲ
3485 5381 3748 5452 Διονύσῳ,

2171 5566 2317 5628 pere,
2354 5551 2575 5620 placuit,
2611 5563 2668 5628 ut
2696 5556 2912 5628 saporis
2939 5573 3044 5610 non
3077 5557 3384 5628 injucundi,
3415 5561 3752 5618 delicatioris

2170 5625 2761 5703 litte_r:ititr.'e_(-lrpidis
2805 5625 3419 5703 lminiuibuspraebere,
3476 5644 3640 5703 atque
3667 5633 3756 5686 vel

2165 5694 2380 5774 erudito
2443 5694 2645 5774 palato,
2684 5697 2763 5747 vel
2804 5697 3102 5767 ingeniosa:
3159 5694 3299 5771 gula:
3348 5694 3752 5774 aliquantulum

2163 5763 2486 5818 lenocinari.
2519 5762 2634 5829 Qua
2642 5762 2888 5834 propter'
3159 5762 3187 5771 ⁷
3321 5791 3326 5793 “

2271 5834 2480 5915 (inea?!
2512 5837 2650 5902 quod
2685 5839 2906 5915 peperit,
2943 5843 3165 5915 servavit
3198 5840 3375 5896 Iberia
3404 5843 3634 5915 Malum,

2265 5906 2457 5976 Accipe
2489 5922 2593 5960 non
2627 5909 2805 5976 tarda,
2834 5906 3022 5964 Lector
3046 5913 3235 5979 anzice,
3266 5930 3446 5970 manu.
