4010 6604
292 478 398 543 849

1737 480 1834 541 DE
1870 479 2093 541 MALO.

3437 482 3546 547 850
3631 565 3635 569 ,

294 590 360 643 τά
386 590 441 644 δὲ
478 586 556 659 τῷ
591 587 698 641 τῶν
729 585 904 642 ἄλλων
950 586 1043 640 καὶ
1094 586 1264 640 νόθων
1300 587 1441 641 θεῶν
1478 587 1864 643 ἁνατεθεῖσθαι

1986 587 2094 642 iliis
2150 585 2334 643 nothis
2383 586 2499 643 dcis
2560 578 2891 663 assignatas
2923 604 3049 647 esse
3106 590 3329 661 dicunt;
3372 593 3549 649 solum

292 684 511 753 λέγουσι
532 700 546 713 ⁸
576 681 727 735 τουτὶ
756 681 812 735 δὲ
848 679 1011 751 μόνον
1046 681 1139 733 καὶ
1167 681 1387 749 φοίνικά
1412 699 1470 734 τε
1496 684 1593 736 καὶ
1631 683 1863 755 δάφνην,

293 775 369 845 τῷ
416 774 539 827 κατ’
588 773 787 837 αὐτοὺς
835 773 986 843 σοφῷ
1032 773 1128 827 καὶ
1164 773 1315 841 καλῷ
1367 774 1476 841 γὰρ
1513 776 1731 840 πάντως
1772 779 1869 829 καὶ

294 867 435 936 ὑπὲρ
466 866 673 929 πάντας
695 864 905 936 ἀρίστῳ
941 864 1186 936 μουσικῷ
1214 882 1273 918 τε
1299 866 1393 920 καὶ
1415 866 1615 938 τοξικῴ
1640 869 1724 920 ίατ
1735 869 1871 939 ρικῷ

291 976 351 1011 τε
384 959 479 1011 καὶ
512 958 760 1027 μαντικῷ
804 957 1171 1028 Ἀπολλωνίῳ,
1206 957 1265 1011 ὃν
1296 960 1393 1012 καὶ
1426 960 1590 1013 αὑτὸν
1614 957 1755 1014 εἶναι
1794 962 1872 1032 τῷ

290 1050 433 1122 ἡλίῳ
466 1050 687 1118 λέγουσι
710 1066 725 1081 ⁸
751 1050 845 1102 καὶ
868 1049 942 1112 ὼς
967 1050 1241 1122 καλλίστῳ
1281 1051 1375 1105 καὶ
1416 1054 1775 1125 παγχρὴστῳ,
1810 1056 1871 1107 τὸ

291 1142 581 1197 κάλλιστόν
615 1160 673 1195 τε
716 1142 813 1195 καὶ
861 1143 1214 1213 πάγχρηστον
1259 1144 1631 1198 ἀνατιθέασιν.
1686 1146 1873 1210 υῦτως

291 1233 534 1303 ὲξαρχῆς
564 1233 743 1287 ἀνεῖτο
764 1232 839 1303 τῷ
861 1232 1047 1287 κάλλει
1068 1233 1165 1287 καὶ
1188 1236 1250 1305 τῇ
1282 1235 1453 1306 σοφίᾳ
1474 1236 1567 1289 καὶ
1582 1239 1646 1306 τῇ
1679 1238 1871 1309 χρήσει

291 1322 354 1377 τὸ
376 1325 597 1395 χρῆμα·
650 1324 747 1377 κα)⁸
788 1324 963 1378 ἐδόκει
994 1324 1128 1377 αὐτὸ
1168 1326 1334 1379 καλόν
1361 1344 1419 1380 τε
1468 1328 1596 1383 ἰδεῖν
1628 1327 1743 1399 ἅμα
1780 1330 1873 1382 καὶ

291 1419 530 1489 χρηστὸν
579 1417 852 1489 βρωθῆναί
890 1436 952 1471 τε
998 1420 1092 1472 καί⁵
1142 1419 1493 1491 χρησθῆναι,
1534 1421 1631 1475 καὶ
1688 1425 1874 1491 σοφοῖς

290 1509 571 1581 προσῆκον
590 1510 776 1563 λαϐεῖν
800 1527 813 1539 ⁸
851 1494 988 1563 ἀλλά
1012 1510 1081 1563 τὰ
1111 1511 1210 1580 μὲν
1239 1510 1348 1564 τῶν
1374 1511 1582 1581 μύθων,
1621 1515 1668 1565 εί
1701 1512 1870 1579 δοκεῖ,

291 1605 508 1676 χαίρειν
526 1604 726 1673 ἐῶμεν.
761 1604 905 1658 Ὅσα
928 1604 984 1657 δὲ
1006 1606 1099 1659 xa‘t
1123 1604 1342 1674 βλέπειν
1370 1606 1546 1670 ἔξεστι
1578 1606 1671 1660 καὶ
1692 1607 1873 1675 λέγειν

293 1698 504 1769 μέμψις
536 1697 636 1750 οὐκ
662 1696 777 1751 ἐστι
803 1714 817 1727 ⁸
856 1698 1073 1768 πρῶτον
1104 1699 1203 1769 μὲν
1234 1699 1341 1771 γὰρ
1375 1700 1634 1769 τρέφεται
1663 1717 1874 1752 παντα-

291 1791 392 1861 χοῦ
414 1791 518 1861 γῆς
544 1791 604 1844 τὸ
629 1790 794 1860 φυτόν
815 1809 829 1823 ⁸
860 1793 952 1845 καὶ
971 1792 1070 1863 οὐχ
1099 1791 1286 1863 ῶσπερ
1305 1793 1474 1847 τᾶλλα
1491 1792 1598 1845 τῶν
1619 1793 1870 1864 δένδρων·

287 1882 366 1937 τά
404 1884 503 1954 μὲν
526 1882 599 1954 τῷ
628 1884 827 1955 ἡμέρῳ
854 1885 1068 1955 χαίρει,
1102 1885 1169 1939 τὰ
1192 1885 1249 1939 δὲ
1315 1889 1426 1949 τοῖς
1455 1888 1640 1956 ὄρεσιν
1662 1888 1869 1957 ἀγαπᾷν

288 1980 363 2032 τά
396 1979 442 2032 δ’
481 1970 698 2043 οἰκείως
730 1980 844 2049 ἔχει
876 1980 1012 2051 πρὸς
1044 1979 1315 2034 θάλατταν
1335 1995 1349 2011 ⁸
1382 1980 1517 2034 ἀλλὰ
1539 1983 1685 2034 τουτί
1711 1980 1872 2050 μόνον

291 2071 402 2124 κάν
432 2072 555 2134 ταῖς
587 2073 855 2141 κορυφαῖς
887 2071 1084 2139 φύεται
1110 2088 1123 2103 ⁸
1156 2071 1257 2126 κᾶν
1290 2074 1399 2135 τοῖς
1433 2074 1661 2143 ἡμέροις
1687 2074 1875 2143 τρέφε-

287 2180 387 2215 ται
414 2179 427 2191 ·
470 2164 565 2216 καὶ
595 2162 746 2234 παρά
773 2163 871 2233 τὴν
916 2163 1182 2218 θάλατταν
1214 2164 1429 2219 θάλλειν
1459 2166 1632 2233 φιλεῖ·
1668 2166 1875 2220 νικῶσα

287 2254 354 2307 δὲ
382 2254 527 2309 οὕτω
560 2255 865 2326 πανταχοῦ,
885 2256 1037 2309 οὐδὲν
1070 2252 1233 2329 ἦττον
1268 2259 1393 2329 νικᾷ
1424 2258 1519 2311 καὶ
1547 2259 1626 2328 τῷ
1664 2258 1877 2315 θάλλειν

287 2346 468 2411 οὓτως
504 2349 829 2417 ἑκασταχοῦ,
866 2348 940 2410 ὡς
969 2348 1184 2418 ἐνιαχοῦ
1219 2348 1388 2403 οὐδέν.
1436 2350 1512 2403 Οὐ
1551 2352 1658 2422 γὰρ
1687 2352 1877 2425 ὥσπερ

289 2440 407 2494 τῶν
436 2440 610 2494 ἄλλων
640 2442 740 2494 ὅσα
771 2443 869 2511 μὲν
892 2440 1047 2511 ὅρεια
1074 2442 1268 2494 ταυτὸν
1298 2441 1457 2496 τοῦτο
1488 2443 1615 2496 ίδεῖν
1642 2461 1701 2497 τε
1725 2445 1878 2515 όρεια

292 2533 392 2586 καὶ
427 2532 616 2597 δεινῶς
648 2535 817 2605 ἄγρια
839 2550 852 2564 ⁸
877 2535 945 2587 τὰ
972 2534 1143 2586 πλείω
1163 2534 1219 2587 δέ
1248 2551 1310 2602 γε
1345 2533 1439 2587 καλ⁹
1471 2536 1720 2606 ἄκαρπα.
1757 2537 1879 2589 Τῶν

290 2626 354 2679 δὲ
386 2626 634 2697 ἡμέρων,
662 2626 729 2680 τά
761 2628 886 2698 μὲν,
920 2628 1015 2681 καὶ
1042 2629 1184 2681 αύτά
1211 2628 1303 2681 τὸν
1326 2628 1540 2699 καρπὸν
1564 2628 1878 2700 βραχύτατα

294 2718 396 2771 καὶ
420 2718 479 2771 τὸ
508 2718 755 2790 πρέμνον
779 2718 1233 2790 ἀκανθωὸέστερα
1252 2736 1264 2747 ·
1294 2721 1389 2773 καὶ
1418 2721 1568 2791 τόπῳ
1594 2722 1756 2791 μόνον
1771 2721 1879 2775 τῶν

292 2814 357 2866 ὲν
388 2818 659 2883 κορυφαῖς
680 2814 1008 2886 διαφέροντα
1031 2830 1046 2845 ⁸
1071 2813 1141 2867 τά
1165 2814 1241 2881 δὲ,
1270 2817 1361 2868 τὸν
1388 2816 1598 2886 καρπὸν
1624 2816 1724 2884 μὲν
1749 2816 1878 2882 ἴσως

291 2906 401 2959 οὐκ
427 2906 631 2977 ἀγεννῆ
659 2946 674 2972 ,
698 2906 901 2978 ἀσθενῆ
931 2907 987 2961 δὲ
1008 2907 1183 2971 ἄλλως
1200 2924 1212 2937 ⁸
1247 2909 1339 2961 καὶ
1378 2907 1587 2979 βραχὺν
1612 2907 1881 2963 ἀνθοῦντα

291 2998 391 3051 τὸν
423 2999 618 3070 χρόνον
639 3005 653 3018 ’
683 3002 800 3055 ἀλλ’
830 3002 973 3056 οὕτω
1004 3002 1103 3073 μὲν
1133 3004 1188 3055 ἐν
1217 3002 1443 3075 ἡμέροις
1472 3001 1670 3073 ἰσχυρά
1697 3019 1755 3055 τε
1786 3002 1882 3054 καὶ

295 3094 661 3165 πολυχρόνιος
699 3095 774 3160 ὡς
826 3096 986 3165 ὀλίγα
1026 3096 1223 3168 κομιδῇ
1261 3098 1369 3151 τῶν
1424 3098 1636 3169 ἀγρίων
1688 3114 1747 3150 τε
1785 3098 1881 3150 καὶ⁹

295 3188 589 3257 ἀκάρπων.
623 3188 779 3242 Οὕτω
805 3188 849 3242 δ’
896 3190 954 3244 ὲν
985 3189 1200 3259 ἀγρίοις
1247 3191 1495 3259 τρυφερά
1538 3207 1597 3243 τε
1626 3193 1721 3244 καὶ
1761 3190 1879 3243 λεῖα

302 3280 398 3334 καί
424 3279 657 3351 εὐανθὴς
690 3281 783 3335 καὶ
811 3280 1111 3353 εῦκαρπος,
1133 3281 1211 3344 ὼς
1236 3281 1388 3335 οὐδὲν
1434 3281 1562 3336 ἄλλο
1587 3281 1695 3337 τῶν
1730 3282 1879 3353 παρά

296 3372 421 3435 ταῖς
475 3374 656 3436 στοαῖς
702 3373 1022 3443 φυομένων,
1069 3374 1164 3427 καὶ
1203 3374 1448 3445 ὡσπερεὶ
1495 3373 1656 3445 κόραι
1710 3374 1878 3427 καλαὶ

301 3463 768 3535 θαλαμευομένων
788 3481 801 3496 ⁸
833 3466 1032 3520 ἔπειτα
1059 3466 1126 3519 τὰ
1152 3466 1250 3536 μὲν
1275 3466 1411 3520 ἄλλα
1438 3466 1537 3530 τὰς
1568 3467 1715 3538 ὥρας
1761 3468 1883 3521 πολ-

298 3556 459 3621 λάκις
478 3560 787 3628 παρανομεῖ
805 3574 819 3588 ⁸
841 3558 937 3611 καὶ
959 3557 1027 3611 τά
1058 3559 1156 3628 μὲν
1184 3560 1435 3630 προΐασιν
1467 3558 1629 3631 ἔαρος
1650 3601 1664 3623 ,
1689 3560 1880 3631 ὥσπερ

299 3649 365 3722 δὴ
402 3650 500 3703 καὶ
528 3649 702 3720 φοῖνιξ
736 3650 920 3713 αὑτός.
952 3650 1130 3704 Πολλά
1156 3650 1213 3703 δὲ
1244 3652 1337 3704 καὶ
1364 3652 1631 3722 χειμῶνος
1656 3652 1877 3720 ἐκφύειο

299 3743 442 3814 αὕτη
480 3742 537 3796 δὲ
570 3744 670 3797 κάν
702 3742 914 3805 τούτοις
944 3746 1105 3815 τηρεῖ
1136 3743 1226 3796 τὸν
1256 3743 1420 3814 νόμον
1455 3746 1547 3799 καὶ
1580 3749 1880 3817 σωφρονεῖ⁸

296 3835 499 3906 θέρους
521 3852 579 3888 τε
609 3835 718 3906 γὰρ
741 3835 816 3899 ὡς
844 3835 940 3890 ἐπὶ
968 3836 1216 3890 πλεῖστον
1246 3838 1495 3909 πρόεισι·
1528 3839 1623 3892 καὶ
1652 3840 1719 3893 τά
1749 3839 1883 3893 κάλ-

296 3928 463 3982 λιστα
494 3927 602 3981 τῶν
635 3928 868 3999 καρπῶν
894 3927 1002 3982 τῶν
1026 3929 1187 4000 ὡρῶν
1215 3932 1283 4000 τῇ
1311 3929 1574 4002 καλλίστῃ
1605 3930 1847 3986 δείκνυσι
1866 3949 1880 3963 ⁸

298 4020 575 4091 χειμῶνος
611 4020 669 4074 δὲ
704 4020 886 4092 ῥίπτει
938 4021 999 4073 τὸ
1040 4020 1274 4084 κάλλος⁸
1332 4022 1429 4074 καὶ
1471 4024 1537 4093 τῇ
1586 4022 1745 4091 φύσει
1790 4024 1885 4076 καὶ

297 4114 459 4180 τάξει
500 4114 598 4185 τῆς
624 4113 772 4186 ὥρας
800 4113 1107 4178 ἀκολουθεῖ,
1134 4113 1275 4167 ὥστε
1304 4115 1353 4167 εί
1380 4115 1462 4167 δεῖ
1491 4131 1545 4167 τι
1574 4113 1670 4166 καὶ
1702 4116 1886 4185 παρά-

299 4206 457 4274 δοξον
502 4208 622 4278 μὲν,
659 4206 1025 4278 ἀληθέστερον
1052 4205 1109 4259 δὲ
1153 4207 1348 4273 είπεῖν,
1393 4206 1550 4260 τοῦτο
1572 4206 1665 4259 καὶ
1703 4208 1884 4278 μόνον,

300 4297 508 4368 ὡραῖον
538 4298 602 4351 ἄν
624 4315 710 4362 τις
730 4296 875 4352 εἴποι
904 4297 1129 4360 δικαίως
1151 4313 1165 4329 ⁸
1201 4297 1262 4350 οὑ
1293 4295 1383 4350 διὰ
1403 4295 1502 4367 τὴν
1541 4295 1693 4367 ὥραν
1728 4297 1887 4367 μόνον

300 4388 443 4443 ἀλλά
482 4389 576 4443 καὶ
612 4389 704 4443 τὸν
738 4390 952 4460 καρπόν
976 4406 990 4421 ⁸
1022 4390 1093 4443 τά
1120 4390 1164 4443 δ’
1198 4388 1337 4445 ἀλλα
1375 4387 1472 4443 καὶ
1506 4388 1708 4460 ἔξωρα,
1740 4389 1886 4444 οὕτω

299 4480 405 4551 τὴν
430 4481 585 4546 τάξιν
609 4498 667 4535 τε
698 4481 1013 4551 παραδόντα
1036 4481 1133 4535 καὶ
1159 4482 1506 4553 ἀγνοήσαντα
1532 4482 1622 4537 τὸν
1657 4481 1848 4553 καιρόν
1871 4497 1885 4512 ⁸

303 4574 370 4631 οὐ
402 4574 508 4646 μὴν
552 4574 740 4646 ὥσπερ
778 4575 840 4629 τὸ
881 4576 1004 4629 καθ’
1038 4574 1190 4645 ὥραν
1226 4577 1488 4647 φανῆναι,
1529 4575 1673 4629 οὕτω
1701 4575 1795 4629 καὶ
1828 4574 1888 4629 τὸ

1908 1951 1947 2004 Β

1907 3306 1949 3364 C

1978 694 2107 735 vero
2150 680 2385 749 palmam
2437 687 2493 733 et
2538 679 2780 747 laurum,
2825 682 2876 737 ei
2933 684 3027 753 qui
3067 686 3373 740 secundum
3430 685 3555 741 illos

1976 773 2194 841 sapiens
2252 780 2307 826 et
2344 772 2571 842 pulcher
2621 781 2725 838 est,
2762 775 2921 843 deo,:
2947 778 3287 849 omninoque
3336 788 3391 833 et
3446 793 3557 847 prae

1975 864 2238 918 omnibus
2281 864 2569 919 excellenti
2618 865 2855 931 musico,
2903 869 3177 934 arcuario,
3216 870 3447 935 medico,
3503 880 3559 924 et

1979 958 2082 1010 vati
2111 957 2377 1027 Apollini,
2418 972 2580 1027 quem
2611 959 2865 1012 eumdem
2885 973 3007 1015 esse
3037 973 3102 1013 ac
3122 960 3302 1014 Solem
3327 962 3555 1016 dicunt:

1974 1055 2027 1101 et
2082 1056 2144 1101 ut
2176 1047 2555 1117 pulcherrimo
2604 1056 2659 1102 et
2693 1047 3011 1112 utilissimo,
3046 1052 3191 1119 quod
3247 1052 3558 1120 pulcherri-

1975 1154 2125 1193 mum
2174 1150 2229 1194 et
2282 1140 2639 1195 utilissimum
2685 1148 2771 1195 est
2814 1140 3121 1211 assignant.
3172 1140 3249 1196 Ita
3301 1158 3332 1196 a
3387 1143 3555 1211 priori

1977 1233 2348 1289 conveniebat
2382 1233 2819 1305 pulclnitudini,
2881 1234 3167 1303 sapientiae
3225 1246 3279 1289 et
3338 1236 3559 1291 utilitati

1977 1326 2080 1380 tale
2106 1342 2341 1395 munus;
2379 1336 2432 1382 et
2460 1328 2747 1383 videbatur
2791 1329 3080 1398 pulchrum
3136 1330 3298 1385 simul
3339 1339 3393 1384 et
3427 1331 3561 1386 utile

1976 1419 2299 1474 manducari
2318 1428 2370 1474 et
2398 1421 2676 1490 prodesse,
2705 1430 2758 1475 et
2790 1423 3066 1491 sapientes
3090 1425 3232 1493 quod
3252 1440 3555 1494 congruum

1978 1513 2089 1568 illic
2112 1522 2229 1567 erat
2250 1514 2515 1583 accipere.
2540 1514 2645 1568 Sed
2679 1515 2775 1570 has
2803 1515 3021 1585 quidem
3065 1517 3299 1582 fabulas,
3326 1519 3371 1573 si
3412 1520 3533 1573 vide
3558 1548 3563 1552 ~

1979 1615 2087 1670 tur,
2120 1606 2304 1660 valere
2352 1606 2624 1663 sinamus.
2659 1606 2791 1673 Quae
2843 1616 3027 1662 autem
3088 1625 3313 1665 cernere
3354 1612 3479 1666 licet
3507 1621 3561 1668 et

1977 1697 2159 1752 dicere
2201 1698 2655 1768 exprobrationes
2710 1715 2816 1754 non
2880 1710 3049 1756 sunt:
3107 1717 3232 1755 nam
3283 1705 3457 1773 prima
3503 1706 3559 1760 in

1978 1790 2233 1846 universa
2282 1801 2425 1845 terra
2456 1793 2623 1847 arbos
2670 1794 3019 1863 producitur;
3065 1810 3241 1859 neque
3299 1806 3562 1864 tanquam

1979 1883 2206 1939 arbores
2276 1885 2521 1955 reliquae.
2591 1884 2686 1940 Hae
2750 1888 2969 1956 quidem
3028 1888 3245 1943 cultura
3299 1891 3559 1958 gaudent,

1979 1977 2086 2031 illae
2116 1992 2247 2032 vero
2299 1988 2515 2034 montes
2561 1988 2768 2045 amant,
2810 1980 2932 2035 aliae
2973 1995 3195 2051 quoque
3220 1982 3374 2052 juxta
3412 1998 3564 2038 mare

1978 2069 2210 2138 patriam
2245 2070 2447 2126 habent
2478 2089 2491 2127 :
2532 2071 2635 2126 ista
2672 2080 2853 2127 autem
2888 2073 3005 2128 sola
3047 2082 3100 2128 et
3141 2074 3193 2128 in
3226 2075 3563 2131 culminibus

1976 2161 2322 2230 producitur,
2353 2171 2407 2217 et
2432 2162 2647 2217 cultura
2683 2164 2902 2230 crescit,
2940 2174 2993 2220 et
3034 2166 3184 2235 juxta
3226 2183 3379 2223 mare
3406 2184 3564 2237 vege-

1979 2262 2095 2308 tare
2120 2261 2296 2319 amat;
2329 2254 2556 2309 vincens
2594 2265 2774 2311 autem
2808 2257 2879 2316 ita
2906 2258 3149 2313 locorum
3181 2259 3564 2326 universitate,

1980 2359 2085 2399 non
2119 2345 2303 2399 minus
2335 2346 2503 2400 vineit
2539 2350 2880 2417 vegetatione
2928 2349 3001 2405 ita
3052 2366 3443 2422 quamcunque
3482 2368 3566 2407 ar-

1980 2437 2201 2502 borum,
2244 2449 2301 2493 ut
2336 2440 2483 2493 nulla
2534 2440 2748 2509 uspiam
2778 2441 2905 2496 talis
2931 2442 3021 2496 sit.
3046 2442 3165 2497 Non
3197 2444 3346 2498 enim
3390 2453 3449 2498 ut
3480 2445 3566 2498 in-

1978 2536 2063 2584 ter
2091 2531 2230 2584 alias
2260 2546 2383 2600 qua:
2412 2541 2689 2586 montana:
2720 2542 2851 2588 sunt
2877 2534 3021 2588 idem
3049 2550 3275 2589 cernere
3295 2536 3564 2606 pra-bent,

1982 2624 2264 2680 silvestres
2315 2634 2369 2679 et
2391 2625 2609 2679 incultae
2637 2641 2763 2681 cum
2794 2627 2929 2693 sint,
2968 2628 3294 2697 plerumque
3322 2630 3485 2683 etiam
3515 2639 3569 2684 et

1982 2714 2370 2783 infructuosae;
2410 2717 2551 2772 inter
2581 2718 2757 2771 cultas
2799 2735 2953 2783 vero,
3003 2720 3123 2774 aliae
3146 2719 3419 2774 fructibus
3450 2736 3569 2787 par-

1984 2806 2228 2863 cissimze
2258 2816 2314 2862 et
2373 2809 2586 2863 truncis
2617 2810 2903 2875 aculeatae,
2936 2811 3057 2865 loco
3097 2819 3309 2865 tantum
3345 2826 3373 2864 a
3412 2827 3570 2865 mon-

1987 2901 2131 2954 tanis
2180 2901 2527 2966 diti‘ercntes;
2572 2902 2713 2966 aliae,
2763 2901 2999 2957 fructum
3030 2903 3255 2971 quidem
3290 2902 3428 2957 forte
3458 2919 3568 2957 non

1985 2990 2328 3055 abnuentes,
2376 2990 2473 3045 sed
2515 2991 2771 3046 debiliter
2852 2992 3243 3060 producentes,
3309 3002 3362 3046 et
3412 2992 3565 3047 brevi

1984 3093 2231 3153 tempore
2278 3082 2560 3139 ﬂorentes.
2616 3083 2724 3139 Sed
2770 3084 2876 3138 ista
2924 3086 3068 3138 inter
3118 3085 3298 3139 cultas
3330 3084 3475 3154 viget
3513 3093 3571 3139 et

1986 3176 2150 3231 durat
2179 3185 2239 3231 ιιι
2276 3192 2463 3247 pauca:
2503 3176 2799 3231 admodum
2831 3193 2861 3231 e
2891 3176 3251 3247 sylvestribus
3305 3188 3361 3231 et
3389 3176 3567 3230 infru—

1987 3271 2236 3336 ctuosis;
2284 3282 2338 3325 et
2380 3270 2521 3324 inter
2559 3270 2840 3324 silvestres
2867 3268 3109 3339 jucunda
3145 3278 3199 3323 et
3220 3283 3435 3323 arnrena
3461 3280 3567 3332 est,

1982 3362 2212 3418 ﬂoribus
2244 3372 2299 3417 et
2330 3361 2609 3417 fructibus
2636 3369 2854 3427 ornata,
2888 3371 2947 3416 ut
2988 3361 3135 3415 nulla
3163 3361 3269 3416 alia
3297 3362 3564 3417 arborum

1980 3456 2229 3528 porticus
2280 3456 2705 3521 exornantium,
2764 3466 2819 3509 et
2877 3455 3227 3524 pulchrarum
3259 3456 3566 3525 puellarum

1993 3564 2146 3605 more
2177 3549 2315 3603 bene
2337 3558 2710 3618 comptarum.
2737 3547 2943 3603 Deinde
2964 3557 3175 3603 caetera:
3205 3548 3405 3618 saepius
3432 3547 3566 3603 anni

1984 3650 2230 3710 tempora
2275 3638 2504 3704 fallunt;
2556 3639 2677 3693 alim
2709 3639 2931 3708 quidem
2985 3654 3079 3693 ver
3122 3637 3471 3702 antecedunt,
3508 3649 3569 3694 ut

1984 3734 2100 3803 ipsa
2124 3734 2342 3803 quidem
2382 3732 2600 3803 palma;
2637 3732 2822 3787 multa:
2849 3739 3033 3786 autem
3065 3731 3122 3786 in
3155 3732 3332 3786 hieme
3367 3733 3571 3809 produ-

1986 3837 2137 3892 cunt;
2169 3826 2274 3880 ista
2305 3840 2434 3880 vero
2459 3824 2625 3879 etiam
2655 3824 2709 3877 in
2740 3823 2828 3878 bis
2858 3824 3029 3893 legem
3062 3832 3245 3879 servat
3266 3832 3321 3878 et
3352 3824 3571 3893 sapiente

1987 3928 2070 3974 ter
2092 3921 2224 3974 colit
2252 3938 2265 3975 :
2291 3919 2499 3975 aestatis
2538 3917 2684 3972 enim
2721 3916 2773 3972 in
2807 3927 3018 3988 partem
3049 3916 3314 3985 majorem
3346 3932 3572 3987 progre-

1987 4010 2157 4076 ditur,
2206 4020 2261 4066 et
2293 4010 2570 4065 fructuum
2608 4008 3031 4079 pulcherrimos,
3084 4009 3213 4062 anni
3264 4017 3570 4078 temporum

1988 4105 2361 4175 pulcherrimo
2380 4104 2619 4160 ostendit
2647 4122 2659 4159 :
2691 4103 2871 4157 hieme
2896 4111 3076 4158 autem
3108 4101 3568 4173 pulchritudinem

1988 4198 2215 4262 excutit,
2248 4205 2302 4251 et
2332 4206 2586 4251 naturam
2642 4195 3003 4265 ordinemque
3056 4202 3365 4264 temporum
3424 4192 3572 4248 inse-

1989 4292 2217 4363 quitur;
2242 4289 2317 4346 ita
2340 4300 2421 4354 ut,
2455 4290 2501 4345 si
2535 4289 2667 4359 quid
2704 4289 2906 4344 mirum
2938 4287 3184 4357 quidem,
3222 4286 3317 4341 sed
3346 4285 3575 4340 verissi-

1989 4400 2142 4441 mum
2192 4383 2380 4439 dicere
2433 4391 2547 4444 est.
2593 4386 2735 4438 hanc
2782 4382 2957 4439 solam
3010 4396 3133 4436 esse
3191 4378 3575 4450 tempestivam

1991 4479 2192 4533 merito
2225 4476 2432 4547 aliquis
2477 4475 2943 4545 pronuntiaverit,
2983 4489 3092 4528 non
3122 4471 3301 4527 solum
3336 4470 3406 4524 ob
3437 4478 3577 4523 tem-

1992 4586 2117 4641 pus,
2151 4570 2244 4626 sed
2277 4569 2442 4625 etiam
2466 4568 2538 4623 ob
2576 4567 2843 4634 fructum;
2880 4575 3093 4623 caeteras
3126 4574 3310 4619 autem
3365 4564 3572 4617 intem-

302 4666 739 4737 διαφυλαχθῆναι
786 4666 855 4721 δι’
885 4667 1055 4739 ὥρας,
1096 4666 1296 4740 ὡραῖον
1322 4685 1336 4697 ⁸
1368 4668 1483 4722 ἀλλ’
1518 4668 1669 4740 αὐτῷ
1711 4686 1775 4738 γε
1808 4670 1880 4739 τῷ

1994 4664 2238 4733 pestivae,
2274 4661 2347 4717 ita
2390 4660 2644 4716 ordinem
2683 4658 2934 4714 fallentes
2964 4668 3019 4713 et
3046 4669 3265 4727 tempus
3312 4657 3576 4726 ignoran-

302 4758 396 4815 διὰ
426 4761 631 4825 παντὸς
652 4761 748 4815 τοῦ
782 4760 939 4824 ἔτους
964 4759 1331 4830 διακατέχειν,
1381 4762 1629 4831 κρεῖττον
1655 4762 1753 4831 μὲν
1782 4762 1888 4815 τῶν

303 4850 467 4923 ὡρῶν
488 4867 503 4883 ⁸
536 4854 785 4922 κρεῖττον
821 4853 879 4906 δὲ
917 4853 1018 4923 τῆς
1046 4851 1364 4923 ἐπωνυμίας
1384 4868 1398 4884 ⁸
1430 4855 1680 4922 κρεῖττον
1711 4851 1769 4905 δὲ
1796 4854 1890 4905 καὶ

307 4943 533 4998 πάντων
561 4945 697 5015 ὁμοῦ
727 4945 839 4999 τῶν
866 4944 1073 5000 λοιπῶν
1097 4944 1324 5015 καρπῶν
1357 4943 1663 4997 δείκνυται·
1697 4944 1765 4997 τὰ
1793 4943 1889 5012 μὲν

306 5037 463 5108 ἡδεῖα
482 5037 561 5107 τῷ
582 5037 817 5110 διαρκεῖ,
850 5036 919 5091 τὰ
946 5036 1310 5108 διαρκέστερα
1339 5037 1395 5090 δὲ
1412 5036 1488 5108 τῷ
1514 5037 1630 5108 ἡδεῖ
1650 5037 1856 5090 νικῶσα
1871 5054 1884 5067 ⁸

310 5127 516 5199 μᾶλλον
547 5127 627 5196 δὲ,
672 5129 721 5183 εί
754 5129 835 5183 δεῖ
871 5129 1106 5200 τάληθὲς
1153 5130 1349 5197 εἰπεῖν,
1415 5130 1509 5183 καὶ
1538 5131 1605 5183 τά
1641 5130 1770 5201 ἡδέα
1821 5133 1887 5202 τῇ

307 5220 473 5293 ἡδονῇ
500 5220 595 5275 καὶ
618 5220 697 5292 τῷ
733 5222 948 5293 μονίμῳ
979 5221 1046 5275 τὰ
1073 5221 1304 5292 μόνιμα.

382 5489 640 5545 Ἤδιστόν
662 5508 717 5544 τι
757 5491 947 5562 χρῆμα
985 5492 1147 5562 συκῆ.
1189 5493 1327 5547 Ἀλλ’
1360 5494 1407 5546 εί
1438 5494 1500 5547 τὸ
1558 5493 1712 5563 μέλιν
1758 5494 1892 5564 πρὸς

310 5583 414 5653 τὴν
472 5584 603 5654 ἕλην
637 5584 943 5655 ἐξικμασθῇ
979 5586 1075 5639 καὶ
1106 5584 1182 5657 τῷ
1243 5586 1378 5657 ἡλίῳ
1412 5586 1471 5640 τὸ
1522 5586 1720 5650 κάλλος
1754 5588 1893 5639 ἀπο-

315 5674 513 5746 ϐληθῇ,
550 5675 642 5728 καὶ
677 5678 736 5727 τό
760 5693 817 5729 τε
847 5671 984 5738 εἶδος
1021 5676 1137 5747 ἅμα
1162 5677 1256 5730 καὶ
1284 5677 1383 5748 τὴν
1411 5676 1604 5747 ἡδονὴν
1630 5677 1891 5747 στερηθῇ,

317 5769 412 5821 καὶ
442 5768 682 5837 ἀτεχνῶς
714 5767 851 5838 ρυσὴ
882 5766 1128 5839 γένηται,
1159 5768 1299 5836 πλὴν
1332 5768 1361 5836 ἥ
1392 5768 1537 5831 suae
1572 5767 1716 5829 ἰδεῖν,
1750 5767 1893 5832 ἕξεις

317 5859 470 5913 οὐδέν
497 5877 509 5889 ·
544 5861 660 5928 ἅμα
687 5877 743 5912 τε
766 5860 875 5931 γὰρ
903 5860 1074 5930 ἐφάνη
1098 5900 1111 5924 ,
1142 5861 1236 5913 καὶ
1256 5860 1325 5913 τὰ
1350 5859 1441 5913 τοῦ
1470 5860 1687 5929 δένδρου
1715 5858 1896 5930 πολλῴ

321 5951 517 6008 θᾶττον
546 5955 578 6025 ῆ
610 5953 671 6007 τὸ
699 5954 860 6019 ἄνθος
895 5953 1065 6025 eg.qu
1091 5971 1105 5986 ⁸
1140 5952 1283 6009 οῦτω
1327 5953 1420 6008 καὶ
1447 5952 1621 6007 ταῦτα
1657 5952 1756 6025 τῆς
1787 5970 1895 6025 μη-

1992 4765 2104 4821 tcs;
2142 4771 2248 4810 non
2298 4764 2443 4810 certe
2500 4754 2657 4825 quasi
2695 4756 2761 4808 ad
2816 4762 3031 4822 tempus
3076 4763 3379 4821 apparere,
3432 4748 3579 4804 sicut

1992 4848 2200 4902 servari
2236 4848 2469 4902 durante
2515 4856 2762 4917 tempore
2821 4846 3206 4915 tempestivum
3247 4841 3391 4897 foret
3427 4859 3441 4895 :
3476 4840 3574 4897 sed

1991 4951 2056 4991 eo
2086 4936 2206 5006 ipso
2224 4936 2367 5004 quod
2394 4935 2623 4989 omnino
2652 4934 2839 5001 durat,
2872 4934 2978 4987 ista
3009 4931 3351 5002 temporibus
3369 4930 3574 4999 potior,

1992 5030 2174 5098 potior
2206 5028 2453 5097 epitheto
2507 5042 2629 5093 suo,
2687 5026 2868 5096 potior
2924 5040 3147 5095 quoque
3178 5021 3439 5078 omnibus
3464 5036 3575 5077 una
3636 5036 3649 5047 ‘

1991 5120 2209 5177 exteris
2277 5117 2562 5188 frugiferis
2612 5117 2960 5180 ostenditur;
3016 5114 3290 5187 jucundas
3350 5114 3572 5185 quidem

1992 5211 2306 5277 (iuratione,
2335 5210 2710 5266 diuturniores
2737 5220 2916 5265 autem
2942 5210 3285 5278 jucunditate
3317 5208 3573 5273 vincens;

1993 5307 2104 5359 imo
2131 5318 2282 5368 vero,
2329 5302 2375 5356 si
2407 5318 2535 5356 vera
2576 5303 2761 5358 dicere
2803 5311 3046 5373 oportet,
3076 5299 3577 5370 jucundasjucun-
3634 5325 3639 5333 υ

1993 5396 2161 5452 ditate
2194 5402 2249 5450 et
2271 5392 2550 5450 durabiles
2579 5394 2868 5450 duratione
2898 5407 3189 5463 superans.

2065 5486 2535 5544 Jucundissimum
2568 5486 2787 5556 quidem
2817 5486 3018 5540 bonum
3049 5494 3134 5539 est
3172 5484 3311 5538 ﬁcus
3338 5500 3352 5550 ;
3406 5481 3499 5537 sed
3528 5481 3575 5535 si

1995 5581 2116 5651 ejus
2160 5578 2266 5634 mel
2317 5578 2505 5633 calore
2569 5576 2899 5643 deﬂuxerit,
2949 5584 3006 5631 et
3047 5578 3162 5631 sole
3224 5574 3575 5645 pulchritudo

1997 5674 2178 5729 ablata
2226 5670 2427 5735 fuerit,
2480 5676 2613 5724 tunc
2663 5678 2946 5724 venustate
2980 5677 3034 5724 et
3074 5669 3352 5739 voluptate
3406 5665 3571 5722 simul

2000 5768 2258 5830 nudatur,
2294 5768 2352 5820 et
2387 5761 2529 5817 imde
2562 5769 2756 5831 rugata
2808 5759 3070 5825 efﬁcitur,
3141 5772 3337 5830 praeter
3389 5760 3571 5815 solum

1998 5860 2176 5914 visum
2210 5860 2455 5914 invenies
2478 5858 2648 5925 nihil;
2673 5872 2797 5911 nam
2821 5856 2986 5912 simul
3007 5856 3264 5925 apparuit
3291 5864 3346 5909 et
3364 5855 3576 5909 ciliuin

2002 5951 2213 6009 arboris
2244 5951 2410 6008 decor
2448 5952 2624 6008 multo
2659 5948 2900 6007 velocius
2932 5960 3094 6021 quam
3121 5947 3244 6005 llos.
3278 5946 3371 6004 Sic
3399 5947 3577 6003 etiam
