4010 6578
456 362 557 428 851

1688 377 1929 439 JOANN
1939 379 2009 440 IS
2046 382 2481 455 GEOMETRA!

3609 403 3715 467 852

452 480 507 532 in
538 476 623 533 his
667 478 811 533 malo
848 479 983 535 licus
1016 478 1154 535 cedit
1190 496 1304 535 tum
1340 480 1394 536 in
1431 481 1557 538 aliis
1596 474 2011 565 pulchritudinis

2127 496 2313 571 λέαςή
2368 503 2508 574 συκῆ
2560 504 2831 575 ἡττᾶται·
2883 508 3027 577 μετά
3079 525 3145 578 γε
3177 511 3288 567 τῶν
3329 511 3509 569 ἄλλων
3536 484 3713 571 τοῦτε

449 577 504 621 et
531 568 718 625 odoris
761 568 895 637 cnm'
930 570 1327 640 magnitudinis
1361 571 1584 631 dotibus
1616 594 1628 630 :
1666 577 1869 633 talibus
1899 579 2023 649 qui-

449 660 573 714 dem
616 662 718 716 ista
751 662 885 718 locis
914 664 1136 732 gaudet,
1188 664 1396 720 talibus
1436 676 1620 723 autem
1657 668 1713 724 in
1742 670 2025 727 montibus

450 750 643 819 floret;
676 752 728 805 in
762 761 974 807 tantum
1017 753 1280 824 temporis
1308 755 1512 825 durat,
1545 770 1812 829 quantum
1860 761 2025 817 etiam

447 844 853 921 incrementum
905 848 1094 904 sumit.
1138 846 1259 904 Non
1310 851 1455 906 enim
1495 852 1563 906 ad
1598 852 1780 923 ipsum
1824 856 2025 911 coelum

447 936 678 1003 tollitur,
712 947 769 994 et
795 938 866 995 ab
912 939 1232 997 hominibus
1271 957 1436 1012 quam
1482 946 1724 1000 maxime
1780 946 2024 1019 recedit;

446 1043 625 1098 neque
664 1031 899 1086 multum
948 1034 1104 1103 juxta
1145 1042 1349 1089 terram
1390 1036 1588 1107 surgit,
1620 1046 1681 1094 ut
1720 1039 1905 1095 multa:
1934 1056 2026 1097 ar-

445 1120 632 1187 bores,
687 1122 1002 1182 humilitate
1047 1128 1375 1200 despicitur,
1412 1131 1497 1186 vel
1546 1133 1816 1209 ruborum
1873 1152 2027 1194 more

446 1211 725 1268 divellitur
754 1224 808 1270 et
838 1219 1220 1287 proculcetur;
1257 1220 1349 1275 sed
1386 1223 1824 1281 moderationem
1855 1225 1910 1281 in
1939 1227 2025 1284 his

444 1322 664 1378 quoque
700 1320 900 1374 servat,
933 1318 988 1366 et
1016 1320 1295 1382 tamquam
1342 1329 1535 1371 omnes
1568 1317 1821 1375 homines
1868 1335 2025 1375 ama-

443 1407 591 1455 tores
621 1399 849 1467 habens,
910 1403 976 1459 ad
1004 1404 1211 1475 justam
1270 1422 1587 1465 mensuram
1636 1411 1935 1481 profertur,
1972 1423 2026 1469 et

440 1506 609 1563 prope
657 1496 928 1551 manendo
989 1499 1304 1555 amantibus
1334 1517 1394 1558 se
1442 1502 1670 1573 praebet.
1713 1503 1787 1561 Ut
1840 1516 2024 1563 autem

440 1586 650 1639 amoris
681 1585 908 1642 satietas
929 1603 1038 1643 non
1074 1590 1378 1663 contingat,
1411 1593 1577 1663 paulo
1604 1610 1633 1650 a
1665 1604 1808 1651 terra
1836 1612 2025 1654 assur-

440 1681 541 1750 git,
571 1692 624 1737 et
658 1698 764 1739 una
814 1700 938 1740 cum
989 1686 1279 1755 iuventute
1323 1691 1790 1761 pulchritudinem
1844 1696 2024 1767 expli-

440 1782 548 1839 cat,
583 1784 638 1828 et
664 1773 953 1843 iuventute
991 1779 1254 1847 majorem
1304 1781 1776 1850 pulchritudinem
1820 1800 2023 1856 expen-

440 1865 595 1926 dens.
636 1875 872 1937 utraque
927 1870 1228 1939 conspicua
1260 1848 1593 1928 ostenditur.
1629 1872 1708 1929 Ita
1742 1848 2022 1945 ergo'hu-
2055 1848 2095 1903 Β

438 1956 725 2011 militatem
754 1967 808 2013 et
833 1959 1213 2017 celsitudinem
1255 1964 1543 2033 aequaliter
1584 1965 1800 2021 evita‘ns
1831 1965 2016 2033 arbor,

438 2063 614 2118 neque
661 2051 907 2119 aspectui
955 2053 1448 2122 contemplantium
1479 2055 1795 2123 abducitur,
1841 2072 2021 2127 neque

437 2156 680 2196 amorem
728 2143 911 2197 satiat.
945 2142 1052 2200 Sed
1101 2160 1278 2217 neque
1332 2148 1435 2203 sibi
1494 2148 1597 2219 ipsi
1644 2159 1832 2217 nocet,
1890 2167 2018 2207 nam

433 2234 775 2290 altitudinem
835 2248 1144 2303 correptam
1198 2240 1493 2297 vehemens
1543 2251 1741 2297 ventus
1803 2242 2018 2299 irruens

432 2344 542 2383 non
575 2330 780 2399 rumpit
804 2332 889 2387 vel
921 2332 1207 2398 subvertit,
1239 2343 1294 2389 et
1320 2342 1525 2388 tantam
1552 2335 2015 2404 pulchritudinem

434 2420 858 2488 proculcandam
914 2424 1207 2492 permittit.
1268 2422 1428 2479 Certe
1481 2425 1629 2481 enim
1671 2442 1782 2480 non
1856 2426 2017 2495 digne

445 2508 719 2567 Homerus
754 2528 870 2567 rem
924 2514 1263 2584 deploraret,
1299 2515 1394 2586 qui
1431 2515 1484 2570 in
1514 2515 1731 2586 plantas
1778 2517 2014 2574 lamenta

432 2604 727 2674 expromit,
771 2604 864 2675 qui
911 2607 1099 2675 pinum
1139 2607 1473 2663 lamentatur
1506 2618 1561 2664 et.
1591 2625 1878 2679 quercum,
1920 2614 2013 2681 qui

434 2697 696 2767 populum
749 2697 926 2752 albam
983 2697 1164 2765 deﬂet,
1215 2710 1269 2755 et
1303 2701 1569 2771 gemitum
1621 2703 1726 2757 ciet
1755 2704 1808 2757 in
1836 2705 2010 2758 oleam

430 2790 704 2844 arborem.
769 2788 1003 2861 Fugiens
1053 2791 1223 2861 igitur
1273 2793 1415 2849 hanc
1468 2794 1837 2850 calamitatem
1896 2797 2014 2854 haec

429 2882 617 2947 arbos,
649 2882 843 2938 eodem
879 2883 1044 2940 modo
1080 2886 1247 2941 etiam
1282 2886 1524 2943 fructum
1557 2888 1835 2959 producit.

495 3058 631 3117 Nam
678 3063 859 3132 primo
909 3064 1130 3135 quidem
1190 3082 1299 3122 non
1353 3067 1498 3123 sicut
1550 3068 1733 3139 palma
1784 3069 2010 3128 frondes

2130 592 2362 658 κάλλους
2416 594 2513 650 καὶ
2560 596 2659 667 τῆς
2694 596 2865 670 ὀδμῆς
2925 600 3021 654 καὶ
3069 600 3166 656 τοῦ
3221 604 3527 673 μεγέθους·
3563 611 3712 677 παρὰ

2127 686 2394 752 τοιούτοις
2420 689 2519 759 μὲν
2550 688 2661 743 τῶν
2686 686 2906 762 χωρίων
2937 693 3208 765 χαίρουσα
3228 711 3244 726 ·
3285 697 3441 768 παρᾶ
3486 700 3713 775 τοιαύτη

2127 778 2183 832 δὲ
2219 778 2328 833 τῶν
2361 779 2521 854 ὡρῶν
2563 780 2834 836 θάλλουσα
2856 800 2871 817 ·
2923 784 3078 855 παρά
3134 786 3391 853 τοσοῦτον
3436 790 3491 843 δὲ
3525 791 3683 861 διαμέ

2129 886 2293 923 νουσα
2325 870 2420 925 καὶ
2442 870 2533 925 τὸν
2562 873 2753 943 χρόνον
2782 873 2991 947 οῖανδῂ
3012 874 3111 943 ,καὶ
3142 876 3244 946 τὴν
3270 868 3512 951 βλάστην
3544 883 3686 933 ποιεῖ

2128 979 2242 1018 ται.
2278 963 2415 1018 Οῦτε
2440 963 2547 1037 γὰρ
2570 964 2709 1036 πρὸς
2736 966 2898 1035 αύτδν
2925 967 3142 1038 αἴρεται
3175 968 3267 1022 τὸν
3301 969 3544 1041 οὐρανὸν
3565 1013 3580 1037 ,
3623 990 3692 1025 κα

2127 1054 2237 1108 τῶν
2289 1054 2594 1127 ἀνθρώπων
2649 1056 2725 1121 ὡς
2757 1057 2851 1111 ἐπὶ
2886 1060 3138 1113 πλεῖστον
3192 1061 3524 1116 ἀποστατεῖ·
3588 1061 3709 1116 οῦτε

2131 1138 2238 1218 μὴν
2270 1146 2409 1201 πάνυ
2444 1150 2508 1221 τῇ
2534 1150 2604 1220 γῇ
2635 1150 3019 1221 προσπέφυκε,
3044 1151 3140 1204 καὶ
3166 1147 3257 1206 οἷα
3289 1152 3375 1221 ea;
3398 1152 3571 1209 πολλὰ
3603 1156 3710 1209 τῶν

2126 1240 2392 1311 δένδρων,
2441 1242 2522 1313 τῷ
2566 1242 2769 1314 ἑτοίμῳ
2825 1246 3348 1316 καταπεφρόνηται,
3406 1246 3444 1317 ἦ
3505 1246 3708 1317 θάμνου

2126 1332 2329 1404 τρόπον
2366 1332 2621 1404 ἔρριπται
2645 1374 2661 1402 ,
2696 1335 2787 1387 καὶ
2814 1326 3296 1407 καταπεπᾴτηται·
3331 1333 3467 1389 ἀλλὰ
3494 1335 3555 1388 τὸ
3607 1337 3710 1390 σῶ-

2128 1441 2264 1497 φρον
2293 1426 2398 1479 κάν
2428 1426 2644 1492 τούτοις
2669 1428 2806 1499 τιμᾷ
2829 1443 2843 1456 ·
2880 1426 2974 1481 καὶ
2996 1422 3231 1498 ,οἷαομὲν
3258 1429 3468 1492 πάντας
3495 1428 3709 1499 ἀνθρὼ-

2127 1532 2263 1579 πσυς
2292 1517 2528 1588 ἐραστὰς
2556 1518 2777 1588 ἔχουσα,
2805 1512 3053 1590 πρόεισιν
3083 1512 3177 1574 ἐπὶ
3211 1521 3433 1591 μέτριον
3457 1538 3469 1551 ·
3516 1523 3611 1575 καὶ
3634 1521 3709 1592 τῷ

2130 1606 2313 1675 μένειν
2343 1608 2534 1676 ἐγγὺς,
2579 1611 2693 1673 τοῖς
2732 1609 2902 1680 ἐρῶσι
2950 1609 3261 1682 χαρίζεται.
3296 1604 3489 1675 Ὅπως
3531 1611 3587 1665 δὲ
3634 1611 3709 1682 μὴ

2127 1699 2222 1753 καὶ
2258 1700 2420 1771 κόρος
2466 1701 2561 1755 τοῦ
2607 1701 2810 1772 ἔρωτος
2855 1699 2915 1775 ᾖ,
2975 1703 3071 1757 καὶ
3125 1703 3321 1775 μικρόν
3369 1722 3422 1758 τι
3459 1705 3558 1771 τῆς
3606 1705 3707 1774 γῆς

2126 1793 2398 1863 ἀνέστηκε
2418 1834 2434 1859 ,
2485 1794 2580 1848 καὶ
2613 1795 2733 1867 ὅιμα
2759 1795 2836 1867 τῷ
2871 1814 2929 1850 τε
2966 1795 3155 1851 κάλλει
3176 1797 3275 1869 τὴν
3308 1798 3528 1867 ἡλικίαν
3571 1814 3707 1868 συμ-

2124 1883 2396 1955 προῖοῦσα
2420 1902 2434 1915 ·
2470 1886 2565 1940 καὶ
2598 1886 2659 1939 τὸ
2700 1886 2899 1951 κάλλος
2942 1890 3008 1959 τῇ
3043 1888 3231 1959 ἡλικίᾳ
3276 1887 3441 1942 πλέον
3470 1887 3703 1956 τιθεῖσα,

2124 1974 2183 2041 ἐξ
2212 1975 2542 2046 ἀμφοτέρων
2573 1977 2633 2030 τὸ
2679 1978 2877 2048 σεμνὸν
2908 1978 3263 2034 ἐνδείκνυται.
3298 1978 3483 2042 Οῦτως
3519 1979 3612 2034 οὖν
3647 1979 3706 2033 τὸ

2122 2062 2378 2123 ταπεινόν
2401 2086 2460 2122 τε
2485 2070 2581 2124 καὶ
2628 2069 2834 2143 ὑψηλὸν
2862 2072 3056 2142 ἐπίσης
3092 2072 3264 2145 φυγδν
3295 2072 3356 2126 τὸ
3395 2071 3703 2144 βλάστημα,

2120 2156 2245 2213 οὔτε
2275 2162 2374 2229 τὴν
2404 2161 2529 2231 ὄψιν
2557 2162 2686 2226 τοὺς
2728 2161 2925 2227 θεατὰς
2952 2163 3199 2235 ἀφαιρεῖ,
3233 2162 3355 2217 οὔτε
3388 2162 3588 2233 πληροῖ
3617 2162 3705 2216 τὸν

2120 2253 2340 2325 ἔρωτα·
2396 2254 2511 2307 ἀλλ’
2556 2255 2681 2308 οὕτε
2720 2254 2826 2326 μὴν
2860 2252 3063 2325 ἑαυτὴν
3110 2254 3321 2308 ἀδικεῖ·
3376 2254 3438 2308 ού
3478 2254 3591 2325 γὰρ
3642 2254 3703 2324 δὴ

2120 2348 2256 2419 πρὸς
2293 2345 2425 2417 ὕψος
2466 2347 2744 2402 ὲλάσασαν
2767 2390 2782 2413 ,
2818 2346 3056 2417 σκληρός
3081 2364 3164 2411 τις
3194 2346 3394 2415 ἄνεμος
3448 2344 3704 2416 ἐμπεσὼν

2118 2440 2425 2510 κατήνεγκε
2444 2440 2538 2493 καὶ
2559 2438 2822 2510 ἀνέτρεψε
2845 2479 2860 2505 ,
2889 2439 2985 2492 καὶ
3011 2438 3266 2493 τοσοῦτον
3289 2437 3485 2502 κάλλος
3516 2440 3703 2493 πατεῖν

2119 2533 2513 2604 παρέδωκεν-ἢ
2547 2532 2655 2604 γὰρ
2684 2532 2750 2587 ἂν
2778 2531 2887 2586 οὐδ’
2908 2532 3162 2603 Ὄμηρος
3188 2530 3354 2596 ἀξίως
3383 2530 3445 2584 τὸ
3471 2531 3703 2603 πρᾶγμα

2116 2625 2451 2696 ὲθρήνησεν·
2492 2626 2551 2688 ὅς
2603 2642 2665 2694 γε
2696 2624 2789 2678 καὶ
2828 2624 3059 2696 θρήνους
3091 2624 3171 2688 εἰς
3219 2624 3287 2677 τὰ
3335 2624 3472 2696 ἔρνη
3521 2626 3699 2677 ποιεῖ·

2116 2722 2210 2773 καὶ
2240 2720 2431 2791 θρηνεῖ
2474 2719 2575 2790 μὲν
2606 2719 2704 2791 τὴν
2744 2719 2906 2773 πίτυν
2928 2736 2941 2750 ·
2978 2720 3167 2790 θρηνεῖ
3193 2720 3248 2773 δὲ
3278 2720 3379 2791 τὴν
3412 2719 3543 2790 δρῦν
3563 2736 3577 2751 ·
3607 2719 3701 2773 δαο

2116 2812 2277 2884 κρύει
2308 2812 2365 2866 δὲ
2413 2812 2513 2883 τὴν
2567 2812 2842 2883 ἁχερωῖδα
2895 2813 2991 2866 καὶ⁸
3028 2812 3264 2867 ἐλεεινὸν
3321 2814 3417 2867 ἐπὶ
3472 2811 3551 2884 τῷ
3604 2813 3701 2884 τῆς

2114 2906 2299 2970 ἐλαίας
2349 2905 2612 2978 ἀνακλᾴει
2649 2903 2824 2977 φυτῷ.
2865 2906 3071 2975 Φεῦγον
3101 2905 3193 2962 οῦν
3221 2905 3316 2960 καὶ
3355 2906 3564 2977 ταύτην
3603 2906 3699 2978 τὴν

2125 3000 2416 3071 συμφορὰν
2438 3001 2501 3055 τὸ
2539 3001 2729 3071 φυτὸν,
2754 2994 2865 3054 οἷον
2894 3000 3185 3070 βλαστάνει
3220 3001 3315 3055 καὶ
3339 3000 3430 3053 τὸν
3462 3000 3695 3071 καρπόν.

2188 3086 2414 3158 Πρῶτον
2447 3087 2549 3159 μὲν
2591 3090 2702 3162 γὰρ
2732 3088 2831 3161 οὐχ
2864 3087 3052 3161 ὥσπερ
3094 3091 3122 3143 6
3159 3089 3336 3159 φοῖνιξ
3374 3090 3469 3143 ἐπὶ
3520 3092 3697 3162 κόμης

424 3150 717 3209 frondibus
794 3157 972 3213 solum
1058 3158 1269 3227 adjicit,
1344 3160 1438 3216 sed
1516 3175 1582 3216 ex
1665 3162 1814 3216 omni
1851 3172 2007 3233 parte

2115 3181 2172 3235 οὐ
2208 3150 2368 3251 μόνον
2388 3150 2537 3254 κομᾷ
2556 3224 2571 3249 ,
2601 3150 2737 3237 διλλά
2766 3150 3063 3248 διαπαντός
3084 3150 3303 3250 ἐξανθεῖ
3318 3150 3425 3237 -τοῦ
3462 3150 3698 3254 βλαὲτῆξ-

424 3260 610 3301 ramos
640 3257 693 3301 et
722 3248 945 3305 frondes
976 3251 1270 3321 expromit,
1295 3260 1349 3307 et
1384 3252 1767 3325 undecumque
1793 3265 2007 3311 amato-

426 3352 517 3392 res
545 3339 769 3393 attrahit
805 3349 861 3395 et
885 3342 1141 3397 delectat.
1197 3341 1403 3399 Deinde
1435 3344 1707 3401 fructibus
1737 3346 1854 3401 haec
1883 3345 2007 3401 alba

422 3439 527 3494 est,
559 3430 647 3485 illa
680 3431 840 3500 ﬂava,
875 3436 1045 3490 altera
1069 3435 1257 3503 rubra,
1298 3437 1469 3491 altera
1500 3453 1809 3509 purpurea,
1834 3438 2005 3494 altera

430 3524 669 3594 denique
716 3526 1027 3597 azruginosa
1078 3545 1094 3582 :
1143 3526 1215 3583 ita
1248 3530 1393 3585 inter
1444 3530 1672 3586 arbores
1697 3530 1806 3586 alia
1858 3531 2005 3586 aliud

422 3615 551 3681 fert,
602 3617 695 3672 sed
725 3620 911 3673 omnia
971 3619 1075 3675 fert
1108 3621 1307 3675 malus.
1347 3619 1403 3676 Si
1449 3622 1674 3692 quidem
1728 3624 1852 3679 albo
1910 3624 2008 3679 dc-

422 3707 682 3785 lecteris,
747 3709 814 3763 ad
873 3709 1051 3765 albam
1118 3711 1370 3767 arborem
1427 3716 1711 3783 procedis;
1769 3718 1816 3772 si
1877 3730 2008 3772 vero

419 3798 651 3854 rubrum
695 3800 905 3871 cupias,
955 3802 1023 3857 ad
1076 3804 1299 3859 rubram
1338 3814 1390 3861 te
1423 3805 1651 3876 dirigis;
1701 3806 1748 3861 si
1793 3815 2011 3862 utrum-

419 3906 528 3960 que
563 3906 752 3959 ames,
783 3893 850 3947 ad
903 3894 1066 3949 aliam
1114 3897 1309 3962 vadis;
1349 3897 1431 3951 sin
1462 3910 1646 3954 autem
1690 3899 1856 3954 simul
1892 3914 2010 3955 om-

420 3984 511 4039 nia
540 4000 787 4055 quaeras,
821 3986 908 4043 abi
940 3988 1007 4042 ad
1050 3986 1313 4044 ferentem
1355 3991 1586 4057 datiles;
1636 3992 1751 4046 haec
1785 3991 1852 4047 iis
1887 3992 2009 4061 qui-

421 4076 543 4130 dem
576 4077 745 4145 albet,
786 4078 855 4134 iis
905 4094 1035 4134 vero
1080 4080 1280 4147 rubet;
1331 4090 1443 4136 tum
1482 4082 1701 4152 quidem
1734 4094 2005 4153 recenter,

420 4178 538 4224 tum
566 4179 748 4225 autem
776 4170 1099 4241 jamdudum
1127 4192 1142 4241 ;
1172 4175 1242 4230 iis
1271 4189 1402 4230 vero
1433 4185 1736 4247 purpurat;
1770 4188 1826 4233 et
1860 4177 2006 4233 albet

417 4263 639 4335 quidem
686 4266 839 4321 velut
868 4266 975 4331 lac,
1010 4277 1278 4338 purpurat
1323 4284 1454 4326 vero
1506 4270 1611 4327 ista
1661 4272 1809 4326 velut
1856 4288 2003 4337 rosa,

424 4358 783 4432 variaturque
817 4361 1054 4418 diversis
1104 4363 1425 4431 coloribus;
1457 4366 1574 4421 haec
1611 4366 1833 4436 quidem
1867 4375 2004 4430 tota,

413 4450 508 4506 illa
569 4467 701 4506 vero
751 4467 859 4507 non
906 4462 1058 4521 tota;
1128 4455 1247 4510 haec
1285 4455 1492 4521 minus,
1543 4456 1637 4511 illa
1702 4457 1899 4527 magis.
1946 4456 2005 4509 Si

2115 3292 2284 3344 ματος
2306 3316 2321 3340 ,
2359 3276 2453 3330 καὶ
2486 3276 2809 3347 ψυχαγωγεῖ
2848 3278 2944 3330 καὶ
2982 3277 3174 3349 τέρπει
3208 3273 3549 3348 πανταχόθεν
3574 3276 3700 3338 τοὺς

2112 3365 2372 3434 ἐραστάς.
2411 3367 2644 3422 Ἔπειτα
2681 3368 2792 3423 τῶν
2819 3370 3072 3439 καρπῶν,
3104 3371 3132 3422 6
3169 3368 3269 3441 μὲν
3298 3368 3492 3432 λευκός
3512 3384 3527 3399 ·
3562 3369 3590 3422 6
3620 3366 3697 3428 δὲ,
3726 3368 3727 3371 ’

2110 3457 2325 3530 ὠχρός·
2363 3459 2391 3512 6
2432 3458 2511 3524 δὲ,
2558 3459 2822 3532 ἐρυθρός·
2863 3460 2892 3513 6
2926 3460 3003 3525 δὲ,
3038 3459 3351 3530 φοινικοῦς·
3385 3461 3412 3513 6
3465 3457 3545 3522 δὲ,
3605 3457 3700 3512 καὶ⁵

2114 3552 2319 3624 μιλτός.
2343 3553 2504 3625 Φέρει
2531 3552 2588 3607 δὲ
2617 3552 2726 3607 τῶν
2767 3551 2951 3622 φυτῶν
3006 3554 3101 3606 καὶ
3121 3551 3248 3606 ἄλλο
3277 3550 3375 3621 μὲν
3402 3550 3532 3605 ἄλλο
3552 3590 3567 3617 ,
3599 3550 3697 3603 καὶ⁵

2111 3643 2288 3698 πάντα
2317 3642 2376 3697 δὲ
2406 3644 2466 3698 τδ
2497 3644 2630 3699 αὐτό
2649 3662 2663 3675 ·
2700 3644 2805 3699 κᾶν
2835 3644 2934 3715 μὲν
2972 3644 3049 3715 τῷ
3078 3642 3259 3714 λευκῷ
3293 3644 3512 3716 χαίρῃς,
3547 3643 3697 3714 παρὰ

2111 3737 2319 3809 ταύτην
2374 3737 2652 3808 βαδίζεις·
2696 3737 2763 3791 ἂν
2805 3736 2861 3791 δὲ
2910 3736 2978 3792 τὸ
3040 3736 3273 3809 ἐρυθρὸν
3325 3737 3521 3808 ποθῇς,
3564 3735 3695 3806 παρ’

2112 3830 2331 3901 ἐκείνην
2363 3830 2581 3903 ἀπέρχῃ
2607 3847 2621 3862 ·
2654 3832 2722 3885 ἂν
2746 3820 2805 3885 δὲ
2840 3831 2934 3885 καὶ
2968 3832 3173 3902 ἀμφοῖν
3209 3831 3365 3901 ἐρᾷς,
3407 3830 3562 3901 παρὰ
3596 3829 3695 3900 τὴν

2111 3921 2283 3991 ἄλλην
2312 3924 2504 3993 φοιτᾷς
2527 3939 2541 3953 ·
2585 3922 2653 3976 ἂν
2679 3923 2737 3976 δὲ
2787 3924 2881 3976 καὶ
2927 3924 3107 3978 πάντα
3134 3921 3270 3995 ὁμοῦ
3320 3921 3513 3993 ζητῇς,
3546 3921 3693 3991 παρὰ

2110 4013 2211 4084 τὴν
2242 4012 2515 4084 φέρουσαν
2553 4012 2682 4067 ἄπει
2712 4011 2839 4076 τοὺς
2881 4014 3162 4081 φοινικοῦς
3185 4052 3200 4067 .
3248 4011 3311 4065 Ἡ
3340 4011 3395 4065 δὲ
3424 4013 3552 4074 τοὺς
3597 4010 3691 4081 μὲν

2109 4103 2454 4159 λευκαίνεται
2474 4143 2491 4170 ,
2522 4106 2648 4167 τοὺς
2681 4103 2739 4157 δὲ
2773 4103 3158 4175 ἐρυθραίνεται
3180 4120 3193 4135 ·
3233 4103 3361 4167 τοὺς
3397 4102 3499 4173 μὲν
3529 4103 3687 4173 ἄρτι,

2108 4198 2235 4258 τοὺς
2264 4195 2321 4249 δὲ
2351 4195 2485 4267 ἤδη·
2516 4194 2647 4259 τοὺς
2673 4193 2731 4248 δὲ
2789 4193 2886 4247 καὶ
2922 4192 3263 4262 φοινίσσεται
3290 4208 3305 4224 ·
3344 4192 3441 4245 καὶ
3470 4190 3689 4245 λευκαί-

2109 4305 2259 4340 νεται
2298 4283 2407 4358 μὲν
2444 4285 2619 4349 οὕτως
2671 4284 2748 4349 ὼς
2799 4280 2977 4353 γάλα·
3013 4286 3347 4353 φοινίσσεται
3383 4282 3429 4336 δ’
3482 4282 3689 4346 ἐκεῖνος

2108 4379 2184 4441 ὡς
2213 4378 2366 4449 ῥόδον
2390 4395 2405 4409 ·
2466 4378 2802 4448 κεκέρασται
2830 4376 2877 4430 δ’
2901 4370 3078 4440 ἄλλως
3130 4368 3225 4430 καὶ
3280 4374 3490 4439 ἄλλως·
3527 4376 3557 4429 6
3593 4376 3687 4446 μὲν

2108 4470 2257 4534 ὅλος·
2282 4473 2310 4524 6
2341 4469 2418 4536 δὲ,
2449 4471 2547 4542 οὺχ
2579 4472 2700 4534 ὅλος
2722 4489 2736 4503 ·
2782 4472 2879 4526 καλ⁸
2907 4472 2936 4523 6
2970 4470 3090 4541 μὲν,
3126 4465 3311 4542 ἦττον.
3359 4470 3388 4523 6
3426 4467 3507 4535 δὲ,
3546 4467 3683 4538 μᾶλ-

414 4542 635 4612 quidem
680 4543 905 4598 rubram
971 4545 1196 4609 videris,
1262 4546 1443 4602 albam
1514 4547 1739 4603 omnino
1776 4548 1999 4617 putabis

2115 4567 2237 4617 λον·
2290 4562 2396 4617 κᾶν
2429 4565 2529 4634 μὲν
2570 4564 2631 4618 τὸ
2688 4564 2918 4637 ἐρυθρὸν
2949 4562 3143 4636 θεάσῃ,
3200 4561 3261 4616 τὸ
3321 4560 3511 4615 λευκὸν
3553 4559 3686 4620 ὅλως

414 4635 670 4703 ignorare
703 4636 999 4704 arborem;
1033 4638 1159 4693 etsi
1206 4638 1260 4693 in
1306 4640 1541 4708 primam
1598 4640 1761 4695 istam
1804 4642 1998 4697 oculos

415 4727 709 4792 direxeris,
752 4728 889 4782 nihil
940 4729 1093 4784 rubri
1126 4729 1329 4786 fructui
1371 4732 1556 4788 inesse
1604 4732 1851 4798 dixeris;
1903 4734 1997 4789 sed

416 4820 520 4874 hoc
552 4819 771 4889 quidem
825 4826 1020 4891 partim
1058 4824 1306 4894 sanguis,
1360 4824 1559 4895 partim
1594 4840 1725 4880 vero
1782 4825 1876 4879 nix
1919 4827 2001 4881 vi-

412 4912 653 4967 debitur.
688 4910 755 4966 Et
788 4914 965 4970 malus
1002 4925 1087 4971 est
1118 4916 1237 4971 visu
1281 4931 1426 4980 rosa,
1478 4916 1685 4972 olfactu
1739 4934 1869 4973 vero
1896 4935 1994 4974 un-

412 5014 698 5073 guentum,
732 5006 948 5074 gustatu
980 5017 1165 5064 autem
1198 5009 1345 5065 aliud
1382 5010 1536 5079 quid,
1594 5020 1689 5065 aut
1722 5027 1914 5068 rursus
1939 5012 1993 5069 in

410 5112 478 5151 eo
506 5098 738 5152 multum
773 5097 911 5156 alias
941 5100 1307 5157 delectatione
1332 5102 1501 5157 vincit
1526 5103 1727 5168 malus,
1757 5103 1886 5159 dum
1917 5105 1992 5161 illi

411 5191 531 5247 aliae
585 5191 763 5263 magis
814 5204 1232 5263 comparantur.
1290 5193 1349 5249 Si
1399 5195 1523 5265 quis
1586 5197 1812 5253 laudare
1865 5200 1995 5257 velit

408 5283 736 5355 cujusquam
766 5286 844 5340 rei
875 5296 1119 5354 gustum,
1168 5295 1264 5341 aut
1290 5287 1494 5342 malum
1538 5288 1682 5343 dicet
1700 5280 1800 5345 aut
1837 5292 1943 5346 mel
1974 5310 1988 5348 :

410 5385 464 5427 et
495 5375 609 5431 haec
652 5377 822 5447 igitur
879 5373 1176 5432 Homerum
1212 5387 1506 5434 suaserunt
1550 5379 1616 5435 ad
1650 5395 1867 5437 omnem
1896 5398 1993 5439 vo-

408 5468 643 5522 candum
668 5469 975 5539 jucundum
1010 5471 1139 5524 mali
1177 5470 1435 5527 fructum.

482 5561 537 5614 Si
591 5578 724 5617 vero
767 5573 985 5632 oportet
1056 5563 1255 5620 fabulae
1307 5566 1645 5635 meminisse,
1679 5570 1806 5627 etsi
1855 5573 1987 5643 quid

408 5652 672 5709 doctrinae
718 5666 771 5709 et
805 5656 1182 5715 delectationis
1231 5673 1340 5714 non
1396 5660 1755 5730 injucundum
1806 5674 1888 5720 est
1918 5667 1987 5721 ad

414 5748 594 5801 virum
638 5750 915 5819 applicare
952 5752 1155 5823 smpius
1196 5763 1249 5809 et
1282 5755 1461 5825 ipsum
1492 5772 1617 5812 cum
1658 5757 1832 5813 Musis
1878 5759 1986 5813 sal-

408 5846 636 5906 tantem,
685 5842 863 5909 aliter,
913 5842 1134 5917 quando
1181 5845 1420 5905 fabulam
1476 5857 1638 5905 ornat
1689 5849 1979 5920 sapientia,

2101 4655 2344 4727 νομίσεις
2389 4660 2603 4725 ἀγνοεῖν
2640 4657 2703 4712 τὸ
2743 4657 2908 4727 φυτόν
2931 4671 2948 4688 ·
2980 4652 3083 4711 κᾶν
3128 4653 3305 4725 τούτῳ
3344 4652 3549 4723 πρώτῳ
3589 4651 3685 4720 τὴν

2099 4747 2224 4816 ὅψιν
2268 4748 2584 4822 προσὸἀλῃς
2609 4788 2623 4813 ,
2668 4750 2770 4803 οὐκ
2808 4743 2952 4802 εἷναί
2986 4766 3040 4802 τι
3092 4748 3288 4819 φήσεις
3314 4745 3410 4800 xal.
3452 4741 3683 4816 ἐρυθροῦ

2098 4837 2175 4908 τῷ
2212 4838 2408 4910 καρπῷ
2425 4857 2440 4873 ·
2464 4839 2603 4894 ἀλλὰ
2624 4838 2685 4894 τὸ
2715 4840 2839 4912 μὲν,
2866 4836 3008 4911 αἷμα
3032 4839 3094 4893 τὸ
3118 4839 3314 4911 μέρος·
3345 4830 3407 4891 τὸ
3430 4836 3510 4903 δὲ,
3546 4834 3682 4901 δόξει

2097 4932 2251 5003 χιών.
2292 4934 2401 4987 Καὶ
2432 4932 2547 4988 ἔστι
2603 4934 2664 4988 τὸ
2698 4934 2869 5006 μῆλον
2922 4934 3052 4990 ῑδεῖν
3084 4935 3184 5006 μὲν
3240 4933 3413 5004 ῥόδον,
3472 4930 3682 5004 ὀσφρή-

2099 5026 2296 5081 σασθαι
2326 5026 2384 5079 δὲ
2433 5026 2604 5098 μύρον
2631 5070 2645 5093 ,
2685 5024 2989 5096 γεύσασθαι
3038 5025 3095 5079 δέ
3144 5020 3199 5079 τι
3234 5024 3412 5095 μᾶλλο,
3449 5023 3483 5095 ἢ
3521 5022 3681 5077 πάλιν

2095 5117 2225 5171 αὐτὸ
2260 5116 2428 5188 μῆλον
2451 5115 2595 5171 οὕτω
2619 5117 2715 5170 καὶ
2740 5118 2996 5171 τοσοῦτον
3026 5116 3190 5188 ἡδονῇ
3215 5113 3384 5189 τᾶλλα
3412 5114 3561 5185 νικᾷ,
3590 5113 3679 5167 καὶ

2096 5208 2234 5280 πρὸς
2287 5208 2447 5262 τοῦτο
2498 5210 2730 5263 κάκεῖνα
2814 5209 3018 5280 μᾶλλον
3065 5206 3381 5271 εἰκάζεται·
3441 5208 3545 5262 κᾶν
3598 5224 3679 5270 τις

2094 5300 2338 5353 ἐπαινεῖν
2368 5299 2543 5353 ἐθέλοι
2569 5317 2622 5353 τι
2646 5299 2789 5353 κατὰ
2821 5298 3009 5368 γεῦσιν
3035 5316 3049 5331 ·
3072 5299 3105 5370 ἢ
3139 5298 3311 5369 μῆλον
3328 5299 3446 5371 ἐρεῖ
3462 5299 3679 5360 πάντως

2094 5392 2127 5460 ἢ
2157 5391 2281 5462 μέλι
2303 5407 2315 5422 ·
2335 5391 2428 5445 καὶ
2451 5388 2627 5446 ταῦτα
2648 5392 2748 5467 μὲν
2773 5387 2868 5445 οῦν
2894 5391 2987 5444 τὸν
3008 5391 3159 5462 Ὄμη
3169 5407 3263 5462 ρον
3293 5389 3478 5444 ἔπεισε
3500 5390 3675 5445 πάντα

2091 5484 2297 5553 ἀγλαὸν
2318 5485 2585 5555 ὀνομάσαι
2617 5485 2710 5537 τὸν
2747 5483 2954 5556 μηλέας
2980 5484 3214 5552 καρπόν.

2162 5576 2224 5629 Ei
2260 5576 2315 5628 δὲ
2346 5577 2429 5630 δεῖ
2467 5577 2560 5629 καὶ
2607 5576 2781 5646 μύθου
2820 5575 3154 5649 μνησθῆναι,
3197 5573 3286 5628 καὶ
3316 5575 3474 5629 οὐδὲν
3515 5576 3675 5647 ἀηδὲς

2090 5668 2310 5732 παιδιᾶς
2334 5668 2429 5723 καὶ
2463 5668 2823 5740 ψυχαγωγίας
2871 5667 3114 5740 ἅψασθαι
3148 5669 3284 5740 πρὸς
3311 5668 3480 5740 ἄνδρα
3543 5668 3672 5723 πολ-

2088 5761 2246 5825 λάκις
2280 5761 2377 5815 καὶ
2435 5762 2602 5817 αὑτὸν
2632 5761 2699 5815 τὰ
2733 5762 2954 5832 μουσῶν
2989 5761 3327 5832 χορεύσαντα
3349 5780 3361 5790 ·
3413 5762 3589 5826 ἄλλως
3622 5762 3670 5815 θ’

2087 5855 2174 5909 ὅτε
2194 5856 2285 5910 καὶ
2310 5856 2400 5912 τὸν
2433 5854 2600 5929 μῦθον
2629 5859 2823 5928 κοσμεῖ
2848 5855 3198 5928 σωφροσύνη,
3230 5854 3420 5927 φασὶν,
3436 5856 3513 5922 ὡς
3530 5856 3664 5928 κόρη
