4044 6586
320 425 431 491 853

1764 433 1863 495 DE
1900 429 2129 496 MALO.

3474 425 3582 495 858

318 561 407 608 τις
436 538 506 614 ἦν
536 543 706 601 πάλαι
746 545 888 618 καλὴ
917 545 1015 602 καὶ
1055 546 1390 621 παρθενική.
1431 547 1540 603 Τοῦ
1582 550 1640 605 δὲ
1671 550 1902 616 κάλλους
1932 556 1951 612 1

2006 549 2197 607 dicunt
2220 546 2367 604 illam
2386 544 2559 604 fuisse
2577 544 2708 602 olim
2725 543 3019 618 quamdam
3040 542 3281 615 puellam
3294 542 3581 616 pulchram

319 638 553 709 ἐρασταὶ
584 637 770 693 πολλοὶ
794 639 893 692 καὶ⁵
918 641 1198 712 ἐρωτικοί⁰
1225 641 1580 714 σωφρονοῦσα
1602 642 1659 697 δὲ
1692 643 1788 697 χαὶ
1824 644 1900 717 μὴ

322 729 655 801 προδιδοῦσα
685 734 785 804 τὴν
819 732 991 805 ὥραν,
1024 734 1107 790 ἔτι
1152 735 1354 806 μᾶλλον
1384 736 1698 809 δυσέρωτας
1727 738 1901 793 ἐποίει

319 824 448 887 τοὺς
481 825 745 894 ἐραστάς·
780 826 830 880 οἱ
854 826 935 890 δὲ,
958 828 1098 891 τέως
1130 827 1229 898 μὲν
1249 827 1399 899 ἥρων
1419 827 1496 891 ὡς
1516 827 1743 900 ἐρασταὶ
1764 869 1780 895 ,
1804 828 1903 884 καὶ

322 916 637 986 ἡμιλλῶντο
666 917 803 991 πρὸς
837 919 1136 991 ἀλλήλους’
1169 918 1360 973 ἔπειτα
1399 920 1717 984 οἰνωθέντες
1744 919 1904 992 ἀλλή-

318 1006 445 1072 λους
484 1008 823 1079 φονεύουσιν,
864 1010 938 1075 ὡς
962 1011 1310 1081 ἀντερασταί.
1353 1011 1672 1081 Ἑφίσταται
1696 1014 1730 1083 ἡ
1762 1031 1902 1086 παρ-

320 1099 549 1172 θενικὴ,
591 1102 689 1156 καὶ
732 1103 874 1156 ἐλεεῖ
911 1103 1010 1173 μὲν
1044 1103 1325 1168 ἑκείνουςυ
1378 1104 1609 1159 αἰδεῖται
1663 1106 1721 1160 δὲ
1772 1107 1902 1173 τοὺς

319 1192 567 1265 ζῶντας,
603 1195 829 1268 δακρύει
876 1197 933 1250 δὲ
962 1195 1193 1268 ἑαυτὴν,
1229 1196 1325 1251 καὶ
1376 1196 1590 1266 γίνεται
1634 1197 1702 1252 δι’
1735 1198 1902 1271 εὐχῆς

319 1288 487 1358 φυτὸν
511 1289 697 1354 καλὸν,
728 1288 805 1353 ὡς
836 1289 999 1362 καλὴ,
1030 1290 1225 1344 λευκὸν
1255 1291 1331 1355 ὼς
1366 1291 1568 1361 λευκή·
1605 1291 1899 1365 αἰδουμένη

315 1379 374 1435 δὲ
409 1381 745 1453 προφυροῦν.
786 1381 846 1437 '0
872 1382 973 1452 μὲν
1000 1383 1169 1453 μῦθος
1189 1377 1347 1448 οὗτος
1364 1400 1378 1413 ο
1405 1385 1454 1438 εί
1482 1382 1539 1437 δὲ
1564 1385 1658 1439 καὶ
1690 1385 1905 1454 φιλοσο-

318 1474 462 1540 φεῖν,
490 1472 627 1526 ἀλλὰ
657 1472 732 1545 μὴ
764 1474 1082 1545 μυθολογεῖν
1102 1476 1253 1546 ἡμᾶς
1278 1493 1339 1529 τε
1354 1476 1477 1530 δέον
1507 1478 1602 1531 καὶ
1623 1477 1705 1535 σὲ.
1734 1476 1900 1548 ἔρωτι

315 1561 415 1618 καὶ
458 1563 700 1635 θεωρίας
731 1564 1011 1636 ἡμμένον·
1050 1568 1216 1635 φασὶν
1243 1568 1294 1620 oi
1343 1567 1475 1639 περὶ
1519 1567 1693 1621 ταῦτα
1736 1568 1902 1622 δεινοὶ

319 1652 483 1724 μόνον
518 1654 617 1724 μὲν
645 1656 961 1727 σχημάτων,
986 1655 1048 1710 τὸ
1068 1657 1357 1729 σφαιρικὸν
1386 1658 1672 1714 κάλλιστον
1689 1676 1704 1691 ο
1739 1646 1901 1732 μόνον

314 1750 373 1806 δὲ
404 1751 515 1806 τῶν
565 1751 696 1806 ῐσων
728 1748 983 1823 ὲμὸαδοῖς
1036 1754 1291 1824 μέγιστον
1340 1754 1500 1809 τοῦτο
1533 1756 1595 1809 ἐν
1633 1757 1899 1826 στερεοῖς,

315 1846 454 1918 ὅπερ
477 1847 535 1902 ὲν
573 1847 850 1913 ἐπιπέδοις
884 1848 944 1902 τὸ
970 1850 1231 1903 κυκλικόν
1250 1866 1264 1879 ·
1292 1849 1443 1904 δοκεῖ
1466 1850 1525 1903 δὲ
1571 1853 1668 1904 καὶ
1694 1850 1811 1905 τόδε
1838 1850 1900 1904 τδ

315 1939 449 2003 πᾶν,
478 1938 640 1992 τοῦτο
688 1938 865 2005 σῶζον
895 1940 958 1994 τὸ
1001 1940 1213 2013 σχῆμα.
1268 1942 1423 2013 Ἔχει
1459 1941 1560 2014 μὲν
1612 1937 1707 1998 οὖν
1757 1943 1899 2015 μετὰ

314 2029 425 2085 τῶν
457 2031 635 2086 ἄλλων
676 2032 770 2087 καὶ
802 2032 963 2088 τοῦτο
994 2036 1056 2089 τὸ
1085 2036 1259 2106 μῆλον
1279 2051 1296 2068 ⁸
1328 2036 1425 2091 καὶ
1457 2035 1613 2090 οὐδὲν
1640 2035 1815 2102 οὕτως
1839 2038 1899 2093 ἐν

316 2130 555 2198 καρποῖς
591 2126 700 2182 τῶν
733 2128 911 2183 ἄλλων
940 2129 1397 2201 ἀποτετόρνευται
1421 2171 1436 2197 ,
1478 2131 1555 2195 ὡς
1607 2131 1763 2186 τοῦτο
1808 2149 1899 2186 τε·-

313 2220 601 2292 τόρνευταί
632 2239 693 2276 τε
732 2226 799 2293 τῇ
825 2225 1020 2292 φύσει,
1068 2224 1166 2278 καὶ
1210 2225 1310 2294 τὴν
1348 2225 1671 2295 ἐπιφάνειαν
1697 2226 1900 2280 ἀποτέ-

313 2329 507 2367 ταται·
546 2314 639 2367 καὶ
676 2315 865 2385 σχῆμα
892 2315 971 2386 τῷ
1019 2315 1175 2387 μήλῳ
1207 2316 1268 2370 τὸ
1306 2316 1399 2370 τοῦ
1432 2317 1634 2381 παντός
1665 2318 1783 2370 ἐστι
1807 2316 1897 2388 μί-

315 2423 499 2478 μημα.
550 2409 661 2461 Καὶ
689 2410 740 2461 τί
768 2409 850 2463 δεῖ
896 2410 998 2473 τὰς
1044 2410 1326 2481 ἐνεργείας
1370 2410 1465 2464 τοῦ
1518 2410 1898 2482 βλαστήματος

313 2498 673 2569 καταλέγεινς
712 2502 805 2554 καὶ
854 2502 931 2565 ὡς
983 2503 1318 2574 ἐρρωμένοις
1370 2502 1469 2574 μὲν
1523 2503 1748 2575 τρυφὴ,
1802 2504 1898 2558 καὶ

314 2590 515 2665 βρῶμα
544 2592 641 2663 ἡδύ
668 2609 681 2624 ο
716 2593 933 2647 νοσοῦσι
958 2595 1015 2648 δὲ
1055 2595 1270 2666 χρηστὴ
1308 2595 1482 2668 τροφὴ
1522 2596 1617 2651 καὶ
1645 2596 1856 2666 ὑγιεινὴ
1878 2609 1896 2629 ’

312 2686 411 2739 καὶ
440 2686 522 2740 ὅτι
570 2686 735 2740 σῦκον
765 2687 864 2758 μὲν
894 2690 952 2742 ὲν
998 2689 1230 2761 ὀνείροις
1271 2687 1651 2743 δυσοιώνιστον
1674 2706 1688 2722 ο
1727 2689 1900 2761 μῆλον

310 2777 370 2832 δὲ
410 2780 512 2831 κὰν
542 2778 756 2843 τούτοις
798 2779 1095 2850 εὐάγγελον
1120 2798 1133 2812 ο
1180 2779 1338 2845 δόξαν
1367 2782 1476 2851 γὰρ
1512 2782 1607 2835 καὶ
1634 2781 1899 2850 στέφανον

314 2871 560 2939 ὲπαγγέλ
576 2871 753 2925 λεται.
790 2872 928 2925 Ἀλλ’
952 2872 1089 2945 αὕτη
1119 2890 1183 2942 γε
1211 2875 1300 2927 καὶ
1318 2873 1385 2927 τὰ
1410 2873 1585 2928 Πύθια
1614 2876 1895 2943 στεφανοῖ·

310 2964 408 3018 καὶ
448 2964 713 3034 πάρεστιν
735 2964 1004 3037 ἀθλητὴς,
1030 2966 1100 3018 δι’
1128 2966 1280 3029 ἔτους
1308 2984 1365 3019 τε
1392 2966 1751 3037 γυμνασθεὶς,
1800 2966 1898 3020 καὶ

313 3055 518 3119 πολλὰς
563 3057 976 3129 εὐπαιδοτρίὸου
1019 3058 1201 3113 λαϐὼν
1232 3100 1247 3125 ,
1301 3059 1521 3124 πλείους
1564 3058 1623 3112 δὲ
1664 3058 1895 3131 μέλλων.

310 3147 435 3201 Κᾶν
459 3166 513 3201 τι
546 3149 659 3202 δέοι
702 3149 885 3220 θήσων
917 3152 1011 3204 καὶ
1045 3152 1144 3224 τὴν
1183 3153 1362 3225 ψυχὴν
1392 3154 1481 3207 ἴνα
1521 3153 1586 3225 δὴ
1631 3155 1692 3208 τὸ
1726 3153 1897 3227 μῆλον

1922 1903 1973 1961 Β

2003 650 2060 699 et
2087 640 2389 713 virginem;
2446 638 2880 712 pulchritudinis
2916 647 3101 694 autem
3133 639 3337 695 multos
3371 646 3584 693 amato-

2005 750 2095 791 res
2119 744 2174 790 et
2198 744 2469 791 amantes.
2486 733 2734 790 Prudens
2752 741 2934 789 autem
2956 748 3083 789 cum
3097 730 3261 788 fuerit
3277 746 3454 802 neque
3471 730 3586 787 for-

2005 842 2149 881 mam
2180 826 2426 889 venalem
2456 825 2728 891 habuerit,
2751 823 2926 895 magis
2947 820 3111 879 etiam
3133 838 3321 879 amore
3342 822 3588 894 perditos

2004 918 2249 975 effecisse
2290 929 2566 975 amatores
2586 936 2601 986 ;
2624 917 2749 973 illos
2767 932 2896 973 vero
2918 915 3280 973 nihilominus
3303 915 3360 970 in
3398 929 3587 970 amore

2003 1030 2405 1086 perseverasse,
2444 1024 2498 1070 et
2523 1015 2666 1070 inter
2688 1029 2747 1070 se
2772 1012 3105 1084 pugnavisse
3147 1027 3162 1065 :
3208 1009 3407 1067 deinde
3456 1009 3588 1063 vino

2002 1123 2226 1179 pressos
2239 1108 2378 1165 alios
2396 1107 2628 1163 invicem
2650 1105 2938 1173 cecidisse,
2964 1113 3026 1160 ut
3043 1103 3247 1160 rivales
3273 1121 3288 1159 :
3314 1101 3587 1173 virginem

2002 1201 2166 1256 etiam
2222 1202 2602 1269 intervenisse,
2649 1209 2994 1256 mortuorum
3043 1197 3323 1254 misertam
3362 1209 3506 1261 esse,
3535 1202 3590 1249 et

2003 1293 2318 1349 viventibus
2368 1292 2694 1358 erubuisse,
2743 1291 2985 1363 seipsam
3038 1298 3222 1344 autem
3272 1286 3585 1350 deﬂevisse.

2002 1395 2055 1441 et
2091 1387 2286 1441 factam
2329 1385 2502 1443 fuisse
2536 1403 2633 1458 per
2672 1395 2861 1443 votum
2890 1385 3175 1457 pulchram
3210 1384 3488 1445 arborem,
3526 1390 3587 1438 ut

2002 1480 2228 1550 pulchra
2272 1487 2427 1548 erat;
2477 1480 2681 1548 albam,
2719 1489 2780 1535 ut
2813 1480 2938 1539 alba
2962 1488 3103 1545 erat,
3136 1493 3496 1550 purpuream.
3526 1485 3588 1532 ut

2000 1573 2333 1627 erubescens
2362 1581 2505 1628 erat.
2536 1572 2615 1627 lta
2654 1572 2875 1643 quidem
2917 1571 3124 1627 fabula.
3157 1570 3216 1626 Si
3248 1585 3379 1626 vero
3407 1570 3586 1641 philo-

2003 1665 2227 1738 sophiae,
2255 1680 2364 1720 non
2397 1674 2581 1721 autem
2607 1664 2813 1721 fabulis
2848 1664 3072 1721 studere
3090 1671 3309 1734 oportet
3333 1678 3433 1719 nos
3450 1672 3504 1719 et
3535 1670 3587 1717 te

2001 1757 2176 1813 amori
2227 1756 2717 1828 contemplationis
2769 1756 3177 1812 incumbentem
3212 1774 3226 1811 :
3262 1755 3454 1810 dicunt
3492 1754 3585 1810 isti

2002 1850 2070 1906 de
2091 1850 2179 1906 his
2204 1850 2479 1906 doctiores
2501 1848 2803 1905 formarum
2828 1863 2993 1903 unam
3018 1846 3442 1919 pulcherrimam
3463 1860 3587 1900 esse

2002 1943 2350 2014 sphaericam,
2393 1958 2559 1999 unam
2588 1943 2831 2013 aequales
2860 1941 3000 1996 inter
3026 1938 3353 2010 superﬁcies
3379 1937 3585 1992 solidas

2002 2035 2131 2091 illud
2165 2050 2311 2101 esse,
2358 2036 2506 2107 quod
2537 2036 2682 2091 inter
2712 2035 2904 2107 planas
2962 2035 3291 2090 circularem
3323 2049 3339 2089 :
3370 2031 3587 2087 videtur

2000 2136 2183 2183 autem
2210 2128 2343 2183 illud
2380 2128 2698 2183 universum
2754 2127 2924 2198 ﬁgura
2951 2126 3177 2183 referre.
3217 2125 3396 2181 liabet
3419 2125 3586 2197 igitur

1999 2238 2127 2279 cum
2179 2223 2304 2279 aliis
2334 2229 2390 2278 et
2422 2222 2559 2279 illud
2594 2239 2817 2294 quoque
2849 2224 3069 2290 malus;
3105 2223 3294 2278 nullus
3331 2222 3403 2278 ita
3438 2222 3584 2277 inter

2001 2312 2213 2369 fructus
2242 2314 2473 2369 aliarum
2518 2315 2781 2370 arborum
2815 2314 2870 2369 in
2901 2314 3175 2384 sphmram
3210 2313 3447 2368 inﬂexus
3474 2322 3583 2377 est,

2001 2418 2061 2464 ut
2087 2410 2234 2465 illius
2264 2407 2480 2465 fructus
2513 2417 2711 2463 natura
2741 2416 2826 2474 ;et
2853 2407 3067 2477 species
3087 2406 3209 2475 ejus
3233 2405 3584 2475 expandilur,

2000 2518 2127 2559 nam
2171 2503 2416 2558 universi
2469 2503 2658 2573 ﬁgurae
2703 2500 2882 2557 malus
2934 2499 3302 2555 imitationem
3356 2499 3583 2568 prmhet.

2001 2594 2108 2650 Sed
2157 2593 2289 2662 quid
2340 2608 2486 2663 opus
2534 2599 2621 2647 est
2668 2592 3036 2663 proprietates
3106 2592 3473 2646 enumerare?
3530 2599 3587 2644 ct

2000 2684 2390 2757 languentibus
2439 2682 2660 2754 quidem
2706 2682 2959 2753 voluptas
3001 2690 3057 2737 et
3108 2681 3353 2751 jucunda
3430 2694 3584 2742 esca.

1999 2778 2396 2848 aegrotantibus
2425 2786 2607 2832 autem
2637 2774 2983 2831 salutiferum
3011 2783 3065 2830 et
3097 2773 3446 2846 hygienicum
3481 2771 3587 2827 ali-

2001 2881 2291 2927 mentum:
2326 2871 2463 2927 licus
2506 2868 2729 2940 quidem
2762 2868 2819 2923 in
2872 2866 3108 2923 somniis
3158 2867 3285 2921 mali
3336 2864 3586 2936 praesagii

1998 2975 2103 3031 est,
2142 2964 2321 3020 malus
2354 2971 2541 3019 autem
2600 2962 2767 3017 fausti
2804 2961 3056 3031 augurii;
3090 2958 3320 3029 gloriam
3356 2957 3502 3012 enin-
3532 2965 3588 3011 et

1999 3074 2261 3117 coronam
2296 3057 2601 3129 pollicetur.
2631 3055 2739 3111 Sed
2778 3054 2969 3110 eadem
2999 3062 3054 3109 et
3080 3053 3135 3108 in
3170 3050 3384 3122 Pythiis
3421 3064 3585 3105 coro-

2001 3168 2127 3208 nam
2157 3152 2395 3223 praebet;
2427 3158 2482 3206 et
2504 3149 2660 3205 adest
2686 3147 2911 3211 athleta,
2944 3161 3043 3217 per
3076 3160 3282 3201 annum
3313 3142 3588 3201 exercita-

313 3240 410 3294 καὶ
432 3240 530 3312 τὴν
561 3243 697 3313 μετὰ
722 3244 818 3297 τοῦ
846 3244 1020 3315 μήλου
1054 3244 1213 3311 δόξαν
1242 3246 1424 3301 λαὸὼν
1453 3247 1698 3313 ἀπέλθοι,
1726 3247 1896 3301 πολλὰ
1925 3268 1951 3329 ί

2003 3257 2116 3313 tus,
2141 3255 2196 3302 et
2224 3244 2428 3299 multas
2472 3242 2631 3299 bonae
2658 3239 3076 3298 exercitationis
3116 3252 3352 3294 coronas
3374 3236 3585 3303 ferens,

313 3332 409 3383 καὶ
434 3332 571 3386 ἄλλα
593 3333 722 3405 περὶ⁵
747 3334 843 3388 τοῦ
878 3334 1051 3407 μήλου
1090 3336 1275 3405 λέγειν
1302 3337 1452 3407 ἐνῆν,
1488 3338 1542 3391 εἴ
1590 3355 1683 3408 μοι
1709 3338 1900 3410 καιρός

311 3442 375 3478 τε
431 3427 647 3499 παρῆν,
691 3428 783 3482 καὶ
840 3427 916 3502 μὴ
973 3429 1151 3485 ταῦτα
1198 3432 1433 3503 γράφειν
1499 3432 1903 3506 ἠναγκαζόμην

314 3516 523 3589 σχέδιον
555 3518 650 3574 καὶ
673 3518 797 3575 κατ’
828 3522 1157 3597 ἐπιδρομήν.

1998 3340 2187 3413 plures
2210 3346 2559 3408 exspectans.
2580 3334 2638 3391 Si
2658 3349 2786 3391 vero
2811 3350 2952 3406 opus
2977 3341 3125 3389 esset
3146 3340 3382 3388 mentem
3411 3330 3587 3404 appli-

1997 3448 2125 3491 care
2154 3441 2214 3487 ut
2251 3431 2624 3503 complectens
2674 3427 2882 3485 malum
2922 3437 2977 3483 et
3020 3426 3167 3481 malo
3212 3424 3583 3480 adhaerentem

1996 3526 2213 3584 laudem
2260 3525 2476 3591 evadat,
2529 3524 2700 3579 multa
2739 3531 2795 3578 et
2852 3522 2959 3577 alia
2989 3520 3057 3577 de
3089 3519 3179 3575 illa
3227 3518 3375 3588 loqui
3424 3516 3586 3575 facile

1996 3626 2164 3685 esset,
2196 3616 2243 3672 si
2276 3626 2493 3686 tempus
2540 3613 2675 3669 mihi
2713 3618 3052 3683 suppeteret,
3086 3625 3266 3681 neque
3296 3610 3401 3667 ista
3444 3608 3585 3666 seri-

1997 3710 2129 3767 bere
2158 3708 2421 3765 velociter
2442 3716 2496 3764 et
2524 3705 2687 3779 quasi
2712 3705 2923 3761 cursim
2948 3717 3198 3773 cogerer.

1103 3927 3566 3957 *σι-..ΨΜ

1110 4095 1801 4213 ΙΩΑΝΝΟΥ
1877 4090 2791 4211 ΓΕΩΜΕΤΡΟΥ

552 4343 941 4432 ΥΜΝΟΙ
986 4344 1363 4432 ΠΕΝΤΕ
1437 4343 1611 4432 ΕΙΣ
1682 4342 1917 4430 ΤΗΝ
1990 4334 2627 4430 ΥΠΕΡΑΓΙΑΝ
2708 4340 3339 4432 ΘΕΟΤΟΚΟΝ

1186 4699 1789 4817 JOAN‘NIS
1872 4699 2703 4849 GEOMETR/E

972 4929 1234 4996 HYMNI
1297 4926 1656 5002 QUINQUE
1689 4928 1772 4993 IN
1814 4927 2410 4992 SANCTISSIMAM
2474 4928 2923 4991 DEIPARAM.

1128 5062 1319 5156 (Edidit
1344 5094 1463 5146 Fed.
1493 5093 1747 5157 Morellus,
1778 5098 1972 5159 typogr.
2003 5092 2189 5159 regius.
2225 5092 2460 5155 Lutetiae,
2499 5091 2639 5155 1591,
2658 5091 2759 5157 8°.)

1691 5397 2184 5460 ADMONITIO‘.

386 5564 453 5621 In
485 5568 564 5622 Itis
612 5565 861 5638 Hymnis,
894 5561 1081 5638 quibus
1113 5560 1203 5638 Io.
1239 5562 1514 5638 Geometra
1546 5564 1624 5638 HB.
1664 5559 1897 5638 Virginis
1944 5560 2129 5638 laudes
2157 5559 2487 5638 _celebrando
2524 5573 2713 5638 nomen
2762 5557 3056 5638 iliustravit
3101 5573 3279 5638 suum,
3316 5568 3584 5638 perpetuat

315 5647 439 5693 sunt
472 5628 759 5693 allusiones
802 5628 869 5690 ad
903 5628 1176 5691 salutandi
1204 5636 1415 5689 verbum
1458 5636 1653 5705 Χαῖρε,
1680 5628 1782 5703 quo
1813 5632 1951 5705 Grut

2000 5632 2450 5705 _xap&v,1&ptv,
2500 5630 2763 5705 salutent,
2802 5629 3056 5705 gaudium
3083 5640 3135 5682 et
3184 5628 3322 5682 bona
3354 5629 3580 5699 lectaque

317 5711 495 5763 omnia
528 5712 902 5777 precabantur.
936 5706 1000 5760 In
1034 5707 1293 5777 ejusmodi
1324 5722 1440 5762 vero
1473 5699 1946 5777 alliterationibus,
1987 5699 2182 5757 Latina
2215 5704 2304 5757 vix
2334 5719 2397 5756 ac
2430 5717 2492 5777 ne
2521 5701 2607 5777 vix
2639 5699 2866 5777 quidem
2904 5699 3214 5777 ercorum
3257 5710 3578 5777 venustatem

318 5770 539 5849 assequi
558 5788 799 5851 possunt.
834 5770 1095 5851 Caeterum
1121 5780 1248 5851 quia
1285 5777 1509 5851 macula:
1538 5776 1832 5851 etiamtum
1861 5775 2063 5851 aliquot
2085 5781 2425 5851 occurrerunt
2453 5773 2506 5825 in
2530 5770 2925 5851 er'cofodice
2953 5770 3088 5842 (quo
3121 5771 3274 5823 unico
3312 5770 3458 5825 nobis
3500 5771 3578 5851 uti
3620 5820 3631 5831 ,

320 5841 473 5903 licuit
495 5841 793 5917 hactenus).
827 5850 1022 5916 partim
1052 5841 1327 5917 scriptoris
1366 5864 1542 5904 errore
1570 5848 1775 5910 vitiato,
1808 5841 2006 5914 partim
2031 5854 2289 5900 vetustate
2328 5844 2445 5917 ipsa
2474 5856 2637 5917 prope
2660 5841 2942 5917 obliterato
2967 5841 3195 5917 :tequus
3226 5858 3401 5917 rerum
3432 5843 3577 5917 testi-
3618 5846 3631 5882 τ

318 5930 494 5977 motor
521 5913 795 5992 interpreti
828 5913 1089 5991 plerisque
1122 5913 1177 5976 in
1201 5919 1330 5978 locis
1374 5920 1580 5976 mutilis
1611 5928 1662 5975 et
1699 5913 2004 5989 depravatis
2035 5916 2342 5988 ambigenti,
2374 5914 2660 5981 divinanti,
2716 5924 2767 5970 et
2812 5914 3132 5983 coniecturis
3180 5915 3292 5970 suis
3344 5913 3574 5969 medicas
