4044 6620
364 434 469 504 867
834 464 837 465 ν
1616 438 1748 498 JOA
1757 437 1941 499 NNIS
1978 438 2023 498 G
2035 436 2411 499 ΕΟΜΕἸἭᾸΞ
3531 440 3635 508 858

366 554 677 625 Θελξίθεον,
713 552 1062 623 Θελξίφρονα,
1094 551 1408 626 θελξιμενῆ,
1436 552 1721 623 Οεόπαιδα,
2063 556 2302 623 Ῥὺστιν,
2346 554 2652 628 ῥυσίπολιν,
2696 554 3011 630 ῥυσιγενέα,
3036 556 3389 631 ρυσίκοσμον.

376 651 701 723 Ἰοπάρειον,
742 646 1032 721 ξὸμματον,
1067 646 1661 721 ἰὸφρυν,⁷ῐμερὸεσσαν.
2054 651 2354 724 Σώτειραν,
2397 654 2818 724 σελαηγενέτην,
2852 653 3230 726 σελαλαμπέα,
3265 648 3492 727 σεμνὴν,

363 742 713 815 Κοσμογενῆ,
748 742 1132 813 κατάκαρπον,
1159 741 1379 813 κλεινὴν
1412 741 1845 812 κοσμογύναικα,
2049 736 2379 824 Τριτογενῆ,
2411 749 2813 818 τριμάκαιραν,
2852 747 3184 817 τρισσοφαῆ,
3220 748 3563 819 τρισέληνον.

362 832 652 904 Λαοχαρῆ,
684 831 1037 903 λαοοαμϐἐα,
1068 831 1243 903 λιτὴν,
1273 832 1675 905 λαομάκαιραν,
2061 838 2302 909 ’Υψίνον,
2334 836 2723 908 ὑψικάθεδρον,
2751 834 3083 911 ὑπέρτατον,
3114 839 3512 911 ὑψιμέδουσαν.

364 924 661 996 Μυρίθεον,
701 924 1065 997 μυρῐκοσμον,
1105 924 1379 996 μυριφαῆ,
1418 924 1772 996 μυρεκλητον.
2048 922 2384 995 Φωτοτόκον,
2420 929 2764 1000 φαόμορφον,
2800 929 3129 1001 φωτοόόὶον,
3169 931 3495 1000 φαέθουσαν.

366 1017 686 1082 Νειοπόλον,
720 1017 1051 1089 νεόκοσμον,
1072 1017 1349 1083 ναόθετον,
1382 1015 1753 1088 νεοπλάστην,
2049 1021 2453 1101 Χρυσίπεπλον,
2481 1022 2797 1094 χαρίεσσαν,
2819 1024 3201 1096 χρυσόθρονον,
3233 1023 3567 1096 χαριδώτην,

368 1107 709 1173 Ξεινοτόκον,
746 1108 1133 1181 ξενοθρὲπτην,
1173 1107 1496 1174 ξεινότοκον,
1526 1107 1836 1182 ξενόθηλυν.
2054 1114 2421 1187 Ψευδολέτην,
2460 1115 2762 1187 ψύχαγνον,
2796 1117 3087 1191 ψυχοσόον,
3121 1119 3394 1191 ψαλτάδη,

372 1202 614 1269 Ὀλὸιον,
643 1202 977 1275 ὀλϐιόεργον,
1016 1201 1270 1272 ὀνήτορα,
1302 1199 1700 1273 ὀλϐοδότειραν.
2065 1198 2399 1277 Ὠκυτάτην,
2422 1205 2653 1277 ὡραίαν,
2683 1206 2870 1279 ὥριον,
2902 1208 3230 1281 ὡριόπαιδα.

368 1296 752 1370 Παντοκρατῆ,
788 1294 1077 1367 παναλδιῆ,
1096 1286 1403 1366 πασιθέην,’
1419 1295 1774 1365 πασίκλητον.

1792 1407 2086 1465 nmmos
2124 1410 2209 1487 v,

369 1503 567 1588 Graecis
594 1504 825 1588 versibus
860 1502 1085 1588 (teroicis
1146 1502 1211 1558 ab
1243 1504 1453 1586 incerto.
1481 1514 1697 1588 auctore
1730 1506 1974 1586 conditus
2007 1507 2267 1588 exupuris
2298 1506 2581 1588 cpit/telis,'
2596 1517 2830 1588 veterum
2861 1508 3172 1588 hymnorum
3223 1521 3364 1588 more
3392 1521 3410 1559 :
3444 1505 3498 1588 in
3526 1522 3630 1575 quo

435 1578 598 1631 etiam
632 1574 937 1648 litterarum
958 1575 1110 1639 ordo,
1133 1572 1503 1648 carminum'et
1536 1576 1831 1648 dictionum
1862 1572 2140 1648 principiis
2169 1572 2476 1648 obseruatur
2504 1594 2521 1632 :
2551 1574 2738 1632 Latine
2771 1572 2985 1633 liberius
3016 1578 3191 1633 soluta
3221 1579 3460 1632 oratione
3482 1572 3631 1648 (cum

435 1648 664 1701 astricta
692 1662 788 1700 nec
818 1645 999 1700 liberet
1032 1662 1129 1700 nec
1150 1658 1362 1701 venuste
1389 1647 1600 1718 liceret)
1634 1645 1888 1701 verbatim
1921 1645 2084 1716 '[erme
2119 1648 2183 1702 ab
2212 1649 2391 1704 eodem
2422 1647 2713 1719 Interprete
2744 1650 2821 1704 sic
2849 1666 3127 1721 expressus
3151 1658 3250 1705 est.

433 1736 719 1792 Laudibus
740 1736 1081 1793 celebremus
1111 1734 1205 1793 Dei
1238 1733 1365 1791 Filii
1394 1737 1645 1803 Matrem,
1676 1736 1784 1791 Deo
1813 1736 2070 1804 similem,
2103 1737 2371 1809 integram
2404 1737 2672 1807 Sponsam
2702 1753 2720 1795 :

435 1826 570 1893 Quae
594 1826 715 1881 sine
736 1834 857 1881 satu
886 1825 1118 1896 peperit,
1150 1824 1540 1889 castissimam,
1564 1825 1995 1896 integerrimain,
2036 1825 2284 1897 principe
2318 1841 2641 1897 puerperam
2673 1844 2689 1883 :

436 1912 722 1986 Reginam,
753 1926 786 1968 a
818 1912 964 1983 Rege
1002 1912 1266 1984 genitam,
1296 1910 1460 1983 Regis
1486 1911 1801 1984 genitricem
1831 1930 1847 1968 :

435 2002 569 2070 Quae
600 2005 779 2072 gentis
828 2016 943 2056 suae
965 2010 1345 2072 proauctorem
1372 2001 1580 2071 genuit,
1614 2000 1929 2073 Deiparam,
1963 2001 2313 2073 propaginem
2343 2018 2515 2074 genus
2548 2002 2850 2058 humanum
2883 2009 3246 2058 recreautem.

435 2090 574 2158 Quae
594 2091 766 2147 Deum
805 2089 976 2145 dedit.
998 2092 1250 2162 pretium
1276 2091 1668 2162 redemptionis
1698 2091 1953 2156 exsolvit,
1985 2106 2179 2162 graves
2211 2108 2376 2147 casus
2412 2092 2656 2156 sustulit,
2688 2100 2743 2147 et
2772 2100 2954 2161 optata
2988 2090 3178 2161 largita
3211 2097 3314 2146 est.

436 2182 632 2236 Divino
660 2182 859 2251 spiritu
890 2182 1150 2248 alllatam,
1176 2181 1388 2237 felicem
1417 2181 1470 2235 in
1505 2189 1685 2251 partu,
1712 2181 2072 2236 beneﬁcentia
2096 2182 2444 2251 gaudentem,
2475 2182 2715 2251 gentium
2751 2179 3142 2236 liberatriccm.

436 2268 570 2335 ρυω
602 2270 768 2325 vitam
806 2269 1019 2341 peperit
1041 2270 1205 2340 plane
1227 2268 1493 2336 divinam,
1515 2269 2145 2332 vitae'conscrvatricem,
2174 2285 2338 2341 quam
2374 2271 2540 2325 etiam
2572 2270 2823 2341 largitur.

433 2360 569 2424 Quae
598 2359 784 2415 suavis
815 2368 870 2414 et
894 2359 1032 2427 lenis
1065 2368 1312 2429 apparet,
1332 2358 1632 2429 jucundam
1667 2365 1917 2428 aspectu,
1945 2358 2219 2423 blandam,
2252 2359 2404 2413 mitia
2437 2360 2580 2415 dona
2615 2360 2833 2414 dantem
2868 2373 2884 2412 :

436 2449 608 2505 Deum
628 2450 1049 2516 demulcentem,
1085 2461 1322 2505 mentem
1351 2449 1772 2513 exbilarantem,
1805 2458 1969 2502 cantu
1999 2447 2349 2513 allieientem,
2379 2448 2546 2501 Deum
2574 2447 2772 2502 Filium
2801 2446 3096 2503 habentem
3131 2463 3147 2501 :

436 2538 710 2595 Violaceis
741 2539 896 2609 genis
927 2547 982 2593 et
1016 2538 1215 2603 oculis,
1245 2546 1301 2593 et
1334 2538 1612 2608 prazstanti
1642 2546 1827 2593 mente
1861 2537 2167 2607 praeditam,
2191 2536 2557 2592 desideratam
2588 2554 2602 2593 :

435 2628 496 2683 ln
529 2629 737 2683 mundo
763 2628 1026 2700 genitam,
1055 2626 1419 2692 fructuosam,
1457 2627 1852 2698 percelebrem,
1879 2624 2066 2680 mundi
2091 2624 2492 2695 lmperatricem
2525 2642 2539 2679 :

436 2716 705 2771 Luatitiam
731 2727 789 2770 et
825 2726 1108 2786 stuporem
1144 2715 1496 2786 populorum,
1521 2730 1551 2769 a
1581 2715 1785 2785 quibus
1816 2716 1973 2771 beata
2001 2713 2351 2784 praedicatur,
2385 2728 2510 2768 cum
2548 2712 2900 2784 simplicitate
2923 2722 2977 2769 et
3002 2712 3311 2785 abjectione
3333 2708 3529 2767 animi.

438 2804 788 2876 Unguentum
824 2803 919 2859 Dei
950 2816 1002 2859 et
1036 2803 1252 2870 mundi,
1287 2804 1551 2875 unguenti
1591 2804 1862 2858 suavitate
1887 2802 2193 2873 praeditam,
2228 2810 2283 2856 et
2311 2816 2342 2854 a
2381 2801 2603 2873 myrrha
2630 2811 2876 2856 vocatam
2910 2817 2925 2854 :

434 2893 647 2949 Novum
678 2892 901 2958 malum,
936 2908 1140 2948 novum
1170 2892 1463 2958 mundum,
1492 2892 1677 2960 templi
1708 2892 2141 2954 aediﬁcatricem.
2168 2905 2361 2946 novam
2396 2901 2731 2944 creaturam.

433 2982 587 3036 Novo
613 2992 770 3053 partu
803 2982 1033 3049 editam,
1066 2997 1267 3037 novum
1300 2991 1515 3052 partum
1546 2981 1819 3047 edentem,
1848 2980 2227 3035 admirandam
2260 2978 2567 3033 mulierem.

436 3070 672 3125 Felicem
702 3079 756 3124 et
786 3068 1036 3135 divitem,
1072 3067 1302 3125 feliciter
1341 3077 1687 3140 operantem,
1725 3069 2071 3139 adjutriccm,
2098 3067 2413 3122 divitiarum
2447 3065 2711 3121 datricem
2744 3084 2758 3120 :

432 3156 901 3227 Omnipotentem,
936 3172 1129 3214 omnes
1161 3158 1213 3212 in
1246 3173 1305 3213 se
1330 3159 1473 3214 vires
1504 3156 1818 3224 habentem,
1847 3158 2105 3214 omnibus
2133 3166 2441 3228 parentem,
2472 3157 2542 3212 ab
2570 3157 2833 3213 omnibus
2860 3156 3168 3212 invocatam
3204 3174 3220 3214 :

433 3244 850 3310 Liberatricem,
885 3246 1104 3300 urbium
1136 3246 1385 3313 tutelam,
1413 3246 1631 3316 generis
1663 3246 1750 3301 sui
1776 3255 1831 3301 et
1861 3246 2049 3302 mundi
2082 3245 2399 3316 prtesidium
2437 3263 2453 3298 :

437 3334 822 3400 Servntrieem,
848 3351 969 3405 quae
999 3334 1164 3405 jubar
1194 3336 1507 3406 progenuit,
1534 3335 1802 3406 lampadis
1833 3335 2006 3390 instar
2031 3337 2326 3402 lucentem,
2365 3335 2733 3391 venerabilem
2764 3353 2779 3391 :

440 3422 615 3479 Unius
646 3440 675 3478 e
706 3419 979 3479 "l‘rinitate
1014 3434 1320 3494 parentem,
1347 3436 1430 3479 ter
1469 3425 1709 3491 beatam,
1738 3426 1913 3480 tribus
1946 3424 2245 3481 luminibus
2271 3426 2562 3490 illustrem,
2593 3436 2675 3479 ter
2702 3426 2832 3480 luna
2864 3424 3259 3495 pulchriorem.

439 3512 574 3566 Alta:
606 3513 803 3568 mentis
830 3528 1108 3583 capacem,
1138 3514 1190 3567 in
1221 3514 1438 3569 excelsa
1464 3514 1592 3570 sede
1627 3517 1881 3583 positam,
1912 3502 2224 3581 sublimem,
2258 3515 2309 3569 in
2340 3516 2465 3570 altis
2490 3524 2809 3585 regnantem
2839 3533 2854 3570 :

432 3601 681 3657 Luminis
709 3602 1160 3671 procreatricem,
1192 3602 1313 3657 luce
1343 3612 1594 3657 ornatam
1629 3613 1683 3659 et
1706 3606 1981 3670 amictam,
2020 3604 2325 3675 splendenti
2357 3604 2497 3661 facie
2526 3624 2541 3660 :

434 3691 618 3745 Aureo
651 3692 806 3761 peplo
842 3686 1117 3754 ornatam,
1154 3698 1433 3760 aureaque
1464 3692 1520 3747 in
1556 3693 1752 3746 throno
1786 3693 2083 3757 sedentem,
2113 3694 2364 3761 gratiam,
2401 3704 2455 3748 et
2482 3694 2712 3764 gratiam
2743 3693 3063 3765 largientem
3101 3711 3115 3747 :

435 3777 698 3834 ilendacii
722 3780 1114 3845 adversariam,
1135 3780 1374 3835 animam
1396 3796 1583 3850 puram
1602 3782 1912 3847 habentem,
1927 3782 2237 3837 animarum
2253 3783 2483 3837 salutem
2500 3792 2881 3852 procurantem
2894 3826 2906 3849 ,
2922 3782 3151 3837 canticis
3167 3781 3270 3852 piis
3290 3780 3636 3853 gaudentem.

442 3865 859 3924 Velocissimam
902 3868 993 3941 [ad
1026 3882 1184 3940 opem
1216 3869 1332 3924 suis
1366 3868 1689 3943 ferendam],
1721 3868 2039 3938 formosam,
2069 3871 2522 3927 venustissimum
2554 3872 2754 3927 Filium
2793 3860 3105 3928 habentem.

1172 4213 1863 4333 ΙΩΑΝΝΟΥ
1938 4214 2851 4335 ΓΕΩΜΕΤΡΟΥ

964 4428 1616 4485 ΕΠΙΓΡΑΜΜᾹΤΔ
1681 4427 2277 4495 ΤΕΤΡᾹΣΤΙΧΑ,
2334 4427 2439 4480 ΩΝ
2491 4428 2537 4480 Π
2599 4429 3045 4487 ΕΠΙΓΡΛΦΗ

1764 4584 2003 4640 ΠΑΡΑΔ
2012 4586 2130 4639 ΕΙΣ
2134 4586 2226 4638 ΟΣ
2229 4624 2245 4639 .

1252 4841 1853 4958 JOANNIS
1948 4841 2766 4960 GEOMETBAZ

896 5066 1497 5134 EPIGRAMMATA
1531 5058 2096 5132 TETRASTICHA
2139 5069 2423 5144 QUIBUS
2459 5070 2820 5135 TITULUM
2852 5048 3093 5139 FECIT

1763 5232 2124 5295 PARADIS
2131 5233 2246 5296 US.

1219 5400 1413 5465 (Edidit
1438 5400 1560 5451 Fed.
1589 5399 1840 5461 Morellus,
1864 5406 2058 5464 typogr.
2084 5401 2275 5465 regius,
2300 5402 2519 5468 Parisiis,
2544 5404 2683 5469 1593,
2704 5408 2799 5469 8°.)

363 5640 405 5694 Δ
431 5678 443 5692 .
479 5638 591 5689 Ὀτι
615 5632 914 5699 ἀθάνατος
932 5630 1058 5700 τοῖς
1078 5632 1608 5706 ἀναγινώσκουσιν
1625 5637 1665 5707 ἡ
1679 5636 1958 5708 ὠφέλεια.

2064 5637 2106 5692 Ι.
2146 5637 2301 5704 Quod
2345 5637 2507 5707 huius
2534 5642 2795 5766 poenititiil
2819 5653 3068 5769 pezpetua
3094 5646 3278 5717 futura
3316 5648 3386 5702 sit
3424 5649 3638 5706 utilitas

2718 5729 2773 5767 ec
2802 5731 2878 5767 ora
2920 5732 3001 5769 us.

2718 5722 3001 5769 actoribus.

378 5810 691 5882 Ἀνθεμόεις
715 5811 1045 5885 παράδεισος
1073 5816 1101 5869 ὁ
1135 5814 1242 5870 τῶν
1270 5816 1442 5886 ἁγίων
1481 5819 1638 5889 χορός
1665 5819 1833 5885 ἐστιν,

1747 5837 1833 5885 τιν,
2057 5822 2379 5878 Sanctorum
2408 5832 2583 5879 emtus
2615 5839 2737 5880 vere
2760 5829 3048 5897 paradisus
3074 5846 3344 5899 amoenus,

450 5907 650 5981 Ὀδμῆς
682 5908 864 5981 ἡδείης
893 5908 1125 5982 πείρατα
1167 5911 1575 5983 πιμπλάμενος.

2102 5913 2518 6004 ⁵-υιιίίο-ωιίηιίε
2549 5917 2693 5974 alllat
2723 5921 2908 5977 suavis
2935 5932 2988 5980 et
3014 5925 3189 5982 almus
3217 5930 3350 5983 odor
3382 5946 3398 5985 :
