4010 6636
378 367 493 461 ὃτι
1622 368 1944 431 JOANNIS
1976 365 2407 429 GEOMETRI'E
3536 360 3641 422 872

450 486 711 567 Sabbalo,
749 494 803 541 et
831 486 1088 543 occiduas
1111 485 1229 542 sole
1262 492 1480 556 petente
1515 485 1721 557 plagas,
1988 496 2031 549 Α

1706 524 1721 551 ,
1988 496 2031 549 Α
2132 483 2413 536 Σαϐϐάτου
2443 480 2615 533 ἵστατ’
2647 476 2807 548 ἀφεὶς
2839 476 2992 548 ἥλιον
3026 473 3282 549 ἐξοπίσω.

378 577 648 647 Perpetua
678 581 912 634 statione
947 594 1138 649 preces
1167 579 1467 644 etI‘undere,
1500 578 1697 633 deinde

2070 579 2237 647 Ἀχρι
2271 577 2368 647 μὲν
2406 577 2464 629 ὲν
2497 573 2788 644 στήθεσσιν
2817 571 3095 635 ἐϐάλλετο,
3136 569 3232 623 καὶ
3260 567 3370 622 τότ’
3403 568 3644 631 ἀποστὰς

451 675 656 729 Caetera
687 689 783 744 per
808 680 980 728 totum
1013 674 1200 727 munia
1235 673 1387 729 obire
1418 674 1585 729 diem.

2142 667 2434 739 Ἢματὶαις
2466 665 2631 719 αὑτὸν
2667 664 2954 735 ἐργασίαις
2985 662 3183 715 ἐδίδου.

751 806 869 861 XII.
912 806 1070 862 Domi
1102 809 1423 863 manendum
1458 824 1592 863 esse.

2432 803 2533 858 IB'.
2574 803 2705 857 "Ott
2733 801 2888 856 οἴκοι
2916 800 3006 853 δεῖ
3033 799 3259 868 μένειν.

384 922 704 977 CammIrus
746 923 887 976 haud
922 924 1066 977 ardes
1108 924 1355 993 proprias
1404 922 1743 991 patriamque
1793 919 1962 974 relin-

1923 939 1962 973 ι-
2077 923 2339 985 ’Δστακὸς
2368 919 2541 983 οὐδείς
2580 921 2728 972 ἐστιν
2759 916 3023 980 ἀνέστιος,
3060 914 3121 967 οὐ
3153 912 3506 982 λιπόπατρις,

456 1012 567 1068 Nec
591 1014 725 1068 muti
756 1014 931 1083 pisces
964 1015 1140 1068 littora
1176 1024 1522 1084 praetereunt.
1788 1009 1962 1082 [qnit,

1788 1009 1962 1082 ['Iuit,
2136 1013 2271 1068 Οὐδὲ
2308 1013 2464 1082 γένος
2497 1011 2734 1066 νεπόδων
2767 1009 2889 1062 θῖνα
2930 1005 3330 1076 παρατροχάει.

390 1106 455 1160 Et
484 1106 787 1161 monachus
816 1122 915 1161 sua
944 1107 1056 1160 vult
1085 1115 1263 1159 tamen
1293 1115 1443 1160 extra
1468 1105 1704 1159 claustra
1737 1104 1960 1169 morari,

1779 1104 1960 1169 iurari,
2067 1106 2177 1161 Καὶ
2214 1105 2446 1175 μοναχὺς
2475 1102 2693 1174 δηθύνει
2725 1102 2816 1170 ἑῆς
2843 1098 3122 1168 ἀπάτερθε
3149 1096 3362 1165 καλιῆς.

457 1198 595 1253 Cum
624 1199 804 1268 laquei
836 1198 891 1251 in
921 1197 1132 1253 foribus
1163 1197 1441 1266 multaque
1474 1196 1653 1250 vincla
1685 1197 1848 1249 sient.
1984 1262 1991 1264 ν

1984 1262 1991 1264 ν
2140 1197 2322 1252 Πολλὰ
2348 1196 2503 1251 πέλει
2537 1195 2642 1267 πρὸ
2676 1194 2854 1266 θυρῶν
2884 1192 3115 1264 ἅμματα
3138 1191 3232 1243 καὶ
3259 1188 3503 1257 παγίδες,

391 1331 530 1387 Xlll.
571 1330 722 1387 Nihil
767 1347 942 1386 rerum
995 1347 1310 1402 magnarum
1355 1332 1469 1397 sine
1525 1330 1735 1385 ardenti
1788 1328 1966 1383 animo

986 1405 1175 1472 conﬁci
1207 1419 1378 1472 posse.

2069 1333 2170 1389 11".
2208 1335 2337 1389 Ὅτι
2358 1332 2539 1389 οὐδὲν
2554 1332 2671 1387 τῶν
2688 1330 2968 1403 μεγάλων
2990 1329 3136 1384 ἄνευ
3160 1328 3384 1399 γίνεται
3400 1327 3646 1396 τόλμης.

986 1419 1175 1472 con/2c:
1207 1419 1378 1472 posse.

395 1516 649 1571 Decrerat
675 1516 801 1587 quis
840 1531 898 1572 se
923 1533 989 1572 ex
1018 1515 1299 1572 hominum
1336 1515 1643 1573 subducere
1672 1526 1839 1582 ccetu,

2070 1515 2301 1570 Βούλετό
2334 1531 2419 1580 τις
2445 1514 2567 1569 καθ’
2597 1514 2655 1569 ἓν
2683 1508 2840 1585 ἦμαρ
2871 1511 3241 1581 ὑπεκφυγέειν
3268 1509 3491 1579 βιότοιο,

463 1611 579 1664 Hoc
611 1621 791 1664 tamen
825 1611 1038 1679 hocque
1062 1610 1238 1677 aiens,
1267 1624 1374 1663 non
1406 1609 1697 1681 peragebat
1722 1625 1881 1681 opus.

2157 1608 2318 1662 Ἀλλὰ
2350 1607 2419 1660 τὰ
2449 1608 2544 1661 καὶ
2572 1607 2638 1660 τὰ
2676 1606 2851 1675 λέγων
2886 1603 3086 1676 εἰρύετ’
3116 1602 3268 1655 ἐνθεν
3294 1602 3471 1670 ἀφεὶς,

390 1700 615 1770 Abjecta
648 1703 865 1763 tandem
896 1702 1104 1768 tunica,
1136 1700 1272 1757 levis
1296 1701 1364 1756 ad
1399 1700 1530 1772 juga
1567 1700 1758 1756 tendit.

2073 1702 2187 1757 Kal
2212 1701 2273 1754 τὸ
2304 1701 2554 1773 χιτώνιον
2586 1700 2719 1755 αὐτὸ
2750 1699 2816 1752 δι’
2844 1700 3019 1770 ἄκρας
3055 1697 3257 1767 έδραμε
3283 1695 3505 1763 κοῦφος·

462 1792 669 1881 IVempe
693 1791 812 1846 viro
838 1792 1062 1847 audenti
1095 1792 1275 1847 sidera
1313 1791 1466 1847 adire
1488 1791 1635 1846 licet.
2001 1842 2045 1901 Β

2001 1842 2047 1901 Β
2158 1793 2338 1863 Ἀνδρὶ
2356 1795 2463 1866 γὰρ
2490 1792 2740 1864 εὐτόλμῳ
2772 1793 2867 1846 καὶ
2908 1791 3069 1854 πόλος
3101 1790 3219 1844 ἐστὶ
3253 1788 3432 1859 βατός.

558 1904 695 1960 XIV.
738 1902 984 1974 [napiam
1016 1912 1255 1957 sanctam
1286 1918 1397 1959 esse
1425 1902 1482 1956 in
1512 1901 1806 1957 monachis.
2080 1909 2141 1961 ιΔ

2080 1907 2177 1962 ΙΔ’.
2210 1906 2341 1960 Ὅτι
2366 1907 2405 1975 ἠ
2427 1905 2816 1975 ἀκτημοσύνη
2842 1904 2997 1974 ἁγνὴ
3032 1904 3101 1956 ἐν
3131 1901 3438 1972 μονσχοῖς.

393 2019 655 2075 Mundum
684 2017 913 2073 illustris
935 2017 1100 2071 homo
1120 2024 1500 2081 contemnens,
1528 2014 1763 2086 plurima
1789 2010 1976 2085 egenis

1953 2028 1977 2067 Β
2075 2017 2238 2077 Ἦλθ’
2269 1996 2683 2092 ἀξιοταξάμενος
2714 2019 3031 2083 κυδίστατος
3060 2018 3118 2082 ἐς
3152 2017 3348 2072 Σκίταν
3377 2016 3536 2088 ἀνὴρ,

468 2113 721 2177 Donavit,
749 2111 996 2181 quaedam
1030 2109 1389 2180 seposuitque
1409 2109 1537 2165 sibi.

2148 2115 2261 2169 Kal.
2290 2115 2424 2169 πολὺ
2458 2114 2650 2185 χρῆμα
2678 2113 2859 2177 διδοὺς
2883 2112 3142 2166 κάλλιπέν
3169 2112 3227 2165 οἵ
3248 2130 3297 2165 τι
3332 2111 3514 2181 μέρος.

395 2206 565 2271 Alter,
597 2203 803 2270 Prima,
826 2203 1025 2273 inquit,
1055 2202 1151 2256 tibi
1175 2199 1344 2271 gloria
1366 2199 1597 2272 deperit,
1624 2197 1880 2268 haudque
1918 2211 1978 2253 es

2087 2202 2310 2262 Εἶπεδέ
2327 2221 2433 2270 τις⁶
2461 2206 2574 2259 Kal.
2599 2204 2659 2258 τὸ
2690 2205 2821 2275 πρὶν
2848 2204 3158 2268 ἀπώλεσας,
3192 2197 3237 2257 ὦ
3263 2203 3405 2273 φίλε,
3433 2201 3590 2265 κῦδος

465 2299 599 2354 Cum
622 2300 816 2365 donas,
848 2296 1093 2351 retinens
1126 2296 1316 2357 multa,
1342 2295 1622 2350 vocandus
1653 2294 1828 2363 inops.

2165 2299 2413 2372 Τερπνὸν
2439 2300 2548 2366 ὲδν,
2582 2299 2677 2354 καὶ
2706 2299 2859 2363 ὁδοὺς
2889 2298 2990 2352 οὐκ
3022 2296 3227 2368 ἐπέϐης
3256 2296 3446 2350 ἁϐίων.

632 2430 751 2485 XV.
790 2430 1019 2484 Divitias
1048 2429 1237 2484 noxias
1265 2427 1591 2498 objiciendus
1621 2442 1751 2482 esse.
2206 2434 2215 2487 1

2206 2430 2311 2487 IE'.
2354 2432 2488 2486 Ὀτι
2516 2429 2846 2499 “tenuem
2866 2429 3131 2495 πλοῦτος
3160 2426 3523 2495 ἀπόϐλητος.

400 2567 693 2639 Splendida
720 2566 845 2637 quis
864 2565 1011 2622 tenui
1036 2580 1206 2621 censu
1238 2578 1482 2634 conopea
1517 2571 1731 2628 nactus,

2083 2568 2333 2639 Πλουσίῳ
2361 2568 2419 2621 ὲν
2450 2566 2638 2640 κλισίῃ
2664 2564 3044 2636 προσεϐήσατο
3079 2564 3300 2635 μέτριος
3323 2563 3483 2633 ἀνήρ·

470 2660 743 2715 Attonitus
772 2657 948 2714 fuerat
973 2656 1287 2727 divitiisque
1312 2656 1448 2712 suis.

2160 2662 2269 2717 Τοῦ
2300 2662 2355 2716 δὲ
2383 2659 2794 2733 ταρασσομένου
2829 2654 2969 2713 οἷσιν
3003 2659 3096 2712 ἐπὶ
3122 2658 3391 2721 κτεάνοις,

402 2753 527 2809 Ilaec
560 2754 663 2809 nisi
696 2750 996 2823 perdideris
1027 2751 1154 2818 cito,
1185 2749 1261 2805 ait
1291 2748 1536 2820 quidam,
1569 2746 1774 2817 optime
1813 2745 1910 2812 lili,

2083 2758 2146 2813 Εἰ
2171 2758 2234 2810 σὺ
2264 2756 2400 2821 τάδ’,
2429 2751 2572 2821 εἷπε,
2597 2754 2721 2834 μαλ’
2749 2747 2889 2817 ὦκα,
2913 2752 2989 2825 μὴ
3013 2752 3285 2824 ὲξολέσῃς,
3312 2751 3434 2821 φίλε
3453 2749 3659 2816 τέκνον,

472 2846 813 2901 I’raevenient
847 2858 976 2897 mox
1001 2852 1073 2909 te,
1101 2842 1510 2913 perniciemque
1546 2840 1740 2895 ferent.

1651 2850 1740 2894 ειιιο
2151 2850 2301 2904 Αὐτά
2325 2865 2385 2902 σε
2414 2847 2732 2919 προφθάντα
2764 2846 2944 2920 ῥᾴδιον
2976 2844 3234 2911 ὲξολέσει.

579 2958 722 3013 XVI.
761 2957 873 3014 Sua
902 2957 1079 3028 potius
1101 2957 1284 3027 cuique
1307 2954 1636 3025 deplorando
1667 2971 1797 3009 esse.

2176 2967 2296 3037 IG'.
2335 2964 2677 3036 Θρηνητέον
2701 2962 2944 3035 μᾶλλον
2971 2961 3208 3028 ἑκάστῳ
3237 2962 3311 3017 τὰ
3338 2959 3576 3015 ἑαυτοῦ.

399 3072 565 3129 Chari
596 3073 690 3143 qui
722 3073 975 3128 astabant
1004 3071 1245 3126 animam
1278 3068 1567 3126 exhalante
1600 3067 1823 3123 Theone
1845 3066 1944 3138 (4),

1853 3066 1944 3138 [θ’
2098 3083 2436 3138 Ἐκλείποντι
2457 3083 2631 3137 Θέωνι
2662 3081 2804 3153 φίλοι
2843 3080 3121 3145 συνιόντες
3151 3080 3436 3151 ἐθρήνουν,

477 3163 760 3235 Lugebant
792 3180 806 3218 :
838 3161 1028 3218 ﬂentes
1058 3161 1138 3217 sic
1166 3161 1291 3233 pius
1318 3159 1625 3230 increpuit:

2158 3178 2285 3241 Τοῖς
2314 3176 2358 3229 δ’
2387 3175 2809 3247 ὀλοφυρομένοις
2838 3174 3187 3245 μεμφόμενος
3221 3172 3335 3226 τάδ’
3365 3170 3490 3241 ἔφη*

403 3254 587 3311 Nostis
618 3253 875 3309 nitnirum
904 3269 1064 3324 quam
1091 3254 1164 3309 sit
1194 3253 1341 3310 ferus
1372 3251 1602 3317 infcrus,
1636 3260 1690 3304 at
1716 3266 1812 3305 cur

2014 3251 2058 3309 C
2092 3260 2219 3323 Ὧδε
2277 3267 2388 3339 γὰρ
2420 3266 2622 3330 ειδότες
2651 3262 2762 3329 οἷος
2788 3268 2816 3319 ὁ
2838 3265 2971 3337 ᾅδης
2998 3263 3270 3336 ἁρπαλέος
3299 3261 3423 3333 θὴρ.

476 3349 641 3406 Ficus
664 3349 734 3405 οῙ)
764 3357 1043 3416 externas:
1075 3364 1180 3403 "0“
1213 3346 1463 3419 Proprias
1488 3344 1728 3400 “lamnas
1762 3341 1880 3414 (5)ῖ’
1936 3418 1975 3430 _
2164 3361 2383 3417 Μᾶλλον
2419 3360 2508 3414 ἐπ’
2547 3342 2849 3433 ἀὶξλοτρίοις
2884 3358 3072 3430 χεύετε
3101 3356 3276 3428 δάκρυ
3305 3357 3481 3410 τόσον.

452 3478 615 3535 x‘m-
651 3478 759 3535 Ευδ
788 3482 877 3552 qui
909 3489 1191 3551 αῖθτοίαηι»
1225 3498 1417 3536 “mare
1461 3481 1596 3535 αίίοδ
1633 3495 1735 3533 ηοη
1763 3494 1933 3550 Ροδδε·
2095 3499 2191 3554 IZ’.
2223 3498 2345 3551 Ὅτι
2368 3498 2480 3551 οὐκ
2510 3497 2642 3552 ἐστι
2666 3495 2894 3559 νοσεῖν,
2927 3494 3025 3548 καὶ
3046 3493 3395 3563 θεραπεύειν
3418 3490 3663 3559 ἄλλους.

405 3592 476 3647 Ut
500 3593 620 3648 Iialei
651 3594 861 3665 antiqui
893 3595 1085 3665 genios
1113 3595 1359 3665 repulere
1388 3595 1656 3667 malignos
1685 3611 1700 3649 :

2100 3616 2324 3685 Ἔξελον
2351 3617 2400 3669 οἱ
2436 3617 2692 3686 πρότεροι
2720 3570 2814 3667 uial.
2842 3614 3105 3685 δαίμονας
3147 3613 3214 3683 ἥν
3239 3610 3326 3665 διὰ
3359 3610 3560 3665 πίστιν.

477 3685 603 3741 Haec
638 3696 841 3755 manet,
872 3696 928 3741 at
963 3688 1137 3744 virtus
1171 3689 1225 3742 in
1252 3688 1479 3744 nebulas
1508 3687 1661 3743 abiit.
2035 3737 2040 3743 .

2035 3737 2040 3743 -
2181 3708 2251 3764 Ἦ
2283 3708 2341 3763 δὲ
2373 3685 2546 3779 μένει,
2576 3685 2645 3760 τὰ
2672 3707 2729 3761 δέ
2755 3724 2857 3760 που
2875 3707 2934 3760 ὲν
2960 3706 3242 3775 νεφέεσσιν
3277 3703 3387 3759 ἔδυ.

403 3779 532 3835 lure
564 3781 692 3835 hinc
724 3779 929 3850 Pityrio
958 3781 1191 3845 dicebat,
1217 3781 1503 3837 Daemonas
1537 3796 1729 3838 omnes

2096 3799 2233 3856 Εῐπε
2272 3803 2331 3857 δὲ
2356 3801 2654 3872 Πιτυρίωνο
2693 3800 2820 3854 Ῥέα
2849 3800 3112 3870 δαίμονας
3143 3799 3457 3866 ὲξελάσειεν

478 3871 718 3945 Expellet
748 3872 905 3929 facile
936 3873 1030 3943 qui
1060 3874 1213 3944 prius
1248 3888 1278 3928 a
1313 3888 1372 3929 se
1403 3875 1601 3946 abiget.

2111 3898 2207 3960 Ὃς
2238 3895 2413 3968 πρῶτ’
2436 3871 2689 3962 ἐξαύτοῦ
2717 3893 2906 3947 τούσδε
2933 3893 3298 3947 διεσκέδασεν.

403 4005 591 4060 XVIII.
636 4005 787 4073 Quod
816 4008 1090 4084 miseratio
1116 4025 1283 4084 quain
1304 4010 1365 4084 de
1393 4028 1447 4064 se
1475 4013 1707 4066 excitant
1734 4028 1988 4084 pauperes

952 4027 1090 4061 ratio
1116 4027 1273 4079 quam
1304 4027 1365 4064 ac
1393 4028 1447 4064 se
1475 4027 1707 4066 excitant
1734 4028 1988 4084 pauperes
2202 4032 2310 4088 ων,
2346 4035 2469 4088 »οτι
2496 4052 2530 4088 κ

948 4080 1077 4150 ipsis
1110 4096 1202 4135 nos
1232 4080 1446 4153 obliget.

2202 4032 2310 4088 ΠΥ.
2346 4035 2469 4088 ’Ὁτι
2496 4034 2838 4103 κατάχρεως
2868 4033 2900 4087 ὁ
2928 4027 3129 4099 οἷκτος
3156 4030 3283 4099 τοῖς
3310 4031 3588 4102 πένησιν.

406 4213 460 4269 Si
498 4230 596 4269 sua
629 4215 931 4285 οοηφοεῖιο
958 4215 1203 4272 velare“
1228 4216 1434 4273 Ῑυηιίηίδ
1470 4220 1649 4290 θςοηί,
2096 4236 2158 4290 El
2187 4235 2471 4289 συνέθεντο
2506 4232 2736 4305 πένητες
2765 4234 2828 4287 ἑὰ
2860 4233 3084 4305 βλέφαρ’
3120 4231 3584 4303 ὰμφικαλύπτειν,

476 4306 636 4362 Forte
656 4308 781 4377 quis
811 4308 1047 4363 ambiret
1079 4310 1392 4380 pauperiem
1424 4310 1691 4382 locuples.

1654 4327 1691 4366 5-
2170 4327 2432 4390 Πλούσιος
2464 4328 2624 4397 ἤθελέ
2658 4345 2742 4391 τις
2770 4328 2935 4400 ἀλατῃ
2964 4326 3237 4399 προθέειν.

402 4401 568 4471 Atqui
600 4416 723 4456 eum
749 4403 979 4457 reddant
1010 4402 1165 4456 nobis
1194 4402 1491 4472 jucundius
1521 4420 1739 4469 aurum,

2096 4420 2215 4473 Νῦν
2248 4419 2292 4472 δ’
2324 4421 2447 4473 ἐπεὶ
2470 4420 2782 4475 ὲκτελέουσι
2819 4420 2876 4474 τὸ
2909 4421 3132 4491 χρυσίον
3164 4420 3315 4492 ἥδιον
3341 4422 3493 4493 ἡμῖν,

475 4494 667 4548 Nonne
698 4493 782 4549 his
806 4510 904 4565 par
933 4494 1148 4549 Cereris
1181 4493 1354 4551 frusta
1382 4496 1579 4565 pusilla
1608 4496 1740 4550 dare
1772 4494 1885 4565 (6)?

1795 4494 1885 4565 6)?
2165 4512 2241 4565 Οὐ
2276 4511 2381 4581 χρὴ
2418 4510 2734 4575 ὲπιστάζειν
2774 4513 2949 4567 τοῖσδε
2985 4512 3135 4564 σίτου
3160 4512 3374 4584 ρανίδα.

404 4604 547 4661 XIX.
588 4604 730 4659 Male
758 4604 1018 4676 agendum
1059 4622 1161 4659 non
1194 4623 1325 4671 esse,
1356 4617 1405 4661 et
1432 4618 1612 4677 postea
1640 4606 1984 4675 precandum.

2034 4624 2066 4685 ἱ)
2138 4624 2239 4681 ιθθ.
2282 4626 2401 4681 Ὅτι
2428 4628 2499 4682 οὺ
2526 4626 2810 4697 πράττειν
2836 4627 2945 4692 δεῖ,
2969 4627 3067 4685 καὶ
3097 4628 3281 4693 οὕτως
3318 4629 3617 4699 εὔχεσθαι.

407 4720 531 4773 Dira
564 4719 735 4776 fames
765 4721 954 4776 urbem
988 4730 1259 4791 premeret
1283 4722 1413 4776 dum
1438 4721 1581 4790 juris
1609 4736 1860 4794 egenam,

1786 4737 1860 4789 m9
2099 4739 2269 4793 ’Δστυ
2296 4738 2456 4809 λιμὸς
2479 4738 2654 4812 ἔτειρε
2686 4740 3032 4814 δικαιοσύνης
3067 4742 3155 4797 διὰ
3186 4742 3364 4814 λιμόν·

478 4813 720 4867 Orabant
745 4814 889 4868 cives
921 4814 1213 4869 miriﬁcum
1251 4813 1465 4877 Sisoen,

2166 4832 2288 4886 Τῶν
2322 4833 2378 4886 δὲ
2402 4833 2802 4888 κατοικούντων
2834 4835 3171 4906 λισσομένων
3199 4836 3395 4909 Σισόην

406 4905 661 4962 Numinis
698 4908 1014 4979 imploraret
1044 4922 1201 4977 Opem
1239 4924 1252 4962 :
1288 4904 1570 4977 respondit
1599 4913 1655 4960 at
1684 4903 1795 4970 ille,

2090 4922 2387 4991 Εὖξασθαι,
2413 4924 2545 4987 Θεὸς
2574 4924 2649 4989 ὡς
2672 4924 2814 4978 ἔλθοι
2841 4903 3223 4997 ἐπιτάρροθος,
3250 4903 3423 4980 εἶπεν·

479 4998 521 5054 0
555 5000 786 5067 utinam,
811 5000 983 5066 cives,
1016 4999 1119 5055 hac
1150 4998 1487 5069 proculurbe
1517 4996 1708 5052 forem.

2160 5016 2297 5071 Οὖδὲ
2331 5017 2439 5089 γὰρ
2465 5017 2626 5081 αὐτὸς
2660 5016 2772 5087 ἐγὼ
2802 4996 3202 5089 ἦθελονένθάδ⁹
3235 5018 3389 5089 ἔμεν.

406 5133 525 5190 ΧΧο
570 5133 634 5188 Ῑ¹¹
672 5135 824 5278 "bss
849 5136 1514 5277 ἴίαξςιηξίξιίὲθέδῑῗὶἐξῖὦῖξξῗ
1545 5145 1850 5261 “scalmum
1878 5152 1988 5193 ⁸³³⁸
2090 5150 2175 5210 κ’.
2214 5153 2472 5208 Ὄτικάν
2487 5152 2611 5220 τοῖς
2626 5153 2976 5225 ἀναγκαίοις
2992 5154 3058 5209 τό
3080 5155 3398 5224 ἀπέριττον
3414 5153 3666 5225 ἀκριϐές.

793 5226 856 5261 uo
929 5226 960 5259 η
1068 5226 1080 5259 1
1327 5224 1336 5234 ’
1535 5226 1561 5261 ε
1618 5246 1633 5261 ο

793 5224 893 5261 uua
929 5224 1145 5260 ηιιηιιηε
1179 5224 1504 5261 suncrnuum
1535 5224 1633 5261 est.

405 5319 533 5377 llaec
564 5322 666 5377 tria
696 5338 802 5377 non
835 5338 1058 5394 possum
1090 5321 1384 5388 dimittere,
1410 5322 1545 5378 dixit
1572 5321 1786 5394 Apollo,

2090 5332 2266 5405 Νικᾷν
2296 5332 2365 5387 τὰ
2394 5332 2519 5405 τρία
2539 5332 2714 5389 ταῦτα
2739 5336 3027 5407 ἀμηχανῶ,
3062 5331 3216 5391 εἷπεν
3258 5336 3530 5404 Ἄπολλῶ,

474 5413 616 5468 Aluii
644 5415 823 5469 somni
859 5430 1038 5479 usum,
1072 5414 1230 5484 panis
1261 5423 1315 5469 et
1346 5414 1653 5480 assiduum,

2163 5426 2269 5479 Τὸν
2298 5424 2555 5496 ζείδωρον
2587 5425 2775 5492 ὕπνον,
2811 5428 2905 5480 καὶ
2938 5428 2998 5481 τὸ
3026 5428 3101 5499 μὴ
3127 5430 3291 5500 ἄρτον
3320 5428 3463 5493 ἔδει,

407 5506 674 5578 Quodque
696 5508 1073 5563 indumentum
1097 5524 1225 5580 gero
1252 5526 1265 5563 :
1290 5508 1645 5570 verumjstazc
1670 5509 1770 5565 tria
1795 5528 1989 5569 rursus

2092 5516 2201 5569 Kal.
2226 5514 2429 5585 τρίτον,
2456 5516 2589 5569 αὐτὸ
2610 5516 2671 5570 τὸ
2696 5518 2867 5586 φάρος
2894 5519 2922 5571 ὃ
2954 5519 3205 5589 ἓννυμαι·
3239 5521 3376 5575 ἀλλὰ
3418 5520 3515 5576 καὶ
3540 5516 3668 5577 αὐτὰ

479 5601 597 5657 Non
632 5602 756 5671 plus
780 5618 942 5674 quam
974 5618 1072 5675 par
1103 5613 1185 5659 est
1212 5616 1296 5658 me
1327 5617 1587 5674 superare
1620 5614 1853 5676 queunt.

1620 5614 1853 5676 queunt.
2167 5607 2347 5679 Νικᾷν
2378 5602 2535 5672 αὖθίς
2567 5626 2635 5680 με
2663 5610 2847 5664 πλεῖον
2876 5612 3199 5683 ἀμηχανέει.

591 5756 776 5843 ξέοι-Ψ.
816 5758 939 5841 See.
968 5760 1012 5843 In.
1034 5777 1114 5843 vt,
1134 5777 1184 5817 c.
1336 5834 1371 5843 ἢ
1410 5833 1440 5843 η
1484 5836 1495 5843 _
1673 5835 1683 5843 _
1746 5836 1756 5843 _
1790 5836 1800 5843 .
2094 5765 2335 5843 alienant
2360 5766 2500 5843 luget
2526 5777 2816 5843 peccatum,
2841 5780 2932 5843 unt
2957 5786 3165 5843 sunm.‘

474 5828 551 5898 (5)
596 5828 657 5883 lt.
697 5828 857 5887 Bern.
891 5831 944 5887 in
977 5832 1037 5888 D.
1068 5832 1299 5906 Magdal.
1329 5833 1589 5907 Religiosa
1615 5835 1857 5905 tristitia,
1891 5845 1980 5889 aut
2165 5837 2239 5908 (6)
2280 5828 2440 5893 Plato
2459 5828 2767 5895 in'Pha’dro
2795 5828 2858 5897 ex
2884 5840 3061 5914 Lysia.
