4010 6622
260 432 361 496 813
1665 413 1843 476 PAR:1

1913 410 2117 473 iISUS.
3390 402 3496 467 874

262 541 386 599 KA'.
440 540 569 593 Ὅτι
633 540 745 593 οὐκ
813 538 942 592 ἔστι
993 535 1112 601 Θεῷ
1136 533 1449 589 δουλεύειν
1512 531 1611 584 καὶ
1661 532 1826 596 Μαμ-

1929 524 2068 578 XXI.
2117 519 2265 574 Fieri
2314 535 2412 573 non
2448 532 2603 601 posse.
2644 525 2698 570 ut
2738 516 2897 570 simul
2938 516 3278 571 inserviamus
3314 516 3423 575 Deo
3448 533 3498 577 et

952 588 1139 676 pars.
1222 588 1227 589 ⁷
1754 588 1770 596 ’

1754 588 1770 596 ’
2549 588 2879 641 Μαηιηιοηω.

262 726 359 782 Τδν
391 725 592 797 χρυσὸν
624 724 845 794 φιλέων,
877 723 1081 792 φιλέειν
1112 721 1314 792 ἔραμαι
1342 720 1435 773 κα)⁵
1460 716 1713 789 Χριστὸν,

1927 709 2135 762 Aurum
2172 706 2365 761 adamo
2393 704 2704 775 (7).:fateor,
2734 704 3010 759 Christum
3040 706 3133 761 sed
3157 721 3342 762 amare
3372 724 3497 778 per-

3296 811 3420 858 ουιο
3446 819 3460 855 ε

336 899 474 953 Ἀλλ’
497 900 582 955 ὅδε
614 901 713 971 μὲν
741 898 992 971 ξυνάγειν
1031 901 1179 971 φήσ’,
1213 901 1241 953 6
1278 899 1320 953 δ’
1351 897 1734 965 ἀποξυνάγειν.

3296 817 3327 856 ο

1998 890 2186 964 Jungit
2209 902 2262 948 at
2286 892 2376 948 hic
2405 890 2642 959 animos,
2668 891 2973 948 distrahere
2996 888 3127 947 illud
3162 799 3361 948 ama[t‘:)

258 993 321 1046 X’
348 986 441 1065 ᾗχι
469 994 707 1048 τάλαντα
739 994 915 1063 ῥέπει,
946 995 1037 1047 καὶ
1066 995 1098 1063 ὴ
1137 993 1342 1047 διάνοια
1371 991 1578 1062 ὀπηδεῖ.

1927 985 2156 1055 Quoque
2180 984 2377 1039 talenta
2403 983 2523 1039 auri
2545 992 2795 1054 vergunt,
2821 983 3036 1039 animus
3054 998 3272 1055 quoque
3290 985 3458 1057 vergit
3482 1004 3495 1040 :

323 1087 482 1156 Οῖμοι
509 1086 676 1139 τῶνδε
700 1087 862 1157 ὲρῶν,
899 1087 1170 1158 ἤμϐροτον
1201 1087 1545 1159 ἀμφοτέρων.

1999 1078 2089 1134 Sic
2116 1077 2280 1133 simul
2311 1079 2429 1134 haec
2457 1078 2740 1142 adamans,
2768 1077 2950 1148 privor
2978 1086 3211 1147 utroque
3245 1078 3428 1133 simul.

455 1197 581 1252 KB'.
626 1199 756 1254 Ὀτι
779 1200 1163 1271 πολυσχιδὴς
1192 1201 1230 1269 ἡ
1257 1201 1616 1269 ἀπόκαρσις.

2173 1189 2342 1246 XXII.
2395 1189 2689 1246 Tonsuram
2735 1186 3078 1261 multiplicem
3122 1208 3254 1246 esse.

262 1313 461 1383 ’Ἄνδρα
479 1313 740 1385 τύραννος
756 1294 937 1385 ἔκειρε
954 1312 1150 1379 Σατάν,
1169 1316 1341 1381 νόσος,
1361 1315 1611 1385 αἰσχύνη,
1634 1315 1822 1389 ἔχθρα,

1929 1303 2023 1360 Vis
2048 1304 2348 1371 hominem,
2374 1304 2548 1375 pudor
2577 1317 2669 1360 aut
2700 1304 2890 1371 Satan,
2922 1304 3218 1360 morbusve
3247 1304 3502 1376 totondit,

334 1404 443 1456 Καὶ
472 1404 654 1471 πενίη,
690 1406 784 1457 καὶ
810 1404 946 1474 ἔρις,
977 1406 1070 1459 καὶ
1099 1405 1261 1469 πόθος
1286 1402 1574 1478 οὐρανίων.

1998 1397 2110 1463 Lis,
2145 1397 2227 1451 vel
2259 1398 2562 1467 pauperies,
2596 1406 2691 1451 aut
2716 1412 2869 1452 amor
2896 1398 3181 1454 azthereus.

259 1493 441 1548 Ταῦτα
470 1494 528 1548 δὲ
556 1499 883 1567 πειρασμοῖς
907 1514 964 1549 τε
985 1499 1077 1550 καὶ
1102 1496 1293 1568 ὕϐρεσι
1318 1499 1566 1569 κρίνεται
1591 1501 1720 1571 ἡμῖν

1927 1489 2187 1546 Adversis
2216 1490 2379 1545 rebus
2410 1490 2567 1545 facile
2598 1491 2713 1545 haec
2743 1490 3138 1560 dignoscimus,
3172 1497 3227 1545 et
3257 1490 3304 1547 si

324 1587 435 1641 Καὶ
470 1587 548 1657 τῷ
578 1587 832 1658 ἀνιδρωτὶ
862 1588 973 1650 τοῖς
1007 1588 1274 1659 καμάτοις
1311 1589 1468 1645 ἰέναι.

1998 1581 2134 1648 Quis
2165 1580 2304 1636 ferat
2335 1595 2595 1636 arumnas
2620 1580 2827 1650 absque
2857 1580 3041 1635 dolore
3071 1595 3282 1651 graves.

519 1695 645 1751 Kl".
682 1697 1006 1768 ΤεκμήριΟν
1025 1700 1553 1771 ἁνθρωπαρέσκου.
1928 1693 2102 1749 XXI"

1928 1693 2115 1749 XXIII.
2162 1693 2426 1749 Indicium
2476 1694 2774 1763 obsequiosi
2826 1710 2915 1748 seu
2965 1695 3269 1763 popularem
3313 1710 3504 1751 auram

2415 1768 2673 1818 venantis.
2702 1775 2750 1818 et
2782 1781 2895 1818 vere
2917 1765 3012 1818 vii.

2415 1781 2673 1828 venantis,
2702 1781 2750 1818 ει
2782 1781 2895 1818 vere
2915 1781 3012 1828 ptt.

256 1850 529 1945 quﬂaﬁst
557 1870 641 1918 τις
666 1854 821 1925 ἕκητι
849 1854 1006 1923 Θεοῦ,
1038 1856 1134 1911 καὶ
1155 1856 1310 1929 ἕκητι
1343 1828 1611 1913 θεώντων.

2415 1781 2673 1828 venantis,
2702 1781 2750 1818 ει
2782 1781 2895 1818 vere
2915 1781 3012 1834 ριι.

1852 1888 1899 1945 Β
1927 1856 2022 1912 Ille
2048 1855 2165 1921 Dei,
2206 1856 2295 1912 hic
2328 1858 2613 1911 hominum
2650 1872 2816 1913 causa
2840 1857 3074 1928 jejunat,
3102 1864 3159 1913 at
3183 1857 3326 1914 istud

324 1926 453 2008 Πῶς
482 1944 610 1999 τάδε
636 1941 694 1999 εὖ
721 1946 941 2018 γνοίης;
970 1950 1170 2003 Μεῖνον
1198 1926 1303 2014 ἕως
1340 1950 1535 2006 νοσέοι.
1853 1926 1899 1945 υ

1853 1926 1899 1945 υ
2002 1946 2106 2015 Qui
2140 1949 2369 2005 nosces?
2394 1950 2569 2005 morbi
2601 1964 2726 2005 cum
2762 1950 3008 2005 cruciare
3032 1950 3211 2006 solent
3245 1968 3259 2005 :

256 2034 446 2107 Τόφρα
473 2035 532 2090 δέ
564 2036 616 2105 γ’
644 2039 693 2092 εί
727 2038 938 2094 θανέειν
973 2041 1266 2113 ἱμείρεται,
1299 2039 1359 2098 εὖ
1383 2044 1499 2098 τάδ’
1530 2044 1756 2114 ἀνέτλη·

1741 2059 1756 2073 ο
1932 2039 2086 2096 Τιιηο
2116 2041 2159 2096 si
2193 2050 2424 2096 mortem
2457 2050 2622 2111 optet,
2646 2042 2851 2112 jejunia
2878 2059 3005 2099 vera
3033 2044 3285 2100 videntur
3310 2062 3324 2100 :

324 2128 392 2183 El
422 2128 482 2183 δέ
510 2130 562 2183 κ’
587 2130 909 2197 ἁποσκάζει,
934 2133 1196 2200 είσοδίαζε
1225 2136 1435 2205 φίλους.

2004 2130 2061 2185 Si
2094 2130 2346 2200 trepidet,
2381 2130 2505 2187 ﬁcte
2527 2132 2818 2201 religiosus
2857 2135 3021 2190 homo
3048 2143 3150 2191 est.

305 2238 438 2295 KA'.
481 2240 609 2295 Ὅτι
635 2244 708 2297 οὑ
731 2243 922 2299 καλὸν
952 2245 1019 2301 τὸ
1047 2246 1529 2304 ὑποστέλλεσθαι
1558 2216 1800 2306 utimr;

1791 2256 1800 2266 κ
2072 2239 2263 2297 XXIV.
2316 2242 2647 2298 Prwclarum
2687 2261 2798 2300 esse
2825 2245 3064 2301 omnibus
3095 2247 3362 2302 inservire.

255 2353 403 2408 Νοῦν
432 2371 517 2419 τις
539 2355 677 2427 ἔχων
705 2359 1005 2430 πτερόεντα
1025 2360 1121 2415 καὶ
1151 2361 1355 2429 ἔνθεον,
1381 2363 1584 2418 ὁππότε
1607 2367 1795 2437 χεῖρας

1742 2382 1795 2429 ις
1934 2352 2198 2409 Praeditus
2226 2353 2428 2425 aligera
2460 2356 2585 2425 quis
2615 2367 2793 2410 mente
2818 2354 3119 2412 etNumine
3146 2359 3325 2427 plena,

326 2447 570 2517 Οὐρανὸν
594 2449 870 2513 είσεπέτα,
900 2452 1077 2505 οὐκέτ’
1107 2454 1162 2516 ἐς
1194 2453 1360 2507 αὐτὸν
1388 2453 1505 2526 ἔην’

2006 2446 2213 2517 Raptus
2247 2456 2365 2502 erat
2392 2447 2605 2517 quoties
2638 2447 2802 2503 ferret
2825 2447 2891 2502 ad
2924 2456 3071 2504 astra
3103 2464 3339 2507 manus:

258 2536 452 2592 Τοίνυν
482 2539 654 2593 εῖποτ’
678 2539 871 2611 ἔμελλε
903 2543 1075 2613 φίλοις
1102 2545 1265 2617 εὐχὴν
1293 2545 1590 2615 δεένεσθαι,
1838 2600 1841 2604 ι

1838 2600 1843 2604 ς
1935 2537 2069 2594 Cum
2099 2538 2391 2593 charorum
2417 2551 2544 2609 ergo
2574 2536 2733 2592 vellet
2762 2537 3081 2593 meminisse
3113 2539 3413 2609 precando,

328 2629 424 2683 Τὼ
449 2631 575 2702 χέρε
604 2632 927 2703 συμϐάλλων
957 2634 1035 2704 ἂψ
1066 2636 1327 2690 ἀπέϐαινε
1365 2638 1544 2708 μόνος.

1506 2658 1544 2704 ς,
2005 2629 2275 2700 Jungebat
2304 2629 2533 2699 palmas,
2560 2628 2704 2699 juris
2734 2637 2959 2699 eratque
2979 2628 3089 2686 sui.

982 2748 1112 2804 KE'.
2272 2742 2439 2799 XXV.
2469 2744 2622 2810 Quod
2657 2745 2760 2799 tria
2791 2746 3047 2800 servanda
3069 2747 3196 2804 sint.

260 2854 347 2910 Τὰ
375 2856 504 2928 τρία
532 2858 705 2913 ταῦτα
734 2860 921 2931 φέρειν
947 2863 1264 2919 ἐπετέλλετο
1300 2867 1444 2940 ἱερὸς
1476 2869 1616 2942 ἀνήρ
1637 2888 1650 2901 °

1939 2862 2066 2916 Haec
2094 2860 2198 2915 tria
2227 2869 2531 2925 serventur,
2570 2858 2652 2911 vir
2681 2867 2901 2913 sanctus
2927 2859 3131 2928 ubique
3161 2863 3417 2918 monebat
3450 2906 3462 2919 .

348 2949 435 3001 Ἐν
460 2953 621 3023 φρεσὶ
657 2954 1035 3025 σωφροσύνην,
1070 2956 1203 3011 αίδὼ
1228 2960 1322 3013 ἐπὶ
1351 2960 1667 3033 βλεφάροις,

1618 2982 1667 3029 ς,
2012 2951 2293 3007 Sobrietas
2322 2951 2527 3014 animo,
2561 2949 2970 3019 luminibusque
3002 2951 3195 3019 pudor,

260 3039 492 3112 Γλώσσῃ
517 3043 887 3117 ἀλυκτοπέδην
906 3063 920 3078 ο
952 3049 1138 3103 ἐκάλει
1165 3051 1287 3119 τόγε
1310 3055 1435 3115 τοὺς
1461 3055 1737 3120 τοιούτους

1944 3043 2281 3112 Vinculaque
2300 3042 2356 3097 in
2378 3041 2584 3111 lingua.
2603 3039 2735 3095 Nam
2759 3041 2851 3109 qui
2874 3041 2995 3094 tulit
3018 3042 3133 3097 hate
3156 3044 3507 3116 tria_puncta,

336 3133 381 3184 Τ
382 3134 444 3187 οῦ
470 3136 705 3205 μεγάλου
729 3138 899 3193 Λυδοῦ
931 3139 1124 3196 πολλὸν
1147 3143 1548 3217 ἁφνειοτέρους.

2013 3135 2266 3206 Principe
2300 3134 2561 3189 nimirum
2593 3142 2675 3189 est
2700 3133 2862 3188 ditior
2892 3133 2982 3188 ille
3016 3133 3245 3206 Lydum.

372 3249 519 3316 κεῖν.
554 3250 683 3305 Ὀτι
710 3252 892 3321 λόγος
914 3252 1190 3325 ἀπρεπὴς
1212 3251 1431 3325 αἶσχος
1449 3258 1696 3317 ἄλυτον.
1863 3254 1906 3312 C
1940 3249 1955 3303 ἶ

1940 3246 2131 3303 XXVI.
2167 3247 2319 3313 Quod
2346 3248 2593 3301 indecora
2626 3247 2796 3300 oratio
2841 3246 3063 3302 dedecus
3106 3250 3378 3306 indelebile
3420 3253 3512 3308 sit.

260 3365 739 3436 Σχοινολογοῦντος
785 3368 1026 3441 ἑταίρου,
1056 3369 1225 3441 ἔφησέ
1254 3385 1367 3436 τις·
1405 3373 1481 3428 Οὐ
1526 3374 1682 3430 τόσον
1721 3375 1839 3429 ἐστὶ

1943 3362 2090 3419 Vana
2134 3364 2389 3432 loquente
2419 3362 2548 3430 alio,
2595 3362 2807 3417 monuit
2837 3363 3057 3433 quidam
3096 3383 3108 3420 :
3143 3365 3297 3423 Ilaud
3331 3370 3512 3439 gravis

3362 3478 3414 3515 I‘l‘

338 3547 520 3601 Δεινὸν
542 3547 823 3620 ὀλισθῆσαι
848 3548 926 3620 τῷ
959 3550 1101 3619 ποδὶ,
1136 3552 1212 3614 ὡς
1244 3552 1319 3624 τῷ
1351 3553 1491 3609 ἕπει.

3327 3478 3479 3516 error

2015 3545 2201 3617 Usque
2231 3548 2365 3602 adeo
2396 3548 2484 3602 ille
2518 3548 2716 3618 pedum
2748 3556 2852 3614 est,
2886 3549 3072 3621 lapsus
3106 3559 3166 3605 ut
3195 3459 3397 3622 CIOIEUII
3432 3574 3443 3606 :

266 3640 336 3692 Εἰ
363 3639 421 3692 δὲ
446 3640 553 3712 γάρ
584 3640 651 3694 ἂν
682 3636 825 3714 καὶῇ
855 3642 961 3695 ἀπὸ
986 3643 1080 3696 τοῦ
1110 3644 1289 3711 ποδὸς,
1316 3646 1378 3698 οὐ
1408 3647 1561 3700 τόσον
1583 3647 1668 3718 εἴη
1689 3665 1703 3678 ·

1943 3636 2188 3707 Namque
2215 3637 2409 3707 pedum
2437 3639 2617 3714 lapsus
2639 3642 2780 3711 quod
2804 3640 2929 3706 fert,
2951 3643 3230 3698 tolerabile
3258 3645 3515 3701 damnum

340 3731 459 3788 Οὐκ
490 3733 691 3801 ἀγαθὸς
726 3734 783 3786 δὲ
812 3734 967 3804 λόγος
997 3735 1185 3791 λύεται
1216 3737 1338 3790 οὐδὲ
1367 3738 1540 3808 μόρῳ.

2017 3728 2122 3782 Sed
2152 3744 2350 3797 pravus
2376 3744 2557 3783 sermo
2590 3745 2695 3785 non
2726 3732 2865 3800 perit
2895 3734 3114 3789 interitu
3143 3734 3238 3806 (8).
3351 3735 3477 3808 [ost,

276 3847 435 3904 ‘KZ'.
463 3850 584 3904 Ὅτι
615 3851 997 3920 πολύτροπος
1025 3853 1063 3918 ἠ
1095 3852 1203 3922 τῆς
1242 3854 1455 3919 κακίας
1487 3854 1801 3923 ἐπιϐουλή.

1795 3897 1801 3909 _
2089 3841 2304 3898 XXVII.
2345 3843 2498 3909 Quod
2529 3845 2844 3913 multiplices
2869 3848 2973 3902 sint
3007 3848 3120 3901 vitii
3150 3849 3378 3905 iusidiw.

269 3968 487 4037 Σφριγᾷ
519 3968 611 4020 καὶ
655 3966 837 4036 φύσις,
864 3968 924 4020 οὐ
956 3969 1156 4037 πρήσει
1186 3968 1243 4021 δέ
1270 3985 1342 4033 τι,
1384 3968 1460 4039 μὴ
1491 3968 1845 4038 προδιδούσης

1711 3968 1845 4036 om;
1948 3954 2144 4011 Fervet
2178 3966 2393 4022 natura,
2424 3958 2565 4013 haud
2595 3961 2703 4014 urit
2734 3961 3115 4027 nihilominus,
3148 3964 3292 4017 illam

341 4064 536 4133 Ψυχῆς
562 4078 575 4092 ·
600 4065 664 4115 ὲκ
691 4063 745 4115 δὲ
775 4064 938 4133 βορῆς
982 4063 1171 4133 ἄγριος
1201 4064 1369 4116 ἵστατ’
1401 4064 1559 4133 ἔρως.

2020 4047 2323 4102 Prodiderit
2351 4050 2406 4102 ni
2438 4065 2593 4106 mens
2624 4068 2639 4117 ;
2672 4067 2765 4106 esu
2792 4068 2947 4107 amor
2976 4055 3240 4108 exoritur.

282 4154 468 4223 Ἀνδρὶ
499 4153 555 4206 δὲ
586 4153 897 4223 νηστεύοντι
920 4155 1044 4221 ὄφις
1075 4152 1312 4221 φθονέων
1343 4152 1644 4223 πολεμίζει,

1949 4140 2226 4210 Jejunanti
2260 4143 2466 4195 homini
2491 4158 2715 4211 serpens
2738 4153 2919 4199 movet
2941 4160 3130 4214 aspera
3159 4145 3320 4209 bella,

343 4245 595 4316 Καδμείη
630 4263 687 4298 τε
714 4246 795 4297 ἑοῖ
826 4244 949 4314 νίκη
974 4244 1307 4314 ἐπιτροχάει.

2020 4234 2259 4289 Cadmeo
2302 4242 2512 4288 tantum
2543 4244 2603 4289 ut
2629 4235 2846 4290 vincere
2882 4253 3031 4292 more
3059 4247 3243 4307 queat.

310 4350 445 4407 ΚΗ.
477 4354 606 4407 Ὅτι
637 4356 689 4408 ol
715 4355 833 4408 νῦν
880 4354 1014 4424 περὶ
1047 4354 1162 4423 τὴν
1193 4353 1413 4425 ἀρετὴν
1438 4355 1810 4425 ἀμϐλύτεροι.

1950 4342 2187 4399 XXVIII.
2231 4342 2334 4397 Eos
2363 4346 2451 4415 qui
2484 4362 2618 4399 nunc
2652 4348 2851 4425 uiuunt,
2884 4350 2952 4402 ad
2991 4351 3233 4404 virtutem
3275 4368 3385 4408 esse
3418 4364 3519 4410 tar-

2638 4418 2834 4471 diores.

277 4528 417 4587 Εἷπε
442 4534 660 4605 γέροντι
692 4534 809 4598 νέος
828 4550 841 4563 ο
891 4535 1013 4590 Πῶς
1042 4532 1251 4603 ἤλθετε,
1282 4533 1375 4585 καὶ
1397 4531 1521 4601 δίχα
1549 4529 1774 4602 μόχθου,

1881 4604 1895 4605 7
1954 4524 2177 4580 Dicebat
2204 4526 2385 4605 vetulo
2407 4526 2625 4597 juvenis
2660 4544 2674 4581 :
2703 4526 2933 4592 Quinam
2968 4530 3174 4599 absque
3200 4532 3386 4587 labore

349 4624 461 4693 Τὴν
484 4624 702 4695 ἀρετὴν,
730 4627 892 4695 ἡμεῖς
918 4623 1041 4676 οὐδὲ
1066 4625 1182 4692 μετ’
1210 4622 1512 4692 ὲμμελίης;
1880 4604 1923 4659 D

1880 4604 1923 4659 D
2024 4617 2293 4674 Virtutem
2320 4604 2387 4675 es
2410 4628 2623 4685 nactus,
2659 4623 2745 4675 vix
2778 4636 2877 4691 ego
2906 4637 3028 4675 cum
3060 4624 3277 4679 studio?

275 4717 447 4770 Τοῦτο
464 4717 533 4784 γά
540 4736 571 4787 ρ
587 4713 653 4785 ἦν
674 4717 833 4787 μόνον
851 4715 1011 4786 ἔργον
1030 4730 1044 4745 ⁸
1060 4714 1273 4766 ἅπαντα
1288 4714 1345 4765 δὲ
1362 4714 1552 4767 τ’άλλα
1575 4713 1853 4784 πάρεργα.

1955 4710 2067 4766 Iloc
2090 4728 2282 4777 unum,
2305 4712 2501 4782 inquit,
2530 4728 2665 4781 opus
2698 4712 2820 4779 fuit,
2849 4715 2990 4768 haud
3021 4716 3124 4769 alia
3155 4718 3336 4773 oumia
3360 4734 3525 4782 curas.

357 4828 375 4860 ι
422 4810 537 4862 ΙΙᾶν
575 4808 619 4861 δ’
644 4810 782 4879 ὅπερ
809 4808 875 4861 ἂν
901 4806 1110 4877 ἐθίσῃς,
1138 4806 1242 4859 κᾶν
1273 4805 1433 4876 βαρὺ,
1464 4806 1594 4875 ῥᾷον
1616 4806 1739 4874 ἔφυ,
1770 4825 1788 4856 ι

1779 4826 1788 4854 ι
1961 4822 1979 4854 ι
2017 4802 2221 4874 Nempe
2248 4821 2348 4861 usu
2382 4807 2495 4859 leve
2523 4804 2627 4859 erit
2654 4807 2801 4875 quod
2834 4806 2934 4861 fuit
2959 4816 3082 4861 ante
3116 4825 3297 4877 grave.
3344 4830 3362 4862 ι

277 4944 408 5001 ΚΘ’.
445 4947 575 5000 Ὀτι
603 4946 675 5000 τὰ
705 4945 775 4999 ἐν
801 4944 1085 5013 θαλάσσῃ
1116 4944 1212 4998 καὶ
1236 4943 1304 4997 ἐν
1336 4941 1415 5007 τῷ
1448 4944 1697 5011 παρόντι
1714 4942 1852 5006 βίῳ.

1955 4941 2146 4996 XXIX.
2199 4944 2330 5007 Quae
2372 4946 2427 4996 in
2470 4944 2606 4996 mari
2634 4947 2896 5027 eveniunt,
2946 4948 2999 4999 in
3036 4947 3133 4999 hac
3175 4965 3376 5018 quoque
3427 4951 3525 5004 rita

2578 5026 2893 5081 contingere.

281 5124 448 5178 Οὐδὲν
475 5125 601 5188 ἁλός
635 5126 680 5197 ῤ’
706 5127 734 5178 6
767 5124 879 5195 βίος
913 5124 1216 5195 διενήνοχεν
1240 5139 1251 5153 ο
1283 5123 1505 5176 ἄστατοι
1538 5122 1727 5191 ἄμφω,

1965 5130 2089 5183 Vita
2122 5130 2259 5183 mari
2289 5129 2504 5194 similis,
2534 5145 2621 5184 res
2653 5147 2888 5201 namque
2915 5133 3117 5187 incerta
3148 5143 3201 5187 et
3232 5135 3426 5189 acerba

355 5220 574 5289 Πικροὶ,
614 5219 961 5288 θηροτρόφοι,
1000 5217 1050 5269 οἱ
1075 5216 1291 5285 λιμένες
1322 5215 1575 5287 βραχέες.

2038 5220 2297 5289 Utraque,
2326 5220 2583 5289 alensque
2605 5221 2768 5276 feras.
2799 5223 3003 5277 Littora
3027 5237 3152 5299 sign
3175 5226 3388 5289 brevia;

282 5312 479 5365 Πολλοὶ
509 5312 634 5374 ἁλός
671 5313 719 5363 τ’
746 5312 962 5380 ἀνέμων
1000 5311 1320 5380 ἀδαήμονές,
1367 5310 1543 5379 αὐτὰρ
1573 5313 1602 5363 6
1649 5309 1856 5381 δαίμων

1963 5312 2102 5367 Sunt
2131 5314 2296 5367 maris
2322 5327 2385 5366 ac
2418 5320 2703 5367 ventorum
2738 5314 2914 5384 ignari
2950 5304 3170 5385 plurirﬁi
3205 5336 3216 5371 :
3248 5329 3302 5371 at
3327 5319 3443 5387 ipse

357 5407 530 5476 Τῇσιν
552 5406 713 5467 ὀπαῖς
741 5406 914 5458 πνείει
946 5406 1168 5474 μᾶλλον,
1197 5405 1229 5475 ἢ
1260 5408 1318 5459 ὲν
1360 5405 1607 5471 πελάγει.

2035 5405 2151 5459 Flat
2180 5405 2390 5459 daemon
2416 5419 2571 5474 mage
2600 5419 2693 5473 per
2716 5415 2932 5474 pectora
2957 5424 3121 5476 quam
3153 5409 3392 5479 pelagus.

557 5522 635 5574 A’.
673 5521 800 5572 Ὅτι
830 5519 1035 5588 καιρὸς
1057 5519 1234 5572 παντὶ
1268 5517 1582 5587 πράγματι.
1958 5515 2123 5571 XXX.

1958 5515 2123 5571 XXX.
2181 5514 2641 5584 Opportunitatem
2684 5516 2739 5567 in
2766 5517 2908 5569 omni
2937 5534 2991 5570 re
3033 5519 3370 5587 spectandam
3398 5535 3511 5574 esse

288 5635 558 5706 Κείμενον
590 5635 647 5686 ὲν
680 5633 971 5705 προθύροις
996 5634 1088 5686 τὸν
1112 5633 1360 5703 Λάζαρον
1389 5634 1487 5703 οὐχ
1516 5633 1784 5702 ὁράασκεν

1964 5631 2303 5687 Vestibulum
2331 5637 2453 5684 ante
2478 5628 2675 5685 domus
2698 5640 2932 5686 stratum
2956 5633 3274 5704 despexerat
3298 5635 3441 5689 Irum
3458 5634 3526 5707 (9‘

362 5798 439 5867 (7)
481 5796 690 5851 Allusio
746 5796 1024 5849 venustior
1069 5805 1155 5852 est
1211 5796 1264 5852 in
1315 5793 1542 5862 Grarcis,
1594 5795 1859 5867 Χριστὸς,

2046 5791 2124 5867 (δ)
2158 5790 2230 5867 _D.
2260 5790 2499 5867 August._
2522 5789 2575 5842 in
2605 5787 2825 5846 Euchir.
2848 5791 3010 5864 Greg.
3037 5792 3169 5847 Νη.
3194 5794 3261 5851 de
3283 5794 3534 5852 Silentio.

292 5859 524 5940 Χρυσὸς.
1527 5859 1534 5862 ·
1648 5859 1660 5867 ·
1810 5859 1851 5861 "

1527 5859 1534 5862 ⁷
1648 5859 1660 5867 ’
1810 5859 1851 5861 ’ἡ
2044 5859 2122 5934 (9)
2158 5859 2443 5918 Lazarum.
2481 5859 2609 5916 Luc.
2641 5876 2749 5916 xvr.

538 5962 809 6024 ΡΑνι-ιιοι..
836 5963 952 6023 Gn.
980 5960 1141 6022 CVI.
1504 6053 1514 6059 _
1598 6056 1613 6061 ἢ
1772 6057 1786 6059 ᾼ

3104 5954 3180 6016 28
