4010 6570
509 417 620 485 875
1724 396 2042 461 JOANNIS
2080 391 2511 455 GEOME’I‘RlE
3633 381 3741 448 επ,

580 526 756 589 Dives,
780 532 926 576 nunc
954 531 1081 573 vero
1123 512 1350 584 suspicit
1380 508 1592 565 eminus
1622 506 1789 560 hunc.
2100 510 2147 565 Α

2100 510 2147 565 Α
2257 502 2315 554 '0
2350 495 2592 553 πλουτῶν
2612 511 2624 524 ’
2652 494 2718 549 τὰ
2752 493 2807 547 δὲ
2839 492 2933 546 νῦν
2954 489 3180 561 τηλόθεν
3212 489 3453 560 εἰσοράᾳ.

523 638 541 671 ι
579 617 711 672 Nam
743 629 827 669 res
857 612 1110 666 adversas
1132 602 1407 672 vigilantia
1439 599 1613 655 suevit
1637 611 1817 651 amare
1844 610 1857 646 :

2180 613 2197 646 ι
2235 594 2312 664 Τῇ
2343 592 2451 661 γὰρ
2481 588 2755 659 ἀναγκαίῃ
2783 588 2845 639 τὸ
2873 586 3145 655 γρήγορον
3174 584 3262 637 ἀεὶ
3297 582 3520 652 ὀπηδεῖ.

582 705 807 762 Noscito
834 710 1069 771 tempus,
1112 699 1188 751 ait
1221 697 1363 750 ﬁlius
1410 690 1629 762 llyradii
1662 686 1799 758 (10).
1846 704 1862 735 ι

2245 682 2417 735 Γνῶθι
2444 678 2654 751 καιρὸν,
2684 678 2788 747 ἔφη
2820 676 3089 738 Πιττακὸς
3125 672 3399 744 Ύραδίον.
3436 689 3455 724 ι

614 812 808 870 XXXI.
846 809 999 877 Quod
1034 804 1326 875 majoribus
1358 814 1559 869 semper
1590 796 1704 866 quis
1735 792 1917 847 inhiet.

2261 791 2386 845 AA'.
2421 790 2549 841 Ὅτι
2578 785 2702 851 τοῖς
2727 782 3009 855 μεγάλοις
3041 780 3134 836 ἀεί
3158 797 3248 847 τις
3281 778 3652 833 ἐπισπεύδει.

510 924 696 983 Ardua
725 936 814 977 res
839 918 1045 974 homini
1068 921 1152 971 est
1174 910 1437 968 mundum
1456 901 1841 975 comprendere
1863 906 2031 955 totum
2057 912 2073 949 τ

2177 900 2361 955 Πάντα
2385 896 2569 950 λαϐεῖν
2595 894 2687 949 τὸν
2713 893 2917 963 κόσμον
2951 890 3230 961 ἀμήχανόν
3250 888 3362 944 ἐστ’
3388 888 3680 961 ἀνθρώπῳ,

582 1012 805 1087 Optanti
832 1021 1014 1067 tamen
1040 1007 1184 1062 hunc
1215 1004 1483 1072 linquere,
1517 995 1774 1068 perfacile
1795 1001 1900 1047 est.

2246 990 2433 1045 Πάντα
2464 988 2522 1041 δὲ
2548 986 2695 1040 τόνδε
2725 984 2923 1048 λιπεῖν,
2949 984 3128 1054 ῥᾴδιον
3159 983 3285 1036 ὂσκε
3324 980 3486 1035 Θέλει.

513 1107 619 1164 Sed
634 1073 783 1177 .quia
810 1103 877 1158 ab
909 1101 1132 1170 antiquo
1167 1096 1340 1150 fastus
1380 1091 1523 1145 mala
1553 1086 1758 1143 semina
1790 1082 2073 1144 habemus,

2193 1083 2332 1138 Ἀλλ’
2366 1077 2742 1151 ὑπερηφανίης
2763 1076 2825 1130 τὸ
2847 1074 3105 1145 άπαρχῆς
3138 1074 3361 1143 σπέρμα
3390 1073 3668 1136 λαϐόντες,

584 1167 853 1269 Perpetuo
885 1167 1097 1249 fructus
1128 1186 1455 1245 demetimus
1483 1181 1623 1237 vitii.

2262 1172 2521 1245 Ἀμῶμεν
2544 1172 2665 1225 κατ’
2693 1170 2812 1233 ἔθος
2846 1168 3056 1239 καρπὸν
3080 1167 3424 1237 ἁμαρτίνοον.

508 1326 721 1385 XXXII.
786 1324 979 1381 Omnia
1028 1322 1097 1377 ad
1151 1316 1533 1375 institutionem
1593 1310 1883 1367 vicinorum
1938 1318 2075 1368 pra:-

2178 1309 2301 1365 AB'.
2339 1307 2469 1360 Ὅτι
2520 1302 2615 1357 δεῖ
2658 1303 2854 1355 πάντα
2899 1301 3005 1380 sic.
3027 1298 3351 1368 οἰκοδομὴν
3398 1296 3502 1351 τοῦ
3556 1296 3750 1357 πέλας

1107 1370 1301 1447 standa
1347 1400 1477 1441 esse.

2852 1370 3061 1424 ποιεῖν.

511 1532 807 1587 Gustarant
832 1524 1082 1582 monachi
1114 1538 1210 1578 sua
1239 1535 1336 1591 per
1363 1514 1614 1573 convivia
1650 1525 1863 1568 carnes.

2182 1509 2337 1564 Δαιτι
2367 1505 2510 1575 φίλοι
2540 1499 2763 1574 μοναχοὶ
2788 1499 2954 1570 κρέας
2977 1497 3160 1568 ἢσθιον
3182 1511 3196 1525 ’
3221 1495 3317 1565 ὀψὲ
3340 1494 3382 1547 δ’
3406 1494 3507 1563 ἔφη
3528 1509 3634 1557 τις·

581 1620 719 1677 Τιιιιι
749 1620 873 1691 quis
903 1615 1151 1672 Pastori:
1176 1586 1307 1678 cur,
1327 1610 1423 1674 ait,
1454 1605 1597 1661 haud
1629 1599 1899 1658 comedis?

2253 1598 2375 1662 Πῶς
2409 1596 2465 1650 δὲ
2498 1596 2583 1661 σὺ,
2633 1587 2677 1647 ὦ
2702 1591 2923 1662 ποιμὴν,
2956 1591 3015 1642 οὐ
3042 1590 3251 1657 φάγες;
3282 1587 3437 1640 Ὄττι
3463 1586 3602 1639 πάνυ

511 1715 814 1770 Praesentes
842 1692 1121 1773 lzesissem,
1153 1704 1328 1775 inquit
1355 1721 1369 1758 :
1403 1716 1525 1755 nam
1554 1697 1682 1753 talia
1702 1692 1912 1750 edendo

2182 1696 2320 1757 Τοὺς
2351 1689 2648 1762 παρεόντας
2680 1687 2844 1740 ἄασα.
2871 1685 3110 1754 Ἔφαντο
3137 1684 3265 1753 γάρ,
3294 1680 3368 1745 ὡς
3414 1680 3537 1733 Ἐὰν
3559 1673 3708 1743 οὗτος

585 1806 720 1863 Cum
746 1804 849 1859 sim
878 1800 1030 1865 talis,
1066 1799 1187 1869 quis
1219 1786 1837 1864 temperetjingluviem?

1770 1786 1837 1839 n?
2253 1786 2407 1848 Τοῖος
2433 1782 2597 1836 τοιάδ’
2629 1779 2758 1844 ἔδοι,
2797 1777 2881 1841 τίς
2906 1776 2981 1847 μὴ
3013 1775 3313 1844 άδηφαγέοι
3339 1791 3353 1839 ;

672 1912 913 1969 XXXIII.
949 1910 1057 1966 Cur
1082 1908 1215 1963 bella
1242 1906 1490 1959 hodierna
1518 1902 1621 1955 sint
1656 1898 1919 1969 graviora.
2111 1881 2156 1939 Β

2111 1881 2156 1939 Β
2255 1894 2379 1952 AI".
2413 1896 2535 1948 Ὅτι
2565 1896 2617 1948 οἱ
2645 1893 2896 1960 πόλεμοι
2929 1888 3054 1954 τοῖς
3094 1887 3210 1942 νῦν
3248 1886 3677 1956 ἰσχυροτέροις.

517 2026 617 2082 Dic
646 2024 805 2080 nobis
830 2038 927 2077 cur
959 2020 1067 2075 sint
1101 2017 1243 2071 mala
1268 2027 1415 2068 nunc
1440 2009 1673 2079 majora,
1703 2006 1881 2067 beate,

2187 2009 2346 2071 Εἰπὲ,
2376 2007 2584 2079 μάκαρ,
2612 2006 2700 2058 διὰ
2728 2006 2783 2057 τί
2817 2001 3207 2073 κρατερώτερα
3230 1998 3325 2052 νῦν
3352 1998 3421 2050 τὰ
3448 1998 3571 2049 κάκ’
3594 1994 3709 2048 ἐστί
3735 2014 3753 2061 ;

590 2114 848 2184 Quotidie
871 2120 927 2169 et
958 2110 1195 2179 patimur
1224 2120 1388 2176 quam
1416 2101 1661 2173 graviora
1698 2095 1883 2167 prius?

2253 2102 2364 2156 Καὶ
2394 2099 2546 2169 παρὰ
2578 2098 2705 2161 τοὺς
2728 2096 3027 2167 προτέρους
3059 2094 3287 2162 πάσχειν
3316 2090 3673 2161 οἰκτρότερας

518 2209 637 2277 Quo
671 2207 893 2278 propius
927 2202 1097 2257 Satan
1139 2214 1236 2254 sua
1271 2196 1416 2251 novit
1448 2208 1613 2262 regna
1647 2190 1854 2252 venire,

2185 2193 2297 2248 Καὶ
2330 2194 2439 2263 γὰρ
2466 2190 2543 2244 ὅτ’
2572 2189 2783 2259 ἐγγίζει
2814 2188 2908 2242 τοῦ
2933 2188 3107 2240 Σατᾶν
3135 2188 3167 2256 η
3198 2184 3460 2254 βασιλεία,

590 2296 883 2356 Terricolis
921 2294 1057 2349 solet
1085 2291 1214 2345 hinc
1237 2288 1433 2344 saevius
1466 2286 1698 2339 irruere.

2255 2285 2468 2356 Λάϐρον
2503 2283 2776 2349 ὲπαιγίζει
2813 2281 3011 2349 μᾶλλον
3042 2279 3384 2347 ὲφημερίοις.

518 2404 761 2463 XXXIV.
815 2402 1080 2470 Quemque
1123 2415 1176 2454 se
1202 2399 1386 2519 ιξρῗὶιιιη
1448 2392 1667 2446 revereri
1718 2397 1766 2443 et
1819 2385 2086 2442 observare

1239 2484 1265 2519 e
1300 2482 1402 2519 ere.

2023 2397 2086 2435 ἴτε
2327 2392 2447 2448 ΛΔ¹.
2482 2394 2611 2446 Ὅτι
2637 2389 2872 2456 ἑαυτοῖς
2885 2386 3128 2458 μᾶλλον
3152 2383 3606 2453 ἐπαισχυντέον.

1239 2482 1402 2521 eoere.

524 2585 629 2653 Qui
663 2597 933 2641 excussus
961 2578 1197 2650 propriis
1227 2576 1405 2630 aliena
1428 2570 1642 2642 negotia
1670 2566 1866 2631 cernit,

2190 2572 2305 2635 Πᾶς
2327 2572 2354 2624 ὁ
2382 2568 2541 2636 ἀφεὶς
2565 2566 2633 2621 τὰ
2666 2563 2880 2628 ἑαυτοῦ,
2904 2562 3246 2615 ὲπισκοπέων
3275 2558 3330 2612 δὲ
3361 2558 3427 2610 τά
3452 2557 3647 2622 ἄλλων,

596 2678 842 2747 Angusta
878 2682 962 2728 εει
987 2670 1124 2735 πίεν
1163 2683 1220 2723 δε
1249 2664 1437 2737 Procul
1471 2673 1631 2732 διίιυα
1663 2658 1806 2713 "idet
1840 2674 1854 2709 ε
2260 2660 2611 2731 Στεινόκαρός
2636 2658 2718 2720 τίς
2752 2657 2889 2721 ἐστι,
2918 2655 3013 2707 καὶ¹
3034 2653 3120 2706 διὰ
3140 2652 3296 2704 τοῦτο
3322 2650 3508 2719 βλέπει

527 2771 623 2826 Sin
652 2740 766 2824 visu
795 2768 1001 2822 intento
1029 2764 1287 2817 reddatur
1314 2758 1512 2830 pupula
1545 2754 1740 2823 major,

2192 2752 2447 2824 Τηλόθεν’
2476 2753 2524 2804 εἰ
2552 2751 2596 2805 δ’
2619 2752 2701 2813 εἰς
2731 2748 3027 2818 εὐρύχορον
3059 2746 3118 2799 τὸ
3148 2744 3316 2805 πάθος
3336 2759 3399 2826 γε
3423 2740 3682 2811 μετέστη,

599 2861 670 2917 Se
698 2874 931 2916 cernens
962 2870 1148 2926 prope,
1187 2868 1295 2907 non
1316 2812 1588 2922 prospicit
1614 2812 1846 2903 ulterius
1881 2843 1899 2895 f
1914 2840 2017 2897 lli.

1881 2843 1899 2895 f
1914 2840 2017 2897 III.
2260 2812 2534 2913 ”Εγγύθεν
2560 2812 2719 2896 αὐτόν
2752 2812 2894 2904 ἱδιῦν,
2921 2812 3151 2909 ἀλλαχοῦ
3168 2837 3264 2905 οὐχ
3286 2812 3435 2904 ὲορᾷ.

530 2987 749 3047 XXXV.
781 2987 934 3055 Quod
968 2986 1013 3040 si
1043 2987 1086 3039 is
1113 2985 1201 3052 qui
1224 2982 1482 3102 mentita:
1511 2977 1665 3045 perit,
1710 2975 1875 3028 multo
1925 2970 2091 3040 magis

1147 3072 1233 3102 aut
1264 3067 1438 3102 υίῚϐΓα
1471 3090 1484 3102 .

2195 2978 2319 3035 AE’.
2351 2977 2473 3030 Ὀτι
2509 2976 2560 3028 ει
2599 2977 2631 3027 ὀ
2671 2971 3043 3093 ψευδόμὲνος
3083 2969 3365 3074 Ιὸλλυται,
3394 2966 3426 3017 ό
3482 2960 3762 3027 ἐπίορκος

2860 3056 2904 3093 π
2941 3056 3089 3094 σον.

1147 3056 1234 3125 qui
1264 3056 1484 3122 pcjerat.

2860 3056 3088 3094 ποσονι

534 3197 593 3253 Si
624 3193 823 3266 lyricus
855 3188 1025 3244 David
1060 3199 1187 3243 vere
1210 3183 1476 3240 cecinisse
1500 3188 1741 3250 putatur,

2126 3244 2168 3266 ﬂ
2198 3180 2260 3233 Εἰ
2292 3180 2319 3232 ό
2346 3175 2580 3248 λυρῳδὸς
2611 3171 2770 3225 Δαὸὶδ
2794 3168 2928 3241 ὁμοῦ
2966 3169 3058 3222 καὶ
3088 3166 3247 3221 τοῦτο
3276 3164 3463 3227 ἀείδει,

606 3285 893 3341 Mendaccs
922 3278 1119 3352 perdes
1150 3287 1372 3346 prorsus
1404 3271 1749 3340 inaniloquos
1779 3283 1794 3321 ς
2124 3244 2170 3309 C

2124 3244 2170 3309 δ
2283 3271 2369 3334 Ὡς
2384 3244 2631 3331 ’Ᾰπολεῖς
2654 3267 2861 3328 πάντας
2888 3264 3011 3325 τοὺς
3035 3261 3325 3319 λαλέοντας
3347 3256 3538 3326 ψεῦδος
3562 3272 3572 3283 ·

533 3380 679 3448 Ergo
700 3376 793 3432 ubi
822 3373 927 3430 erit
959 3381 1071 3427 tum
1101 3369 1196 3440 qui
1223 3381 1321 3423 sua
1347 3380 1441 3436 per
1467 3362 1707 3435 periuria
1739 3365 1966 3414 cunctos

1813 3365 1966 3411 “CI-05
2200 3363 2311 3417 Ποῦ
2338 3361 2403 3416 ἂν
2437 3361 2521 3431 εἴη
2553 3361 2699 3422 ὅστις
2732 3359 2823 3412 καὶ
2851 3356 3103 3425 ἐπίορκον
3131 3351 3388 3423 ὀμόσσας,

606 3447 861 3533 ΟΠειιύἱι,
892 3463 1091 3535 quibus
1122 3468 1209 3516 est
1234 3459 1443 3528 integra
1470 3464 1651 3510 mente
1676 3449 1848 3507 fides?

1826 3449 1848 3502 ’ἶ
2270 3455 2483 3517 Πάντας
2512 3452 2633 3507 άᾶθ’
2655 3452 2804 3505 ὅσσοι
2831 3450 3019 3502 πιστὸν
3046 3448 3229 3517 έχουσι
3251 3447 3400 3511 νόον;

610 3574 851 3633 XXXVI.
893 3570 1141 3643 Cujusvis
1167 3584 1271 3624 non
1307 3583 1417 3623 esse
1440 3566 1503 3620 de
1530 3565 1721 3618 virtute
1748 3561 2024 3614 disserere.

2204 3570 2345 3635 ΑΠ’.
2378 3567 2505 3619 Ὅτι
2534 3565 2605 3619 οὐ
2632 3562 2751 3616 τῶν
2771 3561 3077 3630 τυχόντων
3097 3562 3129 3613 ό
3158 3559 3291 3628 περὶ
3319 3559 3533 3627 ἀρετῆς
3559 3558 3768 3627 λόγος.

536 3686 765 3743 Pastore
788 3697 819 3737 a
848 3678 1048 3735 celebri
1073 3678 1201 3731 dum
1234 3674 1357 3744 quis
1396 3682 1550 3742 rogat
1583 3683 1749 3724 aurea
1778 3665 1945 3729 dicta,

2203 3675 2421 3744 Ποιμέν⁹
2452 3672 2686 3744 άνήρετό
2712 3688 2795 3734 τις
2823 3670 2915 3723 τὸν
2946 3669 3205 3739 ἀοίδιμον·
3236 3668 3373 3721 Εἰπέ
3401 3686 3454 3721 τι
3485 3670 3658 3739 ῥῆμα.

614 3776 691 3831 Ex
717 3774 824 3829 alio
856 3770 1078 3843 glandes
1104 3767 1303 3821 robore
1330 3764 1547 3831 collige,
1582 3760 1657 3815 ait
1687 3757 1803 3830 (12)
1834 3776 1847 3811 :

2270 3768 2456 3839 Αὐτὰρ
2483 3768 2583 3836 ὅγ’·
2612 3765 2747 3832 Οὓκ,
2785 3765 2950 3833 ἄλλην
2981 3762 3111 3835 δρῦν
3143 3762 3415 3832 βαλάνιζε,
3446 3762 3549 3831 ἔφη
3579 3776 3591 3788 ⁸

541 3866 675 3923 Nam
703 3864 995 3936 pulchrum
1032 3858 1163 3930 quid
1192 3858 1259 3913 de
1288 3856 1487 3910 virtute
1517 3852 1713 3907 docere
1740 3848 1905 3919 pudet
1942 3860 2049 3908 me,

2203 3865 2461 3934 Αξδέομαι
2489 3862 2595 3931 γὰρ
2635 3858 2743 3928 ἐγὼ
2770 3860 2901 3928 περὶ
2930 3856 3027 3924 τῆς
3064 3856 3264 3926 ἀρετῆς
3302 3872 3354 3906 τι
3377 3853 3667 3907 διδάσκειν.

611 3960 746 4012 Cum
775 3966 972 4024 magna
999 3950 1283 4014 affectans,
1312 3945 1396 4000 vix
1434 3943 1655 3999 minima
1686 3939 1935 3995 eﬂlciam.

2288 3957 2376 4009 Ἐν
2411 3952 2632 4025 μεγάλῳ
2661 3951 2769 4021 γὰρ
2802 3950 2965 4021 ἐρῶν,
2998 3949 3119 4002 οὐδὲ
3149 3947 3252 4015 γρὺ
3299 3943 3551 3998 ἐκτελέω.

661 4062 920 4122 XXXVII.
972 4060 1122 4126 Quod
1149 4059 1326 4128 inopia
1356 4057 1569 4110 minime
1597 4052 1858 4107 invidiosa
1890 4049 1978 4102 sit.

1942 4058 1978 4100 τ’
2443 4062 2565 4117 ΛΖ’.
2596 4061 2717 4114 Ὅτι
2750 4061 2817 4114 τὸ
2849 4059 3074 4126 ἄπορον
3100 4056 3522 4125 ἀνεπίφθονον.

539 4181 645 4249 Qui
668 4179 858 4243 livore,
889 4173 1014 4231 odio
1044 4184 1098 4229 et
1122 4172 1273 4229 curis
1296 4185 1397 4225 nos
1426 4168 1678 4229 solveret,
1714 4174 1876 4234 atque

2208 4177 2270 4229 Ei
2300 4175 2577 4246 μερίμνας
2603 4189 2687 4234 τις
2726 4170 2868 4233 ἔλυε,
2892 4170 2985 4222 καὶ
3012 4166 3198 4235 ἔχθεα,
3231 4166 3327 4219 καὶ
3361 4162 3574 4232 φθόνον,
3603 4155 3718 4214 εἶτα

615 4269 847 4325 Duceret
879 4264 947 4321 ad
976 4277 1253 4326 securam,
1290 4260 1690 4329 innocuamque
1716 4255 1884 4317 viam,

1821 4268 1884 4317 τι»
2279 4266 2372 4327 Εἰς
2399 4264 2698 4333 ἀμέριμνον
2726 4260 2842 4312 όδὸν
2866 4254 2968 4325 ἦγε
2988 4260 3082 4309 καὶ
3115 4255 3404 4324 ἀπόλεμον,

543 4362 817 4433 Numquid
846 4373 973 4415 eum
1006 4352 1405 4424 sequeremur?
1439 4360 1493 4403 at
1522 4350 1635 4403 haec
1673 4347 1815 4400 bona
1846 4341 2110 4411 pluraque

2211 4356 2400 4410 Οὑκᾶν
2419 4355 2504 4408 ἐπ’
2525 4356 2681 4407 αὑτὸν
2705 4354 2825 4423 ἴμεν
2846 4351 2991 4415 τάδε,
3015 4350 3108 4403 καὶ
3126 4347 3286 4400 πλέον
3312 4345 3479 4399 ἐσθλὰ
3503 4343 3778 4415 προτείνει

613 4429 782 4511 Aﬂ‘ert
808 4450 1098 4524 pauperies
1126 4467 1140 4504 :
1166 4457 1222 4502 et
1245 4453 1429 4499 tamen
1450 4442 1593 4496 hanc
1631 4433 1907 4506 fugimus?
1930 4429 2111 4501 [nobis

1811 4433 1907 4488 “5?
1930 4429 2111 4524 IWbis
2294 4448 2357 4499 'H
2379 4446 2730 4516 ἁκτημοσύνη
2767 4444 2857 4497 καὶ
2893 4440 3206 4511 φεϐόμεσθα
3236 4439 3394 4507 κότῳ.

545 4561 831 4621 XXXVIII.
882 4556 1037 4625 Quod
1069 4557 1111 4635 is
1147 4555 1230 4607 cui
1264 4552 1454 4633 bellum
1487 4549 1713 4615 infertur
1746 4522 2106 4609 undequaque,
2133 4581 2187 4639 D
2215 4556 2342 4612 ΑΠ’,
2379 4558 2495 4609 Ὅτι
2525 4556 2591 4610 τὸ
2624 4555 2997 4622 “arundo”.
3020 4551 3468 4620 πολεμοίςμῢὋν
3491 4546 3777 4615 ἄτρωτον.

1036 4640 1122 4677 ινιτ
1156 4626 1364 4693 effugiat
1390 4620 1627 4673 vulnera.
2842 4610 2855 4622 ·

547 4750 592 4800 Α
616 4743 761 4799 bello
784 4739 931 4810 quod
967 4736 1190 4804 linguae,
1228 4730 1403 4786 oculis
1437 4737 1599 4795 atque
1627 4723 1853 4778 auribus
1881 4721 2005 4776 imis

2000 4738 2005 4773 ί
2216 4732 2388 4783 Ὤτων
2417 4730 2509 4782 καὶ
2543 4728 2810 4796 γλώττης,
2845 4727 2936 4779 καὶ
2964 4726 3209 4794 ὄμματος
3241 4694 3583 4789 ἔχ’-πολέμοιο

617 4836 876 4901 Infertur,
902 4831 1086 4887 nullus
1118 4824 1429 4881 monticolis
1467 4831 1643 4876 metus
1675 4833 1778 4874 εει.

2293 4824 2509 4878 Ῥύεται
2540 4822 2567 4872 ὁ
2597 4822 2810 4891 σκηνῶν
2836 4819 3054 4889 οὓρεσιν
3075 4816 3368 4886 ὴλιὸἁτοις.

546 4926 743 4985 Cordis
762 4934 816 4978 at
847 4899 1109 4977 infestant
1139 4917 1240 4970 hos
1264 4913 1445 4983 praelia
1477 4912 1611 4974 sola,
1645 4908 1872 4979 proinde

2224 4914 2472 4985 Ὀχλεῖ⁷δ⁹
2502 4915 2529 4966 ό
2551 4913 2777 4984 κραδίης
2814 4912 3045 4981 πόλεμος
3081 4909 3262 4981 μόνος,
3290 4903 3402 4958 ἀλλ’
3430 4904 3511 4956 ὅτι
3564 4899 3782 4969 μοῦνος,

618 5018 737 5074 Non
774 5016 885 5072 fera
912 5030 925 5067 :
958 5026 1085 5065 nam
1119 5009 1171 5061 in
1203 5002 1559 5061 multisMars
1593 5000 1913 5056 metuendus
1937 4998 2110 5053 adest.

2285 5009 2358 5060 Οὐ
2394 5006 2624 5077 χαλεπός
2646 5022 2658 5035 ο
2684 5004 2915 5074 χαλεπὸς
2946 5004 2988 5055 δ’
3020 5004 3076 5054 ἐν
3112 5000 3420 5053 πλεόνεσσιν
3458 4998 3654 5063 Ἀρης.
3814 4999 3818 5027 ί

546 5125 789 5186 XXXIX.
845 5123 996 5189 Quod
1050 5133 1313 5174 sermones
1363 5130 1479 5166 cum
1515 5112 1704 5180 ﬁducia
1758 5111 1953 5182 prolati
2008 5126 2108 5161 non

1218 5194 1448 5253 pereant.

2284 5122 2407 5177 AB'.
2441 5122 2567 5173 Ὅτι
2598 5121 2650 5171 ci
2672 5116 2820 5186 μετὰ
2849 5112 3186 5182 παρῤησίας
3208 5110 3375 5178 λόγοι
3405 5104 3708 5159 ἀθάνατοι.

548 5305 898 5366 Monticolam
929 5313 1105 5360 saevus
1138 5298 1267 5354 dum
1294 5298 1547 5368 princeps
1573 5294 1792 5359 detinet,
1840 5304 2003 5362 atque

2218 5295 2420 5362 Ἀνδρα
2435 5292 2665 5360 κατέσχε
2684 5292 2945 5359 τύραννος
2958 5288 3243 5357 όριτρόφον
3268 5304 3279 5314 ·
3305 5284 3377 5347 ὡς
3397 5282 3441 5335 δ’
3458 5283 3550 5334 ἐπὶ
3571 5282 3630 5333 τὸ
3650 5280 3785 5348 σφὸν

620 5397 949 5458 Pertrahere
976 5392 1304 5463 intrepidum
1340 5392 1393 5445 in
1422 5404 1519 5446 sua
1543 5389 1703 5445 verba
1735 5388 1941 5456 nequit,
2160 5440 2165 5445 ,

2160 5440 2165 5445 ,
2286 5385 2472 5453 Δόγμα
2506 5381 2603 5450 μὲν
2632 5383 2729 5449 οὐχ
2756 5381 2874 5450 ᾕρει
2897 5419 2910 5441 ,
2956 5378 3085 5431 Οὔτι
3114 5377 3375 5440 δέδοικας,
3405 5373 3531 5443 ἔφη,
3606 5371 3741 5443 [θοις

549 5489 823 5564 Nunquid,
848 5488 946 5553 ait,
965 5486 1165 5542 metuis
1183 5493 1408 5539 mortem
1429 5485 1451 5537 ?
1473 5483 1638 5546 Alter,
1659 5481 1847 5536 Nonne
1870 5481 2035 5549 pudet
2054 5488 2107 5533 te

2214 5480 2305 5549 Μή
2323 5478 2368 5531 σ’
2386 5475 2588 5534 ὀλέσω;
2616 5505 2683 5513 ——
2706 5475 2777 5527 Σὺ
2804 5472 2867 5537 δ’,
2890 5472 3013 5542 ἔφη,
3044 5471 3143 5525 οὐκ
3164 5468 3411 5541 αἰσχύνῃ,
3439 5467 3552 5521 ὅττι
3585 5483 3651 5537 με
3678 5464 3784 5536 μύ-

624 5666 734 5739 (1θ)
774 5667 1067 5739 Pittacus.“
1199 5737 1207 5739 _
1527 5733 1566 5739 __
1760 5731 1790 5739 ἢ
1933 5730 1963 5739 _
2022 5729 2049 5739 _
2221 5654 2677 5739 quereunialiam'.

774 5716 1281 5819 HiHi-“Carmina
1304 5750 1497 5820 aurea;
1527 5733 1653 5786 IIor.
1694 5748 1729 5785 ιι
1758 5731 1902 5797 Scr.,
1932 5730 1986 5785 S.
2022 5729 2074 5783 5.
2232 5716 2252 5794 ξ
2289 5723 2686 5805 (15)_Cassiod.
2724 5723 2759 5776 l.
2812 5738 2905 5776 vni
2947 5720 3094 5781 Van.
3132 5718 3195 5773 IO
3222 5738 3234 5774 ε
3265 5716 3384 5773 Non
3412 5733 3613 5788 semper
3638 5722 3785 5771 tutu;

678 5809 731 5877 2)
769 5808 1032 5877 Adagium
1056 5824 1120 5865 ex
1144 5807 1322 5877 Epigr.
1355 5811 1525 5861 breue.
1561 5806 1594 5857 Ι.
1625 5820 1683 5870 ιι,
1716 5819 1763 5858 c.
1795 5804 1829 5858 9
1860 5823 1872 5858 :
1910 5802 2109 5855 Excute
2221 5797 2426 5865 fuitqut
2460 5810 2574 5847 cum
2603 5809 2872 5847 numeroso
2904 5795 3047 5847 hoste
3076 5793 3357 5847 contendit,

647 5793 731 5879 12)
769 5793 1032 5881 Adagium
1056 5824 1120 5865 ex
1144 5807 1322 5878 Epigr.
1355 5793 1525 5861 Graec.
1561 5806 1594 5857 Ι.
1625 5820 1683 5870 ιι,
1716 5819 1763 5858 c.
1795 5804 1829 5858 9
1860 5793 2109 5858 {Excute
2221 5793 2426 5865 fuitqui
2460 5810 2574 5847 cum
2603 5809 2872 5847 numeroso
2904 5795 3047 5847 hoste
3076 5793 3357 5847 contendit,
