4044 6592
219 457 232 465 ,
323 408 426 474 8Ἶῖ
1738 417 2189 480 PARADISUS.
3466 433 3573 498 878

393 519 468 573 Οὐ
501 517 688 583 νικῶν,
727 516 958 586 φάσκεις
989 517 1247 588 σκορπίου
1274 518 1410 588 ἔργα
1444 519 1654 587 τελεῖν;
1927 533 1970 587 Α

1927 533 1970 587 Α
2075 526 2156 580 Me
2188 542 2316 582 voce
2347 529 2604 586 invictum
2634 533 2851 590 vincere
2876 550 3025 591 more
3055 536 3216 608 Nepze
3246 539 3383 612 (lli)?

627 627 717 681 M'.
749 627 847 694 Μὴ
881 626 1036 696 μέγα
1066 627 1310 696 φρονεῖν
1341 630 1410 682 ἔν
1452 645 1585 683 τινι.
2159 637 2224 692 XI

2159 637 2270 692 XL.
2325 639 2478 706 Quod
2509 643 2657 698 nulla
2686 645 2738 698 in
2768 664 2821 701 re
2853 665 2906 703 se
2937 649 3123 718 efferre
3153 663 3406 722 oporteat.

325 730 446 787 Εἴτε
483 732 605 802 μέγ’
637 733 891 800 ὲξείπυις,
923 735 1113 806 ἐτέρου
1147 735 1298 808 πάρα
1326 737 1510 807 μεῖζον
1537 738 1789 802 ἀκούσεις
1810 755 1825 772 ·

1724 757 1789 802 εις
1810 755 1825 772 ⁸
2002 751 2058 804 Si
2091 751 2218 821 quid
2253 754 2546 821 protuleris
2570 754 2894 824 iactantius,
2919 763 3157 832 amplius
3185 765 3321 820 alter

393 827 502 880 Καὶ
527 829 636 898 γὰρ
667 827 772 895 ἔφη
797 829 1013 899 Ζήνωνο
1051 829 1260 884 Οὖποτέ
1290 832 1345 900 μ’
1371 831 1550 901 ἠέλιος

2071 842 2140 898 Sc
2165 842 2372 907 ell‘cret,
2407 845 2715 918 exemplum
2752 847 2900 906 Zeno
2928 827 3187 924 Theoque
3210 852 3439 914 dabunt.

320 917 676 983 Δειπνίζοντα
704 920 947 991 δέδορκε.
983 922 1132 976 Θέων
1161 923 1481 993 ἁπάμειπτο
1510 924 1794 994 παραστάς
1818 939 1831 951 ·

1683 924 1794 987 mi;
1818 939 1831 951 ‘
2003 933 2224 990 Dicebat
2259 934 2403 992 Zeno
2434 955 2446 992 :
2470 917 2680 994 Solime
2702 955 2809 995 non
2835 941 2970 996 vidit
2999 917 3280 1013 edentem;

390 1009 573 1080 Αὐτὰρ
613 1012 668 1082 μ’
701 1012 861 1076 αὐτὸς
897 1013 996 1084 θὴν
1020 1015 1140 1068 οὐδὲ
1176 1015 1574 1085 χολωσάμενον.

2071 1028 2312 1084 Necdum
2348 1031 2547 1087 iratum
2581 1033 2663 1089 sol
2694 1049 2798 1100 me,
2836 1033 3008 1100 Theo,
3042 1038 3197 1104 vidit,
3237 1009 3314 1097 ait
3343 1043 3479 1114 (l5).

1035 1125 1170 1177 MA’.
2307 1139 2441 1196 XLI.
2504 1144 2739 1214 Alfectus
2780 1147 2944 1201 animi
2974 1148 3248 1204 domandi.

333 1227 613 1300 Ῥηῖτερον
647 1230 900 1300 βασιλεὺς
928 1218 1117 1306 πέρΘέι
1146 1236 1318 1301 πόλιν,
1351 1238 1400 1289 εἰ
1433 1237 1713 1308 δεδύνηται

1688 1258 1713 1291 ,ι
1992 1245 2284 1318 Expugnat
2317 1249 2480 1306 citius
2515 1267 2607 1308 rex
2635 1255 2855 1323 oppida,
2887 1256 2932 1312 si
2967 1267 3134 1328 queat
3158 1259 3285 1316 inde

389 1324 472 1376 Τὰ
496 1326 789 1395 προσιόντα
822 1345 881 1380 τε
892 1331 1011 1397 μεῖν
1043 1329 1230 1384 εἴδατα
1254 1332 1427 1384 καὶτὸ
1451 1330 1612 1404 ὕδωρ.

2069 1337 2330 1396 Ιεῖεσεωῐη
2363 1359 2528 1399 omne
2563 1360 2737 1415 genus
2772 1349 3106 1420 ﬂuminaque
3138 1354 3390 1408 avehere.

317 1414 474 1468 Οὕτω
503 1417 597 1469 καὶ
629 1416 694 1470 σύ
720 1420 792 1483 γ’,
814 1418 982 1488 ἔφησε
1017 1420 1188 1491 Πίωρ,
1221 1421 1378 1476 πὰοε’
1400 1421 1780 1489 ἐξαλαπάξεις.

1715 1444 1780 1489 ις.
1996 1429 2088 1484 Sic
2122 1430 2248 1487 Pior
2275 1432 2500 1491 affectus
2538 1438 2704 1493 animi
2738 1439 3006 1496 domitare
3041 1445 3312 1512 monebat,

392 1509 551 1579 Ἀχρι
577 1509 633 1562 δὲ
665 1510 836 1565 ταῦτα
868 1513 1035 1581 μένει,
1067 1513 1325 1570 δύσκολον
1360 1514 1606 1588 ὲξερύης.

2067 1521 2248 1589 Quod,
2282 1525 2329 1580 si
2357 1526 2446 1582 isti
2484 1539 2762 1595 maneant,
2796 1548 2958 1588 nemo
2989 1536 3062 1590 sit
3103 1509 3395 1594 incolumis
3431 1541 3561 1612 (l6).

583 1621 716 1677 MB’.
745 1623 872 1677 Ὅτι
899 1624 965 1677 τὸ
995 1625 1140 1678 νέον
1172 1626 1640 1696 εὐεξαπάτητον.

2240 1629 2402 1687 XLII.
2462 1633 2686 1690 Juvenes
2719 1638 2933 1708 decepta
2965 1640 3147 1708 facile:
3181 1658 3313 1696 esse.

325 1732 391 1786 Ἦ
425 1732 612 1804 νεότης
642 1736 715 1788 τά.
744 1753 802 1788 τε
829 1736 986 1801 ἄλλα,
1022 1737 1116 1790 καὶ
1146 1739 1207 1791 οὐ
1244 1739 1444 1807 πάγιον
1474 1742 1647 1811 φρένα
1694 1743 1885 1799 τίκτει.

1993 1737 2096 1792 Vix
2135 1754 2379 1808 unquam
2447 1742 2681 1798 solidam
2729 1755 2967 1801 mentem
3021 1748 3164 1818 parit
3211 1751 3319 1804 ulla
3367 1753 3563 1818 juven-

389 1824 582 1878 Ἔνθεν
605 1824 751 1890 ἔλεξε
781 1827 958 1898 γέρων
976 1845 992 1860 ·
1022 1830 1084 1882 Εἰ
1113 1831 1232 1883 νέον
1255 1831 1404 1902 ἄνδρ’
1425 1832 1607 1904 ἐσίδῃς
1919 1892 1958 1915 n

2066 1829 2221 1887 Unde
2248 1848 2413 1889 senex
2436 1835 2660 1904 quidam
2680 1836 2860 1892 dicere
2889 1850 3006 1893 erat
3029 1841 3257 1896 solitus:
3289 1841 3399 1914 [tus
3427 1846 3559 1915 (Π).

313 1912 555 1982 Οὐρανὸν
589 1892 916 1980 εἰσακθιόῆα,
949 1915 1127 1970 λαϐὼν
1150 1918 1326 1982 ποδὸς,
1356 1892 1490 1972 ’ἓλκε
1521 1892 1734 1991 {Apage
1763 1941 1776 1952 ο

2453 1892 2467 1904 ,
2900 1892 2910 1893 κ

1993 1921 2047 1976 Si
2080 1938 2412 1996 quemquam
2435 1943 2630 1982 cernas
2657 1928 2915 1998 juvenem
2945 1935 3313 1988 conscendere
3336 1936 3559 2001 coelum,

381 2004 475 2076 Μὴ
501 2005 699 2078 κρόνου
726 2009 1029 2075 ὲκπεσσὼν,
1058 2009 1272 2082 βρέγμα
1294 2013 1344 2064 οἱ
1375 2011 1618 2084 ἐξολέσῃ.

2061 2014 2142 2066 'l‘u
2177 2013 2312 2084 pede
2352 2018 2642 2085 retrahito,
2679 2035 2748 2074 ne
2769 2021 2954 2075 ellluat
2984 2022 3110 2078 huic
3144 2026 3450 2080 cerebrum.

413 2111 545 2167 ΜΓ.
579 2114 708 2168 Ὅτι
730 2115 828 2171 καὶ
863 2116 1120 2172 πάθεσιν
1143 2119 1572 2183 ὑπεξίστανται
1599 2122 1775 2192 πάθη.

2047 2122 2230 2179 XLIII.
2290 2124 2442 2190 Quod
2471 2129 2692 2196 affectus
2724 2131 2848 2186 aliis
2872 2133 3170 2201 prodantur
3209 2136 3504 2204 a/fectibus.

313 2225 469 2278 Ἐστι
503 2227 597 2278 καὶ
630 2228 692 2281 ἐκ
728 2229 926 2292 κακίας
972 2229 1167 2298 κέρδος
1200 2230 1252 2282 τί
1283 2247 1366 2298 γε.
1391 2231 1745 2301 Μνησίκακος
1774 2235 1881 2306 γὰρ

1824 2235 1881 2306 ip
1967 2231 2247 2291 ‘Naseitur
2281 2252 2311 2292 c
2339 2238 2472 2293 vitio
2495 2238 2627 2310 quid
2653 2241 2790 2296 lucri
2827 2260 2840 2296 :
2876 2259 3114 2314 namque
3145 2247 3421 2318 malignus

379 2317 550 2390 Θυμῷ
583 2320 938 2390 ἀναφλεχθεὶς
972 2321 1048 2375 ἰὸν
1077 2322 1136 2375 δν
1162 2321 1306 2394 εἶχεν
1327 2325 1456 2389 ἔσω,

2060 2327 2140 2382 Ira
2171 2329 2369 2386 ardens
2398 2331 2557 2386 ell‘ert
2588 2342 2730 2388 tecta
2760 2351 2967 2390 venena
2993 2336 3140 2394 foras
3171 2355 3182 2390 :

311 2411 592 2482 Ἤμεσεν··
621 2417 686 2467 ὲκ
713 2413 768 2466 δὲ
800 2415 990 2484 φανεὶς
1025 2415 1341 2472 ἐσπείσατο.
1393 2421 1550 2474 Πᾶσα
1579 2421 1685 2491 γὰρ
1717 2423 1882 2485 ἀσπὶς

1822 2423 1882 2485 τὶς
1985 2414 2079 2470 Illa
2114 2417 2295 2474 minus
2327 2420 2534 2476 detecta
2562 2433 2782 2487 nocent,
2816 2425 2961 2479 velut
2987 2429 3135 2496 aspis
3162 2429 3231 2484 ab
3261 2438 3419 2484 antro

392 2505 688 2560 Ῥίπτουσα
721 2507 975 2580 τρώγλης
1001 2509 1062 2562 οὐ
1101 2509 1227 2580 μάλ’
1257 2511 1487 2576 ἄελπτος
1519 2513 1622 2580 ἔφυ

1568 2531 1622 2580 ρυ
2059 2506 2291 2578 Egressa
2317 2513 2556 2578 occulto,
2593 2523 2677 2570 est
2705 2517 2936 2573 exitiosa
2967 2519 3165 2574 minus.

447 2612 577 2670 ΜΔΕ
615 2615 735 2671 Ὅτι
757 2617 824 2671 τὸ
847 2619 1253 2674 ὑποτακτικὸν
1281 2620 1434 2690 ὑπὲρ
1463 2621 1715 2677 ἅπαντα.

2090 2618 2278 2678 XLIV.
2313 2620 2733 2680 Submissionem
2770 2644 2931 2696 supra
2967 2630 3076 2683 alia
3100 2635 3280 2686 omnia
3311 2651 3440 2689 esse.

319 2721 550 2790 Ἐκσεὲὰς
573 2721 714 2780 εἶδεν
742 2726 882 2798 ἀνὴρ
918 2729 996 2792 εἰς
1016 2729 1245 2800 οὐρανὸν
1281 2730 1477 2812 ᾇνδρας
1509 2732 1764 2803 ἀρίστους
1791 2749 1804 2763 ·

1791 2749 1804 2763 ·
1984 2733 2310 2790 Prnstantes
2341 2734 2594 2794 homines
2626 2740 2761 2793 vidit
2795 2741 2880 2795 vir
2915 2751 3104 2812 raptus
3135 2743 3186 2797 in
3212 2752 3379 2808 astra,

376 2817 500 2872 Τῶν
527 2818 573 2872 δ’
598 2820 890 2891 ἀπέλαμπε
915 2821 1079 2875 πλέον
1111 2810 1290 2892 ἠΐθεος
1322 2823 1596 2894 θεράπων.

2056 2827 2113 2882 In
2143 2827 2346 2897 quibus
2379 2830 2617 2886 eximius
2649 2833 2908 2903 splendor
2935 2836 3288 2906 eratjuvenis
3324 2856 3338 2894 :

304 2911 410 2966 Τδν
440 2910 496 2965 δὲ
525 2911 726 2983 τρόπον
761 2911 958 2983 ζητῶν,
1001 2913 1223 2985 ἔμαθεν,
1247 2915 1326 2968 ὅτι
1358 2915 1464 2968 οἵδε
1496 2915 1712 2986 θελήσει

1983 2917 2049 2970 Et
2072 2932 2322 2986 quazreus
2346 2935 2593 2984 causam,
2621 2922 2763 2977 hanc
2788 2924 2995 2980 audivit
3024 2945 3035 2979 :
3064 2943 3280 2996 nempe,
3315 2931 3553 2987 volentes

375 3005 580 3076 Τάγάθ’
606 3006 775 3079 ἔδρων
799 3025 812 3037 ·
845 3010 874 3062 ὁ
901 3008 956 3061 δὲ
979 3009 1065 3080 δὴ,
1097 3009 1216 3063 οὐδὲ
1251 3009 1461 3081 θέλημα
1491 3010 1632 3082 ἔχεν.

2056 3009 2120 3064 Ili
2150 3010 2292 3065 bona
2327 3010 2592 3080 fecerunt,
2627 3016 2761 3070 velle
2783 3032 2884 3073 suo
2919 3018 3006 3074 hic
3040 3023 3234 3075 caruit.

303 3113 440 3172 ME’.
478 3117 599 3171 Ὅτι
634 3117 958 3188 ὑπομένειν
985 3118 1081 3172 δεῖ
1105 3119 1175 3173 ἐν
1209 3114 1300 3186 οἷς
1330 3119 1406 3174 ἂν
1445 3120 1872 3192 σκηνὼσωμεν.

1981 3119 2145 3176 XLV.
2189 3123 2342 3191 Quod
2375 3140 2679 3194 permanere
2729 3139 2966 3198 oporteat
3020 3132 3075 3185 in
3107 3133 3236 3188 locis
3269 3137 3354 3188 ubi
3401 3139 3545 3191 sedes

2547 3199 2816 3265 patuimus
2860 3201 2993 3271 (I8).

2584 3214 2816 3252 asumma
2860 3214 2993 3255 (Ιδ).

1902 3249 1942 3306 C

301 3289 559 3362 Δένδρεον
582 3291 648 3362 ἢν
674 3291 893 3362 ἀπάγῃς
916 3291 1081 3346 τόπον
1107 3293 1170 3346 ἐκ
1193 3293 1381 3358 τόπου,
1407 3291 1650 3347 οἷσθ’ὃτι
1675 3293 1868 3366 ἔρξεις.

1739 3295 1868 3362 ξειςο
1904 3289 1942 3306 υ
1981 3302 2036 3358 Si
2075 3305 2358 3362 arbustum
2389 3323 2642 3365 removcs
2669 3312 2736 3367 de
2768 3313 2917 3380 sedc,
2951 3312 3186 3372 feracius
3208 3317 3336 3372 illud

374 3383 562 3455 Πολλῷ
601 3385 783 3438 πλεῖον
806 3386 946 3456 ἀνὴρ
977 3385 1105 3438 ἔνθα
1141 3386 1233 3440 καὶ
1261 3385 1389 3440 ἔνθα
1411 3386 1576 3439 ναίων
1594 3402 1606 3415 ·

2051 3398 2303 3465 Prmstas,
2337 3410 2396 3456 tu
2432 3418 2652 3473 quoque
2675 3404 2758 3458 vir
2783 3405 2871 3460 hic
2905 3415 2958 3461 et
2978 3409 3181 3479 ubique
3204 3409 3386 3466 habita
3417 3414 3549 3483 (l9).

301 3477 367 3530 EI
386 3477 430 3529 δ’
461 3477 490 3529 ὁ
516 3478 677 3542 τόπος
711 3479 916 3548 δαμάᾳ,
944 3479 1121 3532 καίτοι
1153 3479 1320 3533 κακὸν
1342 3479 1404 3532 οὺ
1442 3479 1584 3549 μέγα
1614 3498 1665 3532 τι
1694 3480 1751 3532 δν
1775 3523 1788 3547 ,

1782 3523 1788 3545 ,
1981 3487 2074 3541 Sin
2111 3490 2266 3545 locus
2295 3491 2591 3548 arboribus
2621 3502 2802 3558 nocet,
2836 3496 2889 3550 in
2919 3477 3125 3553 leviore
3155 3501 3379 3569 periclo,

374 3568 560 3639 Μηδὲν
593 3571 890 3641 ἐρωτήσεις
921 3571 1104 3624 εἵνεκα
1135 3571 1241 3624 τῶν
1276 3573 1502 3643 ἐτέρων.

2050 3580 2133 3637 Nil
2161 3582 2392 3653 posthac
2421 3585 2721 3656 quidquam
2753 3587 2820 3643 de
2854 3589 3084 3659 reliquis
3113 3568 3340 3660 rogites.

517 3677 669 3746 HQ".
698 3680 826 3734 Ὅτι
855 3681 1325 3750 ἀγαλματοποιεῐ
1349 3683 1386 3751 ἠ
1411 3683 1660 3741 διάνοια.
2083 3693 2114 3747 X

2083 3691 2271 3749 XLVI.
2329 3693 2481 3759 Quod
2517 3712 2658 3749 mens
2693 3697 2836 3750 mala
2874 3700 3166 3753 simulacra
3196 3703 3424 3772 efﬁngat.

301 3790 598 3862 Ζωγράφος
630 3792 862 3864 ἀκριϐὴς
886 3791 1067 3864 Κῦρός
1101 3795 1150 3862 γ’
1176 3793 1300 3866 ἔφη·
1331 3795 1516 3849 Ἔστιν
1546 3799 1574 3848 ὁ
1599 3794 1719 3860 νοῦς
1748 3814 1870 3866 μου,

1640 3794 1719 3860 ὶῦς
1748 3814 1870 3866 μου,
1980 3804 2240 3874 Egregius
2272 3805 2448 3874 pictor
2471 3802 2644 3876 Cyrus
2675 3806 2890 3862 dicebat
2929 3827 2939 3861 :
2971 3810 3124 3878 Apud
3153 3827 3237 3864 me

377 3885 640 3954 Σχήματα
671 3887 768 3938 καὶ
797 3885 1008 3954 μορφὰς
1037 3885 1206 3938 ἕνδοθί
1241 3904 1330 3956 μοι
1356 3890 1588 3941 τυπόων.

1579 3929 1588 3941 .
2037 3894 2198 3958 Mens
2237 3895 2386 3950 varie
2415 3897 2554 3951 lictis
2594 3898 2794 3968 gaudet
2828 3900 3176 3969 imaginibus.

311 3977 584 4040 Ἐλλάδιος
609 3977 652 4031 δ’
677 3979 990 4047 ἀπάμειπτο
1017 3993 1030 4005 ·
1068 3979 1148 4030 Τὰ
1176 3979 1339 4048 Οηρὶα
1377 3978 1611 4049 δείδιμεν
1644 3981 1690 4032 εἰ
1713 3981 1799 4052 ζῇ,

1976 3987 2075 4042 Cui
2105 3995 2293 4041 contra
2327 3987 2570 4043 Elladius
2601 4008 2614 4043 :
2649 3990 2758 4046 Nos
2785 4004 2992 4047 terrent
3018 3977 3137 4049 viva
3169 3996 3402 4051 ferarum

372 4072 434 4122 Εἰ
463 4070 521 4124 δὲ
551 4071 647 4142 μὴ,
677 4072 711 4141 ἡ
740 4073 908 4142 ὲμπὶς
939 4071 1104 4125 πολλὺ
1136 4074 1518 4143 κραταιοτέρη.

2053 4077 2294 4134 Monstra
2324 4098 2336 4134 :
2370 4081 2526 4135 culex
2557 4082 2714 4137 aliter
2745 4083 2941 4140 fortior
2974 4087 3087 4155 ipsc
3123 4088 3279 4141 foret.

580 4185 713 4239 MZ'.
756 4184 884 4238 ’Ὅτι
910 4187 976 4239 τὸ
1008 4186 1196 4238 καλὸν
1225 4185 1589 4238 ἐπιϐούλων.
2154 4185 2177 4240 3

2154 4185 2361 4242 XLVII.
2395 4188 2550 4255 Quod
2591 4193 2789 4245 malum
2824 4211 3027 4263 semper
3061 4196 3365 4250 insidietur.

301 4295 514 4351 Οΰποτε
542 4298 719 4351 Σατὰν
744 4300 802 4354 ἆε
814 4315 962 4370 ργος,
986 4298 1171 4351 ἔπεισε
1194 4297 1250 4351 δὲ
1282 4298 1507 4351 πάντοτε
1541 4299 1696 4362 πᾶσι,

1981 4293 2147 4349 Salan
2165 4295 2314 4352 iners
2328 4313 2605 4369 nunquam
2633 4311 2736 4362 est,
2755 4303 2888 4355 nulli
2912 4319 3017 4356 non
3038 4303 3199 4358 irruit
3216 4305 3387 4361 hostis
3411 4310 3544 4378 (illi),

372 4390 510 4452 Τοὺς
537 4391 838 4461 κρατεροὺς
873 4389 1008 4454 λύει,
1038 4391 1162 4452 τοὺς
1195 4389 1371 4452 ὁσίους
1403 4389 1588 4461 δαμάᾳ
1614 4408 1627 4420 ’

1465 4390 1588 4461 ιμάᾳ
1614 4408 1627 4420 -
2050 4385 2288 4443 Enervat
2314 4390 2506 4458 l'ortes,
2532 4391 2899 4462 sollicitatque
2925 4395 3062 4464 pios.

298 4480 446 4551 Θῆκε
469 4482 527 4536 δὲ
551 4482 646 4534 καὶ
662 4483 925 4554 προδότην
942 4482 1030 4534 τὸν
1070 4483 1406 4536 Ἀπόστολον.
1431 4485 1612 4553 ᾬμοι,
1639 4483 1741 4553 ἔφη
1769 4501 1870 4548 τις,

1979 4477 2236 4534 Proditor
2273 4481 2399 4536 hinc
2439 4485 2612 4537 evasit
2654 4487 2961 4551 apostolus.
2991 4487 3104 4541 IIeu
3135 4490 3290 4553 mihi,
3326 4492 3545 4561 quidam

373 4573 488 4627 Κᾶν
516 4574 582 4627 τὰ
612 4573 845 4642 Γάδειρα
874 4571 1067 4643 περάσ’
1089 4573 1313 4627 αὐτόθεν
1346 4577 1378 4644 ἡ
1407 4574 1595 4643 κακίη.
1909 4587 1950 4641 ι)

1909 4587 1950 4641 ι)
2054 4570 2354 4638 Exclamat,
2388 4574 2582 4628 vitium
2615 4584 2873 4646 transque
2906 4576 3080 4633 Gades
3116 4591 3381 4648 penetrat.

405 4689 546 4742 MH'.
585 4689 714 4741 Ὅτι
753 4687 901 4756 πρὸς
926 4687 1034 4740 τὸν
1062 4688 1246 4740 τόπον
1279 4687 1375 4740 καὶ
1412 4688 1514 4752 τὰς
1542 4687 1765 4756 χρείας.

2048 4682 2281 4738 XLVIII.
2319 4684 2474 4750 Quod
2501 4687 2788 4740 secundum
2824 4687 2992 4740 locum
3021 4705 3146 4743 usus
3181 4708 3352 4744 rerum
3383 4692 3472 4745 sit.

301 4800 484 4852 Ξεῖνον
519 4798 692 4852 ἓδεκτ’
735 4797 1010 4866 Ἀγάθων
1041 4798 1218 4868 χύτρῃ
1247 4797 1304 4849 δέ
1343 4813 1424 4859 τις
1448 4796 1649 4865 ἔμϐαλε
1677 4797 1870 4865 φακὸν,

1973 4796 2174 4852 Νοιυηι
2211 4799 2422 4870 Agatho
2452 4802 2753 4870 excipiens,
2787 4801 2986 4856 lentem
3020 4804 3252 4872 conjecit
3283 4805 3334 4855 in
3365 4806 3543 4868 ollam,

373 4893 484 4947 Kal.
511 4891 792 4961 παρέθηκε
825 4892 1023 4962 γέρων.
1050 4890 1129 4958 Φῆ
1155 4889 1198 4942 δ’
1231 4892 1258 4942 ὁ
1288 4888 1434 4957 φίλος
1460 4889 1664 4957 γελόων
1690 4907 1703 4919 ·

2041 4891 2420 4960 Apposuitque
2448 4908 2610 4947 senex
2645 4911 2657 4947 :
2692 4895 2888 4964 hospes
2914 4895 2977 4948 ad
3006 4895 3117 4949 haec
3144 4897 3317 4965 lepide
3357 4915 3368 4949 :

306 4983 590 5054 Ὀμφακες
622 4984 671 5036 οἱ
702 4982 867 5050 φακοί
891 4985 1050 5037 εἰσιν,
1081 4981 1141 5034 'O
1166 4983 1210 5035 δ’
1231 4982 1380 5052 ἴαχεν
1400 4995 1413 5009 ·
1445 4983 1558 5034 Οὐκ
1581 4981 1686 5051 ἄρα
1715 4982 1870 5036 τοῦτο

1971 4982 2211 5051 Agrestis
2242 4980 2359 5036 lens
2398 4991 2499 5036 est.
2527 4985 2664 5047 Quid
2695 4987 2848 5038 tum?
2884 5002 2993 5040 non
3029 4987 3225 5041 sullicit
3251 5029 3264 5052 ,
3300 4989 3488 5057 inquit,

378 5074 600 5144 Ἀρκιόν
630 5075 743 5128 ἐσθ’
780 5075 859 5129 ὅτι
887 5075 998 5145 πῦρ
1027 5074 1250 5145 ἔδρακες
1280 5075 1357 5138 εἰς
1385 5075 1476 5128 τὸν
1509 5074 1659 5128 ’Δοω
1685 5093 1696 5139 ;

2053 5072 2163 5126 'Ioc
2197 5073 2313 5135 tibi,
2351 5090 2473 5127 cum
2503 5074 2748 5131 llan'imas
2783 5078 2983 5134 videris
3019 5080 3158 5148 ignis
3191 5081 3404 5134 Allius?

515 5184 647 5240 MB'.
680 5184 808 5238 Ὅτι
843 5188 901 5238 αἱ
939 5183 1272 5252 προφάσεις
1310 5182 1656 5252 εὐφώρατοι.

2128 5181 2315 5235 XLIX.
2353 5183 2501 5246 Quod
2542 5194 2824 5251 praetextas
2849 5187 3002 5255 facile
3031 5190 3393 5243 convincatur.

308 5293 534 5364 ’Ἄνδρες
563 5295 858 5364 ὲλοιδὸρεον
891 5293 1067 5347 κοινὸν
1088 5274 1270 5360 ἶρίλον,
1306 5288 1342 5362 ἦ
1373 5293 1427 5344 δέ
1453 5310 1513 5360 γε
1549 5293 1728 5362 Σίμων
1751 5308 1763 5322 ·

1974 5294 2106 5349 Cum
2140 5293 2368 5364 quidam
2403 5295 2713 5362 ingererent
2742 5297 2986 5351 convicia
3026 5301 3203 5368 turpia
3229 5302 3406 5355 amico

385 5387 444 5439 Ὀ
467 5387 631 5456 ψόγος
661 5389 756 5456 οὐχ
786 5387 966 5441 ὁσίων.
1001 5384 1065 5440 Οἱ
1089 5385 1144 5439 δὲ
1177 5385 1476 5456 τραπέντες
1506 5384 1658 5454 ἔφαν

2044 5387 2361 5452 Communi,
2398 5387 2480 5442 his
2511 5385 2664 5440 Simo
2698 5405 2710 5441 :
2740 5389 2948 5443 Probra
2982 5391 3272 5448 inhonesta
3310 5396 3515 5464 probis.

304 5479 618 5551 Κηδομένου
645 5480 694 5532 τ’
716 5479 928 5550 ἀνδρὸς,
965 5479 1089 5533 τάδε
1112 5479 1368 5550 βάζομεν.
1390 5478 1576 5549 Αὐτὰρ
1600 5477 1682 5545 ὅγ’
1701 5473 1873 5542 εἶπεν,

1975 5478 2176 5532 Contra
2213 5480 2290 5532 illi
2322 5499 2332 5532 :
2378 5478 2501 5533 llaec
2527 5478 2763 5534 hominis
2790 5493 2891 5535 nos
2923 5481 3102 5536 dicere
3129 5499 3261 5538 cura
3290 5487 3484 5554 coegit.

408 5658 491 5724 H)
530 5643 643 5714 Cic.
678 5676 692 5712 ι
723 5660 870 5713 Tusc.
2059 5658 2169 5742 (l§)
2210 5657 3284 5742 IlcspondetduOtlecimo.epigrammati.

405 5731 488 5797 l5)
531 5729 858 5783 Theodorei.
898 5730 962 5782 Il.
995 5730 1051 5784 S.
1089 5731 1150 5784 P.
1191 5731 1276 5787 12.
2057 5730 2166 5811 (ιρ)
2189 5729 2325 5811 “Vel,
2361 5732 2438 5782 vir
2471 5731 2652 5782 melior
2679 5731 2986 5811 ﬁetabiqne
3023 5732 3284 5788 habitans.
3322 5734 3544 5804 Seneca,

410 5803 490 5869 16)
535 5800 740 5854 Pallad.
783 5800 850 5854 Η.
881 5804 939 5854 S.
980 5802 1042 5857 1’.
1086 5803 1206 5856 l87.
1986 5814 2070 5867 ep.
2093 5801 2123 5870 i-l
2142 5797 2156 5854 ,ί
2178 5797 2449 5870 Nusquam
2477 5797 2684 5869 est,qui
2709 5797 3016 5870 ubiqueiest.

408 5868 486 5942 l7)
531 5871 682 5925 llum.
722 5870 791 5923 ll.
826 5873 877 5925 5.

2058 5869 2169 5938 (⁸20)
2209 5868 2416 5925 Pisiilcs
2450 5871 2502 5923 in
2535 5868 2862 5941 Coramttrgitt.
