4010 6588
573 402 687 481 879'
1778 415 2099 477 JOANNIS
2132 416 2564 480 GEOMETRIE
3698 431 3788 495 880

649 530 798 586 Simo
828 527 939 583 ait:
979 525 1103 583 Ilaec
1135 528 1318 583 hostes
1343 524 1651 581 sollicitudo
1684 536 1853 595 petat.
2162 529 2213 589 Λ

2162 529 2213 589 Λ
2311 530 2402 593 Et;
2438 530 2647 602 ἐχθρῶν
2680 531 2920 600 κεφαλὰς
2951 532 3106 586 τοῦτο
3134 533 3195 586 τὸ
3226 533 3384 605 κῆδος
3414 535 3505 588 ίοι.

790 641 850 695 L.
894 639 1046 705 Quod
1076 654 1518 709 supervacaneum
1538 637 1605 691 sit
1637 637 1919 690 comedere.

2545 642 2627 695 Ν.
2662 642 2789 695 Ὅτι
2822 642 2888 695 τὸ
2929 643 3155 698 ἐσθίειν
3186 643 3502 714 πάρεργον.

582 751 707 808 Pior
734 763 873 820 opus
900 748 1152 804 manibus
1190 747 1394 801 faciens
1431 754 1729 816 potumque
1755 743 2043 813 cibumque

2244 748 2419 817 Ἔργα
2450 748 2696 818 χέρεσσιν
2727 750 2887 821 ἔχων,
2919 753 3027 806 τότ’
3056 752 3143 823 ἄρ’
3173 753 3324 823 ἡσθιε
3368 754 3491 807 πῖνέ
3541 771 3599 807 τε
3631 755 3782 828 Πῗωρ.

643 843 905 900 Sumebat
940 840 1075 912 (21),
1105 841 1311 895 ducens
1336 838 1437 893 ista
1469 848 1821 906 supervacua,

2310 841 2672 911 Πευθομένοις
2691 842 2735 896 δ’
2763 842 2964 909 ἐλάλει,
2995 844 3069 909 ὡς
3101 844 3175 898 Τὸ
3196 847 3473 917 πάρεργον
3500 846 3625 917 ἔχω.

576 938 931 1006 Addebatque
962 935 1103 990 idem
1140 951 1153 987 :
1182 932 1448 988 Nimirum
1476 939 1655 985 mente
1684 926 1911 983 verebar

2238 934 2347 986 Kal.
2372 933 2546 996 ἄλλως
2569 950 2583 965 ο
2614 929 2721 987 Ἦν
2748 935 2812 1005 δὴ
2847 935 3270 1006 καταδαιόμενός
3301 954 3391 1006 μοι
3420 938 3449 988 ὁ
3483 937 3673 1006 θυμὸς,

639 1030 717 1086 Ne
752 1028 982 1084 nimium
1014 1028 1195 1082 laetum
1226 1041 1311 1080 me
1342 1024 1498 1080 cibus
1525 1022 1781 1077 etlieeret.

2309 1024 2400 1095 Μὴ
2428 1024 2574 1095 μάλα
2600 1026 2897 1097 πολλοστῆς
2919 1025 3165 1080 αίσθεται
3192 1028 3444 1099 ἡδυμίης.

569 1144 654 1199 LI.
708 1140 859 1206 Quod
886 1136 1359 1194 laboriosissimum
1395 1133 1464 1189 sit
1493 1131 1796 1203 obsequium
1840 1126 2127 1183 hominum.

2289 1136 2415 1190 NA’.
2448 1137 2570 1191 Ὅτι
2600 1137 2667 1191 τὸ
2696 1137 3200 1208 ἀνθρωπάρεσκον
3230 1140 3728 1209 φιλοπονώτατον.

565 1254 646 1310 Ad
671 1265 880 1309 coenam
909 1264 1031 1304 cum
1060 1245 1201 1301 forte
1228 1242 1427 1298 Carino
1460 1249 1686 1297 vocatus
1710 1240 1945 1303 adesset,

2233 1246 2388 1299 Aat'cl.
2412 1246 2562 1317 παρά
2592 1245 2737 1317 ξενίῃ
2770 1246 2989 1317 κληθεὶς
3022 1248 3308 1301 κατέϐαινε
3334 1250 3606 1319 Καρίνων,

636 1344 981 1410 Vidissetque
1008 1338 1212 1408 Lupam
1241 1349 1470 1405 corpore
1503 1332 1880 1401 conspicuam,

2304 1336 2552 1391 Μαινάδα
2582 1336 2638 1390 δὲ
2669 1336 2931 1406 στιλπνὴν
2958 1338 3220 1409 δάκρυσιν
3242 1340 3498 1409 εἰσορόων
3516 1354 3532 1371 ⁶

566 1435 661 1492 Ilei
693 1433 861 1489 milii!
896 1431 1032 1487 ﬂens
1057 1429 1217 1494 dixit,
1254 1442 1361 1483 non
1388 1438 1496 1482 tam
1531 1424 1803 1481 contendo
1834 1422 2050 1495 placere

2238 1430 2432 1499 Ὥμοιί
2473 1429 2634 1499 ἐρῶν,
2657 1429 2718 1483 οὐ
2750 1430 2939 1484 τόσσον
2968 1429 3263 1501 ἐπείγομαι
3288 1431 3449 1494 αὐτὸς
3478 1430 3728 1502 ἀρέσκειν

631 1526 809 1583 Corde
830 1524 962 1590 Deo,
987 1521 1247 1579 meretrix
1270 1534 1432 1590 quam
1451 1517 1634 1574 studet
1663 1517 1765 1572 ista
1790 1515 1971 1587 procis
1992 1512 2125 1586 (se).

1861 1515 1971 1571 ocis
1992 1512 2125 1586 (2‘1).
2319 1520 2683 1591 ’Υψιμέδοντι,
2717 1521 2841 1575 ὅσον
2862 1521 2946 1591 ἧδ’
2976 1521 3444 1593 ἀκολαστοτέρως.

784 1633 895 1689 LII.
939 1632 1090 1699 Quod
1120 1629 1415 1701 perjurium
1445 1626 1669 1698 pessima
1694 1626 1762 1680 sit
1800 1640 1904 1679 res.

2486 1631 2614 1687 NB’.
2648 1633 2777 1687 Ὀτι
2811 1633 2879 1687 τὸ
2903 1632 3205 1702 ἐπιορκεῖν
3236 1636 3526 1703 χαλεπόν.

559 1743 821 1801 Naturam
858 1744 1273 1812 prostraverunt
1312 1732 1594 1790 mendacia
1633 1732 1769 1799 sola,

2229 1742 2441 1808 Ψεῦδος
2488 1740 2693 1797 ἁπλοῦν
2744 1741 3071 1797 κατέϐαλλεν
3125 1742 3255 1817 ὃλην
3296 1745 3489 1815 φύσινζ,
3538 1743 3665 1799 ὥστ’
3704 1745 3774 1800 ἔτι

1466 1908 1500 1929 .,
1534 1907 1677 1929 ,ωε-
2155 1873 2197 1929 B
3483 1835 3603 1910 [καὶ
3642 1837 3749 1904 νῦν,

630 1921 767 1976 llinc
805 1917 1017 1988 requies
1045 1915 1204 1985 plane
1230 1910 1380 1967 nulla
1405 1909 1505 1965 fuit
1534 1909 1703 1964 vitiis.
2155 1909 2197 1929 υ

1996 2011 2009 2013 _
2155 1909 2197 1929 υ
2300 1930 2431 1986 οὔτι
2463 1931 2759 2003 ἀνάϐλησις
2792 1933 2891 2005 τῆς
2920 1933 3117 2005 κακίης
3139 1932 3385 1988 πέλεται.

563 2015 668 2067 Sed
712 2010 885 2080 magis
917 2009 1081 2077 inque
1109 2006 1226 2060 dies
1261 2017 1416 2073 mage
1439 2017 1541 2057 nos
1571 2001 1760 2072 iurare
1785 1997 2019 2070 maligne

2226 2025 2465 2080 Σύνθετα
2497 2026 2544 2080 δ’
2572 1997 2735 2098 ἡμεῖς
2760 1997 3263 2097 καένπαρασθνθετα
3285 2026 3472 2097 ἤματα
3495 2024 3668 2079 πάντα

621 2102 907 2165 Consueti,
940 2107 1149 2155 mentes
1178 2096 1345 2152 exitio
1373 2094 1625 2151 dabimus
1656 2092 1790 2164 (25).

2313 2092 2662 2190 ’Opvbpevot,
2697 2120 2932 2184 καύτοὺς
2960 2092 3087 2183 τοὺς
3115 2119 3241 2181 νόας
3272 2092 3636 2187 έέέσπάσομεν.

724 2210 863 2264 .Llll.
901 2208 1089 2263 Aliena
1123 2221 1223 2259 non
1249 2221 1357 2259 esse
1385 2205 1589 2258 curiose
1614 2200 1945 2272 inquirenda.
2293 2226 2307 2280 1

2293 2225 2420 2281 ΝΡ.
2451 2226 2581 2280 Ὀτι
2604 2224 2701 2279 δεῖ
2717 2225 2803 2295 μὴ
2836 2227 3362 2295 πολυπραγμονεῖν
3387 2226 3455 2279 τὰ
3482 2223 3712 2291 ἐτέρων.

554 2322 805 2378 Pcrcurri
846 2320 1093 2391 Phrygiae
1122 2331 1346 2386 campos
1371 2316 1623 2385 Asiaeque
1650 2313 1905 2385 patentis,

2224 2336 2337 2391 Kal.
2362 2336 2604 2407 Φρυγίην
2629 2336 2835 2407 διέϐην,
2868 2335 3079 2406 καὶτῆς
3111 2335 3295 2405 Ἀσίης
3327 2333 3396 2387 τὰ
3429 2332 3681 2404 ὕπαιθρα,

630 2417 769 2469 Altis
803 2414 927 2483 quis
955 2412 1092 2465 dixit
1125 2409 1401 2464 montibus
1426 2407 1709 2477 Eutropio,

2293 2424 2580 2495 Εὑτρεπίῳ
2614 2424 2751 2495 πρὸς
2786 2425 2911 2497 ὅρος
2941 2421 3059 2478 εἷπε
3087 2424 3239 2494 φίλος
3266 2424 3506 2486 πελάσας
3527 2440 3541 2453 ·

550 2510 786 2563 (lc-ruere
812 2520 909 2558 nec
941 2501 1089 2573 potui
1116 2502 1291 2572 prisca
1325 2500 1522 2555 virtute
1544 2499 1833 2555 decorum:

2225 2513 2301 2569 Οὐ
2326 2512 2559 2585 δύναμαι
2590 2513 2635 2568 δ’
2664 2514 2823 2570 ἰδέειν
2846 2514 3110 2588 πρότερον
3142 2514 3300 2583 λόγου
3329 2514 3477 2580 ἀξιον
3507 2514 3669 2585 ἄνδρα
3694 2530 3707 2546 ·

627 2595 777 2653 Talis
803 2594 945 2646 enim
982 2606 1231 2660 quaerens
1260 2590 1421 2645 desiit
1445 2604 1563 2645 esse
1594 2589 1765 2658 prius.

2295 2607 2496 2679 Πρῶτα
2519 2608 2625 2679 γὰρ
2655 2608 2684 2661 ὀ
2716 2608 2895 2680 ζητῶν
2916 2608 3109 2662 ἐκὸαλε
3140 2612 3280 2671 τοῖος
3306 2608 3457 2678 ἔμεν.

553 2703 685 2759 LIV.
724 2701 853 2767 Quae
884 2710 1076 2788 natura
1120 2708 1381 2788 constant,
1439 2699 1677 2788 ﬁrgniora
1725 2713 1833 2751 esse
1886 2698 1952 2752 iis
2003 2712 2119 2767 quae

2091 2712 2119 2751 ⁸
2330 2719 2453 2773 NA’.
2489 2720 2616 2774 Ὅτι
2645 2720 2716 2774 τὰ
2745 2721 2924 2788 φύσει
2964 2720 3082 2772 τῶν
3114 2719 3274 2773 θέσει
3309 2720 3674 2788 βεϐαιότερα.

965 2771 1092 2841 ﬁcta
1126 2782 1243 2824 sunt
1278 2769 1354 2824 vel
1386 2769 1696 2839 artificiosa.

548 2886 701 2941 Mens
734 2882 953 2953 sapiens
986 2881 1285 2951 sapientem
1315 2879 1573 2947 ostendit,
1605 2878 1801 2949 diaque
1837 2878 1980 2935 facta

2223 2892 2367 2957 Νοῦς
2398 2892 2559 2962 σοφὸς
2581 2894 2749 2965 ἄνδρα
2771 2894 2933 2963 σοφὸν
2963 2894 3407 2967 παραδείκνυται,
3428 2894 3565 2966 ἔργα
3582 2894 3637 2948 δὲ
3664 2894 3766 2947 θεῖα

622 2978 890 3045 Insignem
919 2973 1125 3042 sophiae
1156 2972 1363 3027 lumine
1396 2979 1451 3027 et
1489 2971 1717 3042 ingenii.

2294 2986 2573 3056 Πάνσοφον
2592 2985 2887 3054 ἀγλαόνουν
2913 3003 2927 3018 ο
2959 2987 3017 3049 ὃς
3042 2987 3098 3040 δέ
3131 3004 3191 3041 κε
3224 2989 3445 3056 γραπτὰ
3478 2988 3628 3058 λέγῃ.

546 3068 650 3135 Qui
665 3085 729 3123 ex
746 3066 953 3137 scripto
972 3065 1238 3135 loquitur,
1258 3064 1388 3119 dum
1408 3062 1617 3133 profert
1632 3062 1857 3135 scripta,
1876 3062 2118 3119 disertus

2228 3075 2389 3146 Ἀχρι
2423 3075 2521 3144 μὲν
2550 3074 2689 3127 αὑτά
2724 3076 2859 3145 ῥέει,
2892 3078 3155 3146 φράδμων
3196 3076 3355 3147 σοφὸς
3384 3078 3583 3131 εἴδεται
3625 3073 3766 3145 εἶναι,

626 3165 865 3231 Apparet
890 3158 1244 3229 prudensque
1279 3175 1292 3210 :
1326 3156 1412 3212 his
1437 3155 1577 3222 sine,
1610 3156 1759 3212 solus
1784 3156 1919 3212 hiat.
2144 3211 2189 3272 ο

1894 3172 1919 3211 ἓο
2144 3211 2189 3272 C
2305 3167 2496 3221 Ἡνίκα
2522 3167 2567 3220 δ’
2593 3166 2833 3221 ἐκλείπει
2853 3166 3043 3233 ταῦτα,
3069 3169 3263 3239 κέχηνε
3296 3169 3477 3239 μόνος.

547 3270 658 3328 LV.
702 3270 931 3340 Maiores
956 3283 1067 3323 esse
1108 3266 1415 3389 tent‘tlztiones
1441 3263 1811 3335 eorumquiin
1854 3262 2115 3319 montibus

1242 3346 1421 3389 eaunt.

2180 3262 2189 3271 ’
2220 3278 2349 3333 NE'.
2384 3279 2505 3333 Ὅτι
2534 3278 2804 3349 μείζονες
2847 3282 2903 3333 οἱ
2939 3280 3255 3350 πειρασμοί
3298 3279 3419 3335 τῶν
3453 3281 3525 3335 ἐν
3558 3281 3763 3351 ὄρεσιν.

1242 3354 1421 3407 egunt.

544 3450 617 3508 Ut
648 3452 769 3507 vita:
797 3452 994 3505 fluctus
1018 3447 1272 3504 evaderet
1295 3445 1362 3502 ad
1382 3446 1511 3517 juga
1544 3454 1801 3515 tanquam

2217 3454 2439 3523 Φεύγων
2469 3471 2553 3517 τις
2580 3453 2645 3507 τὰ
2667 3453 2782 3523 βίου
2814 3453 3056 3525 κύματα,
3091 3453 3277 3525 ῶσπερ
3307 3456 3365 3520 ἐς
3406 3456 3574 3526 ὅρμον

616 3546 695 3599 Ad
730 3554 944 3613 portum
983 3539 1229 3604 tendens,
1254 3539 1448 3609 prtelia
1481 3538 1666 3607 ibique
1689 3536 1881 3592 videns

2287 3542 2447 3599 ⁷Ηλθ’
2473 3548 2533 3599 ἐν
2558 3546 2695 3617 ὄρει,
2728 3547 2822 3599 καὶ
2854 3545 2976 3598 ίδὼν
3002 3546 3311 3615 δαιμονίους
3334 3546 3620 3616 πολέμους,

544 3637 676 3694 Orta
706 3653 733 3688 a
764 3634 1102 3690 daemonibus
1129 3630 1412 3686 :Miscrum
1440 3644 1549 3696 me,
1581 3630 1677 3684 ait.
1708 3628 1857 3683 Alter
1879 3637 1935 3683 at
1955 3626 2109 3683 infit:

2222 3637 2385 3707 ’ῼμοι
2412 3638 2424 3690 1
2452 3636 2580 3707 ἔφη,
2611 3637 2663 3690 τί
2694 3636 2887 3704 πάθω;
2913 3632 3078 3689 Εἶπεν
3111 3636 3167 3691 δέ
3195 3652 3297 3700 τις⁶
3324 3638 3385 3690 Εἰ
3410 3638 3732 3709 πειρασμοὺς

616 3730 702 3783 Nil
731 3727 983 3783 monachi
1013 3725 1214 3780 fuerint
1251 3724 1298 3779 si
1333 3723 1447 3779 haec
1480 3722 1621 3777 mala
1657 3720 1969 3778 sustuleris.

1956 3760 1969 3777 .
2287 3729 2408 3782 Τῶν
2438 3728 2687 3799 μοναχῶν
2717 3728 2959 3811 ἀφέλοις,
2990 3729 3200 3793 οὐδενός
3229 3731 3333 3781 είσι
3359 3728 3539 3797 λόγου.

756 3837 891 3893 LVI.
950 3837 1102 3903 Quod
1127 3838 1241 3891 lata
1271 3852 1373 3891 non
1404 3837 1471 3890 sit
1502 3835 1587 3889 uia
1616 3834 1684 3888 ad
1718 3834 1900 3889 vitam.
2310 3839 2339 3893 Β

2310 3839 2453 3908 NCT.
2491 3840 2616 3893 Ὅτι
2645 3841 2683 3909 ἠ
2710 3839 2859 3908 πρὸς
2888 3840 3002 3908 τὴν
3030 3838 3181 3907 ζωὴν
3212 3839 3347 3906 ὁδὸς
3385 3838 3669 3906 ὰπλοτής.

540 3952 701 4006 Arcta
729 3950 812 4004 via
842 3938 947 4013 est,
983 3948 1179 4018 aliquis
1203 3947 1363 4013 dixit,
1394 3960 1559 4016 quam
1596 3952 1653 4000 tu
1682 3945 1807 4016 pius
1832 3942 2014 4006 audis,

2226 3950 2289 4003 'H
2321 3950 2524 4021 στεινὴ,
2560 3950 2642 4012 τίς
2668 3949 2887 4020 ἔφησεν,
2913 3948 3231 4019 ἀταρπιτὸς,
3264 3949 3442 4019 ἥνπερ
3464 3949 3692 4012 ἀκούεις,

611 4043 815 4115 Nempe
839 4044 1005 4098 animi
1037 4051 1223 4099 motus
1252 4056 1521 4112 sensaque
1542 4040 1903 4110 comprimere
1932 4057 1947 4095 :

1900 4062 1903 4089 ι
1932 4057 1947 4095 :
2283 4044 2358 4098 Τὸ
2384 4043 2606 4114 σφίγξαι
2637 4042 2841 4097 τελέθει
2867 4042 2963 4106 τὰς
2993 4043 3208 4111 ἐφέσεις
3234 4057 3247 4071 ο
3282 4044 3310 4095 ὁ
3334 4042 3389 4094 δέ
3421 4058 3483 4109 γε

535 4138 711 4209 Atque
740 4138 825 4191 bis
848 4136 1167 4207 perdomitis
1206 4136 1445 4190 clamare
1485 4153 1499 4189 :
1532 4130 1610 4187 Eu
1643 4146 1744 4188 nos
1778 4146 1997 4203 quoque
2030 4139 2103 4200 te,

2034 4139 2103 4200 ιθ,
2212 4138 2322 4193 Καὶ
2346 4137 2621 4208 διαμήσας
2647 4136 2829 4200 τάσδε,
2859 4135 3006 4205 λέγοι
3035 4137 3099 4191 ἄν
3126 4152 3141 4168 ·
3178 4136 3307 4189 ’ἰδοὺ
3347 4134 3439 4188 καὶ
3461 4135 3617 4205 ἡμεῖς

606 4231 760 4287 Ultro
798 4231 1108 4300 linquentes
1135 4228 1341 4293 omnia,
1374 4226 1784 4296 consequimur.
1902 4223 2063 4295 [εἰει.

1948 4224 2063 4290 lex,
2282 4230 2372 4284 Σοὶ
2409 4227 2813 4299 ἀκολουθοῦμεν
2843 4228 3020 4282 πάντα
3055 4229 3305 4297 ἀφέντες,
3342 4227 3531 4294 Ἀναξ.

689 4339 847 4394 LVII.
879 4338 1031 4405 Quod
1062 4338 1314 4408 religiosa
1338 4337 1446 4390 uita
1476 4352 1508 4389 a
1536 4333 1645 4388 Deo
1665 4334 1821 4387 docta
1847 4333 1939 4385 sit.

2422 4338 2545 4393 NZ'.
2582 4340 2712 4392 Ὀτι
2747 4340 2785 4407 ἠ
2826 4336 3125 4406 ἀσκητικὴ
3163 4336 3559 4402 θεοδίδακτος.

534 4455 673 4510 Dum
709 4450 907 4522 quaerit
934 4462 1169 4519 quanam
1200 4448 1417 4501 ratione
1446 4444 1716 4498 Antonius
1745 4451 1892 4497 esset

2213 4449 2335 4511 Πῶς
2371 4449 2437 4501 ἂν
2470 4448 2746 4519 σωςοίμην
2773 4465 2787 4513 ;
2830 4448 3113 4510 Ἀντώνιος
3142 4443 3292 4501 εἵπεν
3320 4446 3562 4518 ἀθυμῶν.

607 4542 828 4604 Salvus,
857 4540 903 4594 ei
941 4540 1088 4595 visus
1117 4537 1253 4591 lenis
1293 4536 1476 4599 homo,
1511 4549 1611 4588 nec
1637 4533 1805 4588 iners.
2140 4546 2187 4602 ι)

2140 4546 2187 4602 D
2284 4540 2374 4610 Τῷ
2397 4540 2453 4593 δέ
2480 4542 2528 4593 οἱ
2557 4540 2710 4611 ὤφθη
2740 4540 2877 4613 ἀνὴρ
2899 4540 3126 4611 ἥμερος,
3160 4540 3318 4610 ἔργον
3342 4540 3500 4611 ἒχων.

536 4634 586 4691 Is
624 4648 747 4688 mox
800 4630 1012 4695 orabat,
1038 4630 1201 4683 modo
1224 4643 1363 4696 opus
1390 4626 1621 4680 faciebat
1652 4643 1665 4678 :
1694 4632 1748 4679 et
1777 4623 1854 4677 illi

2219 4631 2316 4684 Ἂν
2336 4631 2392 4685 δὲ
2425 4633 2552 4695 στὰς
2582 4632 2743 4685 πάλιν
2772 4630 2970 4701 ὤχετ’,
2999 4631 3139 4702 ἀτὰρ
3166 4631 3326 4685 πάλιν
3347 4630 3486 4695 ἕζετ’
3508 4628 3593 4683 ἐπ’
3612 4627 3751 4702 ἔργα.

612 4722 752 4776 Tum
787 4719 946 4785 dixit,
973 4720 1064 4774 Sic
1099 4727 1155 4771 tu
1178 4716 1368 4775 vivito.
1394 4716 1577 4770 salvus
1605 4715 1735 4771 eris.

2254 4721 2390 4775 1Καί
2418 4721 2469 4775 οἱ
2494 4721 2598 4792 ἔφη
2625 4737 2640 4752 ·
2669 4720 2826 4775 Οὕτω
2856 4721 2998 4790 ζῆθι,
3028 4722 3118 4775 καὶ
3139 4722 3436 4791 εὐμενέοις.

640 4830 827 4886 LVIII.
853 4831 1277 4901 Desperationem
1306 4830 1553 4884 ultimum
1576 4844 1685 4882 esse
1716 4827 2001 4882 malorum.

2268 4831 2401 4885 NH'.
2443 4830 2571 4883 Ὀτι
2605 4830 2871 4899 ἔσχατον
2904 4829 3020 4883 τῶν
3050 4829 3252 4885 κακῶν
3280 4831 3318 4897 ἡ
3355 4830 3704 4901 ἀπόγνωσις.

537 4942 739 4998 Sancte
768 4941 949 5009 Pater,
975 4942 1167 5007 cecidi,
1191 4940 1321 5012 quid
1359 4954 1514 5009 agam
1539 4937 1724 4993 nunc?
1745 4937 1985 5010 Surgito,
2010 4939 2109 4996 fili.

2214 4942 2469 5011 Ἤριπον,
2485 4933 2529 4992 ὦ
2544 4939 2751 5010 μάκαρ,
2769 4939 2889 4992 είπὲ
2903 4939 2955 4992 τί
2975 4938 3201 5009 ῥέξομεν
3217 4958 3303 5005 ;-
3328 4940 3547 5012 Ἐγρεο,
3562 4938 3752 4994 τέκνον.

606 5035 675 5087 At
709 5048 905 5089 rursus
935 5032 1130 5087 cecidi.
1161 5030 1384 5098 Surgito
1415 5028 1735 5092 rursus,'ait.

2210 5061 2278 5071 —
2296 5032 2433 5083 Ἀλλ’
2459 5027 2615 5094 αὖθις
2642 5030 2920 5085 πίπτω.-
2936 5031 3100 5095 Αὖθις
3126 5032 3351 5103 ἀνέγρεό
3381 5050 3490 5103 μοι.

534 5124 720 5197 Usque
745 5135 926 5180 tamen
959 5123 1108 5199 quo?
1137 5121 1332 5191 Aliqua
1361 5132 1538 5183 tenus,
1571 5129 1663 5174 aut
1709 5120 1837 5175 dum
1880 5121 2100 5188 vixeris,

2209 5154 2280 5165 —
2300 5124 2479 5193 Μέχρι
2513 5124 2679 5176 πόσου
2701 5142 2715 5190 ;
2738 5155 2805 5167 —
2836 5123 2991 5185 Τινός
3010 5141 3025 5154 ·
3048 5126 3096 5176 εἱ
3121 5124 3165 5177 δ’
3193 5124 3275 5189 οῦ,
3312 5124 3415 5186 ἕως
3452 5122 3639 5194 χρόνου
3668 5136 3682 5151 ο
3711 5117 3753 5170 εί

1819 5213 2015 5285 [inquit
2046 5232 2061 5269 :
3276 5215 3344 5289 [δ’
3372 5234 3399 5268 ο

3276 5215 3344 5289 [δ’
3372 5216 3456 5280 οὓ,
3492 5216 3591 5277 ἕως
3609 5212 3717 5281 ζῇς.

600 5308 850 5377 Namque
892 5306 985 5361 ubi
1022 5306 1209 5376 lapsus
1239 5304 1373 5369 eris,
1401 5313 1452 5358 te
1497 5319 1712 5373 quoque
1743 5305 2059 5375 corripiant.

2271 5308 2410 5376 Φησὶ
2442 5307 2550 5377 γάρ
2584 5323 2597 5337 ·
2630 5307 2796 5360 Ἔνθα
2827 5307 2874 5359 σ’
2905 5306 3031 5374 ἒλω,
3058 5308 3197 5362 κεῖθί
3228 5324 3287 5361 σε
3324 5309 3417 5360 καὶ
3440 5306 3650 5376 κρινέω.

531 5414 665 5470 LIX.
714 5414 1085 5469 Paenitentiam
1150 5428 1251 5466 non
1310 5428 1418 5493 esse
1464 5414 1879 5481 praestantiorem
1947 5413 2100 5465 inno-

2272 5416 2399 5472 NB’.
2432 5419 2559 5470 Ὅτι
2589 5419 2662 5472 οὐ
2692 5419 2904 5488 μείζων
2931 5420 3381 5489 ἀναμαρτησίας
3402 5417 3695 5488 μετάνοια.

1215 5493 1406 5536 centra.

532 5596 651 5661 Dic,
688 5595 833 5651 bone
857 5596 962 5662 vir,
986 5592 1179 5649 melior
1200 5591 1344 5661 quis,
1369 5604 1498 5644 num
1531 5589 1623 5660 qui
1652 5604 1822 5661 purus
1847 5591 1915 5647 ab
1941 5590 2100 5646 annis

2203 5593 2364 5658 Εἰπὲ,
2405 5593 2611 5663 μάκαρ,
2641 5594 2725 5656 τίς
2753 5593 3018 5664 ἀμείνων.
3050 5595 3077 5649 ὁ
3107 5592 3165 5660 ἐξ
3187 5592 3395 5665 ὀνύχων
3445 5591 3750 5664 ἆμόλυντοςς

598 5771 711 5839 (21)
749 5771 902 5827 Socr.
934 5772 1003 5826 ll.
1041 5770 1106 5827 E.
1137 5771 1275 5841 Liv,
1306 5784 1355 5824 c.
1386 5767 1478 5822 23.
2286 5766 2396 5837 (23)
2437 5765 2575 5823 Xen.
2606 5767 2660 5822 in
2691 5768 2924 5841 Agesila.

598 5844 712 5913 (22)
753 5842 896 5899 Idem
930 5842 1059 5900 ibid.
1101 5842 1167 5898 de
1188 5840 1411 5897 Pambo.
