4044 6590
332 488 333 491 η
374 405 476 475 881
1776 414 1909 478 PAF

2017 379 2221 480 usus.
3511 433 3620 498 882

472 517 519 569 II
549 515 579 569 ὁ
609 517 800 581 κακοῖς
828 516 1084 585 καταδὺς,
1115 514 1215 573 εἴτ’
1243 518 1686 594 ἀνανηξάμενοςς

2115 530 2210 588 Est
2242 532 2464 602 teneris,
2502 533 2587 590 vel
2621 532 2715 605 qui
2746 533 2951 592 labitur
2974 544 3027 593 et
3054 538 3282 609 resipit?

373 606 479 662 Τὸν
507 609 814 679 πρώτιστον
846 611 1021 681 ἔγωγε
1049 613 1340 684 ἐπείγομαι
1366 615 1686 687 ἐξερεείνειν
1714 636 1729 649 ⁸

2048 621 2120 679 Ut
2165 625 2401 695 primum
2433 626 2735 683 anteferam
2761 644 2951 685 verum
2984 646 3071 686 me
3095 606 3241 703 cogit
3276 642 3331 689 et
3352 649 3568 707 aequum
3596 658 3611 695 :

459 700 602 755 Ἀλλ’
640 702 673 773 ἡ
701 704 849 756 πᾶσα
885 702 1092 775 βροτῶν
1123 705 1294 760 ὤλετο
1323 708 1643 779 προσδοκίη.

2113 715 2219 771 Sed
2245 717 2291 773 si
2329 718 2450 786 hoc,
2488 734 2612 789 spes
2645 719 2928 775 hominum
2960 738 3095 777 vana
3121 733 3176 778 et
3202 724 3386 781 inanis
3420 727 3543 782 erit.

422 811 497 865 ε’.
537 812 666 866 Ὅτι
698 813 1078 883 πολύτροπος
1114 815 1153 883 ἡ
1182 815 1304 877 τῶν
1334 816 1609 887 δακρύων
1634 820 1886 887 βλύσις.

2136 822 2250 880 LX.
2295 825 2448 892 Quod
2482 828 2757 900 multiplex
2785 830 2853 883 sit
2883 830 3237 901 lacrymarum
3262 834 3523 903 profusio.

369 921 590 991 Δάκρυα
619 920 796 993 λύπης
825 918 964 987 οἶδα,
999 925 1094 979 καὶ
1117 925 1480 1000 εὐφροσύνης,
1509 931 1602 985 καὶ
1633 930 1853 1002 ἔρωτος.

2040 931 2280 990 Ell'undit
2307 937 2575 1009 Iacrymas
2600 938 2782 1006 dolor,
2813 940 3133 1006 exsultatio,
3164 957 3453 1013 amorque,

449 1012 781 1083 Ἐλπομένου
814 1032 873 1068 τε
898 1016 1072 1083 δέους,
1106 1018 1406 1090 ὲλπομένου
1434 1038 1493 1074 τε
1521 1022 1734 1087 κλέους.

2110 1024 2338 1090 Quando
2365 1028 2493 1083 mali
2525 1038 2700 1086 metus
2726 1038 2830 1095 est,
2862 1047 2986 1101 spes
3010 1034 3094 1089 vel
3127 1034 3355 1093 honoris
3388 1040 3485 1095 alit
3515 1058 3530 1095 :

368 1104 479 1157 Καὶ
505 1103 740 1173 φύσεως,
773 1107 869 1162 καὶ
897 1108 1155 1175 θεῖα,’καὶ
1186 1111 1493 1184 ὀλλυμένων
1518 1115 1763 1187 άρετάων
1781 1135 1795 1150 ·

2039 1113 2136 1170 Vel
2162 1125 2383 1183 natura,
2413 1127 2509 1173 aut
2532 1119 2793 1176 virtutum
2818 1123 3058 1193 jactura,
3090 1126 3364 1200 Deusquc.

440 1195 622 1251 Ταῦτα
652 1198 697 1252 δ’
727 1200 1030 1273 ἐπιγνοίης,
1068 1204 1267 1276 ἠδυμίῃ
1302 1206 1396 1259 καὶ
1418 1207 1559 1277 ἄχει.

2107 1206 2232 1265 Haec
2264 1218 2320 1265 tu
2350 1211 2533 1266 laetitia
2561 1216 2942 1287 moestitiaque
2978 1220 3145 1277 scies.

575 1306 697 1363 EA'.
730 1310 861 1365 Ὅτι
892 1313 1005 1382 οὐχ
1037 1312 1244 1381 ἁπλῶς
1268 1315 1334 1369 τὸ
1360 1318 1721 1386 φιλόῢπνον.

2246 1317 2386 1372 LXI.
2429 1318 2580 1385 Quod
2610 1323 2885 1393 multiplex
2914 1328 2985 1381 sit
3017 1333 3387 1388 somnolentia.

369 1415 564 1471 ’Υπνοι
593 1421 707 1484 τοῖς
729 1420 960 1485 ἀΰπνοις
1001 1423 1366 1496 πουλύτροποι
1393 1444 1408 1459 θ
1439 1424 1521 1492 οἷς
1559 1430 1658 1500 μὲν
1705 1432 1907 1506 ἐδωδῆς

2037 1420 2363 1479 Somnorum
2382 1442 2547 1484 causa
2566 1440 2649 1485 est
2667 1432 2880 1489 diversa
2898 1438 3241 1495 insomnibus
3266 1443 3411 1513 (24):
3440 1443 3598 1515 Esus,

438 1508 533 1575 Οἷς
564 1510 642 1578 δὲ,
669 1512 813 1583 φυῆς
843 1514 939 1569 καὶ
964 1513 1149 1579 ἔθουςο
1178 1514 1260 1582 οἷς
1293 1518 1357 1585 δ’,
1385 1520 1547 1575 ὁσίων
1578 1525 1859 1594 καμάτων.

2106 1515 2412 1586 Ingenium,
2449 1529 2502 1575 et
2534 1537 2740 1585 mores,
2779 1536 2941 1592 atque
2976 1531 3178 1589 laboris
3205 1550 3380 1592 amor.

362 1602 428 1655 Oi
458 1601 504 1655 δ’
538 1604 947 1660 ἐπανακτῶνται
978 1606 1135 1677 λιμοῦ
1170 1608 1339 1680 δέμας
1360 1626 1373 1641 ο
1409 1612 1458 1665 οί
1479 1612 1545 1677 δ’,
1578 1615 1791 1687 ἐχθροτο

2034 1604 2099 1661 Ili
2124 1622 2373 1665 recreant
2395 1612 2757 1685 minuuntque
2790 1618 2987 1674 famem
3018 1640 3030 1677 :
3059 1622 3181 1681 illos
3211 1629 3602 1691 excitatbostis

431 1694 715 1766 Δαίμονος,
748 1697 872 1770 ὄφρ’
902 1700 1048 1770 ἡμᾶς
1075 1701 1273 1773 ὄρθρου
1303 1705 1614 1776 ὲρυκακέοι.

2105 1697 2423 1768 Tartareus,
2462 1706 2759 1775 prohibens
2789 1710 3077 1783 invigilare
3105 1717 3248 1785 pios.

359 1794 475 1852 EB’.
510 1798 630 1854 Ὀτι
668 1803 958 1873 πολυειδῆ
982 1806 1053 1860 τὰ
1079 1807 1360 1876 σχήματα
1398 1810 1516 1866 τῶν
1550 1816 1766 1885 χειρῶν
1802 1816 1909 1890 τοῖς

946 1878 1319 1946 εὐχομένοις.

2103 1811 2263 1869 LXII.
2304 1814 2530 1872 Orantes
2558 1821 2705 1875 varia
2741 1838 2990 1879 manuum
3036 1832 3409 1900 compositione
3430 1839 3527 1893 uti.

946 1892 1319 1946 ευχομενοις.
1401 1947 1404 1950 ,

358 1978 657 2049 Εῠχόμενοι
684 1982 939 2038 τανύουσι
975 1987 1128 2056 σοφοὶ
1160 1988 1327 2060 χέρας
1348 1993 1396 2045 oi
1424 1993 1522 2064 μὲν
1555 1994 1641 2065 ἐφ’
1669 1995 1837 2070 ὕψους

2028 1984 2341 2045 Extendunt
2376 1993 2586 2061 palmas
2619 1997 2914 2067 sapientes,
2950 2004 3169 2071 quando
3198 2016 3493 2075 precantur
3521 2025 3538 2065 :

441 2072 626 2141 ⁹Υψ6σ’
656 2076 1009 2147 ἐπαιρόμενοι
1037 2095 1050 2110 ⁸
1083 2081 1131 2133 οἱ
1161 2081 1216 2134 δὲ
1246 2086 1487 2139 κάτωθεν
1516 2089 1644 2143 ὅταν

2097 2077 2163 2134 Ili
2199 2080 2252 2135 in
2285 2084 2519 2140 sublime
2545 2087 2746 2153 levant,
2785 2091 3164 2166 dejiciuntque
3194 2072 3309 2163 alii,

358 2164 483 2216 Οὐδ’
517 2165 642 2218 ὅποι
684 2168 790 2220 είσὶ
816 2170 1011 2223 νοῶσιν
1030 2186 1045 2202 ο
1076 2172 1184 2226 οἷδ’
1210 2173 1424 2243 ὕπτιον,
1448 2178 1521 2242 ὥς
1546 2198 1597 2233 τι
1626 2182 1909 2241 λαϐέσθαιλ

2026 2169 2131 2239 Qui
2150 2183 2301 2245 rapta
2325 2187 2455 2233 sunt
2474 2190 2692 2236 mente:
2719 2182 2887 2239 hiceu
2914 2188 3043 2255 quid
3074 2164 3344 2258 prendere
3372 2193 3590 2261 vellent,

428 2256 490 2310 Οί
520 2256 577 2311 δὲ
604 2260 993 2330 σταυροτύπως
1014 2281 1029 2294 ο
1057 2265 1185 2337 άγχι
1212 2268 1318 2336 γάρ
1344 2270 1454 2322 ἐστ’
1496 2272 1756 2344 ’Δμαλέκ.

2094 2265 2457 2337 Protendunt,
2487 2272 2665 2328 erucis
2695 2284 2789 2329 aut
2816 2276 2974 2347 signo
2999 2256 3295 2337 Amalecha
3332 2282 3540 2355 fugant.

496 2365 615 2424 EI".
642 2370 896 2426 Γελοῒον
940 2373 1006 2428 τὸ
1038 2374 1131 2430 ἐπ’
1154 2377 1337 2449 ἁρετῇ
1381 2386 1777 2451 προσωπεῖον.

2023 2373 2206 2431 LXIII.
2248 2375 2549 2435 Ridiculum
2590 2399 2704 2437 esse
2758 2385 2812 2438 in
2870 2388 3063 2443 virtute
3106 2390 3334 2459 laruaut,
3386 2394 3483 2448 hoc
3513 2404 3591 2449 est

2592 2454 3003 2507 simulationem.

2592 2469 3003 2511 simulationem.

354 2540 585 2595 Εἴδωλον
616 2544 709 2597 καὶ
734 2544 873 2617 ἀνὴρ
902 2546 1265 2614 ἐπιδεικτικδς
1303 2552 1383 2615 είς
1414 2553 1471 2606 ἓν
1503 2554 1635 2610 ἰᾶσι.

2021 2552 2229 2609 Idolum
2261 2565 2314 2611 et
2341 2557 2434 2627 qui
2466 2573 2586 2614 sese
2615 2570 2853 2617 ostentat
2884 2564 3135 2631 inaniter,
3168 2583 3337 2623 unum

424 2634 588 2688 Κεῖνο
619 2636 981 2708 πολυχρύσοις
1020 2642 1263 2712 σχήμασι
1298 2644 1504 2714 κόσμον
1524 2647 1667 2718 ἕχον,

2092 2646 2341 2702 Elliciunt
2372 2666 2387 2703 :
2417 2664 2553 2705 auro
2576 2667 2700 2705 nam
2737 2654 3288 2727 simulacratmicant,
3345 2728 3353 2736 .

353 2724 559 2797 Πίσσης
586 2728 680 2783 καὶ
711 2730 883 2801 πηλοῦ
908 2732 1070 2804 γέμει
1102 2736 1233 2789 εἴσω
1255 2754 1268 2767 ·
1299 2731 1400 2793 ὧδε
1427 2741 1522 2794 καὶ
1559 2737 1711 2807 οὗτος

2018 2735 2155 2792 Cum
2198 2738 2323 2809 pice
2368 2739 2477 2795 sint
2532 2750 2585 2797 et
2626 2744 2789 2823 plena
2834 2746 2950 2801 luto
2977 2747 3126 2806 intus
3166 2768 3181 2805 :
3248 2724 3589 2824 sic'quoque

3382 2843 3458 2915 [et
3486 2846 3589 2901 iste

434 2906 619 2971 Ἑκτὸς
646 2907 749 2961 ἐὼν
779 2910 940 2981 ἱερὸς,
974 2914 1035 2967 οὐ
1059 2917 1200 2980 τοῖός
1230 2917 1381 2973 ἐστιν
1404 2899 1533 2976 ἔσω.

2087 2917 2223 2975 Cum
2258 2936 2415 2978 sacer
2449 2933 2602 2979 extra
2628 2926 2719 2989 sit,
2748 2941 2855 2982 non
2884 2937 3064 2985 tamen
3093 2931 3239 2989 intus
3267 2934 3313 2990 is
3340 2945 3424 2991 est
3447 2936 3582 3006 (9.5).

348 3012 463 3069 ΞΜ.
498 3016 625 3069 Ὅτι
654 3017 753 3072 καὶ
786 3020 959 3090 μέχρι
1006 3023 1155 3110 ἀῖῑὸς
1186 3026 1305 3092 τοῖς
1354 3029 1603 3097 τελείοις
1643 3032 1681 3100 ἡ
1730 3047 1909 3102 παρα-

2157 3028 2342 3086 LXIV.
2377 3031 2646 3087 Bonorum
2687 3036 2763 3088 vel
2801 3037 2855 3089 in
2882 3039 3012 3093 salis
3044 3042 3182 3095 mica
3222 3044 3427 3114 religio.

991 3110 1262 3162 τηρησις.

991 3112 1024 3147 τ
1144 3112 1203 3149 σι
1249 3138 1262 3151 .

349 3174 502 3229 Δεῦτ’
533 3178 706 3247 ἄγετ’,
736 3180 869 3235 ἴδετε
896 3112 1171 3255 ἐργαηΞέδ
1202 3118 1428 3260 ἕσχετα,
1453 3188 1605 3246 εἶπεν
1644 3193 1909 3264 Ἀχιλλᾶς.

2018 3181 2136 3239 Huc
2161 3200 2406 3256 propere,
2428 3199 2657 3260 actaque
2688 3192 2825 3247 mira
2864 3194 3138 3265 videbitis,
3168 3201 3365 3271 inquit.
3400 3202 3585 3258 Achil-

3300 3292 3406 3366 [Ias
3440 3295 3577 3366 (26),

419 3355 626 3425 Ψωμδν
655 3356 789 3412 ἔδων
817 3359 1013 3430 βάπτει
1042 3363 1123 3428 είς
1148 3366 1282 3430 ἃλας
1314 3367 1561 3434 Ἡσαΐας.

2084 3368 2255 3426 lsaias
2286 3373 2522 3429 comedit
2558 3374 2792 3434 irustula
2824 3395 3011 3450 sparsa
3048 3383 3181 3438 sale.

348 3446 410 3499 Εξ
443 3448 507 3526 οξ)
535 3448 716 3518 ζωμία
738 3451 911 3506 ταῦτα
934 3456 1271 3527 παραρτὺειν
1294 3458 1596 3527 ἐθέλοισθα,

2017 3457 2091 3516 Ac
2118 3461 2244 3518 situ
2277 3465 2465 3533 cupias
2496 3469 2667 3539 magis
2703 3470 2815 3525 hinc
2842 3473 3086 3540 condire,
3119 3475 3302 3530 venito

418 3538 578 3610 Δεῦρ¹
613 3540 681 3593 [θ’
710 3542 767 3595 ὲν
792 3544 1075 3618 Αίγύπτῳ,
1102 3546 1263 3619 οὔρεα
1291 3549 1336 3603 δ’
1366 3553 1696 3624 ἐγκρατέων.

2084 3553 2379 3627 Promptus
2413 3560 2468 3614 in
2495 3560 2817 3633 Egyptum,
2843 3538 3281 3637 monticolasquc
3309 3567 3454 3624 vide.

345 3644 465 3703 315'.
500 3649 620 3704 Ὅτι
655 3653 842 3708 αἰτεῖν
866 3655 959 3710 δεῖ
990 3656 1225 3781 πϐξέτον
1255 3659 1371 3729 τὴν
1406 3663 1513 3719 τοῦ
1544 3664 1694 3722 Θεοῦ
1724 3666 1909 3732 ,βασι-

1126 3747 1222 3781 αν.

2117 3662 2279 3723 LXV.
2339 3666 2576 3722 Primum
2600 3675 2935 3740 quaerendum
2972 3690 3084 3729 esse
3114 3692 3328 3747 regnum
3353 3677 3473 3733 Dei.

1126 3747 1222 3785 αν.

2012 3773 2177 3832 Multa
2213 3776 2382 3833 Deum
2433 3794 2623 3849 posco,
2648 3783 2740 3837 sed
2769 3784 2842 3838 nil
2875 3785 3195 3842 conceditur
3225 3787 3419 3842 horum
3456 3804 3471 3843 :

2085 3868 2214 3935 Qui,
2248 3868 2421 3936 Theo,
2445 3873 2670 3943 contigit
2700 3873 2840 3929 boc?
2875 3876 3003 3945 quid
3032 3878 3186 3933 decet
3216 3879 3303 3955 hic
3335 3879 3557 3935 facere?

2017 3959 2192 4016 Unum
2234 3963 2567 4032 poscendum
2596 3972 2681 4020 est
2710 3965 2906 4033 primo,
2944 3983 3069 4021 mox
3094 3959 3285 4023 Caetera
3312 3968 3537 4023 habebis
3562 3984 3576 4023 :

345 3829 524 3885 Πολλά
555 3831 689 3887 Θεοῦ
719 3833 928 3906 δέομαι,
958 3837 1165 3893 τούτων
1198 3840 1256 3895 δὲ
1290 3843 1344 3895 τί
1376 3846 1692 3917 κραίνεται;
1717 3847 1909 3905 Οὐδέν.

416 3926 541 3990 Πῶς
564 3927 669 3982 τόδ’
694 3929 888 3999 ἔνεστι,
913 3932 1090 4001 Θέων;
1127 3934 1242 3999 πῶς
1271 3935 1387 3991 δέον
1414 3939 1531 3993 ἐστὶ
1562 3945 1723 4012 τυχόν
1748 3961 1764 4010 ;

345 4018 547 4088 Πρῶτα
577 4021 637 4075 τδ
662 4022 719 4075 ἒν
743 4022 789 4075 δ’
816 4026 1009 4091 αἰτεῖν,
1041 4029 1136 4081 καὶ
1165 4028 1354 4099 ἕψεται
1380 4031 1577 4086 αὐτίκα
1609 4038 1704 4089 καὶ
1728 4039 1798 4093 τά
1821 4059 1835 4073 ·

2085 4048 2142 4104 Si
2176 4018 2259 4106 vis
2282 4051 2475 4120 multa,
2508 4018 2678 4107 unum
2710 4018 2824 4121 iam
3101 4018 3332 4111 'e'i'illud
3362 4058 3496 4112 abit.

292 4177 308 4185 δ
415 4109 477 4163 Εἰ
506 4111 562 4165 δὲ
588 4112 656 4167 τά
684 4114 854 4169 πολλὰ
876 4115 1070 4185 θέλεις,
1103 4121 1197 4175 καὶ
1242 4122 1301 4175 τὸ
1332 4122 1392 4177 ἓν
1421 4124 1586 4196 οἴχεθ’
1618 4126 1755 4199 ἅμα.

586 4222 719 4292 EQ".
750 4228 1121 4294 Προσεκτέον
1135 4230 1377 4300 μᾶλλον
1408 4235 1662 4305 ἑαυτοῖς.

2254 4242 2437 4300 LXVI.
2470 4245 2584 4301 Sibi
2601 4249 2774 4315 potius
2792 4251 3164 4304 attendendum
3194 4265 3327 4305 esse.

341 4330 575 4401 Κρίνετό
598 4349 681 4396 τις
705 4333 932 4406 φθορίης
957 4353 973 4370 ·
1002 4338 1221 4409 κληθεὶς
1253 4341 1311 4396 δὲ
1335 4343 1485 4415 Πίωρ
1515 4346 1608 4399 ἐπὶ
1637 4349 1833 4420 τούτῳ,

2017 4327 2281 4387 Iudicium
2306 4331 2372 4386 ad
2401 4334 2573 4403 stupri
2598 4333 2867 4391 damnata:
2902 4335 3040 4391 forte
3071 4346 3298 4393 vocatus

412 4418 571 4477 Ἧλθ⁹
602 4424 697 4478 ἐπὶ
727 4427 869 4482 νῶτα
898 4429 1080 4502 φέρων
1106 4431 1331 4503 ψάμμον
1360 4436 1456 4508 ὅλῃ
1486 4440 1725 4509 σπυρίδι.
1783 4418 1790 4420 ν

2079 4418 2227 4486 Pior,
2258 4432 2497 4491 sportam
2532 4433 2722 4478 onerat
2764 4440 2905 4494 pone
2934 4427 3085 4494 gravi
3121 4426 3337 4481 sabulo.

341 4515 553 4586 Πρόσθε
575 4517 621 4570 δ’
648 4518 739 4589 ἔχε
763 4519 938 4590 δράκα
961 4521 1141 4592 τῆσδε,
1164 4524 1259 4578 κα)⁵
1287 4525 1405 4598 ἴαχε
1429 4543 1443 4557 ·
1477 4529 1639 4600 Τάμά
1663 4534 1902 4591 τοσαῦτα

2017 4511 2147 4568 Ante
2168 4528 2335 4567 manu
2364 4513 2625 4570 claudens
2650 4525 2883 4585 partem,
2910 4518 3084 4586 inquit
3115 4535 3128 4571 :
3157 4518 3294 4574 Cum
3323 4533 3441 4573 mea
3464 4518 3575 4574 sint

424 4608 572 4665 Ἐστὶ
593 4588 816 4683 amiciti
844 4614 984 4684 ὁρόω
1007 4588 1024 4648 ί
1051 4615 1119 4669 τά
1144 4616 1269 4681 ξένα
1298 4588 1643 4690 δ”εξετάσως
1812 4588 1819 4589 7

2076 4603 2193 4661 Non
2227 4619 2416 4672 cerno,
2449 4622 2687 4677 quaeram
2721 4623 2818 4663 cur
2855 4610 3140 4681 peregrina
3168 4611 3346 4666 mala?
3410 4610 3571 4682 [hazc,

410 4719 526 4777 ΞΖ’.
558 4723 813 4793 Συζυγία
840 4724 1049 4793 ψυχῆς
1078 4726 1177 4781 καὶ
1218 4727 1492 4799 σώματος
1534 4733 1827 4804 ἄληπτος.
1874 4744 1886 4765 ‘

2017 4732 2213 4790 LXVII.
2237 4734 2559 4806 Coniugium
2586 4736 2754 4790 animi
2782 4752 2902 4789 cum
2931 4753 3169 4806 corpore,
3214 4737 3424 4807 diﬂicile
3451 4755 3572 4807 per-

2568 4818 2715 4875 ceplu
2746 4823 2856 4861 esse
2895 4807 3029 4877 (27).

338 4896 405 4951 El
426 4896 525 4969 τὴν
550 4873 737 4970 σάρκα
766 4898 1316 4975 φιλῶ,”πολεμίζομαι
1341 4920 1355 4935 ·
1383 4905 1432 4959 εί
1462 4906 1761 4979 πολεμίζω,

2017 4910 2180 4983 Diligo
2201 4911 2248 4968 si
2278 4928 2521 4980 carnem,
2556 4873 2756 4970 bellum
2783 4922 2868 4971 est
2900 4916 3032 4969 mihi
3071 4916 3156 4971 :si
3179 4932 3309 4986 gero
3342 4917 3504 4982 bella,

340 5029 356 5043 .
477 5029 492 5045 .
604 5030 619 5046 .
734 5030 748 5045 .
863 5030 877 5047 .
990 5033 1005 5048 .
1119 5011 1133 5026 ·
1247 5038 1261 5051 .
1374 5034 1391 5053 .
1503 5039 1520 5055 .
1633 5040 1648 5055 .
1761 5042 1777 5057 .
1888 5040 1905 5057 .
2077 5004 2978 5077 Vexor:sitemno,sicquoque
3008 5009 3299 5078 despicior.

338 5082 645 5155 Τρύχομαι·
677 5084 834 5155 εἴπερ
856 5092 1020 5156 τιμῶ,
1045 5087 1370 5159 σφάλλομαι,
1403 5089 1541 5161 ᾦμοι
1561 5091 1733 5162 ἔγωγε
1760 5096 1773 5149 l

2017 5094 2065 5152 Si
2104 5098 2245 5162 colo,
2286 5095 2551 5166 decipior,
2586 5097 2848 5152 miserum
2881 5114 2969 5154 me
2995 5100 3006 5152 ι
3032 5100 3291 5169 quidnam
3320 5113 3418 5156 ero
3449 5110 3570 5156 tan-

3342 5191 3486 5247 Idem
3508 5194 3533 5247 2

407 5263 504 5328 Τίς
527 5263 778 5336 γένομαι,
803 5265 896 5319 καὶ
923 5268 1014 5320 ποῖ
1039 5268 1275 5339 τράπομ⁹
1304 5270 1579 5325 ἀστατέων
1606 5272 1786 5338 άθλιος
1810 5291 1826 5341 ;

3342 5191 3486 5263 [dem

2069 5276 2316 5344 Quonam
2350 5293 2438 5334 me
2461 5279 2708 5335 vertam?
2743 5294 2975 5349 quemve
3009 5280 3203 5335 tenebo
3232 5281 3496 5335 modum?

1058 5376 1184 5434 EII'.
2671 5387 2906 5444 LXVIII.

344 5487 741 5557 Συγκατέδαινε
767 5488 944 5560 γέρων
964 5490 1179 5560 ἑτάροις
1202 5488 1353 5559 σφίσι
1378 5505 1391 5518 ·
1421 5489 1511 5543 τὸν
1536 5489 1592 5542 δέ
1614 5506 1700 5553 τις
1731 5489 1898 5561 ἀρχὸς

2017 5492 2155 5560 ὶυοά
2190 5498 2404 5553 vetulus
2437 5497 2604 5554 sociis
2626 5512 2749 5554 sese
2778 5498 3151 5564 submitteret,
3180 5500 3360 5571 ipsum

3560 5606 3573 5635 1

427 5642 517 5709 24)
554 5643 667 5698 lloc
696 5653 795 5707 est,
826 5643 893 5698 iis
921 5644 1010 5712 qui
1038 5659 1094 5698 se
1123 5644 1322 5714 vigiliis
1348 5653 1620 5700 exercent.
2004 5664 2099 5705 sus
2132 5652 2341 5707 Arium.

427 5644 517 5709 24)
554 5644 667 5698 IIoc
696 5653 795 5707 est,
826 5644 893 5698 iis
921 5644 1010 5712 qui
1038 5659 1094 5698 se
1123 5644 1322 5714 vigiliis
1348 5653 1620 5700 exercent.
2004 5664 2099 5705 sus
2132 5652 2341 5707 Arium.
2663 5723 2675 5733 .
3045 5723 3056 5735 .
3224 5725 3235 5737 .

404 5644 518 5805 ἓξὲξ)
562 5714 622 5767 l).
656 5713 1525 5805 Antig}???HKBEIRLFPE‘IfiblfiHII.
1563 5734 1577 5772 :
1610 5714 1794 5771 Facile
1819 5724 1898 5771 est
2078 5722 2189 5791 (27)
2228 5721 3016 5805 lnﬁboctetrastichonGrarco
3047 5733 3304 5805 lnlchISO
3327 5726 3568 5805 e_talter0

335 5784 609 5848 simulare,
641 5793 689 5836 ct
723 5783 945 5867 difﬁcile
976 5784 1166 5867 habere
1182 5785 1465 5867 virtutem._
1536 5853 1585 5867 η
1757 5856 1769 5867 _
2004 5783 2404 5859 versu'mutilo,
2425 5783 2929 5859 divinandum'luit,
2960 5803 3019 5850 ut
3048 5794 3101 5850 in
3120 5799 3388 5867 sequenti.

409 5853 520 5925 (26)
556 5855 676 5911 lsut
698 5852 1501 5925 sacerdossubscripsitsynodo
1522 5853 1677 5910 Alex.
1705 5856 1894 5913 adver-
