4044 6562
483 349 588 412 883
1705 349 2026 412 JOANNIS

2158 354 2495 418 LOMETIL’E
3621 373 3726 436 334

553 469 673 525 Dux
707 467 899 539 carpit,
935 483 1121 522 vocem
1156 466 1199 522 is
1231 465 1393 530 tollit,
1425 475 1474 522 ct
1503 465 1600 530 llic
1627 468 1808 537 jacula
1844 488 1858 523 :

485 568 661 636 Atque
683 565 862 626 iterat,
893 562 986 618 sed
1023 561 1104 617 vis
1123 560 1281 631 perit,
1315 567 1369 615 et
1395 575 1520 614 mox
1550 561 1824 629 rumpitur
1845 575 2008 616 arcus
2039 581 2050 616 :

553 658 772 715 Gnavus
806 658 911 712 erit
947 656 1195 728 posthac,
1226 655 1318 725 qui
1352 652 1516 708 modo
1557 653 1738 720 segnis
1769 665 1881 707 erat
1915 653 2048 723 (28).

480 774 666 833 LXIX.
700 773 852 841 Quod
874 771 1161 826 iracundus
1185 767 1571 824 nonsitdivino
1599 764 1804 833 Spiritu
1820 765 2048 833 afﬂatus.

480 890 562 942 lra
606 887 868 955 furorque
901 882 1006 953 piis
1033 879 1318 936 monachis
1348 877 1523 931 aliena
1557 893 1572 929 :
1603 874 1876 944 benignus

549 980 684 1033 Nam
721 977 764 1032 si
799 974 1071 1038 Christus,
1101 980 1262 1026 erunt
1298 966 1655 1024 Christocolae
1685 965 1881 1034 placidi
1913 985 1926 1019 :

480 1071 624 1139 Ergo
651 1069 973 1128 iracundus,
1007 1067 1136 1120 licet
1166 1063 1244 1116 ire
1270 1060 1534 1115 cadavera
1573 1069 1752 1127 cogat,

556 1164 752 1220 Iurans
782 1178 841 1217 se
867 1158 1092 1222 Christi,
1123 1156 1348 1225 pejerat,
1381 1166 1502 1206 esse
1535 1151 1732 1204 virum.

709 1271 870 1329 LXX.
927 1271 1098 1323 Vitam
1139 1283 1250 1322 esse
1279 1265 1503 1331 speciem
1535 1272 1825 1318 mercatus.

481 1386 549 1442 Ut
576 1385 785 1440 fruerer
812 1378 1089 1451 paradiso,
1121 1375 1296 1444 inquit
1318 1373 1522 1440 senior,
1559 1372 1689 1426 dare
1716 1371 1910 1425 vellem

535 1473 754 1536 hiemet,
790 1471 883 1525 sed
918 1469 1092 1522 t‘rusto
1124 1464 1378 1519 venditur
1401 1473 1452 1517 et
1479 1463 1658 1528 latice,

2083 478 2123 532 Α
2226 477 2498 548 Μέμφεθ’,
2527 478 2620 534 ὁδ’
2649 481 2880 535 ἀντεϐόα
2904 498 2916 511 ·
2958 483 3121 537 ’Ἑλκε
3148 485 3209 537 τὸ
3238 486 3387 548 τόξον
3417 486 3584 554 ἅπαξ,

2159 563 2268 618 Kal
2297 567 2476 632 πάλιν,
2511 565 2628 622 εἶτα
2652 572 2812 626 πάλιν
2834 589 2846 602 ·
2873 571 2987 624 ἀλλ’
3010 573 3262 642 ἄγνυται,
3293 576 3416 630 οὐδέ
3441 594 3523 640 τις
3551 579 3725 648 ἰσχύς.

2225 655 2352 713 Ὧδε
2387 661 2479 715 καὶ
2517 665 2652 732 τῇδ’,
2683 665 2711 716 ὁ
2740 664 2788 716 δ’
2818 665 2968 730 ἀνεὶς
3001 666 3228 737 ἄλκιμός
3255 671 3371 723 ἐστι
3405 671 3588 726 πάλιν.

2438 773 2557 830 56'.
2598 777 2717 829 Ὅτι
2751 777 2993 846 ὀργίλος
3020 778 3226 846 ὀὐδεὶς
3251 781 3481 847 ἔνθεος.

2171 882 2335 953 Ὀργὴ
2370 887 2462 938 καὶ
2491 885 2663 955 θυμὸς
2725 892 2980 957 μοναχοῖς
3007 889 3168 955 ξένω
3200 893 3249 944 ει
3283 892 3392 962 γὰρ
3426 893 3663 962 Χριστὸς

2230 974 2445 1038 Ἤπιος,
2478 977 2630 1047 ἤπιοι
2665 977 2730 1032 ἂν
2757 973 2866 1033 εἷεν
2897 981 2958 1033 ἐν
2989 975 3096 1034 οἷσι
3132 982 3307 1050 μένει.

2159 1065 2270 1127 Πᾶς
2296 1061 2389 1120 οῦν
2426 1066 2663 1136 ὀργίλος,
2696 1069 2744 1121 εἰ
2774 1070 2871 1121 καὶ
2903 1068 3228 1134 τεθνειῶτας
3255 1072 3485 1142 ἐγείρει,

2229 1157 2456 1211 Ψεύδετ’
2475 1158 2605 1228 ἔμεν
2635 1160 2899 1229 Χριστοῦ,
2928 1160 3030 1215 κᾶν
3045 1163 3330 1236 ιὲπὸμνυσι
3355 1165 3518 1233 μέγα.

2400 1269 2476 1324 Ο’.
2512 1272 2638 1324 Ὅτι
2660 1273 3046 1341 πανηγύρεως
3076 1270 3236 1340 εἶδος
3260 1279 3293 1329 d
3318 1276 3480 1341 βίος.

2156 1378 2265 1447 Τὴν
2281 1378 2397 1431 Ἐδὲ
2406 1396 2464 1448 μ,
2484 1373 2604 1432 εἷπε
2620 1378 2683 1447 γέ
2693 1397 2820 1447 ρων,
2845 1381 2936 1434 καὶ
2953 1381 3072 1435 ὅλον
3092 1384 3140 1452 ῤ’
3157 1383 3256 1452 ἐμὲ
3276 1383 3399 1448 δοὺς
3427 1384 3704 1454 ἐπριάμην

2225 1468 2338 1522 Νῦν
2363 1469 2409 1522 δ’
2441 1471 2522 1523 ὅτι
2552 1468 2809 1523 πωλεῖται
2845 1468 3036 1533 ὕδατος
3074 1472 3106 1542 ἢ
3135 1475 3430 1542 τεμάχους,

476 1568 587 1622 Aut
626 1563 695 1620 ad
743 1574 1018 1618 summum
1055 1557 1239 1624 obolo,
1291 1566 1343 1611 et
1394 1555 1818 1618 contemnimus,
1853 1570 1884 1608 ο
1913 1555 2053 1610 male

2158 1561 2269 1614 Kal
2306 1560 2494 1614 ὀϐολοῦ
2539 1562 2600 1615 τὸ
2637 1563 2892 1632 μέγιστον
2941 1564 3289 1634 ἀφέσταμενο
3333 1562 3535 1618 άόὅάλε
3565 1561 3734 1634 θωῆς,

545 1657 604 1710 In
641 1667 749 1711 tam
778 1652 1072 1708 exundanti
1104 1650 1252 1704 fonte
1285 1647 1463 1718 perire
1495 1647 1609 1702 siti.
1772 1646 2022 1718 [iactuum

477 1748 665 1823 LXXI.
693 1765 775 1821 Ex
788 1763 915 1820 solis
933 1759 1175 1831 operibus
1199 1758 1423 1812 salutem
1457 1756 1777 1828 sperandam
1797 1773 1899 1811 non
1916 1773 2048 1810 esse.

480 1880 536 1934 Si
567 1878 764 1933 delicta
792 1874 886 1928 Dei
913 1886 1150 1942 przesens
1179 1870 1461 1923 clementia
1497 1869 1659 1932 delet,

545 1969 806 2037 Quadam
839 1966 1002 2020 etiam
1039 1962 1172 2016 mihi
1200 1976 1344 2030 spes,
1376 1959 1579 2015 Lucius
1609 1960 1804 2030 inquit,
1841 1959 1966 2016 erit.

476 2063 544 2116 At
577 2061 623 2117 si
660 2059 790 2114 illud
823 2057 956 2112 solis
995 2054 1253 2125 Iacrymis
1278 2053 1354 2119 Iit,
1394 2060 1606 2122 tergere
1634 2052 1724 2107 vix
1753 2067 1841 2107 me

545 2155 638 2208 Bis
676 2151 798 2206 deni
826 2164 1038 2204 mecum
1063 2145 1504 2218 collacrymando
1530 2154 1752 2216 queant.

535 2261 744 2318 LXXII.
782 2258 936 2327 Quod
974 2265 1258 2328 paupertas
1287 2253 1616 2309 tolerabilior
1643 2255 1713 2307 sit
1750 2253 1976 2307 divitiis.

477 2374 629 2430 Talia
663 2371 929 2426 divitibus
959 2368 1310 2438 contingunt,
1343 2364 1546 2434 oppida
1571 2364 1786 2420 Mavors

548 2466 684 2521 Cum
715 2463 908 2534 quatit,
944 2459 1140 2516 armati
1175 2457 1581 2527 depopulantur
1611 2470 1793 2526 agros,

477 2562 743 2614 Armenta
767 2559 1067 2616 intereunt,
1097 2553 1397 2622 locupletes
1433 2550 1607 2620 pallor
1633 2559 1685 2604 et
1706 2552 1910 2603 horror

546 2653 757 2708 Invadit
791 2668 802 2703 :
833 2662 1038 2718 pauper
1077 2645 1236 2710 ridet,
1263 2653 1317 2699 et
1349 2645 1556 2712 absque
1579 2650 1723 2695 metu
1755 2648 1860 2694 est.

547 2762 783 2818 LXXIII.
810 2760 962 2826 Quod
994 2757 1309 2812 abstinentia
1335 2773 1366 2808 a
1397 2754 1549 2808 malis
1586 2753 1654 2808 sit
1681 2751 1979 2823 multiplex.

477 2874 748 2946 Urgemus
777 2874 996 2927 clausos
1026 2869 1346 2924 basiliscum
1381 2876 1546 2934 atque
1574 2863 1762 2934 aspida
1793 2862 1926 2933 pilo,

548 2971 722 3038 Atque
757 2968 967 3021 leonem
991 2963 1157 3018 arctis
1185 2961 1392 3015 retibus
1429 2957 1752 3028 implicitum
1788 2975 1800 3010 :

477 3059 570 3114 Sic
603 3057 770 3112 animi
807 3069 1028 3111 sensum
1064 3050 1210 3121 quod
1243 3063 1350 3104 non
1381 3048 1626 3118 procedit
1653 3047 1720 3101 ad
1751 3055 1930 3101 actum

537 3150 711 3205 Omne
747 3149 897 3202 intus
927 3159 1180 3216 pressum
1212 3141 1490 3212 spargitur
1523 3154 1698 3209 usque
1731 3138 1843 3193 cito
1871 3135 2007 3206 (29).
2082 3176 2125 3235 Ο

2226 1655 2474 1724 Νήχυτος
2495 1657 2528 1725 ἡ
2564 1654 2734 1726 πηγὴ,
2775 1654 2918 1724 δίψεϊ
2944 1654 3239 1726 ὀλλύμεθα,

2228 1763 2350 1818 υΑ’.
2383 1767 2513 1819 Ὅτι
2541 1765 2608 1832 ἐξ
2633 1767 2820 1836 ἔργων
2848 1766 3219 1820 ἀνέλπιστον
3253 1767 3319 1820 τὸ
3344 1767 3663 1833 σωτήριον.

2159 1877 2223 1929 El
2257 1876 2356 1946 μὲν
2379 1875 2705 1930 ἀποπλυνέει
2735 1876 2834 1938 τὰς
2871 1875 3188 1944 ἀμπλακίας
3213 1874 3344 1938 Θεδς
3367 1876 3553 1944 οἴκτῳ,

2234 1968 2388 2020 Ἔστι
2420 1984 2504 2030 τις
2531 1967 2684 2030 ἐλπίς
2719 1984 2827 2036 μοι,
2864 1967 3092 2028 Λούκιος
3120 1965 3333 2029 ἐξεϐόα.

2158 2060 2221 2113 Εἰ
2245 2060 2290 2114 δ’
2317 2060 2410 2114 ἐπὶ
2434 2059 2668 2129 δάκρυσι
2702 2059 2808 2111 τόδ’
2843 2058 3210 2126 ἐπιγίγνεται,
3245 2058 3452 2110 εἴκοσιν
3491 2055 3685 2126 ἄνδρες

2226 2155 2328 2206 Σὺν
2355 2152 2447 2222 μοὶ
2477 2151 2814 2222 ὀδυρόμενοι,
2843 2152 2905 2203 οὐ
2937 2149 3229 2203 πλυνέουσί
3259 2149 3313 2202 τί
3345 2166 3471 2220 μου.

2335 2263 2594 2317 ΟΒ⁹.“οτι
2621 2260 3030 2330 εὐφορὼτερον
3054 2259 3324 2314 πλούτου
3357 2258 3535 2311 πενία

2160 2376 2267 2431 Kal
2292 2375 2418 2430 τάδε
2443 2376 2556 2436 τοῖς
2583 2372 2872 2425 πλουτοῦσι
2901 2370 3164 2424 τελείεται
3187 2383 3204 2400 ⁸
3235 2368 3345 2422 εὖτ’
3379 2367 3481 2421 ἀνὰ
3511 2367 3644 2421 am

2231 2468 2449 2539 Ἐρχετ’
2485 2467 2678 2537 Ἀρης,
2707 2464 2860 2518 abrol
2884 2463 2928 2516 δ’
2957 2462 3247 2532 ὀλλύμενον
3272 2463 3361 2514 τὸν
3387 2458 3552 2529 ἀγρὸν

2158 2563 2270 2616 Kal
2296 2560 2396 2623 τὰς
2429 2558 2552 2630 βοῦς
2593 2557 2938 2628 προορῶντες
2977 2552 3347 2624 ὑπωχριόωσι,
3375 2551 3570 2620 γοῶσι·

2229 2653 2445 2722 Κοῦφος
2475 2651 2572 2723 ἔϐη
2606 2649 2650 2703 δ’
2682 2651 2710 2703 δ
2739 2649 2929 2719 πένης,
2967 2647 3027 2700 τὸ
3057 2647 3218 2700 πλέον
3249 2643 3540 2713 ἑγγελόων.

2247 2765 2366 2820 Ol".
2402 2764 2530 2817 Ὅτι
2559 2761 2942 2829 πολύτροπος
2979 2759 3016 2826 ἡ
3047 2757 3247 2826 ἀποχὴ
3279 2755 3397 2810 τῶν
3421 2752 3642 2810 κακῶν.

2172 2873 2401 2930 Ἀσπίδα
2431 2872 2528 2926 καὶ
2562 2870 2875 2942 βασιλίσκον
2907 2868 3334 2930 ἀποκλείσαντες
3359 2869 3419 2919 ὲν
3451 2865 3626 2934 ὅλμῳ,

2229 2967 2510 3038 Δήσαιμεν
2535 2965 2629 3018 καὶ
2655 2963 2738 3016 λἰν
2770 2962 2971 3032 ἄρκυσι
3007 2960 3336 3031 ῥωμαλέοις.

2159 3053 2230 3131 ⁷ῼ
2265 3059 2323 3112 δὲ
2357 3057 2616 3126 λογισμὸς
2653 3055 2821 3120 ἄπας,
2855 3055 3002 3115 ὅστις
3031 3052 3106 3122 μὴ
3135 3051 3222 3104 ἐπ’
3261 3050 3395 3120 ἔργα
3425 3047 3730 3120 προϐαίνει,

2237 3151 2449 3206 Ἔνδοθι
2482 3147 2813 3220 συμπνιγεὶς
2842 3145 3088 3200 κίδναται
3121 3143 3455 3214 ἐσσυμένως.
3521 3170 3528 3176 -

480 3261 712 3319 ιχχιν.
762 3259 1103 3316 Consortium
1154 3267 1202 3310 et
1253 3255 1680 3326 [amiliaritatem
1723 3266 1842 3304 cum
1903 3247 2051 3302 bonis

2159 3259 2276 3314 ΟΔ’·
2318 3260 2446 3312 "Ott
2475 3257 2786 3326 παραίτιον
2805 3255 3040 3325 ἀγαθῶν
3059 3257 3097 3323 ἡ
3123 3252 3242 3308 τῶν
3261 3253 3496 3323 ἀγαθῶν
3512 3252 3728 3323 ὁμιλία.

749 3347 967 3385 causam
993 3345 1103 3383 esse
1138 3324 1480 3395 adjuvantem
1510 3324 1788 3376 bonorum.

479 3443 634 3498 Tune
657 3451 860 3495 metum
887 3438 1070 3509 poscis
1093 3436 1380 3491 divinum?
1404 3433 1458 3488 In
1487 3442 1709 3503 pectore
1727 3430 1926 3500 cuique
1947 3437 2052 3484 est.

548 3533 703 3600 Quod
736 3531 805 3595 si,
833 3545 955 3585 cum
988 3529 1182 3596 cupias
1212 3526 1472 3589 maxime,
1505 3523 1700 3578 abesse
1721 3521 1895 3585 vides,

477 3629 558 3681 Ad
593 3634 845 3680 sanctum
885 3621 1079 3677 secede
1111 3621 1289 3674 virum
1319 3638 1332 3672 :
1359 3618 1578 3676 Mollem
1614 3617 1828 3689 impulit
1854 3613 1982 3670 olim

549 3715 743 3787 Magna
765 3714 1184 3768 Themistoclem
1211 3711 1467 3766 Miltiadis
1495 3711 1763 3782 probitas.

478 3827 690 3884 LXXV.
725 3827 877 3894 Quod
908 3826 1054 3880 locus
1106 3826 1162 3877 in
1195 3841 1296 3894 quo
1331 3825 1508 3877 mitius
1539 3834 1616 3878 est
1653 3823 2055 3891 consolationis,

944 3896 1214 3950 salubrior
1244 3895 1437 3950 anima:
1466 3896 1557 3952 sit.

477 4009 771 4074 Asperiora
802 4007 921 4061 loco
956 4005 1216 4074 degentes
1256 4017 1352 4071 per
1372 4003 1499 4073 juga
1524 4003 1770 4072 quidam,

550 4097 702 4152 Ilunc
729 4106 789 4151 ut
816 4103 1170 4151 consererent
1204 4094 1518 4150 vomeribus
1547 4092 1828 4164 subigunt.

479 4189 634 4245 Tunc
665 4189 864 4258 aliquis
895 4187 1106 4243 monuit
1142 4205 1156 4240 :
1189 4184 1486 4242 Videamus
1509 4200 1577 4242 ne
1603 4186 1708 4242 ista
1735 4185 1996 4248 colendo,

550 4279 744 4336 Inculti
781 4295 960 4335 mores
993 4278 1194 4350 ingenii
1227 4289 1506 4334 maneant.

1132 4389 1368 4446 LXXVI.

477 4499 694 4555 Levitas
725 4508 890 4569 atque
918 4498 1139 4552 Atridas
1173 4498 1416 4566 plerique
1446 4503 1716 4551 vocarunt

549 4592 823 4652 Pastores,
871 4589 962 4643 alii
993 4604 1191 4643 nomen
1219 4588 1359 4642 idem
1398 4588 1643 4656 capiunt.

478 4684 635 4741 Unus
665 4693 721 4737 at
755 4692 840 4736 est
878 4693 1002 4751 apte
1030 4680 1115 4734 cui
1146 4694 1344 4734 nomen
1374 4680 1627 4748 congruit
1655 4678 1820 4741 istud,

546 4775 751 4845 Nempe
776 4774 842 4836 is,
874 4774 966 4842 qui
1001 4770 1173 4826 saltus
1201 4770 1389 4826 incolit
1417 4770 1706 4824 aethereos.

649 4880 912 4936 LXXVII.
945 4878 1100 4945 Quod
1133 4880 1231 4933 rite
1259 4878 1550 4948 precarisit
1583 4875 1814 4946 di/ﬁcile.

479 4987 752 5044 Virtutem
785 4996 913 5043 ante
951 5003 1170 5042 onttiem
1205 4987 1370 5042 sudor
1401 4987 1541 5042 solet
1572 4986 1650 5040 ire
1680 4984 1966 5053 laborque,

434 5100 446 5131 ~=.
551 5083 693 5137 Ante
725 5096 1022 5152 precesque
1065 5081 1262 5152 magis,
1297 5079 1444 5149 quod
1479 5094 1639 5134 secus
1693 5093 1816 5132 esse
1855 5086 2056 5147 putes:

481 5174 616 5230 Nam
644 5184 854 5246 quanto
886 5174 1056 5227 decus
1084 5183 1166 5227 est
1195 5172 1393 5240 majus,
1426 5179 1577 5224 tanto
1603 5185 1754 5240 mage
1787 5172 1997 5224 dremon

556 5267 732 5322 Omne
757 5274 938 5320 movet
967 5280 1180 5328 saxum,
1219 5277 1329 5333 quo
1360 5261 1500 5317 l‘erat
1529 5277 1703 5332 usque
1733 5277 1965 5317 moram.

477 5375 763 5435 LXXVIII.
794 5374 1217 5498 Consolationf‘m
1251 5384 1487 5428 nostram
1519 5391 1550 5427 a
1572 5374 1755 5427 vicinis
1787 5373 2051 5440 accipien-

1174 5462 1259 5498 am
1289 5461 1421 5498 esse.

1174 5462 1259 5498 aut
1289 5461 1421 5500 ϐεδε.

483 5557 620 5613 Cum
646 5568 800 5628 pater
819 5571 886 5611 ex
911 5555 1060 5610 obitu
1097 5555 1206 5609 nati
1239 5570 1473 5610 moerere
1495 5560 1752 5625 gravatus

572 5735 665 5801 28)
716 5735 1037 5805 Digladiatto
1065 5730 1423 5803 arnigmatiea.

552 5737 664 5877 $29)
700 5804 875 5862 Tacit.
906 5807 944 5863 l.
974 5824 1043 5862 xx
1078 5825 1090 5861 :
1131 5804 1307 5861 Etiam
1334 5806 1423 5874 ρει-ι

2157 3439 2329 3506 Δεῖμα
2355 3435 2492 3488 Θεοῦ
2529 3433 2714 3503 ζητεῖς
2740 3450 2754 3496 ;
2780 3433 2852 3486 Τὸ
2877 3432 2920 3486 δ’
2949 3433 3029 3487 ἐνὶ
3058 3433 3221 3501 φρεσὶ
3251 3434 3429 3485 κεῖται
3456 3431 3688 3485 ἑκάστου
3712 3447 3727 3463 ·

2230 3531 2292 3583 El
2318 3529 2378 3582 δὲ
2409 3530 2472 3582 σὺ
2507 3528 2609 3598 μὲν
2642 3528 2872 3592 ἐθέλεις,
2908 3529 3053 3580 κεῖνο
3073 3527 3129 3580 δὲ
3160 3525 3358 3596 μᾶλλον
3391 3527 3528 3596 ἀπῇ,

2157 3619 2314 3690 Δεῦρ’
2347 3620 2418 3673 ῐθι
2452 3620 2580 3690 θείῳ
2612 3619 2771 3691 ἀνδρὶ
2805 3618 3066 3688 συνέρχεο
3090 3630 3102 3643 °
3139 3617 3232 3669 τὸν
3258 3617 3366 3687 γὰρ
3396 3615 3658 3686 ἄνανδρον

2227 3708 2398 3782 Ὦρσε
2425 3710 2800 3781 Θεμιστοκλῆν
2827 3707 2967 3764 ἆθλα
2989 3709 3056 3763 τὰ
3081 3708 3395 3762 Μιλτιάδου.

2157 3822 2278 3880 OE'.
2308 3824 2434 3877 Ὅτι
2460 3822 2526 3877 τὸ
2547 3822 2981 3891 ἁπαράκλητον
3022 3821 3130 3875 τοῦ
3158 3823 3346 3875 τόπου
3379 3817 3725 3889 ψυχωςοελέ-

2826 3907 3064 3961 στερον.

2161 4004 2504 4076 Τρηχύτερόν
2535 4021 2658 4057 τινα
2689 4002 2867 4073 χῶρον
2897 4003 3174 4074 ὀρίτροφοι
3202 4001 3375 4071 ᾤκεον
3410 4000 3622 4072 ἄνδρες,

2228 4098 2333 4154 Τὸν
2351 4098 2400 4150 δ’
2429 4095 2523 4150 ἐπὶ
2553 4095 2818 4166 φυταλιὴν
2850 4095 3078 4148 σπεῦδον
3109 4094 3532 4164 ἑπιστρεφέμεν.

2171 4185 2331 4239 Ἀλλά
2362 4204 2442 4250 τις
2467 4183 2620 4238 εἶπεν
2640 4203 2654 4216 υ
2698 4186 2892 4255 Ὁρᾶτε
2919 4186 2993 4255 μὴ
3024 4186 3083 4239 ὲν
3111 4185 3188 4255 τῷ
3214 4185 3350 4238 τόνδ’
3380 4181 3680 4254 ὁμαλίζειν,

2231 4281 2433 4349 Ἀγρια
2457 4279 2526 4331 τὰ
2550 4277 2728 4349 ψυχῆς
2752 4279 2887 4348 ἤθεα
2910 4277 3214 4349 ληψόμεθα..

2885 4390 3023 4458 oq'.

2083 4525 2130 4583 ι)
2161 4501 2432 4570 Ποιμένες
2476 4502 2763 4573 Ἀτρεῖδαι,
2797 4504 2891 4556 καὶ
2925 4503 3261 4573 ποιμένεςόἰ
3292 4501 3536 4569 Λευῖται,

2229 4593 2339 4644 Καὶ
2374 4593 2558 4647 πολλοὶ
2585 4596 2737 4647 τουτὶ¹
2772 4594 3014 4664 τοῦνομα
3043 4593 3401 4665 κλεψάμενοι.

2167 4683 2306 4737 Ἀλλ’
2334 4679 2417 4748 εἷς
2443 4688 2559 4739 ἐστι
2585 4686 2664 4756 τῷ
2695 4686 2809 4739 ὄντι
2837 4690 2865 4740 δ
2893 4685 3132 4756 τοῦνομα
3171 4685 3521 4758 κυριόλεκτον

2230 4777 2401 4831 Τοῦτο
2430 4778 2632 4849 φέρων,
2661 4781 2689 4832 ὁ
2723 4781 2902 4848 νέμων
2930 4781 3216 4851 οὐρανὶῃσι
3246 4781 3468 4841 νάπαις.

2407 4888 2529 4940 OZ'.
2560 4887 2690 4940 Ὅτι
2719 4888 3218 4955 δυσκατόρθωτον
3243 4891 3280 4956 ἡ
3309 4885 3485 4956 εὐχή.

2167 4997 2275 5048 Kal
2306 4996 2486 5067 πάσης
2520 4997 2722 5066 ἀρετῆς
2753 4997 2950 5067 μόχθος
2975 4997 3316 5068 προπάροιθε
3347 4997 3443 5049 καὶ
3477 4994 3636 5068 ἱδρώς
3661 5012 3675 5027 ·

2230 5089 2341 5158 Τῆς
2367 5088 2533 5158 εὐχῆς
2561 5088 2617 5141 δὲ
2640 5089 2823 5153 πλέον,
2853 5090 2905 5142 el
2925 5105 2984 5156 γε
3017 5089 3110 5142 καὶ
3135 5090 3196 5142 οὐ
3228 5089 3423 5142 δοκέει.

2160 5181 2266 5233 Kal
2285 5181 2393 5248 γὰρ
2425 5182 2548 5233 ὅσον
2565 5181 2623 5233 τὸ
2645 5181 2824 5244 κλέος,
2855 5182 3013 5234 τόσον
3040 5181 3252 5250 εἰσάγει
3281 5181 3437 5232 ὄκνον
3464 5183 3490 5234 ὁ
3519 5179 3726 5251 δαίμων

2229 5273 2412 5326 Πάντα
2446 5273 2594 5326 λίθον
2621 5274 2807 5341 κινῶν,
2841 5275 3071 5343 ἐσχάτου
3104 5274 3230 5344 ἄχρι
3255 5273 3426 5328 λίθου.

2270 5385 2398 5438 OH’.
2418 5385 2885 5455 Παραμυθητέον
2907 5386 3160 5451 ἑαυτοὺς
3183 5386 3251 5439 ἐκ
3279 5384 3398 5438 τῶν
3418 5384 3628 5452 πέλας.

2165 5559 2373 5630 Πατρὸς
2410 5561 2770 5632 ἁκηχεμένοιο
2801 5563 2872 5632 έῷ
2906 5563 2998 5614 ἐπὶ
3033 5561 3184 5616 παιδὶ
3221 5561 3434 5616 θανόντι

575 5808 664 5878 ‘29)
700 5801 875 5862 Tacit.
906 5807 944 5863 l.
974 5824 1043 5862 xx
1078 5825 1090 5861 :
1131 5801 1307 5861 Etiam
1334 5806 1445 5874 fera
1475 5803 1753 5870 animalia,
1786 5803 1831 5856 si
1863 5801 2045 5858 clausa
2079 5813 2272 5873 teneas,
2306 5805 2512 5860 virtutis
2540 5805 2939 5864 obliviscuntur.
