4044 6598
395 343 499 408 885

463 459 572 516 Καὶ
597 460 741 531 μάλα
776 459 1133 531 κοπτομένου,
1166 454 1287 515 εἷπε
1319 461 1512 533 παρὼν
1558 461 1750 518 Ἀσίων
1779 479 1790 492 ·

397 556 458 608 El
485 554 548 608 σὺ
585 554 942 624 περικτιόνων
973 552 1072 618 τὰς
1102 553 1389 624 δυστυχίας
1420 554 1692 624 λογίσαιο,

466 644 753 716 Βράσσονα
779 645 871 698 τὸν
905 643 1103 716 θρῆνον
1131 645 1278 718 λήψῃ
1305 646 1399 698 ἐπὶ
1439 646 1740 720 σφετέροις.

642 753 764 808 ΟΘ’.
799 754 920 808 Ὅτι
954 756 994 823 ἡ
1025 755 1197 826 ἀργία
1229 757 1718 827 φιλαμαρτήμων.

401 864 638 932 Ἧρχετο
669 862 818 916 πέντ’
843 862 939 916 ἐπὶ
970 863 1103 932 μησὶ
1132 864 1349 934 γέροντι
1378 881 1484 929 τις,
1537 863 1682 934 ὄφρα
1707 880 1761 917 τι
1794 865 1923 936 είπῃ
1951 881 1964 896 ο

471 952 718 1022 Τύγχανε
746 952 790 1005 δ’
818 951 879 1005 οὐ
912 952 1126 1024 καιροῦ·
1161 953 1298 1022 ἔργα
1317 953 1425 1025 γὰρ
1457 952 1732 1024 ἐνδελεχῆ.

426 1045 536 1113 Odi.
560 1044 604 1098 δ’
643 1045 730 1115 ἄρ’
762 1044 1029 1115 ἀλγήσας,
1062 1044 1252 1112 Σύνες,
1295 1046 1465 1116 ἴαχεν,
1497 1046 1551 1098 εῐ
1573 1047 1636 1114 γέ
1656 1062 1709 1098 τι
1741 1045 1935 1114 μικρὸν

471 1133 727 1207 Ἀσχολος
752 1131 820 1189 εῑ.
865 1137 923 1189 'O
949 1135 994 1190 6’
1025 1137 1191 1208 ἀπρὶξ
1215 1139 1393 1206 εἴχετο
1425 1136 1533 1192 τῶν
1568 1136 1872 1209 προτέρων.

751 1247 834 1301 II'.
874 1245 1200 1316 Διάγνωσις
1237 1246 1617 1316 ἐλλάμψεων.

403 1419 595 1490 Ἀνδρε
617 1419 712 1473 δύο
745 1420 886 1474 κατὰ
907 1421 1142 1492 Χριστὸν
1166 1422 1420 1492 ἐνήθλεον
1444 1438 1460 1454 ·
1492 1415 1572 1487 εἷς
1602 1422 1722 1493 μὲν,
1751 1421 1971 1490 ἀγῶνας

469 1511 848 1582 Θερμοτέρους
868 1529 881 1543 ο
913 1514 940 1565 6
965 1512 1021 1566 δὲ
1055 1513 1118 1584 δὴ
1145 1513 1414 1582 δεύτερος,
1447 1514 1806 1584 ἀργοτέρους.
1886 1507 1892 1518 ’

399 1605 595 1676 Πρῶτοι
622 1604 679 1658 δέ
699 1605 747 1658 οἱ
776 1607 1018 1676 σκήνωσε
1049 1605 1199 1667 Θεός.
1243 1606 1398 1670 Τίνος
1433 1608 1645 1671 εἴνεκας
1674 1606 1866 1675 λέξονθ’

466 1694 642 1769 Ἶίτορ
674 1697 880 1753 ἁπλοῦν
908 1698 1090 1752 ποθέει
1127 1699 1348 1771 Κύριος,
1378 1700 1411 1770 ἢ
1439 1701 1736 1768 καμάτους.
1789 1738 1800 1749 .

699 1811 827 1864 IIA'.
871 1809 1000 1865 "Ott
1026 1808 1304 1875 διάϐολος
1331 1812 1363 1863 ό
1400 1809 1659 1878 φθονῶν.

404 1918 626 1990 Ἀρκιος
649 1919 676 1970 6
702 1918 964 1988 φθονέσας
1001 1920 1256 1989 μερόπων
1281 1918 1427 1985 γένει
1447 1935 1461 1949 ·
1495 1921 1544 1972 εί
1591 1919 1648 1974 δὲ
1676 1925 1769 1974 καλ¹
1812 1921 1970 1992 ἡμεῖς

482 2009 782 2080 ’Δλλήλοισι
825 2010 997 2080 μύλας
1032 2010 1271 2080 θήγομεν
1299 2010 1645 2078 ἀλλοκότους,

401 2103 536 2157 Οὐδὲ
563 2101 634 2154 τὰ
655 2102 746 2154 τοῦ
776 2101 982 2173 δρυμοῦ
1011 2102 1104 2167 ζῷ’
1136 2101 1356 2156 ἔσσεται
1385 2104 1542 2168 ἐκτὸς
1582 2103 1829 2176 ὀλέθρου,

473 2193 581 2246 Καὶ
602 2192 712 2246 τόθ’
740 2194 767 2245 6
795 2191 1072 2264 βασκήνας
1096 2193 1267 2248 οὔτιν’
1293 2194 1470 2264 ἔχοιτο
1491 2195 1674 2252 πόνον.

545 2301 668 2358 ΠΒ’.
694 2302 814 2356 ’Ότι
835 2305 868 2357 ὁ
889 2301 1036 2370 ἔρως
1067 2303 1187 2369 Θεῷ
1216 2306 1618 2359 καταπαύεται
1643 2307 1830 2375 μόνῳ.

471 2411 592 2476 Τόξ’
616 2411 880 2466 ἐνέτεινεν
903 2411 1066 2483 ἔρως,
1095 2414 1189 2466 καί
1219 2412 1386 2466 δείδια
1417 2413 1540 2478 ὀξὺν
1573 2413 1751 2467 ὀϊστόν
1775 2431 1789 2444 ·

471 2505 538 2559 Τί
559 2505 751 2574 πράξω
778 2523 792 2571 ;
829 2505 881 2558 τί
906 2520 920 2570 ;
957 2503 1093 2568 τέως
1126 2504 1286 2558 ὅπλον
1318 2505 1468 2575 άειρέ
1496 2506 1548 2559 τί
1573 2523 1677 2562 σοι.

402 2595 536 2651 Εἶτα
566 2596 703 2663 φύγε
730 2595 950 2666 Χριστῷ
975 2610 989 2626 ⁸
1017 2596 1044 2648 6
1071 2594 1115 2648 δ’
1145 2596 1234 2667 ἄρ’
1265 2594 1498 2666 ἄλκιμός
1534 2597 1652 2651 ἐστι
1681 2598 1775 2651 καὶ
1813 2590 1923 2663 οἷος

476 2690 686 2752 Πάσαις
715 2689 955 2742 ἀντιέναι
986 2687 1292 2758 δυσμενέων
1327 2688 1628 2760 παλάμαις.

535 2799 657 2856 III".
691 2801 819 2855 Ὅτι
849 2801 904 2855 ol
934 2800 1243 2871 ἀσπασμοί
1273 2801 1388 2856 τῶν
1423 2802 1607 2872 ἁγίων
1644 2804 1860 2864 ἔνθεοι.

403 2973 485 3026 Τὰ
499 2973 622 3043 τρία
644 2972 796 3027 ταῦτ’
813 2974 1110 3043 ἀπόφευγε,
1131 2977 1389 3043 γυναῖκα,
1403 2977 1496 3029 καὶ
1510 2977 1735 3046 ἀσπίδα,
1758 2979 1854 3033 καὶ
1870 2977 1975 3034 λίν·

477 3065 588 3137 Τὴν
622 3065 680 3118 δὲ
701 3065 904 3130 πλεῖον,
936 3066 1059 3118 ὅσον
1085 3067 1409 3137 πικρότερον
1437 3068 1500 3120 τὸ
1523 3069 1706 3131 δάκος.

418 3159 690 3223 ’Δτπάζου
718 3159 1014 3230 μοναχούς·
1037 3161 1120 3214 ὅτι
1147 3160 1224 3232 τῷ
1261 3164 1472 3232 συνεχεῖ
1502 3163 1608 3217 τῶν
1637 3163 1833 3236 εὐχῶν,

475 3253 674 3308 Χείλεα
708 3255 803 3307 καὶ
826 3253 1078 3322 γλῶσσαν
1113 3254 1230 3309 θεῖα
1261 3255 1517 3326 φέρουσιν
1546 3256 1708 3326 ἄγαν.

404 3388 524 3443 IIA'.
560 3387 679 3440 Ὅτι
711 3386 860 3458 πρὸς
895 3384 1004 3454 τῆς
1041 3387 1327 3510 άλῧερτίας
1375 3388 1704 3458 ἐπίπληξις
1749 3390 1977 3446 ἀνώλε-

1144 3476 1267 3510 000.

1137 3476 1267 3524 ρος.

405 3567 548 3636 Πρὸς
581 3568 671 3620 τὸν
698 3566 1096 3636 άμαρτήσαντα
1121 3567 1215 3619 καὶ
1246 3567 1549 3637 οἰμώζοντα
1576 3569 1853 3639 κραταιῶς

476 3659 705 3712 Ἔννεπε
741 3659 1025 3728 Βησαρίων
1047 3674 1060 3687 ⁸
1097 3657 1157 3710 Εἰ
1187 3658 1289 3722 ὅτι,
1321 3658 1542 3726 φίλτατέ
1575 3677 1690 3728 μοι,

404 3751 571 3805 Ταῦτ’
599 3750 966 3821 ἐνεθυμήθης,
991 3744 1080 3803 ὧδ’
1111 3751 1322 3815 ἔστενες
1350 3747 1486 3822 ἦτορ
1515 3752 1716 3818 ἀλύων,

475 3840 588 3893 Οὐκ
616 3839 682 3893 ἂν
712 3840 806 3893 νῦν
834 3839 984 3892 ὲδέου
1015 3840 1313 3893 τοσσατίων
1340 3840 1536 3909 ἀχέων.

479 3970 602 4022 IIE'.
638 3970 765 4022 Ὅτι
810 3969 877 4022 τὸ
909 3969 1356 4037 ἁνεκπόρευτον
1400 3969 1904 4039 φιλοπονώτερον.

408 4141 476 4197 Ὦ
513 4146 697 4215 μάκαρ
728 4142 1062 4211 ἀγλαόουμε,
1097 4141 1149 4194 τί
1179 4141 1430 4212 ῥέξομεν,
1463 4141 1580 4194 εἰπὲ
1613 4144 1706 4194 καὶ
1734 4143 1885 4212 ἡμῖν.

480 4237 888 4309 "uallat-“Exuit:
920 4236 1096 4307 ἐρέεις
1122 4253 1135 4302 ;
1162 4235 1296 4304 δῆλα
1325 4235 1436 4288 τάδ’
1463 4234 1653 4304 άχθοσί
1682 4251 1787 4287 σοι.

406 4323 547 4383 Ἧσό
569 4346 656 4399 μοι
686 4329 744 4380 ὲν
776 4327 1019 4397 μεγάρῳ,
1058 4326 1218 4395 μόνον
1247 4319 1354 4395 ἧσο
1377 4343 1392 4356 ·
1423 4325 1484 4378 τὸ
1513 4325 1556 4377 δ’
1586 4323 1778 4395 ἄρκιόν
1813 4323 1929 4376 ἐστι

479 4422 654 4492 Ἔργα
684 4419 1026 4488 διδασκῆσαι,
1050 4418 1115 4488 ἠέ
1142 4435 1225 4480 τις
1257 4418 1559 4489 ὑψαγόρης.

444 4555 588 4620 [ις’.
624 4553 755 4606 ’Ὅτι
789 4549 1117 4620 κεφάλαιον
1143 4550 1434 4620 μοναχοῖς
1474 4551 1540 4604 τὸ
1569 4552 1913 4620 φιλόξενον.

408 4728 640 4781 Λύουσιν
665 4724 890 4796 μοναχοὶ
921 4723 1159 4779 κανόνων
1184 4723 1376 4786 τύπον,
1400 4723 1618 4776 εἷποθεν
1643 4723 1786 4778 ἔλθοι

476 4820 683 4886 Ξεῖνος,
714 4819 806 4872 καί
835 4834 1008 4887 φασι·
1039 4817 1312 4888 Φάρμακα
1335 4816 1507 4870 ταῦτα
1540 4815 1707 4870 πέλει.

409 4913 645 4982 Χριστοῦ
676 4913 732 4966 δὲ
766 4913 937 4979 ξεῖνος
967 4911 1153 4983 φορέει
1182 4912 1350 4965 τύπον
1370 4927 1385 4943 ο
1417 4909 1580 4973 αὐτὸς
1618 4909 1702 4980 ἄρ’
1736 4910 1906 4976 ἐστὶν,

479 5000 551 5055 Ob
577 5002 697 5072 δίχα
730 5005 836 5055 πᾶν
863 5003 1037 5071 ἄλκαρ
1072 5002 1131 5054 οὐ
1159 5000 1338 5055 δύνατ’
1369 4999 1651 5068 ὠφελέειν.

411 5133 532 5187 ΠΖ’.
558 5135 676 5185 ’Ότι
695 5132 789 5186 δεῖ
822 5133 962 5197 τοὺς
995 5133 1324 5197 πίπτοντας
1358 5130 1442 5200 μὴ
1466 5130 1590 5197 τοῖς
1621 5131 1823 5199 κακοῖς
1853 5133 1979 5187 ἐπι-

1077 5204 1304 5270 μένειν.

412 5310 473 5362 ΕΞ
502 5309 682 5372 ἄλλοις
713 5309 1002 5362 ἐκέλευσεν
1034 5310 1062 5361 6
1100 5309 1306 5379 Κύριος
1337 5311 1567 5372 ἑπτάκις
1593 5311 1732 5362 ἑπτὰ

484 5401 594 5454 Καὶ
625 5401 845 5464 δεκάκις
876 5400 1056 5470 άςρίειν
1091 5401 1410 5471 πταίσματα
1437 5401 1543 5455 τῶν
1573 5400 1797 5470 ἑτέρων,

415 5495 528 5548 Οὐκ
555 5493 620 5547 ἂν
655 5495 868 5564 πρῶτος
893 5494 1099 5556 ἐκεῖνος
1124 5493 1301 5564 ἀφῆκε
1332 5493 1469 5546 πλε“·
1507 5495 1648 5550 ὥστε
1696 5493 1770 5564 μὴ
1810 5493 1979 5557 είκοις

493 5585 583 5657 Τῷ
611 5586 746 5657 μετὰ
773 5585 869 5656 τὴν
902 5585 1104 5656 πρᾶξιν
1133 5586 1335 5656 μνῶντί
1364 5603 1422 5640 σε
1453 5587 1559 5644 τῶν
1592 5587 1892 5659 προτέρων.

499 5761 608 5833 (50)
648 5763 853 5818 Pallad.
883 5764 936 5818 in
967 5763 1104 5819 Ilist.
1138 5763 1256 5819 116.

1812 343 2262 412 PARADISUS.

1989 469 2038 526 Α
2138 462 2422 531 Plangeret
2447 460 2733 528 immenso,
2775 460 2856 518 sic
2883 460 3015 518 Asio
3044 459 3163 516 iulit
3191 459 3274 516 ei:

1997 1804 2044 1864 B

3521 339 3628 404 886

2067 553 2122 609 Si
2160 554 2461 609 vicinorum
2489 569 2762 610 mrumnas
2789 570 2916 609 cum
2948 563 3129 609 mente
3152 553 3382 618 volutes,

2140 643 2222 702 Ob
2250 645 2512 700 damnum
2541 645 2721 700 minor
2753 645 2882 700 hinc
2911 645 3094 699 luctus
3123 642 3224 698 erit
3256 639 3558 712 proprium.

2220 754 2456 810 LXXIX.
2515 754 2670 821 Quod
2701 754 2869 808 otium
2906 752 3108 822 peccati
3148 752 3312 821 fomes
3343 750 3437 804 sit.

2069 865 2278 921 Menses
2311 865 2552 936 quinque
2583 862 2700 920 seni
2734 862 2910 919 voluit
2935 861 3061 932 quis
3084 860 3271 916 dicere
3293 856 3574 928 quiddam,

2138 958 2257 1013 Non
2298 957 2400 1013 fuit
2428 967 2482 1012 at
2510 956 2591 1012 las
2622 971 2747 1012 cum
2783 969 3002 1025 semper
3028 959 3226 1024 agente
3255 949 3475 1021 loqui.-

2071 1047 2212 1103 Audi
2241 1062 2327 1103 me
2359 1048 2601 1113 tandem,
2639 1047 2931 1113 exclamat,
2971 1044 3017 1100 si
3051 1042 3181 1114 quid
3216 1041 3317 1096 tibi
3348 1047 3519 1095 restat

2143 1137 2252 1194 Otii
2287 1149 2383 1194 :at
2417 1138 2667 1194 incubuit
2693 1148 2809 1194 tum
2844 1137 3021 1208 magis
3050 1135 3139 1190 ille
3159 1132 3332 1206 operi.

2074 1247 2285 1304 LXXX.
2330 1246 2487 1302 Ratio
2520 1248 2859 1317 dignoscendi
2887 1245 3269 1300 illustrationes
3296 1257 3387 1297 seu
3426 1241 3644 1296 virtutes

2736 1318 2966 1372 divinas.

2073 1427 2130 1482 In
2156 1426 2377 1483 Christo
2406 1426 2516 1480 duo
2552 1427 2857 1489 certabant,
2890 1425 2976 1481 hic
3007 1424 3233 1495 gnavior
3267 1430 3434 1493 atque

2140 1519 2459 1576 Fervidiore
2487 1519 2672 1574 animo
2705 1559 2719 1585 ,
2750 1519 2974 1589 segnior
3011 1517 3148 1572 alter
3173 1525 3316 1573 erat.

2074 1611 2280 1667 Annuit
2314 1611 2439 1665 huic
2464 1611 2700 1680 primum
2756 1610 3041 1664 Dominus.
3062 1609 3212 1665 Cur?
3232 1609 3416 1665 dicito.
3437 1606 3640 1677 Nempe

2148 1703 2287 1758 Pura
2321 1702 2463 1758 Deus
2494 1700 2711 1770 praefert
2737 1702 2903 1756 corda
2928 1699 3256 1758 laboriferis.

2319 1809 2556 1866 LXXXI.
2592 1811 2744 1878 Quod
2772 1809 3016 1864 diabolus
3053 1811 3122 1864 sit
3155 1807 3389 1863 invidus.

2073 1921 2294 1978 Invidus
2317 1931 2404 1978 est
2427 1922 2710 1977 hominum
2738 1921 2922 1992 generi
2951 1929 3035 1976 sat
3062 1919 3305 1975 noxius:
3338 1928 3393 1974 at
3427 1917 3474 1974 si

2143 2011 2254 2069 Nos
2282 2013 2422 2069 duro
2445 2028 2552 2069 non
2577 2022 2659 2069 est
2693 2013 2961 2082 stringere
2985 2013 3148 2068 dente
3181 2010 3334 2067 nefas
3370 2027 3384 2065 :

2072 2103 2331 2170 Quaenam
2363 2103 2467 2159 erit
2498 2103 2551 2158 in
2579 2103 2747 2175 sylvis
2778 2102 2891 2157 fera
2920 2102 3013 2156 leti
3043 2111 3295 2172 exempta
3325 2097 3572 2172 periclo?

2135 2196 2360 2251 Lividus
2399 2196 2528 2251 hinc
2554 2211 2748 2266 expers
2780 2195 2870 2251 ille
2902 2195 3106 2250 laboris
3135 2193 3260 2249 erit.

2286 2299 2546 2354 LXXXII.
2587 2300 2828 2356 Amorem
2860 2317 2892 2356 a
2923 2300 3033 2356 Deo
3073 2301 3188 2356 solo
3214 2299 3414 2356 sedari.
3501 2356 3504 2358 .

2081 2411 2280 2464 Arcum
2318 2411 2681 2476 tenditamor,
2713 2413 2918 2469 celeres
2938 2411 3174 2466 formido
3195 2412 3442 2482 sagittas.

2141 2501 2349 2571 Ecquid
2385 2505 2582 2574 agam?
2615 2503 2674 2559 Si
2705 2521 2826 2573 quae
2863 2503 2972 2558 sint
3004 2503 3098 2558 tibi
3140 2503 3242 2557 tela
3271 2516 3403 2570 cape
3434 2519 3450 2555 :

2079 2589 2215 2646 Dein
2244 2590 2420 2662 fugito
2442 2593 2509 2650 ad
2531 2593 2809 2649 Christum
2837 2611 2851 2648 :
2879 2591 3034 2648 tortis
3055 2591 3190 2648 satis
3207 2591 3296 2646 ille
3322 2601 3646 2661 potensque,

2150 2680 2456 2742 Immensas
2490 2684 2636 2740 vires
2670 2683 2847 2740 hostis
2873 2693 2931 2738 ut
2964 2683 3272 2738 imminuat.

2080 2789 2364 2846 LXXXIII.
2401 2793 2765 2848 Salutationes
2793 2802 3100 2915 zanctorum
3126 2791 3294 2846 divini
3319 2790 3522 2859 aliquid
3555 2788 3650 2842 Ita-

2827 2880 2930 2915 ere.

2827 2880 2930 2917 ere.

2081 2966 2207 3024 “ire
2241 2969 2340 3022 tria
2373 2979 2502 3024 sunt
2530 2967 2786 3040 fugienda
2815 2969 2930 3033 tibi,
2961 2969 3067 3033 leo,
3093 2967 3316 3031 frmina,
3359 2950 3599 3038 serpens,

2153 3058 2376 3128 Hocque
2413 3062 2586 3130 magis
2618 3060 2817 3114 mulier
2843 3074 2954 3130 quo
2977 3061 3152 3131 magis
3183 3060 3272 3115 illa
3303 3059 3454 3115 furit.

2005 3157 2051 3222 ο
2082 3152 2412 3220 Amplexare
2443 3153 2566 3221 pios
2589 3152 2914 3214 monachos.
2952 3155 3046 3221 qui
3075 3167 3218 3220 saepe
3250 3153 3522 3220 precando

2151 3245 2217 3298 Et
2249 3245 2432 3314 lingua
2466 3252 2520 3298 et
2549 3243 2708 3299 labiis
2736 3244 2918 3298 omnia
2951 3253 3139 3300 sancta
3167 3243 3372 3298 ferunt.

2081 3375 2367 3431 LXXXIV.
2421 3373 2842 3447 Increpationem
2877 3386 2998 3432 ante
3045 3387 3316 3446 peccatum
3361 3377 3654 3432 salutarem

2791 3465 2924 3504 ϐεδε.

2079 3558 2214 3612 Cum
2247 3559 2338 3628 qui
2367 3569 2621 3629 peccarat
2645 3561 2861 3630 culpam
2893 3560 3200 3623 damnaret,
3231 3559 3426 3614 acerbe

2151 3647 2220 3704 Se
2253 3651 2622 3716 crucians,sic
2653 3651 2799 3713 hunc
2823 3650 3047 3706 Besario
3079 3647 3190 3720 (50)
3223 3650 3530 3718 increpuit:

2081 3743 2137 3798 Si
2165 3755 2221 3798 tu
2256 3744 2514 3808 luxisses,
2557 3746 2668 3799 haec
2702 3759 2869 3814 pravo
2899 3744 3066 3799 corde
3097 3743 3375 3808 volutans,

2150 3836 2269 3892 Non
2295 3837 2416 3893 istis
2445 3837 2545 3892 tibi
2573 3853 2718 3892 nunc
2751 3837 2989 3893 luctibus
3019 3844 3162 3892 esset
3188 3850 3346 3904 opus.

2081 3963 2340 4019 LXXXV.
2394 3967 2474 4018 Ad
2506 3966 2710 4019 labores
2743 3964 2974 4017 alacrius
3007 3961 3368 4030 suscipiendos
3399 3961 3649 4030 tranquil-

2135 4036 2243 4088 lam
2269 4037 2326 4089 in
2353 4037 2530 4090 eodem
2563 4036 2676 4088 loco
2697 4036 3124 4108 permansionem
3155 4033 3381 4085 multum
3406 4031 3607 4084 valere.

2084 4141 2308 4199 Summe
2331 4145 2411 4200 vir
2441 4154 2602 4214 atque
2633 4145 2789 4199 beate
2822 4145 3001 4206 Pater,
3028 4142 3136 4205 die,
3167 4140 3357 4208 ecquid
3395 4139 3658 4208 agemus?

2153 4233 2307 4291 Tunc
2337 4236 2551 4289 oculata
2578 4250 2740 4305 rogas
2761 4236 2786 4288 ?
2809 4249 2894 4288 res
2924 4233 2976 4286 id
3009 4241 3202 4301 aperta
3240 4232 3416 4285 docet.
3554 4223 3558 4230 ’

2084 4325 2226 4381 Siste
2259 4325 2406 4380 domi
2448 4326 2598 4381 solus
2625 4325 2834 4395 placide
2867 4342 2880 4377 :
2915 4322 3259 4378 manifestius
3291 4321 3459 4384 istud,

2155 4415 2416 4472 Ostendet
2443 4417 2575 4486 quid
2603 4431 2756 4486 agas.
2786 4431 2948 4486 quam
2980 4414 3170 4470 rabula
3197 4412 3515 4481 altiloquus.

2082 4545 2365 4602 LXXXVI.
2409 4547 2842 4616 Hospitalitatem
2885 4547 3211 4616 prwcipuam
3257 4558 3370 4598 esse
3413 4540 3659 4595 virtutem

2674 4621 2726 4672 in
2755 4617 3047 4672 monachis.

2078 4727 2197 4784 Non
2217 4738 2438 4785 servant
2467 4729 2716 4784 monachi
2734 4744 2957 4785 normas
2975 4743 3100 4783 cum
3121 4725 3241 4797 quis
3263 4723 3412 4780 venit
3433 4722 3631 4792 hospes

2153 4823 2332 4892 Atque
2365 4823 2478 4878 haec
2508 4838 2630 4878 esse
2663 4824 2846 4876 lerunt
2883 4822 3116 4876 exitiosa
3145 4819 3272 4876 sibi.

2085 4913 2286 4968 Verum
2321 4915 2518 4983 hospes
2537 4913 2745 4968 Christi
2775 4914 3011 4984 speciem
3034 4913 3192 4983 gerit,
3223 4922 3278 4968 et
3298 4913 3415 4969 sine
3434 4910 3653 4967 Christo

2145 5001 2400 5057 Przesidia
2433 5003 2696 5057 humanos
2732 5003 2877 5056 nulla
2902 5004 3092 5073 juvare
3120 5003 3322 5057 valent.

2076 5130 2387 5187 LXXXVII.
2425 5132 2575 5196 Quod
2601 5150 2700 5186 non
2741 5143 2976 5201 oporteat
3005 5149 3092 5187 eos
3121 5133 3212 5202 qui
3238 5134 3374 5202 lapsi
3415 5139 3558 5198 sunt,
3597 5131 3653 5183 in

2607 5204 2764 5255 malis
2788 5219 3142 5270 perseverare.

2084 5309 2142 5366 Si
2179 5309 2625 5380 Dominusjussit
2655 5318 2860 5380 septem
2893 5321 3115 5380 septena
3145 5310 3446 5380 decemque

2149 5406 2296 5458 Dena
2328 5404 2602 5458 remittere
2633 5403 2697 5456 iis
2729 5403 2822 5472 qui
2849 5403 2989 5457 mala
3025 5403 3399 5472 prmstiterint,

2090 5493 2208 5549 Non
2239 5494 2361 5549 ideo
2392 5494 2486 5548 tibi
2512 5502 2590 5548 tot
2625 5494 2916 5560 comlonat,
2951 5503 3009 5548 ut
3041 5493 3157 5563 ipse
3179 5492 3418 5547 monenti

2166 5585 2242 5644 'I‘e
2268 5587 2441 5658 culpa:
2471 5587 2616 5642 haud
2642 5585 2824 5654 cedas,
2858 5598 2912 5642 et
2949 5587 3162 5642 recidas
3191 5586 3372 5641 toties.
