4044 6576
483 347 588 413 891
1756 350 2076 414 JOANNIS
2108 353 2536 415 GEOMETlLE
3617 357 3725 424 892

489 464 602 521 Sibi
635 465 889 521 traditum
920 465 1296 521 admirabilem
1329 465 1821 532 adolescentulum,

486 562 542 615 In
578 563 788 617 actione
821 563 978 618 sitam
1014 563 1199 618 docuit
1226 570 1419 626 artem,
1453 563 1596 619 haud
1623 581 1840 630 novam,

485 651 740 708 Plausum
785 653 1027 719 ferendo,
1051 655 1320 719 emendat,
1345 664 1520 726 urget,
1549 657 1821 712 admonet.

487 743 716 798 Doctore
745 759 886 814 saepe
916 745 1141 814 gradum
1175 755 1424 801 movente
1449 747 1512 800 ad
1544 748 1768 817 regiam,

484 833 777 889 Pantaleon
804 851 834 889 a
858 845 1010 907 tergo
1034 839 1361 907 sequebatur
1401 839 1531 902 cito,

487 925 653 980 Docto
682 927 941 996 magistro
985 928 1123 984 ﬁdus
1151 930 1409 984 assistens
1435 942 1645 995 comes;

484 1017 640 1082 Quod
674 1033 797 1073 cum
834 1021 1076 1074 viderent
1097 1023 1370 1091 principes
1396 1021 1611 1090 quidem
1647 1019 1770 1086 viri,

485 1109 620 1173 Quis
652 1117 796 1165 esset
828 1113 1145 1180 anquirunt,
1178 1113 1374 1181 quibus
1400 1113 1715 1182 parentibus

485 1203 700 1267 Cretus,
732 1218 924 1272 rogare
949 1206 1187 1273 aggressi
1219 1205 1538 1274 magistrum
1565 1207 1828 1274 puberum
1859 1223 1873 1262 :

486 1293 689 1363 Nempe
722 1295 974 1361 alterum,
999 1297 1083 1350 cui
1112 1304 1220 1350 tam
1253 1306 1478 1352 venusta
1515 1297 1686 1352 forma
1718 1298 1809 1361 sit,

488 1383 676 1438 Facies
705 1392 813 1438 tam
845 1384 1095 1450 honesta,
1120 1396 1304 1442 tantus
1329 1387 1383 1441 in
1419 1390 1569 1443 vultu
1603 1389 1805 1455 decor,‘

487 1472 603 1526 Non
633 1474 876 1529 invenire
907 1485 1214 1546 promptum
1245 1486 1360 1532 erat
1391 1494 1577 1550 regum
1614 1479 1668 1533 in
1695 1480 1884 1534 domo.

559 1563 654 1619 His
687 1565 1076 1638 Euphrosynus
1105 1568 1204 1624 rite
1231 1585 1552 1640 responsum
1580 1571 1760 1627 dedit:

486 1654 585 1710 llic
625 1665 786 1711 natus
816 1666 898 1712 est
926 1657 1222 1730 Eustorgii,
1255 1670 1428 1716 matre
1461 1662 1704 1726 Euboia;

487 1748 618 1813 Quae
644 1756 818 1803 morte
848 1747 994 1802 fatali
1027 1761 1324 1821 perempta,
1351 1752 1464 1820 jam
1495 1753 1741 1807 omnium

486 1837 789 1894 Commune
815 1839 976 1894 solvit
1010 1841 1250 1896 debitum
1284 1842 1618 1896 mortalium.

487 1929 586 1985 Ast
613 1929 778 1996 hunc,
821 1932 1116 2000 peritorum
1148 1934 1456 1987 medentum
1479 1950 1587 2002 quo
1623 1936 1794 1990 libros

485 2019 820 2084 Addisceret,
849 2021 1174 2076 solutionem
1204 2022 1270 2076 ad
1297 2022 1550 2090 cladium,

489 2106 560 2162 Ut
594 2109 902 2178 pertinaces
926 2111 1051 2164 hinc
1085 2111 1298 2167 doleres
1329 2114 1568 2169 ulcerum

485 2201 890 2269 Compesceret,
923 2202 1053 2255 mihi
1085 2204 1426 2259 tradiderunt
1455 2205 1664 2260 sedulo.

561 2290 639 2344 Illi
669 2292 781 2345 haec
813 2291 1054 2346 vicissim
1091 2294 1252 2348 verba
1276 2294 1579 2349 retulerunt
1603 2297 1718 2350 viro
1745 2314 1758 2349 :

491 2382 589 2436 Vir
619 2383 842 2453 optime,
875 2384 1071 2438 almam
1109 2401 1204 2455 per
1242 2387 1472 2441 salutem
1507 2387 1840 2457 principum,

488 2473 783 2529 Formosus
814 2474 925 2536 hic,
956 2485 1119 2544 atque
1151 2475 1348 2532 indolis
1377 2477 1594 2547 juvenis
1627 2478 1826 2546 probae,

488 2561 792 2633 Pcrdiguus
823 2574 927 2630 est,
955 2566 1046 2634 qui
1076 2565 1143 2620 ad
1170 2566 1524 2636 imperantem
1556 2568 1802 2637 prodeat.

560 2665 690 2719 Post
717 2666 803 2719 illa
834 2666 1079 2722 referunt
1105 2668 1420 2738 imperatori
1447 2669 1608 2732 truci,

490 2755 566 2811 De
600 2758 818 2827 juvenis
852 2759 1016 2829 hujus
1046 2761 1198 2814 vultu
1225 2762 1453 2815 honesto
1475 2773 1529 2816 ct
1564 2759 1809 2817 dotibus.

489 2851 636 2920 Ergo
668 2853 874 2908 vocatis
911 2863 1022 2907 tum
1050 2854 1314 2909 ministris
1339 2855 1546 2910 sedulis

488 2940 716 2996 Curavit
744 2951 988 3013 optatum
1022 2943 1125 2998 sibi
1165 2943 1283 2998 dari
1326 2944 1611 3014 puberem,

489 3031 732 3097 Clarum,
768 3035 1028 3088 nitentem
1064 3036 1324 3104 gemmeis
1346 3035 1665 3091 virtutibus.

493 3123 566 3177 Ut
597 3123 731 3177 vidit
758 3123 878 3192 ejus
901 3124 1015 3178 oris
1047 3127 1323 3194 egregium
1360 3127 1551 3192 decus,

494 3211 847 3281 Splendorem
881 3223 936 3268 et
973 3215 1148 3270 oculis
1170 3216 1492 3270 emicantem
1526 3216 1740 3284 lucidis,

492 3304 778 3375 lnstarque
803 3307 1012 3360 vultum
1050 3306 1280 3378 fulguris
1309 3325 1322 3362 ;
1352 3319 1468 3363 tum
1505 3310 1706 3379 gaudio

497 3397 726 3453 Summo
752 3401 1015 3467 superbus
1046 3399 1342 3469 imperator
1373 3401 1577 3466 exsilit,

496 3487 1031 3560 Euphrosynumque
1057 3491 1308 3544 hortatur
1337 3501 1507 3544 artem
1538 3492 1687 3546 illiilli
1718 3507 1873 3549 suam

495 3580 702 3634 Docere
733 3582 906 3636 multo
933 3597 1096 3652 quam
1124 3592 1283 3636 antea
1307 3584 1642 3651 accuratius,

497 3671 565 3726 Et
591 3673 826 3728 maxime
865 3675 1268 3744 compendiaria
1299 3675 1385 3729 via
1421 3695 1434 3729 :

497 3765 633 3817 Cum
665 3773 887 3833 cuperet
918 3763 1046 3818 huic
1067 3765 1253 3835 juveni
1283 3765 1449 3834 probo
1480 3766 1616 3822 bene
1654 3768 1892 3834 consuli,

504 3851 574 3907 Ut
604 3853 740 3908 forte
770 3855 816 3908 si
847 3855 1240 3924 Euphrosynus
1266 3864 1473 3910 exacta:
1498 3871 1665 3912 senex

500 3943 637 3998 Vitae
661 3947 926 4014 peregerit
952 3946 1114 3999 breve
1145 3946 1382 4000 stadium
1418 3963 1552 4013 sum,

501 4036 632 4090 Post
663 4037 782 4101 ejus
813 4035 1022 4090 obitum
1056 4051 1250 4090 rursus
1279 4037 1333 4089 in
1363 4037 1566 4106 palatio

501 4127 604 4183 llic
637 4138 782 4184 esset
814 4144 1005 4183 omnes
1041 4129 1284 4183 allevans
1317 4130 1510 4183 morbo
1542 4131 1718 4200 gravi.

570 4232 640 4284 At
673 4229 996 4285 llertnolaus
1030 4230 1238 4285 vetulus
1269 4231 1484 4284 occulto
1507 4231 1563 4286 in
1602 4233 1724 4289 loco

500 4320 737 4391 Degebat
767 4321 1108 4390 amplexatus
1137 4321 1281 4375 haud
1311 4323 1433 4376 ﬁcte
1457 4322 1648 4388 Deum,

502 4410 600 4464 llic
637 4412 1016 4465 Pantelemoua
1044 4412 1258 4466 intuens
1297 4422 1376 4465 ter
1395 4422 1488 4465 aut
1515 4424 1730 4482 quater,

501 4501 569 4553 Et
596 4501 702 4555 huc
727 4509 779 4554 et
807 4502 933 4554 illuc
969 4502 1319 4554 ventitantem
1356 4501 1499 4555 ultro
1526 4502 1689 4566 citro,

499 4589 664 4644 Juxta
688 4605 868 4644 casam
893 4591 1213 4658 pernicitate
1245 4591 1456 4655 sedula,

502 4681 779 4749 Pergendo
812 4681 1024 4750 publica
1057 4678 1140 4733 via
1170 4680 1416 4750 quotidie

503 4768 777 4840 Vultuque
801 4780 1094 4840 conspecto
1118 4771 1344 4826 decente
1384 4772 1646 4839 maxime,

504 4859 758 4913 Placcnte
787 4875 995 4929 gressu,
1021 4868 1077 4914 et
1102 4875 1198 4914 ore
1225 4860 1380 4914 valde
1411 4862 1638 4926 atl‘abili,

506 4953 572 5005 Et
600 4953 843 5007 moribus
873 4953 1108 5018 blandis,
1141 4953 1486 5024 benignaque
1521 4954 1725 5016 indole,

507 5041 664 5098 llune
689 5056 870 5099 mente
900 5045 1046 5099 videt
1069 5045 1358 5100 electionis
1388 5061 1483 5100 vas
1523 5044 1642 5100 fore
1675 5062 1688 5099 :

508 5132 586 5186 Ae
621 5133 876 5201 puberem
901 5135 1105 5190 veritus
1137 5151 1304 5190 senex
1334 5136 1479 5190 lento
1506 5136 1640 5206 pede

509 5223 769 5277 Adoritur
799 5240 829 5278 a
858 5225 978 5280 loco
1013 5225 1293 5295 improbos
1327 5230 1441 5292 ubi,
1479 5227 1800 5292 lucubratis,

511 5313 748 5382 Lugens.
784 5313 1020 5382 labores,
1048 5325 1102 5370 et
1134 5317 1444 5386 quiescens,
1471 5318 1744 5385 hauserat,

511 5405 573 5459 lu
608 5403 900 5460 solitudine
922 5407 990 5460 ob
1026 5418 1228 5462 metum
1263 5411 1568 5479 gentilium.

516 5494 587 5549 Ut
615 5495 785 5548 movit
815 5496 920 5551 huc
949 5512 1008 5552 se
1030 5499 1247 5568 juvenis
1274 5509 1436 5572 atque
1469 5501 1708 5576 transilit

511 5587 702 5640 Limen
727 5586 945 5654 domus,
976 5590 1120 5647 hunc
1153 5594 1430 5650 osculatus
1456 5594 1673 5650 vetulus
1702 5603 1809 5661 est,

587 5674 846 5734 Formose
876 5679 947 5735 iui
979 5681 1293 5741 adolescens
1326 5699 1444 5752 ave,
1471 5701 1506 5740 ο
1543 5685 1721 5754 proles
1752 5685 1916 5756 proba
1945 5703 1956 5739 :

515 5767 582 5824 Et
618 5776 695 5835 tu,
729 5785 894 5829 senex
925 5776 1245 5842 venerande,
1281 5777 1429 5834 salve
1469 5777 1782 5848 plurimum,

2081 476 2127 531 Α

2083 1832 2126 1890 Β

2259 465 2428 535 Οὗτος
2453 473 2513 524 τὸ
2545 472 2971 543 πανθαύμαστον
2998 471 3244 526 ἐκλαϐὼν
3271 471 3441 544 κτέαρ

2263 562 2374 631 Τὴν
2402 562 2710 640 πρακτικὴν
2741 563 3001 634 μάθησιν,
3030 565 3090 619 οὑ
3122 563 3220 635 τὴν
3247 565 3462 636 ἀρτίαν,

2263 656 2471 724 Κρότον
2495 654 2603 728 [Ion
2634 657 2889 727 κροτῶνῖ,
2931 657 3218 724 διδάσκων,
3262 656 3536 711 συλλαϐὼν
3574 657 3727 712 ἐνου-

2262 740 2338 799 Οὗ
2362 747 2621 812 πολλάκις
2644 747 2964 812 σπεύδοντος
2993 749 3051 802 ὲν
3077 748 3342 818 παλατίῳ,
3481 747 3671 819 “ista,

2277 835 2335 888 '0
2369 835 2715 890 Πανταλείων
2745 837 2804 902 ἐξ
2822 837 3083 890 ὀπισθίων
3106 837 3336 908 τρέχων,

2264 929 2559 982 Συνείπετο
2581 929 2870 999 προῦχοντι
2891 929 2970 1001 τῷ
2998 929 3324 998 διδασκάλῳ.

2267 1021 2442 1092 Ὅπερ
2473 1020 2760 1091 βλέποντες
2783 1023 2831 1074 οἱ
2865 1023 3187 1092 μεγιστᾶνες
3219 1022 3401 1086 πάλιν,

2263 1113 2358 1174 Τίς
2387 1113 2526 1178 ἐστι,
2555 1113 2648 1166 καὶ
2675 1113 2791 1178 πῶς
2819 1114 2955 1178 ἐστι,
2996 1113 3088 1165 καὶ
3118 1112 3258 1175 τίνος
3291 1112 3465 1178 πέλει,

2267 1203 2547 1272 Ἔφθασαν
2578 1205 2750 1257 εἰπεῖν
2779 1205 2886 1259 τῶν
2911 1204 3044 1258 νέων
3070 1203 3387 1275 διδασκάλῳ.

2267 1293 2458 1347 Ἀλλον
2493 1293 2620 1365 γάρ,
2651 1295 2726 1360 ῶς
2752 1294 2944 1360 ἔοικεν,
2978 1295 3319 1366 ὡραῖσμένον

2263 1385 2515 1439 Τοιοῦτον
2539 1387 2916 1458 εὐπρόσωπον,
2951 1387 3132 1457 εὐειδῆ
3167 1387 3307 1452 νέον,

2264 1477 2378 1530 Οὐκ
2408 1472 2476 1546 ἦν
2502 1479 2753 1546 ὲφευρεῖν
2784 1479 2841 1530 ὲν
2867 1477 3051 1547 δόμοις
3077 1477 3414 1548 ἀνακτόρων.

2333 1568 2474 1636 Πρὸς
2508 1565 2600 1630 οὓς
2627 1569 2656 1620 ὁ
2682 1568 3025 1637 Εὐφρόσυνος
3049 1569 3318 1637 εὐστόχως
3357 1568 3492 1638 ἔφη’·

2261 1658 2590 1727 Εὐστοργίου
2623 1661 2752 1722 παῖς
2780 1661 2919 1722 ἐστι,
2955 1659 3162 1729 μητρὸς
3191 1659 3453 1729 Εὐδόληξο

2263 1752 2421 1814 ’Ἦτις
2455 1750 2690 1805 θανοῦσα
2713 1751 2804 1804 τὸν
2835 1751 3198 1820 πεπρωμένον
3231 1751 3396 1821 μόρον

2259 1844 2301 1897 Τ
2305 1843 2332 1895 ὸ
2356 1841 2533 1897 κοινὸν
2565 1840 2769 1906 ἐξέτισε
2793 1842 2888 1897 καὶ
2914 1843 3131 1897 πάντων
3155 1843 3335 1912 χρέος.
3480 1841 3706 1914 [βίϐλων

2275 1936 2364 1997 Ἐς
2417 1934 2566 1987 τόνδε
2589 1932 2699 2004 [ῖσ.
2736 1934 2890 2004 Ἐμοὶ
2917 1933 2998 2005 δὲ]
3026 1932 3215 1986 τοῦτον
3274 1933 3384 1986 τῶν
3417 1934 3729 2003 ἀκεστόρων

2263 2021 2428 2088 Αὖθις
2460 2023 2711 2091 γενέσθαι
2739 2022 2855 2094 [γρ.
2879 2023 3127 2095 ἀνέσθαι]
3151 2025 3416 2093 πημάτων
3448 2024 3728 2094 λυτήριον,

2270 2116 2456 2176 Ὅπως
2489 2113 2770 2176 δυσαλθεῖς
2801 2113 3068 2183 πημάτων
3103 2111 3401 2182 ἀλγηδόνας

2265 2204 2420 2274 Παύῃ
2446 2203 2720 2274 παρέσχον
2756 2204 2812 2271 ἐξ
2843 2203 3060 2272 ἑτοίμου
3095 2201 3411 2272 μανθάνειν.

2337 2297 2398 2349 Oi
2421 2295 2480 2348 δὲ
2511 2296 2645 2366 πρὸς
2671 2296 2834 2348 αὐτὸν
2861 2296 3168 2364 ἀντέφησαν
3189 2294 3416 2348 αὐτίκαλ·

2266 2386 2359 2440 Μά
2387 2386 2495 2439 τῶν
2523 2386 2681 2448 θεῶν,
2710 2387 2972 2456 βέλτιστε,
3000 2387 3099 2455 τὴν
3136 2386 3436 2456 σωτηρίαν,

2278 2479 2338 2532 Ὀ
2361 2478 2728 2550 καλλίμορφος
2758 2471 2910 2542 οὗτος
2942 2479 3224 2549 εὐπρεπὴς
3254 2477 3392 2542 νέος,

2298 2575 2370 2638 Ως
2402 2573 2554 2639 άξιος
2589 2575 2804 2644 μέδοντι
2825 2573 2919 2629 τοῦ
2949 2572 3311 2642 παρεστάναι.

2269 2667 2377 2718 Καὶ
2408 2666 2688 2736 συντόμως
2717 2664 2976 2737 τρανοῦσι
3003 2662 3079 2734 τῷ
3105 2663 3423 2737 κακεργάτῃ

2276 2758 2508 2810 Ἀνακτι
2535 2759 2712 2810 πάντα
2741 2755 2836 2808 τοῦ
2866 2757 2986 2809 νέου
3017 2754 3206 2807 τούτου
3231 2753 3384 2824 πέρι.

2281 2849 2341 2902 '0
2367 2850 2413 2903 δ’
2435 2848 2500 2902 αὖ
2537 2849 2808 2911 καλέσσας
2841 2847 3120 2910 εὐσταλεῖς
3151 2845 3432 2917 ὑπηρέτας

2274 2936 2450 3010 Ἦγεν
2485 2941 2622 3012 πρὸς
2651 2940 2813 2994 αὑτὸν
2838 2940 2927 2992 τὸν
2957 2939 3289 3008 ποθούμενον
3314 2938 3455 3005 νέον,

2272 3032 2594 3101 Λάμποντα,
2623 3029 3005 3102 μαρμαίροντα
3029 3030 3279 3104 λυχνίτου
3308 3029 3486 3098 δίκην.

2278 3115 2354 3177 Οὗ
2384 3124 2476 3176 καὶ
2497 3121 2692 3190 διαυγῆ
2713 3121 2806 3174 τοῦ
2839 3119 3132 3190 προσώπου
3161 3119 3258 3189 τὴν
3277 3119 3425 3172 θέσιν
3453 3117 3562 3190 [ῑσ.
3590 3117 3738 3188 θέαν]

2278 3214 2390 3269 Καὶ
2416 3213 2515 3284 τὴν
2539 3212 2970 3266 ἀποστίλϐουσαν
3006 3212 3069 3264 ὲκ
3097 3211 3205 3265 τῶν
3234 3210 3499 3282 ὀμμάτων

2268 3307 2380 3360 Καὶ
2428 3306 2529 3377 τὴν
2587 3305 3108 3376 ἀπαστράπτουσαν,
3163 3304 3352 3374 ὥσπερ
3399 3302 3510 3374 [ἵσ.
3558 3297 3739 3373 eidem]

2270 3395 2449 3467 Ἠσθη
2480 3398 2598 3450 κατ’
2619 3397 2795 3466 ἄκραν
2818 3396 2846 3448 ό
2875 3395 3081 3466 θρασὺς
3105 3394 3466 3466 στεφηφόρος.
3492 3391 3738 3464 [εὐθέως.

2271 3490 2382 3544 Ka‘t
2406 3491 2504 3559 τὴν
2535 3487 2843 3558 προσοῦσαν
2879 3487 3135 3558 ἀσφαλῶς
3176 3485 3508 3555 Εὑφροσύνῳ

2275 3580 2618 3651 Προῦτρεψιν
2650 3581 2682 3652 ἢ
2711 3581 2816 3651 πρὸ
2844 3579 3027 3649 τοῦγε,
3059 3579 3155 3634 καὶ
3185 3577 3363 3647 πολλῷ
3393 3577 3576 3640 πλέον,

2278 3672 2488 3742 Τέχνην
2508 3673 2782 3725 διδάσκειν
2803 3671 3058 3741 ἐμμελῶς
3082 3670 3418 3740 ὴπειγμένην
3451 3668 3560 3738 [Ion
3590 3667 3737 3719 ἔπει-

2276 3763 2480 3833 Βουλὴν
2508 3763 2617 3834 γάρ
2650 3762 2979 3816 εὐσύνοπτον
3004 3762 3180 3823 ἄλλως
3455 3757 3546 3830 Ῐγέ
3574 3756 3707 3837 μενι.

2283 3857 2350 3908 Εἴ
2375 3871 2492 3918 πως
2524 3857 2552 3908 δ
2579 3854 2922 3924 Εὑφρόσυνος
2949 3856 3007 3907 ὲν
3035 3853 3234 3924 μακρῷ
3258 3851 3434 3923 χρόνῳ

2282 3949 2386 4001 Τὸν
2409 3947 2503 4002 τοῦ
2541 3947 2657 4019 βίου
2686 3948 2900 4001 δίαυλον
2929 3947 3098 4010 ὅντως
3125 3945 3411 4016 ὲκδράμοι,

2286 4039 2483 4092 Κείνου
2519 4039 2776 4101 θανόντος
2803 4038 3041 4108 ἔμπαλιν
3072 4037 3341 4106 παλατίῳ,

2285 4136 2570 4195 ’Ἂπαντας
2591 4131 2916 4185 ἁλθαίνοντα
2951 4129 3140 4184 τοῦτον
3163 4129 3238 4191 ὡς
3268 4130 3405 4196 ἔχοι.

2364 4223 2694 4293 Ἐρμούλαος
2720 4223 2778 4276 δὲ
2803 4220 3048 4288 πρέσϐυς
3069 4221 3130 4272 ὲν
3163 4218 3390 4287 κρυπτῷ
3415 4217 3568 4286 τόπῳ

2301 4318 2476 4387 Ὑπῆν
2507 4317 2722 4384 άληθῶς
2743 4316 2978 4386 Χριστὸν
3009 4313 3475 4386 ὲνστερνισμένος,

2293 4412 2387 4472 Ὃς
2417 4409 2566 4462 τόνδε
2594 4407 2968 4462 Πανταλέοντα
2995 4405 3211 4466 διθάκις
3235 4402 3467 4473 βλέπων,

2298 4502 2506 4554 Ἐκεῖσε
2539 4502 2632 4553 καὶ
2652 4499 2730 4570 τῷ
2753 4499 2932 4568 δεῦρο,
2965 4499 3061 4550 καὶ
3087 4493 3419 4565 περαιτέρω,

2284 4592 2458 4644 Ὅπου
2495 4590 2731 4660 κατῴκει
2753 4589 2851 4659 τὴν
2882 4587 3212 4640 παλίσσυτον
3241 4587 3406 4652 τάχος

2294 4679 2564 4751 Ἀταρπδν
2588 4679 2923 4756 ἐκτρέποντα
2951 4678 3049 4747 τὴν
3075 4675 3371 4745 λεωφόρον.

2292 4773 2465 4844 Ὀρῶν
2497 4773 2554 4826 δὲ
2580 4774 2674 4826 κοιλ⁴
2706 4770 2969 4842 πρόσοψιν
2999 4768 3400 4839 ἠγλαῖσμένην,

2297 4866 2539 4936 Βάδισμα
2567 4864 2818 4936 τερπνὸν,
2843 4863 3252 4936 εὐπροσήγορον
3282 4860 3476 4928 στόμα,

2280 4956 2452 5022 Ἶιθος
2480 4958 2756 5023 ταπεινὸν,
2789 4957 2885 5010 καὶ
2913 4954 3176 5024 γαλήνισν
3209 4953 3439 5024 τρόπον.

2284 5049 2395 5102 Καὶ
2426 5047 2697 5117 πνεύματι
2725 5047 2887 5114 γνοὺς
2921 5046 3114 5107 σκεῦος
3145 5044 3380 5111 ἐκλογῆς
3409 5041 3573 5110 μέγα,

2284 5139 2539 5208 Μάρπτει
2573 5133 2826 5198 δεδοικὼς
2853 5135 3097 5206 πρέσϐυς
3126 5134 3318 5204 ἡσύχῳ
3347 5135 3473 5186 ποδὶ

2285 5229 2482 5283 Καλῶν
2514 5228 2808 5299 κρυφηδὸν,
2839 5226 2967 5280 ἔνθα
2995 5228 3122 5287 τοὺς
3155 5226 3400 5296 μακροὺς
3431 5225 3628 5287 πόνους

2285 5320 2530 5392 Θρηνῶν,
2563 5320 2882 5390 ἀγρυπνῶν,
2912 5319 3135 5389 ἠρεμῶν
3167 5318 3480 5387 ἐκαρτέρει,

2290 5413 2534 5482 Ἕρημον
2572 5411 2652 5473 εἰς
2681 5411 2914 5480 οἴκησιν,
2959 5409 3228 5478 Ἑλλήνων
3253 5409 3424 5479 φόϐῳ.

2285 5503 2389 5555 Τὸν
2412 5503 2507 5556 καὶ
2528 5502 2808 5572 τραπέντα
2837 5503 2930 5556 καὶ
2962 5503 3239 5572 προϐάντα
3263 5497 3362 5570 τὴν
3385 5497 3556 5568 θύραν

2292 5595 2525 5646 Ἔκυσεν
2542 5592 2733 5658 εἰπὼν,
2763 5594 3217 5664 Εύπρεπέστατον
3249 5593 3431 5655 θάλος,

2357 5683 2561 5737 Νεανία
2592 5683 2869 5754 κράτιστε,
2904 5686 3059 5755 χαῖρε
3093 5683 3262 5736 πολλά
3295 5700 3409 5752 μοι.

2290 5777 2523 5844 Καύτὸς,
2560 5776 2772 5848 γεραιὲ,
2812 5781 2988 5848 χαῖρε,
3029 5778 3296 5847 πάντιμον
3324 5776 3484 5845 κάρα,
