  <div class='ocr_page' id='page_1' title='image "/cluster/home/n/w/nwhite01/storage/ocr_20150623/106/hvd.32044051727071/459.png"; bbox 0 0 4044 6596; ppageno 0'>
   <div class='ocr_carea' id='block_1_1' title="bbox 477 370 3713 456">
    <p class='ocr_par' dir='ltr' id='par_1_1' title="bbox 477 370 3713 456">
     <span class='ocr_line' id='line_1_1' title="bbox 477 370 3713 456; baseline -0.005 -4"><span class='ocrx_word' id='word_1_1' title='bbox 477 390 588 456; x_wconf 83' lang='grc'>895</span> <span class='ocrx_word' id='word_1_2' title='bbox 1504 370 1531 419; x_wconf 73' lang='grc' dir='ltr'><strong>θ</strong></span> <span class='ocrx_word' id='word_1_3' title='bbox 1752 381 2073 445; x_wconf 85' lang='lat' dir='ltr'><strong>JOANNIS</strong></span> <span class='ocrx_word' id='word_1_4' title='bbox 2109 376 2542 441; x_wconf 52' lang='lat' dir='ltr'><strong>GEOMETRIE</strong></span> <span class='ocrx_word' id='word_1_5' title='bbox 3610 371 3713 436; x_wconf 77' lang='lat'><strong>896</strong></span> 
     </span>
    </p>
   </div>
   <div class='ocr_carea' id='block_1_2' title="bbox 545 495 1830 563">
    <p class='ocr_par' dir='ltr' id='par_1_2' title="bbox 545 495 1830 563">
     <span class='ocr_line' id='line_1_2' title="bbox 545 495 1830 563; baseline -0.006 -5"><span class='ocrx_word' id='word_1_6' title='bbox 545 502 685 558; x_wconf 84' lang='lat' dir='ltr'><strong>Tum</strong></span> <span class='ocrx_word' id='word_1_7' title='bbox 718 498 1068 557; x_wconf 79' lang='lat' dir='ltr'><strong>Pantelemon</strong></span> <span class='ocrx_word' id='word_1_8' title='bbox 1102 510 1286 553; x_wconf 89' lang='lat' dir='ltr'><strong>rerum</strong></span> <span class='ocrx_word' id='word_1_9' title='bbox 1323 509 1551 551; x_wconf 92' lang='lat' dir='ltr'><strong>acumen</strong></span> <span class='ocrx_word' id='word_1_10' title='bbox 1584 495 1830 563; x_wconf 87' lang='lat' dir='ltr'><strong>audiens,</strong></span> 
     </span>
    </p>
   </div>
   <div class='ocr_carea' id='block_1_3' title="bbox 479 589 1520 661">
    <p class='ocr_par' dir='ltr' id='par_1_3' title="bbox 479 589 1520 661">
     <span class='ocr_line' id='line_1_3' title="bbox 479 589 1520 661; baseline -0.009 -10"><span class='ocrx_word' id='word_1_11' title='bbox 479 597 546 653; x_wconf 85' lang='lat' dir='ltr'><strong>Et</strong></span> <span class='ocrx_word' id='word_1_12' title='bbox 577 596 872 651; x_wconf 73' lang='lat' dir='ltr'><strong>dictionum</strong></span> <span class='ocrx_word' id='word_1_13' title='bbox 909 606 1065 647; x_wconf 92' lang='lat' dir='ltr'><strong>sensa</strong></span> <span class='ocrx_word' id='word_1_14' title='bbox 1104 589 1520 661; x_wconf 78' lang='lat' dir='ltr'><strong>perfectissima,</strong></span> 
     </span>
    </p>
   </div>
   <div class='ocr_carea' id='block_1_4' title="bbox 476 682 1651 753">
    <p class='ocr_par' dir='ltr' id='par_1_4' title="bbox 476 682 1651 753">
     <span class='ocr_line' id='line_1_4' title="bbox 476 682 1651 753; baseline -0.008 -7"><span class='ocrx_word' id='word_1_15' title='bbox 476 690 636 746; x_wconf 83' lang='lat' dir='ltr'><strong>Senis</strong></span> <span class='ocrx_word' id='word_1_16' title='bbox 668 686 884 742; x_wconf 83' lang='lat' dir='ltr'><strong>verendi</strong></span> <span class='ocrx_word' id='word_1_17' title='bbox 909 701 1093 739; x_wconf 89' lang='lat' dir='ltr'><strong>amore</strong></span> <span class='ocrx_word' id='word_1_18' title='bbox 1123 691 1408 753; x_wconf 85' lang='lat' dir='ltr'><strong>correptus</strong></span> <span class='ocrx_word' id='word_1_19' title='bbox 1438 682 1526 752; x_wconf 88' lang='lat' dir='ltr'><strong>pio</strong></span> <span class='ocrx_word' id='word_1_20' title='bbox 1549 690 1651 738; x_wconf 78' lang='lat' dir='ltr'><strong>est.</strong></span> 
     </span>
    </p>
   </div>
   <div class='ocr_carea' id='block_1_5' title="bbox 474 774 1586 847">
    <p class='ocr_par' dir='ltr' id='par_1_5' title="bbox 474 774 1586 847">
     <span class='ocr_line' id='line_1_5' title="bbox 474 774 1586 847; baseline -0.009 -11"><span class='ocrx_word' id='word_1_21' title='bbox 474 784 552 836; x_wconf 84' lang='lat' dir='ltr'><strong>Ac</strong></span> <span class='ocrx_word' id='word_1_22' title='bbox 582 781 747 834; x_wconf 87' lang='lat' dir='ltr'><strong>veluti</strong></span> <span class='ocrx_word' id='word_1_23' title='bbox 775 778 934 833; x_wconf 88' lang='lat' dir='ltr'><strong>tellus</strong></span> <span class='ocrx_word' id='word_1_24' title='bbox 962 787 1086 831; x_wconf 88' lang='lat' dir='ltr'><strong>ante</strong></span> <span class='ocrx_word' id='word_1_25' title='bbox 1112 774 1586 847; x_wconf 62' lang='lat' dir='ltr'><strong>praestantissima,</strong></span> 
     </span>
    </p>
   </div>
   <div class='ocr_carea' id='block_1_6' title="bbox 474 863 1766 938">
    <p class='ocr_par' dir='ltr' id='par_1_6' title="bbox 474 863 1766 938">
     <span class='ocr_line' id='line_1_6' title="bbox 474 863 1766 938; baseline -0.007 -13"><span class='ocrx_word' id='word_1_26' title='bbox 474 871 596 926; x_wconf 80' lang='lat' dir='ltr'><strong>Mox</strong></span> <span class='ocrx_word' id='word_1_27' title='bbox 629 885 815 925; x_wconf 84' lang='lat' dir='ltr'><strong>semen</strong></span> <span class='ocrx_word' id='word_1_28' title='bbox 849 877 1129 938; x_wconf 88' lang='lat' dir='ltr'><strong>acceptum</strong></span> <span class='ocrx_word' id='word_1_29' title='bbox 1157 876 1321 936; x_wconf 89' lang='lat' dir='ltr'><strong>atque</strong></span> <span class='ocrx_word' id='word_1_30' title='bbox 1350 880 1471 919; x_wconf 88' lang='lat' dir='ltr'><strong>rore</strong></span> <span class='ocrx_word' id='word_1_31' title='bbox 1502 863 1766 935; x_wconf 89' lang='lat' dir='ltr'><strong>percitum</strong></span> 
     </span>
    </p>
   </div>
   <div class='ocr_carea' id='block_1_7' title="bbox 472 956 1498 1029">
    <p class='ocr_par' dir='ltr' id='par_1_7' title="bbox 472 956 1498 1029">
     <span class='ocr_line' id='line_1_7' title="bbox 472 956 1498 1029; baseline -0.008 -12"><span class='ocrx_word' id='word_1_32' title='bbox 472 963 667 1018; x_wconf 80' lang='lat' dir='ltr'><strong>Calore</strong></span> <span class='ocrx_word' id='word_1_33' title='bbox 694 961 845 1016; x_wconf 90' lang='lat' dir='ltr'><strong>varie</strong></span> <span class='ocrx_word' id='word_1_34' title='bbox 879 968 1179 1029; x_wconf 87' lang='lat' dir='ltr'><strong>temperato</strong></span> <span class='ocrx_word' id='word_1_35' title='bbox 1212 956 1498 1013; x_wconf 79' lang='lat' dir='ltr'><strong>commode</strong></span> 
     </span>
    </p>
   </div>
   <div class='ocr_carea' id='block_1_8' title="bbox 476 1042 1933 1121">
    <p class='ocr_par' dir='ltr' id='par_1_8' title="bbox 476 1042 1933 1121">
     <span class='ocr_line' id='line_1_8' title="bbox 476 1042 1933 1121; baseline -0.007 -14"><span class='ocrx_word' id='word_1_36' title='bbox 476 1052 732 1118; x_wconf 85' lang='lat' dir='ltr'><strong>Maturat,</strong></span> <span class='ocrx_word' id='word_1_37' title='bbox 766 1060 945 1121; x_wconf 80' lang='lat' dir='ltr'><strong>auget,</strong></span> <span class='ocrx_word' id='word_1_38' title='bbox 983 1050 1220 1105; x_wconf 81' lang='lat' dir='ltr'><strong>fructum</strong></span> <span class='ocrx_word' id='word_1_39' title='bbox 1252 1056 1304 1101; x_wconf 90' lang='lat' dir='ltr'><strong>et</strong></span> <span class='ocrx_word' id='word_1_40' title='bbox 1332 1055 1701 1115; x_wconf 88' lang='lat' dir='ltr'><strong>opportunum</strong></span> <span class='ocrx_word' id='word_1_41' title='bbox 1728 1042 1889 1098; x_wconf 93' lang='lat' dir='ltr'><strong>habet</strong></span> <span class='ocrx_word' id='word_1_42' title='bbox 1919 1060 1933 1097; x_wconf 90' lang='lat'><strong>:</strong></span> 
     </span>
    </p>
   </div>
   <div class='ocr_carea' id='block_1_9' title="bbox 478 1136 1793 1214">
    <p class='ocr_par' dir='ltr' id='par_1_9' title="bbox 478 1136 1793 1214">
     <span class='ocr_line' id='line_1_9' title="bbox 478 1136 1793 1214; baseline -0.008 -15"><span class='ocrx_word' id='word_1_43' title='bbox 478 1144 692 1214; x_wconf 88' lang='lat' dir='ltr'><strong>Spicam</strong></span> <span class='ocrx_word' id='word_1_44' title='bbox 718 1144 809 1198; x_wconf 88' lang='lat' dir='ltr'><strong>ille</strong></span> <span class='ocrx_word' id='word_1_45' title='bbox 840 1142 1023 1212; x_wconf 80' lang='lat' dir='ltr'><strong>granis</strong></span> <span class='ocrx_word' id='word_1_46' title='bbox 1058 1139 1201 1193; x_wconf 88' lang='lat' dir='ltr'><strong>mille</strong></span> <span class='ocrx_word' id='word_1_47' title='bbox 1239 1136 1494 1190; x_wconf 72' lang='lat' dir='ltr'><strong>frumenti</strong></span> <span class='ocrx_word' id='word_1_48' title='bbox 1526 1149 1744 1205; x_wconf 76' lang='lat' dir='ltr'><strong>gravem</strong></span> <span class='ocrx_word' id='word_1_49' title='bbox 1778 1150 1793 1188; x_wconf 90' lang='lat'><strong>:</strong></span> 
     </span>
    </p>
   </div>
   <div class='ocr_carea' id='block_1_10' title="bbox 478 1228 1411 1303">
    <p class='ocr_par' dir='ltr' id='par_1_10' title="bbox 478 1228 1411 1303">
     <span class='ocr_line' id='line_1_10' title="bbox 478 1228 1411 1303; baseline -0.009 -15"><span class='ocrx_word' id='word_1_50' title='bbox 478 1234 732 1303; x_wconf 73' lang='lat' dir='ltr'><strong>Evangeli</strong></span> <span class='ocrx_word' id='word_1_51' title='bbox 768 1234 847 1288; x_wconf 90' lang='lat' dir='ltr'><strong>sic</strong></span> <span class='ocrx_word' id='word_1_52' title='bbox 880 1229 1212 1301; x_wconf 63' lang='lat' dir='ltr'><strong>paenitentiae</strong></span> <span class='ocrx_word' id='word_1_53' title='bbox 1247 1228 1411 1290; x_wconf 86' lang='lat' dir='ltr'><strong>bono,</strong></span> 
     </span>
    </p>
   </div>
   <div class='ocr_carea' id='block_1_11' title="bbox 475 1315 1538 1381">
    <p class='ocr_par' dir='ltr' id='par_1_11' title="bbox 475 1315 1538 1381">
     <span class='ocr_line' id='line_1_11' title="bbox 475 1315 1538 1381; baseline -0.012 0"><span class='ocrx_word' id='word_1_54' title='bbox 475 1322 667 1381; x_wconf 90' lang='lat' dir='ltr'><strong>Omnis</strong></span> <span class='ocrx_word' id='word_1_55' title='bbox 689 1330 841 1379; x_wconf 86' lang='lat' dir='ltr'><strong>satus</strong></span> <span class='ocrx_word' id='word_1_56' title='bbox 865 1320 1251 1375; x_wconf 81' lang='lat' dir='ltr'><strong>miraculorum</strong></span> <span class='ocrx_word' id='word_1_57' title='bbox 1283 1315 1538 1373; x_wconf 84' lang='lat' dir='ltr'><strong>examina</strong></span> 
     </span>
    </p>
   </div>
   <div class='ocr_carea' id='block_1_12' title="bbox 474 1488 1828 1567">
    <p class='ocr_par' dir='ltr' id='par_1_12' title="bbox 474 1488 1828 1567">
     <span class='ocr_line' id='line_1_12' title="bbox 474 1488 1828 1567; baseline -0.01 -12"><span class='ocrx_word' id='word_1_58' title='bbox 474 1498 533 1555; x_wconf 84' lang='lat' dir='ltr'><strong>In</strong></span> <span class='ocrx_word' id='word_1_59' title='bbox 568 1500 917 1555; x_wconf 89' lang='lat' dir='ltr'><strong>commodum</strong></span> <span class='ocrx_word' id='word_1_60' title='bbox 952 1512 1208 1567; x_wconf 83' lang='lat' dir='ltr'><strong>magnum</strong></span> <span class='ocrx_word' id='word_1_61' title='bbox 1242 1493 1487 1549; x_wconf 88' lang='lat' dir='ltr'><strong>omnium</strong></span> <span class='ocrx_word' id='word_1_62' title='bbox 1519 1488 1828 1545; x_wconf 75' lang='lat' dir='ltr'><strong>mortalium</strong></span> 
     </span>
    </p>
   </div>
   <div class='ocr_carea' id='block_1_13' title="bbox 475 1584 1760 1661">
    <p class='ocr_par' dir='ltr' id='par_1_13' title="bbox 475 1584 1760 1661">
     <span class='ocr_line' id='line_1_13' title="bbox 475 1584 1760 1661; baseline -0.009 -13"><span class='ocrx_word' id='word_1_63' title='bbox 475 1593 758 1659; x_wconf 74' lang='lat' dir='ltr'><strong>Produxit,</strong></span> <span class='ocrx_word' id='word_1_64' title='bbox 790 1601 954 1661; x_wconf 91' lang='lat' dir='ltr'><strong>atque</strong></span> <span class='ocrx_word' id='word_1_65' title='bbox 983 1591 1157 1653; x_wconf 85' lang='lat' dir='ltr'><strong>auxit,</strong></span> <span class='ocrx_word' id='word_1_66' title='bbox 1186 1589 1482 1655; x_wconf 88' lang='lat' dir='ltr'><strong>laboreque</strong></span> <span class='ocrx_word' id='word_1_67' title='bbox 1518 1584 1711 1639; x_wconf 72' lang='lat' dir='ltr'><strong>extulit</strong></span> <span class='ocrx_word' id='word_1_68' title='bbox 1747 1600 1760 1636; x_wconf 91' lang='lat'><strong>:</strong></span> 
     </span>
    </p>
   </div>
   <div class='ocr_carea' id='block_1_14' title="bbox 476 1681 1567 1741">
    <p class='ocr_par' dir='ltr' id='par_1_14' title="bbox 476 1681 1567 1741">
     <span class='ocr_line' id='line_1_14' title="bbox 476 1681 1567 1741; baseline -0.008 -4"><span class='ocrx_word' id='word_1_69' title='bbox 476 1683 702 1739; x_wconf 82' lang='lat' dir='ltr'><strong>Messem</strong></span> <span class='ocrx_word' id='word_1_70' title='bbox 730 1681 931 1737; x_wconf 88' lang='lat' dir='ltr'><strong>volenti</strong></span> <span class='ocrx_word' id='word_1_71' title='bbox 966 1681 1239 1736; x_wconf 77' lang='lat' dir='ltr'><strong>collocatis</strong></span> <span class='ocrx_word' id='word_1_72' title='bbox 1270 1690 1567 1741; x_wconf 82' lang='lat' dir='ltr'><strong>assumere,</strong></span> 
     </span>
    </p>
   </div>
   <div class='ocr_carea' id='block_1_15' title="bbox 476 1763 1754 1843">
    <p class='ocr_par' dir='ltr' id='par_1_15' title="bbox 476 1763 1754 1843">
     <span class='ocr_line' id='line_1_15' title="bbox 476 1763 1754 1843; baseline -0.01 -15"><span class='ocrx_word' id='word_1_73' title='bbox 476 1772 783 1843; x_wconf 84' lang='lat' dir='ltr'><strong>Optabilem</strong></span> <span class='ocrx_word' id='word_1_74' title='bbox 811 1772 955 1826; x_wconf 83' lang='lat' dir='ltr'><strong>haud</strong></span> <span class='ocrx_word' id='word_1_75' title='bbox 984 1770 1250 1832; x_wconf 85' lang='lat' dir='ltr'><strong>venalem,</strong></span> <span class='ocrx_word' id='word_1_76' title='bbox 1280 1775 1334 1822; x_wconf 88' lang='lat' dir='ltr'><strong>et</strong></span> <span class='ocrx_word' id='word_1_77' title='bbox 1357 1773 1585 1836; x_wconf 76' lang='lat' dir='ltr'><strong>argento</strong></span> <span class='ocrx_word' id='word_1_78' title='bbox 1616 1763 1754 1818; x_wconf 87' lang='lat' dir='ltr'><strong>sine.</strong></span> 
     </span>
    </p>
   </div>
   <div class='ocr_carea' id='block_1_16' title="bbox 475 1855 1625 1926">
    <p class='ocr_par' dir='ltr' id='par_1_16' title="bbox 475 1855 1625 1926">
     <span class='ocr_line' id='line_1_16' title="bbox 475 1855 1625 1926; baseline -0.01 -6"><span class='ocrx_word' id='word_1_79' title='bbox 475 1864 790 1920; x_wconf 80' lang='lat' dir='ltr'><strong>Prostratus</strong></span> <span class='ocrx_word' id='word_1_80' title='bbox 813 1862 937 1917; x_wconf 89' lang='lat' dir='ltr'><strong>inde</strong></span> <span class='ocrx_word' id='word_1_81' title='bbox 969 1869 1148 1916; x_wconf 88' lang='lat' dir='ltr'><strong>mente</strong></span> <span class='ocrx_word' id='word_1_82' title='bbox 1174 1867 1332 1915; x_wconf 82' lang='lat' dir='ltr'><strong>cauta</strong></span> <span class='ocrx_word' id='word_1_83' title='bbox 1358 1855 1625 1926; x_wconf 88' lang='lat' dir='ltr'><strong>supplicat</strong></span> 
     </span>
    </p>
   </div>
   <div class='ocr_carea' id='block_1_17' title="bbox 473 1945 1583 2022">
    <p class='ocr_par' dir='ltr' id='par_1_17' title="bbox 473 1945 1583 2022">
     <span class='ocr_line' id='line_1_17' title="bbox 473 1945 1583 2022; baseline -0.01 -12"><span class='ocrx_word' id='word_1_84' title='bbox 473 1954 688 2010; x_wconf 89' lang='lat' dir='ltr'><strong>Pronus</strong></span> <span class='ocrx_word' id='word_1_85' title='bbox 714 1954 829 2010; x_wconf 92' lang='lat' dir='ltr'><strong>seni</strong></span> <span class='ocrx_word' id='word_1_86' title='bbox 858 1952 1064 2022; x_wconf 89' lang='lat' dir='ltr'><strong>optimo</strong></span> <span class='ocrx_word' id='word_1_87' title='bbox 1098 1969 1112 2005; x_wconf 90' lang='lat'><strong>:</strong></span> <span class='ocrx_word' id='word_1_88' title='bbox 1144 1947 1413 2005; x_wconf 81' lang='lat' dir='ltr'><strong>Renuntia</strong></span> <span class='ocrx_word' id='word_1_89' title='bbox 1450 1945 1583 2000; x_wconf 88' lang='lat' dir='ltr'><strong>mihi</strong></span> 
     </span>
    </p>
   </div>
   <div class='ocr_carea' id='block_1_18' title="bbox 474 2033 1765 2113">
    <p class='ocr_par' dir='ltr' id='par_1_18' title="bbox 474 2033 1765 2113">
     <span class='ocr_line' id='line_1_18' title="bbox 474 2033 1765 2113; baseline -0.009 -11"><span class='ocrx_word' id='word_1_90' title='bbox 474 2046 724 2113; x_wconf 88' lang='lat' dir='ltr'><strong>Quonam</strong></span> <span class='ocrx_word' id='word_1_91' title='bbox 752 2046 914 2099; x_wconf 92' lang='lat' dir='ltr'><strong>modo</strong></span> <span class='ocrx_word' id='word_1_92' title='bbox 945 2058 1157 2113; x_wconf 85' lang='lat' dir='ltr'><strong>possem</strong></span> <span class='ocrx_word' id='word_1_93' title='bbox 1195 2039 1393 2095; x_wconf 89' lang='lat' dir='ltr'><strong>intueri</strong></span> <span class='ocrx_word' id='word_1_94' title='bbox 1425 2037 1596 2093; x_wconf 92' lang='lat' dir='ltr'><strong>oculis</strong></span> <span class='ocrx_word' id='word_1_95' title='bbox 1628 2033 1765 2090; x_wconf 88' lang='lat' dir='ltr'><strong>meis</strong></span> 
     </span>
    </p>
   </div>
   <div class='ocr_carea' id='block_1_19' title="bbox 473 2126 1758 2204">
    <p class='ocr_par' dir='ltr' id='par_1_19' title="bbox 473 2126 1758 2204">
     <span class='ocr_line' id='line_1_19' title="bbox 473 2126 1758 2204; baseline -0.008 -12"><span class='ocrx_word' id='word_1_96' title='bbox 473 2137 654 2192; x_wconf 83' lang='lat' dir='ltr'><strong>Animi</strong></span> <span class='ocrx_word' id='word_1_97' title='bbox 680 2135 1006 2200; x_wconf 90' lang='lat' dir='ltr'><strong>medentem,</strong></span> <span class='ocrx_word' id='word_1_98' title='bbox 1038 2148 1197 2204; x_wconf 89' lang='lat' dir='ltr'><strong>quem</strong></span> <span class='ocrx_word' id='word_1_99' title='bbox 1228 2145 1391 2186; x_wconf 90' lang='lat' dir='ltr'><strong>vocas</strong></span> <span class='ocrx_word' id='word_1_100' title='bbox 1413 2139 1467 2184; x_wconf 92' lang='lat' dir='ltr'><strong>et</strong></span> <span class='ocrx_word' id='word_1_101' title='bbox 1490 2126 1758 2197; x_wconf 87' lang='lat' dir='ltr'><strong>corporis.</strong></span> 
     </span>
    </p>
   </div>
   <div class='ocr_carea' id='block_1_20' title="bbox 472 2226 1718 2295">
    <p class='ocr_par' dir='ltr' id='par_1_20' title="bbox 472 2226 1718 2295">
     <span class='ocr_line' id='line_1_20' title="bbox 472 2226 1718 2295; baseline -0.008 -13"><span class='ocrx_word' id='word_1_102' title='bbox 472 2227 524 2284; x_wconf 86' lang='lat' dir='ltr'><strong>ls</strong></span> <span class='ocrx_word' id='word_1_103' title='bbox 546 2238 649 2294; x_wconf 88' lang='lat' dir='ltr'><strong>est,</strong></span> <span class='ocrx_word' id='word_1_104' title='bbox 674 2236 819 2282; x_wconf 92' lang='lat' dir='ltr'><strong>tuam</strong></span> <span class='ocrx_word' id='word_1_105' title='bbox 850 2226 1088 2281; x_wconf 90' lang='lat' dir='ltr'><strong>coluisse</strong></span> <span class='ocrx_word' id='word_1_106' title='bbox 1114 2238 1275 2295; x_wconf 87' lang='lat' dir='ltr'><strong>quem</strong></span> <span class='ocrx_word' id='word_1_107' title='bbox 1305 2231 1534 2277; x_wconf 89' lang='lat' dir='ltr'><strong>matrem</strong></span> <span class='ocrx_word' id='word_1_108' title='bbox 1561 2227 1718 2274; x_wconf 84' lang='lat' dir='ltr'><strong>antea</strong></span> 
     </span>
    </p>
   </div>
   <div class='ocr_carea' id='block_1_21' title="bbox 474 2312 1509 2384">
    <p class='ocr_par' dir='ltr' id='par_1_21' title="bbox 474 2312 1509 2384">
     <span class='ocr_line' id='line_1_21' title="bbox 474 2312 1509 2384; baseline -0.008 -11"><span class='ocrx_word' id='word_1_109' title='bbox 474 2318 618 2374; x_wconf 82' lang='lat' dir='ltr'><strong>Dixti</strong></span> <span class='ocrx_word' id='word_1_110' title='bbox 646 2337 661 2373; x_wconf 90' lang='lat'><strong>:</strong></span> <span class='ocrx_word' id='word_1_111' title='bbox 701 2318 913 2375; x_wconf 89' lang='lat' dir='ltr'><strong>solutus</strong></span> <span class='ocrx_word' id='word_1_112' title='bbox 942 2318 1235 2381; x_wconf 88' lang='lat' dir='ltr'><strong>omnibus;</strong></span> <span class='ocrx_word' id='word_1_113' title='bbox 1267 2312 1509 2384; x_wconf 92' lang='lat' dir='ltr'><strong>potentia</strong></span> 
     </span>
    </p>
   </div>
   <div class='ocr_carea' id='block_1_22' title="bbox 476 2400 1651 2468">
    <p class='ocr_par' dir='ltr' id='par_1_22' title="bbox 476 2400 1651 2468">
     <span class='ocr_line' id='line_1_22' title="bbox 476 2400 1651 2468; baseline -0.009 -3"><span class='ocrx_word' id='word_1_114' title='bbox 476 2408 702 2465; x_wconf 80' lang='lat' dir='ltr'><strong>Summa</strong></span> <span class='ocrx_word' id='word_1_115' title='bbox 736 2410 984 2463; x_wconf 86' lang='lat' dir='ltr'><strong>invocata</strong></span> <span class='ocrx_word' id='word_1_116' title='bbox 1006 2406 1256 2463; x_wconf 85' lang='lat' dir='ltr'><strong>Numinis</strong></span> <span class='ocrx_word' id='word_1_117' title='bbox 1289 2415 1369 2460; x_wconf 92' lang='lat' dir='ltr'><strong>ter</strong></span> <span class='ocrx_word' id='word_1_118' title='bbox 1404 2400 1651 2468; x_wconf 80' lang='lat' dir='ltr'><strong>maximi,</strong></span> 
     </span>
    </p>
   </div>
   <div class='ocr_carea' id='block_1_23' title="bbox 474 2497 1714 2569">
    <p class='ocr_par' dir='ltr' id='par_1_23' title="bbox 474 2497 1714 2569">
     <span class='ocr_line' id='line_1_23' title="bbox 474 2497 1714 2569; baseline -0.008 -12"><span class='ocrx_word' id='word_1_119' title='bbox 474 2498 662 2557; x_wconf 87' lang='lat' dir='ltr'><strong>Undas</strong></span> <span class='ocrx_word' id='word_1_120' title='bbox 688 2499 885 2555; x_wconf 85' lang='lat' dir='ltr'><strong>lavacri</strong></span> <span class='ocrx_word' id='word_1_121' title='bbox 914 2499 1132 2569; x_wconf 87' lang='lat' dir='ltr'><strong>augusti</strong></span> <span class='ocrx_word' id='word_1_122' title='bbox 1164 2498 1231 2553; x_wconf 94' lang='lat' dir='ltr'><strong>ad</strong></span> <span class='ocrx_word' id='word_1_123' title='bbox 1266 2497 1528 2551; x_wconf 82' lang='lat' dir='ltr'><strong>auxilium</strong></span> <span class='ocrx_word' id='word_1_124' title='bbox 1563 2507 1714 2562; x_wconf 87' lang='lat' dir='ltr'><strong>cape,</strong></span> 
     </span>
    </p>
   </div>
   <div class='ocr_carea' id='block_1_24' title="bbox 476 2587 1667 2661">
    <p class='ocr_par' dir='ltr' id='par_1_24' title="bbox 476 2587 1667 2661">
     <span class='ocr_line' id='line_1_24' title="bbox 476 2587 1667 2661; baseline -0.004 -15"><span class='ocrx_word' id='word_1_125' title='bbox 476 2590 772 2661; x_wconf 87' lang='lat' dir='ltr'><strong>Fidemque</strong></span> <span class='ocrx_word' id='word_1_126' title='bbox 800 2591 911 2645; x_wconf 82' lang='lat' dir='ltr'><strong>falli</strong></span> <span class='ocrx_word' id='word_1_127' title='bbox 937 2591 1175 2647; x_wconf 85' lang='lat' dir='ltr'><strong>nesciam</strong></span> <span class='ocrx_word' id='word_1_128' title='bbox 1210 2589 1276 2644; x_wconf 87' lang='lat' dir='ltr'><strong>ad</strong></span> <span class='ocrx_word' id='word_1_129' title='bbox 1311 2587 1616 2645; x_wconf 87' lang='lat' dir='ltr'><strong>custodiam</strong></span> <span class='ocrx_word' id='word_1_130' title='bbox 1649 2601 1667 2641; x_wconf 73' lang='grc' dir='ltr'><strong>ι</strong></span> 
     </span>
    </p>
   </div>
   <div class='ocr_carea' id='block_1_25' title="bbox 476 2679 1661 2738">
    <p class='ocr_par' dir='ltr' id='par_1_25' title="bbox 476 2679 1661 2738">
     <span class='ocr_line' id='line_1_25' title="bbox 476 2679 1661 2738; baseline -0.003 -1"><span class='ocrx_word' id='word_1_131' title='bbox 476 2683 542 2737; x_wconf 85' lang='grc' dir='ltr'><strong>Ει</strong></span> <span class='ocrx_word' id='word_1_132' title='bbox 573 2692 769 2738; x_wconf 90' lang='lat' dir='ltr'><strong>cuncta</strong></span> <span class='ocrx_word' id='word_1_133' title='bbox 798 2682 964 2737; x_wconf 81' lang='lat' dir='ltr'><strong>facies</strong></span> <span class='ocrx_word' id='word_1_134' title='bbox 995 2683 1115 2737; x_wconf 89' lang='lat' dir='ltr'><strong>sine</strong></span> <span class='ocrx_word' id='word_1_135' title='bbox 1141 2682 1326 2736; x_wconf 91' lang='lat' dir='ltr'><strong>labore</strong></span> <span class='ocrx_word' id='word_1_136' title='bbox 1355 2679 1661 2736; x_wconf 86' lang='lat' dir='ltr'><strong>commode.</strong></span> 
     </span>
    </p>
   </div>
   <div class='ocr_carea' id='block_1_26' title="bbox 543 2772 1687 2837">
    <p class='ocr_par' dir='ltr' id='par_1_26' title="bbox 543 2772 1687 2837">
     <span class='ocr_line' id='line_1_26' title="bbox 543 2772 1687 2837; baseline 0 -10"><span class='ocrx_word' id='word_1_137' title='bbox 543 2772 759 2830; x_wconf 89' lang='lat' dir='ltr'><strong>Pudore</strong></span> <span class='ocrx_word' id='word_1_138' title='bbox 785 2784 965 2829; x_wconf 89' lang='lat' dir='ltr'><strong>motus</strong></span> <span class='ocrx_word' id='word_1_139' title='bbox 993 2774 1117 2829; x_wconf 88' lang='lat' dir='ltr'><strong>hinc</strong></span> <span class='ocrx_word' id='word_1_140' title='bbox 1149 2788 1247 2829; x_wconf 90' lang='lat' dir='ltr'><strong>nec</strong></span> <span class='ocrx_word' id='word_1_141' title='bbox 1273 2785 1554 2829; x_wconf 85' lang='lat' dir='ltr'><strong>aversatus</strong></span> <span class='ocrx_word' id='word_1_142' title='bbox 1584 2782 1687 2837; x_wconf 91' lang='lat' dir='ltr'><strong>est,</strong></span> 
     </span>
    </p>
   </div>
   <div class='ocr_carea' id='block_1_27' title="bbox 476 2862 1827 2936">
    <p class='ocr_par' dir='ltr' id='par_1_27' title="bbox 476 2862 1827 2936">
     <span class='ocr_line' id='line_1_27' title="bbox 476 2862 1827 2936; baseline -0.001 -17"><span class='ocrx_word' id='word_1_143' title='bbox 476 2865 618 2930; x_wconf 84' lang='lat' dir='ltr'><strong>Quin</strong></span> <span class='ocrx_word' id='word_1_144' title='bbox 651 2874 845 2935; x_wconf 91' lang='lat' dir='ltr'><strong>sponte</strong></span> <span class='ocrx_word' id='word_1_145' title='bbox 868 2865 1030 2920; x_wconf 87' lang='lat' dir='ltr'><strong>celeri</strong></span> <span class='ocrx_word' id='word_1_146' title='bbox 1068 2864 1240 2919; x_wconf 89' lang='lat' dir='ltr'><strong>tendit</strong></span> <span class='ocrx_word' id='word_1_147' title='bbox 1270 2866 1335 2919; x_wconf 90' lang='lat' dir='ltr'><strong>ad</strong></span> <span class='ocrx_word' id='word_1_148' title='bbox 1358 2866 1608 2921; x_wconf 88' lang='lat' dir='ltr'><strong>eumdem</strong></span> <span class='ocrx_word' id='word_1_149' title='bbox 1634 2862 1827 2936; x_wconf 81' lang='lat' dir='ltr'><strong>gradu,</strong></span> 
     </span>
    </p>
   </div>
   <div class='ocr_carea' id='block_1_28' title="bbox 472 2955 1491 3033">
    <p class='ocr_par' dir='ltr' id='par_1_28' title="bbox 472 2955 1491 3033">
     <span class='ocr_line' id='line_1_28' title="bbox 472 2955 1491 3033; baseline 0 -22"><span class='ocrx_word' id='word_1_150' title='bbox 472 2955 540 3011; x_wconf 86' lang='lat' dir='ltr'><strong>Et</strong></span> <span class='ocrx_word' id='word_1_151' title='bbox 566 2957 763 3025; x_wconf 78' lang='lat' dir='ltr'><strong>gaudio</strong></span> <span class='ocrx_word' id='word_1_152' title='bbox 786 2956 1009 3011; x_wconf 86' lang='lat' dir='ltr'><strong>all‘ectus</strong></span> <span class='ocrx_word' id='word_1_153' title='bbox 1034 2957 1224 3033; x_wconf 79' lang='lat' dir='ltr'><strong>diebus</strong></span> <span class='ocrx_word' id='word_1_154' title='bbox 1260 2957 1491 3026; x_wconf 78' lang='lat' dir='ltr'><strong>singulis</strong></span> 
     </span>
    </p>
   </div>
   <div class='ocr_carea' id='block_1_29' title="bbox 473 3046 1582 3118">
    <p class='ocr_par' dir='ltr' id='par_1_29' title="bbox 473 3046 1582 3118">
     <span class='ocr_line' id='line_1_29' title="bbox 473 3046 1582 3118; baseline 0.002 -18"><span class='ocrx_word' id='word_1_155' title='bbox 473 3046 867 3101; x_wconf 89' lang='lat' dir='ltr'><strong>Domunculam</strong></span> <span class='ocrx_word' id='word_1_156' title='bbox 902 3046 974 3117; x_wconf 91' lang='lat' dir='ltr'><strong>pii</strong></span> <span class='ocrx_word' id='word_1_157' title='bbox 1007 3046 1387 3118; x_wconf 78' lang='lat' dir='ltr'><strong>frequentabat</strong></span> <span class='ocrx_word' id='word_1_158' title='bbox 1412 3046 1582 3102; x_wconf 89' lang='lat' dir='ltr'><strong>senis.</strong></span> 
     </span>
    </p>
   </div>
   <div class='ocr_carea' id='block_1_30' title="bbox 471 3135 1687 3207">
    <p class='ocr_par' dir='ltr' id='par_1_30' title="bbox 471 3135 1687 3207">
     <span class='ocr_line' id='line_1_30' title="bbox 471 3135 1687 3207; baseline 0 -16"><span class='ocrx_word' id='word_1_159' title='bbox 471 3135 606 3191; x_wconf 84' lang='lat' dir='ltr'><strong>Nam</strong></span> <span class='ocrx_word' id='word_1_160' title='bbox 631 3137 979 3192; x_wconf 89' lang='lat' dir='ltr'><strong>Pantelemon</strong></span> <span class='ocrx_word' id='word_1_161' title='bbox 1016 3153 1125 3194; x_wconf 90' lang='lat' dir='ltr'><strong>non</strong></span> <span class='ocrx_word' id='word_1_162' title='bbox 1152 3138 1237 3194; x_wconf 83' lang='lat' dir='ltr'><strong>sui</strong></span> <span class='ocrx_word' id='word_1_163' title='bbox 1272 3139 1491 3195; x_wconf 92' lang='lat' dir='ltr'><strong>domum</strong></span> <span class='ocrx_word' id='word_1_164' title='bbox 1518 3136 1687 3207; x_wconf 87' lang='lat' dir='ltr'><strong>patris</strong></span> 
     </span>
    </p>
   </div>
   <div class='ocr_carea' id='block_1_31' title="bbox 471 3228 1784 3301">
    <p class='ocr_par' dir='ltr' id='par_1_31' title="bbox 471 3228 1784 3301">
     <span class='ocr_line' id='line_1_31' title="bbox 471 3228 1784 3301; baseline 0.001 -17"><span class='ocrx_word' id='word_1_165' title='bbox 471 3228 876 3300; x_wconf 69' lang='lat' dir='ltr'><strong>Perelegantem</strong></span> <span class='ocrx_word' id='word_1_166' title='bbox 912 3246 1150 3301; x_wconf 86' lang='lat' dir='ltr'><strong>unquam</strong></span> <span class='ocrx_word' id='word_1_167' title='bbox 1183 3247 1435 3291; x_wconf 82' lang='lat' dir='ltr'><strong>reversus</strong></span> <span class='ocrx_word' id='word_1_168' title='bbox 1461 3240 1649 3301; x_wconf 87' lang='lat' dir='ltr'><strong>postea</strong></span> <span class='ocrx_word' id='word_1_169' title='bbox 1679 3240 1784 3294; x_wconf 88' lang='lat' dir='ltr'><strong>est,</strong></span> 
     </span>
    </p>
   </div>
   <div class='ocr_carea' id='block_1_32' title="bbox 472 3322 1684 3394">
    <p class='ocr_par' dir='ltr' id='par_1_32' title="bbox 472 3322 1684 3394">
     <span class='ocr_line' id='line_1_32' title="bbox 472 3322 1684 3394; baseline -0.004 -14"><span class='ocrx_word' id='word_1_170' title='bbox 472 3322 746 3381; x_wconf 79' lang='lat' dir='ltr'><strong>Remeans</strong></span> <span class='ocrx_word' id='word_1_171' title='bbox 777 3324 1001 3394; x_wconf 74' lang='lat' dir='ltr'><strong>gradum</strong></span> <span class='ocrx_word' id='word_1_172' title='bbox 1036 3324 1279 3379; x_wconf 86' lang='lat' dir='ltr'><strong>doctoris</strong></span> <span class='ocrx_word' id='word_1_173' title='bbox 1306 3340 1336 3380; x_wconf 91' lang='lat' dir='ltr'><strong>e</strong></span> <span class='ocrx_word' id='word_1_174' title='bbox 1359 3324 1545 3379; x_wconf 85' lang='lat' dir='ltr'><strong>schola</strong></span> <span class='ocrx_word' id='word_1_175' title='bbox 1575 3322 1684 3387; x_wconf 83' lang='lat' dir='ltr'><strong>sui,</strong></span> 
     </span>
    </p>
   </div>
   <div class='ocr_carea' id='block_1_33' title="bbox 473 3413 1818 3489">
    <p class='ocr_par' dir='ltr' id='par_1_33' title="bbox 473 3413 1818 3489">
     <span class='ocr_line' id='line_1_33' title="bbox 473 3413 1818 3489; baseline 0.001 -21"><span class='ocrx_word' id='word_1_176' title='bbox 473 3413 612 3481; x_wconf 86' lang='lat' dir='ltr'><strong>Quin</strong></span> <span class='ocrx_word' id='word_1_177' title='bbox 640 3425 765 3471; x_wconf 88' lang='lat' dir='ltr'><strong>ante</strong></span> <span class='ocrx_word' id='word_1_178' title='bbox 786 3416 1078 3472; x_wconf 86' lang='lat' dir='ltr'><strong>venerandi</strong></span> <span class='ocrx_word' id='word_1_179' title='bbox 1111 3416 1180 3472; x_wconf 90' lang='lat' dir='ltr'><strong>ad</strong></span> <span class='ocrx_word' id='word_1_180' title='bbox 1210 3416 1373 3489; x_wconf 92' lang='lat' dir='ltr'><strong>pedes</strong></span> <span class='ocrx_word' id='word_1_181' title='bbox 1401 3417 1620 3472; x_wconf 88' lang='lat' dir='ltr'><strong>caderet</strong></span> <span class='ocrx_word' id='word_1_182' title='bbox 1648 3415 1818 3471; x_wconf 91' lang='lat' dir='ltr'><strong>senis.</strong></span> 
     </span>
    </p>
   </div>
   <div class='ocr_carea' id='block_1_34' title="bbox 542 3514 1705 3581">
    <p class='ocr_par' dir='ltr' id='par_1_34' title="bbox 542 3514 1705 3581">
     <span class='ocr_line' id='line_1_34' title="bbox 542 3514 1705 3581; baseline -0.001 -9"><span class='ocrx_word' id='word_1_183' title='bbox 542 3514 708 3572; x_wconf 88' lang='lat' dir='ltr'><strong>Certo</strong></span> <span class='ocrx_word' id='word_1_184' title='bbox 736 3516 944 3572; x_wconf 91' lang='lat' dir='ltr'><strong>dierum</strong></span> <span class='ocrx_word' id='word_1_185' title='bbox 966 3518 1097 3573; x_wconf 89' lang='lat' dir='ltr'><strong>olim</strong></span> <span class='ocrx_word' id='word_1_186' title='bbox 1129 3527 1443 3573; x_wconf 90' lang='lat' dir='ltr'><strong>recurrente</strong></span> <span class='ocrx_word' id='word_1_187' title='bbox 1463 3518 1657 3572; x_wconf 88' lang='lat' dir='ltr'><strong>ordine</strong></span> <span class='ocrx_word' id='word_1_188' title='bbox 1692 3572 1705 3581; x_wconf 65' lang='grc'><strong>,</strong></span> 
     </span>
    </p>
   </div>
   <div class='ocr_carea' id='block_1_35' title="bbox 475 3603 1713 3678">
    <p class='ocr_par' dir='ltr' id='par_1_35' title="bbox 475 3603 1713 3678">
     <span class='ocr_line' id='line_1_35' title="bbox 475 3603 1713 3678; baseline 0.004 -19"><span class='ocrx_word' id='word_1_189' title='bbox 475 3603 645 3661; x_wconf 77' lang='lat' dir='ltr'><strong>Foras</strong></span> <span class='ocrx_word' id='word_1_190' title='bbox 669 3622 962 3678; x_wconf 87' lang='lat' dir='ltr'><strong>parumper</strong></span> <span class='ocrx_word' id='word_1_191' title='bbox 993 3610 1184 3664; x_wconf 82' lang='lat' dir='ltr'><strong>semita</strong></span> <span class='ocrx_word' id='word_1_192' title='bbox 1212 3609 1490 3678; x_wconf 81' lang='lat' dir='ltr'><strong>digressus</strong></span> <span class='ocrx_word' id='word_1_193' title='bbox 1513 3618 1620 3672; x_wconf 86' lang='lat' dir='ltr'><strong>est.</strong></span> <span class='ocrx_word' id='word_1_194' title='bbox 1710 3650 1713 3651; x_wconf 46' lang='grc' dir='ltr'><strong>ν</strong></span> 
     </span>
    </p>
   </div>
   <div class='ocr_carea' id='block_1_36' title="bbox 473 3696 1649 3789">
    <p class='ocr_par' dir='ltr' id='par_1_36' title="bbox 473 3696 1649 3789">
     <span class='ocr_line' id='line_1_36' title="bbox 473 3696 1649 3789; baseline 0.002 -38"><span class='ocrx_word' id='word_1_195' title='bbox 473 3696 541 3752; x_wconf 82' lang='lat' dir='ltr'><strong>Et</strong></span> <span class='ocrx_word' id='word_1_196' title='bbox 568 3699 837 3768; x_wconf 88' lang='lat' dir='ltr'><strong>publicam</strong></span> <span class='ocrx_word' id='word_1_197' title='bbox 871 3709 1091 3771; x_wconf 89' lang='lat' dir='ltr'><strong>propter</strong></span> <span class='ocrx_word' id='word_1_198' title='bbox 1119 3701 1261 3755; x_wconf 90' lang='lat' dir='ltr'><strong>viam</strong></span> <span class='ocrx_word' id='word_1_199' title='bbox 1288 3700 1495 3756; x_wconf 84' lang='lat' dir='ltr'><strong>faciens</strong></span> <span class='ocrx_word' id='word_1_200' title='bbox 1523 3700 1649 3789; x_wconf 47' lang='lat' dir='ltr'><strong>iter,</strong></span> 
     </span>
    </p>
   </div>
   <div class='ocr_carea' id='block_1_37' title="bbox 458 3790 1695 3864">
    <p class='ocr_par' dir='ltr' id='par_1_37' title="bbox 458 3790 1695 3864">
     <span class='ocr_line' id='line_1_37' title="bbox 458 3790 1695 3864; baseline 0.002 -19"><span class='ocrx_word' id='word_1_201' title='bbox 458 3790 641 3846; x_wconf 69' lang='lat' dir='ltr'><strong>letum</strong></span> <span class='ocrx_word' id='word_1_202' title='bbox 675 3806 705 3846; x_wconf 89' lang='lat' dir='ltr'><strong>a</strong></span> <span class='ocrx_word' id='word_1_203' title='bbox 732 3791 842 3847; x_wconf 81' lang='lat' dir='ltr'><strong>fera</strong></span> <span class='ocrx_word' id='word_1_204' title='bbox 870 3809 1097 3864; x_wconf 91' lang='lat' dir='ltr'><strong>puerum</strong></span> <span class='ocrx_word' id='word_1_205' title='bbox 1132 3796 1297 3849; x_wconf 90' lang='lat' dir='ltr'><strong>situm</strong></span> <span class='ocrx_word' id='word_1_206' title='bbox 1334 3802 1529 3849; x_wconf 82' lang='lat' dir='ltr'><strong>nactus</strong></span> <span class='ocrx_word' id='word_1_207' title='bbox 1563 3794 1695 3848; x_wconf 66' lang='lat' dir='ltr'><strong>solt?</strong></span> 
     </span>
    </p>
   </div>
   <div class='ocr_carea' id='block_1_38' title="bbox 473 3881 1718 3958">
    <p class='ocr_par' dir='ltr' id='par_1_38' title="bbox 473 3881 1718 3958">
     <span class='ocr_line' id='line_1_38' title="bbox 473 3881 1718 3958; baseline 0.005 -21"><span class='ocrx_word' id='word_1_208' title='bbox 473 3881 593 3937; x_wconf 83' lang='lat' dir='ltr'><strong>Jam</strong></span> <span class='ocrx_word' id='word_1_209' title='bbox 626 3894 918 3952; x_wconf 89' lang='lat' dir='ltr'><strong>mortuum,</strong></span> <span class='ocrx_word' id='word_1_210' title='bbox 950 3902 1050 3943; x_wconf 90' lang='lat' dir='ltr'><strong>nec</strong></span> <span class='ocrx_word' id='word_1_211' title='bbox 1080 3887 1319 3958; x_wconf 90' lang='lat' dir='ltr'><strong>viperam</strong></span> <span class='ocrx_word' id='word_1_212' title='bbox 1348 3886 1503 3942; x_wconf 84' lang='lat' dir='ltr'><strong>valde</strong></span> <span class='ocrx_word' id='word_1_213' title='bbox 1534 3884 1718 3955; x_wconf 68' lang='lat' dir='ltr'><strong>procul</strong></span> 
     </span>
    </p>
   </div>
   <div class='ocr_carea' id='block_1_39' title="bbox 474 3973 1821 4051">
    <p class='ocr_par' dir='ltr' id='par_1_39' title="bbox 474 3973 1821 4051">
     <span class='ocr_line' id='line_1_39' title="bbox 474 3973 1821 4051; baseline -0.001 -22"><span class='ocrx_word' id='word_1_214' title='bbox 474 3973 788 4032; x_wconf 74' lang='lat' dir='ltr'><strong>Deterrima:</strong></span> <span class='ocrx_word' id='word_1_215' title='bbox 813 3976 1021 4042; x_wconf 69' lang='lat' dir='ltr'><strong>formae,</strong></span> <span class='ocrx_word' id='word_1_216' title='bbox 1056 3978 1272 4034; x_wconf 88' lang='lat' dir='ltr'><strong>horride</strong></span> <span class='ocrx_word' id='word_1_217' title='bbox 1298 3987 1595 4049; x_wconf 85' lang='lat' dir='ltr'><strong>reptantem</strong></span> <span class='ocrx_word' id='word_1_218' title='bbox 1624 3974 1775 4051; x_wconf 47' lang='lat' dir='ltr'><strong>hami</strong></span> <span class='ocrx_word' id='word_1_219' title='bbox 1807 3992 1821 4029; x_wconf 90' lang='lat'><strong>:</strong></span> 
     </span>
    </p>
   </div>
   <div class='ocr_carea' id='block_1_40' title="bbox 472 4050 1713 4138">
    <p class='ocr_par' dir='ltr' id='par_1_40' title="bbox 472 4050 1713 4138">
     <span class='ocr_line' id='line_1_40' title="bbox 472 4050 1713 4138; baseline 0.007 -19"><span class='ocrx_word' id='word_1_220' title='bbox 472 4063 781 4136; x_wconf 84' lang='lat' dir='ltr'><strong>lmprovido</strong></span> <span class='ocrx_word' id='word_1_221' title='bbox 809 4070 1129 4138; x_wconf 83' lang='lat' dir='ltr'><strong>perterritus</strong></span> <span class='ocrx_word' id='word_1_222' title='bbox 1151 4069 1487 4128; x_wconf 86' lang='lat' dir='ltr'><strong>discrimine.</strong></span> <span class='ocrx_word' id='word_1_223' title='bbox 1634 4050 1641 4061; x_wconf 32' lang='grc'><strong><em>³</em></strong></span> 
     </span>
    </p>
   </div>
   <div class='ocr_carea' id='block_1_41' title="bbox 473 4144 1713 4235">
    <p class='ocr_par' dir='ltr' id='par_1_41' title="bbox 473 4144 1713 4235">
     <span class='ocr_line' id='line_1_41' title="bbox 473 4144 1713 4235; baseline 0.004 -26"><span class='ocrx_word' id='word_1_224' title='bbox 473 4153 735 4212; x_wconf 87' lang='lat' dir='ltr'><strong>Tremore</strong></span> <span class='ocrx_word' id='word_1_225' title='bbox 758 4166 949 4228; x_wconf 89' lang='lat' dir='ltr'><strong>captus</strong></span> <span class='ocrx_word' id='word_1_226' title='bbox 969 4160 1362 4230; x_wconf 79' lang='lat' dir='ltr'><strong>expavescebat</strong></span> <span class='ocrx_word' id='word_1_227' title='bbox 1393 4161 1579 4225; x_wconf 79' lang='lat' dir='ltr'><strong>miser,</strong></span> 
     </span>
    </p>
   </div>
   <div class='ocr_carea' id='block_1_42' title="bbox 471 4234 1753 4317">
    <p class='ocr_par' dir='ltr' id='par_1_42' title="bbox 471 4234 1753 4317">
     <span class='ocr_line' id='line_1_42' title="bbox 471 4234 1753 4317; baseline 0.009 -17"><span class='ocrx_word' id='word_1_228' title='bbox 471 4244 843 4304; x_wconf 84' lang='lat' dir='ltr'><strong>Convulsione</strong></span> <span class='ocrx_word' id='word_1_229' title='bbox 877 4261 1133 4317; x_wconf 89' lang='lat' dir='ltr'><strong>tremens,</strong></span> <span class='ocrx_word' id='word_1_230' title='bbox 1162 4262 1310 4306; x_wconf 85' lang='lat' dir='ltr'><strong>metu</strong></span> <span class='ocrx_word' id='word_1_231' title='bbox 1337 4262 1390 4307; x_wconf 93' lang='lat' dir='ltr'><strong>et</strong></span> <span class='ocrx_word' id='word_1_232' title='bbox 1428 4234 1753 4315; x_wconf 41' lang='lat' dir='ltr'><strong>forming);</strong></span> 
     </span>
    </p>
   </div>
   <div class='ocr_carea' id='block_1_43' title="bbox 474 4333 1656 4409">
    <p class='ocr_par' dir='ltr' id='par_1_43' title="bbox 474 4333 1656 4409">
     <span class='ocr_line' id='line_1_43' title="bbox 474 4333 1656 4409; baseline 0.013 -22"><span class='ocrx_word' id='word_1_233' title='bbox 474 4333 587 4389; x_wconf 73' lang='lat' dir='ltr'><strong>Vox</strong></span> <span class='ocrx_word' id='word_1_234' title='bbox 620 4336 973 4409; x_wconf 73' lang='lat' dir='ltr'><strong>faucibusque</strong></span> <span class='ocrx_word' id='word_1_235' title='bbox 999 4342 1151 4396; x_wconf 70' lang='lat' dir='ltr'><strong>haesit</strong></span> <span class='ocrx_word' id='word_1_236' title='bbox 1177 4342 1378 4398; x_wconf 91' lang='lat' dir='ltr'><strong>videnti</strong></span> <span class='ocrx_word' id='word_1_237' title='bbox 1401 4352 1506 4398; x_wconf 82' lang='lat' dir='ltr'><strong>tam</strong></span> <span class='ocrx_word' id='word_1_238' title='bbox 1544 4341 1656 4402; x_wconf 55' lang='lat' dir='ltr'><strong>feri</strong></span> 
     </span>
    </p>
   </div>
   <div class='ocr_carea' id='block_1_44' title="bbox 470 4423 1535 4503">
    <p class='ocr_par' dir='ltr' id='par_1_44' title="bbox 470 4423 1535 4503">
     <span class='ocr_line' id='line_1_44' title="bbox 470 4423 1535 4503; baseline 0.006 -24"><span class='ocrx_word' id='word_1_239' title='bbox 470 4423 723 4482; x_wconf 81' lang='lat' dir='ltr'><strong>Procedit</strong></span> <span class='ocrx_word' id='word_1_240' title='bbox 753 4428 978 4485; x_wconf 89' lang='lat' dir='ltr'><strong>ulterius</strong></span> <span class='ocrx_word' id='word_1_241' title='bbox 1006 4431 1286 4501; x_wconf 89' lang='lat' dir='ltr'><strong>reciproco</strong></span> <span class='ocrx_word' id='word_1_242' title='bbox 1316 4433 1483 4503; x_wconf 82' lang='lat' dir='ltr'><strong>gradu</strong></span> <span class='ocrx_word' id='word_1_243' title='bbox 1519 4448 1535 4485; x_wconf 88' lang='lat'><strong>:</strong></span> 
     </span>
    </p>
   </div>
   <div class='ocr_carea' id='block_1_45' title="bbox 471 4511 1679 4592">
    <p class='ocr_par' dir='ltr' id='par_1_45' title="bbox 471 4511 1679 4592">
     <span class='ocr_line' id='line_1_45' title="bbox 471 4511 1679 4592; baseline 0.008 -23"><span class='ocrx_word' id='word_1_244' title='bbox 471 4511 637 4571; x_wconf 78' lang='lat' dir='ltr'><strong>Retro</strong></span> <span class='ocrx_word' id='word_1_245' title='bbox 661 4516 881 4588; x_wconf 76' lang='lat' dir='ltr'><strong>refugit,</strong></span> <span class='ocrx_word' id='word_1_246' title='bbox 908 4520 1105 4575; x_wconf 89' lang='lat' dir='ltr'><strong>deinde</strong></span> <span class='ocrx_word' id='word_1_247' title='bbox 1131 4533 1363 4576; x_wconf 92' lang='lat' dir='ltr'><strong>mentem</strong></span> <span class='ocrx_word' id='word_1_248' title='bbox 1394 4522 1679 4592; x_wconf 72' lang='lat' dir='ltr'><strong>colligens.</strong></span> 
     </span>
    </p>
   </div>
   <div class='ocr_carea' id='block_1_46' title="bbox 472 4603 1485 4665">
    <p class='ocr_par' dir='ltr' id='par_1_46' title="bbox 472 4603 1485 4665">
     <span class='ocr_line' id='line_1_46' title="bbox 472 4603 1485 4665; baseline 0.006 -6"><span class='ocrx_word' id='word_1_249' title='bbox 472 4603 599 4661; x_wconf 86' lang='lat' dir='ltr'><strong>Veri</strong></span> <span class='ocrx_word' id='word_1_250' title='bbox 632 4607 831 4662; x_wconf 89' lang='lat' dir='ltr'><strong>seniles</strong></span> <span class='ocrx_word' id='word_1_251' title='bbox 859 4624 998 4661; x_wconf 90' lang='lat' dir='ltr'><strong>anne</strong></span> <span class='ocrx_word' id='word_1_252' title='bbox 1031 4624 1310 4665; x_wconf 86' lang='lat' dir='ltr'><strong>sermones</strong></span> <span class='ocrx_word' id='word_1_253' title='bbox 1344 4611 1485 4665; x_wconf 89' lang='lat' dir='ltr'><strong>sient</strong></span> 
     </span>
    </p>
   </div>
   <div class='ocr_carea' id='block_1_47' title="bbox 470 4695 1893 4769">
    <p class='ocr_par' dir='ltr' id='par_1_47' title="bbox 470 4695 1893 4769">
     <span class='ocr_line' id='line_1_47' title="bbox 470 4695 1893 4769; baseline 0.004 -21"><span class='ocrx_word' id='word_1_254' title='bbox 470 4695 733 4766; x_wconf 87' lang='lat' dir='ltr'><strong>Equidem</strong></span> <span class='ocrx_word' id='word_1_255' title='bbox 761 4697 930 4752; x_wconf 87' lang='lat' dir='ltr'><strong>sciam</strong></span> <span class='ocrx_word' id='word_1_256' title='bbox 964 4697 1165 4768; x_wconf 91' lang='lat' dir='ltr'><strong>[inquit</strong></span> <span class='ocrx_word' id='word_1_257' title='bbox 1195 4699 1330 4769; x_wconf 90' lang='lat' dir='ltr'><strong>ille];</strong></span> <span class='ocrx_word' id='word_1_258' title='bbox 1361 4715 1487 4754; x_wconf 79' lang='lat' dir='ltr'><strong>mox</strong></span> <span class='ocrx_word' id='word_1_259' title='bbox 1519 4706 1709 4768; x_wconf 87' lang='lat' dir='ltr'><strong>pectus</strong></span> <span class='ocrx_word' id='word_1_260' title='bbox 1732 4713 1893 4754; x_wconf 90' lang='lat' dir='ltr'><strong>suum</strong></span> 
     </span>
    </p>
   </div>
   <div class='ocr_carea' id='block_1_48' title="bbox 471 4785 1711 4859">
    <p class='ocr_par' dir='ltr' id='par_1_48' title="bbox 471 4785 1711 4859">
     <span class='ocr_line' id='line_1_48' title="bbox 471 4785 1711 4859; baseline 0.005 -21"><span class='ocrx_word' id='word_1_261' title='bbox 471 4785 781 4858; x_wconf 76' lang='lat' dir='ltr'><strong>Plangendo</strong></span> <span class='ocrx_word' id='word_1_262' title='bbox 818 4788 1073 4856; x_wconf 87' lang='lat' dir='ltr'><strong>tundens,</strong></span> <span class='ocrx_word' id='word_1_263' title='bbox 1101 4789 1306 4843; x_wconf 90' lang='lat' dir='ltr'><strong>lumina</strong></span> <span class='ocrx_word' id='word_1_264' title='bbox 1337 4791 1533 4844; x_wconf 89' lang='lat' dir='ltr'><strong>attollit</strong></span> <span class='ocrx_word' id='word_1_265' title='bbox 1566 4790 1711 4859; x_wconf 79' lang='lat' dir='ltr'><strong>polo,</strong></span> 
     </span>
    </p>
   </div>
   <div class='ocr_carea' id='block_1_49' title="bbox 469 4874 1927 4949">
    <p class='ocr_par' dir='ltr' id='par_1_49' title="bbox 469 4874 1927 4949">
     <span class='ocr_line' id='line_1_49' title="bbox 469 4874 1927 4949; baseline 0.003 -20"><span class='ocrx_word' id='word_1_266' title='bbox 469 4874 794 4947; x_wconf 88' lang='lat' dir='ltr'><strong>Palmasque</strong></span> <span class='ocrx_word' id='word_1_267' title='bbox 823 4887 1083 4949; x_wconf 88' lang='lat' dir='ltr'><strong>utrasque</strong></span> <span class='ocrx_word' id='word_1_268' title='bbox 1115 4879 1284 4933; x_wconf 89' lang='lat' dir='ltr'><strong>tendit</strong></span> <span class='ocrx_word' id='word_1_269' title='bbox 1311 4878 1363 4932; x_wconf 91' lang='lat' dir='ltr'><strong>in</strong></span> <span class='ocrx_word' id='word_1_270' title='bbox 1398 4894 1676 4935; x_wconf 87' lang='lat' dir='ltr'><strong>summum</strong></span> <span class='ocrx_word' id='word_1_271' title='bbox 1705 4876 1927 4944; x_wconf 76' lang='lat' dir='ltr'><strong>aethera,</strong></span> 
     </span>
    </p>
   </div>
   <div class='ocr_carea' id='block_1_50' title="bbox 470 4967 1536 5039">
    <p class='ocr_par' dir='ltr' id='par_1_50' title="bbox 470 4967 1536 5039">
     <span class='ocr_line' id='line_1_50' title="bbox 470 4967 1536 5039; baseline -0.001 -15"><span class='ocrx_word' id='word_1_272' title='bbox 470 4967 835 5039; x_wconf 89' lang='lat' dir='ltr'><strong>Orationeque</strong></span> <span class='ocrx_word' id='word_1_273' title='bbox 860 4986 992 5025; x_wconf 86' lang='lat' dir='ltr'><strong>usus</strong></span> <span class='ocrx_word' id='word_1_274' title='bbox 1025 4979 1108 5027; x_wconf 89' lang='lat' dir='ltr'><strong>est</strong></span> <span class='ocrx_word' id='word_1_275' title='bbox 1138 4970 1485 5026; x_wconf 88' lang='lat' dir='ltr'><strong>sanctissima</strong></span> <span class='ocrx_word' id='word_1_276' title='bbox 1520 4984 1536 5023; x_wconf 89' lang='lat'><strong>:</strong></span> 
     </span>
    </p>
   </div>
   <div class='ocr_carea' id='block_1_51' title="bbox 543 5052 1786 5127">
    <p class='ocr_par' dir='ltr' id='par_1_51' title="bbox 543 5052 1786 5127">
     <span class='ocr_line' id='line_1_51' title="bbox 543 5052 1786 5127; baseline 0 -12"><span class='ocrx_word' id='word_1_277' title='bbox 543 5058 799 5115; x_wconf 88' lang='lat' dir='ltr'><strong>Servator</strong></span> <span class='ocrx_word' id='word_1_278' title='bbox 827 5062 967 5116; x_wconf 90' lang='lat' dir='ltr'><strong>alme</strong></span> <span class='ocrx_word' id='word_1_279' title='bbox 996 5061 1233 5125; x_wconf 84' lang='lat' dir='ltr'><strong>Christe,</strong></span> <span class='ocrx_word' id='word_1_280' title='bbox 1269 5060 1358 5121; x_wconf 75' lang='lat' dir='ltr'><strong>lux</strong></span> <span class='ocrx_word' id='word_1_281' title='bbox 1390 5069 1515 5116; x_wconf 90' lang='lat' dir='ltr'><strong>ante</strong></span> <span class='ocrx_word' id='word_1_282' title='bbox 1546 5052 1786 5127; x_wconf 82' lang='lat' dir='ltr'><strong>initium,</strong></span> 
     </span>
    </p>
   </div>
   <div class='ocr_carea' id='block_1_52' title="bbox 471 5148 1635 5220">
    <p class='ocr_par' dir='ltr' id='par_1_52' title="bbox 471 5148 1635 5220">
     <span class='ocr_line' id='line_1_52' title="bbox 471 5148 1635 5220; baseline 0.001 -17"><span class='ocrx_word' id='word_1_283' title='bbox 471 5148 516 5203; x_wconf 93' lang='grc'>0</span> <span class='ocrx_word' id='word_1_284' title='bbox 548 5161 743 5205; x_wconf 90' lang='lat' dir='ltr'><strong>cuncta</strong></span> <span class='ocrx_word' id='word_1_285' title='bbox 772 5152 866 5220; x_wconf 92' lang='lat' dir='ltr'><strong>qui</strong></span> <span class='ocrx_word' id='word_1_286' title='bbox 893 5151 1011 5207; x_wconf 90' lang='lat' dir='ltr'><strong>solo</strong></span> <span class='ocrx_word' id='word_1_287' title='bbox 1036 5149 1171 5206; x_wconf 82' lang='lat' dir='ltr'><strong>facis</strong></span> <span class='ocrx_word' id='word_1_288' title='bbox 1203 5159 1337 5204; x_wconf 90' lang='lat' dir='ltr'><strong>nutu</strong></span> <span class='ocrx_word' id='word_1_289' title='bbox 1370 5159 1485 5215; x_wconf 90' lang='lat' dir='ltr'><strong>tuo,</strong></span> <span class='ocrx_word' id='word_1_290' title='bbox 1632 5216 1635 5219; x_wconf 16' lang='grc' dir='ltr'>δ</span> 
     </span>
    </p>
   </div>
   <div class='ocr_carea' id='block_1_53' title="bbox 470 5242 1855 5315">
    <p class='ocr_par' dir='ltr' id='par_1_53' title="bbox 470 5242 1855 5315">
     <span class='ocr_line' id='line_1_53' title="bbox 470 5242 1855 5315; baseline 0.004 -19"><span class='ocrx_word' id='word_1_291' title='bbox 470 5242 516 5296; x_wconf 81' lang='grc' dir='ltr'><strong>Α</strong></span> <span class='ocrx_word' id='word_1_292' title='bbox 542 5256 650 5312; x_wconf 93' lang='lat' dir='ltr'><strong>quo</strong></span> <span class='ocrx_word' id='word_1_293' title='bbox 676 5258 837 5299; x_wconf 89' lang='lat' dir='ltr'><strong>omne</strong></span> <span class='ocrx_word' id='word_1_294' title='bbox 864 5260 1083 5305; x_wconf 87' lang='lat' dir='ltr'><strong>munus.</strong></span> <span class='ocrx_word' id='word_1_295' title='bbox 1112 5259 1272 5299; x_wconf 90' lang='lat' dir='ltr'><strong>omne</strong></span> <span class='ocrx_word' id='word_1_296' title='bbox 1296 5244 1577 5299; x_wconf 91' lang='lat' dir='ltr'><strong>descendit</strong></span> <span class='ocrx_word' id='word_1_297' title='bbox 1607 5243 1808 5315; x_wconf 82' lang='lat' dir='ltr'><strong>bonum</strong></span> <span class='ocrx_word' id='word_1_298' title='bbox 1841 5262 1855 5301; x_wconf 90' lang='lat'><strong>:</strong></span> 
     </span>
    </p>
   </div>
   <div class='ocr_carea' id='block_1_54' title="bbox 473 5333 1587 5405">
    <p class='ocr_par' dir='ltr' id='par_1_54' title="bbox 473 5333 1587 5405">
     <span class='ocr_line' id='line_1_54' title="bbox 473 5333 1587 5405; baseline -0.001 -16"><span class='ocrx_word' id='word_1_299' title='bbox 473 5333 529 5389; x_wconf 90' lang='lat' dir='ltr'><strong>Si</strong></span> <span class='ocrx_word' id='word_1_300' title='bbox 560 5350 646 5391; x_wconf 89' lang='lat' dir='ltr'><strong>me</strong></span> <span class='ocrx_word' id='word_1_301' title='bbox 679 5344 831 5390; x_wconf 89' lang='lat' dir='ltr'><strong>tuum</strong></span> <span class='ocrx_word' id='word_1_302' title='bbox 862 5336 1108 5405; x_wconf 81' lang='lat' dir='ltr'><strong>dignaris</strong></span> <span class='ocrx_word' id='word_1_303' title='bbox 1140 5350 1262 5389; x_wconf 89' lang='lat' dir='ltr'><strong>esse</strong></span> <span class='ocrx_word' id='word_1_304' title='bbox 1287 5334 1587 5401; x_wconf 81' lang='lat' dir='ltr'><strong>servulum,</strong></span> 
     </span>
    </p>
   </div>
   <div class='ocr_carea' id='block_1_55' title="bbox 470 5424 1559 5495">
    <p class='ocr_par' dir='ltr' id='par_1_55' title="bbox 470 5424 1559 5495">
     <span class='ocr_line' id='line_1_55' title="bbox 470 5424 1559 5495; baseline 0.003 -17"><span class='ocrx_word' id='word_1_305' title='bbox 470 5424 628 5479; x_wconf 89' lang='lat' dir='ltr'><strong>Nunc</strong></span> <span class='ocrx_word' id='word_1_306' title='bbox 654 5424 951 5495; x_wconf 85' lang='lat' dir='ltr'><strong>dissipetur</strong></span> <span class='ocrx_word' id='word_1_307' title='bbox 973 5426 1150 5480; x_wconf 89' lang='lat' dir='ltr'><strong>bellua</strong></span> <span class='ocrx_word' id='word_1_308' title='bbox 1184 5426 1559 5491; x_wconf 87' lang='lat' dir='ltr'><strong>voracissima,</strong></span> 
     </span>
    </p>
   </div>
   <div class='ocr_carea' id='block_1_56' title="bbox 472 5514 1587 5588">
    <p class='ocr_par' dir='ltr' id='par_1_56' title="bbox 472 5514 1587 5588">
     <span class='ocr_line' id='line_1_56' title="bbox 472 5514 1587 5588; baseline 0.004 -21"><span class='ocrx_word' id='word_1_309' title='bbox 472 5514 540 5567; x_wconf 87' lang='lat' dir='ltr'><strong>Et</strong></span> <span class='ocrx_word' id='word_1_310' title='bbox 566 5524 784 5571; x_wconf 89' lang='lat' dir='ltr'><strong>mortuo</strong></span> <span class='ocrx_word' id='word_1_311' title='bbox 811 5516 923 5585; x_wconf 89' lang='lat' dir='ltr'><strong>jam</strong></span> <span class='ocrx_word' id='word_1_312' title='bbox 949 5516 1113 5570; x_wconf 90' lang='lat' dir='ltr'><strong>redde</strong></span> <span class='ocrx_word' id='word_1_313' title='bbox 1143 5517 1306 5571; x_wconf 88' lang='lat' dir='ltr'><strong>vitam</strong></span> <span class='ocrx_word' id='word_1_314' title='bbox 1339 5518 1587 5588; x_wconf 88' lang='lat' dir='ltr'><strong>puerulo.</strong></span> 
     </span>
    </p>
   </div>
   <div class='ocr_carea' id='block_1_57' title="bbox 472 5609 1871 5683">
    <p class='ocr_par' dir='ltr' id='par_1_57' title="bbox 472 5609 1871 5683">
     <span class='ocr_line' id='line_1_57' title="bbox 472 5609 1871 5683; baseline 0.003 -20"><span class='ocrx_word' id='word_1_315' title='bbox 472 5609 619 5664; x_wconf 73' lang='lat' dir='ltr'><strong>Dixit</strong></span> <span class='ocrx_word' id='word_1_316' title='bbox 645 5628 656 5662; x_wconf 93' lang='lat'>:</span> <span class='ocrx_word' id='word_1_317' title='bbox 691 5612 984 5681; x_wconf 87' lang='lat' dir='ltr'><strong>statimque</strong></span> <span class='ocrx_word' id='word_1_318' title='bbox 1012 5627 1240 5681; x_wconf 87' lang='lat' dir='ltr'><strong>crepans</strong></span> <span class='ocrx_word' id='word_1_319' title='bbox 1270 5621 1543 5683; x_wconf 86' lang='lat' dir='ltr'><strong>perempta</strong></span> <span class='ocrx_word' id='word_1_320' title='bbox 1564 5620 1648 5668; x_wconf 82' lang='lat' dir='ltr'><strong>est</strong></span> <span class='ocrx_word' id='word_1_321' title='bbox 1674 5612 1871 5671; x_wconf 90' lang='lat' dir='ltr'><strong>bellua.</strong></span> 
     </span>
    </p>
   </div>
   <div class='ocr_carea' id='block_1_58' title="bbox 475 5700 1644 5774">
    <p class='ocr_par' dir='ltr' id='par_1_58' title="bbox 475 5700 1644 5774">
     <span class='ocr_line' id='line_1_58' title="bbox 475 5700 1644 5774; baseline 0.005 -22"><span class='ocrx_word' id='word_1_322' title='bbox 475 5700 725 5753; x_wconf 77' lang='lat' dir='ltr'><strong>Surrexit</strong></span> <span class='ocrx_word' id='word_1_323' title='bbox 747 5702 907 5755; x_wconf 90' lang='lat' dir='ltr'><strong>etiam</strong></span> <span class='ocrx_word' id='word_1_324' title='bbox 937 5711 1050 5756; x_wconf 92' lang='lat' dir='ltr'><strong>tum</strong></span> <span class='ocrx_word' id='word_1_325' title='bbox 1083 5704 1228 5759; x_wconf 87' lang='lat' dir='ltr'><strong>illico</strong></span> <span class='ocrx_word' id='word_1_326' title='bbox 1258 5704 1458 5759; x_wconf 74' lang='lat' dir='ltr'><strong>illaesus</strong></span> <span class='ocrx_word' id='word_1_327' title='bbox 1489 5720 1644 5774; x_wconf 89' lang='lat' dir='ltr'><strong>puer.</strong></span> 
     </span>
    </p>
   </div>
   <div class='ocr_carea' id='block_1_59' title="bbox 472 5787 1629 5865">
    <p class='ocr_par' dir='ltr' id='par_1_59' title="bbox 472 5787 1629 5865">
     <span class='ocr_line' id='line_1_59' title="bbox 472 5787 1629 5865; baseline 0.007 -22"><span class='ocrx_word' id='word_1_328' title='bbox 472 5787 634 5844; x_wconf 84' lang='lat' dir='ltr'><strong>Novit</strong></span> <span class='ocrx_word' id='word_1_329' title='bbox 664 5797 775 5846; x_wconf 92' lang='lat' dir='ltr'><strong>tum</strong></span> <span class='ocrx_word' id='word_1_330' title='bbox 809 5800 993 5860; x_wconf 86' lang='lat' dir='ltr'><strong>aperte</strong></span> <span class='ocrx_word' id='word_1_331' title='bbox 1026 5803 1227 5865; x_wconf 88' lang='lat' dir='ltr'><strong>quanta</strong></span> <span class='ocrx_word' id='word_1_332' title='bbox 1253 5794 1324 5852; x_wconf 89' lang='lat' dir='ltr'><strong>sit</strong></span> <span class='ocrx_word' id='word_1_333' title='bbox 1358 5794 1507 5852; x_wconf 91' lang='lat' dir='ltr'><strong>verbi</strong></span> <span class='ocrx_word' id='word_1_334' title='bbox 1536 5794 1629 5851; x_wconf 88' lang='lat' dir='ltr'><strong>Dei</strong></span> 
     </span>
    </p>
   </div>
   <div class='ocr_carea' id='block_1_60' title="bbox 2064 493 2118 553">
    <p class='ocr_par' dir='ltr' id='par_1_60' title="bbox 2064 493 2118 553">
     <span class='ocr_line' id='line_1_60' title="bbox 2064 493 2118 553; baseline 0 0"><span class='ocrx_word' id='word_1_335' title='bbox 2064 493 2118 553; x_wconf 78' lang='grc' dir='ltr'>Α</span> 
     </span>
    </p>
   </div>
   <div class='ocr_carea' id='block_1_61' title="bbox 2319 478 3502 555">
    <p class='ocr_par' dir='ltr' id='par_1_61' title="bbox 2319 478 3502 555">
     <span class='ocr_line' id='line_1_61' title="bbox 2319 478 3502 555; baseline -0.01 -12"><span class='ocrx_word' id='word_1_336' title='bbox 2319 490 2430 543; x_wconf 73' lang='grc' dir='ltr'><strong>Καὶ</strong></span> <span class='ocrx_word' id='word_1_337' title='bbox 2469 485 2811 542; x_wconf 84' lang='grc' dir='ltr'>Πανταλείων</span> <span class='ocrx_word' id='word_1_338' title='bbox 2849 482 3126 555; x_wconf 81' lang='grc' dir='ltr'><strong>ἀκρότητα</strong></span> <span class='ocrx_word' id='word_1_339' title='bbox 3160 478 3502 551; x_wconf 80' lang='grc' dir='ltr'><strong>πραγμάτων</strong></span> 
     </span>
    </p>
   </div>
   <div class='ocr_carea' id='block_1_62' title="bbox 2252 572 3337 651">
    <p class='ocr_par' dir='ltr' id='par_1_62' title="bbox 2252 572 3337 651">
     <span class='ocr_line' id='line_1_62' title="bbox 2252 572 3337 651; baseline -0.012 -15"><span class='ocrx_word' id='word_1_340' title='bbox 2252 582 2358 636; x_wconf 62' lang='grc' dir='ltr'><strong>αἱαὶ</strong></span> <span class='ocrx_word' id='word_1_341' title='bbox 2388 579 2647 651; x_wconf 78' lang='grc' dir='ltr'><strong>ῥημάτων</strong></span> <span class='ocrx_word' id='word_1_342' title='bbox 2670 577 2901 648; x_wconf 83' lang='grc' dir='ltr'><strong>δήλωσιν</strong></span> <span class='ocrx_word' id='word_1_343' title='bbox 2929 572 3337 645; x_wconf 83' lang='grc' dir='ltr'>ἀκριϐεστάτην</span> 
     </span>
    </p>
   </div>
   <div class='ocr_carea' id='block_1_63' title="bbox 2252 664 3366 742">
    <p class='ocr_par' dir='ltr' id='par_1_63' title="bbox 2252 664 3366 742">
     <span class='ocr_line' id='line_1_63' title="bbox 2252 664 3366 742; baseline -0.008 -16"><span class='ocrx_word' id='word_1_344' title='bbox 2252 674 2289 726; x_wconf 90' lang='grc' dir='ltr'><strong>Γ</strong></span> <span class='ocrx_word' id='word_1_345' title='bbox 2292 674 2525 742; x_wconf 81' lang='grc' dir='ltr'>έροντος,</span> <span class='ocrx_word' id='word_1_346' title='bbox 2559 670 2633 732; x_wconf 84' lang='grc' dir='ltr'><strong>ὡς</strong></span> <span class='ocrx_word' id='word_1_347' title='bbox 2654 671 2885 741; x_wconf 75' lang='grc' dir='ltr'><strong>ἤκουσεν</strong></span> <span class='ocrx_word' id='word_1_348' title='bbox 2906 667 3171 736; x_wconf 80' lang='grc' dir='ltr'><strong>ἀπλήστῳ</strong></span> <span class='ocrx_word' id='word_1_349' title='bbox 3199 664 3366 734; x_wconf 79' lang='grc' dir='ltr'>πόθῳ,</span> 
     </span>
    </p>
   </div>
   <div class='ocr_carea' id='block_1_64' title="bbox 2258 755 3424 831">
    <p class='ocr_par' dir='ltr' id='par_1_64' title="bbox 2258 755 3424 831">
     <span class='ocr_line' id='line_1_64' title="bbox 2258 755 3424 831; baseline -0.009 -14"><span class='ocrx_word' id='word_1_350' title='bbox 2258 766 2346 827; x_wconf 83' lang='grc' dir='ltr'>Ὦς</span> <span class='ocrx_word' id='word_1_351' title='bbox 2370 759 2459 817; x_wconf 72' lang='grc' dir='ltr'><strong>οἷα</strong></span> <span class='ocrx_word' id='word_1_352' title='bbox 2487 764 2554 831; x_wconf 85' lang='grc' dir='ltr'>γῆ</span> <span class='ocrx_word' id='word_1_353' title='bbox 2578 762 2637 814; x_wconf 86' lang='grc' dir='ltr'><strong>τὸ</strong></span> <span class='ocrx_word' id='word_1_354' title='bbox 2662 760 2864 831; x_wconf 79' lang='grc' dir='ltr'>πρόσθε</span> <span class='ocrx_word' id='word_1_355' title='bbox 2900 758 3183 827; x_wconf 81' lang='grc' dir='ltr'><strong>καλλίστη,</strong></span> <span class='ocrx_word' id='word_1_356' title='bbox 3223 755 3424 825; x_wconf 83' lang='grc' dir='ltr'><strong>σπόρον</strong></span> 
     </span>
    </p>
   </div>
   <div class='ocr_carea' id='block_1_65' title="bbox 2254 849 3375 919">
    <p class='ocr_par' dir='ltr' id='par_1_65' title="bbox 2254 849 3375 919">
     <span class='ocr_line' id='line_1_65' title="bbox 2254 849 3375 919; baseline -0.008 -11"><span class='ocrx_word' id='word_1_357' title='bbox 2254 856 2438 910; x_wconf 77' lang='grc' dir='ltr'>Ἔνδον</span> <span class='ocrx_word' id='word_1_358' title='bbox 2460 854 2697 907; x_wconf 82' lang='grc' dir='ltr'>λαϐοῦσα</span> <span class='ocrx_word' id='word_1_359' title='bbox 2726 852 2818 906; x_wconf 76' lang='grc' dir='ltr'>τὸν</span> <span class='ocrx_word' id='word_1_360' title='bbox 2848 849 3073 903; x_wconf 81' lang='grc' dir='ltr'><strong>τεθέντα</strong></span> <span class='ocrx_word' id='word_1_361' title='bbox 3099 852 3165 919; x_wconf 81' lang='grc' dir='ltr'><strong>τῇ</strong></span> <span class='ocrx_word' id='word_1_362' title='bbox 3194 849 3375 918; x_wconf 81' lang='grc' dir='ltr'>δρόσῳ</span> 
     </span>
    </p>
   </div>
   <div class='ocr_carea' id='block_1_66' title="bbox 2248 940 3367 1017">
    <p class='ocr_par' dir='ltr' id='par_1_66' title="bbox 2248 940 3367 1017">
     <span class='ocr_line' id='line_1_66' title="bbox 2248 940 3367 1017; baseline -0.006 -18"><span class='ocrx_word' id='word_1_363' title='bbox 2248 948 2360 1000; x_wconf 71' lang='grc' dir='ltr'><strong>Καὶ</strong></span> <span class='ocrx_word' id='word_1_364' title='bbox 2391 945 2686 1017; x_wconf 82' lang='grc' dir='ltr'>θερμότητι</span> <span class='ocrx_word' id='word_1_365' title='bbox 2716 942 3094 1014; x_wconf 85' lang='grc' dir='ltr'>συγκραθέντα</span> <span class='ocrx_word' id='word_1_366' title='bbox 3126 940 3367 1010; x_wconf 79' lang='grc' dir='ltr'><strong>ποικίλῃ,</strong></span> 
     </span>
    </p>
   </div>
   <div class='ocr_carea' id='block_1_67' title="bbox 2247 1033 3447 1105">
    <p class='ocr_par' dir='ltr' id='par_1_67' title="bbox 2247 1033 3447 1105">
     <span class='ocr_line' id='line_1_67' title="bbox 2247 1033 3447 1105; baseline -0.007 -14"><span class='ocrx_word' id='word_1_367' title='bbox 2247 1037 2430 1103; x_wconf 80' lang='grc' dir='ltr'>Αὐξει,</span> <span class='ocrx_word' id='word_1_368' title='bbox 2462 1036 2736 1102; x_wconf 81' lang='grc' dir='ltr'><strong>πεπαίνει,</strong></span> <span class='ocrx_word' id='word_1_369' title='bbox 2763 1034 2975 1105; x_wconf 85' lang='grc' dir='ltr'>καρπὸν</span> <span class='ocrx_word' id='word_1_370' title='bbox 3008 1033 3220 1103; x_wconf 89' lang='grc' dir='ltr'>ῶριμον</span> <span class='ocrx_word' id='word_1_371' title='bbox 3247 1033 3403 1102; x_wconf 86' lang='grc' dir='ltr'>φέρει</span> <span class='ocrx_word' id='word_1_372' title='bbox 3432 1046 3447 1062; x_wconf 83' lang='grc'>⁶</span> 
     </span>
    </p>
   </div>
   <div class='ocr_carea' id='block_1_68' title="bbox 2246 1124 3334 1197">
    <p class='ocr_par' dir='ltr' id='par_1_68' title="bbox 2246 1124 3334 1197">
     <span class='ocr_line' id='line_1_68' title="bbox 2246 1124 3334 1197; baseline -0.006 -13"><span class='ocrx_word' id='word_1_373' title='bbox 2246 1132 2511 1193; x_wconf 80' lang='grc' dir='ltr'>Κάκεῖνος</span> <span class='ocrx_word' id='word_1_374' title='bbox 2535 1127 2678 1181; x_wconf 74' lang='grc' dir='ltr'>οὕτω</span> <span class='ocrx_word' id='word_1_375' title='bbox 2712 1127 3100 1197; x_wconf 85' lang='grc' dir='ltr'>μυριόϐλαστον</span> <span class='ocrx_word' id='word_1_376' title='bbox 3132 1124 3334 1194; x_wconf 84' lang='grc' dir='ltr'>στάχυν</span> 
     </span>
    </p>
   </div>
   <div class='ocr_carea' id='block_1_69' title="bbox 2248 1213 3242 1288">
    <p class='ocr_par' dir='ltr' id='par_1_69' title="bbox 2248 1213 3242 1288">
     <span class='ocr_line' id='line_1_69' title="bbox 2248 1213 3242 1288; baseline -0.008 -13"><span class='ocrx_word' id='word_1_377' title='bbox 2248 1217 2629 1288; x_wconf 83' lang='grc' dir='ltr'>Εὐαγγελικῶς</span> <span class='ocrx_word' id='word_1_378' title='bbox 2663 1219 2741 1281; x_wconf 90' lang='grc' dir='ltr'><strong>εἰς</strong></span> <span class='ocrx_word' id='word_1_379' title='bbox 2772 1218 3059 1286; x_wconf 88' lang='grc' dir='ltr'>μετάνοιαν</span> <span class='ocrx_word' id='word_1_380' title='bbox 3093 1213 3242 1281; x_wconf 80' lang='grc' dir='ltr'>ξένον</span> 
     </span>
    </p>
   </div>
   <div class='ocr_carea' id='block_1_70' title="bbox 2248 1303 3712 1384">
    <p class='ocr_par' dir='ltr' id='par_1_70' title="bbox 2248 1303 3712 1384">
     <span class='ocr_line' id='line_1_70' title="bbox 2248 1303 3712 1384; baseline -0.007 -17"><span class='ocrx_word' id='word_1_381' title='bbox 2248 1312 2488 1384; x_wconf 87' lang='grc' dir='ltr'>Θημῶνα</span> <span class='ocrx_word' id='word_1_382' title='bbox 2529 1310 2885 1380; x_wconf 86' lang='grc' dir='ltr'>πάνσπερμον</span> <span class='ocrx_word' id='word_1_383' title='bbox 2932 1308 3083 1379; x_wconf 74' lang='grc' dir='ltr'>ἅρπη</span> <span class='ocrx_word' id='word_1_384' title='bbox 3133 1306 3244 1379; x_wconf 84' lang='grc' dir='ltr'><strong>[τσ.</strong></span> <span class='ocrx_word' id='word_1_385' title='bbox 3291 1303 3712 1374; x_wconf 86' lang='grc' dir='ltr'>παντόσπερμον</span> 
     </span>
    </p>
   </div>
   <div class='ocr_carea' id='block_1_71' title="bbox 3026 1390 3681 1470">
    <p class='ocr_par' dir='ltr' id='par_1_71' title="bbox 3026 1390 3681 1470">
     <span class='ocr_line' id='line_1_71' title="bbox 3026 1390 3681 1470; baseline -0.005 -18"><span class='ocrx_word' id='word_1_386' title='bbox 3026 1390 3035 1399; x_wconf 78' lang='grc'><em>’</em></span> <span class='ocrx_word' id='word_1_387' title='bbox 3167 1395 3355 1470; x_wconf 71' lang='grc' dir='ltr'>[αἴρει]</span> <span class='ocrx_word' id='word_1_388' title='bbox 3386 1395 3681 1467; x_wconf 87' lang='grc' dir='ltr'>θαυμάτων</span> 
     </span>
    </p>
   </div>
   <div class='ocr_carea' id='block_1_72' title="bbox 2251 1491 3346 1564">
    <p class='ocr_par' dir='ltr' id='par_1_72' title="bbox 2251 1491 3346 1564">
     <span class='ocr_line' id='line_1_72' title="bbox 2251 1491 3346 1564; baseline -0.009 -12"><span class='ocrx_word' id='word_1_389' title='bbox 2251 1499 2345 1561; x_wconf 86' lang='grc' dir='ltr'>Εἰς</span> <span class='ocrx_word' id='word_1_390' title='bbox 2365 1496 2540 1551; x_wconf 83' lang='grc' dir='ltr'>κοινὸν</span> <span class='ocrx_word' id='word_1_391' title='bbox 2562 1494 2828 1564; x_wconf 71' lang='grc' dir='ltr'>ὠφέλημα</span> <span class='ocrx_word' id='word_1_392' title='bbox 2855 1491 2933 1563; x_wconf 84' lang='grc' dir='ltr'>τῷ</span> <span class='ocrx_word' id='word_1_393' title='bbox 2968 1492 3172 1563; x_wconf 86' lang='grc' dir='ltr'>βροτῶν</span> <span class='ocrx_word' id='word_1_394' title='bbox 3200 1491 3346 1559; x_wconf 83' lang='grc' dir='ltr'>γένει</span> 
     </span>
    </p>
   </div>
   <div class='ocr_carea' id='block_1_73' title="bbox 2250 1582 3342 1659">
    <p class='ocr_par' dir='ltr' id='par_1_73' title="bbox 2250 1582 3342 1659">
     <span class='ocr_line' id='line_1_73' title="bbox 2250 1582 3342 1659; baseline -0.009 -16"><span class='ocrx_word' id='word_1_395' title='bbox 2250 1588 2516 1659; x_wconf 81' lang='grc' dir='ltr'>Ηύξησεν,</span> <span class='ocrx_word' id='word_1_396' title='bbox 2546 1586 2896 1656; x_wconf 72' lang='grc' dir='ltr'>ἐϐλάστησεν,</span> <span class='ocrx_word' id='word_1_397' title='bbox 2932 1584 3145 1652; x_wconf 75' lang='grc' dir='ltr'>ὕψωσεν</span> <span class='ocrx_word' id='word_1_398' title='bbox 3174 1582 3342 1651; x_wconf 88' lang='grc' dir='ltr'>πόνῳ,</span> 
     </span>
    </p>
   </div>
   <div class='ocr_carea' id='block_1_74' title="bbox 2248 1672 3385 1748">
    <p class='ocr_par' dir='ltr' id='par_1_74' title="bbox 2248 1672 3385 1748">
     <span class='ocr_line' id='line_1_74' title="bbox 2248 1672 3385 1748; baseline -0.007 -15"><span class='ocrx_word' id='word_1_399' title='bbox 2248 1678 2431 1739; x_wconf 77' lang='grc' dir='ltr'>Τιθεὶς</span> <span class='ocrx_word' id='word_1_400' title='bbox 2460 1676 2669 1748; x_wconf 76' lang='grc' dir='ltr'>ἄμητον</span> <span class='ocrx_word' id='word_1_401' title='bbox 2706 1677 2816 1738; x_wconf 85' lang='grc' dir='ltr'>τοῖς</span> <span class='ocrx_word' id='word_1_402' title='bbox 2850 1674 3061 1727; x_wconf 80' lang='grc' dir='ltr'>θέλουσι</span> <span class='ocrx_word' id='word_1_403' title='bbox 3086 1672 3385 1742; x_wconf 86' lang='grc' dir='ltr'>λαμϐάνειν</span> 
     </span>
    </p>
   </div>
   <div class='ocr_carea' id='block_1_75' title="bbox 2251 1765 3319 1842">
    <p class='ocr_par' dir='ltr' id='par_1_75' title="bbox 2251 1765 3319 1842">
     <span class='ocr_line' id='line_1_75' title="bbox 2251 1765 3319 1842; baseline -0.007 -16"><span class='ocrx_word' id='word_1_404' title='bbox 2251 1768 2513 1842; x_wconf 78' lang='grc' dir='ltr'>Ποθητδν,</span> <span class='ocrx_word' id='word_1_405' title='bbox 2537 1770 2636 1822; x_wconf 92' lang='grc' dir='ltr'><strong>οὐκ</strong></span> <span class='ocrx_word' id='word_1_406' title='bbox 2655 1766 2882 1837; x_wconf 76' lang='grc' dir='ltr'>ὠνητὸν,</span> <span class='ocrx_word' id='word_1_407' title='bbox 2908 1765 3152 1837; x_wconf 86' lang='grc' dir='ltr'>ἀργύρου</span> <span class='ocrx_word' id='word_1_408' title='bbox 3176 1766 3319 1835; x_wconf 87' lang='grc' dir='ltr'>δίχα.</span> 
     </span>
    </p>
   </div>
   <div class='ocr_carea' id='block_1_76' title="bbox 2249 1858 3425 1933">
    <p class='ocr_par' dir='ltr' id='par_1_76' title="bbox 2249 1858 3425 1933">
     <span class='ocr_line' id='line_1_76' title="bbox 2249 1858 3425 1933; baseline -0.007 -16"><span class='ocrx_word' id='word_1_409' title='bbox 2249 1862 2380 1917; x_wconf 78' lang='grc' dir='ltr'><strong>Εἶτα</strong></span> <span class='ocrx_word' id='word_1_410' title='bbox 2409 1861 2693 1933; x_wconf 80' lang='grc' dir='ltr'>προκύψας</span> <span class='ocrx_word' id='word_1_411' title='bbox 2719 1859 2963 1922; x_wconf 89' lang='grc' dir='ltr'>εὐλαϐῶς</span> <span class='ocrx_word' id='word_1_412' title='bbox 2994 1858 3085 1912; x_wconf 83' lang='grc' dir='ltr'>τὸν</span> <span class='ocrx_word' id='word_1_413' title='bbox 3114 1858 3425 1929; x_wconf 85' lang='grc' dir='ltr'>πρεσϐύτην</span> 
     </span>
    </p>
   </div>
   <div class='ocr_carea' id='block_1_77' title="bbox 2247 1950 3448 2027">
    <p class='ocr_par' dir='ltr' id='par_1_77' title="bbox 2247 1950 3448 2027">
     <span class='ocr_line' id='line_1_77' title="bbox 2247 1950 3448 2027; baseline -0.007 -17"><span class='ocrx_word' id='word_1_414' title='bbox 2247 1954 2469 2027; x_wconf 80' lang='grc' dir='ltr'>Πρηνὴς</span> <span class='ocrx_word' id='word_1_415' title='bbox 2506 1953 2855 2009; x_wconf 78' lang='grc' dir='ltr'>καθικέτευεν</span> <span class='ocrx_word' id='word_1_416' title='bbox 2879 1970 2892 1983; x_wconf 89' lang='grc'><strong>·</strong></span> <span class='ocrx_word' id='word_1_417' title='bbox 2925 1952 3093 2015; x_wconf 79' lang='grc' dir='ltr'>Αὐτὸς</span> <span class='ocrx_word' id='word_1_418' title='bbox 3122 1950 3213 2003; x_wconf 85' lang='grc' dir='ltr'><strong>οὐν</strong></span> <span class='ocrx_word' id='word_1_419' title='bbox 3243 1951 3448 2020; x_wconf 81' lang='grc' dir='ltr'>φράσον</span> 
     </span>
    </p>
   </div>
   <div class='ocr_carea' id='block_1_78' title="bbox 2248 2043 3501 2115">
    <p class='ocr_par' dir='ltr' id='par_1_78' title="bbox 2248 2043 3501 2115">
     <span class='ocr_line' id='line_1_78' title="bbox 2248 2043 3501 2115; baseline -0.006 -14"><span class='ocrx_word' id='word_1_420' title='bbox 2248 2048 2373 2111; x_wconf 86' lang='grc' dir='ltr'><strong>Πῶς</strong></span> <span class='ocrx_word' id='word_1_421' title='bbox 2404 2048 2469 2102; x_wconf 82' lang='grc' dir='ltr'>ἂν</span> <span class='ocrx_word' id='word_1_422' title='bbox 2497 2046 2760 2115; x_wconf 75' lang='grc' dir='ltr'>δυναίμην</span> <span class='ocrx_word' id='word_1_423' title='bbox 2796 2045 3171 2115; x_wconf 86' lang='grc' dir='ltr'>προύμμάτων</span> <span class='ocrx_word' id='word_1_424' title='bbox 3196 2043 3501 2113; x_wconf 81' lang='grc' dir='ltr'>δεδορκέναι</span> 
     </span>
    </p>
   </div>
   <div class='ocr_carea' id='block_1_79' title="bbox 2246 2136 3394 2211">
    <p class='ocr_par' dir='ltr' id='par_1_79' title="bbox 2246 2136 3394 2211">
     <span class='ocr_line' id='line_1_79' title="bbox 2246 2136 3394 2211; baseline -0.004 -18"><span class='ocrx_word' id='word_1_425' title='bbox 2246 2138 2447 2211; x_wconf 61' lang='grc' dir='ltr'><strong>ιινυχῶν</strong></span> <span class='ocrx_word' id='word_1_426' title='bbox 2488 2138 2669 2210; x_wconf 76' lang='grc' dir='ltr'>ἰατρὸν</span> <span class='ocrx_word' id='word_1_427' title='bbox 2696 2138 2754 2191; x_wconf 85' lang='grc' dir='ltr'>ὃν</span> <span class='ocrx_word' id='word_1_428' title='bbox 2781 2138 2959 2206; x_wconf 86' lang='grc' dir='ltr'>λέγεις</span> <span class='ocrx_word' id='word_1_429' title='bbox 2985 2137 3079 2190; x_wconf 73' lang='grc' dir='ltr'>καὶ</span> <span class='ocrx_word' id='word_1_430' title='bbox 3106 2136 3394 2206; x_wconf 87' lang='grc' dir='ltr'>σωμάτων.</span> 
     </span>
    </p>
   </div>
   <div class='ocr_carea' id='block_1_80' title="bbox 2245 2229 3127 2301">
    <p class='ocr_par' dir='ltr' id='par_1_80' title="bbox 2245 2229 3127 2301">
     <span class='ocr_line' id='line_1_80' title="bbox 2245 2229 3127 2301; baseline -0.003 -16"><span class='ocrx_word' id='word_1_431' title='bbox 2245 2232 2355 2301; x_wconf 81' lang='grc' dir='ltr'><strong>Φὴς</strong></span> <span class='ocrx_word' id='word_1_432' title='bbox 2378 2232 2470 2285; x_wconf 70' lang='grc' dir='ltr'>καὶ</span> <span class='ocrx_word' id='word_1_433' title='bbox 2500 2230 2674 2300; x_wconf 87' lang='grc' dir='ltr'>πάρος</span> <span class='ocrx_word' id='word_1_434' title='bbox 2697 2231 2761 2283; x_wconf 86' lang='grc' dir='ltr'>ἐκ</span> <span class='ocrx_word' id='word_1_435' title='bbox 2788 2229 2992 2299; x_wconf 86' lang='grc' dir='ltr'>μητρὸς</span> <span class='ocrx_word' id='word_1_436' title='bbox 3022 2246 3127 2298; x_wconf 90' lang='grc' dir='ltr'><strong>φ...</strong></span> 
     </span>
    </p>
   </div>
   <div class='ocr_carea' id='block_1_81' title="bbox 2247 2320 3235 2393">
    <p class='ocr_par' dir='ltr' id='par_1_81' title="bbox 2247 2320 3235 2393">
     <span class='ocr_line' id='line_1_81' title="bbox 2247 2320 3235 2393; baseline -0.004 -16"><span class='ocrx_word' id='word_1_437' title='bbox 2247 2323 2498 2393; x_wconf 83' lang='grc' dir='ltr'>Αὐδήσας</span> <span class='ocrx_word' id='word_1_438' title='bbox 2520 2320 2728 2375; x_wconf 78' lang='grc' dir='ltr'>ἐκλύων</span> <span class='ocrx_word' id='word_1_439' title='bbox 2756 2320 2922 2375; x_wconf 79' lang='grc' dir='ltr'>αὐτοῦ</span> <span class='ocrx_word' id='word_1_440' title='bbox 2946 2322 3005 2373; x_wconf 75' lang='grc' dir='ltr'><strong>τὸ</strong></span> <span class='ocrx_word' id='word_1_441' title='bbox 3034 2320 3235 2391; x_wconf 88' lang='grc' dir='ltr'>κράτος</span> 
     </span>
    </p>
   </div>
   <div class='ocr_carea' id='block_1_82' title="bbox 2246 2409 3709 2487">
    <p class='ocr_par' dir='ltr' id='par_1_82' title="bbox 2246 2409 3709 2487">
     <span class='ocr_line' id='line_1_82' title="bbox 2246 2409 3709 2487; baseline -0.004 -18"><span class='ocrx_word' id='word_1_442' title='bbox 2246 2417 2438 2478; x_wconf 84' lang='grc' dir='ltr'>Σθενὲς</span> <span class='ocrx_word' id='word_1_443' title='bbox 2455 2414 2564 2487; x_wconf 82' lang='grc' dir='ltr'><strong>[ῑσ.</strong></span> <span class='ocrx_word' id='word_1_444' title='bbox 2589 2415 2659 2468; x_wconf 85' lang='grc' dir='ltr'><strong>Σύ</strong></span> <span class='ocrx_word' id='word_1_445' title='bbox 2678 2412 2995 2484; x_wconf 79' lang='grc' dir='ltr'>πανσθενὲς]</span> <span class='ocrx_word' id='word_1_446' title='bbox 3022 2413 3275 2483; x_wconf 85' lang='grc' dir='ltr'>μέγιστον</span> <span class='ocrx_word' id='word_1_447' title='bbox 3314 2409 3709 2482; x_wconf 77' lang='grc' dir='ltr'>ἐκκαλούμενος</span> 
     </span>
    </p>
   </div>
   <div class='ocr_carea' id='block_1_83' title="bbox 2246 2503 3410 2577">
    <p class='ocr_par' dir='ltr' id='par_1_83' title="bbox 2246 2503 3410 2577">
     <span class='ocr_line' id='line_1_83' title="bbox 2246 2503 3410 2577; baseline -0.005 -16"><span class='ocrx_word' id='word_1_448' title='bbox 2246 2507 2484 2577; x_wconf 80' lang='grc' dir='ltr'>Λουτρδν</span> <span class='ocrx_word' id='word_1_449' title='bbox 2512 2506 2572 2559; x_wconf 85' lang='grc' dir='ltr'><strong>τδ</strong></span> <span class='ocrx_word' id='word_1_450' title='bbox 2599 2504 2849 2576; x_wconf 85' lang='grc' dir='ltr'>λαμπρὸν</span> <span class='ocrx_word' id='word_1_451' title='bbox 2882 2505 2962 2567; x_wconf 91' lang='grc' dir='ltr'><strong>εἰς</strong></span> <span class='ocrx_word' id='word_1_452' title='bbox 2986 2504 3238 2574; x_wconf 84' lang='grc' dir='ltr'>βοήθειαν</span> <span class='ocrx_word' id='word_1_453' title='bbox 3259 2503 3410 2569; x_wconf 87' lang='grc' dir='ltr'>λαϐὲ,</span> 
     </span>
    </p>
   </div>
   <div class='ocr_carea' id='block_1_84' title="bbox 2248 2594 3380 2665">
    <p class='ocr_par' dir='ltr' id='par_1_84' title="bbox 2248 2594 3380 2665">
     <span class='ocr_line' id='line_1_84' title="bbox 2248 2594 3380 2665; baseline -0.006 -13"><span class='ocrx_word' id='word_1_454' title='bbox 2248 2598 2355 2652; x_wconf 70' lang='grc' dir='ltr'><strong>Καὶ</strong></span> <span class='ocrx_word' id='word_1_455' title='bbox 2384 2598 2566 2652; x_wconf 89' lang='grc' dir='ltr'>πίστιν</span> <span class='ocrx_word' id='word_1_456' title='bbox 2600 2596 2933 2665; x_wconf 87' lang='grc' dir='ltr'>ἀκράδαντον</span> <span class='ocrx_word' id='word_1_457' title='bbox 2969 2596 3050 2659; x_wconf 90' lang='grc' dir='ltr'><strong>εἰς</strong></span> <span class='ocrx_word' id='word_1_458' title='bbox 3083 2594 3380 2665; x_wconf 86' lang='grc' dir='ltr'>οἰκουρίαν,</span> 
     </span>
    </p>
   </div>
   <div class='ocr_carea' id='block_1_85' title="bbox 2246 2685 3431 2757">
    <p class='ocr_par' dir='ltr' id='par_1_85' title="bbox 2246 2685 3431 2757">
     <span class='ocr_line' id='line_1_85' title="bbox 2246 2685 3431 2757; baseline -0.005 -13"><span class='ocrx_word' id='word_1_459' title='bbox 2246 2690 2355 2744; x_wconf 75' lang='grc' dir='ltr'><strong>Καὶ</strong></span> <span class='ocrx_word' id='word_1_460' title='bbox 2386 2690 2563 2743; x_wconf 88' lang='grc' dir='ltr'>πάντα</span> <span class='ocrx_word' id='word_1_461' title='bbox 2587 2687 2757 2740; x_wconf 89' lang='grc' dir='ltr'>ποιῶν</span> <span class='ocrx_word' id='word_1_462' title='bbox 2788 2685 3046 2757; x_wconf 82' lang='grc' dir='ltr'>εὐμαρῶς</span> <span class='ocrx_word' id='word_1_463' title='bbox 3067 2686 3281 2749; x_wconf 87' lang='grc' dir='ltr'>πάντως</span> <span class='ocrx_word' id='word_1_464' title='bbox 3311 2685 3431 2755; x_wconf 77' lang='grc' dir='ltr'><strong>ἔσῃ.</strong></span> 
     </span>
    </p>
   </div>
   <div class='ocr_carea' id='block_1_86' title="bbox 2257 2776 3438 2849">
    <p class='ocr_par' dir='ltr' id='par_1_86' title="bbox 2257 2776 3438 2849">
     <span class='ocr_line' id='line_1_86' title="bbox 2257 2776 3438 2849; baseline -0.003 -18"><span class='ocrx_word' id='word_1_465' title='bbox 2257 2778 2635 2849; x_wconf 85' lang='grc' dir='ltr'>ᾙσχυμμένος</span> <span class='ocrx_word' id='word_1_466' title='bbox 2666 2778 2773 2849; x_wconf 78' lang='grc' dir='ltr'><strong>γὰρ</strong></span> <span class='ocrx_word' id='word_1_467' title='bbox 2796 2776 3059 2845; x_wconf 73' lang='grc' dir='ltr'>οὐμενοῦν</span> <span class='ocrx_word' id='word_1_468' title='bbox 3094 2776 3438 2846; x_wconf 81' lang='grc' dir='ltr'>ἀπεστράφη,</span> 
     </span>
    </p>
   </div>
   <div class='ocr_carea' id='block_1_87' title="bbox 2248 2866 3701 2943">
    <p class='ocr_par' dir='ltr' id='par_1_87' title="bbox 2248 2866 3701 2943">
     <span class='ocr_line' id='line_1_87' title="bbox 2248 2866 3701 2943; baseline -0.004 -19"><span class='ocrx_word' id='word_1_469' title='bbox 2248 2872 2343 2933; x_wconf 83' lang='grc' dir='ltr'>Ὣς</span> <span class='ocrx_word' id='word_1_470' title='bbox 2370 2869 2483 2942; x_wconf 70' lang='grc' dir='ltr'>[γρ.</span> <span class='ocrx_word' id='word_1_471' title='bbox 2520 2869 2639 2943; x_wconf 86' lang='grc' dir='ltr'><strong>Ὃς]</strong></span> <span class='ocrx_word' id='word_1_472' title='bbox 2664 2871 2755 2923; x_wconf 69' lang='grc' dir='ltr'><strong>καὶ</strong></span> <span class='ocrx_word' id='word_1_473' title='bbox 2778 2868 2915 2940; x_wconf 83' lang='grc' dir='ltr'>πρὸς</span> <span class='ocrx_word' id='word_1_474' title='bbox 2937 2868 3098 2923; x_wconf 74' lang='grc' dir='ltr'>αὐτὸν</span> <span class='ocrx_word' id='word_1_475' title='bbox 3122 2870 3184 2921; x_wconf 84' lang='grc' dir='ltr'>ὲκ</span> <span class='ocrx_word' id='word_1_476' title='bbox 3213 2867 3553 2938; x_wconf 72' lang='grc' dir='ltr'>προμηθείας</span> <span class='ocrx_word' id='word_1_477' title='bbox 3576 2866 3701 2936; x_wconf 83' lang='grc' dir='ltr'>τρέ-</span> 
     </span>
    </p>
   </div>
   <div class='ocr_carea' id='block_1_88' title="bbox 2246 2957 3707 3034">
    <p class='ocr_par' dir='ltr' id='par_1_88' title="bbox 2246 2957 3707 3034">
     <span class='ocr_line' id='line_1_88' title="bbox 2246 2957 3707 3034; baseline -0.003 -17"><span class='ocrx_word' id='word_1_478' title='bbox 2246 2963 2409 3017; x_wconf 87' lang='grc' dir='ltr'>Ὅθεν</span> <span class='ocrx_word' id='word_1_479' title='bbox 2437 2963 2684 3034; x_wconf 85' lang='grc' dir='ltr'>γεγηθὼς</span> <span class='ocrx_word' id='word_1_480' title='bbox 2748 2962 2958 3034; x_wconf 79' lang='grc' dir='ltr'>ἡμέραν</span> <span class='ocrx_word' id='word_1_481' title='bbox 2991 2962 3113 3015; x_wconf 79' lang='grc' dir='ltr'>καθ’</span> <span class='ocrx_word' id='word_1_482' title='bbox 3141 2962 3352 3032; x_wconf 80' lang='grc' dir='ltr'>ἡμέραν</span> <span class='ocrx_word' id='word_1_483' title='bbox 3573 2957 3707 3031; x_wconf 83' lang='grc' dir='ltr'>[χων</span> 
     </span>
    </p>
   </div>
   <div class='ocr_carea' id='block_1_89' title="bbox 2246 3052 3282 3125">
    <p class='ocr_par' dir='ltr' id='par_1_89' title="bbox 2246 3052 3282 3125">
     <span class='ocr_line' id='line_1_89' title="bbox 2246 3052 3282 3125; baseline -0.004 -17"><span class='ocrx_word' id='word_1_484' title='bbox 2246 3055 2495 3125; x_wconf 86' lang='grc' dir='ltr'>Ἔστειχε</span> <span class='ocrx_word' id='word_1_485' title='bbox 2524 3054 2659 3125; x_wconf 81' lang='grc' dir='ltr'>πρὸς</span> <span class='ocrx_word' id='word_1_486' title='bbox 2679 3053 2937 3123; x_wconf 87' lang='grc' dir='ltr'>γέροντος</span> <span class='ocrx_word' id='word_1_487' title='bbox 2968 3052 3282 3122; x_wconf 70' lang='grc' dir='ltr'>οἰκητήριον</span> 
     </span>
    </p>
   </div>
   <div class='ocr_carea' id='block_1_90' title="bbox 2255 3141 3396 3214">
    <p class='ocr_par' dir='ltr' id='par_1_90' title="bbox 2255 3141 3396 3214">
     <span class='ocr_line' id='line_1_90' title="bbox 2255 3141 3396 3214; baseline -0.005 -15"><span class='ocrx_word' id='word_1_488' title='bbox 2255 3145 2315 3199; x_wconf 82' lang='grc'><strong>’0</strong></span> <span class='ocrx_word' id='word_1_489' title='bbox 2344 3144 2705 3199; x_wconf 85' lang='grc' dir='ltr'>Πανταλείων.</span> <span class='ocrx_word' id='word_1_490' title='bbox 2729 3143 2804 3197; x_wconf 93' lang='grc' dir='ltr'>Οὐ</span> <span class='ocrx_word' id='word_1_491' title='bbox 2833 3142 2943 3214; x_wconf 79' lang='grc' dir='ltr'><strong>γὰρ</strong></span> <span class='ocrx_word' id='word_1_492' title='bbox 2968 3144 3047 3205; x_wconf 91' lang='grc' dir='ltr'><strong>εἰς</strong></span> <span class='ocrx_word' id='word_1_493' title='bbox 3073 3141 3163 3195; x_wconf 79' lang='grc' dir='ltr'>ἑοῦ</span> <span class='ocrx_word' id='word_1_494' title='bbox 3193 3141 3396 3213; x_wconf 76' lang='grc' dir='ltr'>πατρὸς</span> 
     </span>
    </p>
   </div>
   <div class='ocr_carea' id='block_1_91' title="bbox 2247 3231 3240 3309">
    <p class='ocr_par' dir='ltr' id='par_1_91' title="bbox 2247 3231 3240 3309">
     <span class='ocr_line' id='line_1_91' title="bbox 2247 3231 3240 3309; baseline -0.007 -18"><span class='ocrx_word' id='word_1_495' title='bbox 2247 3235 2467 3309; x_wconf 82' lang='grc' dir='ltr'>Οἵκημα</span> <span class='ocrx_word' id='word_1_496' title='bbox 2498 3234 2882 3289; x_wconf 88' lang='grc' dir='ltr'>καλλίτευκτον</span> <span class='ocrx_word' id='word_1_497' title='bbox 2912 3231 3085 3303; x_wconf 81' lang='grc' dir='ltr'>εἰσῄει</span> <span class='ocrx_word' id='word_1_498' title='bbox 3111 3231 3240 3285; x_wconf 81' lang='grc' dir='ltr'>ποτὲ</span> 
     </span>
    </p>
   </div>
   <div class='ocr_carea' id='block_1_92' title="bbox 2244 3322 3385 3399">
    <p class='ocr_par' dir='ltr' id='par_1_92' title="bbox 2244 3322 3385 3399">
     <span class='ocr_line' id='line_1_92' title="bbox 2244 3322 3385 3399; baseline -0.009 -15"><span class='ocrx_word' id='word_1_499' title='bbox 2244 3329 2449 3385; x_wconf 85' lang='grc' dir='ltr'>Νόστον</span> <span class='ocrx_word' id='word_1_500' title='bbox 2486 3327 2924 3399; x_wconf 88' lang='grc' dir='ltr'>παλιμπόρευτον</span> <span class='ocrx_word' id='word_1_501' title='bbox 2955 3326 3019 3379; x_wconf 86' lang='grc' dir='ltr'>ὲκ</span> <span class='ocrx_word' id='word_1_502' title='bbox 3043 3322 3385 3387; x_wconf 79' lang='grc' dir='ltr'>διδασκάλου,</span> 
     </span>
    </p>
   </div>
   <div class='ocr_carea' id='block_1_93' title="bbox 2246 3413 3518 3489">
    <p class='ocr_par' dir='ltr' id='par_1_93' title="bbox 2246 3413 3518 3489">
     <span class='ocr_line' id='line_1_93' title="bbox 2246 3413 3518 3489; baseline -0.004 -17"><span class='ocrx_word' id='word_1_503' title='bbox 2246 3419 2431 3472; x_wconf 89' lang='grc' dir='ltr'>Θέλων</span> <span class='ocrx_word' id='word_1_504' title='bbox 2470 3418 2576 3489; x_wconf 81' lang='grc' dir='ltr'>πρὸ</span> <span class='ocrx_word' id='word_1_505' title='bbox 2597 3417 2690 3471; x_wconf 83' lang='grc' dir='ltr'>τοῦ</span> <span class='ocrx_word' id='word_1_506' title='bbox 2718 3416 2970 3487; x_wconf 87' lang='grc' dir='ltr'>γέροντος</span> <span class='ocrx_word' id='word_1_507' title='bbox 3003 3417 3083 3477; x_wconf 87' lang='grc' dir='ltr'><strong>εἰς</strong></span> <span class='ocrx_word' id='word_1_508' title='bbox 3115 3413 3284 3476; x_wconf 77' lang='grc' dir='ltr'>πόδας</span> <span class='ocrx_word' id='word_1_509' title='bbox 3312 3413 3518 3467; x_wconf 83' lang='grc' dir='ltr'>πεσεῖν.</span> 
     </span>
    </p>
   </div>
   <div class='ocr_carea' id='block_1_94' title="bbox 2314 3506 3355 3583">
    <p class='ocr_par' dir='ltr' id='par_1_94' title="bbox 2314 3506 3355 3583">
     <span class='ocr_line' id='line_1_94' title="bbox 2314 3506 3355 3583; baseline -0.007 -18"><span class='ocrx_word' id='word_1_510' title='bbox 2314 3513 2430 3583; x_wconf 80' lang='grc' dir='ltr'><strong>Μιᾷ</strong></span> <span class='ocrx_word' id='word_1_511' title='bbox 2456 3512 2514 3565; x_wconf 80' lang='grc' dir='ltr'>δὲ</span> <span class='ocrx_word' id='word_1_512' title='bbox 2552 3510 2761 3564; x_wconf 88' lang='grc' dir='ltr'>πολλῶν</span> <span class='ocrx_word' id='word_1_513' title='bbox 2794 3508 3015 3581; x_wconf 81' lang='grc' dir='ltr'>ἡμερῶν</span> <span class='ocrx_word' id='word_1_514' title='bbox 3036 3506 3355 3576; x_wconf 83' lang='grc' dir='ltr'>τελουμένη,</span> 
     </span>
    </p>
   </div>
   <div class='ocr_carea' id='block_1_95' title="bbox 2249 3599 3338 3674">
    <p class='ocr_par' dir='ltr' id='par_1_95' title="bbox 2249 3599 3338 3674">
     <span class='ocr_line' id='line_1_95' title="bbox 2249 3599 3338 3674; baseline -0.007 -17"><span class='ocrx_word' id='word_1_515' title='bbox 2249 3602 2455 3668; x_wconf 79' lang='grc' dir='ltr'>Ἔξωθε</span> <span class='ocrx_word' id='word_1_516' title='bbox 2492 3602 2689 3674; x_wconf 72' lang='grc' dir='ltr'>μικρὸν</span> <span class='ocrx_word' id='word_1_517' title='bbox 2716 3601 2819 3671; x_wconf 83' lang='grc' dir='ltr'>τῆς</span> <span class='ocrx_word' id='word_1_518' title='bbox 2846 3600 2968 3654; x_wconf 81' lang='grc' dir='ltr'>ὁδοῦ</span> <span class='ocrx_word' id='word_1_519' title='bbox 2993 3599 3338 3670; x_wconf 86' lang='grc' dir='ltr'>παρεκθέων,</span> 
     </span>
    </p>
   </div>
   <div class='ocr_carea' id='block_1_96' title="bbox 2256 3692 3319 3767">
    <p class='ocr_par' dir='ltr' id='par_1_96' title="bbox 2256 3692 3319 3767">
     <span class='ocr_line' id='line_1_96' title="bbox 2256 3692 3319 3767; baseline -0.004 -18"><span class='ocrx_word' id='word_1_520' title='bbox 2256 3695 2589 3767; x_wconf 88' lang='grc' dir='ltr'>Ὀδοιπορῶν</span> <span class='ocrx_word' id='word_1_521' title='bbox 2619 3696 2872 3764; x_wconf 73' lang='grc' dir='ltr'>αἴσχιστα</span> <span class='ocrx_word' id='word_1_522' title='bbox 2894 3693 2997 3763; x_wconf 83' lang='grc' dir='ltr'>τῆς</span> <span class='ocrx_word' id='word_1_523' title='bbox 3019 3692 3319 3761; x_wconf 85' lang='grc' dir='ltr'>λεωφόρου.</span> 
     </span>
    </p>
   </div>
   <div class='ocr_carea' id='block_1_97' title="bbox 2258 3784 3281 3860">
    <p class='ocr_par' dir='ltr' id='par_1_97' title="bbox 2258 3784 3281 3860">
     <span class='ocr_line' id='line_1_97' title="bbox 2258 3784 3281 3860; baseline -0.006 -18"><span class='ocrx_word' id='word_1_524' title='bbox 2258 3788 2489 3860; x_wconf 80' lang='grc' dir='ltr'>Ἐφεῦρε</span> <span class='ocrx_word' id='word_1_525' title='bbox 2528 3787 2860 3859; x_wconf 88' lang='grc' dir='ltr'>θηρόδηκτον</span> <span class='ocrx_word' id='word_1_526' title='bbox 2887 3789 2945 3839; x_wconf 82' lang='grc' dir='ltr'>ὲν</span> <span class='ocrx_word' id='word_1_527' title='bbox 2967 3788 3037 3856; x_wconf 79' lang='grc' dir='ltr'><strong>γῇ</strong></span> <span class='ocrx_word' id='word_1_528' title='bbox 3070 3784 3281 3839; x_wconf 85' lang='grc' dir='ltr'>παιδίον</span> 
     </span>
    </p>
   </div>
   <div class='ocr_carea' id='block_1_98' title="bbox 2245 3876 3318 3953">
    <p class='ocr_par' dir='ltr' id='par_1_98' title="bbox 2245 3876 3318 3953">
     <span class='ocr_line' id='line_1_98' title="bbox 2245 3876 3318 3953; baseline -0.007 -18"><span class='ocrx_word' id='word_1_529' title='bbox 2245 3880 2518 3953; x_wconf 82' lang='grc' dir='ltr'>Τεθνηκδς</span> <span class='ocrx_word' id='word_1_530' title='bbox 2549 3881 2672 3950; x_wconf 76' lang='grc' dir='ltr'>ἤδη,</span> <span class='ocrx_word' id='word_1_531' title='bbox 2698 3880 2792 3933; x_wconf 68' lang='grc' dir='ltr'><strong>καλ</strong></span> <span class='ocrx_word' id='word_1_532' title='bbox 2816 3879 2877 3932; x_wconf 84' lang='grc' dir='ltr'><strong>τὸ</strong></span> <span class='ocrx_word' id='word_1_533' title='bbox 2907 3877 3095 3948; x_wconf 83' lang='grc' dir='ltr'>θηρίον</span> <span class='ocrx_word' id='word_1_534' title='bbox 3128 3876 3318 3939; x_wconf 86' lang='grc' dir='ltr'>πέλας·</span> 
     </span>
    </p>
   </div>
   <div class='ocr_carea' id='block_1_99' title="bbox 2248 3965 3473 4043">
    <p class='ocr_par' dir='ltr' id='par_1_99' title="bbox 2248 3965 3473 4043">
     <span class='ocr_line' id='line_1_99' title="bbox 2248 3965 3473 4043; baseline -0.007 -15"><span class='ocrx_word' id='word_1_535' title='bbox 2248 3976 2404 4043; x_wconf 83' lang='grc' dir='ltr'>Ἕχις</span> <span class='ocrx_word' id='word_1_536' title='bbox 2437 3973 2545 4043; x_wconf 83' lang='grc' dir='ltr'>γὰρ</span> <span class='ocrx_word' id='word_1_537' title='bbox 2568 3968 2635 4043; x_wconf 80' lang='grc' dir='ltr'>ἦν</span> <span class='ocrx_word' id='word_1_538' title='bbox 2674 3972 2934 4034; x_wconf 83' lang='grc' dir='ltr'>κάκιστος</span> <span class='ocrx_word' id='word_1_539' title='bbox 2963 3970 3146 4041; x_wconf 76' lang='grc' dir='ltr'>ἕρπων</span> <span class='ocrx_word' id='word_1_540' title='bbox 3179 3969 3259 4030; x_wconf 89' lang='grc' dir='ltr'><strong>εἰς</strong></span> <span class='ocrx_word' id='word_1_541' title='bbox 3285 3965 3473 4038; x_wconf 81' lang='grc' dir='ltr'>χθόνα.</span> 
     </span>
    </p>
   </div>
   <div class='ocr_carea' id='block_1_100' title="bbox 2246 4060 3291 4138">
    <p class='ocr_par' dir='ltr' id='par_1_100' title="bbox 2246 4060 3291 4138">
     <span class='ocr_line' id='line_1_100' title="bbox 2246 4060 3291 4138; baseline -0.009 -17"><span class='ocrx_word' id='word_1_542' title='bbox 2246 4066 2423 4138; x_wconf 78' lang='grc' dir='ltr'>Πολλῇ</span> <span class='ocrx_word' id='word_1_543' title='bbox 2457 4066 2514 4120; x_wconf 78' lang='grc' dir='ltr'>δὲ</span> <span class='ocrx_word' id='word_1_544' title='bbox 2537 4064 2721 4118; x_wconf 77' lang='grc' dir='ltr'>λοιπὸν</span> <span class='ocrx_word' id='word_1_545' title='bbox 2749 4062 3029 4133; x_wconf 77' lang='grc' dir='ltr'>συσχεθεὶς</span> <span class='ocrx_word' id='word_1_546' title='bbox 3060 4060 3291 4131; x_wconf 78' lang='grc' dir='ltr'>ἀγωνίᾳ,</span> 
     </span>
    </p>
   </div>
   <div class='ocr_carea' id='block_1_101' title="bbox 2246 4152 3297 4225">
    <p class='ocr_par' dir='ltr' id='par_1_101' title="bbox 2246 4152 3297 4225">
     <span class='ocr_line' id='line_1_101' title="bbox 2246 4152 3297 4225; baseline -0.009 -13"><span class='ocrx_word' id='word_1_547' title='bbox 2246 4158 2612 4212; x_wconf 80' lang='grc' dir='ltr'>Κατεπτοεῐτο</span> <span class='ocrx_word' id='word_1_548' title='bbox 2637 4154 3063 4225; x_wconf 83' lang='grc' dir='ltr'>δειματούμενος</span> <span class='ocrx_word' id='word_1_549' title='bbox 3091 4152 3297 4223; x_wconf 85' lang='grc' dir='ltr'>δρόμῳ,</span> 
     </span>
    </p>
   </div>
   <div class='ocr_carea' id='block_1_102' title="bbox 2246 4241 3357 4319">
    <p class='ocr_par' dir='ltr' id='par_1_102' title="bbox 2246 4241 3357 4319">
     <span class='ocr_line' id='line_1_102' title="bbox 2246 4241 3357 4319; baseline -0.007 -18"><span class='ocrx_word' id='word_1_550' title='bbox 2246 4247 2433 4319; x_wconf 86' lang='grc' dir='ltr'>Συχνῷ</span> <span class='ocrx_word' id='word_1_551' title='bbox 2468 4265 2527 4301; x_wconf 81' lang='grc' dir='ltr'><strong>τε</strong></span> <span class='ocrx_word' id='word_1_552' title='bbox 2558 4246 2758 4317; x_wconf 89' lang='grc' dir='ltr'>παλμῷ</span> <span class='ocrx_word' id='word_1_553' title='bbox 2786 4245 2880 4300; x_wconf 75' lang='grc' dir='ltr'><strong>καὶ</strong></span> <span class='ocrx_word' id='word_1_554' title='bbox 2904 4245 3013 4299; x_wconf 87' lang='grc' dir='ltr'>δέει</span> <span class='ocrx_word' id='word_1_555' title='bbox 3041 4243 3134 4298; x_wconf 76' lang='grc' dir='ltr'><strong>καὶ</strong></span> <span class='ocrx_word' id='word_1_556' title='bbox 3164 4241 3357 4313; x_wconf 77' lang='grc' dir='ltr'>δειλίᾳ,</span> 
     </span>
    </p>
   </div>
   <div class='ocr_carea' id='block_1_103' title="bbox 2246 4333 3409 4409">
    <p class='ocr_par' dir='ltr' id='par_1_103' title="bbox 2246 4333 3409 4409">
     <span class='ocr_line' id='line_1_103' title="bbox 2246 4333 3409 4409; baseline -0.004 -16"><span class='ocrx_word' id='word_1_557' title='bbox 2246 4337 2474 4409; x_wconf 83' lang='grc' dir='ltr'>Ἐστηκ’</span> <span class='ocrx_word' id='word_1_558' title='bbox 2503 4338 2730 4402; x_wconf 80' lang='grc' dir='ltr'>ἄναυδος</span> <span class='ocrx_word' id='word_1_559' title='bbox 2762 4338 2987 4407; x_wconf 75' lang='grc' dir='ltr'>εἰσορῶν</span> <span class='ocrx_word' id='word_1_560' title='bbox 3019 4335 3080 4388; x_wconf 79' lang='grc' dir='ltr'><strong>τὸ</strong></span> <span class='ocrx_word' id='word_1_561' title='bbox 3115 4333 3409 4405; x_wconf 84' lang='grc' dir='ltr'>δρώμενον.</span> 
     </span>
    </p>
   </div>
   <div class='ocr_carea' id='block_1_104' title="bbox 2244 4426 3486 4501">
    <p class='ocr_par' dir='ltr' id='par_1_104' title="bbox 2244 4426 3486 4501">
     <span class='ocr_line' id='line_1_104' title="bbox 2244 4426 3486 4501; baseline -0.002 -18"><span class='ocrx_word' id='word_1_562' title='bbox 2244 4430 2429 4501; x_wconf 83' lang='grc' dir='ltr'>Χωρεϊ</span> <span class='ocrx_word' id='word_1_563' title='bbox 2455 4429 2511 4482; x_wconf 77' lang='grc' dir='ltr'>δὲ</span> <span class='ocrx_word' id='word_1_564' title='bbox 2537 4431 2780 4499; x_wconf 79' lang='grc' dir='ltr'>πρόσσω,</span> <span class='ocrx_word' id='word_1_565' title='bbox 2814 4427 2905 4483; x_wconf 90' lang='grc' dir='ltr'><strong>καί</strong></span> <span class='ocrx_word' id='word_1_566' title='bbox 2932 4428 3291 4490; x_wconf 90' lang='grc' dir='ltr'>παλλίσσυτος</span> <span class='ocrx_word' id='word_1_567' title='bbox 3330 4426 3486 4481; x_wconf 65' lang='grc' dir='ltr'>πάλιν</span> 
     </span>
    </p>
   </div>
   <div class='ocr_carea' id='block_1_105' title="bbox 2254 4517 3462 4590">
    <p class='ocr_par' dir='ltr' id='par_1_105' title="bbox 2254 4517 3462 4590">
     <span class='ocr_line' id='line_1_105' title="bbox 2254 4517 3462 4590; baseline -0.003 -16"><span class='ocrx_word' id='word_1_568' title='bbox 2254 4518 2456 4574; x_wconf 83' lang='grc' dir='ltr'>Ἐλθὼν</span> <span class='ocrx_word' id='word_1_569' title='bbox 2483 4518 2694 4574; x_wconf 78' lang='grc' dir='ltr'>ὀπίσσω</span> <span class='ocrx_word' id='word_1_570' title='bbox 2722 4521 2813 4589; x_wconf 79' lang='grc' dir='ltr'><strong>καὶ</strong></span> <span class='ocrx_word' id='word_1_571' title='bbox 2854 4520 3211 4590; x_wconf 76' lang='grc' dir='ltr'>συναθροίσας</span> <span class='ocrx_word' id='word_1_572' title='bbox 3240 4517 3462 4588; x_wconf 85' lang='grc' dir='ltr'>φρένας,</span> 
     </span>
    </p>
   </div>
   <div class='ocr_carea' id='block_1_106' title="bbox 2239 4608 3296 4681">
    <p class='ocr_par' dir='ltr' id='par_1_106' title="bbox 2239 4608 3296 4681">
     <span class='ocr_line' id='line_1_106' title="bbox 2239 4608 3296 4681; baseline -0.004 -18"><span class='ocrx_word' id='word_1_573' title='bbox 2239 4610 2303 4664; x_wconf 87' lang='grc' dir='ltr'>Εἰ</span> <span class='ocrx_word' id='word_1_574' title='bbox 2333 4608 2448 4681; x_wconf 84' lang='grc' dir='ltr'>δῆτ’</span> <span class='ocrx_word' id='word_1_575' title='bbox 2478 4609 2698 4679; x_wconf 85' lang='grc' dir='ltr'>ἀληθεῖς</span> <span class='ocrx_word' id='word_1_576' title='bbox 2724 4611 3099 4680; x_wconf 87' lang='grc' dir='ltr'>οἰγερόντειοι</span> <span class='ocrx_word' id='word_1_577' title='bbox 3124 4609 3296 4677; x_wconf 87' lang='grc' dir='ltr'>λόγοι,</span> 
     </span>
    </p>
   </div>
   <div class='ocr_carea' id='block_1_107' title="bbox 2238 4692 3543 4771">
    <p class='ocr_par' dir='ltr' id='par_1_107' title="bbox 2238 4692 3543 4771">
     <span class='ocr_line' id='line_1_107' title="bbox 2238 4692 3543 4771; baseline -0.002 -18"><span class='ocrx_word' id='word_1_578' title='bbox 2238 4692 2368 4753; x_wconf 74' lang='grc' dir='ltr'>Ὧδε</span> <span class='ocrx_word' id='word_1_579' title='bbox 2409 4702 2671 4771; x_wconf 84' lang='grc' dir='ltr'>προσεῖπε</span> <span class='ocrx_word' id='word_1_580' title='bbox 2691 4717 2705 4731; x_wconf 74' lang='grc' dir='ltr'><strong>ο</strong></span> <span class='ocrx_word' id='word_1_581' title='bbox 2743 4700 3028 4770; x_wconf 84' lang='grc' dir='ltr'>Γνὼσομαι</span> <span class='ocrx_word' id='word_1_582' title='bbox 3055 4717 3070 4732; x_wconf 87' lang='grc'><strong>·</strong></span> <span class='ocrx_word' id='word_1_583' title='bbox 3100 4700 3197 4753; x_wconf 78' lang='grc' dir='ltr'><strong>καὶ</strong></span> <span class='ocrx_word' id='word_1_584' title='bbox 3228 4698 3543 4769; x_wconf 82' lang='grc' dir='ltr'>πρόσφατον</span> 
     </span>
    </p>
   </div>
   <div class='ocr_carea' id='block_1_108' title="bbox 2240 4788 3460 4859">
    <p class='ocr_par' dir='ltr' id='par_1_108' title="bbox 2240 4788 3460 4859">
     <span class='ocr_line' id='line_1_108' title="bbox 2240 4788 3460 4859; baseline -0.002 -18"><span class='ocrx_word' id='word_1_585' title='bbox 2240 4788 2442 4859; x_wconf 70' lang='grc' dir='ltr'>Στῆθοι,</span> <span class='ocrx_word' id='word_1_586' title='bbox 2471 4790 2740 4856; x_wconf 80' lang='grc' dir='ltr'>πατάξας,</span> <span class='ocrx_word' id='word_1_587' title='bbox 2768 4790 2922 4859; x_wconf 77' lang='grc' dir='ltr'>ὄμμα</span> <span class='ocrx_word' id='word_1_588' title='bbox 2955 4790 3136 4852; x_wconf 87' lang='grc' dir='ltr'>τείνας</span> <span class='ocrx_word' id='word_1_589' title='bbox 3166 4790 3246 4852; x_wconf 88' lang='grc' dir='ltr'><strong>εἰς</strong></span> <span class='ocrx_word' id='word_1_590' title='bbox 3276 4788 3460 4856; x_wconf 84' lang='grc' dir='ltr'>πόλον,</span> 
     </span>
    </p>
   </div>
   <div class='ocr_carea' id='block_1_109' title="bbox 2239 4879 3351 4953">
    <p class='ocr_par' dir='ltr' id='par_1_109' title="bbox 2239 4879 3351 4953">
     <span class='ocr_line' id='line_1_109' title="bbox 2239 4879 3351 4953; baseline -0.001 -19"><span class='ocrx_word' id='word_1_591' title='bbox 2239 4880 2352 4934; x_wconf 75' lang='grc' dir='ltr'><strong>Καὶ</strong></span> <span class='ocrx_word' id='word_1_592' title='bbox 2378 4883 2567 4953; x_wconf 84' lang='grc' dir='ltr'>χεῖρας</span> <span class='ocrx_word' id='word_1_593' title='bbox 2594 4883 2672 4946; x_wconf 86' lang='grc' dir='ltr'><strong>εἰς</strong></span> <span class='ocrx_word' id='word_1_594' title='bbox 2705 4882 2934 4953; x_wconf 78' lang='grc' dir='ltr'>ἔπαρσιν</span> <span class='ocrx_word' id='word_1_595' title='bbox 2968 4880 3187 4951; x_wconf 79' lang='grc' dir='ltr'>ὐψώσας</span> <span class='ocrx_word' id='word_1_596' title='bbox 3216 4879 3351 4946; x_wconf 78' lang='grc' dir='ltr'>ἄνω,</span> 
     </span>
    </p>
   </div>
   <div class='ocr_carea' id='block_1_110' title="bbox 2245 4970 3333 5040">
    <p class='ocr_par' dir='ltr' id='par_1_110' title="bbox 2245 4970 3333 5040">
     <span class='ocr_line' id='line_1_110' title="bbox 2245 4970 3333 5040; baseline 0 -15"><span class='ocrx_word' id='word_1_597' title='bbox 2245 4970 2434 5037; x_wconf 80' lang='grc' dir='ltr'>Ἔλεξε</span> <span class='ocrx_word' id='word_1_598' title='bbox 2463 4972 2681 5026; x_wconf 88' lang='grc' dir='ltr'>πάντων</span> <span class='ocrx_word' id='word_1_599' title='bbox 2709 4972 3101 5029; x_wconf 84' lang='grc' dir='ltr'>εὐσεϐέστατον</span> <span class='ocrx_word' id='word_1_600' title='bbox 3127 4971 3286 5040; x_wconf 89' lang='grc' dir='ltr'>λόγον</span> <span class='ocrx_word' id='word_1_601' title='bbox 3318 4987 3333 5002; x_wconf 78' lang='grc'><strong>⁸</strong></span> 
     </span>
    </p>
   </div>
   <div class='ocr_carea' id='block_1_111' title="bbox 2307 5058 3453 5134">
    <p class='ocr_par' dir='ltr' id='par_1_111' title="bbox 2307 5058 3453 5134">
     <span class='ocr_line' id='line_1_111' title="bbox 2307 5058 3453 5134; baseline 0.002 -19"><span class='ocrx_word' id='word_1_602' title='bbox 2307 5058 2379 5115; x_wconf 80' lang='grc' dir='ltr'><strong><em>Ὦ</em></strong></span> <span class='ocrx_word' id='word_1_603' title='bbox 2402 5062 2605 5133; x_wconf 73' lang='grc' dir='ltr'>Χριστὲ</span> <span class='ocrx_word' id='word_1_604' title='bbox 2635 5062 2838 5132; x_wconf 88' lang='grc' dir='ltr'>Σῶτερ,</span> <span class='ocrx_word' id='word_1_605' title='bbox 2871 5058 2916 5116; x_wconf 82' lang='grc' dir='ltr'>ὦ</span> <span class='ocrx_word' id='word_1_606' title='bbox 2948 5064 3244 5134; x_wconf 88' lang='grc' dir='ltr'>προάρχιον</span> <span class='ocrx_word' id='word_1_607' title='bbox 3272 5062 3453 5128; x_wconf 86' lang='grc' dir='ltr'>σέλας,</span> 
     </span>
    </p>
   </div>
   <div class='ocr_carea' id='block_1_112' title="bbox 2252 5151 3462 5226">
    <p class='ocr_par' dir='ltr' id='par_1_112' title="bbox 2252 5151 3462 5226">
     <span class='ocr_line' id='line_1_112' title="bbox 2252 5151 3462 5226; baseline 0.04 -22"><span class='ocrx_word' id='word_1_608' title='bbox 2252 5151 2315 5206; x_wconf 81' lang='grc' dir='ltr'>Ὀ</span> <span class='ocrx_word' id='word_1_609' title='bbox 2344 5151 2522 5207; x_wconf 81' lang='grc' dir='ltr'>πάντα</span> <span class='ocrx_word' id='word_1_610' title='bbox 2548 5154 2801 5223; x_wconf 84' lang='grc' dir='ltr'>πράττων</span> <span class='ocrx_word' id='word_1_611' title='bbox 2825 5157 2892 5224; x_wconf 78' lang='grc' dir='ltr'><strong>τῇ</strong></span> <span class='ocrx_word' id='word_1_612' title='bbox 2923 5152 3140 5223; x_wconf 71' lang='grc' dir='ltr'>θελήσει</span> <span class='ocrx_word' id='word_1_613' title='bbox 3169 5153 3265 5206; x_wconf 54' lang='grc' dir='ltr'><strong>καὶ</strong></span> <span class='ocrx_word' id='word_1_614' title='bbox 3302 5154 3462 5226; x_wconf 70' lang='grc' dir='ltr'><strong>μόνηο</strong></span> 
     </span>
    </p>
   </div>
   <div class='ocr_carea' id='block_1_113' title="bbox 2238 5234 3418 5313">
    <p class='ocr_par' dir='ltr' id='par_1_113' title="bbox 2238 5234 3418 5313">
     <span class='ocr_line' id='line_1_113' title="bbox 2238 5234 3418 5313; baseline 0.003 -19"><span class='ocrx_word' id='word_1_615' title='bbox 2238 5241 2378 5313; x_wconf 82' lang='grc' dir='ltr'>Παρ’</span> <span class='ocrx_word' id='word_1_616' title='bbox 2401 5234 2462 5295; x_wconf 79' lang='grc' dir='ltr'><strong>οὐ</strong></span> <span class='ocrx_word' id='word_1_617' title='bbox 2490 5241 2702 5296; x_wconf 86' lang='grc' dir='ltr'>κάτεισι</span> <span class='ocrx_word' id='word_1_618' title='bbox 2734 5245 2881 5297; x_wconf 80' lang='grc' dir='ltr'>πᾶσα</span> <span class='ocrx_word' id='word_1_619' title='bbox 2905 5243 3013 5295; x_wconf 90' lang='grc' dir='ltr'><strong>τῶν</strong></span> <span class='ocrx_word' id='word_1_620' title='bbox 3041 5243 3221 5297; x_wconf 89' lang='grc' dir='ltr'>καλῶν</span> <span class='ocrx_word' id='word_1_621' title='bbox 3249 5244 3418 5312; x_wconf 82' lang='grc' dir='ltr'>δόσις,</span> 
     </span>
    </p>
   </div>
   <div class='ocr_carea' id='block_1_114' title="bbox 2238 5332 3300 5405">
    <p class='ocr_par' dir='ltr' id='par_1_114' title="bbox 2238 5332 3300 5405">
     <span class='ocr_line' id='line_1_114' title="bbox 2238 5332 3300 5405; baseline 0.001 -18"><span class='ocrx_word' id='word_1_622' title='bbox 2238 5332 2301 5388; x_wconf 86' lang='grc' dir='ltr'>Εἰ</span> <span class='ocrx_word' id='word_1_623' title='bbox 2330 5334 2422 5387; x_wconf 87' lang='grc' dir='ltr'><strong>σόν</strong></span> <span class='ocrx_word' id='word_1_624' title='bbox 2454 5351 2521 5403; x_wconf 91' lang='grc' dir='ltr'><strong>με</strong></span> <span class='ocrx_word' id='word_1_625' title='bbox 2551 5334 2734 5387; x_wconf 82' lang='grc' dir='ltr'>δοῦλον</span> <span class='ocrx_word' id='word_1_626' title='bbox 2763 5335 2933 5399; x_wconf 77' lang='grc' dir='ltr'>ἀξιοῖς</span> <span class='ocrx_word' id='word_1_627' title='bbox 2972 5336 3300 5405; x_wconf 84' lang='grc' dir='ltr'>πεφυκέναι,</span> 
     </span>
    </p>
   </div>
   <div class='ocr_carea' id='block_1_115' title="bbox 2237 5425 3265 5498">
    <p class='ocr_par' dir='ltr' id='par_1_115' title="bbox 2237 5425 3265 5498">
     <span class='ocr_line' id='line_1_115' title="bbox 2237 5425 3265 5498; baseline 0.002 -21"><span class='ocrx_word' id='word_1_628' title='bbox 2237 5427 2518 5496; x_wconf 77' lang='grc' dir='ltr'>Διαρραγῇ</span> <span class='ocrx_word' id='word_1_629' title='bbox 2544 5426 2605 5478; x_wconf 82' lang='grc' dir='ltr'><strong>τὸ</strong></span> <span class='ocrx_word' id='word_1_630' title='bbox 2637 5425 2825 5497; x_wconf 87' lang='grc' dir='ltr'>θηρίον</span> <span class='ocrx_word' id='word_1_631' title='bbox 2854 5427 2913 5479; x_wconf 84' lang='grc' dir='ltr'><strong>τὸ</strong></span> <span class='ocrx_word' id='word_1_632' title='bbox 2946 5428 3265 5498; x_wconf 85' lang='grc' dir='ltr'>παμφάγον,</span> 
     </span>
    </p>
   </div>
   <div class='ocr_carea' id='block_1_116' title="bbox 2239 5516 3401 5590">
    <p class='ocr_par' dir='ltr' id='par_1_116' title="bbox 2239 5516 3401 5590">
     <span class='ocr_line' id='line_1_116' title="bbox 2239 5516 3401 5590; baseline 0.003 -20"><span class='ocrx_word' id='word_1_633' title='bbox 2239 5516 2353 5570; x_wconf 74' lang='grc' dir='ltr'><strong>Καὶ</strong></span> <span class='ocrx_word' id='word_1_634' title='bbox 2380 5517 2533 5569; x_wconf 84' lang='grc' dir='ltr'>παιδί</span> <span class='ocrx_word' id='word_1_635' title='bbox 2560 5518 2638 5587; x_wconf 81' lang='grc' dir='ltr'>τῷ</span> <span class='ocrx_word' id='word_1_636' title='bbox 2674 5518 2923 5587; x_wconf 83' lang='grc' dir='ltr'>θνήξαντι</span> <span class='ocrx_word' id='word_1_637' title='bbox 2943 5520 3040 5588; x_wconf 84' lang='grc' dir='ltr'>τὴν</span> <span class='ocrx_word' id='word_1_638' title='bbox 3071 5518 3215 5590; x_wconf 79' lang='grc' dir='ltr'>ζωὴν</span> <span class='ocrx_word' id='word_1_639' title='bbox 3235 5519 3401 5573; x_wconf 88' lang='grc' dir='ltr'>δίδου.</span> 
     </span>
    </p>
   </div>
   <div class='ocr_carea' id='block_1_117' title="bbox 2255 5602 3256 5682">
    <p class='ocr_par' dir='ltr' id='par_1_117' title="bbox 2255 5602 3256 5682">
     <span class='ocr_line' id='line_1_117' title="bbox 2255 5602 3256 5682; baseline 0.005 -23"><span class='ocrx_word' id='word_1_640' title='bbox 2255 5608 2341 5670; x_wconf 83' lang='grc' dir='ltr'>Ὠς</span> <span class='ocrx_word' id='word_1_641' title='bbox 2368 5602 2461 5662; x_wconf 80' lang='grc' dir='ltr'>οὖν</span> <span class='ocrx_word' id='word_1_642' title='bbox 2492 5609 2736 5680; x_wconf 84' lang='grc' dir='ltr'>παρευθὺ</span> <span class='ocrx_word' id='word_1_643' title='bbox 2769 5609 2955 5680; x_wconf 90' lang='grc' dir='ltr'>θηρίον</span> <span class='ocrx_word' id='word_1_644' title='bbox 2991 5611 3256 5682; x_wconf 79' lang='grc' dir='ltr'>διερρἀγη</span> 
     </span>
    </p>
   </div>
   <div class='ocr_carea' id='block_1_118' title="bbox 2240 5698 3481 5771">
    <p class='ocr_par' dir='ltr' id='par_1_118' title="bbox 2240 5698 3481 5771">
     <span class='ocr_line' id='line_1_118' title="bbox 2240 5698 3481 5771; baseline 0 -18"><span class='ocrx_word' id='word_1_645' title='bbox 2240 5698 2351 5753; x_wconf 80' lang='grc' dir='ltr'><strong>Καὶ</strong></span> <span class='ocrx_word' id='word_1_646' title='bbox 2378 5702 2507 5763; x_wconf 87' lang='grc' dir='ltr'>παῖς</span> <span class='ocrx_word' id='word_1_647' title='bbox 2536 5701 2737 5771; x_wconf 83' lang='grc' dir='ltr'>ἀνέστη</span> <span class='ocrx_word' id='word_1_648' title='bbox 2768 5702 3029 5771; x_wconf 88' lang='grc' dir='ltr'>μηδαμῶς</span> <span class='ocrx_word' id='word_1_649' title='bbox 3063 5701 3441 5771; x_wconf 74' lang='grc' dir='ltr'>βεϐλαμμένος</span> <span class='ocrx_word' id='word_1_650' title='bbox 3465 5714 3481 5731; x_wconf 74' lang='grc'><strong><em>⁸</em></strong></span> 
     </span>
    </p>
   </div>
   <div class='ocr_carea' id='block_1_119' title="bbox 2247 5791 3407 5866">
    <p class='ocr_par' dir='ltr' id='par_1_119' title="bbox 2247 5791 3407 5866">
     <span class='ocr_line' id='line_1_119' title="bbox 2247 5791 3407 5866; baseline 0.003 -22"><span class='ocrx_word' id='word_1_651' title='bbox 2247 5791 2427 5860; x_wconf 86' lang='grc' dir='ltr'>Ἔγνω</span> <span class='ocrx_word' id='word_1_652' title='bbox 2456 5794 2737 5866; x_wconf 83' lang='grc' dir='ltr'>προδήλως</span> <span class='ocrx_word' id='word_1_653' title='bbox 2770 5793 2863 5848; x_wconf 83' lang='grc' dir='ltr'><strong>τοῦ</strong></span> <span class='ocrx_word' id='word_1_654' title='bbox 2886 5794 3021 5849; x_wconf 79' lang='grc' dir='ltr'>Θεοῦ</span> <span class='ocrx_word' id='word_1_655' title='bbox 3052 5794 3229 5863; x_wconf 84' lang='grc' dir='ltr'>Λόγου</span> <span class='ocrx_word' id='word_1_656' title='bbox 3263 5793 3407 5863; x_wconf 89' lang='grc' dir='ltr'>πόση</span> 
     </span>
    </p>
   </div>
  </div>
