  <div class='ocr_page' id='page_1' title='image "/cluster/home/n/w/nwhite01/storage/ocr_20150623/106/hvd.32044051727071/460.png"; bbox 0 0 4044 6580; ppageno 0'>
   <div class='ocr_carea' id='block_1_1' title="bbox 330 440 434 508">
    <p class='ocr_par' dir='ltr' id='par_1_1' title="bbox 330 440 434 508">
     <span class='ocr_line' id='line_1_1' title="bbox 330 440 434 508; baseline 0 -1"><span class='ocrx_word' id='word_1_1' title='bbox 330 440 434 508; x_wconf 84' lang='grc'><strong>897</strong></span> 
     </span>
    </p>
   </div>
   <div class='ocr_carea' id='block_1_2' title="bbox 450 549 1566 623">
    <p class='ocr_par' dir='ltr' id='par_1_2' title="bbox 450 549 1566 623">
     <span class='ocr_line' id='line_1_2' title="bbox 450 549 1566 623; baseline -0.006 -15"><span class='ocrx_word' id='word_1_2' title='bbox 450 551 510 607; x_wconf 77' lang='grc'><strong>⁸0</strong></span> <span class='ocrx_word' id='word_1_3' title='bbox 539 552 907 623; x_wconf 79' lang='grc' dir='ltr'>Παντελὴμων</span> <span class='ocrx_word' id='word_1_4' title='bbox 930 549 1083 621; x_wconf 70' lang='grc' dir='ltr'>ἰσχῦς</span> <span class='ocrx_word' id='word_1_5' title='bbox 1111 550 1171 603; x_wconf 81' lang='grc' dir='ltr'><strong>ού</strong></span> <span class='ocrx_word' id='word_1_6' title='bbox 1204 550 1566 620; x_wconf 87' lang='grc' dir='ltr'>μετρουμένη,</span> 
     </span>
    </p>
   </div>
   <div class='ocr_carea' id='block_1_3' title="bbox 436 639 1699 714">
    <p class='ocr_par' dir='ltr' id='par_1_3' title="bbox 436 639 1699 714">
     <span class='ocr_line' id='line_1_3' title="bbox 436 639 1699 714; baseline -0.007 -13"><span class='ocrx_word' id='word_1_7' title='bbox 436 646 549 702; x_wconf 80' lang='grc' dir='ltr'><strong>Καὶ</strong></span> <span class='ocrx_word' id='word_1_8' title='bbox 582 646 711 707; x_wconf 84' lang='grc' dir='ltr'>στὰς</span> <span class='ocrx_word' id='word_1_9' title='bbox 741 643 827 696; x_wconf 73' lang='grc' dir='ltr'><strong>ἐπ’</strong></span> <span class='ocrx_word' id='word_1_10' title='bbox 857 642 1026 714; x_wconf 83' lang='grc' dir='ltr'>ἄκρου</span> <span class='ocrx_word' id='word_1_11' title='bbox 1059 640 1348 711; x_wconf 84' lang='grc' dir='ltr'><strong>πτώματος</strong></span> <span class='ocrx_word' id='word_1_12' title='bbox 1370 639 1463 693; x_wconf 86' lang='grc' dir='ltr'><strong>τοῦ</strong></span> <span class='ocrx_word' id='word_1_13' title='bbox 1490 641 1699 711; x_wconf 78' lang='grc' dir='ltr'>θηρίου,</span> 
     </span>
    </p>
   </div>
   <div class='ocr_carea' id='block_1_4' title="bbox 441 733 1377 810">
    <p class='ocr_par' dir='ltr' id='par_1_4' title="bbox 441 733 1377 810">
     <span class='ocr_line' id='line_1_4' title="bbox 441 733 1377 810; baseline -0.009 -18"><span class='ocrx_word' id='word_1_14' title='bbox 441 735 815 810; x_wconf 76' lang='grc' dir='ltr'>Ἀνορταλίζον</span> <span class='ocrx_word' id='word_1_15' title='bbox 843 735 918 798; x_wconf 87' lang='grc' dir='ltr'>ὡς</span> <span class='ocrx_word' id='word_1_16' title='bbox 945 733 1163 797; x_wconf 83' lang='grc' dir='ltr'>νεοσσὸς</span> <span class='ocrx_word' id='word_1_17' title='bbox 1189 733 1377 804; x_wconf 74' lang='grc' dir='ltr'>ἡρέμα</span> 
     </span>
    </p>
   </div>
   <div class='ocr_carea' id='block_1_5' title="bbox 433 824 1623 897">
    <p class='ocr_par' dir='ltr' id='par_1_5' title="bbox 433 824 1623 897">
     <span class='ocr_line' id='line_1_5' title="bbox 433 824 1623 897; baseline -0.006 -14"><span class='ocrx_word' id='word_1_18' title='bbox 433 831 598 883; x_wconf 80' lang='grc' dir='ltr'>Ὅ).ον</span> <span class='ocrx_word' id='word_1_19' title='bbox 622 828 682 883; x_wconf 78' lang='grc' dir='ltr'>τὸ</span> <span class='ocrx_word' id='word_1_20' title='bbox 713 828 893 897; x_wconf 86' lang='grc' dir='ltr'>σῶμα,</span> <span class='ocrx_word' id='word_1_21' title='bbox 924 827 1019 880; x_wconf 75' lang='grc' dir='ltr'><strong>καὶ</strong></span> <span class='ocrx_word' id='word_1_22' title='bbox 1044 826 1136 880; x_wconf 83' lang='grc' dir='ltr'><strong>τὸν</strong></span> <span class='ocrx_word' id='word_1_23' title='bbox 1166 826 1360 897; x_wconf 79' lang='grc' dir='ltr'><strong>αἰθέρα</strong></span> <span class='ocrx_word' id='word_1_24' title='bbox 1391 824 1623 895; x_wconf 78' lang='grc' dir='ltr'><strong>βλέπων,</strong></span> 
     </span>
    </p>
   </div>
   <div class='ocr_carea' id='block_1_6' title="bbox 437 916 1354 992">
    <p class='ocr_par' dir='ltr' id='par_1_6' title="bbox 437 916 1354 992">
     <span class='ocr_line' id='line_1_6' title="bbox 437 916 1354 992; baseline -0.009 -16"><span class='ocrx_word' id='word_1_25' title='bbox 437 920 619 992; x_wconf 85' lang='grc' dir='ltr'>Εὑχὰς</span> <span class='ocrx_word' id='word_1_26' title='bbox 654 919 1017 987; x_wconf 84' lang='grc' dir='ltr'>διεξέπεμπεν</span> <span class='ocrx_word' id='word_1_27' title='bbox 1039 916 1354 986; x_wconf 84' lang='grc' dir='ltr'>ἀξιόχρεως.</span> 
     </span>
    </p>
   </div>
   <div class='ocr_carea' id='block_1_7' title="bbox 430 1008 1533 1083">
    <p class='ocr_par' dir='ltr' id='par_1_7' title="bbox 430 1008 1533 1083">
     <span class='ocr_line' id='line_1_7' title="bbox 430 1008 1533 1083; baseline -0.007 -16"><span class='ocrx_word' id='word_1_28' title='bbox 430 1014 625 1083; x_wconf 86' lang='grc' dir='ltr'>Τρέχει</span> <span class='ocrx_word' id='word_1_29' title='bbox 653 1012 709 1065; x_wconf 83' lang='grc' dir='ltr'><strong>δὲ</strong></span> <span class='ocrx_word' id='word_1_30' title='bbox 740 1012 832 1064; x_wconf 78' lang='grc' dir='ltr'><strong>καὶ</strong></span> <span class='ocrx_word' id='word_1_31' title='bbox 860 1011 1075 1080; x_wconf 81' lang='grc' dir='ltr'><strong>γέροντι</strong></span> <span class='ocrx_word' id='word_1_32' title='bbox 1106 1008 1356 1079; x_wconf 81' lang='grc' dir='ltr'>κηρύξων</span> <span class='ocrx_word' id='word_1_33' title='bbox 1387 1008 1533 1074; x_wconf 86' lang='grc' dir='ltr'>τάδε,</span> 
     </span>
    </p>
   </div>
   <div class='ocr_carea' id='block_1_8' title="bbox 429 1099 1486 1171">
    <p class='ocr_par' dir='ltr' id='par_1_8' title="bbox 429 1099 1486 1171">
     <span class='ocr_line' id='line_1_8' title="bbox 429 1099 1486 1171; baseline -0.003 -15"><span class='ocrx_word' id='word_1_34' title='bbox 429 1102 779 1170; x_wconf 84' lang='grc' dir='ltr'>Δύτάγγελος</span> <span class='ocrx_word' id='word_1_35' title='bbox 811 1100 1058 1170; x_wconf 85' lang='grc' dir='ltr'>προεῖδεν</span> <span class='ocrx_word' id='word_1_36' title='bbox 1089 1099 1486 1171; x_wconf 83' lang='grc' dir='ltr'>ἀγγεληφόρος.</span> 
     </span>
    </p>
   </div>
   <div class='ocr_carea' id='block_1_9' title="bbox 433 1188 1675 1261">
    <p class='ocr_par' dir='ltr' id='par_1_9' title="bbox 433 1188 1675 1261">
     <span class='ocr_line' id='line_1_9' title="bbox 433 1188 1675 1261; baseline -0.005 -14"><span class='ocrx_word' id='word_1_37' title='bbox 433 1196 657 1247; x_wconf 85' lang='grc' dir='ltr'>Πίπτων</span> <span class='ocrx_word' id='word_1_38' title='bbox 696 1193 783 1244; x_wconf 75' lang='grc' dir='ltr'>ἐπ’</span> <span class='ocrx_word' id='word_1_39' title='bbox 806 1188 965 1254; x_wconf 76' lang='grc' dir='ltr'>οὖδας</span> <span class='ocrx_word' id='word_1_40' title='bbox 992 1208 1006 1221; x_wconf 86' lang='grc'><strong>·</strong></span> <span class='ocrx_word' id='word_1_41' title='bbox 1039 1192 1226 1254; x_wconf 84' lang='grc' dir='ltr'>Ἵλεως</span> <span class='ocrx_word' id='word_1_42' title='bbox 1263 1191 1444 1259; x_wconf 82' lang='grc' dir='ltr'><strong>γενοῦ,</strong></span> <span class='ocrx_word' id='word_1_43' title='bbox 1475 1190 1675 1261; x_wconf 80' lang='grc' dir='ltr'><strong>Πάτερ,</strong></span> 
     </span>
    </p>
   </div>
   <div class='ocr_carea' id='block_1_10' title="bbox 433 1282 1685 1357">
    <p class='ocr_par' dir='ltr' id='par_1_10' title="bbox 433 1282 1685 1357">
     <span class='ocr_line' id='line_1_10' title="bbox 433 1282 1685 1357; baseline -0.002 -19"><span class='ocrx_word' id='word_1_44' title='bbox 433 1286 668 1357; x_wconf 76' lang='grc' dir='ltr'>Κράζων</span> <span class='ocrx_word' id='word_1_45' title='bbox 700 1284 931 1354; x_wconf 80' lang='grc' dir='ltr'>ἄληκτα,</span> <span class='ocrx_word' id='word_1_46' title='bbox 966 1283 1063 1354; x_wconf 83' lang='grc' dir='ltr'>τὴν</span> <span class='ocrx_word' id='word_1_47' title='bbox 1093 1283 1459 1354; x_wconf 83' lang='grc' dir='ltr'>ἀτέκμαρτον.</span> <span class='ocrx_word' id='word_1_48' title='bbox 1491 1282 1685 1351; x_wconf 87' lang='grc' dir='ltr'>λέγων,</span> 
     </span>
    </p>
   </div>
   <div class='ocr_carea' id='block_1_11' title="bbox 432 1376 1557 1449">
    <p class='ocr_par' dir='ltr' id='par_1_11' title="bbox 432 1376 1557 1449">
     <span class='ocr_line' id='line_1_11' title="bbox 432 1376 1557 1449; baseline -0.004 -16"><span class='ocrx_word' id='word_1_49' title='bbox 432 1381 473 1433; x_wconf 86' lang='grc' dir='ltr'><strong>Τ</strong></span> <span class='ocrx_word' id='word_1_50' title='bbox 478 1381 674 1449; x_wconf 85' lang='grc' dir='ltr'>άχιστα</span> <span class='ocrx_word' id='word_1_51' title='bbox 705 1377 791 1441; x_wconf 83' lang='grc' dir='ltr'><strong>δός</strong></span> <span class='ocrx_word' id='word_1_52' title='bbox 825 1394 916 1447; x_wconf 87' lang='grc' dir='ltr'><strong>μοι</strong></span> <span class='ocrx_word' id='word_1_53' title='bbox 946 1376 1046 1447; x_wconf 83' lang='grc' dir='ltr'><strong>τὴν</strong></span> <span class='ocrx_word' id='word_1_54' title='bbox 1076 1376 1557 1445; x_wconf 87' lang='grc' dir='ltr'>παλιγγεννησίαν,</span> 
     </span>
    </p>
   </div>
   <div class='ocr_carea' id='block_1_12' title="bbox 431 1469 1595 1542">
    <p class='ocr_par' dir='ltr' id='par_1_12' title="bbox 431 1469 1595 1542">
     <span class='ocr_line' id='line_1_12' title="bbox 431 1469 1595 1542; baseline -0.004 -16"><span class='ocrx_word' id='word_1_55' title='bbox 431 1475 542 1542; x_wconf 79' lang='grc' dir='ltr'>Τὴν</span> <span class='ocrx_word' id='word_1_56' title='bbox 571 1471 902 1541; x_wconf 73' lang='grc' dir='ltr'>ψυχολαμπῆ</span> <span class='ocrx_word' id='word_1_57' title='bbox 942 1469 1043 1538; x_wconf 80' lang='grc' dir='ltr'>τῆς</span> <span class='ocrx_word' id='word_1_58' title='bbox 1071 1469 1389 1541; x_wconf 78' lang='grc' dir='ltr'>καθάρσεως</span> <span class='ocrx_word' id='word_1_59' title='bbox 1416 1469 1595 1539; x_wconf 85' lang='grc' dir='ltr'><strong>χάριν.</strong></span> 
     </span>
    </p>
   </div>
   <div class='ocr_carea' id='block_1_13' title="bbox 444 1560 1615 1635">
    <p class='ocr_par' dir='ltr' id='par_1_13' title="bbox 444 1560 1615 1635">
     <span class='ocr_line' id='line_1_13' title="bbox 444 1560 1615 1635; baseline -0.003 -17"><span class='ocrx_word' id='word_1_60' title='bbox 444 1565 584 1632; x_wconf 85' lang='grc' dir='ltr'><strong>Ἐγὼ</strong></span> <span class='ocrx_word' id='word_1_61' title='bbox 611 1564 719 1635; x_wconf 81' lang='grc' dir='ltr'>γὰρ</span> <span class='ocrx_word' id='word_1_62' title='bbox 751 1560 867 1617; x_wconf 77' lang='grc' dir='ltr'>οἶδα</span> <span class='ocrx_word' id='word_1_63' title='bbox 897 1562 989 1615; x_wconf 75' lang='grc' dir='ltr'>καὶ</span> <span class='ocrx_word' id='word_1_64' title='bbox 1015 1561 1162 1632; x_wconf 83' lang='grc' dir='ltr'>σοφῷ</span> <span class='ocrx_word' id='word_1_65' title='bbox 1194 1577 1299 1631; x_wconf 89' lang='grc' dir='ltr'><strong>περ</strong></span> <span class='ocrx_word' id='word_1_66' title='bbox 1331 1560 1615 1632; x_wconf 87' lang='grc' dir='ltr'>πείσματι,</span> 
     </span>
    </p>
   </div>
   <div class='ocr_carea' id='block_1_14' title="bbox 433 1653 1631 1727">
    <p class='ocr_par' dir='ltr' id='par_1_14' title="bbox 433 1653 1631 1727">
     <span class='ocr_line' id='line_1_14' title="bbox 433 1653 1631 1727; baseline -0.004 -16"><span class='ocrx_word' id='word_1_67' title='bbox 433 1658 624 1721; x_wconf 82' lang='grc' dir='ltr'>’Δλλος</span> <span class='ocrx_word' id='word_1_68' title='bbox 647 1656 780 1719; x_wconf 81' lang='grc' dir='ltr'>Θεὸς</span> <span class='ocrx_word' id='word_1_69' title='bbox 806 1656 1117 1727; x_wconf 88' lang='grc' dir='ltr'>κράτιστος,</span> <span class='ocrx_word' id='word_1_70' title='bbox 1157 1653 1401 1723; x_wconf 81' lang='grc' dir='ltr'>ἄφθιτος,</span> <span class='ocrx_word' id='word_1_71' title='bbox 1438 1653 1631 1723; x_wconf 81' lang='grc' dir='ltr'>μέγας,</span> 
     </span>
    </p>
   </div>
   <div class='ocr_carea' id='block_1_15' title="bbox 429 1742 1675 1815">
    <p class='ocr_par' dir='ltr' id='par_1_15' title="bbox 429 1742 1675 1815">
     <span class='ocr_line' id='line_1_15' title="bbox 429 1742 1675 1815; baseline -0.005 -15"><span class='ocrx_word' id='word_1_72' title='bbox 429 1748 542 1800; x_wconf 82' lang='grc' dir='ltr'>Οὐκ</span> <span class='ocrx_word' id='word_1_73' title='bbox 576 1746 745 1810; x_wconf 78' lang='grc' dir='ltr'>ἔστιν,</span> <span class='ocrx_word' id='word_1_74' title='bbox 776 1746 875 1798; x_wconf 82' lang='grc' dir='ltr'><strong>οὐκ</strong></span> <span class='ocrx_word' id='word_1_75' title='bbox 909 1744 1140 1808; x_wconf 77' lang='grc' dir='ltr'>ἔνεστιν,</span> <span class='ocrx_word' id='word_1_76' title='bbox 1166 1743 1199 1815; x_wconf 87' lang='grc' dir='ltr'>ἢ</span> <span class='ocrx_word' id='word_1_77' title='bbox 1233 1742 1467 1813; x_wconf 81' lang='grc' dir='ltr'>Χριστὸς</span> <span class='ocrx_word' id='word_1_78' title='bbox 1496 1742 1675 1813; x_wconf 90' lang='grc' dir='ltr'>μόνος,</span> 
     </span>
    </p>
   </div>
   <div class='ocr_carea' id='block_1_16' title="bbox 426 1832 1565 1910">
    <p class='ocr_par' dir='ltr' id='par_1_16' title="bbox 426 1832 1565 1910">
     <span class='ocr_line' id='line_1_16' title="bbox 426 1832 1565 1910; baseline -0.004 -17"><span class='ocrx_word' id='word_1_79' title='bbox 426 1839 630 1910; x_wconf 79' lang='grc' dir='ltr'>Νεκροὶ</span> <span class='ocrx_word' id='word_1_80' title='bbox 660 1839 727 1893; x_wconf 85' lang='grc' dir='ltr'>δι’</span> <span class='ocrx_word' id='word_1_81' title='bbox 761 1832 931 1908; x_wconf 77' lang='grc' dir='ltr'>οὗπερ</span> <span class='ocrx_word' id='word_1_82' title='bbox 965 1836 1343 1901; x_wconf 75' lang='grc' dir='ltr'>ἐξανίστανται</span> <span class='ocrx_word' id='word_1_83' title='bbox 1378 1834 1565 1889; x_wconf 89' lang='grc' dir='ltr'>πάλιν.</span> 
     </span>
    </p>
   </div>
   <div class='ocr_carea' id='block_1_17' title="bbox 427 1927 1569 2001">
    <p class='ocr_par' dir='ltr' id='par_1_17' title="bbox 427 1927 1569 2001">
     <span class='ocr_line' id='line_1_17' title="bbox 427 1927 1569 2001; baseline -0.002 -17"><span class='ocrx_word' id='word_1_84' title='bbox 427 1932 537 1984; x_wconf 69' lang='grc' dir='ltr'><strong>Καὶ</strong></span> <span class='ocrx_word' id='word_1_85' title='bbox 565 1932 664 2001; x_wconf 83' lang='grc' dir='ltr'><strong>τὴν</strong></span> <span class='ocrx_word' id='word_1_86' title='bbox 695 1933 952 2000; x_wconf 84' lang='grc' dir='ltr'>φανεῖσαν</span> <span class='ocrx_word' id='word_1_87' title='bbox 981 1928 1192 1998; x_wconf 84' lang='grc' dir='ltr'>ἀθρόως</span> <span class='ocrx_word' id='word_1_88' title='bbox 1226 1928 1355 1997; x_wconf 87' lang='grc' dir='ltr'>παρ’</span> <span class='ocrx_word' id='word_1_89' title='bbox 1378 1927 1569 1982; x_wconf 76' lang='grc' dir='ltr'>ἐλπίδα</span> 
     </span>
    </p>
   </div>
   <div class='ocr_carea' id='block_1_18' title="bbox 429 2018 1511 2091">
    <p class='ocr_par' dir='ltr' id='par_1_18' title="bbox 429 2018 1511 2091">
     <span class='ocr_line' id='line_1_18' title="bbox 429 2018 1511 2091; baseline -0.002 -17"><span class='ocrx_word' id='word_1_90' title='bbox 429 2021 686 2075; x_wconf 80' lang='grc' dir='ltr'>Ἀπασαν</span> <span class='ocrx_word' id='word_1_91' title='bbox 726 2020 1009 2091; x_wconf 73' lang='grc' dir='ltr'>ἐξήγγειλε</span> <span class='ocrx_word' id='word_1_92' title='bbox 1043 2018 1511 2089; x_wconf 87' lang='grc' dir='ltr'>θαυματουργίαν.</span> 
     </span>
    </p>
   </div>
   <div class='ocr_carea' id='block_1_19' title="bbox 500 2109 1753 2184">
    <p class='ocr_par' dir='ltr' id='par_1_19' title="bbox 500 2109 1753 2184">
     <span class='ocr_line' id='line_1_19' title="bbox 500 2109 1753 2184; baseline -0.004 -16"><span class='ocrx_word' id='word_1_93' title='bbox 500 2114 608 2169; x_wconf 76' lang='grc' dir='ltr'>Καὶ</span> <span class='ocrx_word' id='word_1_94' title='bbox 638 2113 879 2184; x_wconf 65' lang='grc' dir='ltr'>πρέσϐυς</span> <span class='ocrx_word' id='word_1_95' title='bbox 908 2109 1027 2164; x_wconf 82' lang='grc' dir='ltr'>εἷπε</span> <span class='ocrx_word' id='word_1_96' title='bbox 1050 2126 1063 2141; x_wconf 75' lang='grc'><strong><em>⁸</em></strong></span> <span class='ocrx_word' id='word_1_97' title='bbox 1098 2110 1203 2163; x_wconf 85' lang='grc' dir='ltr'><strong>Τοῦ</strong></span> <span class='ocrx_word' id='word_1_98' title='bbox 1234 2111 1532 2180; x_wconf 75' lang='grc' dir='ltr'>φθαρέντος</span> <span class='ocrx_word' id='word_1_99' title='bbox 1564 2109 1753 2182; x_wconf 81' lang='grc' dir='ltr'>θηρίου</span> 
     </span>
    </p>
   </div>
   <div class='ocr_carea' id='block_1_20' title="bbox 425 2203 1688 2277">
    <p class='ocr_par' dir='ltr' id='par_1_20' title="bbox 425 2203 1688 2277">
     <span class='ocr_line' id='line_1_20' title="bbox 425 2203 1688 2277; baseline -0.002 -16"><span class='ocrx_word' id='word_1_100' title='bbox 425 2209 500 2261; x_wconf 85' lang='grc' dir='ltr'><strong>Τδ</strong></span> <span class='ocrx_word' id='word_1_101' title='bbox 526 2207 724 2277; x_wconf 80' lang='grc' dir='ltr'>πτῶμα</span> <span class='ocrx_word' id='word_1_102' title='bbox 754 2205 947 2271; x_wconf 82' lang='grc' dir='ltr'>δεῖξον,</span> <span class='ocrx_word' id='word_1_103' title='bbox 974 2204 1049 2266; x_wconf 86' lang='grc' dir='ltr'>ὼς</span> <span class='ocrx_word' id='word_1_104' title='bbox 1082 2203 1215 2274; x_wconf 78' lang='grc' dir='ltr'>ἔχει.</span> <span class='ocrx_word' id='word_1_105' title='bbox 1251 2203 1438 2266; x_wconf 71' lang='grc' dir='ltr'>κάμοὶ,</span> <span class='ocrx_word' id='word_1_106' title='bbox 1477 2206 1688 2259; x_wconf 87' lang='grc' dir='ltr'>τέκνον.</span> 
     </span>
    </p>
   </div>
   <div class='ocr_carea' id='block_1_21' title="bbox 431 2294 1560 2371">
    <p class='ocr_par' dir='ltr' id='par_1_21' title="bbox 431 2294 1560 2371">
     <span class='ocr_line' id='line_1_21' title="bbox 431 2294 1560 2371; baseline -0.007 -17"><span class='ocrx_word' id='word_1_107' title='bbox 431 2303 632 2371; x_wconf 82' lang='grc' dir='ltr'>’Λμφω</span> <span class='ocrx_word' id='word_1_108' title='bbox 656 2299 701 2352; x_wconf 88' lang='grc' dir='ltr'>δ’</span> <span class='ocrx_word' id='word_1_109' title='bbox 735 2297 948 2351; x_wconf 78' lang='grc' dir='ltr'>ἔϐαινον</span> <span class='ocrx_word' id='word_1_110' title='bbox 983 2297 1111 2350; x_wconf 72' lang='grc' dir='ltr'>ἔνθα</span> <span class='ocrx_word' id='word_1_111' title='bbox 1145 2313 1247 2349; x_wconf 89' lang='grc' dir='ltr'><strong>που</strong></span> <span class='ocrx_word' id='word_1_112' title='bbox 1286 2296 1346 2347; x_wconf 80' lang='grc' dir='ltr'>τὸ</span> <span class='ocrx_word' id='word_1_113' title='bbox 1370 2294 1560 2365; x_wconf 86' lang='grc' dir='ltr'>θηρίον</span> 
     </span>
    </p>
   </div>
   <div class='ocr_carea' id='block_1_22' title="bbox 433 2387 1655 2464">
    <p class='ocr_par' dir='ltr' id='par_1_22' title="bbox 433 2387 1655 2464">
     <span class='ocr_line' id='line_1_22' title="bbox 433 2387 1655 2464; baseline -0.007 -17"><span class='ocrx_word' id='word_1_114' title='bbox 433 2392 759 2464; x_wconf 79' lang='grc' dir='ltr'>’Δναρθρον,</span> <span class='ocrx_word' id='word_1_115' title='bbox 790 2390 1017 2452; x_wconf 78' lang='grc' dir='ltr'>ἄπνουν,</span> <span class='ocrx_word' id='word_1_116' title='bbox 1053 2388 1283 2457; x_wconf 77' lang='grc' dir='ltr'><strong>ἐκτάδην</strong></span> <span class='ocrx_word' id='word_1_117' title='bbox 1314 2387 1655 2457; x_wconf 79' lang='grc' dir='ltr'>ηπλωμένον,</span> 
     </span>
    </p>
   </div>
   <div class='ocr_carea' id='block_1_23' title="bbox 430 2478 1500 2553">
    <p class='ocr_par' dir='ltr' id='par_1_23' title="bbox 430 2478 1500 2553">
     <span class='ocr_line' id='line_1_23' title="bbox 430 2478 1500 2553; baseline -0.008 -14"><span class='ocrx_word' id='word_1_118' title='bbox 430 2482 911 2553; x_wconf 80' lang='grc' dir='ltr'>Κατηλοκισμένον</span> <span class='ocrx_word' id='word_1_119' title='bbox 940 2497 999 2532; x_wconf 88' lang='grc' dir='ltr'><strong>τε</strong></span> <span class='ocrx_word' id='word_1_120' title='bbox 1033 2478 1130 2533; x_wconf 75' lang='grc' dir='ltr'>καὶ</span> <span class='ocrx_word' id='word_1_121' title='bbox 1157 2478 1500 2549; x_wconf 82' lang='grc' dir='ltr'>πεφυρμένον</span> 
     </span>
    </p>
   </div>
   <div class='ocr_carea' id='block_1_24' title="bbox 433 2568 1582 2647">
    <p class='ocr_par' dir='ltr' id='par_1_24' title="bbox 433 2568 1582 2647">
     <span class='ocr_line' id='line_1_24' title="bbox 433 2568 1582 2647; baseline -0.006 -17"><span class='ocrx_word' id='word_1_122' title='bbox 433 2576 702 2647; x_wconf 74' lang='grc' dir='ltr'>Ἐρῤιπτο</span> <span class='ocrx_word' id='word_1_123' title='bbox 735 2572 894 2642; x_wconf 89' lang='grc' dir='ltr'>δεῖμα</span> <span class='ocrx_word' id='word_1_124' title='bbox 924 2572 1034 2633; x_wconf 86' lang='grc' dir='ltr'>τοῖς</span> <span class='ocrx_word' id='word_1_125' title='bbox 1058 2568 1249 2641; x_wconf 83' lang='grc' dir='ltr'>ὁρῶσι,</span> <span class='ocrx_word' id='word_1_126' title='bbox 1278 2571 1371 2622; x_wconf 72' lang='grc' dir='ltr'>καὶ</span> <span class='ocrx_word' id='word_1_127' title='bbox 1395 2569 1582 2636; x_wconf 83' lang='grc' dir='ltr'><strong>γέλως.</strong></span> 
     </span>
    </p>
   </div>
   <div class='ocr_carea' id='block_1_25' title="bbox 501 2658 1692 2734">
    <p class='ocr_par' dir='ltr' id='par_1_25' title="bbox 501 2658 1692 2734">
     <span class='ocr_line' id='line_1_25' title="bbox 501 2658 1692 2734; baseline -0.008 -13"><span class='ocrx_word' id='word_1_128' title='bbox 501 2667 614 2721; x_wconf 76' lang='grc' dir='ltr'><strong>Καὶ</strong></span> <span class='ocrx_word' id='word_1_129' title='bbox 643 2662 985 2719; x_wconf 84' lang='grc' dir='ltr'>Πανταλείων</span> <span class='ocrx_word' id='word_1_130' title='bbox 1008 2660 1136 2731; x_wconf 77' lang='grc' dir='ltr'>ἄγχι</span> <span class='ocrx_word' id='word_1_131' title='bbox 1165 2677 1280 2723; x_wconf 84' lang='grc' dir='ltr'><strong>πως</strong></span> <span class='ocrx_word' id='word_1_132' title='bbox 1306 2659 1383 2730; x_wconf 87' lang='grc' dir='ltr'><strong>τῷ</strong></span> <span class='ocrx_word' id='word_1_133' title='bbox 1410 2658 1692 2734; x_wconf 78' lang='grc' dir='ltr'>πρεσόύτῃ</span> 
     </span>
    </p>
   </div>
   <div class='ocr_carea' id='block_1_26' title="bbox 433 2750 1593 2827">
    <p class='ocr_par' dir='ltr' id='par_1_26' title="bbox 433 2750 1593 2827">
     <span class='ocr_line' id='line_1_26' title="bbox 433 2750 1593 2827; baseline -0.006 -15"><span class='ocrx_word' id='word_1_134' title='bbox 433 2758 507 2812; x_wconf 82' lang='grc' dir='ltr'>Τὸ</span> <span class='ocrx_word' id='word_1_135' title='bbox 535 2756 735 2827; x_wconf 81' lang='grc' dir='ltr'>πτῶμα</span> <span class='ocrx_word' id='word_1_136' title='bbox 762 2754 855 2807; x_wconf 89' lang='grc' dir='ltr'><strong>τοῦ</strong></span> <span class='ocrx_word' id='word_1_137' title='bbox 888 2753 1185 2825; x_wconf 80' lang='grc' dir='ltr'>φθαρέντος</span> <span class='ocrx_word' id='word_1_138' title='bbox 1221 2751 1372 2805; x_wconf 75' lang='grc' dir='ltr'>ἐνθεν</span> <span class='ocrx_word' id='word_1_139' title='bbox 1402 2750 1593 2824; x_wconf 83' lang='grc' dir='ltr'>θηρίου</span> 
     </span>
    </p>
   </div>
   <div class='ocr_carea' id='block_1_27' title="bbox 436 2844 1433 2917">
    <p class='ocr_par' dir='ltr' id='par_1_27' title="bbox 436 2844 1433 2917">
     <span class='ocr_line' id='line_1_27' title="bbox 436 2844 1433 2917; baseline -0.006 -13"><span class='ocrx_word' id='word_1_140' title='bbox 436 2846 701 2913; x_wconf 81' lang='grc' dir='ltr'>Ἐδειξεν,</span> <span class='ocrx_word' id='word_1_141' title='bbox 734 2847 1058 2917; x_wconf 74' lang='grc' dir='ltr'>ἐσκίρτησεν</span> <span class='ocrx_word' id='word_1_142' title='bbox 1086 2845 1278 2916; x_wconf 82' lang='grc' dir='ltr'>ἡδονῆς</span> <span class='ocrx_word' id='word_1_143' title='bbox 1307 2844 1433 2899; x_wconf 80' lang='grc' dir='ltr'>ὕπο.</span> 
     </span>
    </p>
   </div>
   <div class='ocr_carea' id='block_1_28' title="bbox 431 2936 1668 3012">
    <p class='ocr_par' dir='ltr' id='par_1_28' title="bbox 431 2936 1668 3012">
     <span class='ocr_line' id='line_1_28' title="bbox 431 2936 1668 3012; baseline -0.002 -17"><span class='ocrx_word' id='word_1_144' title='bbox 431 2942 677 3012; x_wconf 76' lang='grc' dir='ltr'>Πρέσϐυς</span> <span class='ocrx_word' id='word_1_145' title='bbox 705 2940 765 2993; x_wconf 87' lang='grc' dir='ltr'><strong>τό</strong></span> <span class='ocrx_word' id='word_1_146' title='bbox 785 2938 838 3007; x_wconf 89' lang='grc' dir='ltr'>γ’</span> <span class='ocrx_word' id='word_1_147' title='bbox 866 2938 937 3009; x_wconf 82' lang='grc' dir='ltr'><strong>δμ</strong></span> <span class='ocrx_word' id='word_1_148' title='bbox 946 2956 1021 3009; x_wconf 89' lang='grc' dir='ltr'><strong>μα</strong></span> <span class='ocrx_word' id='word_1_149' title='bbox 1045 2938 1140 2991; x_wconf 89' lang='grc' dir='ltr'><strong>τοῦ</strong></span> <span class='ocrx_word' id='word_1_150' title='bbox 1171 2938 1289 3002; x_wconf 83' lang='grc' dir='ltr'>νοὸς</span> <span class='ocrx_word' id='word_1_151' title='bbox 1308 2938 1487 3010; x_wconf 89' lang='grc' dir='ltr'>πολλῷ</span> <span class='ocrx_word' id='word_1_152' title='bbox 1510 2936 1668 2993; x_wconf 73' lang='grc' dir='ltr'>πλέον</span> 
     </span>
    </p>
   </div>
   <div class='ocr_carea' id='block_1_29' title="bbox 431 3029 1518 3103">
    <p class='ocr_par' dir='ltr' id='par_1_29' title="bbox 431 3029 1518 3103">
     <span class='ocr_line' id='line_1_29' title="bbox 431 3029 1518 3103; baseline -0.006 -15"><span class='ocrx_word' id='word_1_153' title='bbox 431 3037 523 3098; x_wconf 84' lang='lat' dir='ltr'><strong>El;</strong></span> <span class='ocrx_word' id='word_1_154' title='bbox 552 3033 684 3103; x_wconf 76' lang='grc' dir='ltr'>ὕψος</span> <span class='ocrx_word' id='word_1_155' title='bbox 714 3032 851 3102; x_wconf 78' lang='grc' dir='ltr'>ἄρας</span> <span class='ocrx_word' id='word_1_156' title='bbox 884 3029 1113 3102; x_wconf 84' lang='grc' dir='ltr'>ούρανοῦ</span> <span class='ocrx_word' id='word_1_157' title='bbox 1143 3029 1279 3100; x_wconf 79' lang='grc' dir='ltr'>πρὸς</span> <span class='ocrx_word' id='word_1_158' title='bbox 1313 3030 1518 3097; x_wconf 75' lang='grc' dir='ltr'>ἑστίαν,</span> 
     </span>
    </p>
   </div>
   <div class='ocr_carea' id='block_1_30' title="bbox 443 3121 1510 3197">
    <p class='ocr_par' dir='ltr' id='par_1_30' title="bbox 443 3121 1510 3197">
     <span class='ocr_line' id='line_1_30' title="bbox 443 3121 1510 3197; baseline -0.009 -16"><span class='ocrx_word' id='word_1_159' title='bbox 443 3123 884 3197; x_wconf 77' lang='grc' dir='ltr'>’Δπευχαριστῶν</span> <span class='ocrx_word' id='word_1_160' title='bbox 911 3121 1162 3192; x_wconf 84' lang='grc' dir='ltr'>ἁσμένως</span> <span class='ocrx_word' id='word_1_161' title='bbox 1195 3121 1272 3191; x_wconf 84' lang='grc' dir='ltr'><strong>τῷ</strong></span> <span class='ocrx_word' id='word_1_162' title='bbox 1300 3121 1510 3191; x_wconf 85' lang='grc' dir='ltr'>Κυρίῳ,</span> 
     </span>
    </p>
   </div>
   <div class='ocr_carea' id='block_1_31' title="bbox 440 3213 1577 3289">
    <p class='ocr_par' dir='ltr' id='par_1_31' title="bbox 440 3213 1577 3289">
     <span class='ocr_line' id='line_1_31' title="bbox 440 3213 1577 3289; baseline -0.006 -16"><span class='ocrx_word' id='word_1_163' title='bbox 440 3221 554 3274; x_wconf 76' lang='grc' dir='ltr'><strong>Ὠδὶ</strong></span> <span class='ocrx_word' id='word_1_164' title='bbox 586 3220 903 3289; x_wconf 84' lang='grc' dir='ltr'>προσεῖπεν,</span> <span class='ocrx_word' id='word_1_165' title='bbox 928 3216 992 3268; x_wconf 84' lang='grc' dir='ltr'>ὲκ</span> <span class='ocrx_word' id='word_1_166' title='bbox 1019 3213 1230 3285; x_wconf 83' lang='grc' dir='ltr'>φρενῶν</span> <span class='ocrx_word' id='word_1_167' title='bbox 1258 3213 1577 3284; x_wconf 82' lang='grc' dir='ltr'>γερουσίων,</span> 
     </span>
    </p>
   </div>
   <div class='ocr_carea' id='block_1_32' title="bbox 440 3305 1574 3376">
    <p class='ocr_par' dir='ltr' id='par_1_32' title="bbox 440 3305 1574 3376">
     <span class='ocr_line' id='line_1_32' title="bbox 440 3305 1574 3376; baseline -0.008 -10"><span class='ocrx_word' id='word_1_168' title='bbox 440 3315 525 3376; x_wconf 85' lang='grc' dir='ltr'>Ὧς</span> <span class='ocrx_word' id='word_1_169' title='bbox 547 3311 702 3376; x_wconf 81' lang='grc' dir='ltr'>Δόξα,</span> <span class='ocrx_word' id='word_1_170' title='bbox 728 3308 874 3375; x_wconf 81' lang='grc' dir='ltr'>δόξα,</span> <span class='ocrx_word' id='word_1_171' title='bbox 914 3307 1039 3372; x_wconf 81' lang='grc' dir='ltr'>δόξα</span> <span class='ocrx_word' id='word_1_172' title='bbox 1068 3307 1151 3360; x_wconf 67' lang='grc' dir='ltr'><strong>σοὶ</strong></span> <span class='ocrx_word' id='word_1_173' title='bbox 1176 3305 1320 3376; x_wconf 86' lang='grc' dir='ltr'>μόνῳ</span> <span class='ocrx_word' id='word_1_174' title='bbox 1352 3306 1574 3374; x_wconf 83' lang='grc' dir='ltr'>πρέπει,</span> 
     </span>
    </p>
   </div>
   <div class='ocr_carea' id='block_1_33' title="bbox 432 3396 1547 3472">
    <p class='ocr_par' dir='ltr' id='par_1_33' title="bbox 432 3396 1547 3472">
     <span class='ocr_line' id='line_1_33' title="bbox 432 3396 1547 3472; baseline -0.008 -16"><span class='ocrx_word' id='word_1_175' title='bbox 432 3402 521 3472; x_wconf 86' lang='grc' dir='ltr'><strong>Τῷ</strong></span> <span class='ocrx_word' id='word_1_176' title='bbox 553 3398 946 3472; x_wconf 84' lang='grc' dir='ltr'>τρισσολαμπεῖ</span> <span class='ocrx_word' id='word_1_177' title='bbox 967 3397 1068 3467; x_wconf 84' lang='grc' dir='ltr'><strong>τῆς</strong></span> <span class='ocrx_word' id='word_1_178' title='bbox 1116 3398 1243 3467; x_wconf 82' lang='grc' dir='ltr'>μιᾶς</span> <span class='ocrx_word' id='word_1_179' title='bbox 1266 3396 1547 3467; x_wconf 86' lang='grc' dir='ltr'>θεαρχίας,</span> 
     </span>
    </p>
   </div>
   <div class='ocr_carea' id='block_1_34' title="bbox 431 3485 1614 3562">
    <p class='ocr_par' dir='ltr' id='par_1_34' title="bbox 431 3485 1614 3562">
     <span class='ocr_line' id='line_1_34' title="bbox 431 3485 1614 3562; baseline -0.006 -19"><span class='ocrx_word' id='word_1_180' title='bbox 431 3491 522 3562; x_wconf 85' lang='grc' dir='ltr'><strong>Τῷ</strong></span> <span class='ocrx_word' id='word_1_181' title='bbox 549 3489 924 3559; x_wconf 83' lang='grc' dir='ltr'>παντεπόπτῃ,</span> <span class='ocrx_word' id='word_1_182' title='bbox 958 3485 1034 3556; x_wconf 88' lang='grc' dir='ltr'><strong>τῷ</strong></span> <span class='ocrx_word' id='word_1_183' title='bbox 1064 3485 1312 3557; x_wconf 82' lang='grc' dir='ltr'>κραταιῷ</span> <span class='ocrx_word' id='word_1_184' title='bbox 1346 3486 1614 3556; x_wconf 82' lang='grc' dir='ltr'>Δεσπότῃ,</span> 
     </span>
    </p>
   </div>
   <div class='ocr_carea' id='block_1_35' title="bbox 429 3576 1595 3653">
    <p class='ocr_par' dir='ltr' id='par_1_35' title="bbox 429 3576 1595 3653">
     <span class='ocr_line' id='line_1_35' title="bbox 429 3576 1595 3653; baseline -0.007 -17"><span class='ocrx_word' id='word_1_185' title='bbox 429 3584 518 3653; x_wconf 91' lang='grc' dir='ltr'><strong>Τῷ</strong></span> <span class='ocrx_word' id='word_1_186' title='bbox 547 3580 867 3653; x_wconf 83' lang='grc' dir='ltr'>δημιουργῷ</span> <span class='ocrx_word' id='word_1_187' title='bbox 894 3580 1002 3631; x_wconf 89' lang='grc' dir='ltr'><strong>τῶν</strong></span> <span class='ocrx_word' id='word_1_188' title='bbox 1027 3578 1138 3631; x_wconf 83' lang='grc' dir='ltr'>ἄνω</span> <span class='ocrx_word' id='word_1_189' title='bbox 1164 3580 1257 3631; x_wconf 76' lang='grc' dir='ltr'><strong>καὶ</strong></span> <span class='ocrx_word' id='word_1_190' title='bbox 1291 3576 1400 3629; x_wconf 88' lang='grc' dir='ltr'><strong>τῶν</strong></span> <span class='ocrx_word' id='word_1_191' title='bbox 1424 3577 1595 3641; x_wconf 81' lang='grc' dir='ltr'>κάτω,</span> 
     </span>
    </p>
   </div>
   <div class='ocr_carea' id='block_1_36' title="bbox 430 3668 1670 3747">
    <p class='ocr_par' dir='ltr' id='par_1_36' title="bbox 430 3668 1670 3747">
     <span class='ocr_line' id='line_1_36' title="bbox 430 3668 1670 3747; baseline -0.008 -17"><span class='ocrx_word' id='word_1_192' title='bbox 430 3677 521 3747; x_wconf 88' lang='grc' dir='ltr'>Τῷ</span> <span class='ocrx_word' id='word_1_193' title='bbox 551 3671 969 3743; x_wconf 77' lang='grc' dir='ltr'>πανσθενουργῷ</span> <span class='ocrx_word' id='word_1_194' title='bbox 994 3671 1103 3723; x_wconf 90' lang='grc' dir='ltr'><strong>τῶν</strong></span> <span class='ocrx_word' id='word_1_195' title='bbox 1126 3670 1305 3724; x_wconf 86' lang='grc' dir='ltr'>καλῶν</span> <span class='ocrx_word' id='word_1_196' title='bbox 1335 3668 1670 3740; x_wconf 87' lang='grc' dir='ltr'>πρωταιτίῳ,</span> 
     </span>
    </p>
   </div>
   <div class='ocr_carea' id='block_1_37' title="bbox 430 3761 1601 3838">
    <p class='ocr_par' dir='ltr' id='par_1_37' title="bbox 430 3761 1601 3838">
     <span class='ocr_line' id='line_1_37' title="bbox 430 3761 1601 3838; baseline -0.008 -17"><span class='ocrx_word' id='word_1_197' title='bbox 430 3768 519 3838; x_wconf 87' lang='grc' dir='ltr'><strong>Τῷ</strong></span> <span class='ocrx_word' id='word_1_198' title='bbox 545 3766 621 3835; x_wconf 87' lang='grc' dir='ltr'><strong>τῷ</strong></span> <span class='ocrx_word' id='word_1_199' title='bbox 644 3766 800 3833; x_wconf 81' lang='grc' dir='ltr'>Λόγῳ</span> <span class='ocrx_word' id='word_1_200' title='bbox 828 3765 1043 3834; x_wconf 82' lang='grc' dir='ltr'>φέροντι</span> <span class='ocrx_word' id='word_1_201' title='bbox 1066 3763 1267 3832; x_wconf 87' lang='grc' dir='ltr'>κόσμον</span> <span class='ocrx_word' id='word_1_202' title='bbox 1299 3763 1378 3824; x_wconf 85' lang='grc' dir='ltr'>εἰς</span> <span class='ocrx_word' id='word_1_203' title='bbox 1405 3761 1601 3829; x_wconf 87' lang='grc' dir='ltr'>πέρας,</span> 
     </span>
    </p>
   </div>
   <div class='ocr_carea' id='block_1_38' title="bbox 429 3853 1519 3930">
    <p class='ocr_par' dir='ltr' id='par_1_38' title="bbox 429 3853 1519 3930">
     <span class='ocr_line' id='line_1_38' title="bbox 429 3853 1519 3930; baseline -0.007 -18"><span class='ocrx_word' id='word_1_204' title='bbox 429 3859 519 3930; x_wconf 88' lang='grc' dir='ltr'><strong>Τῷ</strong></span> <span class='ocrx_word' id='word_1_205' title='bbox 549 3858 647 3927; x_wconf 80' lang='grc' dir='ltr'><strong>τὴν</strong></span> <span class='ocrx_word' id='word_1_206' title='bbox 674 3856 845 3926; x_wconf 84' lang='grc' dir='ltr'>θεώδη</span> <span class='ocrx_word' id='word_1_207' title='bbox 884 3854 978 3906; x_wconf 69' lang='grc' dir='ltr'>καὶ</span> <span class='ocrx_word' id='word_1_208' title='bbox 1006 3855 1303 3923; x_wconf 86' lang='grc' dir='ltr'>φθαρεῖσαν</span> <span class='ocrx_word' id='word_1_209' title='bbox 1329 3853 1519 3905; x_wconf 83' lang='grc' dir='ltr'>ούσίαν</span> 
     </span>
    </p>
   </div>
   <div class='ocr_carea' id='block_1_39' title="bbox 428 3943 1593 4011">
    <p class='ocr_par' dir='ltr' id='par_1_39' title="bbox 428 3943 1593 4011">
     <span class='ocr_line' id='line_1_39' title="bbox 428 3943 1593 4011; baseline -0.006 -8"><span class='ocrx_word' id='word_1_210' title='bbox 428 3950 652 4003; x_wconf 81' lang='grc' dir='ltr'>Φανὲντι</span> <span class='ocrx_word' id='word_1_211' title='bbox 680 3947 771 3999; x_wconf 80' lang='grc' dir='ltr'>καὶ</span> <span class='ocrx_word' id='word_1_212' title='bbox 803 3944 1059 4007; x_wconf 86' lang='grc' dir='ltr'>σώσαντι,</span> <span class='ocrx_word' id='word_1_213' title='bbox 1096 3944 1188 3995; x_wconf 70' lang='grc' dir='ltr'><strong>καὶ</strong></span> <span class='ocrx_word' id='word_1_214' title='bbox 1208 3943 1315 3995; x_wconf 88' lang='grc' dir='ltr'><strong>τῶν</strong></span> <span class='ocrx_word' id='word_1_215' title='bbox 1347 3943 1593 4011; x_wconf 83' lang='grc' dir='ltr'>ἀγγέλων</span> 
     </span>
    </p>
   </div>
   <div class='ocr_carea' id='block_1_40' title="bbox 446 4033 1503 4111">
    <p class='ocr_par' dir='ltr' id='par_1_40' title="bbox 446 4033 1503 4111">
     <span class='ocr_line' id='line_1_40' title="bbox 446 4033 1503 4111; baseline -0.006 -19"><span class='ocrx_word' id='word_1_216' title='bbox 446 4038 790 4111; x_wconf 79' lang='grc' dir='ltr'>’Υπερτέραν</span> <span class='ocrx_word' id='word_1_217' title='bbox 825 4034 1078 4098; x_wconf 80' lang='grc' dir='ltr'>τεύξαντι</span> <span class='ocrx_word' id='word_1_218' title='bbox 1112 4036 1176 4104; x_wconf 83' lang='grc' dir='ltr'>σῇ</span> <span class='ocrx_word' id='word_1_219' title='bbox 1210 4033 1503 4104; x_wconf 75' lang='grc' dir='ltr'>παρουσίᾳ.</span> 
     </span>
    </p>
   </div>
   <div class='ocr_carea' id='block_1_41' title="bbox 433 4124 1625 4200">
    <p class='ocr_par' dir='ltr' id='par_1_41' title="bbox 433 4124 1625 4200">
     <span class='ocr_line' id='line_1_41' title="bbox 433 4124 1625 4200; baseline -0.008 -14"><span class='ocrx_word' id='word_1_220' title='bbox 433 4133 542 4186; x_wconf 81' lang='lat' dir='ltr'><strong>Kal</strong></span> <span class='ocrx_word' id='word_1_221' title='bbox 562 4131 668 4200; x_wconf 80' lang='grc' dir='ltr'>γὰρ</span> <span class='ocrx_word' id='word_1_222' title='bbox 694 4130 913 4198; x_wconf 85' lang='grc' dir='ltr'>ταχεῖαν</span> <span class='ocrx_word' id='word_1_223' title='bbox 942 4127 1039 4195; x_wconf 79' lang='grc' dir='ltr'>τὴν</span> <span class='ocrx_word' id='word_1_224' title='bbox 1064 4125 1297 4196; x_wconf 71' lang='grc' dir='ltr'>ἀμοιϐὴν</span> <span class='ocrx_word' id='word_1_225' title='bbox 1322 4124 1420 4194; x_wconf 84' lang='grc' dir='ltr'><strong>τῆς</strong></span> <span class='ocrx_word' id='word_1_226' title='bbox 1450 4124 1625 4195; x_wconf 83' lang='grc' dir='ltr'>πάλης</span> 
     </span>
    </p>
   </div>
   <div class='ocr_carea' id='block_1_42' title="bbox 435 4214 1580 4293">
    <p class='ocr_par' dir='ltr' id='par_1_42' title="bbox 435 4214 1580 4293">
     <span class='ocr_line' id='line_1_42' title="bbox 435 4214 1580 4293; baseline -0.009 -17"><span class='ocrx_word' id='word_1_227' title='bbox 435 4224 642 4293; x_wconf 83' lang='grc' dir='ltr'>Ἔργῳ,</span> <span class='ocrx_word' id='word_1_228' title='bbox 667 4221 759 4274; x_wconf 82' lang='grc' dir='ltr'><strong>τὸν</strong></span> <span class='ocrx_word' id='word_1_229' title='bbox 792 4218 988 4290; x_wconf 76' lang='grc' dir='ltr'>ἐχθρὸν</span> <span class='ocrx_word' id='word_1_230' title='bbox 1015 4217 1050 4271; x_wconf 77' lang='grc' dir='ltr'>ἃ</span> <span class='ocrx_word' id='word_1_231' title='bbox 1075 4217 1255 4286; x_wconf 82' lang='grc' dir='ltr'>δεήσει</span> <span class='ocrx_word' id='word_1_232' title='bbox 1276 4214 1580 4281; x_wconf 75' lang='grc' dir='ltr'>λανθάνειν,</span> 
     </span>
    </p>
   </div>
   <div class='ocr_carea' id='block_1_43' title="bbox 434 4307 1566 4379">
    <p class='ocr_par' dir='ltr' id='par_1_43' title="bbox 434 4307 1566 4379">
     <span class='ocr_line' id='line_1_43' title="bbox 434 4307 1566 4379; baseline -0.005 -12"><span class='ocrx_word' id='word_1_233' title='bbox 434 4315 680 4379; x_wconf 79' lang='grc' dir='ltr'>Ἔδειξας</span> <span class='ocrx_word' id='word_1_234' title='bbox 708 4314 788 4375; x_wconf 86' lang='grc' dir='ltr'><strong>είς</strong></span> <span class='ocrx_word' id='word_1_235' title='bbox 819 4313 908 4363; x_wconf 80' lang='grc' dir='ltr'><strong>σὸν</strong></span> <span class='ocrx_word' id='word_1_236' title='bbox 942 4309 1332 4379; x_wconf 85' lang='grc' dir='ltr'>εὐεπίστροφον</span> <span class='ocrx_word' id='word_1_237' title='bbox 1354 4307 1566 4377; x_wconf 85' lang='grc' dir='ltr'>λάτριν,</span> 
     </span>
    </p>
   </div>
   <div class='ocr_carea' id='block_1_44' title="bbox 430 4400 1421 4474">
    <p class='ocr_par' dir='ltr' id='par_1_44' title="bbox 430 4400 1421 4474">
     <span class='ocr_line' id='line_1_44' title="bbox 430 4400 1421 4474; baseline -0.006 -15"><span class='ocrx_word' id='word_1_238' title='bbox 430 4407 693 4474; x_wconf 84' lang='grc' dir='ltr'>Φάλαγγα</span> <span class='ocrx_word' id='word_1_239' title='bbox 729 4404 997 4457; x_wconf 85' lang='grc' dir='ltr'>διώσαντα</span> <span class='ocrx_word' id='word_1_240' title='bbox 1024 4402 1122 4473; x_wconf 77' lang='grc' dir='ltr'><strong>τὴν</strong></span> <span class='ocrx_word' id='word_1_241' title='bbox 1152 4400 1421 4465; x_wconf 72' lang='grc' dir='ltr'>ἐναντίαν,</span> 
     </span>
    </p>
   </div>
   <div class='ocr_carea' id='block_1_45' title="bbox 433 4492 1582 4569">
    <p class='ocr_par' dir='ltr' id='par_1_45' title="bbox 433 4492 1582 4569">
     <span class='ocr_line' id='line_1_45' title="bbox 433 4492 1582 4569; baseline -0.004 -18"><span class='ocrx_word' id='word_1_242' title='bbox 433 4500 628 4569; x_wconf 86' lang='grc' dir='ltr'>Τυχεῖν</span> <span class='ocrx_word' id='word_1_243' title='bbox 662 4496 885 4548; x_wconf 80' lang='grc' dir='ltr'>ἐκείνων</span> <span class='ocrx_word' id='word_1_244' title='bbox 916 4493 1025 4546; x_wconf 85' lang='grc' dir='ltr'><strong>τῶν</strong></span> <span class='ocrx_word' id='word_1_245' title='bbox 1052 4492 1229 4563; x_wconf 87' lang='grc' dir='ltr'>μονῶν</span> <span class='ocrx_word' id='word_1_246' title='bbox 1258 4492 1582 4562; x_wconf 86' lang='grc' dir='ltr'>ἀμεινόνων.</span> 
     </span>
    </p>
   </div>
   <div class='ocr_carea' id='block_1_46' title="bbox 515 4581 1602 4658">
    <p class='ocr_par' dir='ltr' id='par_1_46' title="bbox 515 4581 1602 4658">
     <span class='ocr_line' id='line_1_46' title="bbox 515 4581 1602 4658; baseline -0.006 -17"><span class='ocrx_word' id='word_1_247' title='bbox 515 4586 680 4658; x_wconf 85' lang='grc' dir='ltr'>Ὁμοῦ</span> <span class='ocrx_word' id='word_1_248' title='bbox 701 4586 758 4639; x_wconf 79' lang='grc' dir='ltr'>δὲ</span> <span class='ocrx_word' id='word_1_249' title='bbox 783 4585 975 4638; x_wconf 84' lang='grc' dir='ltr'>θᾶττον</span> <span class='ocrx_word' id='word_1_250' title='bbox 1006 4581 1159 4645; x_wconf 79' lang='grc' dir='ltr'>αὖθις</span> <span class='ocrx_word' id='word_1_251' title='bbox 1187 4585 1265 4645; x_wconf 84' lang='grc' dir='ltr'><strong>είς</strong></span> <span class='ocrx_word' id='word_1_252' title='bbox 1296 4584 1393 4653; x_wconf 77' lang='grc' dir='ltr'>τὴν</span> <span class='ocrx_word' id='word_1_253' title='bbox 1423 4582 1602 4636; x_wconf 84' lang='grc' dir='ltr'>οἰκίαν</span> 
     </span>
    </p>
   </div>
   <div class='ocr_carea' id='block_1_47' title="bbox 434 4671 1789 4753">
    <p class='ocr_par' dir='ltr' id='par_1_47' title="bbox 434 4671 1789 4753">
     <span class='ocr_line' id='line_1_47' title="bbox 434 4671 1789 4753; baseline -0.006 -16"><span class='ocrx_word' id='word_1_254' title='bbox 434 4682 541 4737; x_wconf 90' lang='grc' dir='ltr'><strong>Τοῦ</strong></span> <span class='ocrx_word' id='word_1_255' title='bbox 577 4679 880 4753; x_wconf 79' lang='grc' dir='ltr'>πρεσϐύτου</span> <span class='ocrx_word' id='word_1_256' title='bbox 917 4676 1251 4749; x_wconf 74' lang='grc' dir='ltr'>προύϐησαν,</span> <span class='ocrx_word' id='word_1_257' title='bbox 1282 4671 1345 4730; x_wconf 77' lang='grc' dir='ltr'><strong>οῦ</strong></span> <span class='ocrx_word' id='word_1_258' title='bbox 1375 4676 1473 4746; x_wconf 81' lang='grc' dir='ltr'><strong>τὴν</strong></span> <span class='ocrx_word' id='word_1_259' title='bbox 1505 4678 1789 4747; x_wconf 73' lang='grc' dir='ltr'>φωσφόρον</span> 
     </span>
    </p>
   </div>
   <div class='ocr_carea' id='block_1_48' title="bbox 434 4768 1512 4844">
    <p class='ocr_par' dir='ltr' id='par_1_48' title="bbox 434 4768 1512 4844">
     <span class='ocr_line' id='line_1_48' title="bbox 434 4768 1512 4844; baseline -0.007 -17"><span class='ocrx_word' id='word_1_260' title='bbox 434 4772 712 4844; x_wconf 85' lang='grc' dir='ltr'>Σφραγῖδα</span> <span class='ocrx_word' id='word_1_261' title='bbox 740 4770 943 4839; x_wconf 82' lang='grc' dir='ltr'>σεπτὴν</span> <span class='ocrx_word' id='word_1_262' title='bbox 975 4771 1053 4831; x_wconf 89' lang='grc' dir='ltr'><strong>είς</strong></span> <span class='ocrx_word' id='word_1_263' title='bbox 1081 4768 1353 4839; x_wconf 83' lang='grc' dir='ltr'>τρισήλιον</span> <span class='ocrx_word' id='word_1_264' title='bbox 1381 4768 1512 4836; x_wconf 82' lang='grc' dir='ltr'>φάος</span> 
     </span>
    </p>
   </div>
   <div class='ocr_carea' id='block_1_49' title="bbox 438 4857 1579 4933">
    <p class='ocr_par' dir='ltr' id='par_1_49' title="bbox 438 4857 1579 4933">
     <span class='ocr_line' id='line_1_49' title="bbox 438 4857 1579 4933; baseline -0.007 -15"><span class='ocrx_word' id='word_1_265' title='bbox 438 4865 645 4933; x_wconf 83' lang='grc' dir='ltr'>Ἔθηκε</span> <span class='ocrx_word' id='word_1_266' title='bbox 681 4860 1029 4915; x_wconf 86' lang='grc' dir='ltr'>πιστεύοντι·</span> <span class='ocrx_word' id='word_1_267' title='bbox 1068 4859 1162 4911; x_wconf 77' lang='grc' dir='ltr'><strong>καὶ</strong></span> <span class='ocrx_word' id='word_1_268' title='bbox 1191 4857 1268 4927; x_wconf 89' lang='grc' dir='ltr'><strong>τῷ</strong></span> <span class='ocrx_word' id='word_1_269' title='bbox 1301 4857 1579 4930; x_wconf 75' lang='grc' dir='ltr'>πρεσϐύτῃ</span> 
     </span>
    </p>
   </div>
   <div class='ocr_carea' id='block_1_50' title="bbox 436 4950 1518 5025">
    <p class='ocr_par' dir='ltr' id='par_1_50' title="bbox 436 4950 1518 5025">
     <span class='ocr_line' id='line_1_50' title="bbox 436 4950 1518 5025; baseline -0.005 -16"><span class='ocrx_word' id='word_1_270' title='bbox 436 4958 693 5025; x_wconf 84' lang='grc' dir='ltr'>Ἔμεινεν</span> <span class='ocrx_word' id='word_1_271' title='bbox 725 4954 863 5006; x_wconf 72' lang='grc' dir='ltr'>ἑπτὰ</span> <span class='ocrx_word' id='word_1_272' title='bbox 899 4952 1249 5021; x_wconf 86' lang='grc' dir='ltr'>συμπονήσας</span> <span class='ocrx_word' id='word_1_273' title='bbox 1283 4950 1518 5021; x_wconf 80' lang='grc' dir='ltr'>ἡμέρας.</span> 
     </span>
    </p>
   </div>
   <div class='ocr_carea' id='block_1_51' title="bbox 435 5041 1561 5119">
    <p class='ocr_par' dir='ltr' id='par_1_51' title="bbox 435 5041 1561 5119">
     <span class='ocr_line' id='line_1_51' title="bbox 435 5041 1561 5119; baseline -0.009 -16"><span class='ocrx_word' id='word_1_274' title='bbox 435 5050 546 5103; x_wconf 76' lang='grc' dir='ltr'><strong>Καὶ</strong></span> <span class='ocrx_word' id='word_1_275' title='bbox 573 5048 639 5119; x_wconf 80' lang='grc' dir='ltr'>δὴ</span> <span class='ocrx_word' id='word_1_276' title='bbox 671 5046 807 5117; x_wconf 85' lang='grc' dir='ltr'>μετὰ</span> <span class='ocrx_word' id='word_1_277' title='bbox 838 5045 933 5116; x_wconf 83' lang='grc' dir='ltr'>τὴν</span> <span class='ocrx_word' id='word_1_278' title='bbox 968 5044 1201 5113; x_wconf 76' lang='grc' dir='ltr'>ἑϐδόμην</span> <span class='ocrx_word' id='word_1_279' title='bbox 1231 5041 1561 5103; x_wconf 83' lang='grc' dir='ltr'>ὀπισθόπους</span> 
     </span>
    </p>
   </div>
   <div class='ocr_carea' id='block_1_52' title="bbox 434 5131 1895 5207">
    <p class='ocr_par' dir='ltr' id='par_1_52' title="bbox 434 5131 1895 5207">
     <span class='ocr_line' id='line_1_52' title="bbox 434 5131 1895 5207; baseline -0.004 -13"><span class='ocrx_word' id='word_1_280' title='bbox 434 5142 527 5204; x_wconf 77' lang='grc' dir='ltr'><strong>Εἰς</strong></span> <span class='ocrx_word' id='word_1_281' title='bbox 551 5136 695 5192; x_wconf 83' lang='grc' dir='ltr'>οἷκον</span> <span class='ocrx_word' id='word_1_282' title='bbox 727 5136 893 5190; x_wconf 75' lang='grc' dir='ltr'>ἐλθὼν</span> <span class='ocrx_word' id='word_1_283' title='bbox 922 5136 1029 5207; x_wconf 55' lang='lat' dir='ltr'><strong>[ian</strong></span> <span class='ocrx_word' id='word_1_284' title='bbox 1054 5131 1207 5207; x_wconf 81' lang='grc' dir='ltr'>ἦλθε]</span> <span class='ocrx_word' id='word_1_285' title='bbox 1245 5131 1508 5203; x_wconf 79' lang='grc' dir='ltr'>πατρικὸν</span> <span class='ocrx_word' id='word_1_286' title='bbox 1538 5132 1895 5203; x_wconf 82' lang='grc' dir='ltr'>κεχαρμένος.</span> 
     </span>
    </p>
   </div>
   <div class='ocr_carea' id='block_1_53' title="bbox 507 5224 1754 5302">
    <p class='ocr_par' dir='ltr' id='par_1_53' title="bbox 507 5224 1754 5302">
     <span class='ocr_line' id='line_1_53' title="bbox 507 5224 1754 5302; baseline -0.006 -17"><span class='ocrx_word' id='word_1_287' title='bbox 507 5231 697 5302; x_wconf 76' lang='grc' dir='ltr'>Πατὴρ</span> <span class='ocrx_word' id='word_1_288' title='bbox 732 5231 867 5301; x_wconf 82' lang='grc' dir='ltr'>πρὸς</span> <span class='ocrx_word' id='word_1_289' title='bbox 902 5229 1064 5281; x_wconf 63' lang='grc' dir='ltr'>αὐτὸν</span> <span class='ocrx_word' id='word_1_290' title='bbox 1088 5224 1210 5280; x_wconf 77' lang='grc' dir='ltr'>εἷπε</span> <span class='ocrx_word' id='word_1_291' title='bbox 1246 5225 1441 5295; x_wconf 78' lang='grc' dir='ltr'>μεστὸς</span> <span class='ocrx_word' id='word_1_292' title='bbox 1466 5226 1714 5296; x_wconf 86' lang='grc' dir='ltr'>δακρύων</span> <span class='ocrx_word' id='word_1_293' title='bbox 1739 5241 1754 5256; x_wconf 87' lang='grc'><strong>·</strong></span> 
     </span>
    </p>
   </div>
   <div class='ocr_carea' id='block_1_54' title="bbox 438 5319 1600 5388">
    <p class='ocr_par' dir='ltr' id='par_1_54' title="bbox 438 5319 1600 5388">
     <span class='ocr_line' id='line_1_54' title="bbox 438 5319 1600 5388; baseline -0.009 -8"><span class='ocrx_word' id='word_1_294' title='bbox 438 5328 638 5380; x_wconf 81' lang='grc' dir='ltr'>Τέκνον</span> <span class='ocrx_word' id='word_1_295' title='bbox 670 5323 933 5387; x_wconf 75' lang='grc' dir='ltr'>ποθεινὸν,</span> <span class='ocrx_word' id='word_1_296' title='bbox 964 5322 1062 5383; x_wconf 82' lang='grc' dir='ltr'>τὰς</span> <span class='ocrx_word' id='word_1_297' title='bbox 1088 5319 1354 5382; x_wconf 85' lang='grc' dir='ltr'>τοσαύτας</span> <span class='ocrx_word' id='word_1_298' title='bbox 1387 5319 1600 5388; x_wconf 70' lang='grc' dir='ltr'>ἡμέρας</span> 
     </span>
    </p>
   </div>
   <div class='ocr_carea' id='block_1_55' title="bbox 439 5409 1787 5484">
    <p class='ocr_par' dir='ltr' id='par_1_55' title="bbox 439 5409 1787 5484">
     <span class='ocr_line' id='line_1_55' title="bbox 439 5409 1787 5484; baseline -0.007 -12"><span class='ocrx_word' id='word_1_299' title='bbox 439 5417 549 5472; x_wconf 88' lang='grc' dir='ltr'>Ποῦ</span> <span class='ocrx_word' id='word_1_300' title='bbox 585 5415 881 5484; x_wconf 73' lang='grc' dir='ltr'>καὶπαρῆς</span> <span class='ocrx_word' id='word_1_301' title='bbox 923 5431 1034 5483; x_wconf 88' lang='grc' dir='ltr'>μοι,</span> <span class='ocrx_word' id='word_1_302' title='bbox 1070 5413 1162 5464; x_wconf 75' lang='grc' dir='ltr'><strong>καὶ</strong></span> <span class='ocrx_word' id='word_1_303' title='bbox 1193 5411 1395 5463; x_wconf 88' lang='grc' dir='ltr'>στένων</span> <span class='ocrx_word' id='word_1_304' title='bbox 1425 5409 1787 5479; x_wconf 82' lang='grc' dir='ltr'>ὲδυσφόρουν;</span> 
     </span>
    </p>
   </div>
   <div class='ocr_carea' id='block_1_56' title="bbox 446 5502 1893 5579">
    <p class='ocr_par' dir='ltr' id='par_1_56' title="bbox 446 5502 1893 5579">
     <span class='ocr_line' id='line_1_56' title="bbox 446 5502 1893 5579; baseline -0.003 -16"><span class='ocrx_word' id='word_1_305' title='bbox 446 5511 507 5563; x_wconf 87' lang='lat'><strong>&#39;0</strong></span> <span class='ocrx_word' id='word_1_306' title='bbox 540 5509 745 5579; x_wconf 83' lang='grc' dir='ltr'>δεύτερ’</span> <span class='ocrx_word' id='word_1_307' title='bbox 768 5507 930 5561; x_wconf 83' lang='grc' dir='ltr'>αἰνῶν</span> <span class='ocrx_word' id='word_1_308' title='bbox 963 5506 1057 5559; x_wconf 80' lang='grc' dir='ltr'>καὶ</span> <span class='ocrx_word' id='word_1_309' title='bbox 1118 5503 1397 5575; x_wconf 84' lang='grc' dir='ltr'>μεριμνῶν</span> <span class='ocrx_word' id='word_1_310' title='bbox 1438 5504 1530 5555; x_wconf 76' lang='grc' dir='ltr'>καὶ</span> <span class='ocrx_word' id='word_1_311' title='bbox 1578 5503 1740 5556; x_wconf 85' lang='grc' dir='ltr'>πέλον</span> <span class='ocrx_word' id='word_1_312' title='bbox 1784 5502 1893 5575; x_wconf 68' lang='lat' dir='ltr'><strong>[Im</strong></span> 
     </span>
    </p>
   </div>
   <div class='ocr_carea' id='block_1_57' title="bbox 437 5590 1863 5671">
    <p class='ocr_par' dir='ltr' id='par_1_57' title="bbox 437 5590 1863 5671">
     <span class='ocr_line' id='line_1_57' title="bbox 437 5590 1863 5671; baseline -0.003 -20"><span class='ocrx_word' id='word_1_313' title='bbox 437 5601 715 5671; x_wconf 81' lang='grc' dir='ltr'>Θρὴνοισι,</span> <span class='ocrx_word' id='word_1_314' title='bbox 742 5598 952 5658; x_wconf 87' lang='grc' dir='ltr'>τέκνον,</span> <span class='ocrx_word' id='word_1_315' title='bbox 981 5590 1069 5647; x_wconf 76' lang='grc' dir='ltr'><strong>οἷα</strong></span> <span class='ocrx_word' id='word_1_316' title='bbox 1091 5593 1367 5662; x_wconf 88' lang='grc' dir='ltr'>πείσομαι,</span> <span class='ocrx_word' id='word_1_317' title='bbox 1394 5592 1567 5655; x_wconf 75' lang='grc' dir='ltr'>τάλας</span> <span class='ocrx_word' id='word_1_318' title='bbox 1660 5591 1863 5663; x_wconf 87' lang='grc' dir='ltr'>[ποθῶν</span> 
     </span>
    </p>
   </div>
   <div class='ocr_carea' id='block_1_58' title="bbox 439 5684 1519 5759">
    <p class='ocr_par' dir='ltr' id='par_1_58' title="bbox 439 5684 1519 5759">
     <span class='ocr_line' id='line_1_58' title="bbox 439 5684 1519 5759; baseline -0.007 -14"><span class='ocrx_word' id='word_1_319' title='bbox 439 5692 586 5753; x_wconf 75' lang='grc' dir='ltr'>Υἱὸς,</span> <span class='ocrx_word' id='word_1_320' title='bbox 619 5691 681 5742; x_wconf 84' lang='grc' dir='ltr'><strong>τὸ</strong></span> <span class='ocrx_word' id='word_1_321' title='bbox 706 5688 895 5759; x_wconf 86' lang='grc' dir='ltr'>μέλλον</span> <span class='ocrx_word' id='word_1_322' title='bbox 923 5687 997 5746; x_wconf 76' lang='grc' dir='ltr'>ὡς</span> <span class='ocrx_word' id='word_1_323' title='bbox 1020 5686 1256 5754; x_wconf 80' lang='grc' dir='ltr'>ἀγαστὸν</span> <span class='ocrx_word' id='word_1_324' title='bbox 1294 5685 1349 5738; x_wconf 81' lang='grc' dir='ltr'>ὲν</span> <span class='ocrx_word' id='word_1_325' title='bbox 1375 5684 1519 5752; x_wconf 87' lang='grc' dir='ltr'>φάει,</span> 
     </span>
    </p>
   </div>
   <div class='ocr_carea' id='block_1_59' title="bbox 443 5775 1525 5847">
    <p class='ocr_par' dir='ltr' id='par_1_59' title="bbox 443 5775 1525 5847">
     <span class='ocr_line' id='line_1_59' title="bbox 443 5775 1525 5847; baseline -0.005 -12"><span class='ocrx_word' id='word_1_326' title='bbox 443 5784 719 5841; x_wconf 76' lang='grc' dir='ltr'>Ἀποινον,</span> <span class='ocrx_word' id='word_1_327' title='bbox 750 5778 1076 5832; x_wconf 84' lang='grc' dir='ltr'>ἁστένακτον</span> <span class='ocrx_word' id='word_1_328' title='bbox 1102 5778 1161 5829; x_wconf 82' lang='grc' dir='ltr'><strong>οὐ</strong></span> <span class='ocrx_word' id='word_1_329' title='bbox 1188 5775 1371 5847; x_wconf 84' lang='grc' dir='ltr'>βλέπω</span> <span class='ocrx_word' id='word_1_330' title='bbox 1394 5776 1525 5846; x_wconf 87' lang='grc' dir='ltr'>βίον.</span> 
     </span>
    </p>
   </div>
   <div class='ocr_carea' id='block_1_60' title="bbox 439 5870 1629 5943">
    <p class='ocr_par' dir='ltr' id='par_1_60' title="bbox 439 5870 1629 5943">
     <span class='ocr_line' id='line_1_60' title="bbox 439 5870 1629 5943; baseline -0.002 -16"><span class='ocrx_word' id='word_1_331' title='bbox 439 5872 538 5927; x_wconf 85' lang='grc' dir='ltr'><strong>Σοῦ</strong></span> <span class='ocrx_word' id='word_1_332' title='bbox 577 5874 675 5943; x_wconf 83' lang='grc' dir='ltr'><strong>μὲν</strong></span> <span class='ocrx_word' id='word_1_333' title='bbox 705 5871 969 5942; x_wconf 85' lang='grc' dir='ltr'>παρόντος</span> <span class='ocrx_word' id='word_1_334' title='bbox 994 5872 1085 5926; x_wconf 76' lang='grc' dir='ltr'><strong>καὶ</strong></span> <span class='ocrx_word' id='word_1_335' title='bbox 1109 5870 1289 5924; x_wconf 85' lang='grc' dir='ltr'>θανεῖν</span> <span class='ocrx_word' id='word_1_336' title='bbox 1320 5871 1629 5942; x_wconf 84' lang='grc' dir='ltr'>ἱμειρόμην.</span> 
     </span>
    </p>
   </div>
   <div class='ocr_carea' id='block_1_61' title="bbox 1384 421 3575 497">
    <p class='ocr_par' dir='ltr' id='par_1_61' title="bbox 1384 421 3575 497">
     <span class='ocr_line' id='line_1_61' title="bbox 1384 421 3575 497; baseline -0.005 -1"><span class='ocrx_word' id='word_1_337' title='bbox 1384 437 1447 497; x_wconf 86' lang='lat' dir='ltr'><strong>S.</strong></span> <span class='ocrx_word' id='word_1_338' title='bbox 1489 427 2127 496; x_wconf 81' lang='lat' dir='ltr'><strong>PANTELEEMONIS</strong></span> <span class='ocrx_word' id='word_1_339' title='bbox 2163 426 2539 489; x_wconf 83' lang='lat' dir='ltr'><strong>ELOGIUM.</strong></span> <span class='ocrx_word' id='word_1_340' title='bbox 2628 486 2629 489; x_wconf 38' lang='grc' dir='ltr'><strong>η</strong></span> <span class='ocrx_word' id='word_1_341' title='bbox 3468 421 3575 485; x_wconf 85' lang='lat'><strong>898</strong></span> 
     </span>
    </p>
   </div>
   <div class='ocr_carea' id='block_1_62' title="bbox 1925 533 3256 605">
    <p class='ocr_par' dir='ltr' id='par_1_62' title="bbox 1925 533 3256 605">
     <span class='ocr_line' id='line_1_62' title="bbox 1925 533 3256 605; baseline -0.004 -11"><span class='ocrx_word' id='word_1_342' title='bbox 1925 548 1969 603; x_wconf 75' lang='grc' dir='ltr'>Α</span> <span class='ocrx_word' id='word_1_343' title='bbox 2002 538 2097 595; x_wconf 86' lang='lat' dir='ltr'><strong>Vis</strong></span> <span class='ocrx_word' id='word_1_344' title='bbox 2121 539 2498 605; x_wconf 83' lang='lat' dir='ltr'><strong>Pantelemon,</strong></span> <span class='ocrx_word' id='word_1_345' title='bbox 2530 546 2591 595; x_wconf 92' lang='lat' dir='ltr'><strong>ut</strong></span> <span class='ocrx_word' id='word_1_346' title='bbox 2620 537 2783 594; x_wconf 90' lang='lat' dir='ltr'><strong>modo</strong></span> <span class='ocrx_word' id='word_1_347' title='bbox 2817 536 2962 594; x_wconf 88' lang='lat' dir='ltr'><strong>haud</strong></span> <span class='ocrx_word' id='word_1_348' title='bbox 2985 534 3134 592; x_wconf 78' lang='lat' dir='ltr'><strong>ﬁnita</strong></span> <span class='ocrx_word' id='word_1_349' title='bbox 3164 533 3256 591; x_wconf 96' lang='lat' dir='ltr'><strong>sit.</strong></span> 
     </span>
    </p>
   </div>
   <div class='ocr_carea' id='block_1_63' title="bbox 2001 636 2996 703">
    <p class='ocr_par' dir='ltr' id='par_1_63' title="bbox 2001 636 2996 703">
     <span class='ocr_line' id='line_1_63' title="bbox 2001 636 2996 703; baseline -0.002 -12"><span class='ocrx_word' id='word_1_350' title='bbox 2001 636 2069 691; x_wconf 78' lang='lat' dir='ltr'><strong>Et</strong></span> <span class='ocrx_word' id='word_1_351' title='bbox 2093 646 2247 694; x_wconf 90' lang='lat' dir='ltr'><strong>stans</strong></span> <span class='ocrx_word' id='word_1_352' title='bbox 2272 637 2326 692; x_wconf 92' lang='lat' dir='ltr'><strong>in</strong></span> <span class='ocrx_word' id='word_1_353' title='bbox 2352 638 2463 692; x_wconf 86' lang='lat' dir='ltr'><strong>alto</strong></span> <span class='ocrx_word' id='word_1_354' title='bbox 2488 637 2681 692; x_wconf 59' lang='lat' dir='ltr'><strong>bellua:</strong></span> <span class='ocrx_word' id='word_1_355' title='bbox 2711 637 2996 703; x_wconf 82' lang='lat' dir='ltr'><strong>cadavere,</strong></span> 
     </span>
    </p>
   </div>
   <div class='ocr_carea' id='block_1_64' title="bbox 2002 726 3131 799">
    <p class='ocr_par' dir='ltr' id='par_1_64' title="bbox 2002 726 3131 799">
     <span class='ocr_line' id='line_1_64' title="bbox 2002 726 3131 799; baseline -0.002 -16"><span class='ocrx_word' id='word_1_356' title='bbox 2002 726 2075 783; x_wconf 90' lang='lat' dir='ltr'><strong>Ut</strong></span> <span class='ocrx_word' id='word_1_357' title='bbox 2101 728 2283 799; x_wconf 87' lang='lat' dir='ltr'><strong>pullus</strong></span> <span class='ocrx_word' id='word_1_358' title='bbox 2314 727 2449 792; x_wconf 87' lang='lat' dir='ltr'><strong>alas,</strong></span> <span class='ocrx_word' id='word_1_359' title='bbox 2476 728 2675 783; x_wconf 90' lang='lat' dir='ltr'><strong>leniter</strong></span> <span class='ocrx_word' id='word_1_360' title='bbox 2705 736 2876 782; x_wconf 91' lang='lat' dir='ltr'><strong>totum</strong></span> <span class='ocrx_word' id='word_1_361' title='bbox 2911 726 3131 781; x_wconf 80' lang='lat' dir='ltr'><strong>elevans</strong></span> 
     </span>
    </p>
   </div>
   <div class='ocr_carea' id='block_1_65' title="bbox 1998 813 3359 889">
    <p class='ocr_par' dir='ltr' id='par_1_65' title="bbox 1998 813 3359 889">
     <span class='ocr_line' id='line_1_65' title="bbox 1998 813 3359 889; baseline -0.004 -16"><span class='ocrx_word' id='word_1_362' title='bbox 1998 816 2233 889; x_wconf 90' lang='lat' dir='ltr'><strong>Corpus,</strong></span> <span class='ocrx_word' id='word_1_363' title='bbox 2262 818 2558 888; x_wconf 86' lang='lat' dir='ltr'><strong>oculosque</strong></span> <span class='ocrx_word' id='word_1_364' title='bbox 2586 816 2651 873; x_wconf 85' lang='lat' dir='ltr'><strong>ad</strong></span> <span class='ocrx_word' id='word_1_365' title='bbox 2680 816 2882 871; x_wconf 67' lang='lat' dir='ltr'><strong>aethera</strong></span> <span class='ocrx_word' id='word_1_366' title='bbox 2913 813 3182 869; x_wconf 71' lang='lat' dir='ltr'><strong>extollens</strong></span> <span class='ocrx_word' id='word_1_367' title='bbox 3204 826 3359 876; x_wconf 87' lang='lat' dir='ltr'><strong>suos,</strong></span> 
     </span>
    </p>
   </div>
   <div class='ocr_carea' id='block_1_66' title="bbox 2000 905 3088 980">
    <p class='ocr_par' dir='ltr' id='par_1_66' title="bbox 2000 905 3088 980">
     <span class='ocr_line' id='line_1_66' title="bbox 2000 905 3088 980; baseline -0.007 -16"><span class='ocrx_word' id='word_1_368' title='bbox 2000 909 2198 967; x_wconf 87' lang='lat' dir='ltr'><strong>Preces</strong></span> <span class='ocrx_word' id='word_1_369' title='bbox 2235 910 2356 978; x_wconf 90' lang='lat' dir='ltr'><strong>pias</strong></span> <span class='ocrx_word' id='word_1_370' title='bbox 2388 908 2679 980; x_wconf 84' lang='lat' dir='ltr'><strong>purissimo</strong></span> <span class='ocrx_word' id='word_1_371' title='bbox 2708 905 2819 961; x_wconf 89' lang='lat' dir='ltr'><strong>edit</strong></span> <span class='ocrx_word' id='word_1_372' title='bbox 2849 911 3088 975; x_wconf 78' lang='lat' dir='ltr'><strong>pectore.</strong></span> 
     </span>
    </p>
   </div>
   <div class='ocr_carea' id='block_1_67' title="bbox 2000 994 3296 1066">
    <p class='ocr_par' dir='ltr' id='par_1_67' title="bbox 2000 994 3296 1066">
     <span class='ocr_line' id='line_1_67' title="bbox 2000 994 3296 1066; baseline -0.005 -13"><span class='ocrx_word' id='word_1_373' title='bbox 2000 998 2139 1055; x_wconf 84' lang='lat' dir='ltr'><strong>Hinc</strong></span> <span class='ocrx_word' id='word_1_374' title='bbox 2164 1001 2339 1055; x_wconf 87' lang='lat' dir='ltr'><strong>currit</strong></span> <span class='ocrx_word' id='word_1_375' title='bbox 2366 1000 2430 1055; x_wconf 90' lang='lat' dir='ltr'><strong>ad</strong></span> <span class='ocrx_word' id='word_1_376' title='bbox 2456 1014 2642 1056; x_wconf 90' lang='lat' dir='ltr'><strong>senem</strong></span> <span class='ocrx_word' id='word_1_377' title='bbox 2674 998 2776 1052; x_wconf 89' lang='lat' dir='ltr'><strong>ista</strong></span> <span class='ocrx_word' id='word_1_378' title='bbox 2804 1010 2982 1066; x_wconf 71' lang='lat' dir='ltr'><strong>praeco</strong></span> <span class='ocrx_word' id='word_1_379' title='bbox 3014 994 3296 1059; x_wconf 89' lang='lat' dir='ltr'><strong>nuntians,</strong></span> 
     </span>
    </p>
   </div>
   <div class='ocr_carea' id='block_1_68' title="bbox 2000 1089 3175 1161">
    <p class='ocr_par' dir='ltr' id='par_1_68' title="bbox 2000 1089 3175 1161">
     <span class='ocr_line' id='line_1_68' title="bbox 2000 1089 3175 1161; baseline -0.003 -17"><span class='ocrx_word' id='word_1_380' title='bbox 2000 1089 2133 1156; x_wconf 69' lang='lat' dir='ltr'><strong>Qum</strong></span> <span class='ocrx_word' id='word_1_381' title='bbox 2159 1098 2339 1145; x_wconf 91' lang='lat' dir='ltr'><strong>certus</strong></span> <span class='ocrx_word' id='word_1_382' title='bbox 2373 1091 2489 1161; x_wconf 83' lang='lat' dir='ltr'><strong>ipse</strong></span> <span class='ocrx_word' id='word_1_383' title='bbox 2519 1089 2746 1145; x_wconf 89' lang='lat' dir='ltr'><strong>nuntius</strong></span> <span class='ocrx_word' id='word_1_384' title='bbox 2776 1095 3128 1158; x_wconf 84' lang='lat' dir='ltr'><strong>prospexerat</strong></span> <span class='ocrx_word' id='word_1_385' title='bbox 3162 1109 3175 1140; x_wconf 84' lang='grc'><strong>;</strong></span> 
     </span>
    </p>
   </div>
   <div class='ocr_carea' id='block_1_69' title="bbox 2001 1178 3348 1253">
    <p class='ocr_par' dir='ltr' id='par_1_69' title="bbox 2001 1178 3348 1253">
     <span class='ocr_line' id='line_1_69' title="bbox 2001 1178 3348 1253; baseline -0.002 -17"><span class='ocrx_word' id='word_1_386' title='bbox 2001 1180 2138 1236; x_wconf 85' lang='lat' dir='ltr'><strong>Tum</strong></span> <span class='ocrx_word' id='word_1_387' title='bbox 2170 1184 2456 1253; x_wconf 85' lang='lat' dir='ltr'><strong>procidcns</strong></span> <span class='ocrx_word' id='word_1_388' title='bbox 2485 1182 2637 1237; x_wconf 91' lang='lat' dir='ltr'><strong>humi</strong></span> <span class='ocrx_word' id='word_1_389' title='bbox 2673 1200 2686 1234; x_wconf 89' lang='lat'><strong>:</strong></span> <span class='ocrx_word' id='word_1_390' title='bbox 2714 1181 2897 1245; x_wconf 90' lang='lat' dir='ltr'><strong>Pater,</strong></span> <span class='ocrx_word' id='word_1_391' title='bbox 2928 1195 3165 1250; x_wconf 62' lang='lat' dir='ltr'><strong>praesens</strong></span> <span class='ocrx_word' id='word_1_392' title='bbox 3196 1178 3348 1243; x_wconf 83' lang='lat' dir='ltr'><strong>ades,</strong></span> 
     </span>
    </p>
   </div>
   <div class='ocr_carea' id='block_1_70' title="bbox 2000 1269 3337 1342">
    <p class='ocr_par' dir='ltr' id='par_1_70' title="bbox 2000 1269 3337 1342">
     <span class='ocr_line' id='line_1_70' title="bbox 2000 1269 3337 1342; baseline -0.002 -16"><span class='ocrx_word' id='word_1_393' title='bbox 2000 1271 2287 1327; x_wconf 82' lang='lat' dir='ltr'><strong>Clamabat</strong></span> <span class='ocrx_word' id='word_1_394' title='bbox 2314 1273 2565 1339; x_wconf 81' lang='lat' dir='ltr'><strong>assidue;</strong></span> <span class='ocrx_word' id='word_1_395' title='bbox 2598 1272 2732 1326; x_wconf 87' lang='lat' dir='ltr'><strong>mihi</strong></span> <span class='ocrx_word' id='word_1_396' title='bbox 2767 1280 3020 1342; x_wconf 80' lang='lat' dir='ltr'><strong>augusta,</strong></span> <span class='ocrx_word' id='word_1_397' title='bbox 3060 1269 3337 1341; x_wconf 80' lang='lat' dir='ltr'><strong>inquiens,</strong></span> 
     </span>
    </p>
   </div>
   <div class='ocr_carea' id='block_1_71' title="bbox 2003 1361 3216 1432">
    <p class='ocr_par' dir='ltr' id='par_1_71' title="bbox 2003 1361 3216 1432">
     <span class='ocr_line' id='line_1_71' title="bbox 2003 1361 3216 1432; baseline -0.002 -15"><span class='ocrx_word' id='word_1_398' title='bbox 2003 1361 2172 1417; x_wconf 87' lang='lat' dir='ltr'><strong>Ortus</strong></span> <span class='ocrx_word' id='word_1_399' title='bbox 2211 1361 2436 1417; x_wconf 89' lang='lat' dir='ltr'><strong>secundi</strong></span> <span class='ocrx_word' id='word_1_400' title='bbox 2471 1376 2667 1417; x_wconf 83' lang='lat' dir='ltr'><strong>arcana</strong></span> <span class='ocrx_word' id='word_1_401' title='bbox 2698 1362 2890 1417; x_wconf 78' lang='lat' dir='ltr'><strong>confer</strong></span> <span class='ocrx_word' id='word_1_402' title='bbox 2915 1362 3166 1432; x_wconf 89' lang='lat' dir='ltr'><strong>protinus</strong></span> <span class='ocrx_word' id='word_1_403' title='bbox 3202 1379 3216 1415; x_wconf 87' lang='lat'><strong>:</strong></span> 
     </span>
    </p>
   </div>
   <div class='ocr_carea' id='block_1_72' title="bbox 2003 1453 3093 1524">
    <p class='ocr_par' dir='ltr' id='par_1_72' title="bbox 2003 1453 3093 1524">
     <span class='ocr_line' id='line_1_72' title="bbox 2003 1453 3093 1524; baseline -0.003 -13"><span class='ocrx_word' id='word_1_404' title='bbox 2003 1454 2389 1524; x_wconf 80' lang='lat' dir='ltr'><strong>Purgationem</strong></span> <span class='ocrx_word' id='word_1_405' title='bbox 2421 1453 2817 1508; x_wconf 86' lang='lat' dir='ltr'><strong>illuminantem</strong></span> <span class='ocrx_word' id='word_1_406' title='bbox 2851 1464 3093 1523; x_wconf 86' lang='lat' dir='ltr'><strong>pectora,</strong></span> 
     </span>
    </p>
   </div>
   <div class='ocr_carea' id='block_1_73' title="bbox 2002 1544 3129 1615">
    <p class='ocr_par' dir='ltr' id='par_1_73' title="bbox 2002 1544 3129 1615">
     <span class='ocr_line' id='line_1_73' title="bbox 2002 1544 3129 1615; baseline -0.003 -15"><span class='ocrx_word' id='word_1_407' title='bbox 2002 1545 2139 1601; x_wconf 87' lang='lat' dir='ltr'><strong>Nam</strong></span> <span class='ocrx_word' id='word_1_408' title='bbox 2166 1544 2293 1599; x_wconf 89' lang='lat' dir='ltr'><strong>novi</strong></span> <span class='ocrx_word' id='word_1_409' title='bbox 2320 1559 2420 1614; x_wconf 78' lang='lat' dir='ltr'><strong>ego</strong></span> <span class='ocrx_word' id='word_1_410' title='bbox 2446 1544 2805 1615; x_wconf 87' lang='lat' dir='ltr'><strong>persuasione</strong></span> <span class='ocrx_word' id='word_1_411' title='bbox 2837 1544 3129 1607; x_wconf 87' lang='lat' dir='ltr'><strong>acerrima,</strong></span> 
     </span>
    </p>
   </div>
   <div class='ocr_carea' id='block_1_74' title="bbox 2007 1635 3254 1707">
    <p class='ocr_par' dir='ltr' id='par_1_74' title="bbox 2007 1635 3254 1707">
     <span class='ocr_line' id='line_1_74' title="bbox 2007 1635 3254 1707; baseline -0.002 -13"><span class='ocrx_word' id='word_1_412' title='bbox 2007 1636 2272 1694; x_wconf 68' lang='lat' dir='ltr'><strong>IEternus</strong></span> <span class='ocrx_word' id='word_1_413' title='bbox 2300 1647 2358 1691; x_wconf 90' lang='lat' dir='ltr'><strong>ut</strong></span> <span class='ocrx_word' id='word_1_414' title='bbox 2379 1636 2448 1691; x_wconf 90' lang='lat' dir='ltr'><strong>sit</strong></span> <span class='ocrx_word' id='word_1_415' title='bbox 2476 1644 2780 1707; x_wconf 70' lang='lat' dir='ltr'><strong>praepotens</strong></span> <span class='ocrx_word' id='word_1_416' title='bbox 2810 1650 3058 1690; x_wconf 85' lang='lat' dir='ltr'><strong>summus</strong></span> <span class='ocrx_word' id='word_1_417' title='bbox 3088 1635 3254 1703; x_wconf 88' lang='lat' dir='ltr'><strong>Deus,</strong></span> 
     </span>
    </p>
   </div>
   <div class='ocr_carea' id='block_1_75' title="bbox 2000 1726 3411 1797">
    <p class='ocr_par' dir='ltr' id='par_1_75' title="bbox 2000 1726 3411 1797">
     <span class='ocr_line' id='line_1_75' title="bbox 2000 1726 3411 1797; baseline -0.001 -12"><span class='ocrx_word' id='word_1_418' title='bbox 2000 1730 2274 1795; x_wconf 83' lang='lat' dir='ltr'><strong>Christus,</strong></span> <span class='ocrx_word' id='word_1_419' title='bbox 2303 1743 2405 1784; x_wconf 89' lang='lat' dir='ltr'><strong>nec</strong></span> <span class='ocrx_word' id='word_1_420' title='bbox 2432 1728 2577 1782; x_wconf 92' lang='lat' dir='ltr'><strong>ullus</strong></span> <span class='ocrx_word' id='word_1_421' title='bbox 2601 1736 2795 1797; x_wconf 63' lang='lat' dir='ltr'><strong>praeter</strong></span> <span class='ocrx_word' id='word_1_422' title='bbox 2821 1726 2989 1791; x_wconf 87' lang='lat' dir='ltr'><strong>hunc,</strong></span> <span class='ocrx_word' id='word_1_423' title='bbox 3015 1726 3108 1797; x_wconf 90' lang='lat' dir='ltr'><strong>qui</strong></span> <span class='ocrx_word' id='word_1_424' title='bbox 3138 1728 3288 1783; x_wconf 90' lang='lat' dir='ltr'><strong>solus</strong></span> <span class='ocrx_word' id='word_1_425' title='bbox 3308 1737 3411 1785; x_wconf 85' lang='lat' dir='ltr'><strong>est.</strong></span> 
     </span>
    </p>
   </div>
   <div class='ocr_carea' id='block_1_76' title="bbox 2001 1818 3261 1892">
    <p class='ocr_par' dir='ltr' id='par_1_76' title="bbox 2001 1818 3261 1892">
     <span class='ocr_line' id='line_1_76' title="bbox 2001 1818 3261 1892; baseline -0.006 -16"><span class='ocrx_word' id='word_1_426' title='bbox 2001 1820 2106 1877; x_wconf 85' lang='lat' dir='ltr'><strong>Per</strong></span> <span class='ocrx_word' id='word_1_427' title='bbox 2137 1836 2300 1892; x_wconf 89' lang='lat' dir='ltr'><strong>quem</strong></span> <span class='ocrx_word' id='word_1_428' title='bbox 2332 1820 2511 1875; x_wconf 87' lang='lat' dir='ltr'><strong>redire</strong></span> <span class='ocrx_word' id='word_1_429' title='bbox 2537 1819 2739 1873; x_wconf 89' lang='lat' dir='ltr'><strong>mortui</strong></span> <span class='ocrx_word' id='word_1_430' title='bbox 2770 1818 2838 1873; x_wconf 88' lang='lat' dir='ltr'><strong>ad</strong></span> <span class='ocrx_word' id='word_1_431' title='bbox 2868 1818 3031 1873; x_wconf 88' lang='lat' dir='ltr'><strong>vitam</strong></span> <span class='ocrx_word' id='word_1_432' title='bbox 3060 1819 3261 1884; x_wconf 87' lang='lat' dir='ltr'><strong>solent,</strong></span> 
     </span>
    </p>
   </div>
   <div class='ocr_carea' id='block_1_77' title="bbox 1921 1895 3444 1982">
    <p class='ocr_par' dir='ltr' id='par_1_77' title="bbox 1921 1895 3444 1982">
     <span class='ocr_line' id='line_1_77' title="bbox 1921 1895 3444 1982; baseline -0.002 -15"><span class='ocrx_word' id='word_1_433' title='bbox 1921 1895 1971 1958; x_wconf 74' lang='grc' dir='ltr'><strong>Β</strong></span> <span class='ocrx_word' id='word_1_434' title='bbox 1999 1910 2303 1982; x_wconf 78' lang='lat' dir='ltr'><strong>Visumque</strong></span> <span class='ocrx_word' id='word_1_435' title='bbox 2332 1917 2531 1982; x_wconf 66' lang='lat' dir='ltr'><strong>pratter</strong></span> <span class='ocrx_word' id='word_1_436' title='bbox 2553 1924 2704 1979; x_wconf 90' lang='lat' dir='ltr'><strong>spem</strong></span> <span class='ocrx_word' id='word_1_437' title='bbox 2732 1908 2898 1964; x_wconf 91' lang='lat' dir='ltr'><strong>modo</strong></span> <span class='ocrx_word' id='word_1_438' title='bbox 2922 1923 3085 1964; x_wconf 91' lang='lat' dir='ltr'><strong>omne</strong></span> <span class='ocrx_word' id='word_1_439' title='bbox 3116 1924 3145 1964; x_wconf 90' lang='lat' dir='ltr'><strong>a</strong></span> <span class='ocrx_word' id='word_1_440' title='bbox 3177 1924 3236 1965; x_wconf 88' lang='lat' dir='ltr'><strong>se</strong></span> <span class='ocrx_word' id='word_1_441' title='bbox 3265 1908 3444 1980; x_wconf 85' lang='lat' dir='ltr'><strong>palam</strong></span> 
     </span>
    </p>
   </div>
   <div class='ocr_carea' id='block_1_78' title="bbox 1922 2000 2959 2087">
    <p class='ocr_par' dir='ltr' id='par_1_78' title="bbox 1922 2000 2959 2087">
     <span class='ocr_line' id='line_1_78' title="bbox 1922 2000 2959 2087; baseline -0.005 -29"><span class='ocrx_word' id='word_1_442' title='bbox 1922 2067 1939 2087; x_wconf 49' lang='lat'><em>’</em></span> <span class='ocrx_word' id='word_1_443' title='bbox 1994 2002 2346 2060; x_wconf 81' lang='lat' dir='ltr'><strong>Renuntiavit</strong></span> <span class='ocrx_word' id='word_1_444' title='bbox 2377 2001 2583 2058; x_wconf 90' lang='lat' dir='ltr'><strong>editum</strong></span> <span class='ocrx_word' id='word_1_445' title='bbox 2610 2000 2959 2056; x_wconf 85' lang='lat' dir='ltr'><strong>miraculum.</strong></span> 
     </span>
    </p>
   </div>
   <div class='ocr_carea' id='block_1_79' title="bbox 2073 2097 3536 2171">
    <p class='ocr_par' dir='ltr' id='par_1_79' title="bbox 2073 2097 3536 2171">
     <span class='ocr_line' id='line_1_79' title="bbox 2073 2097 3536 2171; baseline -0.004 -11"><span class='ocrx_word' id='word_1_446' title='bbox 2073 2105 2210 2160; x_wconf 85' lang='lat' dir='ltr'><strong>Tum</strong></span> <span class='ocrx_word' id='word_1_447' title='bbox 2245 2103 2431 2159; x_wconf 84' lang='lat' dir='ltr'><strong>senior</strong></span> <span class='ocrx_word' id='word_1_448' title='bbox 2463 2119 2478 2156; x_wconf 87' lang='lat'><strong>:</strong></span> <span class='ocrx_word' id='word_1_449' title='bbox 2506 2102 2653 2157; x_wconf 82' lang='lat' dir='ltr'><strong>Heus</strong></span> <span class='ocrx_word' id='word_1_450' title='bbox 2686 2110 2766 2167; x_wconf 91' lang='lat' dir='ltr'><strong>tu,</strong></span> <span class='ocrx_word' id='word_1_451' title='bbox 2802 2099 2997 2170; x_wconf 89' lang='lat' dir='ltr'><strong>inquit,</strong></span> <span class='ocrx_word' id='word_1_452' title='bbox 3024 2106 3316 2171; x_wconf 74' lang='lat' dir='ltr'><strong>perempta:</strong></span> <span class='ocrx_word' id='word_1_453' title='bbox 3344 2097 3536 2155; x_wconf 75' lang='lat' dir='ltr'><strong>belluae</strong></span> 
     </span>
    </p>
   </div>
   <div class='ocr_carea' id='block_1_80' title="bbox 1942 2193 3195 2262">
    <p class='ocr_par' dir='ltr' id='par_1_80' title="bbox 1942 2193 3195 2262">
     <span class='ocr_line' id='line_1_80' title="bbox 1942 2193 3195 2262; baseline -0.004 -8"><span class='ocrx_word' id='word_1_454' title='bbox 1942 2202 1945 2205; x_wconf 85' lang='grc'><em>’</em></span> <span class='ocrx_word' id='word_1_455' title='bbox 2008 2198 2252 2254; x_wconf 81' lang='lat' dir='ltr'><strong>Cadaver</strong></span> <span class='ocrx_word' id='word_1_456' title='bbox 2274 2197 2455 2252; x_wconf 89' lang='lat' dir='ltr'><strong>indica</strong></span> <span class='ocrx_word' id='word_1_457' title='bbox 2484 2204 2545 2250; x_wconf 92' lang='lat' dir='ltr'><strong>ut</strong></span> <span class='ocrx_word' id='word_1_458' title='bbox 2574 2210 2634 2249; x_wconf 90' lang='lat' dir='ltr'><strong>se</strong></span> <span class='ocrx_word' id='word_1_459' title='bbox 2664 2194 2846 2258; x_wconf 84' lang='lat' dir='ltr'><strong>habet,</strong></span> <span class='ocrx_word' id='word_1_460' title='bbox 2874 2193 2948 2248; x_wconf 84' lang='lat' dir='ltr'><strong>ﬁli</strong></span> <span class='ocrx_word' id='word_1_461' title='bbox 2972 2193 3195 2262; x_wconf 87' lang='lat' dir='ltr'><strong>optime.</strong></span> 
     </span>
    </p>
   </div>
   <div class='ocr_carea' id='block_1_81' title="bbox 1996 2286 3218 2360">
    <p class='ocr_par' dir='ltr' id='par_1_81' title="bbox 1996 2286 3218 2360">
     <span class='ocr_line' id='line_1_81' title="bbox 1996 2286 3218 2360; baseline -0.004 -15"><span class='ocrx_word' id='word_1_462' title='bbox 1996 2289 2117 2345; x_wconf 81' lang='lat' dir='ltr'><strong>Mox</strong></span> <span class='ocrx_word' id='word_1_463' title='bbox 2144 2305 2274 2360; x_wconf 81' lang='lat' dir='ltr'><strong>ergo</strong></span> <span class='ocrx_word' id='word_1_464' title='bbox 2310 2298 2538 2360; x_wconf 89' lang='lat' dir='ltr'><strong>uterque</strong></span> <span class='ocrx_word' id='word_1_465' title='bbox 2564 2288 2797 2343; x_wconf 90' lang='lat' dir='ltr'><strong>contulit</strong></span> <span class='ocrx_word' id='word_1_466' title='bbox 2827 2303 2885 2342; x_wconf 89' lang='lat' dir='ltr'><strong>se</strong></span> <span class='ocrx_word' id='word_1_467' title='bbox 2916 2286 3009 2341; x_wconf 89' lang='lat' dir='ltr'><strong>ubi</strong></span> <span class='ocrx_word' id='word_1_468' title='bbox 3044 2286 3218 2341; x_wconf 85' lang='lat' dir='ltr'><strong>bestia</strong></span> 
     </span>
    </p>
   </div>
   <div class='ocr_carea' id='block_1_82' title="bbox 1996 2380 3359 2450">
    <p class='ocr_par' dir='ltr' id='par_1_82' title="bbox 1996 2380 3359 2450">
     <span class='ocr_line' id='line_1_82' title="bbox 1996 2380 3359 2450; baseline -0.005 -11"><span class='ocrx_word' id='word_1_469' title='bbox 1996 2384 2305 2448; x_wconf 76' lang='lat' dir='ltr'><strong>Exanimis,</strong></span> <span class='ocrx_word' id='word_1_470' title='bbox 2339 2383 2565 2437; x_wconf 90' lang='lat' dir='ltr'><strong>immota</strong></span> <span class='ocrx_word' id='word_1_471' title='bbox 2596 2389 2763 2450; x_wconf 83' lang='lat' dir='ltr'><strong>atque</strong></span> <span class='ocrx_word' id='word_1_472' title='bbox 2790 2380 2937 2436; x_wconf 90' lang='lat' dir='ltr'><strong>iners</strong></span> <span class='ocrx_word' id='word_1_473' title='bbox 2966 2387 3189 2434; x_wconf 82' lang='lat' dir='ltr'><strong>extensa</strong></span> <span class='ocrx_word' id='word_1_474' title='bbox 3219 2385 3359 2445; x_wconf 89' lang='lat' dir='ltr'><strong>erat,</strong></span> 
     </span>
    </p>
   </div>
   <div class='ocr_carea' id='block_1_83' title="bbox 1999 2471 3136 2548">
    <p class='ocr_par' dir='ltr' id='par_1_83' title="bbox 1999 2471 3136 2548">
     <span class='ocr_line' id='line_1_83' title="bbox 1999 2471 3136 2548; baseline -0.008 -15"><span class='ocrx_word' id='word_1_475' title='bbox 1999 2477 2275 2548; x_wconf 91' lang='lat' dir='ltr'><strong>Sulcoque</strong></span> <span class='ocrx_word' id='word_1_476' title='bbox 2303 2476 2433 2530; x_wconf 90' lang='lat' dir='ltr'><strong>trita</strong></span> <span class='ocrx_word' id='word_1_477' title='bbox 2456 2484 2510 2530; x_wconf 91' lang='lat' dir='ltr'><strong>et</strong></span> <span class='ocrx_word' id='word_1_478' title='bbox 2533 2474 2821 2544; x_wconf 89' lang='lat' dir='ltr'><strong>inquinata</strong></span> <span class='ocrx_word' id='word_1_479' title='bbox 2854 2471 3136 2533; x_wconf 87' lang='lat' dir='ltr'><strong>sordibus,</strong></span> 
     </span>
    </p>
   </div>
   <div class='ocr_carea' id='block_1_84' title="bbox 1996 2563 3130 2637">
    <p class='ocr_par' dir='ltr' id='par_1_84' title="bbox 1996 2563 3130 2637">
     <span class='ocr_line' id='line_1_84' title="bbox 1996 2563 3130 2637; baseline -0.008 -13"><span class='ocrx_word' id='word_1_480' title='bbox 1996 2568 2197 2624; x_wconf 89' lang='lat' dir='ltr'><strong>Terror</strong></span> <span class='ocrx_word' id='word_1_481' title='bbox 2221 2567 2441 2637; x_wconf 85' lang='lat' dir='ltr'><strong>jacebat</strong></span> <span class='ocrx_word' id='word_1_482' title='bbox 2466 2574 2520 2621; x_wconf 91' lang='lat' dir='ltr'><strong>et</strong></span> <span class='ocrx_word' id='word_1_483' title='bbox 2543 2565 2705 2636; x_wconf 90' lang='lat' dir='ltr'><strong>jocus</strong></span> <span class='ocrx_word' id='word_1_484' title='bbox 2735 2563 3130 2635; x_wconf 83' lang='lat' dir='ltr'><strong>spectantibus.</strong></span> 
     </span>
    </p>
   </div>
   <div class='ocr_carea' id='block_1_85' title="bbox 2072 2652 3271 2714">
    <p class='ocr_par' dir='ltr' id='par_1_85' title="bbox 2072 2652 3271 2714">
     <span class='ocr_line' id='line_1_85' title="bbox 2072 2652 3271 2714; baseline -0.003 -4"><span class='ocrx_word' id='word_1_485' title='bbox 2072 2657 2175 2714; x_wconf 81' lang='lat' dir='ltr'><strong>Hie</strong></span> <span class='ocrx_word' id='word_1_486' title='bbox 2209 2656 2557 2711; x_wconf 87' lang='lat' dir='ltr'><strong>Pantelemon</strong></span> <span class='ocrx_word' id='word_1_487' title='bbox 2590 2655 2902 2711; x_wconf 89' lang='lat' dir='ltr'><strong>comminus</strong></span> <span class='ocrx_word' id='word_1_488' title='bbox 2931 2661 3122 2708; x_wconf 88' lang='lat' dir='ltr'><strong>sancto</strong></span> <span class='ocrx_word' id='word_1_489' title='bbox 3151 2652 3271 2707; x_wconf 90' lang='lat' dir='ltr'><strong>seni</strong></span> 
     </span>
    </p>
   </div>
   <div class='ocr_carea' id='block_1_86' title="bbox 1995 2742 3194 2809">
    <p class='ocr_par' dir='ltr' id='par_1_86' title="bbox 1995 2742 3194 2809">
     <span class='ocr_line' id='line_1_86' title="bbox 1995 2742 3194 2809; baseline -0.005 -6"><span class='ocrx_word' id='word_1_490' title='bbox 1995 2746 2147 2803; x_wconf 66' lang='lat' dir='ltr'><strong>Ferae</strong></span> <span class='ocrx_word' id='word_1_491' title='bbox 2167 2747 2398 2802; x_wconf 84' lang='lat' dir='ltr'><strong>cadaver</strong></span> <span class='ocrx_word' id='word_1_492' title='bbox 2423 2753 2696 2801; x_wconf 87' lang='lat' dir='ltr'><strong>monstrat</strong></span> <span class='ocrx_word' id='word_1_493' title='bbox 2728 2744 3023 2801; x_wconf 89' lang='lat' dir='ltr'><strong>instratum</strong></span> <span class='ocrx_word' id='word_1_494' title='bbox 3055 2742 3194 2809; x_wconf 90' lang='lat' dir='ltr'><strong>solo,</strong></span> 
     </span>
    </p>
   </div>
   <div class='ocr_carea' id='block_1_87' title="bbox 1998 2834 3105 2906">
    <p class='ocr_par' dir='ltr' id='par_1_87' title="bbox 1998 2834 3105 2906">
     <span class='ocr_line' id='line_1_87' title="bbox 1998 2834 3105 2906; baseline -0.005 -12"><span class='ocrx_word' id='word_1_495' title='bbox 1998 2839 2214 2896; x_wconf 81' lang='lat' dir='ltr'><strong>Exsiliit</strong></span> <span class='ocrx_word' id='word_1_496' title='bbox 2234 2838 2500 2893; x_wconf 86' lang='lat' dir='ltr'><strong>immenso</strong></span> <span class='ocrx_word' id='word_1_497' title='bbox 2524 2852 2689 2893; x_wconf 82' lang='lat' dir='ltr'><strong>senex</strong></span> <span class='ocrx_word' id='word_1_498' title='bbox 2722 2851 2832 2906; x_wconf 65' lang='lat' dir='ltr'><strong>prae</strong></span> <span class='ocrx_word' id='word_1_499' title='bbox 2859 2834 3059 2906; x_wconf 79' lang='lat' dir='ltr'><strong>gaudio</strong></span> <span class='ocrx_word' id='word_1_500' title='bbox 3088 2850 3105 2888; x_wconf 90' lang='lat'><strong>:</strong></span> 
     </span>
    </p>
   </div>
   <div class='ocr_carea' id='block_1_88' title="bbox 1996 2923 3113 2999">
    <p class='ocr_par' dir='ltr' id='par_1_88' title="bbox 1996 2923 3113 2999">
     <span class='ocr_line' id='line_1_88' title="bbox 1996 2923 3113 2999; baseline -0.011 -13"><span class='ocrx_word' id='word_1_501' title='bbox 1996 2931 2263 2999; x_wconf 62' lang='lat' dir='ltr'><strong>Purmque</strong></span> <span class='ocrx_word' id='word_1_502' title='bbox 2291 2928 2491 2983; x_wconf 88' lang='lat' dir='ltr'><strong>mentis</strong></span> <span class='ocrx_word' id='word_1_503' title='bbox 2524 2926 2729 2981; x_wconf 88' lang='lat' dir='ltr'><strong>lumine</strong></span> <span class='ocrx_word' id='word_1_504' title='bbox 2753 2924 2896 2979; x_wconf 91' lang='lat' dir='ltr'><strong>elato</strong></span> <span class='ocrx_word' id='word_1_505' title='bbox 2925 2923 3113 2986; x_wconf 88' lang='lat' dir='ltr'><strong>altius,</strong></span> 
     </span>
    </p>
   </div>
   <div class='ocr_carea' id='block_1_89' title="bbox 1996 3011 3275 3089">
    <p class='ocr_par' dir='ltr' id='par_1_89' title="bbox 1996 3011 3275 3089">
     <span class='ocr_line' id='line_1_89' title="bbox 1996 3011 3275 3089; baseline -0.01 -10"><span class='ocrx_word' id='word_1_506' title='bbox 1996 3023 2251 3080; x_wconf 78' lang='lat' dir='ltr'><strong>Convexa</strong></span> <span class='ocrx_word' id='word_1_507' title='bbox 2280 3020 2569 3082; x_wconf 76' lang='lat' dir='ltr'><strong>cmlorum,</strong></span> <span class='ocrx_word' id='word_1_508' title='bbox 2599 3017 2872 3089; x_wconf 85' lang='lat' dir='ltr'><strong>adytaque</strong></span> <span class='ocrx_word' id='word_1_509' title='bbox 2899 3015 3113 3069; x_wconf 88' lang='lat' dir='ltr'><strong>intrans</strong></span> <span class='ocrx_word' id='word_1_510' title='bbox 3139 3011 3275 3084; x_wconf 90' lang='lat' dir='ltr'><strong>poli,</strong></span> 
     </span>
    </p>
   </div>
   <div class='ocr_carea' id='block_1_90' title="bbox 1998 3105 3076 3179">
    <p class='ocr_par' dir='ltr' id='par_1_90' title="bbox 1998 3105 3076 3179">
     <span class='ocr_line' id='line_1_90' title="bbox 1998 3105 3076 3179; baseline -0.01 -11"><span class='ocrx_word' id='word_1_511' title='bbox 1998 3111 2196 3168; x_wconf 89' lang='lat' dir='ltr'><strong>Grates</strong></span> <span class='ocrx_word' id='word_1_512' title='bbox 2229 3110 2481 3165; x_wconf 88' lang='lat' dir='ltr'><strong>lubenter</strong></span> <span class='ocrx_word' id='word_1_513' title='bbox 2511 3109 2622 3178; x_wconf 78' lang='lat' dir='ltr'><strong>egit</strong></span> <span class='ocrx_word' id='word_1_514' title='bbox 2661 3109 2912 3179; x_wconf 82' lang='lat' dir='ltr'><strong>ingentes</strong></span> <span class='ocrx_word' id='word_1_515' title='bbox 2945 3105 3076 3171; x_wconf 90' lang='lat' dir='ltr'><strong>Deo,</strong></span> 
     </span>
    </p>
   </div>
   <div class='ocr_carea' id='block_1_91' title="bbox 1919 3196 3168 3293">
    <p class='ocr_par' dir='ltr' id='par_1_91' title="bbox 1919 3196 3168 3293">
     <span class='ocr_line' id='line_1_91' title="bbox 1919 3196 3168 3293; baseline -0.012 -30"><span class='ocrx_word' id='word_1_516' title='bbox 1919 3229 1965 3293; x_wconf 69' lang='grc' dir='ltr'>α</span> <span class='ocrx_word' id='word_1_517' title='bbox 2001 3204 2095 3262; x_wconf 92' lang='lat' dir='ltr'><strong>Sic</strong></span> <span class='ocrx_word' id='word_1_518' title='bbox 2118 3211 2445 3275; x_wconf 88' lang='lat' dir='ltr'><strong>apprecatus</strong></span> <span class='ocrx_word' id='word_1_519' title='bbox 2476 3210 2656 3257; x_wconf 88' lang='lat' dir='ltr'><strong>mente</strong></span> <span class='ocrx_word' id='word_1_520' title='bbox 2686 3215 2856 3255; x_wconf 88' lang='lat' dir='ltr'><strong>canus</strong></span> <span class='ocrx_word' id='word_1_521' title='bbox 2887 3196 3118 3254; x_wconf 90' lang='lat' dir='ltr'><strong>candida</strong></span> <span class='ocrx_word' id='word_1_522' title='bbox 3155 3213 3168 3248; x_wconf 91' lang='lat'>:</span> 
     </span>
    </p>
   </div>
   <div class='ocr_carea' id='block_1_92' title="bbox 2069 3296 3412 3367">
    <p class='ocr_par' dir='ltr' id='par_1_92' title="bbox 2069 3296 3412 3367">
     <span class='ocr_line' id='line_1_92' title="bbox 2069 3296 3412 3367; baseline -0.007 -6"><span class='ocrx_word' id='word_1_523' title='bbox 2069 3306 2267 3367; x_wconf 90' lang='lat' dir='ltr'><strong>Decus,</strong></span> <span class='ocrx_word' id='word_1_524' title='bbox 2300 3304 2468 3359; x_wconf 90' lang='lat' dir='ltr'><strong>decus</strong></span> <span class='ocrx_word' id='word_1_525' title='bbox 2500 3301 2597 3357; x_wconf 91' lang='lat' dir='ltr'><strong>tibi</strong></span> <span class='ocrx_word' id='word_1_526' title='bbox 2623 3301 2716 3363; x_wconf 88' lang='lat' dir='ltr'><strong>sit,</strong></span> <span class='ocrx_word' id='word_1_527' title='bbox 2750 3300 2904 3355; x_wconf 90' lang='lat' dir='ltr'><strong>decet</strong></span> <span class='ocrx_word' id='word_1_528' title='bbox 2934 3308 2985 3353; x_wconf 91' lang='lat' dir='ltr'><strong>te</strong></span> <span class='ocrx_word' id='word_1_529' title='bbox 3015 3312 3185 3351; x_wconf 91' lang='lat' dir='ltr'><strong>unum</strong></span> <span class='ocrx_word' id='word_1_530' title='bbox 3220 3296 3412 3363; x_wconf 82' lang='lat' dir='ltr'><strong>decus,</strong></span> 
     </span>
    </p>
   </div>
   <div class='ocr_carea' id='block_1_93' title="bbox 1999 3384 3395 3465">
    <p class='ocr_par' dir='ltr' id='par_1_93' title="bbox 1999 3384 3395 3465">
     <span class='ocr_line' id='line_1_93' title="bbox 1999 3384 3395 3465; baseline -0.009 -14"><span class='ocrx_word' id='word_1_531' title='bbox 1999 3396 2106 3451; x_wconf 84' lang='lat' dir='ltr'><strong>Ter</strong></span> <span class='ocrx_word' id='word_1_532' title='bbox 2129 3395 2288 3465; x_wconf 82' lang='lat' dir='ltr'><strong>cujus</strong></span> <span class='ocrx_word' id='word_1_533' title='bbox 2318 3392 2607 3463; x_wconf 84' lang='lat' dir='ltr'><strong>imperium</strong></span> <span class='ocrx_word' id='word_1_534' title='bbox 2636 3391 2861 3445; x_wconf 88' lang='lat' dir='ltr'><strong>unicum</strong></span> <span class='ocrx_word' id='word_1_535' title='bbox 2886 3395 3178 3457; x_wconf 74' lang='lat' dir='ltr'><strong>augustum</strong></span> <span class='ocrx_word' id='word_1_536' title='bbox 3204 3384 3395 3449; x_wconf 83' lang='lat' dir='ltr'><strong>micat,</strong></span> 
     </span>
    </p>
   </div>
   <div class='ocr_carea' id='block_1_94' title="bbox 1997 3478 3127 3551">
    <p class='ocr_par' dir='ltr' id='par_1_94' title="bbox 1997 3478 3127 3551">
     <span class='ocr_line' id='line_1_94' title="bbox 1997 3478 3127 3551; baseline -0.011 -9"><span class='ocrx_word' id='word_1_537' title='bbox 1997 3486 2206 3542; x_wconf 88' lang='lat' dir='ltr'><strong>Cuncta</strong></span> <span class='ocrx_word' id='word_1_538' title='bbox 2238 3484 2492 3548; x_wconf 86' lang='lat' dir='ltr'><strong>intuenti,</strong></span> <span class='ocrx_word' id='word_1_539' title='bbox 2526 3481 2758 3551; x_wconf 88' lang='lat' dir='ltr'><strong>principi</strong></span> <span class='ocrx_word' id='word_1_540' title='bbox 2785 3478 3088 3534; x_wconf 80' lang='lat' dir='ltr'><strong>fortissimo</strong></span> <span class='ocrx_word' id='word_1_541' title='bbox 3114 3494 3127 3530; x_wconf 88' lang='lat'><strong>:</strong></span> 
     </span>
    </p>
   </div>
   <div class='ocr_carea' id='block_1_95' title="bbox 1998 3567 3439 3650">
    <p class='ocr_par' dir='ltr' id='par_1_95' title="bbox 1998 3567 3439 3650">
     <span class='ocr_line' id='line_1_95' title="bbox 1998 3567 3439 3650; baseline -0.013 -12"><span class='ocrx_word' id='word_1_542' title='bbox 1998 3580 2103 3649; x_wconf 91' lang='lat' dir='ltr'><strong>Qui</strong></span> <span class='ocrx_word' id='word_1_543' title='bbox 2134 3580 2313 3650; x_wconf 79' lang='lat' dir='ltr'><strong>opifex</strong></span> <span class='ocrx_word' id='word_1_544' title='bbox 2338 3593 2700 3647; x_wconf 90' lang='lat' dir='ltr'><strong>supernorum</strong></span> <span class='ocrx_word' id='word_1_545' title='bbox 2734 3574 3145 3640; x_wconf 80' lang='lat' dir='ltr'><strong>inferorumque</strong></span> <span class='ocrx_word' id='word_1_546' title='bbox 3168 3567 3439 3631; x_wconf 90' lang='lat' dir='ltr'><strong>omnium,</strong></span> 
     </span>
    </p>
   </div>
   <div class='ocr_carea' id='block_1_96' title="bbox 1998 3655 3497 3739">
    <p class='ocr_par' dir='ltr' id='par_1_96' title="bbox 1998 3655 3497 3739">
     <span class='ocr_line' id='line_1_96' title="bbox 1998 3655 3497 3739; baseline -0.008 -15"><span class='ocrx_word' id='word_1_547' title='bbox 1998 3669 2102 3736; x_wconf 85' lang='lat' dir='ltr'><strong>Qui</strong></span> <span class='ocrx_word' id='word_1_548' title='bbox 2126 3677 2433 3739; x_wconf 80' lang='lat' dir='ltr'><strong>praepotens</strong></span> <span class='ocrx_word' id='word_1_549' title='bbox 2468 3666 2825 3735; x_wconf 88' lang='lat' dir='ltr'><strong>pulchrorum</strong></span> <span class='ocrx_word' id='word_1_550' title='bbox 2857 3678 2917 3717; x_wconf 92' lang='lat' dir='ltr'><strong>es</strong></span> <span class='ocrx_word' id='word_1_551' title='bbox 2950 3668 3141 3715; x_wconf 88' lang='lat' dir='ltr'><strong>auctor</strong></span> <span class='ocrx_word' id='word_1_552' title='bbox 3165 3668 3327 3726; x_wconf 89' lang='lat' dir='ltr'><strong>atque</strong></span> <span class='ocrx_word' id='word_1_553' title='bbox 3352 3655 3497 3722; x_wconf 81' lang='lat' dir='ltr'><strong>fons,</strong></span> 
     </span>
    </p>
   </div>
   <div class='ocr_carea' id='block_1_97' title="bbox 1996 3750 3322 3828">
    <p class='ocr_par' dir='ltr' id='par_1_97' title="bbox 1996 3750 3322 3828">
     <span class='ocr_line' id='line_1_97' title="bbox 1996 3750 3322 3828; baseline -0.011 -13"><span class='ocrx_word' id='word_1_554' title='bbox 1996 3760 2372 3828; x_wconf 85' lang='lat' dir='ltr'><strong>Mundumque</strong></span> <span class='ocrx_word' id='word_1_555' title='bbox 2402 3757 2579 3812; x_wconf 81' lang='lat' dir='ltr'><strong>Verbo</strong></span> <span class='ocrx_word' id='word_1_556' title='bbox 2605 3757 2671 3810; x_wconf 89' lang='lat' dir='ltr'><strong>ad</strong></span> <span class='ocrx_word' id='word_1_557' title='bbox 2705 3756 2908 3810; x_wconf 82' lang='lat' dir='ltr'><strong>exitum</strong></span> <span class='ocrx_word' id='word_1_558' title='bbox 2938 3752 3093 3807; x_wconf 89' lang='lat' dir='ltr'><strong>ducis</strong></span> <span class='ocrx_word' id='word_1_559' title='bbox 3116 3750 3322 3804; x_wconf 87' lang='lat' dir='ltr'><strong>bonum</strong></span> 
     </span>
    </p>
   </div>
   <div class='ocr_carea' id='block_1_98' title="bbox 1998 3841 3183 3920">
    <p class='ocr_par' dir='ltr' id='par_1_98' title="bbox 1998 3841 3183 3920">
     <span class='ocr_line' id='line_1_98' title="bbox 1998 3841 3183 3920; baseline -0.01 -13"><span class='ocrx_word' id='word_1_560' title='bbox 1998 3852 2093 3907; x_wconf 88' lang='lat' dir='ltr'><strong>Dei</strong></span> <span class='ocrx_word' id='word_1_561' title='bbox 2124 3851 2376 3905; x_wconf 65' lang='lat' dir='ltr'><strong>aemulam</strong></span> <span class='ocrx_word' id='word_1_562' title='bbox 2410 3850 2501 3920; x_wconf 91' lang='lat' dir='ltr'><strong>qui</strong></span> <span class='ocrx_word' id='word_1_563' title='bbox 2540 3850 2866 3917; x_wconf 88' lang='lat' dir='ltr'><strong>lahilemque</strong></span> <span class='ocrx_word' id='word_1_564' title='bbox 2888 3841 3183 3901; x_wconf 85' lang='lat' dir='ltr'><strong>essentiam</strong></span> 
     </span>
    </p>
   </div>
   <div class='ocr_carea' id='block_1_99' title="bbox 1996 3934 3200 4008">
    <p class='ocr_par' dir='ltr' id='par_1_99' title="bbox 1996 3934 3200 4008">
     <span class='ocr_line' id='line_1_99' title="bbox 1996 3934 3200 4008; baseline -0.008 -11"><span class='ocrx_word' id='word_1_565' title='bbox 1996 3944 2287 4007; x_wconf 85' lang='lat' dir='ltr'><strong>Lustrasti,</strong></span> <span class='ocrx_word' id='word_1_566' title='bbox 2321 3950 2375 3997; x_wconf 91' lang='lat' dir='ltr'><strong>et</strong></span> <span class='ocrx_word' id='word_1_567' title='bbox 2399 3950 2686 4001; x_wconf 87' lang='lat' dir='ltr'><strong>assertam,</strong></span> <span class='ocrx_word' id='word_1_568' title='bbox 2711 3939 2919 4008; x_wconf 89' lang='lat' dir='ltr'><strong>angelis</strong></span> <span class='ocrx_word' id='word_1_569' title='bbox 2935 3934 3200 3991; x_wconf 81' lang='lat' dir='ltr'><strong>excellere</strong></span> 
     </span>
    </p>
   </div>
   <div class='ocr_carea' id='block_1_100' title="bbox 1999 4032 2910 4102">
    <p class='ocr_par' dir='ltr' id='par_1_100' title="bbox 1999 4032 2910 4102">
     <span class='ocr_line' id='line_1_100' title="bbox 1999 4032 2910 4102; baseline -0.004 -15"><span class='ocrx_word' id='word_1_570' title='bbox 1999 4033 2213 4088; x_wconf 86' lang='lat' dir='ltr'><strong>Virtute</strong></span> <span class='ocrx_word' id='word_1_571' title='bbox 2243 4032 2423 4088; x_wconf 80' lang='lat' dir='ltr'><strong>fecisti</strong></span> <span class='ocrx_word' id='word_1_572' title='bbox 2455 4032 2758 4102; x_wconf 58' lang='lat' dir='ltr'><strong>praesentiae</strong></span> <span class='ocrx_word' id='word_1_573' title='bbox 2782 4039 2910 4084; x_wconf 60' lang='lat' dir='ltr'><strong>tuae.</strong></span> 
     </span>
    </p>
   </div>
   <div class='ocr_carea' id='block_1_101' title="bbox 1997 4122 2990 4180">
    <p class='ocr_par' dir='ltr' id='par_1_101' title="bbox 1997 4122 2990 4180">
     <span class='ocr_line' id='line_1_101' title="bbox 1997 4122 2990 4180; baseline -0.008 0"><span class='ocrx_word' id='word_1_574' title='bbox 1997 4126 2180 4180; x_wconf 74' lang='lat' dir='ltr'><strong>Luetze</strong></span> <span class='ocrx_word' id='word_1_575' title='bbox 2214 4124 2707 4179; x_wconf 89' lang='lat' dir='ltr'><strong>remunerationem</strong></span> <span class='ocrx_word' id='word_1_576' title='bbox 2736 4134 2793 4175; x_wconf 90' lang='lat' dir='ltr'><strong>tu</strong></span> <span class='ocrx_word' id='word_1_577' title='bbox 2829 4122 2990 4175; x_wconf 89' lang='lat' dir='ltr'><strong>cilam</strong></span> 
     </span>
    </p>
   </div>
   <div class='ocr_carea' id='block_1_102' title="bbox 1996 4210 3288 4285">
    <p class='ocr_par' dir='ltr' id='par_1_102' title="bbox 1996 4210 3288 4285">
     <span class='ocr_line' id='line_1_102' title="bbox 1996 4210 3288 4285; baseline -0.007 -14"><span class='ocrx_word' id='word_1_578' title='bbox 1996 4216 2171 4284; x_wconf 90' lang='lat' dir='ltr'><strong>Opere</strong></span> <span class='ocrx_word' id='word_1_579' title='bbox 2198 4214 2363 4285; x_wconf 88' lang='lat' dir='ltr'><strong>(quod</strong></span> <span class='ocrx_word' id='word_1_580' title='bbox 2398 4215 2611 4268; x_wconf 87' lang='lat' dir='ltr'><strong>hostem</strong></span> <span class='ocrx_word' id='word_1_581' title='bbox 2640 4229 2746 4266; x_wconf 91' lang='lat' dir='ltr'><strong>non</strong></span> <span class='ocrx_word' id='word_1_582' title='bbox 2775 4211 2987 4281; x_wconf 88' lang='lat' dir='ltr'><strong>juvabit</strong></span> <span class='ocrx_word' id='word_1_583' title='bbox 3018 4210 3288 4281; x_wconf 86' lang='lat' dir='ltr'><strong>invidum)</strong></span> 
     </span>
    </p>
   </div>
   <div class='ocr_carea' id='block_1_103' title="bbox 1998 4303 3279 4372">
    <p class='ocr_par' dir='ltr' id='par_1_103' title="bbox 1998 4303 3279 4372">
     <span class='ocr_line' id='line_1_103' title="bbox 1998 4303 3279 4372; baseline -0.006 -8"><span class='ocrx_word' id='word_1_584' title='bbox 1998 4309 2170 4364; x_wconf 87' lang='lat' dir='ltr'><strong>Servo</strong></span> <span class='ocrx_word' id='word_1_585' title='bbox 2201 4306 2459 4362; x_wconf 89' lang='lat' dir='ltr'><strong>indicasti</strong></span> <span class='ocrx_word' id='word_1_586' title='bbox 2487 4314 2597 4359; x_wconf 92' lang='lat' dir='ltr'><strong>tam</strong></span> <span class='ocrx_word' id='word_1_587' title='bbox 2628 4304 2948 4372; x_wconf 90' lang='lat' dir='ltr'><strong>obsequenti</strong></span> <span class='ocrx_word' id='word_1_588' title='bbox 2985 4312 3038 4357; x_wconf 91' lang='lat' dir='ltr'><strong>et</strong></span> <span class='ocrx_word' id='word_1_589' title='bbox 3072 4303 3279 4357; x_wconf 87' lang='lat' dir='ltr'><strong>sedulo.</strong></span> 
     </span>
    </p>
   </div>
   <div class='ocr_carea' id='block_1_104' title="bbox 1996 4393 3361 4465">
    <p class='ocr_par' dir='ltr' id='par_1_104' title="bbox 1996 4393 3361 4465">
     <span class='ocr_line' id='line_1_104' title="bbox 1996 4393 3361 4465; baseline -0.007 -12"><span class='ocrx_word' id='word_1_590' title='bbox 1996 4398 2229 4465; x_wconf 88' lang='lat' dir='ltr'><strong>Quando</strong></span> <span class='ocrx_word' id='word_1_591' title='bbox 2265 4398 2506 4453; x_wconf 84' lang='lat' dir='ltr'><strong>hostium</strong></span> <span class='ocrx_word' id='word_1_592' title='bbox 2533 4395 2693 4450; x_wconf 88' lang='lat' dir='ltr'><strong>turba</strong></span> <span class='ocrx_word' id='word_1_593' title='bbox 2727 4393 2947 4463; x_wconf 90' lang='lat' dir='ltr'><strong>repulsa</strong></span> <span class='ocrx_word' id='word_1_594' title='bbox 2977 4399 3061 4447; x_wconf 90' lang='lat' dir='ltr'><strong>est</strong></span> <span class='ocrx_word' id='word_1_595' title='bbox 3090 4393 3361 4461; x_wconf 81' lang='lat' dir='ltr'><strong>integrum</strong></span> 
     </span>
    </p>
   </div>
   <div class='ocr_carea' id='block_1_105' title="bbox 1995 4487 2908 4556">
    <p class='ocr_par' dir='ltr' id='par_1_105' title="bbox 1995 4487 2908 4556">
     <span class='ocr_line' id='line_1_105' title="bbox 1995 4487 2908 4556; baseline -0.007 -9"><span class='ocrx_word' id='word_1_596' title='bbox 1995 4493 2290 4550; x_wconf 82' lang='lat' dir='ltr'><strong>Feliciores</strong></span> <span class='ocrx_word' id='word_1_597' title='bbox 2322 4492 2638 4546; x_wconf 89' lang='lat' dir='ltr'><strong>mansiones</strong></span> <span class='ocrx_word' id='word_1_598' title='bbox 2666 4487 2908 4556; x_wconf 86' lang='lat' dir='ltr'><strong>assequi.</strong></span> 
     </span>
    </p>
   </div>
   <div class='ocr_carea' id='block_1_106' title="bbox 1926 4569 3323 4651">
    <p class='ocr_par' dir='ltr' id='par_1_106' title="bbox 1926 4569 3323 4651">
     <span class='ocr_line' id='line_1_106' title="bbox 1926 4569 3323 4651; baseline -0.009 -12"><span class='ocrx_word' id='word_1_599' title='bbox 1926 4569 1972 4625; x_wconf 82' lang='grc' dir='ltr'><strong>Ῑ)</strong></span> <span class='ocrx_word' id='word_1_600' title='bbox 2067 4584 2205 4638; x_wconf 84' lang='lat' dir='ltr'><strong>llinc</strong></span> <span class='ocrx_word' id='word_1_601' title='bbox 2238 4584 2416 4637; x_wconf 91' lang='lat' dir='ltr'><strong>denuo</strong></span> <span class='ocrx_word' id='word_1_602' title='bbox 2450 4596 2620 4651; x_wconf 82' lang='lat' dir='ltr'><strong>ocyus</strong></span> <span class='ocrx_word' id='word_1_603' title='bbox 2645 4580 2865 4633; x_wconf 91' lang='lat' dir='ltr'><strong>domum</strong></span> <span class='ocrx_word' id='word_1_604' title='bbox 2893 4582 3136 4630; x_wconf 89' lang='lat' dir='ltr'><strong>remeant</strong></span> <span class='ocrx_word' id='word_1_605' title='bbox 3160 4572 3323 4629; x_wconf 90' lang='lat' dir='ltr'><strong>simul</strong></span> 
     </span>
    </p>
   </div>
   <div class='ocr_carea' id='block_1_107' title="bbox 1996 4667 3459 4747">
    <p class='ocr_par' dir='ltr' id='par_1_107' title="bbox 1996 4667 3459 4747">
     <span class='ocr_line' id='line_1_107' title="bbox 1996 4667 3459 4747; baseline -0.01 -15"><span class='ocrx_word' id='word_1_606' title='bbox 1996 4676 2247 4747; x_wconf 71' lang='lat' dir='ltr'><strong>Longmvi</strong></span> <span class='ocrx_word' id='word_1_607' title='bbox 2281 4673 2521 4728; x_wconf 87' lang='lat' dir='ltr'><strong>hominis</strong></span> <span class='ocrx_word' id='word_1_608' title='bbox 2554 4689 2568 4725; x_wconf 89' lang='lat'><strong>:</strong></span> <span class='ocrx_word' id='word_1_609' title='bbox 2602 4671 2690 4725; x_wconf 90' lang='lat' dir='ltr'><strong>ubi</strong></span> <span class='ocrx_word' id='word_1_610' title='bbox 2714 4667 3009 4739; x_wconf 79' lang='lat' dir='ltr'><strong>praeferens</strong></span> <span class='ocrx_word' id='word_1_611' title='bbox 3039 4670 3213 4723; x_wconf 91' lang='lat' dir='ltr'><strong>lucem</strong></span> <span class='ocrx_word' id='word_1_612' title='bbox 3248 4679 3459 4721; x_wconf 85' lang='lat' dir='ltr'><strong>sacram</strong></span> 
     </span>
    </p>
   </div>
   <div class='ocr_carea' id='block_1_108' title="bbox 1998 4756 3156 4836">
    <p class='ocr_par' dir='ltr' id='par_1_108' title="bbox 1998 4756 3156 4836">
     <span class='ocr_line' id='line_1_108' title="bbox 1998 4756 3156 4836; baseline -0.01 -16"><span class='ocrx_word' id='word_1_613' title='bbox 1998 4766 2222 4836; x_wconf 81' lang='lat' dir='ltr'><strong>Signum</strong></span> <span class='ocrx_word' id='word_1_614' title='bbox 2252 4764 2572 4826; x_wconf 85' lang='lat' dir='ltr'><strong>verendum,</strong></span> <span class='ocrx_word' id='word_1_615' title='bbox 2610 4760 2744 4815; x_wconf 89' lang='lat' dir='ltr'><strong>solis</strong></span> <span class='ocrx_word' id='word_1_616' title='bbox 2772 4767 2832 4813; x_wconf 92' lang='lat' dir='ltr'><strong>ut</strong></span> <span class='ocrx_word' id='word_1_617' title='bbox 2858 4765 2940 4812; x_wconf 91' lang='lat' dir='ltr'><strong>ter</strong></span> <span class='ocrx_word' id='word_1_618' title='bbox 2970 4756 3156 4821; x_wconf 90' lang='lat' dir='ltr'><strong>lucidi,</strong></span> 
     </span>
    </p>
   </div>
   <div class='ocr_carea' id='block_1_109' title="bbox 1999 4850 3255 4923">
    <p class='ocr_par' dir='ltr' id='par_1_109' title="bbox 1999 4850 3255 4923">
     <span class='ocr_line' id='line_1_109' title="bbox 1999 4850 3255 4923; baseline -0.01 -10"><span class='ocrx_word' id='word_1_619' title='bbox 1999 4858 2182 4913; x_wconf 82' lang='lat' dir='ltr'><strong>Posuit</strong></span> <span class='ocrx_word' id='word_1_620' title='bbox 2206 4857 2310 4912; x_wconf 86' lang='lat' dir='ltr'><strong>[ide</strong></span> <span class='ocrx_word' id='word_1_621' title='bbox 2342 4856 2554 4910; x_wconf 91' lang='lat' dir='ltr'><strong>imbuto</strong></span> <span class='ocrx_word' id='word_1_622' title='bbox 2588 4873 2600 4908; x_wconf 94' lang='lat'>:</span> <span class='ocrx_word' id='word_1_623' title='bbox 2633 4854 2859 4923; x_wconf 84' lang='lat' dir='ltr'><strong>senique</strong></span> <span class='ocrx_word' id='word_1_624' title='bbox 2890 4862 3078 4906; x_wconf 86' lang='lat' dir='ltr'><strong>astans</strong></span> <span class='ocrx_word' id='word_1_625' title='bbox 3113 4850 3255 4903; x_wconf 92' lang='lat' dir='ltr'><strong>bono</strong></span> 
     </span>
    </p>
   </div>
   <div class='ocr_carea' id='block_1_110' title="bbox 1996 4941 3247 5015">
    <p class='ocr_par' dir='ltr' id='par_1_110' title="bbox 1996 4941 3247 5015">
     <span class='ocr_line' id='line_1_110' title="bbox 1996 4941 3247 5015; baseline -0.009 -12"><span class='ocrx_word' id='word_1_626' title='bbox 1996 4948 2220 5005; x_wconf 85' lang='lat' dir='ltr'><strong>Juvenis</strong></span> <span class='ocrx_word' id='word_1_627' title='bbox 2248 4947 2488 5002; x_wconf 85' lang='lat' dir='ltr'><strong>laborem</strong></span> <span class='ocrx_word' id='word_1_628' title='bbox 2524 4961 2619 5015; x_wconf 90' lang='lat' dir='ltr'><strong>per</strong></span> <span class='ocrx_word' id='word_1_629' title='bbox 2647 4945 2762 4998; x_wconf 89' lang='lat' dir='ltr'><strong>dies</strong></span> <span class='ocrx_word' id='word_1_630' title='bbox 2793 4950 2994 5011; x_wconf 88' lang='lat' dir='ltr'><strong>septem</strong></span> <span class='ocrx_word' id='word_1_631' title='bbox 3031 4941 3247 5009; x_wconf 79' lang='lat' dir='ltr'><strong>accipit.</strong></span> 
     </span>
    </p>
   </div>
   <div class='ocr_carea' id='block_1_111' title="bbox 1995 5032 3162 5103">
    <p class='ocr_par' dir='ltr' id='par_1_111' title="bbox 1995 5032 3162 5103">
     <span class='ocr_line' id='line_1_111' title="bbox 1995 5032 3162 5103; baseline -0.009 -8"><span class='ocrx_word' id='word_1_632' title='bbox 1995 5040 2237 5095; x_wconf 87' lang='lat' dir='ltr'><strong>Tandem</strong></span> <span class='ocrx_word' id='word_1_633' title='bbox 2269 5052 2553 5093; x_wconf 89' lang='lat' dir='ltr'><strong>remensus</strong></span> <span class='ocrx_word' id='word_1_634' title='bbox 2582 5037 2700 5090; x_wconf 87' lang='lat' dir='ltr'><strong>luce</strong></span> <span class='ocrx_word' id='word_1_635' title='bbox 2733 5036 2961 5103; x_wconf 82' lang='lat' dir='ltr'><strong>septima</strong></span> <span class='ocrx_word' id='word_1_636' title='bbox 2995 5032 3162 5095; x_wconf 90' lang='lat' dir='ltr'><strong>viam,</strong></span> 
     </span>
    </p>
   </div>
   <div class='ocr_carea' id='block_1_112' title="bbox 1996 5125 3173 5202">
    <p class='ocr_par' dir='ltr' id='par_1_112' title="bbox 1996 5125 3173 5202">
     <span class='ocr_line' id='line_1_112' title="bbox 1996 5125 3173 5202; baseline -0.01 -13"><span class='ocrx_word' id='word_1_637' title='bbox 1996 5134 2227 5189; x_wconf 89' lang='lat' dir='ltr'><strong>Domum</strong></span> <span class='ocrx_word' id='word_1_638' title='bbox 2256 5147 2387 5202; x_wconf 88' lang='lat' dir='ltr'><strong>puer</strong></span> <span class='ocrx_word' id='word_1_639' title='bbox 2417 5130 2635 5185; x_wconf 86' lang='lat' dir='ltr'><strong>revertit</strong></span> <span class='ocrx_word' id='word_1_640' title='bbox 2660 5130 2724 5181; x_wconf 90' lang='lat' dir='ltr'><strong>ad</strong></span> <span class='ocrx_word' id='word_1_641' title='bbox 2761 5126 2929 5197; x_wconf 89' lang='lat' dir='ltr'><strong>patris</strong></span> <span class='ocrx_word' id='word_1_642' title='bbox 2965 5125 3173 5179; x_wconf 84' lang='lat' dir='ltr'><strong>hilaris.</strong></span> 
     </span>
    </p>
   </div>
   <div class='ocr_carea' id='block_1_113' title="bbox 1996 5216 3167 5299">
    <p class='ocr_par' dir='ltr' id='par_1_113' title="bbox 1996 5216 3167 5299">
     <span class='ocr_line' id='line_1_113' title="bbox 1996 5216 3167 5299; baseline -0.013 -15"><span class='ocrx_word' id='word_1_643' title='bbox 1996 5228 2175 5299; x_wconf 84' lang='lat' dir='ltr'><strong>Ipsum</strong></span> <span class='ocrx_word' id='word_1_644' title='bbox 2202 5241 2398 5296; x_wconf 89' lang='lat' dir='ltr'><strong>parens</strong></span> <span class='ocrx_word' id='word_1_645' title='bbox 2426 5238 2548 5278; x_wconf 90' lang='lat' dir='ltr'><strong>cum</strong></span> <span class='ocrx_word' id='word_1_646' title='bbox 2580 5220 2831 5291; x_wconf 87' lang='lat' dir='ltr'><strong>lacrymis</strong></span> <span class='ocrx_word' id='word_1_647' title='bbox 2858 5216 3051 5272; x_wconf 80' lang='lat' dir='ltr'><strong>allatus</strong></span> <span class='ocrx_word' id='word_1_648' title='bbox 3084 5223 3167 5271; x_wconf 85' lang='lat' dir='ltr'><strong>est</strong></span> 
     </span>
    </p>
   </div>
   <div class='ocr_carea' id='block_1_114' title="bbox 2071 5312 3088 5380">
    <p class='ocr_par' dir='ltr' id='par_1_114' title="bbox 2071 5312 3088 5380">
     <span class='ocr_line' id='line_1_114' title="bbox 2071 5312 3088 5380; baseline -0.015 -6"><span class='ocrx_word' id='word_1_649' title='bbox 2071 5319 2271 5373; x_wconf 89' lang='lat' dir='ltr'><strong>Dilecte</strong></span> <span class='ocrx_word' id='word_1_650' title='bbox 2305 5315 2378 5370; x_wconf 84' lang='lat' dir='ltr'><strong>ﬁli</strong></span> <span class='ocrx_word' id='word_1_651' title='bbox 2413 5315 2510 5378; x_wconf 93' lang='lat' dir='ltr'><strong>mi,</strong></span> <span class='ocrx_word' id='word_1_652' title='bbox 2538 5312 2653 5367; x_wconf 90' lang='lat' dir='ltr'><strong>dies</strong></span> <span class='ocrx_word' id='word_1_653' title='bbox 2686 5325 2779 5380; x_wconf 90' lang='lat' dir='ltr'><strong>per</strong></span> <span class='ocrx_word' id='word_1_654' title='bbox 2806 5319 2904 5372; x_wconf 90' lang='lat' dir='ltr'><strong>tot,</strong></span> <span class='ocrx_word' id='word_1_655' title='bbox 2934 5323 3088 5379; x_wconf 80' lang='lat' dir='ltr'><strong>rogo,</strong></span> 
     </span>
    </p>
   </div>
   <div class='ocr_carea' id='block_1_115' title="bbox 2003 5394 3461 5471">
    <p class='ocr_par' dir='ltr' id='par_1_115' title="bbox 2003 5394 3461 5471">
     <span class='ocr_line' id='line_1_115' title="bbox 2003 5394 3461 5471; baseline -0.012 -5"><span class='ocrx_word' id='word_1_656' title='bbox 2003 5411 2231 5466; x_wconf 87' lang='lat' dir='ltr'><strong>Ubinam</strong></span> <span class='ocrx_word' id='word_1_657' title='bbox 2268 5410 2506 5463; x_wconf 90' lang='lat' dir='ltr'><strong>locorum</strong></span> <span class='ocrx_word' id='word_1_658' title='bbox 2540 5418 2662 5459; x_wconf 88' lang='lat' dir='ltr'><strong>eras</strong></span> <span class='ocrx_word' id='word_1_659' title='bbox 2691 5402 2714 5454; x_wconf 65' lang='grc' dir='ltr'><em>Ἰ</em></span> <span class='ocrx_word' id='word_1_660' title='bbox 2742 5400 3021 5471; x_wconf 82' lang='lat' dir='ltr'><strong>gemebam</strong></span> <span class='ocrx_word' id='word_1_661' title='bbox 3052 5411 3172 5467; x_wconf 78' lang='lat' dir='ltr'><strong>ego,</strong></span> <span class='ocrx_word' id='word_1_662' title='bbox 3205 5395 3255 5451; x_wconf 91' lang='lat' dir='ltr'><strong>id</strong></span> <span class='ocrx_word' id='word_1_663' title='bbox 3278 5394 3461 5451; x_wconf 75' lang='lat' dir='ltr'><strong>ferens</strong></span> 
     </span>
    </p>
   </div>
   <div class='ocr_carea' id='block_1_116' title="bbox 1997 5490 3199 5573">
    <p class='ocr_par' dir='ltr' id='par_1_116' title="bbox 1997 5490 3199 5573">
     <span class='ocr_line' id='line_1_116' title="bbox 1997 5490 3199 5573; baseline -0.013 -15"><span class='ocrx_word' id='word_1_664' title='bbox 1997 5502 2185 5573; x_wconf 65' lang='lat' dir='ltr'><strong>IEgre,</strong></span> <span class='ocrx_word' id='word_1_665' title='bbox 2213 5502 2319 5555; x_wconf 88' lang='lat' dir='ltr'><strong>hoc</strong></span> <span class='ocrx_word' id='word_1_666' title='bbox 2347 5508 2400 5553; x_wconf 90' lang='lat' dir='ltr'><strong>et</strong></span> <span class='ocrx_word' id='word_1_667' title='bbox 2422 5496 2554 5551; x_wconf 92' lang='lat' dir='ltr'><strong>illud</strong></span> <span class='ocrx_word' id='word_1_668' title='bbox 2588 5494 2855 5565; x_wconf 84' lang='lat' dir='ltr'><strong>cogitans,</strong></span> <span class='ocrx_word' id='word_1_669' title='bbox 2881 5490 3199 5545; x_wconf 88' lang='lat' dir='ltr'><strong>desiderans</strong></span> 
     </span>
    </p>
   </div>
   <div class='ocr_carea' id='block_1_117' title="bbox 1997 5579 3222 5658">
    <p class='ocr_par' dir='ltr' id='par_1_117' title="bbox 1997 5579 3222 5658">
     <span class='ocr_line' id='line_1_117' title="bbox 1997 5579 3222 5658; baseline -0.012 -11"><span class='ocrx_word' id='word_1_670' title='bbox 1997 5593 2094 5658; x_wconf 87' lang='lat' dir='ltr'><strong>&#39;l&#39;e,</strong></span> <span class='ocrx_word' id='word_1_671' title='bbox 2121 5600 2266 5655; x_wconf 87' lang='lat' dir='ltr'><strong>nate,</strong></span> <span class='ocrx_word' id='word_1_672' title='bbox 2297 5590 2520 5658; x_wconf 83' lang='lat' dir='ltr'><strong>lugens;</strong></span> <span class='ocrx_word' id='word_1_673' title='bbox 2552 5593 2753 5655; x_wconf 87' lang='lat' dir='ltr'><strong>quanta</strong></span> <span class='ocrx_word' id='word_1_674' title='bbox 2788 5582 2988 5639; x_wconf 82' lang='lat' dir='ltr'><strong>sull&#39;ero</strong></span> <span class='ocrx_word' id='word_1_675' title='bbox 3023 5579 3222 5636; x_wconf 82' lang='lat' dir='ltr'><strong>miser!</strong></span> 
     </span>
    </p>
   </div>
   <div class='ocr_carea' id='block_1_118' title="bbox 1999 5670 3320 5750">
    <p class='ocr_par' dir='ltr' id='par_1_118' title="bbox 1999 5670 3320 5750">
     <span class='ocr_line' id='line_1_118' title="bbox 1999 5670 3320 5750; baseline -0.011 -12"><span class='ocrx_word' id='word_1_676' title='bbox 1999 5682 2101 5738; x_wconf 90' lang='lat' dir='ltr'><strong>Ubi</strong></span> <span class='ocrx_word' id='word_1_677' title='bbox 2139 5682 2324 5737; x_wconf 77' lang='lat' dir='ltr'><strong>illius?</strong></span> <span class='ocrx_word' id='word_1_678' title='bbox 2355 5681 2447 5750; x_wconf 92' lang='lat' dir='ltr'><strong>qui</strong></span> <span class='ocrx_word' id='word_1_679' title='bbox 2480 5679 2833 5746; x_wconf 80' lang='lat' dir='ltr'><strong>imposterum</strong></span> <span class='ocrx_word' id='word_1_680' title='bbox 2860 5676 2950 5730; x_wconf 82' lang='lat' dir='ltr'><strong>lux</strong></span> <span class='ocrx_word' id='word_1_681' title='bbox 2976 5674 3141 5728; x_wconf 90' lang='lat' dir='ltr'><strong>chara</strong></span> <span class='ocrx_word' id='word_1_682' title='bbox 3174 5670 3320 5726; x_wconf 80' lang='lat' dir='ltr'><strong>erit?</strong></span> 
     </span>
    </p>
   </div>
   <div class='ocr_carea' id='block_1_119' title="bbox 2001 5763 3363 5844">
    <p class='ocr_par' dir='ltr' id='par_1_119' title="bbox 2001 5763 3363 5844">
     <span class='ocr_line' id='line_1_119' title="bbox 2001 5763 3363 5844; baseline -0.011 -15"><span class='ocrx_word' id='word_1_683' title='bbox 2001 5774 2268 5844; x_wconf 86' lang='lat' dir='ltr'><strong>Suspiriis</strong></span> <span class='ocrx_word' id='word_1_684' title='bbox 2304 5772 2420 5827; x_wconf 89' lang='lat' dir='ltr'><strong>sine</strong></span> <span class='ocrx_word' id='word_1_685' title='bbox 2450 5781 2499 5825; x_wconf 92' lang='lat' dir='ltr'><strong>te</strong></span> <span class='ocrx_word' id='word_1_686' title='bbox 2531 5777 2803 5823; x_wconf 89' lang='lat' dir='ltr'><strong>carentem</strong></span> <span class='ocrx_word' id='word_1_687' title='bbox 2840 5766 2982 5820; x_wconf 78' lang='lat' dir='ltr'><strong>haud</strong></span> <span class='ocrx_word' id='word_1_688' title='bbox 3021 5763 3181 5817; x_wconf 90' lang='lat' dir='ltr'><strong>vitam</strong></span> <span class='ocrx_word' id='word_1_689' title='bbox 3214 5777 3316 5831; x_wconf 82' lang='lat' dir='ltr'><strong>ago</strong></span> <span class='ocrx_word' id='word_1_690' title='bbox 3349 5778 3363 5815; x_wconf 90' lang='lat'><strong>:</strong></span> 
     </span>
    </p>
   </div>
   <div class='ocr_carea' id='block_1_120' title="bbox 2000 5856 3330 5932">
    <p class='ocr_par' dir='ltr' id='par_1_120' title="bbox 2000 5856 3330 5932">
     <span class='ocr_line' id='line_1_120' title="bbox 2000 5856 3330 5932; baseline -0.009 -10"><span class='ocrx_word' id='word_1_691' title='bbox 2000 5868 2271 5924; x_wconf 84' lang='lat' dir='ltr'><strong>Praesente</strong></span> <span class='ocrx_word' id='word_1_692' title='bbox 2300 5865 2393 5921; x_wconf 90' lang='lat' dir='ltr'><strong>sed</strong></span> <span class='ocrx_word' id='word_1_693' title='bbox 2427 5874 2497 5932; x_wconf 89' lang='lat' dir='ltr'><strong>te,</strong></span> <span class='ocrx_word' id='word_1_694' title='bbox 2526 5862 2610 5917; x_wconf 87' lang='lat' dir='ltr'><strong>vel</strong></span> <span class='ocrx_word' id='word_1_695' title='bbox 2641 5861 2779 5918; x_wconf 88' lang='lat' dir='ltr'><strong>mori</strong></span> <span class='ocrx_word' id='word_1_696' title='bbox 2808 5868 3112 5929; x_wconf 83' lang='lat' dir='ltr'><strong>cxpeterem</strong></span> <span class='ocrx_word' id='word_1_697' title='bbox 3151 5856 3330 5912; x_wconf 86' lang='lat' dir='ltr'><strong>modo.</strong></span> 
     </span>
    </p>
   </div>
  </div>
