4010 6572
292 395 397 462 901
836 358 841 363 ’
1631 406 1971 466 CARMINA
2012 408 2267 471 νΑιιιΑ.
3420 412 3524 472 902

407 514 623 584 Ἄρχων
654 529 712 566 τε
736 513 953 570 πάντων
978 517 1226 587 γηγενῶν
1250 558 1262 572 .
1283 560 1296 573 .
1322 560 1335 573 .
1670 530 1681 537 '
1892 524 1941 581 A
1971 521 1990 574 Ι

1670 530 1681 537 '
1892 524 1941 581 Α
1971 521 2225 594 Princeps
2255 524 2302 577 is
2326 529 2502 577 exStat
2531 522 2773 577 omnium
2804 524 3140 588 mortalium.

401 604 611 676 Κριτὴς
634 612 889 675 φανεῖται
913 649 927 662 .
950 647 964 661 .
989 649 1001 660 .
1025 648 1039 663 .
1065 646 1080 663 .
1972 613 1984 650 ‘

1972 613 2275 669 Viventium
2304 624 2465 684 atque
2500 622 2859 682 mortuorum,
2891 615 3128 670 momine

402 698 627 753 Ζὼντων
660 717 720 753 τε
748 702 957 771 νεκρῶν
984 702 1054 765 τ’,
1083 704 1140 756 ὲν
1165 704 1307 774 ῥοπῇ
1334 702 1677 774 ταχυδρόμῳ.
1965 704 1985 761 (

1382 702 1677 774 ιχυδρόμῳ.
1965 704 2258 762 Celerrime
2279 707 2445 776 judex
2468 704 2734 760 videbitur
2767 706 2965 775 gravis.

403 790 520 843 Eia’t
547 793 655 863 γάρ
682 793 835 863 ὑμῶν
864 794 1113 866 ἀδρανεῖς
1144 795 1281 867 θεοὶ,Δ
1310 795 1512 863 Πάτερ,

2035 798 2174 854 Sunt
2202 813 2393 868 nempe
2420 797 2492 852 dii
2520 797 2682 851 vestri
2714 796 2994 864 imbecilli,
3027 797 3101 852 mi
3131 812 3350 868 parens,

402 883 610 938 Εἴδωλα
635 885 986 955 χειρότευκτα
1016 887 1286 957 δαιμόνων
1310 887 1508 957 πλάνη,
1962 891 1982 944 l

1962 891 2107 947 ldola
2139 892 2260 947 [icta
2296 889 2568 958 manibus,
2597 898 2718 946 astu
2750 890 3058 945 daemonum
3089 931 3104 957 ,

407 980 617 1049 Ὠσπερ
648 980 931 1050 προφήτης
961 975 1136 1046 εἶπεν,
1167 980 1473 1054 ὀξυδερκίᾳ,
1966 981 1990 1037 Ι

1966 981 2036 1037 Ut
2064 986 2349 1053 perspicax
2380 984 2640 1054 propheta
2668 983 2941 1052 quondam
2975 983 3208 1037 dixerat.

402 1072 464 1124 Τι
493 1070 645 1124 οῦτιν
670 1072 765 1123 ὲκλ
794 1070 854 1124 ού
885 1088 974 1140 ροτ
1004 1089 1109 1142 χε..
1378 1070 1381 1071 ⁷

2032 1075 2172 1141 Quid
2204 1090 2441 1145 namque
2470 1084 2616 1140 sunt,
2645 1074 2753 1129 nisi
2781 1074 3026 1143 quaedam
3060 1075 3249 1129 inanes
3276 1072 3488 1126 fabricae
3508 1111 3522 1138 ,

400 1164 672 1237 ’Υπαρξις
696 1163 768 1225 ὡς
802 1162 1036 1234 ἔχοντες,
1066 1164 1139 1228 ὣς
1179 1183 1237 1218 τε
1272 1166 1364 1219 καὶ
1404 1165 1569 1237 βάρος
1962 1164 1983 1229 (

1562 1185 1569 1228 ;
1962 1164 2099 1232 Quae
2123 1176 2269 1221 stant
2299 1166 2486 1221 eadem
2515 1181 2621 1233 qua
2651 1166 2841 1221 locata:
2869 1174 2996 1221 sunt
3027 1166 3145 1221 basi

399 1255 506 1325 Γῆς
529 1236 636 1307 εισί
671 1255 759 1324 ἄρ’
788 1256 981 1312 εἰπὲ...
1408 1236 1411 1237 ⁷
1481 1236 1489 1237 “
1962 1259 1982 1310 '1

1962 1258 2195 1312 Telluris
2217 1272 2394 1311 annon
2426 1257 2638 1327 pondus
2670 1257 2769 1312 hoc
2800 1257 2989 1311 inutile
3015 1256 3138 1311 est?

401 1348 464 1398 Oi
498 1347 595 1416 μὲν
628 1345 918 1415 κάθηνται,
943 1347 1035 1399 καὶ
1059 1348 1359 1417 καθήμενοι
1389 1348 1564 1417 μάτην
1852 1357 1859 1361 ’
1963 1348 1984 1400 1

1852 1357 1859 1361 ·
1963 1348 2027 1402 Hi
2058 1348 2341 1403 consident
2362 1348 2458 1408 dii.
2488 1363 2675 1403 verum
2706 1348 2936 1403 inaniter
2966 1348 3154 1403 sedent

403 1441 663 1504 Ἀνεισιν,
696 1439 803 1491 οὐδ’
835 1438 909 1503 ὥς
930 1456 943 1469 ’
973 1440 1097 1508 εἰδὲ
1128 1442 1220 1494 καὶ
1245 1442 1574 1511 ὀρθοστάδην
1960 1442 1986 1495 1‘

1960 1442 2069 1497 Nec
2095 1441 2290 1496 deinde
2320 1450 2551 1509 surgunt
2585 1460 2596 1493 :
2630 1442 2786 1509 sique
2816 1449 2967 1495 recto
2996 1440 3294 1519 sint_statu,

408 1530 729 1600 Ἕστηκότες
757 1529 1043 1599 μίμνουσιν
1073 1533 1464 1603 έστηλωμένοι,
1963 1534 1991 1587 ε

1963 1534 2051 1587 Sic
2083 1540 2401 1603 permanent
2428 1531 2517 1584 fixi
2554 1538 2613 1584 ut
2640 1530 2913 1585 columnis
2945 1530 3231 1585 stabilibus
3264 1546 3278 1583 :

400 1622 684 1684 Κλίνοντες
708 1622 740 1692 ἦ
767 1623 1108 1693 κάμπτοντες
1136 1625 1366 1687 οὐδόλως
1392 1626 1560 1696 κάρα,
1958 1624 1983 1676 1‘

1958 1624 2068 1678 Nec
2097 1623 2375 1677 vcrtebras
2402 1620 2642 1687 ﬂectunt,
2672 1637 2771 1675 nec
2801 1621 3061 1675 inclinant
3087 1630 3270 1689 caput.

402 1713 505 1763 Καὶ
534 1713 709 1781 φωτὸς
735 1714 861 1766 εὑ...
905 1715 1111 1784 καίπερ
1135 1716 1531 1771 ἀντανάκλασιν
1960 1716 1985 1769 Ι

1525 1736 1531 1761 ι
1960 1716 2026 1769 Ει
2056 1716 2191 1769 lucis
2221 1723 2488 1777 exsortes,
2517 1714 2731 1767 tametsi
2758 1713 2813 1765 in
2839 1712 2958 1765 luce
2983 1711 3108 1764 sint.

398 1802 590 1855 Λαϐὼν
617 1804 869 1873 ἀφορμάς
897 1805 990 1867 τὰς
1022 1806 1226 1859 άπελ...
1262 1825 1322 1860 το
1962 1807 1981 1862 ε

1962 1807 2053 1863 Sic
2077 1808 2376 1864 instruendi
2406 1808 2575 1876 patris
2600 1823 2763 1861 ansas
2800 1806 3013 1874 arripit.

470 1896 655 1966 Πατὴρ
687 1898 821 1965 πρὸς
848 1896 1007 1949 αὐτὸν
1034 1899 1273 1961 εὐσεϐῶς
1304 1898 1576 1970 ἀπεκρίθη
1598 1914 1613 1929 ·
1887 1878 1930 1933 Β
2019 1900 2053 1953 Ρ

1887 1878 1930 1933 Β
2019 1900 2222 1954 Parens
2252 1901 2337 1969 pie
2368 1910 2494 1954 nato
2528 1902 2693 1953 hocce
2722 1914 3042 1969 responsum
3074 1898 3220 1953 dedit
3254 1916 3266 1952 :

398 1987 471 2037 Τὸ
501 1988 650 2056 ῥῆμα
678 1988 834 2041 τοῦτο
858 1989 1300 2058 δυσανάγνωστον
1334 1991 1485 2044 πέλει
1959 1992 1981 2045 Ι

1959 1992 2055 2047 Hic
2085 2007 2262 2047 sermo
2295 1991 2497 2061 percipi
2523 1994 2707 2060 nequit
2733 2001 2815 2045 sat
2841 1992 3140 2055 commode,

401 2078 509 2132 Καὶ
541 2079 796 2133 δύσκολον
840 2081 1076 2151 μάλιστα
1116 2085 1227 2147 τοῖς
1258 2082 1667 2155 ἁπλουστέροις.
1956 2082 1984 2136 E

1534 2100 1667 2155 ροις.
1956 2082 2023 2137 Et
2053 2084 2257 2138 arduus
2287 2083 2516 2137 rudibus
2542 2083 2719 2137 adhuc
2748 2090 2832 2137 est
2862 2083 3117 2137 maxime.

844 2268 887 2319 Λ
896 2266 1047 2318 είπει
1076 2264 1289 2320 τᾶλλα.
2306 2265 2427 2318 Dee:

2306 2265 2533 2319 Deerant
2562 2263 2763 2336 reliqua
2794 2267 2847 2319 in
2874 2264 3172 2337 archetypo.

324 2476 3500 2505 “MM

1131 2652 1725 2768 JOANNIS
1804 2651 2669 2801 GEOMETM,

1704 2890 1788 2934 UT
1815 2889 2097 2946 unum,

836 3039 1198 3102 CARMINA
1242 3038 1497 3101 VARIA
1540 3036 2015 3098 ARGUMENTI
2057 3035 2285 3098 SACRI
2334 3036 2490 3098 VEL
2524 3033 2956 3097 HISTORICI.

749 3203 907 3271 (ελ-Δ.
933 3202 1150 3265 Canum,
1174 3201 1417 3255 Anecdota
1446 3202 1634 3263 Gra’ca,
1660 3212 1718 3250 ex
1744 3198 1889 3253 codd.
1921 3197 2102 3260 Paris,
2131 3198 2346 3259 toman,
2370 3210 2423 3260 p.
2443 3197 2555 3259 265,
2576 3197 2685 3249 cod.
2727 3198 2840 3260 352,
2863 3197 3063 3262 Suppl.)

1888 3375 1959 3390 —

359 3500 428 3558 α’.
455 3503 555 3567 Εὶς
586 3499 692 3553 τὸν
721 3499 930 3568 κύριον
957 3496 1297 3566 Νικηφόρον
1326 3497 1341 3528 ¹
1373 3496 1479 3551 τὸν
1497 3496 1785 3562 βασιλέα.
1882 3531 1926 3592 c
1957 3496 2107 3551 Χιών
2136 3512 2195 3549 τε
2221 3496 2316 3549 καὶ
2348 3495 2557 3566 χάλαζα
2582 3496 2675 3549 καὶ
2706 3492 2915 3565 κρυμοῦ
2942 3492 3055 3566 βία,

285 3598 381 3663 Μὴ
420 3593 673 3664 χρώμασι
701 3590 943 3644 ποίκιλλε
966 3589 1228 3642 δεσπότου
1260 3590 1281 3621 ¹
1304 3586 1453 3653 θέαν,
1890 3586 1924 3592 *
1955 3588 2174 3652 Τούτοις
2200 3587 2261 3641 τὸ
2295 3587 2455 3657 σῶμα
2484 3588 2742 3641 δεσπότου
2769 3587 2967 3657 τούμοῦ
2993 3591 3188 3646 τύπου.

298 3686 442 3740 Ἀλλ’
477 3684 777 3753 ἀδάμαντα,
804 3683 1026 3753 χρυσὸν,
1048 3680 1308 3751 ἄργυρον,
1337 3679 1501 3746 λίθον,
1958 3683 2158 3752 Ἄμφω
2182 3679 2238 3732 δὲ
2261 3682 2441 3750 χεῖρες
2463 3679 2696 3749 ἐκτάδην
2726 3680 3042 3750 ήπλωμέναι
3060 3694 3076 3713 ο

284 3778 506 3834 Χαλκόν
532 3795 590 3830 τε
624 3776 720 3829 καὶ
752 3775 967 3845 σίδηρον
996 3775 1241 3844 ἁρμόσας
1270 3773 1410 3844 ἅμα,
1956 3773 2098 3845 Πρὸς
2130 3773 2228 3840 τὴν
2252 3772 2327 3825 ἒω
2362 3771 2459 3841 μὲν
2484 3771 2633 3837 δεξιά
2659 3773 2976 3847 νικηφόρος,

285 3871 515 3938 Μόρφου
538 3868 597 3920 τὸ
624 3866 785 3937 σῶμα
804 3883 817 3896 ’
847 3865 1072 3936 καρδίαν
1106 3866 1205 3935 μὲν
1230 3865 1465 3936 χρυσέαν
1956 3863 2099 3934 Πρὸς
2131 3864 2283 3933 ἥλιον
2312 3863 2370 3916 δὲ
2396 3862 2489 3916 τὸν
2519 3862 2744 3916 δύνοντα
2776 3863 2999 3933 θατέρα,

286 3961 579 4033 Πρώτιστα
609 3959 831 4023 πλάττε,
858 3956 1054 4027 στέρνα
1076 3956 1329 4029 λαμπροῦ
1362 3957 1406 4010 δ’
1434 3956 1697 4030 ἀργύρου,
1955 3955 2062 4023 Γῆς
2092 3955 2236 4026 ἄκρα
2257 3955 2646 4021 δεικνύτωσαν,
2675 3954 2865 4025 ὥσπερ
2899 3954 3161 4008 Αὐσόνων

287 4055 493 4123 Χεῖρας
517 4052 572 4104 δὲ
602 4049 803 4121 χαλκοῦ
838 4050 933 4102 καὶ
964 4048 1124 4117 σθένη
1164 4048 1485 4120 βραχιόνων,
1960 4047 2037 4101 Οὐ
2070 4045 2193 4117 (sic)
2228 4046 2557 4117 συγχρόνους
2582 4046 2602 4078 ³
2640 4046 2810 4099 ἔτεινε
2849 4048 3007 4099 πέντε
3045 4048 3170 4112 τοὺς
3202 4048 3381 4120 ὄρους,

287 4142 403 4209 Τὴν
440 4141 553 4208 ἰξὺν
582 4141 907 4211 ἀδάμαντος,
935 4142 1000 4193 ὲκ
1020 4139 1166 4192 λίθου
1197 4140 1382 4205 πόδας,
1960 4136 2181 4200 Τούτοις
2210 4137 2519 4202 άπεικόνιζε
2554 4137 2714 4208 σῶμα
2741 4138 3023 4193 δεσπότου.

285 4235 523 4303 Κνήμας
545 4232 599 4286 δὲ
632 4235 725 4287 καὶ
760 4233 827 4286 τά
851 4232 995 4285 νῶτα
1029 4234 1122 4285 καλ⁵
1151 4232 1383 4303 στερρὰν
1406 4231 1603 4301 κάραν,
1958 4229 2151 4299 Ψυχῆς
2180 4229 2237 4281 δὲ
2266 4229 2461 4291 κάλλος
2491 4230 2586 4282 καὶ
2612 4230 2864 4299 φρόνημα
2894 4230 2988 4282 καὶ
3013 4231 3269 4299 τρόπους,

286 4327 365 4378 Τὸ
398 4326 505 4377 πᾶν
536 4326 748 4395 σιδηρᾶ.
778 4323 965 4377 Ταῦτά
991 4342 1079 4394 μοι
1107 4323 1441 4393 ξενοτρόπως
1952 4322 2026 4374 Οὐ
2055 4319 2285 4383 πλοῦτος
2310 4319 2463 4389 ὕλης,
2496 4322 2617 4373 οὐδὲ
2646 4321 2839 4382 κάλλος
2872 4322 2934 4373 ὲκ
2959 4322 3175 4390 τέχνης,

286 4411 467 4477 Μίξας
492 4411 559 4466 τά
584 4415 760 4465 πάντα
786 4413 880 4464 καὶ⁵
908 4413 1146 4481 κεράσας
1178 4414 1243 4481 τῇ
1274 4411 1457 4481 τέχνῃ,
1966 4411 2103 4464 Ἀλλ’
2134 4411 2265 4465 εἰτὸ
2298 4412 2491 4475 κάλλος
2522 4412 2617 4465 καὶ
2646 4411 2705 4464 τὸ
2736 4411 2939 4481 πλῆθος
2970 4414 3213 4483 ἀστέρων

291 4504 552 4574 Ἀγαλμα
572 4505 777 4569 καινὸν,
807 4505 1122 4574 αὐτόχυτον,
1154 4504 1419 4568 ποικίλον,
1954 4503 2048 4566 Εἰς
2084 4501 2141 4554 ἓν
2171 4501 2420 4555 συνελθὸν
2455 4502 2551 4555 καὶ
2592 4504 2855 4569 κερασθὲν
2882 4504 2979 4555 σὺν
3010 4504 3175 4574 τέχνῃ

292 4597 448 4668 ’Ἱστη
478 4596 612 4668 πρὸς
637 4596 833 4665 αὐγὰς,
859 4596 986 4648 ἔνθα
1021 4595 1258 4665 φλογμὸς
1285 4594 1459 4665 ἡλίου,
1968 4592 2122 4646 Ῥυέν
2152 4609 2212 4645 τε
2246 4590 2437 4664 ῥυθμῷ
2465 4592 2601 4662 πρὸς
2638 4592 2777 4663 μέρη
2805 4610 2864 4645 τε
2897 4590 2992 4643 καὶ
3018 4592 3154 4661 μέλη

428 4754 482 4809 l.
518 4752 581 4807 In
607 4755 874 4809 dominum
909 4731 1265 4821 Nicephorum
1296 4752 1686 4818 imperatorem.
1965 4748 2155 4818 glaciei
2192 4748 2359 4819 rigor,
2387 4748 2476 4803 his
2512 4762 2714 4819 corpus
2755 4748 2859 4801 mei
2893 4747 3098 4801 domini
3140 4746 3352 4815 emnge.
3403 4746 3527 4803 Dlle

358 4843 437 4899 Ne
475 4845 747 4899 coloribus
778 4843 1007 4913 efﬁgiem
1029 4844 1231 4897 domini
1256 4844 1453 4907 varies,
1475 4844 1565 4897 sed
1597 4845 1857 4897 adaman-
1881 4873 1935 4933 D
1961 4851 2143 4897 autem
2182 4856 2377 4897 manus
2410 4851 2649 4897 extensae
2678 4841 3043 4911 porrigantur.
3084 4838 3287 4894 Versus
3334 4838 3531 4891 orien—

288 4944 655 4997 tem,aurum,
679 4940 983 5003 argentum.
1015 4932 1358 5001 lapidem,:.es
1382 4941 1435 4985 et
1460 4931 1661 4985 ferrum
1695 4933 1857 4987 simul
1884 4931 1914 4933 ﬁ
1964 4944 2068 4990 lem
2105 4935 2289 4989 dextra
2318 4934 2599 4987 victoriam
2629 4948 2840 5003 gerens,
2874 4932 2939 4986 ad
2979 4933 3147 4986 solem
3212 4945 3341 4984 vero
3384 4933 3529 4983 occi-

290 5025 585 5095 conjunge.
615 5024 781 5092 Finge
831 5034 1010 5078 autem
1050 5039 1295 5090 corpus:
1356 5038 1450 5077 cor
1496 5023 1713 5092 quidem
1760 5039 1861 5076 au-
1960 5027 2177 5080 dentem
2246 5025 2500 5088 sinistra,
2540 5034 2697 5078 terrae
2740 5024 3110 5077 extremitates
3141 5022 3377 5075 indicent
3425 5030 3528 5085 ;nt

292 5133 449 5173 reum
482 5118 660 5187 primo
682 5116 927 5179 eﬂorma.
963 5126 1150 5185 pectus
1176 5131 1204 5169 e
1227 5115 1449 5185 fulgenti
1475 5124 1716 5185 argento,
1748 5126 1863 5167 ma-
1960 5119 2325 5173 Ausoniorum
2372 5133 2481 5171 non
2513 5126 2997 5187 contemporaneos
3019 5118 3260 5171 extendit
3288 5119 3529 5186 quinque

296 5226 405 5264 nus
451 5221 627 5264 autem
658 5219 711 5263 ct
764 5208 941 5262 valida
998 5208 1223 5262 brachia
1254 5221 1319 5261 ex
1366 5222 1493 5272 aere,
1546 5207 1761 5260 lumbos
1792 5222 1858 5260 ex
1962 5210 2161 5263 limites
2193 5250 2207 5273 ,
2240 5209 2323 5263 his
2367 5208 2536 5277 figura
2587 5224 2787 5278 corpus
2831 5208 3055 5262 domini.
3098 5209 3303 5261 Anima:
3345 5217 3525 5261 autem

292 5302 606 5367 adamante,
635 5300 798 5370 pedes
829 5315 858 5354 e
900 5300 1095 5369 lapide,
1126 5314 1307 5362 crura,
1353 5307 1497 5368 terga
1556 5305 1609 5351 et
1643 5298 1857 5350 tirmum
1963 5301 2445 5372 pulchritudinem,
2488 5308 2539 5353 et
2570 5300 2929 5369 prudentiam,
2957 5310 3009 5354 et
3039 5315 3238 5365 mores,
3276 5314 3375 5353 nec
3408 5314 3492 5351 ma
3516 5328 3530 5337 -

291 5403 479 5462 caput,
518 5392 696 5446 omnia
718 5406 748 5446 e
778 5389 941 5446 ferro.
994 5390 1258 5445 Omnibus
1301 5390 1474 5444 mislis
1496 5398 1548 5443 et
1590 5397 1704 5443 arte.
1734 5389 1861 5442 ada-
1968 5395 2118 5449 ιρι-ἥδε
2145 5393 2519 5462 pretium,nec
2544 5392 2718 5446 forma
2746 5408 2808 5446 ex
2830 5402 2963 5453 arte,
2999 5392 3090 5445 sed
3115 5392 3158 5446 si
3185 5390 3529 5461 pulchritudo

295 5488 485 5555 ptatis,
528 5493 763 5539 statuam
804 5498 1025 5547 novam,
1059 5484 1300 5552 undique
1330 5482 1602 5547 collatam,
1630 5482 1858 5544 variam,
1967 5494 2021 5539 et
2051 5481 2343 5536 multitudo
2396 5490 2668 5534 astrorum
2692 5482 2743 5533 in
2803 5496 2970 5534 unum
3018 5480 3263 5544 collecta,
3300 5488 3353 5533 et
3414 5489 3531 5532 arte

296 5578 431 5629 siste
461 5574 526 5629 ad
566 5575 761 5637 lucem,
807 5573 895 5627 ubi
950 5574 1112 5628 ardor
1144 5574 1274 5627 solis
1298 5581 1401 5636 est,
1430 5574 1541 5637 nix,
1575 5572 1779 5643 grando
1809 5582 1861 5626 et
1969 5574 2284 5643 conjuncta,
2319 5580 2373 5626 et
2405 5570 2506 5624 rite
2533 5569 2708 5624 infusa
2741 5586 2836 5639 per
2867 5579 3046 5639 partes
3077 5579 3130 5625 et
3185 5571 3424 5627 membra
3474 5570 3529 5624 in

370 5757 385 5786 ¹
417 5756 750 5881 Nicelphorus
793 5754 972 5814 lrencs
1023 5769 1307 5813 successor
1343 5756 1563 5811 ineunte
1591 5769 1714 5810 szec.
1745 5770 1817 5808 ix.
1921 5753 1941 5785 ¹

370 5843 429 5881 υς
462 5844 525 5881 C0
569 5866 583 5881 .
790 5852 935 5871 κρικθ

1977 5751 2176 5805 δεσπόυ
2212 5751 2312 5807 cod
2398 5764 2520 5807 cum
2549 5766 2579 5802 τ
2610 5762 2774 5819 super
2834 5749 3106 5819 imposito.
3218 5755 3238 5785 ³
3271 5754 3368 5808 σὺν
3400 5750 3528 5824 χρί-

302 5842 429 5891 νους
462 5842 583 5883 σου.
790 5852 935 5871 κηλίθ
