4044 6566
488 388 593 450 9οἶ
1758 364 2077 428 JOANNIS
2114 356 2545 422 GEOMETRE

492 499 587 549 Ἓν
612 490 889 559 συντελοίη
920 488 1061 560 φωτὶ
1089 484 1472 563 ποικιλοχρόῳ,

487 589 774 657 Μόρφωμα
802 582 1009 647 καινὸν,
1049 580 1171 650 ὄψιν
1204 574 1639 648 ἀστραπηϐόλον,

488 680 655 741 Μόλις
682 677 743 729 τὸ
773 673 1022 744 λαμπρὸν
1043 671 1319 725 είκάσειαν
1352 666 1444 720 τοῦ
1477 665 1701 734 τρόπου.

489 773 600 827 Ka‘t
629 770 689 824 τὸ
712 768 828 839 φῶς
864 765 961 820 τοῦ
992 764 1083 818 νοῦ
1111 764 1294 816 πᾶσαν
1316 758 1600 829 ἀστράψαν
1626 753 1811 824 χθόνα.

501 863 640 917 Ἀλλ’
676 862 919 915 άσπασαι
959 856 1058 928 μὲν
1087 856 1177 909 τὸν
1201 853 1488 922 σύναρχον,
1515 845 1819 917 φωσφόρε.ἲ

2082 491 2125 544 Α
2155 467 2370 540 Κράνος
2392 482 2449 517 τε
2479 463 2573 516 καὶ
2608 458 2897 532 πρόσωπον
2932 455 3142 528 ἐχθρῶν
3176 454 3233 507 ὲν
3266 452 3489 523 μάχαις.

2072 630 2077 635 ι
2172 560 2310 631 Ἐμὴ
2345 559 2590 629 μάχαιρα
2612 552 2801 624 καιρὸν
2829 552 2928 605 οὐκ
2961 547 3070 621 εἶχε
3104 550 3304 620 μάχης.

2162 651 2276 705 Ούκ
2305 646 2451 720 εἶχον
2478 649 2635 718 ἔργον
2657 649 2839 717 χεῖρες
2860 638 3019 697 αὗται
3047 642 3326 705 πολλάκις,

2162 743 2302 797 Ἀλλ’
2329 742 2600 811 ἐξαφῆκεν
2627 739 2871 808 ἔντρομα
2884 737 3019 807 πρὸς
3051 735 3157 804 γῆν
3186 733 3359 801 ξίφος.

2165 836 2392 889 ’Ὂπλων
2421 834 2478 888 δὲ
2513 834 2732 904 χρῆσις,
2765 831 2980 900 εὐρεσις
3007 827 3309 899 νεωτέρων,

2163 930 2274 982 Καὶ
2306 929 2490 999 σχῆμα
2524 924 2778 996 λαμπρὸν
2807 923 2914 977 τῶν
2946 920 3093 993 ἐμῶν
3116 916 3520 989 παιδευμάτων,

2164 1021 2416 1089 Πέφυκεν
2446 1018 2608 1088 ἔργον
2631 1017 2740 1070 τῶν
2767 1015 2914 1086 ἐμῶν
2942 1012 3331 1084 τολμημάτων.

488 947 597 1016 Ἧς
625 952 734 1022 γὰρ
762 949 1075 1019 κατάρχεις,
1110 941 1275 1016 ἧρξεν
1293 958 1307 974 ·
1343 936 1483 995 εἶδεν
1510 941 1574 1010 ἢν
1598 936 1832 1006 τρέχεις.

491 1047 564 1099 Σὺ
588 1045 654 1109 δ’,
679 1040 895 1113 ούρανὲ,
939 1039 1172 1109 τρόπαια
1204 1034 1466 1088 δεσπότου
1491 1029 1693 1099 γράφε.

493 1138 665 1199 Νίκας
703 1134 811 1205 γὰρ
836 1130 1022 1194 αὐτοῦ,
1057 1128 1147 1181 σὺν
1171 1126 1371 1187 πλάτος
1396 1123 1565 1194 χωρεῖ
1596 1121 1778 1190 μόνον.

506 1230 597 1293 Ἐξ
626 1231 868 1296 ἀστέρων
896 1222 1063 1289 στέφη
1093 1218 1149 1271 δὲ
1174 1217 1376 1282 πλέξας
1412 1212 1654 1278 ποικίλα,

494 1323 606 1375 Καὶ
628 1317 810 1384 δεξιὰν
844 1315 945 1384 τὴν
970 1311 1125 1364 τοῦδε
1152 1310 1246 1363 καὶ
1276 1310 1451 1380 κάραν
1480 1307 1664 1376 στέφε.

2166 1113 2241 1167 Οὐ
2279 1111 2438 1180 σῶμα
2463 1109 2657 1177 θνητὸν
2679 1108 2799 1161 οὐδὲ
2822 1107 3025 1179 τρωτὸν
3055 1108 3112 1159 ἐν
3141 1104 3342 1174 μάχαις

2166 1202 2475 1274 Αὐτουργὸν
2504 1202 2571 1255 ἂν
2599 1200 2823 1265 δόξειεν,
2856 1198 2972 1254 ἀλλ’
3006 1199 3165 1259 εἴτις
3202 1194 3365 1264 φύσις

2171 1295 2369 1357 Ἀὖλος
2388 1292 2521 1361 ἄλλη
2557 1292 2649 1345 καὶ
2680 1290 2888 1362 βροτῶν
2923 1287 3221 1358 ύπερτέρα,

2168 1387 2315 1449 Ἐως
2345 1385 2445 1457 μὲν
2472 1379 2565 1437 οὖν
2590 1378 2658 1455 ἦν
2687 1382 2838 1450 δεξιὰ
2875 1379 3154 1434 σκέπουσά
3182 1394 3249 1448 με

2175 1480 2440 1547 Ἀνωθεν,
2470 1480 2780 1551 ὴρὶστευον,
2817 1476 3030 1547 ἤνθουν,
3068 1472 3353 1542 ἐκράτουν,

2172 1576 2361 1630 Πᾶσαν
2391 1571 2587 1646 μικροῦ
2614 1571 2832 1624 τέθεικα
2855 1566 3049 1636 δούλην
3080 1564 3157 1634 τῷ
3186 1562 3399 1633 κράτει,

2178 1668 2283 1747 ’ῌν
2317 1664 2611 1734 ὲξανίσχων
2640 1662 2791 1733 ἥλιος
2822 1659 3036 1730 πρῶτος
3072 1656 3285 1727 φλέγει.

2185 1744 2340 1809 Ἐπεὶ
2369 1754 2415 1808 δ’
2447 1754 2586 1825 ἔρως
2616 1771 2683 1823 με
2718 1753 2817 1821 τῆς
2847 1750 3113 1819 κακίστης
3146 1749 3204 1800 ὲν
3233 1744 3333 1817 βίῳ

2088 1833 2147 1915 ,Β
2175 1847 2502 1919 Τυραννίδος
2534 1845 2783 1915 κατέσχε,
2817 1844 2917 1913 φεῦ
2941 1839 3259 1902 δυσϐουλίας
3289 1839 3303 1891 i

2172 1938 2285 1992 Kal.
2317 1935 2497 2001 δεξιὰν
2526 1933 2710 2006 ᾖμαξα
2738 1934 2832 1986 καὶ⁵
2863 1933 3139 2002 σκῆπτρον
3168 1928 3404 1998 κράτους

2175 2030 2463 2102 Ἥρπασα,
2492 2027 2699 2097 πύργον
2731 2024 2969 2093 συγγενῆ
2996 2020 3378 2083 κατασπάσας.

2178 2120 2508 2184 Τὰντεύθεν,
2540 2118 2717 2189 οἵμοιί
2750 2118 2898 2179 ποῖα,
2922 2117 3018 2169 καὶ
3046 2114 3164 2177 πῶς
3198 2113 3262 2167 ἂν
3293 2111 3528 2183 φράσω;

2177 2214 2401 2288 Πρῶτον
2426 2214 2523 2285 μὲν
2554 2212 2702 2267 ἔνδον
2727 2212 2759 2282 ἡ
2794 2211 3098 2282 κατήγορος
3131 2211 3293 2279 φύσις

2177 2308 2398 2377 Πικροῖς
2431 2306 2638 2359 ὲκέντει
2668 2304 2907 2374 νύγμασι
2929 2304 3029 2374 τὴν
3061 2300 3311 2372 καρδίαν.

2192 2399 2538 2469 Ἐκοπτόμην
2567 2396 2789 2463 ἔσωθεν,
2822 2394 3266 2464 ὲσπαραττόμην,

2180 2492 2362 2545 Δεινὸν
2389 2488 2649 2558 δικαστὴν
2674 2486 2773 2558 τὴν
2802 2485 3107 2556 συνείδησιν
3133 2483 3336 2555 φέρων.

2183 2584 2418 2637 Ἔπειτα
2451 2579 2659 2642 πάντας
2688 2578 2814 2642 τοὺς
2844 2576 3118 2648 ὑπηκόους
3142 2575 3382 2647 τρέμων,

2182 2673 2415 2737 Ψευδεῖς
2445 2671 2688 2743 ὀνείρους
2713 2670 2808 2723 καὶ
2835 2668 2993 2733 σκιὰς
3022 2667 3368 2730 ὑποϐλέπων,

2184 2764 2409 2835 Πικρὸν,
2434 2762 2891 2829 πολυστένακτον,
2920 2762 3146 2833 ἤντλουν
3187 2760 3278 2814 τὸν
3311 2758 3448 2829 βίον,

2187 2858 2358 2928 Δαγὼ
2387 2858 2501 2928 βίον
2531 2856 2661 2925 ζῶν,
2697 2858 2726 2910 ὁ
2750 2856 2881 2928 πρὶν
2911 2858 3146 2927 ἄτρομος
3170 2854 3327 2907 λέων.

2185 2953 2367 3024 Ζήσας
2390 2952 2448 3006 δὲ
2475 2952 2708 3022 πικροὺς
2747 2950 2842 3005 καὶ
2867 2950 3088 3022 βραχεῖς
3115 2949 3283 3012 τάλας
3307 2947 3553 3019 χρόνους,

2188 3042 2293 3096 Φεῦ
2323 3045 2339 3098 i
2367 3043 2444 3115 τῷ
2475 3044 2731 3115 τριπήχει
2760 3042 2855 3097 νῦν
2886 3042 3232 3113 κατῳκίσθην
3247 3042 3427 3112 τάφῳ.

2109 3170 2155 3234 C
2186 3136 2391 3234 ἰςεῖμαι
2419 3135 2477 3189 δὲ
2502 3136 2715 3206 νεκρὸς,
2743 3135 2771 3187 ὁ
2801 3135 3077 3207 πτερωτὸς
3103 3134 3361 3204 ἱππότης.

2206 3226 2265 3281 '0
2296 3228 2427 3299 πρὶν
2451 3227 2509 3282 δὲ
2536 3228 2762 3299 χρυσαῖς
2795 3226 3082 3298 ἐκπρεπὴς
3107 3225 3453 3294 πανοπλίαις,

567 1455 632 1526 β’.
661 1455 764 1519 Εἰς
809 1450 917 1506 τὸν
965 1448 1176 1526 κύριον
1212 1445 1499 1526 Ἰωάῖνην
1525 1444 1548 1476 ⁸
1590 1444 1697 1499 τὸν
1730 1441 1998 1508 ,βασιλέα

1112 1517 1441 1585 ἐπιτύμϐια.

506 1667 770 1725 Ἐνταῦθά
806 1683 894 1738 μοι
924 1663 1055 1727 στὰς
1085 1660 1300 1735 μικρὸν,
1332 1653 1377 1714 ὦ
1406 1658 1545 1726 ξένε,
1575 1654 1787 1727 χρόνον,

495 1763 606 1816 Καὶ
634 1758 957 1831 προσϐαλὼν
984 1756 1258 1827 φίλοικτον
1291 1753 1444 1824 ὄμμα
1476 1750 1556 1822 τῷ
1579 1748 1755 1819 τάφῳ,

497 1852 749 1909 Κλαῦσον
781 1850 849 1904 τὰ
872 1848 1062 1919 θνητὰ,
1098 1846 1197 1909 τὰς
1227 1844 1367 1915 ἐμὰς
1402 1843 1612 1912 βλέπων
1642 1840 1831 1911 τύχας,

498 1944 611 1997 Καὶ
644 1940 835 1995 σπένδε
862 1938 1061 2010 θερμὸν
1089 1934 1324 2003 δάκρυόν
1360 1950 1450 2004 μοι
1474 1931 1733 2002 κειμένῳ.

511 2034 653 2101 Ἐγὼ
684 2034 887 2104 πατρὸς
916 2032 1017 2101 φὺς
1051 2029 1304 2098 εὐγενοῦς
1332 2026 1391 2092 ἐξ
1419 2027 1641 2095 ὀσφύος,

499 2124 796 2195 Βλάστημα
822 2122 997 2194 ῥίζης,
1032 2120 1263 2191 πτόρθος
1301 2119 1484 2190 ἰσχύος
1511 2117 1718 2187 γέμων,

500 2216 690 2285 Πολλῷ
728 2215 1007 2286 παρῆλοον
1039 2213 1245 2283 φύντας
1276 2212 1357 2274 είς
1387 2208 1677 2279 εὐτολμίαν
1699 2223 1714 2237 ·

500 2306 667 2362 Οὔπω
693 2308 803 2378 γὰρ
826 2302 895 2377 ἦν
932 2307 1081 2371 παῖς,
1114 2305 1210 2358 καὶ
1239 2303 1452 2375 φρενῶν
1483 2300 1741 2372 εὐανδρίᾳ

506 2400 858 2469 Ἢστραπτον
887 2398 1093 2462 ὅπλοις,
1130 2398 1186 2450 ὲν
1218 2395 1358 2469 μέσῃ
1384 2397 1452 2466 γῇ
1480 2397 1501 2427 ⁸
1537 2393 1849 2465 βαρϐάρων.

503 2489 670 2544 Οὔπω
700 2490 800 2559 μὲν
830 2490 1051 2552 ἱππεὺς,
1078 2488 1191 2543 ἀλλ’
1215 2489 1470 2560 ἀριστεὺς
1488 2483 1556 2559 ἦν
1578 2486 1717 2557 ἅμα.

504 2580 672 2635 tilium
698 2580 755 2634 δὲ
784 2584 1010 2650 πυρσοῖς
1044 2578 1302 2644 ἐσκίαζον
1325 2578 1424 2649 τὴν
1452 2577 1615 2647 γένυν

505 2670 751 2742 Πρώτοις
777 2669 994 2735 ἰούλοις,
1026 2670 1143 2725 ἀλλ’
1179 2670 1452 2741 ἐπλήρουν
1480 2670 1581 2741 τὴν
1612 2669 1778 2741 χθόνα

517 2762 699 2833 Ἐμῶν
724 2763 1025 2833 τροπαίων,
1054 2763 1235 2815 πᾶσαν
1265 2764 1441 2832 ἥνπερ
1471 2763 1763 2834 Εὐφράτης

505 2852 713 2922 Κύκλῳ
745 2853 980 2923 διαρρεῖ,
1009 2853 1103 2905 καὶ
1131 2852 1415 2924 περιρρέει
1444 2852 1657 2925 Τίγρις.

518 2941 688 3011 Ἐμὰς
720 2944 748 2996 ὁ
773 2942 990 2995 Χαϐδᾶν
1016 2942 1203 3012 χεῖρας
1228 2940 1413 3012 ἔφριξε
1447 2941 1637 3012 μόνας.

505 3030 617 3102 Τὴν
644 3031 809 3084 ἵππον
838 3031 1167 3102 ηὐτρέπισεν
1194 3035 1273 3094 είς
1309 3035 1488 3103 φυγὴν
1526 3033 1590 3087 Ἀ
1602 3033 1732 3105 ραψ.

520 3122 663 3191 Ἐγὼ
688 3123 928 3179 διδάσκω
956 3124 1173 3195 πρῶτος
1200 3124 1454 3179 Αὐσόνων
1477 3126 1635 3193 γένος

506 3215 707 3287 Στῆναι
743 3217 880 3289 πρὸς
914 3216 1333 3287 άστράπτουσαν
1377 3217 1554 3289 αὐγὴν
1585 3217 1680 3274 τοῦ
1730 3218 1938 3290 ξίφους,

507 3416 629 3471 luce
657 3423 973 3471 coacervata
1002 3423 1054 3470 et
1072 3414 1288 3471 diversa
1358 3417 1661 3485 coloribus;
1723 3422 2084 3494 compositum
2186 3430 2470 3494 gurantem
2490 3423 2651 3494 gladii
2681 3424 2934 3489 nitorem,
2968 3427 3289 3498 galeamque
3318 3435 3373 3481 et
3421 3424 3616 3481 faciem
3662 3425 3759 3480 ho-

507 3512 614 3564 boc
639 3524 863 3572 novum,
901 3510 956 3562 in
1009 3508 1197 3562 oculos
1261 3507 1475 3578 fulgura
1523 3511 1765 3578 mittens,
1816 3514 1906 3567 vix
1971 3527 2088 3569 mo-
2184 3517 2347 3571 stium
2375 3516 2427 3570 in
2459 3517 2684 3586 proeliis.
2718 3518 2836 3572 Non
2871 3519 3179 3574 habuerunt
3207 3535 3344 3590 opus
3402 3535 3598 3574 manus
3644 3520 3759 3573 islze

507 3614 630 3674 rum
660 3598 1005 3669 splendorem
1045 3597 1293 3664 referret,
1330 3608 1383 3652 et
1405 3599 1579 3654 lucem
1620 3602 1816 3657 mentis
1869 3617 2086 3658 omnem
2183 3605 2515 3677 frequenter,
2549 3610 2642 3663 sed
2676 3610 3028 3665 tremebunda
3057 3579 3273 3681 agmina
3307 3612 3533 3681 projecit
3563 3612 3617 3665 in
3650 3612 3750 3664 hu-

507 3686 1309 3790 θτυθῖη-Ηὴξῗήηθηίθω·βω
1343 3688 1607 3759 εθηθῧθῐη
1648 3698 1801 3744 “mm
1844 3692 2086 3762 comple'
2184 3715 2332 3753 mum
2353 3701 2585 3771 gladius.
2629 3702 2920 3757 Armorum
2947 3720 3075 3758 vero
3121 3705 3334 3773 peritia,
3369 3720 3631 3759 novorum
3680 3707 3761 3758 in—

508 3790 677 3844 (ειθΐθν
709 3778 924 3833 Ῐλυείῖεῐ·
950 3796 964 3845 ;
990 3780 1257 3849 quaenim
1290 3795 1507 3851 regnas,
1537 3792 1726 3852 regnat
1749 3801 1764 3851 ;
1788 3784 2086 3856 Viditquod
2186 3793 2388 3859 ventio,
2406 3794 2742 3865 etegregium
2771 3796 2937 3850 decus
2954 3811 3196 3851 meorum
3221 3808 3609 3867 praeceptorum
3625 3813 3761 3867 Opus

508 3874 832 3942 perlustras.
898 3871 977 3927 Tu
1007 3882 1208 3937 autem,
1264 3888 1298 3927 ο
1352 3876 1575 3938 coelum,
1637 3877 1841 3931 domini
1891 3887 2091 3948 tropaea
2192 3880 2562 3937 fuitmeorum
2594 3883 2915 3940 facinorum.
2956 3885 3076 3941 Non
3133 3888 3362 3942 mortale
3420 3902 3621 3957 corpus
3661 3904 3761 3943 nec

508 3967 755 4021 exscribe
777 3983 790 4020 :
811 3967 931 4036 ejus
953 3966 1099 4021 enim
1124 3967 1486 4022 victoriastua
1505 3969 1619 4024 sola
1649 3969 1987 4027 immensitas
2008 3987 2094 4027 ca-
2191 3974 2524 4030 vulnerabile
2546 3976 2598 4030 in
2636 3978 2847 4047 praeliis
2870 3994 2930 4034 se
2952 3995 3230 4049 exponens
3278 3982 3638 4050 putavissent,
3666 3985 3759 4036 sed

508 4059 605 4128 pit.
638 4059 679 4111 Ε
709 4059 882 4161 stellis
907 4074 1167 4113 coronam
1214 4061 1421 4115 variam
1464 4061 1715 4118 intexens
1738 4063 2014 4119 dexteram
2040 4072 2095 4119 et
2190 4067 2338 4136 quali
2365 4076 2557 4123 natura
2588 4071 2871 4139 praeditum
2922 4072 3267 4127 immateriali
3295 4081 3349 4127 et
3406 4074 3644 4128 humana
3675 4090 3763 4129 su-

511 4159 818 4220 eapntejus
858 4168 1083 4206 corona.
2190 4161 2426 4229 periore.
2470 4159 2739 4226 Quamdiu
2810 4178 2939 4232 ergo
2964 4162 3064 4217 fuit
3128 4164 3348 4219 dextera
3404 4163 3615 4219 Excelsi
3680 4180 3762 4219 me

508 4244 566 4300 Ξ.
599 4244 665 4297 In
691 4246 963 4299 dominum
1001 4245 1281 4301 Joannem.
1310 4249 1678 4320 imperatorem
1720 4250 2084 4323 Epitaphium.
2112 4254 2166 4315 D
2197 4260 2507 4321 protegens,
2538 4254 2936 4323 pra'cellcbam,
2962 4254 3245 4320 florebam,
3273 4257 3559 4312 vincebam
3597 4274 3611 4319 ;
3645 4272 3761 4311 om-

574 4340 675 4393 Ilie
723 4340 855 4393 mihi
892 4351 1043 4394 stans
1073 4357 1239 4410 parvo
1272 4346 1749 4413 tempore,viator,
1775 4354 1829 4401 et
1847 4347 2085 4403 clemen-
2196 4358 2294 4398 nes
2330 4344 2480 4399 brevi
2511 4346 2613 4400 sub
2642 4346 2847 4402 ditione
2886 4363 3071 4403 servas
3092 4350 3296 4420 redegi,
3328 4365 3464 4420 quas
3480 4350 3562 4405 sol
3580 4349 3760 4405 oriens

511 4438 620 4484 tem
655 4430 874 4482 oculum
914 4431 966 4484 in
1023 4433 1290 4486 tumulum
1338 4444 1680 4499 convertens,
1722 4434 1859 4490 deﬂe
1884 4446 2086 4491 morla-
2192 4434 2403 4504 primus
2433 4446 2621 4505 gentes
2647 4437 2936 4494 illuminat.
2967 4437 3101 4493 Cum
3138 4450 3316 4494 autem
3341 4455 3495 4494 amor
3522 4441 3761 4511 tyranni-

511 4523 601 4585 lia,
630 4539 779 4575 meas
816 4523 1061 4578 fortunas
1118 4528 1328 4592 videns,
1358 4535 1412 4581 et
1455 4528 1730 4582 ardentem
1788 4527 2082 4599 lacrymam
2192 4522 2278 4576 dis
2297 4522 2351 4576 in
2373 4523 2475 4577 vita
2495 4526 2749 4592 pessimae
2776 4543 2861 4582 me
2884 4529 3147 4598 possedit,
3175 4529 3309 4597 proh
3338 4528 3612 4583 funestum
3631 4544 3760 4583 con-

510 4619 683 4672 irrora
711 4617 936 4685 jacenti.
970 4619 1079 4686 Ego
1098 4619 1299 4672 nobilis
1339 4619 1513 4687 patris
1563 4633 1592 4671 e
1615 4618 1839 4673 renibus
1897 4628 2080 4686 natus,
2201 4614 2386 4669 silium
2414 4618 2425 4669 ι
2454 4617 2700 4673 dextram
2728 4621 3033 4687 cruentavi,
3054 4622 3561 4692 imperiisceptrum
3584 4624 3758 4693 rapui.

507 4709 710 4762 radicis
742 4710 965 4778 stirpes,
988 4710 1185 4763 robore
1214 4708 1402 4763 valens
1436 4708 1630 4777 stipes,
1664 4708 1839 4762 multo
1878 4719 2084 4764 morta-
2196 4706 2253 4760 in
2295 4708 2484 4762 turrim
2504 4720 2793 4779 cognatum
2824 4714 3339 4785 conjeci.lnde,heu
3370 4715 3540 4769 mihi!
3570 4732 3689 4786 qua:
3710 4726 3762 4770 et

506 4800 650 4852 libus
711 4798 1023 4853 fortitudine
1108 4798 1358 4869 prmstiti.
1424 4798 1674 4853 Nondum
1736 4800 1882 4855 enim
1930 4817 2080 4856 eram
2199 4804 2480 4870 quomodo
2512 4804 2810 4874 loquerer?
2844 4807 3325 4878 Primumquidem
3358 4809 3507 4865 intus
3536 4824 3762 4863 accusa-

507 4905 664 4959 puer.
695 4900 747 4945 et
776 4891 943 4945 animi
989 4889 1218 4945 audacia
1278 4889 1578 4944 emicabam
1624 4891 1816 4958 armis,
1843 4908 1940 4963 per
1966 4908 2081 4949 me—
2180 4893 2289 4946 trix
2318 4903 2520 4949 natura
2555 4896 2771 4951 acerbis
2808 4912 2904 4952 cor
2932 4899 3139 4955 aculeis
3200 4900 3493 4970 pungebat.
3528 4897 3760 4955 Interius

510 4981 655 5034 diam
689 4982 1053 5036 Barbarorum
1106 4992 1334 5035 terram.
1366 4981 1615 5035 Nondum
1646 4996 1837 5051 eques,
1862 4983 1952 5038 sed
1986 4984 2083 5039 mi-
2180 4980 2494 5045 cruciabar,
2525 4983 2885 5051 dilacerabar,
2919 5002 3120 5042 savum
3174 4998 3430 5046 tortorem
3477 4995 3760 5049 conscien-

516 5073 676 5126 litum
705 5075 960 5143 princeps
993 5074 1104 5142 jam
1146 5089 1319 5128 eram.
1369 5071 1619 5127 Nondum
1680 5072 1803 5127 ﬂavi
1845 5075 1939 5144 pili
1965 5076 2080 5145 pri-
2182 5070 2311 5125 tiam
2344 5088 2557 5143 gerens.
2591 5074 2800 5131 Deinde
2833 5093 3024 5134 omnes
3046 5080 3293 5137 subditos
3328 5084 3547 5149 timens,
3612 5102 3762 5142 men-

509 5178 633 5218 ores
664 5179 827 5233 genas
845 5164 1264 5226 adumbrabant,
1300 5163 1391 5216 sed
1410 5163 1676 5231 replebam
1712 5174 1910 5218 terram
1941 5166 2080 5222 meis
2177 5164 2328 5219 dacia
2348 5167 2556 5220 somnia
2584 5170 2877 5235 et;umbras
2896 5174 3222 5243 suspiciens,
3242 5192 3509 5242 amaram,
3528 5178 3760 5234 ﬂebilem

508 5254 747 5324 tropteis,
807 5264 999 5316 totam,
1068 5270 1231 5322 quam
1282 5253 1589 5322 Euphrates
1639 5256 1971 5313 circumﬂuit
2026 5266 2079 5313 et
2182 5259 2350 5313 vitam
2386 5261 2985 5333 sustinebam,leporis
3008 5266 3113 5321 vita
3146 5268 3357 5333 vivens,
3381 5272 3473 5339 qui
3500 5272 3651 5341 prius
3678 5273 3759 5325 in-

510 5345 689 5413 Tigris
717 5345 1130 5413 circumagitur.
1173 5343 1318 5398 Meas
1351 5346 1567 5400 Cabdan
1610 5348 1755 5403 solas
1798 5351 2084 5404 exhorruit
2188 5351 2435 5421 trepidus
2468 5368 2616 5407 eram
2643 5354 2749 5411 leo.
2777 5355 3069 5425 Postquam
3105 5368 3287 5413 autem
3320 5361 3427 5414 vixi
3465 5377 3682 5419 amaros
3709 5373 3763 5418 et

508 5452 729 5499 manus,
777 5451 972 5504 equam
1016 5436 1068 5489 in
1100 5434 1297 5504 'fugam
1332 5439 1594 5492 convertit
1622 5440 1817 5495 Arabs.
1844 5438 1956 5509 Ego
1980 5440 2083 5494 do-
2190 5443 2379 5498 breves
2408 5446 2572 5500 miser
2603 5463 2796 5513 annos,
2817 5450 2950 5505 heu!
2981 5454 3336 5524 nunctriplici
3368 5454 3615 5511 inclusus
3640 5472 3756 5510 smn

510 5546 608 5587 eeo
643 5532 855 5601 primus
901 5530 1268 5584 Ausoniorum
1303 5546 1472 5600 genus
1505 5542 1650 5587 stare
1678 5533 1944 5589 adversus
1973 5532 2082 5588 ful—
2194 5536 2468 5604 sepulcro.
2498 5537 2660 5594 Jaceo
2694 5551 2963 5610 mortuus,
2999 5546 3089 5614 qni
3121 5546 3298 5601 alatus
3325 5544 3402 5601 fui
3441 5550 3756 5618 eques;qni

503 5793 527 5824 ο
552 5725 892 5855 δῖοᾶἕᾶρρεε
925 5728 1269 5798 Stauracius,
1303 5730 1590 5801 Nieephori
1626 5731 1647 5787 Ι
1679 5731 1846 5799 filius,
1881 5747 2028 5789 anno
2058 5733 2100 5790 8t

2156 5734 2238 5789 lin
2261 5737 2448 5805 praelio
2476 5749 2663 5795 contra
2694 5740 2955 5812 llulgaros
2981 5743 3215 5802 occisus.
3293 5748 3391 5820 ’τῇ
3419 5763 3518 5820 pro
3538 5749 3606 5819 γῇ
3636 5746 3753 5804 cod.
