4010 6574
301 394 404 459 903

314 504 550 568 Ἐλικτδς
574 504 718 574 ἄρτι,
742 501 1014 571 νεκρικῶς
1043 503 1413 574 ἐσταλμένος*

313 602 371 655 Ὀ
400 601 524 662 δοὺς
553 599 610 652 δὲ
642 598 798 661 νίκας
828 600 928 663 τὰς
951 600 973 650 ἐ
984 598 1089 669 μάς
1120 597 1263 669 ᾠδὰς
1297 596 1509 668 λύραις.

298 691 412 749 Νῦν
444 692 719 759 παίγνιον,
754 693 893 761 ipsi”!
930 689 1195 760 κωμικῶν
1230 688 1587 760 ἀθυρμάτων.

310 785 489 855 ,Εμῶν
522 784 579 837 δὲ
612 784 813 855 χειρῶν
846 785 880 856 ἡ
910 784 1081 856 πυρὸς
1110 783 1244 855 πρὶν
1270 781 1492 852 ὀξύτης.

298 875 543 947 Στέρνων
574 892 631 928 τε
663 876 870 928 τούτων
901 875 1193 947 θυμοειδὴς
1221 874 1542 947 στερρός-ης,

296 964 499 1034 Ψυχρά
529 963 679 1026 κόνις
715 963 809 1017 νῦν
838 966 934 1018 καὶ
968 965 1157 1036 σαπρά
1183 964 1436 1017 δυσωδίαν

300 1054 530 1118 ’Δνθους
559 1054 605 1107 δ’
634 1055 816 1108 ἐκεῖνο
842 1056 937 1108 καὶ
970 1056 1031 1109 τὸ
1063 1055 1260 1119 κάλλος
1292 1054 1489 1127 ἐρρύη.

299 1143 495 1197 Στολαὶ
520 1143 576 1198 δὲ
603 1143 857 1215 λαμπραὶ
888 1144 1077 1216 σχῆμα
1111 1145 1309 1216 σεμνὸν
1334 1143 1429 1198 τοῦ
1455 1144 1713 1216 κράτους,

297 1236 407 1290 Καὶ
434 1236 717 1306 σκῆπτρον
756 1236 939 1289 καὶτὸ
969 1237 1190 1307 στέμμα
1230 1236 1329 1291 καὶ
1368 1235 1607 1308 χρυσοῦς
1650 1235 1839 1306 θρόνος
1860 1249 1879 1265 ‘

298 1327 490 1397 Ἐρρει
512 1328 583 1379 τά
610 1326 789 1381 πάντα
810 1342 827 1357 ο
854 1327 922 1399 σὴ
951 1326 1008 1380 δὲ
1034 1327 1237 1399 φρικτή
1269 1343 1359 1399 μοι
1394 1327 1530 1399 μόνη

291 1418 522 1489 Φρικτη,
553 1417 790 1474 δικαστά
822 1419 919 1474 καὶ
950 1417 1173 1491 βασιλεῦ
1200 1437 1325 1491 μου,
1356 1420 1531 1492 μένει,

297 1507 439 1577 Πρὸς
470 1509 604 1562 πᾶσι
633 1509 872 1578 τούτοις,
901 1510 982 1583 τῷ
1011 1511 1331 1583 κατακρίτῳ
1355 1512 1559 1582 κρίσις.

304 1597 446 1651 Ἀλλ’
470 1598 630 1653 nam
666 1617 759 1669 μοι
791 1600 1101 1673 σπλάγχνον
1130 1604 1189 1656 ἐν
1217 1602 1348 1674 δίκῃ
1376 1603 1593 1673 νέμοιςι

291 1690 406 1744 Καὶ
431 1692 539 1762 γάρ
571 1691 866 1762 Μανασσῆ,
899 1691 1002 1746 κᾶν
1030 1693 1092 1745 τὸ
1124 1692 1330 1763 πλῆθος
1367 1692 1703 1762 σφαλμάτων

293 1781 439 1852 Νικᾷ
461 1780 522 1835 τὸ
555 1781 759 1854 πλῆθος
789 1784 1059 1856 ἀστέρων,
1090 1785 1195 1839 κᾶν
1222 1785 1322 1856 τήν
1352 1785 1603 1857 ψάμμον,

288 1874 392 1928 Σὸν
424 1874 648 1946 πλάσμα
676 1874 852 1945 κάγὼ,
883 1876 1108 1949 πλάσμα
1143 1880 1238 1932 καὶ
1264 1878 1372 1932 σῶν
1394 1878 1698 1932 δακτύλων.

1054 1977 1123 2039 γ’.

358 2058 586 2132 Θρηνῶν
618 2060 678 2115 τὸ
709 2060 889 2115 κοινὸν
913 2060 1023 2115 τῶν
1050 2061 1259 2133 βροτῶν
1282 2063 1455 2128 τέλος,
1503 2063 1644 2130 ξένε,

288 2150 494 2205 Καινόν
516 2168 569 2205 τι
602 2151 925 2223 δυστύχημα
953 2152 1145 2224 θρήνει
1175 2154 1271 2207 καὶ
1301 2155 1496 2219 πάθος.

286 2241 549 2312 Κρύπτον
576 2243 785 2298 παλαιὰ
806 2244 1241 2316 δυστυχημάτων
1266 2246 1413 2319 πάθη
1436 2262 1452 2278 ο

283 2335 489 2406 Μήτηρ
511 2334 767 2402 θανοῦσα,
791 2336 957 2391 παῖδα
987 2336 1084 2391 νῦν
1109 2337 1414 2409 τεθνηκότα

288 2425 393 2478 "Ov
426 2426 665 2497 γαστρὸς
689 2425 839 2481 ἔνδον
870 2426 1134 2499 ἐξέθρεψε
1176 2430 1306 2500 πρὶν
1336 2428 1557 2499 βρέφος,

287 2519 392 2573 Ὃν
416 2521 637 2590 ἐκράτει
667 2520 797 2592 πρὶν
830 2524 1129 2593 μητρικαίς
1159 2524 1217 2576 ἐν
1242 2522 1492 2588 ὠλέναις,

287 2611 452 2683 Ἔχει
480 2611 721 2666 λαϐοῦσα
748 2613 942 2684 νεκρὸν
971 2615 1031 2667 ἐν
1055 2617 1175 2678 ταῖς
1201 2614 1492 2684 ἀγκάλαις.

283 2696 386 2766 Εἷς
414 2703 620 2774 τύμϐος
651 2706 833 2769 αὐτοῖς
873 2705 1071 2770 κοινὸς,
1102 2705 1178 2769 ὡς
1198 2705 1414 2779 γαστὴρ
1439 2707 1560 2779 μία.

282 2796 461 2866 Κοινὴ
486 2796 542 2849 δὲ
570 2797 776 2869 μήτηρ,
808 2797 1012 2869 μητρὸς
1042 2797 1077 2869 ή
1103 2798 1175 2868 γῆ
1210 2796 1307 2852 καὶ
1334 2801 1529 2853 τέκνου
1550 2816 1566 2833 ’

280 2884 478 2956 Ἀρκεῖ
513 2887 751 2957 μαλάξαι
776 2888 867 2942 καὶ
897 2887 1063 2943 λίθων
1097 2888 1344 2960 σκληρὰν
1369 2888 1532 2959 φύσιν

278 2974 395 3029 Καὶ
421 2974 596 3030 ταῦτα
629 2978 848 3042 πάντως
876 2994 891 3008 ο
925 2977 1067 3049 πλὴν
1097 2977 1158 3031 τὸ
1186 2979 1386 3049 πικρὸν
1414 2977 1510 3032 τοῦ
1539 2976 1749 3044 πάθους

277 3065 455 3122 Οὔπω
489 3067 759 3136 λέλεκται,
794 3069 898 3125 κᾶν
926 3088 1010 3136 τις
1046 3070 1132 3144 ῐδῃ
1156 3070 1393 3145 δακρύῃ.

286 3160 362 3211 Ἦ
394 3160 496 3229 μὲν
522 3161 631 3233 γὰρ
657 3161 813 3233 ἀνδρὶ
836 3162 1135 3232 συζυγείσα
1164 3164 1300 3234 πρὸς
1327 3162 1527 3235 γάμον,

276 3244 472 3323 υῦπερ
494 3252 556 3305 τὸ
587 3251 783 3317 κάλλος
822 3254 1003 3307 πᾶσαν
1040 3253 1204 3324 ἦδυνε
1226 3253 1421 3325 φρένα,

1624 388 1974 451 τΟΑΒΜΙΝΑ
2011 390 2266 454 VARIA.

1910 514 1953 567 Α
1985 505 2238 576 Κράτους
2273 504 2329 557 δὲ
2354 504 2509 574 φήμη
2550 504 2728 556 πᾶσαν
2757 502 2997 573 ἐπλήρου
3032 499 3220 570 χθόνα,

1959 647 1963 652 .
1994 597 2196 666 Ἔργον
2227 595 2498 665 μαχαίρας
2522 589 2663 648 εἶδεν
2694 594 2857 648 αὑτὸν
2884 594 2978 646 καὶ
3005 593 3213 661 ξίφους.

1988 687 2252 741 Τοσοῦτον
2277 689 2299 721 θ
2327 686 2612 755 συζήσασα
2641 685 2719 755 τῷ
2747 684 3064 757 πεφιλμένῳ

1982 776 2152 832 ’Ὅσον
2182 778 2383 850 φυῆναι
2422 778 2871 851 πρωτογέννητον
2894 778 3107 843 κλάδον,

1984 871 2099 926 Καὶ
2134 873 2233 925 σὺν
2268 874 2595 942 στεναγμοῖς
2629 872 3085 942 προσϐλέπουσαν
3117 874 3197 943 τῷ
3222 873 3398 944 τέκνῳ

1985 965 2223 1036 Μνήμην
2250 966 2460 1019 ἐκείνου
2486 965 2579 1019 τοῦ
2612 966 2937 1037 παθήματος
2964 965 3153 1037 φέρειν
3180 983 3193 997 ·

1987 1057 2053 1109 ’Λ
2064 1074 2192 1127 μφω
2219 1058 2745 1113 καταστένουσανέκ
2778 1058 3143 1129 θρηνημάτων
3166 1076 3181 1091 ο

1984 1147 2071 1218 Πῆ
2103 1148 2203 1218 μὲν
2228 1149 2288 1201 τδ
2317 1150 2508 1204 τέκνον
2535 1151 2745 1221 πατρὸς
2767 1149 3204 1222 ὠρφανισμένον,

1986 1241 2068 1311 Πῆ
2101 1242 2151 1294 δ”
2179 1237 2246 1295 αὖ
2273 1241 2325 1310 γ’
2358 1242 2557 1314 ἑαυτὴν
2589 1243 2783 1314 ἀνδρὸς
2812 1244 3206 1315 ἐστερημένην.

1994 1331 2054 1381 't)
2081 1331 2128 1384 δ’
2158 1332 2333 1401 ἐκφὺς
2355 1333 2492 1404 αὐτῇ
2523 1334 2760 1404 πρῶτος,
2784 1334 2818 1403 ἢ
2859 1334 3060 1405 μᾶλλον
3092 1335 3278 1404 μόνος,

1984 1420 2345 1493 Ἀναδραμὼν
2370 1422 2446 1487 ὡς
2479 1423 2633 1495 ἔρνος
2660 1424 2862 1494 ὡραῖος
2889 1424 3031 1490 νέος,

1995 1514 2153 1569 Ἐπεὶ
2177 1513 2316 1585 πρὸς
2344 1514 2495 1588 ὥραν
2520 1510 2656 1589 ἧκεν
2681 1516 2866 1587 ἀκμῆς
2887 1516 2981 1571 καὶ
3003 1517 3206 1589 γάμου,

1982 1598 2125 1674 Ἧψε
2154 1604 2211 1658 δὲ
2230 1604 2491 1677 λαμπρὰς
2515 1603 2807 1675 λαμπάδας
2835 1605 3165 1675 γαμηλίους,

1981 1696 2157 1760 Εὐθὺς
2189 1695 2288 1767 μὲν
2327 1696 2591 1767 ἐστέρητο
2613 1696 2708 1749 καὶ
2735 1694 2830 1748 τοῦ
2858 1695 3096 1764 συζύγου

1982 1787 2120 1857 Μηδ*
2152 1787 2448 1857 ἐκφυέντος
2482 1787 2674 1851 παιδὸς
2703 1787 2827 1842 ἀντὶ
2859 1789 3117 1859 μητέρος.

1914 1874 1959 1933 Β
1990 1880 2169 1946 Ζὴσας
2189 1878 2245 1931 δὲ
2267 1878 2455 1932 λοιπὸν
2486 1877 2686 1949 μικρὸν
2713 1878 2913 1950 ἄζυγος
2945 1881 3156 1952 χρόνον,

1982 1970 2136 2024 Ἐπεὶ
2166 1972 2281 2041 μετ’
2312 1971 2524 2042 ἀνδρῶν
2549 1973 3136 2045 συγκατηριθμημένος

1978 2063 2224 2134 Πρώτοις
2254 2064 2449 2128 ίούλοις
2481 2065 2702 2129 ἐσκίαζε
2724 2066 2823 2137 τὴν
2845 2067 3029 2137 γένυν,

1978 2155 2090 2208 Καὶ
2120 2155 2317 2219 κάλλος
2352 2154 2529 2228 ήνθει,
2555 2158 2651 2211 καὶ
2681 2158 2974 2229 προσώπου
3003 2160 3309 2233 τερπνότης

1980 2243 2177 2315 Ἤριζε
2207 2246 2523 2319 φαιδρότητι
2556 2250 2624 2320 τῇ
2648 2249 2758 2304 τῶν
2787 2249 3055 2322 ἀστέρων,

1981 2337 2171 2405 Ἄφνω
2205 2335 2398 2409 βαρείᾳ
2423 2339 2517 2393 καὶ
2538 2338 2858 2412 δυσαντήτῳ
2888 2342 3031 2413 νόσῳ

1979 2426 2106 2481 Ἐπὶ
2130 2426 2287 2499 ξένης
2308 2431 2412 2500 γῆς
2436 2432 2763 2487 ἐκκόπτεται
2789 2435 2905 2505 βίου
2934 2453 2950 2468 ·

1983 2520 2218 2591 Ἀωρος,
2251 2522 2397 2593 οἴμοι
2419 2524 2432 2577 !
2468 2527 2562 2578 καὶ
2587 2526 2693 2597 πρὸ
2720 2527 2915 2598 καιροῦ
2938 2532 3037 2599 τῆς
3063 2531 3300 2605 τρύγης·

1976 2609 2090 2664 Καὶ
2129 2613 2298 2683 μητρὶ
2328 2615 2508 2669 κοινὸν
2542 2618 2943 2692 συγκατῴκησε
2969 2622 3160 2693 τάφον⁸

1975 2703 2210 2757 Διπλοῦν
2238 2705 2300 2758 τὸ
2327 2707 2520 2772 πένθος
2554 2709 2663 2763 τῶν
2688 2714 3011 2783 στεναγμῶν
3042 2720 3137 2770 καὶ
3166 2718 3309 2786 γόων

1976 2797 2054 2865 Τῇ
2093 2798 2261 2870 μητρὶ
2289 2801 2496 2871 μητρὸς
2525 2804 2620 2856 καὶ
2642 2802 2835 2868 διπλᾶς
2865 2806 3036 2861 λιπὼν
3066 2811 3296 2880 φλόγας,

1977 2887 2136 2951 Ἥτις
2162 2888 2222 2941 τὸ
2246 2889 2436 2944 τέκνον
2467 2894 2561 2946 καὶ
2588 2894 2650 2947 τὸ
2672 2894 2767 2949 τοῦ
2792 2897 2983 2951 τέκνου
3012 2900 3203 2954 τέκνον

1990 2977 2194 3033 Ἰδοῦσα
2223 2982 2388 3052 κοινῷ
2416 2983 2511 3037 νῦν
2536 2983 2671 3056 λίθῳ
2697 2990 3082 3059 κεκρυμμένα,

1980 3070 2181 3143 Ἀλλης
2214 3073 2417 3145 Νιόϐης
2448 3076 2747 3150 δυστυχοῦς
2776 3081 2924 3136 ἕλκει
2967 3083 3104 3155 βίον,

1980 3163 2203 3233 ΙΙικρὺν,
2229 3166 2681 3235 πολυστένακτον,
2712 3172 2979 3229 ἀντλοῦσα
3002 3178 3215 3247 χρόνον.

1990 3257 2149 3322 Ἀλλ’,
2169 3250 2213 3311 ὧ
2237 3260 2481 3315 κάτοικοι
2513 3261 2670 3317 τοῦδε
2702 3265 2796 3319 τοῦ
2831 3266 3086 3341 λαμπροῦ
3118 3272 3305 3343 δόμου,

280 3448 445 3493 antea
503 3435 691 3491 aureis
720 3434 1017 3491 decorabat
1058 3434 1354 3506 panopliis,
1416 3453 1540 3492 mox
1603 3435 1876 3493 involutus
1900 3458 1944 3521 ρ
1981 3440 2111 3496 loris
2138 3457 2265 3511 pars
2290 3445 2542 3501 acerbior
2576 3449 2817 3505 nomium
2877 3455 3121 3524 exposita
3145 3465 3247 3522 est,
3305 3463 3556 3528 quan-is

280 3534 629 3579 mortuorum
658 3534 888 3579 ornatus
917 3538 1071 3594 gero,
1120 3526 1213 3593 qui
1238 3524 1361 3578 dedi
1414 3541 1566 3580 meas
1615 3526 1873 3580 victorias

278 3618 642 3674 celebrandas
667 3617 801 3689 lyra,
836 3632 984 3674 nunc
1012 3617 1331 3685 ludibrium,
1355 3617 1457 3673 heu
1483 3619 1497 3672 ι
1522 3618 1871 3672 theatralium

280 3714 566 3766 ludorum.
607 3711 854 3765 Mearum
908 3724 1173 3764 manuum
1241 3709 1436 3779 igneus
1492 3725 1669 3782 nuper
1697 3711 1869 3781 vigor,

279 3804 519 3876 pectoris
548 3803 708 3859 istius
734 3803 1045 3857 animosum
1082 3803 1273 3865 robur,
1305 3818 1453 3858 nunc
1490 3800 1720 3872 frigidus
1747 3804 1870 3873 pul—

289 3900 379 3954 vis
411 3907 465 3954 et
485 3896 710 3967 putidus
747 3893 908 3951 fmtor
938 3915 951 3950 :
1000 3894 1151 3950 lloris
1202 3895 1557 3966 pulchritudo
1607 3897 1709 3951 ista
1742 3911 1870 3951 eva-

277 3991 425 4048 nuit.
480 3988 772 4061 Fulgentes
798 3999 955 4058 togae,
980 3988 1231 4058 egregius
1283 3987 1495 4058 imperii
1554 3998 1868 4058 apparatus,

278 4092 584 4153 sceptrum.
623 4081 898 4147 diadema,
928 4095 1134 4134 aureus
1196 4079 1452 4145 thronus,
1513 4080 1698 4134 omnia
1738 4094 1868 4134 eva-

278 4186 545 4233 nuerunt.
578 4174 759 4229 Tuum
790 4188 920 4228 vero
972 4172 1314 4227 tremendum
1374 4172 1509 4227 mihi
1554 4172 1730 4228 solum
1755 4183 1866 4227 tre-

278 4269 564 4336 mendum,
633 4283 667 4322 ο
695 4266 863 4338 judex
892 4276 952 4323 et
986 4281 1079 4322 rex
1112 4283 1292 4333 meus,
1350 4275 1555 4332 manet,
1589 4275 1716 4337 post
1751 4267 1868 4322 haec

276 4363 490 4423 omnia,
518 4361 631 4431 jam
682 4360 1070 4423 condemnato,
1104 4359 1397 4430 judicium.
1440 4357 1547 4413 Sed
1575 4358 1864 4415 miseratus

276 4454 415 4509 mihi
450 4454 653 4509 viscera
678 4453 753 4507 'in
783 4452 991 4523 judicio
1014 4453 1213 4507 exhibe
1243 4468 1257 4516 ;
1289 4461 1347 4506 ut
1405 4452 1659 4505 Manasse
1711 4450 1863 4519 regi;

276 4547 407 4603 licet
429 4547 723 4602 multitudo
748 4546 1013 4601 scelerum
1060 4554 1282 4615 superet
1309 4544 1590 4599 stellarum
1617 4542 1863 4597 multitu--

274 4640 463 4696 dinem
522 4649 575 4695 et
604 4654 801 4694 arenas
841 4639 1032 4702 maris,
1065 4646 1218 4691 tuum
1274 4652 1409 4705 opus
1463 4650 1562 4705 ego
1619 4649 1862 4705 quoque,

274 4750 528 4808 opusque
558 4735 853 4806 digitorum
891 4742 1134 4788 tuorum.

1067 4826 1121 4881 5.

1975 3536 2066 3603 qui
2097 3536 2292 3591 viderit
2316 3539 2666 3610 lacrymctur.
2691 3541 2826 3599 Nam
2858 3548 2976 3603 viro
3000 3550 3311 3619 nuptiarum
3346 3552 3556 3612 fmtlt'l'f)

1969 3629 2182 3697 juncta,
2223 3629 2385 3700 cujus
2430 3634 2786 3704 pulchritudo
2813 3639 3051 3708 {onmem
3101 3645 3342 3700 animam
3404 3648 3557 3706 dele-

1973 3723 2174 3790 csahat,
2245 3724 2603 3781 victoriarum
2662 3727 2803 3783 fama
2892 3741 3066 3787 toturn
3161 3736 3404 3806 replebat
3463 3755 3558 3796 or-

1976 3815 2120 3880 bem,
2149 3815 2426 3871 victimam
2450 3819 2614 3887 gladii
2639 3821 2774 3876 vidit
2808 3823 2958 3878 illum
3003 3835 3057 3880 et
3085 3827 3235 3882 ensis
3276 3844 3291 3894 ;
3341 3837 3553 3887 tantum

1974 3909 2187 3963 vixerat
2210 3925 2335 3963 cum
2360 3921 2544 3966 amato
2586 3914 2820 3984 conjuge
2853 3925 2910 3968 ut
2965 3917 3391 3989 primogenitum
3439 3937 3565 3977 sur-

1971 3998 2156 4053 culum
2186 4000 2533 4068 produceret.
2569 4002 2631 4055 Et
2659 4019 2780 4057 cum
2827 4006 3119 4074 gemitibus
3178 4018 3366 4063 natum
3405 4027 3553 4081 aspi-

1970 4091 2226 4154 cientem,
2247 4092 2389 4149 ferre.
2405 4097 2693 4164 oportebat
2720 4098 2882 4165 hujus
2899 4096 3181 4155 infortunii
3204 4105 3551 4173 memoriam,

1970 4187 2162 4243 ambos
2193 4188 2449 4259 lacrymis
2497 4190 2892 4260 deplorantem.
2946 4191 3047 4248 Hic
3096 4196 3316 4265 quidem
3337 4212 3551 4267 natum,

1969 4291 2125 4352 patre
2162 4283 2436 4350 orbatum,
2481 4285 2592 4340 illic
2629 4300 2759 4339 vero
2800 4287 3035 4356 seipsam
3076 4288 3195 4343 viro
3249 4290 3549 4352 viduatam.

1971 4374 2065 4430 llle
2112 4385 2294 4431 autem
2329 4392 2492 4446 quem
2539 4378 2774 4448 primum
2817 4379 3048 4450 peperit,
3097 4391 3192 4436 aut
3218 4386 3400 4453 potius
3431 4389 3555 4444 uni-

1967 4486 2113 4534 cum,
2143 4485 2397 4527 crescens
2426 4481 2484 4527 ut
2512 4472 2737 4542 pulchra
2774 4481 2828 4527 et
2860 4481 3047 4528 tenera
3085 4475 3288 4545 planta,
3323 4494 3448 4534 cum
3480 4483 3550 4537 ad

1965 4573 2179 4619 aetatem
2205 4565 2353 4620 venit
2376 4566 2759 4621 adolescentia:
2792 4578 2842 4621 et
2877 4568 3222 4637 nuptiarum,
3269 4575 3550 4631 accendit-

1966 4668 2076 4723 que
2107 4652 2379 4723 fulgentes
2409 4654 2677 4727 hymenaei
2718 4654 2912 4721 tmtlas,
2941 4658 3125 4711 statim
3188 4662 3443 4719 viduatus
3468 4675 3553 4720 est

1966 4746 2220 4818 conjuge,
2242 4748 2388 4802 nullo
2405 4749 2598 4804 relicto
2616 4764 2716 4820 pro
2739 4761 2912 4805 matre
2931 4765 3120 4821 puero.
3153 4750 3352 4810 Vivens
3368 4768 3548 4812 autem

1886 4860 1942 4920 Β
1970 4848 2157 4910 postea
2188 4839 2407 4894 brevem
2442 4842 2560 4894 sine
2580 4841 2835 4912 eonjugio
2857 4842 3045 4909 vitam,
3083 4860 3206 4898 cum
3251 4848 3366 4917 jam
3419 4849 3550 4904 viris

348 4922 565 4979 Deﬂens
593 4936 941 4979 communem
963 4919 1275 4975 Illorlalium
1304 4918 1491 4981 ﬁnem.
1528 4916 1725 4983 νίειιοΐν
1762 4935 1857 4975 Ito-
1886 4916 1929 4920 ”
1966 4937 2360 4987 aunumeratds
2405 4932 2594 5001 primis
2638 4932 2990 4988 adumbraret
3059 4937 3181 5004 pilis
3249 4916 3439 5005 genas,
3494 4950 3548 4991 et

274 5032 406 5072 vum
437 5015 711 5087 quoddam
752 5012 1112 5069 infortunium
1152 5020 1207 5066 et
1235 5010 1479 5065 dolorem
1512 5008 1669 5071 delle,
1711 5019 1859 5065 vete-

279 5125 407 5165 rum
438 5108 867 5163 inforttmiorum
897 5107 1116 5161 dolores
1146 5106 1476 5159 vincentem.
1526 5102 1692 5157 Mater
1713 5118 1859 5157 mor-

275 5213 396 5271 tua,
434 5205 603 5258 ﬁlium
646 5219 793 5258 nunc
828 5212 1131 5267 mortuum,
1164 5215 1326 5272 quem
1367 5208 1525 5255 antea
1557 5198 1697 5251 intra
1739 5208 1858 5252 ute-

274 5312 400 5351 rum
429 5296 690 5350 infantem
710 5295 866 5357 aluit,
894 5311 1055 5365 quem
1089 5302 1247 5348 antea
1274 5294 1537 5348 maternis
1566 5291 1710 5344 ulnis
1759 5305 1853 5362 ge-

275 5389 481 5452 stabat.
510 5397 659 5442 tenet
715 5397 993 5443 mortuum
1021 5386 1262 5442 brachiis
1314 5384 1672 5454 amplectens.
1706 5380 1857 5437 Unus

278 5484 365 5536 his
380 5481 691 5537 communis
724 5481 992 5544 tumulus,
1019 5492 1077 5535 ut
1111 5489 1297 5535 venter
1319 5476 1460 5533 uhus
1483 5518 1497 5543 ,
1523 5475 1858 5530 communis-

276 5592 386 5645 que
411 5587 604 5638 mater,
640 5573 830 5628 matris
863 5586 915 5627 et
950 5574 1042 5627 lilii
1090 5585 1234 5627 terra
1268 5591 1280 5626 :
1316 5571 1431 5625 haec
1476 5568 1659 5624 omnia
1712 5566 1861 5623 solli-

275 5668 691 5739 ciuntlapidum
723 5667 917 5721 duram
942 5664 1472 5731 naturam‘mollire;
1499 5671 1732 5717 attamen
1760 5660 1859 5714 do-

352 5854 373 5887 ⁹
402 5853 626 5908 τοσοῦτο
653 5851 777 5906 cod.

599 5949 868 6008 Ριιτιιοι..
909 5946 1026 6005 (in.
1063 5941 1208 6003 CVI.

1963 5024 2135 5079 forma
2170 5024 2386 5079 floreret
2436 5036 2491 5079 et
2524 5025 2706 5080 vultus
2733 5026 2925 5097 gratia,
2955 5026 3239 5096 nitoreque
3271 5039 3544 5084 astrorum

1962 5120 2194 5173 nitorem
2214 5118 2476 5183 vinceret,
2496 5128 2715 5187 repente
2745 5120 2893 5189 gravi
2915 5130 2969 5173 ct
2992 5120 3321 5175 intolerabili
3351 5125 3545 5173 morl.o

1960 5213 2013 5266 in
2046 5225 2189 5266 terra
2216 5211 2388 5265 aliena
2406 5210 2559 5265 evita
2588 5210 2816 5275 tollitur,
2837 5222 2964 5265 ante
2987 5212 3155 5276 diem,
3184 5212 3310 5266 heu!
3334 5222 3387 5266 et
3409 5222 3547 5265 tem-

1960 5318 2065 5373 pus
2107 5299 2461 5363 maturitatis,
2481 5307 2533 5352 et
2550 5300 2739 5354 matris
2755 5315 3047 5354 commune
3081 5300 3543 5368 habitavitsepul-

1959 5391 2423 5462 crum.Duplicem
2442 5391 2806 5461 lacrymarum
2821 5401 2870 5445 et
2886 5394 3183 5461 gemituntn
3202 5392 3543 5461 luctumlma-

1962 5491 2060 5544 tris
2080 5487 2239 5543 matri
2266 5485 2613 5556 linquebatet
2630 5486 2898 5554 duplicem
2922 5487 3330 5557 dolorem,quze
3368 5486 3538 5541 lilium

1960 5590 2013 5636 et
2046 5579 2141 5634 lilii
2176 5578 2344 5631 filium
2371 5575 2559 5630 videns
2588 5576 2868 5630 communi
2906 5591 3050 5630 nunc
3080 5576 3258 5646 lapide
3288 5575 3541 5632 recondi-

1965 5686 2068 5745 tos,
2100 5673 2327 5729 alterius
2349 5671 2549 5727 Niobes
2580 5671 2837 5727 miseram
2870 5673 3029 5727 vitam
3056 5673 3241 5739 trahit,
3262 5689 3538 5741 amarum,

3171 5920 3250 5980 29
