4044 6630
464 380 573 443 907

462 491 637 562 Χορός
668 490 946 561 φιλάγνων
972 492 1226 547 πανθέων
1256 493 1300 525 ¹⁹
1342 496 1749 570 σεμνοτρόπων,

475 584 534 638 '0
566 585 667 655 μὲν
687 584 967 656 τεθνηκὼς
1002 583 1274 651 δεξιοῦται
1312 588 1593 653 πλουσίοις

467 679 647 749 ’Υμᾶς
676 677 987 742 ταλάντοις,
1022 678 1098 744 ὡς
1122 680 1190 734 ἂν
1214 680 1380 734 αὑτοῦ
1409 681 1504 736 τὸν
1529 683 1703 753 τάφον

455 770 688 841 Συχναίς
711 771 1141 827 ’ὲπισκέπτοισθε
1168 773 1208 805 ¹³
1245 772 1701 846 λαμπαδουχίαις.

469 862 657 934 ’Υμῶν
684 863 743 917 δὲ
777 865 940 936 μήτις
966 866 1118 921 τόνδε
1148 867 1363 938 κινήσοι
1391 867 1558 934 λίθον,

450 952 605 1025 Μηδὲ
637 956 898 1028 φθονήσοι
923 959 1084 1031 τῆσδε
1106 959 1207 1029 τῆς
1240 957 1555 1029 συσκηνίας.

451 1049 665 1113 Μόνους
685 1049 745 1104 δὲ
784 1049 1020 1121 κρῦπτοι
1048 1050 1210 1105 παῖδα
1236 1051 1330 1103 καὶ
1355 1049 1455 1120 τὴν
1484 1047 1699 1120 μητέρα
1717 1064 1731 1079 '

463 1139 552 1203 Ὠς
579 1139 650 1194 ἂν
676 1139 861 1205 καθὼς
889 1141 1000 1195 πᾶν
1020 1140 1179 1211 ἔσχεν
1207 1141 1241 1211 ἠ
1274 1139 1455 1210 μήτηρ
1480 1139 1597 1206 νέα,

450 1229 609 1284 Οῦτω
640 1231 803 1284 πάλ-ιν
829 1230 1088 1295 θανοῦσα,
1121 1230 1379 1304 συμμένῃ
1412 1230 1582 1301 μόνῳ.

447 1321 513 1375 El
542 1322 599 1376 δὲ
630 1324 767 1393 πρὸς
796 1323 949 1377 οὐδὲν
976 1323 1128 1376 τόνδε
1153 1322 1268 1387 θείς
1297 1340 1383 1388 τις
1417 1323 1466 1355 ’⁸
1490 1324 1582 1378 τδν
1612 1324 1799 1395 νόμον,

445 1415 634 1469 Κινείν
663 1414 840 1468 ἕλοιτο
859 1415 1011 1468 τόνδε
1043 1414 1137 1468 τὸν
1166 1415 1351 1469 κοινὸν
1377 1415 1552 1484 λίθον,

446 1504 520 1556 Τὸ
536 1503 643 1574 τῆς
667 1502 939 1574 ἑΠρονοίας
957 1503 1116 1575 δμμα
1143 1505 1387 1576 τιμωρὸν
1407 1504 1584 1570 λάϐοι,

442 1594 559 1649 Καὶ
585 1592 697 1666 πῦρ
731 1594 980 1665 γεέννης,
1014 1594 1109 1648 καὶ⁸
1138 1593 1201 1647 τὸ
1221 1595 1321 1665 τῆς
1346 1594 1504 1664 δίκης
1534 1593 1711 1666 ξίφος.

655 1708 721 1766 δ’.
741 1710 853 1776 -Είς
885 1708 1002 1777 τὴν
1042 1708 1329 1780 κοίμησον
1356 1708 1469 1778 τῆς
1492 1709 1813 1765 Θεοτόκου.

434 1822 572 1889 ’Σαῖς
593 1822 901 1893 ἡγκαλίζου
924 1822 1059 1895 πρίν
1088 1839 1157 1894 με
1186 1822 1367 1894 χερσὶ,
1405 1823 1675 1895 Παρθένε,

440 1915 621 1987 Θηλῆς
655 1915 714 1969 δὲ
748 1915 848 1984 σῆς
871 1914 1087 1969 έσπασα
1122 1914 1390 1986 μητρικὸν
1413 1913 1577 1983 γάλα.

440 2007 516 2060 Τὸ
544 2006 764 2078 πνεῦμά
798 2023 892 2060 σου
924 2004 1020 2060 νῦν
1049 2005 1212 2070 αὐτὸς
1240 2005 1667 2077 ὴγκαλισμένος,

439 2098 515 2154 Τδ
554 2099 715 2170 σῶμα
744 2098 949 2169 πέμπω
977 2098 1118 2170 πρὸς
1142 2098 1354 2171 τρυφῆς
1385 2096 1446 2150 τὸ
1469 2096 1689 2169 χωρίον.

859 2212 924 2269 ε’.
963 2215 1067 2280 Είς
1100 2212 1217 2281 τὴν
1247 2212 1617 2269 ἀπόστασιν.
1654 2176 1656 2179 .

430 2326 575 2391 Νῦν,
607 2326 827 2397 οὖρανὲ,
854 2326 1121 2392 στάλαξον
1149 2326 1393 2399 ὄμϐρους
1419 2324 1672 2397 αἱμάτων
1693 2339 1708 2355 ⁸

448 2420 602 2491 Ἀὴρ,
642 2419 968 2491 έπενδύθητι
1000 2419 1264 2492 πένθιμον
1299 2420 1489 2483 σκότος
1509 2434 1527 2451 ⁸

442 2513 512 2565 Ἦ
537 2512 631 2583 γῆ,
664 2510 1035 2583 καταξάνθητι
1061 2512 1158 2565 καὶ
1192 2511 1395 2583 ρἀηθί
1421 2530 1536 2583 μοι,

436 2604 619 2675 Κόψον
647 2603 715 2659 τὰ
741 2604 957 2675 δένδρα,
988 2605 1146 2675 ῥῖψον
1166 2600 1255 2659 οἶα
1284 2605 1639 2678 βοστρύχους,

436 2696 608 2766 Ὅλην
648 2695 842 2767 στολὴν
878 2696 1138 2766 μέλαιναν
1165 2696 1288 2750 ἀντὶ
1319 2697 1420 2767 τῆς
1454 2697 1641 2768 χλόης,

433 2790 507 2843 Τὸ
543 2789 636 2842 σὺν
666 2789 960 2860 πρόσωπον
998 2789 1343 2859 ἀμφιέσασα,
1379 2790 1558 2844 στένε.

431 2881 508 2936 Τδ
537 2882 796 2951 συγγενὲς
823 2881 925 2952 μὲν
945 2874 1087 2951 αἷμα
1119 2884 1302 2934 πᾶσαν
1334 2881 1434 2952 τὴν
1463 2881 1581 2936 Ἕω

432 2975 657 3047 Πρῶτον
688 2975 863 3045 μένει,
901 2974 994 3027 καὶ
1038 2973 1319 3045 μερίζεται
1350 2975 1503 3044 ξίφος

430 3070 512 3122 Τὰ
545 3067 791 3139 συμφυῆ,
818 3066 921 3134 φεῦ
948 3068 963 3122 ι
991 3067 1086 3120 καὶ
1114 3067 1247 3136 γένη
1273 3083 1333 3120 τε
1360 3068 1459 3121 καὶ
1478 3067 1637 3140 μέλη.

431 3160 624 3231 Πατὴρ
666 3159 766 3231 μὲν
798 3159 941 3231 ὀργᾷ
966 3159 1104 3230 πρὸς
1143 3158 1361 3230 σφαγὴν
1394 3159 1504 3213 τῶν
1538 3159 1845 3231 φιλτάτων

1738 386 2057 453 JOANNIS
2093 392 2527 459 GEOMETRAE

2072 516 2118 573 Α
2148 508 2257 561 Καὶ
2280 508 2460 575 δεξιὰν
2486 511 2618 575 παῖς
2642 511 2894 585 πατρικῷ
2926 513 3137 585 χραίνει
3164 515 3309 585 φόνῳ
3335 530 3346 543 ·

2143 600 2298 670 Αῐρει
2319 600 2376 655 δὲ
2412 602 2505 655 καὶ
2532 604 2833 676 μάχαιραν,
2861 605 2906 659 ὢ
2932 606 3135 677 πικροῦ
3168 607 3409 672 πάθουςε

2155 690 2319 761 Ἀνὴρ
2346 692 2572 763 ἀδελφὸς
2602 696 2682 758 εἰς
2709 695 2942 765 ἀδελφοῦ
2968 698 3196 771 καρδίαν
3219 714 3235 730 ο

2155 783 2219 835 'll
2247 786 2316 855 γῆ
2351 785 2408 839 δὲ
2445 785 2660 850 πολλοῖς
2693 791 3141 862 συσπαραχθεῖσα
3162 794 3407 865 τρόμοις,

2141 875 2309 929 Κάτω
2333 876 2588 943 δονεῖται,
2612 879 2708 932 καὶ
2733 882 3019 952 κεραυνῶν
3048 884 3106 937 al
3134 884 3331 955 φλόγες

2146 968 2390 1022 Ἀνωθεν
2423 971 2594 1043 αὐτὴν
2620 973 2945 1046 ἐκτεφροῦσι
2971 974 3070 1047 τὴν
3096 976 3266 1033 κόνιν.

2139 1061 2330 1127 Πόλεις
2352 1063 2410 1117 δὲ
2439 1063 2634 1136 ῥώμης
2660 1065 2759 1131 τὰς
2784 1068 3037 1135 ἐπάλξεις
3069 1069 3146 1134 ὡς
3166 1071 3345 1142 κόμας

2139 1153 2284 1225 Πρὸς
2312 1154 2415 1226 γῆν
2448 1156 2712 1227 βαλοῦσαι
2751 1158 2848 1213 καὶ
2877 1162 3431 1233 κατεσπαραγμίναι,

2135 1246 2445 1316 Θρηνοῦσαι
2483 1248 2705 1319 πικρὸν,
2724 1246 2813 1303 οἷα
2844 1250 3097 1320 πένθιμοι
3126 1251 3308 1323 κόραι.

2135 1337 2200 1389 Ui
2232 1337 2333 1408 τῆς
2360 1339 2540 1410 ’Δγαρ
2573 1339 2868 1411 κρατοῦσιν
2888 1358 2902 1372 ο
2934 1342 2991 1396 αἱ
3019 1343 3185 1397 πάλαι
3213 1343 3399 1409 πόλεις

2131 1428 2334 1498 Φόρους
2362 1426 2637 1493 τελοῦσαι,
2667 1429 2779 1484 τῶν
2797 1429 2918 1484 καθ’
2946 1430 3104 1501 ⁴ἡμῶν
3135 1430 3232 1484 νῦν
3264 1430 3445 1501 φόνων

2132 1518 2355 1572 Δίτοῦσι
2385 1520 2612 1591 μισθοὺς
2648 1522 2742 1574 καὶ
2772 1521 3057 1591 χορεύουσι
3086 1522 3251 1593 μέγα.

2132 1609 2243 1665 Καὶ
2269 1609 2443 1664 ταῦτα
2476 1610 2577 1682 μὲν
2609 1611 2676 1683 δὴ
2699 1611 2872 1667 ταῦτα
2901 1612 3036 1683 πρὸς
3066 1612 3165 1684 τὴν
3193 1612 3334 1667 Ἕω.

2131 1699 2212 1753 Τὰ
2238 1701 2375 1771 πρὸς
2403 1698 2567 1754 Δύσιν
2595 1698 2674 1766 δὲ,
2702 1703 2855 1765 ποῖος
2878 1700 3083 1771 ἐξείποι
3105 1700 3261 1770 λόγος
3284 1717 3301 1768 ;

2130 1790 2360 1845 Σκυθῶν
2387 1791 2486 1862 μὲν
2520 1792 2693 1864 αὐτὴν
2723 1792 2947 1864 πλῆθος,
2979 1792 3055 1856 ὡς
3090 1792 3191 1864 μὲν
3223 1794 3462 1866 πατρίδα

2059 1867 2104 1925 Β
2132 1878 2416 1950 Διατρέχει
2442 1895 2503 1932 τε
2535 1880 2630 1933 καὶ
2655 1881 2968 1953 περιτρέχει
2991 1880 3177 1953 κύκλῳ
3201 1899 3245 1942 ⁸.

2140 1968 2230 2033 Ὠς
2256 1969 2360 2041 γῆν
2387 1968 2444 2023 δὲ
2473 1969 2875 2040 βλαστάνουσαν
2903 1973 3146 2040 εὐγενεῖς
3169 1972 3397 2039 κλάδους

2128 2058 2365 2130 Ἀνδρῶν
2394 2060 2683 2134 ἀτρέπτων
2707 2061 2804 2115 καὶ
2838 2061 3097 2133 σιδηρέαν
3127 2062 3290 2132 φύσιν

2128 2149 2436 2222 Πρόρῤιζον
2463 2151 2811 2222 ἐκτέμνουσι,
2844 2151 2941 2206 καὶ
2979 2151 3196 2224 βρεφῶν
3221 2153 3355 2226 γένη

2125 2243 2290 2313 Ξίφος
2319 2244 2531 2315 μερίζει
2552 2260 2566 2276 ο
2600 2247 2697 2299 καὶ
2723 2244 2793 2299 τὰ
2826 2245 2925 2316 μὲν
2950 2248 3133 2317 μήτηρ
3164 2245 3301 2317 ἔχει,

2124 2330 2205 2384 Τὰ
2225 2330 2270 2383 δ’
2299 2330 2491 2403 ἐχθρὸς
2518 2330 2787 2397 ἐξέσπασε
2820 2332 2930 2386 τῶν
2962 2333 3132 2404 βελῶν
3161 2333 3276 2405 βίᾳ.

2122 2419 2189 2472 Al
2217 2417 2275 2472 δὲ
2299 2421 2562 2490 κραταιαὶ
2583 2421 2714 2488 πρὶν
2742 2420 2946 2489 πόλεις,
2987 2422 3157 2494 λεπτὴ
3189 2423 3360 2488 κόνις.

2135 2513 2525 2584 Ἱπποτρόφους
2553 2515 2611 2569 δὲ
2646 2515 2746 2580 τὰς
2778 2517 2911 2589 πρὶν
2940 2518 3456 2592 ἁνθρωποτρόφους,

2122 2604 2284 2675 Οἵμοι
2311 2606 2323 2658 l
2359 2604 2572 2675 βλέπων
2603 2606 2697 2661 νῦν
2719 2607 2837 2671 πῶς
2868 2608 3151 2680 παύσομαι
3180 2610 3470 2683 δακρύων,

2120 2698 2313 2768 Χῶραι
2343 2698 2443 2769 μὲν
2471 2698 2617 2755 οῦτω
2640 2698 3047 2774 πυρπολοῦνται
3070 2704 3167 2757 καὶ
3201 2704 3359 2758 τόποι

2120 2792 2194 2845 Σὺ
2223 2791 2301 2857 δ’,
2327 2793 2360 2863 ἡ
2386 2790 2593 2861 βασιλὶς
2616 2792 2711 2846 τοῦ
2745 2794 3016 2859 Βύζαντος
3038 2795 3215 2860 ἑστία,

2119 2879 2231 2934 Ποῦ
2260 2897 2351 2949 μοι
2379 2880 2548 2953 τύχης
2570 2881 2833 2953 ἕστηκας,
2864 2885 2989 2938 είπέ
3015 2888 3141 2956 μοι,’
3170 2885 3348 2951 πόλις,

2118 2972 2283 3036 Πόλις
2310 2974 2501 3037 κακοῖς
2526 2975 2825 3045 κρατοῦσα,
2850 2979 2963 3041 τοῖς
2998 2978 3183 3043 καλοῖς
3215 2980 3343 3034 ὅσον

2116 3064 2346 3121 Νικῶσα
2373 3066 2434 3119 τὸ
2460 3068 2625 3139 πρίν;
2657 3068 2734 3124 Οὐ
2775 3069 2939 3143 κλονῇ
2970 3071 3013 3103 ’³
3039 3072 3161 3126 καθ’
3190 3074 3408 3146 ἡμέραν
3426 3114 3445 3141 ,

2117 3157 2195 3213 Οὐ
2228 3157 2407 3231 βάθρα
2435 3159 2625 3214 πίπτει
2652 3160 2749 3215 καὶ
2770 3162 3155 3233 σπαράσσεται
3183 3165 3409 3237 τρόμῳ;
3444 3168 3447 3173 '

429 3342 781 3414 lacrymabile
800 3348 1019 3412 tempus
1044 3342 1349 3398 sustinens.
1375 3339 1503 3405 Sed,
1527 3355 1696 3407 ovos,
1713 3338 1808 3412 qui
1830 3338 2013 3411 splen-
2037 3349 2082 3410 α
2121 3339 2377 3411 inquinat
2408 3356 2541 3397 nece
2588 3359 2603 3397 :
2635 3341 2748 3413 figit
2802 3351 2985 3397 autem
3037 3341 3304 3412 gladium,
3337 3356 3373 3397 ο
3430 3343 3691 3400 acerbum

430 3434 618 3489 didam
655 3434 797 3489 hanc
822 3435 1046 3489 domum
1078 3434 1338 3501 incolitis,
1374 3442 1654 3491 castorum
1678 3446 1734 3490 et
1779 3443 2009 3491 sancto-

431 3542 551 3582 rum
592 3527 888 3581 illustrium
903 3535 1146 3591 caterva,
1174 3536 1425 3583 mortuus
1455 3542 1554 3582 vos
1580 3526 1841 3583 divitibus
1872 3542 1998 3583 cum

428 3620 707 3675 thesauris
735 3619 870 3683 adit,
920 3628 981 3673 ut
1013 3618 1163 3674 illius
1184 3617 1496 3688 sepulcrum
1522 3618 1837 3674 numerosis
1865 3633 2022 3675 con-

433 3712 633 3782 tegatis
677 3711 1040 3780 lampadibus.
1103 3709 1355 3765 Vestrum
1409 3723 1589 3765 autem
1643 3711 1828 3768 nullus
1861 3712 2010 3771 hunc

428 3812 645 3858 moveat
668 3803 922 3873 lapidem,
970 3817 1149 3873 neque
1191 3802 1265 3857 illi
1321 3800 1563 3857 invideat
1610 3803 2005 3874 contubernio;

426 3898 576 3952 solos
603 3906 786 3951 autem
804 3896 1063 3951 recondat
1086 3895 1256 3950 lilium
1275 3903 1328 3950 et
1343 3901 1570 3949 matrem
1592 3910 1608 3948 :
1637 3902 1718 3963 ut,
1743 3896 1887 3952 sicut
1909 3913 2010 3968 pro

427 3998 544 4044 toto
571 4005 697 4044 eum
748 3988 938 4043 habuit
959 4002 1152 4043 recens
1195 3996 1397 4053 mater,
1422 3986 1498 4042 ita
1557 3995 1776 4043 mortua
1806 3987 2005 4045 iterum

424 4098 551 4137 cum
582 4082 701 4136 solo
744 4089 985 4135 maneat.
1015 4080 1073 4134 Si
1107 4080 1234 4150 quis
1255 4089 1439 4134 autem
1467 4093 1566 4150 pro
1609 4078 1781 4134 nihilo
1830 4081 2003 4153 legem

2115 3434 2397 3488 dolorem!
2452 3432 2619 3488 frater
2672 3434 2726 3488 in
2784 3433 2971 3489 fratris
3039 3443 3251 3505 pectus.
3285 3432 3455 3490 Terra
3506 3436 3692 3493 multis

2113 3525 2313 3596 agitata
2363 3525 2695 3581 tremoribus
2748 3526 3007 3582 deorsum
3069 3525 3263 3590 fertur,
3291 3533 3347 3584 et
3388 3526 3689 3583 tonitruum

2114 3616 2268 3686 ignes
2322 3617 2615 3673 desursum
2666 3621 2843 3687 ipsum
2901 3616 3210 3673 incinerant
3246 3617 3548 3687 pulverem.
3588 3618 3690 3674 Ur-

2112 3707 2208 3763 bes
2229 3715 2409 3764 autem
2449 3708 2663 3764 roboris
2702 3707 3059 3763 munimentis
3098 3717 3156 3763 ut
3184 3708 3359 3764 comis
3408 3710 3473 3764 ad
3508 3712 3689 3765 solum

2113 3799 2341 3870 deiectis
2371 3810 2426 3856 et
2462 3800 2681 3866 dirutis,
2703 3816 2889 3857 amare
2914 3800 3284 3873 Iacrymantur
3320 3812 3377 3856 ut
3403 3802 3689 3858 luctuaria

2111 3896 2372 3967 virgines.
2406 3896 2529 3951 Filii
2567 3897 2714 3966 Agar
2740 3896 3004 3963 vincunt;
3032 3911 3154 3966 quae
3210 3896 3341 3951 olim
3378 3898 3542 3951 urbes
3587 3898 3689 3951 tri-

2112 3988 2242 4043 linta
2272 3987 2581 4050 solvebant.
2603 4002 2747 4042 nunc
2776 3996 2968 4051 contra
3000 4001 3102 4043 nos
3118 3986 3349 4041 caedium
3378 3987 3685 4041 mercedem

2110 4088 2304 4151 rogant
2361 4088 2417 4135 et
2481 4080 2682 4152 gaudio
2725 4080 3026 4135 exsultant.
3060 4078 3127 4135 Et
3160 4079 3276 4135 haec
3338 4079 3557 4149 quidem
3614 4081 3682 4134 ad

426 4175 570 4229 lianc
602 4184 884 4244 reputans,
911 4188 1132 4229 movere
1161 4173 1834 4242 susceperitcmnmunem
1858 4172 2005 4231 hunc
2106 4172 2406 4227 Orientem.
2442 4170 2547 4227 Sed
2581 4187 2704 4243 quae
2744 4173 2808 4226 ad
2832 4172 3199 4238 Occidentem,
3243 4186 3493 4242 quaenam
3539 4172 3685 4229 dicet

422 4267 679 4337 lapidem,
712 4266 933 4322 oculum
969 4265 1335 4321 Providentiae
1364 4264 1631 4320 vindicem
1682 4263 1790 4319 sibi
1840 4280 2003 4321 assu-

422 4366 557 4423 mat,
579 4367 633 4413 et
655 4358 832 4429 ignem
875 4362 1155 4429 gehennae,
1192 4357 1491 4427 etjustitiae
1526 4356 1786 4426 gladium.

783 4456 840 4510 4.
875 4455 940 4506 In
970 4451 1338 4505 dormitionem
1384 4449 1649 4518 Deiparw.

492 4550 627 4606 Tuis
676 4543 1094 4617 amplectebaris
1142 4556 1230 4596 me
1280 4541 1432 4611 prius
1489 4538 1767 4604 manibus,
1811 4536 1999 4610 Virgo,

2108 4266 2323 4321 oratio?
2362 4265 2688 4337 Scytharum
2748 4265 3039 4321 multitudo
3092 4265 3232 4321 lianc
3294 4266 3573 4337 regionem
3622 4277 3686 4321 ut

2106 4374 2261 4413 suam
2307 4360 2540 4429 patriam
2577 4357 2873 4429 perlustrant
2916 4365 2971 4413 et
3019 4357 3324 4413 circulatim
3381 4359 3682 4414 circumlu-

2103 4458 2363 4514 Strat;ut
2391 4458 2591 4504 terram
2625 4450 3015 4520 producentem
3057 4450 3267 4505 nobiles
3298 4450 3549 4505 surculos
3577 4450 3679 4504 lio-

2104 4542 2317 4596 minum
2382 4541 2707 4597 invictorum
2750 4551 2804 4598 et
2844 4541 3074 4597 ferream
3118 4552 3369 4597 naturam
3417 4541 3681 4597 radicitus

421 4659 489 4697 ex
537 4643 707 4697 ubere
747 4646 929 4693 autem
960 4646 1054 4689 tuo
1085 4643 1390 4688 maternum
1414 4631 1496 4700 lac
1528 4632 1809 4702 sugebam.
1846 4630 2002 4687 Nunc
2036 4694 2071 4703 ι
2111 4633 2374 4698 avellnnt,
2414 4642 2469 4688 et
2509 4633 2800 4688 infantium
2836 4643 3049 4688 aetatem
3094 4634 3307 4703 gladius
3338 4632 3483 4687 tollit
3517 4651 3531 4688 :
3574 4632 3678 4688 hos

421 4734 663 4788 animam
688 4742 840 4786 tuam
876 4728 995 4799 ipse
1020 4726 1330 4796 amplexus,
1356 4738 1557 4793 corpus
1603 4727 1764 4778 mitto
1802 4722 1868 4777 ad
1909 4737 2000 4778 sc-

417 4827 543 4882 dem
573 4824 914 4882 deliciarum.

948 4913 1003 4967 5.
1041 4910 1109 4967 In
1145 4910 1467 4980 apostasim.

489 5009 667 5075 Nunc,
702 5008 926 5072 etelum,
952 5005 1125 5060 irrora
1154 5002 1381 5057 imbrem
1417 4998 1722 5070 sanguinis,
1783 5013 1877 5054 aer
1918 4998 2000 5054 lu-

417 5115 541 5161 ctns
576 5104 696 5158 velo
729 5100 1109 5163 obnubiletur,
1146 5095 1306 5151 tellus
1346 5094 1624 5165 aperiatur
1644 5102 1699 5148 et
1735 5091 1871 5147 mihi
1901 5093 1994 5147 de-

2108 4725 2331 4794 quidetn
2368 4733 2541 4779 mater
2576 4725 2761 4790 habet,
2787 4725 2909 4781 illos
2934 4735 3116 4779 autem
3154 4725 3328 4779 hostis
3353 4723 3556 4795 eripuit
3586 4739 3677 4780 sa-

2100 4816 2245 4885 gittis
2274 4818 2380 4870 vim
2414 4816 2674 4872 inferens.
2705 4815 2836 4883 Quae
2868 4817 2996 4871 olim
3030 4823 3276 4887 potentes
3308 4816 3470 4869 nrbes
3498 4824 3676 4881 erant,

2100 4925 2245 4964 nunc
2268 4909 2403 4964 let-is
2431 4909 2608 4978 pulvis
2644 4927 2656 4963 :
2694 4909 2815 4965 illas
2850 4924 2971 4979 quae
3012 4915 3121 4962 tam
3177 4908 3380 4961 mullos
3410 4923 3585 4978 eqnos
3620 4915 3676 4961 et

2103 5008 2187 5055 tot
2247 5001 2498 5058 homines
2557 5001 2777 5057 alebant
2823 5002 2998 5072 prius,
3051 5001 3155 5055 lien
3189 5001 3362 5055 mihi!
3398 5001 3675 5071 quomodo

2104 5107 2254 5147 nunc
2304 5093 2524 5149 intuens
2583 5093 2814 5148 cessabo
2859 5109 2888 5147 a
2923 5093 3210 5163 lacrymisl
3238 5092 3310 5147 Ita
3338 5093 3559 5163 quidem
3594 5108 3675 5147 re-

418 5199 612 5253 hiscat.
646 5195 885 5249 Arbores
925 5207 1074 5253 seca,
1110 5203 1323 5244 comam
1356 5186 1520 5242 simul
1552 5186 1986 5250 la‘cera,omncm
2100 5185 2290 5254 giones
2318 5195 2373 5240 et
2395 5185 2498 5241 loci
2541 5187 2663 5257 igne
2696 5195 3032 5240 cremantur.
3062 5184 3142 5239 Tu
3168 5200 3321 5253 vero,
3358 5187 3544 5256 regina
3569 5186 3673 5258 By—

418 5288 677 5343 vestitum
760 5285 978 5354 nigrum
1052 5296 1153 5351 pro
1233 5278 1442 5345 viridi,
1498 5277 1803 5347 faciemque
1872 5292 1998 5345 ope-

414 5382 584 5444 tiens,
619 5392 797 5449 geme.
814 5378 1092 5445 Cognatus
1115 5372 1335 5442 quidem
1358 5370 1578 5440 sanguis
1606 5379 1776 5424 totum
1802 5368 1995 5424 Orien-

417 5483 526 5528 tem
568 5470 808 5542 primum
838 5474 1143 5537 exspectat,
1172 5473 1228 5520 et
1266 5463 1459 5519 dividit
1516 5462 1729 5532 gladius
1760 5476 1992 5516 consan-

412 5564 633 5633 guinea,
656 5561 759 5615 heu
787 5562 799 5613 !
834 5572 1030 5629 genera
1058 5568 1109 5612 et
1132 5555 1397 5611 membra.
1430 5553 1588 5607 Pater
1626 5552 1848 5622 quidem
1876 5552 1985 5605 ira-

2102 5278 2263 5331 zantii
2286 5278 2462 5338 sedes,
2496 5278 2549 5332 in
2577 5293 2687 5346 quo
2716 5275 2945 5331 fortunae
2974 5277 3103 5330 mihi
3131 5277 3367 5341 sisteris,
3400 5278 3487 5332 die
3514 5277 3668 5343 mihi,

2095 5384 2129 5423 ο
2160 5370 2402 5423 civitas?
2446 5369 2653 5424 Civitas
2705 5370 2863 5424 malis
2889 5369 3149 5437 obnoxia,
3184 5370 3343 5425 bonis
3397 5383 3666 5439 quantum

2088 5463 2346 5517 vincebas
2392 5478 2593 5532 nuper,
2624 5478 2806 5517 nonne
2853 5462 3096 5533 quotidie
3126 5464 3439 5519 cxcuteris?
3489 5480 3668 5518 nonne

2086 5554 2442 5609 fundamenta
2484 5556 2686 5610 cadunt
2717 5566 2771 5611 et
2810 5556 3049 5611 motibus
3079 5556 3449 5626 dejiciuutur?
3478 5573 3658 5610 nonne

406 5656 579 5709 scitur
602 5652 671 5707 ad
708 5650 911 5707 caedem
936 5664 1184 5715 suorum,
1214 5657 1267 5704 et
1306 5648 1554 5704 dextram
1612 5654 1771 5701 natus
1803 5642 1981 5715 patria
2081 5661 2221 5717 quos
2255 5646 2560 5716 produxisti
2593 5663 2775 5705 ramos
2812 5648 2864 5704 in
2884 5648 3267 5716 brachiistuis,
3290 5648 3469 5704 vidisti
3504 5648 3664 5720 gladii

478 5831 521 5864 “
546 5830 685 5887 Dub.
719 5844 825 5886 scr.
854 5836 939 5884 est
966 5827 1078 5883 haec
1108 5842 1234 5882 vox.
1280 5828 1319 5860 ¹¹
1354 5826 1444 5882 Sic
1476 5824 1599 5881 cod.
1679 5825 1721 5855 "
1746 5822 1895 5876 τῖσον
1918 5836 2001 5877 θοι

2121 5822 2164 5855 ¹³
2191 5822 2353 5875 κλονᾶ
2379 5822 2502 5877 cod.
