4044 6592
375 407 485 476 909

374 527 451 580 Οὐ
478 520 606 587 τοὺς
636 520 870 592 φυέντας
896 519 1163 591 ἀγκάλαις
1183 521 1303 585 ταῖς
1339 521 1457 585 σαῖς
1484 518 1733 584 κλάδους,

375 617 517 680 Τοὺς
549 615 649 687 μὲν
684 612 962 685 μαχαίρας
988 612 1152 685 ἔργον
1173 608 1312 677 εἶδες
1340 612 1401 666 ὲν
1430 611 1633 683 μάχαις

387 710 486 763 Ἐκ
511 706 795 776 συγγενῶν
828 706 1151 770 πίπτοντας,
1183 704 1333 776 οἴμοι
1360 703 1456 758 τοῦ
1480 704 1720 766 πάθουςί

376 801 518 864 Τοὺς
548 798 594 853 δ’
628 798 751 853 ἀντὶ
771 797 1041 867 λαμπρῶν
1061 798 1158 851 καὶ
1180 797 1362 851 καλῶν
1395 795 1712 867 ἀνακτόρων

376 893 595 961 Νήσους
619 892 718 962 ιρή
728 907 858 961 μους
883 890 981 945 xal
1013 890 1300 961 φάραγγας
1323 889 1418 943 καὶ
1447 887 1660 959 πέτρας

378 984 689 1056 Κριθέντας
717 983 909 1048 οἰκεῖν,
942 984 1044 1054 τὴν
1074 984 1245 1053 πνοὴν
1270 981 1714 1053 μετρουμένουςς

378 1077 491 1131 Καὶ
525 1074 720 1142 ταῦτα,
748 1075 851 1145 φεῦ
875 1076 889 1129 ι
922 1074 1229 1146 πάσχοντες
1258 1073 1325 1140 (ὣ
1346 1074 1456 1127 τῶν
1476 1072 1765 1145 κριμάτων

379 1167 502 1221 Τῶν
532 1168 661 1235 σῶν,
700 1167 993 1235 δικαστάι)
1017 1167 1116 1239 τὴν
1150 1166 1350 1238 λιθώδη
1374 1164 1607 1238 καρδίαν

379 1260 571 1323 Οὐδεὶς
606 1260 897 1332 μαλάσσει,
931 1260 1217 1316 σπένδεται
1253 1260 1333 1331 τῷ
1366 1258 1618 1331 πλησίον,

380 1355 491 1409 Kal
528 1354 766 1428 δάκρυον
793 1357 882 1425 χεῖ
913 1354 1210 1428 φάρμακον
1237 1356 1538 1426 σωτηρίας.

393 1446 534 1501 οΑλλν
559 1448 709 1518 ἥλιος
749 1448 848 1519 μὲν
876 1448 958 1512 είς
983 1448 1174 1510 σκότος
1199 1447 1580 1519 μετεστράφην

382 1541 492 1594 Kal
519 1542 621 1612 τῆς
647 1541 880 1613 σελήνης
907 1541 1109 1611 φέγγος
1133 1541 1509 1614 ἑξαπεκρύϐη,

384 1631 494 1686 Kal
520 1630 705 1697 καινὸς
734 1631 913 1703 ἀστὴρ
946 1630 1132 1702 θαῦμα
1167 1632 1406 1695 πίστεως
1430 1631 1583 1697 ξένον

386 1724 595 1796 Καινῆς
620 1723 666 1778 δ’
696 1724 934 1796 ἀνήφθη,
961 1724 1064 1795 τῆς
1092 1725 1137 1778 δ’
1170 1725 1612 1798 ὲμῆςσρᾳθυμίας

383 1815 662 1888 Δογισμδς
692 1816 889 1881 οὐδεὶς,
922 1817 1045 1871 οὐδὲ
1079 1817 1187 1871 τῶν
1219 1817 1609 1889 ἐγκλημάτων.

396 1907 537 1961 Ἀλλ’
565 1907 725 1962 ῖλεών
762 1926 854 1981 μοι
879 1908 1075 1977 δεῖξον,
1112 1910 1291 1976 ἵλεων,
1317 1910 1482 1979 Λόγε,

384 2001 485 2054 Σὺν
502 2000 658 2073 ὄμμα
676 2000 936 2073 χρηστὸν,
969 2001 1180 2056 παῦσον
1207 2000 1647 2074 ἀλληλοφθόρους

384 2092 629 2162 Σφαγὰς,
655 2091 888 2160 ἁλώσεις
913 2094 1192 2165 δεσμίους,
1223 2093 1427 2166 μάχας,
1453 2094 1695 2159 στάσεις.

385 2184 589 2252 Φυγάς,
613 2182 846 2253 διώξεις,
872 2186 1154 2258 ἀρπαγάς,
1193 2187 1408 2254 ποινὰς,
1443 2187 1655 2260 κρίσεις
1678 2204 1694 2219 ·

390 2277 707 2349 ’ῼκτειρας,
735 2274 876 2342 οἴδα,
910 2279 1005 2333 καὶ
1033 2278 1225 2334 Νινευῖ
1245 2280 1345 2353 τὴν
1371 2280 1551 2349 πόλιν,

387 2369 501 2423 Kal
524 2369 654 2424 λαὸν
681 2370 921 2443 ὴλέησας
953 2373 1315 2443 ἡμαρτηκότα
1340 2388 1356 2405 ·

389 2461 490 2515 Σὸν
520 2463 775 2533 ποίμνιον
794 2466 924 2535 γὰρ,
950 2467 1111 2520 ῶνιον
1141 2466 1254 2520 σῶν
1277 2467 1549 2537 αἱμάτων.

391 2551 468 2623 Σὴ
496 2552 708 2625 μάνδρα
737 2554 914 2624 κάγὼ,
940 2556 1146 2627 Χριστέ
1164 2572 1179 2586 ’
1214 2556 1390 2610 ταῦτα
1418 2555 1486 2628 σὴ
1514 2555 1672 2620 πόλις

391 2646 522 2718 Βοᾷ,
554 2648 710 2712 πόλις
735 2648 827 2718 σὴ,
857 2652 933 2718 μὴ
973 2649 1325 2721 παραδλέψῃ,
1360 2649 1578 2719 βλέπων

391 2737 598 2793 Kartth
632 2736 904 2804 ἀϐύσσους
927 2756 942 2772 ·
976 2739 1140 2812 μέχρι
1164 2741 1274 2811 γάρ
1298 2741 1445 2805 τίνος
1475 2740 1628 2794 πόνοι
1652 2757 1668 2807 ;

395 2876 471 2931 ς’.
500 2871 604 2938 Εἰς
634 2887 778 2938 τους
817 2872 1028 2943 ἁγίους
1058 2874 1257 2963 πέντε..
1292 2874 1668 2954 ξὺστράτιον
1699 2874 1799 2929 καί
1840 2875 1982 2942 τοὺς

1035 2960 1159 2999 συν
1180 2960 1363 3010 ante).

398 3079 603 3150 Εἵληφε
638 3081 847 3145 πεντὰς
874 3082 1172 3153 μαρτύρων
1206 3082 1370 3134 πέντε
1400 3082 1592 3152 στέφη.

410 3174 468 3227 '0
502 3173 546 3226 δ’
579 3174 911 3244 Εὐστράτιος
940 3176 1103 3229 πέντε
1125 3173 1416 3246 λαμϐάνει.
1444 3173 1623 3237 Μόνος

408 3266 727 3337 Ἑλληνικὴν
755 3267 950 3339 ήλεγξε
982 3266 1421 3338 μυθοπλαστίανο

403 3359 710 3429 Ἥγρευσεν
740 3361 1019 3429 Εὐγένιον,
1045 3360 1255 3432 ἤσκησε
1282 3360 1455 3431 στόμα

402 3564 640 3633 praedam
662 3566 714 3617 in
740 3564 978 3635 pugnisa
1001 3565 1251 3636 cognatis
1281 3564 1516 3620 cadere?
1548 3564 1683 3635 proh
1706 3564 1983 3620 dolorem!

403 3670 505 3724 pro
539 3654 847 3726 magnificis
887 3664 942 3711 et
975 3657 1145 3712 vastis
1178 3656 1423 3727 palatiis,
1459 3656 1667 3713 insulas
1710 3656 1985 3720 desertas,

406 3748 671 3819 gurgites,
710 3758 916 3819 petras,
960 3750 1358 3807 condemnatos
1410 3749 1681 3813 habitare,
1732 3750 1989 3820 spiritum

407 3841 489 3894 vel
518 3841 781 3897 habentes
811 3843 1234 3897 mensuratum?
1270 3851 1329 3897 et
1372 3842 1488 3898 haec
1524 3842 1818 3913 patientes,
1848 3842 1985 3898 heui

407 3932 802 3987 sententiarum
827 3940 1069 3997 tuarum,
1092 3934 1283 4004 judex,
1321 3948 1549 3990 saxeum
1593 3934 1829 4005 rigorem
1859 3934 1986 3988 nul-

407 4025 494 4080 lus
518 4026 732 4081 mollire
766 4035 981 4096 potest;
1010 4026 1261 4095 proximo
1285 4012 1693 4091 reconciliatur,
1716 4035 1770 4079 et
1803 4023 1986 4079 ﬂetum

412 4117 591 4171 fundit
623 4117 817 4173 salutis
854 4118 1184 4173 remedium.
1225 4117 1334 4173 Sed
1369 4118 1455 4173 sol
1487 4118 1706 4188 quidem
1744 4117 1798 4171 in
1836 4126 1989 4171 tene-

413 4211 537 4264 bras
564 4224 866 4266 conversus
913 4220 1017 4277 est,
1060 4220 1116 4266 et
1160 4210 1303 4265 iuliae
1342 4210 1520 4280 fulgor
1552 4211 1765 4265 velatus
1804 4218 1910 4275 est,
1934 4220 1991 4265 et

410 4320 614 4360 novum
668 4312 904 4370 astrum,
946 4304 1075 4361 ﬁdei
1131 4319 1286 4360 novae
1316 4303 1598 4360 insolitum
1655 4302 1988 4373 prodigium,

410 4396 652 4463 effulsit;
702 4412 839 4453 mea:
903 4408 1085 4452 autem
1135 4395 1408 4453 socordiae
1464 4396 1607 4451 ratio
1661 4394 1833 4458 nulla,
1892 4409 1990 4450 ne-

412 4504 518 4559 que
549 4489 857 4560 culparum.
892 4489 1000 4545 Sed
1040 4489 1333 4545 miseratus
1362 4488 1495 4543 mihi
1544 4487 1793 4551 ostende,
1822 4486 1987 4541 misc-

415 4581 593 4638 ricors
647 4582 909 4648 Verbum,
958 4592 1109 4637 tutnn
1165 4582 1487 4637 clementem
1530 4581 1768 4646 oculum,
1825 4580 1986 4634 finem
2026 4616 2069 4671 ο

416 4673 635 4743 impone
663 4675 870 4729 mutuis
898 4674 1137 4729 caedibus
1166 4671 1417 4743 publicis,
1452 4671 1644 4734 ruinis,
1666 4670 1884 4740 pugnis,
1906 4684 1992 4723 se-

415 4766 739 4833 ditionibus,
797 4766 967 4838 fugis,
1009 4765 1506 4838 persecutiouibus,
1538 4763 1834 4826 violentiis,
1863 4777 1995 4831 sup-

420 4861 620 4931 pliciis,
671 4860 919 4931 judiciis.
990 4860 1253 4916 Misertus
1282 4874 1365 4923 es,
1399 4859 1537 4921 scio,
1568 4858 1781 4911 Ninivm
1820 4857 1991 4921 urbis,

418 4965 473 5008 et
511 4953 711 5023 populo
753 4954 1046 5025 pepercisti
1109 4951 1410 5022 peccaturi;
1448 4960 1600 5006 tuutn
1646 4950 1791 5005 cuitu
1833 4951 1991 5014 ovile,

420 5045 653 5115 pretium
695 5045 772 5098 tui
815 5044 1120 5115 sanguinis,
1151 5043 1363 5098 mansio
1387 5052 1471 5096 tua
1503 5050 1559 5096 et
1594 5056 1714 5111 ego,
1747 5041 1994 5108 Christe;

422 5138 539 5191 hanc
580 5146 671 5191 tua
704 5138 901 5191 civitas
944 5138 1170 5201 clamat,
1206 5145 1295 5190 tua
1352 5145 1435 5190 est
1480 5135 1696 5195 civitas,
1746 5150 1813 5187 ne
1851 5134 1996 5187 illam

420 5228 692 5296 despicias
714 5244 949 5283 cernens
976 5227 1244 5281 malorum
1281 5226 1526 5297 abyssos.
1558 5222 1693 5278 Nam
1723 5241 1829 5294 quo
1873 5240 1997 5294 pro-

421 5334 604 5389 gressa
636 5327 763 5373 sunt
791 5318 1127 5374 infortunia?

423 5456 477 5512 6.
511 5454 577 5511 In
611 5468 822 5512 sanctos
851 5460 1099 5529 quinque,
1136 5457 1470 5511 Eustratinm
1493 5467 1540 5509 et
1578 5458 1713 5510 alios
1736 5473 1851 5509 cum
1886 5457 1997 5510 illo.

496 5591 1106 5664 Receperuntquinque
1136 5600 1408 5664 martyres
1464 5606 1700 5647 coronas
1737 5591 2002 5660 quinque.

426 5684 741 5741 Eustratius
777 5697 956 5740 autem
999 5688 1243 5756 quinque
1267 5685 1492 5755 recipit;
1530 5684 1684 5738 solus
1727 5682 2006 5738 Hellenica

430 5781 611 5850 arguit
641 5791 984 5847 commenta;
1032 5781 1337 5851 Eugenium
1368 5789 1593 5834 venatus
1617 5789 1719 5843 est,
1757 5795 1819 5833 os
1866 5777 2009 5831 Mar-

430 5872 569 5927 darii
624 5874 885 5929 instruxit
942 5886 1132 5930 contra
1197 5874 1436 5946 judiccm
1478 5872 1729 5940 valentis;
1774 5872 2009 5928 lirmavit

1688 404 2035 468 CARMINA
2068 401 2328 467 VARIA.

1979 522 2031 581 Α
2054 519 2129 572 Τὸ
2161 514 2480 589 Μαρδαρίου
2511 512 2648 587 πρὸς
2669 513 2933 587 δικαστὴν
2956 512 3122 589 ὀξέως
3141 529 3156 544 .

3532 397 3639 462 910

2060 609 2312 680 Ἐρῤωσε
2346 607 2408 661 τὸ
2435 606 2695 677 φρόνημα
2726 607 2935 677 κάμνον
2976 607 3233 676 Ὀρέστου

2058 700 2206 769 Πρὸς
2239 698 2337 769 τὴν
2372 698 2606 770 ῥέουσαν
2636 698 2733 754 καὶ
2752 698 3010 770 σιδηρέαν
3042 700 3240 768 φλόγα.

2056 791 2171 845 Kal
2195 792 2370 845 ταῦτα
2396 789 2632 861 πράξας,
2661 790 2760 845 καὶ
2786 790 2917 864 παρ’
2949 790 3167 863 ἐχθροῖς
3190 794 3449 865 τυγχάνει

2059 882 2256 948 Διδοῦς
2276 886 2306 937 ό
2332 883 2543 946 κλεινός
2566 899 2580 914 ·
2610 882 2748 938 άλλά
2773 883 2873 953 τῆς
2902 883 3214 954 προθυμίας

2064 976 2303 1031 ’Δκοντα
2333 976 2427 1031 τὸν
2456 975 2721 1048 τύραννον
2747 976 2897 1030 ἕλκει
2921 976 3205 1041 ποικίλως,

2062 1068 2176 1141 Τὴν
2199 1070 2380 1141 ψῆφον
2405 1069 2556 1140 αὐτῷ
2589 1068 2687 1140 τὴν
2706 1068 2971 1124 δοκοῦσαν
3008 1069 3287 1123 θεσπίσαι.

2061 1163 2173 1217 Kal
2199 1167 2337 1234 πρὸς
2365 1163 2427 1218 τὸ
2474 1162 2589 1235 πῦρ
2640 1163 2908 1216 ἔσπευσεν
2940 1162 3018 1226 ώς
3054 1163 3309 1232 πέμπτον
3352 1164 3549 1235 στέφος

2063 1256 2137 1310 Σὺ
2164 1255 2267 1326 μὲν
2304 1256 2477 1324 κάτω,
2509 1256 2767 1328 τύραννε,
2803 1256 2901 1327 τὴν
2935 1256 3211 1327 σιδηρέαν,

2067 1349 2217 1402 Ἀνω
2241 1348 2300 1403 δὲ
2331 1350 2567 1416 Χριστὸς
2593 1350 2831 1421 χρυσέαν
2874 1349 3018 1404 τιθεῖ
3045 1350 3258 1421 κλίνην,

2064 1438 2142 1492 Τὸ
2166 1437 2284 1509 φῶς
2304 1439 2754 1509 ἀπαυγάζουσαν,
2783 1440 2859 1504 ὼς
2887 1438 3030 1511 αὕτη
3055 1440 3253 1510 φλόγα.

2308 1572 2389 1639 ζ’.
2406 1576 2511 1641 Εἰς
2530 1573 2650 1643 τὴν
2681 1574 2802 1628 τῶν
2849 1574 3154 1644 Ῥωμαίων
3178 1574 3410 1645 μάχην.

2082 1707 2354 1780 Δνῆκενὴ
2383 1709 2455 1780 γῆ
2484 1708 2581 1762 τοῦ
2614 1707 2909 1782 δράκοντος
2938 1706 3035 1762 καὶ
3064 1706 3229 1761 πάλιν

2068 1800 2356 1870 Σπαρτοὺς
2375 1800 2639 1869 γίγαντας
2663 1799 2865 1871 ἀνδρας
2894 1798 3332 1872 ἀλληλοφθόρους
3355 1817 3372 1833 ·

1996 1869 2041 1925 Β
2067 1869 2262 1962 Θέαμα
2289 1891 2502 1957 καινὸν,
2526 1869 3028 1963 πρᾶγμαήπίστεως
3057 1869 3229 1959 ξένον.

2072 1983 2392 2056 Πάνχαλκος
2414 1985 2559 2055 ὄψις,
2587 1985 2921 2058 πανσίδηρος
2940 1988 2974 2057 η
3013 1987 3198 2056 φύσις,

2073 2076 2349 2149 Ὅρμημα
2373 2076 2581 2151 θηρῶν,
2613 2077 2833 2150 βλέμμα
2865 2078 3038 2132 δεινὸν
3067 2078 3368 2150 γοργόνων.

2072 2170 2172 2234 Τίς
2195 2168 2240 2223 δ’
2266 2164 2334 2224 αὖ
2365 2169 2575 2234 ἐκεῖνος
2606 2170 2717 2223 τῶν
2752 2169 3028 2239 γιγάντων
3050 2170 3339 2242 ἑνστάτης,

2085 2260 2146 2313 '0
2172 2258 2346 2323 δεινὸς
2376 2255 2532 2324 οὗτος
2556 2262 2723 2316 πᾶσιν
2752 2261 3046 2331 ἐμπίπτων
3075 2262 3238 2333 μόνος

2091 2350 2179 2414 Ὠς
2202 2350 2547 2423 ἀλλόμορφος
2578 2353 2673 2407 καὶ
2703 2353 3245 2423 παρεξηλλαγμένος,

2077 2444 2331 2516 Χρυσοῦς
2358 2446 2419 2498 τὸ
2451 2443 2649 2509 κάλλος
2676 2446 2770 2499 καὶ
2801 2445 3052 2516 σιδηροῦς
3081 2445 3181 2517 τὴν
3212 2445 3409 2517 φύσιν;

2080 2535 2439 2606 Κινούμενος,
2471 2536 2604 2608 πῦρ,
2628 2535 3054 2607 ἐκκαλούμενος,
3092 2536 3253 2605 λέων,

2093 2626 2323 2694 Ἑστὼς,
2356 2627 2572 2698 ἀδάμας
2594 2644 2608 2659 ο
2643 2628 2831 2699 ἄργος,
2863 2628 2921 2681 έν
2941 2627 3129 2700 κύκλῳ
3149 2628 3387 2701 βλέπων,

2084 2719 2310 2775 Βλέπων
2336 2723 2621 2792 κεραυνὸς,
2651 2717 2793 2793 αἷμα
2813 2722 2908 2776 καὶ
2934 2723 3095 2792 φόνον
3115 2723 3299 2778 πνέων
3321 2741 3337 2755 ⁸

2084 2812 2201 2867 Οὐκ
2222 2811 2439 2883 ἀδάμας
2471 2830 2577 2879 τις,
2608 2814 2668 2866 ού
2703 2814 2944 2884 σίδηρος,
2967 2815 3030 2868 οὐ
3070 2814 3241 2883 λίθος,

2085 2902 2229 2957 Ἀλλ’
2259 2904 2379 2958 οὐδὲ
2408 2902 2665 2976 χρυσοῦς,
2696 2904 2817 2958 οὐδὲ
2843 2908 2908 2975 τῇ
2944 2904 3105 2977 φύσει
3131 2905 3318 2975 γίγας,

2085 2992 2284 3063 nmen
2310 2994 2468 3065 τριὰς
2491 2994 2758 3065 κραθεῖσα
2781 2993 2888 3047 τῶν
2911 2996 3220 3066 ἔρασμίων,

2086 3084 2382 3155 Εὐανδρία,
2411 3085 2695 3157 φρόνησις,
2732 3085 2872 3158 ἀλκὴ
2907 3087 3045 3160 πρὸς
3069 3088 3285 3155 πόνους,

2090 3175 2318 3240 Ἔνυλος
2343 3175 2534 3248 ῶσπερ
2562 3176 2946 3248 συμπλακεϊσα
2980 3179 3117 3250 πρὸς
3143 3180 3329 3251 μάχην

2009 3231 2054 3290 c
2088 3267 2204 3337 Τῆς
2230 3231 2433 3341 ἀρετῆς
2458 3231 2698 3324 δέίκνύσι
2722 3269 2819 3342 τὴν
2853 3272 3005 3341 ίσχὺν
3026 3231 3219 3343 ⁸πόση-⁸

2088 3360 2216 3426 Πῶς
2244 3361 2339 3416 καὶ
2359 3361 2632 3431 γιγάντων
2661 3364 2758 3417 καὶ
2782 3363 3016 3418 τιτάνων
3042 3366 3100 3419 έν
3132 3366 3335 3437 μάχαις

2087 3562 2427 3620 deiicientem
2452 3563 2633 3620 Oresti
2657 3565 2903 3619 animum
2953 3575 3144 3622 contra
3176 3568 3568 3625 circumfusam
3618 3577 3676 3627 et

2087 3653 2323 3709 ferream
2378 3654 2680 3709 ﬂammam.
2721 3654 2787 3710 Et
2837 3656 2954 3711 haec
3001 3672 3127 3713 cum
3157 3658 3360 3730 egisset
3389 3661 3473 3716 vel
3527 3663 3673 3733 apud

2088 3746 2347 3803 inimicos
2371 3747 2646 3803 invenitur
2672 3747 2883 3802 honore
2915 3747 3183 3817 famosus,
3224 3752 3318 3807 sed
3366 3769 3462 3823 per
3516 3754 3673 3811 forti-

2089 3840 2336 3895 tudinem
2362 3841 2593 3896 invitum
2631 3851 2925 3915 tyrannum
2977 3842 3193 3899 diverso
3233 3846 3397 3902 modo
3437 3847 3678 3915 adducit

2096 3933 2162 3987 ad
2199 3934 2530 3989 sententiam
2563 3933 3027 4001 pronuntiandam
3061 3937 3223 4007 quale
3275 3938 3391 4009 ipse
3424 3942 3675 4009 volebat;

2096 4033 2151 4078 et
2206 4025 2273 4078 ad
2338 4025 2515 4095 ignem
2576 4027 2778 4081 volavit
2834 4037 2892 4081 ut
2934 4029 3001 4082 ad
3073 4029 3321 4098 quintam
3389 4048 3678 4089 coronam.

2096 4117 2181 4172 Tu
2223 4119 2443 4188 quidem
2492 4120 2777 4184 deorsum,
2826 4131 3078 4191 tyranne,
3131 4122 3386 4187 ferream,
3454 4141 3676 4181 sursum

2099 4221 2285 4265 autem
2317 4212 2576 4267 Christus
2605 4230 2826 4267 auream
2852 4216 2946 4268 dat
2969 4214 3241 4281 lecticam,
3280 4214 3400 4271 luce
3432 4219 3671 4288 resplen-

2096 4302 2337 4373 dentetn,
2378 4317 2438 4361 ut
2476 4306 2582 4361 ista
2614 4305 2856 4362 ﬂamma.

2455 4439 2506 4495 7.
2541 4440 2606 4495 In
2632 4439 2996 4494 Romanorum
3041 4457 3291 4512 pugnant.

2173 4577 2438 4634 Produxit
2464 4587 2607 4632 terra
2643 4592 2673 4631 e
2706 4576 2945 4632 dracone
2998 4577 3191 4631 iterum
3251 4578 3551 4632 seminatos
3595 4578 3679 4649 gi-

2100 4678 2295 4741 gantes
2350 4670 2604 4725 homines
2664 4680 2853 4723 mutue
2904 4669 3247 4734 homicidas;
3301 4670 3678 4739 spectaculum

2108 4780 2335 4829 novum,
2372 4780 2461 4818 res
2490 4780 2517 4817 a
2556 4764 2658 4817 lide
2710 4764 2927 4829 aliena;
2960 4779 3102 4817 terra
3141 4763 3329 4830 facies,
3358 4764 3531 4817 ferrea
3585 4781 3681 4818 na-

2103 4867 2246 4919 tura,
2286 4856 2524 4909 fcrarunt
2576 4856 2835 4925 impetus,
2866 4864 3195 4925 conspectus
3226 4854 3486 4909 terribilis
3543 4852 3681 4907 Gor-

2098 4950 2469 5019 gonum;quis
2487 4958 2667 5002 autem
2700 4950 2802 5004 istc
2835 4947 3501 5020 gigantumadversarius,
3534 4946 3684 5002 ferus

2100 5042 2203 5095 istc
2258 5041 2337 5093 vir
2376 5041 2525 5094 solus
2564 5041 2616 5093 in
2670 5056 2861 5094 omnes
2917 5040 3153 5103 irruens,
3199 5048 3458 5109 tanquam
3509 5038 3683 5095 forma

2106 5131 2418 5198 dissimilis,
2452 5146 2654 5185 aureus
2679 5130 3107 5199 pulchritudine,
3141 5139 3195 5184 et
3214 5127 3430 5184 ferreus
3452 5130 3687 5185 natura?

2104 5224 2246 5278 Motu
2267 5224 2428 5293 ignis,
2450 5226 2671 5277 nomine
2694 5223 2801 5288 leo,
2820 5223 3075 5278 firmitate
3092 5224 3341 5289 adamas,
3366 5224 3547 5283 albus,
3567 5222 3681 5276 cir-

2104 5316 2477 5380 cumintuens,
2514 5315 2778 5370 fulmineo
2807 5326 3054 5385 aspectu,
3094 5315 3418 5386 sanguinem
3459 5323 3514 5367 et
3538 5329 3687 5368 mor-

2107 5420 2214 5464 tem
2247 5409 2501 5480 spirans?
2547 5406 2662 5462 Non
2698 5408 2949 5473 adamas,
2977 5423 3086 5463 non
3123 5408 3350 5471 ferrum,
3380 5421 3486 5459 non
3521 5405 3683 5476 lapis,

2106 5514 2159 5558 et
2189 5518 2366 5573 neque
2413 5518 2635 5566 aureus,
2674 5518 2849 5571 neque
2896 5514 3091 5557 natura
3144 5501 3329 5573 gigas;
3400 5499 3495 5554 sed
3551 5500 3687 5554 trias

2107 5599 2450 5668 egregiorum
2488 5612 2670 5651 rerum
2698 5596 3014 5659 commista,
3048 5595 3335 5659 fortitudo,
3371 5578 3686 5663 prudentia,
3762 5588 3765 5589 ⁷

2111 5691 2165 5746 in
2195 5690 2471 5744 laboribus
2500 5690 2833 5752 constantia,
2857 5699 3115 5758 tanquam
3161 5687 3463 5743 matcrialis
3506 5695 3691 5742 osten-

2112 5782 2191 5836 dit
2223 5781 2440 5834 virtutis
2470 5794 2582 5836 suae
2616 5780 2801 5833 robur:
2822 5784 3087 5849 quantum
3123 5779 3193 5834 sit
3230 5778 3298 5833 ad
3332 5792 3568 5849 pugnam
3595 5792 3698 5845 ap—

2117 5883 2255 5927 tum.
2302 5871 2457 5927 Utin
2522 5872 2725 5943 prmliis
2781 5873 3063 5944 gigantum
3120 5881 3173 5928 et
3231 5870 3514 5931 Titanum.
3585 5879 3696 5924 stat
