4044 6602
405 384 503 447 ενοι
1677 382 1997 446 ΙΟΑΝΝΙς

2059 382 2239 445 iEOM
2250 383 2464 444 ETRzE
3551 384 3608 447 93
3622 384 3656 448 Ξ

398 499 610 572 Κρατεῖ
639 498 760 552 καθ’
789 497 967 552 αὐτῶν
996 496 1097 551 καὶ
1126 499 1283 568 χορδς
1313 496 1423 551 τῶν
1447 497 1717 571 ἀστέρων.
2010 506 2055 565 Α
2090 498 2158 550 Ἦ
2194 499 2287 552 καὶ
2314 498 2561 570 τραπῶσι
2585 496 2719 571 πρὸς
2744 497 2926 564 λίθους
2947 500 2995 553 οἱ
3024 498 3262 552 ναυτίλοι
3287 513 3302 529 ο

399 592 587 646 Ταῦτα
613 591 827 662 βλέπων
850 589 1070 660 καθῆκε
1097 588 1293 653 κάλλος
1332 588 1552 660 ὑψόθεν,
2086 593 2153 645 Ἦ
2182 592 2360 645 πάντα
2393 590 2618 663 μᾶλλον,
2644 593 2695 645 ει
2718 591 2786 645 τὰ
2825 593 3097 663 Σειρήνων
3120 591 3316 656 θέλοις.

397 686 509 748 Τὰς
542 682 743 755 ἀρετὰς
773 681 1036 736 κάλλιστα
1062 683 1183 746 ταῖς
1213 681 1391 746 νίκαις
1425 684 1656 753 στέφων.
2088 686 2292 753 Ἀμφω
2321 683 2430 754 γὰρ
2454 684 2619 749 αὐτὸς
2639 686 2734 739 καὶ
2772 684 2952 747 λίθους
2980 683 3335 754 κινουμένους

2095 772 2185 835 Ὠς
2209 772 2481 843 ὲμπνόους
2508 773 2768 841 δείκνυσι,
2795 774 2890 827 καὶ
2926 773 3053 836 τοὺς
3082 772 3353 842 έμπνόους

813 796 881 871 η’.
917 798 1024 864 Εἷς
1053 814 1198 852 τινα
1230 798 1555 868 μουσικόν.

2076 863 2190 930 ὒῦς
2214 866 2281 919 ἂν
2310 865 2565 937 θελήσῃς,
2588 864 2728 937 πρὸς
2758 864 2937 929 λίθους
2964 880 3144 936 πηγνυ
3154 863 3348 934 μένους
3382 861 3443 919 ⁸⁸.

408 913 639 984 Ὀρφεύς
666 931 747 975 τις
774 913 807 983 ἢ
839 911 1091 983 Θάμυρις
1126 911 1158 982 ἢ
1200 912 1293 964 καὶ
1316 911 1559 981 Κινύρας

400 978 659 1075 Ἤθελγον
685 978 851 1075 ᾠδαίς
873 978 1087 1072 δένδρα,
1118 978 1292 1071 θῆρας
1326 1002 1421 1053 καὶ
1454 978 1635 1062 λίθους
1659 1014 1673 1029 ·
2835 978 2880 1033 θ’

396 1101 517 1152 Τῶν
545 1098 653 1151 σῶν
687 1098 742 1150 δὲ
769 1096 1018 1164 τερπνῶν
1050 1092 1306 1164 ἐμμελῶν
1331 1092 1685 1161 λιγυσμάτων
2080 1096 2151 1150 Τί
2176 1095 2335 1150 τοῦτο
2360 1094 2559 1159 κάλλος
2585 1110 2601 1160 ς
2629 1092 2715 1158 τίς
2741 1094 2904 1147 πάλιν
2930 1095 3092 1166 καινὴ
3121 1094 3335 1158 κτίσιςς

398 1191 693 1243 ’Λθελκτον
725 1186 1066 1248 ossam-sm
1101 1187 1196 1237 καὶ
1227 1183 1558 1246 θαλασσίους
2083 1192 2153 1244 Ἢ
2181 1190 2264 1253 τίς
2290 1189 2489 1260 μετῆξε
2516 1189 2615 1260 τῆς
2638 1188 2800 1258 Ἐδὲμ
2824 1187 2886 1241 τὸ
2910 1189 3144 1261 χωρίον;

397 1286 630 1353 Πέτρας,
662 1281 804 1333 δοκῶ
834 1292 947 1349 μοι,
981 1276 1077 1329 καὶ
1107 1274 1384 1329 θάλασσαν
1419 1274 1621 1344 ἀγρίαν
2076 1282 2196 1336 οὐκ
2219 1281 2412 1353 ἀρεταὶ
2438 1284 2561 1353 γῆς,
2592 1279 2729 1336 ἀλλὰ
2753 1280 2970 1334 πάντων
3003 1280 3339 1350 κτισμάτων,

394 1376 572 1445 Αὐτὴν
603 1370 993 1432 κατευνάζουσι
1018 1369 1112 1423 καὶ
1141 1368 1321 1421 πνοῶν
1357 1366 1500 1437 βίας.
2079 1373 2348 1443 Συνῆλθον
2372 1365 2496 1426 ὧδε,
2520 1372 2824 1442 Μέμφομαι
2854 1373 2948 1425 καλ⁵
2981 1375 3047 1443 τῇ
3080 1371 3260 1441 φύσει.

405 1464 566 1532 Ὁρᾷς
589 1462 697 1531 γὰρ
727 1460 802 1522 ὼς
830 1459 1065 1526 ἤκουσεν
1092 1457 1257 1521 εὖοὺς
1276 1456 1371 1510 ἰτοὖ
1404 1455 1622 1527 μέλους.
2079 1462 2146 1515 Τί
2172 1480 2262 1533 μοι
2286 1460 2395 1532 γὰρ
2422 1461 2751 1532 ἀρκέσουσιν
2774 1460 3043 1531 ὀφθαλμοὶ
3074 1460 3187 1527 δύο,

394 1555 435 1605 ll
447 1551 564 1604 adst
597 1551 697 1621 μὲν
722 1550 887 1620 αἰθὴρ
916 1550 1229 1620 συστροφὰς
1251 1548 1594 1627 ἀντιπνόους,
1659 1606 1679 1627 ο
2079 1552 2265 1623 Κάλλη
2296 1551 2531 1606 τοσαῦτα
2553 1551 2830 1622 πανταχοῦ
2856 1550 3243 1622 περιϐλέπεινς

400 1645 623 1714 Ῥήσσει
652 1641 710 1695 δὲ
737 1642 950 1705 πυκνὰς
977 1641 1086 1694 τῶν
1112 1641 1291 1709 νεφῶν
1324 1625 1690 1702 ἀντιστάσας.
2078 1644 2144 1697 Τί
2176 1661 2266 1715 μοι
2290 1644 2346 1697 δὲ
2378 1644 2472 1697 καὶ
2502 1642 2647 1708 νοῦς,
2670 1644 2765 1696 καὶ
2791 1642 3030 1711 γλῶττα,
3055 1643 3150 1696 καὶ
3174 1642 3326 1715 φωνὴ
3353 1643 3455 1713 μία

394 1735 536 1805 Ὅρα
558 1733 637 1796 δὲ,
671 1732 896 1802 φαιδρὸν
924 1731 1202 1802 προσγελᾷ
1231 1730 1331 1802 τὴν
1356 1730 1573 1802 αἰθρίαν
1592 1747 1606 1762 ·
2080 1735 2270 1807 Πλήθη
2297 1733 2535 1789 τοσαῦτα
2558 1733 2854 1805 θαυμάτων
2879 1736 3040 1799 νοεῖν,
3077 1735 3256 1804 λέγειν
3277 1752 3293 1801 ;

395 1827 561 1880 Κὰτω
586 1825 762 1879 δὲκαὶ
792 1823 1036 1879 θάλασσα
1064 1823 1474 1894 κυματουμένη,
1527 1811 1532 1820 ’
2008 1816 2283 1912 ΒΧρόνος
2311 1826 2367 1880 δὲ
2397 1828 2547 1890 ποῖος
2580 1827 2797 1899 ἡμέρας
2833 1826 3179 1899 περιτρέχειν

390 1915 769 1982 Ἱσῗξυπτιοῦται
801 1916 897 1968 νῦν
928 1915 1403 1986 κατεστορεσμένη
1424 1932 1440 1947 ο
2080 1922 2227 1972 ’Λνω
2260 1920 2411 1972 κάτω
2442 1920 2513 1971 τὰ
2540 1918 2721 1972 πάντα
2743 1918 2839 1971 καὶ
2872 1918 3274 1990 περιγράφειη

388 2009 501 2079 Τὴν
535 2006 692 2078 ’ὕϐριν
720 2005 1036 2072 ἐξέπτυσεν,
1063 2005 1137 2069 ὡς
1164 2007 1358 2076 φονεὺς
1393 2006 1545 2076 ξίφος
2077 2010 2243 2064 Κάτω
2272 2010 2371 2081 μὲν
2399 2012 2432 2081 ἡ
2463 2010 2538 2080 γῆ
2565 2009 2851 2079 νυμφικῶς
2885 2010 3211 2082 έσταλμένη,

391 2099 655 2170 Ἒρριψεν
680 2098 767 2161 εἰς
801 2098 925 2167 γῆν,
953 2099 1062 2151 πᾶν
1093 2098 1406 2163 κατηύνασε
1440 2097 1639 2168 θράσος
1665 2118 1680 2134 ο
2076 2105 2185 2157 Καὶ
2223 2103 2420 2175 μικρὸν
2448 2104 2513 2157 ἐκ
2537 2103 2639 2173 γῆς
2659 2102 2847 2173 ὥσπερ
2872 2101 3006 2173 ὕψος
3031 2104 3269 2175 ἠρμένη,

386 2192 669 2244 dsistam;
696 2190 966 2260 χαίρουσα
992 2190 1126 2258 πρὸς
1148 2189 1209 2241 τὸ
1245 2188 1335 2241 σδν
1371 2188 1552 2257 μέλος.
2075 2197 2297 2267 Πρόεισι
2329 2194 2529 2267 φαιδρὰ
2552 2196 2720 2248 πᾶσιν
2753 2195 3140 2265 ἐξεσταλμένη,

386 2286 528 2356 1“ελᾷ
550 2283 792 2354 γαλήνην
818 2298 833 2312 ⁸
862 2283 1028 2347 λεῖον,
1052 2282 1155 2353 ἡδὺ
1185 2281 1543 2351 προσϐλέπει.
2072 2288 2335 2357 Δάφναις,
2364 2287 2569 2356 φυτοῖς,
2597 2284 2810 2348 θαλλοῖς
2830 2302 2912 2349 τε,
2939 2286 3185 2353 θάμνοις,
3218 2284 3511 2354 ἀμπέλοις,

384 2376 717 2446 Σκαίρουσιν
753 2371 905 2444 ἰχθῦς
926 2388 940 2402 ⁸
974 2373 1269 2444 προσλαλεῖ
1294 2391 1375 2427 σοι
1408 2373 1485 2444 τῷ
1515 2373 1666 2445 μέλει
2073 2382 2315 2445 Κιττοτς,
2344 2378 2667 2450 κορύμϐοις,
2697 2380 2938 2448 δένδρεσι
2972 2378 3372 2449 καρποτρόφοις
3397 2392 3412 2407 ⁸

383 2465 617 2535 otiosa;
650 2466 984 2534 ἀντίμολπον
1013 2464 1229 2518 ἀλκυὼν
1263 2465 1423 2535 μέλος
1442 2482 1456 2496 ο
2072 2474 2277 2545 Πηγαὶ,
2310 2473 2477 2537 σκιαὶ,
2501 2472 2751 2538 δόνακες,
2782 2473 2942 2541 ἄλση,
2968 2470 3203 2533 λιϐάδες,

381 2554 582 2625 Δελφίς
612 2554 892 2625 παραπλεῖ
914 2555 1011 2607 καὶ
1047 2554 1305 2622 περιπλεί
1332 2555 1430 2626 τὴν
1458 2554 1648 2625 λύραν.
2071 2567 2229 2629 Πόαι,
2256 2564 2443 2636 νομαὶ,
2470 2563 2778 2636 φάραγγες,
2811 2563 3001 2636 ἄκραι,
3034 2561 3302 2623 κοιλάδες,

386 2648 599 2717 Σκάρος
624 2645 680 2699 δὲ
709 2647 898 2712 φωνεῖν
933 2645 1229 2716 προτρέχει
1250 2645 1308 2699 δὲ
1340 2645 1611 2708 ναυτίλος
2070 2657 2362 2729 Δρυμῶνες
2400 2656 2435 2727 ἢ
2464 2655 2751 2728 λειμῶνες,
2783 2656 2955 2728 ἄντρα
2986 2656 3077 2708 καὶ
3102 2654 3295 2716 νάπαι,

386 2736 665 2808 Προσπλεῖ
696 2736 752 2790 δὲ
780 2738 977 2807 μικρὸν
1008 2737 1102 2791 καὶΙ
1137 2736 1456 2808 προπέμπει
1483 2738 1773 2809 πομπίλος.
2074 2749 2243 2819 Ἀνθη
2272 2749 2343 2803 τὰ
2370 2748 2570 2815 πάντα,
2594 2748 2773 2804 πάντα
2797 2748 2992 2818 κάλλη,
3015 2748 3125 2800 πᾶν
3150 2744 3345 2818 μῦρον,

411 2828 535 2881 axx
564 2828 836 2882 ὲνδέδοικα
865 2829 941 2898 μὴ
972 2827 1233 2899 χορεῦσαι
1257 2829 1394 2898 πρὸς
1421 2828 1604 2899 μέλος,
2068 2840 2186 2892 Πᾶν
2213 2839 2434 2910 χρῶμα,
2468 2837 2688 2908 βύσσος,
2720 2837 3001 2909 πορφύρα,
3036 2836 3257 2908 χρυσὸς,
3283 2836 3446 2905 γάλα..

382 2922 492 2976 Καὶ
520 2921 619 2993 τὴν
648 2921 919 2992 φέρουσαν
952 2921 1125 2975 πάντα
1166 2921 1356 2986 θέλξας
1387 2922 1608 2987 ὁλκάδα,
2082 2930 2384 2995 Ῥοδωνιαὶ,
2415 2932 2702 3002 κρινῶνες,
2732 2930 2985 3001 ὁδμητῶν
3010 2929 3128 2992 των,

386 3017 534 3067 "Am
557 3014 707 3068 κάτω
730 3016 797 3068 τὰ
825 3016 1004 3069 πάντα
1029 3014 1340 3087 συστρέψῃς
1371 3014 1484 3087 βίᾳ,
2068 3022 2435 3095 Χρυσὰνθεον,
2468 3023 2763 3094 νάρκισσος
2792 3023 2921 3093 ἡδὺς
2958 3021 3051 3076 καὶ
3079 3021 3299 3092 κρόκος,

385 3108 455 3160 Ἦ
478 3110 573 3162 καὶ
606 3108 742 3179 πρὸς
766 3108 938 3179 αὐτὴν
960 3107 1153 3179 θῆρας,
1181 3107 1381 3178 ὄρνεις,
1420 3108 1612 3180 ἰχθύας
2080 3115 2139 3169 '0
2173 3114 2525 3186 πορφυρίζων
2555 3114 2807 3177 ὑάκινθος
2838 3113 3023 3184 ⁴ἡδίων,

383 3199 567 3271 Πηδᾷν
597 3199 757 3271 stam
792 3200 887 3255 καὶ
913 3201 1279 3272 κατασπάσῃς
1304 3202 1481 3257 κάτω.
1992 3224 2037 3284 c
2079 3205 2140 3259 '0
2164 3203 2223 3260 δὲ
2250 3204 2520 3275 φλογίζων
2549 3204 2989 3278 ἐκπρεπέστερος
3016 3203 3197 3259 πλέον.

380 3385 571 3432 contra
605 3377 726 3431 illos
755 3376 1040 3432 stellarum
1073 3376 1365 3431 multitudo
1395 3394 1408 3431 :
1442 3376 1559 3431 hzec
1587 3377 1807 3433 intuens
1836 3379 1962 3449 pul-
2068 3379 2170 3441 tili,
2195 3378 2468 3433 autetiam
2490 3376 2686 3448 magis,
2711 3377 2757 3433 si
2780 3376 3002 3434 Sirenes
3023 3376 3225 3433 imitari
3240 3376 3393 3432 velis.
3412 3376 3640 3433 Utrum-

379 3471 744 3525 rhritudiuem
791 3486 821 3525 e
852 3470 1108 3539 supernis
1137 3470 1444 3535 arcessivit,
1474 3472 1707 3526 virtutes
1758 3472 1963 3541 nptime
2062 3488 2169 3541 que
2201 3471 2345 3525 enim
2377 3474 2493 3541 ipse
2529 3481 2585 3526 et
2616 3471 2816 3540 agitata
2846 3485 2977 3525 saxa
3010 3471 3169 3540 quasi
3220 3471 3518 3526 animantia
3546 3486 3637 3527 os-

377 3562 623 3617 victoriis
640 3577 939 3617 coronans.
2064 3556 2260 3623 to-ndis,
2297 3558 2690 3622 etanimantia,
2718 3574 2841 3629 quae
2870 3559 3133 3626 volueris,
3164 3559 3314 3616 saxis
3336 3561 3633 3617 adhaerere.

773 3674 831 3730 8.
865 3674 928 3729 In
955 3676 1218 3729 musicum
1246 3677 1548 3745 quemdam.
1904 3699 1915 3707 -
2823 3672 2877 3728 9.

447 3786 700 3856 Orpheus
732 3786 954 3856 quidam
985 3786 1069 3840 vel
1088 3785 1377 3857 Thamyris
1398 3786 1479 3840 vel
1509 3786 1742 3857 Cinyras
1766 3786 1956 3841 incan-
2126 3783 2262 3850 Quis
2282 3793 2365 3838 est
2390 3783 2491 3838 iste
2508 3783 2719 3839 decor?
2746 3799 2869 3854 qtue
2884 3799 3023 3838 nova
3050 3784 3248 3839 iterum
3267 3785 3473 3839 creatio
3493 3784 3517 3838 ἲ
3541 3793 3635 3839 aut

375 3880 563 3932 labant
585 3878 830 3945 arbores,
861 3878 1004 3933 feras
1028 3886 1081 3932 et
1108 3893 1241 3932 saxa
1291 3878 1563 3933 cantibus.
1598 3876 1729 3932 Tuis
1770 3888 1953 3933 autem
2055 3876 2179 3945 quis
2210 3876 2317 3931 huc
2372 3876 2658 3931 transtulit
2705 3876 2905 3930 Edenis
2935 3874 3159 3930 sedem?
3188 3876 3305 3931 Non
3341 3886 3499 3931 terra:
3522 3876 3631 3930 viro

376 3971 638 4024 suavibus
678 3968 931 4023 melodiis
968 3968 1104 4023 nihil
1133 3969 1277 4039 quod
1324 3984 1428 4023 non
1463 3970 1799 4023 incantatum
1845 3970 1952 4034 sit;
2057 3978 2219 4033 tutes,
2256 3968 2349 4023 sed
2381 3969 2627 4023 omnium
2656 3980 3031 4022 creaturarum
3067 3968 3173 4022 huc
3220 3978 3629 4035 convenerunt;

374 4060 465 4114 sed
496 4068 551 4113 et
586 4061 795 4113 marina
815 4074 969 4123 saxa,
998 4069 1056 4113 ut
1091 4059 1223 4113 mihi
1260 4058 1494 4124 videtur,
1533 4067 1587 4113 et
1618 4074 1822 4114 saevum
1869 4059 1955 4129 ip-
2055 4067 2111 4113 et
2142 4067 2391 4112 naturam
2423 4058 2639 4113 incuso.
2671 4056 2961 4124 Quomodo
2986 4059 3130 4111 enim
3194 4058 3327 4113 mihi
3366 4058 3632 4114 sullicicnt

370 4167 496 4207 sum
530 4166 679 4206 mare
716 4160 771 4206 ct
802 4160 1094 4206 ventorum
1122 4152 1235 4205 vim
1263 4150 1480 4207 sedant.
1517 4150 1677 4206 Vides
1701 4152 1847 4206 enim
1897 4162 1956 4207 ut
2056 4148 2200 4203 oculi
2226 4149 2357 4213 duo,
2392 4149 2458 4203 ad
2486 4147 3042 4217 circumspiciendum
3069 4150 3271 4217 ubique
3301 4157 3480 4203 tantas
3512 4150 3630 4219 pul-

374 4241 556 4295 statim
595 4242 902 4295 audiverim
931 4242 1247 4297 melodiam.
1283 4241 1439 4296 Sistit
1470 4242 1643 4297 :ether
1667 4252 1951 4297 ventorum
2047 4240 2434 4296 chritudines?
2460 4239 2735 4311 quomodo
2763 4240 3105 4305 mihismens,
3146 4241 3350 4311 lingua,
3377 4255 3481 4294 vox
3502 4256 3629 4305 una,

372 4334 680 4387 eontra-ias
713 4335 970 4403 impetus,
1012 4333 1581 4404 eomprimitnuhium
1604 4348 1803 4403 opacas
1832 4350 1951 4388 mo-
2045 4333 2418 4403 prodigiorum
2472 4343 2679 4387 tantam
2733 4333 3137 4388 multitudinem
3182 4334 3248 4388 ad
3281 4335 3625 4405 cogitandum

374 4426 483 4492 les;
513 4427 725 4481 videtur
754 4427 868 4491 lux,
888 4426 1090 4481 arridet
1148 4427 1419 4483 serenitas
1456 4443 1469 4481 :
1504 4427 1762 4481 deorsum
1806 4439 1946 4494 quo-
1982 4483 2020 4494 ﬁ
2056 4425 2137 4477 vel
2187 4422 2476 4477 dicendum
2501 4424 2525 4476 ?
2553 4422 2693 4489 Quid
2717 4432 2803 4478 est
2830 4423 2935 4478 diei
2967 4432 3179 4492 tempus
3209 4425 3274 4478 ad
3304 4439 3623 4494 percurren-

371 4532 477 4586 que
510 4531 660 4571 mare
704 4531 966 4585 Spumans
1000 4532 1144 4589 nunc
1185 4518 1367 4572 sndata
1426 4514 1760 4576 inclinatur;
1808 4511 1948 4581 inju-
1982 4483 2026 4538 θ
2057 4516 2185 4569 dum
2212 4515 2395 4568 omnia
2421 4525 2473 4569 et
2496 4517 2561 4569 ad
2586 4516 3038 4581 describendum?
3065 4515 3209 4570 Infra
3228 4516 3372 4570 enim
3399 4516 3627 4571 tellusnt

371 4611 510 4661 riam
546 4608 812 4673 οκιιυεεὶι,
839 4623 1004 4677 quant
1035 4617 1095 4661 ut
1148 4606 1483 4660 homicidum
1529 4619 1715 4658 ensem
1750 4602 1802 4655 in
1846 4609 1954 4654 ter-
2055 4620 2257 4676 sponsa
2304 4615 2517 4672 ornata,
2547 4616 2601 4661 et
2654 4606 2935 4678 paululum
2985 4623 3015 4661 a
3074 4615 3219 4661 terra
3270 4607 3421 4662 velut
3467 4607 3625 4662 collis

369 4698 489 4753 ram
515 4700 781 4763 mittebat,
814 4715 1032 4754 omnem
1066 4699 1349 4752 audaciam
1386 4695 1664 4766 placavit;
1707 4702 1950 4762 apertum
2053 4697 2319 4762 elevatus,
2401 4698 2582 4767 prodit
2660 4699 2947 4769 splendide
3028 4697 3286 4753 omnibus
3364 4699 3622 4753 adornata

373 4802 457 4847 est
486 4793 730 4862 gaudens
763 4793 830 4846 ad
860 4802 1009 4846 tuam
1060 4790 1350 4846 melodiam
1388 4804 1403 4842 :
1441 4787 1735 4843 serenitate
1790 4785 1948 4849 ridet,
2051 4788 2243 4853 lauris,
2297 4788 2517 4860 plantis,
2577 4790 2769 4855 ramis.
2818 4790 3082 4855 arbustis,
3124 4790 3320 4853 vineis,
3385 4788 3621 4854 hederis,

270 4920 285 4925 -
368 4882 664 4953 tranquillo
713 4892 768 4936 et
812 4883 1058 4953 jucundo
1110 4890 1356 4950 aspectu.
1386 4876 1575 4933 Pisces
1633 4875 1945 4940 exsultant;
2049 4882 2343 4953 corymbis,
2389 4882 2679 4939 arboribus
2731 4881 3067 4953 frugiferis;
3124 4882 3328 4945 fomes,
3390 4881 3619 4942 umbm,

366 4974 661 5044 respondet
714 4982 818 5027 tute
868 4971 1118 5027 melodia:
1175 4979 1434 5025 cantuum
1478 4970 1690 5024 amicus
1764 4967 1951 5037 alcyon
2053 4976 2273 5042 calami,
2334 4976 2463 5042 luci,
2507 4991 2775 5046 aquarum
2828 4975 3034 5046 jactus,
3091 4974 3361 5044 gramina,
3398 4990 3623 5042 pascua.

368 5069 578 5122 alterna
602 5067 869 5134 melodia;
901 5065 1196 5136 delphinus
1234 5064 1390 5134 juxta
1422 5063 1590 5133 lyram
1636 5072 1690 5115 et
1741 5061 1948 5115 circum
2050 5069 2311 5140 gurgites,
2347 5068 2533 5136 colles,
2583 5069 2773 5135 valles,
2821 5069 2989 5139 sylva:
3019 5078 3113 5121 aut
3146 5077 3328 5137 prata,
3361 5078 3519 5120 antra
3572 5075 3625 5119 ct

366 5163 536 5234 lyram
608 5171 788 5223 natat;
826 5174 1018 5215 scarus
1079 5166 1259 5212 autem
1314 5156 1481 5219 canit,
1532 5154 1768 5208 nautilus
1818 5167 1947 5207 vero
2051 5176 2296 5227 nemora,
2348 5160 2618 5231 ﬂoresque
2662 5175 2878 5224 omnes,
2921 5175 3113 5214 omnes
3168 5157 3619 5228 pulchritudines,

365 5253 689 5324 pl'ﬂ‘CUI'l‘il;
757 5252 1029 5321 pompilus
1080 5248 1304 5302 adnatat
1362 5246 1526 5316 paulo
1564 5254 1618 5300 et
1666 5245 1939 5315 praecedit.
2043 5268 2236 5310 omnes
2270 5255 2489 5317 odores,
2518 5252 2956 5319 omnescolores,
2992 5251 3270 5323 byssinus,
3290 5265 3619 5321 purpureus,

367 5347 471 5402 Sed
508 5347 676 5400 timeo
709 5360 775 5397 ne
798 5344 864 5397 ad
894 5341 1204 5397 saltandum
1272 5353 1398 5394 cum
1459 5338 1693 5393 melodia
1750 5352 1940 5409 geren-

2047 5363 2273 5415 aureué,
2303 5347 2550 5412 lacteus;
2593 5347 2827 5411 rosaria,
2865 5346 2976 5400 lilia
3008 5345 3370 5399 odorantibus
3398 5342 3618 5413 iaculis,

362 5447 471 5493 tem
517 5437 699 5491 omnia
737 5449 928 5489 navem
982 5433 1288 5497 incantans,
1352 5431 1622 5501 susdeque
1652 5431 1836 5486 omnia
1887 5433 1936 5486 vi

2047 5439 2493 5507 chrysantheum,
2530 5439 2809 5494 narcissus
2841 5438 3123 5509 jucundus
3168 5447 3223 5492 et
3243 5451 3463 5506 crocus,
3483 5437 3616 5507 hya-

360 5531 669 5601 perturbes.
706 5527 889 5581 amad
928 5525 1074 5580 illa!"
1116 5526 1281 5589 feras.
1322 5541 1470 5591 aves.
1513 5526 1690 5596 Pisces
1744 5540 1936 5580 asceII-
2044 5532 2262 5586 cinthus
2308 5546 2614 5601 purpureus
2648 5531 2966 5602 jucundior,
2998 5540 3053 5587 et
3080 5530 3368 5587 ﬂammeus
3398 5529 3621 5599 con5pi-

358 5624 488 5679 dere
535 5635 702 5692 cogas
744 5628 799 5675 ct
865 5618 1132 5683 attrahas,
1156 5627 1252 5675 aut
1276 5619 1341 5675 ad
1373 5636 1503 5676 saxa
1555 5619 1935 5676 tendantnau~
2043 5638 2181 5681 cuus
2205 5624 2397 5695 magis.
2430 5604 3618 5697 Nihilabesteorum;quteadessesatiusest;

429 5798 475 5832 "
503 5795 663 5854 Nulla
700 5805 782 5852 est
807 5796 1000 5856 divisio
1029 5797 1082 5853 in
1115 5799 1238 5855 cod.
