  <div class='ocr_page' id='page_1' title='image "/cluster/home/n/w/nwhite01/storage/ocr_20150623/106/hvd.32044051727071/468.png"; bbox 0 0 4054 6570; ppageno 0'>
   <div class='ocr_carea' id='block_1_1' title="bbox 335 404 3583 493">
    <p class='ocr_par' dir='ltr' id='par_1_1' title="bbox 335 404 3583 493">
     <span class='ocr_line' id='line_1_1' title="bbox 335 404 3583 493; baseline -0.007 -7"><span class='ocrx_word' id='word_1_1' title='bbox 335 427 443 493; x_wconf 72' lang='lat'><strong><em>913</em></strong></span> <span class='ocrx_word' id='word_1_2' title='bbox 1632 426 1717 485; x_wconf 66' lang='grc' dir='ltr'>ΕΛ</span> <span class='ocrx_word' id='word_1_3' title='bbox 1729 424 1976 485; x_wconf 61' lang='lat' dir='ltr'><strong><em>lilii-NA</em></strong></span> <span class='ocrx_word' id='word_1_4' title='bbox 2011 423 2260 484; x_wconf 63' lang='lat' dir='ltr'><strong><em>VARIA‘.</em></strong></span> <span class='ocrx_word' id='word_1_5' title='bbox 3484 404 3583 468; x_wconf 73' lang='grc' dir='ltr'>ειιι</span> 
     </span>
    </p>
   </div>
   <div class='ocr_carea' id='block_1_2' title="bbox 344 528 3273 605">
    <p class='ocr_par' dir='ltr' id='par_1_2' title="bbox 344 528 3273 605">
     <span class='ocr_line' id='line_1_2' title="bbox 344 528 3273 605; baseline -0.005 -13"><span class='ocrx_word' id='word_1_6' title='bbox 344 544 606 592; x_wconf 84' lang='grc' dir='ltr'>Ἀπεστιν</span> <span class='ocrx_word' id='word_1_7' title='bbox 638 538 810 603; x_wconf 78' lang='grc' dir='ltr'>οὐδὲν,</span> <span class='ocrx_word' id='word_1_8' title='bbox 840 529 914 590; x_wconf 83' lang='grc' dir='ltr'>ὧν</span> <span class='ocrx_word' id='word_1_9' title='bbox 944 551 1196 605; x_wconf 84' lang='grc' dir='ltr'>παρειναι</span> <span class='ocrx_word' id='word_1_10' title='bbox 1227 533 1461 605; x_wconf 78' lang='grc' dir='ltr'>βέλτιον,</span> <span class='ocrx_word' id='word_1_11' title='bbox 1944 539 1987 595; x_wconf 73' lang='grc' dir='ltr'>Α</span> <span class='ocrx_word' id='word_1_12' title='bbox 2019 533 2174 595; x_wconf 79' lang='grc' dir='ltr'>Τίνος</span> <span class='ocrx_word' id='word_1_13' title='bbox 2200 533 2308 602; x_wconf 74' lang='grc' dir='ltr'><strong><em>γὰρ</em></strong></span> <span class='ocrx_word' id='word_1_14' title='bbox 2339 530 2507 583; x_wconf 76' lang='grc' dir='ltr'>ἄλλου</span> <span class='ocrx_word' id='word_1_15' title='bbox 2526 528 2697 583; x_wconf 75' lang='grc' dir='ltr'>ταῦτα</span> <span class='ocrx_word' id='word_1_16' title='bbox 2724 548 2737 596; x_wconf 88' lang='grc'>;</span> <span class='ocrx_word' id='word_1_17' title='bbox 2771 528 2851 593; x_wconf 89' lang='grc' dir='ltr'><strong><em>τίς</em></strong></span> <span class='ocrx_word' id='word_1_18' title='bbox 2886 530 3051 599; x_wconf 71' lang='grc' dir='ltr'>πνοὴν</span> <span class='ocrx_word' id='word_1_19' title='bbox 3077 528 3273 598; x_wconf 74' lang='grc' dir='ltr'>γλύφει</span> 
     </span>
    </p>
   </div>
   <div class='ocr_carea' id='block_1_3' title="bbox 342 618 3237 700">
    <p class='ocr_par' dir='ltr' id='par_1_3' title="bbox 342 618 3237 700">
     <span class='ocr_line' id='line_1_3' title="bbox 342 618 3237 700; baseline -0.004 -16"><span class='ocrx_word' id='word_1_20' title='bbox 342 632 613 700; x_wconf 83' lang='grc' dir='ltr'>Πάρεστιν</span> <span class='ocrx_word' id='word_1_21' title='bbox 641 628 794 682; x_wconf 80' lang='grc' dir='ltr'>οὐδὲν</span> <span class='ocrx_word' id='word_1_22' title='bbox 827 622 908 682; x_wconf 83' lang='grc' dir='ltr'>ὧν</span> <span class='ocrx_word' id='word_1_23' title='bbox 934 629 1186 699; x_wconf 74' lang='grc' dir='ltr'>παρεῖναι</span> <span class='ocrx_word' id='word_1_24' title='bbox 1219 629 1264 661; x_wconf 86' lang='grc'><strong><em>¹⁸</em></strong></span> <span class='ocrx_word' id='word_1_25' title='bbox 1299 627 1595 698; x_wconf 75' lang='grc' dir='ltr'><strong><em>συμφέρον.</em></strong></span> <span class='ocrx_word' id='word_1_26' title='bbox 2019 626 2113 686; x_wconf 86' lang='grc' dir='ltr'>Τίς</span> <span class='ocrx_word' id='word_1_27' title='bbox 2146 624 2330 693; x_wconf 85' lang='grc' dir='ltr'>σχῆμα</span> <span class='ocrx_word' id='word_1_28' title='bbox 2359 624 2453 676; x_wconf 80' lang='grc' dir='ltr'>καὶ</span> <span class='ocrx_word' id='word_1_29' title='bbox 2483 622 2563 686; x_wconf 85' lang='grc' dir='ltr'><strong><em>τίς</em></strong></span> <span class='ocrx_word' id='word_1_30' title='bbox 2589 618 2719 693; x_wconf 76' lang='grc' dir='ltr'>ἦθος</span> <span class='ocrx_word' id='word_1_31' title='bbox 2751 623 2793 693; x_wconf 71' lang='lat' dir='ltr'><strong><em>il‘</em></strong></span> <span class='ocrx_word' id='word_1_32' title='bbox 2810 623 2889 685; x_wconf 85' lang='grc' dir='ltr'><strong><em>τίς</em></strong></span> <span class='ocrx_word' id='word_1_33' title='bbox 2915 622 3011 675; x_wconf 80' lang='grc' dir='ltr'>καὶ</span> <span class='ocrx_word' id='word_1_34' title='bbox 3043 621 3237 689; x_wconf 71' lang='grc' dir='ltr'>λόγονς</span> 
     </span>
    </p>
   </div>
   <div class='ocr_carea' id='block_1_4' title="bbox 341 711 3259 793">
    <p class='ocr_par' dir='ltr' id='par_1_4' title="bbox 341 711 3259 793">
     <span class='ocr_line' id='line_1_4' title="bbox 341 711 3259 793; baseline -0.004 -17"><span class='ocrx_word' id='word_1_35' title='bbox 341 725 421 776; x_wconf 72' lang='grc' dir='ltr'>Τά</span> <span class='ocrx_word' id='word_1_36' title='bbox 444 720 657 793; x_wconf 78' lang='grc' dir='ltr'>ῥεῖθρα,</span> <span class='ocrx_word' id='word_1_37' title='bbox 686 724 816 775; x_wconf 86' lang='grc' dir='ltr'>ποῖα</span> <span class='ocrx_word' id='word_1_38' title='bbox 847 721 1036 792; x_wconf 77' lang='grc' dir='ltr'><strong><em>ῥεῖθρα</em></strong></span> <span class='ocrx_word' id='word_1_39' title='bbox 1062 721 1171 774; x_wconf 81' lang='grc' dir='ltr'><strong><em>τῶν</em></strong></span> <span class='ocrx_word' id='word_1_40' title='bbox 1196 721 1370 790; x_wconf 85' lang='grc' dir='ltr'>λόγων</span> <span class='ocrx_word' id='word_1_41' title='bbox 1394 721 1591 792; x_wconf 70' lang='grc' dir='ltr'>φράσοι</span> <span class='ocrx_word' id='word_1_42' title='bbox 1617 737 1631 785; x_wconf 87' lang='lat'><strong>;</strong></span> <span class='ocrx_word' id='word_1_43' title='bbox 2020 718 2122 769; x_wconf 80' lang='grc' dir='ltr'><strong><em>Τὸν</em></strong></span> <span class='ocrx_word' id='word_1_44' title='bbox 2149 716 2293 769; x_wconf 78' lang='grc' dir='ltr'>ἔνδον</span> <span class='ocrx_word' id='word_1_45' title='bbox 2331 711 2424 787; x_wconf 82' lang='grc' dir='ltr'><strong><em>ᾇδε</em></strong></span> <span class='ocrx_word' id='word_1_46' title='bbox 2452 716 2674 784; x_wconf 75' lang='grc' dir='ltr'>κόσμον,</span> <span class='ocrx_word' id='word_1_47' title='bbox 2705 714 2825 767; x_wconf 74' lang='grc' dir='ltr'>ἐλθὲ</span> <span class='ocrx_word' id='word_1_48' title='bbox 2856 713 2993 785; x_wconf 82' lang='grc' dir='ltr'>πρὸς</span> <span class='ocrx_word' id='word_1_49' title='bbox 3022 713 3218 782; x_wconf 79' lang='grc' dir='ltr'><strong><em>δόμους</em></strong></span> <span class='ocrx_word' id='word_1_50' title='bbox 3245 728 3259 741; x_wconf 73' lang='grc' dir='ltr'><strong><em>ο</em></strong></span> 
     </span>
    </p>
   </div>
   <div class='ocr_carea' id='block_1_5' title="bbox 344 804 3170 883">
    <p class='ocr_par' dir='ltr' id='par_1_5' title="bbox 344 804 3170 883">
     <span class='ocr_line' id='line_1_5' title="bbox 344 804 3170 883; baseline -0.004 -17"><span class='ocrx_word' id='word_1_51' title='bbox 344 815 384 866; x_wconf 87' lang='grc' dir='ltr'>Χ</span> <span class='ocrx_word' id='word_1_52' title='bbox 395 813 561 883; x_wconf 78' lang='grc' dir='ltr'>ρυσᾶ,</span> <span class='ocrx_word' id='word_1_53' title='bbox 591 811 781 881; x_wconf 78' lang='grc' dir='ltr'>διειδῆ,</span> <span class='ocrx_word' id='word_1_54' title='bbox 812 810 1020 882; x_wconf 66' lang='grc' dir='ltr'>ψυχρὰ,</span> <span class='ocrx_word' id='word_1_55' title='bbox 1048 810 1247 879; x_wconf 79' lang='grc' dir='ltr'>κοῦφα,</span> <span class='ocrx_word' id='word_1_56' title='bbox 1277 811 1469 881; x_wconf 90' lang='grc' dir='ltr'>μυρία,</span> <span class='ocrx_word' id='word_1_57' title='bbox 2021 808 2117 872; x_wconf 85' lang='grc' dir='ltr'>Τίς</span> <span class='ocrx_word' id='word_1_58' title='bbox 2145 808 2413 877; x_wconf 81' lang='grc' dir='ltr'>Βεσελεὴλ</span> <span class='ocrx_word' id='word_1_59' title='bbox 2445 806 2781 877; x_wconf 78' lang='grc' dir='ltr'>δημιουργὸς</span> <span class='ocrx_word' id='word_1_60' title='bbox 2810 804 2919 858; x_wconf 86' lang='grc' dir='ltr'><strong><em>τῶν</em></strong></span> <span class='ocrx_word' id='word_1_61' title='bbox 2953 805 3170 874; x_wconf 76' lang='grc' dir='ltr'>δόμωνς</span> 
     </span>
    </p>
   </div>
   <div class='ocr_carea' id='block_1_6' title="bbox 346 895 3326 972">
    <p class='ocr_par' dir='ltr' id='par_1_6' title="bbox 346 895 3326 972">
     <span class='ocr_line' id='line_1_6' title="bbox 346 895 3326 972; baseline -0.002 -16"><span class='ocrx_word' id='word_1_62' title='bbox 346 903 483 956; x_wconf 77' lang='grc' dir='ltr'>Μέλι</span> <span class='ocrx_word' id='word_1_63' title='bbox 518 902 727 972; x_wconf 77' lang='grc' dir='ltr'><strong><em>πέτρας</em></strong></span> <span class='ocrx_word' id='word_1_64' title='bbox 758 901 973 971; x_wconf 78' lang='grc' dir='ltr'>ῥέοντα,</span> <span class='ocrx_word' id='word_1_65' title='bbox 1008 900 1227 970; x_wconf 81' lang='grc' dir='ltr'><strong><em>τερπνῷ</em></strong></span> <span class='ocrx_word' id='word_1_66' title='bbox 1256 901 1352 955; x_wconf 79' lang='grc' dir='ltr'>σὺν</span> <span class='ocrx_word' id='word_1_67' title='bbox 1387 899 1560 970; x_wconf 81' lang='grc' dir='ltr'><strong>μέλει.</strong></span> <span class='ocrx_word' id='word_1_68' title='bbox 2024 903 2088 954; x_wconf 86' lang='grc' dir='ltr'><strong>Ὢ</strong></span> <span class='ocrx_word' id='word_1_69' title='bbox 2115 902 2294 972; x_wconf 77' lang='grc' dir='ltr'>χειρὸς</span> <span class='ocrx_word' id='word_1_70' title='bbox 2333 900 2490 972; x_wconf 63' lang='grc' dir='ltr'>ἔργα,</span> <span class='ocrx_word' id='word_1_71' title='bbox 2519 898 2724 970; x_wconf 77' lang='grc' dir='ltr'>χειρὸς,</span> <span class='ocrx_word' id='word_1_72' title='bbox 2758 898 2874 951; x_wconf 75' lang='grc' dir='ltr'>ἀλλ’</span> <span class='ocrx_word' id='word_1_73' title='bbox 2907 898 3047 967; x_wconf 81' lang='grc' dir='ltr'><strong><em>ὑπὲρ</em></strong></span> <span class='ocrx_word' id='word_1_74' title='bbox 3079 898 3276 965; x_wconf 82' lang='grc' dir='ltr'>τέχνην</span> <span class='ocrx_word' id='word_1_75' title='bbox 3300 895 3326 949; x_wconf 70' lang='grc' dir='ltr'><em>Υ</em></span> 
     </span>
    </p>
   </div>
   <div class='ocr_carea' id='block_1_7' title="bbox 347 988 3256 1066">
    <p class='ocr_par' dir='ltr' id='par_1_7' title="bbox 347 988 3256 1066">
     <span class='ocr_line' id='line_1_7' title="bbox 347 988 3256 1066; baseline -0.003 -19"><span class='ocrx_word' id='word_1_76' title='bbox 347 997 416 1047; x_wconf 71' lang='lat' dir='ltr'><strong><em>“ll</em></strong></span> <span class='ocrx_word' id='word_1_77' title='bbox 443 995 645 1064; x_wconf 71' lang='grc' dir='ltr'>λουτρά</span> <span class='ocrx_word' id='word_1_78' title='bbox 675 993 847 1047; x_wconf 85' lang='grc' dir='ltr'>ταῦτα</span> <span class='ocrx_word' id='word_1_79' title='bbox 868 992 978 1047; x_wconf 83' lang='grc' dir='ltr'><strong><em>τῶν</em></strong></span> <span class='ocrx_word' id='word_1_80' title='bbox 1010 993 1268 1064; x_wconf 76' lang='grc' dir='ltr'><strong><em>χαρίτων,</em></strong></span> <span class='ocrx_word' id='word_1_81' title='bbox 1293 991 1370 1056; x_wconf 86' lang='grc' dir='ltr'><strong><em>ῶς</em></strong></span> <span class='ocrx_word' id='word_1_82' title='bbox 1400 991 1592 1061; x_wconf 64' lang='grc' dir='ltr'>λόγος,</span> <span class='ocrx_word' id='word_1_83' title='bbox 2023 995 2088 1047; x_wconf 80' lang='grc' dir='ltr'>Ὦ</span> <span class='ocrx_word' id='word_1_84' title='bbox 2117 994 2209 1047; x_wconf 81' lang='grc' dir='ltr'>νοῦ</span> <span class='ocrx_word' id='word_1_85' title='bbox 2239 993 2345 1066; x_wconf 88' lang='grc' dir='ltr'><strong><em>πρὸ</em></strong></span> <span class='ocrx_word' id='word_1_86' title='bbox 2369 992 2611 1055; x_wconf 82' lang='grc' dir='ltr'>πάντων,</span> <span class='ocrx_word' id='word_1_87' title='bbox 2639 989 2730 1045; x_wconf 79' lang='grc' dir='ltr'><strong><em>νοῦ</em></strong></span> <span class='ocrx_word' id='word_1_88' title='bbox 2761 990 2897 1044; x_wconf 87' lang='grc' dir='ltr'>νόων</span> <span class='ocrx_word' id='word_1_89' title='bbox 2929 988 3256 1059; x_wconf 75' lang='grc' dir='ltr'>ὕπερτέρου,</span> 
     </span>
    </p>
   </div>
   <div class='ocr_carea' id='block_1_8' title="bbox 347 1082 3139 1160">
    <p class='ocr_par' dir='ltr' id='par_1_8' title="bbox 347 1082 3139 1160">
     <span class='ocr_line' id='line_1_8' title="bbox 347 1082 3139 1160; baseline -0.003 -19"><span class='ocrx_word' id='word_1_90' title='bbox 347 1090 416 1141; x_wconf 83' lang='grc' dir='ltr'><strong>Ἦ</strong></span> <span class='ocrx_word' id='word_1_91' title='bbox 443 1088 651 1160; x_wconf 81' lang='grc' dir='ltr'>μᾶλλον</span> <span class='ocrx_word' id='word_1_92' title='bbox 667 1086 807 1141; x_wconf 81' lang='grc' dir='ltr'>αὑτά</span> <span class='ocrx_word' id='word_1_93' title='bbox 834 1086 933 1141; x_wconf 73' lang='grc' dir='ltr'>καὶ</span> <span class='ocrx_word' id='word_1_94' title='bbox 952 1088 1171 1157; x_wconf 87' lang='grc' dir='ltr'>χάριτες</span> <span class='ocrx_word' id='word_1_95' title='bbox 1199 1086 1281 1149; x_wconf 77' lang='grc' dir='ltr'><strong><em>είς</em></strong></span> <span class='ocrx_word' id='word_1_96' title='bbox 1309 1085 1489 1157; x_wconf 83' lang='grc' dir='ltr'>χύσιν.</span> <span class='ocrx_word' id='word_1_97' title='bbox 2024 1086 2136 1141; x_wconf 83' lang='grc' dir='ltr'><strong>Νοῦ</strong></span> <span class='ocrx_word' id='word_1_98' title='bbox 2166 1086 2520 1158; x_wconf 80' lang='grc' dir='ltr'>κοσμοποιοῦ,</span> <span class='ocrx_word' id='word_1_99' title='bbox 2544 1084 2638 1138; x_wconf 80' lang='grc' dir='ltr'>νοῦ</span> <span class='ocrx_word' id='word_1_100' title='bbox 2663 1082 3139 1155; x_wconf 71' lang='grc' dir='ltr'>βασιλικωτάτουί</span> 
     </span>
    </p>
   </div>
   <div class='ocr_carea' id='block_1_9' title="bbox 347 1172 3324 1252">
    <p class='ocr_par' dir='ltr' id='par_1_9' title="bbox 347 1172 3324 1252">
     <span class='ocr_line' id='line_1_9' title="bbox 347 1172 3324 1252; baseline -0.003 -20"><span class='ocrx_word' id='word_1_101' title='bbox 347 1182 423 1234; x_wconf 75' lang='grc' dir='ltr'><strong>Οὐ</strong></span> <span class='ocrx_word' id='word_1_102' title='bbox 457 1184 607 1251; x_wconf 76' lang='grc' dir='ltr'>τρεῖς</span> <span class='ocrx_word' id='word_1_103' title='bbox 631 1182 857 1252; x_wconf 77' lang='grc' dir='ltr'>ῥέουσαι</span> <span class='ocrx_word' id='word_1_104' title='bbox 886 1179 1109 1250; x_wconf 78' lang='grc' dir='ltr'>μᾶλλον,</span> <span class='ocrx_word' id='word_1_105' title='bbox 1139 1177 1277 1233; x_wconf 75' lang='grc' dir='ltr'>ἀλλὰ</span> <span class='ocrx_word' id='word_1_106' title='bbox 1306 1178 1528 1250; x_wconf 56' lang='grc' dir='ltr'>μυρίαν,</span> <span class='ocrx_word' id='word_1_107' title='bbox 2029 1179 2200 1248; x_wconf 80' lang='grc' dir='ltr'>Ἀφες</span> <span class='ocrx_word' id='word_1_108' title='bbox 2234 1177 2304 1231; x_wconf 80' lang='grc' dir='ltr'><strong><em>τά</em></strong></span> <span class='ocrx_word' id='word_1_109' title='bbox 2321 1178 2422 1247; x_wconf 85' lang='grc' dir='ltr'>τῆς</span> <span class='ocrx_word' id='word_1_110' title='bbox 2444 1177 2573 1247; x_wconf 82' lang='grc' dir='ltr'>γῆς,</span> <span class='ocrx_word' id='word_1_111' title='bbox 2598 1178 2696 1231; x_wconf 72' lang='grc' dir='ltr'>καὶ</span> <span class='ocrx_word' id='word_1_112' title='bbox 2723 1176 2923 1230; x_wconf 75' lang='grc' dir='ltr'>τὰτῶν</span> <span class='ocrx_word' id='word_1_113' title='bbox 2953 1176 3068 1229; x_wconf 73' lang='grc' dir='ltr'>ἄνω</span> <span class='ocrx_word' id='word_1_114' title='bbox 3101 1172 3324 1227; x_wconf 78' lang='grc' dir='ltr'>σκόπει·</span> 
     </span>
    </p>
   </div>
   <div class='ocr_carea' id='block_1_10' title="bbox 350 1265 3209 1341">
    <p class='ocr_par' dir='ltr' id='par_1_10' title="bbox 350 1265 3209 1341">
     <span class='ocr_line' id='line_1_10' title="bbox 350 1265 3209 1341; baseline -0.002 -17"><span class='ocrx_word' id='word_1_115' title='bbox 350 1272 421 1324; x_wconf 79' lang='grc' dir='ltr'><strong>Ἦ</strong></span> <span class='ocrx_word' id='word_1_116' title='bbox 444 1271 713 1341; x_wconf 80' lang='grc' dir='ltr'>τέσσαρες</span> <span class='ocrx_word' id='word_1_117' title='bbox 747 1270 965 1341; x_wconf 76' lang='grc' dir='ltr'><strong><em>ῥέοντες</em></strong></span> <span class='ocrx_word' id='word_1_118' title='bbox 986 1268 1049 1335; x_wconf 70' lang='grc' dir='ltr'>ἐξ</span> <span class='ocrx_word' id='word_1_119' title='bbox 1068 1268 1429 1339; x_wconf 51' lang='lat' dir='ltr'><strong><em>meum»</em></strong></span> <span class='ocrx_word' id='word_1_120' title='bbox 2025 1272 2092 1324; x_wconf 84' lang='grc' dir='ltr'><strong>Ὦ</strong></span> <span class='ocrx_word' id='word_1_121' title='bbox 2112 1269 2341 1340; x_wconf 81' lang='grc' dir='ltr'>φαιδρὸς</span> <span class='ocrx_word' id='word_1_122' title='bbox 2360 1269 2492 1339; x_wconf 77' lang='grc' dir='ltr'><strong><em>ἀὴρ,</em></strong></span> <span class='ocrx_word' id='word_1_123' title='bbox 2531 1268 2728 1340; x_wconf 82' lang='grc' dir='ltr'>μικρὸν</span> <span class='ocrx_word' id='word_1_124' title='bbox 2757 1267 2975 1337; x_wconf 78' lang='grc' dir='ltr'>ἄφωτος</span> <span class='ocrx_word' id='word_1_125' title='bbox 3008 1265 3167 1337; x_wconf 81' lang='grc' dir='ltr'>χύσις</span> <span class='ocrx_word' id='word_1_126' title='bbox 3194 1267 3209 1319; x_wconf 79' lang='grc' dir='ltr'><strong><em>ί</em></strong></span> 
     </span>
    </p>
   </div>
   <div class='ocr_carea' id='block_1_11' title="bbox 351 1356 3209 1438">
    <p class='ocr_par' dir='ltr' id='par_1_11' title="bbox 351 1356 3209 1438">
     <span class='ocr_line' id='line_1_11' title="bbox 351 1356 3209 1438; baseline -0.004 -18"><span class='ocrx_word' id='word_1_127' title='bbox 351 1366 587 1438; x_wconf 63' lang='grc' dir='ltr'><strong><em>Κρουνο)⁸</em></strong></span> <span class='ocrx_word' id='word_1_128' title='bbox 620 1365 1042 1437; x_wconf 81' lang='grc' dir='ltr'>καταρδεύουσιν</span> <span class='ocrx_word' id='word_1_129' title='bbox 1065 1366 1229 1436; x_wconf 81' lang='grc' dir='ltr'>Ἐδὲμ</span> <span class='ocrx_word' id='word_1_130' title='bbox 1254 1365 1359 1436; x_wconf 81' lang='grc' dir='ltr'>τὴν</span> <span class='ocrx_word' id='word_1_131' title='bbox 1383 1365 1533 1419; x_wconf 71' lang='grc' dir='ltr'>νέανο.</span> <span class='ocrx_word' id='word_1_132' title='bbox 2029 1364 2093 1414; x_wconf 79' lang='grc' dir='ltr'>Ὦ</span> <span class='ocrx_word' id='word_1_133' title='bbox 2122 1362 2318 1432; x_wconf 82' lang='grc' dir='ltr'>κρᾶσις</span> <span class='ocrx_word' id='word_1_134' title='bbox 2342 1360 2536 1430; x_wconf 77' lang='grc' dir='ltr'>ὡρῶνί</span> <span class='ocrx_word' id='word_1_135' title='bbox 2568 1359 2614 1412; x_wconf 82' lang='grc' dir='ltr'><strong>ὣ</strong></span> <span class='ocrx_word' id='word_1_136' title='bbox 2652 1358 2943 1430; x_wconf 88' lang='grc' dir='ltr'>θεαμάτων</span> <span class='ocrx_word' id='word_1_137' title='bbox 2985 1357 3169 1429; x_wconf 83' lang='grc' dir='ltr'>βλὺσις</span> <span class='ocrx_word' id='word_1_138' title='bbox 3195 1356 3209 1409; x_wconf 85' lang='lat' dir='ltr'><strong><em>l</em></strong></span> 
     </span>
    </p>
   </div>
   <div class='ocr_carea' id='block_1_12' title="bbox 353 1447 3290 1529">
    <p class='ocr_par' dir='ltr' id='par_1_12' title="bbox 353 1447 3290 1529">
     <span class='ocr_line' id='line_1_12' title="bbox 353 1447 3290 1529; baseline -0.004 -17"><span class='ocrx_word' id='word_1_139' title='bbox 353 1458 591 1529; x_wconf 79' lang='grc' dir='ltr'>Κρῆναι,</span> <span class='ocrx_word' id='word_1_140' title='bbox 616 1459 824 1528; x_wconf 85' lang='grc' dir='ltr'>λίμναι,</span> <span class='ocrx_word' id='word_1_141' title='bbox 858 1458 1043 1529; x_wconf 77' lang='grc' dir='ltr'><strong><em>τέχναι</em></strong></span> <span class='ocrx_word' id='word_1_142' title='bbox 1079 1457 1136 1511; x_wconf 72' lang='grc' dir='ltr'>δὲ</span> <span class='ocrx_word' id='word_1_143' title='bbox 1164 1457 1370 1511; x_wconf 81' lang='grc' dir='ltr'>τούτων</span> <span class='ocrx_word' id='word_1_144' title='bbox 1400 1458 1587 1528; x_wconf 87' lang='grc' dir='ltr'>μυρίαι</span> <span class='ocrx_word' id='word_1_145' title='bbox 2030 1453 2225 1521; x_wconf 65' lang='lat' dir='ltr'><strong><em>&quot;nnc.</em></strong></span> <span class='ocrx_word' id='word_1_146' title='bbox 2254 1452 2473 1522; x_wconf 86' lang='grc' dir='ltr'>τέχνης,</span> <span class='ocrx_word' id='word_1_147' title='bbox 2500 1451 2627 1520; x_wconf 80' lang='grc' dir='ltr'>γῆς,</span> <span class='ocrx_word' id='word_1_148' title='bbox 2654 1451 2839 1521; x_wconf 80' lang='grc' dir='ltr'>ἀέρος,</span> <span class='ocrx_word' id='word_1_149' title='bbox 2868 1450 3069 1519; x_wconf 74' lang='grc' dir='ltr'>φωτὸς,</span> <span class='ocrx_word' id='word_1_150' title='bbox 3106 1447 3290 1501; x_wconf 81' lang='grc' dir='ltr'>πόλου.</span> 
     </span>
    </p>
   </div>
   <div class='ocr_carea' id='block_1_13' title="bbox 354 1541 3211 1620">
    <p class='ocr_par' dir='ltr' id='par_1_13' title="bbox 354 1541 3211 1620">
     <span class='ocr_line' id='line_1_13' title="bbox 354 1541 3211 1620; baseline -0.003 -18"><span class='ocrx_word' id='word_1_151' title='bbox 354 1548 464 1611; x_wconf 74' lang='grc' dir='ltr'><strong><em>τὰς</em></strong></span> <span class='ocrx_word' id='word_1_152' title='bbox 496 1548 689 1619; x_wconf 73' lang='grc' dir='ltr'>ἡδονὰς</span> <span class='ocrx_word' id='word_1_153' title='bbox 715 1547 966 1618; x_wconf 79' lang='grc' dir='ltr'>βλύζουσι</span> <span class='ocrx_word' id='word_1_154' title='bbox 996 1548 1103 1602; x_wconf 89' lang='grc' dir='ltr'><strong><em>τῶν</em></strong></span> <span class='ocrx_word' id='word_1_155' title='bbox 1134 1547 1367 1620; x_wconf 77' lang='grc' dir='ltr'><strong><em>ῥείθρων</em></strong></span> <span class='ocrx_word' id='word_1_156' title='bbox 1396 1548 1578 1603; x_wconf 89' lang='grc' dir='ltr'>πλέον.</span> <span class='ocrx_word' id='word_1_157' title='bbox 2030 1545 2127 1608; x_wconf 87' lang='grc' dir='ltr'>Τίς</span> <span class='ocrx_word' id='word_1_158' title='bbox 2153 1543 2404 1614; x_wconf 85' lang='grc' dir='ltr'>Σολομὼν</span> <span class='ocrx_word' id='word_1_159' title='bbox 2434 1544 2645 1615; x_wconf 70' lang='grc' dir='ltr'>ἤσκησε</span> <span class='ocrx_word' id='word_1_160' title='bbox 2675 1544 2835 1614; x_wconf 83' lang='grc' dir='ltr'>τήνδε</span> <span class='ocrx_word' id='word_1_161' title='bbox 2866 1541 2964 1613; x_wconf 80' lang='grc' dir='ltr'><strong><em>τὴν</em></strong></span> <span class='ocrx_word' id='word_1_162' title='bbox 2995 1542 3211 1606; x_wconf 81' lang='grc' dir='ltr'>κτίσιν;</span> 
     </span>
    </p>
   </div>
   <div class='ocr_carea' id='block_1_14' title="bbox 354 1632 3227 1710">
    <p class='ocr_par' dir='ltr' id='par_1_14' title="bbox 354 1632 3227 1710">
     <span class='ocr_line' id='line_1_14' title="bbox 354 1632 3227 1710; baseline -0.003 -16"><span class='ocrx_word' id='word_1_163' title='bbox 354 1640 617 1709; x_wconf 74' lang='grc' dir='ltr'>θέλγουσι</span> <span class='ocrx_word' id='word_1_164' title='bbox 642 1638 819 1695; x_wconf 81' lang='grc' dir='ltr'>ταῦτα</span> <span class='ocrx_word' id='word_1_165' title='bbox 849 1642 943 1694; x_wconf 74' lang='grc' dir='ltr'>καὶ</span> <span class='ocrx_word' id='word_1_166' title='bbox 969 1639 1152 1703; x_wconf 78' lang='grc' dir='ltr'>λίθους</span> <span class='ocrx_word' id='word_1_167' title='bbox 1175 1641 1270 1693; x_wconf 70' lang='grc' dir='ltr'>καὶ</span> <span class='ocrx_word' id='word_1_168' title='bbox 1293 1639 1481 1710; x_wconf 84' lang='grc' dir='ltr'>θηρία.</span> <span class='ocrx_word' id='word_1_169' title='bbox 2032 1637 2127 1701; x_wconf 81' lang='grc' dir='ltr'>Τίς</span> <span class='ocrx_word' id='word_1_170' title='bbox 2153 1637 2249 1700; x_wconf 80' lang='grc' dir='ltr'><strong><em>τὰς</em></strong></span> <span class='ocrx_word' id='word_1_171' title='bbox 2278 1635 2469 1707; x_wconf 80' lang='grc' dir='ltr'>φύσεις</span> <span class='ocrx_word' id='word_1_172' title='bbox 2501 1633 2734 1705; x_wconf 81' lang='grc' dir='ltr'>συνῆξεν</span> <span class='ocrx_word' id='word_1_173' title='bbox 2763 1634 2843 1697; x_wconf 83' lang='grc' dir='ltr'><strong><em>είς</em></strong></span> <span class='ocrx_word' id='word_1_174' title='bbox 2880 1634 3010 1703; x_wconf 85' lang='grc' dir='ltr'>μίαν</span> <span class='ocrx_word' id='word_1_175' title='bbox 3039 1632 3227 1698; x_wconf 85' lang='grc' dir='ltr'>θέσιν;</span> 
     </span>
    </p>
   </div>
   <div class='ocr_carea' id='block_1_15' title="bbox 367 1726 3310 1805">
    <p class='ocr_par' dir='ltr' id='par_1_15' title="bbox 367 1726 3310 1805">
     <span class='ocr_line' id='line_1_15' title="bbox 367 1726 3310 1805; baseline -0.003 -18"><span class='ocrx_word' id='word_1_176' title='bbox 367 1734 536 1805; x_wconf 78' lang='grc' dir='ltr'>Ὁρᾷς</span> <span class='ocrx_word' id='word_1_177' title='bbox 553 1734 623 1787; x_wconf 82' lang='grc' dir='ltr'>τὰ</span> <span class='ocrx_word' id='word_1_178' title='bbox 658 1732 861 1803; x_wconf 81' lang='grc' dir='ltr'><strong><em>πλήθη,</em></strong></span> <span class='ocrx_word' id='word_1_179' title='bbox 892 1732 1086 1803; x_wconf 80' lang='grc' dir='ltr'>θῆρας,</span> <span class='ocrx_word' id='word_1_180' title='bbox 1116 1732 1318 1802; x_wconf 76' lang='grc' dir='ltr'>ὄρνεις,</span> <span class='ocrx_word' id='word_1_181' title='bbox 1357 1730 1585 1802; x_wconf 74' lang='grc' dir='ltr'>ιχθύαςς</span> <span class='ocrx_word' id='word_1_182' title='bbox 1952 1804 1955 1805; x_wconf 14' lang='grc' dir='ltr'><em>ν</em></span> <span class='ocrx_word' id='word_1_183' title='bbox 2033 1731 2131 1793; x_wconf 90' lang='grc' dir='ltr'>Τίς</span> <span class='ocrx_word' id='word_1_184' title='bbox 2150 1730 2249 1793; x_wconf 80' lang='grc' dir='ltr'><strong><em>τὰς</em></strong></span> <span class='ocrx_word' id='word_1_185' title='bbox 2284 1728 2478 1798; x_wconf 83' lang='grc' dir='ltr'>φύσεις</span> <span class='ocrx_word' id='word_1_186' title='bbox 2513 1726 2714 1798; x_wconf 80' lang='grc' dir='ltr'>μετῆξε</span> <span class='ocrx_word' id='word_1_187' title='bbox 2747 1726 2949 1796; x_wconf 82' lang='grc' dir='ltr'>μᾶλλον</span> <span class='ocrx_word' id='word_1_188' title='bbox 2980 1726 3045 1779; x_wconf 77' lang='grc' dir='ltr'>ὲκ</span> <span class='ocrx_word' id='word_1_189' title='bbox 3072 1726 3271 1795; x_wconf 77' lang='grc' dir='ltr'>τέχνης</span> <span class='ocrx_word' id='word_1_190' title='bbox 3295 1767 3310 1790; x_wconf 91' lang='grc'><strong><em>,</em></strong></span> 
     </span>
    </p>
   </div>
   <div class='ocr_carea' id='block_1_16' title="bbox 356 1804 3153 1894">
    <p class='ocr_par' dir='ltr' id='par_1_16' title="bbox 356 1804 3153 1894">
     <span class='ocr_line' id='line_1_16' title="bbox 356 1804 3153 1894; baseline -0.002 -17"><span class='ocrx_word' id='word_1_191' title='bbox 356 1804 511 1878; x_wconf 77' lang='grc' dir='ltr'>Δοκῶ</span> <span class='ocrx_word' id='word_1_192' title='bbox 540 1824 765 1877; x_wconf 86' lang='grc' dir='ltr'>λιπόντα</span> <span class='ocrx_word' id='word_1_193' title='bbox 799 1826 976 1877; x_wconf 87' lang='grc' dir='ltr'>πάντα</span> <span class='ocrx_word' id='word_1_194' title='bbox 1007 1822 1099 1876; x_wconf 80' lang='grc' dir='ltr'><strong><em>τοῦ</em></strong></span> <span class='ocrx_word' id='word_1_195' title='bbox 1134 1823 1342 1894; x_wconf 84' lang='grc' dir='ltr'>κόσμου</span> <span class='ocrx_word' id='word_1_196' title='bbox 1368 1824 1534 1877; x_wconf 85' lang='grc' dir='ltr'>τόπον</span> <span class='ocrx_word' id='word_1_197' title='bbox 2036 1823 2204 1892; x_wconf 84' lang='grc' dir='ltr'>Σοφὴ,</span> <span class='ocrx_word' id='word_1_198' title='bbox 2232 1822 2371 1892; x_wconf 79' lang='grc' dir='ltr'>σοφὴ</span> <span class='ocrx_word' id='word_1_199' title='bbox 2401 1820 2567 1891; x_wconf 85' lang='grc' dir='ltr'>φρὴν,</span> <span class='ocrx_word' id='word_1_200' title='bbox 2597 1822 2631 1891; x_wconf 77' lang='grc' dir='ltr'><strong>ἡ</strong></span> <span class='ocrx_word' id='word_1_201' title='bbox 2662 1820 2935 1891; x_wconf 75' lang='grc' dir='ltr'>βασίλειος</span> <span class='ocrx_word' id='word_1_202' title='bbox 2968 1817 3153 1887; x_wconf 81' lang='grc' dir='ltr'>φύσις,</span> 
     </span>
    </p>
   </div>
   <div class='ocr_carea' id='block_1_17' title="bbox 366 1883 3379 1984">
    <p class='ocr_par' dir='ltr' id='par_1_17' title="bbox 366 1883 3379 1984">
     <span class='ocr_line' id='line_1_17' title="bbox 366 1883 3379 1984; baseline 0 -16"><span class='ocrx_word' id='word_1_203' title='bbox 366 1916 458 1979; x_wconf 81' lang='grc' dir='ltr'>Ὧς</span> <span class='ocrx_word' id='word_1_204' title='bbox 494 1910 645 1969; x_wconf 84' lang='grc' dir='ltr'>οἷκον</span> <span class='ocrx_word' id='word_1_205' title='bbox 672 1908 829 1983; x_wconf 73' lang='grc' dir='ltr'>εὗρον</span> <span class='ocrx_word' id='word_1_206' title='bbox 852 1913 1033 1967; x_wconf 70' lang='grc' dir='ltr'>κοινὸν</span> <span class='ocrx_word' id='word_1_207' title='bbox 1063 1906 1165 1967; x_wconf 80' lang='grc' dir='ltr'>ὦδε</span> <span class='ocrx_word' id='word_1_208' title='bbox 1191 1883 1283 1966; x_wconf 70' lang='grc' dir='ltr'><strong><em>τδν</em></strong></span> <span class='ocrx_word' id='word_1_209' title='bbox 1313 1915 1503 1978; x_wconf 79' lang='grc' dir='ltr'>τόπον,</span> <span class='ocrx_word' id='word_1_210' title='bbox 1968 1883 2007 1936; x_wconf 63' lang='grc' dir='ltr'>Β</span> <span class='ocrx_word' id='word_1_211' title='bbox 2034 1883 2322 1984; x_wconf 57' lang='grc' dir='ltr'>τιλόἇῡμοὶ</span> <span class='ocrx_word' id='word_1_212' title='bbox 2348 1883 2456 1982; x_wconf 63' lang='grc' dir='ltr'>τῆς</span> <span class='ocrx_word' id='word_1_213' title='bbox 2476 1883 2904 1981; x_wconf 44' lang='grc' dir='ltr'>γῆς,’ό’στέφων</span> <span class='ocrx_word' id='word_1_214' title='bbox 2943 1883 3037 1965; x_wconf 74' lang='grc' dir='ltr'>καὶ</span> <span class='ocrx_word' id='word_1_215' title='bbox 3068 1883 3379 1980; x_wconf 12' lang='grc' dir='ltr'>τὸνστέφος.</span> 
     </span>
    </p>
   </div>
   <div class='ocr_carea' id='block_1_18' title="bbox 362 2002 3262 2079">
    <p class='ocr_par' dir='ltr' id='par_1_18' title="bbox 362 2002 3262 2079">
     <span class='ocr_line' id='line_1_18' title="bbox 362 2002 3262 2079; baseline -0.002 -19"><span class='ocrx_word' id='word_1_216' title='bbox 362 2010 435 2061; x_wconf 81' lang='grc' dir='ltr'><em>Ἣ</em></span> <span class='ocrx_word' id='word_1_217' title='bbox 471 2007 607 2079; x_wconf 76' lang='grc' dir='ltr'>πρὸς</span> <span class='ocrx_word' id='word_1_218' title='bbox 637 2007 699 2061; x_wconf 82' lang='grc' dir='ltr'>τὸ</span> <span class='ocrx_word' id='word_1_219' title='bbox 721 2008 915 2071; x_wconf 84' lang='grc' dir='ltr'>κάλλος</span> <span class='ocrx_word' id='word_1_220' title='bbox 945 2007 1323 2078; x_wconf 75' lang='grc' dir='ltr'>συνδραμόντα</span> <span class='ocrx_word' id='word_1_221' title='bbox 1348 2008 1635 2073; x_wconf 63' lang='grc' dir='ltr'>δεσπότου,</span> <span class='ocrx_word' id='word_1_222' title='bbox 2038 2007 2265 2061; x_wconf 77' lang='grc' dir='ltr'>Πάντων</span> <span class='ocrx_word' id='word_1_223' title='bbox 2292 2006 2576 2076; x_wconf 76' lang='grc' dir='ltr'>κρατήσας</span> <span class='ocrx_word' id='word_1_224' title='bbox 2608 2002 2898 2076; x_wconf 77' lang='grc' dir='ltr'>βαρϐάρων</span> <span class='ocrx_word' id='word_1_225' title='bbox 2924 2002 3262 2077; x_wconf 76' lang='grc' dir='ltr'>τυραννίδος,</span> 
     </span>
    </p>
   </div>
   <div class='ocr_carea' id='block_1_19' title="bbox 370 2093 3441 2169">
    <p class='ocr_par' dir='ltr' id='par_1_19' title="bbox 370 2093 3441 2169">
     <span class='ocr_line' id='line_1_19' title="bbox 370 2093 3441 2169; baseline -0.001 -20"><span class='ocrx_word' id='word_1_226' title='bbox 370 2097 458 2160; x_wconf 84' lang='grc' dir='ltr'>Ὦς</span> <span class='ocrx_word' id='word_1_227' title='bbox 488 2097 622 2167; x_wconf 83' lang='grc' dir='ltr'>πρὸς</span> <span class='ocrx_word' id='word_1_228' title='bbox 654 2097 817 2168; x_wconf 72' lang='grc' dir='ltr'>μέλος</span> <span class='ocrx_word' id='word_1_229' title='bbox 842 2096 1065 2167; x_wconf 70' lang='grc' dir='ltr'>μένουσι</span> <span class='ocrx_word' id='word_1_230' title='bbox 1089 2097 1151 2151; x_wconf 81' lang='grc' dir='ltr'><strong><em>τδ</em></strong></span> <span class='ocrx_word' id='word_1_231' title='bbox 1182 2098 1312 2167; x_wconf 70' lang='grc' dir='ltr'>πρὶν</span> <span class='ocrx_word' id='word_1_232' title='bbox 1355 2098 1617 2169; x_wconf 83' lang='grc' dir='ltr'>Ὀρφέως.</span> <span class='ocrx_word' id='word_1_233' title='bbox 2041 2099 2259 2163; x_wconf 86' lang='grc' dir='ltr'>Παθῶν,</span> <span class='ocrx_word' id='word_1_234' title='bbox 2287 2097 2566 2166; x_wconf 82' lang='grc' dir='ltr'>ἀναγκῶν,</span> <span class='ocrx_word' id='word_1_235' title='bbox 2603 2098 2861 2168; x_wconf 84' lang='grc' dir='ltr'>γαστρδς,</span> <span class='ocrx_word' id='word_1_236' title='bbox 2887 2095 3080 2159; x_wconf 72' lang='grc' dir='ltr'>ὕπνου,</span> <span class='ocrx_word' id='word_1_237' title='bbox 3118 2093 3441 2165; x_wconf 70' lang='grc' dir='ltr'>φροντίδων,</span> 
     </span>
    </p>
   </div>
   <div class='ocr_carea' id='block_1_20' title="bbox 363 2185 3196 2259">
    <p class='ocr_par' dir='ltr' id='par_1_20' title="bbox 363 2185 3196 2259">
     <span class='ocr_line' id='line_1_20' title="bbox 363 2185 3196 2259; baseline 0 -19"><span class='ocrx_word' id='word_1_238' title='bbox 363 2185 637 2259; x_wconf 76' lang='grc' dir='ltr'>’ᾼδουσιν,</span> <span class='ocrx_word' id='word_1_239' title='bbox 675 2187 1012 2258; x_wconf 81' lang='grc' dir='ltr'>ἀντᾴδουσιν,</span> <span class='ocrx_word' id='word_1_240' title='bbox 1053 2187 1255 2257; x_wconf 81' lang='grc' dir='ltr'>ἀηδὼν,</span> <span class='ocrx_word' id='word_1_241' title='bbox 1287 2187 1504 2252; x_wconf 78' lang='grc' dir='ltr'>κύκνος,</span> <span class='ocrx_word' id='word_1_242' title='bbox 2042 2190 2203 2244; x_wconf 79' lang='grc' dir='ltr'>Ζώων</span> <span class='ocrx_word' id='word_1_243' title='bbox 2228 2205 2288 2242; x_wconf 91' lang='grc' dir='ltr'><strong><em>τε</em></strong></span> <span class='ocrx_word' id='word_1_244' title='bbox 2316 2190 2558 2251; x_wconf 84' lang='grc' dir='ltr'>πάντων,</span> <span class='ocrx_word' id='word_1_245' title='bbox 2591 2189 2801 2242; x_wconf 79' lang='grc' dir='ltr'>ὑδάτων</span> <span class='ocrx_word' id='word_1_246' title='bbox 2839 2188 2935 2242; x_wconf 77' lang='lat' dir='ltr'><strong><em>xal.</em></strong></span> <span class='ocrx_word' id='word_1_247' title='bbox 2966 2187 3196 2257; x_wconf 85' lang='grc' dir='ltr'>θηρίων,</span> 
     </span>
    </p>
   </div>
   <div class='ocr_carea' id='block_1_21' title="bbox 360 2275 3403 2351">
    <p class='ocr_par' dir='ltr' id='par_1_21' title="bbox 360 2275 3403 2351">
     <span class='ocr_line' id='line_1_21' title="bbox 360 2275 3403 2351; baseline 0 -21"><span class='ocrx_word' id='word_1_248' title='bbox 360 2275 572 2343; x_wconf 76' lang='grc' dir='ltr'>τέττιξ,</span> <span class='ocrx_word' id='word_1_249' title='bbox 604 2277 847 2347; x_wconf 83' lang='grc' dir='ltr'>χελιδών.</span> <span class='ocrx_word' id='word_1_250' title='bbox 891 2278 960 2332; x_wconf 71' lang='grc' dir='ltr'>Ἡ</span> <span class='ocrx_word' id='word_1_251' title='bbox 985 2277 1211 2349; x_wconf 78' lang='grc' dir='ltr'>τρυγῶιν</span> <span class='ocrx_word' id='word_1_252' title='bbox 1242 2279 1432 2350; x_wconf 83' lang='grc' dir='ltr'>τρύζει</span> <span class='ocrx_word' id='word_1_253' title='bbox 1470 2279 1642 2349; x_wconf 79' lang='grc' dir='ltr'>μέγα,</span> <span class='ocrx_word' id='word_1_254' title='bbox 2043 2284 2150 2336; x_wconf 77' lang='grc' dir='ltr'><strong><em>Καὶ</em></strong></span> <span class='ocrx_word' id='word_1_255' title='bbox 2180 2283 2290 2335; x_wconf 89' lang='grc' dir='ltr'><strong><em>τῶν</em></strong></span> <span class='ocrx_word' id='word_1_256' title='bbox 2322 2280 2519 2350; x_wconf 84' lang='grc' dir='ltr'>λόγων,</span> <span class='ocrx_word' id='word_1_257' title='bbox 2550 2278 2647 2334; x_wconf 83' lang='grc' dir='ltr'>νῦν</span> <span class='ocrx_word' id='word_1_258' title='bbox 2672 2281 2748 2345; x_wconf 83' lang='grc' dir='ltr'><strong><em>ὡς</em></strong></span> <span class='ocrx_word' id='word_1_259' title='bbox 2779 2279 2910 2351; x_wconf 86' lang='grc' dir='ltr'>δρῶ,</span> <span class='ocrx_word' id='word_1_260' title='bbox 2946 2280 3041 2332; x_wconf 68' lang='grc' dir='ltr'>καὶ</span> <span class='ocrx_word' id='word_1_261' title='bbox 3068 2278 3178 2333; x_wconf 82' lang='grc' dir='ltr'><strong><em>τῶν</em></strong></span> <span class='ocrx_word' id='word_1_262' title='bbox 3205 2279 3403 2350; x_wconf 79' lang='grc' dir='ltr'>νόμων,</span> 
     </span>
    </p>
   </div>
   <div class='ocr_carea' id='block_1_22' title="bbox 363 2368 3174 2443">
    <p class='ocr_par' dir='ltr' id='par_1_22' title="bbox 363 2368 3174 2443">
     <span class='ocr_line' id='line_1_22' title="bbox 363 2368 3174 2443; baseline 0.001 -23"><span class='ocrx_word' id='word_1_263' title='bbox 363 2368 559 2439; x_wconf 78' lang='grc' dir='ltr'>Πέρδιξ</span> <span class='ocrx_word' id='word_1_264' title='bbox 589 2368 826 2434; x_wconf 77' lang='grc' dir='ltr'>κελαδεῖ,</span> <span class='ocrx_word' id='word_1_265' title='bbox 858 2368 1254 2441; x_wconf 84' lang='grc' dir='ltr'>λαμπροφωνεί</span> <span class='ocrx_word' id='word_1_266' title='bbox 1287 2370 1572 2441; x_wconf 74' lang='grc' dir='ltr'>στρουθία,</span> <span class='ocrx_word' id='word_1_267' title='bbox 2043 2374 2125 2428; x_wconf 81' lang='grc' dir='ltr'><strong><em>Τὰ</em></strong></span> <span class='ocrx_word' id='word_1_268' title='bbox 2152 2374 2330 2427; x_wconf 78' lang='grc' dir='ltr'>πάντα</span> <span class='ocrx_word' id='word_1_269' title='bbox 2359 2372 2568 2443; x_wconf 86' lang='grc' dir='ltr'>φαίνων</span> <span class='ocrx_word' id='word_1_270' title='bbox 2591 2371 2745 2443; x_wconf 73' lang='grc' dir='ltr'>ἥλιος</span> <span class='ocrx_word' id='word_1_271' title='bbox 2769 2374 2863 2426; x_wconf 76' lang='grc' dir='ltr'>καὶ</span> <span class='ocrx_word' id='word_1_272' title='bbox 2888 2371 3174 2425; x_wconf 80' lang='grc' dir='ltr'>καλλύνων</span> 
     </span>
    </p>
   </div>
   <div class='ocr_carea' id='block_1_23' title="bbox 365 2460 3203 2536">
    <p class='ocr_par' dir='ltr' id='par_1_23' title="bbox 365 2460 3203 2536">
     <span class='ocr_line' id='line_1_23' title="bbox 365 2460 3203 2536; baseline -0.002 -13"><span class='ocrx_word' id='word_1_273' title='bbox 365 2461 535 2524; x_wconf 80' lang='grc' dir='ltr'>Πίτυς</span> <span class='ocrx_word' id='word_1_274' title='bbox 566 2460 797 2531; x_wconf 68' lang='grc' dir='ltr'>μελίζειν</span> <span class='ocrx_word' id='word_1_275' title='bbox 823 2462 1038 2533; x_wconf 75' lang='grc' dir='ltr'><strong><em>ῥεῖθρον</em></strong></span> <span class='ocrx_word' id='word_1_276' title='bbox 1066 2463 1191 2533; x_wconf 76' lang='grc' dir='ltr'><strong><em>ἠχεί</em></strong></span> <span class='ocrx_word' id='word_1_277' title='bbox 1215 2462 1534 2533; x_wconf 77' lang='grc' dir='ltr'>βλυστάνον,</span> <span class='ocrx_word' id='word_1_278' title='bbox 2045 2468 2346 2522; x_wconf 85' lang='grc' dir='ltr'>Κάλλιστον</span> <span class='ocrx_word' id='word_1_279' title='bbox 2380 2466 2545 2529; x_wconf 74' lang='grc' dir='ltr'>αὑτός</span> <span class='ocrx_word' id='word_1_280' title='bbox 2579 2468 2695 2519; x_wconf 76' lang='grc' dir='ltr'>ἐστι</span> <span class='ocrx_word' id='word_1_281' title='bbox 2722 2464 2913 2536; x_wconf 82' lang='grc' dir='ltr'>χρῆμα</span> <span class='ocrx_word' id='word_1_282' title='bbox 2936 2464 3033 2517; x_wconf 84' lang='grc' dir='ltr'>τοῦ</span> <span class='ocrx_word' id='word_1_283' title='bbox 3064 2463 3203 2533; x_wconf 86' lang='grc' dir='ltr'>βίου.</span> 
     </span>
    </p>
   </div>
   <div class='ocr_carea' id='block_1_24' title="bbox 363 2553 3224 2630">
    <p class='ocr_par' dir='ltr' id='par_1_24' title="bbox 363 2553 3224 2630">
     <span class='ocr_line' id='line_1_24' title="bbox 363 2553 3224 2630; baseline 0.002 -26"><span class='ocrx_word' id='word_1_284' title='bbox 363 2553 563 2624; x_wconf 86' lang='grc' dir='ltr'>Τρέχει</span> <span class='ocrx_word' id='word_1_285' title='bbox 593 2553 797 2622; x_wconf 88' lang='grc' dir='ltr'>λαγὼς,</span> <span class='ocrx_word' id='word_1_286' title='bbox 832 2554 1096 2625; x_wconf 81' lang='grc' dir='ltr'>σκιρτῶσι</span> <span class='ocrx_word' id='word_1_287' title='bbox 1131 2555 1316 2625; x_wconf 80' lang='grc' dir='ltr'>θῆρες,</span> <span class='ocrx_word' id='word_1_288' title='bbox 1346 2554 1627 2626; x_wconf 83' lang='grc' dir='ltr'>δορκάδες,</span> <span class='ocrx_word' id='word_1_289' title='bbox 2046 2561 2157 2615; x_wconf 75' lang='grc' dir='ltr'><strong><em>Καὶ</em></strong></span> <span class='ocrx_word' id='word_1_290' title='bbox 2188 2560 2365 2614; x_wconf 88' lang='grc' dir='ltr'>πάντα</span> <span class='ocrx_word' id='word_1_291' title='bbox 2389 2558 2561 2630; x_wconf 75' lang='grc' dir='ltr'>κάλλη</span> <span class='ocrx_word' id='word_1_292' title='bbox 2601 2557 2876 2626; x_wconf 81' lang='grc' dir='ltr'>συλλέγων</span> <span class='ocrx_word' id='word_1_293' title='bbox 2898 2558 2926 2611; x_wconf 88' lang='grc' dir='ltr'><strong><em>ό</em></strong></span> <span class='ocrx_word' id='word_1_294' title='bbox 2952 2556 3224 2626; x_wconf 77' lang='grc' dir='ltr'>δεσπότης</span> 
     </span>
    </p>
   </div>
   <div class='ocr_carea' id='block_1_25' title="bbox 364 2636 3345 2725">
    <p class='ocr_par' dir='ltr' id='par_1_25' title="bbox 364 2636 3345 2725">
     <span class='ocr_line' id='line_1_25' title="bbox 364 2636 3345 2725; baseline 0.002 -29"><span class='ocrx_word' id='word_1_295' title='bbox 364 2642 561 2716; x_wconf 80' lang='grc' dir='ltr'>Χαίρει</span> <span class='ocrx_word' id='word_1_296' title='bbox 596 2644 665 2697; x_wconf 81' lang='grc' dir='ltr'><strong><em>τά</em></strong></span> <span class='ocrx_word' id='word_1_297' title='bbox 701 2645 902 2712; x_wconf 85' lang='grc' dir='ltr'>πάντα,</span> <span class='ocrx_word' id='word_1_298' title='bbox 928 2646 1106 2700; x_wconf 86' lang='grc' dir='ltr'>πάντα</span> <span class='ocrx_word' id='word_1_299' title='bbox 1131 2647 1243 2700; x_wconf 90' lang='grc' dir='ltr'><strong><em>τῶν</em></strong></span> <span class='ocrx_word' id='word_1_300' title='bbox 1272 2648 1493 2718; x_wconf 85' lang='grc' dir='ltr'>μουσῶν</span> <span class='ocrx_word' id='word_1_301' title='bbox 1523 2650 1660 2719; x_wconf 87' lang='grc' dir='ltr'>γένη</span> <span class='ocrx_word' id='word_1_302' title='bbox 2046 2655 2121 2708; x_wconf 85' lang='grc' dir='ltr'>Τδ</span> <span class='ocrx_word' id='word_1_303' title='bbox 2142 2655 2389 2725; x_wconf 78' lang='grc' dir='ltr'>κρεῖττον</span> <span class='ocrx_word' id='word_1_304' title='bbox 2419 2651 2583 2715; x_wconf 83' lang='grc' dir='ltr'>αὐτός</span> <span class='ocrx_word' id='word_1_305' title='bbox 2611 2652 2731 2704; x_wconf 78' lang='grc' dir='ltr'>ἐστι</span> <span class='ocrx_word' id='word_1_306' title='bbox 2756 2650 2953 2710; x_wconf 84' lang='grc' dir='ltr'>κάλλος</span> <span class='ocrx_word' id='word_1_307' title='bbox 2979 2649 3076 2702; x_wconf 74' lang='grc' dir='ltr'>τοῦ</span> <span class='ocrx_word' id='word_1_308' title='bbox 3110 2649 3281 2702; x_wconf 84' lang='grc' dir='ltr'>τόπου</span> <span class='ocrx_word' id='word_1_309' title='bbox 3326 2636 3345 2650; x_wconf 66' lang='grc'><em>’</em></span> 
     </span>
    </p>
   </div>
   <div class='ocr_carea' id='block_1_26' title="bbox 366 2733 3248 2815">
    <p class='ocr_par' dir='ltr' id='par_1_26' title="bbox 366 2733 3248 2815">
     <span class='ocr_line' id='line_1_26' title="bbox 366 2733 3248 2815; baseline 0.003 -31"><span class='ocrx_word' id='word_1_310' title='bbox 366 2733 598 2802; x_wconf 81' lang='grc' dir='ltr'>Τέρπει,</span> <span class='ocrx_word' id='word_1_311' title='bbox 632 2735 700 2789; x_wconf 82' lang='grc' dir='ltr'><strong><em>τὰ</em></strong></span> <span class='ocrx_word' id='word_1_312' title='bbox 729 2736 910 2789; x_wconf 84' lang='grc' dir='ltr'>πάντα</span> <span class='ocrx_word' id='word_1_313' title='bbox 937 2736 1223 2805; x_wconf 81' lang='grc' dir='ltr'>τέρπεται,</span> <span class='ocrx_word' id='word_1_314' title='bbox 1257 2736 1334 2807; x_wconf 82' lang='grc' dir='ltr'><strong><em>τῷ</em></strong></span> <span class='ocrx_word' id='word_1_315' title='bbox 1369 2738 1606 2810; x_wconf 79' lang='grc' dir='ltr'>δεσπότῃ</span> <span class='ocrx_word' id='word_1_316' title='bbox 2048 2745 2258 2809; x_wconf 63' lang='lat' dir='ltr'><strong><em>nmo;</em></strong></span> <span class='ocrx_word' id='word_1_317' title='bbox 2280 2744 2337 2798; x_wconf 78' lang='grc' dir='ltr'>δὲ</span> <span class='ocrx_word' id='word_1_318' title='bbox 2368 2742 2573 2815; x_wconf 64' lang='grc' dir='ltr'>μᾶλὶφν</span> <span class='ocrx_word' id='word_1_319' title='bbox 2606 2742 2832 2796; x_wconf 83' lang='grc' dir='ltr'>κάλλεσι</span> <span class='ocrx_word' id='word_1_320' title='bbox 2862 2744 2976 2805; x_wconf 83' lang='grc' dir='ltr'>τοῖς</span> <span class='ocrx_word' id='word_1_321' title='bbox 3010 2743 3069 2793; x_wconf 81' lang='grc' dir='ltr'><strong><em>έν</em></strong></span> <span class='ocrx_word' id='word_1_322' title='bbox 3096 2740 3248 2810; x_wconf 85' lang='grc' dir='ltr'>τόπῳ</span> 
     </span>
    </p>
   </div>
   <div class='ocr_carea' id='block_1_27' title="bbox 367 2825 3427 2905">
    <p class='ocr_par' dir='ltr' id='par_1_27' title="bbox 367 2825 3427 2905">
     <span class='ocr_line' id='line_1_27' title="bbox 367 2825 3427 2905; baseline 0.002 -28"><span class='ocrx_word' id='word_1_323' title='bbox 367 2825 579 2879; x_wconf 85' lang='grc' dir='ltr'>Μέλπει</span> <span class='ocrx_word' id='word_1_324' title='bbox 618 2826 685 2880; x_wconf 84' lang='grc' dir='ltr'>τὰ</span> <span class='ocrx_word' id='word_1_325' title='bbox 709 2827 886 2881; x_wconf 86' lang='grc' dir='ltr'>πάντα</span> <span class='ocrx_word' id='word_1_326' title='bbox 909 2829 1025 2891; x_wconf 82' lang='grc' dir='ltr'>καὶ,</span> <span class='ocrx_word' id='word_1_327' title='bbox 1060 2828 1222 2893; x_wconf 87' lang='grc' dir='ltr'>δοκῶ,</span> <span class='ocrx_word' id='word_1_328' title='bbox 1251 2830 1343 2883; x_wconf 78' lang='grc' dir='ltr'><strong><em>τὸν</em></strong></span> <span class='ocrx_word' id='word_1_329' title='bbox 1363 2830 1651 2902; x_wconf 83' lang='grc' dir='ltr'>δεσπότην.</span> <span class='ocrx_word' id='word_1_330' title='bbox 2049 2836 2344 2904; x_wconf 82' lang='grc' dir='ltr'>Λάμπουσι</span> <span class='ocrx_word' id='word_1_331' title='bbox 2369 2832 2654 2905; x_wconf 77' lang='grc' dir='ltr'>λαμπτὴρ,</span> <span class='ocrx_word' id='word_1_332' title='bbox 2678 2832 3063 2903; x_wconf 84' lang='grc' dir='ltr'>τερπνοτήτων</span> <span class='ocrx_word' id='word_1_333' title='bbox 3092 2831 3427 2901; x_wconf 54' lang='grc' dir='ltr'>τερπνότηςμ</span> 
     </span>
    </p>
   </div>
   <div class='ocr_carea' id='block_1_28' title="bbox 372 2916 3317 2993">
    <p class='ocr_par' dir='ltr' id='par_1_28' title="bbox 372 2916 3317 2993">
     <span class='ocr_line' id='line_1_28' title="bbox 372 2916 3317 2993; baseline 0 -22"><span class='ocrx_word' id='word_1_334' title='bbox 372 2916 481 2971; x_wconf 78' lang='grc' dir='ltr'>Ποῦ</span> <span class='ocrx_word' id='word_1_335' title='bbox 514 2918 877 2988; x_wconf 79' lang='grc' dir='ltr'>Πραξιτέλους</span> <span class='ocrx_word' id='word_1_336' title='bbox 902 2919 1038 2991; x_wconf 77' lang='grc' dir='ltr'>ἔργα</span> <span class='ocrx_word' id='word_1_337' title='bbox 1064 2936 1078 2983; x_wconf 90' lang='lat'><strong>;</strong></span> <span class='ocrx_word' id='word_1_338' title='bbox 1111 2919 1214 2973; x_wconf 81' lang='grc' dir='ltr'>ποῦ</span> <span class='ocrx_word' id='word_1_339' title='bbox 1256 2920 1311 2973; x_wconf 80' lang='grc' dir='ltr'>δὲ</span> <span class='ocrx_word' id='word_1_340' title='bbox 1342 2922 1551 2975; x_wconf 73' lang='grc' dir='ltr'>Φειδίου</span> <span class='ocrx_word' id='word_1_341' title='bbox 1577 2940 1595 2990; x_wconf 86' lang='grc'>;</span> <span class='ocrx_word' id='word_1_342' title='bbox 2050 2923 2256 2979; x_wconf 80' lang='grc' dir='ltr'>Τοῦτον</span> <span class='ocrx_word' id='word_1_343' title='bbox 2282 2922 2425 2978; x_wconf 86' lang='grc' dir='ltr'>δοκῶ</span> <span class='ocrx_word' id='word_1_344' title='bbox 2457 2940 2548 2993; x_wconf 86' lang='grc' dir='ltr'><strong><em>μοι</em></strong></span> <span class='ocrx_word' id='word_1_345' title='bbox 2577 2923 2670 2977; x_wconf 76' lang='grc' dir='ltr'>τὸν</span> <span class='ocrx_word' id='word_1_346' title='bbox 2696 2922 2864 2976; x_wconf 87' lang='grc' dir='ltr'>τόπον</span> <span class='ocrx_word' id='word_1_347' title='bbox 2896 2921 2992 2975; x_wconf 79' lang='grc' dir='ltr'>καὶ</span> <span class='ocrx_word' id='word_1_348' title='bbox 3019 2921 3317 2991; x_wconf 80' lang='grc' dir='ltr'>Φωσφόρος</span> 
     </span>
    </p>
   </div>
   <div class='ocr_carea' id='block_1_29' title="bbox 372 3008 3365 3088">
    <p class='ocr_par' dir='ltr' id='par_1_29' title="bbox 372 3008 3365 3088">
     <span class='ocr_line' id='line_1_29' title="bbox 372 3008 3365 3088; baseline 0.002 -27"><span class='ocrx_word' id='word_1_349' title='bbox 372 3011 481 3062; x_wconf 67' lang='lat' dir='ltr'><strong><em>Kal.</em></strong></span> <span class='ocrx_word' id='word_1_350' title='bbox 508 3009 611 3062; x_wconf 86' lang='grc' dir='ltr'>ποῦ</span> <span class='ocrx_word' id='word_1_351' title='bbox 643 3010 970 3077; x_wconf 63' lang='lat' dir='ltr'><strong><em>Auum-nou;</em></strong></span> <span class='ocrx_word' id='word_1_352' title='bbox 1006 3012 1111 3065; x_wconf 75' lang='grc' dir='ltr'>ποῦ</span> <span class='ocrx_word' id='word_1_353' title='bbox 1136 3011 1195 3064; x_wconf 78' lang='grc' dir='ltr'>δὲ</span> <span class='ocrx_word' id='word_1_354' title='bbox 1224 3013 1317 3066; x_wconf 78' lang='grc' dir='ltr'>καὶ</span> <span class='ocrx_word' id='word_1_355' title='bbox 1342 3013 1704 3068; x_wconf 79' lang='grc' dir='ltr'>Πολυκλείτου</span> <span class='ocrx_word' id='word_1_356' title='bbox 1732 3060 1749 3085; x_wconf 87' lang='grc'><strong><em>,</em></strong></span> <span class='ocrx_word' id='word_1_357' title='bbox 2054 3016 2275 3088; x_wconf 86' lang='grc' dir='ltr'>Πρῶτος</span> <span class='ocrx_word' id='word_1_358' title='bbox 2311 3014 2522 3085; x_wconf 82' lang='grc' dir='ltr'>βλέπων</span> <span class='ocrx_word' id='word_1_359' title='bbox 2554 3015 2736 3084; x_wconf 81' lang='grc' dir='ltr'>ἵστησι</span> <span class='ocrx_word' id='word_1_360' title='bbox 2765 3015 2857 3067; x_wconf 81' lang='grc' dir='ltr'>τὸν</span> <span class='ocrx_word' id='word_1_361' title='bbox 2885 3008 3124 3083; x_wconf 78' lang='grc' dir='ltr'>χρυσοῦν</span> <span class='ocrx_word' id='word_1_362' title='bbox 3152 3010 3365 3081; x_wconf 84' lang='grc' dir='ltr'>δίφρον.</span> 
     </span>
    </p>
   </div>
   <div class='ocr_carea' id='block_1_30' title="bbox 372 3099 3422 3175">
    <p class='ocr_par' dir='ltr' id='par_1_30' title="bbox 372 3099 3422 3175">
     <span class='ocr_line' id='line_1_30' title="bbox 372 3099 3422 3175; baseline 0 -21"><span class='ocrx_word' id='word_1_363' title='bbox 372 3102 537 3170; x_wconf 79' lang='grc' dir='ltr'>Λέγει</span> <span class='ocrx_word' id='word_1_364' title='bbox 565 3100 632 3155; x_wconf 84' lang='grc' dir='ltr'>τὰ</span> <span class='ocrx_word' id='word_1_365' title='bbox 660 3099 877 3171; x_wconf 86' lang='grc' dir='ltr'>γλυπτὰ</span> <span class='ocrx_word' id='word_1_366' title='bbox 906 3100 1080 3155; x_wconf 80' lang='grc' dir='ltr'>ταῦτα</span> <span class='ocrx_word' id='word_1_367' title='bbox 1102 3118 1118 3134; x_wconf 88' lang='grc'><strong>·</strong></span> <span class='ocrx_word' id='word_1_368' title='bbox 1145 3101 1242 3155; x_wconf 76' lang='grc' dir='ltr'>καὶ</span> <span class='ocrx_word' id='word_1_369' title='bbox 1274 3101 1385 3171; x_wconf 75' lang='grc' dir='ltr'>γὰρ</span> <span class='ocrx_word' id='word_1_370' title='bbox 1407 3102 1500 3156; x_wconf 71' lang='grc' dir='ltr'><strong><em>καὶ</em></strong></span> <span class='ocrx_word' id='word_1_371' title='bbox 1524 3102 1660 3158; x_wconf 85' lang='grc' dir='ltr'>λάλα</span> <span class='ocrx_word' id='word_1_372' title='bbox 1683 3118 1707 3134; x_wconf 66' lang='grc'><strong><em>⁵</em></strong></span> <span class='ocrx_word' id='word_1_373' title='bbox 2065 3105 2270 3159; x_wconf 77' lang='grc' dir='ltr'>ὐκνῶν</span> <span class='ocrx_word' id='word_1_374' title='bbox 2296 3103 2575 3169; x_wconf 82' lang='grc' dir='ltr'>ἀπελθεῖν,</span> <span class='ocrx_word' id='word_1_375' title='bbox 2609 3104 2705 3159; x_wconf 77' lang='grc' dir='ltr'>καὶ</span> <span class='ocrx_word' id='word_1_376' title='bbox 2725 3106 2955 3175; x_wconf 72' lang='grc' dir='ltr'>δραμεῖν</span> <span class='ocrx_word' id='word_1_377' title='bbox 2989 3104 3126 3174; x_wconf 74' lang='grc' dir='ltr'>πρὸς</span> <span class='ocrx_word' id='word_1_378' title='bbox 3156 3102 3422 3173; x_wconf 71' lang='grc' dir='ltr'>ἑσπέραν.</span> 
     </span>
    </p>
   </div>
   <div class='ocr_carea' id='block_1_31' title="bbox 374 3193 3254 3269">
    <p class='ocr_par' dir='ltr' id='par_1_31' title="bbox 374 3193 3254 3269">
     <span class='ocr_line' id='line_1_31' title="bbox 374 3193 3254 3269; baseline 0 -22"><span class='ocrx_word' id='word_1_379' title='bbox 374 3193 494 3248; x_wconf 78' lang='grc' dir='ltr'>Κᾶν</span> <span class='ocrx_word' id='word_1_380' title='bbox 530 3194 605 3265; x_wconf 78' lang='grc' dir='ltr'>μὴ</span> <span class='ocrx_word' id='word_1_381' title='bbox 632 3194 789 3262; x_wconf 78' lang='grc' dir='ltr'>λάὶα,</span> <span class='ocrx_word' id='word_1_382' title='bbox 813 3194 1078 3267; x_wconf 79' lang='grc' dir='ltr'>κράζουσι</span> <span class='ocrx_word' id='word_1_383' title='bbox 1106 3198 1229 3259; x_wconf 80' lang='grc' dir='ltr'>ταῖς</span> <span class='ocrx_word' id='word_1_384' title='bbox 1254 3196 1471 3268; x_wconf 77' lang='grc' dir='ltr'>τέχναις</span> <span class='ocrx_word' id='word_1_385' title='bbox 1492 3197 1664 3267; x_wconf 82' lang='grc' dir='ltr'>ὅμως.</span> <span class='ocrx_word' id='word_1_386' title='bbox 2056 3197 2178 3251; x_wconf 81' lang='grc' dir='ltr'>Οὐδ’</span> <span class='ocrx_word' id='word_1_387' title='bbox 2213 3197 2265 3229; x_wconf 54' lang='grc' dir='ltr'><strong><em>¹⁶λ</em></strong></span> <span class='ocrx_word' id='word_1_388' title='bbox 2287 3196 2601 3269; x_wconf 72' lang='grc' dir='ltr'>άντιλάμψῃ</span> <span class='ocrx_word' id='word_1_389' title='bbox 2627 3196 2918 3268; x_wconf 81' lang='grc' dir='ltr'>δεσπότης,</span> <span class='ocrx_word' id='word_1_390' title='bbox 2947 3194 3254 3267; x_wconf 72' lang='grc' dir='ltr'>ἡττημένος</span> 
     </span>
    </p>
   </div>
   <div class='ocr_carea' id='block_1_32' title="bbox 374 3372 3642 3445">
    <p class='ocr_par' dir='ltr' id='par_1_32' title="bbox 374 3372 3642 3445">
     <span class='ocr_line' id='line_1_32' title="bbox 374 3372 3642 3445; baseline 0 -16"><span class='ocrx_word' id='word_1_391' title='bbox 374 3375 508 3429; x_wconf 75' lang='lat' dir='ltr'><strong><em>nihil</em></strong></span> <span class='ocrx_word' id='word_1_392' title='bbox 532 3372 686 3429; x_wconf 89' lang='lat' dir='ltr'><strong><em>adest</em></strong></span> <span class='ocrx_word' id='word_1_393' title='bbox 706 3389 897 3431; x_wconf 88' lang='lat' dir='ltr'><strong><em>eorum</em></strong></span> <span class='ocrx_word' id='word_1_394' title='bbox 932 3389 1054 3445; x_wconf 67' lang='lat' dir='ltr'><strong><em>quae</em></strong></span> <span class='ocrx_word' id='word_1_395' title='bbox 1109 3375 1302 3430; x_wconf 88' lang='lat' dir='ltr'><strong><em>abesse</em></strong></span> <span class='ocrx_word' id='word_1_396' title='bbox 1347 3373 1521 3429; x_wconf 89' lang='lat' dir='ltr'><strong><em>decet.</em></strong></span> <span class='ocrx_word' id='word_1_397' title='bbox 1550 3374 1737 3440; x_wconf 64' lang='lat' dir='ltr'><strong><em>ltivos,</em></strong></span> <span class='ocrx_word' id='word_1_398' title='bbox 1770 3376 1949 3445; x_wconf 77' lang='lat' dir='ltr'><strong><em>qualia</em></strong></span> <span class='ocrx_word' id='word_1_399' title='bbox 1982 3378 2023 3438; x_wconf 76' lang='grc' dir='ltr'>ε</span> <span class='ocrx_word' id='word_1_400' title='bbox 2058 3374 2227 3439; x_wconf 84' lang='lat' dir='ltr'><strong><em>lebra,</em></strong></span> <span class='ocrx_word' id='word_1_401' title='bbox 2249 3375 2304 3430; x_wconf 91' lang='lat' dir='ltr'><strong><em>in</em></strong></span> <span class='ocrx_word' id='word_1_402' title='bbox 2331 3374 2527 3430; x_wconf 85' lang='lat' dir='ltr'><strong><em>domos</em></strong></span> <span class='ocrx_word' id='word_1_403' title='bbox 2552 3374 2856 3445; x_wconf 81' lang='lat' dir='ltr'><strong><em>ingredere.</em></strong></span> <span class='ocrx_word' id='word_1_404' title='bbox 2876 3373 3012 3442; x_wconf 84' lang='lat' dir='ltr'><strong><em>Quis</em></strong></span> <span class='ocrx_word' id='word_1_405' title='bbox 3036 3374 3277 3429; x_wconf 73' lang='lat' dir='ltr'><strong><em>Bezrleel</em></strong></span> <span class='ocrx_word' id='word_1_406' title='bbox 3302 3375 3642 3433; x_wconf 82' lang='lat' dir='ltr'><strong><em>architectus</em></strong></span> 
     </span>
    </p>
   </div>
   <div class='ocr_carea' id='block_1_33' title="bbox 378 3466 3641 3539">
    <p class='ocr_par' dir='ltr' id='par_1_33' title="bbox 378 3466 3641 3539">
     <span class='ocr_line' id='line_1_33' title="bbox 378 3466 3641 3539; baseline 0 -18"><span class='ocrx_word' id='word_1_407' title='bbox 378 3484 524 3523; x_wconf 64' lang='lat' dir='ltr'><strong><em>nvos</em></strong></span> <span class='ocrx_word' id='word_1_408' title='bbox 556 3468 721 3524; x_wconf 89' lang='lat' dir='ltr'><strong><em>verba</em></strong></span> <span class='ocrx_word' id='word_1_409' title='bbox 755 3468 977 3523; x_wconf 81' lang='lat' dir='ltr'><strong><em>dicent?</em></strong></span> <span class='ocrx_word' id='word_1_410' title='bbox 1010 3483 1237 3533; x_wconf 82' lang='lat' dir='ltr'><strong><em>aureos,</em></strong></span> <span class='ocrx_word' id='word_1_411' title='bbox 1266 3467 1542 3535; x_wconf 88' lang='lat' dir='ltr'><strong><em>limpidus,</em></strong></span> <span class='ocrx_word' id='word_1_412' title='bbox 1581 3467 1836 3536; x_wconf 76' lang='lat' dir='ltr'><strong><em>frigidos,</em></strong></span> <span class='ocrx_word' id='word_1_413' title='bbox 1866 3485 1951 3521; x_wconf 83' lang='lat' dir='ltr'><strong><em>ra-</em></strong></span> <span class='ocrx_word' id='word_1_414' title='bbox 2053 3468 2340 3525; x_wconf 89' lang='lat' dir='ltr'><strong><em>domorum</em></strong></span> <span class='ocrx_word' id='word_1_415' title='bbox 2367 3469 2381 3522; x_wconf 87' lang='lat'><strong>!</strong></span> <span class='ocrx_word' id='word_1_416' title='bbox 2417 3466 2462 3523; x_wconf 91' lang='grc' dir='ltr'><strong>Ο</strong></span> <span class='ocrx_word' id='word_1_417' title='bbox 2491 3483 2688 3523; x_wconf 89' lang='lat' dir='ltr'><strong><em>manus</em></strong></span> <span class='ocrx_word' id='word_1_418' title='bbox 2708 3484 2869 3539; x_wconf 88' lang='lat' dir='ltr'><strong><em>opus,</em></strong></span> <span class='ocrx_word' id='word_1_419' title='bbox 2900 3484 3116 3534; x_wconf 90' lang='lat' dir='ltr'><strong><em>manus,</em></strong></span> <span class='ocrx_word' id='word_1_420' title='bbox 3143 3468 3236 3524; x_wconf 79' lang='lat' dir='ltr'><strong><em>Sed</em></strong></span> <span class='ocrx_word' id='word_1_421' title='bbox 3273 3477 3441 3523; x_wconf 80' lang='lat' dir='ltr'><strong><em>artem</em></strong></span> <span class='ocrx_word' id='word_1_422' title='bbox 3472 3484 3641 3538; x_wconf 81' lang='lat' dir='ltr'><strong><em>supe-</em></strong></span> 
     </span>
    </p>
   </div>
   <div class='ocr_carea' id='block_1_34' title="bbox 382 3561 3640 3631">
    <p class='ocr_par' dir='ltr' id='par_1_34' title="bbox 382 3561 3640 3631">
     <span class='ocr_line' id='line_1_34' title="bbox 382 3561 3640 3631; baseline -0.001 -15"><span class='ocrx_word' id='word_1_423' title='bbox 382 3563 562 3630; x_wconf 77' lang='lat' dir='ltr'><strong><em>pidos,</em></strong></span> <span class='ocrx_word' id='word_1_424' title='bbox 610 3576 958 3623; x_wconf 83' lang='lat' dir='ltr'><strong><em>numerosos.</em></strong></span> <span class='ocrx_word' id='word_1_425' title='bbox 994 3562 1151 3615; x_wconf 81' lang='lat' dir='ltr'><strong><em>melle</em></strong></span> <span class='ocrx_word' id='word_1_426' title='bbox 1203 3570 1490 3616; x_wconf 72' lang='lat' dir='ltr'><strong><em>manantes</em></strong></span> <span class='ocrx_word' id='word_1_427' title='bbox 1541 3579 1572 3617; x_wconf 92' lang='lat' dir='ltr'><strong><em>e</em></strong></span> <span class='ocrx_word' id='word_1_428' title='bbox 1620 3561 1791 3625; x_wconf 63' lang='lat' dir='ltr'><strong><em>satis,</em></strong></span> <span class='ocrx_word' id='word_1_429' title='bbox 1828 3578 1951 3616; x_wconf 79' lang='lat' dir='ltr'><strong><em>cum</em></strong></span> <span class='ocrx_word' id='word_1_430' title='bbox 2056 3562 2208 3615; x_wconf 74' lang='lat' dir='ltr'><strong><em>rans!</em></strong></span> <span class='ocrx_word' id='word_1_431' title='bbox 2243 3576 2277 3615; x_wconf 88' lang='lat'><strong>0</strong></span> <span class='ocrx_word' id='word_1_432' title='bbox 2317 3570 2552 3616; x_wconf 91' lang='lat' dir='ltr'><strong><em>mentem</em></strong></span> <span class='ocrx_word' id='word_1_433' title='bbox 2596 3562 3030 3631; x_wconf 77' lang='lat' dir='ltr'><strong><em>prmstantiorem</em></strong></span> <span class='ocrx_word' id='word_1_434' title='bbox 3089 3562 3369 3626; x_wconf 91' lang='lat' dir='ltr'><strong><em>omnibus,</em></strong></span> <span class='ocrx_word' id='word_1_435' title='bbox 3402 3570 3640 3615; x_wconf 74' lang='grc' dir='ltr'>ηιιιιιῑυιιι</span> 
     </span>
    </p>
   </div>
   <div class='ocr_carea' id='block_1_35' title="bbox 374 3652 3640 3724">
    <p class='ocr_par' dir='ltr' id='par_1_35' title="bbox 374 3652 3640 3724">
     <span class='ocr_line' id='line_1_35' title="bbox 374 3652 3640 3724; baseline 0 -18"><span class='ocrx_word' id='word_1_436' title='bbox 374 3654 619 3723; x_wconf 59' lang='lat' dir='ltr'><strong><em>jatcundo</em></strong></span> <span class='ocrx_word' id='word_1_437' title='bbox 650 3669 824 3719; x_wconf 85' lang='lat' dir='ltr'><strong><em>sono;</em></strong></span> <span class='ocrx_word' id='word_1_438' title='bbox 869 3654 951 3707; x_wconf 85' lang='lat' dir='ltr'><strong><em>vel</em></strong></span> <span class='ocrx_word' id='word_1_439' title='bbox 990 3653 1189 3707; x_wconf 79' lang='lat' dir='ltr'><strong><em>balnea</em></strong></span> <span class='ocrx_word' id='word_1_440' title='bbox 1216 3654 1319 3709; x_wconf 88' lang='lat' dir='ltr'><strong><em>ista</em></strong></span> <span class='ocrx_word' id='word_1_441' title='bbox 1351 3652 1701 3722; x_wconf 75' lang='lat' dir='ltr'><strong><em>Gratiarum,</em></strong></span> <span class='ocrx_word' id='word_1_442' title='bbox 1736 3666 1794 3708; x_wconf 90' lang='lat' dir='ltr'><strong><em>ut</em></strong></span> <span class='ocrx_word' id='word_1_443' title='bbox 1818 3655 1955 3709; x_wconf 75' lang='lat' dir='ltr'><strong><em>diri-</em></strong></span> <span class='ocrx_word' id='word_1_444' title='bbox 2063 3654 2339 3709; x_wconf 78' lang='lat' dir='ltr'><strong><em>mentibus</em></strong></span> <span class='ocrx_word' id='word_1_445' title='bbox 2362 3654 2989 3724; x_wconf 88' lang='lat' dir='ltr'><strong><em>superiorem,mentem</em></strong></span> <span class='ocrx_word' id='word_1_446' title='bbox 3026 3654 3377 3718; x_wconf 89' lang='lat' dir='ltr'><strong><em>creatricem,</em></strong></span> <span class='ocrx_word' id='word_1_447' title='bbox 3405 3671 3472 3707; x_wconf 76' lang='grc' dir='ltr'>ιιιι</span> <span class='ocrx_word' id='word_1_448' title='bbox 3495 3662 3640 3707; x_wconf 74' lang='grc' dir='ltr'>ιιιοιιι</span> 
     </span>
    </p>
   </div>
   <div class='ocr_carea' id='block_1_36' title="bbox 376 3744 3645 3816">
    <p class='ocr_par' dir='ltr' id='par_1_36' title="bbox 376 3744 3645 3816">
     <span class='ocr_line' id='line_1_36' title="bbox 376 3744 3645 3816; baseline -0.001 -16"><span class='ocrx_word' id='word_1_449' title='bbox 376 3758 488 3809; x_wconf 77' lang='lat' dir='ltr'><strong><em>tur,</em></strong></span> <span class='ocrx_word' id='word_1_450' title='bbox 513 3747 593 3801; x_wconf 80' lang='lat' dir='ltr'><strong><em>vel</em></strong></span> <span class='ocrx_word' id='word_1_451' title='bbox 628 3746 813 3816; x_wconf 80' lang='lat' dir='ltr'><strong><em>patius</em></strong></span> <span class='ocrx_word' id='word_1_452' title='bbox 863 3746 955 3799; x_wconf 84' lang='lat' dir='ltr'><strong><em>illa</em></strong></span> <span class='ocrx_word' id='word_1_453' title='bbox 987 3744 1189 3801; x_wconf 69' lang='lat' dir='ltr'><strong><em>Gratia:</em></strong></span> <span class='ocrx_word' id='word_1_454' title='bbox 1219 3746 1350 3816; x_wconf 71' lang='lat' dir='ltr'><strong><em>ipsa:</em></strong></span> <span class='ocrx_word' id='word_1_455' title='bbox 1374 3746 1426 3800; x_wconf 91' lang='lat' dir='ltr'><strong><em>in</em></strong></span> <span class='ocrx_word' id='word_1_456' title='bbox 1476 3747 1817 3814; x_wconf 78' lang='lat' dir='ltr'><strong><em>etl‘usionem,</em></strong></span> <span class='ocrx_word' id='word_1_457' title='bbox 1845 3762 1951 3801; x_wconf 89' lang='lat' dir='ltr'><strong><em>non</em></strong></span> <span class='ocrx_word' id='word_1_458' title='bbox 2060 3746 2348 3816; x_wconf 80' lang='lat' dir='ltr'><strong><em>reginam?</em></strong></span> <span class='ocrx_word' id='word_1_459' title='bbox 2371 3746 2585 3816; x_wconf 78' lang='lat' dir='ltr'><strong>Linque</strong></span> <span class='ocrx_word' id='word_1_460' title='bbox 2618 3746 2922 3811; x_wconf 83' lang='lat' dir='ltr'><strong><em>terrestria,</em></strong></span> <span class='ocrx_word' id='word_1_461' title='bbox 2945 3760 3182 3816; x_wconf 82' lang='lat' dir='ltr'><strong><em>superna</em></strong></span> <span class='ocrx_word' id='word_1_462' title='bbox 3221 3744 3467 3812; x_wconf 86' lang='lat' dir='ltr'><strong><em>intuere;</em></strong></span> <span class='ocrx_word' id='word_1_463' title='bbox 3508 3760 3542 3800; x_wconf 91' lang='lat'><strong><em>0</em></strong></span> <span class='ocrx_word' id='word_1_464' title='bbox 3565 3744 3645 3797; x_wconf 87' lang='lat' dir='ltr'><strong><em>lu-</em></strong></span> 
     </span>
    </p>
   </div>
   <div class='ocr_carea' id='block_1_37' title="bbox 381 3837 3647 3909">
    <p class='ocr_par' dir='ltr' id='par_1_37' title="bbox 381 3837 3647 3909">
     <span class='ocr_line' id='line_1_37' title="bbox 381 3837 3647 3909; baseline -0.001 -20"><span class='ocrx_word' id='word_1_465' title='bbox 381 3849 495 3893; x_wconf 87' lang='lat' dir='ltr'><strong><em>tres</em></strong></span> <span class='ocrx_word' id='word_1_466' title='bbox 547 3847 761 3893; x_wconf 90' lang='lat' dir='ltr'><strong><em>tantum</em></strong></span> <span class='ocrx_word' id='word_1_467' title='bbox 814 3837 1157 3893; x_wconf 76' lang='lat' dir='ltr'><strong><em>ell‘uudentes</em></strong></span> <span class='ocrx_word' id='word_1_468' title='bbox 1228 3839 1322 3893; x_wconf 88' lang='lat' dir='ltr'><strong><em>sed</em></strong></span> <span class='ocrx_word' id='word_1_469' title='bbox 1376 3839 1545 3905; x_wconf 88' lang='lat' dir='ltr'><strong><em>mille,</em></strong></span> <span class='ocrx_word' id='word_1_470' title='bbox 1596 3841 1678 3894; x_wconf 89' lang='lat' dir='ltr'><strong><em>vel</em></strong></span> <span class='ocrx_word' id='word_1_471' title='bbox 1720 3849 1957 3909; x_wconf 77' lang='lat' dir='ltr'><strong><em>quatuor</em></strong></span> <span class='ocrx_word' id='word_1_472' title='bbox 2060 3839 2242 3893; x_wconf 86' lang='lat' dir='ltr'><strong><em>cidum</em></strong></span> <span class='ocrx_word' id='word_1_473' title='bbox 2319 3854 2524 3902; x_wconf 88' lang='lat' dir='ltr'><strong><em>aerem,</em></strong></span> <span class='ocrx_word' id='word_1_474' title='bbox 2572 3855 2794 3908; x_wconf 80' lang='lat' dir='ltr'><strong><em>parvam</em></strong></span> <span class='ocrx_word' id='word_1_475' title='bbox 2872 3839 3150 3893; x_wconf 88' lang='lat' dir='ltr'><strong><em>non-lucis</em></strong></span> <span class='ocrx_word' id='word_1_476' title='bbox 3215 3837 3572 3892; x_wconf 80' lang='lat' dir='ltr'><strong><em>eﬂusionem!</em></strong></span> <span class='ocrx_word' id='word_1_477' title='bbox 3614 3856 3647 3887; x_wconf 80' lang='grc' dir='ltr'><strong><em>υ</em></strong></span> 
     </span>
    </p>
   </div>
   <div class='ocr_carea' id='block_1_38' title="bbox 381 3926 3643 4008">
    <p class='ocr_par' dir='ltr' id='par_1_38' title="bbox 381 3926 3643 4008">
     <span class='ocr_line' id='line_1_38' title="bbox 381 3926 3643 4008; baseline -0 -25"><span class='ocrx_word' id='word_1_478' title='bbox 381 3931 608 3984; x_wconf 60' lang='lat' dir='ltr'><strong><em>luentes</em></strong></span> <span class='ocrx_word' id='word_1_479' title='bbox 651 3944 718 3984; x_wconf 74' lang='lat' dir='ltr'><strong><em>ex</em></strong></span> <span class='ocrx_word' id='word_1_480' title='bbox 753 3928 897 3984; x_wconf 87' lang='lat' dir='ltr'><strong><em>Edeu</em></strong></span> <span class='ocrx_word' id='word_1_481' title='bbox 939 3930 1070 3984; x_wconf 84' lang='lat' dir='ltr'><strong><em>olim</em></strong></span> <span class='ocrx_word' id='word_1_482' title='bbox 1128 3930 1228 3983; x_wconf 83' lang='lat' dir='ltr'><strong><em>rivi</em></strong></span> <span class='ocrx_word' id='word_1_483' title='bbox 1272 3930 1501 4000; x_wconf 82' lang='lat' dir='ltr'><strong><em>irrigant</em></strong></span> <span class='ocrx_word' id='word_1_484' title='bbox 1537 3932 1680 3987; x_wconf 84' lang='lat' dir='ltr'><strong><em>Eden</em></strong></span> <span class='ocrx_word' id='word_1_485' title='bbox 1731 3926 1955 3987; x_wconf 86' lang='lat' dir='ltr'><strong><em>novum.</em></strong></span> <span class='ocrx_word' id='word_1_486' title='bbox 2062 3940 2443 4001; x_wconf 88' lang='lat' dir='ltr'><strong><em>tempestatum</em></strong></span> <span class='ocrx_word' id='word_1_487' title='bbox 2476 3933 2832 4003; x_wconf 85' lang='lat' dir='ltr'><strong><em>temperiem!</em></strong></span> <span class='ocrx_word' id='word_1_488' title='bbox 2867 3948 2900 3986; x_wconf 94' lang='lat' dir='ltr'><strong><em>o</em></strong></span> <span class='ocrx_word' id='word_1_489' title='bbox 2924 3932 3363 4008; x_wconf 81' lang='lat' dir='ltr'><strong><em>spectaculorum</em></strong></span> <span class='ocrx_word' id='word_1_490' title='bbox 3403 3930 3643 3983; x_wconf 70' lang='lat' dir='ltr'><strong><em>fontem!</em></strong></span> 
     </span>
    </p>
   </div>
   <div class='ocr_carea' id='block_1_39' title="bbox 387 4021 3647 4094">
    <p class='ocr_par' dir='ltr' id='par_1_39' title="bbox 387 4021 3647 4094">
     <span class='ocr_line' id='line_1_39' title="bbox 387 4021 3647 4094; baseline 0 -20"><span class='ocrx_word' id='word_1_491' title='bbox 387 4021 611 4085; x_wconf 72' lang='lat' dir='ltr'><strong><em>Fontes,</em></strong></span> <span class='ocrx_word' id='word_1_492' title='bbox 640 4021 856 4085; x_wconf 51' lang='lat' dir='ltr'><strong><em>ﬁstulae,</em></strong></span> <span class='ocrx_word' id='word_1_493' title='bbox 891 4033 1038 4076; x_wconf 82' lang='lat' dir='ltr'><strong><em>artes</em></strong></span> <span class='ocrx_word' id='word_1_494' title='bbox 1071 4022 1288 4087; x_wconf 67' lang='lat' dir='ltr'><strong><em>illorum</em></strong></span> <span class='ocrx_word' id='word_1_495' title='bbox 1320 4022 1545 4077; x_wconf 76' lang='lat' dir='ltr'><strong><em>inﬁnita:</em></strong></span> <span class='ocrx_word' id='word_1_496' title='bbox 1588 4025 1759 4094; x_wconf 80' lang='lat' dir='ltr'><strong><em>magis</em></strong></span> <span class='ocrx_word' id='word_1_497' title='bbox 1812 4025 1959 4078; x_wconf 89' lang='lat' dir='ltr'><strong><em>rivo-</em></strong></span> <span class='ocrx_word' id='word_1_498' title='bbox 2063 4027 2327 4089; x_wconf 66' lang='lat' dir='ltr'><strong><em>materiae,</em></strong></span> <span class='ocrx_word' id='word_1_499' title='bbox 2348 4024 3365 4093; x_wconf 75' lang='lat' dir='ltr'><strong><em>artis,terr:n,aeris,lucis,ea:li;quis</em></strong></span> <span class='ocrx_word' id='word_1_500' title='bbox 3384 4022 3647 4076; x_wconf 90' lang='lat' dir='ltr'><strong><em>Salomon</em></strong></span> 
     </span>
    </p>
   </div>
   <div class='ocr_carea' id='block_1_40' title="bbox 387 4113 3641 4181">
    <p class='ocr_par' dir='ltr' id='par_1_40' title="bbox 387 4113 3641 4181">
     <span class='ocr_line' id='line_1_40' title="bbox 387 4113 3641 4181; baseline 0 -16"><span class='ocrx_word' id='word_1_501' title='bbox 387 4130 505 4168; x_wconf 73' lang='lat' dir='ltr'><strong><em>rum</em></strong></span> <span class='ocrx_word' id='word_1_502' title='bbox 533 4113 762 4169; x_wconf 77' lang='lat' dir='ltr'><strong><em>delicias</em></strong></span> <span class='ocrx_word' id='word_1_503' title='bbox 790 4114 1076 4169; x_wconf 82' lang='lat' dir='ltr'><strong><em>ell&#39;unduut</em></strong></span> <span class='ocrx_word' id='word_1_504' title='bbox 1107 4131 1121 4168; x_wconf 91' lang='lat'><strong>:</strong></span> <span class='ocrx_word' id='word_1_505' title='bbox 1155 4114 1439 4168; x_wconf 88' lang='lat' dir='ltr'><strong><em>iucantant</em></strong></span> <span class='ocrx_word' id='word_1_506' title='bbox 1466 4116 1549 4169; x_wconf 93' lang='lat' dir='ltr'><strong><em>vel</em></strong></span> <span class='ocrx_word' id='word_1_507' title='bbox 1584 4114 1726 4171; x_wconf 79' lang='lat' dir='ltr'><strong><em>feras</em></strong></span> <span class='ocrx_word' id='word_1_508' title='bbox 1753 4128 1803 4171; x_wconf 93' lang='lat' dir='ltr'><strong><em>et</em></strong></span> <span class='ocrx_word' id='word_1_509' title='bbox 1829 4132 1960 4172; x_wconf 74' lang='lat' dir='ltr'><strong><em>sava</em></strong></span> <span class='ocrx_word' id='word_1_510' title='bbox 2066 4116 2342 4171; x_wconf 87' lang='lat' dir='ltr'><strong><em>ordinavit</em></strong></span> <span class='ocrx_word' id='word_1_511' title='bbox 2399 4116 2545 4171; x_wconf 83' lang='lat' dir='ltr'><strong><em>hanc</em></strong></span> <span class='ocrx_word' id='word_1_512' title='bbox 2576 4116 2954 4171; x_wconf 84' lang='lat' dir='ltr'><strong><em>creationem?</em></strong></span> <span class='ocrx_word' id='word_1_513' title='bbox 2987 4115 3124 4181; x_wconf 83' lang='lat' dir='ltr'><strong><em>Quis</em></strong></span> <span class='ocrx_word' id='word_1_514' title='bbox 3154 4123 3381 4169; x_wconf 87' lang='lat' dir='ltr'><strong><em>naturas</em></strong></span> <span class='ocrx_word' id='word_1_515' title='bbox 3440 4114 3641 4167; x_wconf 49' lang='lat' dir='ltr'><strong><em>coadtt.</em></strong></span> 
     </span>
    </p>
   </div>
   <div class='ocr_carea' id='block_1_41' title="bbox 386 4203 3653 4278">
    <p class='ocr_par' dir='ltr' id='par_1_41' title="bbox 386 4203 3653 4278">
     <span class='ocr_line' id='line_1_41' title="bbox 386 4203 3653 4278; baseline -0.001 -20"><span class='ocrx_word' id='word_1_516' title='bbox 386 4206 522 4273; x_wconf 75' lang='lat' dir='ltr'><strong><em>ipsa.</em></strong></span> <span class='ocrx_word' id='word_1_517' title='bbox 590 4205 753 4260; x_wconf 84' lang='lat' dir='ltr'><strong><em>Vides</em></strong></span> <span class='ocrx_word' id='word_1_518' title='bbox 804 4204 1253 4269; x_wconf 85' lang='lat' dir='ltr'><strong><em>multitudinem,</em></strong></span> <span class='ocrx_word' id='word_1_519' title='bbox 1301 4203 1471 4269; x_wconf 81' lang='lat' dir='ltr'><strong><em>feras,</em></strong></span> <span class='ocrx_word' id='word_1_520' title='bbox 1523 4220 1675 4271; x_wconf 90' lang='lat' dir='ltr'><strong><em>aves,</em></strong></span> <span class='ocrx_word' id='word_1_521' title='bbox 1732 4207 1964 4276; x_wconf 79' lang='lat' dir='ltr'><strong><em>pisces?</em></strong></span> <span class='ocrx_word' id='word_1_522' title='bbox 2071 4209 2221 4263; x_wconf 90' lang='lat' dir='ltr'><strong><em>navit</em></strong></span> <span class='ocrx_word' id='word_1_523' title='bbox 2253 4208 2308 4262; x_wconf 90' lang='lat' dir='ltr'><strong><em>in</em></strong></span> <span class='ocrx_word' id='word_1_524' title='bbox 2336 4222 2509 4261; x_wconf 91' lang='lat' dir='ltr'><strong><em>unum</em></strong></span> <span class='ocrx_word' id='word_1_525' title='bbox 2555 4207 2734 4276; x_wconf 78' lang='lat' dir='ltr'><strong><em>Opus?</em></strong></span> <span class='ocrx_word' id='word_1_526' title='bbox 2763 4206 2901 4278; x_wconf 78' lang='lat' dir='ltr'><strong><em>Quis</em></strong></span> <span class='ocrx_word' id='word_1_527' title='bbox 2938 4217 3163 4261; x_wconf 77' lang='lat' dir='ltr'><strong><em>naturas</em></strong></span> <span class='ocrx_word' id='word_1_528' title='bbox 3214 4205 3399 4277; x_wconf 88' lang='lat' dir='ltr'><strong><em>potius</em></strong></span> <span class='ocrx_word' id='word_1_529' title='bbox 3426 4219 3523 4272; x_wconf 84' lang='lat' dir='ltr'><strong><em>per</em></strong></span> <span class='ocrx_word' id='word_1_530' title='bbox 3562 4220 3653 4256; x_wconf 82' lang='lat' dir='ltr'><strong><em>ar-</em></strong></span> 
     </span>
    </p>
   </div>
   <div class='ocr_carea' id='block_1_42' title="bbox 384 4296 3653 4373">
    <p class='ocr_par' dir='ltr' id='par_1_42' title="bbox 384 4296 3653 4373">
     <span class='ocr_line' id='line_1_42' title="bbox 384 4296 3653 4373; baseline -0.001 -22"><span class='ocrx_word' id='word_1_531' title='bbox 384 4297 517 4351; x_wconf 76' lang='lat' dir='ltr'><strong><em>Milii</em></strong></span> <span class='ocrx_word' id='word_1_532' title='bbox 553 4297 806 4351; x_wconf 88' lang='lat' dir='ltr'><strong><em>videntur</em></strong></span> <span class='ocrx_word' id='word_1_533' title='bbox 839 4297 1068 4367; x_wconf 83' lang='lat' dir='ltr'><strong><em>liquisse</em></strong></span> <span class='ocrx_word' id='word_1_534' title='bbox 1114 4310 1336 4351; x_wconf 90' lang='lat' dir='ltr'><strong><em>omnem</em></strong></span> <span class='ocrx_word' id='word_1_535' title='bbox 1394 4298 1585 4373; x_wconf 87' lang='lat' dir='ltr'><strong><em>mundi</em></strong></span> <span class='ocrx_word' id='word_1_536' title='bbox 1639 4307 1873 4368; x_wconf 88' lang='lat' dir='ltr'><strong><em>partem,</em></strong></span> <span class='ocrx_word' id='word_1_537' title='bbox 1907 4308 1966 4352; x_wconf 93' lang='lat' dir='ltr'><strong><em>ut</em></strong></span> <span class='ocrx_word' id='word_1_538' title='bbox 2070 4309 2176 4355; x_wconf 91' lang='lat' dir='ltr'><strong><em>tem</em></strong></span> <span class='ocrx_word' id='word_1_539' title='bbox 2230 4298 2660 4355; x_wconf 80' lang='lat' dir='ltr'><strong><em>transmutavit?</em></strong></span> <span class='ocrx_word' id='word_1_540' title='bbox 2686 4298 2950 4369; x_wconf 81' lang='lat' dir='ltr'><strong><em>Sapiens,</em></strong></span> <span class='ocrx_word' id='word_1_541' title='bbox 2977 4298 3199 4368; x_wconf 85' lang='lat' dir='ltr'><strong><em>sapiens</em></strong></span> <span class='ocrx_word' id='word_1_542' title='bbox 3250 4311 3427 4360; x_wconf 90' lang='lat' dir='ltr'><strong><em>mens,</em></strong></span> <span class='ocrx_word' id='word_1_543' title='bbox 3454 4296 3653 4366; x_wconf 76' lang='lat' dir='ltr'><strong><em>regalis</em></strong></span> 
     </span>
    </p>
   </div>
   <div class='ocr_carea' id='block_1_43' title="bbox 386 4389 3650 4459">
    <p class='ocr_par' dir='ltr' id='par_1_43' title="bbox 386 4389 3650 4459">
     <span class='ocr_line' id='line_1_43' title="bbox 386 4389 3650 4459; baseline -0.002 -16"><span class='ocrx_word' id='word_1_544' title='bbox 386 4390 458 4443; x_wconf 78' lang='lat' dir='ltr'><strong><em>ibi</em></strong></span> <span class='ocrx_word' id='word_1_545' title='bbox 487 4390 588 4443; x_wconf 85' lang='lat' dir='ltr'><strong><em>hoc</em></strong></span> <span class='ocrx_word' id='word_1_546' title='bbox 626 4390 747 4443; x_wconf 91' lang='lat' dir='ltr'><strong><em>loco</em></strong></span> <span class='ocrx_word' id='word_1_547' title='bbox 776 4390 959 4443; x_wconf 76' lang='lat' dir='ltr'><strong><em>sedem</em></strong></span> <span class='ocrx_word' id='word_1_548' title='bbox 993 4390 1337 4455; x_wconf 85' lang='lat' dir='ltr'><strong><em>invenirent;</em></strong></span> <span class='ocrx_word' id='word_1_549' title='bbox 1374 4390 1457 4444; x_wconf 87' lang='lat' dir='ltr'><strong><em>vel</em></strong></span> <span class='ocrx_word' id='word_1_550' title='bbox 1488 4390 1553 4444; x_wconf 89' lang='lat' dir='ltr'><strong><em>ad</em></strong></span> <span class='ocrx_word' id='word_1_551' title='bbox 1600 4389 1963 4459; x_wconf 79' lang='lat' dir='ltr'><strong><em>pulcltritudi-</em></strong></span> <span class='ocrx_word' id='word_1_552' title='bbox 2072 4401 2304 4458; x_wconf 87' lang='lat' dir='ltr'><strong><em>natura,</em></strong></span> <span class='ocrx_word' id='word_1_553' title='bbox 2346 4401 2504 4445; x_wconf 65' lang='lat' dir='ltr'><strong><em>terra:</em></strong></span> <span class='ocrx_word' id='word_1_554' title='bbox 2566 4389 2917 4455; x_wconf 88' lang='lat' dir='ltr'><strong><em>miraculum,</em></strong></span> <span class='ocrx_word' id='word_1_555' title='bbox 2983 4402 3260 4443; x_wconf 84' lang='lat' dir='ltr'><strong><em>coronans</em></strong></span> <span class='ocrx_word' id='word_1_556' title='bbox 3317 4395 3371 4441; x_wconf 90' lang='lat' dir='ltr'><strong><em>et</em></strong></span> <span class='ocrx_word' id='word_1_557' title='bbox 3422 4400 3650 4449; x_wconf 79' lang='lat' dir='ltr'><strong><em>corona,</em></strong></span> 
     </span>
    </p>
   </div>
   <div class='ocr_carea' id='block_1_44' title="bbox 389 4479 3646 4553">
    <p class='ocr_par' dir='ltr' id='par_1_44' title="bbox 389 4479 3646 4553">
     <span class='ocr_line' id='line_1_44' title="bbox 389 4479 3646 4553; baseline -0.002 -17"><span class='ocrx_word' id='word_1_558' title='bbox 389 4498 515 4536; x_wconf 75' lang='lat' dir='ltr'><strong><em>nem</em></strong></span> <span class='ocrx_word' id='word_1_559' title='bbox 546 4482 759 4537; x_wconf 92' lang='lat' dir='ltr'><strong><em>Domini</em></strong></span> <span class='ocrx_word' id='word_1_560' title='bbox 832 4485 1201 4546; x_wconf 87' lang='lat' dir='ltr'><strong><em>concurrisse,</em></strong></span> <span class='ocrx_word' id='word_1_561' title='bbox 1234 4492 1297 4538; x_wconf 94' lang='lat' dir='ltr'><strong><em>ut</em></strong></span> <span class='ocrx_word' id='word_1_562' title='bbox 1342 4482 1410 4537; x_wconf 89' lang='lat' dir='ltr'><strong><em>ad</em></strong></span> <span class='ocrx_word' id='word_1_563' title='bbox 1436 4492 1659 4538; x_wconf 90' lang='lat' dir='ltr'><strong><em>cautum</em></strong></span> <span class='ocrx_word' id='word_1_564' title='bbox 1693 4482 1822 4537; x_wconf 89' lang='lat' dir='ltr'><strong><em>olim</em></strong></span> <span class='ocrx_word' id='word_1_565' title='bbox 1869 4481 1969 4538; x_wconf 70' lang='grc' dir='ltr'>Οε-</span> <span class='ocrx_word' id='word_1_566' title='bbox 2070 4484 2323 4537; x_wconf 85' lang='lat' dir='ltr'><strong><em>omnium</em></strong></span> <span class='ocrx_word' id='word_1_567' title='bbox 2350 4483 2706 4538; x_wconf 84' lang='lat' dir='ltr'><strong><em>barbarorum</em></strong></span> <span class='ocrx_word' id='word_1_568' title='bbox 2742 4481 3088 4553; x_wconf 87' lang='lat' dir='ltr'><strong><em>tyrannidem</em></strong></span> <span class='ocrx_word' id='word_1_569' title='bbox 3117 4480 3368 4545; x_wconf 89' lang='lat' dir='ltr'><strong><em>vincens,</em></strong></span> <span class='ocrx_word' id='word_1_570' title='bbox 3400 4479 3646 4539; x_wconf 79' lang='lat' dir='ltr'><strong><em>dolores,</em></strong></span> 
     </span>
    </p>
   </div>
   <div class='ocr_carea' id='block_1_45' title="bbox 388 4572 3655 4644">
    <p class='ocr_par' dir='ltr' id='par_1_45' title="bbox 388 4572 3655 4644">
     <span class='ocr_line' id='line_1_45' title="bbox 388 4572 3655 4644; baseline -0.001 -17"><span class='ocrx_word' id='word_1_571' title='bbox 388 4574 512 4643; x_wconf 75' lang='lat' dir='ltr'><strong><em>pinei</em></strong></span> <span class='ocrx_word' id='word_1_572' title='bbox 552 4573 936 4644; x_wconf 66' lang='lat' dir='ltr'><strong><em>properabant.</em></strong></span> <span class='ocrx_word' id='word_1_573' title='bbox 965 4575 1224 4642; x_wconf 82' lang='lat' dir='ltr'><strong><em>Cantant,</em></strong></span> <span class='ocrx_word' id='word_1_574' title='bbox 1267 4583 1322 4629; x_wconf 92' lang='lat' dir='ltr'><strong><em>et</em></strong></span> <span class='ocrx_word' id='word_1_575' title='bbox 1356 4576 1611 4629; x_wconf 87' lang='lat' dir='ltr'><strong><em>cantibus</em></strong></span> <span class='ocrx_word' id='word_1_576' title='bbox 1637 4577 1971 4644; x_wconf 75' lang='lat' dir='ltr'><strong><em>respondent</em></strong></span> <span class='ocrx_word' id='word_1_577' title='bbox 2074 4578 2459 4642; x_wconf 74' lang='lat' dir='ltr'><strong><em>necessitates,</em></strong></span> <span class='ocrx_word' id='word_1_578' title='bbox 2517 4583 2791 4639; x_wconf 86' lang='lat' dir='ltr'><strong><em>ventrem,</em></strong></span> <span class='ocrx_word' id='word_1_579' title='bbox 2851 4589 3142 4638; x_wconf 78' lang='lat' dir='ltr'><strong><em>somnum,</em></strong></span> <span class='ocrx_word' id='word_1_580' title='bbox 3190 4588 3374 4637; x_wconf 83' lang='lat' dir='ltr'><strong><em>curas,</em></strong></span> <span class='ocrx_word' id='word_1_581' title='bbox 3407 4572 3655 4625; x_wconf 89' lang='lat' dir='ltr'><strong><em>animau-</em></strong></span> 
     </span>
    </p>
   </div>
   <div class='ocr_carea' id='block_1_46' title="bbox 390 4663 3642 4739">
    <p class='ocr_par' dir='ltr' id='par_1_46' title="bbox 390 4663 3642 4739">
     <span class='ocr_line' id='line_1_46' title="bbox 390 4663 3642 4739; baseline -0.002 -20"><span class='ocrx_word' id='word_1_582' title='bbox 390 4664 644 4727; x_wconf 86' lang='lat' dir='ltr'><strong><em>lusciuia,</em></strong></span> <span class='ocrx_word' id='word_1_583' title='bbox 677 4680 905 4736; x_wconf 83' lang='lat' dir='ltr'><strong><em>cycnus,</em></strong></span> <span class='ocrx_word' id='word_1_584' title='bbox 939 4663 1149 4729; x_wconf 84' lang='lat' dir='ltr'><strong><em>cicada,</em></strong></span> <span class='ocrx_word' id='word_1_585' title='bbox 1181 4664 1447 4719; x_wconf 87' lang='lat' dir='ltr'><strong><em>hirundo.</em></strong></span> <span class='ocrx_word' id='word_1_586' title='bbox 1474 4663 1682 4719; x_wconf 75' lang='lat' dir='ltr'><strong><em>Turtur-</em></strong></span> <span class='ocrx_word' id='word_1_587' title='bbox 1733 4665 1966 4718; x_wconf 81' lang='lat' dir='ltr'><strong><em>multum</em></strong></span> <span class='ocrx_word' id='word_1_588' title='bbox 2004 4729 2036 4739; x_wconf 74' lang='lat'><strong><em>_</em></strong></span> <span class='ocrx_word' id='word_1_589' title='bbox 2075 4669 2261 4739; x_wconf 88' lang='lat' dir='ltr'><strong><em>tiaque</em></strong></span> <span class='ocrx_word' id='word_1_590' title='bbox 2295 4678 2511 4731; x_wconf 89' lang='lat' dir='ltr'><strong><em>cuncta,</em></strong></span> <span class='ocrx_word' id='word_1_591' title='bbox 2540 4682 2712 4738; x_wconf 87' lang='lat' dir='ltr'><strong><em>aquas</em></strong></span> <span class='ocrx_word' id='word_1_592' title='bbox 2737 4676 2790 4720; x_wconf 93' lang='lat' dir='ltr'><strong><em>et</em></strong></span> <span class='ocrx_word' id='word_1_593' title='bbox 2820 4665 3050 4727; x_wconf 85' lang='lat' dir='ltr'><strong><em>belluas,</em></strong></span> <span class='ocrx_word' id='word_1_594' title='bbox 3084 4674 3137 4719; x_wconf 90' lang='lat' dir='ltr'><strong><em>et</em></strong></span> <span class='ocrx_word' id='word_1_595' title='bbox 3158 4679 3442 4719; x_wconf 88' lang='lat' dir='ltr'><strong><em>sermones</em></strong></span> <span class='ocrx_word' id='word_1_596' title='bbox 3475 4679 3642 4727; x_wconf 81' lang='lat' dir='ltr'><strong><em>nunc,</em></strong></span> 
     </span>
    </p>
   </div>
   <div class='ocr_carea' id='block_1_47' title="bbox 390 4729 3655 4828">
    <p class='ocr_par' dir='ltr' id='par_1_47' title="bbox 390 4729 3655 4828">
     <span class='ocr_line' id='line_1_47' title="bbox 390 4729 3655 4828; baseline -0.001 -17"><span class='ocrx_word' id='word_1_597' title='bbox 390 4758 578 4825; x_wconf 63' lang='grc' dir='ltr'>ιοιιίι,</span> <span class='ocrx_word' id='word_1_598' title='bbox 623 4759 808 4828; x_wconf 79' lang='lat' dir='ltr'><strong><em>perdix</em></strong></span> <span class='ocrx_word' id='word_1_599' title='bbox 874 4758 1137 4822; x_wconf 85' lang='lat' dir='ltr'><strong><em>clamitat,</em></strong></span> <span class='ocrx_word' id='word_1_600' title='bbox 1164 4757 1333 4827; x_wconf 89' lang='lat' dir='ltr'><strong><em>garrit</em></strong></span> <span class='ocrx_word' id='word_1_601' title='bbox 1368 4772 1581 4825; x_wconf 86' lang='lat' dir='ltr'><strong><em>passer,</em></strong></span> <span class='ocrx_word' id='word_1_602' title='bbox 1637 4757 1808 4825; x_wconf 83' lang='lat' dir='ltr'><strong><em>pinus</em></strong></span> <span class='ocrx_word' id='word_1_603' title='bbox 1861 4758 1967 4811; x_wconf 67' lang='lat' dir='ltr'><strong><em>mel</em></strong></span> <span class='ocrx_word' id='word_1_604' title='bbox 2003 4729 2044 4784; x_wconf 75' lang='grc' dir='ltr'>θ</span> <span class='ocrx_word' id='word_1_605' title='bbox 2077 4771 2134 4813; x_wconf 83' lang='grc' dir='ltr'><strong><em>ιιι</em></strong></span> <span class='ocrx_word' id='word_1_606' title='bbox 2164 4729 2341 4825; x_wconf 73' lang='lat' dir='ltr'><strong><em>video,</em></strong></span> <span class='ocrx_word' id='word_1_607' title='bbox 2372 4768 2429 4813; x_wconf 83' lang='lat' dir='ltr'><strong><em>et</em></strong></span> <span class='ocrx_word' id='word_1_608' title='bbox 2454 4729 2627 4828; x_wconf 74' lang='lat' dir='ltr'><strong><em>leges:</em></strong></span> <span class='ocrx_word' id='word_1_609' title='bbox 2653 4757 2840 4812; x_wconf 90' lang='lat' dir='ltr'><strong><em>omnia</em></strong></span> <span class='ocrx_word' id='word_1_610' title='bbox 2868 4757 3149 4813; x_wconf 88' lang='lat' dir='ltr'><strong><em>illustrans</em></strong></span> <span class='ocrx_word' id='word_1_611' title='bbox 3179 4758 3259 4813; x_wconf 86' lang='lat' dir='ltr'><strong><em>sol</em></strong></span> <span class='ocrx_word' id='word_1_612' title='bbox 3286 4766 3339 4811; x_wconf 85' lang='lat' dir='ltr'><strong><em>et</em></strong></span> <span class='ocrx_word' id='word_1_613' title='bbox 3368 4757 3655 4819; x_wconf 74' lang='lat' dir='ltr'><strong><em>decoratis,</em></strong></span> 
     </span>
    </p>
   </div>
   <div class='ocr_carea' id='block_1_48' title="bbox 390 4846 3658 4921">
    <p class='ocr_par' dir='ltr' id='par_1_48' title="bbox 390 4846 3658 4921">
     <span class='ocr_line' id='line_1_48' title="bbox 390 4846 3658 4921; baseline -0.001 -21"><span class='ocrx_word' id='word_1_614' title='bbox 390 4849 582 4913; x_wconf 71' lang='lat' dir='ltr'><strong><em>(stillat,</em></strong></span> <span class='ocrx_word' id='word_1_615' title='bbox 652 4848 803 4901; x_wconf 89' lang='lat' dir='ltr'><strong><em>rivus</em></strong></span> <span class='ocrx_word' id='word_1_616' title='bbox 852 4856 1201 4910; x_wconf 87' lang='lat' dir='ltr'><strong><em>murmurat,</em></strong></span> <span class='ocrx_word' id='word_1_617' title='bbox 1262 4846 1417 4915; x_wconf 85' lang='lat' dir='ltr'><strong><em>lepus</em></strong></span> <span class='ocrx_word' id='word_1_618' title='bbox 1470 4848 1682 4910; x_wconf 89' lang='lat' dir='ltr'><strong><em>currit,</em></strong></span> <span class='ocrx_word' id='word_1_619' title='bbox 1763 4847 1969 4901; x_wconf 87' lang='lat' dir='ltr'><strong><em>saliunt</em></strong></span> <span class='ocrx_word' id='word_1_620' title='bbox 2077 4853 2270 4907; x_wconf 85' lang='lat' dir='ltr'><strong><em>hicest</em></strong></span> <span class='ocrx_word' id='word_1_621' title='bbox 2312 4851 2745 4921; x_wconf 72' lang='lat' dir='ltr'><strong><em>pulcherrimum</em></strong></span> <span class='ocrx_word' id='word_1_622' title='bbox 2788 4850 2978 4905; x_wconf 87' lang='lat' dir='ltr'><strong><em>mundi</em></strong></span> <span class='ocrx_word' id='word_1_623' title='bbox 3045 4849 3271 4904; x_wconf 88' lang='lat' dir='ltr'><strong><em>bonum.</em></strong></span> <span class='ocrx_word' id='word_1_624' title='bbox 3336 4846 3403 4902; x_wconf 86' lang='lat' dir='ltr'><strong><em>Et</em></strong></span> <span class='ocrx_word' id='word_1_625' title='bbox 3463 4861 3658 4901; x_wconf 68' lang='lat' dir='ltr'><strong><em>omnes</em></strong></span> 
     </span>
    </p>
   </div>
   <div class='ocr_carea' id='block_1_49' title="bbox 395 4938 3657 5014">
    <p class='ocr_par' dir='ltr' id='par_1_49' title="bbox 395 4938 3657 5014">
     <span class='ocr_line' id='line_1_49' title="bbox 395 4938 3657 5014; baseline -0.002 -19"><span class='ocrx_word' id='word_1_626' title='bbox 395 4943 543 5005; x_wconf 64' lang='lat' dir='ltr'><strong><em>ferae,</em></strong></span> <span class='ocrx_word' id='word_1_627' title='bbox 595 4950 650 4995; x_wconf 91' lang='lat' dir='ltr'><strong><em>et</em></strong></span> <span class='ocrx_word' id='word_1_628' title='bbox 692 4939 879 5009; x_wconf 87' lang='lat' dir='ltr'><strong><em>capri;</em></strong></span> <span class='ocrx_word' id='word_1_629' title='bbox 916 4941 1098 4993; x_wconf 86' lang='lat' dir='ltr'><strong><em>omnia</em></strong></span> <span class='ocrx_word' id='word_1_630' title='bbox 1146 4939 1403 5008; x_wconf 82' lang='lat' dir='ltr'><strong><em>gaudent,</em></strong></span> <span class='ocrx_word' id='word_1_631' title='bbox 1453 4938 1636 4992; x_wconf 74' lang='lat' dir='ltr'><strong><em>oninia</em></strong></span> <span class='ocrx_word' id='word_1_632' title='bbox 1691 4953 1970 4992; x_wconf 85' lang='lat' dir='ltr'><strong><em>musarum</em></strong></span> <span class='ocrx_word' id='word_1_633' title='bbox 2075 4943 2513 5014; x_wconf 87' lang='lat' dir='ltr'><strong><em>pulchritudines</em></strong></span> <span class='ocrx_word' id='word_1_634' title='bbox 2551 4956 2898 5014; x_wconf 86' lang='lat' dir='ltr'><strong><em>congregans</em></strong></span> <span class='ocrx_word' id='word_1_635' title='bbox 2937 4940 3220 5004; x_wconf 84' lang='lat' dir='ltr'><strong><em>dominus,</em></strong></span> <span class='ocrx_word' id='word_1_636' title='bbox 3252 4942 3369 5010; x_wconf 88' lang='lat' dir='ltr'><strong><em>ipse</em></strong></span> <span class='ocrx_word' id='word_1_637' title='bbox 3406 4938 3657 5009; x_wconf 85' lang='lat' dir='ltr'><strong><em>pulchri-</em></strong></span> 
     </span>
    </p>
   </div>
   <div class='ocr_carea' id='block_1_50' title="bbox 395 5031 3659 5106">
    <p class='ocr_par' dir='ltr' id='par_1_50' title="bbox 395 5031 3659 5106">
     <span class='ocr_line' id='line_1_50' title="bbox 395 5031 3659 5106; baseline -0.002 -20"><span class='ocrx_word' id='word_1_638' title='bbox 395 5052 592 5106; x_wconf 55' lang='lat' dir='ltr'><strong><em>genua</em></strong></span> <span class='ocrx_word' id='word_1_639' title='bbox 615 5034 1111 5099; x_wconf 84' lang='lat' dir='ltr'><strong><em>delectaut,onmia</em></strong></span> <span class='ocrx_word' id='word_1_640' title='bbox 1135 5032 1760 5098; x_wconf 60' lang='lat' dir='ltr'><strong><em>delecta-utundomino</em></strong></span> <span class='ocrx_word' id='word_1_641' title='bbox 1788 5034 1971 5087; x_wconf 83' lang='lat' dir='ltr'><strong><em>omnia</em></strong></span> <span class='ocrx_word' id='word_1_642' title='bbox 2074 5037 2204 5092; x_wconf 90' lang='lat' dir='ltr'><strong><em>tudo</em></strong></span> <span class='ocrx_word' id='word_1_643' title='bbox 2254 5036 2489 5091; x_wconf 79' lang='lat' dir='ltr'><strong><em>maxima</em></strong></span> <span class='ocrx_word' id='word_1_644' title='bbox 2545 5044 2629 5090; x_wconf 86' lang='lat' dir='ltr'><strong><em>est</em></strong></span> <span class='ocrx_word' id='word_1_645' title='bbox 2703 5035 2850 5102; x_wconf 87' lang='lat' dir='ltr'><strong><em>loci;</em></strong></span> <span class='ocrx_word' id='word_1_646' title='bbox 2892 5032 3244 5104; x_wconf 86' lang='lat' dir='ltr'><strong><em>pulchritudo</em></strong></span> <span class='ocrx_word' id='word_1_647' title='bbox 3300 5031 3485 5102; x_wconf 88' lang='lat' dir='ltr'><strong><em>potius</em></strong></span> <span class='ocrx_word' id='word_1_648' title='bbox 3539 5031 3659 5099; x_wconf 85' lang='grc' dir='ltr'>ιιιιΙ-</span> 
     </span>
    </p>
   </div>
   <div class='ocr_carea' id='block_1_51' title="bbox 395 5122 3657 5197">
    <p class='ocr_par' dir='ltr' id='par_1_51' title="bbox 395 5122 3657 5197">
     <span class='ocr_line' id='line_1_51' title="bbox 395 5122 3657 5197; baseline -0.003 -14"><span class='ocrx_word' id='word_1_649' title='bbox 395 5141 617 5183; x_wconf 75' lang='lat' dir='ltr'><strong><em>eantant</em></strong></span> <span class='ocrx_word' id='word_1_650' title='bbox 637 5138 713 5193; x_wconf 86' lang='lat' dir='ltr'><strong><em>et,</em></strong></span> <span class='ocrx_word' id='word_1_651' title='bbox 734 5140 791 5182; x_wconf 89' lang='lat' dir='ltr'><strong><em>ut</em></strong></span> <span class='ocrx_word' id='word_1_652' title='bbox 813 5128 1031 5196; x_wconf 80' lang='lat' dir='ltr'><strong><em>opinor,</em></strong></span> <span class='ocrx_word' id='word_1_653' title='bbox 1060 5126 1367 5181; x_wconf 84' lang='lat' dir='ltr'><strong><em>dominum.</em></strong></span> <span class='ocrx_word' id='word_1_654' title='bbox 1401 5124 1505 5180; x_wconf 80' lang='lat' dir='ltr'><strong><em>Ubi</em></strong></span> <span class='ocrx_word' id='word_1_655' title='bbox 1532 5124 1822 5179; x_wconf 69' lang='lat' dir='ltr'><strong><em>Praxitelis</em></strong></span> <span class='ocrx_word' id='word_1_656' title='bbox 1842 5140 1973 5194; x_wconf 85' lang='lat' dir='ltr'><strong><em>ope-</em></strong></span> <span class='ocrx_word' id='word_1_657' title='bbox 2071 5130 2475 5187; x_wconf 84' lang='lat' dir='ltr'><strong><em>cln-itudinibus</em></strong></span> <span class='ocrx_word' id='word_1_658' title='bbox 2500 5128 2554 5182; x_wconf 92' lang='lat' dir='ltr'><strong><em>in</em></strong></span> <span class='ocrx_word' id='word_1_659' title='bbox 2584 5127 2703 5181; x_wconf 91' lang='lat' dir='ltr'><strong><em>loco</em></strong></span> <span class='ocrx_word' id='word_1_660' title='bbox 2728 5127 3145 5195; x_wconf 83' lang='lat' dir='ltr'><strong><em>splendentibus</em></strong></span> <span class='ocrx_word' id='word_1_661' title='bbox 3196 5124 3543 5197; x_wconf 87' lang='lat' dir='ltr'><strong><em>splendorem</em></strong></span> <span class='ocrx_word' id='word_1_662' title='bbox 3578 5122 3657 5174; x_wconf 78' lang='lat' dir='ltr'><strong><em>fc-</em></strong></span> 
     </span>
    </p>
   </div>
   <div class='ocr_carea' id='block_1_52' title="bbox 398 5214 3655 5291">
    <p class='ocr_par' dir='ltr' id='par_1_52' title="bbox 398 5214 3655 5291">
     <span class='ocr_line' id='line_1_52' title="bbox 398 5214 3655 5291; baseline -0.003 -15"><span class='ocrx_word' id='word_1_663' title='bbox 398 5223 495 5277; x_wconf 85' lang='lat' dir='ltr'><strong><em>ra?</em></strong></span> <span class='ocrx_word' id='word_1_664' title='bbox 515 5221 613 5277; x_wconf 89' lang='lat' dir='ltr'><strong><em>Ubi</em></strong></span> <span class='ocrx_word' id='word_1_665' title='bbox 632 5220 872 5276; x_wconf 69' lang='lat' dir='ltr'><strong><em>Phidiae?</em></strong></span> <span class='ocrx_word' id='word_1_666' title='bbox 895 5217 992 5275; x_wconf 86' lang='lat' dir='ltr'><strong><em>Ubi</em></strong></span> <span class='ocrx_word' id='word_1_667' title='bbox 1018 5219 1270 5291; x_wconf 81' lang='lat' dir='ltr'><strong><em>Lysippi?</em></strong></span> <span class='ocrx_word' id='word_1_668' title='bbox 1294 5217 1393 5274; x_wconf 83' lang='lat' dir='ltr'><strong><em>Ubi</em></strong></span> <span class='ocrx_word' id='word_1_669' title='bbox 1410 5218 1699 5291; x_wconf 81' lang='lat' dir='ltr'><strong><em>Polycletis</em></strong></span> <span class='ocrx_word' id='word_1_670' title='bbox 1716 5220 1973 5289; x_wconf 83' lang='lat' dir='ltr'><strong><em>quoque?</em></strong></span> <span class='ocrx_word' id='word_1_671' title='bbox 2078 5240 2231 5288; x_wconf 84' lang='lat' dir='ltr'><strong><em>reus,</em></strong></span> <span class='ocrx_word' id='word_1_672' title='bbox 2253 5222 2513 5276; x_wconf 88' lang='lat' dir='ltr'><strong><em>decorum</em></strong></span> <span class='ocrx_word' id='word_1_673' title='bbox 2537 5219 2723 5274; x_wconf 88' lang='lat' dir='ltr'><strong><em>decor.</em></strong></span> <span class='ocrx_word' id='word_1_674' title='bbox 2760 5218 2935 5283; x_wconf 89' lang='lat' dir='ltr'><strong><em>Ilunc,</em></strong></span> <span class='ocrx_word' id='word_1_675' title='bbox 2978 5227 3037 5272; x_wconf 93' lang='lat' dir='ltr'><strong><em>ut</em></strong></span> <span class='ocrx_word' id='word_1_676' title='bbox 3068 5219 3202 5273; x_wconf 75' lang='lat' dir='ltr'><strong><em>milii</em></strong></span> <span class='ocrx_word' id='word_1_677' title='bbox 3223 5216 3458 5281; x_wconf 89' lang='lat' dir='ltr'><strong><em>videtur,</em></strong></span> <span class='ocrx_word' id='word_1_678' title='bbox 3476 5214 3655 5268; x_wconf 79' lang='lat' dir='ltr'><strong><em>locum</em></strong></span> 
     </span>
    </p>
   </div>
   <div class='ocr_carea' id='block_1_53' title="bbox 400 5303 3659 5383">
    <p class='ocr_par' dir='ltr' id='par_1_53' title="bbox 400 5303 3659 5383">
     <span class='ocr_line' id='line_1_53' title="bbox 400 5303 3659 5383; baseline -0.004 -14"><span class='ocrx_word' id='word_1_679' title='bbox 400 5316 727 5383; x_wconf 74' lang='lat' dir='ltr'><strong><em>Loquuutur</em></strong></span> <span class='ocrx_word' id='word_1_680' title='bbox 775 5313 961 5368; x_wconf 78' lang='lat' dir='ltr'><strong><em>ornnia</em></strong></span> <span class='ocrx_word' id='word_1_681' title='bbox 1000 5314 1121 5368; x_wconf 75' lang='lat' dir='ltr'><strong><em>li-ee</em></strong></span> <span class='ocrx_word' id='word_1_682' title='bbox 1147 5312 1454 5381; x_wconf 75' lang='lat' dir='ltr'><strong><em>exscuipta,</em></strong></span> <span class='ocrx_word' id='word_1_683' title='bbox 1488 5326 1613 5366; x_wconf 85' lang='lat' dir='ltr'><strong><em>nam</em></strong></span> <span class='ocrx_word' id='word_1_684' title='bbox 1650 5321 1706 5366; x_wconf 90' lang='lat' dir='ltr'><strong><em>et</em></strong></span> <span class='ocrx_word' id='word_1_685' title='bbox 1776 5312 1971 5381; x_wconf 87' lang='lat' dir='ltr'><strong><em>loqua-</em></strong></span> <span class='ocrx_word' id='word_1_686' title='bbox 2084 5311 2306 5368; x_wconf 79' lang='lat' dir='ltr'><strong><em>Lucifer</em></strong></span> <span class='ocrx_word' id='word_1_687' title='bbox 2339 5310 2549 5380; x_wconf 84' lang='lat' dir='ltr'><strong><em>primus</em></strong></span> <span class='ocrx_word' id='word_1_688' title='bbox 2586 5309 2777 5363; x_wconf 86' lang='lat' dir='ltr'><strong><em>videns</em></strong></span> <span class='ocrx_word' id='word_1_689' title='bbox 2808 5306 3196 5362; x_wconf 72' lang='lat' dir='ltr'><strong><em>sistitaureum</em></strong></span> <span class='ocrx_word' id='word_1_690' title='bbox 3226 5321 3474 5368; x_wconf 83' lang='lat' dir='ltr'><strong><em>currum,</em></strong></span> <span class='ocrx_word' id='word_1_691' title='bbox 3509 5303 3659 5358; x_wconf 85' lang='lat' dir='ltr'><strong><em>abire</em></strong></span> 
     </span>
    </p>
   </div>
   <div class='ocr_carea' id='block_1_54' title="bbox 399 5390 3660 5475">
    <p class='ocr_par' dir='ltr' id='par_1_54' title="bbox 399 5390 3660 5475">
     <span class='ocr_line' id='line_1_54' title="bbox 399 5390 3660 5475; baseline -0.003 -16"><span class='ocrx_word' id='word_1_692' title='bbox 399 5408 482 5460; x_wconf 73' lang='lat' dir='ltr'><strong><em>ria</em></strong></span> <span class='ocrx_word' id='word_1_693' title='bbox 545 5408 751 5471; x_wconf 88' lang='lat' dir='ltr'><strong><em>etiam,</em></strong></span> <span class='ocrx_word' id='word_1_694' title='bbox 800 5416 853 5461; x_wconf 89' lang='lat' dir='ltr'><strong><em>et</em></strong></span> <span class='ocrx_word' id='word_1_695' title='bbox 909 5406 1035 5460; x_wconf 84' lang='lat' dir='ltr'><strong><em>licet</em></strong></span> <span class='ocrx_word' id='word_1_696' title='bbox 1080 5420 1187 5459; x_wconf 85' lang='lat' dir='ltr'><strong><em>non</em></strong></span> <span class='ocrx_word' id='word_1_697' title='bbox 1247 5405 1495 5475; x_wconf 82' lang='lat' dir='ltr'><strong><em>loquacia</em></strong></span> <span class='ocrx_word' id='word_1_698' title='bbox 1553 5390 1799 5469; x_wconf 75' lang='lat' dir='ltr'><strong><em>fuerint,</em></strong></span> <span class='ocrx_word' id='word_1_699' title='bbox 1863 5412 1980 5457; x_wconf 87' lang='lat' dir='ltr'><strong><em>arte</em></strong></span> <span class='ocrx_word' id='word_1_700' title='bbox 2082 5419 2354 5467; x_wconf 80' lang='lat' dir='ltr'><strong><em>metuens,</em></strong></span> <span class='ocrx_word' id='word_1_701' title='bbox 2392 5411 2445 5457; x_wconf 86' lang='lat' dir='ltr'><strong><em>et</em></strong></span> <span class='ocrx_word' id='word_1_702' title='bbox 2482 5401 2549 5455; x_wconf 87' lang='lat' dir='ltr'><strong><em>ad</em></strong></span> <span class='ocrx_word' id='word_1_703' title='bbox 2610 5400 2959 5455; x_wconf 82' lang='lat' dir='ltr'><strong><em>Occidentem</em></strong></span> <span class='ocrx_word' id='word_1_704' title='bbox 3006 5414 3249 5469; x_wconf 75' lang='lat' dir='ltr'><strong><em>pergere.</em></strong></span> <span class='ocrx_word' id='word_1_705' title='bbox 3286 5395 3377 5451; x_wconf 79' lang='lat' dir='ltr'><strong><em>\‘ix</em></strong></span> <span class='ocrx_word' id='word_1_706' title='bbox 3435 5394 3660 5450; x_wconf 90' lang='lat' dir='ltr'><strong><em>emicuit</em></strong></span> 
     </span>
    </p>
   </div>
   <div class='ocr_carea' id='block_1_55' title="bbox 401 5488 3657 5568">
    <p class='ocr_par' dir='ltr' id='par_1_55' title="bbox 401 5488 3657 5568">
     <span class='ocr_line' id='line_1_55' title="bbox 401 5488 3657 5568; baseline -0.002 -18"><span class='ocrx_word' id='word_1_707' title='bbox 401 5502 641 5553; x_wconf 73' lang='grc' dir='ltr'>ιΙειιιιιιιιι</span> <span class='ocrx_word' id='word_1_708' title='bbox 673 5510 878 5553; x_wconf 88' lang='lat' dir='ltr'><strong><em>tamen.</em></strong></span> <span class='ocrx_word' id='word_1_709' title='bbox 932 5497 1234 5568; x_wconf 72' lang='lat' dir='ltr'><strong><em>Cuiusnam</em></strong></span> <span class='ocrx_word' id='word_1_710' title='bbox 1280 5496 1425 5551; x_wconf 88' lang='lat' dir='ltr'><strong><em>enim</em></strong></span> <span class='ocrx_word' id='word_1_711' title='bbox 1484 5494 1625 5551; x_wconf 88' lang='lat' dir='ltr'><strong><em>alius</em></strong></span> <span class='ocrx_word' id='word_1_712' title='bbox 1666 5496 1781 5551; x_wconf 67' lang='lat' dir='ltr'><strong><em>haec</em></strong></span> <span class='ocrx_word' id='word_1_713' title='bbox 1812 5494 1983 5551; x_wconf 73' lang='lat' dir='ltr'><strong><em>sunt?</em></strong></span> <span class='ocrx_word' id='word_1_714' title='bbox 2081 5498 2356 5563; x_wconf 83' lang='lat' dir='ltr'><strong><em>dominus,</em></strong></span> <span class='ocrx_word' id='word_1_715' title='bbox 2388 5496 2575 5549; x_wconf 88' lang='lat' dir='ltr'><strong><em>victus</em></strong></span> <span class='ocrx_word' id='word_1_716' title='bbox 2605 5495 2790 5559; x_wconf 84' lang='lat' dir='ltr'><strong><em>statim</em></strong></span> <span class='ocrx_word' id='word_1_717' title='bbox 2850 5493 2983 5559; x_wconf 89' lang='lat' dir='ltr'><strong><em>abit,</em></strong></span> <span class='ocrx_word' id='word_1_718' title='bbox 3030 5503 3092 5548; x_wconf 87' lang='lat' dir='ltr'><strong><em>et.</em></strong></span> <span class='ocrx_word' id='word_1_719' title='bbox 3123 5492 3249 5562; x_wconf 72' lang='lat' dir='ltr'><strong><em>ejus</em></strong></span> <span class='ocrx_word' id='word_1_720' title='bbox 3291 5488 3657 5562; x_wconf 63' lang='lat' dir='ltr'><strong><em>pulchritudi-</em></strong></span> 
     </span>
    </p>
   </div>
   <div class='ocr_carea' id='block_1_56' title="bbox 402 5586 2639 5662">
    <p class='ocr_par' dir='ltr' id='par_1_56' title="bbox 402 5586 2639 5662">
     <span class='ocr_line' id='line_1_56' title="bbox 402 5586 2639 5662; baseline -0.003 -17"><span class='ocrx_word' id='word_1_721' title='bbox 402 5594 525 5662; x_wconf 74' lang='lat' dir='ltr'><strong><em>quis</em></strong></span> <span class='ocrx_word' id='word_1_722' title='bbox 573 5593 823 5662; x_wconf 84' lang='lat' dir='ltr'><strong><em>spiritum</em></strong></span> <span class='ocrx_word' id='word_1_723' title='bbox 855 5590 1093 5660; x_wconf 85' lang='lat' dir='ltr'><strong><em>sculpit?</em></strong></span> <span class='ocrx_word' id='word_1_724' title='bbox 1116 5590 1257 5655; x_wconf 79' lang='lat' dir='ltr'><strong><em>Quis</em></strong></span> <span class='ocrx_word' id='word_1_725' title='bbox 1280 5589 1557 5655; x_wconf 86' lang='lat' dir='ltr'><strong><em>vestitum,</em></strong></span> <span class='ocrx_word' id='word_1_726' title='bbox 1601 5588 1728 5658; x_wconf 88' lang='lat' dir='ltr'><strong><em>quis</em></strong></span> <span class='ocrx_word' id='word_1_727' title='bbox 1778 5603 1981 5652; x_wconf 79' lang='lat' dir='ltr'><strong><em>mores,</em></strong></span> <span class='ocrx_word' id='word_1_728' title='bbox 2086 5606 2210 5648; x_wconf 85' lang='lat' dir='ltr'><strong><em>nem</em></strong></span> <span class='ocrx_word' id='word_1_729' title='bbox 2246 5604 2352 5645; x_wconf 87' lang='lat' dir='ltr'><strong><em>non</em></strong></span> <span class='ocrx_word' id='word_1_730' title='bbox 2385 5586 2639 5644; x_wconf 81' lang='lat' dir='ltr'><strong><em>sustinet.</em></strong></span> 
     </span>
    </p>
   </div>
   <div class='ocr_carea' id='block_1_57' title="bbox 404 5683 1984 5757">
    <p class='ocr_par' dir='ltr' id='par_1_57' title="bbox 404 5683 1984 5757">
     <span class='ocr_line' id='line_1_57' title="bbox 404 5683 1984 5757; baseline -0.003 -18"><span class='ocrx_word' id='word_1_731' title='bbox 404 5688 529 5757; x_wconf 65' lang='lat' dir='ltr'><strong><em>quis</em></strong></span> <span class='ocrx_word' id='word_1_732' title='bbox 562 5700 866 5740; x_wconf 82' lang='lat' dir='ltr'><strong><em>sermonem</em></strong></span> <span class='ocrx_word' id='word_1_733' title='bbox 890 5684 1055 5739; x_wconf 86' lang='lat' dir='ltr'><strong><em>etiam</em></strong></span> <span class='ocrx_word' id='word_1_734' title='bbox 1073 5684 1214 5738; x_wconf 74' lang='lat' dir='ltr'><strong><em>dat?</em></strong></span> <span class='ocrx_word' id='word_1_735' title='bbox 1254 5683 1573 5739; x_wconf 84' lang='lat' dir='ltr'><strong><em>interiorem</em></strong></span> <span class='ocrx_word' id='word_1_736' title='bbox 1607 5690 1862 5737; x_wconf 89' lang='lat' dir='ltr'><strong><em>ornatum</em></strong></span> <span class='ocrx_word' id='word_1_737' title='bbox 1894 5695 1984 5737; x_wconf 83' lang='lat' dir='ltr'><strong><em>ce-</em></strong></span> 
     </span>
    </p>
   </div>
   <div class='ocr_carea' id='block_1_58' title="bbox 482 5859 1833 5943">
    <p class='ocr_par' dir='ltr' id='par_1_58' title="bbox 482 5859 1833 5943">
     <span class='ocr_line' id='line_1_58' title="bbox 482 5859 1833 5943; baseline -0.001 -20"><span class='ocrx_word' id='word_1_738' title='bbox 482 5870 501 5903; x_wconf 79' lang='grc'>⁸</span> <span class='ocrx_word' id='word_1_739' title='bbox 551 5869 669 5925; x_wconf 71' lang='lat' dir='ltr'><strong><em>Vid.</em></strong></span> <span class='ocrx_word' id='word_1_740' title='bbox 707 5869 809 5940; x_wconf 68' lang='lat' dir='ltr'><strong><em>leg.</em></strong></span> <span class='ocrx_word' id='word_1_741' title='bbox 841 5859 914 5924; x_wconf 77' lang='grc' dir='ltr'>ὧν</span> <span class='ocrx_word' id='word_1_742' title='bbox 942 5870 1174 5925; x_wconf 74' lang='grc' dir='ltr'>ἀπεῖναι.</span> <span class='ocrx_word' id='word_1_743' title='bbox 1256 5873 1295 5903; x_wconf 75' lang='grc'>¹⁶</span> <span class='ocrx_word' id='word_1_744' title='bbox 1326 5869 1456 5943; x_wconf 77' lang='lat' dir='ltr'><strong><em>[.eg.</em></strong></span> <span class='ocrx_word' id='word_1_745' title='bbox 1487 5868 1649 5925; x_wconf 85' lang='lat' dir='ltr'><strong><em>credo</em></strong></span> <span class='ocrx_word' id='word_1_746' title='bbox 1688 5870 1735 5923; x_wconf 83' lang='grc' dir='ltr'><strong><em>εἰ</em></strong></span> <span class='ocrx_word' id='word_1_747' title='bbox 1765 5868 1833 5923; x_wconf 85' lang='grc' dir='ltr'>δ’.</span> 
     </span>
    </p>
   </div>
  </div>
