4044 6566
464 384 568 448 915

471 496 718 550 ’Λπεισιν
746 497 931 565 εὐθὺς,
966 500 1062 555 καὶ
1093 503 1152 556 τὸ
1186 503 1379 569 κάλλος
1407 506 1470 559 ού
1505 506 1682 578 φέρει.

1218 606 1270 653 ι’.

536 683 721 739 ’Δλλοι
756 690 1187 746 κατοικείτωσαν
1218 695 1298 758 εἰς
1327 696 1430 765 γῆν
1455 695 1531 759 ὡς
1565 695 1733 766 μῦεςο

472 773 561 836 '0;
592 778 841 848 ἑρπετῶν
870 784 1120 854 χείριστα
1150 787 1245 840 καὶ
1270 787 1378 840 τῶν
1409 791 1721 856 κνωδάλων,

460 864 745 934 Τρὼγλας,
782 873 1092 943 χαράδρας’
1129 876 1190 928 ού
1226 877 1332 947 γὰρ
1360 878 1537 941 οἰκίας
1562 880 1705 952 λόγῳ
1736 883 1781 913 ¹⁷

460 958 709 1029 Σπήλαια
750 964 842 1017 καὶ
872 966 1215 1038 σήραγγαςῆ
1249 970 1514 1038 μυωξίας,

462 1054 530 1105 Ἥ
560 1055 735 1125 σαθρὰ
768 1058 862 1111 καὶ
890 1060 1163 1129 τρέμοντα
1198 1062 1424 1130 παίγνια
1452 1064 1650 1132 ξύλων,

461 1145 724 1216 ’Λθυρμα
757 1150 984 1215 παίδων,
1012 1152 1149 1221 ἔργα
1185 1155 1279 1206 καὶ
1311 1155 1490 1226 πάσης
1514 1156 1658 1225 βίας,

462 1239 745 1311 Ὄμϐριον,
775 1242 966 1311 πυρὸς,
1001 1245 1243 1314 σεισμῶν
1272 1263 1331 1298 τε
1361 1246 1645 1319 βρασμῶν,
1684 1252 2033 1323 πνευμάτων.

468 1330 630 1401 Ἥμῖν
662 1334 791 1394 Θεὸς
822 1334 1021 1387 δέδωκε
1058 1334 1266 1404 πύργον
1294 1339 1499 1409 ἰσχύος,

458 1422 673 1493 Πύργον
710 1424 951 1493 βεόαίου,
980 1427 1191 1495 πύργον
1219 1431 1499 1501 ἁρῤήκτου
1542 1432 1682 1503 βίου,

457 1511 679 1565 Πάντων
706 1514 1019 1583 κρατοῦντα
1042 1517 1152 1569 τῶν
1181 1519 1371 1573 παθῶν
1400 1521 1508 1574 τῶν
1546 1523 1641 1576 τοῦ
1667 1524 1807 1595 βίου,

458 1602 564 1655 Καὶ
586 1601 882 1675 βαρϐάρων
913 1608 1115 1678 χειρῶν
1141 1626 1200 1662 τε
1233 1612 1327 1664 καὶ
1352 1616 1768 1684 τεχνασμάτιυν,

456 1692 681 1748 Πάντων
709 1695 891 1749 καλῶν
920 1697 1162 1767 γέμοντα
1192 1702 1287 1755 καλ¹
1323 1702 1616 1774 θεαμάτων
1635 1721 1650 1738 ⁸

456 1783 736 1855 Πύργωμα
764 1786 1019 1855 κάλλους,
1046 1790 1258 1861 πύργον
1287 1794 1568 1865 άφράστου
1599 1798 1819 1865 γάνους,

464 1876 560 1929 Ἐκ
596 1881 724 1949 γῆς,
752 1879 1046 1951 θαλάττης,
1074 1884 1258 1954 ἀέρος,
1293 1886 1490 1955 φωτὸς,
1515 1889 1681 1943 πόλου
1704 1908 1717 1921 ·

454 1967 694 2030 Κάλλους
725 1970 783 2023 δὲ
810 1972 1013 2041 μᾶλλον
1044 1976 1236 2044 κρᾶμα
1264 1977 1372 2029 τῶν
1393 1976 1574 2048 ὡρῶν,
1602 1981 1729 2051 ὅρον

452 2058 557 2127 Γῆς
590 2059 682 2112 καὶ
706 2060 983 2132 θαλάττης
1014 2065 1213 2134 δεσμός
1243 2068 1382 2131 ἔστι,
1407 2070 1512 2123 κᾶν
1549 2071 1676 2141 ὄρος

449 2149 649 2204 Συνδεί.
667 2153 791 2207 κατ’
824 2154 956 2208 αὐτὸ
989 2158 1080 2210 καὶ
1111 2158 1340 2229 διείργει
1371 2162 1470 2225 τάς
1496 2164 1690 2233 φύσεις
1711 2184 1725 2198 ο

449 2241 623 2311 ’Ὕψος
648 2244 924 2310 κολοσσὸς,
957 2250 1051 2303 καὶ
1083 2251 1295 2320 τέμνων
1323 2254 1415 2307 τὸν
1439 2256 1578 2326 ἀέρα
1601 2275 1615 2289 ο

452 2332 707 2398 Πιάζεταί
732 2355 849 2400 πως
882 2340 977 2392 καὶ
1008 2341 1147 2411 πρὸς
1176 2344 1368 2415 αἰθέρα
1398 2348 1621 2415 φθάσαι.

448 2426 521 2478 Τὸ
547 2425 592 2480 δ’
620 2424 780 2497 εὖρος
811 2431 997 2501 εὐρὺς,
1024 2435 1118 2486 καὶ
1150 2434 1210 2488 τὸ
1247 2437 1425 2507 μῆκός
1456 2456 1510 2493 τι
1535 2441 1719 2499 πλέον.

447 2516 679 2587 ’Λμφοίν
710 2519 767 2574 δὲ
793 2523 1007 2577 τούτοιν
1039 2526 1255 2593 κάλλος,
1283 2529 1399 2583 ἀλλ’
1428 2532 1555 2587 ὅσον
1582 2534 1767 2593 πλέον.

449 2610 660 2681 Κοσμεί
679 2612 860 2677 λίθους
888 2617 947 2669 τὸ
972 2618 1160 2687 σχῆμα
1184 2624 1527 2692 τετραγωνία

458 2702 704 2768 Ἐξαισία
738 2724 821 2770 τις
850 2708 1069 2781 ἁρμογὴ
1098 2713 1191 2765 καὶ
1223 2714 1359 2783 πρὸς
1386 2716 1551 2788 τρίχα

445 2795 520 2848 Τὸ
554 2796 741 2867 σχῆμα
774 2798 1008 2869 πύργου,
1036 2804 1224 2873 σχῆμα
1249 2804 1449 2861 λεπτοῦ
1480 2813 1681 2882 κηρίου

444 2889 518 2941 Τὸ
552 2890 741 2960 σχῆμα
770 2892 1059 2948 κάλλιστον
1090 2896 1364 2966 έξαγωνία

446 2977 646 3055 Ἦρται
678 2987 814 3056 πρὸς
844 2988 1043 3059 ἄστρα,
1077 2990 1267 3044 καὶτὰ
1302 2994 1473 3065 κάλλη
1507 2995 1604 3051 τοῦ
1645 2998 1832 3054 πόλου.

442 3077 531 3147 Μή
564 3095 655 3146 μοι
686 3079 923 3134 παλαιὰν
952 3080 1127 3153 φράζε
1159 3087 1527 3153 πυργοποιίαν
1558 3105 1573 3120 θ

450 3167 689 3235 Ἐκεῖνος
716 3172 868 3226 οὔπω
897 3174 1128 3246 πύργος.
1177 3178 1292 3231 ἀλλ’
1325 3176 1438 3249 εἶχε
1475 3182 1625 3245 τέλος
1653 3200 1668 3214 ·

1137 3357 1221 3411 10.

511 3444 617 3499 Alii
668 3445 917 3501 habitent
951 3448 1172 3504 interra
1204 3461 1261 3505 ut
1302 3468 1511 3517 mures,
1563 3462 1621 3507 ut
1677 3455 2015 3523 serpentium

444 3540 679 3607 pessima
722 3550 776 3595 et
807 3540 1072 3609 ferarum,
1106 3555 1261 3599 antra
1296 3555 1351 3601 et
1396 3562 1675 3614 concava;
1730 3564 1837 3601 nou
1871 3552 2015 3603 enim

443 3633 638 3688 domos
664 3633 807 3697 dico.
838 3636 1129 3705 speluncas
1156 3647 1209 3692 et
1233 3654 1498 3694 cavernas
1522 3649 1576 3693 et
1604 3640 1907 3703 cunicidos.
1936 3640 2015 3694 vel

440 3726 650 3781 caduca
677 3736 731 3782 et
770 3729 1058 3784 trementia
1100 3746 1131 3785 e
1198 3731 1359 3802 lignis
1409 3732 1659 3796 :editicia,
1722 3748 2015 3801 puerorum

440 3819 695 3883 ludibria.
721 3823 931 3888 praedas
952 3823 1243 3893 cujuslibet
1297 3825 1593 3891 violentiae,
1623 3826 2017 3895 procellarum,

438 3910 782 3981 iguis,tcrr:e
814 3920 1088 3977 motuum,
1114 3925 1424 3971 ventorum.
1474 3914 1642 3971 Nobis
1680 3920 1820 3971 Deus
1871 3916 2021 3971 dedit

440 4006 630 4059 turrim
689 4005 1047 4072 fortitudinis,
1107 4008 1302 4063 turrim
1337 4008 1632 4074 firmitatis,
1695 4010 1888 4064 turrim
1936 4010 2019 4063 ἰη-

440 4090 623 4154 fractae
646 4098 808 4166 vitze;
843 4115 1036 4155 omnes
1077 4101 1295 4156 dolores
1322 4103 1631 4158 vincentem
1662 4103 1785 4157 vitze
1835 4102 2017 4171 hujus.

434 4199 490 4245 et
518 4191 781 4249 barbaras
808 4209 1004 4249 manus
1045 4202 1101 4249 et
1146 4194 1417 4261 artiticia;
1456 4195 1713 4252 omnibus
1743 4195 1901 4251 bonis
1936 4211 2021 4251 rc-

439 4279 632 4336 fertam
664 4290 718 4336 et
748 4285 1060 4353 aspectibus
1086 4307 1096 4342 :
1122 4287 1315 4341 turrim
1343 4286 1788 4356 pulchritudinis,
1824 4287 2017 4342 turrim

437 4375 727 4432 ineffabilis
770 4380 1099 4444 serenitatis,
1144 4380 1195 4433 in
1245 4390 1413 4446 terra,
1468 4381 1627 4442 mari.
1690 4396 1837 4441 acre.
1876 4381 2019 4444 luce.

433 4470 621 4525 caelo:
675 4473 1102 4541 pulchritudinis
1162 4485 1344 4529 autem
1407 4477 1588 4544 potius
1635 4484 2018 4541 tempestatum

433 4563 772 4624 commistio,
806 4571 963 4617 terra:
989 4572 1045 4617 et
1068 4564 1237 4618 maris
1268 4564 1322 4617 iu
1353 4564 1529 4618 limite
1574 4565 1856 4618 vinculum
1906 4573 2018 4629 est,

432 4654 685 4722 quamvis
712 4652 870 4708 limes
893 4653 1073 4724 jungit
1109 4655 1272 4708 simul
1292 4663 1346 4707 ct
1370 4655 1563 4710 dividit
1587 4665 1813 4710 naturas
1842 4674 1856 4711 :
1888 4656 2020 4713 sub-

1728 400 2048 463 JOANNIS
2099 405 2531 466 GEOME'f‘R/E

2072 516 2121 575 Α
2150 518 2422 585 Μέγιστος
2459 510 2616 581 οὗτος
2653 515 2748 572 καὶ
2771 514 3151 589 πεπύργωται,
3183 518 3345 589 μόνος

3610 412 3724 477 916

2152 608 2419 678 Ἔστηκεν
2445 610 2631 675 αὐτὸς,
2662 609 2760 664 καὶ
2803 609 3062 679 φυλάττει
3096 609 3196 681 τὴν
3228 611 3407 665 πόλιν.

2148 702 2352 772 Τέρπει
2374 702 2429 754 δὲ
2466 703 2667 773 μᾶλλον
2701 704 2884 757 πᾶσαν
2914 702 3037 769 ὄψιν
3069 704 3167 757 καὶ
3198 704 3377 770 πόλιν,

2146 792 2267 845 Τῶν
2295 792 2589 863 θαυμάτων
2614 812 2697 858 τις
2728 795 2930 865 χῶρος,
2967 795 3131 866 ἀέρος
3168 796 3334 865 μέσον

2145 885 2269 937 Τῶν
2302 886 2627 956 πνευμάτων
2655 903 2738 950 τις
2765 886 2810 917 ¹⁸
2834 886 3052 951 κόλπος,
3080 883 3227 951 οἶκος
3257 888 3449 943 Αίόλου
3471 904 3489 922 ⁸

2146 978 2257 1031 Καὶ
2290 978 2482 1043 κάλλος
2513 980 2694 1043 αὐτὸς,
2732 981 2842 1032 πᾶν
2868 978 2925 1032 δὲ
2959 979 3156 1043 κάλλος
3187 979 3387 1049 ὑψόθεν

2144 1069 2367 1140 Κόσμον
2408 1070 2651 1141 θεωρῶν,
2682 1070 2886 1139 κόσμος
2916 1071 3065 1123 ἐστὶν
3094 1072 3161 1140 ὀμ
3173 1070 3380 1140 μάτων.

2156 1160 2250 1213 Ἐκ
2283 1161 2385 1231 γῆς
2417 1162 2517 1230 μὲν
2542 1162 2702 1232 ἄνθη,
2737 1163 2950 1229 δένδρα,
2984 1163 3271 1232 λειμῶνες,
3306 1163 3483 1233 χλόαι,

2143 1250 2378 1321 Κρῆναι,
2407 1252 2711 1321 δρυμῶνες,
2736 1253 2964 1324 ὀργάδες
3002 1255 3095 1307 καὶ
3124 1253 3336 1319 λιϐάδες
3356 1270 3376 1287 ο

2150 1340 2218 1393 Ἦ
2245 1342 2289 1394 δ’
2324 1342 2568 1412 ἄμπελος
2603 1343 2865 1413 βρίθουσα
2897 1345 3096 1415 καρπῷ
3126 1345 3330 1418 μυρίῳ,

2141 1431 2318 1503 Πολλὴ
2354 1434 2451 1503 μὲν
2480 1434 2640 1499 εὐθὺς
2675 1436 2872 1505 ἡμερὶς
2901 1437 3264 1508 μεθυτρόφος,

2142 1522 2317 1593 Πολλὴ
2352 1523 2409 1576 δὲ
2435 1524 2529 1577 καὶ
2560 1524 2823 1597 δενδρῖτις
2852 1526 3233 1597 ὼραιοτρόφος
3256 1542 3272 1558 ⁸

2144 1614 2299 1668 Ἐστι
2324 1615 2370 1669 δ’
2397 1618 2530 1669 ὅπου
2562 1618 2657 1670 καὶ
2686 1618 2832 1687 μίξις
2862 1617 3234 1689 ῶραιουμένη.

2149 1706 2214 1759 Ἦ
2240 1707 2465 1777 δενδράς
2496 1707 2643 1761 εστιν
2670 1708 2916 1778 ἄμπελος
2942 1710 3299 1780 πυργουμένη

2142 1797 2344 1851 Κλάδοι
2375 1798 2494 1853 κατ’
2521 1798 2654 1853 αὐτὸ
2679 1798 2774 1852 καὶ
2795 1798 2960 1852 καλαὶ
2990 1798 3322 1870 κληματίδες
3348 1815 3365 1832 ο

2066 1872 2108 1926 Β
2140 1887 2358 1957 Καρποὶ
2388 1886 2509 1941 κατ’
2536 1888 2689 1953 αὐτὸ,
2720 1888 2812 1942 καὶ
2841 1889 3008 1959 ῥάγες
3034 1889 3129 1943 καὶ
3166 1889 3228 1945 τὸ
3254 1888 3443 1954 πλέον,

2136 1980 2333 2045 Στιῦάς
2358 1999 2418 2034 τε
2458 1981 2692 2049 φύλλων,
2724 1982 2821 2034 καὶ
2850 1982 3002 2035 στοαί
3029 1999 3089 2035 τε
3121 1984 3215 2035 καὶ
3241 1982 3456 2050 στέγαι.

2134 2073 2322 2137 Θέλεις
2347 2075 2408 2126 τὸ
2433 2073 2645 2144 πύργου
2680 2075 2787 2127 πᾶν
2812 2073 3105 2143 πρόσωπον
3132 2073 3460 2143 μανθάνειν;

2133 2162 2267 2239 Alps
2290 2168 2426 2237 πρὸς
2453 2168 2611 2239 ὀρθὸν
2639 2169 2816 2237 δμμα,
2850 2166 3048 2237 βλέψον
3071 2167 3307 2235 ἐγγύθεν

2134 2258 2247 2322 Τὰς
2270 2258 2471 2330 άρετὰς
2496 2260 2598 2329 γῆς
2623 2276 2637 2290 ·
2676 2256 2804 2327 εὖγε
2828 2259 2923 2313 τοῦ
2958 2260 3290 2329 κεκληκότος

2135 2351 2499 2423 Προφητικῶς
2527 2351 2797 2420 φύσαντος
2831 2352 2933 2405 οὐκ
2960 2348 3102 2422 ἦσαν
3128 2350 3422 2407 πάλαι.....

2546 2450 2635 2499 ια’.
2668 2445 2773 2509 Εἰς
2803 2443 3021 2498 ἑαυτοῦ
3050 2444 3296 2510 πατέρα.

2146 2534 2240 2587 Ἐκ
2272 2534 2499 2604 γενετῆς
2529 2533 2872 2605 πολύμοχθος
2892 2535 2949 2597 ἐς
2972 2533 3205 2604 ἔσχατον
3233 2534 3413 2606 ῆλασα
3438 2533 3639 2605 γῆρας,

2214 2626 2376 2697 Ὀτρη
2387 2626 2477 2696 ρδς
2502 2626 2778 2697 θεράπων,
2810 2626 3094 2697 κοιρανίης
3119 2625 3404 2695 στέφανος.

2131 2712 2268 2771 Αἶαν
2299 2717 2534 2789 ἐπῆλθον
2562 2719 2717 2789 ὅσην,
2759 2718 3038 2773 Ἀσιάτιδα
3069 2718 3115 2770 δ’
3146 2717 3354 2772 ὕστατα
3386 2718 3565 2791 ἔσχον,

2203 2810 2397 2881 mpero
2425 2810 2753 2879 συγγενέων,
2784 2808 2911 2878 τῆλε
2934 2810 3095 2880 φίλης
3129 2809 3347 2879 ἀλόχου.

2142 2900 2303 2954 Ἀλλά
2338 2917 2405 2971 με
2436 2901 2644 2954 τέκνων
2672 2899 2867 2968 ζεῦγος
2900 2902 2958 2964 ἐς
2999 2901 3144 2971 ἱερὸν
3165 2901 3375 2973 ἢγαγεν
3408 2903 3566 2967 άστυ,

2201 2988 2366 3053 Αὖθις
2400 2996 2494 3047 καὶ
2518 2992 2677 3063 χερσὶ
2712 2994 2885 3063 θῆκαν
2906 2992 3296 3067 άριστολρχοις.

2128 3086 2307 3152 Εἷξατ⁹
2337 3084 2488 3154 ὲμῶν
2518 3085 2724 3138 τεκέων
2756 3084 2929 3147 δυάδι,
2956 3085 3187 3147 Κλέοὸίς
3210 3103 3270 3139 τε
3310 3087 3484 3139 Βίτων
3512 3103 3596 3152 τε,

2199 3182 2266 3235 υἱ
2304 3182 2494 3253 μικροὶ
2534 3180 2767 3243 σταδίοις
2798 3181 2961 3251 ῆγετε
2992 3179 3342 3251 γειναμένην.

2053 3368 2096 3425 c
2130 3361 2317 3415 stodit.
2399 3360 2635 3415 Delectat
2700 3366 2883 3412 autem
2954 3357 3125 3427 magis
3171 3367 3456 3427 aspectum
3511 3366 3566 3411 et
3614 3370 3704 3410 ur-

2127 3453 2271 3516 bem,
2302 3452 2674 3521 prodigiorum
2702 3450 2951 3519 quaedam
2992 3450 3172 3514 sedes,
3238 3448 3292 3502 in
3340 3450 3484 3503 aeris
3525 3448 3704 3502 medio

2074 3534 2088 3548 ’
2124 3544 2300 3599 vomis
2333 3543 2553 3613 quidam
2587 3552 2807 3611 apertus
2836 3543 3014 3603 sinus.
3044 3541 3187 3597 Aioli
3222 3541 3442 3597 domus.
3485 3541 3554 3596 Et
3585 3541 3702 3610 pul-

2122 3638 2251 3689 chra
2321 3636 2483 3705 ipsa,
2558 3650 2886 3703 omnemque
2949 3632 3409 3703 pulchritudinem
3480 3630 3700 3702 superni

2126 3727 2311 3781 mundi
2340 3727 2578 3787 intuens.
2615 3726 2849 3781 tuuudus
2901 3734 2985 3780 est
3007 3724 3204 3779 oculis.
3240 3724 3282 3779 E
3312 3736 3456 3779 terra
3482 3724 3700 3794 quidem

2125 3821 2307 3881 flores.
2326 3821 2575 3883 arbores.
2607 3820 2829 3885 calami,
2854 3820 3115 3889 cespites.
3141 3818 3340 3880 fontes.
3362 3818 3549 3889 sylvaa.
3572 3832 3699 3872 arva

2123 3925 2177 3969 et
2206 3915 2397 3978 riruli;
2434 3915 2591 3969 vinea
2622 3922 2802 3969 autem
2837 3913 3143 3969 innumeris
3174 3912 3427 3984 frugibus
3449 3920 3693 3977 onusta;

2124 4008 2291 4062 multa
2333 4006 2554 4077 quidem
2585 4006 2752 4060 etiam
2779 4006 2964 4061 suavis
2982 4016 3034 4059 et
3058 4004 3335 4060 inebrians
3380 4019 3528 4068 esca,
3565 4004 3702 4057 mul-

2124 4110 2287 4171 taque
2320 4098 2590 4154 frondium
2623 4097 2863 4167 jucunda
2898 4098 3052 4167 copia
3088 4113 3103 4152 :
3136 4104 3221 4152 est
3258 4104 3441 4151 autem
3468 4095 3539 4150 ibi
3574 4110 3698 4150 cono

2117 4193 2334 4262 junctio
2379 4194 2627 4263 quaedam
2661 4202 2916 4247 act-urata
2954 4210 2967 4245 :
3017 4192 3175 4245 vinea
3213 4191 3436 4247 arbores
3465 4192 3699 4247 circum-

2122 4286 2382 4350 ﬂectitur,
2412 4285 2548 4339 rami
2572 4284 2737 4340 simul
2760 4294 2814 4339 et
2848 4284 3077 4354 pulchra
3130 4294 3444 4350 sarmenta;
3488 4282 3699 4339 fructus

2121 4374 2284 4430 simul
2309 4384 2363 4428 et
2392 4360 2589 4429 racetni
2647 4383 2701 4428 et
2764 4372 2867 4428 alia
2923 4374 3103 4444 plura,
3168 4373 3447 4429 frondium
3497 4374 3696 4438 cubile,

2123 4464 2370 4534 porticus
2396 4474 2451 4521 et
2484 4474 2645 4521 tecta.
2675 4465 2770 4520 Vis
2795 4464 2963 4522 turris
3000 4466 3195 4521 faciem
3249 4474 3416 4522 totam
3448 4465 3703 4523 discere?

2123 4556 2274 4611 cleva
2306 4556 2359 4611 in
2391 4558 2563 4613 altum
2589 4559 2803 4623 oculos,
2839 4559 3025 4629 aspice
3054 4558 3281 4629 propius
3325 4568 3484 4615 terra:
3531 4559 3703 4614 virtu-

2124 4659 2235 4715 tes;
2259 4666 2417 4721 euge,
2438 4651 2558 4722 ejus
2594 4667 2719 4722 qua:
2784 4652 3099 4723 prophetica
3138 4652 3323 4707 inﬂata
3364 4662 3555 4707 vocata
3602 4652 3703 4707 fuit

433 4745 580 4800 limis
642 4744 922 4807 colossus.
999 4761 1179 4801 aerem
1244 4756 1556 4816 penetrans.
1617 4746 1810 4802 nititur
1884 4735 2235 4820 quo-Dnon
2264 4752 2422 4797 erant
2444 4744 2571 4798 olim
2613 4784 2627 4798 .
2707 4782 2721 4797 .
2801 4783 2817 4799 .
2897 4783 2911 4800 .
2980 4783 2995 4799 .
3076 4785 3091 4800 .
3158 4784 3174 4798 .
3255 4785 3270 4800 .
3331 4783 3348 4799 .
3413 4783 3428 4798 .
3514 4782 3531 4797 .
3606 4783 3623 4799 .
3678 4782 3696 4800 .

431 4838 730 4893 datnmodo
760 4838 826 4892 ad
857 4838 1063 4893 (ethera
1083 4838 1358 4908 progredi.
1408 4839 1601 4909 Atnpla
1653 4848 1839 4895 autem
1898 4841 2013 4895 lati-

432 4931 589 4998 tudo,
622 4939 677 4985 et
717 4930 1001 5002 longitudo
1030 4931 1236 4999 aliquid
1287 4930 1503 5000 majus;
1550 4931 1822 4988 ambobus
1888 4933 2011 4988 istis

431 5021 809 5089 pulchritudo,
859 5022 953 5077 sed
1004 5030 1213 5092 quanto
1295 5021 1491 5091 major.
1545 5020 2011 5092 Quadrangularis

428 5114 607 5170 forma
626 5115 832 5186 lapides
850 5124 1038 5181 ornat,
1060 5113 1399 5183 admirabilis
1422 5112 1715 5184 dispositio
1734 5122 1788 5167 et
1804 5114 1869 5168 ad
1902 5130 2007 5169 un-

430 5220 589 5270 guem
610 5205 861 5275 adaptata
889 5214 1241 5275 conspectum
1263 5192 1423 5258 ornat
1446 5206 1633 5268 turris,
1658 5215 2008 5273 conspectum

427 5296 608 5367 exigui
639 5296 852 5350 alveoli.
886 5295 1079 5349 Forma
1113 5296 1477 5366 pulcherrima
1514 5295 1897 5365 hexaugularis
1938 5297 2007 5351 ad

427 5398 578 5442 astra
657 5387 923 5443 attollitur
1015 5397 1070 5443 et
1146 5387 1214 5442 ad
1289 5388 1415 5443 cadi
1516 5388 2002 5457 pulchritudinem.

428 5477 507 5534 Ne
567 5478 700 5534 mihi
782 5487 1021 5533 veterem
1106 5494 1379 5534 memores
1437 5480 1605 5535 turris
1674 5479 1935 5534 fabricam
1987 5497 2002 5547 ;

430 5571 544 5626 haec
611 5571 850 5625 nondum
914 5574 1082 5625 turris
1140 5580 1257 5625 erat
1304 5579 1359 5626 et
1411 5573 1572 5626 tinem
1640 5572 1850 5627 habuit.
1894 5572 2003 5628 Ista

429 5664 667 5720 maxima
710 5664 971 5719 aaditicata
1026 5675 1129 5729 est,
1169 5665 1282 5722 sola
1357 5676 1487 5730 stat,
1550 5678 1603 5721 et
1663 5665 1847 5722 urbem
1908 5682 2004 5721 cu-

497 5844 538 5877 ¹⁷
566 5844 719 5902 Fors.
760 5848 919 5914 λέγω.
1002 5851 1041 5882 υ
1069 5851 1173 5905 τῶν
1208 5849 1439 5912 πνωῦτις
1477 5850 1624 5923 (τὰς).

2582 4836 2670 4890 11.
2752 4834 2821 4889 1η
2856 4845 3062 4905 patrem
3088 4852 3269 4891 suum.

2190 4926 2266 4982 Ex
2298 4936 2421 4982 ortu
2460 4928 2527 4983 ad
2583 4928 2884 4984 senectutis
2912 4937 3153 4983 extrema
3181 4927 3457 4983 laboribus
3509 4927 3699 4997 plenus

2119 5021 2361 5091 perveni,
2396 5031 2681 5091 promptus
2723 5022 2997 5087 minister,
3028 5020 3246 5091 imperii
3276 5022 3467 5077 decus.

2190 5112 2462 5178 Quantam
2492 5112 2739 5181 percurri
2762 5122 2987 5176 terram,
3023 5113 3275 5183 Asiaeque
3297 5122 3543 5167 extrema
3565 5110 3695 5175 vidi,

2117 5203 2306 5274 procul
2334 5220 2362 5256 a
2388 5204 2663 5274 cognatis.
2703 5204 2864 5273 longe
2888 5221 2917 5258 a
2945 5204 3142 5259 dilecta
3173 5204 3441 5275 conjuge!

2185 5295 2291 5351 Sed
2319 5311 2405 5351 me
2422 5296 2659 5351 filiorum
2687 5297 2855 5367 parin
2882 5312 3096 5352 sacram
3123 5298 3280 5352 duxit
3312 5299 3526 5361 urbem,
3571 5314 3695 5353 rur-

2114 5405 2345 5460 sumque
2374 5389 2628 5444 manibus
2661 5388 2844 5459 posuit
2878 5389 3180 5446 nobilibus.

2181 5480 2369 5536 Cedite
2398 5495 2642 5535 meorum
2668 5480 2902 5536 ﬁliorum
2934 5482 3071 5551 pari,
3092 5480 3310 5537 Cleobis
3326 5490 3381 5536 et
3404 5480 3583 5545 Biton,
3602 5478 3695 5550 qui

2116 5573 2265 5644 parvi
2285 5572 2477 5628 stadiis
2509 5582 2741 5628 matrem
2775 5573 2987 5644 egistis.

2189 5663 2443 5727 Blandus,
2483 5664 2910 5734 suaveloqueus,
2946 5679 3121 5719 canus
3152 5674 3315 5735 caput
3353 5675 3406 5719 ct
3447 5663 3696 5734 superci-
