4054 6564
357 399 462 466 917

354 512 609 585 Μείλιχος
635 516 876 588 ἡδυεπὴς
908 516 1092 582 πολιός
1118 534 1178 571 τε
1209 517 1353 590 κάρη
1386 517 1695 591 πολιόφρων

423 605 532 670 Ἦς
565 608 826 676 στέφανος
864 610 1122 680 χαρίτων,
1162 611 1359 683 ἀγλαΐη
1393 610 1593 682 βιότου.

366 695 526 750 Ἀλλά
559 715 618 751 σε
648 699 837 770 πόρρω
865 703 1124 774 πατρίδος
1157 702 1240 773 ἠδ’
1275 703 1472 774 ἀλόχου
1500 707 1593 759 καὶ
1626 705 1832 761 τέκνων

388 819 392 822 -
420 787 581 859 Μοῖρ’
615 790 740 862 ὀλοὴ
773 791 1026 861 μερόπων
1060 792 1298 848 ἔσπασεν
1329 797 1387 858 ἐς
1411 796 1584 851 ἀϊδαν.

351 879 552 948 Χριστὲ
583 881 743 948 ἄναξ.
777 885 973 953 σοφίης
1005 885 1106 955 σῆς
1133 887 1280 956 ἴχνια
1308 888 1368 941 οὐ
1397 890 1691 959 μαστεύσω

432 971 623 1026 Ὀστέα
650 975 696 1026 δ’
722 976 800 1039 ὡς
836 977 1022 1046 Ἀσίης
1047 978 1278 1050 νεύμασι
1311 983 1424 1046 σοῖς
1455 983 1703 1050 ἀνάγοις,

349 1056 451 1116 Οἷα
473 1066 604 1134 πρὶν
632 1065 692 1131 ἐξ
721 1068 998 1137 Αἰγύπτου
1031 1071 1124 1124 σοῦ
1159 1071 1487 1143 θεράποντος
1529 1076 1750 1148 Ἰωσὴφ,

427 1155 517 1220 Ὧς
547 1157 606 1212 δὲ
636 1159 731 1213 καὶ
755 1161 1030 1232 οὐρανίοις
1064 1165 1285 1236 πνεῦμα
1321 1169 1490 1221 τεοῖσι
1515 1167 1750 1239 θρόνοις.

743 1272 832 1344 ιβ’.
859 1277 963 1342 Εἰς
998 1276 1115 1345 τὴν
1163 1278 1520 1351 Ἀνάληψιν.

1654 407 1740 468 CA
1750 406 1999 470 RMINA
2032 409 2287 474 νΑΜΑ.

3511 414 3619 477 918

2118 525 2300 590 Ἐκδὸς
2329 524 2455 597 (sic)
2488 526 2828 599 κατηγορίας
2860 526 3023 583 λῦσεν
3066 529 3489 601 Ἀριστοτέλους.

2784 644 2874 717 ιη’.

2039 760 2364 832 Σιμπλίκιος
2419 761 2561 832 μέγα
2596 762 2713 834 φῶς
2749 723 2941 833 φύσιος
2976 767 3107 838 περὶ
3135 766 3335 820 κύκλον
3362 767 3560 837 ἀνῆψε,

2115 855 2260 908 Νοῦν
2289 855 2345 910 δέ
2373 856 2424 925 γ’
2464 857 2872 928 Ἀριστοτέλους
2903 854 3062 930 εὗρεν
3098 860 3473 931 ἀριστοπόνως

2039 991 2124 1048 ιο’.
2152 994 2257 1061 Εις
2305 993 2413 1062 τὰς
2445 994 2490 1049 ε’
2510 997 2717 1066 φωνὰς
2761 997 2861 1051 καὶ
2898 999 2986 1064 είς
3042 998 3148 1064 τὰς
3176 1004 3209 1052 ι’
3239 1015 3490 1066 mauro;
3505 999 3619 1061 ίας.

2037 1127 2209 1190 Μόλις
2245 1128 2469 1201 διαδρὰς
2488 1130 2599 1186 τῶν
2627 1132 2899 1201 σοφιστῶν
2925 1133 3024 1195 τὰς
3046 1133 3226 1197 δίκας,

2037 1219 2228 1288 Σοφοῖς
2253 1219 2310 1273 δὲ
2341 1221 2543 1290 μᾶλλον
2576 1224 2902 1293 προσϐαλὼν
2936 1225 3012 1287 ὡς
3045 1225 3295 1294 ἡμέροις,

2033 1311 2232 1365 Φωνῶν
2258 1313 2539 1386 ὲπλήσθην
2562 1316 2653 1370 καὶ
2685 1319 3184 1388 κατηγορημάτων).

345 1383 655 1456 Οὐρανόθεν
689 1390 997 1445 κατέπλατο
1029 1394 1095 1457 ιδ,
1121 1394 1175 1458 ἐς
1199 1396 1429 1467 οὐρανὸν
1448 1397 1493 1450 δ’
1518 1399 1752 1469 ἔδραμεν
1772 1394 1930 1463 αὖθις
2036 1403 2150 1456 Οὐκ
2181 1404 2350 1470 ἔστιν,
2383 1383 2520 1470 ἔστι,
2546 1408 2685 1478 πρός
2715 1427 2789 1468 τι,
3029 1411 3155 1476 ποῦ,
3192 1413 3345 1475 πότε,

345 1478 442 1531 Ὃν
468 1479 620 1547 Θεὸς,
661 1480 739 1537 ὢν
772 1484 982 1556 βροτὸς,
1018 1487 1285 1560 ἀμφότερ’
1309 1492 1390 1555 είς
1417 1492 1549 1546 Θεὸν
1576 1493 1926 1565 ἀμφοτέρως.

772 1583 860 1646 ιγ’.
902 1581 1006 1646 Εἰς
1055 1580 1499 1651 Ἀριστοτέλην.

345 1659 452 1715 Τὸν
481 1661 608 1716 νοῦν
630 1663 659 1717 6
683 1665 808 1730 νοῦς
831 1668 1062 1740 ἔγραψε,
1099 1671 1201 1742 τὴν
1232 1673 1395 1742 φύσιν
1421 1672 1606 1744 φύσις,

357 1752 736 1830 Ἀριστοτέλην
761 1757 934 1825 είπον,
974 1763 1049 1826 ὡς
1078 1764 1286 1817 τούτων
1322 1767 1469 1837 ὅρον.

856 1873 917 1926 ιδ’
924 1915 938 1930 .
978 1874 1081 1940 Εἷς
1111 1871 1418 1935 Πλάτωνα.

346 1979 538 2052 Ψυχὴν
565 1983 808 2039 ἀνειπὼν
835 1986 1105 2043 ἀθάνατον
1131 1990 1159 2042 6
1193 1992 1447 2059 Πλάτων,

357 2073 565 2145 Ἀφῆκε
593 2075 754 2143 δόξαν
783 2078 1052 2135 ἀθάνατον
1082 2083 1140 2135 ὲν
1172 2082 1296 2155 βίῳ.

1099 2173 1184 2230 ιε’.

344 2257 571 2315 Πλάτων
602 2263 631 2316 6
659 2261 872 2329 κλεινὸς
905 2267 933 2320 6
955 2266 1243 2323 πλατύνων
1266 2271 1368 2336 τὰς
1402 2274 1629 2344 φρένας,

354 2349 444 2415 Ὠς
474 2353 750 2410 ἑπλάτυνε
774 2357 875 2428 τῆς
903 2357 1082 2431 ψυχῆς
1108 2361 1287 2431 δόγμα
1329 2365 1496 2433 μέγα,

341 2441 438 2507 Είς
462 2447 646 2501 πᾶσαν
669 2448 937 2504 ὲπλάτυνε
967 2450 1067 2524 τὴν
1092 2453 1252 2520 δόξαν
1277 2455 1467 2526 χθόνα.

414 2562 512 2621 ις’.
543 2560 650 2625 Εἰς
678 2561 786 2614 τὸν
813 2561 985 2632 ἅγιον
1019 2566 1350 2635 Γρηγόριον
1381 2569 1490 2622 τὸν
1532 2573 1850 2642 Θεολόγον.

343 2668 571 2736 Ἐνθεος
596 2667 664 2744 ἦν
686 2673 714 2726 6
741 2673 937 2744 Σύρος,
964 2677 1435 2749 πολυγράμματος
1465 2678 1534 2755 ἦν
1561 2685 1618 2738 δὲ
1654 2687 1683 2739 6
1718 2689 1926 2757 Φοῖνιξ,

410 2762 792 2836 Καππαδόκης
830 2767 875 2820 δ’
902 2769 1069 2839 ἄμφω
1103 2772 1196 2824 καὶ
1230 2771 1393 2826 πλέον
1423 2775 1777 2847 ἀμφοτέροις.

429 2877 517 2941 ιζ’.
544 2880 648 2946 Εἰς
678 2881 1036 2952 Σιμπλικιον
1065 2883 1174 2938 τὸν
1204 2885 1512 2964 ἐξηγητὴν
1541 2888 1662 2944 τῶν
1689 2891 1836 2946 δέκα

934 2969 1084 3022 κατη
1093 2973 1324 3024 γοριων.

337 3059 662 3133 Σιμπλίκιος
695 3065 822 3137 μέγ’
855 3049 1060 3139 ἀέισμα
1091 3074 1481 3146 κατηγορίαισι
1515 3077 1752 3149 φαάνθη,

340 3221 435 3284 lia,
457 3236 663 3278 corona
688 3238 814 3280 eras
848 3225 1171 3295 gratiarum,
1197 3229 1324 3285 vita:
1350 3229 1690 3300 jucunditas.

411 3313 513 3369 Sed
545 3323 597 3370 te
626 3315 1025 3388 longeapatria
1051 3358 1069 3383 ,
1125 3322 1359 3393 conjuge
1379 3332 1434 3378 et
1471 3324 1685 3393 liberis,
1744 3326 1917 3381 latum

340 3408 665 3464 mortalibus
700 3409 978 3465 fuitestum
1005 3414 1160 3482 duxit
1182 3415 1247 3469 ad
1280 3415 1506 3472 inferos.

410 3498 523 3554 Rex
543 3501 780 3568 Christe,
797 3505 1077 3574 sapientiae
1095 3515 1200 3588 tua:
1227 3509 1452 3580 vestigia
1486 3527 1592 3566 non
1622 3511 1922 3581 explorabo

339 3601 400 3646 ut
420 3608 542 3648 ossa
562 3610 628 3648 ex
661 3594 791 3651 Asia
814 3605 908 3652 tuo
944 3607 1078 3652 nutu
1113 3599 1416 3658 transferas
1441 3644 1458 3667 ,

415 3684 632 3741 Utolim
662 3703 730 3742 ex
748 3686 984 3760 Egypto
1007 3705 1132 3746 ossa
1159 3691 1348 3748 famuli
1386 3695 1459 3749 tui
1487 3693 1709 3766 Joseph;
1741 3706 1799 3752 ut
1821 3712 1922 3752 au-

343 3783 448 3829 tem
473 3775 711 3830 animam
755 3779 806 3831 in
847 3781 1161 3837 coelestibus
1181 3783 1392 3841 thronis
1421 3788 1530 3843 tuis
1557 3789 1816 3845 colloces.

826 3894 914 3948 12.
948 3893 1015 3948 1η
1044 3897 1434 3955 Ascensiouem.

411 4003 450 4057 Ε
473 4006 613 4061 οωίο
638 4005 1018 4077 descenderat,
1061 4011 1112 4066 in
1139 4013 1338 4068 caelum
1375 4031 1566 4072 rursus
1625 4018 1797 4078 tendit
1863 4028 1923 4074 ut

339 4095 503 4165 Deus,
529 4114 655 4155 cum
689 4101 856 4157 homo
883 4103 973 4171 sit,
1005 4113 1301 4176 utrumque
1338 4107 1406 4162 ad
1470 4108 1638 4164 Deum
1700 4112 1920 4168 unicus.

835 4217 922 4272 15.
945 4217 1008 4272 In
1032 4220 1396 4276 Aristotelem.

408 4328 643 4384 Mentem
674 4347 829 4387 mens
849 4333 1159 4405 descripsit,
1193 4347 1448 4393 naturam
1511 4348 1745 4409 natura;
1791 4342 1916 4397 Ari-

340 4423 599 4478 stotelem
628 4425 771 4492 dico,
801 4436 860 4481 ut
890 4427 1084 4484 horum
1112 4432 1429 4486 terminum.

868 4537 956 4593 Η.
984 4537 1051 4592 1η
1088 4539 1387 4598 Platonem.

409 4625 661 4684 Animam
687 4630 1034 4698 proclamans
1056 4632 1425 4692 immortalem
1471 4636 1649 4706 Plato,
1699 4641 1916 4714 reliquit

337 4719 567 4790 gloriam
589 4720 644 4776 in
682 4722 794 4778 vita
819 4724 1210 4782 immortalem.

406 4899 563 4956 Plato
592 4903 682 4960 ille
704 4906 936 4962 celebris
958 4818 1197 4964 melifem
1222 4909 1567 4980 ampliﬁcans
1592 4921 1652 4966 ut
1679 4917 1915 4986 amplifi-

335 4994 482 5049 cavit
505 4995 704 5052 animae
722 5014 978 5070 magnum
1011 4999 1234 5071 dogma,
1258 5002 1578 5074 ampliorem
1602 5003 1657 5060 in
1689 5020 1910 5065 omnem

337 5094 539 5141 terram
558 5088 788 5159 gloriam
807 5093 1080 5162 praestitit.

484 5200 572 5256 16.
605 5199 673 5257 In
692 5215 936 5258 sanctum
957 5206 1269 5276 Gregorium
1318 5211 1641 5287 theologum.

409 5292 455 5346 A
491 5295 599 5350 Deo
629 5295 926 5367 inspiratus
945 5308 1028 5354 est
1059 5300 1252 5371 Syrus,
1297 5307 1487 5364 multis
1517 5307 1786 5367 doctrinis
1836 5309 1923 5364 in-

339 5396 584 5443 structus
626 5388 961 5458 thuicius,
984 5393 1277 5464 Cappadox
1307 5409 1490 5456 autem
1540 5415 1835 5481 utrumque
1865 5417 1920 5466 et

341 5492 576 5555 utroque
596 5486 774 5555 majus
815 5487 994 5544 habet.

339 5597 427 5652 17.
460 5597 525 5652 In
564 5599 895 5672 Simplicium
922 5605 1096 5661 decem
1131 5615 1519 5683 categoriarum
1555 5618 1912 5688 interpretem.

412 5690 726 5763 Simplicius
755 5711 1011 5769 magnum
1037 5705 1324 5776 categoriis
1350 5706 1644 5778 impulsum
1699 5713 1916 5770 dedisse

416 5852 459 5883 "
493 5853 618 5927 ch.
657 5859 992 5917 κατέπαλτο.

2037 1494 2337 1564 Πάσχουσι,
2373 1497 2575 1568 δρῶσιν
2609 1500 2684 1563 ὼς
2720 1500 2932 1555 θέλουσι
2964 1504 3156 1575 μυρία.

2033 1586 2340 1656 Στρέφουσι
2364 1589 2565 1653 πάντα,
2601 1593 2892 1661 συγχέουσι
2918 1595 3020 1657 τὰς
3046 1595 3258 1662 φύσεις.

2045 1675 2136 1740 Ὠς
2159 1677 2218 1741 ἐξ
2243 1679 2453 1734 ἑαυτῶν
2483 1681 2783 1737 πλάττουσι
2808 1686 3213 1753 τραγελάφους,

2033 1769 2139 1823 Τὸν
2162 1771 2412 1842 οὐρανὸν,
2437 1773 2545 1844 γῆν
2568 1789 2584 1806 ·
2618 1775 2679 1829 τὸ
2706 1777 2862 1843 ξύλον
2901 1779 3035 1848 φασὶ
3056 1778 3202 1832 λίθον
3229 1795 3242 1808 ·

1963 1892 2008 1948 Β
2035 1861 2209 1934 ’Ύλην
2238 1863 2508 1936 ἄμορφον,
2534 1862 2673 1932 εἶδος
2713 1868 2847 1940 ὕλην
2877 1872 2978 1924 οὐκ
3008 1872 3151 1941 έχον.

2030 1956 2288 2027 Κόσμους
2325 1959 2609 2032 ἀπείρους,
2645 1962 2789 2026 ίδέας
2820 1964 2927 2035 πρὸ
2955 1964 3065 2018 τῶν
3102 1964 3264 2022 ὃλων.

2026 2049 2090 2102 Ol
2119 2050 2218 2119 τῆς
2240 2052 2411 2115 Στοᾶς
2443 2053 2729 2124 βάλλουσιν
2770 2056 3112 2128 Ἀκαδημίαν
3135 2073 3152 2088 ⁶

2027 2143 2332 2215 Πύρῥωνας
2357 2139 2528 2210 οὗτοι,
2563 2149 2774 2212 πάντας
2804 2151 2833 2204 ό
2862 2151 3221 2224 Σταγειρίτης
3241 2167 3256 2182 ⁶

2029 2233 2216 2286 Ἀλλοι
2244 2234 2300 2288 δὲ
2332 2235 2542 2296 τοῦτον,
2575 2238 2822 2303 Φοίνικές
2853 2258 2912 2294 τε
2945 2242 3037 2295 καὶ
3065 2241 3228 2312 Σύροι

2024 2325 2123 2388 Τίς
2155 2325 2281 2390 νοῦς
2305 2328 2574 2393 τοσαύτας
2613 2332 2896 2397 ἐνστάσεις
2917 2334 3208 2405 διαδράμοι

2027 2418 2197 2488 Ἔθνη
2224 2419 2487 2483 τοσαῦτα,
2528 2421 2624 2475 καὶ
2664 2424 2954 2493 φάλαγγας
2981 2427 3290 2496 δυσμάχως
3319 2468 3334 2493 ,

2023 2508 2232 2564 Γνῶναι
2259 2511 2328 2563 τά
2354 2514 2572 2582 κρυπτά
2605 2515 2714 2570 τῶν
2737 2515 2872 2569 ὅλων
2897 2518 3078 2587 ζητῶν
3114 2519 3276 2589 βάθη,

2024 2604 2135 2656 Καὶ
2173 2604 2281 2657 τῶν
2312 2605 2501 2674 σαφῶν
2525 2624 2609 2670 τις
2640 2609 2765 2680 ἔσχε
2794 2610 3010 2681 φυρμὸν
3040 2612 3240 2665 αὐτίκα
3273 2630 3288 2644 ο

2029 2694 2127 2746 Ἓν
2152 2694 2409 2762 γνώσεως
2439 2698 2576 2765 φῶς,
2608 2700 2810 2771 Χριστέ
2843 2720 2968 2771 μου,
2998 2703 3064 2756 σύ
3110 2721 3199 2773 μοι
3227 2706 3384 2773 μόνος
3411 2723 3420 2733 ·

2021 2784 2228 2848 Γνῶσις
2267 2787 2468 2854 τελεία,
2503 2790 2707 2859 μᾶλλον
2737 2793 2937 2847 ειδέναι
2969 2796 3132 2864 μόνον

2023 2876 2090 2929 Σὲ
2117 2877 2451 2948 δημιουργὸν
2481 2881 2701 2944 οὐσιῶν,
2733 2886 2963 2954 χρόνων,
2994 2886 3203 2952 τόπων,

2025 2968 2300 3038 Ἀρρητον
2325 2969 2402 3033 ὼς
2425 2969 2667 3041 ἄληπτον
2701 2973 2761 3027 ἓν
2787 2991 2847 3027 τε
2877 2978 2970 3028 καὶ
2996 2977 3143 3046 τρία.

2035 3059 2218 3130 Ἀφεὶς
2251 3062 2317 3116 τά
2349 3063 2530 3118 πάντα
2559 3064 2722 3120 τοῦτο
2749 3066 2843 3120 καὶ
2868 3067 3030 3138 μόνον
3061 3068 3230 3138 λέγω.

1941 3241 1988 3301 ο
2023 3260 2176 3317 visus
2204 3270 2328 3329 est;
2364 3265 2670 3335 categorias
2718 3266 3029 3324 Aristotelis
3057 3268 3386 3340 publicando
3419 3273 3602 3332 solvit.

2740 3382 2828 3438 18.

2109 3493 2431 3565 Simplicius
2455 3511 2688 3567 magnus
2717 3507 2929 3554 naturae
2958 3499 3169 3568 peritus
3191 3500 3370 3557 lucem
3393 3501 3602 3558 circum

2021 3586 2275 3657 diffudit;
2309 3598 2544 3646 mentem
2563 3592 2873 3650 Aristotelis
2899 3595 3107 3650 invenit
3128 3594 3350 3665 optimis
3389 3597 3602 3655 labori.

2021 3679 2145 3736 bus.

2168 3818 2252 3873 19.
2287 3817 2354 3872 In
2375 3821 2603 3892 quinque
2631 3823 2834 3878 vocales
2860 3833 2911 3878 et
2945 3825 3122 3880 decem
3149 3829 3487 3898 categoriar.‘

2097 3954 2212 4008 Via:
2245 3956 2579 4025 perspiciens
2613 3957 2986 4028 sophistarum
3023 3963 3346 4025 sententias,
3381 3965 3446 4019 ad
3483 3967 3604 4035 phi-

2021 4045 2285 4116 losophos
2315 4057 2495 4102 autem
2532 4049 2716 4118 potius
2746 4051 3012 4106 accedens
3043 4061 3100 4106 ut
3135 4052 3343 4120 faciles,
3373 4059 3607 4114 vocibus

2021 4138 2260 4208 repletus
2297 4154 2419 4194 sum
2459 4150 2514 4195 et
2544 4142 2859 4212 categoriis.
2899 4141 3015 4197 Non
3052 4154 3155 4211 est,
3187 4158 3294 4211 est,
3331 4149 3398 4202 ad
3439 4152 3594 4218 quid,

2021 4231 2220 4300 quale,
2256 4230 2382 4294 ubi,
2416 4234 2668 4301 quando;
2710 4243 2770 4288 ut
2821 4236 3127 4304 patiuntur,
3173 4249 3375 4310 agunt,
3410 4243 3603 4297 volunt

2023 4325 2335 4380 innumera.
2368 4325 2567 4380 Omnia
2592 4327 2940 4394 subvertunt,
2968 4329 3316 4387 confundunt
3351 4343 3603 4400 naturas.

2021 4425 2084 4473 ut
2129 4433 2199 4474 ex
2248 4432 2309 4474 se
2360 4422 2565 4489 lingant
2598 4420 3012 4490 hirco-cervos;
3065 4426 3302 4488 caelum.
3353 4435 3602 4494 terram;

2023 4512 2254 4582 lignum,
2288 4519 2497 4580 petram
2529 4510 2756 4579 dicunt,
2789 4514 3076 4569 materiam
3106 4518 3227 4572 sine
3254 4516 3452 4584 forma,
3486 4519 3602 4574 for-

1943 4597 1999 4658 D
2026 4617 2170 4656 mam
2206 4602 2328 4658 sine
2365 4602 2632 4670 materia;
2665 4604 2904 4660 mundos
2948 4605 3417 4674 innumerabiles,
3453 4610 3605 4666 ideas

2018 4694 2298 4751 universis
2343 4697 2665 4751 anteriores.
2719 4695 2825 4762 Qui
2874 4712 2906 4752 e
2959 4699 3176 4766 porticu
3227 4709 3358 4756 sunt
3389 4701 3604 4756 Acade-

2018 4786 2186 4842 miam
2236 4787 2595 4859 impugnant;
2631 4789 2721 4843 isti
2757 4787 3157 4860 Pyrrhonaws,
3199 4806 3394 4848 omnes
3422 4792 3606 4864 Stagi-

2017 4879 2260 4947 rita;alii
2285 4889 2465 4935 autem
2486 4881 2660 4947 illum,
2693 4880 2985 4938 Phoenices
3014 4892 3068 4937 et
3103 4883 3250 4954 Syri.
3276 4884 3412 4952 Quae
3443 4902 3602 4943 mens

2020 4979 2199 5027 tantas
2239 4971 2364 5028 lites
2408 4984 2786 5042 percurreret,
2830 4983 2912 5030 tot
2957 4985 3173 5046 gentes,
3212 4989 3268 5033 et
3306 4980 3606 5053 phalanges

2023 5062 2316 5118 inimicas?
2362 5062 2683 5130 Quaerebam
2729 5082 3062 5138 cognoscere
3090 5073 3336 5129 occultas
3377 5075 3606 5145 profun-

2022 5155 2224 5210 ditates
2256 5155 2662 5223 universorum,
2709 5169 2764 5213 et
2801 5161 2924 5229 quis
2968 5164 3207 5233 potuerit
3238 5167 3454 5222 tandem
3491 5169 3606 5223 cla-

2021 5264 2114 5304 ras
2181 5263 2268 5303 res
2329 5249 2650 5306 obscurare.
2722 5249 2910 5308 Unum
2978 5257 3311 5327 cognitionis
3379 5260 3602 5325 lumen.

2019 5340 2260 5404 Christe,
2290 5349 2348 5396 tu
2382 5341 2518 5396 mihi
2549 5343 2700 5399 solus
2735 5361 2831 5414 es;
2863 5349 3107 5418 cognitio
3130 5350 3313 5421 perfec
3327 5360 3377 5407 ta
3414 5353 3604 5424 potius

2017 5441 2104 5489 est
2129 5433 2272 5488 scire
2305 5433 2482 5488 solum
2532 5442 2584 5489 te
2616 5446 2918 5493 creatorem
2973 5442 3432 5511 substantiarum,
3465 5455 3602 5502 tein-

2025 5540 2247 5594 pornm,
2273 5525 2540 5592 locorum,
2579 5526 2930 5598 inell‘abilein,
2962 5531 3600 5606 incomprehensibilem,

2026 5636 2197 5675 unum
2245 5630 2300 5678 et
2344 5631 2486 5691 tres;
2528 5624 2710 5678 omnia
2771 5627 2998 5684 mittens.
3026 5630 3129 5685 hoc
3163 5632 3381 5702 quidem
3425 5633 3610 5690 solum

2027 5714 2223 5785 loquor
