  <div class='ocr_page' id='page_1' title='image "/cluster/home/n/w/nwhite01/storage/ocr_20150623/106/hvd.32044051727071/471.png"; bbox 0 0 4044 6596; ppageno 0'>
   <div class='ocr_carea' id='block_1_1' title="bbox 449 362 555 424">
    <p class='ocr_par' dir='ltr' id='par_1_1' title="bbox 449 362 555 424">
     <span class='ocr_line' id='line_1_1' title="bbox 449 362 555 424; baseline 0.009 -1"><span class='ocrx_word' id='word_1_1' title='bbox 449 362 555 424; x_wconf 82' lang='grc'><strong>919</strong></span> 
     </span>
    </p>
   </div>
   <div class='ocr_carea' id='block_1_2' title="bbox 748 480 1652 563">
    <p class='ocr_par' dir='ltr' id='par_1_2' title="bbox 748 480 1652 563">
     <span class='ocr_line' id='line_1_2' title="bbox 748 480 1652 563; baseline 0.011 -30"><span class='ocrx_word' id='word_1_2' title='bbox 748 557 753 563; x_wconf 20' lang='grc' dir='ltr'>δ</span> <span class='ocrx_word' id='word_1_3' title='bbox 824 480 890 535; x_wconf 91' lang='grc' dir='ltr'>κ’.</span> <span class='ocrx_word' id='word_1_4' title='bbox 953 483 1055 548; x_wconf 74' lang='grc' dir='ltr'><strong>Εἷς</strong></span> <span class='ocrx_word' id='word_1_5' title='bbox 1088 482 1229 550; x_wconf 80' lang='grc' dir='ltr'>τοὺς</span> <span class='ocrx_word' id='word_1_6' title='bbox 1254 487 1652 556; x_wconf 61' lang='grc' dir='ltr'>φιλοσόφους.</span> 
     </span>
    </p>
   </div>
   <div class='ocr_carea' id='block_1_3' title="bbox 451 593 1879 674">
    <p class='ocr_par' dir='ltr' id='par_1_3' title="bbox 451 593 1879 674">
     <span class='ocr_line' id='line_1_3' title="bbox 451 593 1879 674; baseline 0.009 -29"><span class='ocrx_word' id='word_1_7' title='bbox 451 594 611 664; x_wconf 83' lang='grc' dir='ltr'>Τρεῖς</span> <span class='ocrx_word' id='word_1_8' title='bbox 637 593 831 663; x_wconf 75' lang='grc' dir='ltr'>σοφίης</span> <span class='ocrx_word' id='word_1_9' title='bbox 852 596 1203 667; x_wconf 77' lang='grc' dir='ltr'>πολυῖττορος</span> <span class='ocrx_word' id='word_1_10' title='bbox 1230 596 1475 670; x_wconf 82' lang='grc' dir='ltr'><strong>ἔκκριτοι</strong></span> <span class='ocrx_word' id='word_1_11' title='bbox 1509 602 1738 674; x_wconf 75' lang='grc' dir='ltr'><strong>ἀστέρες</strong></span> <span class='ocrx_word' id='word_1_12' title='bbox 1775 599 1879 658; x_wconf 80' lang='grc' dir='ltr'>οἷοι</span> 
     </span>
    </p>
   </div>
   <div class='ocr_carea' id='block_1_4' title="bbox 529 686 1619 763">
    <p class='ocr_par' dir='ltr' id='par_1_4' title="bbox 529 686 1619 763">
     <span class='ocr_line' id='line_1_4' title="bbox 529 686 1619 763; baseline 0.007 -24"><span class='ocrx_word' id='word_1_13' title='bbox 529 686 840 756; x_wconf 85' lang='grc' dir='ltr'>Ἐνθέμενοι</span> <span class='ocrx_word' id='word_1_14' title='bbox 868 686 1072 755; x_wconf 81' lang='grc' dir='ltr'>βίὸλοις</span> <span class='ocrx_word' id='word_1_15' title='bbox 1103 688 1259 743; x_wconf 77' lang='grc' dir='ltr'>ὄλϐον</span> <span class='ocrx_word' id='word_1_16' title='bbox 1285 691 1619 763; x_wconf 83' lang='grc' dir='ltr'>ἀπειρέσιον.</span> 
     </span>
    </p>
   </div>
   <div class='ocr_carea' id='block_1_5' title="bbox 461 775 2019 852">
    <p class='ocr_par' dir='ltr' id='par_1_5' title="bbox 461 775 2019 852">
     <span class='ocr_line' id='line_1_5' title="bbox 461 775 2019 852; baseline 0.009 -21"><span class='ocrx_word' id='word_1_17' title='bbox 461 778 725 849; x_wconf 79' lang='grc' dir='ltr'><strong>Ἀρχύτας</strong></span> <span class='ocrx_word' id='word_1_18' title='bbox 749 775 908 852; x_wconf 77' lang='grc' dir='ltr'>ἦρξε,</span> <span class='ocrx_word' id='word_1_19' title='bbox 946 781 1175 837; x_wconf 81' lang='grc' dir='ltr'><strong>Πλάτων</strong></span> <span class='ocrx_word' id='word_1_20' title='bbox 1212 784 1471 851; x_wconf 85' lang='grc' dir='ltr'>πλάτυνε,</span> <span class='ocrx_word' id='word_1_21' title='bbox 1504 786 1655 850; x_wconf 80' lang='grc' dir='ltr'>τέλος</span> <span class='ocrx_word' id='word_1_22' title='bbox 1696 788 1744 842; x_wconf 89' lang='grc' dir='ltr'>δ’</span> <span class='ocrx_word' id='word_1_23' title='bbox 1767 789 1860 842; x_wconf 74' lang='grc' dir='ltr'><strong>ἐπὶ</strong></span> <span class='ocrx_word' id='word_1_24' title='bbox 1887 792 2019 845; x_wconf 80' lang='grc' dir='ltr'>πᾶσι</span> 
     </span>
    </p>
   </div>
   <div class='ocr_carea' id='block_1_6' title="bbox 532 871 1710 950">
    <p class='ocr_par' dir='ltr' id='par_1_6' title="bbox 532 871 1710 950">
     <span class='ocr_line' id='line_1_6' title="bbox 532 871 1710 950; baseline 0.008 -26"><span class='ocrx_word' id='word_1_25' title='bbox 532 871 619 936; x_wconf 84' lang='grc' dir='ltr'>Ὠς</span> <span class='ocrx_word' id='word_1_26' title='bbox 648 872 807 943; x_wconf 76' lang='grc' dir='ltr'>ἔτυχε</span> <span class='ocrx_word' id='word_1_27' title='bbox 840 872 1065 947; x_wconf 75' lang='grc' dir='ltr'>κληθεὶς</span> <span class='ocrx_word' id='word_1_28' title='bbox 1094 874 1261 947; x_wconf 81' lang='grc' dir='ltr'>θῆκεν</span> <span class='ocrx_word' id='word_1_29' title='bbox 1313 877 1710 950; x_wconf 85' lang='grc' dir='ltr'>Ἀριστοτέλης.</span> 
     </span>
    </p>
   </div>
   <div class='ocr_carea' id='block_1_7' title="bbox 661 1008 1812 1085">
    <p class='ocr_par' dir='ltr' id='par_1_7' title="bbox 661 1008 1812 1085">
     <span class='ocr_line' id='line_1_7' title="bbox 661 1008 1812 1085; baseline 0.008 -24"><span class='ocrx_word' id='word_1_30' title='bbox 661 1014 767 1063; x_wconf 87' lang='grc' dir='ltr'>κα’.</span> <span class='ocrx_word' id='word_1_31' title='bbox 808 1010 914 1075; x_wconf 78' lang='grc' dir='ltr'><strong>Εἰς</strong></span> <span class='ocrx_word' id='word_1_32' title='bbox 940 1008 1051 1076; x_wconf 75' lang='grc' dir='ltr'>τὰς</span> <span class='ocrx_word' id='word_1_33' title='bbox 1080 1010 1191 1065; x_wconf 84' lang='grc' dir='ltr'><strong>τῶν</strong></span> <span class='ocrx_word' id='word_1_34' title='bbox 1236 1010 1485 1081; x_wconf 78' lang='grc' dir='ltr'><strong>Ἰϐήρων</strong></span> <span class='ocrx_word' id='word_1_35' title='bbox 1514 1014 1812 1085; x_wconf 77' lang='grc' dir='ltr'>ἁρπαγάς.</span> 
     </span>
    </p>
   </div>
   <div class='ocr_carea' id='block_1_8' title="bbox 445 1122 1518 1198">
    <p class='ocr_par' dir='ltr' id='par_1_8' title="bbox 445 1122 1518 1198">
     <span class='ocr_line' id='line_1_8' title="bbox 445 1122 1518 1198; baseline 0.009 -27"><span class='ocrx_word' id='word_1_36' title='bbox 445 1122 520 1173; x_wconf 76' lang='grc' dir='ltr'>οὐ</span> <span class='ocrx_word' id='word_1_37' title='bbox 556 1122 822 1178; x_wconf 73' lang='grc' dir='ltr'>Σκυθικὸν</span> <span class='ocrx_word' id='word_1_38' title='bbox 853 1124 966 1195; x_wconf 82' lang='grc' dir='ltr'>πῦρ</span> <span class='ocrx_word' id='word_1_39' title='bbox 995 1124 1113 1179; x_wconf 81' lang='grc' dir='ltr'>ἀλλ’</span> <span class='ocrx_word' id='word_1_40' title='bbox 1150 1125 1397 1198; x_wconf 78' lang='grc' dir='ltr'>Ἰϐηρικὴ</span> <span class='ocrx_word' id='word_1_41' title='bbox 1427 1128 1518 1198; x_wconf 85' lang='grc' dir='ltr'>βία</span> 
     </span>
    </p>
   </div>
   <div class='ocr_carea' id='block_1_9' title="bbox 449 1214 1734 1292">
    <p class='ocr_par' dir='ltr' id='par_1_9' title="bbox 449 1214 1734 1292">
     <span class='ocr_line' id='line_1_9' title="bbox 449 1214 1734 1292; baseline 0.009 -26"><span class='ocrx_word' id='word_1_42' title='bbox 449 1214 589 1284; x_wconf 80' lang='grc' dir='ltr'>Πρὸς</span> <span class='ocrx_word' id='word_1_43' title='bbox 612 1215 927 1286; x_wconf 78' lang='grc' dir='ltr'>τὴνἚῴαν</span> <span class='ocrx_word' id='word_1_44' title='bbox 959 1216 1055 1270; x_wconf 81' lang='grc' dir='ltr'>νῦν</span> <span class='ocrx_word' id='word_1_45' title='bbox 1090 1217 1269 1272; x_wconf 84' lang='grc' dir='ltr'>κλονεῖ</span> <span class='ocrx_word' id='word_1_46' title='bbox 1299 1220 1398 1289; x_wconf 78' lang='grc' dir='ltr'>τὴν</span> <span class='ocrx_word' id='word_1_47' title='bbox 1438 1220 1734 1292; x_wconf 69' lang='grc' dir='ltr'>Ἐσπερανι</span> 
     </span>
    </p>
   </div>
   <div class='ocr_carea' id='block_1_10' title="bbox 450 1304 1745 1383">
    <p class='ocr_par' dir='ltr' id='par_1_10' title="bbox 450 1304 1745 1383">
     <span class='ocr_line' id='line_1_10' title="bbox 450 1304 1745 1383; baseline 0.01 -30"><span class='ocrx_word' id='word_1_48' title='bbox 450 1305 555 1372; x_wconf 79' lang='grc' dir='ltr'>ι’ἧς</span> <span class='ocrx_word' id='word_1_49' title='bbox 580 1304 740 1357; x_wconf 83' lang='grc' dir='ltr'>τοῦτο</span> <span class='ocrx_word' id='word_1_50' title='bbox 770 1305 1007 1375; x_wconf 75' lang='grc' dir='ltr'>σεισμοὶ,</span> <span class='ocrx_word' id='word_1_51' title='bbox 1037 1304 1225 1359; x_wconf 84' lang='grc' dir='ltr'>τούσδε</span> <span class='ocrx_word' id='word_1_52' title='bbox 1259 1306 1461 1377; x_wconf 85' lang='grc' dir='ltr'>φαῦσις</span> <span class='ocrx_word' id='word_1_53' title='bbox 1491 1310 1745 1383; x_wconf 80' lang='grc' dir='ltr'><strong>ἀστέρων</strong></span> 
     </span>
    </p>
   </div>
   <div class='ocr_carea' id='block_1_11' title="bbox 449 1394 1615 1469">
    <p class='ocr_par' dir='ltr' id='par_1_11' title="bbox 449 1394 1615 1469">
     <span class='ocr_line' id='line_1_11' title="bbox 449 1394 1615 1469; baseline 0.009 -24"><span class='ocrx_word' id='word_1_54' title='bbox 449 1394 664 1447; x_wconf 84' lang='grc' dir='ltr'>Καινῶν</span> <span class='ocrx_word' id='word_1_55' title='bbox 690 1395 875 1466; x_wconf 78' lang='grc' dir='ltr'><strong>ἐδήλου</strong></span> <span class='ocrx_word' id='word_1_56' title='bbox 906 1396 1138 1466; x_wconf 86' lang='grc' dir='ltr'>μάκετις</span> <span class='ocrx_word' id='word_1_57' title='bbox 1167 1398 1263 1469; x_wconf 86' lang='grc' dir='ltr'>γῆ.</span> <span class='ocrx_word' id='word_1_58' title='bbox 1291 1399 1357 1453; x_wconf 92' lang='grc' dir='ltr'><strong>Τί</strong></span> <span class='ocrx_word' id='word_1_59' title='bbox 1378 1401 1615 1467; x_wconf 81' lang='grc' dir='ltr'><strong>Σκύθαις</strong></span> 
     </span>
    </p>
   </div>
   <div class='ocr_carea' id='block_1_12' title="bbox 444 1486 1742 1565">
    <p class='ocr_par' dir='ltr' id='par_1_12' title="bbox 444 1486 1742 1565">
     <span class='ocr_line' id='line_1_12' title="bbox 444 1486 1742 1565; baseline 0.01 -28"><span class='ocrx_word' id='word_1_60' title='bbox 444 1486 648 1557; x_wconf 82' lang='grc' dir='ltr'>Μέμφῃ</span> <span class='ocrx_word' id='word_1_61' title='bbox 674 1488 919 1557; x_wconf 80' lang='grc' dir='ltr'><strong>ματαίως</strong></span> <span class='ocrx_word' id='word_1_62' title='bbox 941 1489 1135 1542; x_wconf 83' lang='grc' dir='ltr'><strong>ὁππότ’</strong></span> <span class='ocrx_word' id='word_1_63' title='bbox 1164 1488 1230 1544; x_wconf 84' lang='grc' dir='ltr'><strong>ἂν</strong></span> <span class='ocrx_word' id='word_1_64' title='bbox 1256 1492 1384 1556; x_wconf 80' lang='grc' dir='ltr'>τοὺς</span> <span class='ocrx_word' id='word_1_65' title='bbox 1420 1495 1742 1565; x_wconf 82' lang='grc' dir='ltr'><strong>συμμάχους</strong></span> 
     </span>
    </p>
   </div>
   <div class='ocr_carea' id='block_1_13' title="bbox 443 1574 1961 1657">
    <p class='ocr_par' dir='ltr' id='par_1_13' title="bbox 443 1574 1961 1657">
     <span class='ocr_line' id='line_1_13' title="bbox 443 1574 1961 1657; baseline 0.015 -32"><span class='ocrx_word' id='word_1_66' title='bbox 443 1574 681 1629; x_wconf 81' lang='grc' dir='ltr'>Τοιαῦτα</span> <span class='ocrx_word' id='word_1_67' title='bbox 708 1576 953 1647; x_wconf 83' lang='grc' dir='ltr'>δρῶντας</span> <span class='ocrx_word' id='word_1_68' title='bbox 978 1579 1074 1633; x_wconf 74' lang='grc' dir='ltr'><strong>καὶ</strong></span> <span class='ocrx_word' id='word_1_69' title='bbox 1096 1579 1285 1650; x_wconf 85' lang='grc' dir='ltr'>φίλους</span> <span class='ocrx_word' id='word_1_70' title='bbox 1312 1584 1440 1648; x_wconf 82' lang='grc' dir='ltr'>τοὺς</span> <span class='ocrx_word' id='word_1_71' title='bbox 1470 1586 1597 1650; x_wconf 77' lang='grc' dir='ltr'>σοὺς</span> <span class='ocrx_word' id='word_1_72' title='bbox 1626 1586 1843 1657; x_wconf 77' lang='grc' dir='ltr'><strong>βλέπεις</strong></span> <span class='ocrx_word' id='word_1_73' title='bbox 1873 1589 1961 1655; x_wconf 65' lang='lat'><strong>’°;</strong></span> 
     </span>
    </p>
   </div>
   <div class='ocr_carea' id='block_1_14' title="bbox 1642 1677 1802 1738">
    <p class='ocr_par' dir='ltr' id='par_1_14' title="bbox 1642 1677 1802 1738">
     <span class='ocr_line' id='line_1_14' title="bbox 1642 1677 1802 1738; baseline 0.013 -13"><span class='ocrx_word' id='word_1_74' title='bbox 1642 1677 1802 1738; x_wconf 72' lang='grc' dir='ltr'>φίλους</span> 
     </span>
    </p>
   </div>
   <div class='ocr_carea' id='block_1_15' title="bbox 796 1774 1663 1852">
    <p class='ocr_par' dir='ltr' id='par_1_15' title="bbox 796 1774 1663 1852">
     <span class='ocr_line' id='line_1_15' title="bbox 796 1774 1663 1852; baseline 0.007 -21"><span class='ocrx_word' id='word_1_75' title='bbox 796 1774 901 1847; x_wconf 80' lang='grc' dir='ltr'>κβ’.</span> <span class='ocrx_word' id='word_1_76' title='bbox 937 1778 1039 1846; x_wconf 62' lang='lat' dir='ltr'><strong>El;</strong></span> <span class='ocrx_word' id='word_1_77' title='bbox 1070 1780 1213 1847; x_wconf 79' lang='grc' dir='ltr'>τοὺς</span> <span class='ocrx_word' id='word_1_78' title='bbox 1257 1782 1663 1852; x_wconf 82' lang='grc' dir='ltr'>Βουλγάρους.</span> 
     </span>
    </p>
   </div>
   <div class='ocr_carea' id='block_1_16' title="bbox 443 1886 1887 1964">
    <p class='ocr_par' dir='ltr' id='par_1_16' title="bbox 443 1886 1887 1964">
     <span class='ocr_line' id='line_1_16' title="bbox 443 1886 1887 1964; baseline 0.007 -25"><span class='ocrx_word' id='word_1_79' title='bbox 443 1886 602 1940; x_wconf 70' lang='grc' dir='ltr'><strong>Κατὰ</strong></span> <span class='ocrx_word' id='word_1_80' title='bbox 630 1886 855 1941; x_wconf 82' lang='grc' dir='ltr'><strong>Σκυθῶν</strong></span> <span class='ocrx_word' id='word_1_81' title='bbox 894 1891 1026 1960; x_wconf 73' lang='grc' dir='ltr'>πρὶν</span> <span class='ocrx_word' id='word_1_82' title='bbox 1056 1892 1398 1964; x_wconf 83' lang='grc' dir='ltr'><strong>συμμάχους,</strong></span> <span class='ocrx_word' id='word_1_83' title='bbox 1432 1893 1528 1948; x_wconf 80' lang='grc' dir='ltr'>νῦν</span> <span class='ocrx_word' id='word_1_84' title='bbox 1558 1894 1616 1948; x_wconf 83' lang='grc' dir='ltr'>δὲ</span> <span class='ocrx_word' id='word_1_85' title='bbox 1655 1895 1887 1960; x_wconf 83' lang='grc' dir='ltr'><strong>Σκύθας,</strong></span> 
     </span>
    </p>
   </div>
   <div class='ocr_carea' id='block_1_17' title="bbox 442 1979 1881 2057">
    <p class='ocr_par' dir='ltr' id='par_1_17' title="bbox 442 1979 1881 2057">
     <span class='ocr_line' id='line_1_17' title="bbox 442 1979 1881 2057; baseline 0.007 -26"><span class='ocrx_word' id='word_1_86' title='bbox 442 1979 717 2048; x_wconf 72' lang='grc' dir='ltr'>Λήψοισθε</span> <span class='ocrx_word' id='word_1_87' title='bbox 744 1979 981 2052; x_wconf 78' lang='grc' dir='ltr'>Θρᾷκες,</span> <span class='ocrx_word' id='word_1_88' title='bbox 1010 1985 1335 2055; x_wconf 83' lang='grc' dir='ltr'>συμμάχους</span> <span class='ocrx_word' id='word_1_89' title='bbox 1370 1986 1506 2057; x_wconf 81' lang='grc' dir='ltr'>πρὸς</span> <span class='ocrx_word' id='word_1_90' title='bbox 1530 1988 1657 2051; x_wconf 78' lang='grc' dir='ltr'>τοὺς</span> <span class='ocrx_word' id='word_1_91' title='bbox 1689 1987 1881 2056; x_wconf 84' lang='grc' dir='ltr'>φίλους</span> 
     </span>
    </p>
   </div>
   <div class='ocr_carea' id='block_1_18' title="bbox 442 2071 1689 2149">
    <p class='ocr_par' dir='ltr' id='par_1_18' title="bbox 442 2071 1689 2149">
     <span class='ocr_line' id='line_1_18' title="bbox 442 2071 1689 2149; baseline 0.01 -28"><span class='ocrx_word' id='word_1_92' title='bbox 442 2071 707 2141; x_wconf 80' lang='grc' dir='ltr'>Σκιρτᾶτε</span> <span class='ocrx_word' id='word_1_93' title='bbox 735 2071 831 2125; x_wconf 77' lang='grc' dir='ltr'>καὶ</span> <span class='ocrx_word' id='word_1_94' title='bbox 862 2075 1134 2145; x_wconf 86' lang='grc' dir='ltr'>κροτεῖτε,</span> <span class='ocrx_word' id='word_1_95' title='bbox 1166 2075 1312 2145; x_wconf 83' lang='grc' dir='ltr'>φῦλα</span> <span class='ocrx_word' id='word_1_96' title='bbox 1341 2077 1689 2149; x_wconf 79' lang='grc' dir='ltr'>Βουλγάρων,</span> 
     </span>
    </p>
   </div>
   <div class='ocr_carea' id='block_1_19' title="bbox 442 2161 1888 2245">
    <p class='ocr_par' dir='ltr' id='par_1_19' title="bbox 442 2161 1888 2245">
     <span class='ocr_line' id='line_1_19' title="bbox 442 2161 1888 2245; baseline 0.008 -30"><span class='ocrx_word' id='word_1_97' title='bbox 442 2163 552 2215; x_wconf 75' lang='grc' dir='ltr'><strong>Καὶ</strong></span> <span class='ocrx_word' id='word_1_98' title='bbox 587 2161 847 2235; x_wconf 82' lang='grc' dir='ltr'>σκῆπτρα</span> <span class='ocrx_word' id='word_1_99' title='bbox 878 2164 975 2218; x_wconf 70' lang='grc' dir='ltr'>καὶ</span> <span class='ocrx_word' id='word_1_100' title='bbox 1002 2166 1065 2221; x_wconf 83' lang='grc' dir='ltr'><strong>τὸ</strong></span> <span class='ocrx_word' id='word_1_101' title='bbox 1091 2167 1310 2239; x_wconf 80' lang='grc' dir='ltr'>στέμμα</span> <span class='ocrx_word' id='word_1_102' title='bbox 1339 2171 1434 2223; x_wconf 80' lang='grc' dir='ltr'>καὶ</span> <span class='ocrx_word' id='word_1_103' title='bbox 1463 2172 1564 2241; x_wconf 84' lang='grc' dir='ltr'>τὴν</span> <span class='ocrx_word' id='word_1_104' title='bbox 1598 2172 1888 2245; x_wconf 80' lang='grc' dir='ltr'>πορφύραν</span> 
     </span>
    </p>
   </div>
   <div class='ocr_carea' id='block_1_20' title="bbox 444 2255 1572 2331">
    <p class='ocr_par' dir='ltr' id='par_1_20' title="bbox 444 2255 1572 2331">
     <span class='ocr_line' id='line_1_20' title="bbox 444 2255 1572 2331; baseline 0.007 -23"><span class='ocrx_word' id='word_1_105' title='bbox 444 2257 486 2308; x_wconf 80' lang='grc' dir='ltr'>Κ</span> <span class='ocrx_word' id='word_1_106' title='bbox 499 2255 715 2327; x_wconf 83' lang='grc' dir='ltr'>ρατεῖτε</span> <span class='ocrx_word' id='word_1_107' title='bbox 756 2257 848 2311; x_wconf 80' lang='grc' dir='ltr'>καὶ</span> <span class='ocrx_word' id='word_1_108' title='bbox 879 2260 1118 2329; x_wconf 84' lang='grc' dir='ltr'>φορεῖτε,</span> <span class='ocrx_word' id='word_1_109' title='bbox 1146 2260 1242 2314; x_wconf 68' lang='grc' dir='ltr'><strong>καὶ¹</strong></span> <span class='ocrx_word' id='word_1_110' title='bbox 1269 2262 1572 2331; x_wconf 82' lang='grc' dir='ltr'>φοινικίδας</span> 
     </span>
    </p>
   </div>
   <div class='ocr_carea' id='block_1_21' title="bbox 1045 2352 1738 2423">
    <p class='ocr_par' dir='ltr' id='par_1_21' title="bbox 1045 2352 1738 2423">
     <span class='ocr_line' id='line_1_21' title="bbox 1045 2352 1738 2423; baseline -0.004 -10"><span class='ocrx_word' id='word_1_111' title='bbox 1045 2352 1333 2422; x_wconf 77' lang='grc' dir='ltr'><strong>(ζήτησον</strong></span> <span class='ocrx_word' id='word_1_112' title='bbox 1362 2357 1578 2423; x_wconf 83' lang='grc' dir='ltr'>στίχον</span> <span class='ocrx_word' id='word_1_113' title='bbox 1606 2356 1738 2420; x_wconf 78' lang='grc' dir='ltr'>ἕνα)</span> 
     </span>
    </p>
   </div>
   <div class='ocr_carea' id='block_1_22' title="bbox 443 2438 1569 2516">
    <p class='ocr_par' dir='ltr' id='par_1_22' title="bbox 443 2438 1569 2516">
     <span class='ocr_line' id='line_1_22' title="bbox 443 2438 1569 2516; baseline 0.01 -27"><span class='ocrx_word' id='word_1_114' title='bbox 443 2438 828 2510; x_wconf 80' lang='grc' dir='ltr'>Μεταμφιάσει</span> <span class='ocrx_word' id='word_1_115' title='bbox 851 2443 948 2497; x_wconf 69' lang='grc' dir='ltr'><strong>καὶ</strong></span> <span class='ocrx_word' id='word_1_116' title='bbox 980 2441 1157 2508; x_wconf 79' lang='grc' dir='ltr'>ξύλοις</span> <span class='ocrx_word' id='word_1_117' title='bbox 1180 2445 1308 2509; x_wconf 81' lang='grc' dir='ltr'>τοὺς</span> <span class='ocrx_word' id='word_1_118' title='bbox 1333 2445 1569 2516; x_wconf 79' lang='grc' dir='ltr'>αὐχένας</span> 
     </span>
    </p>
   </div>
   <div class='ocr_carea' id='block_1_23' title="bbox 445 2529 1701 2606">
    <p class='ocr_par' dir='ltr' id='par_1_23' title="bbox 445 2529 1701 2606">
     <span class='ocr_line' id='line_1_23' title="bbox 445 2529 1701 2606; baseline 0.01 -25"><span class='ocrx_word' id='word_1_119' title='bbox 445 2529 695 2600; x_wconf 74' lang='grc' dir='ltr'>Μακροῖς</span> <span class='ocrx_word' id='word_1_120' title='bbox 727 2533 960 2598; x_wconf 81' lang='grc' dir='ltr'>συνέξει,</span> <span class='ocrx_word' id='word_1_121' title='bbox 997 2536 1089 2589; x_wconf 68' lang='grc' dir='ltr'><strong>καὶ</strong></span> <span class='ocrx_word' id='word_1_122' title='bbox 1117 2536 1328 2606; x_wconf 89' lang='grc' dir='ltr'>κυφῶσι</span> <span class='ocrx_word' id='word_1_123' title='bbox 1349 2539 1477 2603; x_wconf 74' lang='grc' dir='ltr'>τοὺς</span> <span class='ocrx_word' id='word_1_124' title='bbox 1512 2539 1701 2605; x_wconf 88' lang='grc' dir='ltr'>πόδας.</span> 
     </span>
    </p>
   </div>
   <div class='ocr_carea' id='block_1_24' title="bbox 444 2620 1633 2700">
    <p class='ocr_par' dir='ltr' id='par_1_24' title="bbox 444 2620 1633 2700">
     <span class='ocr_line' id='line_1_24' title="bbox 444 2620 1633 2700; baseline 0.01 -28"><span class='ocrx_word' id='word_1_125' title='bbox 444 2620 605 2675; x_wconf 85' lang='grc' dir='ltr'>Ξανεῖ</span> <span class='ocrx_word' id='word_1_126' title='bbox 623 2621 682 2675; x_wconf 82' lang='grc' dir='ltr'>δὲ</span> <span class='ocrx_word' id='word_1_127' title='bbox 719 2623 944 2689; x_wconf 86' lang='grc' dir='ltr'>πολλαῖς</span> <span class='ocrx_word' id='word_1_128' title='bbox 978 2626 1123 2681; x_wconf 88' lang='grc' dir='ltr'>νῶτα</span> <span class='ocrx_word' id='word_1_129' title='bbox 1148 2628 1241 2681; x_wconf 75' lang='grc' dir='ltr'>καὶ</span> <span class='ocrx_word' id='word_1_130' title='bbox 1264 2628 1365 2700; x_wconf 80' lang='grc' dir='ltr'><strong>τὴν</strong></span> <span class='ocrx_word' id='word_1_131' title='bbox 1400 2629 1633 2684; x_wconf 82' lang='grc' dir='ltr'>κοιλίαν.</span> 
     </span>
    </p>
   </div>
   <div class='ocr_carea' id='block_1_25' title="bbox 460 2707 1360 2791">
    <p class='ocr_par' dir='ltr' id='par_1_25' title="bbox 460 2707 1360 2791">
     <span class='ocr_line' id='line_1_25' title="bbox 460 2707 1360 2791; baseline 0.007 -26"><span class='ocrx_word' id='word_1_132' title='bbox 460 2712 598 2768; x_wconf 81' lang='grc' dir='ltr'>Ἀνθ’</span> <span class='ocrx_word' id='word_1_133' title='bbox 627 2707 704 2771; x_wconf 79' lang='grc' dir='ltr'>ὧν</span> <span class='ocrx_word' id='word_1_134' title='bbox 728 2715 956 2785; x_wconf 78' lang='grc' dir='ltr'>ἀφέντες</span> <span class='ocrx_word' id='word_1_135' title='bbox 986 2718 1360 2791; x_wconf 81' lang='grc' dir='ltr'>δημιουργεῖν,</span> 
     </span>
    </p>
   </div>
   <div class='ocr_carea' id='block_1_26' title="bbox 444 2807 1732 2885">
    <p class='ocr_par' dir='ltr' id='par_1_26' title="bbox 444 2807 1732 2885">
     <span class='ocr_line' id='line_1_26' title="bbox 444 2807 1732 2885; baseline 0.005 -24"><span class='ocrx_word' id='word_1_136' title='bbox 444 2807 679 2874; x_wconf 83' lang='grc' dir='ltr'>Τούτους</span> <span class='ocrx_word' id='word_1_137' title='bbox 712 2812 904 2883; x_wconf 80' lang='grc' dir='ltr'>φορεῖν</span> <span class='ocrx_word' id='word_1_138' title='bbox 934 2812 1170 2884; x_wconf 80' lang='grc' dir='ltr'>τολμᾶτε</span> <span class='ocrx_word' id='word_1_139' title='bbox 1196 2813 1290 2867; x_wconf 75' lang='grc' dir='ltr'><strong>καὶ</strong></span> <span class='ocrx_word' id='word_1_140' title='bbox 1322 2817 1540 2884; x_wconf 83' lang='grc' dir='ltr'>φρονεῖν</span> <span class='ocrx_word' id='word_1_141' title='bbox 1568 2815 1732 2885; x_wconf 88' lang='grc' dir='ltr'>μέγα.</span> 
     </span>
    </p>
   </div>
   <div class='ocr_carea' id='block_1_27' title="bbox 777 2947 1689 3017">
    <p class='ocr_par' dir='ltr' id='par_1_27' title="bbox 777 2947 1689 3017">
     <span class='ocr_line' id='line_1_27' title="bbox 777 2947 1689 3017; baseline 0.007 -18"><span class='ocrx_word' id='word_1_142' title='bbox 777 2949 883 3013; x_wconf 82' lang='grc' dir='ltr'>κγ’.</span> <span class='ocrx_word' id='word_1_143' title='bbox 911 2948 1015 3013; x_wconf 75' lang='grc' dir='ltr'><strong>Εἰς</strong></span> <span class='ocrx_word' id='word_1_144' title='bbox 1044 2949 1161 3017; x_wconf 76' lang='grc' dir='ltr'><strong>τὴν</strong></span> <span class='ocrx_word' id='word_1_145' title='bbox 1190 2947 1419 3017; x_wconf 81' lang='grc' dir='ltr'>νοητὴν</span> <span class='ocrx_word' id='word_1_146' title='bbox 1445 2949 1689 3005; x_wconf 79' lang='grc' dir='ltr'>οὐσίαν.</span> 
     </span>
    </p>
   </div>
   <div class='ocr_carea' id='block_1_28' title="bbox 444 3058 1488 3134">
    <p class='ocr_par' dir='ltr' id='par_1_28' title="bbox 444 3058 1488 3134">
     <span class='ocr_line' id='line_1_28' title="bbox 444 3058 1488 3134; baseline 0.01 -25"><span class='ocrx_word' id='word_1_147' title='bbox 444 3058 632 3127; x_wconf 84' lang='grc' dir='ltr'>Ζητῶν</span> <span class='ocrx_word' id='word_1_148' title='bbox 661 3058 896 3115; x_wconf 72' lang='grc' dir='ltr'>ἀπεῖπον</span> <span class='ocrx_word' id='word_1_149' title='bbox 920 3061 1019 3132; x_wconf 75' lang='grc' dir='ltr'>τὴν</span> <span class='ocrx_word' id='word_1_150' title='bbox 1053 3062 1247 3134; x_wconf 69' lang='grc' dir='ltr'>νοητὴν</span> <span class='ocrx_word' id='word_1_151' title='bbox 1277 3062 1488 3119; x_wconf 82' lang='grc' dir='ltr'>οὐσίαν.</span> 
     </span>
    </p>
   </div>
   <div class='ocr_carea' id='block_1_29' title="bbox 444 3148 1627 3226">
    <p class='ocr_par' dir='ltr' id='par_1_29' title="bbox 444 3148 1627 3226">
     <span class='ocr_line' id='line_1_29' title="bbox 444 3148 1627 3226; baseline 0.009 -25"><span class='ocrx_word' id='word_1_152' title='bbox 444 3148 537 3213; x_wconf 75' lang='grc' dir='ltr'><strong>Τίς</strong></span> <span class='ocrx_word' id='word_1_153' title='bbox 566 3150 716 3205; x_wconf 74' lang='grc' dir='ltr'>ἐστιν</span> <span class='ocrx_word' id='word_1_154' title='bbox 749 3150 914 3224; x_wconf 80' lang='grc' dir='ltr'>αὕτη,</span> <span class='ocrx_word' id='word_1_155' title='bbox 940 3153 1057 3218; x_wconf 87' lang='grc' dir='ltr'><strong>πῶς</strong></span> <span class='ocrx_word' id='word_1_156' title='bbox 1089 3154 1146 3209; x_wconf 83' lang='grc' dir='ltr'>δὲ</span> <span class='ocrx_word' id='word_1_157' title='bbox 1179 3155 1369 3226; x_wconf 78' lang='grc' dir='ltr'>τέμνει</span> <span class='ocrx_word' id='word_1_158' title='bbox 1391 3157 1489 3221; x_wconf 76' lang='grc' dir='ltr'><strong>τὰς</strong></span> <span class='ocrx_word' id='word_1_159' title='bbox 1513 3157 1627 3224; x_wconf 90' lang='grc' dir='ltr'>δύο,</span> 
     </span>
    </p>
   </div>
   <div class='ocr_carea' id='block_1_30' title="bbox 941 3330 1529 3404">
    <p class='ocr_par' dir='ltr' id='par_1_30' title="bbox 941 3330 1529 3404">
     <span class='ocr_line' id='line_1_30' title="bbox 941 3330 1529 3404; baseline 0.01 -20"><span class='ocrx_word' id='word_1_160' title='bbox 941 3330 1031 3385; x_wconf 75' lang='lat'><strong>20.</strong></span> <span class='ocrx_word' id='word_1_161' title='bbox 1072 3331 1137 3385; x_wconf 84' lang='lat' dir='ltr'><strong>In</strong></span> <span class='ocrx_word' id='word_1_162' title='bbox 1169 3332 1529 3404; x_wconf 80' lang='lat' dir='ltr'><strong>philosophos.</strong></span> 
     </span>
    </p>
   </div>
   <div class='ocr_carea' id='block_1_31' title="bbox 517 3420 2016 3496">
    <p class='ocr_par' dir='ltr' id='par_1_31' title="bbox 517 3420 2016 3496">
     <span class='ocr_line' id='line_1_31' title="bbox 517 3420 2016 3496; baseline 0.007 -20"><span class='ocrx_word' id='word_1_163' title='bbox 517 3420 654 3478; x_wconf 86' lang='lat' dir='ltr'><strong>Tres</strong></span> <span class='ocrx_word' id='word_1_164' title='bbox 684 3422 953 3493; x_wconf 84' lang='lat' dir='ltr'><strong>sapientia</strong></span> <span class='ocrx_word' id='word_1_165' title='bbox 1007 3425 1225 3495; x_wconf 83' lang='lat' dir='ltr'><strong>egregia</strong></span> <span class='ocrx_word' id='word_1_166' title='bbox 1273 3428 1579 3495; x_wconf 88' lang='lat' dir='ltr'><strong>conspicui,</strong></span> <span class='ocrx_word' id='word_1_167' title='bbox 1613 3429 1764 3484; x_wconf 89' lang='lat' dir='ltr'><strong>velut</strong></span> <span class='ocrx_word' id='word_1_168' title='bbox 1799 3430 1978 3487; x_wconf 82' lang='lat' dir='ltr'><strong>sidera</strong></span> <span class='ocrx_word' id='word_1_169' title='bbox 2002 3472 2016 3496; x_wconf 92' lang='lat'><strong>,</strong></span> 
     </span>
    </p>
   </div>
   <div class='ocr_carea' id='block_1_32' title="bbox 446 3511 2020 3592">
    <p class='ocr_par' dir='ltr' id='par_1_32' title="bbox 446 3511 2020 3592">
     <span class='ocr_line' id='line_1_32' title="bbox 446 3511 2020 3592; baseline 0.009 -28"><span class='ocrx_word' id='word_1_170' title='bbox 446 3511 601 3566; x_wconf 77' lang='lat' dir='ltr'><strong>libris</strong></span> <span class='ocrx_word' id='word_1_171' title='bbox 630 3513 930 3583; x_wconf 85' lang='lat' dir='ltr'><strong>pretiosum</strong></span> <span class='ocrx_word' id='word_1_172' title='bbox 960 3514 1279 3570; x_wconf 74' lang='lat' dir='ltr'><strong>thesaurum</strong></span> <span class='ocrx_word' id='word_1_173' title='bbox 1302 3518 1715 3574; x_wconf 83' lang='lat' dir='ltr'><strong>commiserunt.</strong></span> <span class='ocrx_word' id='word_1_174' title='bbox 1752 3520 2020 3592; x_wconf 79' lang='lat' dir='ltr'><strong>Archytas</strong></span> 
     </span>
    </p>
   </div>
   <div class='ocr_carea' id='block_1_33' title="bbox 447 3603 2019 3681">
    <p class='ocr_par' dir='ltr' id='par_1_33' title="bbox 447 3603 2019 3681">
     <span class='ocr_line' id='line_1_33' title="bbox 447 3603 2019 3681; baseline 0.009 -24"><span class='ocrx_word' id='word_1_175' title='bbox 447 3604 753 3674; x_wconf 87' lang='lat' dir='ltr'><strong>imperavit,</strong></span> <span class='ocrx_word' id='word_1_176' title='bbox 785 3603 937 3659; x_wconf 88' lang='lat' dir='ltr'><strong>Plato</strong></span> <span class='ocrx_word' id='word_1_177' title='bbox 966 3606 1339 3677; x_wconf 73' lang='lat' dir='ltr'><strong>ampliﬁcavit,</strong></span> <span class='ocrx_word' id='word_1_178' title='bbox 1370 3609 1692 3666; x_wconf 84' lang='lat' dir='ltr'><strong>Aristoteles</strong></span> <span class='ocrx_word' id='word_1_179' title='bbox 1728 3613 2019 3681; x_wconf 77' lang='lat' dir='ltr'><strong>perfectio-</strong></span> 
     </span>
    </p>
   </div>
   <div class='ocr_carea' id='block_1_34' title="bbox 451 3694 2017 3772">
    <p class='ocr_par' dir='ltr' id='par_1_34' title="bbox 451 3694 2017 3772">
     <span class='ocr_line' id='line_1_34' title="bbox 451 3694 2017 3772; baseline 0.008 -25"><span class='ocrx_word' id='word_1_180' title='bbox 451 3710 573 3748; x_wconf 95' lang='lat' dir='ltr'><strong>nem</strong></span> <span class='ocrx_word' id='word_1_181' title='bbox 627 3694 681 3749; x_wconf 92' lang='lat' dir='ltr'><strong>in</strong></span> <span class='ocrx_word' id='word_1_182' title='bbox 720 3695 1012 3761; x_wconf 89' lang='lat' dir='ltr'><strong>omnibus,</strong></span> <span class='ocrx_word' id='word_1_183' title='bbox 1062 3706 1122 3752; x_wconf 91' lang='lat' dir='ltr'><strong>ut</strong></span> <span class='ocrx_word' id='word_1_184' title='bbox 1153 3713 1352 3756; x_wconf 86' lang='lat' dir='ltr'><strong>nomen</strong></span> <span class='ocrx_word' id='word_1_185' title='bbox 1395 3701 1516 3772; x_wconf 82' lang='lat' dir='ltr'><strong>ejus</strong></span> <span class='ocrx_word' id='word_1_186' title='bbox 1552 3701 1785 3759; x_wconf 77' lang='lat' dir='ltr'><strong>feliciter</strong></span> <span class='ocrx_word' id='word_1_187' title='bbox 1835 3715 2017 3772; x_wconf 87' lang='lat' dir='ltr'><strong>sonat,</strong></span> 
     </span>
    </p>
   </div>
   <div class='ocr_carea' id='block_1_35' title="bbox 448 3787 727 3856">
    <p class='ocr_par' dir='ltr' id='par_1_35' title="bbox 448 3787 727 3856">
     <span class='ocr_line' id='line_1_35' title="bbox 448 3787 727 3856; baseline 0.011 -17"><span class='ocrx_word' id='word_1_188' title='bbox 448 3787 727 3856; x_wconf 77' lang='lat' dir='ltr'><strong>imposuit.</strong></span> 
     </span>
    </p>
   </div>
   <div class='ocr_carea' id='block_1_36' title="bbox 794 3899 1673 3962">
    <p class='ocr_par' dir='ltr' id='par_1_36' title="bbox 794 3899 1673 3962">
     <span class='ocr_line' id='line_1_36' title="bbox 794 3899 1673 3962; baseline 0.009 -9"><span class='ocrx_word' id='word_1_189' title='bbox 794 3900 886 3957; x_wconf 73' lang='grc'><strong>21.</strong></span> <span class='ocrx_word' id='word_1_190' title='bbox 922 3899 986 3955; x_wconf 89' lang='grc' dir='ltr'>1η</span> <span class='ocrx_word' id='word_1_191' title='bbox 1022 3900 1302 3957; x_wconf 77' lang='lat' dir='ltr'><strong>[berorum</strong></span> <span class='ocrx_word' id='word_1_192' title='bbox 1330 3906 1673 3962; x_wconf 78' lang='lat' dir='ltr'><strong>vastationes.</strong></span> 
     </span>
    </p>
   </div>
   <div class='ocr_carea' id='block_1_37' title="bbox 524 4009 2020 4084">
    <p class='ocr_par' dir='ltr' id='par_1_37' title="bbox 524 4009 2020 4084">
     <span class='ocr_line' id='line_1_37' title="bbox 524 4009 2020 4084; baseline 0.008 -22"><span class='ocrx_word' id='word_1_193' title='bbox 524 4009 640 4064; x_wconf 73' lang='lat' dir='ltr'><strong>Non</strong></span> <span class='ocrx_word' id='word_1_194' title='bbox 668 4011 959 4082; x_wconf 89' lang='lat' dir='ltr'><strong>Scythicus</strong></span> <span class='ocrx_word' id='word_1_195' title='bbox 990 4012 1155 4084; x_wconf 88' lang='lat' dir='ltr'><strong>ignis,</strong></span> <span class='ocrx_word' id='word_1_196' title='bbox 1183 4013 1277 4069; x_wconf 88' lang='lat' dir='ltr'><strong>sed</strong></span> <span class='ocrx_word' id='word_1_197' title='bbox 1303 4015 1508 4071; x_wconf 86' lang='lat' dir='ltr'><strong>lberica</strong></span> <span class='ocrx_word' id='word_1_198' title='bbox 1540 4017 1799 4073; x_wconf 84' lang='lat' dir='ltr'><strong>violentia</strong></span> <span class='ocrx_word' id='word_1_199' title='bbox 1830 4033 2020 4075; x_wconf 81' lang='lat' dir='ltr'><strong>versus</strong></span> 
     </span>
    </p>
   </div>
   <div class='ocr_carea' id='block_1_38' title="bbox 447 4100 2015 4180">
    <p class='ocr_par' dir='ltr' id='par_1_38' title="bbox 447 4100 2015 4180">
     <span class='ocr_line' id='line_1_38' title="bbox 447 4100 2015 4180; baseline 0.008 -25"><span class='ocrx_word' id='word_1_200' title='bbox 447 4100 722 4158; x_wconf 79' lang='lat' dir='ltr'><strong>Orientem</strong></span> <span class='ocrx_word' id='word_1_201' title='bbox 748 4120 893 4160; x_wconf 74' lang='lat' dir='ltr'><strong>nime</strong></span> <span class='ocrx_word' id='word_1_202' title='bbox 913 4102 1269 4162; x_wconf 83' lang='lat' dir='ltr'><strong>Occidentem</strong></span> <span class='ocrx_word' id='word_1_203' title='bbox 1293 4107 1463 4180; x_wconf 78' lang='lat' dir='ltr'><strong>fugat.</strong></span> <span class='ocrx_word' id='word_1_204' title='bbox 1482 4107 1595 4165; x_wconf 83' lang='lat' dir='ltr'><strong>Hoc</strong></span> <span class='ocrx_word' id='word_1_205' title='bbox 1622 4119 1782 4166; x_wconf 70' lang='lat' dir='ltr'><strong>terra:</strong></span> <span class='ocrx_word' id='word_1_206' title='bbox 1811 4121 2015 4175; x_wconf 85' lang='lat' dir='ltr'><strong>motus,</strong></span> 
     </span>
    </p>
   </div>
   <div class='ocr_carea' id='block_1_39' title="bbox 446 4193 2015 4272">
    <p class='ocr_par' dir='ltr' id='par_1_39' title="bbox 446 4193 2015 4272">
     <span class='ocr_line' id='line_1_39' title="bbox 446 4193 2015 4272; baseline 0.008 -27"><span class='ocrx_word' id='word_1_207' title='bbox 446 4215 456 4240; x_wconf 77' lang='grc' dir='ltr'><strong>ι</strong></span> <span class='ocrx_word' id='word_1_208' title='bbox 481 4201 501 4245; x_wconf 89' lang='grc' dir='ltr'><strong>ι</strong></span> <span class='ocrx_word' id='word_1_209' title='bbox 536 4193 655 4249; x_wconf 75' lang='lat' dir='ltr'><strong>illos</strong></span> <span class='ocrx_word' id='word_1_210' title='bbox 683 4194 962 4250; x_wconf 87' lang='lat' dir='ltr'><strong>stellarum</strong></span> <span class='ocrx_word' id='word_1_211' title='bbox 995 4212 1259 4253; x_wconf 90' lang='lat' dir='ltr'><strong>novarum</strong></span> <span class='ocrx_word' id='word_1_212' title='bbox 1283 4199 1460 4272; x_wconf 82' lang='lat' dir='ltr'><strong>fulgor</strong></span> <span class='ocrx_word' id='word_1_213' title='bbox 1488 4202 1811 4258; x_wconf 86' lang='lat' dir='ltr'><strong>ostendebat</strong></span> <span class='ocrx_word' id='word_1_214' title='bbox 1838 4212 2015 4258; x_wconf 56' lang='lat' dir='ltr'><strong>terrae.</strong></span> 
     </span>
    </p>
   </div>
   <div class='ocr_carea' id='block_1_40' title="bbox 447 4283 2018 4357">
    <p class='ocr_par' dir='ltr' id='par_1_40' title="bbox 447 4283 2018 4357">
     <span class='ocr_line' id='line_1_40' title="bbox 447 4283 2018 4357; baseline 0.009 -24"><span class='ocrx_word' id='word_1_215' title='bbox 447 4284 588 4349; x_wconf 77' lang='lat' dir='ltr'><strong>Quid</strong></span> <span class='ocrx_word' id='word_1_216' title='bbox 640 4283 872 4355; x_wconf 81' lang='lat' dir='ltr'><strong>Scythas</strong></span> <span class='ocrx_word' id='word_1_217' title='bbox 904 4285 1123 4341; x_wconf 82' lang='lat' dir='ltr'><strong>incusas</strong></span> <span class='ocrx_word' id='word_1_218' title='bbox 1164 4287 1459 4357; x_wconf 90' lang='lat' dir='ltr'><strong>immerito,</strong></span> <span class='ocrx_word' id='word_1_219' title='bbox 1504 4306 1629 4348; x_wconf 87' lang='lat' dir='ltr'><strong>cum</strong></span> <span class='ocrx_word' id='word_1_220' title='bbox 1665 4292 1848 4349; x_wconf 89' lang='lat' dir='ltr'><strong>socios</strong></span> <span class='ocrx_word' id='word_1_221' title='bbox 1890 4292 2018 4347; x_wconf 88' lang='lat' dir='ltr'><strong>talia</strong></span> 
     </span>
    </p>
   </div>
   <div class='ocr_carea' id='block_1_41' title="bbox 445 4379 1400 4447">
    <p class='ocr_par' dir='ltr' id='par_1_41' title="bbox 445 4379 1400 4447">
     <span class='ocr_line' id='line_1_41' title="bbox 445 4379 1400 4447; baseline 0.006 -16"><span class='ocrx_word' id='word_1_222' title='bbox 445 4387 687 4447; x_wconf 79' lang='lat' dir='ltr'><strong>agentes,</strong></span> <span class='ocrx_word' id='word_1_223' title='bbox 729 4388 785 4434; x_wconf 88' lang='lat' dir='ltr'><strong>et</strong></span> <span class='ocrx_word' id='word_1_224' title='bbox 812 4379 1020 4436; x_wconf 90' lang='lat' dir='ltr'><strong>amicos</strong></span> <span class='ocrx_word' id='word_1_225' title='bbox 1051 4389 1176 4436; x_wconf 89' lang='lat' dir='ltr'><strong>tuos</strong></span> <span class='ocrx_word' id='word_1_226' title='bbox 1207 4382 1400 4439; x_wconf 81' lang='lat' dir='ltr'><strong>vides?</strong></span> 
     </span>
    </p>
   </div>
   <div class='ocr_carea' id='block_1_42' title="bbox 984 4512 1487 4586">
    <p class='ocr_par' dir='ltr' id='par_1_42' title="bbox 984 4512 1487 4586">
     <span class='ocr_line' id='line_1_42' title="bbox 984 4512 1487 4586; baseline 0.002 -18"><span class='ocrx_word' id='word_1_227' title='bbox 984 4514 1074 4568; x_wconf 71' lang='grc'>22.</span> <span class='ocrx_word' id='word_1_228' title='bbox 1110 4512 1177 4568; x_wconf 82' lang='grc' dir='ltr'><em>1η</em></span> <span class='ocrx_word' id='word_1_229' title='bbox 1202 4513 1487 4586; x_wconf 74' lang='lat' dir='ltr'><strong>Bulgaros.</strong></span> 
     </span>
    </p>
   </div>
   <div class='ocr_carea' id='block_1_43' title="bbox 410 4636 2015 4723">
    <p class='ocr_par' dir='ltr' id='par_1_43' title="bbox 410 4636 2015 4723">
     <span class='ocr_line' id='line_1_43' title="bbox 410 4636 2015 4723; baseline 0.002 -20"><span class='ocrx_word' id='word_1_230' title='bbox 410 4636 411 4639; x_wconf 9' lang='grc' dir='ltr'><strong>η</strong></span> <span class='ocrx_word' id='word_1_231' title='bbox 514 4650 716 4704; x_wconf 84' lang='lat' dir='ltr'><strong>Contra</strong></span> <span class='ocrx_word' id='word_1_232' title='bbox 749 4649 980 4720; x_wconf 80' lang='lat' dir='ltr'><strong>Scythas</strong></span> <span class='ocrx_word' id='word_1_233' title='bbox 1028 4665 1199 4719; x_wconf 89' lang='lat' dir='ltr'><strong>nuper</strong></span> <span class='ocrx_word' id='word_1_234' title='bbox 1227 4653 1429 4714; x_wconf 83' lang='lat' dir='ltr'><strong>socios,</strong></span> <span class='ocrx_word' id='word_1_235' title='bbox 1465 4668 1609 4706; x_wconf 82' lang='lat' dir='ltr'><strong>nunc.</strong></span> <span class='ocrx_word' id='word_1_236' title='bbox 1632 4668 1762 4707; x_wconf 81' lang='lat' dir='ltr'><strong>vero</strong></span> <span class='ocrx_word' id='word_1_237' title='bbox 1800 4652 2015 4723; x_wconf 70' lang='lat' dir='ltr'><strong>Scythae</strong></span> 
     </span>
    </p>
   </div>
   <div class='ocr_carea' id='block_1_44' title="bbox 1716 373 2499 438">
    <p class='ocr_par' dir='ltr' id='par_1_44' title="bbox 1716 373 2499 438">
     <span class='ocr_line' id='line_1_44' title="bbox 1716 373 2499 438; baseline 0.001 -4"><span class='ocrx_word' id='word_1_238' title='bbox 1716 373 2038 437; x_wconf 80' lang='lat' dir='ltr'><strong>JOANNIS</strong></span> <span class='ocrx_word' id='word_1_239' title='bbox 2069 376 2499 438; x_wconf 54' lang='lat' dir='ltr'><strong>GEOMETRJ’.</strong></span> 
     </span>
    </p>
   </div>
   <div class='ocr_carea' id='block_1_45' title="bbox 2050 490 3388 565">
    <p class='ocr_par' dir='ltr' id='par_1_45' title="bbox 2050 490 3388 565">
     <span class='ocr_line' id='line_1_45' title="bbox 2050 490 3388 565; baseline -0.004 -17"><span class='ocrx_word' id='word_1_240' title='bbox 2050 500 2091 555; x_wconf 78' lang='grc' dir='ltr'><strong>Α</strong></span> <span class='ocrx_word' id='word_1_241' title='bbox 2137 495 2451 564; x_wconf 77' lang='grc' dir='ltr'>Ἀσώματον</span> <span class='ocrx_word' id='word_1_242' title='bbox 2475 495 2569 548; x_wconf 80' lang='grc' dir='ltr'>καὶ</span> <span class='ocrx_word' id='word_1_243' title='bbox 2597 495 2793 565; x_wconf 82' lang='grc' dir='ltr'>σῶμα;</span> <span class='ocrx_word' id='word_1_244' title='bbox 2824 493 2939 557; x_wconf 82' lang='grc' dir='ltr'><strong>πῶς</strong></span> <span class='ocrx_word' id='word_1_245' title='bbox 2976 491 3019 545; x_wconf 81' lang='grc' dir='ltr'>δ’</span> <span class='ocrx_word' id='word_1_246' title='bbox 3049 491 3216 562; x_wconf 82' lang='grc' dir='ltr'>ἄμφω</span> <span class='ocrx_word' id='word_1_247' title='bbox 3250 490 3388 563; x_wconf 80' lang='grc' dir='ltr'>μόνη</span> 
     </span>
    </p>
   </div>
   <div class='ocr_carea' id='block_1_46' title="bbox 2127 583 3264 657">
    <p class='ocr_par' dir='ltr' id='par_1_46' title="bbox 2127 583 3264 657">
     <span class='ocr_line' id='line_1_46' title="bbox 2127 583 3264 657; baseline -0.004 -19"><span class='ocrx_word' id='word_1_248' title='bbox 2127 587 2364 657; x_wconf 83' lang='grc' dir='ltr'>Ἔχουσα</span> <span class='ocrx_word' id='word_1_249' title='bbox 2391 587 2498 639; x_wconf 88' lang='grc' dir='ltr'><strong>τῶν</strong></span> <span class='ocrx_word' id='word_1_250' title='bbox 2526 586 2673 640; x_wconf 87' lang='grc' dir='ltr'>δυοῖν</span> <span class='ocrx_word' id='word_1_251' title='bbox 2700 586 2756 639; x_wconf 86' lang='grc' dir='ltr'>δὲ</span> <span class='ocrx_word' id='word_1_252' title='bbox 2786 584 2952 655; x_wconf 83' lang='grc' dir='ltr'>μηδὲν</span> <span class='ocrx_word' id='word_1_253' title='bbox 2980 583 3264 653; x_wconf 76' lang='grc' dir='ltr'>τυγχάνεις</span> 
     </span>
    </p>
   </div>
   <div class='ocr_carea' id='block_1_47' title="bbox 2122 673 3427 743">
    <p class='ocr_par' dir='ltr' id='par_1_47' title="bbox 2122 673 3427 743">
     <span class='ocr_line' id='line_1_47' title="bbox 2122 673 3427 743; baseline -0.002 -13"><span class='ocrx_word' id='word_1_254' title='bbox 2122 678 2245 742; x_wconf 85' lang='grc' dir='ltr'>Πῶς</span> <span class='ocrx_word' id='word_1_255' title='bbox 2270 678 2446 733; x_wconf 90' lang='grc' dir='ltr'>πάντα</span> <span class='ocrx_word' id='word_1_256' title='bbox 2469 678 2512 730; x_wconf 85' lang='grc' dir='ltr'>δ’</span> <span class='ocrx_word' id='word_1_257' title='bbox 2538 677 2709 743; x_wconf 74' lang='grc' dir='ltr'>ἐστὶν,</span> <span class='ocrx_word' id='word_1_258' title='bbox 2733 676 2850 729; x_wconf 79' lang='grc' dir='ltr'>ἐστι</span> <span class='ocrx_word' id='word_1_259' title='bbox 2877 676 3097 730; x_wconf 84' lang='grc' dir='ltr'>πάντων</span> <span class='ocrx_word' id='word_1_260' title='bbox 3127 674 3171 728; x_wconf 80' lang='grc' dir='ltr'>δ’</span> <span class='ocrx_word' id='word_1_261' title='bbox 3196 673 3382 728; x_wconf 83' lang='grc' dir='ltr'>οὐκέτι</span> <span class='ocrx_word' id='word_1_262' title='bbox 3406 690 3427 742; x_wconf 77' lang='grc' dir='ltr'><strong>ς</strong></span> 
     </span>
    </p>
   </div>
   <div class='ocr_carea' id='block_1_48' title="bbox 3140 810 3212 865">
    <p class='ocr_par' dir='ltr' id='par_1_48' title="bbox 3140 810 3212 865">
     <span class='ocr_line' id='line_1_48' title="bbox 3140 810 3212 865; baseline 0 0"><span class='ocrx_word' id='word_1_263' title='bbox 3140 810 3212 865; x_wconf 76' lang='grc' dir='ltr'><strong>πλ</strong></span> 
     </span>
    </p>
   </div>
   <div class='ocr_carea' id='block_1_49' title="bbox 2621 882 3208 953">
    <p class='ocr_par' dir='ltr' id='par_1_49' title="bbox 2621 882 3208 953">
     <span class='ocr_line' id='line_1_49' title="bbox 2621 882 3208 953; baseline -0.005 -13"><span class='ocrx_word' id='word_1_264' title='bbox 2621 882 2725 940; x_wconf 81' lang='grc' dir='ltr'>κδ’.</span> <span class='ocrx_word' id='word_1_265' title='bbox 2759 887 2873 952; x_wconf 73' lang='grc' dir='ltr'><strong>Εἰς</strong></span> <span class='ocrx_word' id='word_1_266' title='bbox 2894 882 3005 938; x_wconf 74' lang='grc' dir='ltr'><strong>τὸν</strong></span> <span class='ocrx_word' id='word_1_267' title='bbox 3031 897 3208 953; x_wconf 66' lang='grc' dir='ltr'>κομεῖν</span> 
     </span>
    </p>
   </div>
   <div class='ocr_carea' id='block_1_50' title="bbox 2129 996 3115 1071">
    <p class='ocr_par' dir='ltr' id='par_1_50' title="bbox 2129 996 3115 1071">
     <span class='ocr_line' id='line_1_50' title="bbox 2129 996 3115 1071; baseline -0.003 -19"><span class='ocrx_word' id='word_1_268' title='bbox 2129 1002 2270 1053; x_wconf 81' lang='grc' dir='ltr'>’Λνω</span> <span class='ocrx_word' id='word_1_269' title='bbox 2304 999 2535 1071; x_wconf 88' lang='grc' dir='ltr'>κομίτης</span> <span class='ocrx_word' id='word_1_270' title='bbox 2564 999 2757 1069; x_wconf 77' lang='grc' dir='ltr'>ἔφλεγε</span> <span class='ocrx_word' id='word_1_271' title='bbox 2779 998 2873 1052; x_wconf 78' lang='grc' dir='ltr'><strong>τὸν</strong></span> <span class='ocrx_word' id='word_1_272' title='bbox 2899 996 3115 1067; x_wconf 78' lang='grc' dir='ltr'>αἰθέρα,</span> 
     </span>
    </p>
   </div>
   <div class='ocr_carea' id='block_1_51' title="bbox 2120 1090 3341 1164">
    <p class='ocr_par' dir='ltr' id='par_1_51' title="bbox 2120 1090 3341 1164">
     <span class='ocr_line' id='line_1_51' title="bbox 2120 1090 3341 1164; baseline -0.002 -17"><span class='ocrx_word' id='word_1_273' title='bbox 2120 1092 2287 1147; x_wconf 80' lang='grc' dir='ltr'>Κάτω</span> <span class='ocrx_word' id='word_1_274' title='bbox 2323 1093 2573 1164; x_wconf 78' lang='grc' dir='ltr'>κομήτης</span> <span class='ocrx_word' id='word_1_275' title='bbox 2594 1092 2865 1163; x_wconf 85' lang='grc' dir='ltr'>πυρπολεῖ</span> <span class='ocrx_word' id='word_1_276' title='bbox 2893 1091 2994 1161; x_wconf 85' lang='grc' dir='ltr'>τὴν</span> <span class='ocrx_word' id='word_1_277' title='bbox 3039 1090 3341 1161; x_wconf 78' lang='grc' dir='ltr'>Ἑσπέραν.</span> 
     </span>
    </p>
   </div>
   <div class='ocr_carea' id='block_1_52' title="bbox 2133 1184 3391 1257">
    <p class='ocr_par' dir='ltr' id='par_1_52' title="bbox 2133 1184 3391 1257">
     <span class='ocr_line' id='line_1_52' title="bbox 2133 1184 3391 1257; baseline -0.002 -18"><span class='ocrx_word' id='word_1_278' title='bbox 2133 1184 2333 1257; x_wconf 81' lang='grc' dir='ltr'>Ἀστὴρ</span> <span class='ocrx_word' id='word_1_279' title='bbox 2362 1186 2570 1250; x_wconf 80' lang='grc' dir='ltr'>ἐκεῖνος</span> <span class='ocrx_word' id='word_1_280' title='bbox 2596 1186 2659 1240; x_wconf 90' lang='grc' dir='ltr'><strong>σύ</strong></span> <span class='ocrx_word' id='word_1_281' title='bbox 2668 1184 2865 1256; x_wconf 80' lang='grc' dir='ltr'>μσολον</span> <span class='ocrx_word' id='word_1_282' title='bbox 2885 1184 2980 1238; x_wconf 81' lang='grc' dir='ltr'>τοῦ</span> <span class='ocrx_word' id='word_1_283' title='bbox 3006 1184 3103 1239; x_wconf 78' lang='grc' dir='ltr'>νῦν</span> <span class='ocrx_word' id='word_1_284' title='bbox 3127 1184 3348 1248; x_wconf 86' lang='grc' dir='ltr'>σκότους</span> <span class='ocrx_word' id='word_1_285' title='bbox 3371 1199 3391 1217; x_wconf 78' lang='grc' dir='ltr'><strong>ο</strong></span> 
     </span>
    </p>
   </div>
   <div class='ocr_carea' id='block_1_53' title="bbox 2132 1276 3187 1348">
    <p class='ocr_par' dir='ltr' id='par_1_53' title="bbox 2132 1276 3187 1348">
     <span class='ocr_line' id='line_1_53' title="bbox 2132 1276 3187 1348; baseline -0.001 -16"><span class='ocrx_word' id='word_1_286' title='bbox 2132 1278 2371 1341; x_wconf 83' lang='grc' dir='ltr'>Ἐκεῖνος</span> <span class='ocrx_word' id='word_1_287' title='bbox 2402 1278 2678 1348; x_wconf 79' lang='grc' dir='ltr'>ήμεροῦτο</span> <span class='ocrx_word' id='word_1_288' title='bbox 2701 1278 2843 1346; x_wconf 73' lang='grc' dir='ltr'>φωτὶ</span> <span class='ocrx_word' id='word_1_289' title='bbox 2865 1276 3187 1348; x_wconf 82' lang='grc' dir='ltr'>Φωσφόρου.</span> 
     </span>
    </p>
   </div>
   <div class='ocr_carea' id='block_1_54' title="bbox 2132 1361 3286 1441">
    <p class='ocr_par' dir='ltr' id='par_1_54' title="bbox 2132 1361 3286 1441">
     <span class='ocr_line' id='line_1_54' title="bbox 2132 1361 3286 1441; baseline 0.003 -20"><span class='ocrx_word' id='word_1_290' title='bbox 2132 1368 2276 1422; x_wconf 84' lang='grc' dir='ltr'>Ἀλλ’</span> <span class='ocrx_word' id='word_1_291' title='bbox 2295 1361 2452 1433; x_wconf 78' lang='grc' dir='ltr'>οὗτος</span> <span class='ocrx_word' id='word_1_292' title='bbox 2487 1369 2635 1440; x_wconf 75' lang='grc' dir='ltr'>ἥφθη</span> <span class='ocrx_word' id='word_1_293' title='bbox 2656 1372 2722 1441; x_wconf 79' lang='grc' dir='ltr'>τῇ</span> <span class='ocrx_word' id='word_1_294' title='bbox 2755 1368 2907 1422; x_wconf 91' lang='grc' dir='ltr'>δύσει</span> <span class='ocrx_word' id='word_1_295' title='bbox 2940 1369 3286 1441; x_wconf 80' lang='grc' dir='ltr'>Νικηφόρου.</span> 
     </span>
    </p>
   </div>
   <div class='ocr_carea' id='block_1_55' title="bbox 2121 1454 3199 1533">
    <p class='ocr_par' dir='ltr' id='par_1_55' title="bbox 2121 1454 3199 1533">
     <span class='ocr_line' id='line_1_55' title="bbox 2121 1454 3199 1533; baseline 0.002 -20"><span class='ocrx_word' id='word_1_296' title='bbox 2121 1459 2318 1529; x_wconf 83' lang='grc' dir='ltr'>Τυφὼς</span> <span class='ocrx_word' id='word_1_297' title='bbox 2346 1463 2374 1515; x_wconf 86' lang='grc' dir='ltr'>ὁ</span> <span class='ocrx_word' id='word_1_298' title='bbox 2402 1461 2574 1526; x_wconf 78' lang='grc' dir='ltr'>δεινὸς</span> <span class='ocrx_word' id='word_1_299' title='bbox 2606 1454 2763 1525; x_wconf 71' lang='grc' dir='ltr'>οὗτος</span> <span class='ocrx_word' id='word_1_300' title='bbox 2795 1460 2856 1526; x_wconf 80' lang='grc' dir='ltr'><strong>ἐξ</strong></span> <span class='ocrx_word' id='word_1_301' title='bbox 2882 1460 3199 1533; x_wconf 84' lang='grc' dir='ltr'>ἀλαστόρων</span> 
     </span>
    </p>
   </div>
   <div class='ocr_carea' id='block_1_56' title="bbox 2120 1552 3463 1627">
    <p class='ocr_par' dir='ltr' id='par_1_56' title="bbox 2120 1552 3463 1627">
     <span class='ocr_line' id='line_1_56' title="bbox 2120 1552 3463 1627; baseline 0.001 -20"><span class='ocrx_word' id='word_1_302' title='bbox 2120 1554 2203 1608; x_wconf 72' lang='grc' dir='ltr'>Τὰ</span> <span class='ocrx_word' id='word_1_303' title='bbox 2229 1554 2407 1608; x_wconf 90' lang='grc' dir='ltr'>πάντα</span> <span class='ocrx_word' id='word_1_304' title='bbox 2436 1556 2694 1627; x_wconf 81' lang='grc' dir='ltr'>πιμπρᾷ·</span> <span class='ocrx_word' id='word_1_305' title='bbox 2726 1552 2830 1608; x_wconf 78' lang='grc' dir='ltr'>ποῦ</span> <span class='ocrx_word' id='word_1_306' title='bbox 2864 1552 3194 1626; x_wconf 82' lang='grc' dir='ltr'>βρυχήματα</span> <span class='ocrx_word' id='word_1_307' title='bbox 3221 1554 3463 1625; x_wconf 86' lang='grc' dir='ltr'>κράτους</span> 
     </span>
    </p>
   </div>
   <div class='ocr_carea' id='block_1_57' title="bbox 2121 1646 3459 1719">
    <p class='ocr_par' dir='ltr' id='par_1_57' title="bbox 2121 1646 3459 1719">
     <span class='ocr_line' id='line_1_57' title="bbox 2121 1646 3459 1719; baseline 0.001 -19"><span class='ocrx_word' id='word_1_308' title='bbox 2121 1647 2229 1701; x_wconf 82' lang='grc' dir='ltr'>Τοῦ</span> <span class='ocrx_word' id='word_1_309' title='bbox 2260 1647 2376 1712; x_wconf 81' lang='grc' dir='ltr'>σοῦ,</span> <span class='ocrx_word' id='word_1_310' title='bbox 2414 1648 2709 1718; x_wconf 67' lang='grc' dir='ltr'>στρατηγέ,</span> <span class='ocrx_word' id='word_1_311' title='bbox 2740 1647 2843 1719; x_wconf 85' lang='grc' dir='ltr'><strong>τῆς</strong></span> <span class='ocrx_word' id='word_1_312' title='bbox 2886 1648 3149 1718; x_wconf 82' lang='grc' dir='ltr'>ἀνικήτου</span> <span class='ocrx_word' id='word_1_313' title='bbox 3190 1646 3411 1718; x_wconf 85' lang='grc' dir='ltr'>Ῥώμης</span> <span class='ocrx_word' id='word_1_314' title='bbox 3434 1664 3459 1716; x_wconf 80' lang='lat'><strong>;</strong></span> 
     </span>
    </p>
   </div>
   <div class='ocr_carea' id='block_1_58' title="bbox 2121 1736 3205 1810">
    <p class='ocr_par' dir='ltr' id='par_1_58' title="bbox 2121 1736 3205 1810">
     <span class='ocr_line' id='line_1_58' title="bbox 2121 1736 3205 1810; baseline 0 -20"><span class='ocrx_word' id='word_1_315' title='bbox 2121 1738 2285 1791; x_wconf 84' lang='grc' dir='ltr'>Φύσει</span> <span class='ocrx_word' id='word_1_316' title='bbox 2317 1737 2561 1809; x_wconf 83' lang='grc' dir='ltr'>βασιλεῦ,</span> <span class='ocrx_word' id='word_1_317' title='bbox 2594 1736 2887 1810; x_wconf 82' lang='grc' dir='ltr'>πράγμασι</span> <span class='ocrx_word' id='word_1_318' title='bbox 2912 1737 3205 1807; x_wconf 72' lang='grc' dir='ltr'>νικηφόρε,</span> 
     </span>
    </p>
   </div>
   <div class='ocr_carea' id='block_1_59' title="bbox 2122 1824 3533 1901">
    <p class='ocr_par' dir='ltr' id='par_1_59' title="bbox 2122 1824 3533 1901">
     <span class='ocr_line' id='line_1_59' title="bbox 2122 1824 3533 1901; baseline 0 -18"><span class='ocrx_word' id='word_1_319' title='bbox 2122 1829 2336 1901; x_wconf 75' lang='grc' dir='ltr'>Μικρὸν</span> <span class='ocrx_word' id='word_1_320' title='bbox 2364 1828 2654 1900; x_wconf 77' lang='grc' dir='ltr'>προκύψας</span> <span class='ocrx_word' id='word_1_321' title='bbox 2680 1827 2777 1883; x_wconf 79' lang='grc' dir='ltr'>τοῦ</span> <span class='ocrx_word' id='word_1_322' title='bbox 2798 1829 2993 1898; x_wconf 83' lang='grc' dir='ltr'>τάφου,</span> <span class='ocrx_word' id='word_1_323' title='bbox 3026 1828 3243 1900; x_wconf 81' lang='grc' dir='ltr'>βρύξον,</span> <span class='ocrx_word' id='word_1_324' title='bbox 3274 1827 3419 1895; x_wconf 69' lang='grc' dir='ltr'>λέον,</span> <span class='ocrx_word' id='word_1_325' title='bbox 3528 1824 3533 1831; x_wconf 76' lang='grc'><strong>’</strong></span> 
     </span>
    </p>
   </div>
   <div class='ocr_carea' id='block_1_60' title="bbox 2120 1918 3264 1991">
    <p class='ocr_par' dir='ltr' id='par_1_60' title="bbox 2120 1918 3264 1991">
     <span class='ocr_line' id='line_1_60' title="bbox 2120 1918 3264 1991; baseline 0.002 -19"><span class='ocrx_word' id='word_1_326' title='bbox 2120 1918 2343 1984; x_wconf 81' lang='grc' dir='ltr'>Δίδαξον</span> <span class='ocrx_word' id='word_1_327' title='bbox 2370 1919 2540 1974; x_wconf 70' lang='grc' dir='ltr'>οἰκεῖν</span> <span class='ocrx_word' id='word_1_328' title='bbox 2565 1918 2665 1982; x_wconf 82' lang='grc' dir='ltr'>τὰς</span> <span class='ocrx_word' id='word_1_329' title='bbox 2692 1918 2986 1985; x_wconf 82' lang='grc' dir='ltr'>ἀλώπεκας</span> <span class='ocrx_word' id='word_1_330' title='bbox 3014 1920 3264 1991; x_wconf 79' lang='grc' dir='ltr'>πέτραις.</span> 
     </span>
    </p>
   </div>
   <div class='ocr_carea' id='block_1_61' title="bbox 2561 2053 3255 2122">
    <p class='ocr_par' dir='ltr' id='par_1_61' title="bbox 2561 2053 3255 2122">
     <span class='ocr_line' id='line_1_61' title="bbox 2561 2053 3255 2122; baseline 0.004 -16"><span class='ocrx_word' id='word_1_331' title='bbox 2561 2058 2662 2108; x_wconf 71' lang='grc' dir='ltr'>κε’.</span> <span class='ocrx_word' id='word_1_332' title='bbox 2691 2054 2871 2122; x_wconf 84' lang='grc' dir='ltr'>Ὅρος</span> <span class='ocrx_word' id='word_1_333' title='bbox 2900 2053 3019 2108; x_wconf 82' lang='grc' dir='ltr'>τῶν</span> <span class='ocrx_word' id='word_1_334' title='bbox 3044 2053 3255 2109; x_wconf 78' lang='grc' dir='ltr'>ὄντων.</span> 
     </span>
    </p>
   </div>
   <div class='ocr_carea' id='block_1_62' title="bbox 2120 2158 3321 2233">
    <p class='ocr_par' dir='ltr' id='par_1_62' title="bbox 2120 2158 3321 2233">
     <span class='ocr_line' id='line_1_62' title="bbox 2120 2158 3321 2233; baseline 0.001 -15"><span class='ocrx_word' id='word_1_335' title='bbox 2120 2166 2390 2219; x_wconf 82' lang='grc' dir='ltr'>Ἕκαστον</span> <span class='ocrx_word' id='word_1_336' title='bbox 2412 2158 2553 2219; x_wconf 85' lang='grc' dir='ltr'>εῖναι</span> <span class='ocrx_word' id='word_1_337' title='bbox 2581 2168 2693 2229; x_wconf 86' lang='grc' dir='ltr'>τοῖς</span> <span class='ocrx_word' id='word_1_338' title='bbox 2730 2167 2911 2233; x_wconf 83' lang='grc' dir='ltr'>σοφοῖς</span> <span class='ocrx_word' id='word_1_339' title='bbox 2945 2163 3091 2217; x_wconf 81' lang='grc' dir='ltr'>τοῦτ’</span> <span class='ocrx_word' id='word_1_340' title='bbox 3120 2164 3281 2219; x_wconf 87' lang='grc' dir='ltr'>ούσία</span> <span class='ocrx_word' id='word_1_341' title='bbox 3304 2180 3321 2197; x_wconf 91' lang='grc'><strong>·</strong></span> 
     </span>
    </p>
   </div>
   <div class='ocr_carea' id='block_1_63' title="bbox 2120 2256 3411 2330">
    <p class='ocr_par' dir='ltr' id='par_1_63' title="bbox 2120 2256 3411 2330">
     <span class='ocr_line' id='line_1_63' title="bbox 2120 2256 3411 2330; baseline 0.003 -19"><span class='ocrx_word' id='word_1_342' title='bbox 2120 2257 2291 2311; x_wconf 76' lang='grc' dir='ltr'>Ποσδν</span> <span class='ocrx_word' id='word_1_343' title='bbox 2320 2257 2403 2322; x_wconf 70' lang='grc' dir='ltr'>δὲ,</span> <span class='ocrx_word' id='word_1_344' title='bbox 2438 2258 2638 2328; x_wconf 80' lang='grc' dir='ltr'>μέτρον</span> <span class='ocrx_word' id='word_1_345' title='bbox 2678 2258 2970 2329; x_wconf 77' lang='grc' dir='ltr'>κάριθμὺς,</span> <span class='ocrx_word' id='word_1_346' title='bbox 3006 2256 3168 2330; x_wconf 78' lang='grc' dir='ltr'>ῥοπὴ,</span> <span class='ocrx_word' id='word_1_347' title='bbox 3206 2256 3371 2329; x_wconf 83' lang='grc' dir='ltr'>βάρος</span> <span class='ocrx_word' id='word_1_348' title='bbox 3394 2270 3411 2286; x_wconf 87' lang='grc'><strong><em>⁸</em></strong></span> 
     </span>
    </p>
   </div>
   <div class='ocr_carea' id='block_1_64' title="bbox 2118 2349 3423 2422">
    <p class='ocr_par' dir='ltr' id='par_1_64' title="bbox 2118 2349 3423 2422">
     <span class='ocr_line' id='line_1_64' title="bbox 2118 2349 3423 2422; baseline -0.001 -18"><span class='ocrx_word' id='word_1_349' title='bbox 2118 2349 2194 2404; x_wconf 85' lang='grc' dir='ltr'><strong>Τδ</strong></span> <span class='ocrx_word' id='word_1_350' title='bbox 2223 2349 2359 2417; x_wconf 85' lang='grc' dir='ltr'>πρός</span> <span class='ocrx_word' id='word_1_351' title='bbox 2383 2367 2438 2404; x_wconf 89' lang='grc' dir='ltr'><strong>τι</strong></span> <span class='ocrx_word' id='word_1_352' title='bbox 2459 2350 2504 2405; x_wconf 88' lang='grc' dir='ltr'>δ’</span> <span class='ocrx_word' id='word_1_353' title='bbox 2538 2352 2690 2405; x_wconf 77' lang='grc' dir='ltr'>ἐστὶν</span> <span class='ocrx_word' id='word_1_354' title='bbox 2719 2353 2753 2421; x_wconf 78' lang='grc' dir='ltr'>ἡ</span> <span class='ocrx_word' id='word_1_355' title='bbox 2779 2350 2918 2422; x_wconf 77' lang='grc' dir='ltr'>πρὸς</span> <span class='ocrx_word' id='word_1_356' title='bbox 2949 2349 3079 2405; x_wconf 80' lang='grc' dir='ltr'>ἄλλο</span> <span class='ocrx_word' id='word_1_357' title='bbox 3110 2367 3163 2403; x_wconf 89' lang='grc' dir='ltr'><strong>τι</strong></span> <span class='ocrx_word' id='word_1_358' title='bbox 3198 2349 3383 2421; x_wconf 87' lang='grc' dir='ltr'>σχέσις</span> <span class='ocrx_word' id='word_1_359' title='bbox 3405 2364 3423 2380; x_wconf 74' lang='grc'><strong>⁸</strong></span> 
     </span>
    </p>
   </div>
   <div class='ocr_carea' id='block_1_65' title="bbox 2120 2435 3282 2511">
    <p class='ocr_par' dir='ltr' id='par_1_65' title="bbox 2120 2435 3282 2511">
     <span class='ocr_line' id='line_1_65' title="bbox 2120 2435 3282 2511; baseline 0.003 -21"><span class='ocrx_word' id='word_1_360' title='bbox 2120 2437 2300 2503; x_wconf 86' lang='grc' dir='ltr'>Ποιδν,</span> <span class='ocrx_word' id='word_1_361' title='bbox 2324 2438 2636 2511; x_wconf 72' lang='grc' dir='ltr'>χαρακτὴρ,</span> <span class='ocrx_word' id='word_1_362' title='bbox 2669 2435 2830 2506; x_wconf 77' lang='grc' dir='ltr'>εἶδος,</span> <span class='ocrx_word' id='word_1_363' title='bbox 2870 2441 2904 2511; x_wconf 79' lang='grc' dir='ltr'><strong>ἡ</strong></span> <span class='ocrx_word' id='word_1_364' title='bbox 2933 2438 3246 2510; x_wconf 87' lang='grc' dir='ltr'>τοιουτότης</span> <span class='ocrx_word' id='word_1_365' title='bbox 3267 2453 3282 2470; x_wconf 80' lang='grc'><strong><em>⁸</em></strong></span> 
     </span>
    </p>
   </div>
   <div class='ocr_carea' id='block_1_66' title="bbox 2119 2525 3391 2600">
    <p class='ocr_par' dir='ltr' id='par_1_66' title="bbox 2119 2525 3391 2600">
     <span class='ocr_line' id='line_1_66' title="bbox 2119 2525 3391 2600; baseline 0.002 -21"><span class='ocrx_word' id='word_1_366' title='bbox 2119 2525 2232 2580; x_wconf 77' lang='grc' dir='ltr'><strong>Ποῦ</strong></span> <span class='ocrx_word' id='word_1_367' title='bbox 2268 2527 2617 2599; x_wconf 72' lang='grc' dir='ltr'>συμϐεϐηκὸς</span> <span class='ocrx_word' id='word_1_368' title='bbox 2643 2527 2739 2582; x_wconf 80' lang='grc' dir='ltr'>τοῦ</span> <span class='ocrx_word' id='word_1_369' title='bbox 2773 2529 2965 2595; x_wconf 90' lang='grc' dir='ltr'>τόπου,</span> <span class='ocrx_word' id='word_1_370' title='bbox 3001 2529 3132 2583; x_wconf 84' lang='grc' dir='ltr'>ποτὲ</span> <span class='ocrx_word' id='word_1_371' title='bbox 3159 2528 3354 2600; x_wconf 82' lang='grc' dir='ltr'>χρόνου</span> <span class='ocrx_word' id='word_1_372' title='bbox 3376 2545 3391 2561; x_wconf 76' lang='grc'><strong><em>⁸</em></strong></span> 
     </span>
    </p>
   </div>
   <div class='ocr_carea' id='block_1_67' title="bbox 2121 2608 3360 2691">
    <p class='ocr_par' dir='ltr' id='par_1_67' title="bbox 2121 2608 3360 2691">
     <span class='ocr_line' id='line_1_67' title="bbox 2121 2608 3360 2691; baseline 0.002 -21"><span class='ocrx_word' id='word_1_373' title='bbox 2121 2608 2302 2672; x_wconf 83' lang='grc' dir='ltr'>Ποιεῖν</span> <span class='ocrx_word' id='word_1_374' title='bbox 2331 2618 2391 2672; x_wconf 88' lang='grc' dir='ltr'><strong>τό</strong></span> <span class='ocrx_word' id='word_1_375' title='bbox 2417 2637 2470 2673; x_wconf 88' lang='grc' dir='ltr'><strong>τι</strong></span> <span class='ocrx_word' id='word_1_376' title='bbox 2494 2619 2649 2691; x_wconf 76' lang='grc' dir='ltr'>δρᾷν,</span> <span class='ocrx_word' id='word_1_377' title='bbox 2688 2619 2798 2673; x_wconf 72' lang='grc' dir='ltr'>εἴτε</span> <span class='ocrx_word' id='word_1_378' title='bbox 2822 2619 2970 2688; x_wconf 73' lang='grc' dir='ltr'>νοῦν,</span> <span class='ocrx_word' id='word_1_379' title='bbox 2995 2620 3098 2674; x_wconf 76' lang='grc' dir='ltr'>εἴτ’</span> <span class='ocrx_word' id='word_1_380' title='bbox 3130 2621 3321 2674; x_wconf 83' lang='grc' dir='ltr'>οὐσίαν</span> <span class='ocrx_word' id='word_1_381' title='bbox 3344 2636 3360 2652; x_wconf 88' lang='grc'><strong>·</strong></span> 
     </span>
    </p>
   </div>
   <div class='ocr_carea' id='block_1_68' title="bbox 2120 2709 3588 2784">
    <p class='ocr_par' dir='ltr' id='par_1_68' title="bbox 2120 2709 3588 2784">
     <span class='ocr_line' id='line_1_68' title="bbox 2120 2709 3588 2784; baseline 0.004 -21"><span class='ocrx_word' id='word_1_382' title='bbox 2120 2709 2359 2781; x_wconf 80' lang='grc' dir='ltr'>Πάσχειν</span> <span class='ocrx_word' id='word_1_383' title='bbox 2396 2710 2645 2782; x_wconf 87' lang='grc' dir='ltr'>δέχεσθαι</span> <span class='ocrx_word' id='word_1_384' title='bbox 2672 2711 2780 2765; x_wconf 85' lang='grc' dir='ltr'><strong>τῶν</strong></span> <span class='ocrx_word' id='word_1_385' title='bbox 2801 2711 2937 2784; x_wconf 80' lang='grc' dir='ltr'>παρ’</span> <span class='ocrx_word' id='word_1_386' title='bbox 2971 2710 3146 2765; x_wconf 86' lang='grc' dir='ltr'>ἄλλων</span> <span class='ocrx_word' id='word_1_387' title='bbox 3172 2711 3231 2766; x_wconf 80' lang='grc' dir='ltr'>δὲ</span> <span class='ocrx_word' id='word_1_388' title='bbox 3263 2711 3487 2781; x_wconf 62' lang='lat' dir='ltr'><strong>epam;</strong></span> <span class='ocrx_word' id='word_1_389' title='bbox 3513 2711 3588 2769; x_wconf 76' lang='grc'><strong>⁸⁸.</strong></span> 
     </span>
    </p>
   </div>
   <div class='ocr_carea' id='block_1_69' title="bbox 2121 2800 3392 2872">
    <p class='ocr_par' dir='ltr' id='par_1_69' title="bbox 2121 2800 3392 2872">
     <span class='ocr_line' id='line_1_69' title="bbox 2121 2800 3392 2872; baseline 0.001 -18"><span class='ocrx_word' id='word_1_390' title='bbox 2121 2800 2374 2864; x_wconf 85' lang='grc' dir='ltr'>Κεῖσθαι,</span> <span class='ocrx_word' id='word_1_391' title='bbox 2399 2800 2578 2864; x_wconf 79' lang='grc' dir='ltr'>κλίσις</span> <span class='ocrx_word' id='word_1_392' title='bbox 2604 2819 2659 2855; x_wconf 89' lang='grc' dir='ltr'><strong>τι</strong></span> <span class='ocrx_word' id='word_1_393' title='bbox 2687 2801 2719 2872; x_wconf 81' lang='grc' dir='ltr'>ἢ</span> <span class='ocrx_word' id='word_1_394' title='bbox 2759 2801 2907 2866; x_wconf 80' lang='grc' dir='ltr'>θέσις</span> <span class='ocrx_word' id='word_1_395' title='bbox 2947 2801 3056 2856; x_wconf 88' lang='grc' dir='ltr'><strong>τῶν</strong></span> <span class='ocrx_word' id='word_1_396' title='bbox 3092 2800 3392 2871; x_wconf 75' lang='grc' dir='ltr'>κειμένων,ι</span> 
     </span>
    </p>
   </div>
   <div class='ocr_carea' id='block_1_70' title="bbox 2125 2888 3215 2964">
    <p class='ocr_par' dir='ltr' id='par_1_70' title="bbox 2125 2888 3215 2964">
     <span class='ocr_line' id='line_1_70' title="bbox 2125 2888 3215 2964; baseline 0.003 -20"><span class='ocrx_word' id='word_1_397' title='bbox 2125 2891 2310 2962; x_wconf 80' lang='grc' dir='ltr'>Ἔχειν</span> <span class='ocrx_word' id='word_1_398' title='bbox 2341 2891 2571 2947; x_wconf 69' lang='grc' dir='ltr'>ἕκαστον</span> <span class='ocrx_word' id='word_1_399' title='bbox 2601 2888 2771 2964; x_wconf 68' lang='grc' dir='ltr'>οὗπέρ</span> <span class='ocrx_word' id='word_1_400' title='bbox 2799 2895 2917 2948; x_wconf 73' lang='grc' dir='ltr'>ἐστι</span> <span class='ocrx_word' id='word_1_401' title='bbox 2942 2893 3003 2947; x_wconf 77' lang='grc' dir='ltr'><strong>τὸ</strong></span> <span class='ocrx_word' id='word_1_402' title='bbox 3034 2893 3215 2948; x_wconf 86' lang='grc' dir='ltr'>πλέον.</span> 
     </span>
    </p>
   </div>
   <div class='ocr_carea' id='block_1_71' title="bbox 2121 3002 3697 3130">
    <p class='ocr_par' dir='ltr' id='par_1_71' title="bbox 2121 3002 3697 3130">
     <span class='ocr_line' id='line_1_71' title="bbox 2121 3002 3697 3130; baseline 0.003 -73"><span class='ocrx_word' id='word_1_403' title='bbox 2121 3002 2234 3069; x_wconf 86' lang='grc' dir='ltr'>κς’.</span> <span class='ocrx_word' id='word_1_404' title='bbox 2282 3005 2386 3073; x_wconf 67' lang='lat' dir='ltr'><strong>Ek;</strong></span> <span class='ocrx_word' id='word_1_405' title='bbox 2427 3005 2545 3075; x_wconf 75' lang='grc' dir='ltr'><strong>τὴν</strong></span> <span class='ocrx_word' id='word_1_406' title='bbox 2592 3005 2937 3130; x_wconf 64' lang='grc' dir='ltr'>γνωστικὴῖ</span> <span class='ocrx_word' id='word_1_407' title='bbox 2987 3006 3086 3061; x_wconf 74' lang='grc' dir='ltr'><strong>καί</strong></span> <span class='ocrx_word' id='word_1_408' title='bbox 3140 3005 3480 3077; x_wconf 77' lang='grc' dir='ltr'>πρακτικὴν</span> <span class='ocrx_word' id='word_1_409' title='bbox 3524 3010 3697 3077; x_wconf 71' lang='grc' dir='ltr'>φιλο-</span> 
     </span>
     <span class='ocr_line' id='line_1_72' title="bbox 2785 3092 3032 3130; baseline 0 0"><span class='ocrx_word' id='word_1_410' title='bbox 2785 3092 2905 3130; x_wconf 69' lang='grc' dir='ltr'>σοςε</span> <span class='ocrx_word' id='word_1_411' title='bbox 2933 3093 3032 3130; x_wconf 76' lang='grc' dir='ltr'>αν.</span> 
     </span>
    </p>
   </div>
   <div class='ocr_carea' id='block_1_72' title="bbox 2785 3092 3032 3146">
    <p class='ocr_par' dir='ltr' id='par_1_72' title="bbox 2785 3092 3032 3146">
     <span class='ocr_line' id='line_1_73' title="bbox 2785 3092 3032 3146; baseline 0.004 -16"><span class='ocrx_word' id='word_1_412' title='bbox 2785 3092 3032 3146; x_wconf 56' lang='lat' dir='ltr'><strong>cogetur.</strong></span> 
     </span>
    </p>
   </div>
   <div class='ocr_carea' id='block_1_73' title="bbox 2121 3165 3051 3239">
    <p class='ocr_par' dir='ltr' id='par_1_73' title="bbox 2121 3165 3051 3239">
     <span class='ocr_line' id='line_1_74' title="bbox 2121 3165 3051 3239; baseline 0.001 -20"><span class='ocrx_word' id='word_1_413' title='bbox 2121 3165 2368 3237; x_wconf 76' lang='grc' dir='ltr'>Θεωρίας</span> <span class='ocrx_word' id='word_1_414' title='bbox 2395 3184 2479 3233; x_wconf 90' lang='grc' dir='ltr'><strong>τις</strong></span> <span class='ocrx_word' id='word_1_415' title='bbox 2506 3167 2677 3239; x_wconf 76' lang='grc' dir='ltr'>ἄκρον</span> <span class='ocrx_word' id='word_1_416' title='bbox 2699 3168 2734 3239; x_wconf 76' lang='grc' dir='ltr'><strong>ἡ</strong></span> <span class='ocrx_word' id='word_1_417' title='bbox 2764 3167 3051 3239; x_wconf 76' lang='grc' dir='ltr'>μοναρχία,</span> 
     </span>
    </p>
   </div>
   <div class='ocr_carea' id='block_1_74' title="bbox 2050 3343 3695 3416">
    <p class='ocr_par' dir='ltr' id='par_1_74' title="bbox 2050 3343 3695 3416">
     <span class='ocr_line' id='line_1_75' title="bbox 2050 3343 3695 3416; baseline 0.003 -19"><span class='ocrx_word' id='word_1_418' title='bbox 2050 3356 2094 3416; x_wconf 74' lang='grc' dir='ltr'>α</span> <span class='ocrx_word' id='word_1_419' title='bbox 2130 3357 2250 3398; x_wconf 88' lang='lat' dir='ltr'><strong>sum</strong></span> <span class='ocrx_word' id='word_1_420' title='bbox 2274 3362 2288 3411; x_wconf 89' lang='lat'><strong>;</strong></span> <span class='ocrx_word' id='word_1_421' title='bbox 2320 3358 2442 3416; x_wconf 69' lang='lat' dir='ltr'><strong>quae</strong></span> <span class='ocrx_word' id='word_1_422' title='bbox 2468 3354 2554 3400; x_wconf 89' lang='lat' dir='ltr'><strong>est</strong></span> <span class='ocrx_word' id='word_1_423' title='bbox 2583 3344 2727 3400; x_wconf 86' lang='lat' dir='ltr'><strong>ista?</strong></span> <span class='ocrx_word' id='word_1_424' title='bbox 2747 3344 3026 3414; x_wconf 88' lang='lat' dir='ltr'><strong>quomodo</strong></span> <span class='ocrx_word' id='word_1_425' title='bbox 3049 3343 3242 3400; x_wconf 81' lang='lat' dir='ltr'><strong>dividit</strong></span> <span class='ocrx_word' id='word_1_426' title='bbox 3270 3357 3385 3401; x_wconf 67' lang='lat' dir='ltr'><strong>arce</strong></span> <span class='ocrx_word' id='word_1_427' title='bbox 3407 3358 3540 3413; x_wconf 85' lang='lat' dir='ltr'><strong>auo,</strong></span> <span class='ocrx_word' id='word_1_428' title='bbox 3571 3360 3695 3402; x_wconf 88' lang='lat' dir='ltr'><strong>cor-</strong></span> 
     </span>
    </p>
   </div>
   <div class='ocr_carea' id='block_1_75' title="bbox 2122 3435 3695 3510">
    <p class='ocr_par' dir='ltr' id='par_1_75' title="bbox 2122 3435 3695 3510">
     <span class='ocr_line' id='line_1_76' title="bbox 2122 3435 3695 3510; baseline 0.003 -19"><span class='ocrx_word' id='word_1_429' title='bbox 2122 3437 2307 3507; x_wconf 91' lang='lat' dir='ltr'><strong>porale</strong></span> <span class='ocrx_word' id='word_1_430' title='bbox 2340 3446 2394 3492; x_wconf 86' lang='lat' dir='ltr'><strong>et</strong></span> <span class='ocrx_word' id='word_1_431' title='bbox 2440 3436 2820 3507; x_wconf 80' lang='lat' dir='ltr'><strong>incorporale?</strong></span> <span class='ocrx_word' id='word_1_432' title='bbox 2856 3435 3135 3507; x_wconf 83' lang='lat' dir='ltr'><strong>quomodo</strong></span> <span class='ocrx_word' id='word_1_433' title='bbox 3168 3445 3351 3492; x_wconf 90' lang='lat' dir='ltr'><strong>autem</strong></span> <span class='ocrx_word' id='word_1_434' title='bbox 3402 3448 3695 3510; x_wconf 83' lang='lat' dir='ltr'><strong>utrumque</strong></span> 
     </span>
    </p>
   </div>
   <div class='ocr_carea' id='block_1_76' title="bbox 2120 3527 3696 3601">
    <p class='ocr_par' dir='ltr' id='par_1_76' title="bbox 2120 3527 3696 3601">
     <span class='ocr_line' id='line_1_77' title="bbox 2120 3527 3696 3601; baseline 0.003 -19"><span class='ocrx_word' id='word_1_435' title='bbox 2120 3529 2236 3583; x_wconf 86' lang='lat' dir='ltr'><strong>sola</strong></span> <span class='ocrx_word' id='word_1_436' title='bbox 2307 3528 2513 3585; x_wconf 81' lang='lat' dir='ltr'><strong>habens</strong></span> <span class='ocrx_word' id='word_1_437' title='bbox 2559 3529 2695 3584; x_wconf 90' lang='lat' dir='ltr'><strong>nihil</strong></span> <span class='ocrx_word' id='word_1_438' title='bbox 2749 3529 2969 3598; x_wconf 88' lang='lat' dir='ltr'><strong>utrique</strong></span> <span class='ocrx_word' id='word_1_439' title='bbox 3022 3527 3369 3600; x_wconf 77' lang='lat' dir='ltr'><strong>participat?</strong></span> <span class='ocrx_word' id='word_1_440' title='bbox 3416 3530 3696 3601; x_wconf 79' lang='lat' dir='ltr'><strong>quomodo</strong></span> 
     </span>
    </p>
   </div>
   <div class='ocr_carea' id='block_1_77' title="bbox 2119 3620 3135 3687">
    <p class='ocr_par' dir='ltr' id='par_1_77' title="bbox 2119 3620 3135 3687">
     <span class='ocr_line' id='line_1_78' title="bbox 2119 3620 3135 3687; baseline 0.002 -13"><span class='ocrx_word' id='word_1_441' title='bbox 2119 3620 2305 3676; x_wconf 87' lang='lat' dir='ltr'><strong>omnia</strong></span> <span class='ocrx_word' id='word_1_442' title='bbox 2333 3630 2438 3687; x_wconf 89' lang='lat' dir='ltr'><strong>est,</strong></span> <span class='ocrx_word' id='word_1_443' title='bbox 2473 3633 2527 3677; x_wconf 92' lang='lat' dir='ltr'><strong>et</strong></span> <span class='ocrx_word' id='word_1_444' title='bbox 2558 3622 2691 3677; x_wconf 86' lang='lat' dir='ltr'><strong>nihil</strong></span> <span class='ocrx_word' id='word_1_445' title='bbox 2726 3622 2976 3676; x_wconf 91' lang='lat' dir='ltr'><strong>omnium</strong></span> <span class='ocrx_word' id='word_1_446' title='bbox 3004 3621 3135 3678; x_wconf 74' lang='lat' dir='ltr'><strong>est?</strong></span> 
     </span>
    </p>
   </div>
   <div class='ocr_carea' id='block_1_78' title="bbox 2639 3764 3150 3813">
    <p class='ocr_par' dir='ltr' id='par_1_78' title="bbox 2639 3764 3150 3813">
     <span class='ocr_line' id='line_1_79' title="bbox 2639 3764 3150 3813; baseline 0.002 -2"><span class='ocrx_word' id='word_1_447' title='bbox 2639 3764 2728 3813; x_wconf 67' lang='lat' dir='ltr'><strong>ia.</strong></span> <span class='ocrx_word' id='word_1_448' title='bbox 2770 3773 2789 3811; x_wconf 78' lang='grc' dir='ltr'><strong>ι</strong></span> <span class='ocrx_word' id='word_1_449' title='bbox 2802 3775 2835 3811; x_wconf 74' lang='grc' dir='ltr'><strong>ιι</strong></span> <span class='ocrx_word' id='word_1_450' title='bbox 2872 3768 3150 3812; x_wconf 83' lang='lat' dir='ltr'><strong>cometam.</strong></span> 
     </span>
    </p>
   </div>
   <div class='ocr_carea' id='block_1_79' title="bbox 2193 3870 3686 3942">
    <p class='ocr_par' dir='ltr' id='par_1_79' title="bbox 2193 3870 3686 3942">
     <span class='ocr_line' id='line_1_80' title="bbox 2193 3870 3686 3942; baseline -0.002 -15"><span class='ocrx_word' id='word_1_451' title='bbox 2193 3870 2369 3942; x_wconf 87' lang='lat' dir='ltr'><strong>Supra</strong></span> <span class='ocrx_word' id='word_1_452' title='bbox 2419 3870 2777 3927; x_wconf 80' lang='lat' dir='ltr'><strong>inﬂammavit</strong></span> <span class='ocrx_word' id='word_1_453' title='bbox 2834 3872 3069 3937; x_wconf 73' lang='lat' dir='ltr'><strong>aethera,</strong></span> <span class='ocrx_word' id='word_1_454' title='bbox 3109 3870 3250 3926; x_wconf 80' lang='lat' dir='ltr'><strong>infra</strong></span> <span class='ocrx_word' id='word_1_455' title='bbox 3304 3879 3545 3927; x_wconf 89' lang='lat' dir='ltr'><strong>cometes</strong></span> <span class='ocrx_word' id='word_1_456' title='bbox 3603 3870 3686 3925; x_wconf 87' lang='lat' dir='ltr'><strong>in-</strong></span> 
     </span>
    </p>
   </div>
   <div class='ocr_carea' id='block_1_80' title="bbox 2120 3962 3691 4033">
    <p class='ocr_par' dir='ltr' id='par_1_80' title="bbox 2120 3962 3691 4033">
     <span class='ocr_line' id='line_1_81' title="bbox 2120 3962 3691 4033; baseline -0.001 -13"><span class='ocrx_word' id='word_1_457' title='bbox 2120 3965 2302 4021; x_wconf 87' lang='lat' dir='ltr'><strong>cendit</strong></span> <span class='ocrx_word' id='word_1_458' title='bbox 2317 3964 2688 4020; x_wconf 89' lang='lat' dir='ltr'><strong>Occidentem.</strong></span> <span class='ocrx_word' id='word_1_459' title='bbox 2721 3963 2885 4019; x_wconf 83' lang='lat' dir='ltr'><strong>Sidus</strong></span> <span class='ocrx_word' id='word_1_460' title='bbox 2916 3964 3047 4019; x_wconf 88' lang='lat' dir='ltr'><strong>illud</strong></span> <span class='ocrx_word' id='word_1_461' title='bbox 3079 3963 3300 4033; x_wconf 86' lang='lat' dir='ltr'><strong>signum</strong></span> <span class='ocrx_word' id='word_1_462' title='bbox 3330 3970 3415 4019; x_wconf 80' lang='lat' dir='ltr'><strong>est</strong></span> <span class='ocrx_word' id='word_1_463' title='bbox 3445 3962 3691 4018; x_wconf 86' lang='lat' dir='ltr'><strong>tenebra-</strong></span> 
     </span>
    </p>
   </div>
   <div class='ocr_carea' id='block_1_81' title="bbox 2120 4054 3688 4125">
    <p class='ocr_par' dir='ltr' id='par_1_81' title="bbox 2120 4054 3688 4125">
     <span class='ocr_line' id='line_1_82' title="bbox 2120 4054 3688 4125; baseline -0.002 -13"><span class='ocrx_word' id='word_1_464' title='bbox 2120 4073 2270 4125; x_wconf 85' lang='lat' dir='ltr'><strong>rum,</strong></span> <span class='ocrx_word' id='word_1_465' title='bbox 2307 4057 2562 4113; x_wconf 89' lang='lat' dir='ltr'><strong>blandius</strong></span> <span class='ocrx_word' id='word_1_466' title='bbox 2592 4057 2821 4112; x_wconf 82' lang='lat' dir='ltr'><strong>eliicitur</strong></span> <span class='ocrx_word' id='word_1_467' title='bbox 2855 4054 3311 4120; x_wconf 77' lang='lat' dir='ltr'><strong>luminelucil‘eri,</strong></span> <span class='ocrx_word' id='word_1_468' title='bbox 3344 4056 3441 4111; x_wconf 90' lang='lat' dir='ltr'><strong>sed</strong></span> <span class='ocrx_word' id='word_1_469' title='bbox 3475 4057 3578 4110; x_wconf 89' lang='lat' dir='ltr'><strong>hoc</strong></span> <span class='ocrx_word' id='word_1_470' title='bbox 3608 4055 3688 4109; x_wconf 53' lang='lat' dir='ltr'><strong>in.</strong></span> 
     </span>
    </p>
   </div>
   <div class='ocr_carea' id='block_1_82' title="bbox 2121 4146 3691 4218">
    <p class='ocr_par' dir='ltr' id='par_1_82' title="bbox 2121 4146 3691 4218">
     <span class='ocr_line' id='line_1_83' title="bbox 2121 4146 3691 4218; baseline -0.003 -15"><span class='ocrx_word' id='word_1_471' title='bbox 2121 4149 2457 4205; x_wconf 82' lang='lat' dir='ltr'><strong>ﬂammatum</strong></span> <span class='ocrx_word' id='word_1_472' title='bbox 2502 4157 2587 4204; x_wconf 91' lang='lat' dir='ltr'><strong>est</strong></span> <span class='ocrx_word' id='word_1_473' title='bbox 2635 4148 2689 4201; x_wconf 91' lang='lat' dir='ltr'><strong>iu</strong></span> <span class='ocrx_word' id='word_1_474' title='bbox 2722 4148 2870 4202; x_wconf 88' lang='lat' dir='ltr'><strong>obitu</strong></span> <span class='ocrx_word' id='word_1_475' title='bbox 2922 4146 3241 4218; x_wconf 85' lang='lat' dir='ltr'><strong>Nicephori.</strong></span> <span class='ocrx_word' id='word_1_476' title='bbox 3300 4147 3546 4203; x_wconf 80' lang='lat' dir='ltr'><strong>Fumaus</strong></span> <span class='ocrx_word' id='word_1_477' title='bbox 3592 4146 3691 4200; x_wconf 89' lang='lat' dir='ltr'><strong>hoc</strong></span> 
     </span>
    </p>
   </div>
   <div class='ocr_carea' id='block_1_83' title="bbox 2120 4233 3688 4295">
    <p class='ocr_par' dir='ltr' id='par_1_83' title="bbox 2120 4233 3688 4295">
     <span class='ocr_line' id='line_1_84' title="bbox 2120 4233 3688 4295; baseline -0.003 0"><span class='ocrx_word' id='word_1_478' title='bbox 2120 4255 2323 4295; x_wconf 83' lang='lat' dir='ltr'><strong>saevum</strong></span> <span class='ocrx_word' id='word_1_479' title='bbox 2371 4255 2440 4294; x_wconf 76' lang='lat' dir='ltr'><strong>ex</strong></span> <span class='ocrx_word' id='word_1_480' title='bbox 2493 4237 2703 4293; x_wconf 92' lang='lat' dir='ltr'><strong>ultione</strong></span> <span class='ocrx_word' id='word_1_481' title='bbox 2758 4238 2945 4292; x_wconf 87' lang='lat' dir='ltr'><strong>divina</strong></span> <span class='ocrx_word' id='word_1_482' title='bbox 3001 4237 3187 4291; x_wconf 88' lang='lat' dir='ltr'><strong>omnia</strong></span> <span class='ocrx_word' id='word_1_483' title='bbox 3241 4236 3538 4291; x_wconf 88' lang='lat' dir='ltr'><strong>consumit.</strong></span> <span class='ocrx_word' id='word_1_484' title='bbox 3589 4233 3688 4291; x_wconf 88' lang='lat' dir='ltr'><strong>Ubi</strong></span> 
     </span>
    </p>
   </div>
   <div class='ocr_carea' id='block_1_84' title="bbox 2119 4328 3691 4401">
    <p class='ocr_par' dir='ltr' id='par_1_84' title="bbox 2119 4328 3691 4401">
     <span class='ocr_line' id='line_1_85' title="bbox 2119 4328 3691 4401; baseline -0.003 -15"><span class='ocrx_word' id='word_1_485' title='bbox 2119 4333 2334 4401; x_wconf 86' lang='lat' dir='ltr'><strong>rugitus</strong></span> <span class='ocrx_word' id='word_1_486' title='bbox 2361 4340 2468 4386; x_wconf 69' lang='lat' dir='ltr'><strong>tua:</strong></span> <span class='ocrx_word' id='word_1_487' title='bbox 2504 4330 2805 4400; x_wconf 89' lang='lat' dir='ltr'><strong>potestatis,</strong></span> <span class='ocrx_word' id='word_1_488' title='bbox 2835 4330 2944 4384; x_wconf 84' lang='lat' dir='ltr'><strong>dux</strong></span> <span class='ocrx_word' id='word_1_489' title='bbox 2976 4329 3191 4383; x_wconf 70' lang='lat' dir='ltr'><strong>invicta:</strong></span> <span class='ocrx_word' id='word_1_490' title='bbox 3237 4328 3465 4383; x_wconf 67' lang='lat' dir='ltr'><strong>Romae?</strong></span> <span class='ocrx_word' id='word_1_491' title='bbox 3500 4337 3691 4383; x_wconf 88' lang='lat' dir='ltr'><strong>natura</strong></span> 
     </span>
    </p>
   </div>
   <div class='ocr_carea' id='block_1_85' title="bbox 2119 4420 3695 4493">
    <p class='ocr_par' dir='ltr' id='par_1_85' title="bbox 2119 4420 3695 4493">
     <span class='ocr_line' id='line_1_86' title="bbox 2119 4420 3695 4493; baseline -0.002 -16"><span class='ocrx_word' id='word_1_492' title='bbox 2119 4440 2239 4487; x_wconf 80' lang='lat' dir='ltr'><strong>rex.</strong></span> <span class='ocrx_word' id='word_1_493' title='bbox 2273 4423 2437 4478; x_wconf 86' lang='lat' dir='ltr'><strong>rebus</strong></span> <span class='ocrx_word' id='word_1_494' title='bbox 2466 4424 2635 4493; x_wconf 87' lang='lat' dir='ltr'><strong>gestis</strong></span> <span class='ocrx_word' id='word_1_495' title='bbox 2672 4421 3008 4491; x_wconf 81' lang='lat' dir='ltr'><strong>Nieepbore;</strong></span> <span class='ocrx_word' id='word_1_496' title='bbox 3044 4421 3197 4477; x_wconf 84' lang='lat' dir='ltr'><strong>brevi</strong></span> <span class='ocrx_word' id='word_1_497' title='bbox 3231 4421 3287 4475; x_wconf 93' lang='lat' dir='ltr'><strong>in</strong></span> <span class='ocrx_word' id='word_1_498' title='bbox 3329 4422 3581 4489; x_wconf 88' lang='lat' dir='ltr'><strong>sepulcro</strong></span> <span class='ocrx_word' id='word_1_499' title='bbox 3613 4420 3695 4491; x_wconf 81' lang='lat' dir='ltr'><strong>ja-</strong></span> 
     </span>
    </p>
   </div>
   <div class='ocr_carea' id='block_1_86' title="bbox 2119 4513 3567 4585">
    <p class='ocr_par' dir='ltr' id='par_1_86' title="bbox 2119 4513 3567 4585">
     <span class='ocr_line' id='line_1_87' title="bbox 2119 4513 3567 4585; baseline -0.001 -16"><span class='ocrx_word' id='word_1_500' title='bbox 2119 4530 2273 4582; x_wconf 85' lang='lat' dir='ltr'><strong>ccns,</strong></span> <span class='ocrx_word' id='word_1_501' title='bbox 2302 4514 2443 4585; x_wconf 72' lang='lat' dir='ltr'><strong>rugi,</strong></span> <span class='ocrx_word' id='word_1_502' title='bbox 2478 4515 2585 4579; x_wconf 88' lang='lat' dir='ltr'><strong>leo,</strong></span> <span class='ocrx_word' id='word_1_503' title='bbox 2616 4514 2753 4569; x_wconf 89' lang='lat' dir='ltr'><strong>doce</strong></span> <span class='ocrx_word' id='word_1_504' title='bbox 2775 4515 2964 4584; x_wconf 90' lang='lat' dir='ltr'><strong>vulpes</strong></span> <span class='ocrx_word' id='word_1_505' title='bbox 2990 4513 3219 4584; x_wconf 86' lang='lat' dir='ltr'><strong>rupibus</strong></span> <span class='ocrx_word' id='word_1_506' title='bbox 3238 4513 3567 4568; x_wconf 85' lang='lat' dir='ltr'><strong>inhabitare.</strong></span> 
     </span>
    </p>
   </div>
   <div class='ocr_carea' id='block_1_87' title="bbox 2590 4645 3216 4716">
    <p class='ocr_par' dir='ltr' id='par_1_87' title="bbox 2590 4645 3216 4716">
     <span class='ocr_line' id='line_1_88' title="bbox 2590 4645 3216 4716; baseline -0.003 -16"><span class='ocrx_word' id='word_1_507' title='bbox 2590 4645 2682 4702; x_wconf 74' lang='lat'><strong>25.</strong></span> <span class='ocrx_word' id='word_1_508' title='bbox 2721 4646 2968 4716; x_wconf 74' lang='lat' dir='ltr'><strong>Deﬁnitio</strong></span> <span class='ocrx_word' id='word_1_509' title='bbox 2993 4646 3216 4701; x_wconf 83' lang='lat' dir='ltr'><strong>entiam.</strong></span> 
     </span>
    </p>
   </div>
   <div class='ocr_carea' id='block_1_88' title="bbox 444 4738 3692 4831">
    <p class='ocr_par' dir='ltr' id='par_1_88' title="bbox 444 4738 3692 4831">
     <span class='ocr_line' id='line_1_89' title="bbox 444 4738 3692 4831; baseline 0.002 -34"><span class='ocrx_word' id='word_1_510' title='bbox 444 4741 757 4806; x_wconf 84' lang='lat' dir='ltr'><strong>sumeretis,</strong></span> <span class='ocrx_word' id='word_1_511' title='bbox 777 4740 1039 4807; x_wconf 84' lang='lat' dir='ltr'><strong>Thraces,</strong></span> <span class='ocrx_word' id='word_1_512' title='bbox 1070 4741 1254 4796; x_wconf 80' lang='lat' dir='ltr'><strong>socios</strong></span> <span class='ocrx_word' id='word_1_513' title='bbox 1281 4751 1334 4795; x_wconf 92' lang='lat' dir='ltr'><strong>et</strong></span> <span class='ocrx_word' id='word_1_514' title='bbox 1379 4742 1608 4796; x_wconf 87' lang='lat' dir='ltr'><strong>amicos.</strong></span> <span class='ocrx_word' id='word_1_515' title='bbox 1644 4743 1928 4798; x_wconf 80' lang='lat' dir='ltr'><strong>Exsultale</strong></span> <span class='ocrx_word' id='word_1_516' title='bbox 1960 4753 2013 4798; x_wconf 89' lang='lat' dir='ltr'><strong>et</strong></span> <span class='ocrx_word' id='word_1_517' title='bbox 2046 4738 2094 4798; x_wconf 81' lang='grc' dir='ltr'><strong>υ</strong></span> <span class='ocrx_word' id='word_1_518' title='bbox 2182 4759 2624 4831; x_wconf 69' lang='lat' dir='ltr'><strong>Unumquodque</strong></span> <span class='ocrx_word' id='word_1_519' title='bbox 2666 4776 2826 4826; x_wconf 56' lang='lat' dir='ltr'><strong>esse,</strong></span> <span class='ocrx_word' id='word_1_520' title='bbox 2875 4760 2927 4814; x_wconf 71' lang='lat' dir='ltr'><strong>id</strong></span> <span class='ocrx_word' id='word_1_521' title='bbox 2977 4758 3317 4830; x_wconf 70' lang='grc' dir='ltr'><strong>ριιίιοεοριιῑς</strong></span> <span class='ocrx_word' id='word_1_522' title='bbox 3362 4755 3692 4813; x_wconf 62' lang='lat' dir='ltr'><strong>substantia:</strong></span> 
     </span>
    </p>
   </div>
   <div class='ocr_carea' id='block_1_89' title="bbox 444 4830 3691 4920">
    <p class='ocr_par' dir='ltr' id='par_1_89' title="bbox 444 4830 3691 4920">
     <span class='ocr_line' id='line_1_90' title="bbox 444 4830 3691 4920; baseline -0.001 -37"><span class='ocrx_word' id='word_1_523' title='bbox 444 4833 709 4903; x_wconf 78' lang='lat' dir='ltr'><strong>plaudite,</strong></span> <span class='ocrx_word' id='word_1_524' title='bbox 738 4831 1098 4901; x_wconf 80' lang='lat' dir='ltr'><strong>Bulgarorum</strong></span> <span class='ocrx_word' id='word_1_525' title='bbox 1133 4831 1330 4895; x_wconf 86' lang='lat' dir='ltr'><strong>tribus,</strong></span> <span class='ocrx_word' id='word_1_526' title='bbox 1357 4842 1411 4886; x_wconf 89' lang='lat' dir='ltr'><strong>et</strong></span> <span class='ocrx_word' id='word_1_527' title='bbox 1439 4840 1654 4902; x_wconf 86' lang='lat' dir='ltr'><strong>sceptra</strong></span> <span class='ocrx_word' id='word_1_528' title='bbox 1688 4842 1741 4885; x_wconf 85' lang='lat' dir='ltr'><strong>et</strong></span> <span class='ocrx_word' id='word_1_529' title='bbox 1768 4830 2018 4888; x_wconf 85' lang='lat' dir='ltr'><strong>diadema</strong></span> <span class='ocrx_word' id='word_1_530' title='bbox 2126 4851 2347 4914; x_wconf 37' lang='lat' dir='ltr'><strong>dicitur.</strong></span> <span class='ocrx_word' id='word_1_531' title='bbox 2379 4830 2656 4920; x_wconf 54' lang='lat' dir='ltr'><strong>quamius</strong></span> <span class='ocrx_word' id='word_1_532' title='bbox 2676 4891 2690 4915; x_wconf 41' lang='grc' dir='ltr'><strong>ν</strong></span> <span class='ocrx_word' id='word_1_533' title='bbox 2742 4864 2999 4904; x_wconf 65' lang='lat' dir='ltr'><strong>mensum</strong></span> <span class='ocrx_word' id='word_1_534' title='bbox 3019 4890 3034 4913; x_wconf 54' lang='lat'><strong>,</strong></span> <span class='ocrx_word' id='word_1_535' title='bbox 3071 4860 3331 4901; x_wconf 65' lang='lat' dir='ltr'><strong>numerus</strong></span> <span class='ocrx_word' id='word_1_536' title='bbox 3355 4885 3370 4905; x_wconf 40' lang='grc' dir='ltr'><strong>ν</strong></span> <span class='ocrx_word' id='word_1_537' title='bbox 3401 4844 3518 4909; x_wconf 54' lang='lat' dir='ltr'><strong>vis,</strong></span> <span class='ocrx_word' id='word_1_538' title='bbox 3553 4858 3691 4914; x_wconf 68' lang='lat' dir='ltr'><strong>po&quot;-</strong></span> 
     </span>
    </p>
   </div>
   <div class='ocr_carea' id='block_1_90' title="bbox 444 4928 2015 4999">
    <p class='ocr_par' dir='ltr' id='par_1_90' title="bbox 444 4928 2015 4999">
     <span class='ocr_line' id='line_1_91' title="bbox 444 4928 2015 4999; baseline 0.004 -18"><span class='ocrx_word' id='word_1_539' title='bbox 444 4937 498 4981; x_wconf 91' lang='lat' dir='ltr'><strong>ct</strong></span> <span class='ocrx_word' id='word_1_540' title='bbox 534 4942 828 4997; x_wconf 84' lang='lat' dir='ltr'><strong>purpuram</strong></span> <span class='ocrx_word' id='word_1_541' title='bbox 880 4928 1157 4999; x_wconf 88' lang='lat' dir='ltr'><strong>possidete</strong></span> <span class='ocrx_word' id='word_1_542' title='bbox 1212 4938 1266 4984; x_wconf 90' lang='lat' dir='ltr'><strong>et</strong></span> <span class='ocrx_word' id='word_1_543' title='bbox 1316 4938 1557 4997; x_wconf 84' lang='lat' dir='ltr'><strong>gestate,</strong></span> <span class='ocrx_word' id='word_1_544' title='bbox 1589 4937 1643 4984; x_wconf 91' lang='lat' dir='ltr'><strong>et</strong></span> <span class='ocrx_word' id='word_1_545' title='bbox 1670 4945 1894 4985; x_wconf 87' lang='lat' dir='ltr'><strong>croceas</strong></span> <span class='ocrx_word' id='word_1_546' title='bbox 1930 4940 2015 4987; x_wconf 86' lang='lat' dir='ltr'><strong>lo-</strong></span> 
     </span>
    </p>
   </div>
   <div class='ocr_carea' id='block_1_91' title="bbox 444 5021 2015 5093">
    <p class='ocr_par' dir='ltr' id='par_1_91' title="bbox 444 5021 2015 5093">
     <span class='ocr_line' id='line_1_92' title="bbox 444 5021 2015 5093; baseline 0.004 -20"><span class='ocrx_word' id='word_1_547' title='bbox 444 5034 561 5089; x_wconf 76' lang='lat' dir='ltr'><strong>gas.</strong></span> <span class='ocrx_word' id='word_1_548' title='bbox 602 5061 616 5075; x_wconf 97' lang='lat'><strong>.</strong></span> <span class='ocrx_word' id='word_1_549' title='bbox 651 5061 666 5076; x_wconf 95' lang='lat'><strong>.</strong></span> <span class='ocrx_word' id='word_1_550' title='bbox 698 5059 713 5075; x_wconf 94' lang='lat'><strong>.</strong></span> <span class='ocrx_word' id='word_1_551' title='bbox 745 5059 762 5075; x_wconf 91' lang='lat'><strong>.</strong></span> <span class='ocrx_word' id='word_1_552' title='bbox 795 5060 811 5076; x_wconf 94' lang='lat'><strong>.</strong></span> <span class='ocrx_word' id='word_1_553' title='bbox 852 5060 867 5075; x_wconf 95' lang='lat'><strong>.</strong></span> <span class='ocrx_word' id='word_1_554' title='bbox 898 5061 913 5076; x_wconf 95' lang='lat'><strong>.</strong></span> <span class='ocrx_word' id='word_1_555' title='bbox 947 5061 961 5076; x_wconf 94' lang='lat'><strong>.</strong></span> <span class='ocrx_word' id='word_1_556' title='bbox 998 5062 1012 5076; x_wconf 96' lang='lat'><strong>.</strong></span> <span class='ocrx_word' id='word_1_557' title='bbox 1043 5061 1058 5077; x_wconf 95' lang='lat'><strong>.</strong></span> <span class='ocrx_word' id='word_1_558' title='bbox 1095 5062 1109 5077; x_wconf 97' lang='lat'><strong>.</strong></span> <span class='ocrx_word' id='word_1_559' title='bbox 1145 5061 1159 5077; x_wconf 94' lang='lat'><strong>.</strong></span> <span class='ocrx_word' id='word_1_560' title='bbox 1193 5061 1209 5076; x_wconf 97' lang='lat'><strong>.</strong></span> <span class='ocrx_word' id='word_1_561' title='bbox 1249 5061 1263 5077; x_wconf 94' lang='lat'><strong>.</strong></span> <span class='ocrx_word' id='word_1_562' title='bbox 1296 5021 1482 5093; x_wconf 75' lang='lat' dir='ltr'><strong>{Deest</strong></span> <span class='ocrx_word' id='word_1_563' title='bbox 1510 5038 1650 5077; x_wconf 86' lang='lat' dir='ltr'><strong>unus</strong></span> <span class='ocrx_word' id='word_1_564' title='bbox 1682 5023 2015 5091; x_wconf 81' lang='lat' dir='ltr'><strong>versus).....</strong></span> 
     </span>
    </p>
   </div>
   <div class='ocr_carea' id='block_1_92' title="bbox 444 5114 2014 5187">
    <p class='ocr_par' dir='ltr' id='par_1_92' title="bbox 444 5114 2014 5187">
     <span class='ocr_line' id='line_1_93' title="bbox 444 5114 2014 5187; baseline 0.006 -26"><span class='ocrx_word' id='word_1_565' title='bbox 444 5114 700 5167; x_wconf 72' lang='lat' dir='ltr'><strong>vestitum</strong></span> <span class='ocrx_word' id='word_1_566' title='bbox 745 5115 1001 5178; x_wconf 87' lang='lat' dir='ltr'><strong>mutabit,</strong></span> <span class='ocrx_word' id='word_1_567' title='bbox 1040 5122 1095 5169; x_wconf 87' lang='lat' dir='ltr'><strong>ct</strong></span> <span class='ocrx_word' id='word_1_568' title='bbox 1138 5114 1298 5184; x_wconf 80' lang='lat' dir='ltr'><strong>lignis</strong></span> <span class='ocrx_word' id='word_1_569' title='bbox 1346 5114 1525 5185; x_wconf 86' lang='lat' dir='ltr'><strong>longis</strong></span> <span class='ocrx_word' id='word_1_570' title='bbox 1559 5115 1698 5169; x_wconf 87' lang='lat' dir='ltr'><strong>colla</strong></span> <span class='ocrx_word' id='word_1_571' title='bbox 1748 5116 2014 5187; x_wconf 83' lang='lat' dir='ltr'><strong>aliigahit,</strong></span> 
     </span>
    </p>
   </div>
   <div class='ocr_carea' id='block_1_93' title="bbox 444 5207 2018 5278">
    <p class='ocr_par' dir='ltr' id='par_1_93' title="bbox 444 5207 2018 5278">
     <span class='ocr_line' id='line_1_94' title="bbox 444 5207 2018 5278; baseline 0.004 -21"><span class='ocrx_word' id='word_1_572' title='bbox 444 5207 795 5273; x_wconf 79' lang='lat' dir='ltr'><strong>compedibus</strong></span> <span class='ocrx_word' id='word_1_573' title='bbox 842 5208 1043 5276; x_wconf 86' lang='lat' dir='ltr'><strong>pedes;</strong></span> <span class='ocrx_word' id='word_1_574' title='bbox 1118 5207 1417 5275; x_wconf 77' lang='lat' dir='ltr'><strong>umltisque</strong></span> <span class='ocrx_word' id='word_1_575' title='bbox 1466 5207 1723 5261; x_wconf 87' lang='lat' dir='ltr'><strong>lacerabit</strong></span> <span class='ocrx_word' id='word_1_576' title='bbox 1764 5216 1910 5278; x_wconf 70' lang='lat' dir='ltr'><strong>terga</strong></span> <span class='ocrx_word' id='word_1_577' title='bbox 1964 5219 2018 5264; x_wconf 85' lang='lat' dir='ltr'><strong>et</strong></span> 
     </span>
    </p>
   </div>
   <div class='ocr_carea' id='block_1_94' title="bbox 2125 4934 3693 5013">
    <p class='ocr_par' dir='ltr' id='par_1_94' title="bbox 2125 4934 3693 5013">
     <span class='ocr_line' id='line_1_95' title="bbox 2125 4934 3693 5013; baseline -0.006 -15"><span class='ocrx_word' id='word_1_578' title='bbox 2125 4943 2264 5009; x_wconf 89' lang='lat' dir='ltr'><strong>dus;</strong></span> <span class='ocrx_word' id='word_1_579' title='bbox 2294 4942 2361 4998; x_wconf 85' lang='lat' dir='ltr'><strong>ad</strong></span> <span class='ocrx_word' id='word_1_580' title='bbox 2395 4940 2528 5013; x_wconf 84' lang='lat' dir='ltr'><strong>quid</strong></span> <span class='ocrx_word' id='word_1_581' title='bbox 2558 4950 2662 5009; x_wconf 89' lang='lat' dir='ltr'><strong>est,</strong></span> <span class='ocrx_word' id='word_1_582' title='bbox 2695 4940 2778 4995; x_wconf 85' lang='lat' dir='ltr'><strong>vel</strong></span> <span class='ocrx_word' id='word_1_583' title='bbox 2823 4939 2891 4995; x_wconf 87' lang='lat' dir='ltr'><strong>ad</strong></span> <span class='ocrx_word' id='word_1_584' title='bbox 2925 4940 3074 4994; x_wconf 92' lang='lat' dir='ltr'><strong>aliud</strong></span> <span class='ocrx_word' id='word_1_585' title='bbox 3111 4948 3195 4994; x_wconf 91' lang='lat' dir='ltr'><strong>est</strong></span> <span class='ocrx_word' id='word_1_586' title='bbox 3237 4935 3480 4999; x_wconf 86' lang='lat' dir='ltr'><strong>habitus,</strong></span> <span class='ocrx_word' id='word_1_587' title='bbox 3516 4934 3693 5006; x_wconf 89' lang='lat' dir='ltr'><strong>quali-</strong></span> 
     </span>
    </p>
   </div>
   <div class='ocr_carea' id='block_1_95' title="bbox 2125 5028 3693 5104">
    <p class='ocr_par' dir='ltr' id='par_1_95' title="bbox 2125 5028 3693 5104">
     <span class='ocr_line' id='line_1_96' title="bbox 2125 5028 3693 5104; baseline -0.006 -15"><span class='ocrx_word' id='word_1_588' title='bbox 2125 5045 2229 5097; x_wconf 88' lang='lat' dir='ltr'><strong>tas.</strong></span> <span class='ocrx_word' id='word_1_589' title='bbox 2263 5034 2567 5098; x_wconf 86' lang='lat' dir='ltr'><strong>character,</strong></span> <span class='ocrx_word' id='word_1_590' title='bbox 2597 5033 2806 5104; x_wconf 85' lang='lat' dir='ltr'><strong>species</strong></span> <span class='ocrx_word' id='word_1_591' title='bbox 2828 5041 2883 5087; x_wconf 90' lang='lat' dir='ltr'><strong>et</strong></span> <span class='ocrx_word' id='word_1_592' title='bbox 2908 5031 3091 5087; x_wconf 83' lang='lat' dir='ltr'><strong>talitas</strong></span> <span class='ocrx_word' id='word_1_593' title='bbox 3110 5072 3126 5097; x_wconf 88' lang='lat'><strong>,</strong></span> <span class='ocrx_word' id='word_1_594' title='bbox 3160 5028 3324 5084; x_wconf 90' lang='lat' dir='ltr'><strong>modo</strong></span> <span class='ocrx_word' id='word_1_595' title='bbox 3376 5028 3693 5098; x_wconf 87' lang='lat' dir='ltr'><strong>adjunctum</strong></span> 
     </span>
    </p>
   </div>
   <div class='ocr_carea' id='block_1_96' title="bbox 2123 5118 3695 5194">
    <p class='ocr_par' dir='ltr' id='par_1_96' title="bbox 2123 5118 3695 5194">
     <span class='ocr_line' id='line_1_97' title="bbox 2123 5118 3695 5194; baseline -0.005 -13"><span class='ocrx_word' id='word_1_596' title='bbox 2123 5125 2265 5188; x_wconf 87' lang='lat' dir='ltr'><strong>loci.</strong></span> <span class='ocrx_word' id='word_1_597' title='bbox 2308 5125 2471 5180; x_wconf 90' lang='lat' dir='ltr'><strong>modo</strong></span> <span class='ocrx_word' id='word_1_598' title='bbox 2502 5123 2802 5194; x_wconf 86' lang='lat' dir='ltr'><strong>temporis;</strong></span> <span class='ocrx_word' id='word_1_599' title='bbox 2843 5122 3027 5178; x_wconf 79' lang='lat' dir='ltr'><strong>facere</strong></span> <span class='ocrx_word' id='word_1_600' title='bbox 3069 5120 3201 5191; x_wconf 89' lang='lat' dir='ltr'><strong>quid</strong></span> <span class='ocrx_word' id='word_1_601' title='bbox 3251 5130 3533 5192; x_wconf 89' lang='lat' dir='ltr'><strong>operatur,</strong></span> <span class='ocrx_word' id='word_1_602' title='bbox 3579 5118 3695 5175; x_wconf 84' lang='lat' dir='ltr'><strong>sive</strong></span> 
     </span>
    </p>
   </div>
   <div class='ocr_carea' id='block_1_97' title="bbox 2122 5210 3693 5285">
    <p class='ocr_par' dir='ltr' id='par_1_97' title="bbox 2122 5210 3693 5285">
     <span class='ocr_line' id='line_1_98' title="bbox 2122 5210 3693 5285; baseline -0.005 -13"><span class='ocrx_word' id='word_1_603' title='bbox 2122 5233 2295 5281; x_wconf 89' lang='lat' dir='ltr'><strong>mens,</strong></span> <span class='ocrx_word' id='word_1_604' title='bbox 2328 5217 2443 5273; x_wconf 89' lang='lat' dir='ltr'><strong>sive</strong></span> <span class='ocrx_word' id='word_1_605' title='bbox 2463 5216 2795 5277; x_wconf 89' lang='lat' dir='ltr'><strong>substantia.</strong></span> <span class='ocrx_word' id='word_1_606' title='bbox 2820 5214 2959 5285; x_wconf 88' lang='lat' dir='ltr'><strong>pati,</strong></span> <span class='ocrx_word' id='word_1_607' title='bbox 2988 5213 3244 5283; x_wconf 81' lang='lat' dir='ltr'><strong>excipere</strong></span> <span class='ocrx_word' id='word_1_608' title='bbox 3266 5213 3335 5267; x_wconf 89' lang='lat' dir='ltr'><strong>ab</strong></span> <span class='ocrx_word' id='word_1_609' title='bbox 3366 5211 3491 5267; x_wconf 84' lang='lat' dir='ltr'><strong>aliis</strong></span> <span class='ocrx_word' id='word_1_610' title='bbox 3523 5210 3693 5267; x_wconf 82' lang='lat' dir='ltr'><strong>actio-</strong></span> 
     </span>
    </p>
   </div>
   <div class='ocr_carea' id='block_1_98' title="bbox 447 5299 3687 5380">
    <p class='ocr_par' dir='ltr' id='par_1_98' title="bbox 447 5299 3687 5380">
     <span class='ocr_line' id='line_1_99' title="bbox 447 5299 3687 5380; baseline 0.003 -33"><span class='ocrx_word' id='word_1_611' title='bbox 447 5308 725 5365; x_wconf 72' lang='lat' dir='ltr'><strong>ventrem;</strong></span> <span class='ocrx_word' id='word_1_612' title='bbox 762 5300 878 5353; x_wconf 88' lang='lat' dir='ltr'><strong>ideo</strong></span> <span class='ocrx_word' id='word_1_613' title='bbox 900 5299 1112 5365; x_wconf 84' lang='lat' dir='ltr'><strong>operari</strong></span> <span class='ocrx_word' id='word_1_614' title='bbox 1142 5308 1442 5354; x_wconf 84' lang='lat' dir='ltr'><strong>cessantes.</strong></span> <span class='ocrx_word' id='word_1_615' title='bbox 1472 5299 1569 5355; x_wconf 91' lang='lat' dir='ltr'><strong>hos</strong></span> <span class='ocrx_word' id='word_1_616' title='bbox 1603 5304 1872 5358; x_wconf 77' lang='lat' dir='ltr'><strong>sustinete</strong></span> <span class='ocrx_word' id='word_1_617' title='bbox 1903 5316 2015 5373; x_wconf 69' lang='lat' dir='ltr'><strong>prae</strong></span> <span class='ocrx_word' id='word_1_618' title='bbox 2115 5324 2246 5377; x_wconf 85' lang='lat' dir='ltr'><strong>nes,</strong></span> <span class='ocrx_word' id='word_1_619' title='bbox 2282 5309 2519 5380; x_wconf 85' lang='lat' dir='ltr'><strong>subjici,</strong></span> <span class='ocrx_word' id='word_1_620' title='bbox 2569 5307 2888 5371; x_wconf 84' lang='lat' dir='ltr'><strong>inclinatio,</strong></span> <span class='ocrx_word' id='word_1_621' title='bbox 2923 5314 3020 5361; x_wconf 88' lang='lat' dir='ltr'><strong>aut</strong></span> <span class='ocrx_word' id='word_1_622' title='bbox 3050 5303 3250 5375; x_wconf 92' lang='lat' dir='ltr'><strong>positio</strong></span> <span class='ocrx_word' id='word_1_623' title='bbox 3279 5303 3687 5372; x_wconf 78' lang='lat' dir='ltr'><strong>subiectorum,</strong></span> 
     </span>
    </p>
   </div>
   <div class='ocr_carea' id='block_1_99' title="bbox 445 5390 1336 5461">
    <p class='ocr_par' dir='ltr' id='par_1_99' title="bbox 445 5390 1336 5461">
     <span class='ocr_line' id='line_1_100' title="bbox 445 5390 1336 5461; baseline 0.004 -19"><span class='ocrx_word' id='word_1_624' title='bbox 445 5403 505 5443; x_wconf 85' lang='lat' dir='ltr'><strong>se</strong></span> <span class='ocrx_word' id='word_1_625' title='bbox 538 5390 678 5444; x_wconf 72' lang='lat' dir='ltr'><strong>ferre</strong></span> <span class='ocrx_word' id='word_1_626' title='bbox 709 5401 761 5443; x_wconf 84' lang='lat' dir='ltr'><strong>et</strong></span> <span class='ocrx_word' id='word_1_627' title='bbox 796 5391 1038 5459; x_wconf 76' lang='lat' dir='ltr'><strong>cogitare</strong></span> <span class='ocrx_word' id='word_1_628' title='bbox 1077 5393 1336 5461; x_wconf 88' lang='lat' dir='ltr'><strong>superba.</strong></span> 
     </span>
    </p>
   </div>
   <div class='ocr_carea' id='block_1_100' title="bbox 688 5505 1764 5564">
    <p class='ocr_par' dir='ltr' id='par_1_100' title="bbox 688 5505 1764 5564">
     <span class='ocr_line' id='line_1_101' title="bbox 688 5505 1764 5564; baseline 0.007 -7"><span class='ocrx_word' id='word_1_629' title='bbox 688 5505 779 5559; x_wconf 72' lang='lat'><strong>25.</strong></span> <span class='ocrx_word' id='word_1_630' title='bbox 826 5505 889 5559; x_wconf 84' lang='grc' dir='ltr'>1η</span> <span class='ocrx_word' id='word_1_631' title='bbox 948 5505 1354 5562; x_wconf 81' lang='lat' dir='ltr'><strong>intellectualem</strong></span> <span class='ocrx_word' id='word_1_632' title='bbox 1387 5509 1764 5564; x_wconf 79' lang='lat' dir='ltr'><strong>substantiam.</strong></span> 
     </span>
    </p>
   </div>
   <div class='ocr_carea' id='block_1_101' title="bbox 516 5618 2013 5685">
    <p class='ocr_par' dir='ltr' id='par_1_101' title="bbox 516 5618 2013 5685">
     <span class='ocr_line' id='line_1_102' title="bbox 516 5618 2013 5685; baseline 0.007 -18"><span class='ocrx_word' id='word_1_633' title='bbox 516 5620 776 5683; x_wconf 68' lang='lat' dir='ltr'><strong>Quaereris</strong></span> <span class='ocrx_word' id='word_1_634' title='bbox 818 5618 1237 5673; x_wconf 85' lang='lat' dir='ltr'><strong>intellectualem</strong></span> <span class='ocrx_word' id='word_1_635' title='bbox 1279 5618 1639 5675; x_wconf 81' lang='lat' dir='ltr'><strong>substantiam</strong></span> <span class='ocrx_word' id='word_1_636' title='bbox 1693 5622 2013 5685; x_wconf 87' lang='lat' dir='ltr'><strong>desperatus</strong></span> 
     </span>
    </p>
   </div>
   <div class='ocr_carea' id='block_1_102' title="bbox 516 5798 1787 5873">
    <p class='ocr_par' dir='ltr' id='par_1_102' title="bbox 516 5798 1787 5873">
     <span class='ocr_line' id='line_1_103' title="bbox 516 5798 1787 5873; baseline 0.004 -20"><span class='ocrx_word' id='word_1_637' title='bbox 516 5800 563 5832; x_wconf 87' lang='grc'><strong>¹¹’</strong></span> <span class='ocrx_word' id='word_1_638' title='bbox 597 5798 702 5855; x_wconf 78' lang='lat' dir='ltr'><strong>Sic.</strong></span> <span class='ocrx_word' id='word_1_639' title='bbox 780 5803 824 5835; x_wconf 82' lang='lat'>“</span> <span class='ocrx_word' id='word_1_640' title='bbox 859 5800 985 5873; x_wconf 78' lang='lat' dir='ltr'><strong>Leg.</strong></span> <span class='ocrx_word' id='word_1_641' title='bbox 1023 5803 1127 5857; x_wconf 79' lang='lat' dir='ltr'><strong>vid.</strong></span> <span class='ocrx_word' id='word_1_642' title='bbox 1170 5803 1269 5868; x_wconf 60' lang='grc' dir='ltr'>τὰς</span> <span class='ocrx_word' id='word_1_643' title='bbox 1302 5822 1356 5856; x_wconf 82' lang='grc' dir='ltr'><strong>π.</strong></span> <span class='ocrx_word' id='word_1_644' title='bbox 1381 5803 1435 5858; x_wconf 80' lang='grc' dir='ltr'><strong>ά.</strong></span> <span class='ocrx_word' id='word_1_645' title='bbox 1458 5820 1516 5871; x_wconf 57' lang='grc' dir='ltr'><strong>γε</strong></span> <span class='ocrx_word' id='word_1_646' title='bbox 1548 5802 1787 5871; x_wconf 74' lang='grc' dir='ltr'>δράσεις.</span> 
     </span>
    </p>
   </div>
   <div class='ocr_carea' id='block_1_103' title="bbox 2114 5391 3688 5473">
    <p class='ocr_par' dir='ltr' id='par_1_103' title="bbox 2114 5391 3688 5473">
     <span class='ocr_line' id='line_1_104' title="bbox 2114 5391 3688 5473; baseline -0.009 -14"><span class='ocrx_word' id='word_1_647' title='bbox 2114 5402 2545 5473; x_wconf 81' lang='lat' dir='ltr'><strong>unumquodque</strong></span> <span class='ocrx_word' id='word_1_648' title='bbox 2577 5400 2779 5456; x_wconf 87' lang='lat' dir='ltr'><strong>habere</strong></span> <span class='ocrx_word' id='word_1_649' title='bbox 2812 5399 2864 5455; x_wconf 91' lang='lat' dir='ltr'><strong>id</strong></span> <span class='ocrx_word' id='word_1_650' title='bbox 2903 5412 3015 5467; x_wconf 89' lang='lat' dir='ltr'><strong>quo</strong></span> <span class='ocrx_word' id='word_1_651' title='bbox 3044 5405 3226 5451; x_wconf 89' lang='lat' dir='ltr'><strong>tamen</strong></span> <span class='ocrx_word' id='word_1_652' title='bbox 3247 5393 3425 5464; x_wconf 84' lang='lat' dir='ltr'><strong>majus</strong></span> <span class='ocrx_word' id='word_1_653' title='bbox 3453 5391 3688 5448; x_wconf 79' lang='lat' dir='ltr'><strong>exsistit.</strong></span> 
     </span>
    </p>
   </div>
   <div class='ocr_carea' id='block_1_104' title="bbox 2137 5503 3650 5574">
    <p class='ocr_par' dir='ltr' id='par_1_104' title="bbox 2137 5503 3650 5574">
     <span class='ocr_line' id='line_1_105' title="bbox 2137 5503 3650 5574; baseline -0.007 -9"><span class='ocrx_word' id='word_1_654' title='bbox 2137 5511 2230 5565; x_wconf 79' lang='lat'><strong>‘26.</strong></span> <span class='ocrx_word' id='word_1_655' title='bbox 2266 5510 2329 5565; x_wconf 83' lang='lat' dir='ltr'><strong>In</strong></span> <span class='ocrx_word' id='word_1_656' title='bbox 2355 5510 2720 5567; x_wconf 76' lang='lat' dir='ltr'><strong>Cnosticorum</strong></span> <span class='ocrx_word' id='word_1_657' title='bbox 2760 5519 2810 5564; x_wconf 89' lang='lat' dir='ltr'><strong>et</strong></span> <span class='ocrx_word' id='word_1_658' title='bbox 2840 5507 3210 5561; x_wconf 79' lang='lat' dir='ltr'><strong>Practicorum</strong></span> <span class='ocrx_word' id='word_1_659' title='bbox 3241 5503 3650 5574; x_wconf 70' lang='lat' dir='ltr'><strong>philosophiam.</strong></span> 
     </span>
    </p>
   </div>
   <div class='ocr_carea' id='block_1_105' title="bbox 2184 5612 3691 5689">
    <p class='ocr_par' dir='ltr' id='par_1_105' title="bbox 2184 5612 3691 5689">
     <span class='ocr_line' id='line_1_106' title="bbox 2184 5612 3691 5689; baseline -0.007 -14"><span class='ocrx_word' id='word_1_660' title='bbox 2184 5621 2430 5677; x_wconf 78' lang='lat' dir='ltr'><strong>Theoria:</strong></span> <span class='ocrx_word' id='word_1_661' title='bbox 2468 5638 2680 5678; x_wconf 86' lang='lat' dir='ltr'><strong>summa</strong></span> <span class='ocrx_word' id='word_1_662' title='bbox 2713 5630 2795 5677; x_wconf 90' lang='lat' dir='ltr'><strong>est</strong></span> <span class='ocrx_word' id='word_1_663' title='bbox 2835 5634 2956 5689; x_wconf 80' lang='lat' dir='ltr'><strong>qua:</strong></span> <span class='ocrx_word' id='word_1_664' title='bbox 2985 5618 3056 5675; x_wconf 90' lang='lat' dir='ltr'><strong>sit</strong></span> <span class='ocrx_word' id='word_1_665' title='bbox 3088 5616 3431 5684; x_wconf 86' lang='lat' dir='ltr'><strong>monarcbia,</strong></span> <span class='ocrx_word' id='word_1_666' title='bbox 3464 5613 3593 5686; x_wconf 82' lang='lat' dir='ltr'><strong>quid</strong></span> <span class='ocrx_word' id='word_1_667' title='bbox 3618 5612 3691 5666; x_wconf 89' lang='lat' dir='ltr'><strong>sit</strong></span> 
     </span>
    </p>
   </div>
  </div>
