4054 6586
269 397 375 459 935

343 506 417 560 ’Ἡ
441 504 489 559 κ’
512 507 726 577 ἀρετῶν
760 507 995 582 σκεδάτῃ
1031 508 1258 563 πλοῦτον
1285 509 1619 581 απειρέσιον.

271 598 422 669 θυμὲ
449 594 657 664 τάλανῖ
671 599 726 653 τί
762 599 1076 667 πέπονθας;
1126 601 1375 672 άνέγρεο,
1421 599 1565 666 οἶδας
1612 605 1843 669 ἀπειλὰς

339 692 685 746 Δεσποτικῶν
717 693 1024 764 στομάτων,
1051 694 1339 758 όκναλέαις
1363 694 1637 764 κραδίαις.

271 783 426 853 Θυμὲ
443 782 634 847 τάλαν,
652 783 704 835 τί
730 783 1036 851 πέπονθας;
1061 783 1314 857 ἀνέγρεο,
1346 786 1530 855 μήπου
1551 802 1603 837 τι
1627 784 1816 857 κλείσῃ

338 870 641 942 Οὑρανίους
670 871 947 943 θαλάμους
972 874 1223 943 Νυμφίος
1248 874 1527 945 ἐξαπίνης.

272 963 494 1034 Ἐγρεο,
528 965 666 1036 θυμὲ
700 965 887 1031 τάλαν,
921 967 1014 1019 καὶ
1040 967 1248 1032 ἵστασο,
1280 969 1375 1021 καὶ
1415 968 1542 1036 γόνυ
1595 968 1841 1039 κάμπτε,

336 1056 558 1127 Δάκρυα
595 1057 774 1127 θερμά
801 1058 912 1129 χέε,
952 1058 1121 1129 μύρεο
1145 1058 1244 1122 σάς
1272 1059 1449 1123 ἀνίας.

266 1145 445 1200 Ἶλαθί
470 1166 582 1218 μοι,
609 1150 838 1203 πανίλαε
866 1150 1108 1219 βασιλεῦ,
1138 1152 1256 1222 ἥλιε
1285 1152 1443 1223 δόξης
1469 1170 1486 1188 ο

337 1239 534 1302 Ἷλαθι,
563 1243 873 1312 κοσμοφόρε
895 1242 939 1275 ⁸⁸
958 1258 971 1272 ·
1002 1243 1166 1309 ἵλαθι,
1189 1246 1519 1317 οίκτοπάτορ
1541 1263 1557 1279 ⁸

268 1330 489 1384 Ἤλιτον
520 1333 583 1385 ὲκ
615 1333 861 1402 γενετῆς,
892 1334 991 1387 ὅσα
1016 1333 1311 1405 ψάμμαθός
1335 1355 1417 1404 τε,
1448 1339 1594 1402 κόνις
1621 1355 1704 1392 τε.

347 1421 457 1475 Ἦδ’
489 1422 569 1475 ἔτι
599 1422 694 1476 νῦν
723 1423 916 1489 λαλέω,
938 1424 1059 1479 οὐδὲ
1090 1427 1239 1481 πνέω
1269 1428 1534 1501 καθαρόν.

274 1512 419 1566 Ἀλλ’
453 1512 597 1566 ἵλαθι
619 1513 739 1567 τεὸν
768 1514 911 1568 κατὰ
957 1514 1225 1584 θέσφατον
1256 1515 1456 1584 οἶκτον,
1492 1519 1661 1587 ἵλαθι,

342 1604 517 1659 Ἰλαθι
548 1643 565 1669 ,
602 1604 753 1658 πόλλ’
776 1605 1025 1677 ἀνέτλην,
1060 1607 1187 1672 ἄξια
1212 1609 1258 1663 δ’
1290 1612 1413 1665 οὐδὲ
1438 1612 1587 1667 τάδε.

274 1700 329 1751 Ἀ
342 1698 632 1769 μπλακιῶν
655 1699 909 1769 φορυτοῦ,
938 1699 1035 1752 καὶ
1064 1702 1282 1771 αἵσχεος
1312 1705 1600 1777 ἡμετέροιο

331 1791 602 1861 Τολμήσω
627 1789 819 1861 μῦθον,
850 1792 971 1846 οὐδὲ
997 1792 1194 1862 φλόγες
1226 1796 1463 1862 σκότιαι,

259 1881 398 1935 Οὐδὲ
428 1882 591 1952 μυχοὶ
616 1880 819 1951 χθόνιοι
848 1882 943 1935 καὶ
963 1883 1214 1953 δαίμονες
1242 1886 1591 1958 άγριόθυμοι,

331 1972 468 2027 Οὑδέ
501 1971 553 2040 γ’
573 1972 669 2042 ὅλη
703 1972 843 2026 κεῖθι
871 1974 972 2044 τῆς
1007 1973 1207 2045 κακίης
1239 1975 1493 2044 βάσανος.

260 2063 433 2132 Τήνδε
464 2062 607 2116 λίπω
631 2063 927 2133 μετέπειτα
955 2066 1050 2119 καὶ
1077 2066 1415 2138 ἐσσομένοισι
1442 2070 1711 2126 πυθέσθαι
1797 2068 1799 2070 ’

331 2154 543 2225 Στήλην
566 2156 842 2227 ὑμετέρης
867 2155 1143 2228 ἔγγραφον
1176 2160 1510 2232 ἀφροσύνης.

261 2246 440 2299 Εἵδεσι
466 2245 639 2299 ταῦτα
668 2248 962 2318 χαράσσειν
988 2249 1260 2320 αἰδέομαι.
1302 2253 1368 2306 Τί
1389 2253 1445 2307 δὲ
1478 2254 1667 2324 μιῆναι

334 2333 594 2388 Ϊλῶσσαν
620 2336 764 2389 ἔοικε
792 2337 957 2391 πάλιν
990 2339 1232 2409 ῥήμασιν
1259 2344 1595 2414 αὶσχροδίοις
1617 2365 1633 2414 ;

260 2425 521 2497 Αίδέομαι
546 2426 674 2497 γῆν,
707 2426 957 2498 οὐρανὸν,
983 2430 1144 2501 ἠέρα,
1174 2432 1347 2503 ἥλιον,
1377 2434 1575 2505 ἄστρα,

331 2516 545 2584 Νύκτα,
571 2519 727 2589 φάος,
754 2519 947 2589 χόρους
977 2522 1206 2587 πάντας,
1238 2524 1455 2578 ἅπαντα
1475 2526 1660 2597 δόμον,

263 2609 483 2672 ’Δλλοις
516 2610 614 2680 μὲν
648 2611 997 2680 παράκοιτις,
1020 2614 1207 2680 τέκνα,
1236 2614 1402 2684 φίλοι,
1435 2617 1624 2689 θρόνος
1650 2621 1835 2689 αἰπὺς,

331 2700 600 2770 Τερπωλὴ
631 2701 834 2771 βιότου,
880 2704 1221 2777 χρυσοφόρος
1253 2708 1525 2780 σπατάλη.

274 2790 651 2862 Ἀνδραπόδων
682 2794 806 2864 ἐμοὶ
828 2794 894 2863 ³¹,
915 2795 1089 2867 δόμοι,
1130 2796 1319 2865 ἄλσεα,
1344 2800 1547 2868 γνῶσις
1566 2802 1839 2871 ἀνάκτων,

333 2877 432 2946 Οίς
458 2885 742 2955 φρονέουσι
770 2887 899 2956 φίλα
925 2888 1020 2943 καὶ
1050 2889 1301 2944 λαλέουσι
1334 2892 1480 2960 φίλα.

260 2971 450 3044 Αὐτὰρ
474 2973 662 3045 ἔμοιγε
695 2975 827 3041 Θεὸς
859 2978 1018 3049 μόνος
1046 2980 1217 3053 ἥλιος,
1244 2983 1400 3048 δλὸος
1430 2984 1696 3056 ἀπείρων,

1566 403 1911 467 CARMINA
1951 408 2211 469 VARIA.

3403 416 3512 481 9’26

2021 517 2208 579 Ἐλπὶς
2235 517 2559 590 άμεμακτέη
2588 522 2656 585 ³³,
2690 521 2880 596 τέρψις
2901 523 2995 593 ὅλη
3040 522 3241 592 βιότου.

1948 608 2169 679 Ἔγρεο,
2197 608 2333 679 θυμὲ
2358 610 2547 673 τάλαν,
2579 612 2864 685 βλεφάρων
2895 615 3062 669 ὕπνον
3092 614 3273 669 ἔκτοθι
3302 614 3508 686 πέμπε,

2018 700 2264 769 Ὄργανα
2295 698 2551 768 δοξολόγα
2573 702 2722 755 κλίνε
2750 703 2885 767 ἑκὰς
2912 704 3109 773 ῥύπου.

2194 815 2298 886 λη’.
2341 818 2439 883 Ὠς
2467 818 2537 871 ἐκ
2564 819 2671 873 τοῦ
2700 820 2873 889 ἁγίου
2905 820 3261 889 Δημητρίου.

1939 926 2173 994 Φεύγετε
2204 930 2479 998 ῥομφαίαν
2506 930 2598 983 καὶ
2620 930 2896 999 δαίμονες,
2930 930 3065 984 ἄλλα
3089 948 3149 982 τε
3183 929 3347 999 φῦλα,

2018 1021 2121 1072 Ἢν
2152 1019 2327 1090 βάψας
2349 1021 2529 1090 φορέω
2558 1021 2754 1090 αἵμασι
2781 1025 2892 1085 τοῖς
2929 1022 3101 1085 ίδίοις.

2403 1153 2502 1209 λθ’.
2531 1158 2635 1221 Είς
2655 1156 2761 1209 τὸν
2784 1156 3047 1226 λῃστήν.

1950 1287 2012 1342 '0
2038 1286 2363 1357 λωποδύπης
2391 1289 2436 1319 ³³
2466 1288 2645 1342 πίστιν
2685 1290 2837 1354 ἐνδὺς
2865 1292 2945 1363 τῷ
2968 1292 3136 1364 ξύλῳ,

1939 1379 2051 1443 Τὰς
2080 1379 2182 1449 τῆς
2215 1379 2375 1450 Ἐδὲμ
2402 1380 2496 1432 νῦν
2529 1382 2883 1452 ἐξεμόχλευσε
2916 1383 3112 1449 πύλας.

2698 1496 2774 1567 μ’.

1940 1604 2048 1659 Τοῦ
2080 1606 2353 1660 Δεσπότου
2376 1606 2437 1660 τὸ
2466 1607 2684 1675 κάλλος,
2718 1609 2862 1681 ἥλιε,
2897 1611 3136 1681 βλέπων,

1938 1697 2154 1763 Φαίνεις
2180 1696 2233 1750 τί
2260 1697 2467 1765 λοιπὸν,
2497 1698 2531 1769 ἢ
2553 1699 2732 1768 λέγεις
2761 1701 2981 1772 τρέχειν
3011 1703 3212 1772 μόνος;

1942 1790 2156 1861 Βραχὺν
2183 1790 2241 1845 δὲ
2264 1790 2452 1844 τοῦτον
2480 1793 2921 1865 ὲμπεριγράφειν
2968 1796 3136 1849 τόπον

1867 1887 1912 1943 Β
1957 1882 2121 1954 Ὁρᾷς
2151 1884 2428 1957 δραμόντα
2456 1885 2724 1958 δυσμόθεν
2760 1889 2896 1959 πρὸς
2921 1888 3018 1960 τὴν
3047 1889 3142 1944 ἕω.

1948 1975 2090 2044 Ὅρα
2120 1977 2282 2031 πάλιν
2308 1978 2571 2049 τρέχοντα
2595 1979 2797 2047 ταύτης
2824 1982 2961 2050 πρὸς
2987 1981 3166 2048 δύσιν,

1945 2068 2055 2121 Kal
2078 2070 2187 2131 τοῖς
2219 2070 2404 2135 ὅπλοις
2439 2071 2704 2141 φλέγοντα
2730 2074 2824 2126 καὶ
2855 2074 2960 2145 πρὸ
2987 2073 3087 2143 τῆς
3120 2080 3321 2146 μάχης.

1944 2159 2055 2211 Καὶ
2085 2158 2144 2212 σὲ
2181 2160 2379 2230 γνόφος
2410 2162 2508 2231 μὲν
2542 2164 2636 2215 καὶ
2675 2163 2873 2216 θύελλα
2898 2165 2989 2216 καὶ
3014 2166 3173 2234 νέφος

1945 2247 2159 2318 Μικρὸν
2195 2248 2461 2304 καλύπτει
2491 2252 2585 2304 καὶ
2621 2253 2827 2323 διασπᾷ
2850 2252 3130 2317 πολλάκις.

1947 2331 2117 2404 Οὗτος
2148 2340 2203 2394 δὲ
2233 2342 2437 2407 παντός
2461 2343 2580 2397 ἐστι
2619 2344 2885 2414 κρείττων
2911 2346 3006 2398 καὶ
3033 2344 3262 2409 πάθους.

1944 2432 2072 2495 Τοῖς
2103 2432 2318 2503 δμμασι
2351 2434 2415 2487 σὺ
2439 2435 2533 2488 καὶ
2559 2435 2762 2504 μόνοις,
2795 2435 2824 2489 ὃ
2853 2436 2945 2489 καὶ
2975 2436 3169 2507 λύχνος
3192 2452 3210 2469 ο

1943 2519 2112 2589 Οὗτος
2139 2526 2197 2579 δὲ
2230 2526 2413 2596 φαίνει
2441 2528 2502 2580 τὸ
2529 2526 2692 2581 πλέον
2718 2530 2840 2591 ταῖς
2870 2528 3148 2599 καρδίαις,

1944 2619 2056 2672 Καὶ
2082 2621 2191 2673 πᾶν
2212 2619 2467 2691 καθαίρει
2493 2621 2593 2691 τῆς
2625 2620 2863 2690 ἀθυμίας
2893 2622 3077 2690 νέφος.

1945 2705 2115 2776 Οὗτος
2143 2712 2372 2784 διαρκὴς
2396 2714 2501 2784 γῆν
2530 2714 2897 2783 καταυγάζειν
2920 2713 3071 2784 ὅλην,
3278 2772 3283 2775 _

1945 2801 2165 2856 Μᾶλλον
2188 2803 2246 2856 δὲ
2268 2804 2361 2856 καὶ
2397 2804 2456 2857 σὲ
2485 2804 2583 2857 καὶ
2614 2803 2707 2856 τὸν
2741 2804 2987 2874 ἀστέρων
3016 2802 3240 2870 κύκλον,

1943 2893 2117 2950 Αὐτὸν
2138 2894 2195 2947 δὲ
2223 2895 2421 2964 μᾶλλον
2450 2895 2684 2966 ούρανοῦ
2709 2895 2802 2947 τδν
2841 2894 3124 2964 Δεσπότην

1945 2986 2140 3058 Ψυχῆς
2168 3004 2229 3040 τε
2267 2987 2457 3042 κάλλει
2484 2988 2580 3042 καὶ
2607 2988 2832 3058 τρόποις
2862 2988 3187 3058 καθηδύναι.

336 3150 504 3223 Miser
537 3152 750 3217 anime,
781 3155 911 3225 quid
945 3158 1149 3227 pateris
1177 3160 1200 3214 ?
1229 3161 1497 3230 excitare,
1523 3179 1592 3220 ne
1616 3171 1671 3219 te
1690 3173 1846 3220 vexet
1869 3166 1915 3228 C
2016 3166 2153 3223 Aliis
2178 3166 2405 3237 conjux,
2467 3166 2603 3231 nati.
2637 3166 2821 3235 amici,
2850 3167 2958 3224 alta
2997 3167 3178 3235 sedes,
3208 3166 3529 3236 iucunditas

265 3243 480 3298 daemon
523 3248 646 3300 vita:
681 3256 882 3302 nostrae
920 3249 1222 3316 inimicus;

336 3335 413 3391 Ne
439 3337 535 3391 tibi
557 3338 850 3393 dormienti
887 3341 1226 3397 zizaniorum
1253 3345 1464 3400 semina
1507 3347 1846 3413 immisceat,

266 3427 351 3482 vel
386 3428 647 3482 virtutum
678 3429 908 3501 dissipet
942 3432 1309 3490 abundantem
1336 3441 1570 3507 copiam.

338 3518 502 3575 Miser
535 3521 737 3586 anime,
764 3523 893 3592 quid
928 3526 1453 3595 pateris?excitare,
1503 3533 1692 3589 noscis
1742 3532 1848 3587 mi-

267 3627 373 3666 nas
404 3612 617 3667 Domini
651 3615 763 3669 oris
792 3614 846 3669 in
874 3617 1042 3672 corda
1081 3619 1416 3677 dubitantia.

351 3705 524 3762 Miser
551 3706 751 3771 anime,
774 3708 903 3778 quid
934 3710 1175 3779 pateris?
1204 3714 1462 3781 excitare,
1485 3732 1551 3771 ne
1573 3716 1669 3772 tibi
1696 3717 1849 3773 clau-

265 3798 358 3852 dat
424 3799 606 3853 subito
652 3816 886 3870 sponsus
936 3804 1186 3861 ccelestes
1234 3808 1522 3865 thalamos.

354 3889 548 3959 Surge,
584 3892 963 3963 miseranime,
996 3905 1050 3950 et
1082 3907 1185 3965 sta,
1216 3909 1270 3953 et
1292 3915 1462 3968 genua
1487 3901 1664 3966 flecte,
1692 3902 1849 3958 ﬂetus

280 3980 542 4037 ardentes
578 3983 764 4048 funde,
823 3995 944 4043 tuos
974 3988 1195 4045 dolores
1243 3991 1500 4062 lacrymis
1529 3994 1694 4049 stilla.

341 4072 648 4143 Propitiare
682 4077 840 4145 mihi,
872 4080 1311 4136 clementissime
1345 4098 1460 4146 rex,
1495 4085 1576 4139 sol
1640 4085 1847 4156 gloriae,

270 4163 587 4232 liropitiare,
619 4168 803 4223 mundi
866 4178 1072 4238 rector,
1133 4171 1454 4242 propitiare,
1484 4174 1849 4246 lacrymarum

270 4268 431 4327 pater
454 4274 470 4324 ;

340 4351 570 4407 Peccavi
628 4352 696 4409 ab
754 4364 897 4419 ortu,
928 4367 1194 4427 quantum
1240 4374 1407 4414 arena
1440 4369 1525 4416 est
1551 4371 1607 4416 et
1648 4360 1848 4432 pulvrs.

268 4443 337 4499 Et
370 4443 534 4498 etiam
571 4459 717 4500 nunc
779 4446 912 4501 nihil
970 4448 1184 4519 loquor,
1228 4450 1363 4505 nihil
1391 4451 1573 4521 cogito
1626 4468 1846 4523 purum.

1951 3259 2095 3324 vitae,
2132 3274 2296 3313 aurea
2329 3259 2610 3321 mollities,

2022 3347 2315 3403 Servorum
2371 3358 2623 3410 catervae,
2658 3347 2876 3409 domus,
2920 3346 3051 3410 luci,
3105 3363 3291 3416 regum
3339 3349 3532 3419 cogni-

1951 3440 2047 3503 tio,
2097 3439 2297 3509 quibus
2348 3450 2499 3510 grata
2557 3440 2876 3510 cogitantet
2910 3448 3060 3510 grata
3086 3440 3405 3509 loquuntur.

2022 3530 2127 3587 Sed
2168 3533 2299 3586 mihi
2326 3530 2467 3587 Deus
2501 3532 2651 3587 solus
2698 3541 2781 3585 est
2811 3533 2915 3596 sol,
2942 3532 3207 3585 immensa
3232 3531 3532 3602 possessio,

1951 3640 2078 3694 spes
2108 3624 2461 3691 inconcussa,
2489 3624 2808 3694 jucunditas
2837 3625 3018 3679 omnis
3054 3625 3196 3678 vitm.

2034 3717 2230 3787 Surge,
2276 3719 2445 3773 miser
2483 3719 2685 3780 anime,
2711 3733 2963 3772 somnum
2996 3715 3186 3786 procul
3233 3728 3263 3768 a
3308 3713 3532 3786 pupillis

1952 3807 2127 3872 mitte,
2145 3821 2348 3877 organa
2380 3807 2593 3861 laudem
2610 3806 2860 3861 sonantia

2396 3896 2484 3952 58.
2516 3895 2560 3948 E
2580 3906 2761 3949 sancto
2799 3894 3083 3948 Demetrio.

2023 3986 2217 4056 Fugite
2251 3988 2512 4057 gladium,
2550 3989 2824 4042 daemones
2854 3997 2909 4041 et
2956 3989 3059 4041 alia
3095 4002 3316 4058 genera,
3371 3999 3537 4055 quem

1955 4078 2070 4134 fero
2105 4081 2334 4134 tinctum
2369 4080 2592 4151 proprio
2624 4079 2915 4148 sanguine.

2504 4170 2590 4225 39.
2631 4168 2695 4223 In
2717 4170 2995 4223 latronem.

2027 4260 2194 4316 Latro
2226 4260 2383 4316 fidem
2420 4277 2545 4318 cum
2576 4260 2861 4317 statuisset
2891 4260 2945 4313 in
2985 4259 3155 4331 ligno,
3185 4275 3330 4313 nunc
3351 4266 3543 4329 portas

1954 4351 2105 4408 Eden
2135 4352 2372 4424 aperuit.

2708 4442 2801 4499 ιο.

340 4536 448 4592 Sed
503 4536 796 4607 prepitiare
823 4554 918 4609 per
969 4542 1312 4612 evangelicas
1368 4553 1489 4600 tuas
1561 4535 1935 4617 lacrymas,D
2029 4531 2244 4588 Domini
2294 4532 2751 4604 pulchritudinem
2797 4532 3017 4595 videns,
3069 4530 3230 4596 o'sol,
3278 4530 3535 4602 fulgesne

269 4630 590 4701 propitiare,
616 4630 786 4685 multa
819 4632 1187 4699 sustinui,sed
1225 4636 1337 4690 haec
1376 4651 1481 4690 non
1507 4639 1836 4710 suntdigna.

338 4722 637 4790 Culparum
696 4723 905 4788 sordes,
956 4737 1314 4795 nostrumque
1344 4727 1694 4797 opprobrium
1759 4746 1857 4786 au-

267 4813 410 4866 dcho
462 4828 821 4883 expromere;
859 4831 966 4869 non
1003 4814 1237 4872 ﬂamma:
1279 4820 1605 4888 tenebrosa),

339 4903 462 4957 Non
500 4915 656 4959 terrae
678 4904 862 4975 abyssi
903 4916 956 4960 et
986 4908 1261 4963 da'mones
1293 4918 1495 4976 truces,
1536 4926 1643 4966 non
1689 4928 1852 4969 omne

269 4995 400 5050 illuc
424 4997 679 5065 nequitiae
708 4996 1054 5066 supplicium.

329 5086 555 5142 Cessent
590 5097 767 5141 autem
806 5098 989 5157 postea
1020 5098 1074 5143 et
1105 5106 1133 5143 a
1169 5092 1367 5148 futuris
1414 5094 1749 5164 interrogare
1775 5098 1843 5152 de

269 5178 525 5231 columna
555 5186 753 5232 nostra:
787 5178 1076 5234 dementiae
1124 5180 1543 5251 inscriptionem
1595 5182 1801 5238 ferente
1829 5201 1843 5249 ;

347 5267 566 5339 Figuris
628 5268 743 5325 haec
794 5270 1083 5341 depingere
1130 5273 1414 5338 erubesco,
1483 5275 1613 5345 quid
1666 5286 1845 5330 autem

270 5362 465 5417 deceat
490 5363 733 5432 linguam
798 5378 992 5419 rursus
1053 5365 1365 5421 describere
1398 5368 1580 5423 verbis
1631 5368 1849 5423 nocenti

271 5453 382 5506 vita
415 5453 754 5522 deturpatis;

349 5542 566 5599 Mctuo‘
598 5556 824 5612 terram,
874 5547 1093 5610 caelum,
1157 5562 1360 5609 aerem,
1432 5550 1624 5613 solem,
1678 5556 1848 5615 astra,

278 5647 519 5701 noctem,
571 5636 772 5705 lucem,
821 5646 996 5693 ctetus
1051 5653 1262 5704 omnes,
1318 5654 1535 5694 omnem
1600 5641 1844 5694 domum.

352 5816 398 5847 ³⁸
431 5816 568 5869 Cod.
604 5814 859 5887 κόσφορε.

936 5819 980 5851 ³¹
1016 5817 1143 5889 Leg.
1174 5820 1349 5890 ἑσμοί.
1426 5820 1471 5850 ³³
1504 5819 1629 5891 Leg.
1668 5820 2043 5890 ἀμαιμακέτη.

1957 4624 2219 4694 amplius,
2256 4627 2340 4681 vel
2380 4626 2531 4682 solus
2555 4641 2779 4681 currere
2801 4624 2985 4681 dicis?
3014 4623 3239 4679 Brevem
3256 4623 3402 4678 hunc
3423 4623 3537 4678 cir-

1952 4717 2324 4771 cumscribere
2382 4717 2562 4772 locum
2602 4717 2755 4772 vides
2811 4716 3080 4771 currendo
3112 4715 3181 4770 ab
3208 4730 3407 4770 occasu
3466 4715 3540 4768 ad

1953 4823 2234 4875 auroram;
2263 4808 2382 4864 vide
2411 4825 2605 4865 rursus
2653 4809 2724 4864 ab
2762 4823 2960 4863 aurora
3000 4809 3067 4863 ad
3121 4823 3379 4864 occasum
3407 4824 3534 4863 cur-

1959 4913 2205 4969 rentem;
2234 4910 2290 4957 et
2314 4902 2485 4956 armis
2516 4902 2600 4956 vel
2647 4911 2773 4956 ante
2837 4916 3073 4971 pugnam
3127 4900 3431 4955 ardentem.
3464 4898 3538 4953 Et

1954 5008 2007 5053 te
2044 4998 2262 5067 quidem
2295 4995 2547 5064 procella,
2575 4994 2817 5059 nimbus,
2840 5003 2895 5049 et
2922 4994 3092 5049 nubes
3114 4993 3275 5065 paulo
3301 4993 3533 5046 abscon-

1950 5090 2032 5144 dit
2066 5097 2126 5143 et
2156 5086 2294 5141 tollit
2319 5086 2539 5154 szepius.
2570 5086 2664 5140 Ille
2699 5097 2881 5140 autem
2938 5087 3085 5139 omni
3140 5085 3387 5153 superior
3448 5094 3535 5137 est

1949 5183 2206 5245 fortuna;
2235 5189 2292 5233 tu
2325 5180 2501 5233 solum
2533 5179 2727 5242 oculis,
2772 5179 2916 5249 quod
2947 5188 3000 5233 et
3024 5180 3265 5240 lucerna,
3300 5176 3475 5243 fulges
3509 5190 3533 5239 ί

1951 5274 2041 5329 ille
2063 5278 2245 5328 autem
2279 5270 2517 5325 maxime
2545 5270 2806 5343 cordibus
2860 5271 3050 5343 fulget,
3111 5279 3165 5324 et
3187 5283 3401 5321 oiunem
3436 5281 3530 5319 ve—

1953 5366 2153 5421 cordize
2190 5363 2390 5419 nubem
2427 5340 2661 5415 amovet.
2696 5362 2791 5414 Ille
2821 5372 3010 5429 potens
3041 5372 3123 5415 est
3181 5369 3377 5413 terram
3404 5354 3530 5408 uni-

1960 5473 2171 5513 versam
2209 5454 2540 5513 illuminare,
2567 5452 2676 5504 imo
2702 5452 2864 5504 etiam
2898 5460 2951 5503 et
2978 5462 3027 5505 te
3055 5462 3107 5507 ct
3138 5461 3405 5505 astrorum
3431 5462 3522 5496 or-

1959 5548 2113 5614 bem;
2144 5547 2387 5617 quinimo
2424 5544 2599 5611 ipsum
2629 5542 2749 5595 cccli
2785 5541 3099 5605 Dominum,
3155 5540 3348 5593 anim-.e
3400 5535 3525 5607 pul-

1957 5638 2267 5705 chritudine
2292 5643 2346 5689 et
2365 5632 2610 5687 moribus
2637 5632 2931 5691 delectare.

2120 5817 2164 5848 ³³
2195 5812 2329 5871 Cod.
2358 5809 2623 5865 λωποδυτ.
2650 5823 2778 5863 cum
2805 5824 2832 5871 ς
2863 5805 3308 5872 superimposito.
