4054 6574
285 379 389 443 929

1592 398 1938 465 CARMINA
1974 402 2207 470 VARIA

3442 424 3548 490 930

284 496 362 566 Τῇ
392 492 465 564 μδ
490 492 680 567 φέρεις
708 496 808 573 σῦν
839 501 1012 574 μητρὶ
1042 501 1296 578 ξκρατιίιῇ
1332 505 1599 579 νεύμασιν
1632 513 1866 583 ἐσθλοῖς,
1898 524 1940 581 Α
1972 517 2085 590 Τὴν
2112 519 2211 592 σὴν
2236 519 2412 593 κάραν
2444 521 2655 579 τέθεικε
2677 526 2777 599 τὴν
2811 534 3189 602 πορνοκτόνον.

280 580 358 658 ’ῌ
380 602 441 639 τε
468 585 647 652 θέλοις
668 590 774 643 καὶ
799 591 874 656 ὡς
901 593 1135 663 ἐθέλοις,
1162 600 1257 653 καὶ
1277 598 1338 653 εῦ
1362 617 1424 654 τε
1449 602 1544 656 καὶ
1572 602 1755 662 ὅσσον.

354 701 459 772 με’.
478 705 582 771 Εἰς
596 705 703 761 τὸν
722 706 942 765 ἐαυτοῦ
971 711 1349 770 διδάσκαλον
1374 720 1723 791 Νικηφόρον
1760 722 1860 795 (l).

283 793 483 863 Ἄμφω
507 795 775 851 καλύπτει
804 800 1130 872 πράγματα,
1167 805 1216 857 Ν
1223 807 1450 879 ικηφόρε
1473 824 1487 841 ο

276 882 435 947 Λίθος
459 885 657 956 τάφου,
687 888 777 941 σέ·
804 888 1036 958 ζῶντας,
1071 894 1295 964 ἀγνοίας
1337 899 1506 965 λίθος.

656 1000 777 1071 μετ’.
813 1004 926 1059 Τοῦ
959 1007 1133 1077 ἁγίου
1161 1010 1483 1081 Θεοδώρου.

276 1087 541 1161 Οὖτιδανὴ
571 1092 693 1162 χεὶρ
724 1094 891 1166 νεῦρα
919 1093 965 1150 δ’
1007 1098 1318 1170 άπέτμαγε,
1348 1105 1399 1157 σί
1427 1103 1486 1158 δέ
1520 1102 1581 1175 μ’
1613 1108 1673 1172 ἐς
1714 1098 1856 1164 ἆθλα

274 1179 366 1232 Ἐν
396 1182 630 1245 σταδίοις
658 1185 914 1241 καλέουσι
951 1190 1083 1257 νέοι,
1120 1193 1215 1245 καὶ
1239 1192 1438 1248 ἕστακε
1460 1196 1641 1251 πάντα

272 1272 452 1343 Δῆμος
471 1273 593 1338 ὅλος
625 1276 1046 1351 φιλοκέρτομος,
1081 1284 1139 1347 ές
1160 1284 1204 1336 δ’
1225 1286 1357 1356 ὲμὲν
1384 1288 1431 1319 υ
1461 1288 1716 1357 γλώσσας
1742 1290 1788 1325 ιδ

270 1365 482 1436 Πικράς
511 1368 853 1437 ἐντανύουσι,
889 1374 984 1426 καὶ
1017 1375 1243 1447 δμματα
1268 1380 1440 1454 μυρία
1467 1380 1617 1448 λοξά.

281 1456 443 1512 Ἀλλά
461 1458 514 1527 γ’
536 1460 561 1512 έ
570 1460 671 1530 μὸν
694 1464 895 1534 κράτος
921 1464 1090 1533 ἵλαθι,
1125 1468 1326 1541 μάρτυ,
1357 1473 1451 1527 καὶ
1481 1473 1651 1529 ἅπτεο
1672 1481 1853 1550 χεερδς

267 1548 579 1622 Δεξιτερῆς,
609 1551 806 1608 ἰθύνων
835 1556 922 1609 ἐπ’
953 1557 1141 1625 ἄεθλα,
1170 1562 1265 1615 καὶ
1295 1562 1467 1631 ἄλγεα
1493 1548 1704 1624 παύων.

266 1636 462 1706 Οἶσθα,
494 1643 706 1717 μάκαρ,
738 1647 1020 1720 κέκμηκα,
1044 1653 1304 1719 πανίλαος
1331 1655 1454 1709 ἐλθὲ
1478 1659 1755 1715 καλεῦντι.

374 1753 483 1825 μζν.
516 1758 620 1824 Εἰς
653 1759 762 1814 τὸν
788 1760 962 1832 ἅγιον
992 1765 1295 1837 Θεόδωρον
1330 1769 1437 1825 τὸν
1480 1773 1737 1843 Τύρωνα.

274 1864 373 1919 Ἐκ
406 1868 605 1937 φλογὸς
627 1873 709 1935 εἰς
733 1873 850 1942 φῶς
874 1874 1136 1947 ἔδραμες,
1169 1881 1236 1935 ὲκ
1260 1880 1427 1954 λιμοῦ
1458 1888 1584 1940 ποτὶ
1615 1890 1842 1960 νέκταρ,

347 1958 440 2024 Ἐξ
470 1962 694 2032 εἱρκτῆς
730 1964 1009 2038 θαλάμους
1044 1970 1280 2044 ἔδραμες
1305 1975 1615 2047 οὐρανίους,

274 2046 371 2101 Ἐκ
399 2050 651 2120 βασάνων
679 2057 896 2126 πικρῶν
935 2061 1057 2114 πότ’
1087 2063 1255 2118 άεθλα
1284 2046 1381 2121 και
1404 2067 1608 2138 ἄφθιτα
1650 2070 1843 2142 κάλλη.

262 2140 533 2239 Koipavov
548 2144 922 2216 έκπρολιπὼν,
944 2152 1121 2222 μέγαν
1144 2150 1285 2221 εἶδες
1306 2159 1515 2214 ἄνακτα
1538 2160 1603 2234 [Χ
1613 2140 1846 2239 ριστόν.]

258 2224 379 2286 Ὧδ’
405 2233 506 2304 ἐμὲ
535 2237 630 2289 καὶ
658 2239 928 2309 καμάτων
963 2244 1061 2299 καὶ
1085 2245 1372 2317 ἀργαλέων
1400 2224 1739 2323 μελεδωνῶν,

268 2322 360 2387 Ὠς
391 2326 624 2397 καμίνου
658 2330 754 2384 καὶ
778 2333 1005 2405 εἱρκτῆς
1030 2337 1127 2391 καὶ
1154 2338 1407 2408 βασάνων
1447 2341 1607 2413 λιμοῦ
1640 2362 1702 2398 τε

258 2412 371 2466 Καὶ
394 2415 595 2487 Φαραὼ
623 2422 987 2493 κακομήτιδος
1023 2426 1361 2499 ἐξερύσειας,
1397 2412 1630 2504 μάρτυς,

252 2506 541 2597 Δύσμορον
560 2510 665 2583 ὀψέ
696 2531 803 2589 περ
836 2516 897 2581 ὃς
924 2520 1018 2574 καὶ
1043 2521 1102 2575 ὲν
1138 2523 1279 2595 ὡμῷ
1307 2526 1478 2597 γήραϊ
1509 2526 1697 2597 θῆκεν.

253 2595 362 2654 Οἷα
389 2601 582 2657 παθὼν
614 2605 767 2672 ίδίοις
794 2609 1023 2679 ἀγαθοῖς
1057 2595 1440 2688 ἐπιμέμφεται
1466 2595 1647 2677 οἶσθα.

252 2713 369 2785 μηό
387 2719 493 2784 εἷς
514 2717 633 2788 τὴν
653 2720 899 2790 εὕρεσιν
921 2722 1029 2795 τῆς
1056 2728 1328 2801 κεφαλῆς
1345 2733 1451 2789 τοῦ
1472 2737 1839 2809 Προδρόμου.

260 2823 354 2887 Ὠς
375 2827 509 2896 πρὶν
534 2827 828 2896 θανοῦσαν,
857 2833 1043 2908 λύχνε,
1073 2836 1170 2892 νῦν
1200 2844 1603 2917 κεκρυμμένην

249 2916 447 2991 nam
478 2918 740 2993 ἐλέγχων,
775 2924 920 2982 οὕτω
957 2929 1194 3001 Χριστὸς
1224 2932 1522 3004 θαυμάτων

244 3074 570 3144 inimicam;
637 3081 871 3139 suadeas
954 3084 1221 3143 latronem
1338 3090 1586 3159 vafrum,

243 3178 341 3219 sos
398 3166 570 3235 cives,
612 3170 869 3228 virtutem
918 3175 1190 3243 udientes,
1242 3178 1508 3257 laborem,
1553 3185 1825 3243 homines.

243 3256 323 3310 lta
354 3272 441 3312 me
461 3259 580 3329 agis
606 3275 732 3315 cum
774 3273 951 3320 matre
1017 3269 1229 3338 potenti
1274 3272 1340 3326 ad
1370 3275 1573 3342 probos
1603 3289 1826 3345 sensus,

241 3366 354 3421 qua
381 3353 517 3409 velis
542 3364 597 3409 et
619 3364 677 3410 ut
708 3356 865 3427 velis,
896 3369 950 3415 et
989 3362 1137 3433 quod
1155 3373 1209 3418 et
1238 3377 1503 3435 quantum
1528 3368 1685 3424 velis.

454 3488 546 3545 45.
582 3488 650 3545 In
681 3508 835 3547 suum
864 3496 1176 3566 magistrum
1215 3498 1587 3570 Nicephorum.

314 3603 434 3662 Duo
464 3609 834 3676 occultantur,
857 3610 1206 3685 Nicephore;
1237 3624 1318 3685 tu,
1350 3619 1589 3689 sepulcri
1615 3620 1823 3691 lapide;

236 3700 593 3769 superstites,
627 3702 951 3774 ignorantiae
984 3706 1185 3778 lapide.

716 3817 809 3874 46.
849 3818 1039 3876 Sancti
1069 3822 1352 3879 Theodori.

307 3927 752 3998 Contemptibilis
804 3944 1000 3987 manus
1034 3947 1232 3988 nervos
1279 3934 1550 4001 resecnit,
1595 3936 1824 4004 juvenes

230 4034 370 4075 vero
402 4036 487 4076 me
518 4021 574 4075 in
606 4021 786 4078 stadio
836 4024 904 4078 ad
941 4025 1125 4094 praelia
1168 4035 1388 4093 vocant,
1444 4036 1499 4081 et
1550 4037 1659 4083 stat
1693 4031 1819 4084 uni-
1858 4067 1862 4071 ε

228 4127 431 4168 versus
463 4113 690 4167 omnino
716 4116 955 4184 populus
994 4116 1241 4171 convicia
1273 4132 1488 4185 amans,
1520 4118 1573 4172 in
1607 4135 1694 4173 me
1718 4121 1826 4176 lin-

227 4220 373 4275 guas
412 4206 641 4262 acerbas
683 4206 995 4275 intendunt,
1030 4220 1086 4262 et
1132 4209 1280 4265 mille
1309 4210 1567 4282 obliquos
1594 4212 1823 4281 oculos;

228 4298 355 4358 sed,
388 4312 423 4351 ο
452 4298 625 4353 robur
655 4314 861 4367 meum,
901 4300 1176 4372 propitius
1208 4301 1308 4369 sis,
1339 4312 1568 4374 martyr,
1607 4312 1663 4359 et
1690 4304 1823 4360 dex-

228 4398 350 4443 tera
378 4404 541 4443 manu
571 4400 755 4461 tange,
789 4392 856 4445 ad
894 4391 1120 4462 praemia
1148 4392 1416 4463 dirigens,
1447 4403 1503 4450 et
1534 4394 1820 4453 doloribus

226 4481 398 4536 linem
426 4479 739 4552 imponens.
765 4482 909 4550 Scis,
939 4498 973 4540 ο
993 4484 1173 4552 beate,
1205 4485 1475 4555 laboravi,
1501 4487 1818 4546 misericors
1845 4502 1897 4566 υ

226 4574 352 4631 veni
393 4576 463 4631 ad
496 4585 807 4633 vocantem.

426 4690 517 4747 47.
555 4687 621 4745 In
656 4700 903 4747 sanctum
941 4691 1269 4748 Theodorum
1303 4693 1582 4766 Tyronem.

304 4803 385 4857 Ex
419 4803 544 4877 igne
578 4804 632 4860 in
677 4806 856 4863 lucem
890 4806 1180 4872 transiisti,
1215 4824 1245 4863 e
1273 4808 1419 4865 fame
1446 4810 1513 4865 ad
1547 4821 1754 4879 nectar,
1783 4829 1814 4870 e

222 4912 446 4952 carcere
473 4897 541 4952 ad
570 4900 825 4955 ctelestes
853 4901 1123 4957 transiisti
1157 4902 1427 4959 thalamos
1452 4918 1468 4970 ;
1502 4919 1568 4960 ex
1598 4906 1809 4962 acerbis

222 4990 511 5060 suppliciis
539 4994 605 5045 ad
641 4993 866 5060 praemia
898 5002 955 5048 et
983 4994 1456 5066 incorruptibilem
1493 4995 1808 5066 pulchritu-

219 5083 427 5138 dinem.
473 5082 676 5155 Regem
738 5084 1023 5152 deserens,
1077 5103 1339 5158 magnum
1386 5088 1540 5146 vides
1584 5090 1804 5156 ducem,

219 5176 579 5249 (Christum).
619 5178 694 5233 Ita
742 5194 829 5233 me
876 5195 1099 5250 quoque
1146 5180 1424 5237 laboribus
1462 5192 1517 5238 et
1558 5183 1806 5240 molestis

219 5268 393 5330 curis.
428 5280 487 5325 ut
516 5270 758 5337 fornace,
788 5280 843 5327 et
868 5287 1109 5337 carcere,
1135 5283 1190 5329 et
1221 5273 1528 5343 suppliciis,
1556 5284 1610 5331 et
1634 5276 1799 5343 fame,

216 5372 271 5417 et
300 5363 605 5421 Pharaonis
633 5366 870 5432 astutiis,
894 5371 1123 5433 eximas,
1153 5378 1380 5441 martyr,
1412 5368 1505 5439 qui
1538 5371 1798 5425 miserum

219 5457 301 5511 vel
331 5474 532 5528 a-gram
581 5461 649 5515 ad
698 5471 1034 5517 senectutem
1088 5462 1284 5519 ell‘ecit.
1339 5462 1533 5531 Qualia
1585 5465 1797 5534 patiens

218 5551 457 5620 propriis
486 5552 647 5610 bonis
673 5557 944 5625 queritur,
976 5566 1030 5612 tu
1062 5558 1193 5613 scis.

1677 3095 1830 3152 odio-
1856 3117 1901 3178 α

2278 638 2386 710 μθν.
2420 641 2527 709 Εἰς
2558 641 2674 710 τὴν
2706 647 2906 715 τιμίαν
2937 648 3238 717 κεφαιήν.

1970 749 2042 803 Σὺ
2061 749 2172 803 τῶν
2199 751 2387 806 παθῶν
2424 754 2690 828 μάχαιρα,
2733 758 3028 829 θαυμάτων
3058 762 3272 834 βρύσις,

1966 839 2156 911 Φωνὴν
2183 836 2426 914 ἀφῆκας,
2462 847 2555 898 καὶ
2595 847 2915 921 κεκομμένη
2939 849 3101 903 πάλιν

1966 932 2082 986 Νῦν
2112 934 2406 1006 θαυμάτων
2435 938 2584 1008 ῥοῦν,
2614 939 2709 993 καὶ
2735 942 3097 1014 κεκρυμμένη
3129 945 3296 1017 κάρα,

1971 1024 2180 1091 Ὄντως
2211 1028 2276 1082 σὺ
2304 1029 2491 1100 φωνῆς
2515 1030 2731 1099 γλῶττα
2770 1032 2865 1085 καὶ
2896 1036 3101 1104 φέγγος
3126 1035 3342 1107 λύχνου.

2721 1128 2786 1177 ν’.

1963 1208 2161 1274 Λαλεῖς
2184 1211 2362 1267 θανὼν
2383 1215 2470 1279 σὺ,
2496 1215 2592 1270 καὶ
2619 1218 2845 1289 κρυσεὶς
2882 1221 3070 1294 φαίνῃ,
3098 1221 3307 1295 μάκαρ.

1962 1301 2036 1354 Σὺ
2066 1304 2183 1371 φῶς
2220 1304 2390 1370 ὅντως
2423 1308 2520 1360 καὶ
2549 1309 2709 1379 λόγου
2741 1312 2894 1384 φωνὴ
2920 1312 3133 1385 λύχνος.

1961 1412 2062 1470 να’.
2075 1417 2121 1468 Ε
2126 1417 2179 1484 ις
2196 1420 2304 1471 τὸν
2320 1422 2580 1485 Χριστὸν
2594 1423 2983 1481 ὑπνώττοντα
2999 1429 3098 1483 ἐπὶ
3122 1431 3228 1486 τοῦ
3242 1432 3541 1503 σκάφους.

1963 1523 2029 1582 Εἴ
2061 1527 2215 1595 Θεὸς,
2240 1524 2295 1583 εἶ
2315 1528 2527 1601 βροτὸς,
2556 1533 2769 1600 ύπνοῖς,
2805 1536 2942 1591 ἀλλά
2992 1542 3084 1593 καὶ
3109 1540 3341 1607 εὖνασας
3378 1543 3541 1616 οἶδμα

1970 1618 2216 1685 Ὕπνοϊς,
2245 1619 2460 1692 ἔγρετο,
2478 1624 2697 1695 έγρετο,
2720 1626 2815 1680 καὶ
2843 1627 3004 1683 σάλον
3031 1629 3227 1687 εὔνασε
3250 1636 3466 1692 πόντου.

2489 1735 2588 1807 νβ’.
2620 1736 2668 1792 Ε
2672 1740 2726 1804 ις
2766 1735 3007 1795 ἑαυτόν.

1955 1843 2028 1915 Γῆ
2059 1845 2153 1899 καὶ
2185 1843 2433 1901 θάλασσα
2459 1848 2554 1903 καὶ
2578 1849 2741 1914 πόλος
2764 1850 2852 1914 σὺ,
2880 1852 3083 1922 Χριστέ
3111 1871 3237 1921 μου,

1879 1946 1921 2004 Β
1950 1936 2062 1990 Καὶ
2092 1937 2200 2007 γῆν
2229 1938 2389 1993 πατῶ
2420 1942 2534 2004 σοῖς
2555 1941 2787 2012 νεύμασι
2808 1943 3157 2016 καθημέραν,

1954 2029 2065 2082 Καὶ
2092 2029 2193 2102 τὴν
2215 2030 2492 2086 θάλασσαν
2520 2036 2586 2105 σῇ
2621 2034 2953 2108 κυϐερνήσει
2981 2039 3152 2100 πλέω,

1950 2117 2025 2170 Τὸ
2050 2117 2144 2171 τοῦ
2168 2120 2287 2183 νοὸς
2309 2120 2370 2175 δὲ
2399 2121 2594 2193 λαῖφος
2621 2122 2759 2179 ἱστῶ
2788 2125 2929 2197 πρὸς
2957 2126 3118 2180 πόλον
3142 2142 3158 2157 ·

1959 2208 2105 2279 Ὀρῶ
2132 2209 2189 2264 δὲ
2221 2210 2314 2267 τὸν
2343 2212 2511 2269 πλοῦν
2537 2216 2869 2286 πνευμάτων
2899 2218 3158 2273 ἐναντίων

1950 2300 2217 2370 Γέμοντα,
2244 2306 2341 2358 καὶ
2377 2305 2595 2361 δέδοικα
2616 2309 2717 2372 τὰς
2746 2312 3090 2380 καταιγίδας.

1948 2394 2059 2447 Καὶ
2083 2394 2191 2448 τῶν
2214 2398 2408 2468 παρῶν
2446 2401 2490 2432 ’ί
2526 2400 2776 2473 πέφρικα
2811 2405 2909 2470 τὰς
2930 2410 3251 2480 τρικυμίας,

1953 2486 2061 2539 Καὶ
2091 2488 2201 2541 τῶν
2227 2488 2505 2563 λογισμῶν
2532 2494 2595 2547 τὸ
2623 2495 2917 2550 κλυδώνιον
2938 2501 3149 2571 τρέμω.

1950 2576 2076 2641 Πῶς
2109 2574 2201 2632 οῦν
2233 2583 2459 2653 περάσω
2489 2585 2584 2638 καὶ⁵
2616 2586 2769 2657 τέμω
2799 2588 2890 2643 τὸν
2919 2591 3079 2662 ἀέρα,

1946 2668 2054 2722 Καὶ
2085 2670 2186 2735 τάς
2210 2675 2479 2739 τοσαύτας
2506 2678 2792 2743 ἐνστάσεις
2812 2681 3087 2754 διαδράσω
3114 2704 3129 2752 ;

1945 2761 2054 2813 Kal.
2083 2764 2156 2833 μὴ
2184 2765 2439 2821 τοσοῦτον
2464 2772 2759 2843 ναυαγήσω
2790 2774 2884 2828 καὶ
2912 2776 3067 2829 πέσω

1944 2854 2039 2917 Εἰς
2067 2854 2295 2927 ἔσχατον
2322 2858 2428 2930 γῆς
2458 2862 2538 2925 είς
2572 2863 2779 2933 μυχοὺς
2803 2865 2898 2919 τοῦ
2928 2869 3204 2942 ταρτάρου
3226 2914 3242 2939 ,

1942 2943 2009 2998 Εἰ
2036 2962 2129 3016 μοι
2155 2946 2334 3015 γένοιο
2370 2952 2560 3022 χερσὶν
2594 2954 2988 3028 οἰακοστρόφος
3011 2974 3029 2993 ο

2024 3104 2031 3111 ’
2108 3102 2198 3157 48.
2236 3103 2301 3157 In
2330 3104 2681 3161 inventionem
2713 3108 2905 3172 capitis
2940 3109 3321 3170 Prccursoris.

2007 3213 2075 3268 Ut
2119 3214 2273 3285 prius
2310 3226 2610 3287 mortuum,
2654 3221 2901 3289 lucerna,
2938 3240 3086 3281 nunc
3135 3228 3521 3289 absconditum

1929 3303 2180 3360 revelans
2202 3303 2409 3362 fontem
2430 3309 2832 3382 prodigiorum,
2863 3314 2937 3369 ita
2968 3314 3225 3376 Christus
3249 3328 3400 3377 tuum
3425 3340 3518 3379 ca-

1928 3402 2026 3462 put
2053 3394 2308 3465 prasstitit
2344 3412 2375 3453 a
2404 3402 2695 3459 meretrice
2727 3418 2963 3460 caesum.

2380 3511 2472 3583 49,
2507 3512 2573 3567 In
2603 3517 2865 3587 egregium
2890 3528 3069 3588 caput.

1998 3596 2079 3653 Tn
2110 3601 2429 3671 passionum
2453 3606 2689 3675 gladius,
2716 3610 3090 3680 prodigiorum
3120 3613 3282 3683 latex,
3329 3631 3515 3672 vocem

1926 3692 2258 3762 amisisti,et
2304 3700 2502 3755 iterum
2551 3702 2831 3759 abscissus
2876 3706 3248 3776 prodigiorum
3301 3708 3517 3775 l‘ons,et

1926 3784 2307 3844 absconditum
2348 3801 2435 3848 est
2495 3802 2697 3866 caput;
2734 3812 2862 3853 vere
2904 3807 2960 3854 tu
3005 3800 3158 3857 vocis
3210 3802 3434 3874 lingua,
3461 3811 3517 3858 ct

1928 3874 2164 3934 lucerna:
2194 3879 2396 3952 fulgor.

2671 3978 2764 4036 50.

1996 4055 2265 4129 Loqueris
2297 4072 2572 4131 mortuus,
2597 4078 2652 4123 et
2677 4070 3036 4128 absconditus
3064 4074 3227 4139 nites,
3255 4088 3290 4128 ο
3321 4073 3511 4142 beate;

1923 4156 1982 4202 tu
2016 4147 2201 4207 lumen
2234 4168 2364 4210 vere
2393 4164 2450 4212 et
2479 4159 2631 4214 verbi
2667 4177 2794 4227 vox,
2826 4163 3066 4220 lucerna.

2063 4262 2154 4319 5i.
2195 4263 2263 4320 In
2295 4264 2567 4325 Christum
2600 4272 2973 4329 dormitantem
3000 4276 3054 4330 in
3084 4280 3352 4337 navicula.

1992 4353 2066 4411 Es
2098 4355 2265 4425 Deus,
2312 4374 2373 4416 es
2406 4362 2593 4431 homo,
2634 4366 2863 4434 dormis,
2902 4369 2996 4423 sed
3041 4368 3267 4426 ﬂuctum
3308 4375 3509 4432 sedans

1921 4443 2172 4518 dormis;
2234 4453 2520 4528 excitam;
2542 4455 2801 4527 excitare,
2857 4471 2912 4514 et
2979 4462 3273 4518 tumultum
3335 4469 3507 4525 maris

1920 4538 2075 4596 seda.

2466 4640 2555 4696 52.
2592 4641 2657 4697 In
2682 4660 2737 4698 se
2766 4645 2959 4714 ipsum.

1989 4723 2158 4782 Terra
2191 4738 2245 4784 et
2268 4746 2420 4789 mare
2446 4744 2502 4789 et
2530 4738 2756 4805 caelum,
2787 4747 2864 4803 tu,
2898 4737 3137 4804 Christe,
3173 4739 3329 4794 mihi.
3369 4739 3505 4797 Ter-

1916 4833 2034 4874 ram
2088 4823 2240 4878 calco
2286 4825 2397 4881 tnis
2428 4831 2715 4900 praeceptis
2756 4832 3025 4901 quotidie,
3079 4847 3233 4886 mare
3271 4843 3360 4887 tua
3398 4851 3501 4904 gu-

1917 4910 2237 4970 bernatione
2284 4917 2503 4987 navigo,
2559 4923 2757 4976 mentis
2786 4932 2969 4977 autem
3016 4922 3132 4977 vela
3180 4925 3245 4977 ad
3295 4925 3495 4980 caelum

1916 5004 2110 5074 dirigo.
2146 5006 2325 5063 Cerno
2371 5021 2552 5066 autem
2586 5015 2990 5084 navigationem
3026 5018 3202 5071 ventis
3249 5018 3496 5075 adversis

1916 5098 2151 5166 plenam,
2177 5110 2232 5156 et
2262 5112 2446 5157 metuo
2467 5113 2837 5175 tempestates.
2866 5118 2918 5163 et
2947 5110 3263 5178 passionmn
3296 5109 3495 5165 horreo

1913 5191 2195 5257 llnctus,et
2214 5193 2605 5264 cogitationum
2630 5198 2954 5269 agitationes
2981 5201 3166 5255 timeo.
3203 5200 3493 5267 Quomodo

1911 5298 2042 5353 ergo
2073 5286 2425 5354 pertransibo
2468 5297 2523 5342 et
2560 5304 2745 5345 aerem
2783 5293 3036 5355 sulcaho.
3067 5303 3115 5348 et
3150 5304 3331 5347 tantas
3353 5294 3493 5348 dim-

1909 5376 2141 5434 cultates
2185 5379 2458 5435 evadant?
2503 5392 2557 5437 et
2585 5386 2862 5453 quomodo
2906 5401 3016 5442 non
3070 5386 3408 5456 naufragabo
3438 5396 3491 5440 et

1911 5484 2016 5523 non
2061 5470 2256 5526 cadam
2301 5472 2357 5527 in
2414 5472 2672 5530 inferiora
2718 5484 2880 5533 terrae
2934 5488 2988 5534 et
3022 5481 3073 5534 in
3119 5480 3348 5551 ::byssos
3379 5487 3485 5531 tar-

1908 5562 2011 5617 lari
2035 5563 2058 5616 ?
2088 5563 2287 5621 simihi
2309 5565 2460 5623 adsis
2480 5568 2909 5639 gubernaculum
2938 5574 3191 5628 manibus
3220 5573 3485 5642 dirige-ns,

288 5671 367 5744 (Ι)
401 5672 565 5771 ξοςιο
604 5675 690 5731 hic
717 5675 1061 5771 EiCeplLorus
1102 5681 1190 5737 ille
1229 5690 1311 5739 est
1340 5683 1433 5754 qui
1460 5682 1682 5755 scripsit
1752 5682 1927 5743 Vitam
1973 5687 2191 5747 Antonii
2255 5688 2494 5762 Cauleae,
2535 5693 2857 5765 patriarcha:
2890 5696 2995 5753 ΟΡ.
3056 5699 3117 5771 (τι
3138 5700 3289 5771 901),
3320 5712 3485 5770 quam

213 5757 378 5814 supra
408 5744 677 5803 dedimus.
715 5744 872 5804 linit.
903 5748 1074 5806 ΡΑτιι.

289 5865 331 5897 "
364 5862 477 5921 Sic.
554 5866 599 5901 “‘
627 5865 760 5925 Cod.
798 5870 1062 5937 γλύσσας.
1141 5872 1183 5907 ἠ
1219 5872 1346 5947 Leg.
1383 5874 1593 5932 παθῶν.
