4044 6560
477 405 588 469 935

486 518 687 581 Κλύζω
710 514 763 567 δὲ
793 515 892 579 τήν
923 511 1047 580 γῆν,
1073 509 1209 563 ἀλλὰ
1239 507 1334 561 νῦν
1367 506 1554 578 βάπτω
1586 506 1782 576 κάραν,

479 611 586 662 Καὶ
618 605 939 676 συμϐυθίζω
967 602 1062 656 τοῦ
1096 600 1390 672 δράκοντος
1415 600 1514 670 τὴν
1544 600 1750 667 κάραν·

479 692 657 752 Κλίνω
680 697 737 750 δὲ
759 695 932 766 δούλῳ
967 695 1234 764 δεσπότης
1263 694 1353 746 τὸν
1384 692 1606 762 αὐχένα,

478 792 584 846 Καὶ
608 790 835 858 πλάσμα
870 787 1074 855 τού-μὸν
1111 786 1363 856 ὲξανυψῶ
1381 785 1523 857 πρὸς
1560 781 1744 836 πόλον.

532 879 629 944 ξεῖ.
673 876 903 947 Ἦρῷον
935 881 1020 945 είς
1041 879 1151 932 τὸν
1193 877 1528 946 μιὶγιστρον
1558 872 1859 940 Θεόδωρον
1889 871 1993 924 τὸν

1083 949 1454 1003 Δεκαπότην.

477 1043 752 1113 Παρθένον
778 1041 1108 1112 αίγλήεσσαν
1135 1041 1246 1093 ἀπὸ
1279 1038 1468 1109 χθονὸς
1505 1036 1696 1108 αἰθέρα
1729 1035 1923 1105 βᾶσαν,

478 1135 586 1186 Ἠν
609 1151 665 1187 τε
695 1132 853 1201 δίκην
883 1131 1170 1185 καλέουσιν
1199 1131 1295 1183 ἀπ’
1329 1129 1587 1198 αἰθερίων
1620 1126 1782 1180 πάλιν
1807 1124 1954 1194 ἠθῶν

491 1225 755 1293 Ἰθυδίκης
786 1223 1060 1292 Θεόδωρος
1083 1222 1174 1273 ἐπὶ
1206 1221 1369 1290 χθόνα
1391 1219 1644 1288 δεύτερον
1675 1213 1830 1280 αὖθις

482 1318 751 1383 ’Ἢγαγεν,
783 1311 1120 1380 ίδμοσύναισι
1151 1312 1332 1380 νόμων
1361 1311 1457 1364 καὶ
1490 1312 1647 1380 ἢθεσι
1682 1311 1956 1381 χρηστοῖς.

477 1406 570 1476 Τῷ
605 1407 659 1459 δὲ
691 1404 1040 1474 παρεζομένη
1073 1403 1250 1454 λαοῖσι
1288 1403 1476 1466 δίκαζε
1507 1400 1738 1470 τάληθῆ,

491 1497 585 1558 Ὧς
612 1496 799 1565 νύμφη
826 1494 1100 1555 ἀλίαστος,
1128 1494 1392 1564 παρθένος
1416 1489 1648 1560 άψθορος
1677 1487 1784 1544 οἷα.

489 1589 630 1642 Ἀλλ’
665 1588 753 1640 ὅτε
792 1587 936 1657 μοῖρ’
971 1585 1097 1655 ὀλοὴ
1119 1583 1216 1638 καὶ
1238 1586 1388 1637 τόνδε
1424 1585 1583 1653 φίλης
1622 1584 1816 1642 αἰῶνος

492 1681 808 1748 Ἑκτέμνειν
829 1679 1124 1748 ·ή6ούλετο,
1152 1678 1269 1730 λῖνα
1299 1678 1354 1730 δὲ
1385 1677 1560 1730 πάντα
1587 1676 1860 1728 λελοίπει·

481 1775 605 1826 Οὐδ’
635 1772 808 1834 οὓτως
845 1771 1152 1824 ἀπάνευθεν
1174 1771 1458 1840 ἠϐούλετο,
1490 1769 1603 1823 ἁλλ’
1637 1771 1718 1822 cvi.
1746 1766 1938 1836 τύμϐῳ

480 1862 633 1933 Τῴδε
666 1862 1010 1932 παρεζομένη
1045 1860 1351 1931 μινύρεται,
1394 1856 1458 1913 Et!
1494 1859 1636 1928 μέγα
1679 1857 1880 1926 θαῦμα,

485 1956 758 2025 ’Λθρησον
791 1955 884 2006 καὶ
913 1954 1147 2021 ἀστέρας
1178 1952 1416 2005 εἰδώλοιο
1447 1952 1706 2019 γυναικὸς

477 2047 685 2112 Φέγγος
721 2045 1162 2113 ἀμαυροτέρους,
1199 2047 1292 2095 καὶ
1325 2045 1380 2106 ἐς
1406 2043 1567 2094 πόλον
1598 2039 1746 2095 ἵκετο
1773 2038 1990 2100 πένθος.

495 2136 674 2197 Ἀλλὰ,
698 2137 874 2203 νόστοι,
913 2137 1128 2203 γοάοιτε
1153 2135 1255 2188 δίχ’
1289 2134 1595 2188 ἀπάνευθεν
1628 2133 1830 2196 ἐόντες,

481 2228 576 2291 Τίς
612 2227 666 2280 δὲ
695 2229 851 2296 δίκης
889 2227 1223 2297 παράκοιτιν
1255 2226 1389 2297 ὖμοῦ
1420 2227 1663 2296 καθαρόν
1717 2243 1774 2278 τε
1806 2222 2026 2294 φυλάξοι
2046 2238 2067 2287 ·;

734 2338 836 2410 gr".
871 2341 974 2405 Εῐς
1010 2340 1151 2406 τοὺς
1173 2341 1382 2408 ἁγίους
1407 2342 1815 2406 ἀποστόλους.

483 2427 585 2485 Ὧν
612 2434 704 2486 καὶ
727 2434 852 2486 καθ’
879 2429 960 2495 εἷς
990 2433 1194 2485 ἔσωσεν
1224 2433 1528 2502 ἀνθρώπων
1555 2433 1729 2496 ἔθνος,

485 2522 600 2574 Νῦν
635 2524 837 2584 πάντες
857 2521 918 2574 οὐ
964 2520 1198 2574 σώσουσι
1224 2521 1441 2592 Μιχαὴλ
1476 2522 1655 2591 μόνον.

555 2613 654 2680 ξοθ.
682 2615 783 2679 ΕΙς
820 2613 906 2678 τὸ,
941 2629 960 2663 ι
1006 2615 1428 2681 Διεμερίσαντο
1472 2613 1541 2667 τὰ
1577 2612 1776 2683 ἱμάτιά
1796 2631 1935 2683 μου.
1971 2631 1989 2663 ι

489 2727 665 2797 [ινοὴν
695 2726 922 2796 μερίζω,
955 2725 1149 2795 χόρτον
1181 2726 1348 2795 ἀγρὸν
1378 2727 1568 2788 ὲνδύω,

490 2820 597 2872 Καὶ
625 2819 718 2870 νῦν
751 2817 1013 2888 μεριστῆς
1045 2816 1154 2870 τῶν
1186 2818 1335 2885 ὲμιὼν
1370 2819 1685 2889 ἐνδυμάτων

499 2910 640 2980 Ἰείμὴ
673 2911 830 2980 μερὶς
858 2909 954 2962 καὶ
977 2909 1178 2980 κλῆρος
1199 2925 1214 2939 ’
1243 2909 1357 2962 ἀλλ’
1395 2911 1552 2978 ἄφες,
1595 2911 1797 2980 Πάτερ.

622 2999 683 3054 ο’.
727 3003 832 3067 Εἰς
860 2999 1157 3054 Θεοτόκον
1183 2999 1494 3068 φέρουσαν
1529 3000 1636 3054 τὸν
1663 3001 1941 3068 Χριστόν.

488 3115 680 3186 Φέρεις
711 3115 774 3168 τὸ
807 3114 914 3168 πᾶν
943 3113 1030 3176 σὺ,
1060 3110 1161 3165 κᾶν
1191 3110 1334 3186 φέρῃ
1369 3127 1428 3164 σε
1460 3111 1748 3179 παρθένος.

489 3307 682 3365 ι·ιιιιιιι;
716 3298 888 3365 tingo,
919 3307 973 3352 et
996 3312 1102 3351 una
1137 3310 1322 3367 mergo
1347 3294 1604 3350 draconis
1628 3304 1828 3364 caput;
1864 3291 2064 3346 inclino
2090 3300 2134 3362 ρ

479 3407 647 3446 servo
676 3389 887 3445 Domini
910 3391 1131 3454 collum.
1172 3399 1224 3444 et
1255 3398 1562 3444 creaturam
1617 3403 1790 3441 meam
1834 3386 2065 3441 sustollo

487 3487 555 3538 ad
593 3483 817 3539 uelum.

560 3599 657 3654 67.
737 3597 1196 3668 Epitaphiumit'n
1266 3597 1582 3666 magistrum
1659 3593 1985 3647 Theodorum

1101 3667 1433 3732 Decapotem.

563 3777 841 3850 Virginem
867 3778 1203 3847 splendidam
1234 3793 1264 3832 e
1296 3787 1439 3832 terra
1474 3777 1539 3831 ad
1598 3777 1795 3832 malum
1856 3790 2072 3846 regres-

495 3889 636 3938 sam,
667 3887 830 3942 quam
872 3869 1146 3926 Justitiam
1185 3878 1401 3936 vocant,
1427 3885 1457 3924 e
1483 3869 1799 3925 caelestibus
1850 3881 2070 3921 rursum

495 3963 722 4016 sedibus
755 3960 1105 4031 aequissimus
1136 3959 1459 4015 Theodorus
1493 3960 1546 4014 in
1588 3969 1787 4015 terram
1831 3958 2074 4013 secundo

496 4054 744 4117 adduxit,
817 4051 953 4120 juris
1000 4052 1287 4122 prudentia
1332 4061 1386 4106 et
1433 4052 1618 4122 probis
1675 4051 1940 4107 moribus.
1997 4051 2075 4105 Illi

495 4156 678 4198 autem
708 4140 956 4197 assidens
983 4141 1197 4210 populis
1257 4157 1380 4195 vera
1431 4141 1714 4211 judicabat
1763 4149 1823 4195 ιιι
1874 4155 2074 4210 sponsa

496 4232 698 4296 tidelis,
741 4241 800 4286 ut
833 4231 986 4300 virgo
1013 4231 1293 4286 inviolata.
1331 4232 1435 4286 Sed
1469 4233 1689 4302 quando
1720 4231 1892 4286 fatum
1928 4232 2081 4284 fuite—

497 4336 640 4378 stum
689 4323 854 4392 hujus
887 4325 1178 4393 pretiosam
1212 4325 1376 4378 vitam
1427 4339 1613 4380 secare
1656 4323 1846 4387 voluit,
1905 4332 1957 4376 et
1991 4322 2078 4375 illa

497 4415 680 4470 omnia
713 4416 881 4484 rupit,
934 4431 1042 4470 non
1085 4416 1158 4468 ita
1200 4418 1439 4470 amoveri
1480 4417 1651 4470 voluit
1675 4416 1786 4474 illa.
1817 4415 1910 4470 sed
1971 4429 2080 4468 uno

499 4508 752 4578 sepulcro
784 4506 860 4560 illi
888 4506 1138 4561 assidens
1172 4508 1360 4575 gemit,
1391 4522 1423 4560 ο
1447 4523 1702 4577 magnum
1737 4507 2078 4575 prodigium!

498 4599 816 4668 Contempla
843 4598 1026 4653 sidera
1055 4599 1299 4654 mulieris
1346 4599 1582 4668 imagine
1633 4599 1978 4661 obscuriora,
2027 4598 2078 4652 in

500 4691 699 4745 «(saltim
741 4703 960 4758 quoque
982 4688 1076 4741 ivit
1109 4689 1325 4753 luctus;
1395 4690 1512 4753 sed,
1548 4690 1737 4759 leges,.
1771 4690 1995 4758 plorate,
2050 4706 2078 4743 ιι

498 4781 710 4849 justitia
734 4781 930 4834 iterum
953 4781 1368 4850 exsules;quis
1409 4781 1555 4835 enim
1612 4781 1884 4851 justitiam
1949 4797 2082 4838 con-

500 4875 684 4944 jttgem
713 4873 876 4926 simul
906 4881 959 4927 et
992 4873 1308 4927 inviolatam
1332 4875 1614 4928 servabit?

890 4987 974 5041 38.
1009 4987 1075 5042 In
1091 4999 1300 5041 sanctos
1324 4988 1625 5050 Apostolos.

575 5081 817 5147 Quorum
851 5097 994 5136 unus
1023 5081 1232 5136 salvum
1272 5082 1492 5137 fecisset
1541 5081 1823 5136 hominum
1888 5098 2082 5152 genus.

506 5191 653 5228 nune
714 5189 909 5228 euntes
959 5189 1068 5227 non
1131 5173 1310 5229 solum
1374 5172 1694 5228 Illicbaelem
1743 5175 1952 5230 salvum
2001 5175 2082 5230 la—

504 5270 669 5322 cient.

649 5360 736 5413 69.
769 5358 986 5412 lttillud
1028 5379 1044 5412 ι
1075 5359 1375 5415 Diviserunt
1411 5361 1714 5414 vestimenta
1745 5377 1911 5415 mea.»

579 5469 842 5538 Spiritum
909 5471 1112 5537 divido,
1201 5472 1446 5542 gramine
1505 5486 1758 5540 campum
1815 5469 2084 5536 vcstio,ct

511 5575 655 5611 nime
707 5560 1161 5614 vestimentorum
1204 5575 1449 5614 meorum
1479 5559 1747 5615 divisores
1785 5567 1912 5614 sunt
1962 5574 2081 5615 mea

511 5651 688 5719 portio
714 5661 765 5704 et
794 5651 1115 5720 baereditas;
1151 5653 1246 5710 sed
1287 5653 1518 5721 dimitte,
1545 5650 1725 5709 Pater.

578 5825 625 5860 “
651 5827 780 5884 Cod.
825 5847 952 5898 μρσ.

1757 393 2076 460 J'OANNIS
2104 387 2542 455 'GEOMETRJE

2097 510 2140 564 Α
2173 501 2299 564 Υἱὸς
2324 500 2458 553 Θεοῦ
2491 500 2579 566 σὺ,
2604 499 2716 553 κᾶν
2749 497 2942 569 βροτοῦ
2979 497 3146 570 φαίνῃ
3177 495 3384 549 τέκον.

2173 589 2516 662 ’Δπανταχοῦ
2542 591 2631 656 σὺ,
2659 591 2762 644 κᾶν
2789 583 2890 646 ὧδε
2919 589 3136 660 βλέπεις
3166 588 3347 657 μόνον.

3633 381 3748 456 936,

2645 732 2748 781 oa'.
2780 728 2883 792 Είς
2919 724 3026 779 τὸν
3062 723 3260 789 Ἰωήλ.

2173 843 2482 910 Ἐξίστατιι
2510 841 2722 912 βλέπων
2744 858 2826 904 τις
2854 838 3208 909 ἐξεστηκότα,

2161 935 2372 1004 Θάμὸει
2399 934 2687 1004 προφήτην
2719 929 2948 1001 εἰσορῶν
2972 927 3267 1000 τεθηπότα.

2163 1027 2319 1080 (lii-ao
2343 1025 2403 1078 τὸ
2429 1025 2638 1094 θάμδος
2677 1025 2843 1094 μέχρι
2875 1023 2969 1076 καὶ
2991 1021 3099 1074 τῶν
3122 1019 3434 1090 χρωμάτων

2162 1115 2410 1167 Δείκνυσι
2431 1113 2594 1184 τέχνη
2625 1113 2725 1184 τὴν
2759 1111 2919 1182 φύσιν
2953 1109 3291 1181 μιμουμένη.

2595 1231 2694 1300 οβ’.
2727 1231 2830 1296 Εἰς
2863 1229 2970 1283 τὸν
2996 1226 3322 1281 Μαλεῖνοιν,

2167 1363 2380 1429 Ῥύσις,
2406 1364 2648 1435 Μιχαὴλ.
2697 1357 2798 1417 ὧδε
2832 1362 2899 1431 σὴ
2927 1361 3022 1416 καὶ
3055 1361 3145 1423 ab;
3180 1360 3293 1428 βίος

2168 1460 2326 1528 Ἔριν
2356 1458 2571 1511 δικαίαν
2597 1451 2756 1526 εὖρον
2775 1471 2790 1486 ·
2820 1451 3051 1522 ἄγγελον
3079 1452 3211 1522 βίος,

2177 1551 2240 1604 Ἢ
2267 1550 2313 1604 δ’
2344 1546 2412 1602 αῦ
2446 1550 2604 1618 ῥύσις
2633 1547 2826 1618 θνητόν
2852 1563 2909 1599 σε
2935 1546 3027 1599 καὶ
3059 1544 3246 1613 βροτὸν
3272 1543 3444 1600 λέγει.

2158 1642 2471 1713 Συνήγορον
2500 1639 2739 1692 λαϐοῦσα
2763 1638 2953 1691 τούτου
2977 1637 3067 1689 τὸν
3102 1637 3291 1703 τάφον.

2517 1780 2618 1842 ογν.
2642 1772 2743 1838 Εἰς
2775 1773 2879 1825 τὸν
2919 1770 3395 1840 Είιαγγελισμόν.

2095 1884 2134 1937 υ
2168 1889 2320 1966 Δοκῶ
2360 1907 2685 1982 βροτοῦσθαι
2715 1911 2808 1962 καὶ
2841 1909 3001 1963 πάλιν
3029 1909 3120 1961 τὸν
3157 1907 3436 1975 Δεσπότην

2164 2008 2386 2079 Χαίρων
2419 2008 2446 2060 ὁ
2494 2003 2786 2073 πεμφθεὶς,
2819 2003 2852 2071 ἠ
2881 2002 3034 2073 Κόρη
3063 2000 3439 2071 θαμὸουμένη.

2177 2099 2290 2151 Ὦσὶ
2319 2098 2379 2152 τὸ
2411 2096 2660 2168 Πνεῦμα,
2685 2095 2903 2166 Πατρός
2927 2097 2960 2164 ὴ
2996 2103 3117 2164 χεὶρ
3151 2093 3367 2159 ὑψόθεν,

2185 2194 2419 2246 Ἤκουσα
2451 2191 2670 2253 πάντως
2700 2189 2795 2242 καὶ
2826 2188 2908 2253 τὸ,
2943 2187 3193 2256 Χαίροις,
3226 2185 3461 2253 ἀγγέλου
3481 2199 3502 2219 ⁶

2171 2285 2234 2338 El
2268 2285 2344 2356 μὴ
2375 2284 2436 2336 τὸ
2462 2283 2699 2353 πρᾶγμα
2723 2280 2817 2333 καὶ
2849 2279 3013 2333 πάλιν
3043 2277 3228 2331 λαθεῖν
3255 2278 3383 2331 ἔδει.

2247 2377 2473 2445 Χαίροις
2497 2374 2567 2428 τὰ
2597 2373 2865 2444 μνῆστρα,
2904 2369 3076 2424 ταῦτα
3103 2371 3146 2423 δ’
3174 2370 3298 2423 ἕδνα
3326 2387 3429 2433 σοι,
3460 2369 3638 2439 Κόρη,

2175 2468 2358 2532 Χθὼν,
2393 2465 2644 2532 οὐρανὸς,
2677 2463 2944 2527 θάλασσα,
2982 2463 3247 2532 σύμπασα
3281 2463 3480 2524 κτίσις,

2179 2561 2389 2630 Βροτοὶ,
2425 2558 2566 2623 νόες,
2591 2558 2653 2610 τὸ
2689 2557 2906 2626 πρῶτον
2940 2555 2972 2626 ἦ
3008 2556 3226 2609 πάντων
3259 2554 3442 2618 πλέον,

2175 2651 2275 2714 Σδς
2308 2652 2463 2715 Παῖς,
2494 2648 2630 2702 Θεοῦ
2660 2649 2818 2711 Παῖς,
2847 2647 3150 2714 Δεσπότης,
3193 2646 3284 2709 σὸς
3317 2648 3573 2715 νυμφίος.

2260 2744 2318 2796 '0
2349 2741 2493 2806 Νοῦς
2517 2741 2600 2806 τὸ,
2626 2741 2817 2812 Χαῖρε,
2850 2741 2944 2794 καὶ
2979 2739 3150 2807 Λόγος
3181 2741 3276 2792 σὺν
3300 2738 3377 2807 τῷ
3403 2738 3547 2808 λόγῳ

2179 2837 2356 2906 ’Υπὲρ
2377 2835 2565 2904 λόγον,
2601 2834 2722 2905 σὴν,
2757 2836 2970 2904 Μῆτερ,
3003 2835 3141 2886 οἰκεῖ
3173 2833 3435 2901 γαστέρα.

2243 2929 2407 2998 Δέχου
2433 2928 2495 2980 τὸ
2525 2925 2636 2996 πῦρ
2665 2924 2932 2995 χαίρουσα
2966 2939 2980 2953 ο
3005 2923 3185 2993 χρυσᾶ
3213 2921 3404 2991 λυχνία

2170 3021 2364 3088 Φλέγει
2391 3017 2696 3089 Χερουϐὶμ,
2721 3017 2861 3086 πλήν
2892 3031 2950 3067 σε
2981 3014 3076 3068 καὶ
3107 3012 3319 3083 τέρψει,
3352 3013 3531 3084 Κόρη.

2239 3111 2296 3166 Ὀ
2324 3111 2530 3182 μητρὸς
2561 3110 2607 3142 ιι
2639 3108 2794 3174 ἐκτὸς
2830 3108 2929 3179 σὴν
2959 3109 3284 3180 προμήτορα
3315 3107 3547 3172 πλάσας.

2388 3293 2476 3348 70.
2517 3290 2577 3346 In
2605 3291 2888 3361 Deiparam
2935 3291 3207 3348 Christum
3238 3288 3506 3356 {errntenu

2243 3405 2374 3461 Fers
2410 3407 2662 3459 universa
2689 3415 2767 3470 ιιι,
2795 3406 2920 3459 licet
2947 3415 2997 3459 te
3044 3404 3198 3473 virgo
3250 3402 3385 3454 ferat
3415 3417 3428 3463 ;
3463 3401 3630 3452 Filius
3671 3398 3709 3449 Ι)
3743 3399 3762 3454 i

2174 3507 2252 3561 tu,
2287 3499 2409 3552 licet
2448 3499 2692 3552 mortalis
2720 3509 2881 3554 natus
2913 3497 3181 3561 videaris;
3209 3495 3409 3564 ubique
3427 3509 3484 3546 es
3520 3502 3599 3554 tu,
3635 3492 3762 3545 licet

2172 3593 2243 3648 ibi
2279 3602 2484 3646 tantum
2511 3591 2775 3645 cernaris.

2779 3683 2867 3737 7|.
2897 3679 2959 3734 In
2989 3679 3130 3735 laet.

2246 3774 2556 3830 lletrocedit
2577 3773 2669 3844 qui
2694 3773 2871 3828 cernit
2887 3772 3088 3826 exstasi
3116 3770 3425 3840 abreptum,
3443 3777 3618 3836 stupet
3637 3781 3765 3836 pto-

2176 3865 2394 3936 phetam
2422 3866 2513 3935 qui
2547 3865 2744 3935 aspicit
2788 3866 3060 3932 territum,
3094 3866 3174 3920 sic
3191 3873 3469 3933 stuporem
3495 3877 3669 3929 usum,-
3695 3859 3762 3912 ad

2177 3958 2387 4014 colores
2414 3959 2653 4013 ostendit
2680 3972 2774 4013 ars
2807 3968 3055 4012 naturam
3093 3957 3330 4012 imitata.

2714 4051 2803 4104 72.
2836 4047 2902 4105 In
2937 4050 3221 4106 Malinum.

2249 4143 2390 4210 Tua,
2419 4143 2681 4210 Michael,
2721 4144 2871 4200 salus
2904 4160 3164 4214 praesens,
3198 4153 3252 4198 et
3279 4143 3387 4197 vita
3417 4153 3508 4197 tua
3559 4143 3672 4211 just
3711 4156 3761 4193 m

2180 4237 2627 4307 disceptationem
2670 4237 2885 4303 attulit;
2916 4237 3165 4306 angelum
3205 4237 3336 4302 vita,
3393 4236 3544 4290 salus
3577 4248 3758 4287 autem

2184 4328 2467 4381 mortalem
2527 4337 2578 4382 te
2615 4337 2668 4381 et
2732 4326 3012 4382 hominem
3036 4327 3190 4393 dicit,
3232 4336 3428 4382 testem
3482 4327 3647 4396 hujus
3674 4340 3764 4377 se-

2185 4420 2439 4489 pulcrum
2467 4435 2713 4475 sumens.

2683 4530 2770 4586 75.
2819 4530 2883 4584 In
2911 4529 3274 4601 Evangelium.

2113 4650 2158 4704 ι)
2257 4642 2380 4696 Mibi
2421 4643 2637 4696 videtur
2676 4645 3051 4699 mortalislieri
3074 4645 3267 4699 iterum
3329 4643 3627 4707 Dominus;
3680 4659 3768 4696 sa-

2192 4736 2370 4790 lutans
2434 4735 2681 4797 nuntius.
2723 4737 2876 4806 virgo
2929 4737 3167 4798 turbata,
3212 4737 3435 4790 auribus
3487 4735 3762 4805 spiritum.

2195 4826 2369 4879 Patris
2397 4830 2675 4882 dexteram
2713 4828 2988 4890 altissimi,
3017 4828 3198 4881 audivi
3253 4827 3550 4881 admodum
3589 4834 3644 4879 et
3667 4825 3768 4878 Are

2191 4935 2218 4969 a
2266 4918 2407 4983 geli;
2443 4919 2487 4972 si
2527 4935 2635 4971 non
2671 4935 2784 4972 rem
2828 4919 3026 4972 iterum
3068 4927 3320 4988 oporteat
3353 4917 3547 4971 latere.

2265 5014 2395 5074 Ave,
2424 5011 2490 5065 de
2540 5012 2890 5081 sponsalibus
2911 5013 3111 5077 laetare,
3143 5011 3255 5066 haec
3283 5011 3374 5064 tibi
3402 5019 3553 5070 sunt.
3581 5007 3764 5078 Virgo.

2195 5118 2441 5165 muuera,
2477 5111 2644 5167 terra,
2681 5104 2903 5166 emtum,
2931 5119 3102 5169 mare,
3128 5104 3333 5158 creatio
3367 5103 3570 5162 omnis.
3623 5115 3766 5153 mor-

2195 5199 2350 5260 tales,
2377 5196 2604 5265 spiritus
2637 5197 2783 5266 quod
2833 5197 2981 5266 prius
3017 5207 3071 5252 et
3124 5196 3304 5266 majus
3351 5195 3606 5250 omnibus
3667 5203 3765 5259 est,

2193 5289 2340 5341 ﬁlius
2369 5300 2516 5350 tuus,
2553 5286 2648 5342 Dei
2675 5286 2867 5354 Filius,
2897 5288 3161 5344 Dominus
3189 5298 3317 5343 tuus
3348 5302 3603 5356 sponsus.

2264 5377 2522 5449 Spiritus,
2553 5393 2674 5443 are,
2712 5390 2766 5434 et
2787 5379 3023 5434 Verbum
3077 5396 3200 5435 cum
3243 5380 3408 5434 verbo
3426 5395 3589 5449 supra
3655 5395 3767 5432 ver-

2190 5473 2339 5535 bum,
2375 5479 2548 5534 tuum,
2583 5452 3022 5535 materfhabitat
3052 5481 3314 5526 ventrem.

2231 5562 2427 5631 Accipe
2460 5562 2635 5630 ignem
2674 5562 2983 5618 laetabunda
3015 5583 3026 5618 :
3062 5581 3257 5618 aureas
3284 5563 3447 5616 undas
3475 5563 3768 5616 incendunt

2193 5654 2512 5722 Cberubim,
2549 5665 2601 5710 et
2632 5664 2812 5712 tamen
2848 5668 2898 5712 te
2953 5657 3249 5720 tlclet'lttlll,
3278 5655 3463 5726 Virgo.
3503 5655 3606 5720 Qui
3659 5656 3768 5707 sine
