4044 6584
371 427 473 493 937

375 539 485 595 Νὖν
515 537 719 610 πατρδς
745 538 897 602 ἐκτὸς
929 537 1221 593 πλάττεταί
1249 556 1353 602 σοι,
1380 536 1645 610 Παρθένε.

445 632 692 701 Χαίροις,
717 630 775 683 τὸ
802 632 951 699 ῥῆμα
981 629 1078 683 καὶ
1108 630 1169 682 τὸ
1192 630 1423 700 πρᾶγμά
1452 645 1548 698 μοι
1578 628 1773 697 λέγων,

372 726 469 787 Σδς
498 726 654 788 Παῖς,
676 721 812 774 θεοῦ
846 723 1001 787 Παῖς,
1033 722 1329 791 Δεσπότης,
1364 721 1455 784 σὸς
1486 719 1737 791 νυμφίος.

441 816 689 887 Χαίροις,
713 818 741 867 ὁ
762 814 926 879 Νοῦς.
959 815 1187 884 ἔφησας,
1212 813 1257 866 ὦ
1283 813 1518 884 τερπνοῦ
1545 815 1721 883 Λόγου

376 911 652 979 ’Δρρητος
683 904 1036 977 ἡσάρκωσιςε
1072 903 1117 955 ὣ
1150 903 1341 957 καινοῦ
1369 904 1595 974 τρόπουί

369 998 589 1069 Γαστὴρ
611 996 869 1066 γυναικὸς
898 994 1129 1066 οὐρανοῦ
1164 997 1290 1067 νικᾷ
1322 996 1507 1061 κύτος.

366 1112 457 1166 ηδ’.
497 1114 595 1176 Εἰς
622 1111 736 1176 τὴν
772 1110 1063 1162 Θεοτόκον
1096 1108 1195 1162 καὶ
1230 1108 1371 1176 τοὺς
1392 1108 1690 1178 ἀγγέλους
1719 1110 1815 1161 καὶ
1846 1108 1953 1163 τὸν

436 1182 609 1249 ἄτιον
634 1181 879 1233 Παῦλον
908 1181 1004 1232 καὶ
1035 1178 1176 1245 τοὺς
1196 1180 1585 1247 ἀποστόλοος
1612 1178 1694 1246 τῷ
1718 1179 1951 1248 Χριστῷ

435 1254 897 1320 προσφέροντας
929 1252 1037 1305 τὸν
1067 1251 1521 1320 Χρτσόστομον.

366 1366 566 1427 Σκεῦος
590 1366 649 1417 τὸ
677 1362 915 1434 χρυσοῦν
944 1363 1175 1434 χρύσεον
1204 1361 1376 1434 δῶρον
1407 1363 1564 1433 φέρει

366 1456 477 1522 Σοὶ,
515 1455 737 1526 Χριστὲ,
767 1453 997 1519 Παῦλος,
1041 1452 1108 1521 σὴ
1133 1452 1189 1506 δὲ
1217 1451 1432 1523 λυχνία,
1466 1453 1664 1524 Λόγον,

364 1550 483 1611 Φῶς
519 1544 888 1615 αὐτολαμπὲς,
932 1544 1235 1616 πυρφλόγοι
1265 1544 1357 1597 τὸν
1396 1547 1698 1618 πυρπνόον.

365 1639 476 1712 Τὴν
503 1639 548 1693 δ’
587 1634 653 1692 αὖ
684 1638 928 1709 σαγήνην
958 1638 990 1709 ἡ
1022 1637 1269 1693 θάλασσα
1292 1637 1402 1691 τῶν
1438 1637 1613 1708 λόγων

362 1735 427 1787 Οἱ
454 1734 562 1786 πᾶν
593 1730 1027 1801 σαγηνεύσαντες
1054 1730 1112 1784 ὲν
1139 1729 1319 1796 λόγοις
1344 1729 1518 1794 ἔθνος.

430 1828 474 1879 Χ
484 1825 626 1895 ρυσῆ
660 1825 724 1879 σὺ
750 1822 923 1893 πηγὴ,
960 1821 1190 1893 χρύσεον
1214 1821 1370 1893 δέχου
1394 1824 1569 1894 στόμα

360 1919 438 1973 Δι’
464 1913 526 1973 οὗ
565 1918 631 1970 τά
670 1916 849 1987 χρυσᾶ
886 1913 1099 1985 ῥεῖθρα,
1128 1914 1351 1983 Χριστὲ,
1386 1916 1496 1968 σῶν
1522 1914 1698 1984 λόγων

361 2013 564 2083 Κύκλῳ
595 2011 824 2083 χεθέντα
856 2010 1039 2064 πᾶσαν
1079 2009 1297 2081 ἀρδεύει
1328 2010 1518 2081 χθόνα.

840 2132 935 2182 03'.
967 2128 1069 2195 Είς
1102 2124 1209 2181 τὸν
1250 2126 1456 2196 τάφον.

360 2222 527 2295 ᾍδης
556 2219 844 2293 νεκροῦται
880 2220 1074 2291 νεκρὸν
1110 2220 1368 2293 ἀρπάσας
1395 2220 1549 2275 κάτω

360 2316 427 2369 Σὲ
455 2315 546 2368 τὸν
576 2314 784 2386 νεκρῶν
808 2313 1111 2385 κρατοῦντα
1137 2314 1233 2367 καὶ
1262 2310 1506 2377 ζώντων,
1535 2310 1698 2382 Λόγε.

360 2411 469 2464 Καὶ
502 2409 584 2463 σοὶ
620 2410 1044 2475 συνεξέπνευσεν
1065 2406 1487 2471 ὲκπεπνευκότι,

362 2502 515 2572 Ζωῆς
546 2501 769 2573 χορηγὶ,
804 2502 898 2556 καὶ
930 2501 1099 2572 πνοῆς
1125 2499 1491 2572 αὐτοκράτορ.

432 2594 504 2646 Τὸ
530 2592 770 2663 πνεῦμα,
798 2592 888 2647 τὸν
918 2592 1067 2659 νοῦν,
1090 2592 1191 2662 τὴν
1226 2590 1562 2663 πυρίστομον
1598 2589 1776 2661 φλόγα

362 2686 487 2748 Πῶς
514 2686 694 2757 σῶμα,
727 2685 846 2751 πῶς
876 2683 1030 2758 χοῦς,
1074 2683 1194 2752 πῶς
1232 2684 1297 2737 σὺ
1327 2682 1520 2756 χόρτος
1556 2681 1635 2737 ῶν
1667 2682 1938 2756 γράφεις;

364 2778 547 2832 Πείθει
582 2779 748 2832 πόθου
782 2778 913 2849 φλὸξ
945 2776 1042 2831 καὶ
1070 2775 1270 2847 φλογὸς
1304 2774 1535 2846 γράφειν
1570 2773 1795 2839 τύπους.

451 2871 509 2925 '0
535 2869 656 2934 νοῦς
683 2869 872 2941 βλέπει
904 2868 1050 2934 νοῦν,
1085 2865 1302 2937 πνεῦμα
1334 2864 1468 2937 πῦρ,
1498 2865 1532 2937 ὴ
1572 2866 1769 2940 καρδία

375 2962 467 3018 Ἐν
492 2963 698 3027 ὑλικοϊς
722 2962 884 3025 άῡλος
916 2962 974 3015 ιν
1004 2960 1148 3031 τόσῳ
1177 2959 1347 3028 τόπῳ.

446 3056 505 3109 '0
544 3055 649 3127 γῆς
672 3055 886 3111 κυκλῶν
909 3071 970 3109 τε
992 3052 1174 3109 καὶτὰ
1196 3051 1289 3106 τοῦ
1316 3048 1481 3106 πόλου
1523 3049 1727 3121 πλάτη,

367 3147 459 3213 Εἰς
483 3147 589 3217 γῆν
611 3150 641 3202 ὁ
668 3147 896 3219 πληρῶν
922 3147 1018 3202 καὶ
1039 3145 1222 3211 πόλον,
1258 3143 1354 3201 καὶ
1378 3141 1661 3215 Δεσπότης

1681 427 2026 490 CARMINA
2055 428 2314 491 VARlA.

1985 557 2025 609 Α
2060 539 2284 593 Πάντων
2316 538 2494 595 dulci»)
2523 539 2725 593 ὑλικῶν
2756 556 2812 593 τε
2840 536 3177 610 κτισμάτων,

3529 420 3635 487 9πὸ

2059 632 2429 704 Περιγραφεὶς
2462 632 2662 703 ἕστηκε
2697 636 2793 704 τῆς
2818 633 3025 703 σαρκὸς
3044 632 3222 704 τύπῳ.

2056 724 2121 776 Τί
2154 724 2339 777 καινὸν
2368 725 2418 777 εἰ
2447 724 2543 780 καὶ
2569 724 2755 787 δοῦλος
2789 723 2889 795 ὕλῃ
2917 723 3011 779 τὸν
3039 724 3212 779 τύπον

2055 813 2302 879 Δίδωσιν,
2340 814 2501 877 αὐτὸς
2528 813 2747 883 πνεῦμα
2783 814 2878 869 καὶ
2901 813 3023 877 νοῦς
3051 815 3336 886 τυγχάνων
3359 831 3375 883 ;

2403 912 2511 972 og'.
2551 908 2658 971 Είς
2682 904 2929 963 ὑέλινον
2964 906 3276 977 dra-extum

2135 996 2225 1064 Ἐξ
2251 996 2423 1051 ὑέλων
2450 997 2550 1067 μιν
2579 996 2697 1066 φῶς
2729 995 2929 1066 ὁρατοῦ
2961 996 3276 1066 φωσφόρου,

2052 1089 2160 1143 Τοῦ
2185 1090 2229 1144 δ’
2260 1089 2327 1144 αὖ
2352 1090 2614 1161 θεουργοῦ
2646 1091 2823 1159 φωτὸς
2859 1087 3291 1150 ἀντανακλάσεις

2054 1184 2218 1237 Κάτω
2239 1182 2585 1256 διαρρέουσιν
2607 1185 2655 1237 οί
2689 1183 2824 1239 θεῖοι
2846 1183 2987 1245 νόες.

2128 1277 2413 1347 Ἔσοπτρα
2438 1278 2614 1346 φωτὸς
2646 1277 2792 1332 ὖελοι
2825 1278 2925 1348 μὲν
2958 1278 3135 1349 ἡλίου,

2052 1366 2156 1420 Τοῦ
2185 1367 2229 1421 δ’
2258 1367 2409 1437 ἣλιον
2446 1369 2729 1433 κτίσαντος
2760 1370 2809 1421 oi
2831 1368 2963 1422 θεῖοι
2995 1370 3135 1434 νόες.

2134 1460 2229 1513 Ἐκ
2269 1462 2523 1531 φοινικῆς
2555 1461 2864 1531 μορφοῦσθε
2895 1461 3094 1532 λευκῆς
3128 1462 3286 1517 ὑέλου

2052 1552 2161 1606 Τοῦ
2195 1553 2372 1621 φωτὸς
2400 1552 2475 1618 ὡς
2501 1553 2764 1626 ἔσοπτρα,
2792 1554 2888 1607 τοῦ
2925 1555 3097 1625 πυρὸς
3129 1557 3347 1627 φλόγες.

2398 1671 2495 1735 οζν.
2527 1671 2633 1737 Εἰς
2653 1671 2760 1727 τὸν
2787 1670 3291 1745 ἀρχιστράτηγον.

2050 1783 2191 1849 Φῶς,
2224 1781 2467 1854 πνεῦμα,
2496 1783 2643 1851 νοῦς,
2670 1782 2809 1856 πῦρ,
2836 1786 2933 1839 καὶ
2961 1785 3234 1855 φλογῶδες
3263 1788 3329 1841 σὺ
3361 1788 3535 1858 ξίφος,

2063 1873 2221 1945 Ἐμοὶ
2252 1874 2352 1945 μὲν
2371 1870 2465 1930 οῦν
2497 1874 2637 1945 φῶς,
2660 1876 2903 1948 πνεῦμα,
2928 1876 3051 1942 νοῦς
3073 1879 3360 1949 ἐναντίοις,

2052 1965 2172 2037 Πῦρ
2198 1966 2295 2023 καὶ
2323 1965 2475 2036 ξίφος
2500 1967 2701 2038 φάνηθι
2737 1968 2836 2023 καὶ
2860 1968 3013 2038 φλὸξ,
3042 1970 3142 2035 τὰς
3168 1970 3360 2041 φύσεις

2050 2058 2248 2123 Καλῶς
2280 2057 2521 2130 μερίζων
2554 2059 2630 2125 ὠς
2667 2060 2975 2132 στρατηγὸς
3004 2064 3106 2133 τῆς
3131 2063 3335 2136 μάχης.

2418 2179 2521 2244 οηθ.
2553 2175 2656 2240 Εἰς
2687 2173 2803 2240 τὴν
2828 2176 3151 2247 Σαμαρῖτιν
3182 2179 3251 2233 δ’.

2046 2262 2334 2317 Θάλασσαν
2366 2264 2653 2331 ἐξέδλυοα,
2693 2268 2789 2321 καὶ
2827 2268 2977 2339 πόλῳ
3012 2271 3210 2341 στέγην

2060 2354 2149 2421 Ἐξ
2187 2354 2396 2411 ὑδάτων
2415 2356 2651 2429 ἥπλωσα
2669 2375 2683 2390 ·
2710 2357 2806 2412 νῦν
2838 2359 2887 2414 δ’
2915 2360 3052 2415 αίτῶ
3079 2362 3251 2432 πόμα,

2060 2446 2121 2500 '0
2144 2446 2247 2516 γῆν
2274 2448 2505 2503 πιαίνων
2535 2449 2741 2521 νάμασι
2778 2450 3123 2523 καθημέραν.

2048 2559 2145 2617 οϐ’.
2175 2562 2277 2629 Et;
2312 2562 2421 2618 τὸν
2452 2561 2822 2639 Πρόδρρμον,
2857 2564 2966 2619 τὸν
3016 2567 3335 2639 Θεολόγον,
3377 2570 3475 2625 καί
3524 2572 3633 2627 τὸν

2616 2635 3074 2707 Χρυσόστομον.

2048 2746 2159 2818 Τὴν
2181 2746 2241 2812 ἐξ
2263 2746 2471 2817 ἐρήμου
2503 2748 2773 2820 μουσικὴν
2794 2748 3018 2820 ἀηδόνα,

2050 2840 2403 2911 Χρυσήλατον
2433 2840 2731 2911 σάλπιγγα,
2762 2843 2857 2896 καὶ⁸
2886 2842 3120 2914 βροντῆς
3144 2845 3324 2915 γόνον,

2063 2931 2316 3004 Ἰωάννην
2348 2932 2531 3002 ἵστησι
2560 2934 2654 2987 καὶ
2675 2932 2751 3004 νῷ
2771 2933 2865 2986 καὶ
2894 2932 3072 3006 τύπῳ.

2304 3045 2379 3100 π’.
2415 3049 2519 3115 Είς
2543 3045 2661 3116 τὴν
2684 3047 2911 3111 ,βίϐλον
2938 3049 3046 3103 τοῦ
3077 3052 3399 3121 Θεολόγου.

2063 3139 2327 3196 Ἐνταῦθα
2346 3140 2594 3214 γλώττης
2619 3142 2901 3217 ἀστραπαὶ
2934 3143 3035 3214 τῆς
3068 3146 3349 3219 πυρπνόου

366 3297 541 3345 matre
562 3295 709 3344 tuam
741 3285 969 3356 primam
1001 3294 1232 3341 matrem
1275 3283 1552 3353 formavit,
1621 3297 1769 3340 nunc
1823 3281 1942 3338 sine
1966 3289 2012 3353 C
2114 3281 2393 3349 Quiterra:
2408 3291 2465 3339 et
2491 3282 2615 3339 cceli
2662 3281 3084 3339 imtnensitatem
3116 3284 3277 3354 capit,
3311 3285 3403 3354 qui
3431 3296 3629 3344 terram

367 3390 517 3451 patre
541 3378 596 3433 in
616 3387 667 3432 te
698 3376 987 3443 formatur,
1008 3374 1200 3445 Virgo.

446 3473 586 3535 Are,
619 3480 672 3525 et
700 3469 883 3524 laetare
913 3470 980 3523 de
1033 3469 1197 3523 verbo
1228 3475 1282 3522 ct
1326 3485 1405 3537 re,
1432 3469 1565 3525 dicit
1588 3467 1742 3532 mihi,
1773 3465 1946 3521 Filius

365 3572 513 3629 tuus,
548 3560 639 3617 Dei
678 3561 866 3626 Filius,
902 3558 1165 3614 Dominus
1195 3574 1427 3629 sponsus
1460 3567 1609 3614 tuus.

438 3655 570 3717 Ave,
601 3650 807 3718 dixisti,
840 3650 1100 3721 Spiritus,
1127 3648 1268 3705 heu!
1300 3650 1520 3721 propitii
1548 3648 1710 3705 Verbi
1757 3647 1946 3701 ineﬂ‘a-

364 3748 490 3803 bilis
508 3755 593 3802 est
634 3744 963 3810 iucarnatio,
1013 3743 1159 3799 heu!
1213 3742 1379 3798 modo
1443 3742 1687 3799 insolito.
1744 3740 1938 3796 Venter

365 3838 610 3895 mulieris
640 3837 762 3895 caeli
796 3835 1217 3892 immensitatem
1258 3835 1452 3893 vincit.

366 3949 456 4004 Ἠ.
492 3946 559 4002 In
594 3946 886 4014 Deiparam
915 3956 964 3999 et
1004 3944 1246 4014 angelos,
1299 3952 1544 3999 sanctum
1606 3941 1841 3997 Paulum
1895 3951 1944 3996 et

504 4014 773 4089 apostolos
801 4016 1013 4073 Christo
1044 4016 1316 4083 oﬂ'erentes
1341 4014 1793 4085 Chryrostomum.

446 4130 689 4189 Aureum
719 4130 1168 4192 instrumentum,
1198 4142 1427 4183 aureum
1452 4127 1655 4183 donum
1685 4125 1789 4182 fert
1824 4127 1943 4189 tibi,

362 4219 599 4287 Christe,
622 4219 973 4285 Paulus;tua
1007 4226 1186 4272 autem
1253 4215 1499 4282 lucerna,
1550 4212 1813 4279 Verbum,
1866 4214 1947 4268 ln-

364 4327 482 4368 cem
503 4326 572 4368 ex
610 4327 670 4366 se
710 4310 1085 4382 splendentem
1110 4325 1127 4377 ;
1158 4306 1502 4378 flammigeri,
1532 4314 1771 4362 mentem
1800 4306 1948 4378 igni-

367 4416 828 4476 tam;sagenam,
860 4418 1011 4457 mare
1063 4402 1357 4458 verborum
1420 4403 1516 4471 qui
1562 4400 1758 4472 piscati
1816 4407 1946 4455 sunt

366 4495 551 4550 verbis
572 4507 792 4549 omnem
813 4492 1097 4547 mundum.

438 4588 541 4651 Tn,
582 4600 747 4640 aurea
771 4584 917 4651 fons,
952 4597 1178 4638 aureum
1210 4598 1273 4639 os
1294 4581 1511 4653 accipe;
1549 4598 1615 4637 ex
1640 4597 1750 4653 quo
1773 4597 1941 4639 aurea

370 4680 571 4735 fluenta
627 4686 847 4732 tuorum
897 4676 1213 4740 verborum,
1255 4674 1496 4741 Christe,
1526 4674 1737 4730 circum
1771 4674 1943 4731 eﬂ‘usa

368 4788 586 4829 omnem
624 4772 800 4842 rigant
826 4778 1051 4825 terram.

854 4860 942 4914 75.
1003 4856 1068 4913 In
1096 4856 1419 4927 sepulcrum.

440 4953 715 5010 Infernum
759 4961 939 5009 morte
1000 4951 1252 5021 plectitur
1303 4958 1583 5005 mortuum
1617 4958 1668 5006 te
1689 4950 1944 5007 deorsum

366 5050 588 5118 rapiens
618 5058 963 5101 mortuorum
981 5059 1162 5115 regem
1195 5052 1250 5099 et
1273 5044 1545 5109 vivorum,
1605 5041 1868 5110 Verbum,
1895 5055 1949 5099 et

370 5148 549 5195 tecum
576 5137 893 5207 exspirante
927 5135 1249 5208 exspiravit,
1296 5135 1422 5191 vita:
1451 5134 1562 5191 dux
1602 5144 1659 5191 et
1698 5136 1946 5208 spiritus,

368 5230 619 5285 Domine.

439 5321 731 5394 Spiritum,
760 5330 1018 5386 mentem,
1054 5321 1213 5393 igneo
1236 5335 1301 5377 ex
1335 5335 1431 5377 ore
1463 5330 1750 5377 exeuntem
1794 5320 1950 5376 llam-

369 5429 539 5482 mam,
593 5415 867 5485 quomodo
917 5430 1119 5485 corpus
1159 5429 1324 5469 arena
1362 5422 1418 5469 et
1447 5413 1633 5469 fenum
1682 5428 1808 5468 cum
1846 5414 1945 5479 sis,

371 5507 667 5564 inscribis?
718 5506 913 5562 suadet
952 5507 1161 5562 amoris
1214 5506 1434 5563 ﬂamma
1466 5507 1699 5562 flamma
1725 5520 1947 5577 quoque

372 5601 572 5672 figuras
597 5600 918 5656 inscribere.

444 5692 596 5748 Mens
626 5693 803 5748 cernit
820 5700 1081 5758 mentem,
1101 5691 1325 5761 spiritus
1350 5692 1554 5763 ignem,
1589 5706 1683 5749 cor
1700 5691 1950 5746 immate-

374 5786 525 5842 rialis
549 5786 603 5841 in
628 5786 1005 5841 materialibus
1038 5783 1141 5839 hoc
1172 5784 1292 5839 loco
1315 5794 1418 5840 est.

458 5906 502 5939 "
535 5903 675 5961 Cod.
706 5901 800 5957 τὸν
828 5901 1171 5973 Σαμαρίτην.

703 6004 973 6062 ΡΑτιιυι..
1019 6006 1131 6061 Gn.
1174 6002 1293 6062 (ἰκί
1308 6049 1323 6061 .

2048 3382 2103 3429 et
2132 3376 2331 3430 coelum
2351 3374 2610 3447 complet,
2632 3383 2686 3431 et
2710 3376 2975 3431 Dominus
2998 3384 3080 3432 est
3111 3377 3357 3432 omnium
3386 3380 3628 3436 immate-

2048 3464 2266 3521 rialium
2284 3476 2339 3523 et
2367 3468 2730 3523 materialium
2751 3477 3153 3533 creaturarum,
3176 3468 3632 3543 circumscriptus

2048 3558 2397 3615 stetitcarnis
2433 3560 2627 3632 ﬁgura.
2656 3559 2796 3627 Quid
2818 3560 3017 3615 mirum
3045 3560 3090 3616 si
3139 3576 3332 3616 servus
3391 3566 3635 3619 materia:

2048 3652 2275 3723 figuram
2303 3652 2531 3723 praebet,
2564 3668 2690 3708 cum
2723 3654 2839 3724 ipse
2864 3653 3091 3726 spiritus
3107 3663 3161 3709 et
3186 3669 3342 3711 mens
3364 3656 3633 3711 exsistat?

2434 3764 2526 3821 76.
2560 3764 2627 3823 In
2657 3767 2898 3823 nuntium
2929 3769 3326 3839 crystallinum.

2117 3880 2161 3936 E
2189 3882 2449 3955 crystallo
2500 3884 2721 3955 quidem
2755 3884 2845 3939 lux
2894 3883 3124 3940 visibilis
3160 3882 3395 3950 luciferi,
3436 3883 3635 3940 divina:

2046 3983 2226 4030 autem
2246 3976 2385 4033 lucis
2408 3976 2769 4035 refractiones
2791 3976 3046 4034 deorsum
3072 3976 3403 4034 transﬂuunt
3437 3978 3636 4034 divina:

2047 4077 2279 4126 mentes.

2122 4160 2357 4233 Specula
2397 4164 2537 4221 lucis
2558 4163 2690 4220 solis
2722 4172 2854 4221 sunt
2875 4163 3290 4235 crystalla,ejus
3318 4172 3502 4218 autem
3534 4164 3630 4234 qui

2047 4257 2221 4316 solem
2253 4257 2463 4313 creavit
2490 4256 2691 4312 divinae
2720 4264 2953 4313 mentes.

2120 4348 2165 4403 Ε
2204 4350 2371 4405 rubro
2402 4348 2653 4405 formata:
2683 4348 2821 4405 estis
2855 4356 2912 4404 et
2933 4347 3066 4404 albo
3085 4348 3372 4420 crystallo,
3410 4358 3471 4408 ut
3494 4350 3633 4405 lucis

2049 4442 2293 4513 specula,
2322 4440 2466 4515 ignis
2483 4441 2737 4497 ﬂammae.

2476 4556 2563 4612 77.
2596 4554 2663 4611 In
2690 4558 2951 4612 exercitus
2996 4568 3203 4613 ducem.

1980 4643 2022 4699 D
2120 4644 2260 4713 Lux,
2286 4645 2535 4717 spiritus,
2552 4662 2733 4714 mens,
2751 4645 2986 4716 ignis,let
3007 4646 3293 4704 flammeus
3308 4649 3455 4706 ensis
3478 4660 3529 4705 tu
3551 4668 3633 4716 es.

2050 4739 2184 4795 mihi
2206 4740 2425 4811 quidem
2442 4739 2607 4811 igitur
2627 4738 2825 4809 lucem,
2844 4740 3119 4812 spiritum,
3147 4752 3379 4799 mentem
3401 4757 3636 4815 ορροηρ,

2051 4830 2195 4901 ignis
2220 4841 2273 4887 et
2301 4832 2447 4889 ensis
2472 4832 2719 4889 cernaris
2743 4840 2798 4888 et
2819 4831 3059 4901 ﬂamma,
3104 4844 3327 4889 naturas
3355 4846 3499 4892 recte
3551 4839 3633 4893 di-

2051 4924 2248 4981 videns
2279 4933 2340 4977 ut
2368 4924 2479 4979 dux
2498 4924 2836 4980 certaminis.

2512 5017 2599 5073 78.
2648 5016 2716 5072 1η
2745 5016 3169 5075 Samaritanam.

2129 5110 2273 5167 Mare
2318 5108 2488 5165 ﬂuere
2536 5108 2665 5174 feci,
2697 5118 2751 5165 et
2807 5111 2949 5167 casio
2979 5120 3179 5168 tectum
3209 5128 3275 5168 ex
3338 5113 3497 5185 aquis
3540 5131 3635 5170 ex-

2054 5202 2253 5275 pandi;
2289 5219 2434 5258 nunc
2454 5211 2640 5258 autem
2672 5211 2861 5273 potum
2882 5218 3035 5276 rogo,
3088 5207 3182 5276 qui
3244 5215 3446 5262 terram
3494 5208 3628 5263 rivis

2060 5295 2304 5365 quotidie
2327 5293 2552 5349 imbibo.

2065 5386 2153 5442 79.
2191 5388 2259 5442 In
2284 5400 2687 5457 prwcurwrcm,
2735 5384 3068 5459 Theologum,
3094 5397 3140 5442 et
3179 5386 3635 5457 C/irysouomum.

2135 5475 2398 5532 Musicam
2420 5492 2452 5532 e
2481 5476 2701 5532 deserto
2733 5477 3046 5545 lusciniam,
3077 5492 3300 5533 auream
3340 5478 3551 5545 tubam,
3584 5489 3639 5534 et

2061 5568 2289 5625 lonitrui
2309 5568 2503 5638 lilium,
2523 5566 2764 5626 Joannes
2796 5568 2961 5625 refert
2985 5580 3163 5627 mente
3185 5578 3239 5626 et
3266 5570 3462 5641 figura.

2508 5682 2600 5738 80.
2633 5679 2694 5738 In
2713 5683 2904 5739 librum
2927 5680 3194 5754 Theologi,

2138 5776 2212 5833 lbi
2254 5776 2451 5848 lingua:
2475 5774 2687 5848 fulgura
2733 5777 2910 5847 ignem
2943 5775 3223 5846 spirantis,
3250 5786 3307 5831 ut
3359 5790 3389 5832 e
3427 5776 3551 5832 duol
3576 5791 3641 5833 us

3168 5994 3244 6052 30
