4044 6568
400 434 504 501 943

403 547 508 599 Ἴθι
545 546 824 618 πρόϐαινε,
849 546 987 615 φωτὶ
1014 546 1128 616 φῶς
1162 546 1618 619 προσλαμϐάνων,

401 638 543 705 Πρὸς
573 638 698 690 ναὸν
728 638 913 703 ἁγνὸν,
952 637 1077 701 ναὸς
1105 638 1520 709 ὲμψυχωμένος.

472 733 561 793 Ei;
596 731 653 783 ἓν
676 730 741 785 τὰ
769 731 937 801 κάλλη
969 729 1077 786 τῶν
1118 733 1256 786 ὅλων
1294 733 1651 804 ὴθροισμένα,

403 824 676 893 νΑστρων,
708 823 1006 894 θαλάσσης,
1040 824 1225 897 ἀέρος,
1255 828 1377 896 γῆς,
1416 830 1509 879 καὶ
1543 829 1703 880 πόλου

399 909 525 968 Ὧδε
558 916 792 986 βλέπων,
840 916 1113 986 ἄνθρωπε,
1148 920 1222 989 μὴ
1260 921 1458 991 κάμοις
1489 921 1720 989 βλέπων.

465 1009 526 1060 Εἰ
558 1008 736 1062 πάντα
757 1008 925 1080 κάλλη
950 1009 1051 1080 γῆς
1072 1009 1207 1079 όμοῦ
1234 1027 1291 1062 τε
1327 1011 1420 1063 καὶ
1453 1012 1617 1064 πόλου

400 1101 510 1153 Καὶ
537 1102 716 1153 πᾶσαν
757 1100 889 1172 ὓλην
918 1102 1108 1171 τιμίαν
1140 1102 1321 1166 ποθεῖς
1349 1103 1593 1172 βλέπειν,

414 1194 596 1261 ’Λφεὶς
622 1193 687 1246 τὰ
724 1193 893 1245 πολλὰ
921 1194 1027 1262 γῆς
1061 1194 1406 1265 περιτρέχειν
1432 1195 1635 1267 πλάτη,

398 1284 587 1336 Λιπὼν
620 1284 688 1336 τὰ
724 1286 941 1355 μακρὰν
965 1284 1196 1359 ούρανοῦ
1226 1286 1407 1355 ζητεῖν
1440 1287 1600 1359 βάθη,

411 1376 676 1432 Ἐνταῦθα
707 1378 883 1431 πάντα
910 1378 1288 1451 συνδραμόντα
1320 1399 1411 1451 μοι
1443 1383 1657 1447 σκόπει,

396 1470 469 1522 Τὸ
494 1469 604 1521 τῶν
638 1468 774 1523 ὅλων
804 1469 1051 1541 μίμημα,
1083 1471 1176 1525 τὸν
1212 1473 1410 1543 μικρὸν
1440 1474 1622 1545 δόμον.

406 1561 540 1630 ’Λὴρ
574 1561 673 1630 μὲν
695 1554 873 1626 οὗτος,
905 1561 1020 1614 ἀλλ’
1045 1563 1073 1615 ό
1107 1564 1275 1633 αίθὴρ
1308 1566 1365 1617 ὲν
1397 1566 1544 1633 φάει.

399 1653 578 1707 Λίθων
614 1652 671 1707 δὲ
694 1652 901 1708 τούτων
930 1656 963 1725 ἡ
994 1654 1223 1725 διαυγὴς
1249 1656 1461 1728 λειότης

398 1746 567 1817 ’Λλλη
590 1746 737 1804 δοκεῖ
766 1747 1010 1802 θάλασσα
1043 1750 1307 1819 κυμάτων
1336 1750 1466 1804 ἄνευ

404 1838 493 1900 Ὠς
530 1838 587 1889 ιν
606 1836 817 1909 γαλήνῃ
848 1839 943 1892 νῦν
973 1839 1477 1908 κατεστορεσμένη.

392 1930 546 2001 Λύγὴ
569 1930 626 1985 δὲ
650 1930 859 1985 τούτων
896 1930 1093 1996 κιόνων
1128 1932 1223 1986 καὶ
1250 1932 1516 2003 λευκότης

393 2023 504 2074 Καὶ
529 2021 724 2091 συχνὸν
749 2020 1145 2096 ἀστράπτουσα
1176 2023 1370 2094 χροιᾶς
1397 2020 1725 2093 τερπνότης,

402 2114 491 2177 Ὦς
513 2108 604 2168 οἶα
636 2114 854 2185 ῥεῖθρον
886 2114 1213 2185 ὲκτακείσης
1240 2115 1421 2185 χιόνος

395 2205 683 2276 Λαμπρὸν,
712 2204 926 2270 διειδὲς,
955 2205 1197 2276 ἀψοφητί
1223 2224 1340 2268 πως
1375 2206 1518 2279 ῥέον,

402 2298 491 2360 Ὠς
525 2295 662 2367 πρὸς
693 2296 971 2351 θάλασσαν
997 2296 1165 2369 ἄλλην
1185 2298 1229 2333 ⁸³
1261 2299 1522 2369 ἐμϐάλλει
1549 2298 1700 2353 κάτω

394 2392 522 2454 Τοῖς
544 2389 1028 2457 ὲξαποστίλϐουσιν
1052 2392 1109 2444 ὲν
1143 2392 1298 2463 πάτῳ
1328 2392 1519 2457 λίθοις.

391 2485 575 2555 Αὐτὴν
607 2484 664 2538 δὲ
688 2484 787 2555 τὴν
810 2483 916 2553 γῆν
946 2484 1041 2538 καὶ
1066 2484 1137 2539 τὰ
1167 2486 1263 2557 τῆς
1290 2486 1418 2554 γῆς,
1458 2487 1506 2539 εἰ
1546 2486 1743 2553 θέλοις,

392 2576 587 2630 Λύτῶν
614 2576 807 2629 σκόπει
836 2593 925 2645 μοι
964 2577 1276 2647 χρωμάτων
1304 2578 1363 2631 τὸ
1396 2578 1663 2643 ποικίλον,

395 2668 505 2720 Καὶ
534 2667 642 2720 τῶν
669 2668 899 2738 γραφῶν
942 2668 1002 2721 τὸ
1031 2668 1225 2733 κάλλος
1248 2685 1261 2698 ·
1288 2670 1450 2725 ἄλλον
1479 2670 1667 2725 ἐνθάδε

392 2757 653 2826 Λειμῶνα
677 2756 950 2828 γραπτὸν,
981 2759 1046 2810 ὲκ
1073 2758 1268 2829 τέχνης
1306 2759 1694 2830 εἰργασμένον,

395 2847 565 2918 ’Λνθη
595 2848 851 2918 κομῶντα
880 2847 956 2920 μὴ
988 2848 1415 2921 παραραθοῦντα
1451 2850 1497 2881 ⁸⁸
1524 2851 1701 2922 χρόνῳ

396 2941 458 2994 ΕΞ
488 2941 544 2995 δὲ
577 2940 714 3010 πρὸς
743 2939 941 3007 αὐτοὺς
974 2940 1205 3011 ούρανοῦ
1234 2943 1360 3006 τοὺς
1382 2942 1641 3013 ἀστέρας,

393 3036 464 3088 Ἢ
508 3037 747 3107 σφαῖραν
774 3034 945 3105 αὐτὴν
976 3034 1072 3088 τοῦ
1100 3036 1265 3089 πόλου
1299 3036 1486 3100 ποθεῖς
1523 3036 1763 3108 βλέπειν,

346 3190 351 3195 _
394 3128 585 3181 Τεῖνον
619 3127 709 3180 σὺν
749 3126 904 3198 ὄμμα
925 3144 938 3158 ο
966 3129 1160 3203 τμῆμα
1189 3128 1245 3182 δὲ
1276 3128 1513 3202 σφαίρας
1547 3130 1710 3200 βλέπε

398 3218 647 3273 Ἀνωθεν
675 3219 935 3289 χρυσοῦν,
965 3220 1080 3289 φῶς
1110 3220 1505 3293 ἀπαστράπτον
1532 3223 1676 3293 μέγα

1671 436 1989 497 JOANNIS
2023 436 2455 497 GEOMETR/E

2006 554 2046 607 Α
2079 540 2154 598 Οῦ
2184 544 2563 616 συνδραμοῦσα
2599 548 2747 600 πᾶσα
2780 544 2937 617 χροιᾶ
2965 542 3234 614 ψηφίδων,

3542 428 3647 497 944

2098 636 2184 701 Ὦς
2207 637 2267 692 ἒν
2294 637 2522 691 τελοῦσα
2553 639 2711 709 σῶμα
2737 637 3174 706 συντεθειμένον,

2090 731 2390 801 Ἔναστρον
2418 731 2451 799 ἢ
2484 730 2784 800 πάμφωτον
2814 729 3156 800 ᾑωρημένον,

2094 821 2181 883 Ὧς
2204 822 2358 891 εἴπερ
2382 820 2450 891 ἦν
2480 821 2543 874 τὸ
2580 821 2801 890 σύμπαν
2836 818 3068 889 ούρανοῦ
3103 818 3305 881 πλάτος

2085 914 2373 983 Πάγχρους
2392 929 2477 975 τις
2506 913 2681 982 ἀστὴρ
2708 906 2788 975 εἷς
2820 910 3129 979 διαυγάζων
3154 912 3335 979 μόνος.

2085 1006 2301 1073 Κόσμον
2335 1004 2436 1072 μὲν
2458 1003 2601 1058 οὕτω
2626 1005 2736 1058 πᾶν
2758 1002 2922 1057 καλὸν
2945 1002 3147 1073 τέρπου
3177 1001 3390 1072 βλέπων

2086 1098 2149 1150 Εἰ
2176 1098 2220 1150 δ’
2250 1096 2551 1170 ὲξεκαύθης
2584 1099 2662 1161 είς
2690 1096 2870 1168 ἔρωτα
2902 1096 3010 1150 τῶν
3040 1096 3173 1157 ἄνω,

2087 1190 2193 1243 Καὶ
2221 1190 2310 1242 τὸν
2343 1190 2531 1260 νοητὸν
2556 1190 2759 1260 κόσμον
2784 1190 2843 1242 ἐν
2876 1189 3031 1260 τύπῳ
3054 1188 3239 1259 βλέπε.

2085 1282 2320 1351 Χριστὸς
2355 1281 2454 1351 μὲν
2487 1279 2669 1345 οὗτος,
2699 1274 2759 1335 οὗ
2791 1280 2979 1352 θρόνος
3013 1280 3262 1350 λαμπρὸς
3295 1279 3479 1341 πόλος.

2084 1370 2234 1440 Αὕτη
2258 1372 2314 1423 δὲ
2345 1371 2566 1442 Μήτηρ,
2600 1366 2668 1443 ἦς
2698 1370 2869 1444 μόνης
2893 1370 3066 1441 ἁγνῆς
3090 1370 3280 1431 Τόιος.

2086 1461 2257 1529 Οὗτος
2283 1466 2339 1519 δὲ
2364 1465 2575 1539 λύχνος,
2606 1460 2665 1521 οὗ
2696 1466 2855 1535 λόγος
2884 1466 3022 1536 φῶς,
3053 1468 3145 1520 καὶ
3172 1467 3395 1536 τρόπος.

2086 1556 2245 1614 Οὗτοι
2282 1560 2337 1613 δὲ
2371 1559 2520 1629 φλὸξ,
2557 1559 2702 1625 νοῦς,
2741 1559 2983 1630 πνεῦμα,
3016 1560 3153 1630 φῶς,
3189 1558 3299 1625 πῦρ
3335 1559 3427 1611 καὶ
3485 1556 3533 1621 Ei

2098 1654 2200 1707 Ἐὡ
2230 1654 2479 1727 Σεραφὶμ
2510 1654 2767 1725 τάγματα
2800 1652 3222 1725 μυριομμάτων,

2097 1745 2201 1799 Ἐὦ
2238 1746 2520 1818 Χερουόὶμ
2543 1745 2698 1816 ἅρμα
2722 1746 2833 1801 τῶν
2866 1744 3249 1815 φλογοτρόφων

2087 1839 2198 1892 Καὶ
2226 1835 2396 1893 τᾶλλα
2426 1838 2652 1909 φρικτὰ,
2686 1840 2780 1893 καὶ
2802 1839 2983 1907 λέγειν
3016 1854 3073 1892 τε
3098 1836 3191 1891 καὶ
3222 1834 3459 1904 βλέπειν.

2008 1925 2048 1980 Β
2093 1928 2233 1981 Ἀλλ’
2272 1929 2429 1999 εἴπερ
2459 1924 2525 2000 ἦν
2555 1946 2607 1983 τι
2630 1930 2819 1999 κρᾶμα
2847 1927 2957 1983 τῶν
2984 1927 3241 1981 ἐναντίων

2086 2021 2310 2092 Κόσμου
2340 2039 2400 2074 τε
2431 2022 2631 2085 παντὸς
2661 2020 2755 2075 τοῦ
2780 2021 2930 2078 κάτω
2956 2020 3049 2075 καὶ
3075 2020 3185 2074 τῶν
3221 2018 3356 2079 ἄνω.

2088 2116 2305 2168 Ἐνεστι
2337 2116 2493 2170 τοῦτο
2513 2114 2607 2170 καὶ
2638 2113 2909 2170 καλείσθω
2938 2113 3031 2167 νῦν
3064 2113 3246 2185 μόνον,

2084 2208 2305 2279 Βροτοῖς
2340 2210 2662 2278 πρεπόντως
2690 2208 2799 2261 τῶν
2838 2207 3018 2261 καλῶν
3048 2208 3108 2258 τὸ
3134 2206 3350 2277 χωρίον.

2085 2300 2339 2355 Γλῶσσαι
2369 2300 2539 2372 πυρὸς
2569 2299 2791 2372 δηλοῦσι
2825 2300 2918 2355 καὶ
2941 2299 3172 2370 βροντῆς
3202 2298 3394 2370 κρότος

2095 2393 2186 2455 Ὠς
2216 2395 2396 2447 πᾶσαν
2424 2393 2768 2463 ὲμπλήσουσι
2792 2392 2891 2465 τὴν
2925 2392 3257 2461 οἰκουμένην

2086 2485 2209 2539 Τῶν
2241 2484 2627 2557 βροντοφώνων
2658 2486 2706 2538 οί
2738 2483 3066 2557 πυρίστομοι
3089 2483 3282 2551 λόγων.

2084 2671 2201 2726 Νῦν
2236 2671 2338 2741 μὲν
2368 2668 2597 2741 συνῆλθε
2628 2669 2705 2740 τῷ
2732 2668 2909 2721 λέοντι
2936 2666 3245 2739 φωσφόρος,

2084 2764 2195 2818 Καὶ
2227 2762 2492 2835 μουσικὸν
2518 2762 2764 2830 τέττιγες
2789 2760 2973 2833 ᾅδουσι
3007 2760 3188 2831 μέλος.

2086 2855 2195 2909 Νῦν
2228 2856 2323 2909 καὶ
2350 2855 2535 2927 πατὴρ
2572 2855 2806 2909 ἔσπευσε
2836 2854 3162 2925 συνδραμεῖν
3190 2853 3401 2916 τέκνον,

2087 2945 2200 3000 Καὶ
2232 2948 2526 3017 μουσικοὺς
2555 2946 2789 3017 ἐθαλψεν
2815 2947 2895 3010 είς
2927 2946 3069 3017 ᾠδάς
3109 2945 3284 3006 νέους.

2101 3039 2218 3095 Νῦν
2240 3042 2334 3098 καὶ
2360 3043 2607 3113 γεωργὸς
2634 3043 2734 3106 τὰς
2756 3041 3012 3111 ἀπαρχὰς
3037 3039 3144 3093 τῶν
3173 3039 3353 3093 πόνων

2088 3134 2312 3207 Χαίρων
2337 3135 2457 3207 Θεῷ
2486 3135 2693 3201 δίδωσι,
2729 3135 2825 3190 καὶ
2853 3136 3041 3205 κροτεῖ
3072 3134 3236 3203 μέγα.

2089 3224 2205 3279 Νῦν
2230 3226 2287 3280 δὲ
2317 3226 2382 3280 σύ
2416 3244 2507 3298 μοι
2543 3226 2762 3299 φέροντι
2787 3227 2990 3291 ταύτας
3020 3226 3129 3280 τῶν
3155 3226 3330 3296 λόγων

393 3396 641 3469 grederc,
675 3396 783 3452 luci
820 3396 995 3454 lucem
1039 3394 1310 3465 aﬂerens,
1347 3397 1415 3455 ad
1448 3398 1711 3469 templum
1743 3414 1941 3470 purum
1964 3440 1979 3467 ,
2010 3407 2054 3467 c
2090 3412 2277 3460 natum
2310 3405 2628 3472 eﬂicientes,
2663 3406 2939 3463 stellatum
2963 3448 2979 3474 ,
3005 3406 3403 3472 illuminatum,
3438 3422 3671 3478 suspen-

394 3490 680 3560 spirituale
714 3490 998 3559 templum.

467 3582 525 3636 In
560 3597 728 3639 unum
760 3583 1143 3638 universorum
1179 3580 1619 3652 pulchritudines
1660 3584 1980 3640 coadunata:

396 3689 690 3740 astrorum,
727 3673 917 3737 maris,
950 3673 1116 3737 aeris.
1157 3685 1315 3732 terra:
1341 3683 1397 3733 et
1428 3676 1576 3740 cusli,
1609 3676 1696 3732 hic
1724 3692 1977 3743 cernens,

399 3768 587 3829 homo,
621 3783 688 3822 ne
720 3766 997 3821 cernendo
1035 3765 1271 3822 labores.

469 3861 525 3914 Si
556 3875 748 3916 omnes
777 3858 1219 3929 pulchritudines
1251 3869 1411 3915 terra:
1444 3860 1608 3916 simul
1647 3876 1710 3916 ac
1740 3860 1897 3927 cmli,
1928 3871 1981 3916 ot

393 3970 614 4011 omnem
646 3955 920 4027 egregiam
951 3955 1237 4015 materiam
1270 3954 1541 4024 inSpicere
1567 3955 1723 4024 cupis
1743 3995 1757 4019 ,
1792 3954 1980 4008 desine

394 4050 565 4105 multa
600 4058 759 4105 terra:
786 4048 1121 4119 perlustrare
1144 4046 1447 4113 intervalla,
1477 4048 1658 4118 linque
1685 4047 1981 4101 immensos

395 4144 518 4198 mali
544 4143 834 4213 exquirere
861 4142 1127 4212 abyssos;
1161 4142 1249 4197 hic
1275 4142 1459 4196 nuntia
1491 4152 1817 4213 cangregata
1847 4140 1978 4196 mihi

391 4236 733 4306 contempla,
780 4236 1162 4293 universorum
1216 4234 1729 4300 adumbrationem,
1786 4249 1982 4304 parvas

394 4329 493 4382 has
522 4326 686 4383 aedes.
714 4326 819 4381 Aer
848 4326 1070 4397 quidem
1106 4328 1230 4391 iste,
1258 4326 1349 4383 sed
1386 4326 1560 4382 aether
1585 4327 1637 4380 in
1664 4327 1870 4397 specie,
1906 4326 1984 4380 la-

393 4421 546 4490 p'des
594 4419 681 4475 isti
722 4419 987 4489 perlucidi
1035 4428 1091 4477 et
1142 4418 1394 4488 perpoliti
1445 4419 1678 4475 alterum
1729 4418 1983 4472 videntur

392 4529 549 4569 mare
575 4514 693 4569 sine
716 4513 972 4573 [luctibus
997 4512 1147 4570 velut
1172 4512 1225 4571 in
1251 4510 1549 4579 tranquillo
1570 4526 1718 4565 nunc
1733 4509 1979 4580 planum.

393 4603 687 4676 Fulgentes
725 4614 903 4661 autem
931 4615 984 4659 et
1017 4602 1153 4661 alba:
1183 4602 1453 4661 columnae.
1474 4642 1489 4666 ,
1522 4610 1578 4656 et
1604 4601 1848 4671 jucundo
1884 4616 1983 4657 con

2084 3510 2245 3563 sum;
2280 3498 2506 3567 perinde
2535 3512 2601 3552 nc
2634 3502 2678 3552 si
2708 3512 2873 3552 omne
2907 3497 3032 3553 coeli
3064 3497 3303 3567 spatium
3326 3538 3341 3562 ,
3368 3498 3546 3553 omnis
3576 3514 3672 3549 m-

2080 3583 2214 3643 loris
2271 3588 2428 3644 sidus
2484 3590 2664 3644 solum
2724 3591 3083 3646 illuminaret.
3132 3590 3392 3644 Mundum
3452 3592 3671 3660 quidem

2080 3698 2298 3738 omnem
2350 3683 2422 3737 ita
2464 3684 2754 3753 pulchrum
2806 3684 3043 3737 videndo
3085 3683 3377 3738 delectare.
3425 3683 3482 3736 Si
3536 3698 3667 3736 vero

2080 3776 2243 3830 ardes
2267 3776 2567 3845 cupiditate
2589 3775 2919 3840 ccelestium,
2960 3776 3225 3829 mundum
3257 3789 3479 3845 quoque
3516 3774 3675 3829 intel-

2081 3865 2366 3921 lertualem
2401 3866 2454 3921 in
2489 3866 2679 3937 ﬁguris
2700 3881 2884 3923 cerne.
2917 3866 3176 3923 Christus
3201 3866 3421 3936 quidem
3442 3864 3545 3920 iste
3564 3874 3673 3925 est.

2082 3959 2244 4029 cujus
2272 3958 2508 4015 thronus
2533 3958 2857 4030 magnificus
2877 3959 3078 4016 coelum
3102 3970 3207 4023 est,
3238 3958 3338 4013 ista
3365 3966 3545 4013 autem
3565 3972 3674 4012 ma-

2081 4059 2185 4117 ter,
2206 4049 2364 4119 cujus
2376 4049 2549 4106 solius
2566 4049 2793 4118 virginis
2808 4059 2996 4119 partus
3010 4049 3129 4105 fuit.
3154 4046 3258 4105 Iste
3276 4048 3499 4103 lucerna
3516 4048 3673 4118 cujus

2081 4139 2306 4194 verbum
2332 4148 2447 4194 erat
2470 4138 2560 4193 lux
2584 4149 2636 4197 et
2658 4139 2854 4196 modus
2877 4156 2892 4204 ;
2918 4139 3006 4195 isti
3029 4148 3207 4195 autem
3236 4138 3477 4203 ﬂamma,
3496 4154 3671 4204 mens,

2082 4229 2347 4298 Spiritus,
2382 4230 2596 4294 lumen,
2630 4230 2773 4300 ignis
2806 4241 2861 4289 et
2905 4230 3142 4302 gladius.
3209 4230 3364 4286 Mitto
3399 4233 3672 4302 seraphim

2084 4323 2234 4378 mille
2276 4325 2467 4378 oculos
2506 4325 2823 4381 habentium
2868 4325 3127 4392 ordines,
3183 4326 3343 4380 mitto
3386 4325 3671 4379 cherubim

2084 4431 2308 4472 currum
2350 4416 2600 4474 ﬂammas
2626 4419 2904 4475 edentium
2926 4458 2941 4483 ,
2972 4427 3027 4474 et
3060 4419 3166 4473 alia
3214 4418 3480 4488 stupenda
3528 4416 3672 4471 dictu

2087 4507 2250 4562 simul
2281 4519 2334 4564 et
2367 4509 2507 4567 visu.
2540 4509 2645 4567 Sed
2673 4511 2718 4567 si
2746 4510 2889 4567 foret
2908 4511 3092 4582 aliqua
3116 4511 3439 4581 coniunctio
3468 4520 3677 4566 contra-

2090 4598 2293 4655 riarum
2327 4616 2509 4658 rerum
2560 4604 2749 4661 mundi
2793 4603 3037 4661 universi
3090 4614 3205 4658 tum
3242 4602 3522 4659 inferioris
3551 4617 3673 4657 cum

395 4700 511 4754 lore
551 4697 754 4765 passim
786 4696 1096 4761 radiantes,
1135 4694 1313 4755 rivum
1358 4692 1606 4751 referunt
1653 4692 1985 4749 tabescentis
2087 4692 2409 4762 superioris,
2438 4695 2547 4751 illic
2575 4696 2736 4761 inest,
2760 4705 2814 4751 et
2840 4711 2987 4752 nunc
3014 4705 3224 4752 tantum
3248 4704 3499 4763 vocetur,
3532 4712 3677 4750 mor-

395 4793 536 4847 nivis
568 4791 831 4846 nitentem
851 4830 865 4854 ,
907 4788 1221 4859 limpidum,
1260 4787 1423 4843 tacite
1456 4795 1806 4850 currentem,
1834 4796 1889 4842 et
1924 4798 1984 4843 ut
2016 4787 2060 4847 ο
2088 4784 2714 4843 talibnsaccommodata
2729 4788 3086 4858 pulchrorum
3110 4788 3286 4845 sedes.
3315 4786 3458 4859 Ignis
3480 4788 3678 4859 lingua:

395 4883 463 4938 ad
495 4882 723 4936 alterum
754 4896 906 4936 mare
936 4896 997 4937 se
1034 4886 1285 4950 agentem
1320 4878 1580 4935 deorsum
1629 4879 1684 4932 in
1717 4877 1991 4949 fulgentes
2091 4877 2388 4934 ostendunt
2423 4887 2477 4934 et
2509 4880 2811 4937 tonitruum
2845 4880 3031 4952 fragor
3059 4889 3120 4941 ut
3158 4896 3377 4935 omnem
3419 4880 3678 4952 impleant

394 4974 687 5046 pavimenti
722 4974 950 5045 lapides.
985 4973 1163 5044 Ipsam
1197 4986 1328 5027 vero
1361 4980 1562 5025 terram
1590 4981 1644 5026 ct
1670 4973 1951 5029 terrestria
1975 5011 1990 5037 ,
2092 4969 2279 5027 orbem
2311 4970 2629 5029 tonantibus
2656 4972 2836 5031 verbis
2865 4972 3020 5043 ignea
3045 4972 3161 5028 haec
3187 4986 3305 5027 ora.

395 5068 441 5125 si
474 5068 632 5135 velis,
669 5066 982 5139 contempla
1010 5066 1253 5136 ipsorum
1283 5063 1528 5121 colorum
1563 5065 1907 5131 varietatem,
1931 5081 1994 5129 ei,
2837 5065 2927 5121 97.

2166 5153 2322 5211 Nunc
2349 5158 2581 5213 accessit
2609 5159 2675 5211 ad
2704 5158 2914 5213 leonem
2942 5158 3156 5223 lucifer,
3183 5166 3238 5216 et
3268 5160 3516 5218 musicos
3544 5173 3675 5215 can-

2095 5256 2184 5303 tus
2229 5248 2432 5305 cicada:
2488 5262 2769 5321 promunt.
2824 5250 2981 5309 Nunc
3024 5261 3177 5323 pater
3223 5254 3438 5311 curavit
3492 5260 3676 5306 natum

393 5159 826 5229 descriptionum
881 5154 1391 5228 pulchritudinem;
1465 5155 1697 5209 alterum
1756 5155 1845 5210 hic
1899 5157 1994 5211 de-

393 5252 656 5322 scriptum
692 5250 932 5316 hortum,
955 5258 1072 5303 arte
1099 5247 1455 5310 delinealum,
1479 5246 1637 5302 liores
1670 5249 1985 5318 expanden-

395 5356 503 5400 tem
534 5360 643 5399 non
677 5356 921 5412 tempore
957 5350 1300 5405 marcentes,
1336 5339 1382 5395 si
1422 5355 1549 5395 vero
1584 5341 1699 5410 ipsa
1730 5342 1853 5397 caali
1900 5343 1979 5398 si-

391 5436 546 5497 dera,
582 5443 677 5489 aut
714 5435 984 5504 sphaeram
1037 5432 1211 5502 ipsam
1270 5430 1396 5489 cmli
1444 5433 1765 5501 conspicere
1808 5434 1975 5501 velis,

391 5528 583 5583 oculos
623 5524 881 5593 intende;
929 5525 1155 5595 sphaerae
1188 5522 1493 5595 portionem
1538 5524 1721 5594 aspice
1757 5541 1975 5585 sursum

393 5636 643 5684 auream,
666 5619 840 5673 lucem
870 5618 1202 5673 emittentem
1238 5631 1511 5688 magnam,
1550 5618 1603 5673 in
1634 5636 1741 5688 qua
1778 5634 1978 5678 conve-

396 5713 555 5767 niunt
576 5725 766 5767 omnes
792 5712 1102 5783 lapillorum
1121 5712 1336 5768 colores
1365 5724 1532 5764 unum
1552 5726 1753 5781 corpus
1774 5712 1978 5770 euadu-

466 5897 512 5928 ⁸⁸
550 5895 676 5954 ἄλλη
703 5896 825 5955 cod.
930 5902 974 5931 “
1014 5899 1123 5967 Sic,
1173 5901 1297 5956 fort.
1332 5914 1432 5971 pro
1469 5878 1909 5971 παρανθοῦνταξ

2091 5341 2351 5397 accedere
2396 5351 2452 5397 et
2500 5343 2743 5399 musicos
2783 5346 2849 5399 ad
2894 5353 3091 5400 cantus
3130 5344 3362 5415 juvenes
3399 5342 3674 5400 excitavit.

2085 5432 2245 5490 Nunc
2276 5444 2329 5490 et
2356 5436 2596 5505 agricola
2630 5437 2899 5506 primitias
2936 5437 3185 5492 laborum
3229 5438 3422 5493 laetans
3458 5436 3569 5492 Dco
3596 5434 3676 5491 ol-

2088 5526 2213 5596 fert,
2243 5537 2298 5584 et
2334 5530 2569 5583 multum
2596 5539 2798 5584 cantat.
2836 5529 2993 5584 Nunc
3021 5541 3203 5585 autem
3243 5540 3300 5586 tu
3332 5546 3417 5585 me
3443 5529 3675 5584 oiicren-

2089 5632 2197 5676 tem
2236 5624 2334 5676 has
2366 5636 2682 5678 sermonum
2714 5638 2912 5693 parvas
2950 5624 3224 5694 primitias
3272 5624 3545 5695 propitius
3584 5640 3675 5678 ex-

2088 5718 2229 5788 cipe.
2262 5717 2365 5772 Alii
2397 5716 2618 5790 quidem
2657 5727 2741 5773 est
2772 5718 2826 5773 in
2867 5719 2976 5774 vita
3019 5720 3295 5790 egregium
3331 5735 3537 5789 genus,
3583 5718 3672 5774 alii
