4054 6572
311 388 417 453 949

394 504 453 555 Ὀ
482 501 619 554 πᾶσι
651 498 907 568 φευκτὸς,
933 496 1123 563 εὐκτός
1151 499 1266 551 ἐστι
1295 496 1388 551 νῦν
1417 496 1604 566 τάφος,

313 595 418 648 Τὸν
445 592 698 646 εὐκτικὸν
731 591 922 660 κλήσει
948 607 1008 642 τε
1037 590 1132 643 καὶ
1151 590 1372 662 τρόποις
1403 591 1608 662 φέρων.

381 685 588 754 Θνητὸς
611 683 728 737 δυσὶ
759 685 850 747 σὺ,
871 681 949 752 τῷ
975 682 1120 753 τόκῳ
1152 684 1246 736 καὶ
1273 683 1349 753 τῷ
1387 683 1542 754 τάφῳ
1566 700 1580 714 ο

311 779 445 833 Ausi
472 779 517 832 δ’
546 777 728 843 άῦλος,
760 776 836 849 τῷ
864 777 963 849 βίῳ
1001 779 1096 832 καὶ
1126 777 1204 847 τῷ
1240 777 1407 847 πόνῳ.

385 871 544 934 Τίνος
575 870 662 934 σὺ,
693 870 898 941 τύμϐες
935 870 1112 924 Νυκτὶ
1143 869 1302 923 τοῦτό
1335 887 1420 923 σοι
1455 869 1647 940 φράσω
1669 885 1680 896 °

310 964 522 1030 Μῆπως
557 961 818 1027 ἀκούσας,
849 963 1001 1033 ἥλιος
1035 961 1226 1032 λάμψῃ
1259 962 1432 1014 κάτω.

382 1055 464 1107 Τὰ
493 1054 704 1126 κρηστᾶ
737 1056 916 1108 πάντα·
945 1053 1152 1124 τύμϐος
1191 1050 1271 1115 εἷς
1305 1053 1453 1106 ἔνδον
1484 1053 1642 1121 φέρει
1671 1066 1683 1080 ο

313 1143 409 1212 Εἷς
436 1143 548 1218 εἶχε
582 1150 672 1201 καὶ
702 1148 810 1218 γὰρ
839 1147 1017 1201 πάντα
1055 1149 1273 1201 πάντων
1305 1151 1362 1200 ἐν
1399 1147 1518 1216 βίῳ.

386 1241 460 1294 υύ
498 1241 690 1312 νεκρὸς
725 1239 774 1294 εἷ
811 1240 875 1294 σύ
903 1258 916 1271 ·
944 1241 1085 1312 πλὴν
1119 1242 1340 1312 κρυϐεὶς
1369 1239 1502 1311 λίθῳ
1535 1239 1712 1309 μόνον,

309 1334 450 1387 Θεοῦ
480 1336 796 1406 πρόςωπον,
825 1336 926 1389 οὐκ
959 1335 1178 1389 ὀπίσθια
1215 1335 1453 1406 βλέπεις.

395 1429 481 1481 Ἑν
503 1430 659 1481 νυκτὶ
685 1429 910 1500 κλέψας,
946 1431 1021 1502 μὴ
1061 1431 1238 1500 μάτην
1267 1428 1444 1500 αύχει,
1477 1429 1676 1500 Χάρων
1699 1447 1710 1458 ·

307 1520 424 1572 Οὔκ
452 1516 520 1591 ἦν
553 1521 643 1585 σὸς
669 1517 844 1585 οὗτος,
874 1523 996 1576 οὐδὲ
1029 1522 1224 1593 μοίρας
1248 1522 1345 1593 τῆς
1374 1523 1544 1576 κάτω.

393 1615 483 1666 Ἐν
514 1614 672 1668 νυκτὶ
703 1615 979 1684 θνήσκεις,
1009 1616 1158 1686 ἥλιον
1187 1615 1242 1668 δὲ
1268 1615 1571 1682 λανθάνεις,

311 1708 501 1770 Ὅπως
532 1708 709 1770 συνεὶς
733 1707 794 1760 τὸ
820 1709 1053 1779 πρᾶγμα
1081 1707 1156 1779 μὴ
1189 1707 1381 1779 λάμψῃ
1414 1707 1584 1761 κάτω.

389 1799 448 1853 Ὀ
482 1801 660 1868 φωτὸς
690 1800 805 1863 υἱὸς
838 1801 1163 1871 προφθάσας
1203 1801 1300 1872 τὴν
1332 1803 1568 1872 ἡμέραν,

308 1896 412 1948 Τὸν
446 1895 682 1965 Χριστὸν
713 1888 894 1966 εὗρεν,
926 1897 1098 1968 ἥλιον,
1129 1897 1266 1966 φῶς,
1296 1897 1530 1968 ἡμέραν.

390 1987 450 2040 Ὀ
487 1987 696 2058 τύμϐος
727 1989 808 2052 εἰς
831 1989 918 2054 τί;
958 1990 1242 2060 Μαρτυρεί
1271 1988 1579 2056 τεθνηκότι,

318 2081 406 2142 Ὠς
434 2080 588 2134 οὐδὲν
615 2079 760 2150 ἔσχε,
795 2080 933 2152 πλὴν
960 2081 1235 2153 τρίπηχυν
1266 2081 1362 2135 νῦν
1386 2081 1554 2134 λίθον.

380 2172 575 2241 Μάτην
603 2173 632 2225 ὁ
660 2171 886 2242 τύμϐος,
915 2175 982 2243 τῇ
1030 2171 1192 2242 φύσει
1230 2174 1443 2244 μάρτυς
1477 2174 1637 2243 μόνον

305 2261 413 2315 Τοῦ
441 2263 516 2332 μὴ
545 2262 770 2331 δοκῆσαι
800 2262 995 2332 φάσμα
1033 2263 1126 2316 τὸν
1156 2263 1480 2334 τεθνηκότα.

383 2355 446 2409 Ὀ
477 2357 606 2426 πρὶν
637 2356 922 2425 στυγητὸς,
958 2356 1053 2410 νῦν
1082 2357 1411 2426 πεφιλμένος
1449 2357 1640 2428 τάφος.

303 2447 424 2501 Κᾶν
453 2449 560 2518 γὰρ
592 2450 878 2519 στυγητὸς,
907 2449 1042 2504 ἀλλὰ
1082 2451 1175 2503 τοῦ
1211 2451 1569 2520 πεφιλμὲνου.

373 2540 464 2591 Σοὶ
489 2539 674 2604 ζῶντι,
714 2540 872 2608 σῶμα
908 2542 1115 2612 τύμϐος
1141 2559 1157 2574 ·
1200 2544 1256 2595 ἐν
1279 2542 1473 2614 τύμϐῳ
1494 2543 1550 2596 δέ
1578 2561 1636 2612 γε

301 2633 426 2696 Bel;
447 2632 626 2692 τοῦτο,
654 2633 749 2687 νῦν
774 2634 894 2704 ζῇς.
927 2633 1020 2686 τὸν
1051 2636 1220 2704 τάφον
1256 2634 1468 2705 κρύψας
1501 2635 1674 2706 τάφῳ.

381 2724 613 2788 Διπλοῦς
636 2726 664 2777 ὁ
688 2725 914 2795 τύμϐος,
950 2719 1030 2789 εἷς
1065 2727 1281 2797 φρενὸς,
1307 2728 1446 2795 vdae,
1478 2727 1674 2797 λόγων,

301 2816 498 2871 Καλῶν
522 2835 581 2870 τε
610 2819 850 2884 πάντων,
885 2815 965 2882 εἷς
996 2819 1054 2872 δὲ
1092 2821 1186 2874 τού
1217 2823 1564 2890 τεθνηκότος.

390 2909 512 2962 Κᾶν
545 2909 697 2962 οὐδὲν
729 2910 909 2981 ἔσχες,
941 2910 1080 2981 πλὴν
1111 2913 1426 2983 ἐφωράθης,
1459 2914 1676 2986 Χάρων,

298 3000 622 3074 Κακοῦργος
643 3001 718 3056 ὢν
746 3003 919 3074 κλὼψ,
945 3005 1100 3058 νυκτὶ
1122 3006 1310 3060 τοῦτον
1335 3007 1609 3078 ἁρπάσας.

1627 383 1970 444 CARMINA
2008 381 2264 442 VARIA.

1919 511 1966 570 Α
2001 535 2015 550 .

3469 374 3582 436 950

2077 493 2170 565 Μὴ
2199 493 2481 548 συνθανεῖν
2508 509 2591 546 σοι
2617 492 2818 555 πάντας
2853 491 3022 554 αἴτιος
3057 490 3226 557 τάφος

2001 588 2285 661 Τρίπηχυς
2313 587 2388 640 ὢν
2415 585 2525 658 γάρ
2556 585 2764 649 πάντας
2791 584 2852 638 οὐ
2882 583 3116 655 κρύπτει
3152 583 3198 613 ⁸⁸
3236 578 3428 632 σθένει.

2535 685 2638 751 ρη’.
2675 680 2778 744 Εἰς
2807 677 3047 731 ἑαυτόν.

2072 794 2271 859 ’Ίλαθι,
2304 792 2707 862 παντοκράτορ,
2739 790 2878 860 ἤλιτ⁹
2910 793 3012 843 οὐκ
3047 789 3268 842 ἐθέλων.

2001 885 2173 939 Ἵλαθι
2205 883 2546 955 ἀμπλακίης,
2566 883 2761 952 στήλας
2792 882 3060 948 ὲοτήσατο
3091 879 3298 948 μοιχὸς,

2070 979 2309 1049 Νυμφίε,
2337 978 2434 1046 σῆς
2460 977 2677 1047 νύμφης
2704 975 2851 1028 ἔνδον
2877 974 3016 1044 ἐμῆς
3045 972 3291 1042 κραδίης.

2001 1071 2178 1126 Πολλά
2202 1070 2510 1141 παναίσχεα
2539 1069 2820 1141 δέργματα
2850 1067 2965 1138 μὰψ
2994 1064 3263 1136 ἀλάληντο

2068 1164 2263 1234 Ψυχῆς
2288 1165 2346 1217 ἐν
2373 1163 2619 1231 λαγόσιν,
2652 1162 2877 1228 ἔξυπνος
2906 1161 2979 1222 ὡς
3009 1159 3264 1228 γενόμαν.

2010 1257 2075 1311 ἸΙ
2111 1256 2248 1328 σάρξ
2283 1257 2468 1326 ὕϐριος
2489 1259 2706 1327 ἤρχετο,
2735 1254 2929 1327 ἔγρετο
2955 1253 3176 1322 κύματα
3213 1250 3474 1320 γαστρὸς,

2070 1349 2363 1420 Πνεύματα
2391 1350 2588 1419 λάϐρον
2619 1348 2792 1412 ἔπνει,
2823 1347 2957 1419 πρὸς
2985 1346 3137 1416 βυθὸς.
3167 1343 3504 1414 ἐτραπόμαν.

2029 1443 2220 1508 Ηλθες,
2249 1443 2404 1507 ἄναξ,
2446 1443 2674 1513 παλάμῃ
2696 1443 2754 1495 δὲ
2777 1441 2934 1504 δίδως
2964 1438 3265 1510 ἑτεραλκέα
3291 1437 3447 1508 νίκην
3471 1453 3484 1466 ·

2069 1537 2175 1590 Καὶ
2199 1536 2280 1589 νοῒ
2304 1535 2426 1589 νοῦν
2464 1536 2748 1607 παρέχεις,
2780 1537 2845 1606 τῇ
2881 1533 3028 1604 ψυχῇ
3050 1534 3106 1586 δὲ
3130 1532 3310 1600 λόγον.

2000 1631 2172 1686 Ἵλαθι
2199 1631 2390 1696 τῶνδε,
2418 1630 2512 1684 καὶ
2542 1629 2808 1699 εὓπτερον
2833 1631 2886 1693 ἐς
2912 1629 3075 1681 πόλον
3100 1621 3188 1682 οἷά
3216 1644 3275 1680 τε
3306 1626 3433 1694 νῆα,

2065 1729 2301 1799 Λαίφεσι
2330 1728 2704 1798 πεπαυμένοις
2731 1727 2798 1792 ⁵⁷,
2835 1723 3053 1796 πνεῦμα
3083 1725 3172 1778 σὺν
3195 1723 3477 1782 οἰακίσοις.

1996 1841 2093 1912 ρθ⁹.
2123 1843 2226 1907 Εἰς
2246 1841 2348 1907 τὰς
2393 1839 2648 1908 Ἀθήνας
2664 1838 2762 1894 καὶ
2779 1838 2893 1907 τὴν
2910 1835 3574 1892 Κωνσταντινούπολιν.

2009 1950 2308 2022 Ἐρεχθέως
2331 1950 2535 2021 ἀνῆκεν
2562 1951 2595 2021 ἡ
2629 1950 2699 2018 γῆ
2740 1949 2837 2020 τὴν
2866 1949 3040 2013 πόλιν,

2009 2041 2149 2096 Ἀλλ’
2182 2041 2410 2114 οὐρανὸς
2444 2040 2652 2109 καθῆκε
2697 2038 2914 2109 Ῥώμην
2941 2038 3040 2109 τὴν
3083 2039 3230 2092 νέαν.

1998 2135 2042 2188 Κ
2052 2135 2260 2204 ρείττον
2295 2133 2356 2185 τὸ
2381 2133 2578 2195 κάλλος
2604 2131 2729 2202 γῆς,
2755 2133 2877 2184 ὅσον
2902 2131 3154 2200 λαμπρὸς
3188 2129 3372 2193 πόλος.

1923 1898 1961 1952 Β

2228 2251 2315 2314 ρι’.
2348 2242 2448 2310 Εἰς
2477 2243 2612 2310 τοὺς
2651 2242 2883 2312 σοφοὺς
2911 2241 3028 2297 τῶν
3065 2242 3346 2311 ’Λθηνῶν

1998 2360 2060 2411 Οἱ
2092 2357 2202 2411 τῶν
2244 2357 2508 2426 Ἀθηνῶν,
2541 2356 2862 2424 εύστομεῖτε
2897 2357 3023 2419 τοὺς
3051 2354 3218 2408 πάλαι

1997 2452 2224 2520 Σοφοὺς,
2263 2450 2582 2512 Πλάτωνας,
2614 2449 2932 2518 Σωκράτας,
2963 2449 3325 2518 Ξενοκράτεις,

2009 2542 2389 2612 Ἐπικούρους,
2424 2540 2746 2613 Πύρῤωνοις,
2793 2539 3189 2610 ’Δριστοτέλας,

1996 2639 2112 2692 Οὐκ
2139 2638 2286 2690 ἔστιν
2313 2638 2464 2707 ὑμῖν,
2503 2635 2645 2705 πλὴν
2685 2633 2956 2704 Ὑμηττὸς
2992 2633 3083 2686 καὶ
3120 2632 3264 2702 μέλι,

1992 2730 2171 2799 Θῆκαί
2194 2729 2238 2761 ³⁸
2277 2747 2336 2782 τε
2364 2729 2598 2794 νεκρῶν,
2622 2727 2747 2781 τῶν
2773 2727 2956 2796 σοφῶν
2990 2724 3055 2778 τά
3089 2724 3396 2796 πνεύματα.

1995 2823 2157 2876 Πολεί
2191 2823 2320 2892 παρ’
2355 2823 2488 2891 ἡμῖν
2527 2822 2737 2884 πίστις,
2768 2821 2818 2872 ot
2846 2819 3002 2888 σοφοὶ
3031 2820 3199 2886 λόγοι.

2076 2915 2144 2968 Ἦ
2177 2913 2284 2966 τῶν
2327 2912 2593 2982 Ἀθηνῶν,
2629 2910 2927 2981 προσκύνει
2949 2910 3048 2977 τὴν
3087 2909 3362 2961 δεσπότιν.

1993 3007 2187 3076 Λὺχεϊς
2217 3005 2404 3058 ἐλαίαν
2425 3021 2438 3036 ·
2467 3005 2721 3074 σκῆπτρα
2748 3002 2791 3056 δ’
2830 3000 2969 3068 αὕτη
2993 3001 3086 3054 τοῦ
3124 3000 3374 3070 κράτους.

369 3142 538 3212 Cujus
588 3161 668 3209 es,
718 3150 1068 3217 sepulcrum?
1107 3150 1187 3208 Ne
1245 3151 1448 3217 discas,
1515 3166 1641 3206 nam
1701 3152 1870 3219 dices,
1903 3158 1944 3215 c
2054 3149 2317 3218 Quamvis
2368 3148 2504 3203 nihil
2557 3148 2812 3210 haberes,
2867 3155 3109 3200 attamen
3160 3143 3430 3213 spoliatus
3472 3159 3568 3200 es:

298 3235 500 3304 qualis,
523 3239 734 3306 qualem
759 3256 774 3307 ;
809 3251 1048 3310 quantus
1069 3243 1306 3299 occultat
1339 3244 1640 3313 quantum!

366 3325 524 3394 Quod
555 3331 810 3388 omnibus
833 3333 1163 3400 evitabatur,
1185 3336 1474 3406 quaesitum
1501 3351 1650 3392 nunc
1681 3346 1766 3393 est
1794 3351 1881 3392 se-

297 3421 571 3490 pulcrum,
601 3423 783 3478 fausta
829 3427 1052 3482 nomine
1081 3437 1135 3482 et
1162 3427 1408 3483 moribus
1437 3427 1636 3483 ferens.

368 3511 614 3570 Mortalis
643 3524 698 3570 tu
725 3515 964 3585 duobus,
1001 3529 1126 3574 ortu
1151 3528 1208 3574 et
1232 3521 1517 3590 sepulcro;
1550 3519 1882 3576 immortalis

299 3613 480 3659 autem
510 3607 747 3673 duobus,
780 3609 888 3664 vita
914 3620 969 3665 et
992 3613 1197 3668 labore.

367 3696 540 3766 Cujus
578 3715 660 3763 es,
715 3703 1070 3771 sepulcrum?
1100 3704 1271 3760 Nocte
1317 3706 1369 3760 id
1421 3707 1516 3762 tibi
1565 3707 1778 3775 dicam;
1817 3721 1884 3762 ne

298 3788 436 3844 forte
466 3792 696 3848 audiens
724 3795 806 3848 sol
839 3795 1044 3851 inferos
1075 3798 1365 3852 illuminet.

369 3880 534 3938 Utilia
605 3887 788 3940 omnia
854 3905 1022 3943 unum
1087 3892 1402 3960 sepulcrum
1469 3892 1617 3948 intus
1686 3893 1881 3958 habet;

296 3990 440 4030 unus
483 3977 628 4030 enim
661 3980 1105 4036 omniumomnia
1135 3983 1186 4037 in
1216 3984 1322 4038 vita
1355 3985 1564 4038 habuit.

367 4069 484 4124 Non
525 4080 778 4126 mortuus
828 4089 888 4130 es
919 4083 1006 4141 tu,
1062 4076 1156 4130 sed
1191 4078 1549 4132 absconditus
1595 4078 1772 4132 solum
1808 4079 1884 4132 la-

295 4161 443 4232 pide,
464 4161 556 4216 Dei
581 4163 797 4224 faciem,
832 4181 938 4219 non
972 4176 1123 4237 terga
1157 4170 1459 4237 conspicis.

368 4255 426 4309 In
482 4266 639 4310 nocte
690 4256 924 4321 furatus.
965 4276 1071 4314 non
1120 4262 1172 4315 in
1204 4245 1402 4316 vanum
1439 4263 1702 4331 gloriatur
1741 4263 1884 4318 Cha--

297 4360 432 4412 ron;
468 4362 575 4401 non
611 4357 736 4402 tuus
767 4349 871 4404 fuit
903 4366 1079 4421 neque
1111 4353 1412 4407 inferorum
1451 4353 1566 4406 fati.

363 4437 420 4492 In
453 4448 610 4494 nocte
652 4441 903 4509 moreris,
948 4445 1121 4498 solem
1174 4456 1354 4500 autem
1402 4445 1568 4516 fugis,
1609 4461 1676 4502 nc
1713 4447 1760 4502 si
1796 4448 1880 4502 rei

293 4529 510 4586 adesset
533 4530 737 4587 inferos
770 4533 1150 4590 illuminasset.

364 4620 536 4677 Filius
581 4623 717 4680 lucis
745 4625 888 4680 diem
931 4627 1270 4697 praeveniens
1306 4628 1590 4685 Christum
1642 4607 1869 4698 invenit,

291 4711 484 4778 solem,
512 4712 712 4780 lucem,
744 4716 908 4770 diem.

362 4806 444 4860 Ad
476 4807 606 4877 quid
639 4809 990 4877 sepulcrum?
1026 4809 1298 4864 Mortuum
1333 4819 1563 4866 testatur
1599 4813 1735 4868 nihil
1772 4815 1872 4869 ha-

289 4897 476 4954 buisse
514 4900 616 4955 nisi
649 4901 1014 4956 trieubitalem
1054 4917 1202 4958 nunc
1231 4903 1488 4972 lapidem.

360 4990 555 5048 Inutile
567 4993 907 5063 sepulcrum;
938 5004 1132 5070 natura
1147 4995 1304 5052 testis
1322 4996 1494 5051 soluat
1518 4996 1841 5067 phantasma
1854 5041 1867 5064 ,

291 5094 568 5141 mortuum
603 5102 709 5142 non
736 5088 1037 5143 ostensioni
1059 5089 1242 5143 datum
1265 5104 1407 5146 esse.

359 5178 464 5246 Qui
496 5179 650 5249 prius
695 5195 952 5244 exosum,
998 5197 1144 5236 nunc
1190 5183 1488 5251 pretiosum
1531 5184 1863 5253 sepulcrum.

288 5270 391 5324 etsi
427 5271 572 5325 enim
593 5288 843 5332 exosum.
869 5274 961 5328 sed
993 5274 1212 5344 pretiosi
1243 5273 1366 5331 fuit.

359 5363 482 5418 'l‘ibi
520 5365 720 5420 viventi
769 5381 970 5436 cerpus
1012 5367 1344 5436 Sepulcrum,
1378 5368 1430 5422 in
1471 5367 1723 5437 sepulcro
1766 5384 1865 5422 au-

290 5465 397 5510 tem
449 5456 580 5511 illud
627 5473 835 5527 ponens
870 5474 1014 5512 nunc
1057 5459 1219 5524 vivis,
1265 5461 1578 5530 sepulcrum
1615 5461 1865 5530 sepulcro

288 5559 573 5619 postquam
606 5550 987 5605 occultaveris.

363 5638 572 5710 Duplex
602 5651 682 5696 est
712 5643 1055 5711 sepulcrum;
1097 5660 1261 5698 unum
1295 5645 1486 5710 animi,
1529 5645 1748 5710 mentis,
1781 5662 1865 5699 ra-

295 5733 485 5797 tionis,
534 5734 800 5788 bonorum
845 5734 1113 5799 omnium,
1152 5735 1383 5791 alterum
1424 5747 1603 5792 autem
1643 5736 1866 5791 mortui.

371 5849 417 5880 ⁸⁶
449 5848 578 5920 Leg.
609 5850 891 5920 κρύπτειν.
969 5852 1010 5883 ⁸⁷
1046 5849 1172 5923 Leg.
1210 5853 1599 5924 πεπταμένοις.

1678 5853 1720 5886 ⁵⁸
1752 5852 1883 5908 Cod.

1984 3240 2201 3297 Charon
2230 3241 2513 3310 improbus
2543 3247 2595 3293 et
2622 3236 2708 3292 fur
2731 3248 2889 3290 nocte
2921 3236 3065 3289 hunc
3103 3233 3322 3304 eripuit.

2053 3329 2173 3386 Non
2205 3330 2469 3386 commori
2517 3329 2613 3383 tibi
2672 3342 2866 3383 omnes
2899 3341 3064 3381 causa
3107 3335 3191 3380 est
3234 3323 3571 3393 Sepulcrum,

1984 3438 2110 3477 nam
2165 3421 2472 3477 tricubitale
2517 3436 2642 3476 cum
2701 3419 2776 3474 sit
2829 3433 3023 3473 omnes
3080 3415 3417 3471 abscondere
3476 3431 3571 3470 nc-

1983 3514 2123 3584 quit.

2516 3605 2642 3661 108.
2681 3604 2742 3660 In
2782 3598 3047 3675 scipsum.~

2062 3699 2387 3770 Propitiare,
2408 3699 2790 3754 universorum
2817 3715 2934 3761 rex,
2965 3695 3185 3768 peccavi
3206 3709 3314 3750 non
3345 3695 3568 3760 volens;

1987 3794 2289 3864 propitiare
2340 3793 2546 3863 culpze;
2598 3792 2885 3848 columnas
2934 3791 3126 3846 statuit
3167 3788 3381 3844 adulter
3426 3789 3567 3843 intra

1986 3903 2082 3942 cor
2111 3901 2293 3941 meum
2323 3894 2642 3956 sponsatum
2690 3884 2810 3947 tibi,
2842 3898 3068 3953 sponse.

2057 3977 2222 4031 Multa
2308 3976 2626 4046 turpissima
2701 3974 2911 4044 ﬂagella
2977 3973 3186 4028 frustra
3255 3972 3453 4028 animae
3510 3967 3566 4024 in

1986 4071 2268 4134 lateribus,
2305 4068 2396 4123 ubi
2423 4067 2842 4138 expergefactus
2869 4082 3013 4122 sum.

2054 4162 2197 4217 Caro
2223 4161 2613 4216 contumeliam
2651 4174 2778 4214 orsa
2816 4168 2922 4222 est,
2967 4169 3326 4214 surrexerunt
3360 4159 3568 4212 vent-ris

1985 4257 2206 4320 ﬂuctus,
2255 4255 2400 4311 venti
2453 4253 2706 4326 gulosum
2749 4253 3151 4311 excitaverunt.
3197 4254 3264 4305 ad
3307 4251 3563 4321 abyssum

1989 4358 2177 4418 raptus
2201 4363 2366 4415 sum;
2399 4346 2618 4411 venisti,
2678 4361 2795 4412 rex,
2843 4354 2898 4400 et
2935 4345 3226 4400 conatibus
3268 4346 3563 4413 ancipitem

1987 4441 2086 4496 das
2119 4440 2438 4506 victoriam;
2468 4447 2523 4492 et
2563 4437 2734 4492 menti
2775 4435 3190 4507 intelligentiam
3238 4444 3490 4506 praestas,
3511 4445 3566 4490 et

1979 4535 2175 4590 animm
2222 4533 2508 4588 rationem.

2051 4627 2353 4696 Propitiare
2397 4626 2504 4690 his,
2539 4634 2592 4680 et
2638 4627 2690 4679 in
2721 4624 2919 4680 caelum
2953 4622 3097 4678 felici
3139 4622 3348 4688 volatu,
3381 4632 3437 4676 ttt
3469 4639 3562 4675 na-

1977 4734 2094 4775 vem
2136 4718 2335 4773 inﬂatis
2381 4717 2533 4779 velis.
2561 4717 2811 4786 spiritum
2842 4724 2993 4770 tuum
3027 4716 3312 4782 perducas.

2192 4811 2314 4866 109.
2357 4810 2423 4865 In
2455 4811 2686 4864 Athenas
2725 4819 2774 4863 ct
2811 4808 3347 4878 Constantinopolim.

2051 4904 2341 4958 Erechthei
2407 4905 2568 4958 tellus
2627 4904 2816 4956 urbem
2861 4902 3160 4965 exstruxit,
3216 4903 3309 4955 sed
3359 4903 3556 4956 cadum

1977 4995 2288 5050 construxit
2330 5009 2528 5048 novam
2575 4993 2824 5047 Romam.
2859 4991 3048 5058 Terra,
3081 4991 3433 5062 pulchritudo
3462 5008 3558 5060 po-

1978 5087 2102 5152 tiur,
2140 5095 2344 5156 quanto
2376 5085 2714 5153 splendidum
2741 5085 2962 5139 coelum.

2332 5177 2451 5231 110.
2485 5175 2548 5230 1η
2574 5175 2898 5232 Athenarum
2926 5183 3205 5245 sapientes.

2047 5271 2431 5330 Athenienses,
2489 5269 2777 5337 prredieate
2830 5281 3040 5323 veteres
3082 5271 3202 5323 illos
3255 5268 3546 5338 sapientes,

1973 5362 2252 5421 Platones.
2305 5359 2579 5424 Socrates,
2646 5357 3003 5423 Xenocrates,
3059 5359 3344 5428 Epicuros.
3419 5359 3551 5429 Pyr-

1975 5457 2199 5518 rhones,
2233 5451 2592 5515 Arist0teles;
2635 5451 2768 5504 nihil
2801 5462 3048 5518 superest
3077 5453 3254 5516 vobis,
3305 5452 3408 5506 nisi
3449 5452 3553 5522 lly—

1976 5549 2127 5604 metti
2174 5549 2298 5608 mel,
2343 5553 2685 5599 mortuorum
2738 5546 2907 5600 theca)
2951 5557 3002 5599 et
3035 5546 3365 5616 sapientium
3397 5548 3548 5615 cogi-

1979 5652 2087 5697 tata
2122 5660 2134 5695 :
2166 5637 2286 5695 in'bi
2319 5646 2522 5692 nostrze
2559 5636 2712 5701 fides,
2748 5647 2800 5690 ct
2831 5639 3105 5706 sapientes
3141 5655 3441 5693 sermones.

2050 5733 2276 5788 Athena:
2315 5729 2467 5791 urbs,
2523 5727 2688 5780 alora
2735 5729 3001 5796 reginam.
3046 5729 3322 5785 Oleaslros
3357 5729 3541 5800 praedi

1922 5853 2075 5921 θῆκε.
2108 5865 2230 5904 eum
2275 5865 2329 5903 αι
2354 5843 2798 5915 superimposito.
