4044 6558
444 375 546 438 955

447 487 558 539 Kal.
583 488 707 550 τοὺς
735 489 966 558 τρόπους
999 489 1196 555 ἔδειξεν
1217 493 1291 554 ὡς
1328 492 1537 558 ζῶντας
1569 496 1808 565 βλέπειν,

455 577 564 630 Kal.
594 579 721 642 τοὺς
753 578 933 643 λίθους
959 581 1175 635 ἔπεισεν
1197 585 1486 654 ἀστραπὰς
1523 587 1729 657 φέρειν,

448 667 559 720 Καὶ
587 668 764 722 πάντα
792 670 893 739 σῆς
931 672 1193 743 μετέσχεν
1217 676 1431 746 αἱγλης,
1463 679 1667 748 Χριστέ
1702 698 1823 750 μου.

779 775 883 841 ρκ’.
914 775 1018 838 Εὶς
1048 773 1156 827 τὸν
1177 775 1347 845 ἅγιον
1376 778 1697 847 Θεόδωρον.

455 875 672 947 Ῥἧτορ,
711 882 1004 952 στρατηγὲ,
1049 884 1277 956 μάρτυς,
1313 887 1568 958 ἀνδρείας
1591 888 1750 952 τύπε,

447 967 704 1038 Ἀγαλμα
736 970 989 1036 κάλλους,
1018 974 1228 1044 ἀρετῶν
1262 978 1450 1046 κρᾶμα
1490 978 1655 1044 ξένον,

443 1056 533 1108 Σοὶ
573 1059 748 1114 πάντα
768 1062 938 1131 τάμὰ,
966 1065 1048 1117 σοὶ
1078 1067 1268 1137 πνοὴν,
1303 1069 1384 1121 σοὶ
1413 1070 1538 1133 τοὺς
1569 1070 1776 1139 λόγους,

442 1150 528 1202 Σοὶ
565 1152 747 1222 χειρὸς
775 1153 954 1224 ἄρσιν,
987 1157 1071 1209 σοὶ
1101 1159 1345 1226 πορείαν,
1374 1162 1458 1213 σοὶ
1481 1162 1692 1232 στάσιν,

451 1239 699 1311 Ἰωάννης
727 1243 930 1308 δίδωσι,
965 1249 1047 1300 σοὶ
1072 1248 1139 1301 τὰ
1164 1250 1341 1304 πάντα
1367 1269 1480 1321 μοι,

435 1329 631 1395 Φύλαξ,
662 1332 874 1403 όδηγὸς,
902 1335 1192 1407 σύμμαχος
1220 1339 1399 1407 γένοιό
1435 1360 1547 1412 μοι.

892 1449 1032 1514 ρκα’.
1081 1446 1218 1514 Περὶ
1247 1452 1548 1518 γυναικός.

432 1545 688 1601 Θάλασσα
720 1549 813 1603 καὶ
843 1552 953 1622 πῦρ
975 1556 1066 1607 καὶ
1089 1556 1225 1628 γυνὴ
1256 1560 1425 1612 κακὸν
1447 1559 1652 1630 τρίτον.

449 1638 585 1704 Ἐγὼ
614 1639 670 1692 δέ
701 1657 843 1712 φημι
866 1645 1082 1713 πρῶτον
1109 1649 1140 1718 ἡ
1170 1650 1312 1719 κακὴ
1339 1652 1546 1706 κακῶν.

431 1727 544 1798 Τῆς
567 1729 611 1783 δ’
635 1727 701 1786 αὖ
736 1733 908 1806 καλῆς
946 1737 1232 1793 κάλλιστον
1265 1742 1417 1795 οὐδὲν
1450 1744 1506 1796 ὲν
1533 1744 1654 1814 βίῳ.

1161 1833 1299 1902 ρκβκ

430 1911 588 1983 Εἶχον
614 1916 704 1969 τὸν
725 1919 892 1989 ἀγρὸν
921 1923 1124 1992 ἡδονῶν
1156 1927 1197 1958 ‘5"
1223 1944 1275 1979 τι
1306 1929 1507 1999 χωρίον

441 2005 610 2072 Ἰδεῖν,
644 2015 860 2078 φαγεῖν,
884 2018 1028 2068 πιεῖν
1048 2035 1125 2080 τε,
1149 2019 1445 2088 τερφθῆναι
1471 2023 1647 2091 μέλει.

439 2097 576 2151 Ἀλλ’
601 2100 672 2163 ὡς
705 2103 793 2157 τὸν
821 2105 982 2171 ἁγνὸν
1012 2109 1138 2160 ναὸν
1164 2107 1300 2162 εἶδον
1325 2113 1642 2184 Παρθένου,“

423 2191 603 2245 Μέσον
631 2199 821 2248 πατεῖν
851 2197 1003 2263 ἔδοξα
1034 2202 1122 2253 τὸν
1152 2201 1402 2275 λαμπρὸν
1435 2207 1614 2263 πόλον.

797 2306 934 2376 ρκγ’.
960 2311 1059 2375 Εἰς
1089 2314 1381 2380 σαρκικύν
1404 2315 1613 2384 ἔρωτα.

421 2409 486 2461 El
508 2411 638 2480 πυρῖ
668 2413 776 2484 πῦρ
803 2416 1029 2482 ἐπάγεις
1052 2418 1296 2490 βρόμιον,
1325 2426 1472 2494 μάλα
1499 2429 1690 2484 πολλὸν
1713 2433 1988 2500 ἀνάπτεις·

493 2504 554 2554 Εἰ
582 2505 637 2556 δὲ
673 2509 822 2578 πόθῳ
855 2512 1076 2578 σαρκὸς,
1107 2513 1246 2570 θεῖον
1282 2518 1693 2590 ἀποσϐεννύεις.

424 2591 602 2660 Ἔρως
638 2596 666 2647 ὁ
700 2595 868 2660 δεινὸς
895 2602 1151 2671 ὲκτυφλοῖ
1179 2623 1280 2674 μου
1302 2609 1401 2672 τὰς
1442 2613 1644 2682 φρένας
1669 2632 1682 2645 ⁶

433 2683 570 2738 Ἀλλ’
593 2687 861 2759 αίθριάζει
893 2693 983 2757 σὸς
1012 2696 1173 2760 πόθος
1205 2717 1293 2768 με,
1319 2702 1524 2772 Χριστέ
1557 2724 1680 2776 μου.

749 2799 885 2866 ρκιῗ.
917 2803 1017 2868 Εἰς
1052 2804 1158 2857 τὸν
1197 2805 1307 2875 τῆς
1333 2813 1641 2882 τραπέζης.

416 2903 527 2971 Τῆς
564 2906 666 2975 γῆς
703 2907 731 2958 ὁ
764 2909 969 2981 κόσμος
997 2911 1026 2967 ὃ
1056 2915 1259 2981 γλυκὺς
1291 2921 1701 2992 Κωνσταντῐνος

427 2998 691 3054 Ἐνταῦθα
715 3005 908 3069 κεῖται,
953 3006 1055 3075 φεῦ
1079 3008 1280 3073 πόσοςί
1312 3014 1506 3084 φρένες
1535 3018 1698 3074 πόσαι
1722 3022 1735 3075 l

483 3092 719 3166 Πτωχῶν
742 3096 1009 3166 τράπεζα,
1040 3099 1314 3158 δεσποτῶν
1342 3109 1374 3176 ή
1417 3111 1734 3184 φαιδρότης,

413 3275 556 3322 trum
587 3279 640 3325 et
685 3270 883 3341 figuras
918 3279 1160 3335 ostendit
1191 3292 1249 3336 ut
1287 3282 1534 3340 viventes
1581 3287 1783 3353 videre,
1815 3303 1867 3346 et
1895 3295 1977 3346 l.n-
2007 3302 2048 3360 ο

410 3358 565 3428 pides
595 3363 774 3434 coegit
801 3366 1016 3437 fulgura
1069 3372 1381 3442 immittere,
1421 3387 1477 3431 et
1528 3381 1786 3438 omnibus
1825 3394 1976 3438 tuum

409 3451 595 3510 tribuit
617 3456 983 3526 splendorem,
1040 3461 1255 3521 Christe
1289 3469 1384 3524 mi.

765 3569 886 3624 120.
922 3571 954 3624 Ι
957 3590 989 3625 n
1010 3585 1246 3629 sanctum
1272 3577 1618 3640 Theodorum.

476 3671 704 3737 Rhetor,
764 3679 896 3746 dux,
963 3693 1191 3754 martyr,
1261 3685 1600 3746 fortitudinis
1676 3699 1973 3768 exemplar,

405 3764 825 3832 pulchritudinis
865 3783 1112 3836 ornatus,
1145 3777 1408 3834 virtutum
1458 3785 1800 3842 admirabilis
1839 3764 1972 3844 con-

399 3855 633 3924 junctlo,
676 3863 768 3916 tibi
802 3879 919 3918 mea
949 3869 1157 3932 omnia,
1192 3872 1289 3925 tibi
1314 3874 1502 3938 vitam,
1534 3877 1630 3930 tibi
1659 3895 1965 3947 sermones,

401 3950 500 4004 tibi
544 3968 736 4010 manus
798 3967 1032 4026 motum,
1084 3963 1182 4016 tibi
1229 3980 1498 4033 gressum,
1544 3969 1640 4022 tibi
1675 3972 1970 4030 stationem

397 4038 634 4098 Joannes
661 4045 838 4110 offert,
863 4049 961 4103 tibi
993 4065 1110 4106 mea
1138 4057 1351 4122 omnia;
1379 4069 1590 4126 custos,
1621 4061 1756 4127 dux,
1783 4065 1973 4120 defen-

398 4146 492 4187 801⁸
522 4149 678 4192 meus
705 4147 844 4192 esto.

923 4248 1045 4304 121.
1090 4251 1165 4306 De
1201 4256 1439 4312 muliere.

464 4346 632 4415 Mare,
683 4351 823 4422 ignis
848 4364 902 4409 ct
943 4359 1138 4414 mulier
1160 4375 1286 4418 sunt
1311 4367 1448 4420 mala
1482 4369 1607 4424 tria.
1638 4369 1750 4442 Ego
1783 4383 1962 4430 autem

392 4435 516 4490 dico
540 4439 773 4507 primum
812 4445 1075 4503 malorum
1109 4453 1304 4507 malam
1355 4456 1644 4512 mulierem
1699 4477 1842 4526 esse,
1871 4465 1965 4519 sed

395 4528 634 4584 vicissim
666 4532 809 4588 bona
845 4537 980 4593 nihil
1013 4557 1134 4597 esse
1172 4545 1367 4602 melius
1388 4547 1442 4601 in
1476 4551 1703 4606 nmndo.

1130 4649 1247 4707 122.

463 4747 735 4806 Habebam
777 4755 1112 4826 voluptatum
1152 4761 1317 4816 latum
1356 4765 1646 4834 quemdam
1673 4783 1953 4839 campum,

389 4841 594 4907 videre,
616 4847 923 4916 comedere,
953 4851 1139 4908 bibere
1171 4864 1224 4909 ct
1249 4855 1508 4912 delectari
1533 4870 1718 4913 cantu.
1744 4860 1846 4915 Sed
1877 4864 1964 4917 ubi

387 4947 586 5000 purum
643 4939 748 4993 vidi
807 4944 1063 5010 templum
1117 4945 1377 5016 Virginis,
1429 4951 1678 5006 medium
1747 4955 1964 5012 calcare

386 5026 676 5094 Spleudens
711 5037 908 5089 emtum
944 5046 1095 5092 ratus
1113 5055 1256 5094 sum.

767 5145 888 5200 125.
933 5146 996 5200 1η
1019 5147 1288 5202 carnalem
1310 5166 1566 5207 antorem.

455 5244 511 5300 Si
543 5247 651 5315 igni
696 5251 1014 5305 alimentum
1056 5254 1234 5321 ignem
1287 5257 1518 5325 prmbes,
1571 5261 1743 5315 multo
1782 5265 1954 5334 magis

384 5333 713 5403 incenditur,
737 5343 780 5394 si
815 5352 994 5397 autem
1018 5347 1189 5400 amori
1234 5352 1437 5417 carnis,
1461 5351 1705 5406 divinum
1744 5356 1945 5410 restin-

384 5427 526 5495 guis.

449 5519 617 5571 Amor
666 5507 843 5576 saevus
892 5525 1135 5583 obczeeat
1181 5533 1312 5586 mihi
1372 5547 1639 5606 mentem;
1690 5543 1782 5595 sed
1821 5553 1944 5601 tuus

381 5622 466 5662 me
499 5608 766 5664 illuminat
792 5628 962 5682 amor,
998 5619 1210 5678 Christe
1241 5624 1332 5679 mi.

453 5789 493 5818 σι
527 5787 659 5841 Col.
691 5790 928 5859 ὴδωνῶν.

1709 389 2022 448 ,ΙΟΑΝΝΙΞ
2052 391 2483 453 GEOMETIL‘E

2049 509 2084 560 Α
2122 502 2338 572 Κόσμος
2371 505 2669 573 δυναστῶν,
2701 509 2905 572 τάξεων
2939 511 3232 582 εὐρυθμία,

2121 595 2241 647 Τῶν
2275 596 2485 665 ἀρετῶν
2516 599 2879 671 πρόγραμμα,
2905 603 3012 656 τῶν
3042 605 3222 659 καλῶν
3259 607 3404 677 ὅρος,

2129 687 2348 760 Ῥώμης
2375 691 2437 743 τὸ
2470 692 2689 758 κάλλος,
2712 695 2840 762 δόξα
2863 697 2970 749 τῶν
3008 701 3333 770 πατρικίων,

2119 780 2161 830 Τ
2165 780 2229 848 ἡν
2257 783 2524 854 κοσμικὴν
2553 785 2814 854 σύγχυσιν
2840 787 2915 850 ὡς
2936 788 3077 858 ἔγνω
3102 791 3288 858 πάλιν,

2130 869 2396 939 ’Λπῆλθεν
2426 874 2588 937 εὐθὺς
2614 877 2641 928 ό
2664 875 2868 944 γλυκὺς
2899 881 3329 952 Κωνσταντῖνος,

2129 961 2278 1016 Ἰδεῖν
2307 964 2376 1018 τὰ
2413 967 2588 1038 πικρὰ
2630 968 2703 1038 μὴ
2735 969 2967 1042 θελήσας
3007 973 3101 1026 τοῦ
3138 974 3276 1044 βίον.

2444 1149 2448 1152 _
2491 1089 2624 1154 ρκε’.
2658 1086 2758 1152 Ei;
2789 1087 2902 1155 τὴν
2933 1088 3293 1162 ἀποδημίαν.

2126 1191 2214 1244 Ἐν
2242 1192 2374 1263 μηνὶ
2399 1192 2622 1265 Δύστρῳ
2655 1195 2752 1268 τὴν
2778 1196 3050 1264 Βύζαντος
3075 1204 3260 1257 ἑστίαν

2113 1282 2319 1348 Λιπὼν,
2362 1283 2570 1338 ἐλαύνω
2597 1287 2735 1358 πρὸς
2778 1289 2931 1342 πόλιν
2968 1293 3291 1365 Σηλυϐρίας.

2112 1374 2509 1447 Στιλϐουμένην
2538 1379 2648 1450 γὰρ
2685 1380 2809 1450 ἄρτι
2847 1386 3119 1455 ῥομφαίαν
3146 1388 3378 1457 βλέπων,

2113 1467 2221 1518 Kal.
2257 1470 2490 1540 συγγενῆ
2525 1471 2803 1545 μάχαιραν
2831 1476 3222 1550 ἀγριουμένην,

2111 1558 2219 1610 Καὶ
2247 1559 2524 1628 θηριῶσαν
2558 1565 2656 1633 τὴν
2707 1566 2878 1638 Ἑῴαν
2899 1571 3035 1640 πρὸς
3061 1573 3277 1641 φόνους,

2109 1651 2217 1703 Καὶ
2245 1653 2406 1720 γνοὺς
2427 1656 2547 1708 κατ’
2569 1659 2703 1711 ἄστυ
2740 1661 2833 1713 καὶ
2861 1667 3196 1733 στεναγμοὺς
3225 1669 3318 1720 καὶ
3342 1669 3536 1740 δάκρυ,

2119 1742 2205 1807 Ὠς
2244 1747 2323 1808 εἰς
2358 1745 2597 1818 γαλήνην
2628 1749 2855 1805 ἔϐλεπον
2886 1753 2986 1825 τὴν
3024 1756 3316 1828 Ἑσπέραν.

2036 1839 2076 1896 Β
2107 1835 2274 1890 Οὔπω
2293 1838 2508 1907 διῆλθον
2535 1841 2632 1912 τῆς
2655 1844 2859 1914 ἀθύρου
2889 1847 2948 1900 τὸ
2984 1850 3179 1920 στόμα,

2105 1929 2224 1982 Τῶν
2267 1931 2515 2004 Ἀμαλὴκ
2541 1936 2654 2006 όρῶ
2675 1938 2882 2007 πλῆθος
2912 1942 3277 2015 ἠγριωμένον,

2113 2023 2565 2092 Ὀδοστατοῦντας
2593 2031 2718 2090 τοὺς
2741 2032 2919 2097 όδίτας
2953 2037 3219 2105 ἐκτόπως,

2100 2115 2350 2184 Τροφῶν,
2387 2121 2657 2190 πενήτων,
2691 2123 2947 2197 ἁρπαγὴν
2979 2130 3070 2182 καὶ
3102 2135 3425 2202 χρημάτων,

2113 2206 2366 2276 Ἀνδρῶν,
2401 2213 2677 2277 γυναικῶν
2708 2218 2985 2280 κωκυτοὺς
3016 2223 3110 2274 καὶ
3147 2224 3396 2290 παιδίων,

2100 2297 2208 2350 Kal
2233 2299 2532 2368 παρθένους
2564 2305 2767 2372 σεμνάς
2800 2323 2858 2360 τε
2891 2310 2984 2362 καὶ
3015 2311 3422 2386 μελαμφόρους,

2099 2389 2504 2461 Γυμνουμένας,
2542 2394 2679 2463 φεῦί
2711 2401 2899 2467 χεῖρας
2928 2403 3191 2471 αἰρούσας
3228 2408 3362 2471 ἄνω,

2096 2481 2206 2534 Καὶ
2235 2481 2333 2552 τὴν
2359 2483 2574 2554 ὁρῶσαν
2606 2493 3064 2563 μαρτυρουμένας
3103 2497 3283 2569 δίκην.

2095 2573 2332 2628 Τοιαῦτα
2363 2593 2452 2646 μοι
2485 2578 2553 2631 τὰ
2580 2582 2770 2651 πρῶτα
2799 2585 2897 2656 τῆς
2925 2587 3216 2658 ἐκδημίας.

2096 2665 2236 2735 Ἤδη
2265 2667 2323 2720 δὲ
2354 2668 2544 2741 πόῤῥω
2572 2671 2663 2724 τὸν
2693 2673 2895 2744 δρόμον
2926 2681 3276 2750 ποιουμένου,

2094 2756 2333 2828 Πρᾶγμα
2365 2762 2685 2831 στεναγμῶν
2715 2763 2862 2828 ἄξιον
2897 2768 2991 2821 καὶ
3021 2769 3293 2841 δακρύων,

2101 2847 2243 2919 Ὥρῶ
2277 2851 2537 2920 ραγείσας
2563 2858 2659 2918 τὰς
2690 2856 2933 2929 ἀρούρας
2961 2861 3041 2925 είς
3069 2862 3251 2932 βάθος.

2088 2939 2298 3010 Αύχμῷ
2336 2942 2606 3010 χανούσας
2641 2948 2736 2999 καὶ
2758 2947 3054 3015 διαστάσας
3093 2955 3240 3018 ὅλας.

2087 3030 2226 3094 ἰὀὺς
2251 3032 2497 3103 ἀστάχυς
2529 3034 2744 3106 ὠχροὺς
2775 3039 2833 3091 δὲ
2855 3041 2947 3093 καὶ
2973 3044 3329 3114 κεκλιμένους

2085 3121 2333 3192 Νεκροὺς
2370 3125 2686 3200 καθώσπερ,
2730 3131 2960 3202 πάμπαν
2991 3135 3373 3206 ἐκλελοιπότας
3397 3158 3408 3171 ·

2382 3302 2504 3359 124.
2535 3305 2602 3361 In
2636 3307 3046 3370 Caitstantinum
3088 3333 3121 3370 a
3151 3334 3350 3373 meum.

2152 3410 2333 3469 Terra:
2355 3415 2544 3483 decus,
2581 3421 2767 3476 suavis
2795 3423 3213 3496 Constantinus,
3240 3430 3328 3485 hic
3356 3433 3522 3502 jacet,
3554 3438 3656 3493 heu

2081 3507 2350 3574 quantus!
2394 3524 2548 3564 mens
2576 3516 2808 3580 quanta!

2155 3596 2460 3667 l‘auperum
2499 3617 2709 3669 mensa,
2767 3608 3156 3676 imperatorum
3198 3615 3398 3687 fulgor,
3445 3625 3655 3690 princi-

2079 3704 2208 3757 putn
2257 3691 2444 3756 det-us,
2484 3696 2741 3751 ordinum
2799 3701 3104 3767 harmonia,
3153 3709 3416 3763 virtutum
3467 3729 3654 3767 exem-

2078 3781 2215 3850 plar,
2252 3783 2519 3839 bonorum
2560 3792 2737 3854 sedes,
2784 3793 2972 3849 Roma:
3001 3811 3412 3864 ornamentum,
3481 3808 3651 3875 gloria

2077 3871 2452 3937 patiiciorum,
2487 3880 2674 3934 mundi
2707 3885 2995 3938 tumultum
3025 3897 3083 3942 ut
3123 3889 3318 3945 iterum
3351 3895 3503 3959 vidit,
3540 3911 3650 3951 sta-

2078 3961 2172 4015 tim
2209 3963 2345 4018 abiit
2370 3968 2556 4024 suavis
2615 3970 3029 4042 Constantinus,
3083 3981 3267 4038 videre
3297 3987 3487 4041 nolens
3527 3989 3650 4045 vita:

2074 4058 2487 4116 amaritudines.

2460 4152 2582 4209 125.
2617 4151 2683 4208 In
2710 4173 2975 4226 egressum
2997 4179 3024 4217 ε
3061 4167 3258 4234 patria.

2138 4257 2193 4312 ln
2231 4275 2417 4316 mense
2440 4262 2634 4333 Dystro
2671 4265 2915 4337 Byzantii
2945 4272 3127 4328 sedem
3161 4277 3438 4348 linquens,
3476 4297 3640 4354 pergo

2071 4349 2136 4403 ad
2172 4351 2360 4405 urbem
2411 4351 2737 4424 Selybriam.
2791 4358 3187 4422 Scintillantem
3220 4370 3361 4424 enim
3392 4349 3522 4430 tunc
3557 4349 3634 4428 vi-

2070 4440 2207 4494 dens
2231 4442 2464 4510 gladium
2498 4454 2552 4500 et
2601 4447 2884 4506 efferatum
2928 4470 3138 4522 ensem,
3181 4469 3235 4514 et
3276 4463 3540 4518 orientem
3576 4468 3640 4520 ad

2070 4547 2233 4587 neces
2275 4545 2542 4604 ruentem,
2583 4551 2636 4595 et
2657 4541 2925 4601 clamores
2961 4547 3013 4602 in
3039 4549 3261 4606 civitate
3307 4563 3360 4608 et
3401 4557 3641 4626 gemitus

1997 4635 2045 4693 υ
2071 4633 2124 4674 et
2153 4623 2440 4693 lacrymas,
2475 4638 2532 4681 ut
2567 4629 2620 4684 in
2651 4633 2943 4690 serenitate
2965 4640 3257 4695 cernebam
3281 4647 3636 4702 occidentem.

2065 4711 2318 4769 Nondum
2346 4719 2668 4776 transieram
2696 4740 2758 4779 os
2784 4727 2983 4797 atliyri,
3018 4730 3174 4785 video
3204 4733 3630 4793 Amalecitarum

2068 4805 2468 4864 multitudinem
2502 4811 2806 4880 efferatam,
2842 4819 3082 4876 viatores
3115 4824 3452 4884 detinentem
3492 4831 3636 4887 inso-

2066 4896 2183 4962 lite,
2216 4899 2486 4968 ciborum,
2522 4919 2819 4975 pauperum
2855 4921 2909 4965 et
2940 4917 3356 4982 possessionum
3409 4925 3636 4993 ereptio-

2067 5004 2212 5055 nem,
2260 4991 2530 5058 virorum,
2595 4998 2886 5055 mulierum
2934 5016 2990 5059 et
3037 5022 3330 5075 puerorum
3377 5013 3632 5082 lamenta,

2065 5083 2307 5152 virgines
2338 5087 2549 5144 nobiles
2580 5099 2633 5145 et
2671 5094 3016 5176 obscuratas,
3044 5102 3296 5170 uudatas,
3344 5106 3482 5162 heu!
3519 5124 3634 5163 ma-

2063 5191 2167 5229 nus
2223 5192 2444 5233 sursum
2519 5184 2792 5252 tollentes,
2861 5199 2914 5244 et
2968 5191 3238 5260 justitiam
3314 5211 3628 5255 cernentem

2056 5280 2396 5328 attestantes.
2440 5273 2595 5330 Talia
2660 5277 2882 5336 fuerunt
2941 5286 3074 5339 mihi
3133 5303 3388 5356 egressus
3447 5292 3626 5348 initia.

2053 5360 2172 5415 Jam
2206 5372 2383 5419 autem
2418 5366 2578 5438 longe
2628 5385 2753 5426 cum
2800 5391 3026 5431 cursum
3077 5382 3482 5449 produxissem,
3518 5403 3626 5441 rem

2051 5455 2342 5523 gemitibus
2400 5470 2453 5513 et
2480 5460 2733 5533 lacrymis
2789 5468 3006 5539 dignam
3059 5474 3288 5543 aspicio,
3319 5492 3542 5547 campos
3572 5481 3625 5534 in

2057 5548 2344 5614 voragines
2376 5551 2642 5608 violenter
2689 5573 3004 5626 conversos,
3055 5566 3286 5634 turpiter
3322 5568 3536 5626 hiantes
3569 5582 3626 5627 et

2054 5640 2274 5695 omnino
2303 5643 2651 5712 dilaceratus,
2683 5651 2863 5719 spicas
2915 5657 3184 5714 marcidas
3218 5671 3271 5715 et
3303 5661 3616 5728 inclinatas,
