4054 6602
377 415 482 483 957

380 533 445 586 υἱ
470 531 516 585 δ’
551 531 781 602 ἀγρόται
810 530 1107 595 κύπτοντες
1133 533 1209 594 είς
1241 534 1341 600 γῆν
1377 533 1432 584 ἐν
1462 549 1661 595 πόνοις,

384 624 620 677 ὐλωλεν
650 624 824 689 ἐλπὶς,
857 624 1065 694 οἴχεται
1105 626 1198 676 καὶ
1226 627 1334 687 πᾶς
1366 625 1545 688 πόνος,

384 717 661 784 Ἕφασκον
680 732 692 746 ·
727 715 878 769 οὐδὲν
901 719 1082 786 χεῖρες
1105 716 1529 786 ὲκτετριμμέναι

386 810 626 862 Ἢιυσαν
662 803 851 863 αὗταιο
889 809 1066 861 πάντα
1097 811 1199 879 ρεῖ,
1233 810 1408 862 πάντα
1447 809 1662 879 φλέγεν

380 900 567 964 Καλὰς
595 901 695 969 μὲν
723 901 853 970 ἡμῖν
878 901 1011 971 ὴφίη
1038 900 1133 962 τὰς
1172 900 1393 963 ἐλπίδας
1418 918 1430 930 ·

380 993 619 1045 Δέδωκεν
649 993 822 1062 ἀρχήν
847 1007 859 1020 ·
889 991 1022 1045 ἀλλὰ
1051 993 1146 1062 τὴν
1172 993 1406 1062 βλάστην
1427 994 1528 1062 ὅρα

394 1083 717 1153 Ἀνομσρίας
747 1083 999 1153 μάστιξιν
1029 1084 1464 1153 ἐκτετμημένην.

379 1179 474 1238 Τίς
505 1178 596 1229 καὶ
619 1175 861 1244 παρόντα
893 1176 1000 1229 τῶν
1033 1176 1209 1244 χρεῶν
1235 1175 1386 1228 λύσει
1420 1175 1595 1244 eam;

378 1268 472 1329 Τίς
503 1267 594 1320 καὶ
623 1269 888 1336 γυναῖκας
914 1268 991 1329 εἰς
1022 1266 1082 1318 τὸ
1124 1265 1314 1334 μέλλον
1344 1267 1436 1318 καὶ
1465 1265 1627 1317 τέκνα

376 1357 601 1428 Θρέψει,
636 1360 837 1428 φόρους
865 1359 1057 1421 ἄλλους
1086 1375 1144 1410 τε
1174 1359 1269 1411 καὶ
1299 1357 1640 1430 λειτουργίας

375 1451 455 1522 Τῇ
488 1451 761 1522 Καίσαρος
789 1451 883 1522 δῷ,
919 1452 1014 1505 καὶ
1051 1450 1112 1504 τὸ
1143 1453 1252 1504 πᾶν
1276 1449 1596 1520 ὲξαρκὲσει;

375 1543 490 1594 Ούκ
511 1539 656 1594 ἔστιν
682 1541 876 1604 οὐδείς.
911 1541 1074 1594 Ἀλλὰ
1096 1541 1302 1611 χαίνεις
1335 1544 1412 1605 εἰς
1448 1541 1565 1595 δέον
1591 1557 1604 1571 '

386 1634 448 1685 Ἡ
470 1632 560 1703 γῆ,
599 1632 771 1703 δέχοιο
798 1633 970 1687 τοῖσδε
1000 1635 1096 1687 σὺν
1128 1637 1236 1698 τοῖς
1269 1635 1462 1705 ληῖοις,

387 1725 563 1796 Ἠμᾶς
597 1725 838 1787 ἑκόντας.
868 1726 940 1780 Ού
968 1725 1240 1797 μενοῦμεν
1263 1728 1342 1791 είς
1365 1728 1555 1796 χρόνον

373 1817 536 1889 Λιμῷ
572 1819 828 1889 τακῆναι,
861 1817 1125 1889 σύντομον
1155 1819 1305 1872 ποθῶ
1343 1819 1514 1883 τέλος.

372 1912 528 1966 Οῦτω
553 1929 614 1980 γε
625 1911 835 1982 μισθεὶς
868 1911 1100 1980 θλίψεων
1127 1912 1220 1964 καὶ
1241 1911 1488 1980 δακρύων

371 2001 475 2054 Τὸν
503 2001 669 2071 ἀγρὸν
699 1995 842 2070 εἶχον
873 2003 950 2063 είς
975 2002 1282 2071 ὑπόμνησιν
1325 2003 1525 2065 πόνων,

371 2094 480 2146 Καὶ
500 2093 728 2163 τερπνὸν
757 2093 907 2146 οὐδὲν
937 2092 1036 2162 τὴν
1065 2096 1205 2164 ἐμὴν
1244 2095 1432 2162 θέλγον
1462 2094 1650 2165 φρένα.

369 2182 481 2234 Ούκ
509 2181 669 2245 ἄνθος
691 2178 851 2248 εἶδον,
882 2183 997 2236 ἀλλ’
1031 2183 1271 2247 ἀκᾶνθας
1301 2186 1394 2238 καὶ
1419 2184 1546 2256 βέλη
1570 2199 1581 2214 ·

367 2269 442 2323 Οὐ
478 2270 735 2340 μουσικόν
765 2271 1011 2340 τέττιγες
1036 2268 1160 2344 ᾗδόν
1203 2291 1292 2344 μοι
1319 2274 1499 2342 μέλος,

366 2362 610 2432 Τραυλὸν
641 2362 885 2432 χελιδὼν,
929 2363 1112 2429 ξουθὸν
1144 2365 1441 2433 ἀηδονίδες,

365 2454 446 2506 Τὰ
483 2453 659 2507 πάντα
692 2454 884 2518 πένθος
913 2453 1076 2526 εἶχεν.
1109 2458 1222 2509 Οὐκ
1259 2457 1628 2528 ἁργυρξχρως

367 2545 560 2618 Ἐρῤει
591 2545 810 2618 διειδὴς,
841 2546 1061 2615 κοῦφος,
1102 2547 1318 2618 ἥδιστος
1351 2548 1493 2618 μάλα
1532 2551 1576 2580 ⁸⁵

363 2637 554 2708 Κρήνη
585 2635 768 2708 ψυχρά
789 2656 872 2703 τις
897 2637 1122 2710 λουτρὸν
1153 2641 1250 2712 ἡδὺ
1278 2641 1373 2695 καὶ
1405 2642 1578 2712 πόμα,

363 2729 475 2782 Καὶ
499 2730 774 2799 γλαφυρόν
805 2750 856 2785 τι
888 2733 1400 2802 συγκελαρῤύζουσά
1433 2751 1523 2804 μοι

363 2822 456 2885 Είς
483 2821 648 2876 ὕπνον
679 2823 809 2893 ἡδὺν
833 2819 934 2894 ἦγε
962 2824 1453 2895 προσκεκλιμένον.

361 2915 437 2966 Ού
469 2915 718 2987 μαλθακή
745 2934 828 2980 τις
852 2919 946 2970 καὶ
969 2917 1264 2988 χλοηφόρος
1298 2916 1404 2970 πόα

362 3005 660 3076 Στρωμνὴν
691 3009 950 3077 παρεῖχεν
976 3005 1214 3071 εὔθετον,
1247 3007 1411 3060 πόνου
1444 3007 1586 3077 δίχα.

360 3098 471 3166 Τῆς
496 3099 600 3167 γῆς
628 3099 656 3152 ὁ
686 3098 890 3168 κόσμος
923 3093 992 3169 ἦν
1029 3098 1148 3162 ὅλος
1171 3100 1532 3170 κεκαρμένος,

371 3189 460 3252 Ὠς
490 3189 782 3261 βόστρυχόν
807 3208 891 3255 τις
921 3191 1142 3262 ἐξέκοψε
1167 3192 1262 3264 τὴν
1285 3192 1468 3263 χλόην,

1672 420 1907 480 CARMI
1920 421 2016 482 ΝΛ
2051 421 2197 479 VAR
2210 419 2298 478 [Α.

1976 540 2018 594 Α
2051 533 2293 601 Δένδρων
2317 530 2382 582 τὰ
2414 527 2608 596 φύλλα,
2636 530 2742 581 πᾶν
2778 529 2838 582 τὸ
2867 529 3056 592 κάλλος
3089 527 3311 581 ἀνθέων.

3516 413 3619 476 958

2051 622 2438 693 Μεσημϐρινὸν
2462 621 2571 691 γὰρ
2612 622 2839 691 σφοδρὸν
2867 623 3017 692 ἥλιος
3045 621 3279 690 βλέπων,

2052 717 2162 771 Καὶ
2194 718 2313 778 ταῖς
2337 713 2588 785 ἁνίκμοις
2611 715 2703 767 καὶ
2734 713 3208 784 κατεξηραμένλις

2050 811 2266 862 Βάλλων
2299 807 2558 878 ἀρούραις
2583 807 2876 876 ὲξετέφρου
2905 807 2996 860 καὶ
3021 806 3226 869 λίθους.

2058 903 2118 953 '0
2143 901 2186 953 δ’
2224 899 2448 969 οὐρανὸς
2478 897 2793 968 πάγχαλκος
2816 895 3261 966 ἠνθρακωμένος,

2048 991 2521 1061 Σπινθηρακώδεις
2547 991 2621 1054 ὼς
2645 991 2967 1059 κεραυνίους
2993 988 3197 1056 φλόγας

2047 1086 2128 1140 Τὰ
2155 1085 2323 1155 συχνὰ
2360 1085 2595 1154 πέμπων
2619 1082 2863 1150 ἀστέρων
2887 1083 3190 1151 ὲξάλματα.

2045 1180 2118 1232 Ού
2145 1178 2408 1230 Σκυθικὸν
2441 1177 2552 1248 πῦρ
2583 1176 2775 1244 ἔφλεγε
2811 1175 2910 1246 τὴν
2950 1175 3242 1244 Ἑσπέραν,

2057 1269 2197 1323 Ἀλλ’
2225 1268 2455 1339 ούρανοῦ
2489 1268 2600 1338 πῦρ
2625 1270 2718 1321 καὶ
2753 1267 2987 1338 Πρόνοια
3019 1267 3112 1320 καὶ
3146 1266 3295 1336 δίκη,

2045 1358 2500 1430 Κατεμπιπρῶσα
2525 1359 2620 1428 τὴν
2655 1359 2972 1428 μιανθεῖσαν
3007 1358 3172 1427 χθόνα
3193 1373 3209 1387 ⁸

2042 1451 2260 1514 Φθόνοις
2293 1450 2576 1519 ἀθέσμοις,
2606 1451 2899 1521 ἁρπαγαῖς,
2925 1449 3244 1522 λῃστηρίοις

2046 1546 2269 1614 Ὄρκοις
2295 1544 2569 1614 ματαίοις,
2603 1542 2780 1611 μίξεσι
2819 1541 3186 1612 ξενοτρόποις,

2053 1635 2491 1708 ’Λρῤητοποιίαις
2517 1653 2576 1687 τε
2607 1637 2700 1687 καὶ
2732 1633 2959 1698 πλοκαῖς
2984 1628 3172 1689 δόλων.

2041 1728 2196 1782 Οὕτω
2231 1729 2552 1798 σκυθρωπὸς
2579 1728 2670 1779 καὶ
2703 1727 3247 1797 κατεστυγνασμένος

2044 1819 2210 1888 Ὅλην
2239 1818 2462 1872 διελθὼν
2489 1819 2590 1888 τῆς
2610 1819 2841 1889 σελήνης
2865 1819 3077 1882 εἰκάδα,

1971 1881 2012 1935 Β
2051 1881 2446 1982 ’Υποστρέφειν
2471 1881 2683 1980 ἔγνωκα
2712 1881 2847 1982 πρδς
2874 1911 2972 1982 τὴν
2999 1911 3251 1983 πατρίδα,

2037 2003 2240 2073 Φόρτον
2274 2003 2514 2074 κομίζων
2557 2003 2852 2072 συμφορῶν
2879 2021 2938 2057 τε
2971 2005 3066 2057 καὶ
3093 2003 3293 2058 πόνων.

2040 2095 2235 2158 Τείνας
2261 2095 2318 2148 δὲ
2357 2094 2449 2146 τὸν
2483 2093 2606 2146 νοῦν
2635 2095 2730 2146 καὶ
2761 2093 3262 2165 συνεσκευασμένος

2044 2187 2291 2239 Ἤκουσα
2320 2186 2502 2240 καινά.
2542 2187 2658 2258 Πῦρ
2691 2187 3038 2257 μεσημϐρίας
3067 2187 3239 2258 μέσης

2041 2277 2257 2340 Καινῶς
2287 2277 2526 2345 ἀναφθὲν
2555 2280 2613 2330 ὲν
2641 2278 2779 2348 μέσῃ
2813 2281 2877 2348 τῇ
2914 2279 3160 2349 πατρίδι,

2038 2368 2256 2437 Μικρὰν
2295 2367 2512 2433 ἐλέγξαι
2544 2369 2636 2420 καὶ
2675 2368 2921 2437 Σοδόμων
2946 2367 3043 2438 τὴν
3072 2369 3250 2441 δίκην.

2041 2459 2115 2512 Οὐ
2144 2459 2251 2528 γὰρ
2281 2458 2524 2522 καλύϐας
2557 2459 2804 2529 ἀγροτῶν
2825 2459 2934 2513 οὐδ’
2967 2461 3228 2531 ἀγρότας,

2041 2549 2115 2603 Οὐ
2150 2548 2338 2619 δένδρα
2364 2548 2458 2600 καὶ
2485 2548 2612 2618 χοῦν
2636 2548 2756 2601 οὐδὲ
2791 2549 2886 2601 καὶ
2912 2548 3105 2619 κώμας
3127 2551 3220 2604 δύο

2037 2640 2108 2691 Τὸ
2139 2639 2309 2691 δεινὸν
2338 2638 2654 2710 ὲξέτρωξεν,
2687 2639 2731 2691 ὢ
2771 2641 2940 2711 φρίκη
2970 2641 3158 2712 δίκηςι

2051 2730 2188 2783 Ἀλλ’
2223 2729 2420 2798 ἄνδρας
2444 2727 2503 2782 εὖ
2531 2731 2839 2800 τραφέντας
2867 2731 2925 2784 εὖ
2955 2734 3288 2802 πεφυκότας,

2037 2822 2256 2887 Παῖδας,
2289 2822 2487 2892 βρέφη,
2517 2826 2804 2890 γυναῖκας,
2837 2823 3072 2894 ὡραίους
3097 2825 3268 2888 νέους,

2035 2915 2231 2976 Οῖκους
2263 2913 2577 2984 μεγίστους,
2603 2915 2940 2981 παγκάλους,
2969 2915 3398 2986 πλουτοφόρους,

2034 3007 2311 3060 Κάλλιστα
2344 3005 2487 3059 ναῶν
2519 3007 2611 3058 καὶ
2645 3006 2879 3076 μέγιστα
2913 3006 3110 3076 χωρία,

2035 3098 2210 3168 Σκεύη
2236 3115 2292 3151 τε
2325 3099 2522 3169 χρυσᾶ,
2551 3098 2930 3167 χρυσόπαστον
2958 3097 3265 3169 πορφύραν,

2037 3192 2338 3261 Ἤλεκτρον
2367 3189 2552 3261 ἄρδην,
2588 3189 2750 3258 ὄγκον
2779 3190 3215 3260 ἀργυρωμάτων,

360 3374 423 3420 ut
468 3373 735 3431 mortuas,
760 3373 816 3421 et
844 3367 1068 3423 uinitino
1095 3369 1403 3424 derelictas.
1442 3367 1709 3438 Agricola:
1747 3376 1931 3424 autem
1962 3373 2006 3432 C
2039 3377 2159 3425 tcns
2202 3367 2412 3438 lapides
2443 3368 2608 3422 etiam
2651 3368 3012 3425 incincrabat.
3065 3369 3274 3425 leum
3307 3379 3484 3427 autem
3530 3389 3605 3428 ως

361 3470 472 3524 pra:
523 3456 711 3510 dolore
764 3457 818 3511 in
883 3467 1082 3512 terram
1145 3460 1489 3528 aspicientes,
1543 3459 1712 3514 Periit
1781 3475 1929 3530 spes,

361 3545 546 3600 interit
570 3545 748 3600 omnis
789 3546 964 3612 labor,
1016 3546 1338 3618 inquiebant
1368 3565 1382 3603 :
1412 3549 1546 3602 nihil
1576 3564 1770 3604 manus
1811 3550 1928 3605 istae

358 3638 644 3709 perfracta:
700 3638 1076 3706 obtinuerunt,
1113 3641 1296 3695 omnia
1342 3640 1540 3706 ﬂuunt,
1580 3643 1764 3696 omnia
1810 3658 1931 3698 cre-

359 3739 606 3795 mantur;
647 3729 904 3798 pulchras
933 3731 1149 3799 quidem
1187 3731 1346 3786 nobis
1369 3747 1493 3801 sprs
1527 3732 1711 3794 dabat,
1771 3732 1929 3786 initia

357 3813 522 3882 dedit,
545 3815 640 3872 sed
664 3831 900 3872 messem
918 3818 1039 3873 vide
1061 3819 1331 3874 ariditatis
1352 3819 1577 3891 ﬂagellis
1605 3832 1926 3877 resecatam.

355 3903 493 3974 Quis
533 3923 772 3978 praesens
816 3909 1122 3965 debitorum
1155 3926 1294 3967 onus
1327 3912 1538 3967 solvet?
1574 3913 1699 3982 quis
1728 3923 1781 3969 et
1817 3930 1931 3969 mu-

359 3999 517 4056 lieres
545 4010 599 4056 et
625 4001 826 4056 liberos
854 4002 907 4056 in
939 4003 1178 4058 futurum
1207 4005 1432 4068 nutriet,
1464 4006 1665 4060 tributa
1683 4016 1736 4060 ct
1772 4008 1928 4061 ruini-

357 4092 524 4146 steria
556 4093 789 4148 Caesaris
844 4093 966 4148 ﬁliae
1009 4094 1179 4160 dabit,
1225 4105 1279 4150 et
1317 4098 1466 4150 omni
1525 4099 1602 4152 rei
1657 4099 1930 4154 suﬂieiet?

355 4183 554 4238 Nullus
577 4191 681 4238 est.
713 4183 818 4239 Sed
846 4187 965 4241 hias
993 4202 1021 4240 a
1051 4189 1354 4258 proposito,
1393 4198 1560 4254 terra,
1589 4192 1773 4259 accipe
1802 4207 1926 4246 cum

358 4277 512 4331 hisce
549 4277 822 4333 messibus
865 4294 964 4335 nos
987 4294 1206 4349 quoque
1238 4281 1498 4338 volentes.
1535 4281 1654 4337 Non
1682 4284 1927 4338 sustine-

356 4368 540 4424 bimus
572 4368 804 4438 amplius
835 4368 974 4426 l'ame
1001 4373 1270 4436 censumi,
1296 4373 1514 4430 brevem
1540 4375 1701 4444 cupio
1735 4375 1925 4429 tinem.

355 4459 433 4516 Ita
473 4461 845 4518 circumfusus
867 4463 1014 4518 luctu
1046 4473 1098 4518 et
1127 4464 1384 4534 lacrymis
1431 4466 1612 4520 locum
1654 4467 1923 4520 habebam

358 4555 683 4610 recordandi
748 4556 982 4620 labores,
1029 4567 1084 4612 et
1139 4557 1273 4610 nihil
1320 4557 1624 4625 jucundum
1685 4567 1924 4613 mentem

357 4662 535 4702 meam
569 4649 873 4704 recreabat.
899 4647 1116 4703 Florem
1151 4664 1257 4703 non
1294 4649 1569 4712 videbam,
1603 4651 1696 4704 sed
1737 4650 1926 4720 spinas

2032 3471 2150 3518 erat
2200 3461 2462 3526 candens,
2511 3462 2767 3526 rutilans,
2835 3472 2896 3518 ut
2973 3462 3269 3517 fulmineas
3347 3464 3597 3521 ﬂammas

2035 3556 2256 3610 mittens
2296 3563 2574 3610 astrorum
2617 3555 2934 3611 innumeros
2973 3557 3166 3611 saltus.
3217 3555 3334 3610 Non
3371 3555 3604 3628 Scytha-

2032 3662 2151 3700 rum
2219 3647 2358 3716 ignis
2408 3647 2649 3702 incendit
2691 3648 3029 3702 occidentem
3059 3689 3073 3712 ,
3104 3648 3199 3704 sed
3258 3649 3381 3704 cmli
3437 3650 3601 3719 ignis,

2031 3736 2366 3806 providentia
2399 3735 2682 3805 etjustitia
2716 3745 2917 3790 terram
2955 3738 3287 3792 comburens
3316 3738 3600 3808 pollutam,

2029 3826 2171 3882 odiis
2190 3826 2431 3896 injustis,
2454 3827 2720 3896 raptibus,
2737 3827 2918 3894 furtis,
2939 3829 3598 3898 vanisjuribusjurandis,

2031 3918 2330 3987 illegitimis
2360 3919 2649 3990 coniugiis,
2675 3920 3203 3986 abominationibus,
3235 3930 3288 3975 et
3315 3922 3601 3977 fraudibus

2034 4010 2308 4066 dolorum.
2337 4009 2415 4065 Ita
2447 4027 2588 4082 a-gre
2614 4012 2797 4066 ferens
2828 4021 2882 4066 et
2913 4022 3064 4066 torve
3086 4013 3357 4081 aspiciens
3381 4013 3600 4081 quando

2028 4103 2096 4158 ad
2123 4103 2265 4157 diem
2297 4101 2439 4157 lunae
2471 4103 2792 4174 vigesimam
2833 4103 3049 4165 deveni,
3092 4104 3293 4158 reverti
3333 4105 3498 4157 statui
3532 4103 3600 4159 ad

2030 4196 2288 4264 patriam,
2355 4211 2498 4250 onus
2551 4196 2734 4252 ferens
2787 4197 3162 4252 calamitatum
3214 4207 3268 4252 et
3327 4199 3602 4250 laborum.

2028 4285 2324 4357 Postquam
2353 4300 2534 4342 autem
2585 4297 2818 4342 mentem
2845 4299 3139 4344 exsecutus
3191 4291 3332 4342 viam
3371 4287 3603 4350 confeci,

2030 4393 2169 4432 nova
2208 4379 2410 4433 audivi.
2472 4378 2616 4448 Ignis
2659 4380 2903 4434 meridiei
2957 4381 3179 4435 insolito
3222 4396 3371 4436 more
3404 4381 3606 4438 ardens

2031 4470 2086 4523 in
2115 4469 2291 4522 media
2348 4470 2544 4538 patria,
2605 4485 2827 4540 parvam
2889 4472 3202 4525 ostenderat
3239 4471 3601 4525 Sodomorum

2034 4559 2320 4613 ultionem.
2379 4557 2495 4612 Non
2562 4560 2708 4614 enim
2759 4560 3152 4630 campestrium
3203 4561 3438 4630 tuguria,
3491 4577 3602 4614 non

2031 4643 2368 4717 campestres
2401 4651 2572 4720 ipsos,
2626 4667 2734 4706 non
2787 4653 3037 4719 arbores,
3069 4667 3315 4716 arenam,
3353 4667 3458 4705 non
3489 4653 3600 4706 duo

355 4747 411 4794 et
444 4740 700 4797 carduus.
744 4741 864 4796 Non
916 4740 1185 4796 musicum
1247 4740 1381 4795 mihi
1446 4742 1648 4797 cicadae
1699 4750 1922 4797 cantum
1960 4721 2001 4775 ο
2033 4745 2180 4798 vicos
2211 4759 2385 4799 smvus
2428 4745 2569 4814 ignis
2609 4730 2994 4811 devoraverat,
3037 4759 3071 4800 ο
3121 4744 3384 4800 terribilis
3425 4745 3599 4799 ultio!

355 4833 649 4899 sonabant,
696 4835 960 4903 garritum
1029 4834 1285 4899 hirundo,
1342 4843 1562 4889 acutum
1629 4835 1920 4900 lusciniae;

355 4925 540 4980 omnia
569 4925 750 4981 luctus
781 4925 1033 4980 habebat.
1061 4925 1178 4980 Non
1206 4935 1496 4998 argenteus
1545 4926 1766 4989 ﬂuebat,
1795 4927 1921 4980 lint-

355 5017 1149 5087 pidus,levis,iucundissimus
1169 5018 1374 5073 rivulus
1393 5018 1648 5087 frigidum
1673 5019 1922 5088 pl‘:‘t:b0ll$

358 5110 611 5165 balneum
644 5121 697 5166 et
735 5120 945 5181 potum,
981 5125 1155 5180 neque
1182 5124 1350 5165 suave
1373 5111 1505 5165 mihi
1546 5126 1840 5165 susurrans
1867 5111 1920 5164 in

356 5204 567 5258 dulcem
595 5218 848 5259 somnum
883 5204 1146 5258 invitabat
1177 5203 1545 5258 recubantem.
1572 5202 1688 5258 Non
1745 5203 1925 5257 mollis

354 5305 410 5349 ct
435 5294 680 5349 viridans
717 5295 882 5349 herba
925 5295 1102 5348 cubile
1145 5293 1415 5364 praebebat
1444 5305 1566 5364 apte
1595 5295 1922 5364 dispositum

357 5388 564 5453 absque
609 5387 816 5440 labore.
861 5386 1043 5441 Terrae
1097 5387 1259 5440 decor
1299 5397 1442 5442 totus
1485 5396 1600 5441 erat
1655 5397 1918 5448 vastatus,

357 5473 514 5540 quasi
546 5475 759 5530 locusta
796 5475 1168 5531 devoravissct
1197 5476 1444 5541 herbam,
1487 5478 1745 5532 arborum
1776 5476 1926 5531 fron-

356 5564 473 5629 des,
524 5575 576 5620 ct
609 5565 801 5620 ﬂorum
867 5567 1342 5636 pulchritudinem.
1391 5567 1524 5622 Nam
1582 5568 1921 5624 meridianos

359 5653 440 5709 sol
465 5655 735 5712 violentos
768 5658 970 5721 radios,
1003 5658 1162 5714 siccis
1189 5671 1239 5715 et
1275 5660 1440 5716 aridis
1465 5663 1675 5728 campis
1720 5661 1925 5716 immit-

429 5833 474 5866 ⁸⁸
508 5834 723 5904 Aliquid
757 5836 840 5889 hic
874 5836 1096 5891 excidit.

2031 4837 2123 4890 sed
2165 4839 2312 4893 viros
2351 4839 2489 4892 bene
2517 4837 2780 4892 educatos
2823 4839 2963 4893 bene
3001 4846 3186 4901 natos,
3228 4853 3445 4907 pueros,
3481 4854 3605 4907 par-

2031 4929 2205 4994 vulos,
2246 4929 2524 4994 mulieres,
2564 4930 2816 5000 egregios
2869 4929 3121 4999 iuvenes,
3176 4929 3371 4986 domos
3420 4931 3595 4985 maxi-

2028 5037 2168 5083 mas,
2195 5021 2613 5090 pulcherrimas,
2645 5023 2966 5088 ditissimas,
2992 5023 3280 5092 magniﬁca
3306 5024 3507 5092 templa
3547 5031 3603 5076 et

2031 5113 2328 5168 immensas
2361 5112 2542 5174 sedes,
2582 5128 2750 5166 aurea
2781 5113 3160 5183 supellcctilia,
3190 5122 3437 5168 auratam
3474 5129 3602 5181 pura

2031 5219 2245 5274 puram.
2298 5203 2584 5264 electrum,
2625 5204 2825 5260 molem
2865 5214 3273 5276 argenteorum,
3330 5204 3600 5273 margari-

2035 5304 2213 5349 tarum
2286 5293 2746 5364 pulchritudinem
2832 5295 3208 5362 destruetam,
3290 5305 3596 5350 aromatum

2031 5386 2641 5441 incommensurabilem
2705 5387 2917 5457 c0piam
2963 5390 3310 5460 vestiumquc
3360 5387 3594 5441 aliarum

2029 5490 2079 5536 et
2108 5480 2446 5542 divitiarum,
2483 5478 2761 5534 fructuum
2807 5482 3236 5538 innumerabiles
3283 5480 3592 5552 myriadum

2031 5572 2335 5641 myriades,
2363 5579 2417 5623 et
2452 5571 2654 5640 plumbi
2695 5574 2867 5626 maria
2915 5573 3220 5642 liquel‘acli,
3253 5583 3306 5628 et
3334 5571 3603 5641 margari~

2031 5670 2208 5718 tarum
2245 5661 2476 5718 nitorem
2513 5672 2919 5718 concrcmatum
2955 5681 2967 5718 :
2999 5665 3238 5719 nondum
3268 5664 3457 5719 omnia
3493 5661 3600 5716 dici
