4044 6578
370 406 467 472 961

372 523 645 591 Σταφεῖσα
678 525 722 557 ⁸⁸
744 525 788 578 δ’
813 526 952 595 αῦτη
978 525 1111 597 πρὸς
1138 526 1326 596 νοητὸν
1350 526 1662 598 Φωσφόρον,

373 614 521 667 ’Δνω
554 616 689 687 πρὸς
715 618 877 672 αὑτὸν
903 619 978 681 ὠς
1015 619 1212 689 σελήνη
1245 618 1380 689 πρὸς
1414 620 1595 682 πόλον,

370 706 444 757 Τδ
481 708 593 776 φῶς
629 710 808 778 ἀφῆκε
833 729 845 742 ·
874 710 1014 782 πρὸς
1051 711 1227 782 δὲτὴν
1251 713 1415 781 χθόνα
1447 711 1633 782 βρῖθον

371 796 565 854 Νεύειν
592 801 809 870 ἀνάγκη
842 802 904 855 τὸ
932 803 1159 866 σκιῶδες
1202 803 1450 875 σαρκίον.

604 909 736 981 ρλβ’.
768 913 869 977 Εἰς
902 911 1017 979 τὴν
1043 914 1249 966 εἱκόνα
1278 913 1384 967 τοῦ
1418 913 1712 982 Σωτῆρος.

371 1018 546 1073 Είκὼν
583 1022 647 1075 σὺ
674 1024 906 1094 Πατρὺς,
946 1027 1060 1079 ἀλλ’
1095 1029 1443 1098 άμόρφωτος,
1478 1029 1619 1098 Λόγε
1644 1047 1659 1063 ⁸

368 1110 514 1182 Αὕτη
542 1112 596 1166 δὲ
624 1116 806 1186 μορφὴ
842 1117 942 1187 τῆς
976 1119 1116 1192 ἐμῆς
1154 1120 1371 1191 μορφῆς
1390 1121 1560 1185 τύπος
1584 1137 1600 1153 ·

370 1200 582 1272 ἿΙνπερ
614 1205 795 1274 φορῶν
816 1206 1047 1271 ἔσωσας.
1094 1210 1182 1273 Ὠς
1216 1210 1457 1276 διπλοῦν,
1491 1212 1656 1279 σέϐω,

366 1291 435 1344 Σὺ
466 1295 685 1367 πνεῦμα
716 1297 810 1351 καὶ
846 1300 908 1353 τὸ
935 1300 1112 1369 σῶμα,
1140 1301 1381 1373 Μιχαὴλ,
1411 1304 1656 1369 σκέποις.

883 1409 1016 1484 ρ)ιγ’.
1047 1414 1150 1479 Εἰς
1178 1414 1420 1481 τύμϐον.

364 1516 583 1589 Μήτηρ,
617 1519 878 1590 μαθηταὶ,
919 1521 1216 1597 μάρτυρες,
1258 1523 1396 1591 νόες,
1431 1524 1600 1591 φίλοι,

367 1610 512 1664 Ἀνω
542 1612 803 1669 κυκλοῦσι
837 1615 928 1670 τὸν
959 1615 1146 1687 θρόνον
1181 1634 1297 1679 σου,
1327 1617 1577 1675 Δέσποτα
1602 1634 1618 1649 ⁸

364 1700 467 1753 Τὸν
491 1702 586 1755 τοῦ
619 1703 809 1775 θρόνου
844 1706 1013 1763 τύπον
1038 1708 1118 1777 δὲ,
1151 1710 1357 1765 τούτων
1377 1709 1428 1761 oi
1457 1710 1617 1764 τύποι

361 1793 692 1863 Φρουροῦσιν
726 1791 857 1851 ὧδεο
889 1801 1080 1869 χεῖρας
1114 1800 1419 1870 ἱκετηρίους

362 1884 583 1954 Λίρουσι
615 1888 751 1958 πρὸς
782 1890 862 1944 σέ.
899 1892 1039 1944 [lth
1070 1892 1157 1957 δός
1193 1892 1321 1963 μίαν
1360 1891 1524 1963 χάριν

361 1974 561 2031 Τοῦτον
592 1979 843 2047 γενέσθαι
863 1982 953 2035 τὸν
981 1982 1253 2037 τυποῦντα
1286 1985 1412 2048 τοὺς
1438 1983 1661 2049 τύπους.

744 2089 870 2162 ρλδ’.
899 2092 996 2162 Εἰς
1032 2091 1147 2159 τὴν
1174 2094 1540 2163 σταύρωσιν.

368 2196 426 2247 '0
457 2199 687 2269 σταυρὸς
716 2195 827 2270 εἶχε
863 2201 1044 2271 σῶμα,
1084 2202 1299 2273 πνεῦμα
1328 2204 1623 2266 Δεσπότου,

357 2286 466 2339 Καὶ
487 2289 775 2360 φωσφόρον
810 2290 1093 2361 λάμποντα
1123 2294 1217 2345 καὶ
1242 2293 1394 2346 θείαν
1423 2294 1585 2362 φύσιν
1612 2310 1625 2325 ·

356 2379 571 2433 Τούτων
604 2382 665 2433 τὸ
697 2383 905 2453 πάσχον
935 2383 993 2437 ἓν
1026 2384 1186 2454 μόνον
1216 2386 1323 2438 τῶν
1360 2387 1665 2458 τεσσάρων,

355 2470 427 2524 Τὸ
458 2473 635 2542 σῶμα,
661 2469 829 2528 τᾶλλα
867 2474 961 2529 τοῦ
1000 2476 1207 2540 πάθους
1236 2476 1505 2550 ἀνώτερα.

668 2582 793 2653 ρλε’.
825 2587 930 2652 Εἰς
955 2584 1061 2639 τὸν
1101 2585 1600 2655 ἀρχιστράτηγον.

353 2689 477 2755 Πῶς
503 2691 660 2765 ὑλικὴ
688 2694 811 2766 χεὶρ
849 2695 948 2767 τὴν
986 2695 1178 2750 άῦλίαν
1209 2695 1451 2767 γράφεις

352 2784 455 2839 Τὸν
488 2786 612 2841 νοῦν
637 2788 665 2841 ὁ
697 2790 817 2853 νοῦς
842 2789 1102 2860 ἔγραψεν,
1132 2791 1164 2862 ἡ
1194 2791 1317 2863 χεὶρ
1348 2790 1440 2842 τὸν
1471 2788 1665 2844 τύπον.

387 2892 527 2964 ρλς¹.
558 2897 663 2961 Εἰς
703 2897 816 2964 τὴν
840 2898 1095 2969 εὕρεσιν,
1122 2897 1229 2964 τῆς
1259 2898 1531 2969 κεφαλῆς
1557 2899 1663 2953 τοῦ
1693 2899 1889 2968 τιμίου

949 2968 1319 3036 Ιιροὸρόμου.

348 3069 669 3142 Κρυφθεῖσα
699 3073 890 3147 φαίνῃ·
924 3075 1022 3128 καὶ
1053 3074 1290 3129 θανοῦσα
1313 3076 1421 3146 γάρ
1446 3075 1646 3145 λέγεις.

353 3164 552 3231 ’Λμφω
577 3165 830 3234 πέφυκας
858 3165 1053 3232 ταῦτα,
1080 3166 1233 3238 φωνὴ
1260 3166 1354 3221 καὶ
1390 3166 1603 3237 λύχνος.

348 3253 542 3321 Λέγεις
571 3253 827 3321 θανοῦσα,
867 3256 962 3311 τοῦ
994 3258 1168 3327 Λόγου
1205 3256 1379 3328 φωνὴ,
1414 3257 1547 3327 σύγε

1672 414 2011 475 ΟΛΠΜΙΝΑ
2045 416 2299 478 VARIA.

1973 534 2017 589 Α
2047 529 2214 600 Φαίνῃ
2239 528 2504 600 κρυϐεῖσα
2530 527 2721 599 λύχνος
2742 526 2908 592 ὅντως
2931 526 3105 598 ἡλίου.

3510 409 3622 474 962

2050 618 2281 688 Πρώτην
2302 619 2362 677 τὸ
2388 618 2604 690 πρῶτον
2634 619 2727 672 τοῦ
2757 619 2891 673 Θεοῦ
2934 617 3240 691 παρουσίαν

2047 711 2173 771 Τοῖς
2201 710 2367 775 ζῶσιν
2396 713 2453 763 ὲν
2487 714 2581 782 γῇ,
2614 714 2727 773 τοῖς
2750 712 2961 781 νεκροῖς
2986 711 3138 764 κάτω
3165 709 3367 778 λέγεις.

2058 802 2310 873 Ἀνῆλθες
2343 803 2520 870 αὖθις,
2549 805 2583 874 ἡ
2610 803 2771 868 λάλος
2797 804 2889 857 καὶ
2911 802 3007 857 νῦν
3036 802 3202 875 κάρα,

2045 892 2111 945 Τί
2145 894 2454 965 μηνύουσα;
2482 896 2754 965 Δευτέραν
2784 894 3116 966 παρουσίαν.

2362 1006 2493 1078 ρλξ.
2530 1008 2634 1074 Εἰς
2662 1007 2769 1061 τὸν
2799 1007 3018 1062 ἑαυτοῦ
3054 1005 3297 1075 πατέρα.

2047 1113 2144 1175 Ὃς
2174 1114 2268 1167 καὶ
2300 1115 2560 1170 νοσοῦντα
2589 1116 2778 1187 χερσὶν
2804 1113 3220 1187 ὴγκαλιζόμην’

2048 1203 2140 1266 Ὃς
2172 1205 2265 1258 καὶ
2296 1204 2523 1261 θανόντα
2554 1208 2654 1272 σάς
2692 1206 3042 1282 περιστείλας
3072 1205 3261 1274 κόρας.
3312 1264 3315 1267 _

2046 1294 2279 1347 Ἐλουσα
2309 1295 2551 1368 λουτροῖς
2586 1298 2834 1368 ἐσχάτοις
2864 1296 2934 1350 τά
2960 1295 3169 1365 θρεπτά
3206 1309 3311 1356 σοι,

2041 1383 2152 1439 Καὶ
2184 1386 2380 1456 φόρτον
2408 1388 2537 1458 ἡδὺν
2568 1390 2711 1461 μῆνα
2739 1389 3011 1459 βαστάσας
3039 1391 3180 1455 ὅλον,

2040 1478 2275 1549 Μακρᾶς
2297 1496 2356 1533 σε
2386 1482 2491 1549 γῆς
2515 1481 2723 1552 ἤνεγκα
2758 1482 2977 1553 μυρίοις
3011 1484 3196 1544 πόνοις
3221 1495 3235 1509 ⁸

2040 1570 2149 1623 Καὶ
2175 1569 2393 1642 συζύγῳ
2420 1572 2652 1639 δέδωκα,
2676 1575 2771 1627 καὶ
2799 1578 2863 1645 τῇ
2894 1574 3134 1646 πατρίδι,

2044 1663 2299 1734 Ἔκρυψα
2336 1667 2431 1719 καὶ
2457 1666 2651 1739 τύμϐῳ
2673 1666 2731 1721 δὲ
2765 1669 2860 1722 καὶ
2886 1671 2952 1739 τῇ
2984 1666 3209 1739 καρδίᾳ,

2050 1753 2325 1825 Ἰωάννης,
2360 1756 2469 1811 σῶν
2499 1758 2771 1827 φιλτάτων
2799 1758 3065 1823 νεώτατος
3089 1774 3106 1793 ο

2042 1845 2296 1917 Ἔγραψα
2331 1851 2425 1903 καὶ
2449 1850 2543 1906 νῦν
2564 1851 2701 1923 τῷδε
2725 1852 2803 1924 τῷ
2829 1852 3006 1924 τύπῳ,
3044 1852 3220 1924 πάτερ
3241 1866 3255 1881 ·

2040 1936 2221 2010 Πάτερ
2250 1939 2480 2007 γλυκεῖα
2509 1942 2724 2014 κλῆσις,
2748 1944 2869 2011 ὄψις
2888 1944 3053 2016 ἡδίων
3076 1960 3092 1977 ⁶

2036 2030 2249 2101 Μικρὸν
2273 2036 2651 2107 παρηγόρημα
2682 2036 2778 2090 τοῦ
2819 2036 3017 2091 πολλοῦ
3042 2037 3231 2092 πόθου.

2285 2151 2421 2223 ρλη’.
2452 2154 2559 2220 Εἰς
2585 2153 2693 2208 τὸν
2716 2154 2936 2211 ἑαυτοῦ
2961 2154 3359 2209 διδάσκαλον.

2034 2261 2349 2333 Καλλιόπης
2378 2262 2477 2333 μὲν
2516 2262 2764 2335 Ὁμήρῳ,
2803 2266 2889 2320 σοὶ
2919 2265 2975 2320 δέ
3002 2267 3051 2321 οἱ
3073 2264 3267 2319 ἔπλετο
3296 2264 3409 2318 αύτ-

2150 2353 2372 2410 Γλῶττα
2407 2355 2507 2424 μὲν
2531 2355 2810 2429 Εὐτέρπη,
2847 2357 3086 2429 Οὐρανίη
3111 2357 3167 2411 δὲ
3196 2357 3364 2427 φρήν.

2298 2462 2433 2535 ρλϐ’.
2459 2466 2564 2531 Εἰς
2596 2464 2797 2520 Θέωνα
2827 2465 2935 2519 τὸν
2964 2467 3330 2535 φιλόσοφον.

2030 2572 2254 2644 Τρὲχων
2288 2574 2507 2639 ἁπάσας
2530 2575 2631 2641 τὰς
2657 2575 2969 2647 ἐπιστήμας
2998 2575 3173 2642 Θέων,

2029 2666 2141 2736 Τὴν
2176 2667 2372 2736 κλῆσιν
2400 2662 2525 2740 εὗρε
2565 2669 2821 2741 πράξεως
2846 2669 3102 2736 ἐπαξίαν.

2028 2759 2180 2813 Θέων
2210 2763 2237 2814 ὁ
2270 2761 2479 2826 κλεινὸς
2513 2762 2606 2816 καὶ
2634 2762 2894 2834 κέκληται
2931 2761 3278 2834 προσφόρως,

2041 2850 2130 2915 Ὠς
2161 2852 2227 2907 ἂν
2263 2854 2538 2924 πτερωτὸς
2563 2854 2658 2907 καὶ
2678 2854 2744 2907 δι’
2782 2853 3003 2924 αἰθέρος
3036 2852 3268 2925 τρέχων.

2372 2972 2483 3038 ρμ’.
2519 2967 2623 3032 Εις
2650 2964 2802 3019 ναὸν
2833 2964 2939 3019 τοῦ
2976 2961 3265 3030 Σωτῆρος.

2040 3076 2130 3140 Ὠς
2159 3075 2255 3130 τοῦ
2288 3077 2454 3129 πόλου
2484 3076 2711 3147 μίμημα
2740 3075 2834 3128 τὸν
2854 3075 3017 3145 δόμον
3043 3072 3257 3143 βλέπων

2029 3168 2077 3225 α’
2117 3169 2208 3236 Ἐξ
2244 3168 2478 3241 ούρανοῦ
2515 3168 2731 3221 κάτεισι
2756 3166 2991 3237 Χριστὸς
3013 3166 3110 3219 σὺν
3140 3164 3317 3235 φίλοις
3343 3179 3357 3193 ο

2029 3260 2077 3331 γ’
2106 3264 2297 3329 Πίστις
2329 3264 2387 3318 δὲ
2414 3262 2594 3316 πείθει
2616 3261 2791 3317 ταῦτα
2817 3259 3218 3331 σὺνΤεωργίῳ.

348 3460 456 3525 dit;
479 3460 573 3516 sed
613 3461 679 3514 ad
714 3469 916 3519 terram
955 3461 1208 3523 inclinari
1244 3478 1468 3523 necesse
1498 3475 1583 3522 est
1613 3465 1824 3536 pondus
1854 3474 1931 3521 ιο-
1960 3472 2002 3532 C
2039 3476 2318 3524 mortuum
2352 3481 2453 3524 vox
2479 3465 2666 3533 Verbi,
2696 3465 2940 3523 cernetis
2980 3462 3358 3523 absconditum
3383 3459 3606 3516 lucerna

348 3557 639 3613 nebrosum
677 3555 882 3612 carnis.

730 3661 852 3717 1'52.
884 3660 949 3717 In
979 3662 1192 3734 efﬁgiem
1224 3661 1546 3720 Salvatoris.

418 3749 629 3822 Eﬂigies
658 3761 712 3806 tu
738 3750 937 3817 Patris,
970 3754 1063 3808 sed
1098 3752 1477 3822 incorporalis,
1505 3750 1739 3809 Verbum
1766 3769 1781 3819 ;
1814 3752 1929 3808 haec

347 3854 526 3897 autem
570 3844 743 3897 ferina
783 3859 913 3896 mea:
938 3842 1127 3896 [omne
1156 3853 1237 3897 est
1277 3844 1468 3914 ﬁgura,
1501 3860 1665 3913 quam
1708 3854 1928 3912 gis-stans

346 3936 589 3991 sa'vasti.
620 3934 689 3992 Ut
734 3935 1002 4005 duplicem
1036 3936 1226 4003 adoro,
1256 3945 1312 3991 ιιι
1348 3936 1588 3991 animam
1635 3946 1690 3992 ct
1720 3951 1921 4005 corpus

346 4027 572 4083 Michael
600 4040 869 4099 protegas.

856 4121 975 4179 155.
1009 4117 1077 4174 In
1106 4119 1429 4189 sepulcrum.

420 4229 608 4296 Mater,
656 4230 932 4300 discipuli,
984 4239 1273 4301 martyres,
1332 4229 1578 4299 spiritus.
1630 4228 1817 4295 amici,
1868 4230 1923 4285 in

347 4326 488 4380 cmlo
536 4334 689 4378 tuum
722 4324 1063 4380 circumdant
1107 4324 1386 4386 thronum,
1437 4322 1664 4378 Domine
1694 4340 1707 4377 :
1741 4323 1923 4377 throni

345 4428 529 4472 autem
585 4418 837 4486 llguram,
877 4416 1076 4472 horum
1122 4430 1343 4486 quoque
1375 4415 1560 4485 ﬁgurae
1595 4414 1683 4469 hic
1733 4423 1923 4469 custo—

343 4512 541 4576 diunt;
592 4524 788 4564 manus
838 4509 1114 4579 supplices
1171 4509 1368 4563 tollunt
1402 4507 1468 4561 ad
1519 4516 1570 4562 te
1608 4524 1622 4561 :
1660 4506 1922 4562 omnibus

347 4618 509 4658 unam
564 4602 802 4657 concede
865 4601 1135 4670 gratiam,
1182 4599 1341 4653 talem
1411 4598 1527 4652 ﬁeri
1578 4598 1672 4668 qui
1714 4598 1919 4668 ﬁguras

345 4696 518 4750 finxit.

789 4781 907 4840 154.
943 4780 1007 4839 1η
1043 4778 1476 4848 Cruaiﬁxionem.

409 4895 555 4949 Crux
587 4891 781 4947 habuit
809 4906 1032 4960 corpus,
1067 4889 1315 4959 spiritum
1350 4886 1584 4953 Domini,
1632 4894 1687 4941 et
1731 4884 1922 4939 lucife—

340 5006 461 5042 tum
484 4988 857 5057 splendentem
882 4994 935 5040 et
956 4985 1197 5040 divinam
1232 4994 1522 5036 naturam:
1558 4981 1750 5034 horum
1779 4994 1921 5050 qua-

340 5092 466 5134 tuor
520 5096 687 5133 mium
733 5080 909 5133 solum
961 5093 1162 5147 corpus
1205 5090 1450 5146 passum,
1510 5073 1617 5127 alia
1676 5072 1920 5143 passioni

338 5175 646 5242 superiora.

749 5262 871 5319 155.
907 5259 975 5314 In
1009 5259 1270 5315 exercitus
1300 5257 1506 5311 ducem.

410 5354 702 5422 Quomodo
751 5352 1050 5410 materialis
1097 5364 1290 5405 manus
1340 5346 1757 5403 immaterialem
1799 5346 1924 5418 pin-

342 5449 457 5517 git?
497 5457 737 5504 mentem
773 5461 932 5501 mens
964 5444 1161 5515 pinxit,
1195 5457 1394 5499 manus
1420 5441 1672 5511 ﬁgurant.

346 5558 470 5613 156.
508 5556 575 5611 In
605 5556 954 5610 inventionem
992 5553 1185 5622 capitis
1220 5549 1507 5605 venerandi
1542 5546 1920 5603 Prwcursoris.

416 5663 810 5720 Absconditum
832 5663 1094 5723 eerneris,
1122 5659 1204 5713 vel
1237 5668 1512 5713 mortuum
1552 5654 1697 5709 enim
1737 5654 1923 5723 loque-

343 5760 442 5824 tis,
464 5769 759 5826 utrumque
783 5753 931 5810 fuisti
969 5753 1121 5818 illud,
1156 5767 1256 5805 vox
1295 5761 1349 5804 et
1377 5750 1620 5804 lucerna.
1654 5744 1923 5817 Loqueris

422 5896 464 5927 ⁸⁸
500 5892 760 5947 σταθεῖσα
803 5891 908 5947 vid.
940 5892 1039 5961 leg.
1082 5888 1163 5945 vel
1202 5890 1455 5957 ταφεῖτα.

1951 4821 2001 4879 ι)

2032 3559 2145 3615 veri
2193 3559 2350 3615 solis.
2400 3559 2643 3617 Primum
2686 3560 2861 3630 prima
2904 3558 2996 3614 Dei
3034 3557 3324 3612 adventum
3375 3551 3605 3607 viventi»

2031 3650 2135 3707 bus
2186 3653 2240 3707 in
2296 3663 2461 3720 terra,
2494 3653 2727 3708 mortuis
2773 3652 2827 3707 in
2880 3649 3071 3706 inferis
3110 3645 3370 3717 loqueris.
3421 3644 3605 3715 Appa—

2030 3748 2189 3803 ruisti
2226 3764 2421 3805 rursus
2455 3757 2509 3803 et
2546 3763 2694 3804 nunc
2718 3755 2884 3819 caput
2922 3746 3173 3816 loquens,
3203 3740 3332 3813 quid
3357 3737 3610 3796 nuntiat?

2030 3838 2345 3895 Secundum
2370 3840 2689 3896 adventum.

2488 3937 2609 3991 137.
2640 3935 2705 3990 In
2740 3951 2891 3989 suum
2924 3944 3149 4003 patrem.

2098 4026 2201 4093 Qui
2234 4036 2589 4096 aigrotantem
2626 4027 2878 4083 manibus
2902 4026 3223 4094 complexus
3246 4039 3393 4084 sum.
3425 4021 3519 4092 qui
3547 4029 3604 4075 et

2032 4126 2305 4172 mortuum
2355 4117 2591 4189 pupillas
2615 4125 2735 4172 tuas
2772 4130 3108 4185 componens
3131 4114 3340 4167 ultimis
3373 4112 3582 4167 ablutio

2000 4205 2189 4263 nibus
2209 4207 2334 4271 lavi,
2377 4207 2472 4264 [illi
2519 4206 2711 4265 olIiciis
2753 4205 3009 4275 fungens,
3035 4213 3088 4259 et
3121 4218 3260 4259 onus
3297 4201 3601 4272 jucundum

2026 4313 2215 4353 mense
2250 4307 2363 4355 toto
2392 4306 2634 4369 gestans,
2668 4312 2697 4354 a
2726 4296 3021 4366 longinqua
3050 4304 3193 4350 terra
3227 4302 3280 4347 te
3302 4306 3426 4347 cum
3457 4289 3605 4343 mille

2023 4384 2305 4443 laboribus
2337 4387 2518 4451 retuli,
2542 4396 2597 4444 et
2628 4384 2847 4455 conjugi
2872 4382 2993 4439 dedi
3023 4391 3077 4437 et
3101 4381 3310 4453 patrias,
3334 4376 3602 4435 occultavi

2025 4490 2246 4548 quoque
2277 4476 2331 4529 in
2370 4474 2583 4529 tumulo
2620 4481 2674 4528 et
2707 4473 2761 4527 in
2789 4470 2976 4537 corde,
3004 4469 3245 4524 Joannes
3268 4467 3601 4523 delectorum

2023 4576 2275 4623 natorum
2329 4576 2547 4625 tuorum
2606 4566 2960 4630 novissimus,
3010 4561 3205 4632 scripsi
3262 4574 3407 4614 nunc
3471 4558 3600 4611 huic

2021 4658 2236 4732 eﬂigiei,
2272 4668 2423 4729 pater
2463 4676 2479 4714 :
2518 4658 2687 4714 Dulce
2722 4670 2943 4721 nomen,
2981 4663 3156 4724 pater,
3188 4650 3400 4707 dulcior
3451 4664 3601 4718 aspe~

2023 4760 2178 4821 ctus;
2204 4760 2265 4805 ut
2292 4765 2516 4824 parvum
2550 4756 2967 4805 monumentum
3002 4746 3183 4815 magni
3222 4741 3445 4798 amoris.

2436 4841 2559 4898 158.
2596 4839 2660 4893 In
2688 4856 2843 4894 suum
2875 4839 3212 4909 magistrum.

2093 4934 2361 5003 Calliopes
2392 4934 2608 5001 quidem
2641 4932 2897 4994 Homero,
2925 4931 3018 4985 tibi
3046 4938 3226 4983 autem
3270 4928 3387 4996 ipsa
3420 4921 3601 4978 conti-

2022 5025 2099 5098 git
2129 5027 2313 5095 lingua
2338 5023 2621 5094 Euterpes,
2655 5021 2870 5078 Urania:
2905 5030 3085 5076 autem
3111 5035 3287 5075 mens.

2350 5117 2472 5171 159.
2506 5114 2575 5169 In
2607 5114 2863 5170 Theonem
2896 5113 3281 5184 philosophum.

2094 5208 2406 5263 Reeurrens
2436 5205 2625 5262 Theon
2674 5221 2869 5261 omnes
2898 5204 3178 5267 scientias,
3216 5216 3414 5255 nomen
3449 5200 3602 5253 inve-

2029 5297 2110 5352 nit
2138 5312 2301 5366 opera
2334 5296 2583 5368 dignum.
2624 5294 2812 5351 Theon
2854 5295 3087 5351 celebris
3130 5302 3356 5348 vocatur
3385 5290 3599 5356 merito,

2030 5397 2214 5459 utpote
2242 5388 2418 5443 alatus
2446 5400 2499 5442 et
2524 5402 2619 5459 per
2647 5388 2851 5443 azthera
2883 5401 3132 5442 currens.

2380 5474 2506 5531 “0.
2542 5473 2608 5529 In
2649 5474 2895 5543 templum
2930 5472 3246 5528 Saluatoris.

2098 5560 2169 5616 Ut
2208 5562 2331 5618 coeli
2378 5562 2735 5617 imitationem
2765 5562 2935 5617 aedem
2977 5574 3228 5621 cernens,
3261 5572 3292 5612 e
3322 5556 3462 5611 caalo
3499 5555 3598 5611 de-

2027 5654 2513 5712 scendithristus
2546 5669 2669 5710 cum
2704 5654 2916 5710 amicis.
2952 5653 3112 5709 Fides
3147 5660 3324 5706 autem
3370 5650 3602 5719 inspirat

2028 5750 2131 5807 ista
2187 5764 2295 5805 una
2341 5763 2466 5806 cum
2518 5747 2785 5817 Georgio;
2836 5746 2881 5803 si
2934 5762 3065 5803 vero
3103 5745 3298 5801 cmlum
3330 5742 3599 5799 exstruxit
