4044 6592
436 445 540 509 963

441 560 486 629 β’
520 558 587 610 Ἢ
623 556 716 610 καὶ
747 549 908 604 πόλον
930 545 1140 601 τέθεικε
1173 541 1320 594 τόνδε
1350 540 1439 592 τὸν
1470 537 1654 608 δόμον,

442 650 482 704 δ’
519 651 719 718 Ἔργον
746 646 802 698 δὲ
835 641 1014 714 χειρὸς
1039 637 1212 691 ταῦτα
1244 633 1320 705 μὴ
1359 629 1690 684 πιστευτέον.

505 742 674 791 Ἀλλα.

514 827 628 879 Οὐκ
654 825 698 856 θ’
727 821 864 894 ἔργα
904 817 1084 889 χειρὸς
1115 812 1307 876 ταῦτα,
1348 811 1421 880 μή
1459 825 1536 870 τις
1565 803 1772 856 ὲλπίσοι

461 919 598 973 Ἀλλ’
627 914 858 988 οὐρανοῦ
883 913 1096 966 κάτεισι
1135 905 1371 976 Χριστὸς
1402 902 1498 954 σὺν
1533 898 1708 968 φίλοις

447 1009 764 1078 Νικηφόρου
789 1001 999 1057 νικῶσα
1021 998 1146 1052 νοῦν
1172 1013 1230 1049 τε
1258 993 1353 1048 καὶ
1389 992 1567 1058 λόγον.

451 1104 619 1173 Ιιῦχει
651 1102 747 1172 μὲν
771 1101 992 1168 ἄστροις
1031 1093 1128 1146 καὶ
1164 1087 1370 1158 φαεινῷ
1402 1083 1674 1153 φωσφόρῳ

456 1195 642 1257 Πόλος,
665 1192 734 1244 τὰ
766 1191 957 1259 πρῶτα
988 1185 1096 1237 τῶν
1124 1181 1304 1234 καλῶν
1336 1177 1490 1246 φέρει
1514 1174 1655 1243 γέρα
1682 1188 1696 1202 ’

465 1286 604 1338 Ἀλλ’
627 1287 683 1336 ὲν
714 1281 862 1349 δόμῳ
893 1277 986 1329 νῦν
1009 1274 1084 1336 ὡς
1116 1272 1216 1342 μὲν
1239 1268 1397 1322 ἀλλον
1428 1263 1716 1335 φωσφόρον

452 1378 557 1429 Τὸν
593 1373 825 1443 Χριστὸν
852 1367 1040 1428 αὑτὸν,
1073 1364 1200 1426 τοὺς
1234 1361 1278 1414 δ’
1313 1357 1623 1428 ὑπουργοὺς
1648 1354 1742 1406 καὶ
1771 1352 1957 1422 φίλους

456 1466 804 1525 κυκλοῦντας
838 1460 1022 1522 αὑτὸν,
1058 1456 1233 1528 ἄστρα
1263 1450 1520 1520 πάγκαλα
1549 1448 1782 1517 βλέπων,

456 1557 627 1620 Αὐτὸς
657 1554 778 1607 καθ’
804 1551 969 1606 αὑτοῦ
1004 1548 1232 1616 δεύτερα
1263 1541 1581 1613 ψηφίζεται.

528 1648 699 1702 Πύλου
734 1647 831 1716 μὲν
857 1643 1042 1713 αἰθὴρ,
1067 1640 1263 1708 ἄστρα,
1299 1638 1465 1706 μήνη,
1494 1631 1781 1702 φωσφόρος
1807 1644 1822 1660 ⁸

459 1742 635 1810 Δόμου
669 1739 747 1802 δὲ,
780 1735 992 1806 Σωτὴρ,
1017 1731 1260 1799 ἄγγελοι,
1291 1729 1513 1798 Μήτηρ,
1549 1725 1715 1795 φίλοι.

460 1835 557 1895 Τίς
591 1832 772 1900 ἰσότης
801 1827 936 1897 πρὸς
956 1825 1129 1877 ταῦτα
1153 1839 1168 1886 ;
1201 1822 1329 1875 ποία
1359 1821 1647 1888 σύγκρισις
1675 1832 1690 1879 ;

463 1925 575 1995 Τὴν
603 1919 774 1995 ἧτταν
807 1913 988 1988 εὗρες,
1018 1913 1239 1984 οὑρανὲ,
1275 1911 1412 1980 πλὴν
1449 1905 1768 1978 προσκύνει.

534 2016 604 2067 Ἦ
635 2011 728 2066 τοῦ
759 2010 919 2063 πόλου
950 2006 1160 2060 κάτεισι
1187 2001 1419 2072 Χριστὸς
1455 2000 1533 2061 εἰς
1562 1997 1748 2066 δόμον,

465 2109 536 2160 ’11
563 2107 659 2160 καὶ
680 2103 841 2156 πόλον
863 2100 1073 2154 τέθεικε
1113 2095 1261 2150 τόνδε
1297 2094 1387 2146 τὸν
1426 2091 1608 2161 δόμον.

469 2201 670 2267 ’Ἄμφω
695 2195 750 2247 δὲ
781 2192 980 2262 μᾶλλον
1005 2207 1018 2222 ·
1045 2189 1141 2242 καὶ
1175 2185 1410 2256 κατῆλθε
1443 2184 1540 2237 σὺν
1571 2181 1766 2251 φίλοις,

469 2289 577 2341 Καὶ
613 2285 704 2339 τόν
727 2285 885 2353 δόμον
910 2280 1154 2334 τέθεικεν
1185 2276 1411 2348 οὐρανὸν
1443 2276 1581 2329 νέον.

469 2380 704 2442 Κάλλεος
731 2373 798 2448 ἦν
831 2375 964 2445 ἔρις,
1001 2372 1230 2442 οὐρανὸς
1263 2370 1523 2439 ἄστροισιν
1553 2365 1716 2437 ηὖχεε
1743 2363 1920 2433 νικᾷν·

541 2473 712 2542 Αἰθὴρ
739 2471 1064 2541 ἀστράπτων
1089 2466 1212 2537 ᾔτεε
1243 2465 1378 2534 πρὸς
1401 2462 1468 2514 τά
1493 2462 1652 2532 γέρα.

485 2564 572 2628 Ὦς
597 2564 651 2617 δὲ
675 2563 835 2632 δόμος
855 2557 1253 2631 προύϐάλλεται
1278 2554 1612 2624 Δεσποτικὴν
1633 2550 1792 2621 μόνον
1823 2546 2038 2617 αἴγλην,

546 2653 776 2708 Ἐσῦετο
803 2647 889 2704 οἶα
925 2649 1115 2718 λύχνος
1145 2646 1348 2698 κάλλεα
1375 2644 1621 2714 οὐράνια.

479 2750 688 2817 ’Ἄστρα
730 2744 828 2815 μὲν
849 2741 1146 2810 αἰγλήεντα
1172 2739 1266 2792 καὶ
1293 2737 1531 2806 ἀστέρας
1566 2734 1656 2803 ἠδὲ
1690 2732 1942 2804 σελήνην,

547 2837 775 2906 Οὐρανὲ,
809 2835 902 2886 καὶ
939 2833 1002 2884 σὺ
1035 2830 1242 2902 φέρεις,
1269 2823 1406 2891 οἶδα,
1441 2825 1785 2894 φαεινότατε.

490 2926 627 2982 Ἀλλ’
660 2927 747 2978 ὅτε
776 2924 927 2977 τόνδε
965 2913 1146 2993 χορὸν,
1173 2919 1268 2972 καὶ
1288 2917 1495 2988 χρυσῆν
1521 2914 1706 2983 ἄντυγ’
1735 2912 1978 2984 ἀθρήσω,

549 3015 758 3088 Μικρά,
784 3014 946 3083 λέγω,
971 3011 1205 3082 φαίνεις,
1238 3009 1331 3063 καὶ
1354 3007 1417 3060 σὺ
1451 3007 1544 3060 καὶ
1573 3005 1770 3076 ἠέλιος.

1703 416 2019 480 ΙΟᾹΝΝΙΞ
2055 407 2482 472 ΘΕΟΜΕἸἪῈ

3580 388 3687 452 964

2470 523 2616 590 ρμα’.
2649 518 2746 580 Εἲς
2780 513 2982 566 εἰκόνα
3011 505 3220 577 ἀκριϐῆ
3262 504 3328 556 ⁷ο.

2120 635 2362 708 Οὐρανοῦ
2387 628 2758 701 ὲγκατὲπαλτο
2778 625 2873 678 καὶ
2905 624 3137 692 ἔμπνοον
3164 617 3317 670 ἔθετο
3342 611 3475 666 εἰκὼ

2192 705 2420 799 Χριστὸς
2449 725 2542 791 ἑὴν
2579 719 2786 777 ἐνθάδε,
2814 713 3084 782 Μητέρος,
3117 710 3190 771 ὡς
3215 708 3272 760 δὲ
3303 705 3471 774 φίλων
3498 718 3512 732 ⁶

2128 826 2220 886 Ὃς
2245 796 2300 874 δὲ
2329 817 2486 890 χορὸς
2511 811 2695 878 νοερδς
2724 805 3049 878 περισταδόν
3088 799 3308 856 ἄλλοθεν
3337 796 3516 860 ἀλλος,

2194 917 2330 984 Χεὶρ
2357 911 2552 983 βροτέη
2589 904 2800 977 μεγάλα
2829 901 3070 971 ψεύσατο
3098 894 3287 949 τούσδε
3310 891 3534 952 τύπους.

2131 1011 2226 1071 Ὃς
2255 978 2417 1058 πόλον
2448 999 2780 1068 ὲξετάνυσσα
2803 993 2896 1047 καὶ
2922 989 3224 1060 ἀνδρομέην
3249 985 3428 1038 πλάσα
3461 978 3695 1053 μορφὴν,

2197 1101 2286 1161 Εἰς
2313 1097 2476 1164 δόμον
2511 1091 2836 1160 ἀνδρομέαις
2866 1084 3107 1155 χείρεσιν
3144 1076 3514 1148 ὲγγράφομαι.

2128 1190 2307 1245 Ταῦτα
2326 1189 2370 1242 δ’
2380 1163 2520 1258 όμοῦ
2537 1182 2788 1246 τελέθων,
2803 1178 2933 1240 Θεὸς
2950 1175 3238 1246 ἄμϐροτος,
3260 1170 3466 1222 ὕστατα
3483 1163 3695 1234 θνητὲις,

2206 1284 2428 1338 Πλάττω
2461 1276 2764 1350 βουληθεὶς,
2799 1271 3101 1340 πλάττομαι
3125 1265 3200 1328 ὡς
3229 1261 3416 1316 ἐθέλω.

2136 1381 2230 1441 Ὃς
2262 1377 2435 1445 δίφρῳ
2462 1371 2714 1440 πυρόεντι
2749 1364 3021 1436 ἐφέψομαι
3052 1361 3120 1425 τί,
3148 1358 3204 1421 ὂς
3237 1355 3353 1426 φῶς
3385 1351 3540 1416 οἰκῶ,

2203 1469 2294 1531 Εἰς
2327 1467 2490 1534 δόμον
2525 1461 2687 1530 ἔστην
2717 1457 2861 1529 χειρὶ
2889 1451 3311 1525 χαραττόμενος.

2132 1557 2349 1629 Θάμὸεε
2379 1554 2452 1624 μή
2485 1569 2588 1617 τις,
2618 1552 2676 1602 ὲν
2706 1538 3060 1614 ἀγκαλίδεσσι
3088 1540 3317 1609 τιθήνης

2209 1627 2316 1706 Καὶ
2343 1647 2404 1700 τὸ
2435 1645 2565 1716 πρὶν
2591 1641 2862 1712 φερόμαν,
2902 1633 3145 1706 γαστέρα
3176 1632 3220 1686 δ’
3251 1627 3400 1686 οἷκον
3435 1628 3530 1700 ἔχη
3560 1628 3630 1684 τ’,

2610 1748 2756 1818 ρμβ⁹.
2785 1748 2883 1811 Εἰς
2919 1743 3024 1798 τὸν
3048 1742 3217 1807 βίον.

2064 1884 2107 1941 Β
2136 1865 2244 1936 Τὴν
2279 1861 2480 1934 ἀρετὴν
2509 1857 2636 1929 χθὲς
2664 1851 2804 1908 είδον
2840 1856 2896 1906 ἐν
2934 1821 3074 1923 μοέσῃ
3105 1849 3282 1912 πόλει,

2139 1953 2612 2029 Μελαμφοροῦσαν
2639 1952 2734 2005 καὶ
2764 1946 3064 2017 κατηφείας
3092 1942 3221 2010 ὃλην
3243 1956 3258 1970 ο

2141 2054 2206 2106 Τί
2231 2051 2294 2115 δ’,
2321 2049 2556 2121 ἠρόμην,
2585 2041 2856 2104 πέπονθας
2880 2058 2896 2106 ;
2936 2038 3003 2090 Ἢ
3032 2036 3091 2088 δέ
3112 2051 3126 2065 ·
3160 2032 3273 2086 Νῦν
3304 2031 3494 2099 ἔγνως,

2141 2145 2347 2215 Τόλμα,
2389 2141 2669 2212 φρόνησις,
2700 2135 2922 2204 γνῶσις,
2951 2131 3008 2184 ἐν
3041 2130 3158 2192 ταῖς
3183 2125 3432 2195 γωνίαις,

2147 2239 2373 2307 ΙἈγνοια
2397 2235 2440 2288 δ’
2467 2233 2624 2304 ἄρχει
2664 2229 2757 2281 καὶ
2790 2225 2926 2296 μέθη
2953 2223 3045 2276 καὶ
3071 2219 3260 2274 δειλία.

2413 2331 2418 2337 ’
2745 2342 2892 2409 ρμγ’-
2928 2331 3113 2404 Εὑχήο

2149 2456 2337 2523 Ἀναξ,
2379 2455 2612 2514 ἄνασσα,
2643 2448 2909 2508 δεσπότας
2941 2443 3106 2511 ἐμοὺς
3138 2439 3300 2506 λέγω,

2148 2549 2213 2603 Τί
2244 2548 2401 2619 μέχρι
2436 2540 2632 2597 πολλοῦ
2669 2539 2851 2592 δοῦλον
2891 2533 3256 2604 ἠμελημένον,

2159 2638 2485 2712 Ἐριμμένον
2511 2652 2578 2706 με
2610 2629 2908 2692 παντελῶς,
2944 2625 3272 2695 παρειμένον

2147 2731 2338 2794 Φίλων,
2367 2725 2627 2795 ἀδελφῶν,
2663 2721 2959 2790 συγγενῶν,
2997 2717 3132 2787 βίου,
3163 2716 3346 2784 λόγου,

2151 2821 2295 2884 Ἐξω
2337 2820 2435 2890 μὲν
2475 2817 2678 2886 κόσμου
2715 2811 2916 2874 παντὸς
2942 2810 3092 2870 ὄντα,
3117 2808 3177 2859 π)
3191 2807 3255 2877 ὴν
3286 2807 3480 2877 φθόνου

2148 2909 2326 2964 Μόνου
2352 2904 2826 2976 κατεντρυφῶντα,
2849 2901 2943 2953 καὶ⁸
2963 2897 3174 2966 γέλωτά
3208 2914 3274 2966 με

2154 3000 2521 3072 Προκείμενον
2555 2996 2863 3067 βλέποντες,
2894 2992 2974 3055 εἰς
2998 2990 3153 3060 ὕϐριν
3185 2989 3344 3059 μόνον

483 3220 687 3273 hancce
727 3214 919 3278 adem,
959 3225 1095 3282 opus
1143 3222 1264 3265 esse
1313 3220 1508 3262 manus
1566 3217 1673 3259 non
1723 3199 2053 3258 credendum
2077 3201 2123 3264 C
2156 3194 2516 3265 contemplor,
2561 3206 2751 3263 parum
2799 3188 3076 3261 splendes,
3108 3187 3252 3252 dico,
3287 3193 3367 3251 tu,
3399 3199 3507 3241 non
3540 3183 3720 3240 minus

480 3318 585 3366 est.

553 3399 672 3454 Non
714 3412 876 3468 opera
907 3410 1104 3451 manus
1129 3403 1259 3449 sunt
1305 3392 1428 3455 ista,
1456 3402 1522 3443 ne
1547 3386 1673 3458 quis
1713 3383 2003 3441 crediderit
2034 3396 2050 3436 :

484 3489 579 3544 sed
625 3504 655 3544 e
684 3487 822 3542 coelo
857 3484 1110 3539 Christus
1138 3477 1417 3536 descendit
1439 3491 1562 3530 cum
1604 3473 1796 3527 amicis
1822 3471 1878 3526 in
1909 3470 2054 3526 aedes

487 3581 766 3635 vincentes
792 3574 1082 3644 Nicephori
1117 3579 1352 3626 mentem
1376 3577 1431 3623 et
1451 3583 1776 3623 sermonem.
1799 3564 2058 3635 Splendet

487 3665 704 3736 quidem
738 3664 900 3718 astris
935 3670 988 3715 et
1020 3658 1319 3727 conspicuo
1364 3656 1476 3711 sole
1527 3655 1751 3717 cmlum,
1784 3654 2055 3724 primum-

489 3773 594 3829 que
628 3754 1092 3827 pulchritudinum
1149 3751 1331 3805 locum
1384 3756 1549 3802 tenet.
1599 3745 1704 3802 Sed
1748 3747 1803 3800 in
1851 3745 2058 3800 aedibus

490 3853 613 3906 istis
669 3852 817 3904 velut
854 3847 1018 3901 alium
1082 3845 1276 3909 solem,
1330 3840 1608 3895 Christum
1663 3839 1865 3909 ipsum,
1929 3851 2060 3891 suos

491 3947 872 4006 cooperatores
897 3947 948 3990 et
975 3933 1184 3988 amicos
1211 3930 1618 3985 circumdantes
1639 3943 1785 3993 eum,
1813 3935 1872 3980 ut
1910 3935 2057 3980 astra

493 4027 833 4099 splendentia
865 4039 1117 4088 cernens,
1143 4020 1321 4091 ipsum
1345 4028 1535 4076 contra
1567 4032 1626 4076 se
1651 4015 1950 4074 secundum
1983 4013 2062 4072 Io-

491 4136 616 4176 eum
647 4119 914 4175 decernit.

561 4225 694 4280 Caeli
729 4225 949 4294 quidem
977 4225 1167 4288 a'ther,
1201 4230 1375 4288 astra,
1406 4219 1558 4282 luna,
1590 4217 1707 4284 sol;
1743 4217 1939 4272 mdium
1964 4231 2062 4270 au-

494 4327 625 4384 tem,
655 4316 924 4381 Salvator,
963 4317 1163 4386 angeli,
1201 4314 1393 4378 Mater,
1443 4310 1626 4366 amici.
1676 4309 1806 4375 Quae
1855 4311 2063 4378 paritas

496 4409 564 4464 ad
599 4410 700 4464 ista
721 4411 744 4463 'l
769 4425 891 4478 quae
920 4406 1299 4478 comparatio?
1325 4404 1538 4459 Victum
1565 4417 1647 4468 es,
1672 4401 1893 4466 ccelum,
1923 4409 2064 4454 atta-

497 4519 618 4558 men
643 4505 831 4557 adora.

2154 3306 2317 3362 quam
2347 3289 2450 3344 sol.

2603 3377 2722 3432 Ml.
2755 3376 2821 3430 In
2849 3376 3060 3447 efﬁgiem
3088 3387 3284 3428 veram.

2229 3491 2270 3546 E
2297 3491 2434 3548 cmlo
2490 3488 2788 3553 descendit,
2821 3495 2875 3541 et
2910 3486 3179 3541 viventem
3226 3480 3407 3552 posuit
3451 3479 3538 3534 hic
3565 3479 3725 3534 Chri-

2161 3594 2281 3640 stus
2329 3599 2482 3638 suam
2529 3579 2779 3651 eﬂigiem,
2827 3577 3038 3642 Matris,
3073 3585 3135 3631 ut
3169 3583 3220 3630 et
3259 3574 3600 3636 amicorum;
3631 3571 3724 3642 qui

2159 3685 2339 3730 autem
2367 3683 2540 3730 cmtus
2570 3673 2860 3743 spirituum
2884 3671 3020 3726 alter
3039 3667 3496 3724 circumfunditur
3512 3665 3728 3718 aliunde

2161 3769 2405 3832 veniens,
2441 3781 2636 3821 manus
2689 3763 2934 3818 mortalis
2993 3761 3222 3816 multum
3263 3759 3473 3813 imitata
3517 3764 3601 3811 est
3630 3755 3727 3808 has

2163 3859 2383 3930 ﬁguras.

2232 3951 2334 4019 Qui
2362 3951 2559 4008 coelum
2583 3947 2798 4005 extendi
2825 3957 2878 4003 et
2905 3948 3201 4002 humanam
3239 3942 3367 3998 finxi
3397 3941 3645 4005 formam,
3674 3938 3727 3993 in

2162 4043 2370 4101 aedibus
2403 4043 2658 4098 humanis
2689 4039 2942 4096 manibus
2977 4043 3356 4109 repraesentor.
3401 4033 3524 4088 llaec
3550 4042 3727 4085 autem

2164 4138 2331 4194 simul
2362 4152 2486 4192 cum
2520 4135 2650 4202 sint,
2690 4134 2832 4190 Deus
2859 4131 3205 4194 immortalis,
3241 4135 3428 4200 postea
3463 4125 3729 4192 mortalis,

2165 4233 2310 4300 lingo
2343 4239 2399 4284 ut
2427 4229 2596 4294 volui,
2627 4229 2802 4296 ﬁngor
2833 4225 3051 4282 ulvolo.

2236 4322 2340 4389 Qui
2384 4323 2573 4377 currui
2618 4322 2787 4391 ignito
2817 4317 3047 4384 insideo,
3077 4317 3170 4388 qui
3207 4317 3386 4372 lucem
3432 4315 3640 4378 habito,
3677 4312 3730 4366 in

2166 4415 2374 4469 aedibus
2401 4415 2525 4468 steti
2556 4429 2722 4468 manu
2748 4411 3126 4468 adumbratos.
3159 4408 3238 4466 Ne
3263 4409 3390 4480 quis
3418 4414 3654 4477 stupent,
3678 4406 3732 4459 in

2169 4507 2316 4561 ulnis
2358 4505 2590 4561 nutricis
2647 4515 2805 4560 antea
2864 4504 3100 4572 ferebar,
3135 4513 3190 4559 et
3222 4510 3460 4557 ventrem
3511 4500 3732 4554 domum

566 4611 662 4666 Vel
703 4610 952 4666 Christus
983 4623 1013 4664 e
1036 4607 1175 4663 coelo
1201 4608 1253 4661 in
1287 4607 1428 4661 hanc
1457 4605 1628 4659 aedem
1655 4602 1957 4665 descendit,
1979 4601 2064 4656 vel
2094 4575 2140 4631 D
2173 4598 2459 4654 habebam.

501 4703 701 4758 coelum
732 4702 907 4771 ipsum
940 4700 1082 4755 hanc
1105 4699 1274 4752 aedem
1302 4697 1505 4767 posuit.
1530 4693 1834 4761 Utrumque
1858 4692 2064 4762 potius:

496 4807 551 4850 et
591 4792 870 4848 tlcswndil
914 4806 1036 4845 cum
1092 4790 1306 4853 amicis,
1340 4797 1394 4841 et
1439 4786 1608 4840 adem
1645 4784 1826 4853 posuit
1869 4783 2067 4838 coelum

499 4897 726 4942 novunu

575 4994 1006 5052 l’ulchritudinis
1046 5001 1164 5048 erat
1193 4999 1490 5055 certamen,
1521 4987 1719 5044 coelum
1745 5002 1867 5041 eum
1907 4985 2069 5041 astris

504 5092 716 5142 vincere
751 5086 982 5147 volebat,
1033 5083 1202 5137 asther
1236 5081 1519 5150 fulgurans
1569 5078 1936 5148 principatum
1975 5092 2064 5130 ro-

504 5177 686 5243 gabat.
734 5171 834 5228 Ubi
868 5184 1046 5224 autem
1103 5169 1246 5222 a'des
1300 5167 1551 5238 Opposuit
1592 5175 1800 5221 tantum
1854 5166 2062 5220 Domini

503 5268 868 5336 splendorem,
905 5261 1186 5317 exstincta:
1238 5266 1387 5322 sunt,
1432 5265 1492 5310 ut
1520 5256 1774 5323 lucerna),
1819 5255 2064 5311 cmlestes

507 5356 964 5428 pulchritudines.

579 5452 740 5503 Astra
783 5449 1001 5516 quidth
1033 5441 1398 5513 splendentia,
1428 5450 1482 5496 et
1530 5442 1739 5508 stellas,
1779 5451 1832 5497 et
1861 5441 2067 5508 lunam,

506 5545 721 5605 coelum,
761 5551 812 5594 tu
851 5539 1085 5600 obtines,
1115 5537 1252 5600 scio,
1275 5535 1647 5605 conspicuum.

583 5634 688 5686 Sed
747 5645 873 5684 cum
937 5629 1078 5682 hunc
1124 5629 1378 5692 chorum,
1419 5637 1472 5682 et
1532 5641 1756 5681 aureum
1805 5626 2071 5682 circulum

2734 4691 2859 4746 “9..
2892 4689 2957 4744 In
2990 4691 3173 4745 vitam.

2246 4782 2508 4839 Virtutem
2531 4784 2647 4839 heri
2672 4784 2781 4838 vidi
2818 4784 2874 4839 in
2903 4783 3040 4839 urbe
3089 4781 3265 4837 media
3292 4780 3636 4836 obscuratam
3683 4786 3735 4831 et

2175 4869 2327 4927 luctu
2357 4873 2592 4942 plenam.
2621 4872 2763 4938 Quid
2787 4880 2991 4936 autem,
3025 4871 3234 4942 rogavi,
3257 4878 3481 4941 experta
3511 4869 3611 4923 es?
3638 4867 3733 4920 Illa

2177 4982 2342 5022 vero:
2369 4964 2527 5020 Nunc
2556 4965 2720 5030 nosti,
2751 4964 3033 5031 fortitudo,
3060 4964 3370 5033 prudentia,
3401 4962 3650 5020 scientia,
3679 4960 3731 5011 in

2174 5057 2388 5130 angulis
2426 5057 2633 5122 latent;
2675 5064 2865 5126 regnat
2911 5065 3094 5110 autem
3143 5053 3472 5125 ignorantia,
3505 5052 3735 5106 ebrietas

2171 5163 2226 5206 et
2258 5148 2531 5205 vecordia.
3681 5148 3686 5152 ·

2774 5239 2893 5295 145.
2937 5239 3142 5294 Oratio.

2245 5353 2382 5419 Rex,
2411 5351 2616 5421 regina,
2647 5349 2898 5402 dominos
2919 5361 3072 5400 meos
3100 5345 3244 5410 dico,
3267 5343 3396 5414 quid
3433 5350 3582 5397 tanto
3604 5353 3739 5396 temo

2176 5461 2309 5518 pore
2366 5460 2581 5499 servum
2634 5443 2962 5514 neglectum,
2995 5439 3308 5493 lacessitum
3356 5453 3442 5492 me
3480 5434 3738 5505 undique,

2180 5539 2454 5608 privatum
2493 5534 2709 5599 amicis,
2755 5532 3026 5602 patribus,
3073 5529 3408 5599 parentibus,
3445 5541 3741 5582 conversa-

2185 5628 2352 5702 tione,
2386 5639 2660 5690 sermone,
2704 5623 2771 5677 ab
2804 5621 2952 5678 omni
2987 5620 3190 5674 mundo
3221 5618 3484 5681 exsulem,
3517 5617 3611 5672 sed
3657 5624 3742 5672 ta-

540 5830 584 5861 "
618 5830 727 5885 Sic.
762 5827 881 5900 Ipse
913 5837 1066 5899 poeta
1100 5829 1312 5883 videtur
1342 5827 1440 5882 hos
1470 5842 1658 5883 versus
1685 5827 2025 5882 immutasse.

2173 5824 2406 5896 ἅκριὸἧς
2438 5823 2561 5879 cod.
2639 5824 2682 5856 "'
2717 5821 2844 5893 Leg.
2871 5820 3158 5894 ὲφέζομαι.
3233 5821 3278 5853 ⁷⁸
3307 5817 3434 5888 Leg.
3469 5819 3611 5887 ἕχον.
