4054 6584
408 491 672 564 Ιιαρθένε,
706 492 791 544 σοὶ
815 490 1038 555 πίσυνος
1060 489 1155 544 καὶ
1181 489 1339 544 ἔθνεα
1366 488 1537 560 μυρία
1568 490 1775 560 κόσμου

478 584 646 637 Οὐδὲν
676 582 1078 654 ἀποπροφύγω,
1117 584 1389 653 στήσομαι
1413 583 1458 636 δ’
1485 582 1809 653 εὐκραδίως.

409 675 672 747 Παρθένε,
711 675 796 729 σοὶ
822 676 1049 740 πίσυνος
1083 676 1179 729 καὶ
1209 676 1377 747 ἄγρια
1409 674 1553 744 φῦλα
1589 675 1866 744 γιγάντων

482 766 574 829 Εἰς
608 766 772 836 φόϐον
811 767 1085 838 ὲμὸαλέω,
1115 768 1209 821 καὶ
1237 768 1542 837 κρατεροὺς
1571 766 1793 837 ὁπλίτας

409 858 482 913 Οὐ
510 858 748 929 τρομέω,
780 860 963 930 σίδηρε
990 875 1002 888 ’
1035 859 1232 929 μάτην,
1263 858 1587 929 πτερόεντες
1615 856 1805 925 ὀϊστοὶ,

493 950 771 1005 Ἰοϐολεῖτε
803 953 936 1022 χρόα
974 952 1202 1023 στερρὸν
1233 952 1327 1006 ἀπ’
1356 949 1689 1004 εύθυδόλων.

410 1043 677 1114 Παρθένε,
710 1046 803 1098 καὶ
837 1045 921 1098 σοὶ
956 1044 1224 1115 θάρσυνος
1249 1045 1307 1108 ὲς
1335 1042 1512 1113 φλόγα
1545 1042 1759 1113 μέσσην

485 1138 745 1208 Πηδήσας
773 1137 971 1209 Βελίαρ
1004 1138 1277 1209 στήσομαι
1304 1137 1609 1201 ἀϐλαϐέως.

412 1230 678 1300 Παρθένε,
722 1230 782 1282 σὲ
810 1230 1136 1300 τρομέοντες
1166 1229 1423 1301 δαίμονες
1453 1229 1785 1302 ἀγριόθυμοι

486 1323 783 1377 Ούτιδανὺν
817 1322 962 1394 κάμὲ
986 1324 1048 1377 οὐ
1075 1323 1289 1377 τιθέασι
1315 1323 1488 1380 κάτω.

340 1462 347 1465 ,
412 1417 521 1470 Ναὶ
537 1415 864 1480 πέσον,ἀλλά
877 1415 942 1468 σύ
968 1417 1023 1486 μ’
1044 1415 1528 1488 ύψόϐεπωῆρπασας,
1541 1415 1608 1487 ἢν
1625 1416 1671 1471 δ’
1690 1416 1770 1471 ἔτι
1789 1414 2001 1488 κεῖμαι,

495 1509 656 1563 Ἀλλὰ
690 1509 846 1573 δίδως
870 1509 1175 1579 χεῖραοούδὲ
1210 1510 1461 1566 πατεῖσίΥ
1491 1510 1681 1581 ἀφίης.

413 1602 682 1673 Παρθένε,
717 1602 774 1655 σὲ
806 1603 1047 1675 τρομέω,
1079 1604 1173 1656 καλ⁵
1205 1606 1317 1667 σοῖς
1344 1605 1403 1658 ὲν
1430 1605 1658 1673 γούνασι
1690 1603 1899 1657 κεῖνται

488 1697 673 1749 Πάντα
706 1713 765 1748 τε
786 1694 867 1767 ,τά
898 1696 1134 1766 φρίσσω,
1160 1698 1257 1750 καὶ
1290 1695 1406 1767 βίος
1438 1692 1774 1767 ἀμφότερος,

417 1784 594 1852 Αἶνος,
626 1788 849 1854 ὄνειδος,
872 1788 1082 1861 ἀδοξίη,
1119 1785 1299 1861 εὖχος,
1331 1788 1583 1853 πλοῦτος,
1620 1786 1803 1856 ὑγεία,

486 1880 715 1945 Νοῦσος,
745 1881 922 1950 ὕϐρις,
957 1883 1143 1953 πενίη,
1175 1882 1339 1952 μῆτις
1377 1884 1426 1934 εἰ
1451 1880 1496 1933 δ’
1532 1879 1814 1950 ἀφροσύνη
1843 1880 1914 1943 ⁷⁸,

418 1974 655 2045 Κάρτος,
682 1974 937 2041 ἁναλκίηη,
969 1973 1191 2046 θάρσος,
1224 1974 1364 2039 δέος,
1405 1968 1591 2044 αἶσχος
1624 1971 1710 2025 ἐπ’
1740 1969 1901 2034 ἄνθος

500 2064 829 2135 Ἱσταμένων
894 2065 1091 2131 πάντα,
1150 2065 1332 2119 πάντα
1369 2081 1429 2118 τε
1483 2065 1780 2135 λυομένων.

420 2156 485 2210 Τί
510 2157 668 2210 πλέον
696 2173 712 2224 ;
742 2158 806 2210 ὲκ
829 2156 920 2211 σέο
942 2157 1036 2211 καὶ
1059 2157 1213 2224 Θεὸς,
1240 2158 1372 2228 ὕψος
1398 2157 1552 2229 ἐμὸν,
1578 2159 1752 2231 πέρας
1777 2159 2003 2232 ἔσχατον

1748 2253 2003 2326 taceto»),

492 2341 691 2397 Τοῦτον
721 2344 832 2415 ἔχω
880 2345 1092 2417 κέρδος,
1123 2346 1188 2398 ἀν
1245 2363 1351 2418 περ
1400 2344 1508 2417 ἔχω
1540 2344 1620 2408 σὲ,
1650 2342 1825 2415 Κόρη.

422 2434 664 2489 Τούνεκα
681 2439 773 2491 καὶ
798 2438 858 2490 σὲ
882 2439 988 2508 πρὸ
1019 2438 1241 2492 πάντων
1257 2439 1534 2510 λίσσομαι,
1556 2436 1764 2507 ἄφθορε
1792 2432 2002 2505 Κούρην

493 2526 775 2597 ’Ἃπτομαι
809 2530 853 2583 δ’
890 2531 949 2583 οὺ
999 2529 1267 2600 καθαραῖς
1307 2529 1517 2600 χείρεσι
1561 2526 1670 2581 σῶν
1718 2525 2003 2594 γονάτων⁶

424 2617 641 2671 Χείλεσί
662 2621 710 2671 τ’
743 2621 843 2691 οὐχ
872 2622 1110 2691 ἀγνοίσι,
1139 2621 1560 2690 παναγνοτάτην
1593 2636 1653 2672 σε
1684 2617 2004 2691 κικλήσκωθ

499 2711 709 2782 Ὀνομα
742 2713 832 2767 σὺν
854 2714 1074 2783 τρομέω
1105 2716 1200 2767 καὶ
1227 2712 1397 2767 τύπον
1431 2711 1708 2783 εἰσορόων.

436 2799 598 2854 Ἀλλὰ
630 2802 817 2872 φίλους
845 2805 975 2869 σοὺς
1010 2805 1180 2869 αἴδεο,
1210 2803 1339 2869 ἅζεο
1372 2803 1417 2855 δ’
1450 2803 1661 2873 αἵματα
1689 2800 1857 2871 χύδην

509 2893 848 2965 ’Δολοφόρων
879 2897 1040 2967 ἱερῶν
1071 2896 1283 2966 δάκρυά
1308 2897 1354 2948 τ’
1381 2896 1446 2948 ἐκ
1475 2894 1760 2964 βλεφάρων
1781 2911 1794 2925 ·

430 2987 660 3053 ’Ἄλλους
684 2994 730 3043 τ’
763 2992 1041 3064 αἰδέσθητι
1073 2994 1268 3063 χοροὺς
1300 2990 1695 3062 μελανείμονας
1728 2991 1925 3059 ἁγνοὺς

429 3125 562 3180 rabo
588 3127 915 3198 intrepidus,
947 3138 1006 3184 ut
1046 3130 1099 3184 in
1138 3129 1382 3184 nubibus
1411 3128 1594 3199 aquila
1625 3128 1840 3185 volans.

506 3219 687 3291 Virgo,
719 3222 814 3275 tibi
846 3236 1063 3292 quoque
1090 3221 1375 3278 conﬁdens
1400 3231 1593 3291 gentes
1624 3222 1816 3276 mundi
1846 3222 2014 3279 innu-

432 3328 609 3368 meras
633 3330 738 3367 non
769 3315 1174 3383 pertimescam,
1213 3316 1467 3371 resistam
1502 3322 1684 3369 autem
1718 3315 1975 3371 viriliter.

500 3404 687 3475 Virgo,
735 3406 831 3460 tibi
862 3406 1145 3462 conlidens
1199 3423 1338 3462 saeva
1376 3405 1660 3477 gigantum
1708 3422 1909 3479 genera
1960 3408 2015 3463 in

432 3509 696 3553 terrorem
742 3499 1009 3570 injiciam,
1043 3510 1097 3554 et
1132 3500 1372 3555 valentes
1399 3501 1631 3567 milites;

500 3591 618 3648 Non
653 3603 889 3649 metuam
956 3593 1200 3660 ferrum;
1234 3593 1471 3660 frustra,
1504 3594 1756 3648 volucres
1785 3595 2016 3663 sagittae;

433 3683 695 3754 impetitis
727 3686 1009 3742 robustam
1042 3687 1238 3758 pellem
1268 3702 1298 3741 a
1329 3686 1627 3742 solertibus
1652 3682 1945 3743 arcuariis.

510 3775 693 3848 Virgo,
729 3778 827 3832 tibi
868 3779 1113 3833 innitens
1146 3780 1199 3833 in
1252 3779 1431 3834 media
1467 3779 1687 3836 ﬂamma
1725 3780 2019 3838 ambulans

432 3865 621 3932 Belial,
659 3868 815 3923 stabo
845 3868 1154 3925 incolumis.
1424 3922 1436 3934 ,

508 3958 693 4031 Virgo,
752 3972 804 4017 te
858 3963 1314 4032 pertimescentcs
1362 3963 1493 4018 εαξνὶ
1552 3964 1871 4029 daemones,
1935 3980 2022 4021 me

435 4060 695 4123 tanquam
729 4055 893 4110 vilem
928 4071 1035 4109 non
1067 4055 1392 4124 despicient.

508 4146 665 4201 Certe
714 4149 1061 4213 ceciderunt,
1118 4165 1204 4203 me
1248 4158 1431 4204 autem
1465 4159 1523 4205 tu
1558 4164 1625 4204 ex
1660 4149 1769 4205 alto
1803 4164 2025 4206 assum-

438 4239 619 4309 psisti,
653 4241 697 4295 si
736 4258 863 4296 vero
908 4244 1091 4298 adhuc
1117 4243 1296 4314 jacco,
1346 4244 1441 4300 sed
1478 4259 1703 4299 manum
1735 4244 2025 4316 porrigens

439 4344 547 4383 non
580 4332 887 4388 conculcari
926 4334 1099 4389 sines.
1928 4356 1931 4359 '

1726 372 2073 434 CARMINA
2104 369 2359 436 VARIA.

3575 373 3679 435 97‘

2184 487 2508 559 Ἀγγελικῆς
2534 487 2715 560 βιοτῆς
2741 489 2925 543 εἰκόνα
2958 491 3057 560 τὴν
3089 488 3334 560 χθονίαν·

2095 582 2163 636 Oi
2194 600 2252 636 σε
2276 582 2636 653 περιστάντες
2674 585 3077 654 παναπείρονες
3102 583 3325 638 ἄλλοθεν
3352 582 3532 645 ἄλλος,

2170 675 2389 747 Δάκρυα
2422 672 2601 745 θερμὰ
2625 673 2825 744 χέουσα
2854 676 3152 746 ἡμετέραις
3180 675 3225 706 ⁸⁸
3261 674 3473 744 τύχαις.

2131 765 2306 837 Εξοχα
2329 765 2374 818 δ’
2409 765 2703 837 εὐγενέτην
2733 765 2960 835 γενέτην
2989 767 3121 837 ἐμὸν
3158 766 3305 831 ἅζεο,
3343 768 3529 836 Κούρη
3554 765 3599 805 ⁸³

2175 857 2467 929 Πατρικῶν
2497 859 2543 890 ⁸⁸
2570 858 2812 926 λαγόνων
2836 858 3090 928 δεύτερον
3122 860 3179 923 ὃς
3210 862 3265 929 μ’
3300 858 3455 911 ἔτεκε
3482 873 3496 887 ·

2099 948 2315 1021 Δοῦρας
2344 950 2475 1021 ἐμὸν
2504 950 2802 1022 Θεόδωρον,
2835 950 3059 1022 λόγχην,
3095 952 3321 1015 ἀσπίδα,
3349 951 3525 1015 τόξον,

2179 1044 2289 1096 Καὶ
2320 1044 2527 1115 κόρυθα
2549 1043 2914 1115 βριαρὴν,καὶ
2942 1045 3095 1114 ξίφος
3129 1044 3468 1115 ἁμφίκοπον,

2107 1135 2218 1189 Καὶ
2250 1135 2407 1206 λόγον
2439 1137 2736 1208 αὐτόχυτον
2775 1139 2993 1208 νιφάδος
3018 1139 3177 1192 πλέον
3204 1137 3450 1208 ἔμφλογα
3475 1136 3683 1208 ῥεῖθρα,

2174 1227 2284 1280 Καὶ
2325 1226 2521 1297 στόμα,
2553 1229 2647 1281 καὶ
2681 1231 2859 1300 χεῖρα,
2891 1230 2986 1284 καὶ
3015 1230 3215 1301 θράσος
3246 1231 3305 1283 ὲν
3334 1228 3623 1298 πολέμοιςο

2109 1317 2306 1373 ’Υδασι
2337 1317 2663 1392 βαπτιστήν,
2697 1320 2997 1392 βαπτιστόν
3026 1322 3072 1375 θ’
3110 1323 3338 1393 αἴμασιν
3367 1324 3553 1392 ἁγνοῖς

2175 1404 2251 1465 Οὗ
2278 1410 2469 1484 κλῆσιν
2506 1416 2706 1484 φορέω,
2740 1412 2774 1470 ἆ
2800 1411 2997 1481 τάλας,
3027 1417 3103 1480 ὡς
3128 1418 3351 1487 ρυπόωί

2107 1503 2388 1575 Οὑρανίων
2417 1523 2475 1559 τε
2510 1508 2776 1577 πρόμους,
2820 1510 3111 1581 περιηγέα,
3142 1510 3391 1580 ἕμφλογα
3424 1511 3621 1575 κύκλα,

2179 1595 2385 1664 Ταῦτα,
2410 1598 2584 1671 Κόρη,
2621 1600 2849 1671 θεμένη,
2871 1602 2961 1666 θὲς
2994 1604 3181 1671 θρόνον
3209 1604 3353 1673 ἀμφὶ
3404 1605 3549 1678 δίκῃ.

2110 1686 2404 1760 Σπλάγχνα
2438 1692 2484 1744 τ’
2513 1692 2728 1745 ἐοικότα
2759 1693 2855 1746 σοῦ
2877 1694 3066 1758 παιδὸς
3097 1695 3369 1749 πολύολϐα
3394 1695 3689 1753 κυκλίσκω.

2183 1780 2369 1836 Ταῦτα
2398 1783 2513 1836 λύει
2540 1802 2629 1855 με,
2653 1784 2831 1856 Κόρη,
2853 1786 3032 1839 τοῖσδε
3054 1787 3196 1841 δίδου
3224 1788 3285 1841 τὸ
3313 1790 3539 1859 κράτος.

2037 1862 2079 1917 Β
2117 1873 2338 1928 Ἤλιτον
2360 1877 2425 1929 ἐκ
2455 1878 2703 1948 γενετῆς,
2727 1879 2862 1933 ὄσσα
2901 1878 3200 1949 ψάμμαθός
3224 1899 3282 1935 τε
3319 1884 3467 1949 κόνις
3503 1902 3585 1951 τε,

2185 1967 2319 2030 Σοὺς
2350 1968 2398 2021 δ’
2429 1967 2657 2041 ἔφθειρα
2682 1971 2902 2041 νόμους,
2940 1972 3167 2044 ἄφθορε,
3193 1976 3315 2029 οὐδὲ
3346 1975 3537 2045 λόγους

2114 2058 2247 2122 Σοὺς
2266 2060 2637 2131 προπάροιθεν
2659 2062 2809 2132 ἐμῶν
2829 2064 3033 2136 ἐθέμην
3050 2065 3271 2121 παθέων
3290 2083 3306 2098 '
3332 2067 3407 2122 ἰδέ
3430 2069 3478 2122 θ’
3500 2070 3697 2141 ὅρκους
3752 2114 3761 2124 .

2187 2152 2483 2217 Συνθεσίας
2509 2156 2558 2206 τ’
2596 2155 2865 2221 ἀπλέτους
2889 2159 2968 2222 είς
3000 2158 3238 2228 ἀνέμους
3264 2159 3493 2231 ἐθέμην.

2115 2244 2232 2298 Σῶν
2270 2245 2461 2313 ξενίων
2490 2248 2703 2317 μυρίων
2734 2249 2780 2302 δ’
2810 2250 3024 2321 ἔτυχον,
3055 2251 3150 2304 καὶ
3188 2251 3416 2321 ἔδρακον
3441 2248 3533 2308 οἷα

2185 2337 2308 2391 Οὐδ’
2339 2341 2786 2411 ἀπαμειϐόμενος
2813 2342 3009 2412 ὕδριας
3044 2346 3380 2402 ἀντιπάλων.

2188 2431 2314 2501 ρνδ’.
2345 2433 2449 2499 Εἰς
2484 2432 2592 2493 τὸν
2628 2433 2801 2504 ἅγιον
2844 2434 3151 2505 Ῥωμανὸν
3195 2438 3304 2493 τὸν
3326 2440 3624 2509 μελφδόν.

2196 2550 2255 2601 'U
2286 2549 2659 2622 συγχορευτὴς
2679 2551 2913 2623 ούρανοῦ
2948 2552 3058 2607 τῶν
3086 2553 3361 2623 ἀγγέλων,

2116 2636 2227 2690 Καὶ
2259 2638 2425 2707 γῆθεν
2453 2639 2570 2711 ᾅδει
2606 2640 2707 2704 τάς
2743 2643 2875 2695 ἐκεῖΔ
2896 2642 3185 2714 μελῳδίας.

2119 2738 2248 2821 ρνεξ.
2280 2733 2645 2821 ξῖὶςηὲξῆαφον
2685 2734 3054 2821 διωκομένην·
3086 2737 3185 2792 καὶ
3232 2741 3705 2821 καταφργοῦσαν

2189 2805 2357 2927 πρὸδςδ
2375 2804 2720 2871 θάλασσαν,
2772 2804 2873 2860 καὶ
2932 2804 3053 2862 ὑπὸ
3103 2804 3502 2880 σαγηνευξῶ
3559 2828 3692 2881 κρα-

2189 2890 2259 2927 τη
2300 2891 2496 2927 εισαν.

2188 2890 2496 2942 musicam

2119 2989 2193 3042 ’Ἡ
2227 2989 2283 3059 μ’
2307 2989 2462 3044 ἔτεκε
2488 2990 2682 3061 φύγον,
2707 2992 2789 3057 είς
2818 2991 2922 3048 ἀλα
2947 2992 2993 3048 δ’
3020 2992 3283 3065 ἔδραμον
3311 2991 3347 3069 ἦ
3380 2999 3471 3067 ρα,
3496 2998 3701 3070 ματαία

2037 3137 2081 3195 c
2116 3130 2324 3188 sanctis
2353 3130 2572 3188 athletis
2597 3132 2830 3188 eﬂ‘usum
2861 3132 3239 3206 laorymasque
3264 3149 3331 3191 ex
3361 3135 3561 3194 oculis.

2189 3222 2342 3291 Alios
2377 3237 2599 3293 quoque
2641 3222 2857 3292 respice
2883 3223 3104 3289 choros,
3150 3225 3286 3281 atris
3336 3226 3582 3284 vestibus
3617 3228 3704 3284 in-

2118 3315 2302 3381 dutos,
2334 3326 2539 3381 castos,
2571 3317 2831 3390 angelica:
2860 3319 2986 3373 vitae
3019 3324 3333 3374 terrestrem
3370 3320 3703 3392 imaginem;

2192 3408 2293 3475 Qui
2328 3418 2378 3464 te
2408 3409 2810 3465 circumdantcs
2838 3409 3111 3465 innumeri
3144 3410 3284 3466 alius
3314 3427 3478 3483 super
3503 3413 3705 3481 alium,

2123 3504 2382 3557 ardentes
2411 3502 2683 3573 laerymas
2713 3502 2954 3558 fundunt
2987 3502 3191 3558 nostris
3221 3520 3387 3575 super
3414 3505 3659 3561 casibus.

2194 3595 2309 3650 lmo
2362 3609 2493 3650 vero
2532 3595 2829 3665 ingenuum
2879 3593 3189 3667 genitorem
3239 3611 3422 3652 meum
3465 3599 3705 3669 respice,

2121 3686 2290 3758 Virgo
2320 3687 2413 3757 qui
2452 3703 2482 3743 e
2514 3688 2744 3757 patricio
2781 3697 2970 3743 ventre
2991 3688 3292 3744 secundum
3327 3702 3413 3744 me
3441 3691 3707 3760 suscepit.

2196 3779 2313 3835 Meo
2337 3779 2645 3847 Theodoro,
2667 3780 2939 3848 lanceam,
2969 3780 3472 3853 clypeum,arcum,
3501 3783 3707 3853 galeam

2123 3871 2410 3929 robustam
2434 3881 2488 3927 et
2519 3872 2757 3943 gladium
2793 3872 3054 3942 utrinque
3075 3882 3296 3928 acutum
3314 3882 3369 3929 et
3397 3889 3709 3931 sermonem

2125 3975 2319 4033 Sponte
2345 3967 2600 4019 liuentem
2628 3965 2804 4037 magis
2831 3980 2996 4036 quam
3025 3965 3168 4020 nivis
3192 3965 3446 4021 micantia
3476 3964 3709 4032 ﬂuenta,

2124 4067 2181 4113 et
2224 4073 2312 4123 os,
2342 4068 2395 4112 ct
2446 4074 2694 4123 manum,
2750 4069 2805 4114 et
2850 4058 3164 4115 ﬁrmitatem
3215 4058 3268 4112 in
3323 4059 3514 4127 bellis;
3551 4061 3711 4130 aquis

2127 4148 2520 4216 baptizantcm,
2542 4149 2991 4220 baptizatumque
3008 4164 3147 4219 puro
3174 4150 3227 4202 in
3248 4149 3534 4219 sanguine,
3556 4152 3712 4218 cuius

2126 4254 2326 4294 nomen
2367 4238 2505 4306 fero,
2544 4240 2649 4294 heu
2702 4240 2990 4306 miserum,
3030 4248 3295 4310 quantum
3331 4237 3639 4295 dedecore!

2197 4333 2474 4388 Coelorum
2526 4333 3035 4404 principes,gterrte
3090 4332 3502 4385 circumductos
3553 4330 3712 4385 llam~

512 4422 692 4493 Virgo,
728 4435 778 4481 te
806 4443 1019 4497 vereor,
1047 4436 1101 4484 et
1132 4444 1254 4499 quae
1285 4429 1339 4484 in
1362 4428 1485 4486 sinu
1510 4439 1603 4486 tuo
1625 4430 1810 4502 jacent
1838 4431 2023 4487 omnia
2055 4498 2083 4502 Α
2126 4441 2279 4481 meos
2303 4426 2559 4491 circulos,
2591 4416 2713 4495 ηιιώ
2744 4423 3010 4489 statuisti,
3049 4421 3237 4493 Virgo,
3268 4421 3334 4476 da
3366 4422 3625 4478 thronum
3660 4426 3713 4479 in

441 4514 718 4582 horresco,
760 4520 866 4573 vita
895 4530 1145 4590 utraque.

512 4607 674 4674 Laus,
707 4612 1085 4681 opprobrium,
1117 4612 1587 4685 dedecus,gloria,
1617 4613 1837 4679 divitia,
1871 4614 2020 4670 sani-

443 4711 546 4766 tas,
579 4704 825 4770 morbus,
863 4706 1225 4767 contumelia,
1255 4715 1570 4776 paupertas,
1622 4706 1938 4777 prudentia,
1966 4715 2022 4762 et

445 4797 679 4865 insania,
730 4799 912 4862 robur,
966 4798 1292 4863 inﬁrmitas,
1342 4798 1565 4864 ﬁducia,
1608 4810 1845 4870 egestas,
1888 4814 2020 4855 con-

445 4896 681 4959 temptus
721 4899 774 4945 et
807 4891 971 4958 nitor,
1005 4894 1191 4948 omnia
1240 4892 1508 4949 stantium
1535 4932 1551 4957 ,
1597 4892 1893 4962 omniaque
1922 4893 2018 4948 dc-

444 4980 725 5051 iectorum.

514 5073 654 5141 Quid
689 5076 967 5147 amplius?
1002 5076 1106 5134 Per
1135 5087 1187 5133 te
1219 5078 1383 5145 Deus,
1424 5074 1697 5132 celsitudo
1727 5091 1869 5142 mea,
1900 5077 2022 5132 ulti-

448 5182 571 5241 mus
599 5182 907 5240 pugnarum
956 5170 1119 5226 linis:
1169 5169 1320 5224 hunc
1361 5168 1539 5223 habeo
1574 5167 1918 5232 mercedem,
1974 5168 2019 5222 si

450 5268 503 5312 te
537 5256 734 5327 habeo,
773 5258 960 5333 Virgo.
992 5259 1117 5315 ldco
1148 5275 1368 5330 quoque
1397 5270 1449 5314 te
1494 5274 1607 5329 pra:
1652 5258 1907 5313 omnibus
1940 5258 2023 5312 in-

450 5368 603 5418 voeo,
640 5352 903 5410 inviolata
936 5355 1110 5429 virgo,
1138 5365 1410 5425 tangoque
1444 5368 1551 5408 non
1582 5353 1737 5423 puris
1769 5353 2026 5407 manibus

448 5454 537 5498 tua
568 5461 740 5516 genua
758 5490 773 5515 ,

527 5539 823 5611 Labiisque
875 5558 983 5597 non
1020 5541 1225 5607 castis,
1278 5540 1648 5597 castissimam
1700 5546 1753 5594 te
1804 5537 2033 5592 advoco.

454 5629 659 5686 Nomen
688 5640 844 5689 tuum
872 5645 926 5689 et
952 5634 1178 5705 eiligiem
1211 5635 1430 5689 intuens
1465 5644 1660 5687 tremo.

528 5727 633 5781 Sed
685 5727 896 5782 amicos
943 5735 1068 5783 tuos
1114 5728 1348 5791 honora,
1398 5725 1610 5795 respice
1657 5721 1980 5794 sanguinem
2008 5734 2039 5773 a

2053 4498 2098 4555 Β
2122 4518 2361 4589 justitia,
2384 4518 2585 4573 similia
2621 4519 2696 4573 un
2731 4517 2827 4575 mn
2862 4516 3072 4571 viscera
3103 4515 3377 4569 ditissima
3406 4515 3712 4576 circumeo.

2114 4611 2251 4666 haec
2286 4610 2423 4666 mihi
2448 4611 2729 4674 deﬁciunt,
2780 4608 2965 4680 Virgo,
3000 4609 3087 4665 bis
3120 4609 3289 4663 robur
3319 4622 3542 4679 prarsta.

2202 4703 2432 4760 Peccavi
2467 4719 2531 4760 ex
2562 4714 2710 4772 ortu,
2741 4712 3007 4775 quantum
3057 4717 3223 4757 arena
3255 4713 3312 4757 et
3343 4703 3543 4772 pulvis,
3595 4712 3718 4756 luas

2130 4798 2331 4853 violavi
2359 4799 2526 4869 leges,
2560 4798 2843 4863 inviolate,
2869 4811 3046 4867 neque
3068 4796 3230 4851 verba
3260 4806 3347 4849 tua
3368 4811 3552 4851 coram
3582 4811 3721 4848 nn..s

2131 4886 2485 4960 pas'sionibus
2520 4890 2680 4961 posui
2727 4907 2740 4944 :
2777 4905 2907 4945 ecce
2950 4888 3116 4943 etiam
3148 4886 3460 4959 juramenta
3489 4885 3718 4943 foederis

2129 4984 2281 5038 irrita
2310 4986 2362 5038 in
2392 4993 2584 5040 ventos
2607 4984 2788 5039 emisi.

2201 5078 2355 5130 Dona
2398 5075 2684 5131 innumera
2718 5076 2923 5146 recepi,
2958 5084 3013 5132 et
3045 5082 3252 5146 quanta
3290 5071 3431 5127 vidi!
3469 5086 3579 5126 non
3614 5072 3713 5125 ιιι·
3792 5062 3793 5065 “

2130 5168 2502 5225 versariorutn
2544 5166 2780 5236 injurias
2812 5167 3032 5237 injuriis
3056 5167 3297 5223 solvens.

2350 5257 2474 5311 154.
2509 5255 2575 5309 1η
2607 5268 2851 5311 sanctum
2884 5259 3183 5313 Romanum
3219 5255 3498 5308 musicum.

2204 5348 2460 5407 Concivis
2494 5347 2617 5402 emli
2667 5349 3021 5417 angelorum,
3075 5353 3239 5401 terra:
3288 5341 3554 5397 melodias
3605 5338 3717 5393 illis

2131 5438 2298 5493 canit.

2134 5531 2259 5585 155.
2296 5527 2360 5581 In
2392 5541 2621 5586 cervam,
2676 5540 2791 5590 quae
2823 5524 3143 5578 insecutores
3179 5523 3381 5592 fugiens
3407 5519 3458 5571 in
3489 5535 3639 5572 mare
3666 5534 3723 5572 se

2366 5618 2371 5623 ί
2397 5596 2619 5662 ronjecit
2652 5604 2701 5645 et
2733 5610 2764 5646 a
2794 5594 3149 5662 piscatoribus
3177 5603 3332 5662 capta
3359 5599 3456 5643 est.

2210 5710 2362 5763 llanc
2408 5719 2532 5775 qua;
2569 5718 2656 5757 me
2680 5703 2897 5783 peperit
2946 5702 3082 5772 fugi,
3116 5704 3171 5756 in
3203 5716 3356 5758 mare
3407 5708 3601 5756 autem
3631 5716 3723 5756 ευ·

527 5843 576 5878 τ’
616 5844 768 5902 Fort.
810 5850 973 5920 μῆνις
1010 5849 1072 5905 ιδ’
1102 5850 1234 5923 ἀφρ.
1314 5850 1359 5882 ⁸ο
1394 5846 1524 5918 ch.
1558 5846 1738 5918 χέουσ’
1770 5842 2011 5917 ᾑμετέρα

2171 5836 2214 5867 ⁸¹
2246 5830 2453 5903 κούρην
2490 5827 2612 5883 cod.
2688 5826 2733 5858 θ’
2761 5824 2888 5895 Leg.
2911 5824 3237 5894 πατρικίων.
