4054 6592
414 415 520 481 977

413 533 581 588 Φύσει
615 531 723 603 γὰρ
750 525 909 587 αὗται
936 532 1114 604 τίμιαι
1143 535 1237 588 καὶ
1270 536 1382 601 τοῖς
1412 534 1607 602 ξένοις.

415 626 691 697 Θρηνοῦσι
726 626 771 679 δ’
801 626 971 698 αὐτὴν
1001 627 1099 699 τὴν
1134 628 1407 698 βασίλειον
1438 629 1590 683 πόλιν
1627 646 1641 659 ·

419 721 528 773 Καὶ
556 722 814 790 σκῆπτρα
850 718 1075 790 Ῥώμης
1102 722 1198 773 καὶ
1227 724 1295 775 τά
1335 721 1623 793 Ῥωμαίων
1654 723 1819 789 καλὰ,

430 812 657 867 Ῥυέντα
687 812 825 884 πρὸς
856 811 984 883 χοῦν
1022 812 1183 885 ἔργα,
1212 817 1307 869 καὶ
1346 816 1553 887 σεμνὰς
1582 817 1766 883 πόλεις

417 909 545 970 Τοῖς
576 906 776 972 ἔθνεσι,
810 905 910 975 φεῦ
935 907 950 961 ί
978 906 1227 973 ἐκτόπως
1259 910 1609 977 πατουμένας
1635 927 1647 939 ·

419 1000 531 1053 Καὶ
560 998 721 1064 δόξαν
751 984 1067 1070 ἀνθήσασαν
1094 1000 1153 1051 ἐν
1188 999 1404 1064 πολλοῖς
1431 1002 1662 1072 χρόνοις,

422 1091 531 1145 Kal
556 1090 652 1143 τοῦ
691 1088 1001 1160 στρατηγοῦ
1032 1089 1297 1162 τάένεῦρα
1321 1093 1767 1161 συγκεκομμένα.

418 1182 625 1236 Γελῶσι
659 1182 705 1236 δ’
738 1182 933 1247 αὐτοὺς
964 1181 1060 1235 καὶ
1094 1158 1293 1252 σοφοὺς
1317 1182 1615 1248 ύποξύλους

421 1276 532 1330 Καὶ
560 1277 683 1340 τοὺς
716 1275 974 1337 τεθέντας
996 1274 1105 1328 τῶν
1140 1260 1277 1329 νέων
1304 1275 1484 1347 σοφῶν
1521 1276 1721 1348 δόμους
1750 1276 1822 1333 ⁸⁸.

416 1367 604 1431 Δειλός
632 1385 716 1431 τις
746 1366 890 1422 ἐστω
916 1368 1025 1432 πᾶς
1053 1368 1236 1437 σοφὸς,
1271 1368 1377 1422 κᾶν
1407 1368 1483 1441 μὴ
1506 1368 1657 1442 θέλῃ,

420 1459 588 1528 Λαγῶ
620 1460 733 1531 βίον
759 1460 888 1527 ζῶν,
923 1460 1141 1531 γλῶττα
1177 1460 1271 1514 καὶ⁵
1298 1461 1509 1533 γαστὴρ
1544 1463 1725 1533 μόνον.

420 1554 716 1625 Πράκτωρ,
749 1553 1026 1625 ὑπουργὸς
1051 1554 1148 1608 καὶ
1174 1556 1441 1627 ποριστὴς
1470 1555 1767 1627 χρημάτων
1785 1573 1803 1589 ο

418 1646 531 1715 Τῆς
555 1645 778 1717 ἀνδρίας
812 1646 911 1717 μὲν
940 1647 999 1699 ἐν
1033 1645 1211 1716 λόγοις
1238 1646 1557 1718 ἐπαινέτης,

420 1739 531 1792 Καὶ
563 1738 661 1809 τῆς
695 1738 929 1802 παλαιᾶς
952 1739 1155 1811 ἀρετῆς
1189 1739 1537 1812 μεμνημένος
1561 1757 1575 1772 ·

424 1826 649 1902 Ἔργοις
677 1831 734 1885 δὲ
759 1832 966 1903 ταύτης
994 1832 1094 1903 τὴν
1124 1833 1377 1887 ἐναντίαν
1404 1834 1613 1905 τρέχων
1632 1850 1647 1865 ’

420 1925 541 1978 Κᾶν
576 1926 625 1978 εί
651 1924 833 1996 σοφῶν
859 1942 945 1990 τις
969 1925 1129 1992 ἄλλος
1168 1926 1392 1999 ἀνδρίαν
1419 1927 1575 1982 λάϐοι
1594 1944 1611 1959 ⁸

417 2016 555 2069 Θεοῦ
587 2017 695 2087 γὰρ
725 2017 858 2071 αὐτὸ
886 2017 1059 2089 δῶρον
1085 2012 1202 2072 οἶδα
1235 2020 1330 2073 καὶ
1363 2019 1544 2091 μόνον,

422 2110 725 2176 Ἐκτακτος
753 2105 929 2176 οὗτος,
964 2112 1061 2165 καὶ
1092 2110 1273 2181 σοφῶν
1305 2110 1449 2166 λύων
1477 2111 1699 2183 νόμους.

413 2202 523 2256 Φεῦ
546 2202 648 2273 τῆς
680 2204 904 2273 ἀγνοίας
935 2205 948 2258 l
985 2203 1088 2273 φεῦ
1120 2204 1319 2274 φθόνου
1345 2206 1358 2259 !
1391 2205 1493 2275 φεῦ
1526 2205 1631 2259 τῶν
1656 2206 1787 2263 δύοί

418 2297 541 2353 Υίο)⁵
572 2298 781 2371 βροτῶν
816 2301 1098 2371 μαίνοισθε
1133 2303 1295 2375 μέχρι
1330 2304 1426 2357 καὶ
1452 2304 1629 2371 τίνοςς

422 2391 493 2444 Ἦ
523 2390 633 2445 τῶν
671 2390 853 2446 καλῶν
883 2394 992 2464 γὰρ
1020 2393 1246 2466 ἀνδρίαν
1270 2396 1332 2448 ού
1358 2397 1657 2465 γραπτέον,

423 2483 495 2536 Ἦ
526 2484 600 2555 μὴ
640 2486 885 2555 μετεῖναι
913 2484 1019 2540 τῶν
1047 2487 1227 2541 καλῶν
1258 2487 1469 2544 ἐατέον.

420 2577 615 2647 Σοφοῖς
640 2578 802 2647 σοφὸν
840 2578 897 2631 δὲ
920 2580 1013 2633 καὶ
1032 2580 1092 2633 τὸ
1117 2580 1404 2651 βούλεσθαι
1434 2583 1577 2649 τόδε,

421 2667 536 2740 Τῆς
570 2669 615 2723 δ’
648 2670 850 2741 ἀρετῆς
878 2672 1123 2745 πόρρωθι
1153 2673 1370 2729 κεῖσθαι
1400 2675 1499 2741 τὰς
1526 2675 1729 2748 φρένας
1755 2693 1770 2711 ο

420 2760 534 2832 Τὴν
560 2761 607 2815 δ’
640 2756 708 2816 αὖ
732 2762 944 2816 τελείαν
971 2764 1172 2836 ἀρετὴν
1205 2764 1317 2834 ἐγὼ
1349 2765 1514 2836 λέγω,

422 2853 746 2922 Εὐανδρίαν,
783 2854 1074 2926 φρόνησιν,
1106 2856 1313 2927 ἡδονῶν
1348 2858 1576 2929 κράτος.

430 2941 497 2998 Ἥ
525 2943 569 2997 δ’
599 2943 781 3015 ἰσότης
805 2945 859 2998 τί
886 2962 900 3012 ;
933 2946 1148 3017 Κρᾶσις
1176 2946 1392 3018 ἀρετῶν
1423 2948 1514 3017 ἴση
1540 2965 1554 2979 ο

423 3034 604 3105 Ὅπερ
635 3033 843 3088 δίκαιον
868 3033 986 3089 ἐστι
1020 3036 1116 3089 καὶ
1144 3036 1396 3090 καλεῖται
1428 3040 1541 3101 τοῖς
1573 3036 1763 3091 πάλαι.

423 3127 586 3182 Μισῶ
621 3120 882 3199 σοφιστὴν
908 3128 1055 3191 ὅστις
1080 3127 1180 3199 οὐχ
1206 3126 1358 3198 αύτῷ
1393 3128 1558 3198 σοφός
1583 3145 1598 3160 ·

425 3219 549 3274 Οὐδ’
578 3218 738 3292 ἐσχεν
765 3212 961 3293 οἷσπερ
984 3218 1080 3274 καὶ
1104 3220 1268 3291 σοφὸς
1286 3219 1637 3294 γνωρίζεται.

1726 421 2071 482 CARMINA
2101 421 2356 482 VARIA.

2022 550 2067 604 Α
2100 541 2161 594 Εί
2185 534 2469 593 συλλαϐεῖν
2493 538 2546 592 δὲ
2580 536 2655 608 μὴ
2686 536 2894 601 σθένεις
2923 536 3129 606 τόλμαν
3160 536 3326 605 λόγῳ,

3577 419 3683 483 978

2104 634 2170 686 Τί
2198 634 2308 697 τοῖς
2332 633 2514 704 Ξχουσι
2539 630 2634 685 καὶ
2662 630 2876 700 φθονεῖς
2898 629 3222 693 ἀνενδὸτωςς

2103 727 2170 778 Τί
2214 726 2309 779 καὶ
2344 725 2575 797 στερείς,
2605 722 2885 795 ἄνθρωπε,
2926 722 3131 791 γνῶσιν
3174 719 3390 792 ἰσχύοςς

2103 818 2170 871 Τί
2202 821 2315 882 τοῖς
2344 816 2647 887 ἀγνώστοις
2677 814 3008 885 ἐγχειρίζεις
3044 814 3201 885 ἡνίας
3231 829 3245 877 ;

2102 911 2169 964 Τί
2203 909 2398 983 βρῶμα
2420 912 2594 974 ποιεῖς
2625 910 2722 974 τάς
2756 908 2941 972 πόλεις
2971 911 3083 971 τοῖς
3112 906 3455 976 βαρϐάροιςς

2103 1003 2168 1056 Τί
2200 1002 2366 1072 νεῦρα
2396 1002 2615 1072 τέμνεις
2640 1001 2734 1056 τοῦ
2769 1000 3003 1073 στρατοῦ
3033 998 3417 1070 τεθραμμένα,

2104 1096 2333 1159 nam;
2364 1095 2598 1150 παλαιοῦ
2626 1096 2723 1150 καὶ
2753 1094 2949 1158 καλαῖς
2975 1108 3362 1164 στρατηγιαις,

2103 1184 2392 1257 Εὑρήμασί
2417 1202 2475 1239 τε
2499 1186 2593 1239 καί⁸
2619 1184 2801 1256 σοφῶν
2827 1185 3240 1257 τεχνουργίαιςς

2104 1279 2401 1350 Εύριπῖδου
2435 1278 2553 1343 πῶς
2574 1278 2685 1333 τῶν
2722 1278 3049 1352 στρατηγῶν
3072 1279 3170 1349 τὴν
3198 1276 3380 1348 κρίσιν

2105 1372 2272 1441 Σοφὸς
2308 1372 2502 1436 δοκῶν,
2532 1372 2810 1444 ἄνθρωπε,
2840 1372 2936 1426 νῦν
2966 1371 3335 1443 παρατρέχεις

2103 1466 2310 1537 Θάρσει
2337 1467 2639 1537 προκρίνας
2659 1466 2768 1520 τῶν
2808 1465 3023 1536 φρενῶν
3056 1464 3376 1531 εύόουλίανς

2109 1560 2208 1611 Ἕν
2235 1557 2343 1629 γάρ
2365 1557 2519 1611 οὐδὲν
2549 1557 2776 1630 θάτερον
2810 1557 3187 1628 λελειμμένον.

2105 1640 2172 1706 Τί
2199 1653 2296 1705 καὶ
2326 1650 2555 1705 καλοῦσι
2584 1650 2681 1723 τὴν
2718 1650 2951 1723 Ἀθηνᾶν
2990 1649 3277 1713 Παλλάὸας

2108 1746 2175 1799 Τί
2209 1745 2296 1809 δ’;
2327 1744 2429 1798 οὒκ
2467 1742 2752 1797 Ἀπόλλωνι
2779 1742 3040 1814 μουσικὸς
3067 1741 3165 1795 καὶ
3198 1739 3453 1811 τοξότηςς

2108 1836 2174 1892 Τί
2202 1837 2250 1891 δ’
2284 1833 2353 1908 ἦν
2399 1835 2683 1908 Ἀχιλλεύς
2706 1854 2733 1904 ;·
2756 1834 2973 1907 πρῶτος
2996 1835 3057 1887 ού
3085 1833 3313 1904 θεωρίᾳ,

2034 1899 2079 1957 Β
2107 1931 2219 1987 Καὶ
2258 1899 2518 2003 μουσικῖς
2555 1948 2641 1995 τις
2664 1899 3045 2003 *ᾖδεννάνδρῶν
3067 1928 3136 1981 τὰ
3167 1899 3338 1991 me;

2113 2023 2378 2094 Ἰατρικὸς
2402 2022 2448 2076 δ’
2469 2021 2556 2086 οὗ,
2591 2024 2687 2077 καὶ
2713 2021 2960 2094 μαθητὴς
2987 2019 3341 2090 Κενταύρον;

2102 2116 2169 2169 Τί
2195 2117 2240 2171 δ’
2266 2114 2334 2188 ἦν
2373 2115 2662 2179 Ὀδυσσεύς
2681 2134 2703 2183 ;,
2728 2116 2788 2169 ού
2820 2116 2998 2184 λόγοις
3033 2115 3214 2183 σοφοῖς
3240 2112 3421 2182 ρέων;

2101 2209 2178 2263 Τὸ
2204 2209 2457 2266 σύντονον
2490 2209 2547 2263 δὲ
2584 2210 2666 2273 τίς
2693 2208 3025 2281 κατώρθωσε
3058 2210 3253 2274 πλέους

2116 2302 2226 2356 Ἐῶ
2250 2284 2456 2357 ’Πύλιον
2489 2301 2586 2356 τοῦ
2620 2302 2840 2373 μέλιτος
2869 2302 3023 2371 ἡδίω,

2103 2393 2216 2447 Καὶ
2245 2392 2347 2464 τὴν
2390 2391 2664 2463 Ἀτρείδου
2701 2392 3151 2463 συντετμημένην
3183 2390 3364 2461 φύσιν,

2106 2485 2331 2556 Ἥρωας
2361 2484 2533 2556 ἄρδην
2567 2482 2721 2537 ἔνθεν
2749 2483 3176 2554 ὠνομασμένους
3202 2499 3217 2514 ⁸

2105 2577 2369 2649 Εἷροντας
2400 2575 2461 2629 εὖ
2490 2593 2551 2630 τε
2581 2578 2678 2629 καὶ
2706 2575 2968 2643 λέγοντας
2992 2575 3259 2645 ἐντέχνως
3278 2590 3293 2609 ·

2119 2670 2356 2743 Ἀνδρῶν
2381 2670 2638 2725 ἁπάντων
2668 2671 2971 2741 Σωκράτης
2998 2672 3341 2739 σοφώτερος·

2111 2761 2284 2831 Ἔστη
2321 2760 2366 2814 δ’
2392 2761 2485 2813 ἐπ’
2510 2762 2684 2831 αὐτὴν
2710 2761 2974 2824 πολλάκις
2998 2760 3098 2832 τὴν
3127 2761 3331 2814 ἀσπίδα
3353 2776 3369 2791 °

2108 2854 2219 2906 Καὶ
2247 2852 2465 2923 πρῶτος
2495 2847 2599 2923 ἦρε
2632 2851 2741 2905 τῶν
2770 2851 3041 2924 ἀριστέων
3070 2852 3210 2924 γέρα
3235 2868 3251 2885 ο

2109 2943 2338 2996 Πλάτων
2368 2942 2633 3015 ἀθλητὴς,
2660 2945 2755 2997 καὶ
2792 2941 3041 3014 μαχητὴς
3064 2942 3349 3014 Αἰσχύλος.

2098 3034 2180 3087 "0
2214 3034 2259 3088 δ’
2286 3030 2381 3090 οὖν
2412 3033 2736 3106 στρατηγῶν
2759 3035 2979 3107 πρῶτος
2998 3034 3059 3089 ού
3091 3037 3187 3089 καὶ
3222 3037 3469 3108 ρητόρων
3496 3038 3545 3072 ⁸⁸

2110 3127 2299 3197 Σοφῶν
2323 3128 2379 3181 δὲ
2410 3127 2631 3199 μᾶλλον,
2655 3128 2713 3192 δς
2738 3127 2858 3182 λύει
2888 3130 3175 3200 χρησμοὺς
3203 3129 3386 3199 μόνος,

2112 3224 2339 3289 Βουλαίς
2359 3223 2415 3278 δέ
2447 3224 2574 3295 νικᾷ
2599 3224 2695 3278 καὶ
2730 3222 2935 3295 μάχαις
2965 3222 3065 3295 τὴν
3088 3223 3193 3296 γῆν
3222 3223 3385 3295 ὃλην⁸

425 3403 567 3477 gulis
602 3403 791 3461 tristes
808 3403 1003 3461 sedent
1032 3412 1087 3461 et
1109 3402 1390 3476 neglectas,
1412 3401 1793 3458 lamentantur
1822 3416 2009 3458 amare
2037 3420 2081 3482 ρ
2116 3402 2260 3473 apud
2297 3412 2535 3460 veteres.
2573 3401 2675 3459 Odi
2703 3402 3008 3475 s0phistam
3035 3401 3132 3474 qui
3177 3401 3284 3459 sibi
3330 3414 3440 3457 non
3476 3400 3698 3472 sapiens

425 3513 535 3555 non
566 3512 724 3556 suam
757 3506 986 3563 sortem,
1024 3512 1152 3553 nam
1199 3506 1398 3553 natura
1428 3496 1760 3552 honorandae
1794 3506 1923 3552 sunt
1950 3504 2006 3552 et

424 3590 497 3645 ab
519 3590 726 3647 exteris
775 3592 1144 3659 honorantur,
1172 3592 1268 3647 sed
1316 3592 1687 3647 lamentantur
1716 3590 1887 3661 ipsam
1915 3605 2005 3645 re-

423 3680 568 3753 giam
604 3680 817 3751 urbem,
849 3692 904 3737 et
934 3691 1151 3753 sceptra
1178 3680 1366 3737 Roma:
1402 3692 1459 3737 et
1490 3680 1860 3737 Romanorum
1891 3680 2008 3736 exi-

425 3775 558 3840 mia,
606 3773 796 3830 diruta
825 3774 893 3831 ad
942 3775 1123 3831 solum
1181 3788 1381 3846 opera,
1428 3784 1485 3830 et
1528 3775 1741 3831 nobiles
1788 3774 2007 3831 urbesa

426 3866 679 3938 gentibus
708 3867 844 3924 heu!
881 3867 1158 3923 horrendo
1192 3868 1357 3923 modo
1393 3866 1768 3933 conculcatas,
1799 3876 1853 3923 et
1882 3866 2007 3937 glo-

426 3960 565 4015 riam
601 3976 721 4032 quaa
748 3968 902 4016 tanto
940 3969 1188 4031 tempore
1220 3959 1425 4026 ﬂoruit,
1467 3967 1521 4013 et
1567 3959 1724 4015 ducis
1760 3958 2005 4029 vigorem

426 4067 834 4127 consumptum.
868 4054 1070 4111 Rident
1112 4064 1295 4109 autem
1338 4054 1463 4109 illos
1506 4055 1786 4123 sapientes
1834 4052 2005 4108 subli-

427 4165 616 4220 gneos,
643 4158 695 4206 et
720 4150 819 4207 has
844 4165 968 4221 quae
991 4138 1181 4220 posita:
1211 4156 1342 4204 sunt
1375 4162 1643 4202 novorum
1675 4146 2007 4217 sapientium

426 4243 642 4298 domos.
676 4242 877 4300 Socors
902 4242 974 4299 sit
1011 4242 1190 4318 omnis
1214 4239 1601 4310 philosophus,
1638 4240 1767 4295 licet
1802 4239 2003 4293 nolue-

428 4335 522 4400 rit,
558 4334 759 4405 leporis
790 4337 958 4390 vitam
991 4336 1216 4401 vivens;
1250 4334 1436 4405 lingua
1467 4342 1678 4390 tantum
1714 4342 1769 4388 et
1798 4340 2007 4397 venter,

430 4425 615 4481 alacer
647 4425 715 4481 ad
750 4425 1043 4497 agendum,
1076 4425 1464 4496 obsequiosus,
1504 4424 1824 4481 divitiarum
1852 4438 2010 4493 quae-

428 4518 587 4584 sitor,
643 4518 985 4574 fortitudinis
1028 4518 1084 4572 in
1119 4518 1301 4574 verbis
1325 4518 1599 4582 laudator,
1627 4525 1684 4572 et
1724 4516 2007 4585 antiquam

431 4611 687 4667 virtutem
746 4626 1084 4675 memorans,
1137 4610 1396 4681 operibus
1440 4619 1623 4665 autem
1671 4608 2007 4664 contrariam

430 4703 617 4758 virtuti
648 4704 789 4759 viam
821 4720 1077 4774 sequens,
1113 4705 1367 4775 quamvis
1401 4702 1603 4774 aliquis
1633 4702 1775 4757 alius
1825 4701 2011 4771 philo-

2113 3508 2217 3561 est,
2247 3506 2303 3553 et
2328 3512 2435 3552 non
2464 3496 2628 3554 habet
2653 3511 2718 3553 ea
2748 3497 2950 3569 quibus
2976 3495 3198 3566 sapiens
3223 3493 3602 3566 cognoscitur.
3635 3492 3696 3547 Si

2115 3604 2247 3643 vero
2263 3588 2598 3660 conjungere
2620 3605 2727 3645 non
2750 3600 2904 3657 potes
2928 3587 3305 3644 fortitudinem
3324 3585 3547 3651 rationi,
3560 3586 3693 3656 quid

2117 3682 2202 3737 his
2223 3683 2315 3752 qui
2341 3693 2634 3753 utrumque
2657 3683 2859 3737 habent
2882 3682 3097 3738 invides
3124 3679 3528 3753 pertinaciter?
3548 3678 3694 3746 Quid

2116 3776 2325 3845 privas,
2367 3789 2401 3831 ο
2432 3775 2619 3841 homo,
2674 3774 2963 3832 scientiam
3016 3774 3257 3830 robore?
3304 3772 3440 3843 quid
3486 3771 3697 3842 ignaris

2118 3869 2235 3924 lora
2258 3868 2525 3924 remittis?
2549 3866 2679 3939 quid
2709 3867 2875 3923 urbes
2907 3870 3120 3937 praebes
3146 3865 3401 3921 barbaris
3420 3861 3694 3935 praedam?

2117 3959 2252 4029 quid
2292 3974 2491 4014 nervos
2522 3958 2735 4028 rumpis
2778 3958 3057 4013 exercitus
3091 3954 3271 4011 edocti
3316 3955 3505 4009 multis
3554 3951 3705 4007 anti-

2118 4052 2349 4121 quitatis
2392 4060 2447 4107 et
2489 4050 2737 4122 pulchris
2778 4050 3061 4119 strategiis
3086 4091 3102 4117 ,
3172 4046 3703 4115 inventionibusque

2116 4149 2171 4197 et
2201 4139 2491 4210 praeceptis
2519 4139 2895 4208 sapientium?
2944 4139 3218 4209 Euripidis
3264 4138 3471 4192 ducum
3505 4134 3706 4190 delini-

2121 4237 2326 4307 tionem
2367 4234 2645 4305 sapienter
2686 4232 2968 4304 judicans,
3007 4233 3195 4296 homo,
3228 4228 3509 4301 quomodo
3554 4242 3706 4283 nunc

2120 4328 2498 4399 praetermittis
2548 4326 2858 4381 fortitudini
2892 4332 3231 4394 anteponens
3262 4321 3463 4377 mentis
3490 4321 3706 4376 instru-

2118 4420 2399 4478 ctionem?
2428 4408 2606 4476 Unum
2641 4420 2791 4475 enim
2825 4434 2926 4474 nec
2968 4417 3200 4473 alterum
3236 4416 3515 4471 relictum.
3560 4413 3705 4479 Quid

2118 4514 2264 4569 enim
2320 4521 2520 4568 vocant
2564 4511 2832 4566 Athenam
2892 4508 3151 4564 Pallada?
3208 4506 3383 4578 quid,
3442 4519 3550 4560 non
3602 4502 3708 4558 fuit

2120 4604 2317 4675 Apollo
2350 4604 2598 4659 musicus
2634 4610 2685 4658 et
2718 4598 3067 4656 arcitenens?
3093 4596 3226 4669 quid
3279 4596 3383 4651 fuit
3409 4594 3704 4649 Achilles?

2122 4712 2304 4753 nonne
2358 4700 2571 4768 primus
2604 4695 2857 4761 scientia,
2912 4702 2966 4747 et
3016 4691 3264 4746 musicus
3312 4704 3426 4747 non
3468 4688 3572 4742 fuit
3602 4688 3707 4745 iste

430 4796 724 4866 saphormn
765 4795 1142 4852 fortitudinem
1182 4795 1493 4866 acceperit,
1541 4794 1634 4850 Dei
1680 4796 1824 4850 enim
1876 4793 2010 4849 illud
2044 4813 2093 4872 ο
2118 4791 2366 4845 virorum
2397 4788 2597 4845 decus?
2633 4801 2817 4843 nonne
2852 4784 3117 4851 medicus,
3149 4790 3205 4838 et
3235 4781 3542 4852 discipulus
3566 4780 3711 4836 Cen-

304 4945 315 4955 .
432 4888 634 4943 donum
666 4889 838 4951 solius
872 4904 997 4945 esse
1050 4889 1203 4955 scio;
1240 4888 1344 4943 iste
1389 4896 1544 4943 extra
1577 4887 1825 4943 ordinem
1852 4898 1937 4944 est
1962 4898 2018 4944 et

433 4981 885 5052 philosophorum
918 4980 1175 5050 frangens
1210 4981 1376 5053 leges.
1406 4978 1553 5036 Proh
1611 4980 2013 5052 ignorantiam!

433 5074 569 5145 proh
631 5074 921 5131 invidiam!
992 5074 1129 5145 proh
1166 5074 1511 5144 'utrumque!
1574 5073 1669 5127 filii
1730 5072 2014 5127 hominum

435 5181 724 5238 usquequo
753 5166 905 5223 stulti
934 5166 1128 5221 eritis?
1164 5163 1263 5220 Vel
1292 5166 1439 5221 enim
1468 5163 1843 5220 fortitudinem
1877 5164 2019 5218 inter

435 5257 591 5313 dotes
622 5258 871 5329 egregias
918 5273 1027 5311 non
1074 5256 1373 5312 inscribere
1406 5264 1639 5324 oportet,
1674 5254 1756 5308 vel
1785 5268 1815 5307 a
1843 5254 2017 5307 virtu-

438 5349 583 5404 tibus
610 5350 849 5404 eximere
882 5364 990 5403 non
1042 5348 1168 5403 licet
1200 5366 1213 5402 :
1248 5345 1592 5417 sapientibus
1624 5346 1845 5415 sapiens
1875 5343 2010 5399 illud

439 5441 597 5503 velle,
640 5441 800 5512 longe
824 5456 854 5496 a
881 5442 1081 5495 virtute
1106 5439 1292 5509 jacere
1323 5446 1585 5499 mentem.
1618 5437 1722 5492 Sed
1753 5452 1856 5507 ego
1888 5451 2018 5504 pcr-

442 5535 638 5588 fectam
691 5535 951 5588 virtutem
982 5534 1129 5598 dico,
1183 5530 1583 5596 fortitudinem,
1649 5529 2015 5600 prudentiam,

440 5629 782 5698 voluptatum
820 5628 1122 5682 victorimt.
1142 5624 1450 5696 ASqnaiitas
1478 5624 1610 5695 quid
1633 5623 1756 5679 est?
1783 5621 2013 5693 aequalis

2124 4881 2306 4937 tauri?
2351 4880 2482 4951 quid
2532 4878 2635 4934 fuit
2676 4876 2938 4950 Ulysses?
2974 4889 3161 4931 nonne
3201 4873 3543 4944 sapientibus
3590 4886 3709 4928 ser-

2125 4974 2385 5028 monibus
2438 4970 2753 5034 abundans,
2813 4971 3010 5024 robore
3054 4966 3233 5037 magis
3288 4965 3522 5020 illustris
3562 4963 3711 5018 fuit?

2122 5064 2279 5119 Mitto
2320 5062 2621 5119 .Nestoretn
2671 5062 2845 5117 melle
2877 5060 3224 5126 suaviorem,
3256 5066 3314 5113 et
3356 5057 3565 5111 Atrida:
3603 5054 3709 5109 du-

2124 5157 2321 5227 pllcem
2362 5162 2653 5220 naturam;
2688 5153 2816 5208 hinc
2868 5153 2989 5210 sine
3015 5150 3187 5207 dubio
3221 5149 3418 5204 heroes
3456 5146 3713 5202 nomina-

2124 5260 2233 5316 tos,
2281 5248 2569 5319 loquentes
2611 5247 2776 5303 simul
2809 5254 2865 5302 et
2905 5246 3153 5302 dicentes
3199 5243 3391 5315 perite.
3450 5240 3707 5295 Virorum

2125 5343 2372 5399 omnium
2389 5340 2643 5395 Socrates
2660 5338 3121 5409 sapientissimus,
3139 5338 3280 5406 saepe
3298 5334 3365 5388 ad
3396 5332 3573 5403 ipsum
3594 5330 3714 5401 cly-

2128 5434 2288 5503 peum
2323 5431 2491 5495 stetit,
2524 5438 2579 5486 et
2610 5430 2820 5500 primus
2849 5429 2971 5483 tulit
3000 5436 3346 5484 strenuorum
3377 5420 3713 5480 mercedem.

2129 5525 2283 5580 Plato
2334 5522 2556 5587 athleta,
2601 5520 2893 5591 ASschylus
2943 5518 3120 5575 miles.
3167 5518 3359 5573 Nonne
3407 5515 3576 5586 igitur
3632 5518 3719 5567 est

2133 5613 2577 5689 (Themistocles)
2597 5613 2796 5667 ducum
2825 5614 3038 5682 primus
3068 5618 3125 5665 et
3141 5612 3422 5685 rhetorum
3437 5608 3477 5661 ?'
3494 5604 3715 5677 sapien-

446 5720 708 5775 virtutum
746 5720 1082 5786 commistio,
1129 5720 1275 5790 quod
1320 5719 1532 5789 justum
1564 5728 1649 5773 est
1693 5727 1749 5772 et
1790 5724 2026 5772 vocatur
2134 5714 2269 5768 tium
2324 5712 2543 5782 potius,
2606 5708 2703 5779 qui
2748 5705 2900 5763 solus
2967 5705 3260 5763 oraculum
3320 5706 3718 5777 interpretatus

521 5886 566 5920 ⁸⁸
601 5885 759 5941 Prius
792 5894 911 5941 erat
934 5884 1151 5955 νόμους.
1223 5884 1268 5916 ⁸⁸
1301 5880 1357 5939 In
1387 5898 1561 5953 marg.
1586 5879 1982 5954 Θεμιστοκλῆς.
