4044 6574
430 462 535 525 θὊ

434 578 613 633 Ιιείθει
645 593 703 628 τε
736 576 891 645 νικᾷν
926 573 999 643 μὴ
1025 572 1273 633 θέλοντας
1303 572 1428 632 τοὺς
1457 570 1640 639 φίλους
1670 588 1681 600 ·

434 669 643 737 Κρατεῖ
666 666 721 720 δὲ
753 665 973 735 Περσῶν
1001 661 1351 733 δημιουργῶν
1383 660 1652 723 ἐκτόπως,

430 761 470 812 Γ
477 761 537 828 ἧς
564 759 658 813 καὶ
686 757 977 827 θαλάττης,
1004 758 1112 810 πᾶν
1147 755 1318 820 ἔθνος,
1354 755 1535 809 πᾶσαν
1570 754 1723 806 πόλιν

429 853 620 922 Ψυχῆς
652 868 709 905 τε
740 850 911 922 τόλμῃ
943 850 1045 927 καὶ,
1074 850 1289 920 φρενῶν
1323 847 1548 919 εὐλαὸία

429 946 597 998 Κάτω
624 943 830 1015 τίθησι,
869 944 963 996 καὶ
996 942 1126 1015 παρ’
1152 942 1360 1012 ἐχθρῶν
1386 939 1644 1009 τυγχάνει

429 1036 616 1101 Λίδνῦς
646 1037 676 1090 ό
701 1036 932 1100 κλεινὸς.
965 1035 1231 1091 θάπτεται
1261 1033 1318 1087 δὲ
1349 1030 1624 1102 καρδίαις.

430 1128 537 1179 Καὶ
567 1126 771 1195 θαῦμα.
799 1126 916 1189 πῶς
946 1125 1005 1178 ἓν
1030 1126 1187 1194 σῶμα
1217 1122 1480 1193 καὶψυχὴ
1509 1119 1609 1191 μία

431 1219 709 1286 Κρείττων
748 1217 961 1286 ἐδείχθη
991 1215 1093 1284 τῆς
1126 1214 1254 1284 ὅλης
1284 1212 1637 1283 οἰκουμένης,

428 1313 631 1382 θάρσει
657 1327 716 1363 τε
743 1308 943 1379 πολλῷ,
969 1310 1060 1361 καὶ
1081 1308 1363 1379 φρονήσει,
1389 1308 1484 1361 καὶ
1514 1308 1684 1382 μάχῃ.

430 1403 495 1455 Τί
525 1405 621 1455 καὶ
652 1401 925 1471 Περικλῆς
965 1399 1317 1471 Ἀλκιϐιάδης
1350 1401 1444 1453 καὶ
1480 1401 1692 1469 Κίμων,

432 1494 493 1544 υἱ
521 1492 627 1545 τῶν
666 1489 907 1562 Ἀθηνῶν
937 1492 1197 1558 εὐπαγεῖς
1226 1491 1420 1561 χρυσοῖ
1448 1488 1651 1553 στύλοι,

432 1589 495 1641 Ol
520 1587 626 1641 τῶν
650 1588 824 1656 λόγων
853 1589 1135 1658 ἄρχοντες,
1162 1588 1212 1640 οἱ
1248 1587 1453 1658 ῥήτρας
1476 1588 1725 1657 πρόςιοι,“

433 1681 496 1733 Οἱ
520 1680 619 1751 τὴν
651 1680 813 1749 φύσιν
837 1680 1129 1750 βλέποντες
1155 1696 1170 1744 ;
1196 1680 1258 1732 Οἱ
1283 1679 1598 1748 γεωμέτραι

436 1773 788 1843 Ἤστραπτον
822 1770 1002 1839 ἔργοις
1033 1772 1125 1824 καὶ
1161 1770 1343 1838 λόγοις
1370 1770 1471 1841 τὴν
1517 1768 1765 1831 Ἐλλάδα,

433 1864 651 1927 Ἵπποις
683 1866 804 1917 κατ’
841 1864 992 1927 αὐτὸ,
1027 1863 1206 1927 ναυσὶ,
1244 1862 1428 1925 πεζοῖς
1453 1863 1721 1931 ἐκράτουν
1748 1876 1759 1887 ·

436 1956 622 2027 Δόξης,
650 1955 947 2024 τροπαίων,
979 1953 1203 2024 ἀρετῆς,
1231 1952 1605 2023 σοφισμάτων,

437 2051 623 2102 Πᾶσαν
654 2048 946 2108 θάλατταν,
982 2048 1163 2098 πᾶσαν
1191 2046 1467 2116 ἐπλήρουν
1498 2044 1659 2116 χθόνα

438 2143 695 2212 Ἕλληνες
719 2133 901 2194 οὗτοι·
937 2139 1076 2209 πλὴν
1106 2137 1241 2191 Θεοῦ
1281 2140 1499 2202 πάντως
1544 2139 1703 2208 χάρις

436 2232 542 2286 Ἦν
578 2234 672 2285 καὶ
700 2231 771 2285 τὰ
798 2231 1024 2295 τούτων,
1055 2223 1117 2283 οὗ
1155 2229 1438 2301 φρόνησις,
1466 2221 1526 2282 οὗ
1562 2228 1744 2296 λόγος,

436 2321 574 2391 Παρ⁹
603 2316 774 2392 οὗπερ
805 2319 961 2390 ἔσχον
994 2320 1085 2373 καὶ
1115 2319 1185 2372 τὰ
1226 2319 1324 2389 τῆς
1358 2318 1661 2385 εὐανδρίας.

436 2415 508 2466 Σὺ
538 2413 607 2477 δ’,
642 2408 685 2467 ὦ
713 2413 1002 2478 Μακεδὼν,
1035 2412 1156 2471 πῶς
1182 2411 1343 2480 σοφὸς
1368 2408 1562 2483 κριθῇς
1596 2411 1673 2463 ἔτι

439 2507 533 2557 Ὢν
564 2505 660 2558 καὶ
692 2506 976 2575 μαχητής;
1012 2503 1129 2565 πῶς
1160 2504 1373 2574 φθονεῖς
1397 2505 1454 2558 δὲ
1484 2506 1585 2573 τῆς
1611 2503 1803 2574 τέχνης

441 2598 682 2651 ’Δπασιν
707 2598 886 2659 ἄλλοις
911 2614 926 2664 ;
954 2596 1072 2661 πῶς
1099 2598 1259 2668 μόνος
1294 2596 1467 2661 Θέλεις
1499 2597 1646 2667 ἔχειν

452 2690 853 2761 Ἀριστοτέλους
885 2691 1011 2753 τοὺς
1046 2691 1243 2760 σοφοὺς
1272 2689 1667 2762 λαϐυρίνθουςς

439 2780 695 2851 Μόναρχε
732 2780 937 2849 πρῶτα,
971 2780 1211 2851 Καῖσαρ,
1247 2780 1410 2850 ἀρκεῖ
1433 2796 1514 2833 σοι
1540 2782 1700 2850 μόνον

440 2871 635 2939 Λέγειν
667 2888 727 2924 τε
757 2871 969 2936 δεινῶς,
1006 2872 1384 2935 ἀντικάτωνας
1407 2871 1664 2942 γράφειν,

440 2961 653 3026 Βίᾶλοις
682 2965 943 3027 συνεῖναι,
981 2964 1079 3033 τὴν
1113 2962 1274 3032 φύσιν
1302 2962 1485 3031 ζητεῖν
1515 2962 1652 3015 ὅλων
1683 2980 1699 3029 ;

440 3053 508 3107 Τί
536 3054 631 3107 καὶ
660 3056 989 3125 στρατηγεῖς
1021 3056 1115 3108 καὶ
1137 3053 1297 3125 βιάζῃ
1330 3054 1441 3107 πᾶν
1471 3053 1644 3118 ἔθνος,

440 3144 555 3199 Καὶ
578 3145 677 3209 τὰς
702 3145 964 3219 ἀπείρους
988 3148 1046 3201 ἑν
1076 3146 1271 3218 βραχεῖ
1296 3146 1479 3211 πόλεις
1503 3145 1669 3217 ἔχεις.

1698 457 2009 518 ῘΟᾹΝΝΙΞ
2046 455 2477 516 ΟΕΟΜΕΤΠΕ

2030 571 2079 628 Α
2110 570 2306 639 Ὄρους
2329 569 2383 621 δὲ
2410 570 2638 637 πήσσεις
2673 569 2715 598 ⁸’
2742 570 2797 620 ἐν
2834 566 3110 637 Γαδεῖροις
3134 565 3384 618 Αὐσόνων
3409 578 3425 630 ;

3583 452 3683 511 980

2114 664 2181 715 Ἢ
2213 663 2338 725 τοὺς
2373 662 2633 723 ἀπίστους
2669 661 2792 724 τοὺς
2816 660 2871 713 δὲ
2906 660 3133 721 πιστοὺς
3162 658 3221 710 οὐ
3255 657 3372 708 δέον

2109 750 2336 804 Θὰλλειν
2364 751 2550 815 καλοῖς
2587 752 2789 805 ἅπασιν
2824 752 3007 821 ἔργοις
3034 748 3128 802 καὶ
3161 747 3375 817 λόγοις;

2123 844 2264 895 ’Λλλ’
2290 843 2432 906 ἐλθὲ,
2470 845 2588 907 πῶς
2618 844 2800 916 ἔκρινε
2825 843 2919 896 καὶ
2940 841 3096 905 Θεὸς,
3125 841 3273 909 λέγε,

2111 936 2245 991 Τίνα
2279 937 2584 1009 στρατηγὸν
2611 938 2710 1008 τῆς
2739 935 2934 990 ἑαυτοῦ
2968 934 3206 988 δεικνύει

2110 1028 2322 1100 Μοίρας
2351 1028 2621 1101 κραταιᾶς
2653 1030 2743 1082 καὶ
2773 1026 3005 1097 στρατοῦ
3040 1026 3378 1097 ποθουμένου
3406 1045 3421 1092 ;

2112 1122 2186 1174 Οὐ
2230 1123 2317 1175 τὸν
2351 1123 2632 1191 γραφέντα
2659 1123 2771 1186 τοῖς
2801 1120 2985 1190 λόγοις
3026 1120 3224 1191 μακρῷ
3256 1118 3451 1191 χρόνῳ,

2113 1214 2223 1267 Καὶ
2260 1213 2595 1268 συλλαϐόντα
2630 1215 2808 1267 πᾶσαν
2846 1213 3264 1277 εὖπαιδευσίαν;

2113 1307 2430 1374 Αἰγυπτίοις
2460 1307 2688 1361 συνόντα
2721 1306 2928 1377 Μωσῆν
2960 1306 3050 1359 τὸν
3095 1306 3267 1377 μέγαν

2114 1400 2194 1452 Τὰ
2231 1400 2422 1471 πρῶτα
2452 1400 2545 1454 καλ⁵
2580 1399 2839 1455 κάλλιστα
2874 1400 2981 1452 τῶν
3016 1397 3375 1469 μαθημάτων,

2116 1494 2325 1561 Λόγους
2356 1492 2627 1563 ἀριθμῶν,
2661 1491 2988 1564 γραμμικὴν
3021 1489 3283 1562 θεωρίαν,

2120 1588 2369 1651 Ἀστρων
2400 1583 2679 1655 πολήσεις,
2710 1583 2992 1655 ῥυθμικῶν
3029 1580 3206 1652 μελῶν
3236 1581 3416 1650 ὅρους,

2120 1680 2185 1730 Ὃ
2214 1677 2409 1748 κρᾶσίς
2443 1677 2558 1730 ἐστι
2593 1677 2685 1729 καὶ
2711 1676 2861 1739 τέλος
2893 1674 3072 1729 καλῶν
3094 1673 3231 1727 ὅλων
3259 1689 3275 1737 ;

2119 1769 2333 1823 Παλαιὰ
2367 1768 2559 1830 ταῦτα,
2602 1770 2709 1821 πᾶν
2742 1767 2924 1833 καλὸν,
2967 1766 3121 1837 φασὶ,
3168 1764 3357 1824 πάλαι,

2070 1920 2085 1943 ⁸
2124 1865 2231 1915 Καὶ
2256 1864 2438 1916 καινὸν
2459 1863 2609 1915 οὐδὲν
2643 1862 2752 1915 τῶν
2787 1861 2967 1915 καλῶν
2999 1861 3092 1914 καὶ
3118 1858 3314 1928 τιμίων
3336 1874 3350 1887 ο

2068 1946 2086 1968 ’
2119 1954 2323 2027 Ζηλοῦν
2354 1955 2411 2008 δὲ
2441 1954 2614 2008 ταῦτα
2640 1953 2713 2024 μὴ
2739 1952 2923 2014 καλὸν,
2949 1952 3043 2005 καὶ
3071 1951 3154 2014 τίς
3188 1950 3345 2019 λόγος
3366 1968 3383 2017 ;

2116 2048 2249 2100 Οὐδὲ
2275 2047 2506 2115 γράφειν
2536 2044 2711 2110 ἔξεστι
2736 2044 2921 2096 λοιπον
2952 2045 3026 2106 ὡς
3055 2043 3241 2106 πάλαι,

2116 2141 2281 2193 Οὐδὲν
2309 2139 2486 2207 λόγοις
2514 2138 2734 2208 ἄριστον
2760 2138 2833 2199 ὡς
2868 2137 2993 2205 πρλν
3021 2136 3333 2205 τυγχάνειν,

2116 2233 2240 2287 U58'
2272 2234 2329 2285 ἐν
2362 2234 2564 2302 μάχαις
2601 2231 2912 2301 βέλτιττον;
2943 2231 3250 2300 Ἕῤῥευσαν
3290 2228 3520 2298 τέχναι;

2118 2326 2296 2379 Πάλαι
2326 2324 2435 2394 γὰρ
2460 2319 2601 2393 ἦσαν
2624 2324 2735 2383 τοῖς
2760 2321 2971 2392 βροτοῖς
3001 2320 3323 2391 εὖρημέναι²

2120 2414 2191 2466 Τὸ
2228 2414 2527 2483 σωφρονεῖν
2559 2412 2667 2464 πᾶν
2690 2410 2968 2463 ἐκλέλοιπε
3003 2411 3092 2461 τὸν
3135 2410 3245 2479 βίον
3285 2428 3298 2468 ;

2118 2505 2227 2574 Τὴν
2260 2504 2461 2576 ἀρετὴν
2494 2502 2653 2555 δίωκε
2682 2502 2883 2563 πᾶσαν,
2913 2501 2947 2571 ἥ
2984 2502 3170 2565 πάλαιξ

2117 2597 2350 2648 Φανεῖτα
2381 2594 2609 2656 πολλοὺς
2633 2590 2766 2665 ἦρεν
2799 2593 2877 2655 είς
2908 2590 3042 2662 ὕψος
3074 2593 3236 2661 μέγα,

2132 2688 2359 2755 ’Δφείσα
2385 2685 2610 2749 τούτους
2640 2684 2901 2755 ἀρχικοὺς
2932 2684 3122 2755 ὥσπερ
3152 2683 3376 2744 τύπους.

2122 2780 2263 2848 Πρὸς
2296 2778 2389 2841 οὓς
2413 2779 2624 2849 βλέπων
2652 2795 2757 2842 τις,
2784 2776 2977 2839 κάλλος
3010 2778 3059 2828 εἰ
3094 2776 3239 2829 θέλοι
3274 2776 3412 2845 βῖου,

2134 2873 2374 2925 Ἐκεῖθεν
2406 2871 2573 2935 ἕλκει,
2609 2871 2713 2923 κᾶν
2744 2869 2812 2922 τὰ
2840 2870 3065 2938 διύτερα
3099 2870 3305 2939 γράφῃ.

2125 2965 2195 3017 Σὺ
2224 2964 2300 3028 δὲ,
2334 2968 2588 3034 προφῆτα
2619 2962 2712 3015 καὶ
2745 2961 2988 3031 βασιλεῦ,
3018 2961 3133 3023 πῶς
3168 2961 3327 3013 πλέον

2124 3058 2317 3125 Αὖχεῖς
2350 3056 2607 3111 ἁπάντων
2634 3054 2832 3123 γνῶσιν
2861 3071 2876 3120 ;
2909 3055 3008 3107 οὐκ
3037 3054 3307 3123 ἀριστέων

2129 3149 2313 3218 Ἔχεις
2340 3149 2405 3202 τὰ
2446 3147 2677 3219 πρῶτα;
2711 3146 2832 3208 Πῶς
2865 3146 3057 3217 σοφίζῃ
3092 3146 3216 3208 τοὺς
3248 3146 3466 3215 νόμους,

442 3334 561 3393 est,
621 3326 870 3382 consiliis
911 3331 967 3381 et
1014 3325 1211 3396 pugnis
1276 3326 1445 3381 vincit
1504 3341 1724 3383 omnem
1780 3337 2017 3389 terram,
2051 3332 2092 3389 ς
2130 3334 2202 3380 tet
2241 3325 2485 3379 inﬁdeles
2523 3336 2574 3380 et
2613 3324 2801 3380 ﬁvleles
2832 3324 3029 3378 ﬂorere
3077 3323 3332 3378 omnibus
3367 3322 3526 3377 bonis
3564 3338 3695 3392 ope-

443 3414 638 3472 suadet
667 3417 886 3471 vincere
921 3416 1169 3470 nolentes
1197 3416 1427 3481 amicos,
1460 3424 1515 3470 et
1549 3418 1816 3472 concione
1854 3416 2025 3471 vincit

442 3508 714 3577 stupendo
737 3506 901 3563 modo
933 3508 1151 3572 Persas,
1181 3507 1321 3562 mari
1353 3516 1408 3562 et
1442 3515 1611 3577 terra,
1643 3523 1858 3563 omnem
1889 3522 2021 3578 gen«

444 3609 575 3659 tem.
613 3614 828 3655 omnem
876 3599 1088 3665 urbem,
1121 3598 1292 3653 animi
1334 3599 1563 3655 audacia
1602 3610 1657 3655 et
1698 3602 1893 3655 mentis
1936 3615 2025 3656 sa-

443 3689 649 3759 pientia
697 3689 988 3757 submittit,
1027 3698 1082 3745 et
1123 3690 1193 3745 ab
1242 3690 1491 3746 hostibus
1534 3690 1745 3746 obtinet
1793 3691 2026 3763 inclytus

448 3782 710 3848 honores,
751 3780 889 3837 etin
922 3780 1183 3837 cordibus
1216 3796 1409 3836 eorum
1459 3782 1722 3851 sepelitur
1755 3801 1768 3837 :
1816 3792 1869 3838 et
1905 3799 2028 3854 pro-

408 3895 413 3901 ι
446 3873 653 3943 digium
682 3882 802 3941 est,
838 3874 1116 3945 quomodo
1152 3888 1353 3944 corpus
1378 3889 1548 3929 unum
1601 3884 1655 3928 et
1700 3875 1879 3929 anima
1916 3891 2025 3931 una

404 4004 414 4013 ι
447 3966 733 4035 superiora
778 3966 895 4021 visa
926 3968 1038 4021 sint
1073 3966 1331 4021 universo
1378 3966 1519 4033 orbi,
1556 3981 1749 4036 magna
1801 3967 2026 4022 fortitu-

444 4058 592 4121 dine,
648 4058 937 4128 prudentia
1002 4066 1058 4113 et
1094 4057 1309 4130 pugnis.
1344 4058 1482 4124 Quid
1538 4059 1704 4114 etiam
1764 4059 2022 4129 Pericles,

446 4150 761 4207 Alcibiades.
793 4158 849 4206 et
877 4150 1072 4207 Cimon
1094 4195 1108 4219 ,
1141 4151 1244 4205 illa:
1282 4149 1615 4205 Athenarum
1648 4152 1819 4207 ﬁrma;
1845 4168 2026 4208 aurea:

448 4243 737 4309 columnae,
776 4244 829 4298 hi
884 4244 1192 4300 orationum
1247 4244 1522 4314 principes
1570 4255 1624 4299 et
1675 4246 2023 4316 eloquentiae,

451 4336 508 4392 hi
537 4337 631 4408 qui
662 4346 914 4392 naturam
954 4338 1290 4403 noscebant;
1323 4336 1382 4392 hi
1406 4348 1694 4408 geometrae
1718 4339 1811 4408 qui
1846 4340 2026 4408 operi-

451 4427 555 4483 bus
587 4435 643 4482 et
667 4426 885 4498 scriptis
919 4425 1181 4483 Graeciam
1208 4427 1578 4493 illustrabant,
1615 4430 1773 4497 equis
1833 4430 2023 4493 simul,

452 4518 704 4584 navibus,
730 4528 785 4573 ct
818 4519 1046 4588 pedibus
1077 4519 1368 4574 vicerunt?
1389 4518 1582 4590 gloria,
1606 4519 1888 4588 trephaeis,
1908 4520 2022 4573 vir-

454 4618 591 4675 tute,
620 4610 958 4679 sapientibus
1017 4610 1193 4676 libris,
1236 4624 1399 4664 omne
1448 4624 1620 4671 mare,
1656 4624 1877 4663 omnem
1915 4620 2027 4664 ter-

452 4716 573 4757 ram
604 4701 966 4772 impleverunt
1003 4701 1175 4757 Graeci
1205 4700 1317 4757 isti.
1368 4702 1622 4756 Attamen
1659 4700 1753 4754 Dei
1800 4701 2024 4756 omnino

408 4836 413 4839 -
453 4792 571 4849 haec
592 4793 809 4849 illorum
831 4793 971 4849 dona
992 4794 1165 4863 gratia
1197 4802 1376 4857 erant,
1398 4793 1555 4861 cujus
1578 4800 1665 4847 est
1706 4791 2019 4860 prudentia,

452 4892 506 4940 et
562 4883 894 4953 eloquentia,
934 4899 963 4938 a
1004 4898 1115 4953 quo
1155 4883 1319 4938 etiam
1352 4882 1628 4938 habebant
1681 4881 2024 4941 fortitudinis

452 4974 617 5031 dona.
642 4974 723 5033 Tu
760 4989 909 5039 vero,
933 4990 965 5029 ο
995 4974 1237 5039 Macedo,
1266 4974 1541 5043 quomodo
1567 4974 1784 5045 sapiens
1809 4975 2024 5046 judica-

412 5110 421 5115 -
456 5078 545 5123 tus
572 5068 671 5135 sis,
703 5068 933 5125 bellator
963 5082 1089 5123 eum
1120 5064 1639 5132 fueris?Quomodo
1666 5077 1839 5123 artem
1887 5069 2028 5123 invi-

454 5161 550 5217 des
574 5161 693 5215 aliis
720 5159 1019 5216 omnibus?
1057 5158 1333 5229 quomodo
1362 5158 1512 5213 solus
1553 5159 1754 5216 habere
1784 5160 1867 5217 vis
1907 5162 2029 5217 Ari-

454 5254 665 5307 stotelis
682 5253 956 5322 sapientes
973 5252 1227 5320 ambages
1241 5252 1267 5305 ’ἓ
1282 5250 1464 5306 Prime
1485 5252 1801 5322 imperator,
1820 5254 2024 5322 Caesar,

455 5343 652 5397 suﬁicit
712 5343 808 5398 tibi
867 5342 1045 5397 solum
1094 5342 1241 5413 loqui
1287 5342 1649 5408 mirabiliter,
1682 5346 2025 5403 anticatoncs

456 5435 716 5499 scribere,
754 5434 806 5489 in
834 5433 988 5490 libris
1013 5435 1345 5501 conversari,
1367 5443 1616 5491 naturam
1645 5437 2024 5495 universorum

455 5523 782 5590 exquirere?
817 5522 955 5590 Quid
979 5523 1140 5579 etiam
1176 5524 1314 5580 bella
1346 5526 1489 5595 geris
1514 5537 1567 5582 et
1611 5541 1802 5585 omnes
1834 5540 2022 5600 gentes

414 5660 421 5666 ,
456 5608 684 5676 subigis,
716 5617 771 5663 et
792 5610 1104 5667 innumeras
1130 5614 1289 5670 urbes
1324 5614 1733 5684 brevitempore
1757 5631 2020 5691 occupas,

454 5698 829 5771 terminosque
843 5700 1096 5761 Ausoniae
1123 5705 1174 5762 in
1205 5705 1449 5766 Gadibus
1479 5706 1632 5781 ﬁgis?
1649 5707 1838 5768 Nonne
1862 5728 2024 5784 opor-

527 5882 571 5921 ⁸⁷
607 5883 839 5955 πήσσαις
867 5882 987 5942 cod.

2127 3418 2279 3471 ribus
2308 3427 2361 3471 et
2402 3417 2788 3472 sermonibus?
2823 3416 2931 3471 Sed
2964 3430 3083 3485 age,
3147 3414 3423 3485 quomodo
3469 3414 3702 3469 senserit

2128 3510 2291 3575 Deus,
2325 3510 2414 3565 dic
2449 3510 2627 3566 nobis.
2670 3510 2843 3577 Quem
2881 3510 3072 3564 ducem
3104 3524 3215 3563 sua:
3238 3508 3481 3563 ostendit
3510 3518 3703 3577 poten-

2126 3603 2193 3658 tis
2228 3603 2557 3657 hzereditatis
2587 3610 2641 3657 et
2672 3602 2884 3657 dilectae
2918 3601 3130 3672 gentis?
3180 3616 3361 3654 nonne
3414 3599 3568 3654 illum
3606 3599 3698 3669 qui

2126 3695 2309 3749 verbis
2341 3694 2480 3765 longi
2519 3695 2778 3764 temporis
2798 3693 3087 3748 historiam
3120 3692 3437 3763 scripserat,
3469 3702 3524 3747 et
3549 3692 3603 3746 in
3640 3706 3699 3747 se

2128 3786 2419 3857 collegerat
2478 3800 2697 3841 omnem
2754 3785 2955 3840 bonam
3030 3784 3395 3841 doctrinam?
3466 3783 3701 3856 Moysem

2128 3894 2323 3949 nempe
2352 3894 2605 3947 magnum
2643 3892 2767 3933 cum
2827 3876 3096 3948 Aﬁgyptiis
3134 3885 3544 3941 conversatum,
3591 3876 3703 3945 pri-

2128 3970 2233 4025 mis
2263 3981 2313 4025 et
2340 3969 2720 4039 pulcherrimis
2763 3969 3029 4036 scientiis,
3069 3983 3419 4024 numerorum
3478 3968 3703 4023 rationi.

2130 4064 2252 4129 bus,
2285 4063 2584 4118 litterarum
2628 4062 2859 4127 theoria,
2900 4072 3175 4118 astrorum
3243 4062 3699 4129 revolutionibus,

2100 4155 2505 4226 rhythmorum
2552 4153 2987 4219 deﬁnitionibus,
3029 4155 3171 4224 quod
3223 4153 3457 4209 includit
3492 4161 3548 4208 et
3577 4168 3700 4222 per-

2131 4246 2242 4302 ﬁcit
2277 4246 2501 4315 pulchra
2531 4246 2756 4300 omnia?
2786 4245 3025 4315 Antiqua
3061 4245 3189 4312 ista,
3240 4244 3451 4309 dicunt,
3500 4253 3554 4300 et
3583 4243 3701 4315 pul-

2129 4343 2321 4396 chrum
2344 4350 2428 4395 est
2459 4354 2620 4395 omne
2648 4340 2790 4410 quod
2821 4348 2905 4394 est
2932 4340 3243 4410 antiquum,
3289 4340 3541 4409 nihilque
3576 4337 3698 4392 novi

2128 4432 2415 4502 pulchrum
2452 4444 2535 4487 est
2564 4442 2617 4488 et
2646 4433 2945 4504 egregium.
3004 4431 3205 4488 Verum
3241 4432 3345 4488 ista
3394 4432 3703 4503 deprimere

2133 4539 2242 4577 non
2275 4522 2448 4589 decet,
2482 4534 2534 4578 et
2580 4540 2820 4595 quanam
2870 4525 3117 4580 ratione?
3156 4540 3337 4580 nonne
3366 4525 3613 4580 scribere
3641 4522 3705 4576 li-

2132 4625 2219 4670 cet
2283 4616 2519 4678 tandem,
2584 4618 2713 4682 quia
2761 4618 3090 4689 antiquum;
3158 4632 3342 4672 nonne
3393 4615 3703 4686 eloquentia

2134 4708 2488 4777 conspicuum
2523 4722 2667 4774 esse,
2706 4710 2832 4780 quia
2877 4711 3031 4781 prius
3065 4710 3118 4764 id
3170 4708 3380 4775 evenit;
3430 4724 3612 4763 nonne
3651 4708 3703 4761 in

2130 4801 2325 4870 pugnis
2352 4800 2646 4855 eximium?
2697 4804 2975 4872 perierunt
3015 4803 3196 4858 artes?
3228 4800 3535 4870 antiquitus
3561 4801 3706 4856 enim

2130 4905 2287 4949 erant
2316 4893 2383 4948 ab
2416 4893 2726 4949 hominibus
2783 4897 3036 4951 inventae.
3072 4895 3439 4951 Prudentiane
3485 4895 3708 4948 omnino

2131 4999 2161 5038 c
2194 4984 2302 5038 vita
2332 4985 2608 5039 excessit?
2634 4988 2893 5042 virtutem
2931 5002 3152 5042 omnem
3183 4986 3417 5056 expelle,
3453 5002 3575 5056 qua:
3605 5001 3706 5038 an-

2136 5075 2363 5145 tiquitus
2411 5077 2628 5147 cognita
2685 5080 2888 5135 multos
2954 5080 3020 5134 ad
3081 5094 3359 5134 summum
3431 5076 3707 5147 fastigium

2128 5168 2343 5233 extulit,
2370 5184 2516 5222 nunc
2552 5171 2773 5239 reliquit
2806 5173 2925 5228 haec
2973 5173 3199 5243 antiqua
3231 5172 3383 5226 velut
3433 5171 3707 5239 exempla.

2130 5258 2210 5313 Ad
2238 5275 2361 5329 qua:
2392 5262 2609 5316 intuens
2659 5263 2877 5333 aliquis,
2936 5264 2980 5319 si
3012 5265 3139 5319 vita:
3204 5264 3407 5318 bonum
3454 5262 3708 5323 voluerit.

2132 5351 2254 5406 inde
2276 5353 2534 5417 extrahit,
2566 5355 2689 5411 licet
2720 5356 2960 5411 secundo
2976 5356 3175 5426 scripta
3210 5354 3408 5410 forent.
3444 5354 3524 5409 Tu
3554 5369 3707 5417 vero,

2108 5445 2391 5512 propheta
2436 5452 2491 5499 et
2549 5461 2667 5508 rex,
2729 5447 3006 5517 quomodo
3054 5448 3229 5517 magis
3271 5448 3551 5501 illuminas
3591 5461 3702 5500 om-

2110 5534 2282 5589 nium
2318 5536 2765 5607 intelligentiam?
2815 5555 2997 5596 nonne
3037 5542 3179 5595 inter
3214 5540 3550 5596 fortissimos
3595 5538 3696 5608 pri-

2132 5641 2252 5682 mas
2297 5628 2500 5683 habes?
2554 5632 2829 5699 quomodo
2869 5631 3245 5702 interpretaris
3312 5634 3459 5702 leges
3506 5630 3617 5691 Dei.
3656 5631 3701 5682 si

2114 5718 2240 5789 quis
2270 5719 2431 5785 alius,
2475 5732 2527 5776 et
2562 5723 2723 5778 verba
2752 5724 2996 5796 exquiris
3024 5732 3076 5779 et
3102 5724 3366 5794 exponis?
3395 5720 3693 5779 visibilium
