4054 6584
423 422 520 485 981

428 540 601 609 Εἴπερ
635 553 720 599 τις
747 534 924 602 ἄλλος,
951 536 1045 591 τοῦ
1076 538 1235 601 Θεοῦ,
1266 537 1511 604 καὶτοὺς
1542 540 1731 611 λόγους

425 630 891 701 Ζητεῖς,ὲρευνᾷς,
920 629 1088 683 τῶνδε
1120 630 1226 684 τῶν
1258 633 1575 704 ὁρωμένων,

429 724 690 795 Στρέφεις
723 721 779 775 δὲ
818 722 1021 786 πολλὰς
1046 723 1105 778 ὲν
1138 724 1302 795 φρεσὶ
1328 726 1563 797 θεωρίας
1589 742 1602 756 ·

429 816 615 877 Κινεῖς
643 814 699 867 δὲ
732 813 985 882 γλῶσσαν
1011 817 1224 881 νυκτὸς,
1263 817 1478 889 ἡμέρας
1509 817 1657 888 ὅλης,

427 906 607 969 Θείοις
635 905 724 960 ἐπ’
752 905 934 977 ἔργοις
959 922 974 937 ο
1011 909 1268 977 μουσικὸς
1298 909 1357 963 δὲ
1382 910 1691 980 τυγχάνεις,

430 997 541 1051 Καὶ
574 998 846 1069 ῥυθμικὴν
880 998 1089 1063 ἔδειξας
1116 1001 1510 1072 εὐαρμοστίαν,

427 1087 625 1155 Λόγοις
649 1088 694 1139 δ’
726 1090 977 1159 ὲφευρεῖν
1004 1090 1098 1143 καὶ
1128 1089 1265 1162 βάθη
1294 1090 1657 1162 κεκρυμμένα

426 1180 563 1233 Θεοῦ
593 1198 652 1233 τε
685 1180 857 1234 πολλὰ
877 1183 972 1236 καὶ
1002 1183 1139 1236 Θεοῦ
1175 1182 1284 1237 τῶν
1316 1185 1655 1255 κτισμάτων;

430 1272 554 1336 Πῶς
585 1272 855 1336 συντιθιῖς
881 1273 939 1327 δὲ
972 1276 1068 1328 καὶ
1092 1276 1313 1346 μέλιτος
1334 1270 1533 1347 Ξιηρίον

428 1363 643 1433 Τρόπον
686 1364 950 1437 μελίσσης
977 1365 1077 1437 τὴν
1118 1368 1439 1439 σοφωτάτην
1469 1369 1651 1439 βίϐλον

440 1457 529 1523 Ἐξ
556 1452 625 1528 ἧς
654 1458 841 1511 ἅπασα
864 1459 1087 1527 γνῶσις,
1114 1461 1190 1523 ὡς
1213 1462 1398 1531 πηγῆς
1425 1463 1471 1493 ⁸⁸
1504 1462 1690 1532 βρύει·

427 1545 584 1611 Θεοῦ,
624 1548 930 1620 Χερουϐὶμ,
965 1551 1214 1619 ἀγγέλων
1241 1553 1310 1616 ⁸⁹,
1343 1555 1727 1624 ἀρχαγγέλων,

427 1637 585 1691 Νόων
613 1639 889 1706 ἁπάντων,
917 1642 1084 1696 τῶνδε
1106 1642 1217 1697 τῶν
1238 1644 1532 1716 ὁρωμένων

427 1730 681 1799 Τρόπων,
706 1734 1005 1803 τροπαίων,
1045 1735 1271 1807 ἀρετῆς,
1300 1738 1599 1808 ἁμαρτίας,

427 1824 630 1894 Τύχης,
667 1827 804 1890 νοὸς,
833 1827 983 1898 ζωῆς
1002 1846 1061 1881 τε
1090 1829 1183 1882 καὶ
1207 1829 1419 1899 θνητῶν
1446 1830 1655 1895 τέλους,

426 1915 627 1979 Φωτὸς,
660 1918 883 1982 σκότους
913 1936 973 1971 τε
997 1919 1655 1991 δαιμόνων,παθημάτων,

429 2008 638 2077 Καινῆς
676 2025 735 2061 τε
781 2010 914 2079 πρὸς
943 2011 1047 2080 γῆν
1075 2011 1327 2081 κράσεως
1354 2013 1449 2065 τοῦ
1476 2015 1768 2079 Δεσπότου,

428 2100 539 2151 Καὶ
567 2101 667 2167 σῆς
699 2103 967 2171 ἁχράντου
998 2104 1465 2175 Μητροπαρθένου
1499 2106 1705 2177 Κόρης.

432 2192 684 2263 ’Λρρητα
712 2193 886 2247 ταῦτα
918 2197 1012 2251 καὶ
1041 2196 1216 2265 λόγων
1243 2195 1488 2269 ἀνώτερα
1512 2217 1527 2266 ;

441 2284 580 2335 Ἀλλ⁹
614 2285 862 2357 ἁρπαγαὶ
900 2288 993 2343 νῦν
1033 2292 1142 2353 τοῖς
1180 2294 1504 2362 στρατηγοῖς
1531 2294 1625 2346 καὶ
1650 2291 1832 2363 μέθαι,

428 2367 530 2427 Ὧν
556 2377 617 2429 ού
662 2381 904 2447 μετεῖναι
938 2384 1049 2445 τοῖς
1076 2381 1261 2446 καλοῖς
1291 2385 1486 2453 φήσεις
1513 2383 1652 2436 δέον.

430 2470 494 2521 Τί
522 2471 694 2525 ταῦτα
719 2474 855 2543 πρὸς
882 2476 942 2527 τὸ
979 2478 1241 2547 πρᾶγμα;
1284 2479 1469 2549 Χωρὶς
1503 2480 1551 2533 οἱ
1592 2479 1756 2547 λόγοι.

434 2562 597 2617 Ἀλλο
630 2568 955 2637 στρατηγὶς,
985 2568 1113 2623 ἄλλο
1139 2570 1195 2623 δὲ
1239 2570 1563 2643 στρατηγία.

432 2655 613 2719 Κακός
644 2674 728 2720 τις
761 2651 914 2720 οὗτος
936 2676 949 2689 ·
978 2660 1011 2731 ή
1044 2662 1089 2713 δ’
1127 2661 1325 2733 ἀρίστη
1364 2665 1428 2732 τῇ
1471 2662 1653 2731 φύσει,

442 2747 683 2819 Ἰατρικὴ
724 2750 958 2822 σώτειρα
987 2770 999 2783 ·
1034 2753 1294 2816 πολλάκις
1322 2755 1367 2807 δ’
1393 2754 1496 2823 ἔφυ

429 2842 626 2905 Φονεῦς
659 2844 841 2913 ἱατρός
868 2861 881 2876 ο
915 2846 989 2916 μὴ
1022 2846 1257 2917 κακίζῃς
1290 2848 1389 2919 τὴν
1418 2849 1634 2918 τέχνην.

431 2930 505 2981 Οὐ
542 2931 886 3000 πράγματος,
920 2934 1058 3004 (πῶς
1084 2935 1124 3006 ς)
1155 2937 1265 2989 τῶν
1290 2936 1598 3007 προσώπων
1622 2935 1663 2987 δ’
1692 2934 1723 3002 ἡ
1756 2932 1947 3003 βλάθη.

436 3020 673 3092 Ἐὅλαψε
713 3026 895 3096 ῥήτωρ
924 3028 1184 3091 πολλάκις
1215 3046 1299 3092 τις
1332 3030 1455 3091 τοὺς
1489 3027 1686 3097 νόμους
1710 3042 1725 3057 ·

430 3112 522 3183 Μὴ
548 3115 644 3167 καὶ
680 3117 911 3189 κακίζῃς
938 3119 1217 3187 δεινότητα
1245 3121 1354 3173 τῶν
1389 3121 1582 3188 λόγων.

435 3205 645 3271 ’Ἄλλως
670 3224 732 3261 τε
764 3211 891 3273 τοὺς
921 3211 1126 3275 κακοὺς
1159 3213 1259 3283 μὲν
1282 3212 1356 3277 ώς
1381 3214 1550 3277 κακὸς
1575 3210 1741 3267 σύνοι.

1736 426 2015 488 CARMIN

2117 429 2372 491 VARIA.
3570 414 3681 477 932

2033 576 2079 633 Α
2121 545 2263 615 Ἐγὼ
2299 545 2344 600 δ’
2374 542 2594 617 ἀριθμῶ
2626 544 2750 607 τοὺς
2777 542 2973 606 καλοὺς
2996 538 3089 604 οὓς
3120 539 3213 633 καὶ
3247 536 3440 607 μόνους

2109 636 2239 692 Οἶδα
2265 637 2604 708 στρατηγοὺς
2627 635 2703 699 ώς
2728 634 2945 705 ἔχοντας
2983 641 3083 703 τὴν
3108 632 3305 702 τέχνην
3325 645 3340 660 ο

2110 730 2220 784 Καὶ
2251 728 2544 801 μουσικοὺς
2573 726 2684 799 γὰρ
2710 727 2803 780 καὶ
2829 723 3170 797 κρατοῦντας
3195 722 3294 792 τὴν
3321 718 3508 791 λύραν,

2109 822 2249 886 Τοὺς
2269 817 2327 875 εὗ
2358 820 2415 875 δὲ
2446 819 2648 890 ταύτην
2675 819 2881 882 εἰδότας
2912 817 3141 888 κροῦσαι
3186 815 3365 886 μόνον,

2109 912 2220 964 Καὶ
2244 911 2373 975 τοὺς
2400 910 2640 973 διδόντας
2666 907 2757 961 τόν
2787 908 2945 972 λόγον
2971 907 3081 960 τῶν
3119 909 3471 979 κρουμάτων,

2110 1006 2221 1061 Καὶ
2246 1006 2323 1077 μὴ
2362 1005 2567 1075 φέρωσι
2593 1006 2780 1076 χερσὶν
2809 995 2955 1056 οὗτοι
2993 1000 3089 1074 τὴν
3116 1001 3307 1073 λύραν.

2122 1100 2211 1161 Ὣς
2241 1099 2500 1162 ἱππικοὺς
2525 1096 2601 1164 δὲ,
2630 1096 3003 1167 γραμμικοῦς,
3037 1095 3218 1147 πᾶσαν
3257 1094 3474 1165 τέχνην,

2123 1190 2661 1262 Ἀγαλματουργοῦς,
2693 1192 2973 1255 τέκτονας,
3010 1187 3307 1252 λιθοξόους,

2113 1282 2404 1345 Ἕκαστον,
2432 1275 2493 1335 οὗ
2504 1297 2604 1349 περ
2638 1278 2762 1349 ἔσχε
2787 1277 2885 1348 τὴν
2910 1278 3115 1346 γνῶσιν
3150 1276 3331 1347 μόνον.

2112 1374 2222 1427 Καὶ
2250 1371 2426 1426 ταῦτα
2458 1372 2557 1441 μὲν
2576 1370 2642 1443 δὴ
2669 1369 2793 1435 νοῦς
2821 1369 3068 1435 ἐτόξευσε
3099 1369 3293 1439 μάτην.

2109 1466 2324 1522 Μᾶλλον
2354 1465 2403 1519 δ’
2420 1465 2627 1528 ἐκεῖνος
2650 1463 2799 1532 ulla}
2814 1463 3019 1526 ώτατος
3048 1462 3228 1533 λόγος,

2122 1560 2211 1623 Ὠς
2245 1558 2406 1621 αὐτός
2434 1558 2549 1610 ἐστι
2581 1555 2842 1610 δεικνύων
2877 1556 2904 1609 ὁ
2935 1555 3026 1619 σὸς
3062 1555 3240 1623 λόγος,

2111 1653 2201 1722 Μὴ
2224 1649 2614 1722 συμφερόντως
2644 1648 2756 1712 τοῖς
2786 1646 2957 1715 ξένοις
2990 1644 3326 1710 παιδεύσεως

2115 1745 2298 1814 Ἕχειν
2328 1743 2496 1796 ἐθνῶν
2526 1758 2584 1794 τε
2615 1742 2708 1794 καὶ
2742 1739 2975 1810 στρατοῦ
3004 1739 3102 1802 τὰς
3127 1737 3305 1809 ἡνίας.

2111 1839 2173 1892 Εἰ
2201 1836 2309 1908 γὰρ
2332 1834 2677 1905 κρατούντων
2705 1833 2900 1899 τῶνδε,
2938 1833 3047 1887 πᾶν
3074 1831 3247 1885 δεινὸν
3275 1833 3487 1904 κρατεῖ,

2040 1941 2081 1995 Β
2110 1930 2287 2000 Μέθη,
2328 1928 2601 1999 τυραννὶς,
2638 1924 2905 1997 ἁρπαγαὶ,
2942 1925 3167 1994 σφαγαὶ,
3200 1922 3336 1994 βίαι,

2115 2018 2336 2089 Ἧττσι,
2375 2022 2602 2090 σφαγαὶ,
2634 2017 2936 2089 κάθειρξις,
2967 2015 3340 2087 αἱχμαλωσίαι
3368 2031 3378 2056 θ

2113 2116 2306 2185 Δῆλον,
2339 2112 2687 2186 κρατούντων
2710 2110 2888 2164 τοῖσδε
2911 2108 3020 2162 τῶν
3050 2108 3332 2173 ἐναντίων,

2117 2206 2307 2277 Ἀρξει
2337 2204 2500 2258 καλὸν
2529 2205 2656 2269 πᾶν,
2685 2202 3003 2272 ἐγκράτειαν
3033 2199 3366 2272 χρηστότης’

2114 2299 2403 2369 Εὐανδρία,
2430 2298 2712 2369 φρόνησις,
2744 2295 2885 2367 ἀλκὴ
2917 2295 3057 2366 πρὸς
3083 2294 3298 2358 πόνους,

2114 2392 2314 2462 Τέχναι
2341 2390 2462 2444 κατ’
2492 2389 2723 2460 ἐχθρῶν,
2743 2389 2950 2452 τάξεων
2980 2385 3250 2453 εὐταξίαι,

2114 2485 2300 2547 Νῖκαι,
2334 2482 2592 2553 τρόπαια,
2619 2478 2766 2546 δόξα,
2805 2480 3089 2550 Ῥωμαίων
3117 2477 3338 2548 κράτοςο

2113 2573 2248 2627 Θεοῦ
2284 2574 2391 2643 πρὸ
2426 2574 2646 2627 πάντων
2675 2571 2932 2641 εὐμένεια
2957 2570 3068 2633 τοῖς
3097 2568 3262 2633 ὅλοις,

2121 2664 2216 2726 Ὃς
2252 2664 2345 2715 καὶ
2374 2661 2612 2732 σφραγίς
2648 2677 2738 2731 μοι
2775 2659 2941 2712 τῶνδε
2983 2657 3094 2712 τῶν
3131 2657 3519 2728 ψελλισμάτων

2119 2754 2288 2807 Ἕσω.
2322 2752 2403 2805 Τὰ
2427 2752 2472 2804 δ’
2503 2751 2637 2806 ἄλλα
2670 2752 2783 2812 τοῖς
2810 2750 3093 2816 σοφισταῖς
3123 2746 3386 2817 μελλέτω.

2578 2837 2857 2910 ρξα’-ρξβ’.
2886 2839 2988 2901 Εἰς
3006 2835 3073 2890 τὸ
3102 2838 3229 2905 ἔαρ.

2114 2934 2317 3007 Χριστὲ
2347 2932 2501 2997 ἄναξ,
2536 2931 2595 2995 ὃς
2620 2931 2718 3002 ἔαρ
2747 2929 2969 2983 θαλέθον
2995 2928 3338 3001 πολυήρατον
3373 2930 3498 3000 ἄρτι

2130 3034 2224 3086 Ἐκ
2250 3028 2483 3100 ζοφεροῦ
2515 3028 2782 3098 χειμῶνος
2811 3025 3145 3097 ἀπηύγασας
3172 3025 3336 3097 ὥριον
3367 3027 3550 3091 ἄνθος.

2119 3122 2302 3174 Πάντα
2331 3119 2373 3171 δ’
2401 3119 2602 3189 ἀνῆκεν
2632 3116 2737 3169 ὑπὸ
2764 3115 2949 3186 χθονὸς
2977 3110 3067 3170 οἷὰ
3094 3133 3154 3169 τε
3188 3115 3400 3186 τύμϐου

2117 3213 2379 3284 Δεύτερον
2418 3214 2474 3274 ἐς
2504 3208 2771 3280 φαέθοντα
2793 3208 3132 3281 παλίμπνοος
3162 3208 3288 3282 ἄρτι
3321 3210 3611 3281 μολόντες·

432 3398 651 3453 quoque
695 3384 893 3437 multas
932 3384 1214 3441 meditaris
1267 3385 1321 3440 in
1365 3396 1549 3443 mente
1579 3388 2002 3446 demonstratio-
2030 3395 2074 3454 ο
2109 3388 2328 3460 pulsare
2360 3396 2573 3444 tantum
2608 3387 2825 3453 sciunt;
2859 3395 2915 3441 et
2953 3386 3220 3442 rationem
3250 3385 3510 3442 docentes
3530 3384 3695 3457 hujus

432 3476 564 3529 nes?
615 3474 966 3545 linguamque
1021 3491 1245 3532 exerces
1296 3486 1457 3534 nocte
1507 3480 1704 3550 dieque
1750 3492 1886 3545 tota,
1951 3482 2008 3537 in

432 3567 634 3622 divinis
702 3570 1019 3638 operibus?
1072 3571 1319 3626 musicus
1390 3580 1574 3628 autem
1634 3575 1897 3641 exsistis,
1956 3586 2012 3631 et

434 3661 798 3731 rhytlimicam
838 3661 1139 3717 exhibuisti
1183 3663 1552 3731 harmoniam,
1594 3668 1775 3724 verbis
1823 3669 2013 3737 explo-

396 3753 606 3805 rramlo
673 3753 992 3809 abscondita
1051 3754 1318 3824 profunda
1374 3755 1464 3812 Dei
1532 3758 1737 3823 multa,
1810 3757 2014 3829 Deique

436 3845 849 3898 creaturarum?
920 3847 1201 3915 quomodo
1257 3849 1638 3917 composuisti,
1698 3850 1847 3904 velut
1895 3852 2012 3920 apis

438 3936 613 3991 mellis
655 3936 858 4002 favum,
891 3940 1364 4009 sapientissimum
1404 3941 1624 4008 librum,
1648 3959 1678 3997 e
1697 3958 1807 4012 quo
1830 3945 2010 4000 omnis

438 4027 690 4093 scientia,
717 4039 777 4083 ut
815 4028 983 4094 fonte,
1009 4031 1146 4095 fluit,
1175 4031 1288 4099 Dei,
1322 4032 1642 4097 Cherubim,
1667 4036 2011 4104 angelorum,

438 4120 908 4191 archangelomm,
936 4124 1225 4193 spirituum
1257 4125 1526 4187 omnium,
1569 4125 1870 4181 visibilium
1904 4128 2015 4181 for-

441 4228 672 4275 marum,
725 4216 1112 4280 mutationum,
1170 4214 1410 4278 virtutis,
1466 4216 1699 4285 peccati,
1758 4216 2012 4283 fortunae,

443 4306 660 4369 mentis,
705 4305 835 4359 vitae
876 4316 929 4361 et
990 4306 1114 4362 ﬁnis
1165 4307 1505 4372 mortalium,
1539 4308 1703 4374 lucis,
1758 4310 2015 4364 tenebra-

444 4413 677 4468 rumque
720 4400 1051 4465 daemonum,
1107 4402 1448 4471 passionum,
1493 4400 1756 4457 mirandae
1802 4402 1869 4457 ad
1903 4411 2015 4457 ter-

440 4506 557 4545 ram
594 4491 809 4546 Domini
841 4492 1081 4557 unionis,
1118 4502 1171 4546 et
1218 4493 1580 4548 immaculatae
1637 4493 1870 4564 Virginis
1898 4493 2015 4547 Ma-

444 4584 563 4649 tris,
593 4583 885 4640 ineﬂ‘abilia
913 4585 1118 4650 omnia,
1142 4594 1196 4640 et
1250 4586 1431 4641 verbis
1480 4586 1722 4640 altiora?
1753 4586 1858 4642 Sed
1894 4587 2014 4641 vio-

442 4675 622 4731 lentiae
702 4690 847 4730 nunc
922 4676 1241 4731 bellatorum
1299 4683 1355 4730 et
1426 4676 1756 4741 ebrietates,
1814 4678 2014 4747 quibus

444 4768 770 4839 participare
817 4767 968 4822 dices
1024 4768 1271 4824 honestis
1323 4767 1644 4823 indecorum
1689 4785 1832 4835 esse,
1880 4771 2012 4840 quid

447 4858 561 4913 haec
595 4861 660 4911 ad
692 4858 854 4912 rem?
884 4856 1017 4913 foris
1048 4865 1178 4912 sunt
1218 4856 1430 4911 litterre.
1456 4858 1617 4912 Aliud
1653 4857 1833 4924 miles,
1867 4858 2017 4912 aliud

446 4952 672 5019 militia;
714 4952 804 5009 hic
826 4953 1023 5024 aliquis
1047 4952 1247 5018 malus,
1284 4952 1400 5007 haec
1438 4951 1643 5021 optima
1679 4962 1879 5007 natura
1912 4962 2015 5007 est.

446 5043 711 5100 Medicina
758 5046 1052 5112 salutaris;
1104 5060 1247 5115 saepe
1289 5053 1470 5099 autem
1513 5045 1713 5099 accidit
1747 5044 2016 5100 medicum

448 5135 775 5191 homicidam
826 5152 967 5200 esse,
1004 5152 1072 5192 ne
1119 5146 1292 5191 artem
1357 5135 1732 5191 calumnieris.
1774 5136 1891 5191 Non
1938 5138 2017 5191 rei

447 5243 710 5297 unquam,
743 5230 835 5284 sed
882 5244 1240 5299 personarum
1282 5229 1437 5298 culpa
1465 5237 1566 5283 est.
1614 5228 1833 5297 lnfregit
1872 5229 2017 5298 leges

451 5321 649 5389 aliquis
688 5321 872 5376 rhetor
904 5321 1124 5391 saepius,
1162 5338 1230 5377 ne
1281 5323 1502 5377 incuses
1550 5322 1870 5391 eloquentiae
1900 5338 2023 5392 per-

449 5412 808 5467 versitatem:
867 5413 1022 5466 aliter
1058 5413 1216 5468 malis
1274 5414 1491 5481 quidem
1551 5421 1808 5481 tanquam
1843 5412 2022 5467 malus

452 5512 926 5558 annumeraretur.
961 5503 1069 5573 Ego
1087 5512 1268 5559 autem
1295 5504 1469 5559 bonos
1520 5514 1734 5573 reputo,
1762 5519 1901 5575 quos
1930 5520 2023 5559 so-

456 5596 566 5648 lum
604 5596 892 5650 bellatores
918 5611 1039 5650 esse
1067 5597 1201 5662 scio,
1243 5606 1301 5651 ιιι
1336 5608 1507 5655 artem
1547 5612 1698 5651 suam
1730 5598 2023 5667 possiden-

2112 3481 2267 3546 artis,
2294 3480 2395 3534 etsi
2428 3492 2707 3548 nunquam
2734 3475 2989 3532 manibus
3023 3477 3197 3549 lyram
3239 3485 3501 3547 tangant;
3535 3476 3693 3531 simi-

2113 3573 2235 3627 liter
2270 3572 2500 3642 equites,
2526 3570 2845 3639 scriptores,
2868 3581 3071 3625 omnes
3087 3568 3343 3633 artiﬁces,
3370 3566 3705 3631 statuariusr

2113 3664 2454 3735 lignifahros,
2492 3663 2810 3733 lapidarios,
2836 3676 3135 3735 quemque,
3176 3660 3270 3733 qui
3300 3660 3436 3715 artis
3479 3666 3693 3713 tantum

2114 3756 2400 3813 scientiam
2432 3756 2614 3812 habet.
2649 3757 2715 3813 Et
2737 3761 2853 3814 hac
2885 3756 3106 3829 quidem
3136 3768 3269 3810 sane
3293 3767 3448 3807 mens
3487 3749 3707 3804 frustra-

2114 3851 2333 3921 objecit.
2392 3850 2579 3907 Potius
2610 3858 2693 3907 est
2754 3851 2857 3907 ista
2898 3848 3202 3922 justissima
3261 3845 3432 3909 ratio,
3466 3851 3525 3898 ιιι
3579 3842 3697 3912 ipse

2116 3954 2244 4000 tuus
2295 3956 2479 3999 sermo
2536 3944 2807 4011 ostendit,
2858 3957 2928 3999 ne
2990 3939 3385 3998 convenienter
3431 3934 3703 3990 doctrinae

2114 4039 2426 4109 expertibus
2460 4038 2875 4093 committantur
2934 4033 3179 4106 gentium
3239 4039 3295 4085 et
3351 4027 3695 4083 exercituum

2116 4129 2506 4201 gubernacula.
2539 4128 2598 4184 Si
2634 4129 2779 4184 enim
2816 4128 2902 4183 his
2928 4122 3350 4197 imperantibus,
3378 4133 3546 4176 omne
3570 4133 3692 4172 ma-

2116 4223 2229 4279 lum
2255 4222 2513 4293 imperat,
2539 4219 2798 4287 ebrietas,
2845 4202 3116 4289 tyrannis,
3146 4210 3445 4277 violentia»,
3492 4207 3693 4271 cades,

2114 4313 2469 4381 vastationes,
2504 4312 2710 4376 clades,
2740 4307 3125 4372 incarccratio,
3146 4303 3481 4377 captivitas;
3521 4307 3694 4375 patet,

2118 4408 2513 4479 imperantibus
2549 4406 2779 4463 istorum
2805 4401 3120 4469 contrariis,
3148 4399 3546 4470 imperaturum
3573 4406 3696 4450 esse

2118 4516 2283 4555 omne
2313 4501 2542 4564 bonum,
2599 4497 3037 4569 temperantiam,
3072 4493 3424 4566 probitatem,
3472 4486 3692 4543 fortitu-

2118 4591 2323 4657 dinem,
2358 4589 2727 4661 prudentiam,
2763 4588 2937 4643 robur
2976 4586 3043 4640 ad
3078 4584 3319 4647 labores,
3368 4586 3562 4635 contra
3589 4576 3693 4633 ho-

2121 4694 2230 4741 stes
2259 4681 2687 4755 peritiam,aciei
2710 4680 2911 4735 bonam
2942 4677 3379 4748 dispositionem,
3409 4669 3690 4734 victorias,

2121 4776 2447 4847 triumphos,
2484 4774 2738 4844 gloriam,
2790 4771 3168 4825 Romanorum
3221 4765 3535 4835 imperium,
3598 4760 3697 4815 Dei

2119 4877 2245 4923 ante
2278 4867 2384 4921 alia
2431 4866 2485 4919 in
2537 4880 2731 4920 omnes
2790 4859 3258 4924 benevolentiam;
3298 4857 3391 4927 qui
3428 4854 3698 4909 horumce

2118 4958 2423 5015 carminum
2475 4956 2687 5028 sigillus
2736 4955 2869 5009 mihi
2899 4953 3023 5010 erit.
3050 4951 3258 5007 Caetera
3289 4945 3556 5019 s0phistis
3582 4959 3711 5002 scr.

2120 5059 2334 5106 ventur.

2670 5179 2926 5236 161-162.
2966 5178 3035 5233 In
3068 5194 3169 5234 ver.

2194 5319 2307 5373 Rex
2336 5317 2573 5381 Christe,
2598 5326 2652 5371 tu
2677 5332 2768 5372 ver
2792 5316 3041 5371 ﬂoridum
3070 5314 3214 5369 votis
3251 5318 3520 5368 vocatum
3532 5308 3699 5363 modo

2123 5431 2154 5472 e
2193 5415 2474 5470 tenebrosa
2530 5420 2848 5480 tempestate
2906 5410 3190 5479 splendere
3236 5406 3437 5472 fecisti,
3464 5403 3691 5473 conspi-

2124 5523 2286 5563 cuum
2311 5503 2519 5559 ﬂorem.
2538 5501 2732 5557 Omn’la
2753 5517 2783 5556 e
2811 5512 2955 5557 terra
2978 5507 3309 5571 exsurgunt,
3342 5508 3403 5554 ut
3429 5512 3459 5554 e
3480 5494 3692 5551 tumqu

2123 5599 2217 5669 qui
2271 5598 2336 5652 ad
2400 5594 2692 5651 secundam
2756 5595 2928 5648 vitam
2991 5592 3130 5649 redit
3174 5590 3474 5651 redivivus,
3523 5587 3693 5643 modo

457 5696 574 5751 tes;
611 5698 665 5742 et
717 5688 961 5743 musicos
999 5689 1171 5757 lyram
1208 5692 1508 5761 pulsantes,
1567 5690 1661 5759 qui
1699 5691 1834 5748 bene
1886 5691 2028 5748 banc
2127 5698 2401 5758 crescunt;
2446 5687 2627 5745 omnia
2654 5694 3005 5753 exornantur,
3042 5693 3098 5741 et
3126 5690 3320 5740 ornatu
3360 5681 3693 5738 lloretmun-

526 5842 571 5875 ⁸⁸
609 5842 899 5900 Corrcctor
924 5845 1091 5914 πηγή.
1149 5846 1231 5932 3"
1249 5844 1377 5901 Erat
1403 5843 1675 5914 ἀργέ).ων.
