4054 6560
469 372 570 439 991

488 496 572 547 Ἐν
606 495 788 568 ἡμέρᾳ
812 496 1023 553 τίσουσι
1048 500 1220 555 ταῦτα
1242 502 1342 573 τῆς
1372 505 1551 576 δίκης.

483 584 541 638 ὐ
572 590 758 658 καιρὸς
789 592 977 658 ἐγγυς,
1005 596 1267 666 ἠκόνηται
1305 600 1367 651 τὸ
1392 597 1560 667 ξίφοςι

474 678 547 730 Τὸ
576 679 726 743 τόξον
753 683 1036 752 ὲντέτακα,
1067 691 1131 759 τῇ
1162 692 1328 760 νευρᾷ
1360 691 1535 761 βέλος.

475 771 664 841 Κρινεῖ
692 775 888 837 αὐτοὺς
918 778 1143 850 Κύριος,
1176 783 1271 836 καὶ
1295 786 1406 848 τοῖς
1439 785 1664 857 λάτραι,

483 863 792 936 Ὀφθαλμὸν
825 871 955 940 ἡδὺν
984 872 1214 937 ἐμϐαλεῖ
1237 877 1582 946 πεφρικόσιν.

472 951 597 1019 Bias,
621 960 729 1030 γὰρ
754 963 970 1026 αὐτοὺς,
998 965 1245 1029 ἐκτόπως
1283 970 1654 1038 παρειμένους

482 1048 958 1121 Ἐξηπορημένους
987 1072 1044 1107 τε
1076 1057 1169 1109 καὶ
1201 1056 1517 1122 λελοιπότας

481 1140 646 1205 Ἰδὼν,
674 1143 873 1214 ἔφησεν
893 1163 904 1175 ·
942 1148 1005 1199 υί
1039 1148 1150 1201 θεοὶ
1180 1150 1281 1202 ποῦ
1314 1153 1409 1204 καὶ
1442 1152 1589 1220 φίλοι

481 1232 597 1316 Ἐφ’
627 1232 709 1297 οἷς
748 1238 1033 1309 ἐθάρρουν,
1075 1242 1454 1313 ἐξεκόμπαζον
1496 1246 1678 1316 μέγας

472 1315 570 1375 Ὧν
601 1325 801 1379 θυσιῶν
835 1330 894 1381 τὸ
933 1332 1118 1401 στέαρ,
1153 1327 1227 1387 ὧν
1259 1337 1469 1389 σποδῶν
1510 1338 1665 1407 ῥύσιν

477 1415 569 1479 Εἰς
593 1418 797 1489 πλῆρες
829 1418 975 1493 εἶχον
1014 1426 1113 1493 ἡδὺ
1142 1426 1341 1499 βρῶμα
1368 1434 1463 1485 καὶ
1496 1436 1650 1502 πόμα
1676 1449 1691 1466 ⁸

469 1505 628 1565 Οὗτοι
662 1516 937 1581 γενέσθων
975 1519 1255 1591 σύμμαχοι
1281 1522 1376 1575 κτλ
1409 1526 1752 1594 προστάταιο

470 1601 586 1654 υὺκ
618 1603 757 1664 ἔστι,
784 1609 981 1673 γνῶτε,
1015 1609 1152 1680 πλὴν
1176 1612 1312 1680 ἐμοῦ
1345 1613 1477 1678 Θεὸς
1519 1617 1707 1685 μόνος*

469 1694 581 1747 Οὐκ
612 1696 726 1750 ἐστι
758 1700 859 1752 κᾶν
887 1701 1134 1773 δράμητε
1170 1706 1276 1774 γῆν
1298 1723 1357 1759 τε
1383 1709 1478 1761 καὶ
1508 1710 1693 1764 πόλον.

478 1787 620 1856 Ἐγὼ
647 1791 902 1865 τελευτῆς
934 1797 1030 1849 καὶ
1056 1800 1224 1867 πνοῆς
1250 1803 1279 1853 ό
1300 1803 1501 1870 ταμίας
1527 1817 1541 1831 ’

478 1879 621 1948 Ἐγὼ
653 1886 915 1940 πατάσσω
940 1904 952 1917 ·
990 1890 1279 1961 φάρμακον
1305 1892 1361 1946 δὲ
1401 1896 1732 1965 τραυμάτων

477 1972 621 2042 Ἐγὼ
651 1977 839 2048 τίθημι
863 1999 875 2011 ο
900 1982 983 2044 τίς
1021 1999 1078 2035 σε
1106 1985 1300 2053 χειρῶν
1331 1985 1501 2050 ἑξέλοι

478 2065 660 2133 Ἐμῶν
691 2073 1009 2139 κρατουσῶν
1042 2078 1164 2146 γῆς,
1200 2077 1362 2130 πόλου
1400 2080 1493 2131 καὶ
1520 2079 1629 2130 τῶν
1656 2079 1809 2134 κάτω
1834 2095 1851 2148 ς

467 2157 615 2227 Alpe)
645 2162 778 2230 1:943;
816 2162 948 2229 ὕψος
974 2168 1152 2235 χεῖρα,
1181 2167 1341 2221 τοῦτο
1368 2168 1413 2222 δ’
1443 2171 1692 2240 ὀμνύων·

468 2249 575 2314 Ζῶ,
610 2263 702 2305 καὶ
733 2255 965 2323 χρονίζω
995 2261 1245 2327 κρεῖττον
1274 2260 1491 2315 αἰώνων
1517 2263 1655 2316 ὅλων
1676 2280 1692 2297 ο

468 2342 588 2409 Ζωὴ
624 2345 680 2396 δὲ
706 2348 908 2414 μᾶλλον
941 2351 1035 2401 καὶ
1075 2353 1213 2425 πνοὴ
1241 2353 1463 2408 πάντων
1496 2357 1652 2425 ἔφυν.

480 2434 648 2506 Ἐμὴν
678 2441 949 2507 μάχαιραν
987 2443 1277 2515 ἀστραπῆς
1306 2446 1443 2499 τιθῶ
1475 2449 1652 2518 φλόγα
1676 2464 1692 2480 ⁶

479 2525 783 2593 ’Λνθέξεπι
812 2533 869 2584 δὲ
903 2536 1021 2606 χεὶρ
1056 2537 1163 2609 ἐμὴ
1196 2540 1299 2591 τῶν
1333 2541 1658 2611 κριμάτωνο

470 2616 775 2683 lia-cati;in
808 2624 1028 2691 μάστιξι
1058 2629 1187 2693 τοὺς
1212 2633 1557 2696 ἀποστάτας·

469 2708 605 2777 Βέλη
641 2710 862 2779 μεθῦςω
896 2716 1006 2769 τῶν
1033 2716 1293 2788 βροτείων
1330 2714 1601 2794 αἱμάτων,

470 2806 579 2856 Καὶ
608 2808 704 2876 τὴν
736 2810 873 2879 ἐμὴν
906 2814 1184 2886 μάχαιραν
1208 2818 1272 2871 ἐκ
1305 2820 1417 2873 τῶν
1454 2820 1746 2891 σωμάτων.

468 2895 626 2950 nam
659 2906 1139 2974 στρατηγήσαντος
1168 2910 1295 2977 ἄρτι
1347 2912 1556 2984 Κυρίου

468 2988 546 3040 Σκ
573 2994 674 3061 ρτᾷ
700 2994 797 3061 μὲν
821 2996 1006 3068 αἰθὴρ,
1032 3000 1261 3066 οὐραν³ις
1286 3003 1385 3056 σὺν
1414 3005 1691 3074 ἀγγέλοις,

471 3086 580 3137 Καὶ
611 3095 967 3157 προσκυνεῖτε
1001 3095 1043 3125 ⁸³
1070 3098 1217 3149 πᾶσα
1248 3097 1324 3169 τῷ
1352 3100 1559 3172 Κτίστη
1590 3102 1801 3167 κτίσις’

473 3178 660 3250 Ἰ-ζθνη.
690 3182 916 3253 χάρητε,
946 3186 1165 3256 κλῆρος,
1194 3190 1301 3243 υἱοὶ
1331 3192 1563 3262 Κυρίου.

657 3274 675 3290 ⁹
1062 3280 1190 3349 ρξε’.
1228 3283 1349 3355 ᾨδὴ
1390 3284 1429 3336 Γ
1430 3291 1465 3339 ’.

468 3354 564 3422 Ὦς
606 3362 651 3393 ⁸⁸
672 3365 1019 3441 ἀκρατύνθην
1055 3374 1244 3443 Κυρίῳ
1394 3377 1644 3448 καρδίαν,

471 3504 606 3560 tium
649 3506 899 3564 immittet
934 3515 1310 3570 trementibus.
1349 3517 1493 3574 Vidit
1522 3519 1667 3575 enim
1699 3536 1795 3578 eos
1829 3522 2052 3580 insolite

470 3596 818 3664 debilitatos;
849 3604 1169 3673 desperatos
1194 3617 1248 3661 et
1270 3610 1586 3669 deﬁcientes
1614 3629 1847 3671 cernens
1871 3616 2009 3672 dixit
2038 3636 2051 3671 :

475 3686 573 3741 Ubi
624 3700 751 3744 sunt
804 3693 879 3748 dii
932 3704 985 3748 et
1042 3697 1204 3753 amici
1254 3699 1543 3769 inquibus
1579 3706 1956 3772 conlidebam,
2003 3715 2057 3761 ct

471 3790 682 3835 tantum
727 3788 1153 3853 superbiehant?
1202 3806 1436 3861 quorum
1492 3798 1886 3853 sacrificiorum
1933 3799 2053 3854 adi-

476 3880 620 3943 pem”,
645 3893 877 3946 quorum
902 3881 1222 3939 libationum
1249 3886 1434 3942 vinum
1464 3888 1516 3943 in
1542 3891 1762 3959 plenum
1790 3903 1842 3947 et
1861 3892 2057 3962 jucun-

474 3969 605 4022 dmn
640 3970 910 4028 habebam
941 3977 1120 4031 cibum
1153 3988 1206 4033 et
1232 3990 1441 4050 potum.
1474 3982 1631 4037 Fiant
1663 3985 1738 4039 illi
1762 3987 2053 4042 auxiliato-

472 4076 561 4115 res
586 4072 639 4117 et
669 4075 1041 4135 protectores;
1071 4085 1177 4125 non
1204 4081 1307 4139 est,
1334 4074 1553 4141 scitote,
1578 4087 1773 4147 praeter
1806 4096 1891 4134 ine
1914 4079 2055 4136 Deus

466 4156 640 4223 alios;
676 4175 782 4212 non
820 4170 924 4228 est,
958 4164 1059 4217 etsi
1097 4170 1481 4234 percurreritis
1514 4178 1715 4226 terram
1750 4175 2047 4228 eleuatum.

470 4250 583 4321 Ego
600 4256 791 4310 mortis
813 4263 868 4310 et
886 4256 1010 4311 vita:
1032 4258 1381 4329 dispensator
1399 4281 1414 4330 ;
1432 4278 1534 4334 ego
1561 4266 1846 4335 percutio;
1878 4284 2054 4321 reme-

466 4346 618 4398 dimn
646 4358 828 4403 autem
856 4353 1141 4407 vulnerum
1175 4370 1275 4425 ego
1303 4372 1465 4425 pono.
1489 4358 1624 4423 Quis
1654 4369 1704 4413 te
1735 4374 1765 4413 e
1800 4360 2053 4413 manilius

473 4441 610 4494 meis
657 4455 813 4497 eruet
867 4452 1092 4509 terram,
1126 4446 1325 4501 malum
1370 4459 1425 4502 et
1470 4448 1679 4505 inferos
1726 4450 2053 4505 centinenti.

471 4531 611 4585 bus?
645 4530 860 4587 Levabo
888 4534 942 4587 in
976 4537 1143 4589 altum
1180 4554 1425 4603 manum,
1453 4540 1584 4593 illud
1618 4540 1813 4607 jurans
1846 4559 1859 4594 :
1896 4540 2052 4605 Viro,

467 4634 523 4677 et
565 4624 703 4677 dum
751 4625 926 4693 magis
966 4645 1129 4695 quam
1171 4645 1365 4687 omnes
1403 4633 1774 4697 mternitates;
1812 4634 1920 4688 vita
1957 4651 2055 4689 au-

470 4726 575 4770 tem
604 4718 781 4785 potius
808 4728 857 4772 et
881 4721 1066 4775 anima
1088 4724 1333 4778 onmium
1362 4726 1589 4780 exsisto.
1610 4727 1783 4782 Meum
1809 4728 2046 4797 gladium

470 4818 528 4861 ut
559 4808 831 4863 ﬂainmam
866 4811 1096 4881 fulguris
1126 4830 1347 4884 ponam,
1380 4817 1601 4887 arripiet
1641 4828 1822 4873 autem
1853 4838 2046 4876 manus
2078 4799 2127 4859 D

471 4917 589 4954 mea
637 4901 858 4967 indicia,
897 4903 1210 4961 dilaceerabo
1248 4906 1474 4978 ﬂagellis
1519 4910 1767 4975 rebelles,
1816 4914 2045 4983 sagittas

471 4995 756 5051 inulti-iulio
806 5001 1111 5053 mortalium
1151 5002 1449 5071 sanguine,
1497 5012 1550 5057 et
1581 5004 1817 5073 gladium
1867 5024 2045 5063 meum

469 5088 748 5144 carnibus.
781 5088 855 5144 Ita
888 5091 1120 5147 bellante
1148 5096 1308 5148 modo
1348 5092 1596 5162 Domino,
1624 5097 1793 5151 aether
1824 5100 2046 5168 quidem

470 5180 797 5245 exsultat,et
821 5182 1018 5236 emlum
1051 5200 1173 5238 cum
1206 5185 1413 5254 angelis
1450 5204 1463 5240 :
1499 5198 1553 5241 et
1585 5188 1827 5250 adorate,
1861 5206 2050 5247 omnes

472 5282 759 5337 creaturae,
798 5274 1148 5341 Creatorem;
1187 5287 1396 5348 gentes,
1438 5278 1752 5346 hereditas,
1795 5282 1887 5337 ﬁlii
1944 5285 2051 5339 Do-

470 5366 628 5430 mini,
663 5366 911 5436 gaudete.

969 5461 1089 5516 165.
1128 5462 1409 5518 Canticum
1451 5464 1539 5520 Ill.

542 5533 718 5617 Quam
780 5551 1052 5606 ﬁrmatum
1102 5564 1187 5609 est
1234 5558 1285 5609 in
1339 5556 1570 5612 Domino
1605 5574 1699 5614 cor
1750 5576 1967 5625 meum,
2001 5572 2055 5615 et

373 5710 385 5725 θ
476 5649 779 5699 exaltatum
831 5658 912 5700 est
945 5663 1115 5702 cornu
1160 5665 1341 5704 meum
1398 5652 1451 5705 in
1486 5651 1631 5715 Deo,
1666 5664 1721 5708 et
1763 5654 2049 5709 dilatatam

473 5726 560 5793 est
582 5752 645 5792 os
671 5755 847 5793 meum
885 5750 937 5795 et
966 5752 1155 5796 contra
1196 5743 1446 5800 inimicos
1479 5746 1797 5814 praevaluit!
1825 5745 2053 5803 Non.est

556 5856 603 5890 ⁸³
633 5856 761 5929 Leg.
806 5858 914 5915 vid.
949 5862 1359 5932 προσκυνεῖται.
1441 5863 1485 5895 ⁸⁵
1520 5862 1576 5919 ln
1615 5879 1781 5935 marg.
1828 5866 2027 5929 ’Ἄννας

2156 5865 2325 5937 μουὴλ
2357 5868 2561 5939 μητρὸς
2585 5868 2957 5941 εὐχαριστίας.

1734 392 2051 457 JOANNIS
2088 397 2523 467 GEOMETILE

1986 600 1989 603 Ι
2080 519 2126 573 Α
2158 518 2338 591 Ἥρθη
2380 521 2551 592 κέρας
2579 538 2682 593 μου
2709 522 2786 593 τῷ
2806 522 2950 596 Θεῷ,
2976 523 3161 580 καὶτὸ
3192 524 3370 597 στόμα

3635 410 3750 477 9⁸32

2168 612 2589 686 Ἐξεπλατύνθη,
2622 618 2717 669 καὶ
2743 618 2865 671 κατ’
2891 618 3103 688 ἐχθρῶν
3137 620 3334 689 ἰσχύει.

2154 705 2270 759 Οὐκ
2292 704 2440 759 ἔστιν
2472 708 2646 771 οὐδεὶς
2671 708 2874 775 Κύριος
2905 708 3045 777 πλὴν
3080 709 3175 763 σοῦ
3205 711 3402 781 μόνουο

2153 790 2374 855 Δίκαιος
2409 794 2607 859 οὐδεὶς,
2638 795 2715 858 ὡς
2741 795 2806 848 σύ
2837 814 2929 866 μοι
2964 798 3099 861 Θεὸς
3133 799 3315 869 μόνος.

2154 880 2319 935 Ταῦτ’
2350 879 2444 937 οὖν
2471 885 2728 954 ὁρῶντες,
2756 888 2883 949 τοὺς
2913 889 3308 958 ὑπερκόμπους
3335 889 3534 960 λόγους

2166 970 2493 1029 Ἐκκλινέτω
2514 978 2642 1040 πᾶς,
2672 978 2808 1048 μηδὲ
2839 978 3067 1049 χειλέων
3090 981 3237 1054 πρόῃ
3260 984 3331 1047 ⁸³,

2154 1065 2295 1135 Μηδ’
2320 1066 2483 1135 ὄγκον
2505 1070 2632 1143 ἄρῃ,
2664 1071 2737 1140 μὴ
2772 1073 2958 1140 φρεσὶ,
2998 1072 3074 1141 μὴ
3103 1074 3318 1146 καρδίᾳ.

2154 1157 2286 1221 Θεὸς
2316 1160 2424 1227 γὰρ
2455 1154 2609 1223 οὗτος
2642 1164 2897 1228 γνώσεων
2924 1166 2952 1217 ό
2986 1164 3288 1234 Δεσπότης,

2154 1250 2354 1320 Τέχναι
2381 1252 2425 1305 δ’
2456 1252 2666 1321 ἕτοιμοι
2696 1255 2773 1324 τῷ
2802 1257 3115 1327 τεχνουργῴ
3143 1258 3255 1310 τῶν
3280 1258 3441 1315 ὅλων.

2154 1343 2320 1408 Τόξον
2348 1347 2625 1416 κραταιῶν
2654 1349 2954 1419 ἠσθένησεν
2992 1352 3070 1414 εἰς
3100 1351 3254 1414 τέλος
3274 1367 3291 1386 ο

2153 1432 2219 1485 Ol.
2248 1432 2277 1485 δ
2324 1433 2680 1499 ἀσθενοῦντες
2709 1436 3038 1499 ζωννύονται
3073 1441 3134 1493 τὸ
3162 1441 3386 1511 κράτος.

2154 1524 2343 1579 Τίκτει
2385 1526 2486 1596 μὲν
2511 1528 2653 1581 ἑπτὰ
2687 1530 2863 1584 κοιλία
2907 1535 3264 1606 στειρουμένη
3290 1548 3305 1563 ⁸

2156 1617 2325 1689 Ἀλλη
2351 1618 2395 1671 δ’
2421 1620 2668 1687 ἄτεκνος,
2694 1625 2726 1693 ἡ
2762 1626 2893 1695 πρὶν
2913 1626 3340 1699 εὐτεκνουμένη.

2154 1712 2423 1767 Πεινῶσιν
2459 1716 2660 1785 ἄρτων,
2686 1718 2735 1770 al
2762 1719 2893 1787 πρὶν
2926 1720 3393 1794 ἐμπεπλησμένοι.

2155 1807 2457 1872 Πεινῶντες
2486 1812 2534 1862 οἱ
2567 1815 2719 1881 πρὶν,
2747 1815 2853 1883 γῆν
2880 1816 3139 1884 παρῆκαν
3179 1819 3244 1870 ὲκ
3278 1820 3467 1891 κόρου.

2080 1875 2125 1931 Β
2153 1898 2283 1959 Θεδς
2315 1902 2549 1971 χορηγὸς
2578 1875 2671 1957 καὶ
2692 1875 3071 1976 τελευτῆς-καὶ
3093 1911 3263 1981 πνοῆς
3290 1928 3306 1945 ο

2154 1990 2349 2045 Βαλλει
2379 1994 2501 2046 καθ’
2533 1994 2685 2066 ᾅδου.
2718 2000 2854 2069 πρὸς
2894 2001 2955 2053 τὸ
2983 2003 3100 2069 φῶς
3128 2003 3279 2058 ἕλκει
3301 2006 3500 2062 πάλινο

2166 2082 2342 2152 ’Υψοϊ,
2371 2091 2636 2151 ταπεινοῖ,
2668 2093 2949 2161 πτωχίσας
2974 2097 3067 2149 καὶ
3094 2096 3390 2164 πλουτίσας
3409 2115 3425 2129 ⁸

2154 2176 2401 2248 Πένητας
2424 2180 2488 2233 ὲκ
2518 2181 2619 2251 γῆς
2655 2182 2913 2257 ἐξανιστᾷ
2943 2188 3216 2258 κοπρίαςο

2155 2268 2413 2339 Πτωχοὺς
2437 2271 2663 2342 ἐγείρει.
2697 2275 2973 2340 κυκλικῶς
3000 2279 3177 2333 πάντα
3206 2282 3428 2353 στρέφει
3447 2301 3463 2318 ·

2153 2359 2376 2430 Θρόνοις
2404 2362 2683 2418 δυναστῶν
2715 2367 2998 2435 ὲγκαθίζει
3034 2373 3161 2436 τοὺς
3188 2374 3341 2428 κάτω
3362 2390 3383 2408 ⁸

2155 2452 2335 2523 Εὐχάς
2356 2470 2413 2508 τε
2439 2455 2640 2527 πληροῖ
2671 2460 2762 2512 καὶ
2789 2460 3017 2517 δικαίων
3042 2466 3166 2530 τοὺς
3198 2469 3429 2539 χρόνους

2166 2546 2500 2618 Ἐπιυλογεῖ,
2526 2550 2737 2605 δίδωσιν
2764 2554 3077 2626 εὐετηρίαν.

2166 2639 2409 2713 ’ἰσχυρὸς
2442 2642 2582 2713 ἀνὴρ
2611 2645 2709 2698 οὐκ
2732 2646 2974 2717 ἐνισχύει
3002 2649 3181 2705 σθένει
3203 2665 3223 2688 ο

2153 2734 2288 2799 Θεὸς
2317 2736 2373 2790 δὲ
2392 2736 2583 2791 τούτου
2612 2744 2889 2811 συμπατεζ
2911 2743 3002 2796 τον
3033 2746 3326 2817 ὲνστάτην.

2155 2828 2359 2899 Μηδεὶς
2386 2832 2549 2902 φρεσὶ
2570 2831 2701 2899 γοῦν
2731 2834 2866 2904 μηδὲ
2899 2834 3113 2908 πλούτῳ
3144 2839 3220 2910 μὴ
3250 2840 3360 2911 βίᾳ,

2154 2920 2346 2990 Σοφός,
2381 2925 2664 2993 κραταιὸς,
2698 2926 2976 2992 πλούσιος,
3007 2929 3213 2985 σθένων
3238 2934 3403 3003 μέγα,

2154 3015 2314 3082 Μέγα
2336 3017 2606 3085 φρονείτω
2632 3032 2645 3045 ·
2678 3018 2855 3072 πάντα
2887 3022 2993 3091 ῥεῖ,
3021 3023 3200 3077 πάντα
3228 3026 3488 3097 στρέφει·

2152 3105 2322 3170 Φόϐος
2354 3106 2512 3172 Θεοῦ,
2537 3106 2756 3177 βέῖαιον
2786 3110 2844 3162 ἐν
2874 3111 2976 3182 βίῳ
3011 3114 3173 3182 μόνον
3197 3132 3213 3147 ⁸

2078 3239 2125 3301 c
2157 3196 2269 3265 Τῆς
2298 3198 2500 3268 ἀρετῆς
2529 3201 2561 3269 ὴ
2593 3203 2786 3271 κτῆσις
2809 3203 2869 3255 οὐ
2902 3202 3126 3275 θνήσκει
3155 3207 3333 3278 χρόνῳ

2161 3288 2255 3349 Et;
2279 3288 2545 3356 οὐρανοὺς
2569 3290 2767 3359 ἀνῆλθε
2801 3292 3027 3365 Κύριος,
3062 3295 3261 3368 βροντᾷ
3292 3300 3457 3370 μέγα,
3501 3328 3507 3334 η

2172 3380 2263 3446 Ἐξ
2291 3383 2516 3453 ὑστέρου
2546 3382 2651 3453 γῆς
2678 3384 2824 3455 ἄκρα
2848 3387 3025 3459 κρήνη
3052 3388 3150 3443 σὺν
3172 3389 3319 3464 δίκῃ.

2158 3524 2306 3580 ullus
2353 3524 2615 3583 Dominus
2667 3536 2869 3599 pratter
2910 3539 2961 3585 te
2994 3530 3194 3597 solum,
3233 3532 3415 3589 nullus
3441 3534 3644 3603 justus.
3688 3545 3749 3592 ut

2158 3628 2213 3673 tu
2255 3620 2385 3673 mihi
2422 3606 2575 3675 solus
2606 3620 2773 3677 Deus.
2806 3620 2929 3677 llaec
2959 3624 3125 3693 igitur
3171 3635 3479 3693 cernentes,
3511 3629 3747 3699 quisque

2156 3712 2424 3783 gloriosos
2470 3729 2755 3770 sermones
2793 3718 2957 3772 evitet
2996 3733 3175 3788 neque
3216 3735 3247 3774 e
3288 3719 3448 3777 labiis
3503 3722 3743 3786 educat,

2160 3821 2333 3875 neque
2370 3804 2590 3861 inﬂetur
2625 3816 2807 3862 mente
2845 3824 3021 3879 neque
3051 3810 3237 3865 corde.
3280 3810 3425 3867 Deus
3467 3812 3611 3867 enim
3644 3812 3747 3867 iste

2156 3898 2510 3953 scientiarum
2544 3897 2809 3957 Dominus
2830 3910 2948 3966 est;
2978 3912 3126 3957 artes
3155 3912 3334 3958 autem
3363 3904 3743 3959 universorum

2156 3992 2353 4047 artifici
2389 4003 2518 4047 sunt
2569 4008 2792 4061 paraia‘.
2835 3995 3036 4049 Arcum
3085 3996 3309 4050 fortium
3342 3996 3643 4051 debilitavit
3687 3996 3743 4051 in

2158 4086 2353 4150 linem,
2413 4084 2612 4139 iulirmi
2668 4094 2850 4140 autem
2905 4088 3267 4159 accinguntur
3316 4090 3534 4145 robore.
3591 4088 3743 4144 Parit

2156 4180 2378 4249 quidem
2416 4189 2626 4249 septem
2661 4189 2851 4234 vrnter
2904 4181 3146 4245 sterilis,
3192 4181 3363 4237 altera
3405 4192 3585 4238 autem
3623 4183 3744 4237 sine

2157 4271 2380 4334 liberis,
2435 4287 2558 4338 qua:
2611 4271 2761 4341 prius
2794 4271 2996 4328 multos
3029 4272 3312 4327 habuerat.
3367 4272 3568 4328 Panem
3609 4290 3740 4328 esu-

2160 4362 2307 4415 riunt
2356 4362 2450 4431 qui
2509 4362 2659 4431 prius
2704 4364 2907 4433 impleti
2965 4373 3154 4431 erant;
3204 4365 3297 4435 qui
3350 4376 3532 4421 autem
3589 4366 3742 4436 prius

2156 4448 2485 4510 esuriebant.
2529 4458 2728 4505 teriam
2765 4470 2873 4520 prae
2908 4454 3156 4509 satietate
3203 4456 3561 4525 reliquerunt.
3599 4457 3740 4513 Deus

2158 4552 2356 4606 praeses
2399 4550 2481 4594 est
2524 4541 2716 4595 mortis
2743 4550 2798 4595 et
2825 4542 2967 4605 vitae,
3006 4544 3071 4596 ad
3119 4542 3325 4599 inferos
3357 4544 3528 4608 ducit,
3560 4555 3615 4598 et
3644 4543 3745 4598 ite-

2160 4647 2279 4686 rum
2306 4632 2371 4685 ad
2413 4632 2587 4687 lucem
2616 4634 2830 4701 educit;
2866 4635 3095 4699 exultat,
3136 4635 3405 4704 huiniliat,
3446 4653 3740 4707 pauperem

2161 4722 2287 4777 facit
2343 4732 2398 4779 et
2447 4724 2604 4780 ditat.
2654 4727 2896 4795 Egenmn
2948 4744 2978 4782 e
3024 4728 3282 4784 sordibus
3331 4738 3488 4783 terrae
3542 4729 3740 4793 elevat,

2154 4832 2420 4886 pauperes
2480 4819 2741 4883 suscitat,
2780 4819 3077 4889 omniaque
3130 4820 3183 4874 in
3237 4819 3502 4874 circulum
3548 4836 3742 4891 gyrare

2155 4908 2301 4963 facit.
2343 4908 2657 4979 Principum
2704 4911 2916 4965 thronis
2957 4912 3192 4968 colloeat
3224 4911 3500 4980 deiectos;
3555 4926 3741 4981 preces

2152 5000 2375 5057 exaudit
2435 5013 2489 5056 et
2539 5002 2813 5071 iustorum
2868 5012 3113 5074 tempora
3175 5004 3479 5070 benedicit,
3542 5016 3595 5058 et
3650 5006 3743 5058 dat

2153 5096 2591 5165 prosper-uatem.
2630 5095 2721 5150 Vir
2758 5095 3018 5153 robustus
3046 5114 3155 5151 non
3195 5098 3247 5151 in
3281 5096 3602 5151 fortitudine
3651 5114 3740 5150 ru-

2157 5188 2405 5254 boratur;
2448 5186 2588 5245 Deus
2621 5198 2801 5245 autem
2838 5190 2984 5244 illius
3010 5189 3396 5245 adversarium
3425 5190 3739 5245 conCulcat.

2154 5280 2325 5337 Nemo
2366 5285 2527 5355 igitur
2560 5297 2759 5352 mente,
2804 5288 3034 5351 divitiis,
3077 5302 3181 5342 nec
3220 5287 3454 5352 viribus,
3500 5289 3739 5356 sapiens,

2157 5387 2369 5447 potens,
2422 5378 2594 5443 dives,
2633 5381 2860 5433 nmltum
2909 5381 3143 5449 pollens,
3181 5380 3497 5448 snperbiat;
3560 5380 3744 5433 omnia

2156 5471 2363 5535 ﬂuunt,
2401 5474 2581 5525 omnia
2622 5484 2923 5528 mutantur.
2961 5474 3148 5528 Timor
3184 5473 3274 5527 Dei
3321 5475 3472 5529 solus
3505 5482 3587 5527 est
3623 5473 3743 5526 vit-.e

2160 5562 2420 5626 firmitas;
2483 5562 2700 5618 virtutis
2736 5564 3012 5633 possessio
3049 5543 3166 5618 ἰιοη
3212 5575 3457 5635 tempore
3497 5562 3744 5616 absumi-

2159 5665 2265 5709 tur.
2306 5655 2360 5709 ln
2399 5658 2595 5711 malum
2653 5659 2902 5713 ascendit
2949 5658 3238 5722 Dominus,
3283 5658 3510 5711 multum
3555 5664 3742 5718 tonat;

2155 5764 2220 5802 ex
2257 5750 2518 5804 extremis
2562 5760 2719 5805 terra:
2753 5767 3006 5806 summus
3039 5750 3162 5805 fons
3205 5766 3330 5805 cum
3381 5749 3610 5814 ultione,
3654 5748 3746 5802 ille

3052 5872 3092 5903 ⁸⁵
3130 5871 3240 5926 Sic.
