4054 6564
290 422 400 489 993

291 533 461 601 Οὗτος
492 537 717 608 παρέξει
747 541 860 603 τοῖς
886 540 1151 611 κρατοῦσι
1185 540 1245 594 τὸ
1271 540 1494 613 κράτος.

292 632 479 703 Κέρας
502 631 559 685 δὲ
591 631 829 702 χριστῶν
855 632 1088 704 ούρανοῦ
1123 633 1279 705 θήσει
1312 637 1496 706 μέχρι.

293 743 439 814 ρξε’.
476 744 600 817 ᾯδὴ
629 742 705 802 Δ’.
728 772 799 786 -
828 746 941 802 Τοῦ
971 749 1282 804 Δεσπότου
1320 746 1631 817 σὰρκωσιν
1670 749 1882 813 Ἀμϐα-

934 819 1086 889 κοὺμ
1112 819 1253 888 ἕδρη.

287 929 485 999 Φήμης
522 946 590 999 με
622 930 722 999 τῆς
755 932 855 1002 σῆς
889 931 1037 1001 ἔσχε.
1077 932 1273 1005 Κύριε,
1306 934 1510 1005 τρόμος
1531 948 1549 965 ⁸

294 1021 514 1088 Ἔργων
536 1019 594 1073 δὲ
624 1020 733 1074 τῶν
759 1021 869 1075 σῶν
911 1022 1121 1094 θάμϐος
1152 1024 1412 1096 ἐξέστησέ
1455 1040 1558 1097 με·

300 1111 390 1175 Ὠς
413 1113 655 1177 γνωστὸς
686 1114 821 1183 ἡμῖν
852 1116 909 1167 ἐν
938 1115 1058 1169 δυσὶ
1084 1118 1250 1182 ζωαῖς
1281 1117 1382 1191 έσῃ
1400 1134 1414 1149 ⁸

304 1203 395 1266 Ὠς
419 1204 665 1275 ἐκφανὴς
690 1205 747 1258 δὲ
771 1205 881 1260 τῶν
911 1208 1120 1279 χρόνων
1149 1208 1236 1262 ἐπ’
1261 1212 1506 1281 ἐσχάτων
1535 1226 1551 1245 ⁸

292 1295 487 1365 Καιρῴ
511 1296 568 1348 δὲ
596 1296 832 1368 λάμψιις
865 1300 957 1352 καὶ
988 1300 1141 1370 φόϐῳ
1172 1302 1503 1375 πεφρικότος

291 1387 489 1441 Οἴκτου
518 1388 583 1441 σὺ
612 1392 794 1465 μνήσῃ
827 1393 922 1447 καὶ
944 1395 1305 1469 καταστείλῃς
1332 1396 1447 1463 δέος
1473 1413 1491 1430 ⁸

301 1479 393 1541 Ὠς
423 1479 726 1553 ἐξανίσχεις
753 1483 858 1554 γῆς
889 1484 1030 1556 ἑῴας
1063 1489 1373 1559 φωσφόρος,

289 1571 445 1625 Λέων
476 1573 775 1648 καθώσπερ
801 1576 861 1642 ἐξ
888 1578 1049 1649 ὅρους
1074 1581 1399 1639 κατασκίον.

292 1664 401 1734 Σῆς
435 1665 637 1738 ἀρετῆς
668 1668 905 1742 ἔκρυψεν
935 1672 1199 1743 οὐρανοὺς
1235 1674 1439 1742 πλάτος
1469 1692 1483 1707 ⁸

295 1755 542 1831 Ἐπλησε
572 1760 731 1833 δόξης
761 1762 861 1835 τὴν
891 1765 1021 1835 ὃλην
1047 1768 1397 1839 οἰκουμένην,

292 1844 371 1905 οὗ
410 1852 611 1922 φέγγος
632 1854 709 1917 ὼς
743 1857 879 1925 φῶς,
915 1862 1104 1930 χερσὶν
1140 1861 1319 1931 ἰσχύος
1350 1864 1540 1935 κέρας,

286 1944 580 2017 θελκτρον,
614 1951 898 2022 κραταιὸν,
926 1950 1100 2015 οἷκτο,
1136 1956 1236 2008 οὐκ
1264 1955 1402 2026 ἔχων
1429 1958 1603 2029 πέρας
1627 1975 1644 1993 ⁸

291 2028 369 2090 Οὗ
400 2038 508 2110 πρὸ
534 2042 846 2112 προσώπων
877 2046 1273 2118 ἐκπορεύσεται
1305 2048 1462 2117 φόνος
1488 2067 1504 2082 ⁸

294 2130 627 2208 Παιδευτικὴ
661 2138 927 2210 μάχαιρα,
967 2141 1220 2212 δίστομον
1245 2143 1416 2214 ξίφος.

295 2222 523 2296 Ἐστης,
557 2228 787 2301 ἐπείσθη
823 2231 866 2262 ⁸⁸
902 2232 1067 2302 χθὼν,
1110 2235 1342 2302 ὲπείδες,
1371 2238 1597 2308 τήκεται

296 2316 467 2389 Ἐθνη
505 2323 742 2391 κραταιά
766 2340 778 2354 ⁸
815 2328 881 2396 τῇ
910 2326 1001 2399 βίᾳ
1029 2328 1294 2403 διεθρύῦη

297 2409 463 2481 Ὀρη,
498 2416 711 2485 πετρῶν
741 2435 799 2471 τε
833 2420 1137 2491 σκληρότης
1168 2422 1453 2493 διερῤάγη.

295 2500 411 2565 Πᾶς
434 2503 671 2577 ἐπτοήθη
706 2509 954 2581 Μαδιάμ,
987 2514 1096 2576 πᾶς
1126 2515 1342 2583 Αἰθίοψ.

298 2594 439 2649 Καθ’
472 2596 680 2653 ὑδάτων
722 2603 988 2669 στείλειας
1018 2606 1209 2677 ὀργήν.
1240 2610 1332 2681 Μὴ
1364 2610 1514 2681 σύγε,

298 2686 478 2758 Θυμδς
508 2690 564 2744 δὲ
591 2692 704 2757 τοῖς
733 2696 915 2766 ῥέουσι
947 2698 1023 2771 μὴ
1056 2700 1147 2763 σὸς
1178 2702 1430 2771 ἐμπέσοι,

297 2777 440 2849 Μηδ¹
477 2781 535 2835 ἐν
558 2782 799 2857 θαλάσσῃ
836 2790 903 2859 σὴ
931 2792 1307 2863 παρόρμησις,
1332 2795 1529 2852 Μέδον.

302 2869 477 2944 Ἐδης
495 2874 582 2945 ἐφ’
609 2876 829 2945 ἵππους,
863 2882 1075 2955 ίππάσῃ
1106 2885 1382 2956 σωτηρίαν
1400 2903 1415 2919 ⁸

297 2963 484 3054 Τενεῐς
518 2968 581 3021 τὸ
603 2971 776 3036 τόξον,
803 2975 895 3029 καὶ
926 2978 1067 3031 κατὰ
1102 2980 1403 3052 σκήπτρων
1433 2981 1647 3054 βαλεῖςο

305 3052 635 3130 Ῥαγήσεται
663 3063 735 3135 γῆ
774 3068 1033 3137 ναμάτων
1058 3070 1387 3141 ἀειρρύτων.

308 3147 448 3214 Ὠδῒς
471 3151 688 3209 ἐπέλθοι
721 3160 835 3222 τοῖς
866 3158 1123 3231 βλέπουσι
1156 3164 1254 3234 σὴν
1284 3165 1444 3236 χάριν
1464 3182 1478 3197 ⁸

296 3238 409 3295 Καὶ
437 3249 793 3319 συνταράξεις
829 3253 1039 3307 ὑδάτων
1065 3254 1163 3319 τὰς
1188 3257 1527 3331 πλημμύρας
1549 3274 1563 3290 ⁸

292 3332 480 3407 Φωνὴν
504 3337 742 3408 άδυσσος
771 3338 928 3416 ἦρεν,
963 3345 1152 3419 ὑψώθη
1178 3348 1321 3419 μέγα
1340 3363 1354 3378 ⁸

291 3476 572 3545 prestabit
639 3481 989 3539 vincentibus
1064 3486 1396 3556 imperium,
1448 3503 1622 3546 cornu
1692 3498 1875 3548 autem

291 3567 623 3626 christorum
653 3590 825 3646 usque
853 3577 921 3633 ad
956 3579 1153 3637 caelum
1185 3583 1427 3639 extollet.

292 3681 420 3739 166.
458 3684 742 3747 Canticum
781 3692 872 3749 IV.
911 3725 977 3735 —
1031 3695 1245 3752 Domini
1289 3700 1709 3757 incarnationem
1755 3700 1877 3757 Ha-

870 3767 1033 3821 bacuc
1071 3771 1303 3824 nuntiat.

368 3848 632 3919 Domine,
676 3855 972 3913 auditionis
1024 3867 1130 3913 tua:
1168 3868 1373 3915 tremor
1419 3876 1511 3917 me
1546 3860 1873 3932 occupavit;

288 3955 517 4012 operum
554 3954 737 4003 autem
771 3956 991 4005 tuorum
1036 3960 1230 4022 stupor
1260 3968 1346 4007 me
1376 3952 1578 4019 aﬂ‘ecit,
1609 3956 1739 4023 quia
1770 3968 1877 4008 no-

291 4043 379 4089 tus
420 4036 578 4092 nobis
609 4038 661 4093 in
699 4040 916 4095 duobus
962 4041 1089 4098 vitis
1129 4042 1237 4097 eris
1268 4081 1283 4105 ,
1328 4044 1453 4113 quia
1514 4043 1785 4098 videberis
1819 4044 1876 4098 in

292 4130 634 4198 temporibus
678 4133 1015 4189 novissimis.
1060 4135 1331 4206 Tempore
1385 4146 1564 4192 autem
1617 4136 1875 4206 l'nlgebis,

290 4226 346 4270 et
374 4217 572 4274 timore
598 4225 881 4280 trementis
910 4222 1095 4279 ﬂetum
1128 4224 1511 4280 recordaberis
1532 4233 1585 4281 et
1618 4227 1872 4281 timorem

291 4308 531 4376 eximes;
584 4314 713 4383 quia
765 4317 1033 4373 attolleris
1061 4332 1229 4388 super
1278 4325 1483 4372 terram
1536 4318 1763 4375 orientis
1815 4327 1877 4376 ut

291 4400 409 4466 sol,
449 4414 505 4456 ct
538 4413 796 4475 tanquam
854 4409 938 4463 leo
985 4425 1052 4465 ex
1095 4412 1359 4466 umbroso
1392 4419 1598 4467 monte.
1640 4407 1895 4467 Virtutis’

292 4501 399 4546 tua:
435 4494 781 4552 immensitas
812 4499 982 4556 caelos
1018 4503 1331 4567 occultavit,
1366 4511 1495 4557 tuus
1522 4502 1781 4575 splendor
1816 4511 1875 4559 ut

293 4586 408 4654 lux,
448 4588 500 4642 in
538 4590 789 4647 manibus
826 4593 1041 4649 roboris
1070 4610 1266 4661 cornu,
1304 4597 1629 4666 pretiosum,
1654 4606 1870 4667 potens,

292 4680 667 4737 misericordia
711 4699 817 4738 non
862 4686 1071 4742 habens
1123 4688 1381 4754 limitem;
1437 4700 1583 4743 tuam
1631 4700 1758 4745 ante
1792 4689 1872 4744 fa-

1610 431 1952 496 CARMINA
1984 437 2239 501 VARIA.

1908 560 1952 615 Α
1997 552 2056 608 ’0
2080 553 2266 625 φωτὸς
2298 554 2483 628 ἄρχων
2513 558 2590 621 ῶς
2614 557 2968 629 παρίππευσε
2993 561 3179 616 κάτωο

3460 450 3569 519 θθᾶ

1993 646 2164 719 Ἕστη
2197 648 2336 718 πρὸς
2366 649 2541 718 αὐγὰς
2568 652 2601 721 ἡ
2634 652 2829 724 σελήνη
2870 654 2966 707 τοῦ
2991 655 3179 710 πόλου.

1988 740 2063 811 Σὴ
2086 742 2181 795 καὶ
2214 741 2363 813 βολίς
2400 742 2540 813 φῶς,
2571 744 2861 816 ἀστραπῆς
2884 746 2941 800 δὲ
2975 748 3087 818 πῦρ
3120 747 3284 801 ὅπλον
3308 762 3323 778 ⁸

1940 832 1947 843 ⁸
1986 832 2098 903 Γῆν
2129 834 2424 906 ἐξερημοϊς
2447 837 2567 900 σαῖς
2596 836 2868 901 ἀπειλαῖς,
2899 839 2977 910 σῷ
3008 841 3149 911 χόλῳ

1988 923 2161 997 Ἐθνη
2194 926 2461 993 κατάξαις
2486 942 2499 958 ⁸
2535 924 2699 1000 ἦλθες
2730 932 2810 994 είς
2840 934 3115 1002 σωτηρίαν

1986 1017 2131 1070 Λαυῦ
2157 1034 2218 1072 τε
2242 1018 2337 1072 τοῦ
2367 1018 2463 1073 σοῦ
2487 1019 2596 1074 τῶν
2625 1039 2683 1075 τε
2713 1021 2795 1075 σοὶ
2828 1024 3209 1094 κεχρισμένων
3232 1041 3250 1059 ⁸

1985 1106 2210 1172 Βάλλεις
2233 1108 2356 1163 κατ’
2384 1110 2598 1182 ἐχθρῶν
2625 1113 3073 1185 δυσμενεστάτων
3110 1117 3297 1187 μόρον.

1984 1203 2217 1273 Δεσμοῖς
2251 1204 2581 1275 τραχήλους,
2624 1206 2934 1278 συντρίϐεις
2956 1209 3083 1273 τοὺς
3113 1210 3352 1280 αὐχένας
3373 1226 3388 1242 ⁸

1983 1294 2171 1367 Κέρας
2198 1296 2479 1351 δυναστῶν
2512 1298 2799 1370 ἐκτέμνεις
2835 1301 2893 1353 ἐν
2921 1302 3179 1355 ἐκστάσει
3204 1319 3219 1336 ⁸

1984 1388 2096 1443 Καὶ
2120 1390 2343 1460 σεισμὸς
2372 1391 2567 1455 αὐτοὺς
2594 1391 2823 1463 λήψεται
2848 1392 2947 1463 τῆς
2971 1394 3217 1464 καρδίας.

1982 1481 2287 1534 Χαυνοῦσιν
2313 1477 2402 1536 οἷα
2437 1484 2651 1554 πτωχὸς
2675 1484 2871 1539 ἐσθίων
2908 1486 3083 1557 λάθρα
3118 1499 3135 1517 ⁸

1983 1575 2218 1641 Ἵππους
2241 1576 2299 1630 δὲ
2322 1575 2449 1641 τοὺς
2477 1578 2604 1642 σοὺς
2627 1579 2909 1650 εύδρομεῖν
2938 1580 3064 1634 καθ’
3092 1581 3300 1635 ὑδάτων

1983 1667 2235 1733 Δέδωκας
2260 1670 2428 1741 ὑγρὸν
2460 1670 2928 1743 συνταράττοντας
2960 1673 3142 1738 κύτος.

1984 1760 2379 1833 Κατεπλάγην,
2405 1764 2625 1836 ἔφριξα,
2656 1765 2748 1819 καὶ
2772 1766 3105 1836 συνεστάλην
3127 1783 3142 1797 ⁸

1988 1846 2084 1917 Οἷς
2116 1853 2400 1926 θεσπιῳδῶ
2431 1858 2526 1911 καὶ
2556 1856 2617 1911 τὸ
2648 1856 2843 1929 μέλλον
2876 1858 3170 1929 προόλέπω
3193 1874 3209 1889 ⁸

1911 1928 1954 1985 Β
1986 1946 2249 2019 Εἰσῆλθεν
2280 1949 2459 2003 αὐτῶν
2491 1949 2686 2022 μέχρις
2712 1928 2929 2003 ὀστέων
2945 1951 3145 2020 τρόμος
3166 1969 3180 1983 ⁸

1987 2038 2393 2110 Συνεκλονήθην
2419 2041 2511 2093 καὶ
2541 2040 2706 2111 βάθος
2737 2040 2839 2111 τῆς
2869 2040 3071 2110 ἰσχύος.

1984 2130 2311 2202 Χαρήσομαι
2338 2131 2399 2185 τὺ
2436 2132 2677 2203 πνεῦμα,
2718 2132 2895 2204 καιρῷ
2924 2134 3033 2187 τῶν
3064 2134 3243 2189 πόνων

1985 2223 2080 2286 Εἰς
2101 2222 2228 2276 λαὸν
2260 2223 2398 2278 ἔλθω
2426 2228 2525 2296 τῆς
2554 2228 2693 2295 ἐμῆς
2725 2227 3038 2297 παροικίας.

1984 2313 2064 2365 Δι’
2086 2307 2160 2367 ὧν
2184 2316 2322 2387 συκῆ
2353 2315 2579 2385 γλυκεῖα
2608 2318 2809 2387 καρπῷ
2840 2319 2913 2389 μὴ
2951 2318 3150 2389 βρίσει,

1982 2406 2125 2477 Μηδ’
2159 2408 2452 2480 εύιρορήσει
2485 2409 2682 2481 βότρυς
2716 2412 2776 2463 ἐν
2809 2414 2930 2475 ταῖς
2960 2413 3260 2482 ἀμπέλοις⁸

1982 2498 2376 2571 Ψευσθήσομαι
2402 2500 2459 2554 δὲ
2486 2502 2605 2565 ταῖς
2632 2500 2843 2566 ἐλαίαις
2874 2503 3259 2574 προσὸλέπων,

1985 2593 2092 2646 Καὶ
2116 2592 2216 2663 τῆς
2247 2593 2487 2665 ἀρούρας
2518 2594 2723 2666 βρῶσις
2754 2596 2813 2649 ού
2840 2596 3040 2666 πλήσει
3067 2597 3244 2667 στόμα
3264 2611 3281 2626 ⁸

1986 2685 2097 2736 Καὶ
2120 2685 2456 2756 θρεμμάτων
2482 2687 2543 2740 τὸ
2568 2685 2772 2757 πλῆθος
2797 2687 3081 2741 ἐκλέλοιπέ
3113 2705 3203 2758 μοι

1979 2776 2143 2848 Λιμῷ
2170 2777 2468 2845 τακέντων,
2492 2780 2587 2833 καὶ
2608 2778 2749 2849 βοῶν
2775 2780 2905 2852 κενὴ
2931 2784 3138 2852 φάτνη⁸

1994 2868 2149 2939 Ἐμοὶ
2177 2867 2235 2923 δὲ
2263 2868 2392 2934 δόξα
2416 2870 2621 2942 Κύριος
2652 2872 2818 2942 χαρά,
2851 2872 3063 2936 σθένος.

1980 2960 2076 3022 Εἰς
2112 2962 2421 3015 συντέλειαν
2448 2962 2556 3016 τῶν
2581 2963 2758 3017 καλῶν
2783 2964 2995 3019 τάττων
3022 2964 3211 3033 πόδας,

1979 3052 2164 3119 Τιθεὶς
2186 3055 2324 3127 πρὸς
2351 3054 2485 3126 ὕψος
2511 3054 2651 3109 ῶστε
2678 3056 2834 3127 νικᾷν
2862 3058 2921 3110 ἐν
2949 3056 3126 3127 μέλει.

1981 3209 2115 3282 PW-
2133 3210 2255 3283 ᾮδὴ
2283 3208 2434 3266 Ε’.-
2450 3210 2702 3269 Ἡσαΐου
2720 3213 3079 3286 πρόρῤησις,
3097 3215 3250 3288 σὺχὴ
3265 3217 3331 3272 τὸ
3346 3220 3563 3278 πλέον.

1901 3344 1947 3403 ο
1991 3348 2089 3403 Ἐκ
2116 3346 2312 3411 νυκτὸς
2342 3347 2517 3420 αὐγὴν
2540 3346 2649 3403 εἶδε
2680 3346 2779 3418 σὴν
2803 3348 2864 3403 τὸ
2886 3349 3106 3421 πνεῦμά
3136 3370 3238 3424 μου
3258 3367 3276 3387 ⁸

1977 3489 2145 3557 tavit;
2184 3490 2331 3545 stetit
2370 3491 2435 3544 ad
2468 3490 2819 3560 splendorem
2847 3495 2971 3564 ejus
3007 3493 3133 3549 luna
3166 3494 3313 3550 caeli.
3351 3494 3564 3566 Sagitta

1976 3590 2071 3638 tua
2112 3581 2227 3647 lux,
2269 3590 2324 3639 et
2356 3580 2591 3654 fulguris
2636 3585 2775 3656 ignis
2810 3586 3000 3642 telum.
3047 3584 3271 3645 Terram
3309 3589 3563 3644 det-astes

1977 3674 2146 3733 minis
2179 3674 2306 3739 tuis.
2335 3676 2417 3732 ira
2447 3686 2538 3733 tua
2567 3688 2756 3750 gentes
2788 3678 3074 3749 percellas,
3103 3678 3293 3734 venisti
3328 3680 3379 3733 in
3407 3680 3564 3735 salu-

1978 3776 2085 3823 tem
2136 3768 2324 3839 populi
2387 3769 2465 3825 tui
2529 3777 2586 3825 et
2640 3769 2975 3825 cbristorum
3048 3778 3307 3832 tuorum;
3369 3782 3559 3826 contra

1977 3856 2232 3915 inimicos
2274 3859 2545 3930 pessimos
2604 3868 2837 3915 mortem
2892 3860 3111 3927 misisti,
3170 3862 3310 3915 colla
3363 3863 3561 3929 vincis,

1975 3948 2219 4004 conteris
2250 3949 2520 4014 cervices,
2556 3950 2735 4021 capita
2771 3953 3078 4021 potentium
3126 3968 3344 4008 resecas
3390 3954 3443 4007 in
3474 3954 3560 4007 tu-

1977 4055 2137 4107 rore;
2170 4050 2226 4095 et
2266 4043 2450 4097 cordis
2491 4044 2784 4113 trepidatio
2820 4044 2943 4099 illos
2988 4045 3301 4115 occupabit.
3351 4045 3558 4115 Supero

1977 4132 2135 4188 biunt
2186 4142 2248 4189 ut
2290 4150 2493 4206 pauper
2534 4136 2588 4190 in
2645 4137 2972 4193 abscondito
3012 4139 3325 4193 comedens.
3377 4139 3562 4208 Equus

1979 4236 2161 4280 autem
2196 4233 2318 4281 tuos
2344 4242 2570 4283 currere
2601 4238 2789 4284 contra
2819 4244 2994 4300 aquas
3022 4230 3232 4299 jussisti
3275 4230 3559 4287 humidum

1976 4313 2361 4384 perturbantes
2405 4316 2643 4371 alveum.
2680 4316 2981 4375 Percussus
3025 4335 3170 4385 sum,
3221 4324 3555 4386 contremui.

1976 4416 2030 4461 et
2062 4406 2351 4479 obstupui,
2391 4423 2517 4463 cum
2559 4412 2788 4467 oraculo
2834 4411 3082 4468 futurum
3131 4415 3425 4484 prmideu.
3468 4415 3560 4470 ln-

1978 4515 2199 4572 gressus
2238 4512 2325 4557 est
2372 4518 2546 4574 usque
2594 4505 2661 4559 ad
2711 4521 2836 4561 ossa
2881 4507 2996 4576 ipsa
3044 4516 3271 4574 tremor,
3322 4510 3562 4578 agitatus

1978 4612 2100 4653 sum
2144 4599 2339 4655 robore
2390 4599 2443 4654 in
2490 4599 2624 4655 imo.
2661 4600 2908 4657 Laetabor
2952 4602 3185 4671 spiritu,
3230 4602 3284 4656 in
3318 4611 3563 4671 tempore

1979 4689 2227 4745 laborum
2256 4691 2471 4745 intrabo
2500 4693 2553 4747 in
2586 4694 2846 4762 populum
2873 4710 3003 4748 mea:
3037 4694 3412 4749 habitationis.
3435 4692 3562 4748 Ideo

291 4777 432 4828 ciem
477 4776 576 4830 ibit
625 4792 773 4833 mors
821 4782 1101 4850 castigans
1149 4780 1394 4852 gladius,
1450 4782 1646 4851 duplex
1695 4783 1871 4848 ensis.
1909 4782 2115 4857 Dlicus
2149 4785 2333 4839 suavis
2366 4784 2543 4841 fructu
2583 4801 2689 4840 non
2724 4786 3122 4852 incurvabitur,
3166 4804 3341 4857 neque
3385 4789 3565 4842 abun-

293 4866 541 4933 Stetisti,
601 4870 843 4925 obedivit
896 4880 1080 4937 terra;
1136 4872 1439 4942 aspexisti,
1499 4874 1878 4929 dissolvuntur

291 4970 478 5031 gentes
506 4973 775 5033 potentes.
810 4962 925 5019 Tua
959 4965 1007 5019 vi
1035 4966 1254 5020 contriti
1285 4976 1412 5022 sunt
1444 4976 1680 5033 montes,
1713 4982 1878 5021 saxo-

293 5071 416 5109 rum
447 5059 715 5127 asperitas
740 5058 1014 5130 perfracta
1041 5069 1146 5115 est.
1167 5060 1360 5115 Omnis
1383 5060 1669 5129 obstupuit
1694 5058 1873 5127 Moab,

289 5149 474 5204 ontnis
504 5148 784 5222 Etltiops.
814 5152 1015 5207 Contra
1050 5168 1222 5223 aquas
1252 5153 1387 5206 iram
1427 5152 1657 5218 misisti;
1688 5168 1756 5208 ne
1793 5162 1872 5219 tu,

292 5256 395 5297 nec
448 5242 600 5298 furor
636 5253 762 5301 tuus
794 5246 845 5300 in
890 5244 1114 5299 ﬂumina
1174 5246 1367 5307 irruat,
1402 5261 1579 5315 neque
1622 5246 1677 5300 in
1725 5261 1875 5303 mare

291 5332 597 5403 indignatio
634 5344 747 5401 tua,
784 5353 818 5393 ο
842 5354 957 5394 rex.
995 5337 1178 5407 Equos
1209 5337 1600 5403 conscendisti,
1634 5337 1869 5392 salutent

290 5422 585 5480 advexiSIi.
624 5425 838 5484 Tendcs
893 5444 1117 5494 arcum,
1162 5436 1217 5483 et
1249 5436 1437 5481 contra
1474 5438 1691 5497 sceptra
1737 5427 1873 5481 diri-

298 5532 424 5587 ges;
452 5519 729 5575 scindetur
752 5532 893 5576 terra
921 5523 1099 5576 ﬂuviis
1118 5536 1335 5591 semper
1361 5520 1679 5575 ﬂuentibus.
1710 5519 1875 5573 Dolor

296 5612 521 5665 invadat
559 5612 659 5667 bos
691 5617 781 5683 qui
818 5616 1048 5683 gratiam
1097 5626 1245 5668 tuam
1290 5613 1515 5679 vident;
1562 5622 1615 5667 et
1649 5624 1875 5667 contur-

295 5705 450 5758 babis
474 5722 741 5775 aquarqu
772 5708 1002 5761 ﬂuxum.
1037 5706 1236 5762 Vocem
1275 5708 1421 5762 dedit
1456 5709 1708 5778 abyssus,
1742 5708 1881 5760 mul-

296 5805 412 5849 tum
451 5798 659 5855 elevata
690 5810 772 5854 est
801 5818 814 5867 ;
851 5802 941 5856 ubi
978 5802 1114 5857 lucis
1147 5802 1404 5872 princeps
1436 5801 1691 5857 deorsum
1726 5799 1881 5870 cqui-

295 5914 346 5950 “
371 5918 505 5977 Fors
555 5921 789 5991 ἐσείσθη.

1979 4879 2132 4933 dabit
2164 4880 2351 4935 botrus
2395 4881 2447 4934 in
2482 4882 2700 4946 vineis;
2734 4882 2983 4952 decipiar
3019 4884 3195 4937 clivos
3240 4883 3559 4951 inspiciens,

1978 4980 2031 5025 et
2080 4986 2338 5026 arvorum
2390 4987 2516 5028 esca
2571 4989 2676 5027 non
2729 4989 2791 5029 os
2847 4974 3129 5044 implebit;
3189 4984 3243 5029 et
3292 4978 3558 5043 pecudum

1980 5066 2272 5120 multitudo
2329 5065 2513 5119 deﬁcit
2569 5066 2701 5119 mihi
2766 5067 2907 5121 fame
2959 5076 3445 5137 consumptarum,
3506 5076 3562 5121 et

1979 5157 2143 5212 boum
2186 5171 2427 5227 pmsepe
2459 5173 2713 5212 vacuum.
2760 5158 2889 5212 Mihi
2922 5170 3101 5213 autem
3140 5159 3402 5213 Dominus
3441 5161 3559 5229 glu-

1978 5251 2081 5312 ria,
2130 5248 2426 5320 gaudium,
2481 5250 2673 5317 robur,
2736 5251 2788 5304 iu
2851 5251 3238 5319 perfectionem
3292 5254 3559 5304 bonarum

1981 5344 2146 5412 pedes
2196 5344 2526 5413 disponens,
2590 5344 2641 5397 in
2699 5344 3031 5400 sublimibus
3090 5355 3337 5401 statuens
3377 5349 3449 5397 ita
3503 5351 3562 5396 ut

1978 5436 2193 5492 vincam
2225 5439 2277 5492 in
2307 5439 2584 5493 cautibus.

1982 5598 2107 5651 167.
2142 5598 2427 5653 Canticum
2470 5596 2532 5649 Υ.
2569 5628 2635 5637 ——
2682 5597 2845 5651 Isnt'a’
2880 5599 3186 5667 prophetia,
3237 5608 3283 5651 et
3328 5598 3561 5663 plerum-

2604 5687 2697 5738 que
2740 5683 2934 5722 oralto.

2056 5801 2097 5855 E
2134 5812 2292 5858 nocte
2344 5803 2688 5873 splendorem
2744 5814 2894 5859 tuum
2943 5805 3071 5860 \idit
3113 5806 3337 5875 spiritus
3384 5822 3560 5864 meus.
