4044 6574
1467 283 1542 290 .._._.

323 368 429 432 997

1530 415 1538 422 .
1633 359 1976 418 CARMlN‘A
2015 358 2264 420 VARIA.

3486 356 3592 422 908

327 479 461 552 ρξθ..
503 473 629 548 ᾭδὴ
666 453 1378 552 Ζι.’-Δρδσοςικαμί,οου,
1415 468 1532 523 τῶν
1552 466 1731 536 τριῶν
1750 463 1919 533 αἶνος
1951 479 1990 530 Α
2023 466 2120 552 Σδν
2170 464 2402 535 Ἰσραὴλ,
2436 467 2634 538 τρὶς,ὴ
2671 467 2863 539 Τριὰς,
2901 468 3161 538 πρέσϐεις
3195 468 3351 541 δέχου

1031 540 1207 596 νέων.

333 663 423 727 Ὠς
450 659 766 732 εὐλογητὸς,
792 657 1024 724 αἰνετὺς,
1051 656 1210 726 δόξης
1248 653 1434 724 γέμων

322 755 455 820 Θεὸς
488 753 761 821 πέφυκας,
794 754 822 807 ὁ
852 753 981 822 πρὶν
1010 750 1197 821 ὀφθεὶς
1225 747 1489 819 πατράσι,

321 847 455 909 Θεὸς
483 846 765 918 κραταιὸς,
793 844 1042 915 φρικτδς,
1077 842 1380 914 οἰκτίρμων
1416 841 1627 910 γέμων.

327 937 549 1000 Δίκαιος
579 931 631 988 εἴ
659 936 729 989 τὰ
753 935 952 1000 πάντα,
988 934 1085 988 καὶ
1109 934 1283 986 πᾶσαι
1314 931 1526 1002 κρίσεις

322 1032 388 1083 Αἰ
429 1031 521 1082 σαὶ
547 1030 769 1094 δίκαιοι,
798 1028 951 1082 πᾶσα
983 1026 1028 1079 δ’
1056 1025 1241 1078 εύθεῖα
1265 1025 1472 1095 τρίϐος,

323 1121 433 1175 Kal.
466 1122 616 1174 πᾶσα
647 1119 848 1191 πρᾶξις
879 1122 959 1182 εἰς
982 1117 1244 1189 ἀλήθειαν
1276 1117 1483 1188 βλέπει.

322 1215 434 1270 Καὶ
465 1213 644 1267 πάντα
668 1211 762 1267 νῦν
799 1209 1009 1282 ἑπῆξας
1040 1212 1172 1282 ἡμῖν
1206 1211 1302 1264 σὺν
1337 1210 1486 1282 δίκῃ,

336 1307 498 1377 ἸΙμῖν
529 1323 589 1358 τε
620 1307 716 1359 καί
747 1302 842 1358 σοῦ
863 1306 929 1374 τῇ
961 1302 1236 1374 πανολδίῳ
1261 1301 1448 1354 πόλει·

323 1397 484 1451 Πόλει
520 1397 762 1468 κραταιᾷ
790 1395 1064 1464 φιλτάτων
1095 1411 1188 1448 σου
1214 1392 1455 1464 πατρίδι.

325 1487 533 1551 Πολλὰς
562 1487 721 1552 δίκας
759 1504 842 1541 σοι
873 1489 1092 1558 τίνομεν
1123 1487 1166 1519 ¹⁸
1201 1485 1595 1555 τολμημάτων,

335 1580 426 1644 Ὠς
458 1577 978 1650 ἑξαπεστράφημεν,
1021 1577 1094 1642 ὡς
1117 1575 1424 1630 ἀποστάται

328 1670 615 1740 Ὠφθημεν
653 1671 717 1723 ὲκ
743 1668 858 1735 σού,
894 1669 1020 1732 τοὺς
1047 1667 1301 1730 τεθέντας
1331 1685 1414 1721 σοι
1435 1668 1633 1736 νόμους

328 1761 640 1823 Πατοῦντες
667 1761 768 1815 ούκ
799 1760 1048 1831 ἔγνωμεν
1068 1777 1082 1789 ο
1113 1760 1174 1813 ού
1211 1760 1651 1830 προσταγμάτων

325 1851 447 1904 Τῶν
483 1851 592 1906 σῶν
615 1851 1064 1922 ὲπεστράφημεν,
1094 1849 1215 1903 οὐδὲ
1247 1847 1499 1919 καρδίαις

327 1943 760 2014 Κεκρυμμέναις
783 1941 1098 2013 συνείδομεν
1126 1940 1193 1994 τὰ
1219 1937 1491 2011 πρακτέα.

326 2039 404 2088 Δι’
427 2029 502 2088 ὧν
533 2036 756 2098 δικαίως
797 2033 1150 2102 ὲξετόξευσας
1186 2032 1362 2104 βέλος.

328 2131 511 2200 ’Ἀπαν
541 2128 666 2182 καθ’
695 2127 869 2200 ἡμῶν,
904 2129 1013 2182 πᾶν
1039 2125 1249 2198 ὲπῆξας
1282 2127 1380 2181 σὺν
1409 2122 1587 2197 κρίσει
1611 2141 1626 2156 ⁸

329 2221 582 2282 Δέδωκας
624 2221 772 2291 ἡμᾶς
804 2219 963 2290 χερσὶ
989 2217 1452 2288 δυσμενεστάταις

341 2313 585 2383 Ἐχθρὼν
613 2311 880 2378 ἀπίστων,
918 2311 1188 2382 ἐκνόμων,
1226 2310 1566 2382 μιαιφόνων·

326 2405 498 2473 Δεινῷ
531 2404 742 2475 βασιλεῖ
768 2405 862 2457 καὶ
887 2402 1368 2477 τυραννικωτάτῳ,

326 2498 569 2552 Νικῶντι
602 2500 781 2553 πᾶσαν
815 2500 872 2552 ἐν
908 2497 1146 2570 πονηρίᾳ
1173 2497 1341 2568 χθόνα
1369 2511 1384 2526 ⁸

327 2594 444 2646 Ούκ
466 2593 614 2646 ἔστιν
636 2595 768 2663 ἡμῖν
795 2591 887 2645 οὖν
918 2592 1102 2662 διᾶραι
1134 2591 1194 2644 τὺ
1218 2591 1416 2662 στόμα,

328 2685 530 2755 Χλεύη.
563 2685 758 2754 γέλως,
786 2684 1011 2749 ὄνειδος,
1040 2683 1295 2754 αἰσχύνη,
1321 2683 1526 2756 κόπρος

329 2777 472 2830 licini.
504 2776 728 2839 δικαίως
771 2779 883 2839 σοῖς
912 2775 1259 2845 κατέστημεν
1288 2774 1534 2845 λάτραις.

328 2867 419 2935 Μὴ
444 2865 509 2937 δὴ
547 2864 806 2938 παραδῷς
832 2867 910 2929 εἰς
938 2865 1092 2928 τέλος
1118 2865 1414 2934 μαστιγίας
1437 2881 1453 2896 ·

333 2959 570 3028 Ὀρκους
599 2959 656 3012 δὲ
685 2960 812 3021 τοὺς
842 2959 969 3021 σοὺς
1000 2955 1304 3029 σκορπίσῃς
1327 2960 1408 3019 εἰς
1443 2957 1600 3028 ἀέρα,

331 3046 525 3102 Οἷκτόν
560 3067 620 3102 τε
643 3051 734 3103 τὸν
776 3050 868 3102 σὺν
895 3047 1271 3118 ὲξαποστήσῃς
1294 3047 1450 3108 ὅλως.

330 3143 437 3211 Σὴν
471 3144 663 3213 κλῆσιν
694 3140 975 3211 αἰδέσθητι
997 3141 1090 3194 καὶ
1116 3140 1213 3211 τὴν
1243 3139 1340 3210 σὴν
1374 3139 1536 3209 φύσιν

331 3235 409 3287 Δι’
451 3233 736 3307 Ἀϐραάμ*
763 3234 826 3287 τὸ
849 3234 1073 3304 φίλτρον
1113 3232 1324 3295 Ἰσαὰκ,
1353 3232 1545 3304 λάτριν

334 3413 457 3472 169.
483 3414 784 3490 Canticum|
805 3413 1009 3540 “1.7
1024 3411 1127 3468 Ras
1152 3413 1406 3484 fornacis,
1445 3410 1605 3464 trium
1659 3411 1916 3482 juvenum

1015 3500 1226 3540 umttus.

1014 3500 1226 3558 ymttus.

403 3598 579 3665 Quam
606 3597 952 3664 benedictus,
981 3595 1292 3660 laudabilis,
1357 3594 1556 3666 plenus
1616 3593 1788 3662 gloria
1833 3607 1915 3660 es,

334 3685 497 3751 Deus,
531 3688 624 3757 qui
657 3687 808 3757 prius
832 3684 1078 3755 patribus
1106 3686 1254 3739 visus
1273 3698 1356 3750 es,
1387 3693 1576 3752 potens
1619 3680 1784 3746 Deus,
1804 3688 1916 3734 ter—

334 3779 530 3844 ribilis,
564 3778 1065 3855 misericordiarum
1105 3775 1526 3848 plenus.Justus
1558 3789 1617 3830 es
1657 3774 1709 3828 in
1740 3773 1918 3827 omni-

334 3871 457 3936 bus,
494 3880 548 3926 et
569 3871 772 3941 judicia
805 3879 896 3925 ttta
923 3870 1105 3925 omnia
1131 3870 1303 3940 justa,
1339 3880 1391 3923 et
1424 3868 1606 3924 omnis
1637 3868 1720 3921 via
1746 3875 1914 3931 recta,

333 3973 389 4019 et
417 3980 577 4018 omne
596 3977 733 4034 opus
769 3963 820 4017 in
848 3965 1126 4018 veritatem
1151 3963 1427 4033 dirigitur.
1460 3961 1525 4015 Et
1555 3961 1738 4016 omnia
1772 3975 1918 4014 nunc

335 4059 495 4114 nobis
527 4059 786 4112 indnxisti
819 4075 942 4112 cum
971 4058 1184 4126 jnstitia
1209 4075 1222 4123 ;
1247 4056 1404 4112 nobis
1429 4065 1482 4110 et
1505 4065 1610 4109 tua:
1631 4055 1920 4108 fortunatas

336 4151 542 4208 civitati
569 4170 583 4218 ;
609 4152 812 4206 civitati
855 4151 1056 4221 potenti
1105 4151 1430 4205 dilectorum
1457 4139 1917 4216 tuorum‘patriat.

337 4242 534 4298 Multas
569 4258 757 4313 pcenas
793 4243 888 4296 tibi
913 4243 1178 4297 solvimus
1236 4239 1568 4311 facinorum,
1622 4245 1747 4314 quia
1800 4260 1923 4314 per-

337 4338 481 4391 versi
516 4336 736 4402 fuimus,
776 4336 902 4404 quia
953 4335 1180 4392 rebelles
1215 4351 1245 4390 a
1278 4345 1330 4391 te
1382 4338 1730 4406 recessimds,
1776 4339 1922 4408 leges

339 4445 371 4484 a
413 4439 463 4484 te
490 4437 722 4484 statutas
775 4429 1163 4484 conculcantes
1233 4444 1344 4484 non
1402 4431 1764 4500 agnovimus;
1814 4447 1919 4485 non

339 4522 624 4594 prmeeptis
661 4522 768 4577 tuis
794 4522 1316 4590 obtemperavimus,
1356 4539 1534 4595 neque
1557 4525 1740 4581 cordis
1789 4539 1914 4579 cum

341 4615 662 4671 abscondito
691 4615 1001 4671 consentire
1033 4629 1214 4684 Opera:
1244 4614 1496 4671 fecimus.
1526 4615 1734 4672 Idcirco
1776 4618 1922 4688 juste

2023 551 2117 620 Οἷς
2155 557 2252 610 καὶ
2276 559 2576 628 προσεῖπας
2610 559 2836 630 σπέρμα
2865 559 3134 631 πληθῦναι
3168 561 3348 626 τόσον,

2022 648 2262 716 Ψάμμον
2290 646 2566 717 Θαλάσσης
2598 647 2808 718 ὥσπερ,
2835 651 3012 722 ἄστρα
3045 651 3140 705 τοῦ
3168 651 3257 706 πό)
3270 668 3352 708 ου.

2021 741 2098 793 Δι’
2125 734 2221 803 ὧν,
2250 740 2499 804 Βασιλεῦ,
2542 741 2708 811 ἐσμὲν
2741 743 3104 814 ὴπορημένοι,

2023 832 2274 903 Σμκροὶ,
2306 834 2577 900 ταπεινοὶ,
2611 835 2921 904 δυστυχεῖς,
2967 837 3286 906 ἁπωσμένοι

2026 925 2255 988 Ἐθνους
2288 943 2346 978 τε
2377 927 2601 992 παντὸς,
2624 927 2728 998 γῆς
2758 927 2885 998 ὅλης
2915 927 3238 998 ὑϐρισμένοι

2022 1016 2260 1080 Μάστιξι
2296 1016 2537 1081 πολλαῖς,
2576 1013 2663 1071 οἷα
2698 1021 2817 1081 ταῖς
2850 1019 3151 1090 ἁμαρτίαις
3177 1035 3192 1049 ⁶

2021 1111 2136 1162 Οὐκ
2164 1109 2311 1162 ἔστιν
2345 1109 2550 1182 ἄρχων,
2581 1112 2640 1164 οὐ
2685 1114 2994 1183 προφήτης,
3026 1111 3148 1164 οὐδέ
3179 1129 3262 1176 τις

2027 1202 2261 1272 Ποιμὴν,
2299 1201 2584 1273 δικαστὴς,
2625 1204 2828 1274 ἱερεὺς,
2861 1201 3273 1274 στρατηγέτης·

2023 1291 2100 1343 0-5
2134 1290 2381 1362 θυμίαμα
2409 1296 2699 1366 προσφορᾶ
2728 1294 2824 1348 καὶ
2860 1294 3044 1360 θυσία,

2024 1382 2098 1434 Oti
2140 1386 2287 1448 ναὸς,
2320 1384 2439 1437 οὐδὲ
2473 1385 2676 1456 βωμὸς,
2709 1387 2847 1440 ὥστε
2873 1388 2964 1441 καὶ
2998 1387 3160 1442 θύσαι

2023 1475 2320 1545 Κάρπωμα
2349 1477 2560 1544 δεκτὺν,
2585 1479 2678 1531 καί
2708 1480 2836 1547 γόνυ
2865 1481 3042 1534 κλῖναι
3075 1481 3248 1548 κάτω,

2023 1569 2134 1621 Καὶ
2158 1568 2250 1622 τὸν
2279 1571 2371 1624 σὶν
2391 1566 2572 1624 οἶκτον
2601 1572 2828 1626 ἑλκύσαι
2865 1575 3198 1643 παραυτίκα.

2035 1663 2175 1716 Ἀλλ’
2201 1665 2322 1719 ἀντὶ
2347 1664 2560 1717 πολλῶν
2589 1665 2762 1719 ταῦτα
2797 1665 3054 1736 θυμάτων
3085 1665 3242 1736 δέχου

2023 1758 2217 1831 Ψυχὴν
2246 1759 2534 1828 ταπεινὴν,
2566 1758 2786 1830 πνεῦμα
2817 1761 3305 1829 συντετριμμένον,

1949 1827 1992 1883 Β
2022 1827 2213 1921 Πηγάς
2246 1827 2475 1922 ῥεούσας
2503 1827 2780 1922 δακρύων,
2812 1852 2874 1917 ἐξ
2900 1827 3151 1922 αἱμάτων

2021 1944 2253 2016 Ταύρων
2281 1946 2578 2017 καθώσπερ
2611 1946 2880 2017 μυριάδας
2908 1947 3001 1999 καί
3031 1947 3272 2018 τράγων,

2020 2038 2356 2109 Σκαίροντας
2387 2038 2605 2108 ἀρνοὺς,
2643 2039 2834 2102 πίονας
2868 2039 3104 2110 μόσχους
3138 2040 3296 2104 νέους
3317 2055 3336 2072 ⁶

2020 2125 2211 2189 Ούτως
2239 2127 2370 2197 παρ’
2390 2127 2550 2198 ήμῶν
2581 2126 2680 2191 τὰς
2702 2130 2971 2201 ἁναίμους
2995 2131 3189 2194 θυσίας

2029 2219 2118 2281 Ὠς
2149 2219 2360 2290 τερπνὰ
2388 2219 2536 2291 δῶρα
2567 2221 2660 2275 καὶ
2685 2220 2842 2292 δέχου
2879 2222 2973 2275 καὶ
2998 2223 3321 2294 προσδέχου.

2019 2312 2094 2364 Οὐ
2127 2313 2238 2382 γὰρ
2267 2311 2502 2382 καλύψει
2536 2313 2596 2366 τὸ
2625 2314 2920 2384 πρόσωπον
2948 2315 3180 2385 αἰσχύνη

2020 2405 2142 2457 Τῶν
2177 2406 2259 2458 σοὶ
2289 2405 2349 2458 τὸ
2367 2405 2588 2485 ’θάρσος
2611 2406 2787 2459 εἰσαεὶ
2818 2405 3184 2473 τεθεικότω·ι.ἰ

2023 2497 2134 2549 Καὶ
2159 2496 2256 2550 νῦν
2286 2496 2560 2566 ποθοῦμεν
2590 2495 2648 2560 ἐξ
2689 2497 2818 2565 ὅλης
2850 2513 2909 2548 σε
2942 2496 3174 2568 καρδίας

2021 2590 2134 2644 Καὶ
2160 2589 2462 2660 φρίσσομέν
2491 2606 2572 2652 σε,
2605 2589 2698 2643 καί
2725 2590 2852 2654 θέας
2882 2592 3184 2663 ἠρτημένοι

2020 2677 2132 2746 Τῆς
2163 2677 2261 2744 σῆς
2288 2677 2512 2730 ὄπισθεν
2539 2679 2730 2748 ὥσπερ
2754 2681 3219 2752 ἐκπεπληγμένοι,

2020 2771 2248 2840 Δριμεῐς
2278 2773 2503 2840 ἐρασταὶ
2528 2771 2614 2824 σοὶ
2647 2773 2860 2843 βοῶμεν
2891 2775 2956 2828 ὲκ
2998 2776 3193 2845 βάθους
3214 2792 3229 2808 .

2029 2861 2120 2930 Μὴ
2147 2861 2212 2932 δὴ
2242 2861 2498 2932 παρόψει,
2531 2863 2606 2933 μὴ
2632 2865 3004 2937 καταισχύνῃς
3025 2867 3250 2936 λάτρεις,

2005 2953 2231 3038 ἱΔράσον
2264 2954 2383 3024 μεθ’
2408 2955 2585 3024 ήμῶν,
2619 2950 2705 3009 οἷα
2742 2959 2978 3028 χρηστὸς
3011 2961 3108 3029 τὴν
3145 2962 3324 3029 φύσιν,

2020 3046 2228 3116 Πρᾶος,
2261 3047 2568 3117 προσηνὴς,
2600 3047 2782 3113 ἵλεως,
2826 3051 3007 3104 οἴκτου
3047 3053 3256 3121 γέμων,

2021 3139 2346 3210 Θαυμαστὸς
2375 3139 2550 3209 ἰσχὺν,
2583 3141 2740 3208 δόξαν
2779 3145 3177 3212 ὴμφιεσμένοε,

2023 3231 2417 3303 διετατραπείη
2445 3236 2558 3296 τοῖς
2591 3234 2920 3305 κακούργοις
2945 3239 2977 3308 ἡ
3013 3237 3158 3309 δίκη,

2023 3423 2057 3464 o
2086 3407 2349 3476 Trinitas,
2381 3410 2773 3467 intercessores
2830 3415 3039 3484 accipe,
3077 3418 3276 3486 quibus
3317 3420 3615 3489 promisis'l

2023 3516 2208 3556 semen
2243 3503 2710 3572 multiplicamlutn
2747 3521 2870 3561 esse
2901 3522 3163 3576 quantum
3210 3527 3430 3565 arenam
3494 3531 3612 3567 ma-

2025 3597 2168 3650 riset
2195 3597 2542 3651 stellascceli.
2575 3599 2734 3664 Quia,
2774 3616 2806 3652 ο
2842 3617 2962 3665 rex,
3000 3605 3156 3670 egeni
3191 3621 3405 3669 smnus,
3441 3609 3612 3676 parvi.

2028 3687 2281 3752 humiles,
2317 3690 2527 3754 miseri,
2561 3692 2774 3760 expulsi
2809 3693 2877 3746 ab
2903 3696 3051 3747 otnni
3079 3707 3258 3765 gente.
3292 3706 3449 3752 terra:
3502 3703 3618 3752 uni-

2029 3795 2198 3836 versa:
2227 3782 2552 3850 opprobium
2589 3783 2714 3838 facti
2741 3787 2968 3854 flagellis
3020 3787 3072 3840 in
3129 3789 3335 3852 multis,
3397 3802 3618 3860 pt‘nplrl‘

2029 3881 2269 3941 peccata.
2302 3872 2420 3926 Non
2461 3885 2545 3928 est
2575 3877 2827 3946 princeps
2868 3879 3044 3949 neque
3083 3883 3362 3951 propheta.
3402 3900 3506 3937 non
3536 3891 3619 3938 ντι

2029 3974 2236 4032 pastor,
2284 3966 2476 4034 jttdex,
2504 3969 2780 4033 saet-rtlns,
2814 3971 2920 4022 dux
2956 3973 3248 4035 exercitus,
3287 3989 3392 4028 non
3421 3985 3503 4028 est
3533 3976 3620 4028 itt-

2031 4060 2500 4123 censum,oblatio
2537 4076 2633 4112 nec
2663 4062 3016 4126 sacriﬁcium,
3059 4081 3162 4117 ttott
3199 4067 3484 4134 templum,
3507 4083 3616 4121 non

2033 4154 2221 4218 altare,
2251 4153 2316 4206 ad
2345 4156 2764 4208 saerilieatnltttn
2823 4156 3055 4209 hostiam
3110 4159 3522 4227 :u-ct-ptabilem,
3563 4170 3618 4213 et

2035 4262 2174 4316 genu
2212 4245 2467 4300 deorsum
2530 4245 2610 4300 ile:
2634 4247 2878 4310 tendum,
2929 4258 2982 4299 et
3023 4249 3403 4300 attrahendum
3468 4256 3616 4301 tttatn

2030 4339 2464 4393 misericordiam
2492 4339 2544 4391 in
2565 4339 2954 4407 prmscntiﬁrd
2983 4355 3078 4407 pro
3106 4340 3291 4393 multis
3317 4341 3428 4393 luce
3450 4343 3619 4393 sacri-

2032 4431 2167 4487 ﬁciis
2194 4431 2380 4500 accipe
2433 4433 2670 4484 animant
2705 4431 2988 4494 httmiletn,
3013 4431 3262 4498 spiitutn
3298 4433 3616 4496 contritum,

1968 4589 1980 4596 κ
2031 4522 2210 4578 fontes
2259 4525 2624 4594 lacrytttarun‘.
2658 4537 2672 4575 :
2706 4523 2847 4577 sicut
2912 4524 2964 4576 in
3027 4525 3294 4591 sanguine
3340 4534 3619 4578 taurorum

2019 4618 2198 4671 .millia
2217 4625 2270 4671 et
2302 4617 2602 4682 hircorum,
2630 4619 2896 4670 saltantes
2922 4631 3115 4684 agnus,
3156 4618 3382 4683 pingues
3435 4625 3488 4669 rt
3543 4628 3613 4671 tn-

343 4711 446 4765 tela
478 4709 663 4763 omnia
714 4707 990 4763 immisisti
1044 4715 1235 4762 contra
1271 4721 1392 4769 nos,
1452 4709 1633 4762 omnia
1666 4710 1926 4765 intluxisti
1965 4707 2007 4760 D
2040 4725 2202 4764 ueros
2233 4711 2453 4771 vitulos,
2487 4710 2556 4764 ita
2583 4725 2611 4764 a
2639 4709 3131 4764 nobisincrnentas
3170 4711 3399 4772 hostias,
3452 4710 3618 4778 ntju-

342 4818 466 4858 cunt
491 4802 728 4872 justitia.
777 4799 1073 4855 Tradidisti
1105 4813 1208 4853 nos
1231 4799 1485 4852 manibus
1546 4800 1797 4868 pessimis
1829 4800 1935 4853 ini-

342 4894 611 4950 micorum
692 4891 992 4947 inlitleliutn
1055 4891 1373 4962 iniquorum
1414 4929 1429 4953 ,
1479 4891 1876 4944 homicidarum
1917 4910 1932 4957 ;

345 4983 457 5052 regi
489 4985 774 5037 tremendo
799 4991 852 5037 et
883 4982 1269 5052 injustissimo,
1299 4981 1538 5052 nequitia
1589 4990 1746 5036 terra:
1781 4983 1930 5037 omni

345 5085 660 5146 praestante.
692 5075 807 5130 Non
844 5075 970 5132 licet
993 5090 1124 5146 ergo
1190 5073 1350 5130 nobis
1376 5089 1438 5129 os
1471 5075 1682 5145 aperire
1712 5091 1727 5140 ;
1791 5073 1934 5128 deri-
1993 5085 1998 5089 '

348 5185 465 5234 sus,
497 5170 813 5236 ludibrium,
833 5170 1211 5241 opprobrium,
1236 5166 1512 5232 confusio,
1533 5168 1725 5223 sordes
1745 5183 1830 5223 om
1843 5168 1932 5220 ni-

349 5263 452 5317 bus
473 5262 641 5331 justis
673 5262 844 5317 servis
868 5262 974 5317 tuis
1006 5261 1282 5318 stetimus.
1309 5258 1385 5315 Ne
1414 5260 1580 5328 igitur
1627 5260 1807 5313 tradas
1835 5275 1934 5313 nos

349 5355 404 5410 in
435 5355 596 5409 finem
629 5353 1012 5427 ﬂagellalionis
1045 5371 1060 5419 ;
1095 5368 1163 5408 ne
1215 5353 1448 5422 dissipes
1488 5352 1540 5406 itt
1600 5367 1723 5406 aera
1779 5353 1936 5420 jura-

350 5460 538 5503 tnenta
575 5457 690 5511 tua,
751 5457 806 5501 et
840 5447 1277 5504 misericordiam
1319 5445 1546 5501 omnino
1576 5460 1646 5499 ne
1691 5445 1930 5499 auferas.

317 5539 706 5612 _lnvocatione
750 5550 842 5595 tua
891 5552 946 5597 et
981 5552 1176 5596 natura
1242 5551 1332 5595 tua
1384 5538 1782 5594 commovearis
1839 5554 1934 5607 per

352 5633 650 5702 Abraham,
682 5635 936 5690 dilectum
963 5634 1134 5705 Isaac,
1163 5649 1382 5692 servum
1414 5642 1565 5689 tuutn
1589 5630 1928 5700 lsrael,tres,

429 5809 474 5843 ¹⁸
508 5814 758 5870 τείνοιιεν
790 5814 911 5870 cod.

2035 4803 2211 4856 cuttda
2249 4801 2390 4855 dona
2427 4803 2613 4871 accipe
2637 4812 2692 4856 et
2721 4803 3085 4872 acceptaltilcs
3125 4802 3283 4856 haln‘.
3310 4800 3427 4855 Non
3476 4803 3620 4857 enim

2033 4894 2600 4950 oceullabitconfusio
2641 4893 2839 4948 faciem
2886 4909 3079 4948 eorum
3127 4897 3219 4964 qui
3251 4898 3303 4948 itt
3343 4905 3408 4952 ιο,
3452 4896 3616 4948 rnhnt

2033 4995 2364 5042 statuerunt.
2401 4985 2466 5040 Et
2508 5001 2653 5039 nunc
2678 5000 2931 5040 amamus
2955 4998 3005 5040 te
3035 5001 3102 5040 ex
3162 4988 3310 5039 onmi
3357 4988 3520 5040 corde
3573 5001 3622 5043 rt

2032 5079 2382 5142 tintemuste,
2416 5087 2470 5131 et
2499 5076 2814 5144 conspectui
2868 5087 2960 5130 tuo
3001 5077 3267 5131 hmrentes
3323 5088 3620 5132 retrorsum

2040 5171 2187 5225 velut
2209 5181 2431 5240 stupore
2461 5168 2729 5238 percussi,
2774 5170 3028 5223 ardentes
3056 5181 3331 5222 amatores
3367 5170 3461 5223 tibi
3513 5173 3612 5224 cla.

2023 5279 2165 5318 mam
2181 5279 2243 5315 us
2271 5279 2301 5317 e
2324 5261 2633 5332 profundo:
2663 5260 2739 5314 Ne
2758 5262 3058 5333 tlespit-ias,
3089 5277 3155 5314 nc
3177 5261 3481 5315 confundas
3507 5279 3619 5315 srr-

2036 5371 2153 5420 vos,
2189 5355 2273 5410 fac
2313 5355 2782 5420 nobiseum,sicnt
2818 5365 3013 5408 natura
3073 5361 3414 5416 mansuetus,
3453 5352 3622 5418 mitis,

2037 5450 2347 5515 indulgens,
2379 5448 2717 5508 misericors.
2757 5445 3126 5500 miserationis
3160 5444 3374 5514 plenus,
3419 5445 3618 5499 robore

2033 5540 2344 5600 mirandus.
2380 5539 2550 5608 gloria
2577 5539 2802 5592 indutus
2839 5553 2854 5602 ;
2900 5547 3249 5591 convertatur
3312 5538 3362 5590 itt
3420 5537 3620 5590 malum

2031 5642 2318 5701 operantes
2348 5631 2480 5686 ultio
2515 5641 2626 5697 tua,
2655 5629 3032 5686 confusionem
3055 5628 3326 5700 accipiant
3346 5629 3581 5684 audaces
3607 5643 3622 5693 ;
