4044 6606
497 577 609 644 Τὴν
633 571 901 644 ἐντροπὴν
929 572 1144 626 λάϐοιεν
1181 573 1231 626 οἱ
1268 571 1579 642 τολμητίαι.

503 669 734 732 Amano
756 666 925 728 δεινά,
948 665 1094 718 δεινὰ
1119 665 1244 729 τοὺς
1270 665 1662 743 εἰργασμένους
1692 663 1753 716 ¹⁹.

499 761 674 828 Λήψοι
705 758 764 811 τὸ
791 759 1094 827 πρόςωπον
1119 758 1300 810 αὐτῶν
1326 757 1555 826 αἰσχύνη
1580 771 1595 786 ⁸

501 853 686 920 Ιιάσης
715 850 931 904 πέσοιεν
956 851 1021 904 ἐκ
1051 850 1384 918 δυναστικῆς
1416 849 1560 918 plac;

501 943 607 995 Καὶ
632 942 942 1015 συντριϐείη
975 943 1083 995 πᾶν
1112 944 1171 995 τὸ
1198 945 1294 1012 τῆς
1321 942 1511 1012 ῥώμης
1536 940 1754 1010 κράτος.

501 1033 798 1087 Padi-manv
835 1033 910 1099 ὡς
939 1034 1004 1088 σὺ
1042 1035 1244 1103 Κύριος
1271 1034 1402 1095 Θεὸς
1434 1033 1614 1101 μόνος.

501 1127 628 1189 θεὸς
661 1126 938 1196 κραταιὸς,
968 1124 1070 1194 γῆς
1094 1125 1221 1194 ὅλης
1248 1123 1405 1193 δόξης
1431 1123 1569 1186 ὅλος.

501 1220 560 1270 Ol
594 1221 743 1288 τρεῖς
776 1217 878 1288 μὲν
909 1217 1081 1280 οὕτως
1111 1214 1357 1277 εὐσεϐεῖς
1384 1214 1611 1269 νεανίαι.

501 1308 562 1360 Ol
593 1308 639 1360 δ’
670 1308 1004 1378 ἐμσσλόντες
1036 1309 1116 1369 είς
1148 1304 1380 1373 κάμινον
1410 1307 1532 1368 τοὺς
1560 1307 1733 1373 νέους,

499 1399 789 1459 Βάλλοντες
819 1400 916 1452 οὐκ
947 1397 1161 1450 ἔλειπον
1187 1393 1384 1468 οἵσπερ
1412 1397 1511 1469 τὴν
1548 1397 1722 1466 φλόγα

497 1491 586 1554 Εἰς
619 1490 748 1560 ὕψος
780 1486 934 1561 ἦρον,
971 1491 1201 1554 έπτακις
1239 1490 1646 1561 πυργουμένην.

504 1578 594 1646 Ἐξ
621 1580 758 1632 ἑπτὰ
790 1579 978 1650 πηχῶν
1005 1579 1206 1651 έδρεμε
1235 1581 1294 1633 τὸ
1319 1580 1430 1650 πῦρ
1461 1581 1624 1649 μέγα,

506 1669 570 1724 Ἦ
604 1671 737 1740 φλὸξ
768 1672 962 1743 ἐχεῖτο,
991 1672 1087 1726 καὶ
1108 1673 1352 1745 διέτρεχε
1381 1672 1587 1743 κύκλῳ,

491 1763 683 1830 Φλέγει
711 1763 767 1816 δὲ
799 1763 1004 1827 πάντας
1033 1763 1223 1836 ὥσπερ
1255 1757 1382 1836 εῦρε
1414 1764 1508 1816 καί⁹
1541 1761 1748 1832 κύκλῳ,

491 1853 676 1908 Δεινοῦ
706 1854 970 1925 τυράννου
1001 1855 1231 1923 δημίους
1264 1855 1544 1925 ὑπηρέτας
1566 1869 1582 1884 ⁸

491 1944 603 1998 Καὶ
634 1945 975 2015 συγκατῆλθε
1004 1945 1098 1999 τοῦ
1132 1942 1268 1999 Θεοῦ
1292 1947 1685 2018 παραστάτηςο

491 2031 658 2100 υῦτος
687 2024 907 2107 ῥαπίζει
944 2038 1045 2110 τὴν
1075 2038 1305 2110 κάμινον
1344 2039 1606 2092 κυκλόθεν

490 2128 735 2199 Φαιδρὸς,
769 2132 970 2199 ριφεῑσι
996 2132 1108 2194 τοῖς
1135 2132 1276 2195 νέοις
1306 2131 1381 2194 είς
1420 2131 1508 2200 τὴν
1539 2129 1734 2198 φλόγα,
1769 2129 1782 2151 ⁶

494 2220 589 2282 Ὃς
621 2221 931 2274 ἐκτινάσσει
970 2221 1070 2290 τῆς
1094 2223 1327 2292 καμίνου
1360 2223 1458 2294 τὴν
1491 2222 1685 2294 φλόγα,

489 2311 669 2367 Μέσον
700 2312 757 2365 δὲ
787 2314 1005 2383 πνεῦμα
1037 2317 1136 2384 τῆς
1165 2315 1399 2384 καμίνου
1431 2319 1551 2366 πνεῖ
1574 2315 1764 2384 δρόσου

492 2404 674 2474 Ψί-χον
703 2421 753 2456 τι
783 2404 828 2434 ³⁰
860 2405 1090 2475 τερπνὸν
1132 2410 1224 2459 καὶ
1262 2405 1478 2477 συρίζον
1509 2408 1713 2476 ἡρέμα.

490 2496 563 2547 Τὸ
590 2494 698 2565 πῦρ
727 2495 984 2567 μερισθὲν
1011 2497 1129 2566 φῶς
1169 2500 1397 2568 παρεῖχε
1422 2499 1534 2560 τοῖς
1558 2500 1697 2560 νέοις
1725 2511 1752 2557 ⁸,

495 2587 564 2640 re.
592 2587 887 2640 καυστικὴν
920 2589 975 2640 δὲ
1009 2591 1118 2653 τοῖς
1155 2590 1418 2660 ἀνάψουσι
1453 2590 1654 2660 μόνοις,

490 2680 739 2751 Συνεϊχεν
765 2681 838 2744 ὡς
867 2682 1109 2752 θάλαμος
1132 2684 1261 2754 ἡδὺς
1283 2684 1410 2746 τοὺς
1433 2686 1606 2749 νέους,

491 2769 754 2839 Ἐφλεξεν
785 2772 962 2837 οὐδὲν,
1003 2775 1062 2826 οὐ
1104 2772 1503 2844 παρηνώχλησέ
1530 2790 1608 2838 τι,

489 2861 732 2931 Δεσμούς
766 2862 986 2929 ἔκαυσε,
1017 2863 1123 2916 τῶν
1153 2864 1357 2934 τριχῶν
1391 2865 1679 2935 ἀπέσχετο.

498 2950 623 3003 Γότε
653 2951 972 3021 κροτοῦντες
1006 2954 1244 3019 εὐσεϐῶς
1271 2955 1321 3008 οἱ
1351 2957 1496 3026 τρεῖς
1531 2955 1649 3027 ἅμα

487 3043 604 3113 Μιᾷ
635 3061 692 3097 τε
721 3043 943 3120 γλώσσῃ
975 3049 1068 3100 καὶ
1102 3050 1202 3120 μιᾷ
1235 3048 1516 3121 προθυμίᾳ

487 3135 787 3201 Ηλέκοντες
808 3133 948 3209 ἦσαν
974 3133 1146 3206 αἶνον,
1177 3141 1401 3212 ὕμνουν,
1433 3143 1713 3212 εὐλόγουν,

488 3223 647 3298 Εἶχον
675 3229 916 3300 χορείαν,
952 3227 1082 3305 ᾖδον
1112 3232 1487 3305 εὐχαριστίαν.

1756 451 2074 514 JOANNIS
2111 446 2541 509 GEOMETRE

2102 585 2146 640 Α
2181 566 2286 616 Και
2320 563 2491 615 ταῦτα
2517 561 2763 630 τερπνῶν
2785 557 3086 628 ἐξεφώνουν
3118 557 3341 628 χειλέων
3363 572 3378 586 ·

3565 440 3738 505 .1300

2191 655 2276 716 Ὠς
2311 652 2620 722 εὐλογητὸς.
2649 653 2724 715 ὼς
2752 651 3010 721 ὑμνητὸς,
3039 651 3115 713 ὠς
3143 651 3314 720 μέγας

2176 747 2308 810 Θεὸς
2336 747 2615 812 κραταιὸς,
2644 746 2846 818 Κύριος
2876 746 3306 815 παντοκράτωρί

2175 841 2306 902 Θεὸς
2331 839 2558 901 πιλαιὸς
2587 838 2695 890 τῶν
2731 837 2896 891 πάλαι
2926 837 3291 906 γεννητόρων,

2188 933 2444 1003 Ὕψηλδςς
2479 931 2645 1000 ὕψους
2671 930 2892 994 παντὸς,
2933 930 3146 984 αἰώνων
3168 928 3300 994 ἅνω,

2176 1026 2286 1079 Καὶ
2315 1025 2504 1094 κλῆσις
2531 1025 2607 1087 είς
2634 1024 2858 1094 ἄπειρον
2893 1023 3106 1076 αἰώνων
3129 1023 3303 1088 τέλος,

2177 1114 2406 1166 Νικῶσα
2437 1112 2617 1177 δόξαν,
2654 1112 2843 1182 ὕμνον,
2878 1112 3011 1181 ὕψος
3033 1113 3128 1166 καὶ
3155 1114 3365 1185 χρόνον.

2175 1205 2396 1256 Βλέπων
2426 1203 2633 1257 ἄνωθεν
2661 1207 2760 1275 τῆς
2798 1203 3037 1258 ἀϐύσσου
3069 1207 3176 1259 πᾶν
3217 1204 3380 1276 βάθος
3393 1221 3418 1241 ›’

2173 1298 2360 1366 Θρόνῳ
2395 1297 2678 1368 Χερουΰὶμ
2710 1297 3090 1368 ἐγκαθήμενος
3121 1298 3358 1367 φλέγων,

2184 1389 2273 1453 Ὠς
2304 1389 2616 1458 εὐλογητὸς,
2647 1390 2722 1453 ὼς
2752 1390 3011 1460 ὑμνητὸς,
3043 1388 3118 1453 ὡς
3147 1385 3358 1458 μέγαςί

2177 1482 2277 1532 ⁸·ον
2314 1480 2628 1548 εὐλογοῦσιν
2657 1481 2881 1551 οὐρανοὶ
2905 1480 2975 1550 γῆ
3009 1481 3103 1533 καὶ
3133 1481 3253 1542 νόες
3273 1496 3287 1510 ο

2182 1573 2272 1637 Ὠς
2307 1574 2618 1645 εὐλογητὸς,
2641 1573 2716 1639 ὡς
2741 1574 3002 1645 ὑμνητὸς,
3028 1574 3104 1638 ὡς
3129 1574 3333 1645 μέγαςι

2765 1706 2858 1777 ρο’.
2913 1709 3036 1780 ᾮδὴ
3074 1708 3157 1764 H'.

2167 1845 2248 1900 Τὰ
2286 1847 2501 1908 κτιστὰ,
2532 1847 2624 1899 τὸν
2653 1847 2916 1899 κτίσαντα
2943 1845 3180 1915 Χριστὸν
3214 1845 3446 1914 εὐλόγει,

2102 1961 2144 2018 Β
2181 1937 2431 2007 ’Υψοῦτεῃ
2460 1939 2753 2003 δοξάζοιτε,
2791 1938 2952 2008 μέχρι
2982 1936 3287 2007 τερμάτων.

2173 2034 2340 2095 Πόλος
2370 2031 2531 2097 Θεοῦ,
2566 2034 2684 2095 νόες
2709 2049 2788 2097 τε,
2814 2031 2904 2084 τὸν
2928 2030 3062 2084 Θεοῦ
3084 2031 3257 2098 Λόγον

2179 2124 2430 2194 TLL-051$,
2463 2124 2736 2190 δοξάζοιτε
2777 2124 2939 2194 μέχρι
2971 2124 3278 2193 τερμάτων.

2171 2218 2351 2270 Ἀπαν
2380 2217 2442 2270 τὸ
2467 2217 2712 2288 ρευστὸν,
2743 2219 2898 2270 πᾶσα
2927 2217 3036 2269 τῶν
3063 2219 3174 2271 άνω
3208 2212 3393 2288 φύσις,
3424 2219 3668 2292 [ὐφοῦτε]

2172 2310 2440 2379 Ἀστρων,
2468 2309 2699 2379 σελήνης
2727 2307 2943 2374 κάλλος,
2971 2309 3124 2379 ἡλίου
3150 2311 3304 2378 φάος,
3336 2311 3580 2385 [ὕψοῦτε]

2170 2402 2285 2453 Πᾶν
2309 2401 2543 2469 πνεῦμα,
2569 2403 2663 2453 καὶ
2681 2402 2786 2463 πᾶς
2808 2401 3012 2471 ὄμϐρος
3035 2402 3066 2472 ἢ
3088 2403 3235 2455 πᾶσα
3262 2403 3472 2472 δρόσος,
3495 2403 3738 2480 Ῐύψοῦτε]

2169 2492 2424 2550 Καύσων.
2449 2491 2639 2561 ψύχος,
2663 2491 2794 2562 πῦρ,
2828 2491 3015 2562 καῦμα
3039 2494 3128 2545 καὶ
3147 2493 3276 2562 φλὸξ
3300 2494 3472 2564 ἡλίου,
3497 2493 3741 2566 [ὐψοῦτε]

2167 2586 2285 2648 Φῶς
2323 2585 2413 2637 καὶ
2444 2586 2654 2649 σκότος,
2695 2585 2806 2656 πῦρ
2840 2585 2960 2654 ἡδὺ,
2999 2585 3200 2653 φέγγος
3231 2586 3465 2656 ἡμέρας,
3497 2583 3742 2657 [ὑψοῦτε]

2169 2677 2399 2746 Πάχναι,
2431 2677 2705 2746 κεραυνοῖ,
2736 2674 2933 2745 χιόνες,
2963 2676 3150 2743 πάγοι,
3185 2675 3342 2746 νέφη,
3370 2675 3613 2747 ίὺψοῦτει

2171 2769 2336 2839 Ἤρη,
2369 2769 2538 2834 λόφοι,
2568 2769 2636 2838 γῆ
2664 2769 2832 2833 πᾶσα,
2863 2770 3011 2822 πᾶσα
3041 2767 3146 2836 γῆς
3179 2769 3362 2835 φύσις,
3390 2768 3633 2840 [ὕψοῦτε]

2171 2861 2374 2932 Πηγαὶ,
2413 2860 2675 2926 θάλασσα,
2707 2861 2807 2930 τῆς
2833 2862 3004 2932 ὑγρᾶς
3029 2863 3136 2916 πᾶν
3169 2860 3374 2930 θηρίον,
3409 2859 3650 2932 [ὑψοῦτε]

2168 2953 2356 3016 Θῦται,
2390 2951 2664 3022 προφῆται
2701 2952 2794 3004 καὶ
2823 2950 3042 3024 λάτραι,
3067 2953 3346 3024 νεωκόροι,
3376 2951 3620 3025 [ὐψοῦτε]

2170 3045 2354 3114 Ψυχαὶ
2379 3043 2626 3108 δικαίων,
2653 3045 2709 3098 αἱ
2741 3046 2901 3098 πνοαὶ
2925 3045 3032 3098 τῶν
3069 3044 3361 3114 κειμένων,
3389 3043 3578 3116 [ὑψοῦ-ι
3612 3043 3631 3115 ]

2168 3138 2231 3189 Οἱ
2259 3136 2458 3200 ζῶντες
2483 3135 2684 3202 ἁγνῶς,
2721 3137 2770 3188 οἱ
2800 3136 3052 3190 ταπεινοὶ
3081 3135 3300 3205 καρδίᾳ,
3327 3134 3569 3207 [πζψοῦτε]

2181 3227 2398 3280 ’Δνανὶα
2423 3243 2483 3278 τε
2517 3225 2756 3296 Μισαὴλ,
2801 3225 3044 3298 Ἀζαρία,
3073 3223 3318 3298 [ὐψοῦτε]

489 3407 629 3461 mala
651 3407 911 3464 invadant
940 3409 1078 3465 mala
1114 3420 1442 3483 oper-antes;
1488 3413 1696 3482 operiat.
1726 3410 1916 3466 facient
1959 3425 2057 3464 eo-
2090 3417 2130 3477 ς
2162 3424 2325 3478 quam
2346 3419 2665 3478 magnusest
2682 3407 2822 3464 Deus
2841 3415 3054 3478 potens,
3079 3407 3733 3464 Dominusunivcrsorum

485 3511 607 3553 rum
630 3499 926 3568 confusio;
968 3504 1165 3558 cadant
1220 3504 1371 3558 omni
1429 3505 1682 3573 potentia:
1743 3514 1846 3558 tua:
1870 3503 1943 3570 vi,
2007 3511 2062 3558 et

485 3598 801 3646 conteratur
830 3593 1044 3648 roboris
1091 3595 1306 3649 illorum
1361 3597 1543 3650 omnis
1591 3600 1781 3651 virtus.
1844 3596 2059 3666 Cogno-

486 3686 641 3731 scant
671 3680 797 3748 quia
825 3689 878 3733 tu
907 3679 1169 3737 Dominus
1222 3682 1364 3740 Deus
1425 3686 1597 3749 solus,
1664 3686 1804 3740 Deus
1845 3696 2058 3755 potens,

489 3770 798 3826 universam
828 3787 924 3842 per
955 3781 1158 3829 terram
1191 3777 1365 3847 gloria
1391 3778 1700 3833 universus.
1775 3799 1783 3840 ι

558 3859 693 3916 Tres
715 3864 928 3932 quidem
959 3865 1186 3936 juvenes
1215 3869 1288 3922 ita
1332 3869 1419 3938 pie
1465 3870 1778 3926 cantabant.
1819 3870 1910 3940 qui
1963 3887 2059 3926 au-

488 3962 594 4008 tem
631 3954 929 4024 injuccrant
958 3958 1010 4012 in
1041 3958 1319 4015 fornacem
1347 3961 1599 4028 juvenes,
1630 3978 1737 4016 non
1774 3964 2062 4019 cessabant

490 4043 782 4100 immittere
813 4050 1068 4104 materias
1096 4053 1296 4120 quibus
1331 4052 1547 4108 ﬂamma
1587 4055 1640 4109 in
1691 4057 1861 4110 altum
1894 4073 1952 4111 se
1973 4067 2061 4112 at-

488 4136 735 4198 tollebat,
760 4137 960 4216 septies
996 4151 1054 4194 ut
1106 4142 1274 4198 turris
1334 4158 1659 4215 exsurgens.
1709 4149 2060 4220 Septuaginta

485 4227 793 4282 cubitorum
819 4229 957 4299 ignis
980 4232 1122 4288 altus
1152 4235 1420 4304 rugicbat,
1447 4239 1665 4294 ﬂamma
1693 4241 1861 4295 cﬂ‘usa
1887 4250 1970 4296 cst
2008 4253 2062 4296 et

484 4319 838 4386 circutnacm,
857 4326 1128 4380 consumit
1153 4337 1337 4382 autem
1365 4344 1556 4386 omnes
1579 4347 1716 4401 quos
1737 4334 1941 4388 circum
1975 4335 2060 4386 in-

483 4413 652 4479 vcu-it,
672 4415 798 4468 saevi
825 4417 1039 4486 tyranni
1073 4421 1320 4488 publicos
1355 4423 1638 4478 ministros
1665 4445 1678 4477 :
1707 4425 2062 4480 ctdcscendit

483 4500 579 4558 Dei
606 4506 907 4586 .aSsistens
968 4511 1238 4578 angelus;
1308 4515 1647 4584 percutitque
1700 4516 1752 4569 in
1793 4517 2057 4571 circulum

485 4595 761 4652 fornacem
789 4601 1146 4670 conspicuus,
1171 4604 1438 4662 immissis
1464 4607 1760 4677 juvenibus
1783 4609 1836 4662 in
1857 4610 2057 4677 ignem,

479 4696 537 4742 et
565 4690 771 4742 excutit
812 4690 864 4743 in
885 4691 1106 4747 fornace
1159 4694 1455 4765 ﬂammam,
1489 4703 1835 4768 mediumque
1896 4701 2057 4770 spiri-

483 4787 596 4832 tum
632 4781 684 4833 in
718 4779 943 4837 fornace
969 4784 1144 4854 spirat
1176 4788 1333 4856 quasi
1384 4792 1523 4844 roris
1552 4773 1799 4858 spiritum
1855 4792 2054 4862 jucun-

478 4872 608 4924 dum
643 4881 695 4925 et
726 4873 917 4928 leuiter
951 4875 1286 4932 sibilantem.
1321 4877 1463 4948 Ignis
1493 4880 1683 4936 divisis
1742 4882 1913 4938 lucem
1967 4884 2058 4953 ju-

481 4964 708 5018 venibus
737 4967 1013 5031 prwstitit,
1051 4968 1413 5038 ardoremque
1437 4972 1571 5026 solis
1602 4974 2052 5043 iucendentibus;

477 5053 691 5122 excepit
731 5065 786 5108 ut
818 5056 996 5111 tnollis
1025 5056 1297 5112 thalamus
1319 5059 1569 5128 juvenes,
1604 5077 1710 5116 non
1745 5077 1840 5118 cos
1898 5079 2054 5119 com-

479 5143 672 5209 bussit,
705 5161 879 5216 neque
902 5148 1202 5217 quidquam
1245 5152 1510 5220 molestia:
1565 5155 1778 5222 attulit;
1837 5157 2050 5213 vincula

477 5241 757 5306 eremavit,
789 5243 860 5294 ab
891 5258 1080 5296 eorum
1142 5245 1355 5315 capillis
1404 5247 1690 5304 abstinuit.
1753 5249 1905 5305 Tunc
1966 5252 2051 5321 pie

477 5332 802 5400 p'audentes
827 5344 936 5388 tres
959 5337 1121 5390 simul
1165 5338 1397 5406 juvenes
1449 5357 1558 5397 una
1612 5343 1794 5414 lingua
1843 5356 1895 5399 et
1925 5347 2053 5414 :uuo

478 5424 674 5476 ardore
701 5425 980 5494 conjuncti
1007 5440 1376 5487 cantaverunt
1399 5435 1632 5500 laudem,
1669 5438 1927 5507 hymnum
1958 5454 2050 5493 ce-

474 5516 747 5574 cinerunt.
777 5518 1188 5588 benedixernnt,
1217 5525 1474 5581 choream
1500 5538 1745 5598 egerunt,
1783 5533 2050 5586 actionem

476 5608 770 5677 gratiarum
791 5623 1277 5681 exprompscrunt;
1313 5625 1366 5670 et
1425 5619 1539 5673 haec
1587 5621 1848 5675 suavibus
1879 5637 1909 5676 c
1973 5623 2051 5677 Ia-

477 5700 588 5754 bris
619 5700 874 5758 dixerunt
905 5723 918 5759 :
953 5705 1127 5771 Quam
1161 5709 1501 5775 bcnedicms,
1533 5728 1696 5781 quam
1741 5713 2049 5781 laudabilis,

549 5879 589 5914 “
620 5882 846 5954 ἡργασμ
895 5884 1018 5941 cod.
1096 5887 1142 5918 ¹⁰
1176 5885 1406 5958 ψύχοντι
1437 5889 1553 5944 cod.

2086 4753 2135 4813 D

2164 3499 2272 3553 Rex
2302 3501 2314 3552 ι
2346 3500 2485 3553 Deus
2513 3500 2774 3570 antiquus
2806 3501 3156 3569 antiquorum
3179 3512 3389 3570 patrum
3415 3504 3735 3576 altissimus,

2161 3608 2324 3662 supra
2347 3595 2688 3648 altitudinem
2721 3610 2960 3661 omnem,
2985 3605 3038 3649 et
3067 3611 3230 3650 omne
3255 3596 3533 3659 sarculum,
3559 3606 3612 3649 et
3641 3615 3740 3648 no-

2162 3683 2429 3751 mencjus
2461 3684 2513 3738 in
2545 3684 2809 3739 infinitam
2856 3684 3182 3739 saeculorum
3235 3687 3452 3749 seriem,
3512 3688 3737 3753 gloriam

2161 3789 2428 3843 superans
2483 3776 2695 3830 laudem
2758 3777 3098 3830 altitudinem
3127 3787 3178 3830 et
3229 3785 3459 3845 tempus.
3500 3775 3577 3828 Ex
3628 3781 3734 3830 alto

2163 3864 2406 3920 intuetur
2459 3867 2640 3936 abyssi
2689 3867 3134 3936 profunditatem,
3199 3868 3399 3922 throno
3453 3869 3733 3921 cherubim

2162 3956 2412 4012 ﬂammeo
2436 3959 2653 4014 insidet.
2679 3957 2852 4024 Quam
2874 3958 3213 4022 benedictus,
3235 3975 3398 4028 quam
3424 3960 3734 4021 laudabilis,

2161 4067 2325 4121 quam
2348 4055 2605 4122 magnus!
2626 4070 2784 4123 quem
2810 4054 3138 4109 benedirunt
3157 4057 3301 4114 coeli,
3321 4065 3461 4108 terra
3477 4066 3527 4108 ct
3546 4070 3691 4106 mare
3715 4069 3728 4103 :

2162 4159 2326 4214 quam
2362 4144 2708 4209 benedictus,
2749 4163 2912 4216 quam
2936 4148 3240 4210 laudabilis,
3273 4164 3435 4217 quam
3461 4163 3686 4217 magnus
3715 4148 3731 4200 ι

2648 4239 2769 4293 I70.
2807 4239 3096 4294 Canticum
3133 4239 3268 4296 VIII.

2234 4326 2448 4382 Creata.
2469 4329 2785 4384 Creatorem
2818 4331 3094 4386 Christum
3115 4333 3694 4397 benedicite,exaltate
3717 4348 3734 4394 ;

2162 4417 2460 4484 glorificate
2500 4437 2672 4491 usque
2704 4423 2767 4476 ad
2795 4433 3062 4478 extrema.

2231 4510 2442 4565 Caelum
2470 4512 2580 4579 Dei,
2606 4515 2964 4586 spiritusque,
2999 4515 3166 4570 Deum
3206 4516 3441 4571 Verbum
3462 4518 3729 4586 exaltate,

2164 4601 2465 4670 glorificate
2497 4619 2667 4674 usque
2694 4607 2759 4659 ad
2783 4619 3052 4659 extrema.

2233 4693 2405 4749 Omne
2453 4694 2699 4762 ﬂuidum,
2729 4698 2910 4753 omnis
2947 4714 3179 4768 superna
3218 4707 3436 4765 natura,
3465 4702 3735 4762 exaltate:

2161 4793 2455 4848 astrorum.
2484 4787 2624 4843 luna:
2659 4791 3021 4858 pulchritudo,
3058 4792 3189 4846 solis
3239 4792 3442 4858 lumen,
3465 4795 3734 4857 exaltate;

2164 4876 2343 4930 omnis
2365 4878 2609 4946 spiritus.
2651 4881 2832 4935 omnis
2877 4881 3069 4944 imber.
3094 4883 3272 4938 omnis
3317 4898 3426 4949 ros,
3463 4885 3733 4949 exaltate;

2157 4985 2344 5033 aestus,
2377 4971 2565 5038 frigus,
2599 4972 2760 5043 ignis,
2779 4973 2930 5028 calor
2959 4982 3008 5028 et
3036 4973 3248 5028 ﬂamma
3277 4974 3430 5040 solis,
3459 4975 3734 5040 exaltate;

2157 5059 2246 5114 lux
2269 5072 2323 5116 et
2340 5066 2592 5127 tenebrag
2612 5065 2851 5132 jucunde
2874 5066 3154 5135 ignisdiei,
3170 5066 3444 5135 splendor,
3469 5067 3733 5132 exaltate;

2156 5155 2376 5224 glacies,
2394 5154 2640 5222 fulmina,
2655 5160 2826 5225 nives,
2844 5159 2985 5229 gelu,
3011 5160 3206 5223 nubes,
3220 5158 3730 5226 exaltate;montes,

2161 5248 2351 5314 colles,
2391 5249 2570 5303 omnis
2595 5260 2760 5309 terra.
2793 5251 2972 5305 omnis
3020 5259 3178 5304 terra:
3203 5259 3427 5316 natura,
3461 5252 3733 5318 exaltate;

2163 5338 2359 5400 fontes,
2397 5355 2565 5405 mare,
2595 5357 2859 5411 aquarum
2886 5338 3068 5396 omnia
3100 5343 3420 5410 animantia,
3452 5343 3730 5408 exaltate;

2163 5437 2502 5496 sacerdotes,
2537 5435 2814 5503 prophetae
2842 5441 2895 5488 et
2931 5433 3142 5500 famuli,
3175 5434 3417 5496 neocori,
3448 5435 3688 5488 exaltate
3717 5451 3734 5498 ;

2162 5523 2359 5578 anima:
2412 5523 3298 5596 justorum,spiritusjaoentium,
3335 5526 3604 5587 cxaltate;
3641 5527 3734 5594 qui

2158 5619 2340 5674 vivitis
2390 5617 2559 5685 caste,
2611 5623 2702 5691 qui
2749 5621 2914 5678 corde
2989 5623 3222 5678 humiles
3254 5623 3405 5688 estis,
3453 5620 3732 5685 exaltate;

2164 5710 2395 5778 Auania,
2423 5710 2628 5780 Misacl,
2659 5713 2875 5778 Azaria,
2911 5716 3164 5774 exaltate.

2438 5891 2512 5923 νει,
