4044 6600
342 439 473 506 1001

1654 427 2005 492 CARMINA
2033 426 2297 493 VABIA.

3464 422 3600 485 1009.

335 559 531 630 Στίφος
559 553 877 629 προφητῶν,
911 551 1227 625 μαρτύρων,
1251 547 1566 605 ἀποστόλων
1594 546 1844 619 [ὑψοῦτε]
1945 559 1991 607 Α
2020 544 2301 607 Γλώσσαις
2330 538 2653 613 προφητῶν,
2675 539 3031 613 πατριαρχῶν
3057 538 3356 612 μακρόθεν,

334 653 440 706 Τὸν
466 648 664 711 Φύντα,
686 645 779 699 τὸν
807 644 1073 708 Φανέντα,
1098 642 1350 711 Πνεῦμα,
1376 641 1446 694 τὰ
1471 639 1619 710 τρία,

333 736 430 805 Εἷς
459 738 687 807 Κύριος,
722 734 977 805 σέὁοιμεν
1010 734 1067 786 ἓν
1098 735 1193 787 καὶ
1215 732 1276 785 τὸ
1298 732 1521 804 κράτος,

328 826 445 881 Νῦν
473 826 566 878 καὶ
594 825 725 896 πρὶν
752 823 847 877 καὶ
869 824 951 885 εἰς
971 823 1173 884 αἰῶνας
1195 819 1429 876 αἰώνων.
1473 820 1669 890 Ἀμήν.

332 950 470 1015 ροα⁹.
519 940 644 1013 ᾭῖὴ
674 938 751 993 Θ’.
784 969 854 981 —-
898 936 1374 1063 ’ῼδηίὲἒὲἰζδρου
1407 933 1913 1005 Μητροπαρθένου

1103 1025 1232 1080 ρης·

328 1106 511 1177 Ψυχὴ.
549 1105 781 1176 σέμνυνε
811 1101 1114 1172 Δεσπότην,
1146 1099 1207 1154 τὸ
1235 1098 1453 1170 πνεῦμά
1506 1115 1608 1169 μου

341 1197 618 1266 ’Δγαλλία,
650 1196 864 1267 χόρευε,
900 1195 1057 1265 χαῖρε
1085 1192 1178 1247 καὶ
1199 1191 1405 1263 κρότει.

341 1291 553 1345 Ἐπείδε
583 1288 678 1344 καὶ
713 1288 823 1360 γὰρ
856 1287 1058 1357 Κύριος
1089 1284 1226 1356 πρὸς
1261 1284 1361 1353 τὴν
1389 1282 1601 1352 λάτριν,

329 1384 440 1437 Καὶ
468 1382 569 1454 τὴν
593 1379 859 1450 ταπεινὴν
894 1374 1025 1453 ᾖρεν
1054 1376 1134 1441 εἰς
1174 1375 1306 1446 ὕψος
1343 1374 1519 1445 μέγα·

330 1474 556 1529 Τέθεικε
587 1473 775 1543 Θαῦμα
808 1472 906 1542 τῆς
932 1471 1060 1541 ὅλης
1084 1468 1410 1538 οἰκουμένης
1435 1483 1449 1497 ⁸

341 1565 439 1619 ’1⁵δέ
467 1563 674 1627 κλεῖζει
706 1564 814 1617 πᾶν
847 1562 1002 1630 γένος
1032 1575 1119 1630 με,
1156 1559 1268 1612 πᾶν
1297 1556 1486 1619 ἔθνοςο

332 1656 585 1726 Μέγιστά
620 1673 712 1727 μοι
745 1654 974 1726 δέδρακε
1015 1652 1109 1705 καὶ
1135 1649 1373 1721 κρείττω
1409 1648 1570 1716 λόγου

332 1741 407 1801 Οῦ
437 1748 587 1813 δόξα,
621 1747 837 1816 κλῆσις,
870 1740 1050 1806 οἶκτος
1089 1742 1191 1796 οῦκ
1225 1740 1365 1812 ἔχων
1387 1740 1532 1813 ὅρον.

336 1840 579 1906 Ἔδειξεν
610 1839 744 1909 ἡμῖν
777 1837 840 1890 τὸ
865 1834 1065 1907 κράτος
1095 1834 1420 1906 βραχιόνων.
1472 1876 1473 1879 η

332 1927 458 1985 Είλε
484 1930 753 1993 δυνάστας
783 1929 849 1983 ἐκ
879 1928 1108 2000 θρόνων,
1140 1927 1237 1983 καὶ
1257 1926 1380 1989 τοὺς
1413 1925 1563 1978 κάτω

338 2022 593 2094 Ὕψωσεν
622 2024 688 2076 ἐκ
716 2021 842 2093 γῆς,
874 2019 1141 2091 ἐξέπλησε
1170 2018 1445 2089 γαστέρας

333 2115 493 2187 Λιμῷ
526 2115 810 2179 τακείσας,
842 2112 1062 2184 ἐξέτηξε
1094 2111 1195 2182 τὴν
1224 2110 1383 2180 ὓϐριν
1408 2124 1421 2137 '

334 2210 443 2263 Τοῦ
469 2207 657 2271 παιδὸς
682 2205 971 2276 ἀντίληψις
1012 2204 1230 2275 Ἰσραὴλ
1263 2203 1390 2274 ἔφυ,

334 2300 536 2365 Καθὼς
557 2301 786 2370 προεῖπε
815 2301 929 2363 τοῖς
959 2297 1213 2361 παλαιοῖς
1244 2296 1509 2366 πατράσι,

335 2394 478 2467 Πρὸς
524 2392 781 2466 Ἀϐραάμ
811 2409 874 2446 τε
908 2390 1005 2445 καὶ
1039 2391 1258 2462 σεμνοῖς
1300 2388 1675 2461 Ἀδραμίδαις.

446 2509 578 2582 ροβ’.
612 2508 911 2579 Ζαχαρίου
942 2503 1247 2577 θέσπισμα
1284 2504 1383 2561 καί
1434 2504 1805 2575 χρησμῳδία.

344 2616 429 2680 '0,-
458 2616 768 2689 εὐλογητὸς,
820 2614 1057 2688 Ἰσραὴλ,
1091 2618 1119 2670 ὁ
1159 2616 1457 2686 Δεσπότης.

335 2703 431 2771 Οἷς
466 2708 713 2778 εὐμενῶς
746 2711 956 2763 ἐπεῖδεν
981 2708 1217 2771 οἰκείους
1248 2708 1473 2778 λάτρας,

337 2800 448 2854 Καὶ
478 2798 670 2863 παιδὸς
694 2798 829 2871 οἴκῳ
865 2799 1027 2852 Δαυῖδ
1057 2799 1249 2870 ἤγειρε
1284 2799 1454 2871 κέρας

335 2892 545 2947 Δέδωκε
574 2892 668 2947 καὶ
692 2892 966 2965 λύτρωσιν
989 2891 1198 2962 αὐτοῖς,
1233 2894 1308 2957 ὡς
1330 2891 1438 2962 ἔφη

408 3046 624 3105 Cohors
683 3048 1103 3120 prophetarum,
1154 3062 1482 3124 martyrum,
1513 3051 1913 3123 apostolorum,

335 3143 569 3198 exaltate
595 3141 931 3210 Genitorem,
957 3141 1235 3209 Genitum,
1263 3145 1550 3216 Spiritum,
1585 3155 1717 3210 tres,
1746 3159 1913 3198 unum

339 3230 657 3297 Dominum,
683 3232 980 3289 adoramus
1004 3249 1166 3288 unam
1188 3251 1408 3307 quoque
1430 3238 1750 3309 potentiam,
1779 3252 1925 3291 nunc
1948 3212 1995 3276 Ο

337 3334 393 3379 et
414 3325 562 3394 prius
587 3334 645 3380 et
681 3323 738 3379 in
764 3323 966 3380 saecula
991 3326 1340 3384 saeculorum.
1371 3328 1565 3383 Amen.

340 3459 462 3514 171.
510 3458 803 3516 Canticum
859 3458 952 3514 1X.
1006 3459 1125 3542 Dei.
1157 3462 1386 3517 hominis
1442 3462 1636 3518 Matris
1685 3462 1919 3538 Virginis

981 3540 1273 3585 canticum.

981 3546 1273 3587 canticum.

416 3664 636 3731 Anima,
662 3664 947 3738 magniﬁca
961 3664 1277 3735 Dominum;
1298 3667 1523 3739 spiritus
1542 3685 1719 3735 meus,
1744 3669 1923 3726 exsul-

338 3748 416 3826 ta,
439 3759 599 3824 salta,
627 3757 816 3815 laetare
833 3768 887 3815 et
907 3759 1125 3829 plaude;
1149 3764 1391 3833 respexit
1407 3763 1551 3818 enim
1571 3763 1840 3820 Dominus
1866 3764 1919 3818 in

338 3854 615 3923 ancillam,
636 3863 693 3911 et
726 3853 987 3909 humilem
1009 3855 1184 3911 erexit
1225 3856 1280 3910 in
1312 3872 1590 3912 summum
1619 3856 1919 3927 fastigium.

340 3945 656 4015 Prodigium
694 3946 888 4003 statuit
937 3945 1199 4003 universo
1238 3948 1383 4014 orbi,
1410 3963 1541 4004 ecce
1581 3950 1795 4005 invocat
1834 3964 1923 4004 me

339 4039 525 4094 omnis
566 4055 721 4111 gens,
747 4039 929 4095 omnis
964 4039 1221 4109 populus.
1246 4037 1486 4095 Maxima
1530 4038 1657 4096 fecit
1694 4040 1825 4096 mihi
1869 4048 1925 4095 et

340 4145 593 4186 sermone
616 4131 1187 4203 prmstantiora,cujus
1211 4132 1407 4202 gloria,
1439 4146 1636 4187 nomen
1660 4171 1676 4197 ,
1709 4131 1927 4186 miseri-

342 4222 525 4277 cordia
556 4238 665 4277 non
700 4223 904 4281 habent
932 4225 1182 4282 limitem.
1210 4226 1463 4284 Ostendit
1495 4225 1654 4282 nobis
1673 4224 1926 4281 brachio-

346 4327 471 4367 rum
508 4315 833 4384 potentiam,
860 4317 1138 4390 principes
1180 4333 1212 4375 ο
1246 4318 1445 4375 throno
1471 4317 1689 4389 deiecit,
1724 4326 1781 4373 et
1831 4317 1928 4373 dea

341 4404 517 4474 jectos
547 4421 579 4462 e
621 4415 763 4462 terra
807 4409 1034 4478 extulit;
1064 4411 1311 4482 implevit
1348 4419 1567 4467 ventres
1611 4408 1757 4466 fame
1791 4424 1926 4465 con-

345 4506 622 4569 sumptos,
686 4500 1051 4569 opprobrium
1082 4503 1305 4559 exemit.
1331 4501 1568 4558 Puerum
1595 4500 1760 4557 lsrael
1795 4516 1923 4557 sus-

2034 635 2281 707 Ἐχθρῶν
2308 634 2616 706 παρασχεῖν
2640 632 2924 704 δυσμενῶν
2948 633 3247 704 σωτηρίαν,

2024 723 2219 782 Οἰκτον
2243 726 2513 781 τεκόντων
2533 742 2548 757 σ
2579 725 2673 780 καί
2695 742 2755 778 τε
2789 727 3093 797 μνησθῆναι
3120 726 3318 795 λόγων,

2027 821 2232 891 Ὄρκου
2265 818 2311 873 θ’
2336 819 2395 873 ὃν
2427 812 2581 871 εἶπεν
2622 817 2875 888 Ἀϐραὰμ
2902 817 3085 871 δοῦναι
3112 819 3294 885 πάλιν,

2036 910 2338 983 Ῥυσθεῖσιν
2372 913 2502 981 ἡμῖν
2531 910 2712 982 χειρὸς
2739 910 2798 974 ἐξ
2822 909 3103 973 ἐναντίων,

2023 1002 2183 1073 Αὐτῷ
2210 1003 2493 1073 λατρεύειν
2532 1004 2625 1056 καὶ
2658 1003 2806 1073 μόνῳ
2836 1001 2983 1072 ζωῆς
3012 1001 3256 1072 χρόνους.

2023 1094 2096 1145 Σὺ
2117 1093 2174 1145 δὲ
2197 1094 2503 1164 προφήτης,
2530 1094 2760 1159 παιδίον,
2800 1092 2936 1146 θεοῦ
2961 1096 3116 1165 γένῃ,

2027 1184 2135 1237 Καὶ
2159 1184 2265 1255 πρὸ
2293 1185 2587 1256 προσώπου
2622 1185 2944 1257 προσδραμῇ
2974 1184 3068 1238 τοῦ
3099 1185 3302 1257 Κυρίου

2024 1275 2221 1340 Δίθους
2244 1276 2446 1347 διᾶραι,
2478 1275 2576 1340 τὰς
2605 1277 2756 1341 ὁδοὺς
2789 1259 3095 1347 ἑτοιμασαι,

2023 1367 2232 1422 Γνῶσεν
2257 1385 2315 1422 τε
2348 1368 2532 1423 δοῦναι
2566 1371 2700 1423 πᾶσι
2722 1371 2820 1439 τῆς
2844 1370 3143 1440 σωτηρὲας.

2025 1462 2235 1533 Λύτρον
2265 1462 2332 1515 δι’
2366 1458 2548 1516 οἶκτον
2569 1464 2928 1532 πταισμάτων
2956 1464 3270 1534 εύρηκόσιν.

2037 1555 2126 1608 Ἐν
2151 1549 2232 1619 οἷς
2264 1554 2462 1620 ἰδόντες
2486 1556 2535 1608 οἰ
2568 1555 2871 1625 καθήμενοι
2897 1556 3079 1609 σκότει

2038 1647 2378 1719 Ἐπισκοπῆς
2410 1647 2527 1719 φῶς
2551 1646 2749 1716 ὑψόθεν
2777 1647 3103 1716 διαυγάσαν,

2029 1740 2199 1804 Πόδας
2228 1739 2649 1809 κατευθύνωμεν
2678 1738 2757 1802 εἰς
2783 1737 2931 1802 θείας
2957 1738 3196 1809 τρίϐους.

2760 1859 2894 1925 ρογ’.

1952 1973 1991 2026 Β
2024 1969 2292 2039 Παντοίην
2325 1966 2522 2039 βιότοιο
2551 1968 2748 2040 τάμοις
2776 1968 2963 2040 τρίϐον
2988 1985 3003 1999 ο
3038 1970 3117 2022 εἰν
3141 1970 3314 2039 ἀγορῇ
3347 1969 3447 2040 μὲν

2093 2061 2275 2116 Κύδεα
2305 2061 2402 2117 καὶ
2431 2062 2671 2133 πυνητὸν
2696 2062 2740 2093 ²⁹
2769 2061 3000 2135 πρήξιες
3025 2079 3038 2092 ·
3073 2064 3131 2115 ἐν
3173 2060 3230 2115 δέ
3252 2062 3438 2132 δόμοις

2026 2153 2318 2223 Ἀμπαυμ⁹
2335 2166 2349 2180 ·
2379 2154 2437 2205 ἐν
2462 2152 2507 2205 δ’
2530 2154 2723 2224 ἀγροῖς
2746 2153 2939 2224 φύσιος
2964 2153 3125 2225 χάρις
3149 2169 3162 2183 '
3190 2154 3248 2208 ἐν
3273 2151 3333 2207 δὲ
3363 2152 3605 2224 θαλάσση

2091 2248 2325 2317 Κέρδος’
2367 2247 2460 2300 ἐπὶ
2487 2246 2668 2319 ξένης,
2692 2246 2761 2317 ἢν
2797 2246 2897 2315 μὲν
2939 2245 3068 2316 ἔχῃς
3098 2262 3174 2309 τι,
3206 2244 3361 2308 κλέος
3386 2259 3401 2273 ·

2021 2341 2123 2394 Ἢν
2167 2338 2211 2392 δ’
2266 2339 2498 2409 ἀπορῇς,
2553 2338 2714 2407 μόνος
2766 2335 2933 2401 οἶδας.
2968 2336 3153 2407 Ἔχεις
3195 2336 3407 2407 γάμον;
3460 2331 3608 2397 οἶκος

3290 2426 3534 2499 [ἄριστος

2101 2520 2344 2574 Ἔσεται.
2386 2519 2460 2573 Οὐ
2499 2519 2761 2590 γαμέεις;
2799 2520 2898 2591 ζῇς
2932 2519 3008 2573 ἔτ’
3049 2519 3432 2590 ἐλαφρότερος.

2022 2616 2224 2677 Τέκναν
2247 2613 2412 2676 πόθος
2434 2628 2447 2645 ’
2481 2612 2739 2683 ἄφροντις
2768 2612 2939 2676 ἄπαις
2970 2611 3084 2683 βίος
3104 2628 3119 2643 ⁸
3162 2612 3219 2665 αἱ
3251 2611 3509 2682 νεότητες

2102 2706 2434 2776 Ῥωμαλέαι,
2463 2705 2649 2760 πολιαί
2677 2705 2721 2758 δ’
2744 2704 2983 2775 ἔμπαλιν
3016 2704 3289 2767 εύσεδέες.

2020 2802 2136 2853 Οὐκ
2164 2800 2274 2869 ἄρα
2304 2799 2415 2853 τῶν
2438 2798 2640 2853 δισσῶν
2674 2799 2835 2870 μόνον
2866 2800 2909 2830 ⁸⁸
2940 2799 3175 2870 αἵρεσις,
3205 2798 3237 2869 ἢ
3268 2798 3329 2851 τὸ
3355 2796 3610 2867 γενέσθαι

2091 2891 2387 2961 Μηδέποτ⁹,
2423 2891 2457 2963 ἥ
2488 2891 2548 2945 τὸ
2577 2890 2761 2945 θανεῖν
2785 2907 2801 2924 ο
2844 2891 3025 2945 πάντα
3060 2890 3170 2961 γὰρ
3202 2889 3369 2945 ἐσθλὰ
3393 2889 3536 2960 βίου.

2028 3050 2507 3121 patriarcharum;
2555 3048 2785 3105 salutem
2836 3047 3205 3118 prmstiturum
3249 3047 3319 3103 ab
3374 3047 3612 3104 inimicis

2003 3140 2279 3210 pessimis
2303 3150 2519 3211 patrum
2552 3140 2878 3196 miseratum
2915 3157 2929 3194 :
2957 3150 3011 3196 et
3033 3140 3453 3196 recordaturum
3484 3155 3608 3194 vcr-

2029 3232 2246 3298 horum,
2273 3231 2780 3304 jusjurandumque
2829 3235 2976 3305 quod
3002 3232 3210 3304 juravit
3237 3234 3305 3289 ad
3329 3234 3607 3289 Abraham

2022 3324 2280 3379 daturum
2308 3325 2508 3380 iterum
2545 3325 2704 3381 nobis
2732 3325 2981 3381 liberatis
3002 3340 3033 3382 e
3058 3325 3315 3381 manibus
3357 3326 3609 3381 inimico-

2023 3432 2172 3482 rum,
2202 3426 2264 3473 ut
2292 3416 2368 3473 illi
2398 3416 2709 3473 serviamus
2748 3417 2849 3473 soli
2894 3426 3011 3473 toto
3052 3418 3176 3473 vita:
3230 3427 3496 3488 tempore.
3526 3416 3607 3472 Tu

2022 3517 2240 3574 autem,
2288 3522 2445 3579 puer,
2478 3508 2743 3579 propheta
2798 3508 2892 3563 Dei
2928 3508 3026 3564 lies
3050 3546 3065 3574 ,
3120 3518 3176 3565 et
3227 3508 3449 3579 prasibis
3484 3517 3610 3563 ante

2024 3599 2222 3656 faciem
2284 3600 2496 3656 Domini
2541 3600 2748 3671 lapides
2806 3600 3042 3663 auferre,
3091 3601 3211 3655 vias
3260 3614 3606 3671 prmparare,

2023 3688 2269 3759 dareque
2311 3690 2569 3747 omnibus
2622 3691 2907 3747 scientiam
2960 3692 3180 3757 salutis,
3223 3691 3603 3745 remissionem

2024 3792 2373 3852 peccatorum
2417 3798 2519 3854 per
2552 3783 2988 3840 misericordiam
3034 3784 3473 3849 invenientibus;
3515 3783 3608 3837 uhi

2025 3872 2273 3930 videntes
2300 3889 2429 3940 nos,
2449 3875 2543 3945 qui
2576 3876 2633 3931 in
2669 3876 2909 3933 tenebris
2931 3876 3281 3943 sedebamus,
3316 3876 3611 3947 vigilantiae

2024 3963 2201 4021 lucem
2251 3969 2541 4023 desursum
2590 3968 2996 4049 splendentem,
3021 3970 3187 4039 pedes
3217 3969 3520 4039 dirigamus
3550 3968 3606 4023 in

2025 4057 2143 4112 vias
2173 4057 2409 4115 divinas.

2750 4199 2873 4253 175.

2105 4328 2462 4401 Multiplicem
2514 4332 2641 4389 vitae
2687 4332 2938 4389 semitam
2992 4332 3334 4404 distinguere
3378 4345 3507 4391 est:
3553 4336 3607 4390 in

2032 4418 2153 4477 foro
2203 4422 2442 4477 honores
2494 4432 2549 4479 et
2604 4424 2903 4495 prudentes
2942 4424 3218 4491 actiones;
3263 4426 3314 4479 in
3360 4425 3611 4480 domibus

2031 4520 2213 4567 autem
2266 4514 2538 4581 cessatio;
2593 4514 2647 4569 in
2681 4516 2828 4586 agris
2862 4518 3319 4587 naturmlgratia;
3357 4518 3411 4571 in
3472 4519 3612 4573 mari

346 4590 509 4659 cepit,
528 4589 683 4680 sicut
709 4590 928 4647 locutus
950 4600 1036 4648 est
1068 4594 1310 4664 antiquis
1352 4594 1623 4664 patribus,
1648 4594 1922 4649 Abraham
1957 4602 2002 4660 ι)
2034 4602 2285 4669 lucrum;
2317 4605 2371 4659 in
2418 4614 2563 4661 rem
2606 4606 2808 4671 aliena,
2839 4604 3112 4679 siquidem
3159 4607 3327 4663 habes
3374 4608 3610 4680 aliquid,

345 4686 402 4732 et
452 4678 734 4734 nobilibus
763 4680 1040 4736 Abraham
1066 4682 1216 4737 (iliis.

348 4773 472 4829 172.
509 4772 791 4830 ΖαεΙιανὶιε
824 4776 1104 4831 oraculum
1142 4788 1193 4833 et
1239 4779 1599 4849 propheticum
1630 4780 1923 4835 canticum.

415 4865 592 4932 Quam
621 4866 962 4935 benedictus,
1006 4868 1192 4936 Israel,
1232 4880 1318 4926 est
1343 4870 1626 4933 Dominus.
1651 4871 1778 4941 quia
1817 4872 1927 4926 cle-

348 4969 561 5014 menter
587 4962 829 5032 respexit
866 4962 920 5017 in
944 4978 1076 5019 suos
1120 4979 1332 5029 servos,
1357 4972 1411 5018 et
1438 4964 1594 5034 pueri
1636 4964 1721 5018 sui
1764 4964 1930 5019 David

2033 4696 2268 4767 inclytus
2309 4698 2448 4766 erit;
2479 4699 2524 4755 si
2566 4715 2774 4771 pauper
2803 4716 2886 4765 es,
2915 4701 3068 4756 solus
3110 4700 3277 4756 nosti.
3324 4700 3616 4772 Nupsisti?

2029 4787 2225 4844 domus
2246 4790 2444 4847 nobilis
2467 4793 2571 4848 erit
2592 4810 2607 4860 ;
2629 4808 2735 4847 non
2756 4793 3027 4864 nupsisti?
3046 4794 3214 4848 levior
3235 4794 3415 4849 adhuc
3444 4794 3612 4849 viws.

2034 4878 2215 4936 Liberi
2241 4882 2419 4939 dulcis
2448 4899 2635 4951 amor;
2667 4885 2788 4942 sine
2825 4886 3015 4941 liberis
3034 4886 3142 4940 vita
3178 4886 3393 4956 quieta;
3422 4887 3617 4955 juven-

2036 4981 2123 5028 tus
2176 4974 2423 5041 robusta,
2462 4978 2586 5031 cani
2640 4993 2671 5033 e
2715 4988 2907 5035 contra
2952 4979 3025 5049 pii
3082 4979 3277 5051 magis.
3322 4977 3439 5033 Non
3485 4993 3619 5049 ergo

444 5051 611 5107 domo
694 5067 866 5108 00""!
917 5055 1092 5110 θΐθιίι
1122 5056 1136 5109 ῑ
1186 5055 1334 5111 dedit
1370 5055 1534 5111 etiam
1580 5054 1935 5111 δειναῑῖοιιθῐη
2037 5066 2271 5122 duorum
2304 5067 2481 5123 solum
2513 5069 2709 5126 electio
2741 5071 2994 5137 habetur,
3020 5072 3105 5127 vel
3138 5087 3417 5142 nunquam
3449 5072 3620 5126 exsti-

351 5139 481 5210 ίΠίει
511 5150 572 5197 ιιι
593 5142 733 5198 dixit
757 5158 853 5214 per
890 5144 1106 5217 linguas
1142 5147 1556 5218 prophetarum.
1587 5147 1938 5220 antiquorum
2041 5158 2196 5224 tisse,
2228 5158 2313 5214 vel
2348 5159 2522 5227 mori;
2548 5175 2673 5217 nam
2691 5161 2875 5218 omnia
2912 5161 2966 5218 in
2998 5161 3105 5217 vita
3137 5139 3452 5217 sunt—bona.

422 5319 468 5354 "
496 5318 630 5394 Leg.
662 5324 910 5381 πινυταί.
987 5326 1032 5357 ¹²
1061 5326 1241 5398 μόνων
1270 5326 1396 5384 cod.

724 5970 992 6032 PATBOL.
1038 5974 1154 6035 Gn.
1189 5975 1349 6038 CVI.

3235 5978 3310 6041 32
