4044 6586
447 426 3708 479 FM—

1745 630 2028 681 JNBUNTE
2070 630 2324 675 δεουιο
2369 630 2434 675 Χ.

1034 841 1889 1031 COSMAS
2036 841 3133 1033 VESTITOR

1806 1313 2318 1411 NOTITIA

1406 1512 1532 1577 (Cas.
1559 1511 1715 1563 Ouum
1742 1512 1811 1567 De
1842 1508 2016 1575 script.
2049 1509 2241 1572 eccles.,
2268 1516 2384 1561 tom.
2421 1510 2481 1572 ll,
2506 1511 2599 1561 col.
2636 1510 2767 1575 400.)

523 1820 758 1876 Cosmas
793 1817 1061 1887 Vestitor,
1099 1818 1322 1876 natione
1357 1818 1606 1884 Graecus,
1636 1818 1691 1874 in
1716 1820 1841 1875 aula
1866 1818 2473 1891 Constantinopolitana
2523 1819 2665 1875 inter
2687 1817 2897 1890 primos
2939 1819 3157 1881 enituit,
3186 1833 3249 1874 ea
3289 1824 3447 1873 a'tate
3476 1832 3581 1888 qua
3613 1818 3720 1872 im-

455 1910 669 1982 perium
712 1907 992 1962 Orientale
1038 1922 1164 1963 cum
1201 1908 1373 1979 gloria
1400 1918 1454 1965 et
1489 1909 1649 1964 laude
1708 1908 1819 1965 Leo
1859 1908 1929 1964 VI
1964 1910 2288 1980 imperator,
2328 1920 2701 1980 cognomento
2734 1907 2955 1978 Sapiens
2991 1917 3046 1965 et
3077 1906 3449 1978 Philosophus,
3482 1908 3722 1962 admini-

453 1998 683 2054 strabat.
719 1995 912 2050 Dictus
950 1994 1181 2049 Vestitor
1232 2011 1327 2051 seu
1360 1996 1640 2071 Βέστητορ
1675 1999 1815 2068 apud
1866 1998 2086 2055 Graecos
2138 1999 2316 2056 aetatis
2340 1998 2647 2071 sequentis,
2677 1999 2823 2069 quod
2852 1998 2956 2055 sub
2979 1998 3313 2068 imperatore
3343 1998 3451 2051 isto
3478 1995 3719 2051 oliieium

454 2080 720 2135 restitoris
747 2093 842 2133 seu
883 2080 1291 2149 prolovestiarii
1324 2080 1509 2136 nobile
1534 2081 1831 2147 obtineret,
1865 2082 2026 2153 cujus
2092 2098 2275 2157 partes
2310 2098 2466 2144 crant
2518 2097 2580 2144 ut
2631 2088 2736 2159 ipsi
2792 2086 3114 2158 imperatori
3150 2086 3436 2143 vestienda
3482 2087 3721 2152 adesset,

453 2184 520 2224 ac
552 2167 799 2224 vestibus
854 2166 1235 2236 imperialibus
1279 2175 1395 2222 tum
1445 2170 1855 2240 comparandis,
1886 2180 2000 2226 IIIm
2027 2176 2406 2233 custodiendis
2432 2176 2725 2247 praal'ectus
2744 2184 2910 2232 esset.
2940 2174 3099 2243 (Vide
3126 2173 3418 2245 Georgium
3442 2172 3716 2227 Codinum

450 2255 819 2326 Curopalaten
858 2254 913 2308 in
949 2252 1090 2309 libro
1118 2253 1194 2308 De
1228 2254 1538 2325 oﬁicialibus
1569 2256 1762 2326 palatii
1796 2255 1933 2325 CP.,
1965 2259 1991 2314 1
2024 2275 2148 2332 cap.
2183 2264 2219 2319 2
2239 2274 2293 2321 et
2315 2265 2391 2336 5.)
2430 2264 2670 2321 Etatem
2693 2265 2841 2321 illius
2867 2263 3155 2335 scriptoris
3183 2271 3469 2318 assecutus
3501 2275 3623 2317 sum
3652 2276 3721 2317 ex

457 2350 747 2417 Anonymo
775 2344 871 2415 qui
910 2342 1089 2399 Vitam
1119 2344 1547 2401 sanctiJoannis
1587 2344 1958 2419 Chrysostomi
1986 2364 2050 2407 ex
2076 2352 2312 2410 diversis
2341 2354 2660 2411 auctoribus
2684 2352 3017 2423 censeripsit
3037 2351 3185 2409 circa
3216 2367 3421 2411 annum
3452 2350 3580 2415 950,
3618 2352 3719 2411 all-

453 2449 663 2509 quanto
724 2446 852 2508 post
903 2434 1251 2493 Constantini
1299 2439 1766 2515 Porphyrogeniti
1820 2450 2089 2517 tempora,
2140 2458 2305 2512 quem
2356 2441 2572 2514 profert
2598 2441 2871 2497 Henricus
2918 2440 3158 2496 Savilius
3192 2439 3510 2519 ineditione
3533 2439 3717 2497 Cra-ca

455 2532 695 2601 Operum
747 2531 812 2586 D.
840 2530 1071 2587 Joannis
1136 2528 1519 2599 Cltrysostomi
1583 2530 1831 2584 omnium
1869 2529 2044 2603 (tomo
2089 2528 2223 2597 VIII,
2257 2545 2379 2601 pag.
2413 2529 2567 2600 295),
2601 2528 2789 2583 Etonre
2814 2526 2978 2583 facta.
3010 2527 3242 2598 Collegit
3278 2527 3367 2583 hic
3397 2527 3719 2599 Anonymus

469 2620 646 2675 Vitam
679 2618 1046 2689 Chrysoslomi
1080 2633 1143 2673 ex
1197 2617 1561 2687 scriptoribus
1591 2617 1781 2689 viginti
1813 2618 2237 2688 antiquioribus,
2270 2633 2503 2687 quorum
2545 2617 2852 2688 catalogum
2910 2616 3061 2687 operi
3094 2630 3197 2672 suo
3241 2615 3398 2686 juxta
3454 2617 3717 2671 rationem

458 2720 764 2779 temporum
797 2706 1099 2777 praemittit,
1130 2716 1297 2775 atque
1332 2721 1439 2759 una
1472 2706 1622 2761 velut
1651 2706 1897 2776 ejusdem
1928 2707 2215 2777 temporis,
2241 2706 2489 2761 Cosmum
2521 2704 2836 2761 Vestitorem
2858 2705 2982 2760 loco
3007 2705 3222 2760 decimo
3248 2715 3469 2776 quarto,
3497 2704 3717 2759 Leonem

456 2798 828 2866 imperatorem
863 2795 989 2853 loco
1019 2793 1236 2849 decimo
1262 2793 1474 2862 quinto,
1508 2792 1601 2862 qui
1633 2793 1798 2849 ambo
1826 2793 1893 2848 de
1913 2793 2294 2865 Chrysostomi
2322 2794 2578 2850 laudibus
2612 2803 2736 2849 ante
2776 2808 2835 2849 se
2860 2801 3105 2863 egerant,
3139 2793 3424 2863 conjungit
3459 2794 3558 2860 (a).
3587 2796 3718 2845 (Iunt

459 2886 642 2954 itaque
672 2882 783 2938 Leo
819 2882 1143 2954 imperator,
1185 2881 1421 2952 Sapiens
1459 2881 1659 2945 dictus,
1708 2881 1910 2937 multas
1937 2882 2194 2938 bomilias
2225 2889 2280 2938 et
2303 2882 2555 2936 encomia
2587 2882 2640 2936 in
2674 2881 2887 2935 laudem
2915 2889 3233 2936 sanctorum
3261 2894 3427 2951 atque
3454 2880 3718 2936 festorum

457 2984 512 3026 et
537 2972 949 3027 solemnitatum
980 2968 1237 3025 Ecclesizc
1274 2984 1339 3024 ex
1374 2979 1500 3024 ante
1525 2969 1689 3026 dictis
1714 2970 2045 3044 collegisset,
2067 2972 2296 3027 Cosmas
2336 2970 2578 3025 Vestitor
2607 2984 2703 3025 seu
2753 2967 3081 3037 Vestiarius,
3115 2970 3396 3026 dominum
3433 2971 3724 3041 imperato-

456 3076 573 3115 rem
642 3074 803 3115 suum
863 3058 1135 3122 imitatus,
1192 3057 1353 3127 cujus
1394 3057 1550 3111 lateri
1612 3057 1914 3126 assidebat,
1965 3058 2232 3130 opuscula
2272 3075 2492 3129 quoque
2521 3058 2575 3114 in
2626 3058 2841 3113 laudem
2888 3068 3206 3113 sanctorum
3238 3057 3496 3113 nonnulla
3540 3057 3723 3111 Graece

456 3148 787 3219 composuit,
813 3161 935 3215 qua:
957 3145 1139 3200 adhuc
1174 3160 1309 3200 mss.
1336 3144 1391 3199 in
1422 3144 1767 3201 bibliothecis
1806 3145 2047 3218 Anglicis
2072 3156 2235 3219 atque
2264 3148 2387 3203 aliis
2413 3148 2789 3204 inveniuntur.
2821 3147 2981 3202 Juxta
3010 3147 3264 3201 Allatium
3300 3148 3351 3201 in
3381 3145 3622 3201 Diatriba
3653 3146 3725 3201 De

459 3233 785 3305 Sytnconnm
842 3233 1077 3298 scriptis,
1127 3247 1251 3303 pag.
1280 3232 1374 3298 95,
1414 3231 1621 3287 Cosme:
1682 3231 1958 3288 Vestitoris
1990 3236 2043 3289 in
2078 3246 2289 3289 sanctos
2346 3235 2591 3291 Joachim
2613 3247 2661 3291 et
2692 3237 2902 3291 Annam
2930 3245 3173 3306 parentes
3204 3233 3449 3305 Deipara:
3487 3234 3586 3304 (ὁ),
3629 3235 3724 3295 Εἰς

458 3324 588 3389 ςοὺς
650 3322 843 3393 ἁγίους
906 3320 1166 3391 Ἰωακεὶμ
1223 3321 1319 3375 καὶ
1380 3322 1584 3376 Ἀνναν
1612 3322 1739 3386 τοὺς
1767 3327 1943 3391 γονεῖς
1970 3323 2074 3394 τῆς
2107 3324 2394 3389 Θεοτόκου,
2428 3325 2656 3396 incipit:
2701 3326 2767 3379 Ἥ
2798 3324 2926 3396 χθὲς
2960 3325 3062 3395 τῆς
3092 3324 3358 3378 Θεοτόκου
3393 3324 3723 3395 γενεθλιακὴ

458 3415 772 3486 πανήγυρις
792 3412 893 3483 τῆς
917 3412 1191 3482 κοσμικῆς
1220 3412 1417 3483 χαρᾶς,
1437 3422 1569 3478 etc.,
1596 3410 1860 3468 Hesterna
1888 3413 2051 3484 Deipa

2125 3414 2455 3469 rnativitatis
2477 3414 2783 3486 pancgyris,
2806 3414 3056 3470 strcnlari
3090 3431 3180 3469 seu
3210 3413 3476 3471 mundana
3504 3417 3722 3483 gaudio,

458 3512 567 3558 etc.
594 3501 744 3557 Inter
762 3516 897 3557 mss.
931 3500 1147 3557 codiccs
1173 3500 1481 3555 Bodleiana:
1496 3500 1842 3561 bibliotheca:
1871 3502 1924 3555 in
1945 3518 2078 3558 mss.
2111 3503 2393 3560 codicibus
2423 3502 2807 3569 Baroccianis,
2830 3504 3022 3559 codice
3046 3503 3173 3568 254,
3206 3518 3362 3557 num.
3400 3504 3421 3557 I
3455 3520 3470 3557 :
3503 3502 3724 3557 Cosmus

478 3589 704 3646 Vestilor
727 3590 783 3643 in
809 3587 1129 3644 Zachariam
1154 3589 1485 3657 prophetam,
1503 3590 1660 3659 pag.I
1683 3607 1696 3644 :
1717 3588 1907 3644 Μύστα
1925 3590 2035 3645 τῶν
2056 3593 2335 3663 άρῤήτων.
2360 3590 2505 3646 Inter
2529 3606 2661 3646 mss.
2690 3591 2907 3648 codices
2930 3591 3297 3648 Ecclesiarum
3312 3590 3520 3660 Anglia:
3535 3592 3719 3646 cathe-

463 3679 702 3735 dralium
734 3684 789 3735 et
821 3677 1058 3733 aliarum
1083 3675 1332 3747 ejusdem
1362 3676 1513 3745 regni
1545 3677 1843 3747 insignium
1868 3679 2325 3735 bibliothecarum
2357 3680 2549 3736 codire
2575 3678 2738 3747 5950,
2778 3681 2833 3735 in
2870 3696 3006 3735 mss.
3050 3681 3335 3734 codicibus
3368 3680 3594 3735 Thomas
3615 3678 3724 3734 Ga-

467 3766 537 3821 Iei
576 3764 805 3828 Graecis,
867 3764 1058 3821 codice
1118 3761 1241 3827 116,
1273 3778 1426 3823 num.
1465 3764 1487 3819 I
1524 3782 1538 3818 :
1572 3762 1778 3821 Cosmw
1824 3765 2102 3823 Vestitoris
2137 3768 2433 3822 cncominm
2465 3766 2746 3823 Zachariw
2776 3768 3066 3838 prophetw.
3116 3767 3227 3823 Leo
3257 3767 3493 3822 Allatius
3523 3767 3578 3823 in
3603 3768 3725 3822 Dia-

468 3856 607 3910 triba
638 3854 702 3908 de
734 3851 1061 3923 Symeonum
1096 3852 1340 3921 scriptis,
1367 3868 1489 3923 pag.
1554 3853 1658 3909 I00
1698 3872 1711 3910 :
1741 3852 1945 3911 Cosanis
1984 3854 2065 3911 Ve.

2138 3858 2264 3911 toris
2292 3855 2451 3924 λόγος
2483 3856 2923 3926 ὲγκωμιαστικὺς
2949 3857 3029 3920 εἰς
3059 3856 3149 3909 τὸν
3181 3857 3474 3928 προφήτην
3504 3855 3599 3909 καὶ
3631 3857 3728 3927 ἀρ-

466 3944 660 4017 χιερέα
708 3941 1013 4014 Ζαχαρὲαν,
1047 3940 1233 4011 incipit
1265 3958 1277 3994 :
1313 3940 1534 4006 Μύστα,
1561 3951 1669 3998 ctc.
1695 3941 1841 3998 Inter
1872 3959 2005 4001 mss.
2029 3959 2059 4001 c

2127 3947 2249 4001 lices
2279 3946 2586 4002 Bodleiana:
2614 3946 2977 4013 bibliothecae,
3008 3946 3198 4002 codice
3223 3944 3351 4013 269,
3385 3946 3440 4001 in
3472 3962 3605 4003 mss.
3631 3960 3724 4002 co-

473 4035 690 4089 dicilus
727 4032 953 4087 Thomas
979 4030 1114 4096 Roc,
1147 4032 1337 4087 codice
1370 4031 1463 4097 25,
1488 4047 1642 4087 nunt.
1674 4033 1708 4089 3
1743 4051 1756 4089 :
1799 4034 2006 4095 Cosme:
2043 4035 2323 4090 Vestitoris
2354 4037 2417 4090 de
2456 4038 2739 4106 reportatis
2768 4035 2995 4091 Joannis
3023 4035 3387 4108 Chrysostomi
3419 4035 3727 4091 Constanti-

465 4122 705 4194 nopolim
730 4120 967 4191 reliquiis
993 4120 1382 4201 fragmentum,
1407 4134 1530 4190 pag.
1565 4120 1660 4174 161
1697 4136 1711 4174 :
1748 4123 2047 4178 Ἦκουσται

2125 4128 2308 4192 τάντως
2341 4129 2491 4199 ὑμῖν,
2519 4138 2650 4193 ete.,
2683 4138 2737 4183 et
2770 4132 2911 4183 inter
2946 4144 3079 4183 mss.
3112 4127 3332 4184 codices
3368 4127 3722 4184 ecclesiarum

464 4212 673 4282 Anglia:
704 4209 1105 4265 cathedralium
1159 4218 1214 4264 et
1265 4208 1496 4263 aliarum
1524 4210 1767 4280 ejusdem
1810 4214 1959 4281 regni
1990 4213 2285 4285 insignium
2316 4217 2796 4280 biblimhecarum,
2825 4217 3013 4272 codice
3043 4215 3206 4280 6043,
3246 4219 3299 4271 in
3336 4219 3726 4287 manuscriptis

467 4302 751 4357 todieibus
789 4299 1034 4371 ejusdem
1092 4297 1317 4359 Thomte
1352 4296 1527 4361 Caici,
1569 4298 1759 4353 codice
1779 4298 1926 4355 209:
1960 4299 2144 4356 Sermo
2175 4303 2382 4358 Cosmus
2417 4305 2692 4359 Vestitoris
2715 4307 2770 4359 in
2802 4304 3030 4359 Joannis
3068 4306 3432 4376 Chrysostomi
3476 4306 3728 4375 reliquias

473 4391 1005 4461 Constantinopolim
1056 4398 1373 4458 reportatus.
1432 4387 1543 4443 Leo
1572 4388 1805 4447 Allatius
1836 4403 1962 4460 pag.
2000 4390 2069 4444 94
2102 4390 2227 4445 loco
2277 4392 2488 4445 citato:
2529 4393 2752 4447 Casinas
2800 4392 3033 4450 Vestitor
3060 4394 3127 4449 de
3180 4393 3439 4447 relatione
3491 4396 3728 4463 corporis

467 4487 528 4542 S.
568 4487 796 4541 Joannis
830 4483 1191 4555 Chrysostomi
1245 4481 1789 4552 Constantinopolim,
1838 4482 1932 4546 Εἰς
1988 4481 2064 4548 τὴε

2144 4483 2405 4539 ἐπάνοδον
2437 4485 2531 4540 τοῦ
2586 4486 2842 4558 λειψάνου
2895 4487 2992 4542 τοῦ
3024 4490 3082 4542 ἐν
3116 4486 3294 4556 ἁγίοις
3330 4485 3541 4557 πατρὸς
3568 4485 3728 4556 ἡμῶν

484 4579 731 4632 Ἰωάννου
762 4575 856 4628 τοῦ
897 4575 1312 4644 Χρυσοστόμου,
1349 4571 1543 4643 incipit
1580 4590 1595 4625 :
1630 4574 1931 4625 Ἤκουσται
1968 4572 2081 4626 πάν

2133 4588 2186 4634 ος
2216 4572 2368 4643 ὑμῖν,
2399 4584 2507 4631 etc.
2543 4575 2691 4630 Inter
2720 4591 2853 4632 mss.
2883 4575 3103 4632 codices
3157 4574 3466 4629 Bodleiamc
3531 4574 3730 4629 biblio-

470 4670 664 4730 thecae,
697 4665 885 4720 codice
900 4662 1063 4727 5561,
1104 4662 1156 4715 in
1186 4676 1317 4715 mss.
1341 4659 1626 4714 codicibus
1652 4659 1705 4714 in
1740 4658 1989 4729 Ilyperoo
2017 4660 2317 4716 Codleiano
2342 4664 2764 4729 exsistentibus,
2806 4665 2983 4720 littera
3018 4665 3083 4728 Α,
3113 4663 3303 4719 codice
3334 4662 3421 4729 7|,
3453 4678 3606 4716 nnm.
3645 4662 3668 4715 I
3709 4676 3726 4715 :

476 4756 683 4809 Cosmw
720 4750 999 4807 Vestitoris
1045 4749 1231 4804 Conon
1277 4750 1330 4801 in
1365 4746 1761 4816 Theophaniam
1793 4746 2007 4803 Domini
2034 4750 2202 4805 nostri
2249 4747 2379 4805 Iesu
2404 4750 2607 4807 Christi
2636 4753 2722 4808 die
2744 4752 3060 4821 6jannarii,
3095 4768 3217 4823 pag.
3252 4753 3306 4817 1,
3338 4753 3404 4807 ad
3434 4752 3488 4807 8.
3545 4752 3730 4821 Agunt

472 4862 639 4916 porro
662 4845 728 4900 de
758 4844 956 4899 Cosma
987 4840 1257 4894 Vestitore
1288 4836 1556 4891 IIenricus
1592 4835 1834 4892 Savilius
1866 4837 1920 4895 in
1952 4838 2192 4894 editione
2218 4838 2407 4895 Graeca
2435 4840 2524 4896 illa
2555 4844 2802 4898 omniurn
2831 4842 2891 4896 Ι).
2921 4841 3152 4897 Joannis
3181 4842 3561 4913 Chrysostomi
3601 4858 3731 4912 ope-

473 4953 617 5001 rum,
653 4951 817 5005 quam
849 4947 995 4989 anno
1016 4929 1177 4992 1615,
1204 4925 1317 4982 VIII
1346 4926 1474 4981 voll.
1502 4924 1724 4980 in-I‘olio
1762 4926 1949 4982 Etona:
1973 4931 2307 4997 procuravit,
2340 4940 2491 4985 tomo
2519 4930 2658 4993 VIII,
2688 4947 2812 5002 pag.
2845 4931 2974 4998 995,
2995 4942 3048 4985 et
3084 4947 3243 5002 pagg.
3276 4932 3382 4986 9J3
3407 4942 3461 4987 et
3483 4931 3609 4997 944,
3634 4932 3729 4986 ubi

475 5034 710 5079 testatur
733 5038 792 5077 se
831 5020 1093 5081 habuisse
1128 5017 1183 5070 in
1215 5015 1473 5075 manibus
1503 5012 1819 5067 Encomium
1858 5014 2063 5070 Cosma:
2102 5015 2381 5073 Vestitoris
2412 5017 2654 5079 Gra’cnm
2688 5020 2740 5074 in
2767 5031 3073 5090 reportatae
3110 5018 3169 5077 S.
3205 5020 3436 5075 Joannis
3482 5021 3733 5092 Chryso-

471 5112 634 5167 stomi
669 5111 932 5180 reliquias
964 5107 1031 5160 ad
1057 5104 1247 5159 urbem
1275 5102 1831 5172 Constantinopolim,
1859 5114 2020 5175 atque
2048 5104 2150 5159 alia
2180 5107 2247 5161 ad
2279 5107 2533 5162 eumdem
2559 5109 2886 5179 spectantia,
2906 5109 3108 5185 quibus
3131 5110 3355 5167 edendis
3375 5109 3731 5171 abstinuerit.

471 5200 583 5254 Leo
616 5198 849 5252 Allatius
886 5195 939 5249 in
974 5191 1214 5247 Diatriba
1242 5190 1306 5244 de
1337 5189 1662 5260 Symeonnm
1696 5190 1933 5261 scriptis,
1969 5207 2125 5264 pagg.
2160 5194 2250 5263 94,
2280 5195 2348 5249 95
2376 5206 2428 5251 et
2454 5195 2576 5253 100.

544 5341 625 5417 (α)
674 5339 1035 5417 Πωοῆιεψιειι.
1096 5349 1261 5417 merce
1312 5334 1645 5417 conject-nne
1701 5336 1863 5393 inniti
1910 5348 2065 5417 notat
2172 5350 2259 5417 t_us
2285 5343 2455 5417 enim,
2488 5342 2643 5399 Nilus
2673 5359 2737 5399 ac
2757 5344 3001 5401 Isidorus
3034 5346 3733 5417 Pelusiotaprmponuntur

474 5403 761 5483 IIc'tn'igins
790 5407 990 5483 Cellicr
1026 5406 1077 5483 i_n
1110 5403 1253 5483 H_ist.
1293 5407 1470 5483 gener:
1509 5407 1627 5483 tias
1653 5419 1887 5483 autenm:
1926 5412 2057 5483 eccl.
2164 5410 2362 5467 Joanni
2398 5403 2754 5476 Datnasccno,
2794 5420 2886 5483 qui
2916 5417 3121 5471 smeulo
3170 5431 3267 5469 vttt
3306 5403 3585 5471 ﬂoruit”.
3631 5419 3732 5471 Pn-

474 5499 609 5538 tom.
640 5474 767 5534 ‘XIX
797 5495 807 5532 :
836 5487 889 5530 et
929 5478 992 5530 ll.
1018 5477 1094 5559 ⁸Ρ.
1132 5474 1690 5559 ΑξιιίξίιὶυεηΒειΙΙοιῆῃὶ
1734 5479 1817 5559 in.
1849 5479 2060 5552 Sylloge
2167 5484 2271 5536 lam
2299 5494 2380 5537 cst
2402 5500 2548 5559 ergo
2576 5501 2687 5559 non
2723 5474 2789 5559 co
2813 5474 3009 5559 ordine
3049 5494 3304 5559 auctores
3333 5487 3455 5541 illos
3495 5488 3729 5542 describi

471 5547 1028 5626 monumentorntnntl
1060 5548 1371 5626 mysterium
1405 5546 1771 5626 ConceptiOIiis
1799 5546 2058 5626 immacn-
2166 5568 2229 5607 ex
2257 5546 2586 5626 quoinl‘iirri
2624 5558 2791 5623 possit
2819 5557 3072 5626 quisnam
3098 5558 3272 5625 prius.
3304 5560 3555 5625 quisnam
3606 5574 3735 5625 pus-

473 5628 601 5680 lata:
646 5621 877 5691 Virginis
911 5618 1579 5691 Deipara:illustrandum,
1634 5619 1833 5675 Oudini
1872 5638 2057 5676 asser-
2169 5618 2339 5679 lcribs
2378 5618 2643 5678 Ilornctit'.
2686 5645 2703 5677 ι
2768 5618 3061 5682 concludit
3091 5618 3171 5679 vir
3199 5618 3416 5687 doctus,
3461 5646 3478 5679 ι
3518 5618 3731 5682 nullum

475 5698 696 5767 tionem
735 5688 985 5767 falsitatis
1026 5689 1245 5767 arguit_:
1281 5688 1403 5767 (_El
1452 5689 1649 5743 falsum
1684 5702 1770 5745 est
1804 5692 1883 5767 Ain
1945 5694 2056 5767 pri-
2164 5694 2346 5749 adhuc
2370 5695 2628 5767 indicium
2662 5709 2951 5767 suppetere
2983 5701 3029 5751 \i
3057 5697 3214 5765 cujus
3238 5698 3465 5752 Cosmas
3496 5697 3737 5755 Vestitor

473 5768 601 5830 mis,
652 5765 751 5828 ait,
782 5763 955 5837 ⁸ηειρο
1008 5760 1151 5813 velut
1203 5760 1960 5837 I'undamenttttn_statuitur._
2000 5765 2051 5817 in
2163 5779 2193 5817 e
2222 5780 2389 5837 censu
2438 5760 2782 5835 scriptorum-
2817 5770 3035 5823 incerta:
3077 5760 3252 5822 atatis
3276 5770 3439 5823 eximi
3469 5780 3653 5837 (μυ-εει.
3707 5788 3729 5821 ι

473 5833 835 5911 describendo
872 5832 1101 5911 illorum
1154 5839 1444 5911 auctorum
1504 5831 2049 5911 catalogtLordinem
2160 5904 2172 5911 _
2234 5834 2314 5911 (ὁ)
2340 5835 2493 5911 Edita
2525 5831 2942 5911 estinSylloge
2988 5839 3375 5910 supralaudata
3410 5831 3586 5895 Pairis
3609 5840 3735 5895 Bal-

475 5907 736 5980 temporis
761 5905 832 5961 ab
857 5906 1142 5973 Anonymo
1198 5910 1476 5958 servatum
1513 5901 1702 5956 fuisse.
1734 5900 2049 5958 Theodore»
2158 5900 2337 5973 lerini,
2375 5906 2560 5963 Ilonta:
2583 5908 2739 5963 I856.
