4054 6564
330 475 460 539 1οίὶῦ

1286 482 1541 545 SERMO
1581 483 1661 544 ΙΝ
1689 484 1792 543 SS.
1823 482 2152 544 IOACHIM
2182 480 2276 540 ET
2310 479 2595 540 ΑΝΝΑΜ.

3442 466 3580 531 1006

1048 854 1351 972 ΤΟΥ
1413 849 2229 974 ΜΑΚΑΡΙΟΥ
2305 853 2864 973 ΚΟΣΜΑ

1635 1096 1773 1151 ΤΟΥ
1826 1094 2280 1153 ΒΕΣΤΗΤΟΡΟΣ

324 1279 450 1333 ΕΙΣ
491 1277 669 1332 ΤΟΥΣ
699 1277 976 1332 ΛΓΙΟΥΣ
1000 1276 1315 1333 ιΩΑΚΕιΜ
1356 1277 1487 1331 ΚΑΙ
1516 1275 1760 1331 ANNAN
1804 1275 1983 1328 ΤΟΥΣ
2018 1272 2385 1329 ΕΝΔΟΞΟΥΣ
2423 1272 2693 1327 ΓΟΝΕἾΣ
2730 1272 2863 1326 ΤΗΣ
2901 1267 3293 1324 ΘΕΟΤΟΚΟΥ
3326 1267 3595 1325 ΜΑΡΙΑΣ

1743 1439 2139 1528 ΛΟΓΟΣ.

953 1800 1379 1914 BEATI
1463 1798 1983 1913 COSMZE
2071 1790 2950 1916 VESTITORIS

1845 2038 1909 2083 IN

1961 2040 2046 2085 SS.

491 2189 959 2253 JOACHIMUM
1003 2193 1106 2254 ET
1148 2194 1424 2256 ANNAM
1467 2192 1916 2256 GLORIOSOS
1962 2193 2094 2255 DEI
2153 2191 2605 2255 GENITRICIS
2647 2188 2923 2250 MARI/E
3002 2182 3407 2247 PARENTE"

1708 2371 2146 2467 SERMO.

323 2561 422 2625 (Ex
448 2561 614 2613 codice
644 2562 876 2614 Vaticano
909 2577 959 2615 n.
1002 2563 1094 2616 655
1139 2562 1296 2614 edidit
1335 2562 1450 2625 Ant,
1495 2564 1749 2625 Brutum
1789 2564 1841 2613 in
1877 2566 1913 2625 S

821 2926 1152 2999 Εὐλόγησον,
1181 2928 1390 2999 Πάτερ.

396 3042 475 3096 A'.
525 3039 590 3096 ἸΙ
626 3037 755 3112 χθὲς
785 3040 885 3112 τῆς
921 3039 1186 3097 Θεοτόκου
1227 3039 1551 3113 γενεθλιακὴ
1589 3039 1901 3112 πανήγυρις

324 3136 425 3207 τῆς
453 3136 727 3207 κοσμικῆς
760 3137 936 3209 χαρᾶς
968 3138 1103 3207 ἡμῖν
1133 3136 1233 3207 τὴν
1280 3135 1474 3207 ἑορτὴν
1505 3134 1776 3206 εὐφήμοις
1812 3134 1902 3187 δε-

323 3226 676 3299 δοξολόγηκεν
727 3226 1042 3299 ὑμνῳδίαις.
1095 3227 1159 3281 Ἦ
1205 3227 1264 3281 δὲ
1303 3228 1543 3298 σήμερον
1589 3225 1775 3297 ἡμέρα
1802 3224 1901 3296 τὴν

326 3318 678 3393 εὐχαριστίαν
718 3320 835 3384 τοῖς
877 3320 1202 3391 γεννήτορσι
1241 3319 1543 3391 προσφέρει
1570 3319 1670 3390 τῆς
1708 3317 1902 3372 Θεοτό-

330 3427 451 3467 κου’
497 3411 567 3465 δι’
598 3404 674 3467 ὧν
703 3412 927 3484 ἀπαρχὴ
953 3412 1050 3483 τῆς
1083 3412 1303 3466 πάντων
1346 3411 1571 3480 γέγονεν
1602 3409 1897 3482 σωτηρίας.

324 3503 518 3558 Τοίνυν
543 3505 643 3575 τῆς
671 3504 940 3576 θυγατρός
968 3504 1116 3559 ἐστιν
1139 3506 1172 3574 ἡ
1201 3504 1310 3557 τῶν
1338 3502 1543 3573 γονέων
1573 3504 1901 3575 πανήγυρις.

326 3592 538 3665 Ὠσπερ
581 3594 691 3666 γάρ
718 3593 810 3648 ἐπὶ
848 3592 975 3666 δόξῃ
1026 3593 1231 3665 μητρὸς
1264 3592 1646 3659 ωνδοξάζεται
1689 3595 1899 3657 τέκνον,

322 3681 499 3748 οὕτως
522 3683 615 3738 καὶ
656 3684 751 3738 ἐπὶ
779 3685 999 3755 εὐλογίᾳ
1038 3684 1229 3739 τέκνου
1277 3683 1662 3752 συνδοξάξεται
1696 3686 1901 3757 μήτηρ.

324 3770 433 3829 Ἦν
480 3775 574 3830 οὐν
606 3777 640 3847 ἡ
688 3776 815 3847 χθὶς
856 3776 1041 3847 ἡμέρα
1089 3776 1405 3846 θαυμαστὴ
1453 3777 1524 3831 ἐν
1573 3776 1905 3848 ὀφθαλμοῖς

325 3868 518 3937 ἡμῶν
549 3869 645 3923 καί⁸
662 3871 697 3940 ή
725 3870 791 3941 σή
801 3886 865 3939 με
876 3883 965 3940 ρον
987 3869 1299 3941 εὐφροσύνη
1326 3870 1517 3941 μνήμη
1541 3870 1765 3924 δικαίων
1787 3870 1904 3941 μετ’

324 3959 637 4030 ἐγκωμίων.

396 4139 472 4195 B'.
522 4142 770 4210 Ἐγένετο
802 4144 861 4197 έν
903 4146 1013 4207 τοῖς
1046 4142 1214 4198 πάλαι
1252 4143 1463 4209 καιροῖς
1509 4144 1649 4213 ἀνὴρ
1695 4143 1906 4206 δίκαιος

325 4229 391 4281 ὲκ
416 4229 588 4301 φυλῆς
628 4231 821 4296 Ἰούδα,
848 4224 891 4301 ᾧ
917 4232 1088 4303 ὄνομα
1126 4231 1405 4300 Ἰωακείμ·
1446 4231 1585 4302 ἀνὴρ
1610 4230 1818 4298 ἔνδοξος
1846 4232 1906 4285 ὲν

1243 2625 1358 2678 tata:
1387 2623 1608 2689 Virginis
1637 2622 1858 2688 Deipara:
1880 2622 1995 2676 illus

1935 2954 1987 3015 Α

1947 2561 2074 2627 lloge
2100 2560 2614 2627 monumeirtorumpgq
2658 2558 2942 2626 mysterium
2979 2556 3312 2619 Conceptiouis
3348 2555 3588 2612 immacu-

1998 2624 2244 2676 ti'andum.
2272 2627 2460 2685 Roma,
2490 2624 2625 2673 1856.

2562 2926 2819 2995 Benedic,
2850 2925 3032 2982 Pater.

2082 3043 2123 3099 l.
2161 3043 2427 3099 Hesterna
2481 3036 2572 3097 Dei
2626 3036 2923 3097 Geuitricis
2962 3038 3161 3094 natalis
3198 3037 3466 3095 festivitas
3496 3055 3591 3095 so-

2010 3136 2244 3191 lemnem
2294 3134 2437 3190 diem
2470 3132 2675 3205 gaudii,
2711 3132 2971 3188 universo
3017 3131 3228 3187 mundo
3258 3133 3588 3197 communis,

2013 3228 2366 3286 l’austlssimis
2420 3227 2677 3284 laudibus
2728 3225 2890 3283 nobis
2947 3225 3255 3281 coronavit.
3318 3223 3592 3282 Hodierna

2013 3340 2142 3379 vero
2170 3322 2287 3380 dies
2341 3323 2478 3395 grati
2526 3318 2695 3377 animi
2745 3321 3019 3377 canticum
3060 3319 3218 3376 offert
3257 3320 3349 3375 Dei
3404 3320 3594 3377 Matris

2014 3414 2509 3484 genitoribus;per
2559 3427 2698 3485 quos
2749 3412 3061 3468 communis
3114 3412 3361 3467 omnium
3398 3412 3595 3468 salutis

2014 3508 2271 3578 primitiae
2333 3508 2385 3562 in
2414 3504 2591 3562 lucem
2632 3505 2973 3577 prodierunt.
3008 3503 3076 3560 Et
3114 3505 3335 3577 quidem
3387 3504 3591 3560 festum

2016 3598 2140 3652 lilia:
2168 3597 2367 3654 festum
2392 3606 2476 3653 est
2508 3606 2818 3668 parentum.
2848 3596 3316 3664 Quemadmodum
3347 3596 3492 3650 enim
3526 3610 3596 3650 ex

2015 3690 2188 3761 gloria
2248 3690 2441 3746 matris
2492 3689 2657 3745 simul
2693 3688 3033 3759 gloriﬁcatur
3061 3690 3265 3759 proles,
3302 3688 3384 3742 sic
3427 3694 3481 3742 et
3528 3704 3596 3743 ex

2014 3785 2184 3855 prolis
2215 3784 2529 3839 laudatione
2556 3782 2719 3839 simul
2751 3782 3085 3853 gloriﬁcatur
3115 3789 3311 3836 mater.
3338 3779 3465 3834 Fuit
3498 3780 3598 3850 igi-

2015 3883 2105 3930 tur
2145 3875 2400 3930 hesterna
2431 3875 2551 3929 dies
2590 3873 2855 3927 mirabitis
2884 3874 2941 3926 in
2988 3872 3158 3926 oculis
3194 3872 3392 3925 nostris
3427 3872 3465 3935 ⁸,
3491 3870 3596 3925 lto-

2014 3968 2203 4021 dicrna
2230 3980 2360 4021 vero
2391 3965 2577 4021 laetitia
2613 3965 2933 4022 memoriam
2953 3964 3231 4034 iustorum
3260 3978 3385 4019 cum
3435 3962 3598 4017 laude

2014 4058 2271 4113 celebrat.

2085 4145 2153 4201 ll.
2185 4148 2308 4201 Fuit
2338 4148 2391 4202 in
2428 4146 2607 4217 prisca
2657 4147 2745 4201 illa
2781 4154 2939 4202 aetate
2977 4146 3063 4200 vir
3108 4145 3295 4215 justus
3324 4161 3389 4201 ex
3445 4145 3594 4198 tribu

2013 4238 2186 4304 ludar,
2211 4239 2301 4295 cui
2335 4255 2531 4296 nomen
2562 4238 2809 4295 Joachim
2833 4257 2847 4305 ;
2874 4238 2959 4292 vir
2984 4239 3276 4299 sanctitate
3301 4252 3364 4292 ac
3382 4237 3593 4307 iustitia

322 4321 562 4393 ὁσιότητι
592 4323 687 4376 καὶ
718 4325 1058 4399 δικαιοσύνῃ’
1091 4326 1233 4397 ἀνὴρ
1267 4325 1540 4396 ἐπίσημος
1568 4327 1625 4378 ὲν
1655 4325 1902 4397 εὐγενείᾳ

2009 4332 2270 4401 celebris;
2299 4332 2384 4387 vir
2434 4332 2719 4387 nobilitate
2756 4339 2810 4386 et
2847 4330 3057 4385 divitiis
3108 4329 3368 4401 insignis;
3404 4330 3487 4382 vir
3538 4329 3596 4383 iu

326 4415 422 4468 καὶ
473 4416 706 4489 πλούτῳο
753 4418 893 4489 ἀνὴρ
939 4418 1249 4489 ἀπλόψυχος
1297 4418 1358 4472 ἐν
1390 4420 1783 4490 προσαγωγαίς
1816 4418 1912 4472 θυ-

326 4508 479 4562 σιῶψ
514 4508 652 4582 ἀνὴρ
696 4512 754 4564 ἐν
782 4512 947 4565 πᾶσιν
985 4512 1281 4583 εὐάρεστος
1320 4512 1399 4582 τῷ
1437 4512 1577 4583 Θεῷ·
1611 4512 1752 4584 ἀνὴρ
1784 4514 1907 4566 ἐπι-

324 4599 567 4670 Θυμειῶν
596 4601 706 4657 τῶν
728 4604 824 4656 τοῦ
854 4606 1194 4673 ῐῐνεύμειτος⁸
1221 4606 1412 4676 ὅτιπερ
1440 4605 1667 4670 ἄτεκνος
1703 4605 1778 4659 ὣν
1817 4606 1910 4659 καὶ

324 4689 382 4741 ὲν
407 4691 674 4762 ἐπιθυμίᾳ
701 4710 766 4745 πε
777 4692 831 4763 pl.
856 4693 1047 4746 τέκνου
1084 4693 1463 4763 συνεχόμενος,
1496 4695 1597 4765 τὴν
1629 4693 1724 4748 τοῦ
1747 4696 1906 4763 ἀγίου

324 4783 639 4852 Πνεύματος
688 4785 1020 4855 γεγέννηκεν
1070 4784 1319 4857 νύμφην·
1366 4786 1506 4857 ἀνὴρ
1553 4787 1629 4851 ὡς
1681 4787 1897 4858 ἀληθῶς

322 4875 720 4946 ἐπιτυγχάνων,
765 4879 959 4949 ὅτιπερ
997 4878 1319 4949 είσὴκουσεν
1355 4880 1382 4931 ὁ
1415 4877 1548 4942 Θεὸς
1585 4878 1698 4931 τῶν
1730 4880 1906 4951 εὐχῶν

320 4967 509 5030 αὐτοῦ,
562 4968 953 5040 δωρησάμενος
998 4970 1175 5041 τούτῳ
1221 4970 1321 5041 τὴν
1366 4968 1520 5039 ὑπὲρ
1577 4971 1775 5026 πάντα
1835 4978 1905 5026 τὰ

321 5060 686 5131 σκηνώματα
743 5062 957 5117 Ἰακώϐ·
1008 5064 1187 5132 λέγειν
1236 5064 1293 5116 δὲ
1348 5063 1571 5134 μᾶλλον,
1605 5067 1705 5135 τὴν
1761 5066 1903 5139 ὑπὲρ

320 5153 418 5206 ὅλα
466 5156 535 5208 τὰ
583 5157 865 5228 ποιήματα
931 5156 1039 5211 τῶν
1091 5156 1437 5227 ἐπουρανίων
1488 5158 1588 5212 καὶ
1643 5158 1903 5226 ἐπιγείων

320 5246 660 5319 ὑψηλοτέραν
684 5249 849 5314 ἀξίως
877 5248 1169 5321 Θυγατὲρα.

392 5339 463 5395 ι·’.
520 5343 633 5396 Καὶ
676 5341 813 5414 τῷδε
861 5338 930 5415 ἦν
977 5344 1114 5412 γυνὴ
1162 5342 1445 5414 θεοσεϐὴς⁸
1501 5345 1675 5415 ὄνομα
1724 5342 1897 5414 αὐτῆς

324 5434 513 5497 Ἄννα,
543 5436 610 5487 ἐκ
631 5436 730 5505 τῆς
764 5436 1048 5505 βασιλικῆς
1070 5437 1161 5489 καὶ
1195 5436 1336 5506 αὐτὴ
1368 5436 1541 5506 φυλῆς
1562 5438 1656 5490 τοῦ
1702 5438 1893 5503 Ἰούδα,

320 5523 354 5592 ἠ
384 5539 464 5576 τοι
488 5523 581 5577 τοῦ
606 5523 770 5577 Δαυῖδ
800 5526 1168 5597 καταγομένη·
1189 5527 1325 5597 γυνὴ
1352 5528 1550 5592 παντὸς
1581 5528 1897 5600 ἀπεχομένη

320 5612 513 5665 κακοῦ·
550 5614 686 5687 γυνὴ
732 5616 933 5679 πιστῶς
979 5615 1048 5669 τὰ
1096 5616 1230 5686 πρὸς
1252 5618 1345 5672 τὸν
1391 5618 1524 5672 Θεὸν
1574 5619 1900 5673 συνοικοῦσα

320 5704 398 5772 τῷ
422 5704 593 5775 ἀνδρί·
624 5705 760 5777 γυνὴ
783 5710 1133 5777 προσευχαῖς,
1158 5708 1252 5762 καὶ
1269 5710 1569 5780 νηστείαις,
1598 5712 1691 5765 καὶ
1727 5728 1895 5782 προσ-

322 5799 512 5867 φοραῖς,
558 5797 974 5868 μεγαλοδώροις,
1002 5799 1102 5852 σὺν
1129 5799 1206 5869 τῷ
1239 5800 1355 5870 ἰδίῳ
1406 5801 1640 5873 συμσίῳ,
1673 5802 1752 5873 τῷ
1782 5801 1895 5873 ναῷ

388 5954 405 5985 ί
438 5954 582 6010 Psal.
612 5954 891 6021 cxvu,23.
971 5959 991 5990 ⁸
1034 5956 1178 6012 Psal.
1206 5972 1423 6024 tum,
1460 5958 1515 6014 2.

2005 4424 2402 4481 sacrificiorum
2436 4425 2715 4481 oblatione
2749 4426 2963 4481 sincere
2994 4424 3155 4495 pius;
3185 4424 3267 4478 vir
3304 4423 3358 4477 in
3382 4422 3595 4478 cunctis

2006 4517 2231 4572 studens
2282 4516 2393 4572 Deo
2426 4518 2564 4573 bene
2613 4518 2855 4587 placere;
2884 4517 2965 4570 vir
3014 4514 3439 4581 desideriorum,
3473 4530 3597 4588 qua:

2007 4617 2138 4663 sunt
2187 4621 2254 4663 ex
2307 4606 2560 4679 Spiritu:
2596 4606 3044 4679 quandoquidem
3103 4622 3227 4661 eum
3291 4607 3590 4662 liberorum

2005 4716 2198 4771 expers
2232 4708 2400 4767 esset,
2442 4716 2505 4756 ac
2554 4700 2830 4756 desiderio
2860 4700 3030 4768 prolis
3084 4708 3383 4763 teneretur,
3415 4699 3591 4753 sancti

2012 4792 2252 4862 Spiritus
2277 4807 2535 4863 sponsam
2574 4793 2783 4864 genuit,
2815 4793 2899 4846 vir
2929 4802 3183 4847 votorum
3220 4806 3445 4847 suorum
3478 4790 3591 4843 fcli-

2006 4884 2227 4939 cissimc
2280 4900 2527 4953 compos,
2576 4884 2837 4955 quoniam
2892 4898 3079 4954 preces
3137 4884 3258 4954 ejus
3318 4880 3593 4937 exaudivit

2006 4972 2171 5039 Deus.
2202 4977 2363 5045 eique
2414 4977 2563 5030 illam
2618 4977 2764 5031 dono
2804 4977 2971 5042 dedit,
3006 4992 3128 5047 quae
3160 4983 3381 5045 praestat
3432 4990 3594 5043 super

2004 5064 2181 5117 omnia
2239 5064 2583 5119 tabernacqu
2647 5065 2816 5121 Iacob
2844 5069 2886 5133 ’,
2918 5082 3011 5121 seu
3073 5067 3270 5121 melius
3330 5065 3587 5129 dixerim,

2006 5154 2169 5209 ﬁliam
2199 5155 2521 5225 dedit,qu:e
2575 5172 2741 5227 supra
2792 5157 3079 5211 universas
3134 5165 3415 5211 creaturas
3475 5169 3591 5211 cm-

2006 5247 2341 5315 lcstesjuxta
2376 5262 2440 5303 ac
2469 5256 2752 5304 terrestres
2782 5250 2977 5305 merito
3005 5250 3309 5305 extollitur.

2078 5338 2168 5394 Ill.
2200 5340 2365 5409 Atqui
2398 5339 2473 5394 illi
2512 5341 2598 5410 pia
2631 5352 2749 5397 erat
2780 5360 2936 5409 uxor,
2969 5343 3056 5398 cui
3089 5354 3287 5399 nomen
3325 5342 3503 5406 Anna,
3532 5349 3589 5397 et

2010 5429 2124 5499 ipsa
2156 5445 2222 5484 ex
2257 5429 2407 5500 regia
2436 5428 2578 5484 tribu
2602 5427 2775 5496 Iudae,
2807 5432 3008 5502 quippe
3042 5448 3163 5503 qua:
3188 5448 3219 5488 e
3248 5432 3449 5487 Duvide
3476 5430 3588 5485 ori-

2007 5521 2187 5593 ginem
2242 5520 2505 5589 ducebat;
2540 5521 2739 5577 mulier
2770 5523 2839 5577 ab
2876 5523 3030 5579 omni
3081 5525 3227 5579 malo
3271 5523 3584 5587 abstinens;

2010 5614 2226 5680 mulier,
2260 5614 2314 5669 in
2347 5614 2414 5671 iis
2442 5630 2564 5685 qua:
2618 5614 2683 5669 ad
2723 5614 2815 5670 Dei
2868 5616 3079 5670 cultum
3120 5617 3412 5687 pertinent,
3444 5615 3583 5669 tideli

2007 5707 2127 5762 viro
2158 5724 2261 5763 suo
2291 5723 2507 5771 comes;
2540 5707 2736 5762 mulier
2770 5707 2823 5761 in
2862 5708 3137 5777 precibus,
3172 5720 3225 5765 et
3255 5708 3503 5779 jejuniis,
3532 5717 3589 5763 et

2004 5802 2303 5872 splendidis
2328 5804 2698 5859 oblationibus
2734 5818 2856 5860 cum
2882 5804 3115 5873 conjuge
3158 5818 3259 5860 suo
3286 5804 3338 5859 in
3380 5802 3585 5874 templo
