4054 6588
503 443 639 511 ῒθθτ

1758 441 2022 504 (308Μᾶ
2059 441 2509 506 VES‘I‘ITORIS

3616 446 3756 514 1008

499 560 593 613 Det
621 554 880 623 assidua;
915 552 1133 621 mulier,
1187 566 1309 623 qum
1363 566 1459 623 per
1507 552 1853 609 concordiam
1899 555 2046 609 anim

2172 552 2266 608 τοῦ
2300 554 2437 607 Θεοῦ
2484 556 2993 629 προσκαρτεροῦσασ
3043 556 3183 627 γυνὴ
3222 557 3280 610 ἐν
3318 555 3544 630 ὁμονοία
3569 559 3753 630 ψυχῆς

496 648 859 719 corporisque
913 645 1331 715 temperantiam
1378 645 1494 715 pari
1531 660 1747 714 semper
1775 661 1899 701 cum
1952 646 2070 699 viro

494 751 596 792 suo
654 736 918 807 sapientia
950 735 1212 791 enitebat.
1251 734 1562 788 Secundum
1625 734 1769 789 enim
1815 734 2067 804 (primam

497 827 644 881 illam
682 826 949 896 mulieris)
984 826 1365 881 formationem
1402 840 1465 879 es
1510 839 1597 889 eo,
1632 825 1723 893 qui
1761 825 1923 879 datus
1962 824 2067 893 ipsi

493 918 696 985 coniux
722 933 749 971 a
782 919 892 972 Deo
925 917 1045 982 fuit,
1075 934 1135 973 os
1169 918 1298 971 illud
1325 917 1424 970 viri
1457 916 1526 971 ab
1548 918 1697 971 omni
1725 918 2053 972 detrimento

494 1010 732 1065 servavit
792 1010 1083 1082 integrum,
1142 1009 1484 1080 coniugalem
1554 1023 1749 1079 nempe
1798 1010 1871 1063 illi
1934 1009 2066 1064 affe-

492 1107 642 1153 ctum
666 1109 882 1170 propter
906 1114 1149 1154 amorem
1182 1097 1272 1153 Dei
1296 1108 1504 1152 sartum
1533 1096 1845 1169 tectumque
1868 1107 2057 1153 custo-

490 1194 672 1248 dieus.

564 1283 647 1338 IV.
679 1282 795 1338 Non
850 1284 994 1338 enim
1036 1284 1091 1337 in
1143 1283 1436 1352 perniciem
1490 1283 1613 1347 viri,
1645 1291 1703 1337 ut
1754 1284 1883 1338 olim
1932 1283 2062 1341 Eva.

490 1389 645 1430 versa
677 1386 793 1441 est;
826 1374 918 1429 sed
969 1374 1293 1444 adiutricem
1336 1390 1395 1430 se
1426 1375 1779 1446 illigprarbuit
1823 1386 1935 1430 tum
1971 1391 2065 1445 per

485 1466 669 1536 iugem
725 1466 985 1520 virtutum
1044 1466 1524 1533 exercitationem,
1560 1477 1673 1523 tum
1733 1484 1827 1537 per
1878 1482 2063 1537 preces

490 1557 737 1626 quotidie
780 1556 847 1609 ad
894 1556 1062 1610 Deum
1113 1556 1333 1612 effusas.
1370 1556 1503 1611 Nam
1547 1559 1659 1627 pari
1692 1556 1873 1613 studio
1900 1556 2063 1610 ambo

491 1649 565 1702 illi
594 1648 852 1719 coniuges
908 1648 1163 1719 precibus
1220 1664 1252 1705 e
1303 1650 1574 1705 desiderio
1624 1649 1793 1719 prolis
1842 1649 2061 1703 insiste-

489 1741 640 1807 bant,
668 1756 776 1796 non
809 1755 966 1796 secus
1006 1750 1171 1810 atque
1223 1742 1459 1812 agricola
1507 1742 1670 1797 simul
1719 1756 1844 1795 cum
1895 1756 2063 1796 uxore

491 1848 588 1887 sua
612 1847 862 1904 asperam
894 1840 1091 1887 terram
1120 1832 1406 1902 diligenter
1448 1833 1914 1899 excolentes,dum
1935 1848 2061 1903 pro.

2172 646 2268 699 καὶ
2313 647 2665 719 σωφροσύνης
2709 648 2962 721 σώματος
3006 649 3068 701 τὸ
3111 650 3448 721 μονότροπον
3506 652 3593 704 ἀεὶ
3651 654 3754 723 τῆς

2170 737 2427 807 γνώσεως
2460 740 2597 811 μετὰ
2617 741 2709 793 τοῦ
2736 742 2929 811 ἀνδρὸς
2951 743 3295 814 κτησαμένη.
3325 744 3481 797 Κατὰ
3511 744 3620 814 γὰρ
3650 744 3753 814 τὴν

2171 826 2369 880 πλάσιν
2396 828 2489 881 τοῦ
2537 829 2925 899 ωζευχθέντος
2974 832 3113 902 αὐτῇ
3160 833 3313 902 παρὰ
3358 832 3453 886 τοῦ
3482 833 3641 897 Θεοῦ,
3689 835 3753 886 τὸ

2169 918 2359 971 ὀστοῦν
2383 920 2641 974 διέσωσεν
2666 924 3046 995 ἁσυντρίπτως
3070 925 3165 978 τοῦ
3199 924 3413 995 ἀνδρὸς,
3448 924 3629 978 διὰτὸ
3655 943 3751 995 φι-

2169 1011 2351 1066 λόθεον
2384 1013 2444 1068 τὸ
2497 1014 2877 1086 φιλάνθρωπον
2905 1017 3056 1089 αὐτῷ
3103 1018 3606 1089 παραφυλάττουσα
3648 1018 3750 1088 τῆς

2169 1103 2476 1175 ξυνωρίδος.

2234 1282 2308 1335 Δ’.
2346 1282 2421 1335 Οὐ
2466 1281 2575 1354 γὰρ
2624 1283 2960 1353 βλαπτικιῖλς,
3004 1283 3079 1349 ὡς
3125 1286 3157 1355 ἡ
3206 1280 3337 1351 Εὗα,
3384 1286 3747 1356 μετεποιήθη,

2164 1372 2299 1426 ἀλλὰ
2334 1374 2525 1444 βοηθὸς
2566 1374 2645 1445 τῷ
2684 1376 2839 1447 ἀνδρὶ
2870 1376 3221 1448 συνηρμόσθη
3259 1377 3350 1430 ὲπί
3396 1395 3454 1430 τε
3482 1381 3595 1440 τοῖς
3634 1378 3744 1429 τῶν

2164 1464 2373 1536 ἀρετῶν
2400 1466 2814 1536 πολιτεύμασιν,
2844 1466 2937 1519 ὲπί
2966 1483 3024 1519 τε
3049 1470 3167 1530 ταῖς
3196 1466 3285 1519 διὰ
3306 1467 3408 1537 τὴν
3439 1468 3574 1535 πρὸς
3604 1467 3743 1519 Θεὸν

2166 1556 2418 1619 ίκεσίαις.
2454 1557 2611 1620 Ἴσως
2642 1556 2749 1628 γὰρ
2778 1559 2827 1611 οί
2872 1558 2967 1611 δύο
2991 1558 3119 1627 περὶ
3148 1558 3248 1627 τὴν
3286 1558 3472 1627 δέησιν
3494 1558 3595 1627 τῆς
3619 1560 3747 1610 ἐπιο

2165 1648 2364 1717 θυμίας
2388 1647 2674 1718 ἀπέκαμον
2700 1648 2793 1702 τοῦ
2834 1649 3048 1702 τέκνου⁸
3075 1650 3197 1703 καθ’
3224 1650 3285 1703 ὃν
3324 1651 3522 1721 τρόπον
3565 1667 3746 1721 γεωρ-

2162 1740 2257 1809 γὲς
2286 1741 2401 1811 ἅμα
2431 1741 2529 1810 τῆς
2566 1740 2731 1795 αὐτοῦ
2763 1742 3043 1810 γυναικὸς,
3080 1744 3265 1814 χώραν
3309 1743 3751 1813 καλλιεργήσαν-

2162 1850 2253 1896 τος
2281 1835 2496 1905 χέρσον,
2527 1834 2620 1886 τὸν
2666 1833 2869 1905 σπόρον
2916 1834 3409 1906 καταϐαλλόμενοι,
3444 1835 3545 1904 τὴν
3586 1834 3751 1903 εὐφο-

483 1926 685 1997 iiciunt
715 1940 921 1992 semen,
948 1925 1166 1980 uberem
1197 1923 1431 1980 fructum
1464 1935 1857 1980 consecuturos
1884 1939 1944 1979 se
1970 1940 2053 1994 pet

2168 1923 2289 1994 ρίαν
2316 1922 2424 1975 τῶν
2449 1924 2677 1995 καρπῶν
2709 1927 2989 1996 ἐπιτυχεῖν
3017 1927 3086 1978 δι’
3137 1927 3303 1996 εὐχῆς
3325 1926 3747 1997 ἀπεκδέχονται.

490 2020 831 2090 precationes
850 2025 1191 2088 exspectant.
1219 2018 1335 2071 Non
1366 2018 1538 2073 instar
1567 2020 1690 2074 Eva:
1720 2034 1844 2073 cum
1868 2018 2062 2082 Adam,

489 2112 813 2167 versabatur
841 2127 963 2167 cum
999 2111 1117 2164 viro
1148 2125 1271 2173 suo,
1303 2109 1395 2165 sed
1434 2110 1599 2165 veluti
1640 2110 1739 2180 ipsi
1784 2124 1968 2165 comes
2009 2110 2064 2164 in

488 2204 746 2276 operibus
800 2202 908 2259 Deo
941 2203 1199 2273 acceptis,
1234 2218 1296 2257 ac
1346 2203 1508 2257 simul
1543 2219 1668 2258 cum
1700 2218 1767 2257 eo
1818 2203 1872 2256 in
1903 2203 2067 2257 bene-

488 2294 648 2350 factis
679 2294 1054 2364 spiritualibus
1079 2293 1423 2348 collaborans
1448 2312 1462 2359 ;
1488 2306 1651 2363 atque
1674 2302 1732 2347 ut
1753 2293 1934 2364 portio
1964 2294 2063 2346 viri

488 2402 720 2458 prorsus
752 2388 917 2453 bona,
946 2387 1199 2442 connubii
1235 2386 1471 2441 fructum
1502 2387 1605 2456 ipsi
1639 2385 1900 2441 eximium
1935 2402 2063 2456 pro-

487 2476 631 2532 tulit.
668 2477 735 2531 Et
775 2476 1019 2547 profecto
1043 2476 1151 2530 Eva
1181 2478 1398 2546 quidem
1442 2487 1662 2547 propter
1702 2477 1916 2532 arboris
1950 2477 2065 2530 fru-

488 2578 637 2623 ctum
666 2566 925 2621 universo
950 2566 1156 2621 mundo
1184 2580 1406 2619 causam
1440 2579 1497 2619 se
1522 2565 1774 2619 maeroris
1799 2563 2061 2633 prtebuit;

489 2669 545 2715 at
578 2660 779 2729 coniux
806 2657 1077 2715 Joachimi
1104 2659 1259 2714 Anna
1289 2673 1383 2729 per
1418 2657 1656 2713 fructum
1694 2657 1831 2713 uteri
1867 2656 2064 2728 gaudio

486 2750 733 2807 Creatori
761 2749 886 2805 fuit.

556 2842 623 2898 ν.
654 2843 922 2900 Omnibus
977 2858 1144 2914 porro
1200 2844 1537 2915 exploratum
1583 2854 1685 2912 est,
1721 2846 1904 2903 Maria
1960 2847 2059 2905 Dei

487 2936 750 2993 Genitrici
774 2937 1014 2993 faustum
1071 2936 1202 2991 illud
1237 2938 1489 2992 nuntium
1530 2937 1770 2994 delatum
1806 2939 1977 2997 fuisse
2007 2941 2060 2997 in

479 3027 703 3084 Galilaaa
746 3028 1009 3099 gentium,
1042 3028 1095 3083 in
1154 3027 1318 3083 domo
1349 3026 1573 3100 Joscplti
1603 3030 1785 3094 Fabri,
1827 3032 1921 3101 qui
1989 3033 2056 3087 ad

479 3125 780 3181 eludendas
800 3125 1006 3181 diaboli
1032 3124 1465 3181 machinationes
1487 3126 1647 3181 datus
1661 3128 1827 3182 etiam
1850 3126 2058 3198 Virgini

477 3215 680 3285 Coniux
739 3215 939 3271 fuerat.
973 3216 1045 3270 At
1102 3232 1295 3273 rursus
1348 3227 1688 3286 compertum
1745 3227 1851 3283 est,
1882 3219 2053 3289 ipsam
2084 3246 2125 3300 ο

476 3307 758 3365 Christum
819 3308 1092 3378 peperisse
1147 3310 1203 3364 in
1264 3309 1579 3377 Bethleem;
1610 3311 2054 3381 quandoquidem

480 3404 596 3457 haec
634 3402 750 3472 ipsa
788 3401 943 3466 urbs,
966 3402 1153 3471 habita
1189 3403 1381 3457 matris
1416 3403 1648 3468 ratione,
1673 3404 1837 3458 etiam
1878 3405 2054 3474 patria

478 3495 652 3566 ipsius
684 3507 820 3557 erat,
856 3494 1033 3564 prouti
1085 3508 1270 3548 sermo
1328 3493 1558 3550 inferius
1615 3496 2052 3564 demonstrabit;

474 3603 604 3643 nam
660 3596 880 3658 paterna
921 3586 1042 3657 eius
1086 3586 1282 3641 domus
1310 3585 1704 3657 Hierosolymis
1753 3596 1900 3653 erat,
1934 3606 2055 3659 qua:

475 3680 941 3749 circutncingebat
986 3678 1340 3749 probaticam,
1367 3686 1427 3732 ut
1458 3678 1621 3749 vulgo
1654 3681 2051 3750 appellabatur,

475 3772 744 3843 piscinam
770 3770 869 3841 (1),
901 3770 956 3825 in
983 3786 1092 3842 qua
1130 3769 1385 3825 Christus
1412 3784 1477 3826 ac
1500 3769 1644 3826 Dens
1673 3781 1857 3827 noster
1891 3788 2053 3843 para-

474 3860 701 3931 lyticnm
729 3876 759 3915 a
796 3860 1015 3931 triginta
1056 3865 1117 3914 ct
1156 3868 1281 3914 octo
1310 3859 1470 3914 annis
1526 3858 1598 3913 ibi
1626 3858 1896 3927 iacentem
1930 3875 2053 3914 sur-

477 3967 603 4025 gere
646 3952 846 4023 iubens
888 3953 1141 4018 sanavit;
1170 3949 1312 4004 velut
1348 3948 1443 4019 qui
1496 3963 1561 4004 ex
1593 3949 1683 4004 illa
1734 3949 1897 4005 domo
1923 3950 2056 4006 alle-

474 4045 657 4116 gorice
696 4059 1015 4116 egressurus
1054 4050 1174 4098 erat
1226 4052 1413 4111 pastor
1449 4040 1633 4095 ovium
1679 4041 2051 4096 rationalium.

471 4136 679 4192 Deinde
704 4144 758 4191 et
805 4136 861 4190 in
894 4136 1038 4191 illius
1056 4148 1219 4205 aquae
1249 4132 1459 4205 piscina
1492 4133 1792 4205 symbolice
1825 4148 2051 4204 expres-

472 4244 589 4285 sam
635 4227 888 4284 novimus
918 4227 1170 4298 baptismi
1223 4224 1487 4297 gratiam;
1524 4240 1649 4281 nam
1697 4235 1753 4280 et
1806 4225 2053 4280 diuturni

470 4326 681 4381 erroris
732 4323 1020 4392 aegritudo,
1051 4336 1195 4392 quae,
1226 4337 1337 4377 non
1391 4338 1551 4378 secus
1584 4336 1650 4377 ac
1704 4320 1757 4375 in
1807 4319 2053 4388 corporis

470 4418 731 4473 membris
754 4416 868 4471 [leri
892 4416 1052 4480 solet,
1075 4415 1288 4468 animas
1319 4414 1600 4467 hominum
1625 4411 1861 4481 quadam
1884 4409 2051 4463 veluti

469 4503 703 4574 paralysi
727 4502 1131 4566 debilitaverat,
1154 4500 1480 4569 puriticante
1504 4500 1709 4569 Spiritu
1735 4514 1830 4567 per
1850 4512 2048 4564 aquam

2164 2014 2278 2084 Οὐχ
2309 2014 2384 2079 ὡς
2413 2016 2448 2084 ἠ
2481 2014 2592 2068 Εὐα
2626 2015 2911 2083 συζήσασα
2951 2017 3031 2086 τῷ
3077 2018 3271 2087 Ἀδὰμ,
3302 2018 3419 2070 ἀλλ’
3446 2019 3523 2080 ὡς
3551 2034 3749 2088 συνερ-

2163 2108 2260 2176 γὸς
2299 2106 2685 2177 εὐχαριστίας,
2727 2110 2822 2162 καὶ
2859 2109 3216 2179 συμπονοῦσα
3269 2110 3387 2180 μετ’
3422 2109 3587 2162 αὐτοῦ
3623 2112 3749 2175 ταῖς

2162 2200 2421 2270 ψυχικαῖς
2463 2202 2831 2271 εὐεργεσίαις’
2866 2204 2961 2256 καὶ
3000 2201 3075 2265 ὡς
3112 2203 3337 2274 ἀληθῶς
3372 2203 3549 2273 ἀγαθὴ
3585 2204 3747 2273 μερὶς

2162 2293 2613 2363 τελεσφορήσασα
2652 2294 2752 2364 τὴν
2797 2293 2983 2365 κοίτην
3026 2294 3105 2365 τῷ
3150 2294 3327 2362 ἀνδρί.
3385 2294 3449 2347 Ἦ
3496 2296 3593 2365 μὲν
3631 2294 3743 2363 γὰρ

2165 2378 2279 2438 Εὗα
2300 2384 2387 2437 διὰ
2414 2384 2627 2453 καρπὸν
2657 2384 2824 2454 φυτοῦ
2847 2385 2925 2455 τῷ
2946 2386 3135 2457 κόσμῳ
3158 2386 3337 2457 λύπης
3369 2386 3585 2453 ἐγένετο
3611 2385 3745 2456 πρό-

2166 2474 2336 2541 ξενος·
2368 2476 2402 2546 ἡ
2433 2474 2488 2527 δὲ
2528 2473 2622 2528 τοῦ
2664 2474 2919 2546 Ἰωακεὶμ
2964 2477 3130 2529 Ἄννα
3169 2475 3257 2541 διὰ
3297 2476 3509 2549 καρπὸν
3535 2476 3743 2537 κοιλίας

2164 2567 2242 2640 τῷ
2270 2568 2480 2641 Κτίστῃ
2504 2569 2914 2639 κεχρημάτικεν
2940 2570 3105 2641 χαρά.

2236 2843 2309 2898 E'.
2343 2843 2520 2898 Πᾶσιν
2558 2841 2741 2913 μέντοι
2782 2840 3045 2913 γνωστὸν,
3071 2840 3148 2905 ὡς
3173 2840 3232 2895 ὲν
3256 2843 3324 2913 τῇ
3352 2839 3610 2912 Γαλιλαίᾳ
3633 2838 3744 2893 τῶν

2161 2935 2331 2989 ἐθνῶν
2379 2936 2412 3006 ἡ
2449 2934 2714 2997 Θεοτόκος
2748 2932 3112 3005 εὐηγγελίσθη
3158 2933 3347 3003 Μαρία
3379 2935 3439 2986 ὲν
3486 2932 3562 3003 τῷ
3607 2930 3744 3001 οἴκῳ

2158 3028 2254 3083 τοῦ
2289 3030 2538 3092 τέκτονος
2585 3027 2805 3098 Ἰωσὴφ,
2836 3026 2928 3080 τοῦ
2959 3026 3051 3081 καὶ
3093 3027 3536 3097 χρηματίσαντος
3555 3064 3571 3087 ,
3600 3026 3746 3078 κατὰ

2162 3121 2521 3193 συναρπαγὴν
2564 3121 2657 3174 τοῦ
2700 3119 2950 3174 διαϐόλου
3021 3119 3256 3188 συζύγου
3305 3120 3402 3189 τῆς
3434 3117 3743 3189 Παρθένου.

2160 3214 2396 3284 Εὔδηλον
2444 3214 2501 3268 δὲ
2548 3214 2732 3275 πάλιν,
2782 3214 2864 3267 ὅτι
2894 3214 2953 3267 ἐν
2996 3212 3245 3284 Βηθλεὲμ
3275 3213 3607 3283 γεγέννηκεν
3647 3211 3745 3263 τὸν

2160 3310 2417 3378 Χριστόν’
2445 3310 2527 3363 ὅτι
2559 3311 2656 3362 καὶ
2699 3310 2901 3380 πατρὶς
2934 3309 3103 3379 αὐτῆς
3144 3308 3282 3378 αὐτὴ
3313 3309 3345 3379 ἡ
3386 3307 3540 3369 πόλις
3579 3304 3744 3373 ἐτύγ-

2158 3418 2322 3470 χανεν
2354 3402 2431 3465 ὡς
2476 3402 2585 3455 ἀπὸ
2635 3402 2863 3473 μητρὸς,
2919 3402 3063 3455 καθὰ
3112 3398 3469 3471 παρακατιὼν
3508 3400 3538 3452 6
3583 3398 3745 3465 λόγος

2161 3493 2525 3563 παραστήσει.
2580 3493 2641 3546 '0
2669 3492 2778 3564 7&9
2823 3492 3090 3562 πατρικὸς
3135 3492 3304 3562 αὐτῆς
3354 3486 3523 3555 οἶκος,
3570 3490 3599 3542 6
3639 3487 3743 3558 τὴν

2158 3583 2497 3654 προϐατικὴν
2522 3584 2849 3654 περικλείων
2882 3586 2940 3637 ιν
2980 3583 3339 3654 Ἰερουσαλὴμ
3370 3581 3640 3650 ὑπῆρχεν,
3664 3578 3742 3642 ὡς

2155 3677 2313 3746 λόγος
2342 3678 2537 3741 εἰπεῖν,
2590 3677 3003 3749 κολυμϐήθραν,
3054 3678 3113 3730 ἐν
3227 3675 3315 3729 τὸν
3348 3677 3405 3728 ὲν
3444 3674 3741 3744 τριάκοντα

2157 3769 2253 3823 καὶ
2278 3770 2424 3823 ὀκτὼ
2462 3770 2677 3840 χρόνοις
2718 3770 3117 3840 κατακείμενον
3152 3768 3524 3839 παραλυτικὸν
3549 3767 3578 3819 6
3606 3767 3649 3819 Χ
3660 3783 3743 3835 ρι-

2158 3863 2282 3926 στὸς
2321 3863 2415 3916 καὶ
2448 3861 2580 3927 Θεὸς
2614 3863 2770 3933 ἡμῶν
2800 3861 3169 3933 ἐθεράπευσεν
3217 3858 3533 3929 ἐξεγείρας,
3567 3858 3643 3919 ὡς
3681 3856 3741 3921 ἐξ

2157 3954 2369 4008 ἐκείνου
2407 3952 2617 4024 μέλλων
2646 3951 2742 4007 τοῦ
2778 3954 2930 4008 οίκου
2960 3951 3356 4025 ἐκπορεύεσθαι
3388 3947 3736 4021 συμϐολικῶς

2156 4046 2360 4118 ποιμὴν
2400 4046 2509 4099 τῶν
2556 4045 2793 4114 λογικῶν
2834 4044 3145 4116 προϐάτων.
3195 4039 3329 4097 Εἶτα
3368 4042 3466 4096 καὶ
3512 4041 3601 4095 διὰ
3637 4041 3737 4110 τῆς

2155 4140 2335 4193 ἐκεῖσε
2391 4136 2487 4192 τοῦ
2536 4136 2730 4202 ὕδατος
2768 4136 3157 4209 κολυμϐήθρας
3210 4133 3306 4189 τοῦ
3358 4133 3737 4203 βαπτίσματος

2156 4231 2584 4303 προτυπωθῆναι
2616 4232 2679 4285 τὸ
2707 4233 2972 4302 χάρισμα·
3007 4231 3100 4285 καὶ
3130 4229 3237 4299 γὰρ
3264 4228 3483 4300 χρονίας
3524 4226 3737 4293 πλάνης

2157 4323 2191 4392 ἡ
2239 4322 2394 4385 νόσος
2440 4321 2539 4387 τὰς
2575 4322 2687 4376 τῶν
2736 4322 3064 4393 ἀνθρώπων,
3095 4321 3171 4385 ὡς
3219 4322 3278 4375 ἑν
3322 4319 3475 4385 τάξει
3527 4315 3732 4387 μελῶν,

2159 4412 2525 4483 παραλύσασα
2568 4413 2789 4484 ψυχὰς,
2838 4413 3107 4483 καθάρσει
3156 4411 3253 4465 τοῦ
3298 4410 3612 4481 πνεύματος
3667 4407 3736 4461 δι’

2157 4499 2351 4565 ὓδατος
2381 4502 2607 4573 ὐγιώθηο
2637 4504 2827 4575 ὥσπερ
2856 4506 2950 4559 καὶ
2975 4507 3032 4558 ὲν
3059 4503 3335 4573 προσώπῳ
3358 4501 3458 4571 τῆς
3486 4500 3737 4570 Βηθλεὲμ

469 4562 660 4651 sanata
680 4602 766 4649 est
786 4610 800 4659 ;
821 4593 1279 4662 quemadmodum
1301 4594 1465 4646 etiam
1497 4562 1561 4645 in'
1581 4562 1751 4660 figura
1774 4562 2049 4643 Bethleem

2156 4594 2184 4647 6
2222 4562 2384 4664 ἄρτος
2415 4562 2671 4667 έζυμιύθη
2714 4597 2744 4650 6
2786 4562 2975 4668 νοητὸς
3012 4562 3116 4666 τῆς.
3150 4562 3317 4663 ζωῆςί
3354 4562 3524 4647 ’ένθα
3550 4562 3670 4645 ’καὶ
3698 4562 3736 4643 ⁷ό

467 4700 595 4740 eum
622 4684 921 4748 cernimus,
947 4682 1041 4751 qui
1068 4681 1425 4735 fermentatus
1448 4688 1532 4735 est
1554 4677 1861 4748 spiritualis
1891 4679 2050 4748 panis

466 4776 612 4829 vitae.
649 4772 725 4828 lbi
774 4772 1026 4828 Christus
1072 4780 1128 4827 et
1174 4772 1275 4827 sub
1330 4770 1508 4841 angeli
1540 4769 1725 4839 specie
1756 4769 1907 4825 visus
1964 4780 2048 4825 est

466 4867 725 4931 Abrahae,
759 4866 853 4937 qui
911 4866 1115 4935 pariter
1145 4864 1199 4918 in
1251 4862 1427 4917 forma
1462 4860 1638 4930 angeli
1686 4875 1811 4916 cum
1840 4858 2046 4919 Jacobo

468 4963 708 5019 luctatus
733 4970 835 5015 est.
873 4956 994 5029 Ipse
1018 4966 1100 5012 est
1130 4956 1298 5020 enim,
1332 4953 1423 5023 qui
1451 4954 1517 5008 ad
1556 4953 2042 5021 evangelizandum

514 5160 615 5236 ’(1)
651 5166 960 5236 Paternam_
976 5160 1219 5236 Deiparaz
1266 5158 1485 5236 domum
1515 5160 1703 5214 eodem
1749 5162 1911 5236 modo
1940 5163 2036 5220 ac.

466 5230 645 5300 signat
700 5236 863 5290 etiam
930 5234 992 5304 Si.
1043 5230 1280 5304 Joannes
1348 5230 1739 5304 Damascenus,
1782 5233 2036 5304 inquiens

491 5299 565 5361 De
622 5305 743 5359 Fid.
772 5303 1014 5374 Orthod._
1046 5301 1143 5356 lib.
1169 5315 1239 5360 Iv.
1283 5316 1409 5374 cap.
1443 5300 1528 5374 14)
1560 5320 1599 5374 εΔ
1623 5299 1810 5373 Itaque
1858 5299 2035 5374 :qratia

491 5393 611 5430 nam
648 5376 743 5428 hoc
793 5381 949 5428 sonat
984 5371 1152 5426 Anna:
1190 5370 1519 5443 vocabulum)
1564 5370 2033 5443 Dominam-parit

463 5442 543 5513 (id
568 5447 705 5499 enim
735 5444 922 5499 Marias
952 5443 1159 5497 nomine
1188 5442 1541 5511 signiﬁcatur,
1577 5459 1693 5511 qius
1720 5461 1834 5499 vere
1862 5442 2033 5500 omnis

464 5529 725 5570 creatura:
762 5514 978 5568 (lautitia
1002 5513 1147 5582 facta
1169 5513 1260 5576 sit,
1281 5528 1401 5565 cum
1449 5523 1615 5566 mater
1642 5513 1912 5570 Creatoris
1939 5533 2031 5570 ea:-

462 5587 663 5650 stitit);
696 5586 936 5638 nascitur
964 5595 1134 5637 autem
1164 5585 1219 5636 in
1253 5582 1409 5637 domo
1436 5582 1722 5652 probatica:
1764 5584 2029 5652 leae/tim,

464 5665 622 5724 atque
648 5656 716 5707 ad
742 5653 990 5721 templum
1022 5653 1307 5707 adducitur
1335 5653 1613 5722 (Τίκτεται
1640 5654 1715 5725 ἡδὲ
1746 5657 1805 5708 ὲν
1830 5656 1906 5725 τῷ
1932 5657 2034 5725 τῆς

462 5725 804 5795 προϐατικῆς
849 5724 944 5778 τοῦ
982 5726 1236 5791 Ἰωακεὶμ
1278 5725 1432 5794 οἴκῳ,
1469 5726 1562 5777 καὶ
1593 5724 1671 5795 τῷ
1702 5725 1833 5794 ίερῷ
1860 5724 2033 5795 προσ-

465 5742 804 5792 πρτιοατικης
849 5742 944 5778 του
986 5742 1236 5791 ἰωακειμ
1278 5742 1432 5794 οικῳ,
1469 5742 1562 5777 και
1593 5742 1623 5775 τ
1652 5743 1671 5775 ὶ
1703 5742 1833 5794 ιερῳ
1860 5742 2033 5795 προσ-

465 5794 710 5866 {in-sat).
755 5795 835 5850 Ad
876 5811 1037 5866 quem
1075 5796 1395 5866 Damasceni
1430 5742 1757 5866 locumLirazc
1805 5795 2034 5850 adnotat

467 5863 764 5935 Lequiuius
813 5862 907 5939 (iu'
932 5876 1045 5924 not.
1079 5865 1145 5924 ad
1190 5865 1246 5923 h.
1286 5866 1387 5936 l.):
1430 5862 1687 5919 Nascitur
1744 5875 1922 5921 autem
1977 5866 2032 5919 in

2155 4686 2391 4759 Χριστὸς
2428 4688 2805 4759 ἀγγελοφανὴς
2838 4688 3127 4758 ὑπεδείχθη
3150 4687 3229 4758 τῷ
3270 4684 3547 4755 ’Δϐραὰμ,
3582 4684 3611 4735 6
3636 4685 3733 4736 καὶ

2154 4778 2233 4849 τῷ
2267 4779 2466 4833 Ἰακὼϐ
2506 4780 2918 4852 προσπαλαίσας
2965 4781 3023 4832 ὲν
3052 4778 3286 4848 ἀγγέλου
3317 4779 3522 4847 μορφῇ.
3557 4774 3732 4836 Αὐτὸς

2153 4870 2263 4942 γάρ
2290 4871 2437 4924 ὲστιν
2476 4873 2505 4925 6
2546 4871 2715 4924 ἐλθὼν
2747 4870 3202 4940 εὐαγγελίσασθαι
3233 4871 3343 4933 τοῖς
3385 4867 3607 4939 μακρὰν
3634 4864 3731 4920 καὶ

2149 4965 2265 5029 τοῖς
2290 4962 2477 5033 ἐγγύς·
2507 4963 2668 5029 αὐτός
2698 4964 2847 5019 ἔστιν
2888 4964 2948 5018 τὸ
2980 4963 3295 5033 εὐαγγέλιον
3316 4961 3418 5031 τῆς
3454 4956 3733 5013 δικαιοσύ-

2143 5168 2299 5220 domo
2328 5165 2614 5233 probatica:
2644 5181 2655 5216 :
2694 5164 2791 5219 hoc
2819 5175 2898 5221 est
2929 5165 2984 5219 in
3010 5164 3211 5220 (edibus
3263 5163 3548 5232 pecuariis.
3590 5159 3726 5214 Pro-

2142 5237 2332 5291 baticw
2364 5252 2552 5291 nomen
2581 5252 2811 5305 gra'cum
2854 5238 3057 5305 servavi
3084 5245 3293 5303 propter
3346 5234 3544 5287 celebre
3591 5243 3727 5305 teni-

2139 5308 2308 5378 plum‘
2322 5317 2523 5360 sancire
2553 5307 2802 5367 civitatis,
2833 5304 3725 5378 quodProbaticamuneugani,in

2138 5371 2241 5449 quo
2277 5375 2635 5449 Damascenus
2666 5371 2940 5449 sermones,
2964 5375 3148 5449 habuit
3194 5376 3248 5428 in
3282 5372 3473 5449 Natali
3496 5371 3565 5449 Β.
3600 5371 3724 5449 Υἱν-

2138 5444 2295 5519 ginis.
2316 5447 2520 5519 Ibidem
2545 5448 2717 5510 aiunt,
2734 5447 3065 5519 probatieain
3082 5446 3241 5519 illam
3252 5445 3509 5519 piscinam
3531 5444 3718 5519 fuisse.

2138 5514 2208 5571 Ἀι
2255 5518 2459 5571 nullam
2484 5533 2702 5586 prorsus
2732 5518 2943 5570 domum
2996 5515 3378 5586 Hierosolymis
3405 5522 3524 5586 post
3574 5514 3724 5567 exci-

2136 5590 2283 5641 dium
2310 5584 2519 5642 stetisse
2548 5587 2991 5656 locupletissimus
3016 5596 3091 5639 est
3114 5586 3261 5639 testis
3293 5584 3575 5656 Iosephus,
3611 5593 3718 5638 etc.

2141 5657 2336 5712 Verum
2369 5674 2492 5725 qua:
2535 5654 2696 5711 habet
2724 5657 2974 5720 Cosmas,
3011 5656 3273 5725 suadent,
3294 5654 3717 5725 appellationem

2133 5729 2232 5796 τῆς
2259 5723 2595 5796 προϐατικῆς
2627 5727 2762 5781 nihil
2815 5730 2880 5782 ad
2940 5728 3199 5796 templum
3240 5724 3474 5796 Virginis
3504 5734 3599 5776 aut
3641 5723 3720 5796 ad

2132 5791 2379 5863 domum,
2409 5813 2530 5867 qua:
2554 5791 2843 5865 superstes
2869 5791 3132 5854 manserit
3155 5795 3369 5852 excidio
3404 5791 3719 5864 Hierosoly-

2132 5869 2361 5935 mitano,
2406 5868 2697 5938 pertinere.
