4054 6582
311 370 447 438 1009

1264 370 1520 431 SERMO
1559 369 1640 431 IN
1680 370 1785 433 SS.
1827 369 2159 432 IOACHIM
2192 370 2288 432 ET
2320 373 2603 436 ANNAM.

3417 381 3556 450 1010

309 506 429 559 νης·
458 488 620 552 αὑτός
665 488 814 541 ἐστιν
858 486 888 541 ό
930 486 998 541 δι’
1029 485 1281 558 ἀγγέλων
1323 489 1387 543 τὸ
1433 490 1770 561 πρόσταγμα
1803 488 1894 543 τοῦ

2005 490 2157 545 venit
2185 500 2298 546 tum
2336 493 2404 548 iis
2431 493 2523 563 qui
2560 493 2775 563 procul,
2802 502 2916 550 tum
2949 496 3016 553 iis
3055 498 3149 569 qui
3180 514 3351 573 prope
3385 517 3579 575 erant;

310 581 447 635 Θεοῦ
470 581 565 634 καὶ
592 579 829 650 Πατρόςο
859 579 1022 645 αὑτός
1052 580 1225 634 ἐστιν
1252 583 1287 636 ὁ
1315 582 1423 650 τῆς
1448 582 1717 651 μεγάλης
1739 583 1897 646 ,Βουο

311 672 434 741 λῆς
484 674 772 743 Ἄγγελος
793 712 809 735 ,
841 665 994 739 ᾧτινι
1031 673 1060 727 ὁ
1094 673 1286 745 Πατὴρ
1331 673 1636 744 σύμϐουλος
1660 673 1901 744 γεγονὼς

312 766 547 835 εἰρήκειο
598 764 952 832 Ποιήσωμεν
982 763 1301 833 ἄνθρωπον
1348 766 1480 820 κατ’
1536 768 1745 821 εἰκόνα
1798 764 1898 819 καὶ

312 856 603 925 ὁμοίωσιν
633 855 947 926 ἡμετέραν.
989 848 1160 920 Οὗτός
1187 857 1338 911 ἐστιν
1364 857 1456 911 καὶ
1479 857 1578 926 τῆς
1625 857 1891 929 ἀληθινῆς

313 948 460 1017 ζωῆς
490 949 519 1001 δ
547 948 732 1019 ἄρτος,
764 948 823 1001 ἐν
852 948 931 1019 τῷ
958 948 1057 1020 τῆς
1079 947 1330 1020 Βηθλεέμ
1359 947 1584 1019 ὀνόματι
1615 965 1897 1022 προκηρυ-

312 1038 482 1110 χθείς·
511 1038 762 1111 Βηθλεὲμ
788 1038 897 1109 γὰρ
926 1038 1289 1109 ἑρμηνεύεται
1335 1036 1497 1102 Οἶκος
1524 1038 1714 1109 ἀρτουο
1764 1042 1793 1094 ὁ
1838 1041 1896 1095 ἐν

310 1132 379 1200 τῇ
412 1131 585 1200 σκηνῇ
634 1127 730 1182 τοῦ
780 1127 1034 1199 ’Δὸραάμ
1072 1127 1380 1199 ἐγκρυφίας
1428 1130 1680 1201 πεφθεὶς,
1726 1132 1896 1203 ἤγουν

310 1220 369 1272 ἐν
403 1221 690 1294 μυστηρίῳ
726 1220 1004 1291 ζυμωθεὶς
1033 1220 1221 1292 ἄρτος,
1252 1220 1399 1275 τοῦτ’
1430 1222 1580 1277 ἐστιν
1621 1226 1655 1295 ἠ
1701 1242 1896 1297 γεννη-

308 1314 438 1383 τικὴ
472 1310 609 1385 σὰρξ
638 1313 733 1367 τοῦ
778 1313 1031 1385 Σωτῆρος
1072 1314 1138 1369 ἐκ
1177 1313 1280 1384 τῆς
1324 1315 1607 1387 Παρθένου
1640 1318 1734 1371 καί⁵
1760 1317 1893 1372 Θεο-

306 1408 468 1460 τόκου
488 1405 726 1476 Μαρίας.

381 1498 471 1563 εἷ’.
518 1495 836 1569 Πρόσφορον
876 1492 970 1551 οῦν
1012 1498 1187 1552 εἰπεῖν
1227 1498 1317 1553 διὰ
1362 1499 1556 1555 ταῦτα’
1584 1501 1895 1573 Εὑλόγησεν

310 1588 517 1660 Κύριος
546 1588 637 1644 τὸν
665 1585 815 1643 οἷκον
844 1590 1008 1644 Δαυτδ
1032 1592 1124 1645 τοῦ
1152 1591 1418 1663 βασιλέως
1451 1594 1539 1648 διὰ
1564 1596 1663 1666 τὴν
1686 1597 1891 1668 προέγ-

308 1699 464 1750 γονον
495 1680 662 1736 αὑτοῦ
706 1682 800 1735 καὶ
840 1680 1109 1746 ζωοτόκον
1148 1684 1390 1756 Μαρίαν.
1442 1686 1754 1759 Εὑλόγησεν
1801 1688 1894 1744 τὸν

307 1770 459 1828 οἷκον
518 1775 777 1845 Ἰωακεὶμ
816 1776 913 1829 καὶ
975 1778 1178 1845 Ἀννης
1218 1779 1329 1832 τῶν
1382 1779 1609 1835 δικαίων
1651 1781 1742 1836 διὰ
1793 1784 1893 1855 τὴν

2002 582 2119 651 ipse
2147 590 2228 638 est
2255 584 2376 638 laeta
2395 585 2622 653 justitize
2645 587 2989 642 annuntiatio
3014 607 3029 655 ;
3059 589 3176 660 ipse
3205 607 3304 662 per
3327 596 3579 665 angelum

2000 675 2365 746 promulgatio
2394 684 2478 731 est
2530 676 2664 747 legis
2697 676 2791 733 Dei
2823 694 2888 734 ac
2932 678 3148 749 Patris;
3188 682 3304 752 ipse
3350 686 3579 756 Angelus

1999 775 2085 822 est
2108 768 2287 838 magni
2307 768 2573 834 consilii’,
2600 770 2687 825 cui
2713 768 2875 825 Pater
2903 774 3249 831 consiliarius
3280 779 3580 846 exsistens,

1996 859 2173 916 dixit:
2211 859 2499 917 Faciamus
2530 863 2789 918 hominem
2818 865 2888 919 ad
2918 866 3202 937 imaginem
3241 878 3289 923 et
3328 870 3583 925 similitu-

1996 951 2171 1007 dinem
2200 953 2503 1009 nostram".
2545 954 2646 1010 Hic
2695 965 2782 1011 est
2826 966 2880 1013 et
2913 959 3069 1029 panis
3117 974 3260 1016 verae
3312 962 3459 1025 vitae,
3484 978 3582 1033 per

1997 1058 2196 1100 nomen
2226 1044 2500 1101 Bethleem
2536 1049 2968 1117 praenuntiatus;
3004 1066 3129 1106 nam
3173 1051 3452 1108 Bethleem
3486 1069 3583 1109 ex-

1996 1136 2232 1207 plicatur
2272 1139 2479 1195 Domus
2528 1141 2722 1211 panis;
2750 1141 3152 1202 subcinericius
3190 1154 3276 1201 est
3318 1147 3473 1217 panis
3526 1146 3582 1203 in

2000 1231 2351 1287 tabernaculo
2403 1232 2637 1289 Abrahae
2694 1245 3012 1305 apparatus,
3063 1237 3168 1294 hoc
3212 1247 3316 1306 est,
3364 1239 3419 1293 in
3466 1256 3583 1311 my-

1995 1327 2164 1380 sterio
2194 1323 2571 1390 fermentatus,
2596 1340 2726 1381 caro
2755 1328 3003 1383 videlicet
3028 1324 3331 1387 Salvatoris
3358 1345 3427 1386 ex
3458 1330 3583 1389 νὴ·
3676 1326 3681 1331 δ

1996 1418 2122 1490 gine
2146 1426 2201 1473 et
2244 1416 2332 1473 Dei
2370 1411 2540 1476 matre
2572 1417 2742 1476 Maria
2772 1421 3081 1492 pr0genita.

2068 1510 2155 1567 Vl.
2192 1509 2300 1566 llas
2348 1510 2514 1581 igitur
2555 1512 2627 1567 ob
2658 1527 2857 1569 causas
2888 1524 3318 1572 consentaneum
3365 1526 3449 1573 est
3476 1532 3577 1571 ex‘

1996 1603 2273 1658 clamare:
2304 1601 2586 1658 Bcnedixit
2614 1603 2881 1659 Dominus
2932 1604 3120 1660 domui
3154 1606 3373 1663 Davidis
3425 1608 3577 1677 regis

1996 1702 2218 1766 propter
2276 1693 2503 1750 Mariam
2557 1694 2801 1765 ejusdem
2850 1706 3195 1766 proneptem,
3224 1713 3289 1754 ac
3343 1708 3574 1754 matrem

1998 1787 2143 1841 vitae.
2176 1785 2459 1842 Benedixit
2487 1786 2673 1843 domui
2713 1787 2990 1857 justorum
3021 1786 3298 1844 Joachim’t
3328 1796 3385 1845 et
3412 1790 3589 1845 Annae

306 1865 512 1919 τούτων
558 1866 900 1938 ἡγιασμένην
935 1866 1235 1940 θυγατέρα.
1279 1870 1592 1942 Εὑλὸγησεν
1632 1872 1725 1926 τὸν
1744 1869 1889 1928 οἷκον

2000 1886 2222 1947 propter
2246 1876 2640 1932 sanctiﬁcatam
2661 1856 2852 1932 eorum
2876 1877 3065 1932 tiliam.
3090 1877 3372 1933 Benedixit
3394 1878 3581 1935 domui

320 1957 519 2028 Ἰωσὴφ
545 1958 633 2011 διὰ
653 1958 752 2028 τὴν
781 1959 1144 2029 χρηματικῶς
1167 1960 1263 2015 καὶ
1290 1962 1453 2031 μόνον
1491 1963 1894 2035 παραδοθεῖσαν

307 2046 547 2118 νύμφην,
580 2048 678 2119 τὴν
709 2048 879 2113 ὅντως
907 2049 1077 2121 ἁγνὴν
1119 2051 1214 2104 καὶ
1244 2052 1606 2124 ἀειπάρθενον
1627 2055 1722 2109 τοῦ
1757 2058 1895 2130 Χρι-

309 2140 437 2195 στοῦ
462 2142 695 2212 Μητέρα
722 2142 817 2195 καὶ
858 2142 1123 2197 Θεοτόκον
1146 2145 1391 2216 Μαρίαν.

378 2233 541 2287 Ὅθεν
563 2232 652 2287 διὰ
688 2234 861 2288 ταῦτα
884 2237 1276 2309 τρισμακάριοι
1309 2240 1407 2312 τῆς
1457 2239 1804 2314 Θεομήτορος
1841 2243 1892 2297 0i

306 2329 505 2393 γονεῖς,
534 2323 612 2387 οἷς
638 2328 745 2391 πᾶς
769 2330 796 2381 ό
824 2328 1031 2399 κόσμος
1057 2334 1344 2399 χρεωστεῖο
1383 2334 1431 2385 οῖ
1475 2334 1573 2404 μὲν
1614 2333 1723 2406 γὰρ
1762 2352 1895 2405 προ-

306 2418 498 2489 φῆται,
531 2418 599 2473 δι’
625 2419 806 2473 αὐτῶν
851 2422 1045 2493 ὅτιπερ
1075 2422 1323 2495 ἀψευδῶς
1357 2426 1737 2498 ἐχρημάτισαν
1764 2428 1894 2498 περὶ

306 2511 405 2580 τῆς
442 2510 912 2582 ἐνανθρωπήσεως
944 2513 1040 2566 τοῦ
1083 2515 1341 2586 Χριστοῦ·
1385 2518 1436 2570 οἱ
1462 2517 1772 2585 ἀπόστολοι,
1809 2520 1893 2573 ὅτι

303 2607 393 2660 διὰ
419 2610 517 2679 τῆς
538 2608 721 2663 αὑτῶν
744 2609 1018 2682 θυγατρὸς
1045 2610 1153 2664 υἱοὶ
1196 2610 1373 2680 φωτὸς
1423 2612 1892 2687 ἀνεγεννήθησαν’

304 2701 355 2752 οί
392 2701 539 2769 ἆγιοι
573 2701 872 2773 μάρτυρες,
906 2703 989 2756 ὅτι
1016 2702 1496 2775 ἐστεφανώθησαν·
1526 2705 1577 2758 οῖ
1620 2706 1757 2761 ὅσιοι
1798 2709 1895 2762 καὶ

304 2789 526 2857 δίκαιοι,
566 2792 644 2856 ὡς
677 2792 786 2847 τῶν
832 2793 1139 2865 μελλόντων
1182 2793 1406 2862 ἀγαθῶν
1441 2794 1803 2868 κληρονόμοιο
1840 2801 1892 2853 oi

296 2882 644 2959 ἁμαρτωλοὶ,
689 2884 765 2950 ὡς
806 2885 894 2940 διὰ
939 2885 1049 2941 τῶν
1115 2884 1424 2958 πρεσϐειῶν
1475 2885 1579 2958 τῆς
1627 2887 1891 2945 Θεοτόκου

304 2973 457 3027 ἐλεοὺ
465 2993 636 3045 μενοι.

376 3071 451 3123 Z'.
488 3063 584 3132 Οἷς
622 3071 718 3125 καὶ
743 3070 958 3142 βοῶμεν
981 3070 1339 3143 εὐχαρίστωςο
1373 3075 1574 3147 Χαῖρε,
1613 3076 1893 3131 πάνσεπτε

305 3159 484 3232 πάτερ
531 3162 631 3232 τῆς
679 3162 819 3233 μετά
874 3163 1008 3217 Θεὸν
1068 3163 1286 3229 ἐλπίδος
1347 3168 1527 3239 ἡμῶν,
1609 3169 1887 3242 Ἰωακείμο

306 3225 469 3321 χάρις
498 3254 564 3324 τῇ
586 3225 765 3322 eaeo:
794 3272 909 3309 σου.
942 3256 1138 3326 Χαῖρε,
1170 3225 1410 3329 πάντιμε
1447 3225 1624 3333 μητερ
1654 3263 1754 3333 τῆς
1787 3225 1891 3335 μη-
1917 3225 1962 3283 c

304 3343 435 3412 τρδς
469 3344 570 3415 τῆς
623 3346 769 3416 ζωῆς
800 3348 980 3418 ἡμῶν,
1039 3350 1230 3403 Ἀνναο
1282 3351 1411 3417 δόξα
1446 3356 1513 3425 τῇ
1550 3355 1727 3428 κοιλίᾳ
1769 3374 1889 3412 σου.

305 3437 499 3507 Χαῖρε,
526 3438 702 3509 πάτερ
728 3438 1097 3511 ἀγαθοσπόρε,
1134 3443 1228 3495 καὶ
1264 3442 1360 3497 τοῦ
1386 3445 1730 3518 πολυσπόρου
1770 3467 1893 3519 γεν-

305 3528 549 3599 νήματος
589 3530 824 3600 γεωργέ.
869 3533 1062 3603 Χαῖρε,
1107 3534 1283 3606 μῆτερ
1326 3538 1749 3611 μεγαλόκαρπε,
1792 3543 1892 3612 τῆς

307 3622 584 3692 σωτηρίας
632 3624 789 3693 ἡμῶν
829 3623 977 3695 ῥίζα.
1016 3626 1214 3697 Χαῖρε,
1265 3629 1465 3701 πάτερ,
1513 3631 1606 3685 τοῦ
1656 3634 1891 3706 εὑερόρου

308 3712 540 3784 βότρυος
563 3715 939 3786 ἀμπελουργὲσ
965 3720 1142 3789 χαῖρε,
1173 3720 1370 3793 μῆτερ,
1402 3722 1503 3794 τῆς
1531 3724 1747 3797 ἀγαθῆς
1785 3728 1891 3799 γῆς

306 3808 808 3862 ἐκατονταπλάσιον
827 3809 1058 3880 ἄρουρα.
1087 3813 1283 3885 Χαῖρε,
1302 3814 1502 3887 πάτερ,
1529 3816 1622 3871 τοῦ
1642 3819 1889 3891 ἐμψύχου

305 3901 637 3973 παραδείσου
665 3905 955 3972 φυτουργέ.
985 3905 1179 3976 Χαῖρε,
1208 3906 1402 3976 μῆτερ,
1430 3908 1523 3962 τοῦ
1554 3911 1891 3980 ἀνεγκλήτου

306 3994 505 4050 κλάδου
543 3996 783 4068 δένδρον.
836 3998 1032 4070 Χαῖρε,
1086 4001 1285 4070 πάτερ,
1330 4002 1424 4054 τοῦ
1469 4003 1699 4057 ἀσπίλου
1747 4023 1891 4077 μαρ-

305 4089 534 4161 γαρίτου
553 4089 750 4161 κόγχη.
783 4090 984 4159 Χαῖρε,
1030 4090 1228 4161 μῆτερ,
1253 4092 1359 4156 ,106
1399 4093 1642 4163 καθαροῦ
1682 4098 1893 4166 σμαρά-

304 4178 433 4246 γδου
476 4179 672 4250 πέτρα.
717 4182 914 4250 Χαῖρε,
958 4183 1153 4252 πάτερ,
1205 4186 1305 4254 τῆς
1344 4183 1655 4254 ζωορρὑου
1706 4186 1890 4258 πηγῆς

307 4270 469 4343 φλέψ.
496 4273 690 4345 Χαῖρε,
730 4273 929 4346 μῆτερ,
962 4273 1064 4346 τῆς
1099 4277 1415 4346 τεκνογόνου
1447 4276 1606 4350 δίψης
1638 4277 1819 4351 ὑδρία.

1998 1968 2221 2041 Josephi
2261 1978 2487 2041 propter
2529 1970 2789 2025 traditam
2823 1971 2877 2024 in
2903 1978 3224 2041 potestatem
3259 1970 3427 2037 iUius,
3458 1970 3583 2041 jure

1998 2061 2123 2118 licet
2176 2061 2464 2117 dumtaxat
2522 2062 2785 2131 sponsali,
2820 2062 2980 2133 plane
3031 2077 3225 2136 puram
3276 2076 3341 2117 ac
3369 2075 3584 2131 semper

1996 2155 2262 2226 virginem
2290 2155 2494 2211 Christi
2522 2155 2749 2210 Matrem
2792 2162 2848 2210 et
2878 2154 3166 2226 Deiparam
3204 2153 3454 2209 Mariam.

2068 2248 2377 2305 Beatissimi
2395 2250 2619 2321 proinde
2644 2251 2746 2305 hac
2773 2249 2841 2305 de
2867 2263 3032 2304 causa
3055 2249 3149 2303 Dei
3168 2247 3355 2303 Matris
3382 2263 3587 2318 paron--

1996 2352 2100 2410 tes,
2128 2343 2329 2413 quibus
2357 2342 2645 2398 universus
2668 2357 2727 2397 se
2751 2341 2994 2397 mundus
3007 2340 3333 2396 obstrictum
3368 2341 3587 2411 proﬁte-

1995 2446 2115 2504 tur;
2132 2449 2183 2491 et
2202 2436 2482 2506 prophetae
2508 2434 2729 2505 quidem
2764 2443 3048 2505 propterea
3070 2434 3212 2503 quod
3235 2433 3587 2488 voracissima

1995 2545 2089 2587 eos
2122 2531 2190 2586 de
2244 2529 2622 2587 incarnatione
2675 2528 2881 2584 Christi
2940 2529 3163 2584 oracula
3192 2527 3448 2590 edidisse,
3485 2543 3583 2597 per

1997 2624 2147 2694 ipsos
2197 2621 2451 2693 apparuit
2482 2640 2498 2688 ;
2529 2620 2785 2691 apostoli,
2814 2621 2942 2690 quia
2998 2634 3095 2690 per
3155 2634 3346 2674 eorum
3392 2616 3585 2672 Filiam

1997 2732 2137 2771 nova
2167 2714 2515 2785 generatione
2548 2711 2681 2769 facti
2710 2721 2839 2768 sunt
2872 2711 2965 2766 lilii
3019 2712 3196 2778 lucis;
3230 2710 3405 2767 sancti
3438 2725 3588 2764 mar—

2002 2818 2170 2879 tyres,
2200 2808 2331 2877 quia
2376 2807 2626 2862 coronati
2678 2805 2940 2876 sunt;pii
2995 2820 3060 2860 ac
3103 2804 3273 2873 justi,
3322 2812 3587 2872 tanquam

1994 2901 2303 2956 futurorum
2365 2899 2610 2955 haeredes
2640 2898 2954 2963 bonorum;
2996 2904 3337 2967 peccatores,
3391 2902 3589 2964 utpote

1996 3010 2095 3066 per
2146 2994 2390 3063 Deiparaa
2434 3007 2626 3063 preces
2672 2990 3107 3046 misericordiam
3162 2995 3583 3056 consequentes.

2070 3077 2182 3134 VII.
2214 3077 2280 3133 Et
2310 3093 2411 3134 nos
2442 3079 2629 3148 itaque
2656 3087 2813 3150 grato
2854 3079 3039 3131 animo
3079 3076 3273 3132 iisdem
3314 3074 3589 3129 acclame-

1998 3188 2160 3228 mus:
2195 3171 2373 3238 Salve,
2423 3169 2700 3236 Joachim,
2752 3168 3145 3239 augustissime
3199 3168 3348 3223 illius
3404 3174 3582 3236 pater.

1995 3280 2117 3335 qua:
2150 3279 2274 3335 spes
2306 3272 2389 3318 est
2440 3272 2625 3318 nostra
2662 3270 2786 3333 post
2834 3261 3040 3326 Deum;
3075 3258 3278 3314 lumbis
3312 3257 3423 3314 tuis
3470 3257 3586 3311 sint

1994 3355 2202 3427 gratiae.
2235 3352 2415 3418 Salve,
2444 3353 2622 3417 Anna,
2657 3368 2869 3409 summe
2902 3351 3222 3407 honoranda
3258 3350 3406 3407 illius
3462 3365 3585 3404 ma-

1996 3457 2097 3515 ter,
2120 3464 2242 3519 quae
2268 3457 2441 3503 mater
2465 3456 2552 3502 est
2574 3448 2698 3501 vitae
2720 3454 2956 3511 nostrae;
2990 3453 3145 3500 utero
3171 3454 3265 3499 tuo
3294 3444 3364 3499 sit
3388 3443 3583 3512 gloria.

1996 3539 2176 3603 Salve,
2208 3547 2380 3608 pater,
2422 3537 2618 3607 optimi
2680 3545 2849 3602 sator,
2885 3535 3177 3604 cultorque
3241 3530 3580 3587 uberrimam

1994 3647 2252 3703 promens
2314 3638 2573 3700 segetem.
2606 3630 2788 3693 Salve,
2838 3637 3031 3693 mater,
3064 3628 3340 3682 immenso
3396 3624 3585 3679 fructu

1995 3726 2116 3780 laeta
2148 3723 2306 3779 radix
2336 3722 2506 3786 illius,
2551 3736 2674 3791 quae
2725 3720 2875 3777 salus
2917 3726 3105 3775 nostra
3156 3720 3353 3774 evasit.
3402 3716 3587 3779 Salve,

1994 3828 2171 3889 pater,
2207 3831 2270 3871 ex
2305 3815 2449 3871 culta
2488 3828 2520 3867 a
2556 3820 2607 3866 te
2634 3815 2788 3867 vinea
2826 3814 3067 3883 Opimum
3124 3809 3376 3881 praebens
3433 3822 3589 3863 race-

1995 3925 2167 3965 mum.
2212 3908 2393 3971 Salve,
2440 3912 2636 3967 mater,
2661 3913 2819 3959 terra;
2869 3904 3027 3957 bonae
3076 3901 3476 3957 lertilissimum
3509 3913 3593 3951 ar-

1997 4020 2148 4059 vum.
2175 4001 2355 4065 Salve,
2374 4008 2549 4072 pater,
2576 4000 2800 4055 animati
2824 3996 3060 4069 paradisi
3090 3996 3382 4066 plantator.
3408 3993 3588 4053 Salve,

1995 4104 2189 4158 mater,
2210 4093 2371 4147 arbor
2392 4106 2607 4145 ramum
2632 4091 2748 4145 vitii
2769 4099 3045 4159 expertem
3068 4088 3276 4143 habens
3298 4084 3587 4158 (2).Salve,

1996 4194 2183 4257 pater,
2212 4184 2576 4239 immaculata:
2632 4182 2941 4251 margaritae
2991 4180 3220 4236 concha.
3260 4177 3438 4240 Salve,
3472 4190 3594 4230 ma‘

1996 4288 2100 4342 ter,
2136 4275 2330 4343 integri
2381 4289 2411 4328 a
2455 4288 2609 4327 naevo
2672 4271 2946 4343 smaragdi
2979 4280 3156 4341 petra.
3191 4268 3383 4331 Salve,
3413 4275 3588 4336 pater,

1994 4378 2132 4418 vena
2182 4361 2347 4417 fontis
2411 4361 2683 4416 manantis
2718 4361 2907 4416 vitam.
2961 4360 3142 4425 Salve,
3172 4366 3363 4421 mater,
3398 4356 3592 4428 hydria

1997 4456 2141 4512 sitim
2182 4454 2537 4525 suscipienda:
2566 4455 2735 4522 prolis
2778 4453 3148 4524 exstingucns.

382 4544 693 4618 Πληροῦται
718 4547 780 4601 τὸ
805 4547 978 4618 στόμα
999 4548 1158 4619 ἡμῶν
1172 4548 1267 4602 τοῦ
1290 4548 1529 4620 ὑμνῆσαι
1549 4550 1647 4620 τῆς
1668 4549 1894 4619 ἀγιοσὺ-

2076 4546 2338 4616 Impletur
2366 4562 2429 4601 os
2464 4557 2711 4599 nostrum
2747 4544 3002 4599 laudibus
3035 4542 3254 4598 eximia:
3284 4540 3591 4597 sanctitatis

306 4637 581 4709 νηςὺμῶν
602 4639 671 4692 τὰ
696 4637 974 4709 ἐξαίρει-α’
996 4638 1114 4692 ἀλλ’
1129 4639 1230 4692 οὑκ
1259 4638 1427 4710 ἐσμὲν
1456 4641 1630 4693 ίκανοὶ
1651 4641 1750 4711 τὴν
1779 4640 1897 4693 θεό-

310 4728 537 4793 ζευκτον
583 4729 738 4800 ὑμῶν
777 4730 1020 4800 ὑμνῆσαι
1054 4729 1255 4791 δυάδα.
1290 4731 1338 4783 εί
1382 4732 1456 4802 μή
1504 4748 1568 4799 γε
1613 4732 1755 4785 κατὰ
1795 4731 1896 4801 τὴν

311 4824 497 4892 φωνὴν
531 4819 629 4875 τοῦ
666 4821 890 4891 ἐγγόνου
921 4822 1077 4892 ὑμῶν
1112 4822 1253 4875 κατά
1296 4822 1474 4894 σάρκα
1513 4823 1751 4893 Χριστοῦ
1782 4841 1887 4894 μα-

312 4912 539 4984 καρίσαι
573 4913 700 4979 τοὺς
736 4914 1105 4987 ἀμφοτέρους,
1135 4916 1231 4969 καὶ
1264 4917 1442 4970 εἰπεῖν
1466 4932 1481 4947 ⁸
1514 4915 1758 4986 Χαίρετε
1789 4918 1892 4974 καὶ

415 5074 436 5106 ³
470 5078 573 5131 lsa.
607 5076 721 5145 tx,6
754 5091 866 5134 sec.
900 5074 1063 5131 LXX.
1129 5078 1150 5109 ⁸
1181 5076 1319 5135 Gen.
1354 5094 1392 5145 ι,
1425 5075 1507 5133 16.

389 5239 788 5365 (2)ῦι)οιρξοιιιε
815 5240 1059 5310 apertius
1086 5238 1437 5294 immaculata
1470 5236 1712 5309 Virginis
1739 5237 1893 5308 origo

389 5327 457 5365 [ιιι
503 5327 645 5365 rari.

314 5327 645 5368 Slﬂnlllf'al'll

369 5355 855 5452 r‘(-:"r)"l‘le'qnaquam
880 5387 965 5452 est
981 5379 1423 5452 obscurum,_ltoc
1437 5379 1556 5452 loco
1578 5378 1743 5432 δυάδα
1767 5378 1893 5447 poni

316 5450 418 5522 pro
453 5450 813 5522 δυασμὸνεγοο
844 5450 1154 5521 signiﬁcare
1199 5450 1539 5522 conjugalem
1591 5458 1792 5514 actum,
1826 5464 1891 5522 es

316 5520 429 5590 quo
468 5520 623 5576 beata
673 5520 837 5590 Virgo
892 5530 1150 5589 concepta
1196 5529 1296 5575 est.
1328 5520 1699 5589 Praeterquam
1748 5520 1891 5587 quod

314 5596 461 5648 enim
511 5593 695 5646 nullus
747 5590 886 5646 alius
922 5590 1219 5658 probabilis
1268 5605 1463 5646 sensus
1518 5590 1573 5644 in
1604 5598 1894 5644 contextus

316 5664 592 5733 adjunctis
613 5662 873 5733 occurrit,
901 5661 1143 5733 ejusdem
1171 5670 1454 5733 contextus
1481 5659 1620 5733 ratio
1654 5658 1892 5733 idplane

316 5731 591 5804 postulat;
621 5732 761 5804 unde
789 5742 843 5786 et
862 5731 1357 5804 concluditur-illis
1389 5731 1590 5804 verbis,
1619 5731 1751 5783 satis
1781 5746 1890 5804 esse

319 5801 392 5860 at!
461 5805 690 5874 ipsorum
742 5802 973 5868 laudem,
1007 5802 1143 5870 quod
1188 5801 1409 5856 Matrem
1453 5801 1553 5857 Dei
1592 5801 1883 5873 genuerint.

2001 4653 2227 4705 vestrae;
2248 4650 2303 4694 at
2326 4649 2565 4694 vestrum
2592 4637 2701 4693 Deo
2717 4637 2942 4707 auspice
2962 4637 3155 4691 initum
3175 4635 3490 4703 conjugium
3512 4633 3590 4696 ('5)

2000 4735 2281 4790 celebrare
2317 4749 2661 4804 nequaquam
2691 4748 2855 4803 pares
2881 4746 3099 4791 sumus,
3130 4729 3232 4783 nisi
3274 4726 3591 4796 usurpando

1999 4840 2160 4880 voces
2213 4824 2442 4890 Christi,
2491 4824 2657 4879 vestri
2709 4824 3012 4878 secundum
3071 4836 3291 4875 carnem
3348 4817 3596 4888 nepotis,

2000 4919 2187 4976 beatos
2208 4934 2306 4974 vos
2338 4918 2502 4975 ambo
2528 4916 2891 4989 praediccmus
2913 4931 2979 4974 ac
3009 4916 3298 4974 dicamus:
3327 4913 3595 4976 Gaudete,

2000 5235 2146 5291 Nihil
2184 5251 2347 5304 porro
2378 5235 2645 5291 illustrius
2672 5235 2827 5306 juxta
2859 5245 2913 5292 ct
2936 5236 3116 5307 aptius
3150 5236 3217 5291 ad
3247 5234 3579 5291 laudandam

1925 5348 1939 5355 -
2005 5307 2096 5362 Dei
2131 5307 2425 5363 Genitricis
2458 5309 2871 5377 conceptionem
2912 5308 3020 5363 dici
3058 5310 3250 5378 potuit,
3281 5322 3453 5378 quam
3492 5322 3585 5378 ge:

2000 5378 2302 5433 nerationis
2330 5393 2470 5445 opus
2504 5378 2611 5431 Deo
2633 5376 2856 5447 auspice
2881 5376 3404 5447 l'ttisse‘susceptum.
3426 5376 3581 5440 Quod

2001 5464 2134 5503 sane
2163 5451 2417 5519 congruit
2451 5462 2576 5502 cum
2604 5448 2692 5511 iis,
2725 5449 3016 5519 qureapud
3050 5448 3318 5503 Isidorum
3350 5447 3583 5519 legimus

2003 5520 2181 5591 (Hom.
2207 5520 2261 5572 in
2308 5518 2565 5573 Prwsent.
2596 5519 2798 5591 Deips§
2832 5518 2973 5584 ΧΙΙΙ,
3000 5520 3295 5591 oportuisse
3348 5518 3578 5591 scilicet,

2002 5588 2058 5642 ut
2092 5593 2162 5643 ad
2196 5606 2552 5661 congressum,
2573 5590 2711 5643 unde
2753 5589 3272 5661 Virginisprocessit
3289 5588 3575 5656 conceptio,

2000 5661 2253 5785 ngdaIittd
2279 5658 2438 5732 quam
2469 5675 2780 5732 congressus
2826 5676 2939 5713 cum
2965 5659 3071 5712 Deo
3096 5658 3381 5726 impelleret
3422 5668 3582 5729 atque

2000 5749 2028 5784 α
2110 5744 2299 5785 nectet.

1999 5744 2299 5790 adduceret.
