4044 6568
470 335 613 403 Nil.

1029 337 1293 400 (ΖΟΞΜίΕ
1323 337 1773 400 VESTlTORIS
1798 336 2056 398 SERMO
2095 336 2176 396 IN
2218 336 2321 396 SS.
2359 334 2687 397 IOACHIM
2733 336 2829 398 ET
2864 335 3149 397 ANNAM.

3582 329 3714 397 1012

464 461 515 506 et
561 451 843 515 exsultale,
876 449 1124 521 quoniam
1163 465 1377 515 merces,
1414 447 1625 503 fructus
1673 447 1812 503 uteri
1846 446 2035 509 veSIri,

2148 445 2536 515 ἀγαλλιᾶσθε,
2565 446 2652 500 ὅτι
2681 450 2715 501 d
2737 447 2956 516 μισθὸς
2981 446 3074 500 τοῦ
3110 444 3328 518 καρποῦ
3357 448 3455 513 τῆς
3483 449 3715 517 γαστρὸς

466 543 521 596 in
546 541 687 597 cretis
712 551 788 597 est
810 543 854 596 ⁸.
897 539 1007 596 Vos
1041 541 1185 596 enim
1219 539 1374 606 estis,
1400 541 1491 611 qui
1519 555 1640 594 eum
1660 539 1792 609 justi
1818 539 2035 606 essetis,

467 645 688 705 propter
719 633 1063 689 sterilitatem
1115 632 1423 704 approbriis
1469 631 1651 687 fuistis
1702 632 1951 701 impetiti,
1984 643 2039 689 et

467 726 655 796 iniqua
678 725 963 780 adversum
988 740 1084 780 vos
1108 724 1271 779 verba
1302 723 1603 780 audivistis.
1632 725 1700 777 At
1728 722 1890 793 paulo
1916 734 2039 793 post

466 817 744 872 laetissime
791 816 859 872 de
909 827 1161 888 suscepta
1197 818 1346 888 prole
1402 817 1571 888 gavisi
1638 815 1792 879 estis,
1818 824 1871 869 et
1905 815 2039 870 satis

463 919 548 963 est
599 908 755 965 vobis
786 908 852 963 ad
887 908 1123 975 Iaudem,
1160 908 1302 981 quod
1331 906 1554 962 Matrem
1596 904 1685 959 Dei
1716 905 2036 976 genueritis.

534 996 768 1053 Prorsus
794 998 939 1052 enim
970 998 1153 1053 divino
1179 996 1569 1069 prmdeﬁnitum
1596 994 1774 1051 fuerat
1794 996 2035 1059 decreto,

468 1096 526 1142 ut
543 1087 675 1157 justi
699 1086 777 1142 illi
800 1087 1039 1159 Deiparae
1056 1088 1327 1157 genitores
1348 1085 1671 1158 cognatione
1688 1101 1808 1143 cum
1820 1086 2039 1142 Christo

468 1184 768 1239 secundum
801 1198 1019 1239 carnem
1048 1181 1455 1237 deviucirentur
1500 1188 1758 1251 tanquam
1789 1180 1958 1251 digni,
1985 1189 2039 1235 et

467 1276 770 1331 honOribus
809 1275 1300 1330 eohonestarentur
1334 1283 1593 1343 tauquam
1627 1273 1910 1329 nobilitate
1952 1288 2041 1345 ge-

467 1364 788 1435 neris,regii
808 1378 1002 1433 nempe
1022 1372 1073 1418 et
1107 1362 1483 1427 sacerdotalis,
1503 1363 1766 1434 insignes.
1790 1363 1863 1418 Ex
1885 1374 2037 1418 utra-

467 1470 575 1525 que
612 1455 757 1508 enim
790 1455 1021 1509 duarum
1051 1454 1267 1508 illarum
1302 1456 1566 1519 tribuum,
1602 1471 1723 1525 qum
1751 1456 1863 1525 jam
1914 1456 2041 1513 inde

468 1546 538 1601 ab
572 1545 727 1601 initio
778 1545 1009 1601 diversis
1058 1546 1235 1602 modis
1284 1547 1557 1617 permistze
1594 1546 1832 1616 fuerant,
1867 1563 2041 1619 genus

469 1651 629 1690 suum
664 1634 891 1706 Deipara
921 1634 1089 1691 ducit.

546 1726 683 1781 Vill.
711 1725 963 1782 Ceterum
1022 1727 1090 1783 de
1150 1728 1483 1797 genitoribus
1543 1728 1786 1798 Deiparte
1834 1739 1887 1789 et
1936 1732 2040 1787 ista

469 1819 558 1874 hic
616 1818 779 1889 adjici
846 1831 1075 1890 possunt
1099 1820 1141 1874 ⁸.
1177 1819 1492 1882 Zacharias.
1522 1820 1748 1878 Joannis
1792 1825 2045 1895 Baptista:

471 1917 646 1979 pater,
673 1910 892 1964 fratrem
913 1911 1359 1965 eonsacerdotem
1391 1910 1601 1976 habuit,
1626 1913 1805 1983 Aggaei
1831 1916 2046 1970 nomine

471 2001 826 2071 appellatum,
845 2002 936 2072 qui
963 2011 1017 2057 et
1042 2003 1143 2072 ipsi
1169 2012 1530 2072 praemortuus
1548 2013 1650 2060 est.
1671 2005 1845 2076 Hujus
1864 2007 2045 2078 Aggzei

472 2091 635 2145 filiam
683 2091 738 2145 in
782 2092 1174 2147 matrimonum
1209 2091 1362 2147 duxit
1392 2091 1595 2164 Joseph
1638 2093 1830 2161 faber;
1870 2113 1900 2153 e
1936 2114 2045 2170 qua

477 2194 716 2254 quatuor
740 2185 977 2256 suscepit
1012 2185 1172 2249 filios,
1205 2201 1269 2241 ac
1285 2187 1422 2242 duas
1456 2187 1617 2252 tilias,
1645 2204 1875 2259 quorum
1907 2207 2048 2247 unus

473 2275 576 2330 fuit
608 2276 868 2345 Iacobus,
904 2277 1325 2348 cngnominatus
1362 2277 1531 2334 frater
1590 2278 1818 2347 Christi,
1845 2283 1938 2351 qui
1994 2292 2049 2337 et

474 2368 684 2436 primus
708 2367 917 2423 exstitit
945 2366 1452 2439 Hierosolymorum
1493 2370 1814 2442 episcopus;
1849 2389 2047 2429 nomen

474 2469 655 2512 autem
694 2458 883 2515 uxoris
914 2459 1086 2529 ipsius
1110 2468 1227 2515 erat
1265 2459 1508 2529 Salome,
1535 2478 1642 2517 non
1691 2464 1911 2533 quidem
1945 2466 2051 2522 Ob-

476 2551 691 2616 stetrix,
727 2551 821 2605 sed
852 2551 991 2607 alia.
1034 2552 1205 2608 Porro
1235 2562 1357 2623 post
1396 2553 1555 2625 lmjus
1594 2568 1822 2611 mortem
1847 2556 2047 2628 Joseph

475 2654 735 2709 sponsam
776 2642 986 2712 accepit
1047 2642 1272 2698 Mariam
1338 2644 1648 2715 Deiparam,
1680 2664 1802 2718 quae
1855 2665 2051 2720 genere

474 2738 727 2786 materno
775 2733 1043 2802 originem
1103 2733 1360 2789 trahebat
1396 2750 1426 2790 e
1465 2735 1684 2791 Mathan
1741 2740 2048 2807 sacerdote,

475 2821 569 2890 qui
603 2830 657 2876 et
692 2821 811 2890 ipse
837 2832 955 2877 erat
985 2838 1051 2877 ex
1078 2826 1249 2895 stirpe
1278 2825 1611 2894 Salomonis,
1644 2828 1739 2883 filii
1774 2830 1963 2895 David,
1993 2840 2052 2887 ut

475 2911 637 2968 habet
657 2910 1008 2984 Evangelinm
1033 2915 1315 2983 Lucae,ubi
1340 2920 1707 2991 genealogiam
1722 2921 2049 2979 dominicam

473 3005 754 3060 describit.
781 3007 887 3062 iste
912 3008 1054 3063 enim
1083 3007 1299 3065 Mathan
1329 3026 1392 3066 ex
1421 3011 1589 3068 Maria
1620 3029 1788 3070 uxore
1812 3031 1909 3071 sua
1940 3025 2050 3074 tres

477 3098 667 3153 habuit
713 3098 873 3164 filias,
910 3115 1140 3170 quarum
1194 3103 1415 3157 nomina
1466 3113 1598 3159 sunt
1624 3104 1814 3173 Maria,
1845 3105 2046 3173 Sobbe,

474 3191 652 3243 Anna.
693 3188 858 3245 Maria
908 3190 1094 3260 itaque
1126 3193 1384 3248 Salomen
1422 3192 1781 3251 Obstetricem
1828 3199 2045 3267 genuit;

478 3275 657 3332 Sobbe
711 3278 897 3347 genuit
945 3278 1203 3346 Elisabet,
1235 3280 1464 3339 Joannis
1505 3284 1759 3354 Baptista:
1784 3296 2047 3355 matrem;

475 3372 633 3422 Anna
666 3382 802 3424 vero
833 3370 887 3425 in
920 3370 1195 3427 Bethleem
1247 3376 1431 3445 genuit
1485 3375 1770 3448 Deiparam
1802 3379 2050 3446 Mariam,

475 3475 597 3528 quae
629 3476 695 3516 ex
727 3463 946 3519 nomine
978 3465 1114 3521 aviae
1143 3475 1200 3521 et
1248 3477 1552 3524 matertera:
1588 3469 1754 3527 Maria
1784 3473 2051 3543 appellata

475 3562 595 3619 est;
627 3554 762 3609 adeo
790 3567 848 3610 ut
872 3556 1130 3625 Elisabet,
1176 3560 1350 3615 Annae
1373 3561 1595 3632 quidem
1626 3579 1687 3619 ex
1722 3580 1913 3620 sorore
1956 3581 2053 3619 nc-

478 3647 606 3714 ptis,
631 3645 874 3718 Deipars:
919 3666 1049 3706 vero
1067 3652 1396 3708 consobrina
1428 3653 1615 3710 fuerit.
1651 3655 1805 3721 Quod
1832 3658 2051 3728 quidem

478 3746 772 3810 utrumque
812 3742 1101 3798 Confirmat
1136 3743 1516 3814 Evangelium,
1556 3746 1648 3801 ubi
1681 3746 1748 3801 ad
1801 3749 2053 3805 indican-

477 3828 605 3882 dum
635 3829 843 3887 Christi
901 3834 1205 3889 secundum
1254 3849 1474 3891 carnem
1515 3846 1802 3908 paternum
1858 3856 2050 3913 genus,

478 3919 640 3986 Erat,
678 3923 874 3994 inquit,
909 3924 1067 3982 Jesus
1124 3928 1376 3997 incipiens
1430 3931 1582 4000 quasi
1636 3948 1899 3987 annorum
1952 3937 2053 3989 tri-

475 4016 644 4085 ginta,
680 4028 737 4071 ιιι
760 4018 1072 4087 putabatur,
1113 4020 1259 4090 filius
1282 4020 1502 4092 Ioseph,
1532 4024 1621 4094 qui
1648 4025 1751 4093 fuit
1791 4025 1933 4094 Heli,
1963 4031 2053 4097 qui

478 4107 580 4177 fuit
608 4106 832 4163 Malean
858 4111 903 4176 ⁶;
929 4110 997 4166 de
1032 4123 1281 4167 materno
1306 4122 1488 4170 autem
1538 4130 1757 4186 genere,
1788 4115 1941 4184 Ecce,
1970 4119 2053 4174 in-

476 4200 615 4270 quit,
633 4209 680 4255 et
714 4199 953 4257 Elisabet
989 4214 1213 4273 cognata
1246 4207 1407 4277 tuaj’.
1443 4205 1691 4272 Quorum
1719 4209 1914 4278 gratia,
1942 4211 2056 4280 glo-

476 4292 558 4347 ria
591 4294 1107 4374 sitghenignissimze
1146 4297 1239 4353 Dei
1281 4300 1535 4357 eharitati
1580 4318 1724 4358 nunc
1749 4312 1802 4357 et
1836 4318 2054 4374 semper

477 4394 532 4442 et
570 4387 624 4442 in
649 4372 849 4445 saecula
886 4392 1233 4447 saeculorum.
1269 4395 1465 4451 Amen.

556 4567 791 4624 'Mattlt.
826 4570 975 4639 v,12.
1050 4574 1071 4605 ⁸
1093 4572 1227 4630 Luc.
1271 4590 1349 4642 ιιι,
1379 4573 1469 4629 25.
1536 4575 1556 4607 ⁷
1581 4572 1784 4642 Luc.’t,
1816 4573 1905 4628 56.

2146 538 2298 608 ὑμῶν
2332 538 2400 591 ἐν
2427 539 2551 605 τοῖς
2579 538 2880 606 οὐρανοῖς.
2925 537 3119 608 Ὑμεῖς
3139 538 3247 610 γάρ
3276 539 3398 592 ἐστε
3430 540 3479 593 οἱ
3507 538 3595 592 διὰ
3617 538 3715 608 τὴν

2143 630 2398 687 ἀτεκνίαν
2428 630 2815 694 ὀνειδισθέντες
2847 632 3014 700 ἅγιοι,
3041 633 3137 686 καὶ
3159 632 3421 703 ῥημάτων
3448 632 3716 691 ἀκούσαν-

2145 736 2236 782 τες
2266 721 2542 790 πονηρῶν.
2596 721 2740 774 Ἀλλ’
2775 723 3173 793 εὑιρρανθέντες
3222 724 3340 795 μετ’
3391 724 3571 790 ὀλίγον
3621 722 3716 777 ἐπὶ

2141 812 2507 877 τεκνογονίαν,
2525 812 2620 867 καὶ
2645 812 2806 883 άρκεῖ
2834 813 2962 884 ὑμῖν
2992 812 3129 885 πρὸς
3159 812 3381 869 ἔπαινον
3406 815 3468 868 τὸ
3498 815 3715 885 μητέρα

2143 900 2278 955 Θεοῦ
2308 903 2718 972 γεγεννηκέναι.

2226 990 2465 1059 Ἀληθῶς
2499 990 2629 1062 γὰρ,
2656 992 2733 1054 ὡς
2776 991 2938 1057 ἄξιοι,
2984 990 3408 1063 προωρίσθησαν
3437 992 3487 1045 οἱ
3516 992 3716 1045 δίκαιοι

2143 1082 2242 1154 τῆς
2275 1085 2535 1137 Θεοτόκου
2563 1085 2909 1155 γεννήτορες,
2937 1086 3292 1155 συγγενιᾶσαι
3325 1085 3545 1155 Χριστῷ
3573 1085 3717 1139 κατὰ

2147 1175 2345 1246 σάρκα,
2384 1177 2479 1229 καὶ
2513 1176 2588 1239 ὡς
2613 1178 2679 1230 ὲκ
2708 1178 2898 1245 γένους
2932 1177 3230 1248 ἐπισήμου,
3264 1174 3547 1247 βασιλικοῦ
3572 1175 3718 1241 λέγω

2142 1270 2238 1323 καὶ
2270 1268 2565 1339 ἱερατικοῦ,
2595 1269 2914 1341 τιμηθῆναι.
2951 1267 3043 1333 Ἐξ
3059 1268 3226 1338 ἇμςρω
3255 1268 3363 1339 γὰρ
3391 1268 3423 1337 ὴ
3454 1266 3717 1330 Θεοτόκος

2145 1362 2546 1429 γενεαλογεῖται
2586 1362 2893 1432 ὲπιμίκτων
2925 1361 3033 1412 τῶν
3071 1360 3164 1413 δύο
3196 1360 3379 1430 φυλῶν
3411 1357 3507 1413 ἀπ’
3543 1359 3717 1429 ἀρχῆς

2146 1452 2287 1505 κατὰ
2318 1451 2612 1522 διαφόρους
2648 1452 2887 1523 τρόπους
2925 1450 3265 1532 γενομένων..

2220 1731 2305 1788 H'.
2341 1731 2509 1787 Ἔνθα
2546 1730 2730 1785 λοιπὸν
2768 1730 2863 1785 καὶ
2911 1729 3007 1786 ἐπὶ
3051 1728 3165 1782 τῶν
3208 1728 3307 1798 τῆς
3337 1728 3599 1781 Θεοτὸκου
3632 1742 3723 1794 γο·

2148 1827 2284 1881 νέων
2321 1824 2514 1888 οὕτως.
2549 1824 2892 1896 Ζαχαρίας,ὀ
2919 1821 3099 1895 πατὴρ
3132 1820 3382 1875 Ἰωάννου
3400 1818 3493 1872 τοῦ
3519 1818 3724 1870 Βαπτι-

2152 1917 2303 1985 στοῦ,
2328 1915 2554 1985 ἀδελφὸν
2588 1916 2746 1987 ἔσχεν
2775 1913 3049 1986 συνιερέα,
3081 1910 3412 1983 καλούμενον
3445 1910 3723 1977 ’Δγγαίον,

2147 2010 2255 2082 πρὸ
2301 2008 2466 2063 αὑτοῦ
2515 2006 2973 2079 τετελευτηκότα.
3038 2004 3244 2059 Τούτου
3302 2002 3398 2055 τοῦ
3466 2002 3724 2069 Ἀγγαίου

2149 2104 2426 2174 θυγατέρα
2450 2102 2586 2175 πρὸς
2617 2101 2796 2173 γάμον
2827 2099 3035 2170 ἢγαγεν
3075 2095 3274 2167 Ἰωσὴφ
3321 2095 3349 2147 ὁ
3385 2094 3625 2148 τέκτων·
3664 2090 3726 2155 ἐξ

2148 2191 2216 2269 ἦς
2248 2196 2536 2267 ἐγέννησεν
2560 2194 2835 2265 τέσσαρας
2865 2190 3015 2253 υἱοὺς
3044 2189 3138 2243 καὶ
3162 2188 3257 2243 δύο
3285 2184 3592 2255 θυγατέρας
3611 2199 3627 2215 ο
3648 2176 3724 2235 ὧν

2154 2286 2232 2355 εἷς
2266 2284 2335 2359 ἦν
2375 2287 2653 2351 Ἰάκωϐος,
2687 2286 2714 2337 ὁ
2737 2281 3054 2352 ἐπικληθεὶς
3092 2278 3318 2347 ἁδελφὸς
3344 2275 3438 2330 τοῦ
3460 2271 3722 2344 Χριστοῦ,

2150 2384 2178 2436 ὁ
2207 2382 2300 2435 καὶ
2322 2378 2536 2452 πρῶτος
2559 2378 2857 2438 ἐπίσκοπος
2896 2370 3317 2445 Ἰεροσολύμων·
3353 2368 3449 2422 καὶ
3476 2367 3536 2420 τὸ
3555 2366 3724 2435 ὄνομα

2149 2475 2251 2545 τῆς
2274 2471 2531 2542 γυναικὸς
2555 2468 2722 2526 αὑτοῦ
2743 2466 3001 2539 Σαλώμη,
3027 2466 3126 2537 οὐχ
3155 2466 3188 2536 ἠ
3210 2464 3380 2525 Μαῖα,
3398 2459 3511 2514 ἀλλ’
3537 2458 3718 2545 ἑτέρα.

2150 2564 2305 2620 Μετὰ
2345 2562 2575 2616 θάνατον
2616 2558 2673 2615 δὲ
2705 2557 2877 2628 αὐτῆς
2919 2552 3339 2627 μνηστεύεταιὸ
3384 2547 3586 2618 Ἰωσὴφ
3625 2544 3722 2615 τὴν

2153 2656 2418 2711 Θεοτόκον
2448 2651 2666 2719 Μαρίαν
2694 2651 2793 2721 τὴν
2826 2647 2967 2702 κατὰ
2995 2646 3059 2700 τὸ
3086 2644 3351 2716 μητρικὸν
3400 2640 3555 2709 γένος
3590 2654 3722 2690 κατ-

2153 2749 2428 2819 αγομένην
2459 2745 2567 2800 ἀπὸ
2601 2743 2833 2799 Ματθάν
2874 2740 2969 2795 τοῦ
2999 2740 3224 2811 ἱερέως,
3266 2736 3361 2790 καὶ
3403 2731 3567 2787 αὐτοῦ
3616 2729 3724 2783 ἀπὸ

2153 2834 2517 2905 Σολομῶντος,
2552 2830 2645 2885 τοῦ
2675 2829 2792 2883 υίοῦ
2828 2828 3013 2890 Δαυῖδ,
3035 2827 3109 2891 ὥς
3139 2843 3305 2897 φησιν
3335 2823 3396 2877 τὸ
3421 2821 3564 2876 κατὰ
3588 2822 3724 2872 Λου-

2152 2928 2255 2982 κᾶν
2316 2924 2647 2995 Εὐαγγέλιον
2726 2919 3236 2991 γενεαλογούμενον.
3318 2911 3488 2979 Οὗτος
3546 2913 3654 2982 γὰρ
3696 2912 3725 2964 ὁ

2151 3018 2380 3074 Ματθάν
2412 3019 2562 3089 τρεῖς
2601 3016 2757 3087 ἔσχεν
2803 3013 3128 3083 θυγατέρας,
3168 3013 3232 3063 ἐκ
3258 3007 3474 3083 Μαρίας
3506 3005 3605 3073 τῆς
3628 3019 3726 3070 γυ-

2072 3150 2117 3212 C
2153 3111 2337 3175 ναικὸς
2366 3108 2532 3165 αὐτοῦ
2554 3124 2566 3139 ·
2605 3101 2680 3162 ὧν
2702 3107 2942 3177 ὀνόματα
2970 3102 3177 3212 Μαρία,
3203 3099 3399 3212 ξοὸῗὴ,
3435 3092 3726 3212 ’ἤνῖα.ιὲῐξ

2149 3198 2245 3258 οὖν
2290 3201 2479 3275 Μαρία
2534 3202 2698 3272 γεννᾷ
2756 3197 3024 3269 Σαλώμην
3077 3195 3177 3267 τὴν
3223 3194 3437 3247 Μαῖαν·
3477 3191 3511 3262 ἡ
3551 3187 3726 3257 Σοδδὴ

2150 3295 2316 3365 γεννᾷ
2364 3292 2466 3364 τὴν
2523 3290 2802 3347 Ἐλισάὸετ
2827 3327 2843 3356 ,
2888 3288 2988 3358 τὴν
3054 3285 3268 3357 μητέρα
3326 3282 3574 3337 Ἰωάννου
3635 3277 3725 3331 τοῦ

2151 3382 2457 3440 Βαπτιστοῦ
2479 3400 2493 3413 ⁸
2531 3385 2564 3454 ἡ
2597 3383 2655 3439 δὲ
2688 3384 2856 3435 Ἀννα
2886 3381 3053 3451 γεννᾷ
3083 3379 3177 3449 τὴν
3214 3377 3478 3430 Θεοτόκον
3509 3371 3727 3442 Μαρίαν

2152 3478 2210 3531 ἐν
2259 3474 2528 3546 Βηθλεὲμ,
2570 3475 2670 3545 τὴν
2714 3472 2858 3527 κατὰ
2904 3470 2964 3527 τὸ
2987 3470 3160 3541 ὄνομα
3206 3469 3307 3538 τῆς
3355 3466 3592 3538 μάμμης
3636 3461 3729 3513 καὶ

2153 3568 2303 3631 θείας
2336 3566 2723 3640 ἐπικληθεῖσαν
2757 3564 2976 3636 Μαρίαν
2996 3579 3010 3593 °
3035 3562 3112 3626 ὼς
3137 3556 3275 3615 εῖναι
3310 3558 3408 3629 τὴν
3450 3555 3727 3609 Ἐλισάὸετ

2153 3660 2378 3728 ἀνεψιὰν
2412 3660 2510 3731 μὲν
2538 3659 2635 3730 τῆς
2663 3659 2882 3729 Ἀννης,
2910 3655 3205 3725 ὲξαδέλςρην
3228 3653 3283 3706 δὲ
3305 3652 3407 3723 τῆς
3438 3652 3725 3703 Θεοτόκευ.

2153 3751 2463 3824 Κυροῦντος
2509 3752 2577 3806 τὰ
2608 3753 2845 3822 ἑκάτερα
2890 3749 2984 3803 τοῦ
3013 3746 3371 3816 Εὐαγγελίου,
3422 3742 3511 3797 διὰ
3539 3741 3599 3795 τὸ
3634 3741 3731 3811 μὲν

2155 3844 2409 3915 πατρῷον
2439 3844 2595 3912 γένος
2616 3844 2711 3897 καὶ
2742 3842 3003 3914 σαρκικδν
3032 3838 3126 3893 τοῦ
3157 3835 3396 3910 Χριστοῦ
3416 3852 3430 3866 ·
3464 3831 3599 3897 Ἦν,
3623 3850 3730 3903 φη-

2156 3938 2260 4003 σὶν,
2297 3940 2331 3992 ό
2372 3937 2608 4005 Ἰησοῦς
2667 3937 2999 4005 ἀρχόμενος
3046 3933 3126 3999 ὡς
3177 3931 3328 3986 ἐτῶν
3384 3927 3727 3998 τριάκοντα,

2153 4028 2284 4095 υίὸς
2316 4029 2397 4094 ὠς
2453 4027 2748 4097 ἐνομίζετο
2786 4026 2892 4081 τοῦ
2976 4023 3220 4094 Ἰωσὴφ,
3244 4021 3350 4078 τοῦ
3416 4020 3548 4075 Ἠλὶ
3578 4060 3593 4085 ,
3624 4018 3729 4073 τοῦ

2154 4118 2404 4173 Ματθάν
2438 4136 2452 4150 ο
2496 4118 2585 4172 διὰ
2633 4118 2690 4173 δὲ
2720 4119 2779 4173 τὸ
2830 4119 3098 4190 μητρικόν
3128 4134 3142 4148 ο
3184 4114 3364 4179 Ἰδοὺ,
3396 4112 3585 4184 φησὶν,
3628 4110 3729 4163 καὶ

2170 4212 2478 4265 Ἐλισάϐετ
2510 4212 2547 4281 ἡ
2582 4209 2885 4282 συγγενής
2916 4226 3057 4266 σου.
3107 4205 3209 4263 Ὧν
3264 4209 3451 4260 ἕνεκεν
3490 4203 3617 4272 δόξα
3660 4203 3729 4273 τῇ

2159 4303 2563 4370 συγκαταϐάσει
2601 4302 2696 4356 τοῦ
2745 4302 2878 4355 Θεοῦ
2932 4301 3027 4357 νῦν
3062 4302 3157 4356 καὶ
3207 4300 3315 4366 ἀεὶ,
3367 4298 3462 4352 καὶ
3490 4298 3571 4360 είς
3603 4294 3732 4357 τοὺς

2159 4392 2357 4457 αἰῶνας
2380 4394 2489 4446 τῶν
2528 4394 2759 4449 αἰώνων.
2811 4394 3005 4466 Ἀμήν.

545 4734 600 4787 4.
641 4728 854 4805 Nullius
878 4746 1009 4805 sane
1045 4733 1216 4805 frugis
1238 4735 1534 4799 videbitur,
1555 4750 1641 4800 ea,
1665 4749 1787 4803 qua:
1811 4745 2047 4805 sequun-
2077 4733 2123 4790 D
2153 4726 2363 4783 Ilelvid.
2419 4743 2481 4805 _n.
2528 4729 2615 4805 ιν)
2671 4729 3023 4805 refutaverat.
3043 4730 3126 4805 ‘At
3154 4742 3279 4783 cum
3305 4726 3554 4805 eamdem
3574 4727 3733 4805 hanc

477 4809 584 4874 μιν.
647 4804 822 4874 Oculis
852 4801 1175 4874 subiecisse,
1206 4807 1505 4874 praesertim
1535 4801 1695 4874 quod
1727 4805 1781 4857 in
1804 4801 2041 4874 historia

476 4871 577 4925 hac
638 4871 982 4945 genealogica
1028 4871 1258 4931 texenda
1310 4876 1377 4929 de
1433 4871 1742 4931 castissimo
1802 4872 2043 4945 Deiparje

473 4956 679 5013 sponso
729 4958 790 4997 ea
826 4942 1014 4999 auctor
1047 4957 1457 5009 commemoret,
1491 4960 1611 5013 quae
1659 4942 1939 5013 communi,
1976 4942 2040 4995 li-

2150 4799 2545 4870 paragrapltum
2577 4796 2689 4868 jam
2723 4802 2777 4853 in
2826 4802 2987 4856 editis
3042 4796 3541 4877 haberemnsapud
3568 4796 3732 4851 Cote—

2150 4868 2342 4918 lerium
2392 4868 2527 4918 (PP.
2561 4873 2743 4918 Anost.
2790 4880 2920 4918 tom.
2960 4870 3011 4918 Ι-
3048 4886 3168 4918 nam.
3223 4867 3331 4918 279
3373 4883 3428 4918 ιη
3488 4875 3601 4918 not.
3662 4867 3733 4918 ad

2148 4867 2342 4925 leriuin
2383 4867 2527 4934 (ΡΙ).
2560 4867 2743 4937 Apost.
2790 4880 2920 4925 tom.
2959 4870 3011 4935 Ι,
3046 4886 3168 4941 pag.
3223 4867 3331 4923 279
3373 4868 3428 4920 in
3488 4875 3601 4920 not.
3658 4867 3731 4945 ad

2148 4941 2237 4995 lib.
2293 4956 2353 4994 ιιι
2386 4955 2504 5003 cap.
2530 4940 2562 4994 6
2594 4941 2821 4996 Constit.
2859 4941 3090 5011 Apost.),
3129 4939 3279 4995 nulla
3327 4938 3519 4993 aderat
3568 4945 3731 5002 ratio,

474 5010 674 5066 delium
709 5016 990 5068 sententia:
1041 5017 1419 5072 adversantur.
1452 5010 1680 5082 qtizeque
1708 5014 1817 5081 jam
1854 5012 1978 5066 inde
2007 5028 2037 5067 a
2145 5028 2245 5066 cur
2275 5026 2394 5066 eam
2442 5026 2567 5066 cum
2603 5011 2822 5068 homilia
2856 5027 2965 5069 non
2995 5011 3363 5081 vulgaremus.

475 5093 672 5150 quarto
717 5083 974 5141 Ecclesiae
1028 5085 1226 5142 saeculo
1286 5083 1346 5141 S.
1379 5084 1742 5155 Hieronymus
1794 5083 2034 5155 (Advers.
