4054 6560
444 327 586 391 1015

1675 325 1924 387 CANON
1961 325 2492 391 ACROSTICHUS

3588 336 3728 402 1016

440 439 761 514 splendidus
791 438 951 496 nobis
974 438 1054 495 sol
1082 440 1360 504 exoriens,
1389 438 1600 510 fulgore
1632 440 1879 497 veritatis
1901 441 2008 495 uni-

2126 444 2351 514 φαιδρὸς
2383 444 2670 510 ἀνατείλας
2702 446 2884 514 ἥλιος,
2917 448 3128 515 πάντας
3162 450 3431 524 φωτισμῷ
3461 452 3562 523 τῆς
3594 454 3729 523 (Da;-

436 549 626 590 versos
647 532 994 597 illuminavit,
1026 539 1081 587 et
1102 530 1412 604 profundas
1444 531 1741 601 impietatis
1769 533 2024 589 tenebras

432 626 669 696 disjecit.

504 715 815 787 lgniformis
847 716 1079 773 thronus
1113 715 1207 772 Dei
1238 716 1371 781 tuis,
1408 731 1441 770 o
1473 716 1631 772 beata
1660 716 1818 771 Anna
1849 730 1879 769 a
1912 715 2022 771 Deo

429 819 654 874 vocata,
708 809 1013 866 visceribus
1084 808 1437 876 infunditur;
1487 809 1541 864 in
1608 824 1720 880 quo
1774 808 1866 865 ille
1934 822 2023 865 se-

430 902 566 958 dens
606 902 894 973 requievit,
934 902 1257 973 laboresque
1318 902 1531 973 piorum
1564 901 1809 957 omnium
1836 902 2025 957 abstu-

429 993 513 1060 lit,
532 1006 697 1066 atque
721 995 1001 1052 caelestem
1024 995 1229 1051 erroris
1257 1006 1538 1065 expertem
1559 992 1849 1051 scientiam
1891 994 2023 1051 effu—

427 1087 531 1143 dit.

502 1178 646 1235 Ecce
674 1179 956 1246 lectulum,
979 1194 1142 1250 quem
1166 1194 1294 1235 vero
1318 1176 1454 1250 Regi
1476 1178 1529 1235 in
1552 1179 1769 1250 generis
1790 1178 2017 1235 humani

427 1272 827 1327 restauratione
865 1272 933 1328 ad
968 1272 1235 1327 divinitus
1293 1272 1759 1328 discumbendum
1790 1286 2019 1343 prorsus

424 1374 703 1421 serratum
738 1365 994 1421 Salomon
1017 1366 1289 1436 praedixit,
1320 1366 1446 1422 sinu
1473 1375 1591 1427 tuo,
1611 1381 1644 1421 ο
1670 1365 1853 1430 Anna.
1885 1380 2021 1421 con-

424 1457 615 1527 cepisti
641 1473 656 1519 ;
683 1468 971 1527 propterea
994 1466 1265 1527 quotquot
1294 1470 1487 1511 sumus
1509 1454 1718 1521 fideles,
1747 1462 1800 1509 te
1816 1453 2015 1525 prtedi-

422 1563 615 1604 cantus
642 1551 880 1603 beatam.

1100 1638 1239 1695 ODE
1279 1640 1344 1695 ν.

496 1732 539 1786 E
570 1742 755 1788 monte
804 1733 1084 1789 descendit
1149 1730 1493 1797 Joachimus,
1547 1747 1653 1787 non
1708 1734 1822 1804 jam
1880 1732 2014 1802 legis

422 1826 660 1894 tabulas,
703 1826 797 1881 sed
856 1841 1022 1897 quam
1078 1826 1161 1880 lex
1216 1826 1694 1895 praemonstrabat,
1739 1840 2014 1896 quamque

421 1934 615 1973 omnes
646 1920 1036 1988 prophetarum
1069 1916 1460 1987 prmdictiones
1493 1916 1874 1989 indigitabant,
1910 1918 2014 1972 im-

420 2012 752 2067 maculatam
788 2010 883 2066 Dei
932 2010 1159 2067 Matrem
1202 2010 1466 2082 adeptus;
1496 2019 1551 2066 et
1594 2011 1880 2067 exsultans
1912 2027 2011 2067 ex-

418 2104 732 2161 clamabat:
766 2101 1082 2157 Esaltatum
1115 2110 1199 2157 est
1226 2117 1323 2158 cor
1354 2117 1561 2159 meum.

496 2196 598 2252 Ubi
624 2198 781 2251 Anna
815 2195 1033 2250 tandem
1066 2194 1363 2265 aliquando
1395 2195 1667 2265 persensit
1711 2194 2012 2252 visceribus

418 2288 537 2345 suis
569 2288 719 2343 illam
774 2288 995 2343 insitam
1042 2302 1166 2342 esse
1217 2287 1385 2341 vitem
1444 2286 1808 2353 fructiferam,
1837 2301 1868 2342 e
1902 2302 2010 2357 qua

418 2396 669 2438 racemus
719 2380 973 2444 efﬂoruit,
1023 2380 1116 2450 qui
1163 2379 1231 2434 ad
1288 2380 1665 2434 maturitatem
1711 2380 2009 2452 perductus

414 2474 603 2527 vinum
662 2473 824 2529 nobis
857 2511 873 2537 ,
930 2471 1184 2526 videlicet
1242 2472 1732 2541 immortalitatem,
1790 2473 2010 2543 copiose

416 2566 619 2630 stillat,
670 2563 811 2631 Quid
859 2563 1710 2630 tibi,exclamabat;misericors
1758 2564 2005 2634 Domine,

416 2659 716 2715 retribuam
737 2658 761 2713 2

488 2754 624 2809 Cum
659 2752 862 2823 pietate
922 2751 1164 2808 sterilem
1216 2761 1469 2809 naturam
1519 2768 1746 2810 cernere
1784 2752 2009 2810 Joaclti-

415 2864 541 2903 mus
573 2863 681 2903 non
716 2845 902 2914 ferret,
934 2844 1247 2903 cflundebat
1301 2862 1513 2919 preces,
1540 2856 1599 2902 ut
1631 2849 1803 2904 Annae
1843 2849 2007 2905 steri-

416 2942 544 2997 litas
600 2939 937 3006 auferretur,
966 2955 1203 3011 eamque
1253 2941 1463 3012 prolem
1499 2942 1614 3013 ipsa
1665 2942 1953 2998 sortiretur
1979 2957 2010 2998 e

413 3050 521 3106 qua
575 3034 799 3090 daretur
859 3032 1005 3089 filius
1058 3033 1148 3088 ille
1200 3033 1532 3099 altissimus,
1564 3034 1659 3105 qui
1714 3034 2009 3091 universos

414 3128 677 3186 mortales
709 3126 861 3183 Patri
888 3142 991 3183 suo
1019 3127 1162 3181 lilios
1190 3125 1443 3185 efﬁceret.

1080 3212 1217 3270 ODE
1250 3213 1339 3270 Vl.

485 3310 841 3383 Magnificans
877 3310 1035 3365 Anna
1071 3310 1294 3366 lsraelis
1328 3310 1817 3379 Deum,clamabat
1849 3316 2001 3367 laeta-

411 3406 596 3461 bunda
623 3422 639 3460 :
669 3404 1004 3461 Praatcreunt
1031 3402 1219 3471 procul
1248 3402 1415 3457 dubio
1448 3404 1652 3458 umbrae
1683 3404 1849 3474 legis;
1874 3417 2003 3459 ecce

410 3499 557 3554 enim
593 3498 849 3567 Splendor
879 3497 1079 3551 divina:
1109 3494 1297 3566 gratia:
1342 3504 1591 3566 apparet,
1643 3495 1805 3566 Virgo
1852 3496 2002 3552 scili-

2126 535 2280 599 θείας
2308 537 2649 609 κατηύγασε,
2679 540 2776 595 καὶ
2806 540 2945 611 βαθῦ
2986 542 3179 608 σκότος
3207 544 3399 610 ἀθεῖας
3426 545 3717 620 ὶξήλασεν.

2196 716 2399 786 Θρδνος
2439 718 2468 772 ὁ
2497 718 2847 790 πυριμορφος
2874 720 3013 775 Θεοῦ
3050 720 3245 790 λαγόσι
3272 739 3369 777 σου
3411 723 3716 795 ἐνίδρυταιο

2124 809 2183 861 ἔν
2215 802 2261 878 ᾧ
2294 810 2526 875 καθίσας
2572 813 2982 881 ἀναπέπαυται,
3030 815 3128 869 καὶ
3155 816 3379 871 πάντων
3407 818 3518 871 τῶν
3559 816 3719 871 εὐσε-

2123 901 2237 954 ϐῶν
2274 902 2367 958 τὸν
2396 905 2566 958 κόπον
2614 904 2899 973 ἀφείλετο,
2937 907 3035 960 καὶ
3070 906 3172 978 τὴν
3196 906 3447 977 καθαρὰν
3476 906 3719 975 θεογνω-

2124 994 2247 1051 σίαν
2275 995 2556 1068 ἑνίδρυσεν
2582 997 2679 1051 ἐπὶ
2702 998 2829 1069 γῆς,
2857 1000 3028 1054 ’Δννα
3059 998 3312 1070 μακαρία
3349 998 3639 1070 θεόληπτε.

2197 1173 2328 1239 Ἴδε,
2365 1175 2436 1246 ἢν
2460 1175 2677 1248 προέφη
2718 1175 2993 1247 Σολομὼν,
3022 1178 3082 1231 ὲν
3117 1178 3303 1250 μήτρᾳ
3332 1177 3525 1249 κλίνην
3550 1178 3708 1250 εῐλη-

2121 1285 2249 1337 φας,
2300 1268 2684 1340 τετηρημένην
2729 1269 3076 1341 ἀληθέστατα
3126 1269 3206 1340 τῷ
3256 1270 3448 1341 ἀληθεῖ
3490 1270 3711 1325 Βασιλεῖ

2120 1359 2273 1414 Θείαν
2306 1360 2443 1427 πρὸς
2468 1360 2753 1415 ἀνάκλισιν
2776 1362 2972 1430 γένους
2996 1362 3107 1418 τῶν
3140 1361 3350 1434 βροτῶν
3393 1364 3705 1434 ἑπανακλή-

2121 1466 2224 1503 σευ
2261 1450 2344 1505 διό
2386 1468 2445 1505 σε
2497 1453 2870 1524 χαρμονικῶς,
2914 1453 3107 1520 Ἀννα,
3154 1456 3204 1509 οξ
3240 1454 3424 1509 πιστοὶ
3465 1454 3705 1526 μακαρί-

2120 1540 2303 1614 ξομεν.

2801 1638 2936 1709 om
2976 1640 3049 1694 εο.

2192 1724 2479 1795 Κατῆλθεν
2511 1726 2573 1793 ἐξ
2621 1726 2782 1798 ὅρους
2809 1730 2839 1783 ὁ
2874 1729 3153 1801 Ἱωακεὶμ,
3184 1730 3305 1802 οὐχ).
3350 1732 3567 1799 πλάκας
3597 1735 3693 1791 τοῦ

2046 1805 2087 1863 Β
2118 1817 2286 1887 νόμου
2320 1817 2637 1889 δεξάμενος,
2671 1821 2740 1891 ἢν
2762 1820 2925 1891 νόμος
2950 1821 3007 1874 δὲ
3039 1822 3377 1895 προέγραψε,
3408 1828 3503 1880 καὶ
3525 1829 3699 1883 πᾶσαι

2116 1912 2413 1986 προφητῶν
2446 1912 2723 1984 ἐδήλωσαν
2747 1912 2805 1967 αι
2838 1913 3045 1984 ῥήσεις.
3082 1914 3220 1968 Θεοῦ
3247 1916 3417 1988 ἀγνὴν
3444 1918 3696 1989 Μητέραο

2116 2016 2210 2069 καὶ
2245 2012 2483 2087 σκιρτῶν
2513 2011 2732 2068 ἀνεὸόαο
2779 2011 3158 2084 Ἐμεγαλύνθη
3192 2014 3227 2084 ἡ
3256 2014 3454 2085 καρδία
3482 2032 3609 2085 μου.

2185 2193 2428 2262 Λαγόσιν
2475 2192 2551 2257 ὡς
2585 2192 2783 2265 ⁴ᾔσθετο
2814 2194 2985 2247 Ἄννα
3031 2194 3162 2248 ποτὲ
3193 2194 3553 2264 φυτευθεῖσαν
3598 2195 3699 2266 τὴν

2114 2285 2396 2357 εὔκαρπον
2436 2284 2706 2357 ἄμπελον,
2746 2286 2807 2352 ἐξ
2848 2280 2919 2359 ἧς
2966 2288 2995 2341 ὁ
3042 2286 3241 2358 βότρυς
3273 2287 3508 2358 ἤνθησεν
3537 2291 3567 2342 ὁ
3594 2290 3698 2343 πέ-

2116 2396 2307 2450 πειρος
2366 2380 2501 2451 ἡμῖν
2555 2375 2718 2444 οἶνον,
2768 2379 3096 2447 ἀθανασίαν,
3127 2379 3401 2445 πλουσίως
3445 2381 3695 2435 ἀποστά-

2112 2472 2247 2540 ζων,
2269 2474 2335 2527 Τί
2367 2490 2451 2527 σοι
2480 2473 2869 2541 ἀνταποδώσω,
2900 2472 3243 2544 εὔσπλαγχνε
3275 2473 3470 2545 Κύριε,
3502 2473 3697 2544 ἐφθέγ-

2111 2583 2259 2636 γετο.

2181 2744 2275 2815 Μὴ
2301 2741 2485 2816 φὲρων
2502 2744 2603 2815 τὴν
2623 2742 2802 2798 κτίσιν
2824 2745 2853 2798 ὁ
2891 2742 3150 2815 Ίωακεὶμ
3177 2742 3417 2815 καθορᾷν
3442 2741 3694 2814 εὐσεϐείᾳ

2113 2838 2522 2910 στειρεύουσαν,
2585 2836 2687 2909 τὴν
2736 2836 3021 2907 στείρωσιν
3072 2836 3282 2891 ἱκέτευε
3339 2835 3441 2906 τῆς
3493 2837 3692 2902 ’Δννης

2111 2930 2423 3003 παρελθεῖν,
2454 2932 2551 2985 καὶ
2583 2930 2788 3001 ταύτην
2818 2931 2963 2996 ἕξειν
2994 2929 3161 2983 παῖδα
3192 2928 3254 2994 ἐξ
3299 2924 3369 3002 ἧς
3393 2927 3507 2992 υίδς
3534 2926 3693 2996 ἐδόθη

2109 3022 2319 3085 πάντας
2359 3021 2678 3093 υίοθετήσας
2706 3021 2784 3093 τῷ
2814 3020 3008 3075 ἑαυτοῦ
3044 3022 3220 3093 Πατρὶ
3246 3022 3274 3075 ὁ
3304 3018 3550 3090 ὕψιστος.

2756 3199 3027 3253 ’OAHJC’.

2756 3200 2923 3252 ’OAH:
2992 3206 3027 3253 ’.

2176 3294 2361 3366 Νόμου
2393 3296 2450 3349 αἱ
2478 3293 2629 3347 σκιαὶ
2670 3253 2861 3362 σαφῶς
2894 3200 3359 3362 πῗρατρέχουσιν.
3395 3288 3549 3359 Δύγὴ
3582 3286 3693 3361 γάρ

2106 3389 2215 3443 ίδοῦ
2238 3387 2336 3458 τῆς
2361 3387 2511 3450 θείας
2543 3388 2766 3456 χάριτος
2798 3384 3178 3455 ἐμφανίζεται,
3214 3385 3245 3453 ἡ
3271 3381 3573 3454 Παρθένος,
3605 3398 3692 3436 νε-

2104 3482 2240 3552 φέλη
2297 3480 2358 3545 ἐξ
2387 3474 2455 3553 ἦς
2487 3482 2515 3533 ὁ
2557 3479 2783 3550 φαιδρὸς
2812 3480 2913 3544 τῆς
2946 3477 3201 3547 θεότητος
3234 3476 3476 3548 ἀντίσχει
3523 3476 3693 3539 ὅντως

411 3600 522 3659 cet,
579 3591 753 3647 nubes
805 3590 895 3645 illa
930 3604 960 3645 e
1002 3604 1110 3659 qua
1164 3587 1405 3658 fulgidus
1447 3588 1530 3644 sol
1586 3587 1816 3646 Deitatis
1872 3604 2001 3645 vere

2110 3573 2274 3643 ἥλιος,
2334 3572 2505 3625 Ἀννα
2559 3569 2840 3642 γηθομένη
2875 3568 3075 3641 ἐκραζε
3102 3608 3117 3633 ,
3149 3568 3240 3622 τὸν
3300 3567 3435 3622 Θεὸν
3473 3567 3693 3639 Ἰσραὴλ

412 3698 659 3744 enascrtu
671 3702 716 3740 Γ.

484 3777 587 3834 Ubi
638 3776 889 3846 angelum
924 3775 1079 3829 Anna
1116 3772 1325 3829 audivit
1381 3773 1721 3829 nuntiantem
1769 3788 1826 3829 se
1855 3774 2001 3845 pari-

410 3882 590 3928 turam
637 3885 761 3926 esse
792 3868 1083 3935 infantem,
1120 3865 1334 3927 Novum
1368 3884 1522 3933 sane,
1552 3868 1750 3938 inquit,
1784 3879 2001 3939 specta-

407 3963 617 4029 culum,
644 3962 691 4018 si
732 3970 786 4016 et
816 3975 939 4033 ego,
972 3961 1128 4032 prius
1162 3960 1454 4017 infecunda
1485 3968 1539 4016 et
1569 3972 1759 4030 partus
1792 3961 1997 4025 nescia,

405 4059 518 4128 jam
552 4070 892 4127 concepero;
926 4056 1055 4112 hinc
1087 4056 1468 4112 exclamabat:
1506 4053 1674 4125 Euge,
1706 4054 1844 4125 proli
1878 4054 1999 4109 felix

407 4153 683 4219 nuntium,
717 4152 761 4208 si
786 4151 949 4207 verba
976 4150 1155 4207 exitus
1197 4158 1477 4222 sequatur.

486 4244 593 4302 Ubi
626 4246 788 4301 Anna
832 4260 892 4302 se
933 4244 1257 4315 concepisse
1289 4242 1580 4316 persensit,
1610 4240 1954 4296 exclamabat
1983 4254 1999 4291 :

405 4340 684 4397 Ltetentur
714 4348 927 4396 montes
954 4346 1011 4393 et
1039 4338 1229 4403 colles,
1256 4336 1433 4407 campi
1490 4346 1544 4391 et
1588 4350 1759 4399 mare,
1783 4332 2002 4401 angelo-

404 4452 525 4492 rum
549 4434 843 4490 multitudo
868 4443 922 4487 et
953 4431 1270 4487 universum
1298 4428 1608 4485 mortalium
1638 4441 1807 4497 genus
1830 4442 1844 4477 :
1866 4424 2003 4478 divi-

404 4545 533 4586 num
565 4528 712 4585 enim
760 4524 977 4581 Domini
1008 4524 1294 4580 delubrum
1328 4522 1544 4577 initium
1577 4532 1730 4574 novae.
1770 4517 2003 4572 mdillca-
2031 4547 2077 4604 ι)

405 4620 569 4681 tionis
586 4618 839 4688 sumpsit.

1063 4706 1201 4764 ODE
1234 4706 1351 4763 VII.

476 4805 649 4873 Quem
687 4802 901 4876 Moyses
930 4802 1060 4858 olim
1091 4803 1145 4857 iu
1180 4799 1312 4855 Sina
1344 4799 1478 4853 vidit
1524 4797 1721 4852 rubum
1759 4795 1997 4851 flammiv

405 4899 606 4964 ferum,
640 4899 787 4954 hunc
833 4898 987 4951 Anna
1040 4894 1164 4949 sinu
1227 4890 1499 4960 concepit,
1521 4898 1577 4944 et
1630 4886 1998 4944 iufecundatis

406 4986 790 5059 ignominiam,
831 5000 941 5056 qua
992 4983 1278 5047 urebatur,
1310 4978 1772 5051 quemadmodum
1801 4979 1997 5036 deinde

404 5079 740 5152 impietatem
795 5074 1096 5146 exstinguit
1160 5086 1357 5127 eorum
1413 5070 1506 5141 qui
1545 5079 1788 5125 canunt:
1823 5069 1995 5125 Bene-

403 5171 585 5227 dictus
618 5186 700 5238 es,
724 5170 870 5225 Deus
897 5168 1121 5223 Patrum
1154 5172 1427 5220 nostrum.

476 5261 672 5316 Mirum
705 5261 761 5316 in
790 5259 1035 5325 modum,
1075 5272 1109 5312 o
1140 5257 1317 5321 Anna,
1349 5268 1496 5308 nunc
1547 5252 1639 5307 illa
1672 5251 1883 5323 depluit
1936 5252 1991 5308 in

402 5356 586 5413 sinum
652 5365 806 5411 tuum
863 5353 1035 5420 stilla,
1066 5368 1190 5423 qua:
1223 5359 1391 5407 totam
1448 5348 1596 5404 intus
1645 5361 1707 5403 se
1757 5346 1995 5419 excipiet

404 5464 604 5520 aquam
651 5446 794 5511 vitae.
826 5445 1156 5501 irrorantem
1209 5457 1324 5509 eos,
1356 5440 1450 5513 qui
1497 5439 1604 5495 fide
1652 5437 1870 5496 accensi
1920 5437 1990 5494 ad

401 5556 527 5595 cum
562 5538 801 5593 clamant
829 5553 843 5588 :
878 5535 1205 5593 Benedictus
1236 5550 1316 5601 es,
1348 5532 1490 5588 Deus
1521 5539 1734 5603 patrum
1762 5539 1985 5586 nostro-

400 5650 549 5689 rum.

472 5726 917 5784 Passerculorum
975 5727 1185 5795 nidum,
1212 5740 1246 5782 ο
1290 5725 1478 5788 Anna,
1512 5736 1639 5777 cum
1689 5720 1984 5791 aspiceres,

401 5821 592 5893 spiritu
623 5837 841 5880 sursum
869 5822 1128 5893 cvolasti;
1162 5829 1218 5878 ct
1265 5817 1520 5891 precibus
1570 5814 1979 5871 immaculatam

2105 3662 2503 3736 μεγαλύνουσα.

2170 3754 2353 3820 Ξένον,
2378 3756 2427 3808 εἰ
2451 3754 2607 3824 κάγὼ
2631 3753 2995 3826 συλλήψομαι,
3015 3753 3214 3821 θέαμα,
3239 3754 3271 3825 ἡ
3297 3753 3492 3823 ἄγονος
3525 3752 3681 3825 πρὶν,

2104 3847 2200 3902 καί
2229 3849 2260 3917 ἡ
2287 3847 2348 3900 οὐ
2374 3847 2659 3912 τίκτουσα,
2689 3848 2861 3900 ’Ἄννα
2890 3845 3065 3913 ἔλεγε,
3101 3844 3476 3915 φθεγγομένου
3513 3841 3685 3910 ἀγγέ-

2104 3939 2197 3992 λου
2227 3939 2303 4003 ὡς
2335 3939 2591 4009 ἤκουσεν,
2629 3940 2709 3991 ὃτι
2740 3938 2956 4003 τέξεται
2995 3938 3229 4003 παιδίον,
3277 3938 3370 3991 καὶ
3409 3935 3686 4008 ἐκραύγα-

2106 4032 2197 4097 ζεν
2228 4049 2240 4063 ’
2294 4026 2435 4100 Εὖγε
2483 4029 2578 4083 τοῦ
2627 4029 2795 4084 καλοῦ
2828 4028 3208 4099 ἀκούσματος,
3266 4030 3313 4081 5i
3359 4027 3472 4083 τῶν
3514 4027 3688 4096 λόγων

2105 4125 2331 4188 ἔκϐασις
2364 4125 2615 4193 γένηται.
3450 4132 3453 4133 ⁷

2177 4220 2320 4288 Ὄρη
2372 4217 2465 4271 καὶ
2511 4216 2710 4287 βουνοί,
2769 4214 2928 4269 πεδία
2976 4214 3072 4268 καὶ
3111 4214 3378 4279 θάλασσα,
3434 4211 3685 4281 ἀγγέλων

2102 4309 2314 4378 πληθὺς
2340 4308 2435 4362 καὶ
2486 4311 2637 4363 πᾶσα
2685 4307 2848 4378 φύσις
2896 4307 3124 4379 βροτῶν,
3177 4304 3681 4376 εὐφραινέσθωσανθ

2102 4398 2197 4452 τοῦ
2234 4399 2506 4452 Δεσπότου
2551 4400 2613 4452 τὸ
2658 4400 2801 4453 θεῖον
2840 4400 2949 4470 γὰρ
2978 4398 3207 4470 τέμενος
3260 4395 3516 4468 ἀπαρχὴν
3547 4395 3682 4475 ἀνα-

2104 4489 2384 4561 δομήσεως
2437 4491 2679 4558 ἐδέξατο.
2733 4493 2900 4546 ΙἈννα
2948 4490 3186 4564 ὁπηνίκα
3235 4488 3432 4562 ᾔσθετο
3485 4484 3683 4558 ἑαυτὴν

2111 4583 2377 4638 συλλαϐοῦ
2390 4601 2509 4652 σαν,
2545 4585 2869 4655 ἐφθέγγετο.

2774 4703 2908 4771 om
2940 4700 3017 4756 2'.

2175 4794 2462 4868 Πυρφόρον
2495 4794 2663 4851 πάλαι
2691 4795 2854 4867 βάτον
2884 4795 3127 4865 Μωῦσῆς
3152 4796 3211 4848 ὲν
3240 4793 3374 4847 Σινᾶ
3402 4794 3469 4864 ἦν
3503 4790 3678 4863 ἑώρα-

2102 4907 2218 4956 κεν,
2268 4893 2440 4946 Ἀννα
2482 4890 2742 4944 συνέλαϐε
2786 4890 3018 4957 γαστρὶ,
3052 4887 3310 4951 ἀπαιδίας
3358 4885 3477 4958 πῦρ
3527 4886 3678 4939 σϐεν-

2098 4985 2319 5050 νύουσα,
2351 4982 2426 5047 ὡς
2450 4983 2741 5053 ἐσύστερον
2773 4981 3090 5037 δυσσέόειαν
3113 4984 3223 5046 τοῖς
3258 4978 3577 5052 μέλπουσιν*
3618 4980 3677 5033 ὐ

2096 5081 2205 5135 τῶν
2234 5079 2485 5152 πατέρων
2509 5077 2660 5141 Θεὸς.
2692 5076 2983 5147 εὐλογητὸς
3005 5070 3075 5130 εῐ.

2177 5260 2362 5324 Ῥανὶς
2388 5262 2456 5333 τῇ
2494 5262 2559 5331 σῇ
2606 5257 2763 5330 νηδύϊ
2794 5258 3113 5331 παραδόξως
3156 5257 3276 5325 νῦν,
3312 5258 3501 5321 Ἀννα,
3554 5254 3670 5320 ἐξὲ-

2094 5354 2312 5409 6λυσεν⁶
2344 5353 2468 5425 ἥτις
2501 5352 2563 5405 τὸ
2607 5351 2751 5425 ὕδωρ
2802 5352 2899 5423 τῆς
2938 5351 3084 5421 ζωῆς
3116 5349 3237 5404 ὅλον
3282 5348 3429 5403 ἔνδον
3470 5347 3675 5401 εἰσεδέ-

2094 5446 2243 5516 ξατο,
2274 5448 2337 5501 τὸ
2367 5443 2613 5516 δροσίζον
2641 5443 2766 5507 τοὺς
2817 5442 3024 5506 πιστῶς
3054 5441 3203 5513 αὐτῷ
3235 5440 3669 5511 κραυγάζονταςο

2103 5542 2162 5596 '0
2187 5538 2299 5594 τῶν
2329 5537 2588 5606 πατέριον
2618 5536 2773 5599 Θεὸς,
2810 5535 3107 5605 εὐλογητὸς
3137 5529 3209 5587 εἴ.

2162 5716 2469 5790 Στρουθίων
2496 5716 2572 5780 ὡς
2607 5714 2783 5786 ἐώρας
2820 5713 3037 5780 καλιὰν,
3067 5711 3462 5783 ἁνεπτηρωθης
3504 5708 3668 5763 πνεύσ-

2096 5829 2246 5883 ματι·
2282 5811 2374 5866 καὶ
2408 5811 2685 5882 προσευχῇ
2718 5808 3046 5881 περιστερὰν
3070 5806 3313 5878 ἐκομίσω
3343 5805 3443 5879 τὴν
3470 5802 3666 5879 ἀμίαν-
