4054 6564
340 349 475 413 1017

1637 346 1783 410 1.Εο
1823 342 2251 405 PATRICIUS.

3445 342 3584 410 1018

330 476 442 523 τον,
475 458 683 527 κάρφος
716 458 987 530 φέρουσαν
1020 460 1255 533 Χριστὸν
1286 461 1496 529 ἐλαίας,
1527 463 1721 528 Ἅννα,
1752 459 1899 531 ἡμᾶς

2007 462 2253 511 assecuta
2302 466 2363 509 es
2411 451 2744 521 columbam,
2778 469 2901 526 quae
2949 469 3162 510 ramum
3205 453 3386 521 olivae,
3420 454 3579 510 Chri-

333 550 721 623 κατακλυσμοῦ
750 551 942 624 νοητοῦ
959 551 1371 624 ἐλευθεροῦντα.

990 785 1120 860 ῼΔΗ
1152 790 1237 843 11'.

404 918 470 974 Τί
516 936 608 992 μοι
648 917 866 991 μήτραν
903 918 1226 989 ἀπειργάσω
1264 915 1619 986 ἀτεκνοῦσαν,
1662 916 1758 971 καὶ
1802 933 1907 987 μα-

333 1015 491 1075 στοὺς
540 1008 749 1083 ξεροὺς,
798 1009 982 1075 καθὼς
1032 1010 1282 1082 προέφης
1325 1012 1383 1064 ὲν
1419 1011 1754 1081 προφήταις,
1804 1009 1907 1062 Δέ-

334 1121 539 1171 σποτα;
570 1103 767 1157 ἀνεϐόα
788 1104 957 1157 Ἄννα
985 1103 1140 1158 ποτέ.
1178 1102 1459 1166 ’Δτεκνίας
1484 1120 1585 1172 μου
1611 1105 1673 1156 τὸ
1702 1102 1905 1168 ὄνειδος

330 1197 602 1262 διάλυσον,
650 1199 744 1249 καὶ
790 1195 878 1259 δός
917 1212 1009 1267 μοι
1061 1195 1297 1267 καρπὸν,
1354 1194 1473 1265 μεθ’
1502 1186 1563 1248 οὗ
1596 1194 1863 1266 βοήσομαι
1888 1211 1901 1223 ’

242 1300 251 1301 '
330 1289 638 1357 Εὑλογείτω
681 1288 714 1359 ἡ
758 1287 936 1353 κτίσις
974 1289 1124 1342 πᾶσα
1172 1286 1265 1342 τὸν
1314 1288 1542 1361 Κύριον,
1574 1288 1681 1356 ,καὶ
1728 1288 1902 1359 ὑπερ-

332 1382 529 1452 υψοῦτε
554 1383 634 1447 εἰς
664 1382 873 1447 πάντας
897 1382 1024 1448 τοὺς
1056 1369 1284 1447 αίῶας.

411 1565 653 1636 ’Υπῆλθε
685 1566 784 1636 τὴν
810 1564 928 1638 σὴν,
964 1566 1156 1630 ΙΙἍννα,
1194 1565 1407 1638 μήτραν
1434 1564 1647 1637 λυχνία,
1678 1565 1739 1619 τὸ
1765 1566 1907 1636 λαμ-

2008 557 2153 603 stum
2181 560 2375 617 nempe
2402 561 2433 602 e
2456 546 2725 617 spirituali
2750 548 3083 620 catarlysmo
3111 562 3211 604 nos
3240 546 3584 616 liberantem,

2005 640 2163 713 gerit.

2639 786 2775 845 ODE
2809 785 2948 845 Vill.

2077 920 2361 978 Clamabat
2406 919 2704 994 aliquando
2733 920 2888 975 Anna
2922 937 2936 976 :
2969 920 3110 988 Quid
3144 920 3298 987 mihi,
3327 920 3584 985 Domine,

2008 1021 2223 1069 uterum
2276 1012 2483 1068 sobolis
2536 1012 2912 1077 infecundum,
2941 1020 3102 1082 atque
3145 1012 3357 1067 arentia
3405 1010 3583 1066 fecisti

2008 1106 2197 1172 ubera,
2245 1104 2706 1175 quemadmodum
2772 1105 2827 1159 in
2901 1104 3181 1175 prophetis
3242 1103 3584 1174 praedixisti?

2009 1197 2171 1255 Solve
2225 1196 2533 1253 sterilitatis
2609 1211 2744 1252 mea:
2804 1196 3183 1267 opprobrium,
3224 1204 3281 1251 et
3342 1194 3582 1250 fructum

2006 1289 2144 1345 mihi
2172 1289 2372 1356 tribue,
2394 1304 2520 1345 cum
2541 1303 2651 1360 quo
2678 1288 2966 1345 clamabo:
2996 1288 3327 1344 Benedieant
3354 1287 3585 1343 Domino

2005 1390 2275 1437 creatura:
2327 1395 2542 1450 omnes,
2582 1391 2639 1438 et
2681 1382 3053 1454 superexaltat
3111 1396 3237 1437 eum
3284 1380 3341 1436 in
3391 1380 3578 1436 omnia

2009 1474 2237 1529 saecula.

2078 1564 2269 1620 Sinum
2298 1574 2474 1629 tuum,
2504 1580 2537 1621 ο
2578 1565 2757 1633 Anna,
2791 1566 3182 1622 candelabrum
3218 1566 3405 1631 subiit,
3432 1565 3584 1637 quod

328 1659 542 1723 πάδιον,
574 1658 697 1729 ἥτις
722 1657 783 1711 τὸ
815 1656 956 1712 θεῖον
982 1657 1263 1728 μυστικῶς
1290 1656 1539 1730 ἐχώρησε
1568 1656 1630 1711 τὸ
1658 1658 1904 1728 φωτίσαν

2020 1658 2253 1728 mystice
2296 1656 2535 1712 divinam
2573 1656 2902 1728 lampadem,
2935 1657 3086 1713 omni
3119 1657 3336 1727 spiritui
3384 1655 3586 1711 divina:

327 1752 509 1805 πᾶσαν
533 1750 701 1821 πνοὴν
730 1748 1105 1820 φρυκτωρίαις
1138 1750 1431 1819 μυστικαῖς
1458 1749 1558 1820 τῆς
1586 1747 1738 1813 θείας
1764 1748 1904 1819 γνώ-

2007 1749 2253 1807 seientiae
2277 1749 2461 1805 lumen
2497 1748 2742 1822 mysticis
2778 1748 2993 1805 facibus
3017 1749 3408 1815 all‘undentem,
3441 1749 3494 1803 in
3524 1764 3587 1805 se

329 1857 489 1905 σεως*
537 1840 619 1895 διὸ
663 1838 983 1911 γηθοσύνως
1030 1839 1465 1911 ἀνεκραύγαζεςο
1517 1839 1826 1909 Εὐλογείτω
1867 1842 1901 1911 ή

2007 1843 2253 1916 excepit;
2296 1853 2587 1915 propterea
2635 1858 2762 1899 eum
2808 1841 3009 1914 gaudio
3057 1842 3379 1899 clamabas:
3415 1841 3586 1897 Bene-

326 1934 505 1996 κτίσις
536 1934 687 1988 πᾶσα
718 1932 809 1986 τὸν
836 1931 1063 2005 Κύριον,
1093 1934 1188 1987 καὶ
1218 1929 1563 2003 ύπερυφοῦτε
1597 1931 1675 1997 είς
1697 1930 1906 1997 πάντας

324 2027 455 2089 τοὺς
480 2025 707 2088 αἰῶνας.

396 2119 658 2190 Φέρουσιν
684 2116 760 2183 ὡς
805 2118 1139 2191 ὡραιότατον
1170 2118 1268 2173 νῦν
1307 2117 1505 2188 ζεῦγος
1537 2116 1690 2173 θείαν
1725 2117 1906 2190 δάμα-

322 2209 430 2278 λιν,
473 2210 533 2275 ἐξ
557 2205 626 2283 ἦς
670 2209 698 2262 ὁ
729 2209 931 2281 μόσχος
972 2209 1173 2282 ὡραῖος
1202 2209 1468 2282 ἔλαμψεν,
1502 2210 1648 2281 ὑπὲρ
1682 2211 1904 2265 πάντων

326 2302 704 2372 σφαγιασθεὶς,
739 2303 769 2357 ό
791 2301 1002 2367 κλεινὸς
1045 2302 1304 2370 Ἰωακεὶμ
1338 2303 1434 2356 καὶ
1462 2302 1633 2357 Ἀννα
1667 2303 1908 2372 μέλπον-

324 2413 434 2458 τες·
469 2395 778 2464 Εύλογείτω
800 2396 833 2467 ή
856 2394 1031 2460 κτίσις
1055 2396 1207 2451 πᾶσα
1234 2395 1325 2450 τὸν
1356 2397 1585 2467 Κύριον,
1614 2395 1709 2449 καὶ
1736 2394 1906 2467 ὑπερ-

325 2486 524 2559 υψοῦτε
554 2488 633 2553 είς
663 2487 874 2553 πάντας
897 2488 1028 2553 τοὺς
1050 2487 1278 2552 αἰῶνας.

994 2695 1127 2769 ean
1159 2693 1237 2751 θ’.

395 2821 732 2895 Χορεύσατε,
761 2823 932 2878 πᾶσαι
965 2822 1157 2894 ψυχαὶ,
1188 2821 1281 2877 καὶ
1310 2821 1640 2894 σκιρτήσατε
1660 2837 1674 2853 ·
1708 2823 1780 2893 γῆ
1810 2820 1906 2875 νῦν

324 2915 868 2987 πεπλαστούργηται,
896 2915 1019 2985 ἥτις
1049 2914 1381 2987 καρπογονεῖ
1399 2912 1680 2985 ἀνηρότως
1703 2913 1905 2983 στάχυν

324 3003 635 3074 ζωηφόρον,
684 3002 745 3068 ἐξ
794 2997 857 3057 οὗ
915 3004 1183 3073 φαγόντες
1231 3002 1292 3056 ού
1363 3002 1682 3058 πεινάσουσί
1734 3018 1903 3068 ποτε,

330 3094 732 3166 μεγαλύνοντες
762 3093 932 3150 αὑτοῦ
955 3094 1055 3166 τὴν
1083 3093 1422 3166 ὰγαθότητα.

2021 1937 2210 1992 dicant
2255 1934 2490 1991 Domino
2544 1945 2809 1992 creaturae
2862 1950 3076 2003 omnes,
3121 1943 3177 1991 et
3212 1935 3587 2007 superexalta-

2007 2036 2060 2084 te
2080 2042 2207 2083 eum
2232 2028 2289 2081 in
2310 2027 2497 2083 omnia
2535 2027 2761 2083 saecula.

2077 2118 2315 2193 lnelytus
2340 2119 2658 2177 Joachimus
2688 2134 2813 2175 eum
2848 2119 3026 2185 Anna,
3060 2117 3260 2187 quippe
3286 2116 3582 2189 coniugum

2006 2229 2106 2285 par
2137 2212 2567 2278 nobilissimum,
2601 2210 2842 2267 divinam
2876 2225 3025 2265 nunc
3061 2210 3289 2281 gignunt
3319 2209 3585 2281 iuvenen-

2006 2306 2137 2371 lam,
2170 2320 2202 2361 e
2241 2319 2346 2376 qua
2393 2316 2549 2361 ortus
2586 2311 2671 2359 est
2716 2303 2890 2358 Filius
2944 2301 3000 2357 in
3056 2303 3299 2356 omnium
3348 2301 3580 2356 salutem

2005 2407 2315 2466 mactatus;
2343 2408 2508 2468 atque
2563 2396 2701 2451 adeo
2743 2395 3041 2452 eoneinunt
3070 2412 3082 2447 :
3115 2392 3445 2449 Benedieant
3474 2393 3583 2446 Dn-

2007 2492 2159 2549 mino
2213 2501 2479 2548 creaturae
2521 2504 2737 2557 omnes,
2791 2497 2846 2545 et
2894 2485 3302 2560 superexaltate
3339 2501 3467 2542 eum
3529 2486 3586 2542 in

2007 2585 2195 2643 omnia
2229 2586 2457 2643 saecula.

2663 2693 2800 2752 ODE
2828 2692 2921 2751 IX.

2077 2823 2384 2891 Laztamini,
2415 2837 2607 2880 omnes
2630 2822 2846 2887 animae,
2865 2831 2918 2877 et
2946 2820 3257 2889 exsultate;
3288 2835 3436 2876 nunc
3461 2835 3589 2875 con-

2004 2917 2117 2974 dita
2166 2916 2255 2971 illa
2301 2925 2385 2971 est
2429 2924 2595 2981 terra,
2628 2930 2751 2986 quae
2808 2914 2993 2968 nescia
3040 2914 3205 2967 aratri
3237 2912 3341 2967 fert
3379 2912 3585 2981 spicam

2006 3006 2128 3061 vita?
2150 3022 2165 3071 ;
2187 3022 2217 3062 e
2239 3022 2346 3077 qua
2376 3014 2639 3077 quotquot
2671 3004 3147 3069 manducaverint,
3171 3003 3587 3074 magnificantes

2009 3098 2309 3154 bonitatem
2341 3098 2462 3169 ejus
2491 3114 2599 3154 non
2632 3078 2880 3155 esurient
2904 3096 3160 3168 amplius.

394 3185 709 3259 ιιλάλτήριον
755 3186 900 3258 μετὰ
947 3185 1182 3257 κιθάρας
1221 3185 1482 3253 ἀνάλαὸε,
1514 3184 1714 3251 Δαυῒδ,
1765 3184 1895 3257 μελ-

2084 3192 2273 3258 Sume,
2297 3207 2331 3248 ο
2364 3190 2553 3257 David,
2588 3190 2906 3261 psalterium
2937 3204 3063 3244 cum
3099 3189 3331 3255 cithara,
3362 3197 3416 3244 et
3454 3203 3590 3243 eon-

327 3278 560 3352 ῴδησονο
582 3280 689 3334 ἰδοὺ
718 3279 949 3343 κιϐωτὸς
978 3279 1221 3352 ἀνεφάνη
1240 3279 1398 3344 Θεοῦ,
1429 3279 1497 3351 ἢν
1527 3278 1771 3350 προέφης
1806 3296 1904 3332 σα-

327 3372 445 3442 φῶς
492 3373 759 3444 ἐσομένην
803 3374 882 3437 εἰς
937 3370 1268 3441 ἀνάπλασιν,
1319 3371 1389 3426 δι’
1431 3369 1499 3446 ἧς
1538 3372 1908 3444 ὲξανέστημεν

328 3470 490 3541 ήμεῖς
512 3469 604 3523 τοῦ
634 3469 1109 3541 παραπτώματος.

410 3559 497 3625 Ὠς
527 3561 772 3631 μέγιστοι
803 3560 897 3614 δύο
920 3561 1148 3631 ἀστέρες
1171 3560 1443 3633 ἠνέγκατε
1472 3559 1572 3631 τὴν
1602 3559 1777 3632 αὑγήν
1806 3559 1908 3630 τήν

326 3650 651 3721 πάμφωτον·
704 3652 826 3724 ἥτις
869 3653 1187 3728 ὲξανατείλῃ
1233 3653 1326 3708 τὸν
1387 3652 1562 3724 μέγαν
1612 3652 1765 3723 ἥλιον
1824 3653 1902 3725 τῷ

329 3741 537 3812 κόσμῳ
564 3740 645 3795 διὸ
682 3741 1040 3813 εύφημοῦμεν
1073 3744 1170 3797 καὶ
1195 3742 1493 3816 δοξάζομεν
1537 3743 1705 3814 ὑμᾶς,
1748 3742 1901 3798 Ἰωα-

328 3830 462 3901 κεὶμ
486 3830 581 3883 καὶ
617 3831 808 3898 ⁸Ἀννα,
839 3830 914 3896 ὡς
943 3832 1259 3904 θεόφρονας.

2004 3287 2325 3343 einezeeee
2376 3285 2630 3356 apparuit
2675 3299 2802 3339 arca
2853 3283 2970 3347 Dei,
3005 3297 3174 3353 quam
3233 3282 3471 3337 futuram
3530 3283 3585 3336 in

2005 3377 2458 3435 restaurationem
2486 3378 2774 3448 perspicue
2799 3376 3126 3447 praadixisti,
3160 3389 3257 3447 per
3287 3391 3454 3447 quam
3485 3390 3588 3431 nos

2003 3484 2035 3526 e
2064 3470 2219 3539 lapsu
2244 3471 2677 3525 resurreximus.

2076 3557 2236 3615 Velut
2262 3559 2392 3613 bina
2422 3558 2658 3613 maxima
2679 3565 2829 3614 astra
2862 3574 3116 3614 auroram
3144 3567 3313 3613 totam
3346 3556 3585 3612 lucidam

2006 3652 2287 3717 attulistis,
2322 3667 2443 3723 qua:
2472 3668 2728 3725 magnum
2765 3652 2970 3706 mundo
2999 3651 3169 3706 solem
3205 3651 3429 3716 ali’erat;
3458 3665 3587 3719 pro-

2012 3753 2193 3813 pterea
2221 3742 2600 3808 vos,Joaehim
2622 3753 2677 3800 et
2695 3744 3169 3813 Anna,tamquam
3199 3742 3382 3797 divina
3409 3750 3587 3796 mente

2009 3835 2265 3909 praeditos
2297 3836 2636 3894 celebramus
2663 3845 2716 3891 et
2742 3836 3134 3909 glorilicamus.

335 4034 3577 4086 Μ

1626 4233 1801 4282 ANNO
1853 4234 2079 4282 DOMINI
2129 4234 2283 4283 CMX.

1081 4419 1509 4602 [ΕΟ
1645 4414 2813 4604 PATBICIUS

1624 4904 1629 4909 '
1728 4885 2241 4980 NOTITIA

1325 5103 1441 5165 (MM
1468 5100 1694 5153 Biblioth.
1729 5114 1840 5154 nov.
1866 5104 2032 5167 Patr.,
2068 5109 2186 5155 tom.
2210 5103 2293 5167 Vl,
2332 5117 2443 5169 pag.
2466 5102 2605 5166 δυ.)

424 5276 625 5335 Leonis
656 5275 876 5334 Patricii
901 5283 1082 5332 exstat
1100 5276 1157 5330 in
1180 5273 1510 5331 bibliotheca
1529 5274 1787 5331 Vaticana
1808 5276 1975 5332 codex
1999 5276 2273 5332 maximus
2299 5276 2598 5332 Bibliorum
2627 5276 2963 5348 Graecorum,
2981 5279 3233 5353 plurimis
3255 5281 3589 5353 splendidis.

342 5384 449 5441 que
482 5370 550 5423 ad
580 5366 905 5422 miraculum
937 5365 1231 5420 decoratus
1258 5362 1511 5434 picturis,
1530 5378 1654 5417 eum
1679 5363 1849 5433 ipsius
1877 5362 2078 5419 Leonis
2092 5363 2389 5435 fratrisque
2409 5363 2753 5422 Constantini
2783 5368 3039 5440 imagine.
3070 5368 3168 5425 Hie
3191 5370 3452 5425 nimirum
3475 5371 3589 5427 Leo

343 5467 538 5514 auctor
560 5468 644 5512 est
673 5455 985 5524 eclogarum
1009 5467 1166 5508 sacra
1195 5450 1366 5506 Biblia
1400 5451 1819 5517 illustrantium,
1851 5452 1998 5521 quod
2029 5467 2131 5508 nos
2159 5467 2297 5522 opus
2330 5452 2384 5507 in
2415 5452 2522 5507 alio
2555 5455 2678 5509 eod.
2707 5453 2829 5511 Vat.
2860 5458 3297 5515 observavimus.
3332 5458 3471 5515 Sunt
3489 5476 3591 5515 au-

345 5557 453 5602 tem
472 5545 673 5614 eelogae
702 5540 1237 5596 Commentariorum
1271 5539 1326 5593 in
1362 5537 1782 5606 Octoteuelmm,
1824 5539 1876 5593 in
1909 5539 2080 5594 libros
2111 5548 2347 5609 quatuor
2377 5537 2587 5611 Regum
2618 5549 2672 5596 et
2692 5542 2747 5597 in
2778 5543 2915 5600 duos
2934 5542 3427 5616 Paralipomenon;
3460 5548 3589 5601 item

344 5638 399 5691 in
424 5636 759 5695 Matthaeum,
793 5633 1022 5696 Lucam,
1040 5629 1307 5687 Joannem
1330 5639 1384 5685 et
1407 5629 1578 5685 Actus
1600 5628 2008 5700 apostolorum;
2033 5626 2267 5696 denique
2291 5627 2344 5682 in
2364 5628 2657 5698 Epistolas,
2688 5646 2852 5686 unam
2881 5630 3097 5699 Jacobi,
3125 5635 3263 5691 duas
3284 5635 3452 5703 Petri,
3474 5647 3586 5693 tres

344 5722 573 5777 Joannis
601 5722 619 5789 (
645 5735 876 5789 quarum
910 5720 962 5773 in
995 5719 1169 5789 prima
1194 5719 1345 5773 deest
1380 5716 1751 5772 testimonium
1783 5713 2058 5784 caeleste),
2087 5729 2251 5770 unam
2294 5713 2466 5770 Judae.
2496 5716 2607 5771 Nos
2628 5718 2791 5790 hujus
2816 5720 3024 5791 eopiosi
3057 5722 3243 5792 operis
3282 5725 3592 5794 specimen,

344 5811 656 5882 eclogarum
684 5825 878 5879 nempe
912 5810 977 5863 ad
1008 5810 1244 5878 primum
1271 5807 1547 5864 Gcneseos
1574 5806 1899 5877 capitulum,
1932 5820 2080 5860 nunc
2112 5805 2165 5860 in
2194 5804 2369 5860 lucem
2394 5804 2705 5862 elferemus.
