4054 6564
479 338 616 405 1319
1576 335 1719 395 LEO
1753 333 2164 395 PATRICIUS
2204 333 2285 394 1N
2319 332 2588 394 GENES.
3572 320 3716 385 102')

3352 482 3691 503 ﬂ

485 500 842 514 ψ

1250 647 1985 769 ΛΕΟΝΤΟΣ
2062 644 2906 765 ΠΑΤΡΙΚΙΟΥ

1987 881 2207 918 ΕΠΠΟΜΠ

1034 1017 1474 1076 ΕΡΜΗΝΕΙΑΣ
1499 1017 1618 1070 ΕΙΣ
1663 1016 1805 1070 πιΝ
1841 1015 2173 1068 ΓΕΝΕΣΙΝ
2209 1012 2358 1068 ΔΠΟ
2393 1012 2755 1067 ΔΙΛΦΟΡΩΝ
2788 1009 3152 1070 ΠΛΤΕΡΩΝ.

1562 1346 1997 1439 LEONIS
2091 1346 2627 1437 PATRICII

771 1544 1134 1606 EI‘ITOME
1178 1538 1961 1604 INTERPRETATIONIS
2012 1537 2091 1597 IN
2128 1537 2468 1600 GENESIN
2527 1538 2637 1599 ΕΧ
2682 1538 2953 1601 VARUS
2995 1538 3405 1601 PATBIBUS.

541 1864 750 1935 Moyses
774 1860 1099 1933 thenIOgiam
1128 1873 1236 1913 non
1262 1856 1497 1913 instituit
1521 1867 1739 1928 propter
1779 1858 2039 1929 spiritua-
2069 1858 2101 1919 Α

2212 1856 2286 1911 Οὐ
2311 1856 2608 1930 προτέταχε
2630 1854 2908 1925 Θεολογῖαν
2923 1856 2951 1909 6
2966 1854 3170 1927 Μωσῆς
3186 1854 3275 1909 διὰ
3292 1855 3391 1928 τὴν
3412 1856 3711 1929 νηπιότητα

474 1959 574 2013 [CIII
605 1972 791 2012 eorum
818 1952 1124 2017 infantiam,
1158 1951 1251 2009 sed
1278 1951 1606 2008 creationem
1641 1950 1717 2005 ait
1751 1948 1947 2006 laetam
1972 1963 2038 2005 ne

2141 1950 2339 2016 αὐτῶν,
2369 1950 2503 2005 ἀλλὰ
2522 1950 2621 2018 τὴν
2654 1949 2832 2003 κτίσιν
2862 1947 3009 2018 λέγει
3033 1949 3288 2021 γενητὴν,
3348 1949 3435 2003 διὰ
3477 1950 3536 2003 τὸ
3579 1949 3713 2003 Θεὸν

471 2068 591 2107 eam
627 2067 727 2123 pro
759 2048 865 2104 Deo
902 2049 1160 2102 haberent
1214 2045 1486 2100 homines.
1549 2043 1674 2100 Ideo
1707 2043 1774 2099 de
1825 2043 2041 2115 angelo~

2141 2042 2308 2114 αὐτὴν
2336 2040 2411 2112 μὴ
2437 2040 2578 2111 ἔχειν
2592 2040 2717 2103 τοὺς
2738 2039 3077 2112 ἀνθρώπους·
3100 2041 3187 2094 διὰ
3210 2039 3365 2095 τοῦτο
3394 2041 3520 2113 περὶ
3542 2040 3712 2109 άγγέ-

472 2161 591 2199 rum
625 2143 900 2201 creatione
924 2140 1045 2195 silet
1076 2154 1144 2192 ne
1174 2136 1588 2203 deiﬁcarentur;
1619 2149 1719 2192 nec
1742 2150 1917 2207 usque
1970 2134 2040 2190 ad

2140 2135 2248 2189 λων
2267 2134 2367 2189 οὑκ
2393 2130 2512 2188 εἷπε
2544 2133 2795 2199 κτίσεως,
2819 2134 2903 2187 ἵνα
2932 2133 3005 2204 μὴ
3034 2134 3423 2204 θεοποιηοῶσιν
3468 2133 3660 2196 αὐτούς
3694 2149 3709 2164 ·

472 2235 743 2291 Abraham
780 2233 923 2302 leges
954 2228 1203 2299 angelum
1232 2227 1431 2283 alicubi
1460 2224 1715 2283 missum.

2140 2226 2261 2281 οὐδὲ
2297 2226 2459 2299 μέχρι
2480 2225 2574 2281 τοῦ
2594 2225 2847 2298 ’Δὸραὰμ
2869 2226 3121 2298 εὑρήσεις
3141 2225 3375 2295 ἄγγελον
3396 2225 3713 2297 πεμφθέντα

2140 2330 2271 2375 που.

541 2419 693 2488 Quod
724 2417 942 2489 quidam
971 2415 1191 2485 angelos
1218 2413 1371 2468 aiunt
1399 2412 1537 2468 caelo
1568 2418 1624 2467 et
1654 2419 1812 2466 terrae
1837 2423 2047 2480 princ:-

474 2516 698 2578 stitisse,
735 2512 826 2566 alii
855 2525 976 2565 cum
997 2507 1136 2564 ctelo
1166 2516 1399 2572 creatos,
1430 2520 1555 2561 cum
1586 2504 1643 2559 in
1690 2504 1813 2558 loco
1865 2502 2045 2557 sintes

473 2610 591 2663 sine
626 2607 744 2661 loco
797 2617 918 2658 esse
967 2598 1328 2656 demonstrari
1380 2614 1487 2653 non
1554 2594 1748 2668 possit,
1805 2594 2043 2650 circum-

474 2700 660 2769 scripti
690 2697 835 2752 enim
864 2704 1009 2750 sunt.

544 2789 701 2857 Quod
725 2804 829 2842 nou
847 2787 1005 2842 docet
1032 2783 1202 2839 Deum
1234 2796 1405 2852 aquas
1432 2787 1564 2836 tunc
1599 2777 1823 2845 fecisse;
1870 2776 1965 2835 sed
1987 2777 2041 2832 in

476 2880 734 2941 Sabbzito,
759 2875 954 2945 inquit,
985 2873 1111 2943 quia
1143 2872 1197 2928 in
1233 2886 1329 2929 sex
1366 2869 1558 2926 diebus
1592 2868 1856 2925 Dominus
1900 2867 2043 2924 Deus

476 2971 603 3025 fecit
627 2967 825 3025 coelum
860 2974 914 3021 et
942 2974 1146 3019 terram
1177 2974 1234 3018 et
1257 2972 1407 3018 mare
1438 2970 1492 3017 et
1517 2961 1698 3016 omnia
1730 2974 1851 3032 qua:
1880 2959 1934 3013 in
1962 2959 2043 3016 eis

2158 2424 2161 2425 '
2213 2411 2337 2464 Ὀτι
2361 2409 2411 2463 οἱ
2446 2408 2547 2480 μὲν
2576 2407 2953 2481 προῧπάρχειν
2973 2408 3225 2476 λέγουσιν
3270 2406 3536 2475 ἀγγέλους
3556 2403 3714 2474 069a-

2141 2500 2234 2555 νοῦ
2257 2501 2351 2555 καὶ
2383 2501 2486 2572 γῆς
2507 2515 2521 2530 ·
2546 2500 2596 2553 οἱ
2621 2499 2677 2553 δὲ
2706 2501 2801 2553 σὺν
2831 2496 2984 2569 αὐτῷ
3004 2495 3349 2567 γεγενῆσθαι,
3377 2495 3498 2549 ἐπεὶ
3530 2493 3621 2546 καὶ
3654 2492 3717 2544 ὲν

2141 2594 2290 2665 τόπῳ
2312 2593 2418 2647 εἰσί
2442 2608 2459 2625 ’
2481 2592 2574 2647 καὶ
2600 2593 2729 2646 ἄνευ
2761 2594 2927 2645 τόπου
2972 2585 3111 2643 εἶναι
3139 2588 3359 2651 τούτους
3394 2585 3493 2640 οὐκ
3518 2585 3584 2639 ἂν
3628 2585 3713 2637 ὲν-

2141 2685 2349 2756 δέχοιτο
2374 2700 2390 2717 ·
2414 2683 2782 2755 περιγραπτοὶ
2816 2682 2924 2753 γάρ
2951 2684 3110 2737 εἰσιν.

2213 2776 2335 2829 ὀτι
2366 2776 2426 2830 οὐ
2459 2774 2700 2829 διδάσκει
2727 2774 2809 2827 ὅτι
2839 2774 2933 2827 καὶ
2954 2773 3021 2827 τὰ
3045 2773 3207 2827 ὕδατα
3227 2770 3486 2841 ἐποίησεν
3522 2770 3551 2823 6
3578 2766 3711 2829 Θεὸς

2144 2864 2377 2921 ἐνταῦθα
2403 2881 2419 2897 ο
2450 2865 2508 2919 ὲν
2533 2864 2589 2919 δὲ
2612 2863 2690 2934 τῷ
2722 2860 3012 2933 Σαϐϐάτῳ,
3053 2860 3237 2936 φησὶν,
3268 2860 3349 2916 ὅτι
3375 2863 3432 2915 ὲν
3471 2859 3529 2926 ἒξ
3572 2858 3711 2929 ἠμέο·

2148 2978 2265 3031 ραις
2282 2959 2502 3030 ἐποίησε
2523 2958 2727 3029 Κύριος
2746 2961 2774 3013 6
2793 2957 2928 3021 Θεὸς
2947 2956 3037 3010 τὸν
3066 2949 3319 3029 οὐρανὸν,
3335 2953 3429 3008 καὶ
3456 2952 3554 3023 τὴν
3583 2951 3710 3021 γῆν,

473 3071 620 3118 sunt.
2144 3056 2239 3107 καὶ
2266 3053 2364 3123 τὴν
2398 3052 2695 3119 Θάλασσαν,
2714 3051 2810 3106 καὶ
2842 3051 3019 3105 πάντα
3046 3050 3113 3103 τὰ
3135 3051 3194 3103 ιν
3224 3049 3427 3112 αὐτοῖς.

544 3151 699 3219 Quod
731 3151 776 3207 si
807 3150 951 3204 Deus
981 3146 1158 3201 lucem
1194 3141 1422 3210 crearit,
1458 3156 1566 3197 non
1592 3141 1718 3197 item
1752 3138 2039 3196 tenebras:
2076 3207 2101 3219 _

2216 3145 2337 3199 Ὅτι
2361 3144 2488 3197 εἰτὸ
2515 3142 2629 3212 φῶς
2658 3143 2687 3196 6
2725 3142 2856 3208 Θεὸς
2910 3140 3363 3213 ἐδημιούργησεν,
3424 3137 3525 3191 οῦκ
3548 3134 3709 3197 αὐτὸς

474 3243 751 3299 contraria
796 3240 940 3297 enim
981 3245 1142 3302 sunt;
1175 3234 1449 3291 contraria
1494 3240 1676 3287 autem
1732 3245 1841 3285 non
1889 3238 2039 3294 sunt,
2075 3207 2101 3263 ε

2144 3238 2205 3291 τὸ
2222 3237 2410 3300 σκότος
2438 3252 2453 3266 ·
2498 3207 2717 3290 ἐναντία
2732 3234 2879 3305 γάρ’
2900 3207 3021 3285 οὐκ-
3053 3207 3256 3285 ἐστι-δε
3295 3228 3533 3295 ἐναντία,
3572 3225 3708 3279 ἀλλὰ

473 3337 565 3392 sed
607 3335 700 3390 lux
764 3331 982 3403 quidem
1036 3326 1383 3388 substantia,
1445 3322 1682 3379 tenebm
1743 3322 2041 3377 ascititium

2144 3327 2205 3383 τὸ
2253 3326 2352 3399 μὲν
2404 3326 2584 3391 οὐσία,
2616 3325 2677 3379 τὸ
2709 3322 2766 3378 δὲ
2832 3320 3176 3394 συμϐεϐηκός
3218 3320 3364 3375 ἐστιν
3396 3334 3413 3351 ⁶
3472 3316 3706 3389 οὐρανοῦ

473 3430 644 3498 quid;
676 3424 798 3482 εωιὶ
830 3424 975 3479 enim
994 3432 1047 3478 et
1081 3433 1239 3477 terra:
1273 3416 1624 3474 obumbratio
1650 3422 1811 3484 sunt;
1842 3428 2042 3471 secum-

2144 3419 2253 3491 γάρ
2285 3419 2380 3474 καὶ
2410 3418 2512 3489 γῆς
2546 3420 2692 3472 ἐστιν
2722 3412 3079 3487 ἀποσκίασμα
3103 3430 3117 3445 ο
3162 3412 3237 3478 ὡς
3256 3412 3313 3467 δὲ
3342 3412 3392 3466 οἱ
3424 3410 3548 3479 ἔξω,
3580 3409 3707 3463 σκιά

472 3524 601 3576 dum
638 3518 886 3590 gentiles,
920 3514 1110 3569 umbra
1130 3522 1310 3567 terrm.
2144 3513 2266 3582 γῆς.

543 3612 700 3678 Quod
730 3609 963 3681 Spiritus
988 3606 1079 3676 qui
1110 3603 1388 3659 ferebatur
1415 3616 1508 3655 aer
1532 3608 1614 3655 est
1644 3596 1903 3669 physicus
1945 3609 2041 3649 su-

2217 3600 2337 3655 Ὀτι
2361 3600 2421 3653 τὸ
2439 3597 2662 3671 Πνεῦμα
2689 3598 2717 3653 ὅ
2748 3599 3063 3669 ἐπεφέρετο,
3091 3597 3197 3668 ἀήρ
3220 3596 3368 3650 ἐστιν
3411 3598 3439 3650 6
3479 3592 3706 3665 φυσικὸς

473 3722 568 3775 pra
607 3719 780 3774 aquas
838 3700 1129 3763 exsistens,
1165 3694 1326 3765 cujus
1370 3704 1621 3747 naturam
1682 3688 1935 3743 mobilem
1987 3695 2044 3741 et

2142 3691 2327 3745 ἐπάνω
2351 3689 2557 3745 ὑδάτων
2578 3690 2673 3743 ὤν’
2701 3689 2923 3752 δικαίως
2947 3688 3003 3742 δὲ
3038 3690 3128 3741 καὶ
3144 3688 3203 3740 τὸ
3231 3685 3552 3756 ἐπεφέρετο
3573 3683 3631 3735 τό
3646 3700 3705 3735 τε

473 3799 669 3850 ﬂuxam
709 3794 845 3848 bene
872 3792 1246 3846 demonstrant
1282 3784 1444 3840 verba
1472 3782 1738 3854 ferebatur
1767 3790 1820 3836 et
1856 3795 2039 3848 supra.

2141 3784 2341 3838 ἐπάνω
2361 3782 2511 3854 δηλοῖ
2542 3783 2637 3837 καὶ
2674 3782 2949 3853 κινητικὸν
2980 3778 3142 3835 αὑτοῦ
3166 3779 3258 3832 καὶ
3322 3778 3551 3832 ἄστατον
3576 3793 3591 3807 ’
3624 3776 3706 3829 ὅτι

472 3888 627 3955 Quod
658 3895 835 3941 autem
860 3881 1122 3953 Spiritum
1178 3878 1274 3934 Dei
1309 3876 1458 3943 dicit,
1490 3877 1615 3930 audi
1646 3871 1813 3928 David
1847 3887 1862 3924 :
1906 3868 2040 3924 Fla«

2146 3878 2201 3932 δὲ
2221 3876 2354 3931 Θεοῦ
2383 3875 2514 3929 αὐτὸ
2544 3875 2715 3943 λέγει,
2750 3876 2913 3928 ἄκουε
2945 3873 3036 3927 τοῦ
3065 3872 3225 3926 Δαὸἰδ
3258 3887 3272 3901 ⁸
3328 3870 3584 3924 Πνεύσει
3634 3865 3704 3920 τό

473 3984 546 4043 bit
570 3979 802 4050 Spiritus
828 3978 965 4047 ejus,
984 3975 1036 4029 id
1065 3982 1150 4028 est
1175 3970 1412 4042 Spiritus
1428 3969 1543 4032 Dei,
1562 3978 1610 4021 et
1632 3967 1797 4036 ﬂuent
1819 3964 2037 4034 aqua”;

2142 3967 2382 4036 Πνεῦμα
2423 3966 2629 4028 αὐτοῦ,
2665 3966 2831 4037 ἤγουν
2889 3965 2951 4018 τὸ
3002 3963 3224 4031 Πνεῦμα
3265 3960 3359 4014 τοῦ
3402 3958 3557 4024 Θεοῦ,
3604 3957 3703 4010 καὶ

471 4080 546 4137 ct,
594 4048 803 4126 Domini
849 4076 926 4123 est
968 4077 1107 4121 terra
1132 4076 1180 4119 et
1216 4062 1487 4134 plenitudo
1512 4060 1624 4129 ejus
1645 4060 1696 4126 ’;
1727 4065 1803 4122 et,
1837 4054 2041 4111 Caelum

2140 4061 2428 4130 ῥυήσεται
2452 4059 2660 4113 ὕδατα.
2701 4058 2843 4111 Καί·
2892 4054 3000 4111 Τοῦ
3037 4055 3261 4124 Κυρίου
3298 4056 3336 4123 ἡ
3366 4053 3440 4123 γῆ
3479 4051 3577 4107 καὶ
3637 4048 3705 4103 τὸ

471 4166 588 4220 cwli
619 4164 843 4218 Domino
871 4163 913 4217 ³.
939 4159 1171 4227 Quidam
1192 4170 1373 4213 autem
1416 4157 1519 4209 hoc
1547 4153 1614 4208 de
1665 4150 1872 4221 Spiritu
1913 4163 2041 4203 san-

471 4270 559 4312 cto
583 4257 926 4327 intelligunt;
949 4268 1050 4309 vox
1075 4260 1254 4306 autem
1282 4246 1567 4319 ferebatur,
1598 4243 1649 4300 id
1675 4239 1930 4313 estquasi
1952 4239 2041 4293 in-

470 4350 705 4406 cubabat
729 4347 887 4420 aquis
921 4356 975 4402 et
991 4360 1088 4401 eas
1113 4340 1440 4398 viviﬁcabat.

541 4534 695 4603 Quod
726 4540 945 4604 propter
979 4528 1082 4582 hoc
1110 4525 1308 4580 dicitur
1342 4518 1529 4576 :Vidit
1562 4515 1711 4571 Deus
1729 4513 1861 4584 quia
1886 4519 2045 4565 erant

470 4634 635 4691 bona,
661 4642 727 4683 ne
750 4624 874 4695 quis
890 4622 1196 4691 vituperare
1213 4615 1437 4671 auderet
1455 4624 1575 4682 qua:
1598 4607 1781 4664 divina
1813 4613 2037 4661 senten-

472 4723 544 4775 tia
582 4720 731 4773 'bona
757 4715 987 4768 dixerat.

540 4810 695 4874 Quod
721 4808 828 4861 duo
864 4801 988 4859 θαιιί
1013 4805 1178 4856 sunt:
1213 4808 1382 4850 unum
1410 4791 1463 4845 in
1489 4785 1757 4859 principio
1807 4783 2033 4847 factum,

467 4903 700 4959 alterum
739 4916 802 4956 ex
835 4896 994 4969 aquis
1033 4891 1354 4953 formatum;
1386 4883 1440 4940 id
1488 4889 1574 4937 est
1621 4894 1787 4935 unum
1816 4892 1884 4934 ex
1926 4890 2034 4932 non

470 4994 709 5060 cutibus,
740 4991 968 5046 alterum
991 4983 1185 5053 exjam
1215 4972 1627 5034 exsisteutibus.

538 5084 694 5152 Quod
728 5082 878 5147 illud,
899 5076 1160 5137 Laudate,
1184 5069 1298 5125 ειειὶ
1327 5066 1597 5128 cwlorum,
1648 5071 1702 5117 et
1736 5076 1873 5131 aqua
1921 5074 2038 5152 qua:

464 5151 598 5237 cwlo
639 5183 925 5247 superstat,
974 5170 1160 5240 plures
1190 5163 1359 5219 caelos
1374 5174 1481 5213 non
1517 5155 1758 5222 inducit;
1806 5152 1901 5209 sed
1934 5151 2038 5207 lle-

467 5277 740 5329 braeorum
775 5267 1039 5322 dialectos
1063 5273 1173 5315 non
1209 5256 1347 5312 solet
1373 5267 1539 5308 voces
1559 5249 1747 5304 cadum
1766 5257 1821 5305 et
1846 5263 2036 5319 aquam

469 5362 821 5433 singulariter
882 5353 1189 5425 exprimere
1230 5356 1334 5415 ;ut
1368 5359 1466 5399 nec
1518 5342 1688 5398 Graeci
1731 5340 1948 5395 Athena:
1982 5348 2038 5393 ct

471 5455 697 5518 Thebis;
726 5461 955 5506 etnemo
976 5445 1152 5500 urbem
1172 5439 1427 5510 Delphina
1459 5436 1619 5501 dicit,
1645 5433 1738 5491 sed
1773 5434 2034 5502 Delphos;

464 5559 527 5602 et
557 5547 611 5599 in
651 5544 758 5598 alio
791 5541 972 5595 mlum
1003 5536 1120 5593 εσιιὶ
1138 5535 1415 5591 veritatem
1454 5540 1626 5588 ratam
1651 5526 1801 5584 facit.

490 5846 493 5851 Ξ
532 5758 939 5829 ‘Psal.cx1.vn,
976 5759 1056 5815 l8.
1086 5763 1103 5793 ’
1130 5756 1273 5814 Psal.
1295 5772 1451 5820 χχιιι,
1486 5755 1526 5807 ¹.
1558 5752 1575 5783 ³
1600 5748 1741 5806 Psal.
1774 5765 1925 5811 cxru,
1958 5751 2041 5805 l6.

2141 4152 2453 4222 πλήρωμα.
2484 4149 2627 4205 Καίο
2669 4150 2733 4203 '0
2754 4147 3010 4217 οὐρανὸς
3031 4146 3137 4201 τοῦ
3170 4144 3429 4213 οὐρανοῦ
3477 4141 3555 4206 τῷ
3589 4145 3702 4196 Κυ-

2134 4244 2268 4313 ρίφ.
2330 4244 2395 4299 οι
2437 4242 2516 4305 δὲ,
2557 4242 2686 4311 περὶ
2734 4240 2830 4293 τοῦ
2891 4238 3155 4306 παναγίου
3188 4235 3502 4305 Πνεῦματος
3545 4235 3703 4285 τοῦτο

2140 4334 2322 4389 νοοῦσι
2350 4351 2365 4366 ο
2393 4334 2528 4387 τὸδὲ
2566 4334 2908 4403 ἐπεφέρετο,
2940 4331 3061 4385 ἀντὶ
3096 4329 3209 4395 τοῦ,
3233 4328 3423 4398 ὥσπερ
3454 4326 3703 4389 ὲπωάζον

2141 4423 2473 4495 περιιοαλπε
2497 4425 2591 4479 καὶ
2621 4423 2909 4493 ὲζωογὸνει
2928 4423 2997 4477 τὰ
3024 4421 3215 4475 ὕδατα.

2214 4515 2450 4570 Ὅτιδιὰ
2473 4514 2632 4570 τοῦτο
2664 4516 3004 4588 πρόσκειται,
3066 4514 3147 4567 ὅτι
3198 4507 3387 4565 εἶδενδ
3437 4508 3571 4572 Θεὸς
3622 4508 3703 4561 ὅτι

2143 4609 2307 4677 καλὰ,
2339 4610 2427 4663 ἵνα
2458 4609 2648 4682 μηδεὶς
2674 4610 2896 4680 δύνηται
2922 4606 3081 4678 ψέξαι
3111 4606 3197 4676 as
3220 4604 3339 4659 θεία
3365 4604 3546 4673 ψῆφος
3580 4596 3703 4655 εἷπε

2144 4700 2303 4757 καλά.

2216 4790 2448 4845 Ὅτιδύο
2468 4789 2687 4861 οὐρανοί
2707 4790 2867 4853 εἰσιν,
2886 4781 2965 4851 εἷς
2990 4787 3019 4841 6
3048 4786 3106 4839 ὲν
3134 4787 3275 4856 ἀρχῇ
3307 4784 3571 4854 γεγονὼς,
3608 4786 3704 4837 καὶ

2140 4884 2325 4951 ἕτερος
2358 4884 2387 4936 6
2407 4882 2467 4949 ἐξ
2498 4882 2705 4937 ὑδάτων
2724 4880 2993 4943 συνεστώς
3024 4894 3039 4908 ·
3061 4878 3199 4932 ὥστε
3218 4879 3247 4931 6
3282 4878 3382 4948 μὲν
3408 4877 3469 4942 ἐξ
3497 4878 3598 4931 οὐκ
3616 4876 3703 4930 6v-

2139 4993 2268 5041 των,
2300 4976 2329 5029 6
2351 4975 2408 5030 δὲ
2438 4973 2501 5040 ἐξ
2533 4974 2721 5029 ὄντων.

2211 5068 2429 5134 Ὀτιτδ,
2447 5066 2786 5137 Εὐλογεῖτε,
2813 5067 2867 5119 οι
2891 5063 3133 5133 οὐραγοὶ
3152 5062 3269 5117 τῶν
3289 5062 3581 5131 οὐρανῶν,
3608 5061 3702 5115 καὶ

2137 5163 2197 5217 τὸ
2215 5160 2360 5233 ὓδωρ
2374 5161 2437 5214 τὸ
2452 5160 2709 5231 ὑπεράνω
2722 5158 2829 5212 τῶν
2844 5156 3108 5227 οὐρανῶν,
3120 5156 3180 5210 οὐ
3201 5155 3423 5218 πολλοὺς
3440 5154 3702 5225 οὐρανοὺς

2136 5254 2306 5326 λέγει,
2323 5253 2460 5309 ἀλλὰ
2482 5253 2520 5323 ἠ
2557 5250 2824 5323 Ἐϐραίων
2851 5248 3034 5322 γραφὴ
3050 5249 3140 5303 τόν
3163 5265 3221 5301 τε
3246 5246 3507 5315 οὐρανὸν
3523 5246 3620 5299 καὶ
3644 5246 3703 5299 τὸ

2136 5346 2297 5417 ὕδωρ
2313 5346 2413 5399 οὐκ
2425 5340 2565 5398 οἶδεν
2578 5342 2772 5405 ἑνικῶς
2791 5340 3095 5411 ὀνομάζειν
3108 5340 3293 5409 ὥσπερ
3309 5337 3426 5391 οὐδὲ
3440 5340 3489 5391 οἱ
3506 5337 3703 5406 Ἕλλη-

2135 5434 2572 5504 νιςτδἉθῆναι,
2587 5432 2760 5485 καὶτὸ
2784 5431 2987 5500 Θῆϐαιο
3014 5431 3110 5485 καὶ
3121 5430 3233 5498 τὴν
3261 5428 3495 5497 Δελφὸν
3522 5428 3704 5481 πόλιν

2135 5527 2313 5589 οὐδεὶς
2338 5525 2509 5593 λέγει,
2538 5522 2672 5578 ἀλλὰ
2701 5521 2969 5591 Δελφοὺς
2998 5520 3149 5591 λέγει
3180 5535 3195 5551 ·
3226 5519 3348 5572 επεὶ
3394 5517 3703 5588 ὀούρανὸς

2139 5620 2251 5675 τοῦ
2281 5618 2539 5688 οὐρανοῦ
2561 5619 2627 5674 ὲν
2650 5617 2794 5689 ἄλλῳ
2830 5617 2985 5689 κυροῖ
3001 5613 3099 5686 τὴν
3121 5611 3395 5684 ἀλήθειαν.
