4054 6580
374 338 500 411 1021

1407 338 1888 402 ATHANASIUS
1925 340 2285 402 CORINTH.
2327 342 2558 407 EPISC.

3485 344 3618 409 1022

439 465 559 519 ’Ότι
590 461 703 525 πῶς
736 459 829 516 καὶ
856 459 1001 529 μίαή
1029 456 1235 512 ὑδάτων
1260 456 1555 535 συναγωγὴ
1578 457 1670 510 καὶ
1710 457 1940 525 mihi;

2115 460 2402 526 Quomouo
2433 461 2730 531 singularis
2751 476 3021 532 aquarum
3052 462 3305 518 collectio
3326 473 3376 515 et
3401 464 3620 532 plures?

371 558 443 610 Τὸ
474 555 592 625 μὲν,
623 555 706 607 ὅτι
736 552 995 620 ῆνωνται
1021 565 1035 579 ’
1061 548 1121 603 τὸ
1147 548 1226 615 δὲ,
1259 548 1342 600 ὅτι
1370 546 1566 601 κοῖται
1601 551 1694 602 καὶ
1718 550 1936 622 πελάγη

372 646 751 717 κεχωρισμένα
790 644 950 700 εἰσίν.

443 718 806 804 Ὀτιῖτὰςόὺκ
832 737 1125 809 ἐδωδίμους
1169 737 1399 807 βοτάνας
1425 735 1728 807 βλαστῆσαι
1772 752 1943 806 προσ-

372 831 560 897 ἐταξεν
583 831 611 884 6
638 830 794 895 Θεὸς,
823 830 919 885 καὶ
942 829 1011 883 τὰ
1030 829 1209 884 ξοὸόλα
1230 828 1321 883 διά
1337 847 1395 882 τε
1422 828 1522 892 τὰς
1546 826 1847 895 μελλούσας
1877 827 1945 880 ὲκ

372 924 471 993 τῆς
510 922 782 993 ἁμαρτιας
797 921 1107 993 ἀρρωστίας
1135 920 1471 990 ἐγγίνεσθαι.
1500 919 1596 973 καὶ
1614 919 1702 974 διὰ
1731 918 1793 973 τὸ
1816 920 1942 973 ὲπι-

374 1015 570 1083 φύσους
603 1015 749 1085 ἡμᾶς
781 1008 921 1066 εἶναι
971 1013 1030 1065 ὲν
1067 1014 1231 1066 παντὶ
1277 1013 1373 1066 καὶ
1408 1011 1561 1083 τύπῳ
1585 1013 1681 1065 καὶ
1733 1011 1935 1083 χρόνῳ,

374 1106 469 1159 καὶ
527 1102 926 1169 συστέλλεσθαι,
944 1105 1037 1158 καὶ
1063 1103 1155 1157 τὸν
1177 1101 1309 1156 Θεὸν
1343 1102 1529 1173 ζητεῖν
1552 1103 1616 1157 ὲκ
1642 1102 1861 1158 τούτου.

444 1198 567 1251 ’Ότι
593 1198 657 1250 ἐκ
675 1196 768 1251 τοῦ
798 1196 1019 1268 πρώτου
1049 1196 1225 1266 φωτὸς
1248 1197 1441 1267 ὀῆλιος
1462 1195 1646 1260 ἔλαϐε,
1679 1196 1773 1249 καὶ
1801 1197 1941 1267 ήσε-

373 1290 530 1361 λήνη,
550 1288 645 1344 καὶ
662 1290 710 1342 οἱ
727 1289 975 1361 ἀστέρες,
991 1289 1084 1344 καὶ
1102 1288 1154 1342 εἰ
1171 1288 1273 1343 πού
1304 1289 1423 1342 ἐστι
1445 1288 1555 1360 πῦρ
1576 1288 1723 1342 ἄλλο’
1752 1288 1943 1361 ὥσπερ

373 1384 466 1436 καὶ
482 1382 541 1437 τὸ
568 1381 715 1453 ὕδωρ
740 1380 820 1447 εἷς
842 1398 903 1434 τε
932 1382 1061 1445 τοὺς
1098 1383 1398 1453 ποταμοὺς,
1430 1382 1528 1434 καὶ
1586 1380 1687 1444 τὰς
1730 1379 1937 1453 πηγὰς,

374 1472 579 1537 καὶτὰς
605 1472 820 1543 λίμνας,
843 1472 939 1526 καὶ
963 1472 1063 1537 τὰς
1082 1472 1359 1538 θαλάσσας
1388 1475 1468 1539 εἰς
1499 1472 1569 1527 τὰ
1589 1473 1816 1545 ὑπερῷα
1844 1472 1940 1527 τοῦ

372 1563 621 1636 δευτέρου
649 1564 880 1636 οὐρανοῦ
906 1565 1223 1637 διενεμήθη.
1274 1586 1277 1589 λ

443 1657 565 1710 ’Ότι
595 1656 664 1710 τὰ
696 1656 838 1725 φυτὰ
882 1656 987 1727 πρὸ
1014 1657 1127 1711 τῶν
1169 1659 1475 1731 φωστήρων
1529 1658 1775 1731 ἐποίησε,
1826 1657 1937 1711 δει-

372 1746 551 1801 κνύων
574 1748 657 1802 ὅτι
683 1746 784 1818 τὴν
821 1746 1086 1817 ζωογόνον
1114 1748 1347 1821 δύναμιν
1386 1750 1492 1822 πρὸ
1524 1749 1674 1823 ἡλίου
1699 1749 1938 1821 ἔχουσιν.

2039 550 2201 605 Juxta
2220 552 2372 615 illud,
2397 552 2808 624 Congregentur,
2839 562 2913 621 et,
2935 553 3184 608 Flumina
3209 570 3239 608 a
3274 554 3518 612 maribus
3540 557 3615 611 di-

2040 643 2315 701 vidantur.

2110 735 2264 802 Quod
2295 736 2508 806 plantas
2530 751 2636 791 non
2672 733 2896 791 esihiles
2924 734 3234 805 germinare
3257 737 3423 807 jussit
3449 737 3612 803 Deus,

2039 837 2094 883 et
2114 843 2419 884 venenosae
2444 828 2618 892 nasci,
2652 827 2755 883 hoc
2777 836 2998 898 propter
3030 829 3252 886 morbos
3291 846 3356 884 ex
3404 847 3613 902 praeva-

2044 920 2782 991 ricationesuperventuros,
2816 927 2871 974 et
2911 933 3007 989 per
3038 918 3144 974 hoc
3173 922 3317 990 quod
3367 923 3421 977 in
3464 923 3614 977 omni

2039 1010 2161 1066 loco
2183 1020 2237 1067 et
2252 1020 2497 1082 tempore
2518 1013 2572 1066 in
2609 1012 2805 1067 timore
2846 1021 2901 1067 et
2941 1011 3145 1082 gemitu
3178 1012 3434 1081 vivimus,
3490 1015 3615 1071 hinc

2040 1102 2209 1159 Deum
2234 1103 2510 1173 quaerendi
2544 1103 2697 1159 locus
2722 1113 2886 1160 esset.

2111 1195 2264 1261 Quod
2291 1210 2356 1249 ex
2377 1194 2498 1250 luce
2525 1196 2846 1266 primigenia
2883 1197 2986 1262 sol,
3015 1197 3391 1265 luna,astraet
3411 1195 3550 1267 ignis
3567 1196 3611 1249 si

2038 1286 2165 1357 quis
2186 1286 2345 1353 alius,
2382 1286 2565 1344 lucem
2610 1298 2971 1359 acceperunt;
3011 1300 3068 1346 ut
3117 1306 3256 1361 aqua
3286 1292 3351 1346 ad
3398 1289 3613 1353 ﬂuvios.

2039 1378 2239 1447 fontes,
2288 1378 2589 1450 palndeset
2619 1383 2792 1438 maria
2824 1382 2877 1438 iu
2933 1384 3313 1454 superioribus
3379 1383 3609 1439 secundi

2038 1472 2160 1529 (εωιί
2192 1474 2566 1544 permanebat.

2111 1656 2267 1725 Quod
2297 1656 2508 1728 plantas
2536 1664 2661 1711 ante
2685 1656 2977 1713 luminaria
3016 1658 3167 1725 fecit,
3224 1660 3328 1715 hoc
3383 1660 3612 1715 demon-

2040 1762 2193 1818 strat,
2222 1766 2285 1807 ea
2330 1751 2580 1806 virtutem
2614 1750 2885 1806 vivilicam
2925 1762 3050 1807 ante
3101 1752 3269 1807 solem
3336 1753 3612 1809 habuisse.

446 1841 563 1895 Ὀτι
587 1840 653 1894 τὰ
672 1840 835 1913 θηρία
863 1841 1086 1913 ἔσχατον
1101 1840 1192 1896 τοῦ
1214 1842 1391 1912 φωτὸς
1418 1843 1672 1913 ἐποίησεν
1697 1859 1711 1873 ·
1738 1842 1800 1895 οὐ
1837 1841 1944 1911 γὰρ

2118 1843 2271 1911 Quod
2293 1843 2591 1897 animantia
2623 1852 2747 1913 post
2785 1842 2959 1898 lucem
3018 1844 3263 1900 creavit:
3300 1861 3408 1900 non
3468 1845 3614 1901 enim

375 1934 440 1989 ἂν
461 1933 693 2006 ἤνεγκεν
727 1932 941 2002 ἀθρόως
973 1934 1069 1988 τοῦ
1090 1934 1267 2004 φωτὸς
1291 1935 1391 2008 τὴν
1418 1934 1709 2006 ἔλλαμψιν.

444 2022 657 2077 Ὅτιτὰ
689 2022 789 2092 μὲν
833 2022 979 2092 φυτὰ
1011 2022 1113 2078 οὐκ
1170 2023 1492 2095 εὐλόγησεν,
1537 2026 1724 2095 ἐπειδὴ
1780 2022 1942 2090 εὐθὺς

374 2111 471 2181 τὴν
496 2111 600 2182 γῆν
624 2111 828 2167 τούτων
851 2113 1141 2186 ἐπλήρωσε
1194 2114 1417 2169 πάντων
1458 2114 1815 2187 κατακόρως·
1874 2117 1944 2169 τὰ

373 2206 430 2259 δὲ
462 2206 627 2278 Θηρία
646 2209 741 2261 καὶ
765 2208 835 2261 τὰ
863 2210 1036 2281 κτήνη
1052 2208 1156 2265 ἀνὰ
1183 2210 1277 2265 δύο
1302 2212 1626 2283 παρήγαγεν
1657 2228 1673 2245 ·
1718 2212 1944 2278 εἰκότως

374 2295 465 2354 οὖν
482 2300 541 2353 τὸ
564 2300 915 2366 Αὺξάνεσθσ
949 2297 1121 2358 εἷπεν.

444 2391 565 2445 Ὅτι
591 2392 671 2458 τὸ,
698 2391 1047 2462 Ποιήσωμεν
1063 2393 1377 2462 ἄνθρωπον
1397 2397 1525 2450 κατ’
1552 2396 1759 2452 εἰκόνα
1810 2398 1948 2467 ripe.

372 2479 573 2549 tepor,
593 2482 751 2553 ἡμεῖς
777 2483 877 2553 μὲν
904 2483 997 2537 τὸν
1029 2484 1179 2553 Υίδν,
1234 2486 1284 2540 οἱ
1312 2486 1373 2539 δὲ
1434 2486 1674 2543 Ἰουδαῖοι
1720 2491 1770 2543 oi
1822 2490 1940 2562 μιν,

371 2574 497 2638 τοὺς
536 2575 804 2644 ἀγγέλους
828 2615 846 2644 ,
880 2576 1041 2645 σίδὲ,
1075 2577 1215 2649 πρὸς
1240 2580 1436 2635 ἑαυτόν
1458 2596 1473 2614 ο
1510 2582 1658 2637 ἄλλοι
1697 2584 1755 2638 δέ
1801 2601 1945 2647 τινες

371 2665 481 2719 τῶν
495 2667 895 2737 αἱρετιζόντων,
934 2670 1187 2743 ’Λττικὴν
1208 2670 1363 2729 εἷπον
1390 2674 1490 2748 τὴν
1520 2676 1775 2743 σύνταξιν
1798 2695 1813 2710 ο
1851 2678 1943 2733 καὶ

372 2753 483 2825 γὰρ
503 2755 551 2807 οἱ
581 2754 699 2819 τὰς’
726 2757 990 2827 μεγίστας
1029 2763 1451 2835 πεπιστευμένοι
1503 2766 1699 2837 ἀρχὰς,
1728 2767 1944 2839 Γράφο-

376 2862 495 2915 μεν,
553 2847 788 2916 λέγουσι,
827 2850 945 2917 καὶ,
978 2852 1424 2927 Πῳπάττομεν’
1454 2858 1505 2911 ol
1543 2858 1601 2912 δὲ
1649 2859 1915 2929 ἀπολογοῦ

375 2954 526 3009 μενοι
568 2938 840 3008 λέγουσιν,
896 2943 977 2998 ὅτι
1032 2947 1101 3000 τὰ
1146 2946 1374 3005 πλεῖστα
1406 2950 1435 3003 6
1479 2950 1613 3013 Θεὸς
1648 2968 1948 3024 μονοπροσο

373 3030 539 3095 ώπως
570 3031 719 3101 λέγει
754 3035 813 3087 ἐν
858 3036 1011 3109 πάσῃ
1047 3040 1114 3109 τῇ
1146 3039 1335 3113 Γραφῇ
1371 3057 1387 3073 ·
1434 3033 1536 3095 ὧδε
1580 3042 1661 3108 δὲ,
1718 3045 1811 3097 καὶ
1864 3046 1951 3109 είς

2046 1937 2185 1992 lucis
2216 1934 2482 2005 fulgorem
2512 1934 2857 2005 repentinum
2894 1934 3170 1991 tulissent.

2114 2028 2269 2096 Quod
2299 2029 2508 2098 plantas
2555 2026 2775 2097 quidem
2812 2042 2919 2082 non
2960 2026 3222 2094 laudavit,
3252 2029 3379 2098 quia
3434 2027 3614 2085 statim

2044 2136 2138 2177 eas
2163 2135 2259 2190 per
2281 2128 2448 2175 totam
2469 2129 2667 2175 terram
2693 2118 2999 2189 germinare
3026 2118 3154 2173 fecit
3172 2135 3186 2185 ;
3207 2119 3407 2175 bestias
3434 2130 3614 2175 autem

2044 2223 2097 2268 et
2126 2228 2323 2284 pecora
2357 2211 2675 2283 conjunxit:
2722 2211 3115 2266 convenienter
3162 2219 3342 2267 autem
3387 2210 3619 2267 Crescite

2044 2305 2201 2361 dixit.

2114 2396 2268 2464 Quod
2287 2411 2380 2467 per
2414 2396 2539 2461 hoc,
2575 2394 2863 2452 Faciamus
2912 2399 3171 2454 hominem
3206 2396 3277 2450 ad
3335 2394 3619 2465 imaginem

2046 2498 2414 2552 nostram,nos
2438 2487 2636 2542 Filium
2659 2489 2878 2559 quidem
2904 2507 2920 2550 :
2946 2504 3013 2545 ex
3040 2487 3244 2546 Iudaeis
3275 2494 3456 2542 autem
3493 2486 3617 2555 qui-

2047 2582 2172 2637 dam
2202 2580 2335 2636 illud
2368 2580 2435 2635 ad
2469 2580 2712 2649 angelos,
2763 2581 2854 2636 alii
2898 2581 2965 2637 ad
3001 2580 3169 2637 Deum
3221 2579 3483 2636 referunt.
3542 2574 3619 2631 Ex

2047 2673 2319 2729 haereticis
2355 2672 2575 2740 quidam
2599 2672 2845 2728 Atticum
2868 2672 3056 2729 dicunt
3086 2671 3340 2742 loquendi
3363 2670 3618 2737 modum;

2047 2763 2243 2819 iienim
2274 2778 2439 2834 penes
2461 2778 2599 2833 quos
2626 2771 2708 2818 est
2742 2779 2958 2820 summa
2993 2772 3257 2834 potestas,
3292 2762 3617 2823 Scribimus,

2047 2854 2221 2921 aiunt,
2244 2863 2297 2908 et
2321 2853 2681 2919 mandamus;
2716 2853 2810 2923 qui
2841 2853 3056 2908 veritati
3080 2853 3383 2915 adhaerent,
3405 2852 3616 2916 dicunt,

2047 2948 2368 3018 plerumque
2396 2945 2452 3000 in
2468 2945 2749 3016 Scriptura
2774 2945 2945 3001 Deum
2980 2945 3032 3000 in
3081 2958 3312 3016 persona
3356 2944 3617 3013 singulari

2048 3036 2196 3106 loqui
2224 3053 2239 3104 ;
2294 3036 2395 3091 hoc
2420 3044 2599 3090 autem
2630 3035 2770 3099 loco,
2798 3044 2852 3090 et
2874 3035 2930 3089 in
2956 3035 3048 3089 illo
3074 3052 3093 3089 :
3162 3034 3359 3099 Venite,
3406 3034 3621 3087 descen-

372 3121 434 3175 τὸ
456 3162 471 3186 ,
530 3123 727 3191 Δεῦτε,
754 3127 1119 3196 καταϐάντες
1159 3132 1515 3204 συγχέωμεν
1576 3134 1780 3191 αὐτῶν
1837 3138 1944 3205 τὰς

2049 3128 2225 3183 dentes
2247 3126 2636 3195 confundamns
2667 3126 2878 3198 linguas
2903 3143 3104 3193 eorum,
3131 3125 3400 3196 duplicem
3427 3140 3623 3195 perso~

375 3214 678 3286 γλώσσας,
729 3220 823 3274 δοὲο
886 3223 1196 3293 προσώπων
1242 3228 1587 3298 παράστασιν
1662 3231 1897 3287 ποιεῖται
1925 3248 1943 3263 °

2049 3234 2175 3275 nam
2217 3216 2446 3283 inducit,
2477 3219 2553 3273 ita
2618 3227 2679 3273 ut
2705 3218 2902 3274 Filium
2928 3226 2981 3274 et
3050 3217 3314 3288 Spiritum
3370 3225 3620 3273 sanctum

375 3308 515 3362 ὥστε
538 3310 628 3365 τὸν
650 3310 780 3367 Υιὸν
805 3315 899 3368 καὶ
927 3315 987 3369 τὸ
1008 3315 1231 3387 Πνεῦμα
1250 3318 1332 3372 δεῖ
1360 3321 1585 3376 ἐννοεῖν.
1617 3320 1684 3374 Τί
1715 3324 1831 3376 ἐστι
1883 3323 1944 3378 τὸ

2048 3320 2294 3382 oporteat
2323 3313 2639 3383 intelligere.
2682 3314 2823 3380 Quid
2859 3322 2963 3378 est,
2990 3312 3275 3367 secundum
3304 3311 3623 3381 imaginem?

375 3404 501 3456 κατ’
524 3406 729 3459 εἰκόνα
745 3424 765 3471 ;
782 3408 831 3461 oi
863 3408 963 3479 μὲν
1004 3409 1065 3463 τὸ
1090 3409 1318 3482 ἀόρατον
1338 3412 1440 3483 τῆς
1465 3412 1671 3485 ψυχῆςο
1695 3415 1746 3469 οἱ
1766 3415 1824 3468 δὲ
1852 3415 1944 3470 τὸν

2049 3406 2154 3461 Alii
2181 3405 2399 3477 quidem
2433 3406 2747 3463 interiorem
2774 3407 3057 3475 animam;
3113 3404 3204 3459 alii
3236 3411 3472 3460 mentem
3541 3402 3625 3457 in-

376 3492 519 3559 νοῦν,
567 3496 655 3549 διὰ
681 3496 742 3550 τὸ
772 3499 1044 3570 πανταχοῦ
1070 3500 1277 3573 διήκειν
1308 3519 1325 3534 ο
1356 3506 1404 3558 oi
1434 3505 1491 3559 δὲ
1532 3505 1593 3559 τὸ
1617 3505 1804 3577 ἄρχειν
1834 3507 1943 3561 τῶν

2053 3498 2303 3569 telligunt
2342 3507 2563 3569 propter
2596 3500 2715 3569 ejus
2742 3513 3073 3569 quocunque
3101 3495 3429 3568 pervadendi
3456 3494 3626 3549 virtu.

378 3584 548 3650 κάτω,
565 3586 752 3660 ὥσπερ
771 3590 920 3655 Θεὸς,
949 3593 1044 3647 καὶ
1072 3594 1183 3648 τῶν
1213 3596 1325 3651 ἄνω
1348 3610 1363 3627 ⁶
1391 3598 1442 3652 oi
1483 3598 1539 3652 δὲ
1570 3598 1658 3654 διὰ
1684 3598 1746 3653 τὸ
1776 3602 1944 3671 ἐργά-

2056 3601 2203 3658 tem;
2230 3592 2285 3646 hi
2316 3608 2482 3662 super
2510 3600 2724 3648 terrena
2753 3603 2805 3647 et
2843 3590 3086 3647 caelestia
3134 3597 3457 3661 potestatem
3503 3603 3627 3657 qua:

378 3672 565 3736 ζεσθαι
589 3677 768 3744 αὑτὸν,
800 3680 892 3733 καὶ
923 3675 1010 3735 οἷα
1064 3681 1197 3736 Θεὸν
1245 3683 1625 3755 δημιουργείνθ
1665 3685 1716 3738 oi
1773 3685 1829 3738 δὲ
1858 3685 1944 3739 διὰ

2053 3684 2149 3740 Dei
2176 3696 2294 3751 est;
2326 3684 2417 3739 alii
2446 3685 2565 3755 ejus
2606 3685 2979 3756 operationem
3032 3695 3086 3739 et
3139 3682 3492 3747 creationem,
3533 3680 3623 3733 alii

379 3765 439 3819 τὸ
465 3768 590 3821 νοῦν
610 3768 766 3838 λόγον
796 3772 888 3827 καὶ
908 3773 1123 3845 πνεῦμα
1147 3775 1314 3846 ἔχειν,
1345 3771 1433 3829 οἷα
1461 3777 1490 3830 6
1535 3776 1944 3849 δημιουργήσας

2055 3783 2290 3830 mentem
2318 3790 2438 3845 qua:
2462 3775 2787 3831 rationalem
2821 3776 3072 3845 spiritum
3102 3774 3262 3829 habet
3284 3782 3341 3828 ut
3366 3770 3510 3827 Deus
3533 3771 3625 3842 qui

377 3857 566 3915 τοῦτον
595 3863 751 3927 Θεός.

2056 3868 2260 3924 creavit
2287 3883 2428 3924 eam.

387 4016 3629 4061 Μ

3518 4044 3628 4055 σι-

1565 4184 1738 4232 ANNO
1780 4182 2013 4231 ελεωιι
2056 4183 2104 4227 Χ
2145 4183 2442 4229 INCERTO.

1317 4358 2709 4547 ATHANASIUS

1020 4684 2135 4804 CORINTHIORUM
2218 4684 2992 4803 EPISCOPUS

1742 5014 2286 5110 NOTITIA.

1336 5216 1583 5280 (nomen,
1610 5208 1781 5263 Oriens
1806 5207 2125 5272 Christianus,
2147 5217 2267 5263 tom.
2300 5207 2366 5272 II,
2392 5222 2504 5273 pag.
2533 5207 2666 5273 163.)

463 5468 521 5521 lu
559 5466 863 5537 Synaxario
883 5464 1027 5534 quod
1056 5463 1238 5518 Basilii
1276 5461 1621 5532 imperatoris
1658 5475 1854 5515 nomen
1878 5457 2096 5531 praefert
2132 5468 2185 5517 et
2206 5476 2236 5517 a
2268 5458 2645 5530 Papebrochio
2674 5457 2881 5513 editum
2914 5466 3018 5519 est.
3051 5458 3141 5512 die
3169 5456 3201 5511 5
3238 5455 3363 5511 Maii
3387 5455 3589 5525 legitur
3618 5472 3633 5509 :

396 5555 835 5610 'Jommemoratio
868 5551 923 5607 S.
953 5549 1017 5605 P.
1049 5550 1122 5605 Ν.
1145 5551 1448 5612 Athanasii,
1472 5549 1702 5618 episcopi
1724 5547 2143 5613 Corinthiorum.
2166 5550 2257 5619 qui
2284 5547 2599 5603 obdormivit
2627 5546 2711 5614 pie
2740 5554 2789 5599 et
2820 5554 2999 5599 sancte
3026 5545 3209 5598 diebus
3236 5544 3444 5612 imperii
3478 5542 3633 5597 Basi-

402 5646 463 5698 lii
492 5654 540 5698 et
562 5642 918 5697 Constantini.
944 5640 1089 5694 Inter
1115 5638 1328 5694 codices
1353 5636 1698 5692 bibliotheca:
1715 5635 2321 5707 Augustanaa,quorum
2355 5631 2517 5687 iudex
2548 5630 2617 5684 ab
2644 5628 2881 5683 Antonio
2910 5626 3149 5682 Raincro
3177 5642 3324 5681 anno
3356 5628 3494 5682 l675
3521 5627 3638 5682 edi-

404 5742 491 5787 tus
523 5740 624 5794 est,
657 5747 779 5801 pag.
819 5728 888 5783 50
918 5734 1251 5782 memoratur
1276 5725 1554 5779 Athanasii
1580 5723 1860 5793 cujusdam
1887 5721 2266 5793 archiepiscopi
2286 5718 2678 5777 Corinthiorum
2705 5714 2946 5785 quwstio,
2966 5713 3074 5770 Cur
3109 5711 3355 5769 Christus
3380 5715 3432 5768 in
3467 5729 3651 5780 cruce,

402 5832 491 5875 nec
531 5819 638 5874 alio
671 5834 854 5891 genere
893 5814 1140 5887 supplicii
1164 5824 1401 5870 mortuus
1430 5812 1748 5883 sit,eiusque
1793 5812 2009 5866 solutio.
