4044 6574
460 323 594 387 1023

1340 328 1756 389 ATHANASII
1796 329 2203 390 CORlNTHll
2247 331 2800 393 FRAGMENTUM.

3571 329 3707 395 1024

934 632 1573 725 ΑΘΑΝΑΣΙΟΥ
1645 637 2228 727 ΚΟΡΙΝΘΟΥ
2299 635 3231 750 ΑΡΧΙΕΠΙΣΚΟΠΟΥ

1990 837 2054 874 IK
2085 838 2176 873 ται

1474 969 1558 1022 ΤΕ
1567 970 1866 1022 ΤΡΑΒΙΒΛ
1877 972 1919 1022 0
1932 970 1978 1022 Υ
2008 971 2240 1024 ΖΩΤΟΥ
2272 971 2521 1026 ΙΑΚΩΒΙ
2531 973 2604 1026 T0
2617 974 2677 1030 Υ.

888 1292 1528 1386 ATHANASII
1629 1295 2228 1389 CORINTHI
2327 1297 3252 1396 ARCHIEPISCOPI

1277 1512 1336 1572 E
1376 1513 1758 1589 QUATUOR
1810 1513 2093 1575 LIBRIS
2136 1516 2339 1578 ZOTI
2379 1517 2803 1582 JACOBITI.

1819 1681 1960 1744 (Luc.
1997 1682 2166 1745 XXIV,
2204 1685 2305 1749 ιδ.)

513 1987 848 2060 lnquirimus
880 1997 1062 2045 utrum
1098 1989 1344 2044 ciborum
1399 1991 1662 2046 saturatio
1704 1989 1756 2044 in
1798 1989 2016 2046 Christo

2191 1991 2470 2064 Ζητοῦμεν
2493 1991 2597 2063 eli)
2647 1993 2932 2064 πλήρωσις
2964 1995 3074 2048 τῶν
3112 1993 3417 2065 βρωμάτων
3444 1997 3534 2050 ἐπὶ
3554 2000 3688 2070 Χρι-

440 2085 850 2138 evacuationem
888 2083 1220 2153 produxerit.
1264 2082 1320 2138 Si
1359 2099 1488 2153 ergo
1537 2084 1720 2139 dicitis
1777 2099 2013 2138 evacua-

441 2175 643 2228 tionem
675 2174 1022 2243 produxisse,
1057 2173 1368 2228 Nestoriani
1409 2175 1562 2240 estis,
1602 2191 1808 2229 merum
1836 2175 2013 2230 homi-

439 2281 562 2320 nem
598 2263 878 2320 Christum
914 2274 1306 2335 supponentes.
1338 2264 1395 2320 Si
1430 2283 1558 2322 vero
1581 2267 1833 2322 dixeritis
1882 2283 2012 2322 eva-

437 2357 746 2412 cuationem
778 2373 885 2412 non
935 2359 1282 2428 produxisse,
1335 2359 1614 2428 quomodo
1681 2358 2013 2429 intelligatur

439 2449 720 2503 hominem
753 2450 967 2505 admitti
995 2460 1330 2513 saturatum.
1393 2461 1446 2506 et
1477 2467 1583 2506 non
1640 2462 1960 2506 evacuatum
1988 2451 2012 2506 ?

436 2542 904 2611 ~Responsio.——
931 2544 1226 2612 Apostolus
1255 2559 1523 2597 summam
1560 2545 1822 2598 unitatem
1853 2558 2005 2597 mon-

439 2644 615 2688 strare
650 2634 838 2689 volens
863 2634 1164 2689 divinitatis
1197 2645 1251 2689 et
1273 2635 1648 2700 humanitatis,
1675 2635 1728 2688 in
1755 2635 2012 2690 omnibus

437 2724 672 2779 similem
702 2725 858 2778 nobis
891 2724 1169 2779 hominem
1200 2725 1404 2780 assumi
1435 2724 1552 2780 sine
1574 2734 1763 2794 pecato
1793 2724 2008 2794 inquit;

436 2815 532 2869 sed
567 2815 655 2869 hic
682 2814 901 2885 quidem
932 2815 1000 2869 ob
1023 2830 1295 2870 summam
1335 2815 1598 2870 unitatem
1659 2815 1791 2869 illud
1831 2815 2007 2880 dixit;

443 2921 543 2960 nos
573 2920 705 2959 vero
736 2921 900 2975 supra
923 2905 1198 2960 hominem
1222 2906 1500 2961 Christum
1518 2905 1796 2961 exstitisse
1818 2906 2014 2960 admit-

435 2998 630 3053 timus.
672 2996 806 3052 Nam
848 2998 994 3070 quod
1038 3015 1070 3054 e
1126 2998 1347 3070 Virgine
1384 3007 1547 3054 natus
1598 2997 1784 3064 fuerit,
1840 2997 2008 3053 Deum

435 3090 587 3145 illum
606 3106 728 3146 esse
749 3099 804 3146 et
833 3106 998 3162 supra
1023 3091 1296 3147 hominem
1325 3092 1600 3157 ostendit;
1621 3103 1674 3148 et
1698 3095 2008 3163 oportebat,

433 3183 735 3239 secundum
761 3195 958 3240 sancta:
982 3184 1276 3255 Scriptura:
1309 3185 1572 3255 regulam,
1612 3201 1715 3241 nec
1738 3185 1803 3240 ad
1826 3185 2011 3240 dexte-

433 3291 549 3330 ram
585 3275 858 3333 declinare
881 3292 981 3332 nec
1001 3277 1068 3332 ad
1094 3277 1397 3342 sinistram,
1435 3279 1528 3333 sed
1562 3289 1710 3333 stare
1767 3279 1853 3334 his
1890 3294 2011 3350 quae

2117 2084 2243 2137 στοῦ
2285 2085 2548 2154 ἐκέκτητο
2579 2086 2673 2138 καὶ
2700 2086 2950 2142 κένωσιν.
3019 2086 3080 2140 El
3117 2086 3210 2140 οὖν
3267 2087 3453 2157 λέγετε
3489 2091 3688 2160 κεκτῆ-

2115 2175 2240 2229 σοαι
2271 2177 2519 2242 κένωσιν,
2583 2176 2934 2246 Νεστοριανοι
2998 2179 3144 2244 ἐστε,
3194 2179 3348 2248 ψιλὸν
3401 2181 3688 2251 ἄνθρωπον

2113 2268 2494 2338 ὑποτιθέμενοι
2514 2267 2605 2322 τὸν
2632 2268 2868 2339 Χριστόν
2897 2285 2912 2300 ο
2947 2269 3074 2324 εἰδὲ
3122 2272 3299 2340 ἐρεῖτε
3351 2272 3425 2342 μὴ
3481 2274 3685 2342 κεκτῆσ-

2114 2363 2238 2418 σθαι
2269 2363 2520 2428 κένωσιν,
2548 2361 2664 2426 πῶς
2681 2361 2747 2415 ἂν
2778 2361 2997 2432 νοηθείη
3055 2361 3342 2433 ἄνθρωπον
3377 2362 3683 2435 προσλαϐέ-

2114 2459 2238 2512 σοαι
2268 2456 2664 2527 πληρούμενον,
2690 2457 2786 2510 καὶ
2817 2455 2892 2527 μὴ
2915 2456 3278 2524 κενούμενονς
3324 2459 3685 2526 -Ἀπόκρι-

2113 2565 2236 2616 σις.
2260 2548 2403 2600 -Ὁ
2418 2547 2742 2611 Ἀπόστολος
2767 2549 2867 2618 τὴν
2889 2549 3065 2617 ἄκραν
3095 2547 3288 2601 ἕνωσιν
3315 2547 3482 2602 Θέλων
3509 2549 3685 2618 δηλῶ.

2114 2655 2203 2690 σαι
2229 2637 2478 2708 θεότητος
2507 2637 2603 2690 καὶ
2632 2635 3070 2707 ἀνθρωπότητος,
3103 2637 3244 2690 κατὰ
3278 2638 3455 2692 πάντα
3501 2638 3686 2707 ὅμοιον

2112 2729 2244 2798 ἡμῖν
2273 2726 2636 2782 ἀναλαϐέσθαι
2662 2727 2948 2798 ἄνθρωπον
2968 2727 3136 2797 χωρὶς
3187 2726 3462 2796 ἁμαρτίας
3488 2728 3682 2797 φησιν.

2110 2819 2225 2874 ἀλλ’
2250 2821 2458 2883 ἐκεῖνος
2487 2820 2583 2890 μὲν
2613 2819 2704 2872 διὰ
2727 2820 2827 2890 τὴν
2854 2818 3030 2890 ἄκραν
3059 2819 3256 2872 ἕνωσιν
3277 2817 3436 2872 τοῦτο
3490 2813 3646 2871 εἶπεν
3663 2834 3679 2850 ο

2111 2911 2270 2982 ἡμεῖς
2308 2910 2363 2964 δὲ
2395 2909 2492 2964 καὶ
2539 2909 2678 2982 ὑπὲρ
2709 2909 2999 2980 ἄνθρωπον
3031 2909 3362 2980 γεγενῆσθαι
3395 2909 3557 2964 αὑτὸν
3580 2927 3680 2962 κα-

2109 3001 2547 3072 ταλαμϐάνομεν.
2575 2999 2648 3055 Τὸ
2674 3001 2783 3071 γὰρ
2811 3003 2874 3055 ἐκ
2905 3001 3181 3070 Παρθένου
3224 3000 3571 3072 γεννηθῆναι,
3622 3003 3683 3055 τὸ

2111 3093 2242 3148 Θεὸν
2274 3093 2436 3147 αὑτὸν
2466 3089 2626 3156 εἶναι,
2690 3093 2786 3145 καὶ
2839 3091 2978 3161 ὑπὲρ
3027 3092 3333 3163 ἄνθρωπον,
3396 3091 3634 3146 δείκνυσι
3663 3106 3680 3122 ·

2110 3188 2204 3241 καὶ
2229 3185 2335 3238 ἔδει
2363 3183 2504 3238 κατὰ
2523 3184 2616 3236 τὸν
2639 3182 2739 3252 τῆς
2766 3182 2925 3251 ἁγίας
2951 3183 3174 3252 Γραφῆς
3214 3183 3412 3237 κανόνα
3449 3183 3525 3251 μὴ
3583 3185 3680 3236 ὲκ-

2111 3279 2289 3333 κλῖναι
2316 3277 2464 3342 δεξιά
2494 3277 2528 3347 ἢ
2552 3276 2837 3347 ἀριστερὰ,
2868 3274 3005 3330 ἀλλὰ
3023 3277 3252 3345 στοιχεῖν
3273 3277 3384 3338 τοῖς
3435 3291 3681 3346 γεγραμ-

432 3370 633 3438 scripta
668 3379 815 3434 sunt,
852 3383 1027 3438 neque
1054 3368 1258 3438 aliquid
1293 3368 1525 3438 amplius
1543 3368 1851 3438 exquirere.
1907 3343 2001 3424 lie-

2111 3369 2313 3440 μένοις,
2351 3370 2442 3422 καὶ
2474 3343 2639 3438 μηδέν
2659 3343 2821 3419 πλέον
2849 3343 3304 3436 περιεργάζεσθαι
3337 3381 3349 3394 ·
3384 3343 3552 3435 ὅμως⁷
3593 3343 3679 3418 ινα

434 3469 744 3514 rumtamen
778 3475 846 3515 ne
874 3460 1154 3514 videamur
1183 3462 1252 3515 ob
1283 3461 1660 3530 responsionis
1707 3463 2004 3516 carentiam

433 3553 614 3616 silere,
650 3551 917 3616 dicemus,
956 3554 1179 3607 meliore
1206 3560 1355 3622 parte
1384 3561 1692 3619 praestante,
1719 3554 1862 3607 aliud
1887 3569 2006 3609 esse

433 3656 634 3712 corpus
663 3643 782 3712 ejus
807 3643 1050 3696 divinum
1089 3643 1284 3713 magis,
1308 3642 1450 3712 quod
1483 3659 1680 3714 nempe
1703 3645 1756 3698 in
1787 3653 2006 3700 satura-

434 3733 579 3787 tione
601 3736 899 3788 secundum
933 3751 1030 3790 nos
1059 3734 1242 3801 fuerit,
1289 3735 1341 3789 in
1376 3736 1728 3790 evacuatione
1757 3752 1884 3791 vero
1915 3752 2007 3791 su-

432 3842 524 3894 pra
562 3842 680 3882 nos.
706 3826 952 3883 Ostendit
971 3829 1021 3882 id
1052 3830 1214 3883 etiam
1237 3839 1362 3884 ante
1389 3830 1818 3884 incarnationem
1848 3829 2004 3884 beata

431 3919 670 3976 Trinitas
705 3922 844 3991 apud
881 3923 1150 3978 Abraham
1176 3923 1490 3989 comedens,
1545 3931 1602 3978 et
1636 3931 1900 3988 saturata,
1949 3931 2006 3978 et

430 4030 540 4068 non
579 4024 860 4070 evacuata.
894 4015 1155 4071 Similiter
1192 4031 1412 4086 quoque
1476 4025 1599 4087 post
1643 4015 2001 4070 resurrectio-

430 4122 552 4162 nem
580 4107 831 4164 Salvator
850 4117 1033 4163 noster
1060 4118 1342 4165 saturatos
1357 4119 1462 4176 est,
1493 4111 1849 4165 evacuatione
1892 4125 2002 4163 non

427 4209 773 4266 occurrente,
813 4201 905 4256 sed
929 4218 1024 4272 per
1055 4202 1450 4257 inhabilantem
1481 4201 1718 4257 divinam
1750 4213 2001 4258 naturam

429 4292 766 4347 saturatione
788 4305 1131 4364 consumpta;
1151 4295 1264 4349 haac
1288 4295 1504 4366 quidem
1531 4311 1629 4351 nos
1651 4295 2003 4366 intelligimus

429 4386 729 4440 secundum
765 4397 965 4442 nostra:
991 4389 1321 4458 cognitionis
1351 4389 1685 4444 debilitatem
1737 4390 1867 4456 ;ille
1903 4404 2001 4443 au-

429 4485 536 4530 tem
574 4475 886 4530 incarnatus
935 4479 1218 4549 cognoscit
1267 4479 1518 4547 proprios
1561 4478 1916 4532 saturationis
1947 4486 2001 4531 et

427 4567 802 4622 evacuationis
869 4583 980 4622 suae
1037 4568 1252 4633 modos,
1336 4567 1480 4620 sicut
1542 4567 1716 4620 noscit
1775 4565 1996 4619 modum

2110 3463 2186 3532 μὴ
2215 3462 2455 3531 δόξωμεν
2481 3459 2829 3531 ἀποκρίσεως
2861 3458 3192 3529 ἀποροῦντες
3223 3461 3404 3530 σιγᾷν,
3446 3458 3680 3528 ἐροῦμεν

2105 3554 2188 3606 ὅτι
2215 3552 2309 3606 τοῦ
2341 3552 2648 3622 κρείττονος
2682 3551 3092 3621 ὲκνικὴσαντος,
3121 3550 3250 3604 ἄλλο
3265 3545 3405 3605 εῖναι
3437 3551 3597 3620 σῶμα
3617 3551 3678 3604 τὸ

2107 3646 2314 3701 ἐκείνου
2340 3646 2754 3714 Θεοειδέστερον,
2781 3645 2920 3712 ὅπερ
2951 3645 3008 3696 ὲν
3033 3644 3132 3712 μὲν
3154 3644 3220 3713 τῇ
3247 3642 3525 3712 πληρώσει
3552 3642 3676 3695 καθ’

2105 3742 2250 3811 ἡμᾶς
2267 3736 2354 3810 ἦν,
2391 3740 2448 3792 ἐν
2477 3738 2532 3792 δὲ
2553 3741 2618 3809 τῇ
2651 3735 2878 3790 κενώσει
2906 3735 3046 3806 ὑπὲρ
3070 3737 3238 3806 ἡμᾶς.
3272 3736 3441 3806 Δηλοῖ
3471 3734 3528 3787 δὲ
3582 3736 3676 3787 καὶ

2105 3832 2212 3901 πρὸ
2245 3831 2345 3901 τῆς
2409 3829 2743 3902 σαρκώσεως
2796 3831 2830 3900 ἡ
2878 3827 3122 3898 μακαρία
3169 3825 3339 3897 Τριάς
3398 3824 3548 3895 παρὰ
3599 3826 3676 3894 τῷ

2103 3923 2356 3994 Ἀϐραὰμ
2385 3923 2658 3985 ἐσθίουσα,
2699 3920 2793 3974 καὶ
2825 3920 3107 3990 πλήρωσιν
3139 3918 3425 3988 δεχομένη,
3462 3920 3555 3971 καὶ
3585 3917 3663 3987 μὴ

2104 4016 2406 4085 κενουμένη
2433 4031 2447 4045 ·
2475 4013 2674 4084 ὁμοίως
2698 4013 2790 4066 καὶ
2816 4012 2956 4083 μετὰ
2983 4012 3082 4082 τὴν
3111 4011 3406 4065 ἀνάστασιν
3436 4014 3463 4064 ὁ
3485 4011 3673 4080 Σωτὴρ

2105 4107 2261 4178 ἡμῶν
2289 4106 2566 4177 πλήρωσιν
2578 4105 2885 4175 δεχόμενος,
2909 4103 3191 4166 κενώσεως
3211 4103 3285 4171 μὴ
3299 4102 3672 4172 ὑπαρχούσης,

2103 4200 2217 4253 ἀλλ’
2232 4199 2335 4252 ὑπὸ
2358 4198 2455 4267 τῆς
2476 4197 2786 4266 ἐνοικούσης
2807 4196 2957 4258 Θείας
2977 4195 3188 4264 φύσεως
3219 4196 3316 4266 τῆς
3337 4194 3672 4263 πληρώσεως

2102 4293 2562 4362 ὲκδαπανωμένης
2581 4303 2594 4318 ·
2620 4290 2791 4343 ταῦτα
2830 4290 2930 4359 μὲν
2955 4290 3118 4358 ἡμεῖς
3151 4286 3293 4340 κατὰ
3345 4287 3445 4356 τὴν
3465 4285 3668 4357 ἡμετέ-

2104 4399 2202 4452 ραν
2230 4381 2328 4450 τῆς
2354 4380 2608 4448 γνώσεως
2644 4379 2927 4433 ἀσθένειαν
2954 4394 2968 4407 °
2995 4379 3156 4442 αὐτὸς
3195 4379 3251 4431 δὲ
3280 4378 3308 4429 ὁ
3365 4377 3670 4448 σαρκωθεὶς

2101 4473 2388 4526 ἐπίσταται
2417 4474 2544 4536 τοὺς
2566 4474 2800 4537 οἰκείους
2825 4473 3055 4544 τρόπους
3083 4473 3180 4542 τῆς
3203 4469 3534 4542 πληρώσεως
3577 4469 3674 4522 καὶ

2099 4569 2200 4637 τῆς
2228 4569 2505 4631 κενώσεως
2528 4584 2542 4600 ’
2573 4568 2752 4631 καθὼς
2772 4563 2878 4621 οἶδε
2915 4567 3008 4621 καὶ
3037 4567 3127 4620 τὸν
3159 4566 3359 4636 τρόπον
3383 4568 3481 4634 τῆς
3505 4565 3673 4633 ἀπορο

427 4657 716 4714 ineﬂabilis
743 4660 972 4714 duarum
1016 4669 1334 4716 naturarum
1367 4658 1584 4715 unionis
1605 4667 1661 4714 et
1688 4657 1997 4714 distinctio-
2025 4703 2035 4749 ‘

2108 4659 2269 4728 ρήτου
2297 4659 2404 4710 τῶν
2435 4657 2528 4713 δύο
2551 4657 2765 4730 φύσεων
2790 4655 2992 4730 μίξεώς
3021 4675 3078 4713 τε
3102 4657 3197 4712 καὶ
3219 4656 3468 4730 κράσεως
3496 4656 3555 4709 ἐν
3588 4654 3671 4708 ἑνὶ

425 4749 513 4804 nis
553 4751 606 4804 in
630 4766 735 4806 una
765 4767 1022 4822 persona.

2103 4751 2404 4823 προσώπῳ.
