4054 6564
416 413 552 481 ιω

478 526 567 577 27.
604 521 791 580 Tertia
817 521 1075 579 revelatio
1103 522 1169 577 ad
1210 520 1324 577 Noe
1353 522 1418 578 de
1444 522 1668 579 fmdere.

480 616 569 672 9.8.
599 615 731 682 Quae
757 615 825 671 ad
862 615 1004 672 ﬁlios
1029 612 1145 671 Noe
1182 614 1439 680 attinent,
1470 623 1527 671 et
1554 615 1623 671 de
1658 615 1776 686 ejns
1816 613 1995 670 ebrie-

414 718 545 761 late.

480 812 570 867 29.
599 813 672 869 De
700 810 1083 869 maledictione
1107 813 1393 868 Chanaan.

484 902 575 957 50.
611 903 683 957 De
716 911 891 957 morte
925 899 1061 959 Noe.

484 996 573 1049 5|.
612 996 685 1050 De
708 995 1023 1069 genealogia
1060 997 1293 1052 ﬁliorum
1327 996 1460 1052 Noe.

486 1090 576 1145 52.
603 1092 677 1149 De
707 1093 1067 1152 mdilicatione
1092 1095 1246 1151 urbis
1274 1104 1329 1150 et
1360 1096 1549 1151 turris.

486 1277 576 1332 55.
609 1278 681 1334 De
712 1277 1035 1336 confusione
1062 1277 1394 1351 linguarum.

484 1368 574 1423 54.
609 1368 682 1425 De
711 1371 1023 1442 genealogia
1046 1387 1076 1428 a
1103 1371 1225 1429 Sem
1257 1373 1325 1429 ad
1356 1374 1657 1430 Abraham.

486 1549 576 1608 55.
608 1550 740 1619 Quae
766 1554 831 1610 ad
885 1554 1088 1623 Thare,
1128 1564 1183 1613 et
1232 1558 1357 1615 illos
1402 1558 1524 1631 ejus
1573 1560 1826 1625 attinent,
1858 1577 1996 1631 quos

416 1640 601 1696 educit
631 1658 661 1697 e
685 1646 905 1714 regione
930 1647 1333 1705 Chaldaeorum.

488 1734 576 1789 56.
615 1736 795 1793 Prima
827 1740 1089 1796 revelatio
1122 1744 1189 1797 ad
1219 1742 1517 1799 Abraham.

490 1842 579 1898 5'7.
614 1842 865 1903 Secunda
899 1849 1159 1906 revelatio
1196 1850 1265 1905 ad
1287 1850 1560 1906 Abraham
1602 1852 1656 1908 in
1684 1862 1828 1909 terra
1857 1854 1996 1909 Cha-

419 1948 583 1989 naan.

492 2027 582 2080 58.
619 2028 691 2083 De
716 2029 982 2086 descensu
1008 2033 1306 2102 Abraham,
1351 2035 1405 2091 in
1439 2035 1758 2110 Egyptum,
1796 2047 1848 2095 et
1879 2054 1999 2109 quae

420 2117 485 2170 ad
521 2116 711 2172 Suram
742 2122 1047 2178 attinentet
1065 2122 1429 2183 Pharaonem.

491 2208 579 2262 59.
610 2207 685 2260 De
709 2226 938 2267 ascensu
970 2214 1243 2270 Abraham
1277 2232 1341 2271 ex
1378 2216 1634 2289 Egypto,
1666 2230 1718 2275 et
1765 2236 1886 2292 quae
1932 2222 1999 2277 ad

420 2298 521 2353 Lot
560 2302 811 2359 attinent.

492 2392 579 2447 40.
613 2393 763 2449 Deest
813 2395 1042 2465 fortasse
1102 2400 1246 2469 quod
1292 2402 1349 2455 in
1395 2405 1725 2461 antecedenti
1771 2411 2003 2465 contine-

422 2478 598 2533 batur.

493 2573 582 2626 ιι.
617 2572 799 2631 Tertia
831 2579 1092 2636 revelatio
1124 2582 1191 2637 ad
1228 2582 1526 2641 Abraham.

495 2665 582 2719 4‘2.
610 2666 785 2724 Deest.

492 2756 583 2811 45.
618 2758 691 2813 De
720 2762 1030 2832 captivitate
1056 2764 1175 2822 Lot.

491 2853 583 2908 44.
616 2854 747 2921 Quae
773 2859 837 2912 ad
862 2858 1256 2917 Melchisedech
1287 2872 1341 2918 et
1363 2864 1637 2920 Abraham
1669 2867 1930 2924 attinent.
2006 2836 2017 2855 ι

504 2947 583 3001 l5.
622 2948 894 3005 Revelatio
924 2952 977 3007 in
1013 2954 1220 3009 visione
1250 2956 1315 3010 ad
1354 2956 1654 3015 Abraham.

496 3041 585 3095 46.
619 3042 751 3109 Quae
774 3045 841 3099 ad
868 3045 1058 3101 Saram
1084 3057 1141 3102 et
1165 3050 1308 3118 Agar
1332 3050 1587 3107 attinent.

495 3130 585 3186 47.
615 3132 687 3188 De
713 3134 872 3191 dictis
893 3136 961 3191 ab
989 3139 1183 3209 angelo
1204 3138 1371 3211 Agar.

496 3313 585 3369 48.
632 3314 809 3373 Deest.

495 3404 586 3462 £9.
620 3408 819 3464 Foedus
845 3410 1280 3470 circumcisionis
1314 3415 1381 3471 ad
1419 3416 1718 3475 Abraham.

497 3495 589 3553 50.
626 3497 701 3555 De
725 3501 948 3557 nomine
980 3502 1151 3569 Sarae,
1178 3514 1233 3561 et
1266 3509 1557 3579 promissio
1590 3511 1657 3567 de
1681 3510 1858 3569 Isaac.

497 3679 584 3737 51.
621 3679 695 3735 De
724 3681 1140 3743 circumcisione
1176 3688 1475 3759 Abraham,
1508 3702 1564 3749 et
1603 3695 1849 3751 omnium
1901 3696 2004 3751 do-

428 3772 781 3828 mesticorum
813 3773 954 3844 ejus.

499 3881 588 3935 52.
627 3882 699 3938 De
730 3887 1071 3955 apparitione
1127 3890 1265 3947 facta
1335 3890 1613 3951 Abraham
1684 3896 1739 3952 in
1796 3912 2001 3968 qnercu

427 3972 690 4043 Mnmhre,
729 3986 785 4031 et
810 3978 875 4033 de
907 3979 1273 4049 hospitalitate
1305 3984 1445 4053 ejus.

499 4152 586 4210 55.
613 4154 774 4213 Sexta
807 4160 1064 4219 revelatio
1108 4163 1175 4220 de
1198 4165 1290 4221 illo
1326 4166 1599 4224 :Habebit
1634 4166 1767 4224 Sara
1808 4169 1999 4226 lilium.

493 4264 581 4318 δι.
606 4265 679 4319 De
702 4266 933 4325 Domino
982 4280 1037 4326 et
1087 4271 1303 4329 duobus
1358 4274 1568 4346 angelis
1619 4276 1921 4345 praemissis
1968 4292 1998 4331 a

424 4355 675 4415 Domino.

494 4449 584 4504 55.
619 4450 693 4506 De
730 4453 993 4521 petitione
1021 4452 1297 4511 Abraham
1326 4467 1545 4526 propter
1568 4456 1774 4524 justos.

494 4640 582 4695 56.
613 4640 686 4695 De
708 4643 917 4712 angelis
935 4642 1279 4715 venientibus
1302 4643 1621 4710 Sodomam,
1640 4645 1784 4700 etde
1807 4646 1997 4715 hospi-

426 4732 631 4787 talitate
653 4731 767 4787 Lot.

497 4824 584 4880 57.
619 4823 693 4880 De
726 4825 1011 4897 iniquitate
1041 4824 1427 4895 Sodomorum,
1451 4828 1546 4899 qui
1592 4828 1837 4899 percussi
1870 4840 2000 4885 sunt

425 4916 691 4972 caecitate.

497 5006 585 5064 58.
621 5008 695 5065 De
719 5008 973 5070 Sodoma:
998 5010 1155 5067 ruina
1185 5025 1282 5082 per
1314 5009 1587 5066 incendia.

496 5204 582 5258 59.
616 5203 746 5269 ane
777 5204 842 5259 ad
874 5206 973 5261 Lot
1010 5213 1065 5260 et
1101 5205 1220 5275 ejus
1255 5204 1394 5260 ﬁlias
1426 5203 1679 5260 attinent.

501 5292 588 5348 60.
619 5294 691 5349 De
722 5292 857 5350 Sara
890 5305 943 5350 et
980 5294 1316 5350 Abimelecb.

497 5384 585 5439 6|.
625 5384 699 5439 De
723 5385 856 5440 Sara
879 5386 1126 5456 pariente
1151 5385 1323 5442 Isaac.

494 5474 583 5528 62.
610 5476 739 5541 Qua:
774 5477 841 5531 ad
899 5474 1091 5530 Saram
1116 5477 1371 5543 attinent,
1403 5486 1458 5533 et
1516 5476 1585 5534 ad
1628 5478 1791 5548 Agar,
1830 5487 1885 5534 ct
1931 5480 1997 5533 ad

426 5564 698 5619 Abraham
734 5568 805 5621 oh
836 5566 988 5622 Isaac
1026 5576 1079 5621 et
1116 5566 1327 5622 lsmael.

497 5654 587 5711 05.
620 5656 693 5711 De
723 5656 888 5713 dictis
917 5657 1061 5729 Agar
1095 5658 1164 5713 ab
1199 5658 1415 5729 angelo.

498 5851 591 5910 64.
625 5856 897 5914 Abraham
938 5857 1115 5917 foedns
1143 5875 1267 5916 cum
1306 5861 1642 5917 Abimelech.

1119 414 1509 477 OPUSCULA
1550 413 2180 475 SCRIPTUMSTICA
2218 411 2573 473 INCERT/E
2616 410 2924 473 ETATIS.

2017 537 2061 591 Α
2163 523 2266 586 κζ’.
2289 521 2485 592 Τρίτος
2513 521 2897 591 χρηματισμὸς
2919 518 3049 591 περὶ
3074 519 3340 591 διαθήκης
3362 518 3499 590 πρὸς
3520 520 3641 573 Νῶε
3656 557 3675 574 .

3528 406 3665 473 1023

2169 621 2277 686 κη’.
2306 616 2388 670 Τὰ
2408 615 2549 671 κατὰ
2578 614 2887 680 τοὺςύἱοὺς
2911 614 3055 679 Νῶε,
3084 616 3178 669 καὶ
3206 615 3333 685 περὶ
3373 614 3472 685 τῆς
3502 614 3675 684 μέθης

2097 705 2289 762 αὐτοῦ.

2172 816 2271 870 κθ’.
2311 816 2448 885 Περὶ
2478 816 2576 885 τῆς
2608 815 2853 885 κατάρας
2883 814 2977 869 τοῦ
3007 814 3246 870 Χαναὰν.

2168 907 2231 960 λ’.
2265 910 2402 977 Περὶ
2429 908 2525 978 τῆς
2554 907 2810 978 τελευτῆς
2838 908 2986 963 Νῶε.

2168 1001 2271 1055 λα’.
2302 1001 2440 1072 Περὶ
2470 1001 2568 1070 τῆς
2594 1000 2945 1069 γενεαλογίας
2984 1000 3091 1054 τῶν
3124 1001 3255 1054 υἱῶν
3288 1000 3432 1053 Νῶε.

2169 1090 2266 1161 λβ’.
2298 1094 2434 1163 Περὶ
2486 1092 2586 1163 τῆς
2626 1091 3075 1164 οἱκοδομηθείσης
3127 1090 3365 1156 πόλεως,
3429 1091 3523 1145 καὶ
3574 1092 3670 1144 τοῦ

2099 1183 2334 1255 πύργου.
3346 1230 3347 1233 η

2170 1272 2269 1342 λγ’.
2306 1276 2440 1346 Περὶ
2465 1277 2565 1346 τῆς
2594 1276 2912 1347 συγχύσεως
2938 1277 3047 1331 τῶν
3068 1276 3352 1346 γλωσσῶν.

2168 1366 2260 1422 λδ’.
2293 1369 2429 1439 Περὶ⁸
2470 1370 2568 1440 τῆς
2602 1371 2952 1440 γενεαλογίας
2995 1371 3092 1441 τῆς
3122 1371 3228 1425 ἀπὸ
3266 1370 3360 1425 τοῦ
3406 1370 3526 1441 Σὴμ
3563 1369 3670 1433 ἕως

2097 1458 2191 1512 τοῦ
2232 1460 2502 1532 Ἁϐραάμ.

2168 1549 2262 1605 λε’.
2292 1552 2372 1605 Τὰ
2403 1552 2543 1606 κατὰ
2570 1553 2812 1625 Θάρραν,
2846 1556 2940 1608 καὶ
2966 1557 3091 1619 τοὺς
3145 1556 3205 1621 ἐξ
3246 1554 3438 1621 αὑτοῦ,
3462 1554 3557 1618 οὓς
3583 1554 3670 1619 ἐξ·

2100 1643 2315 1715 ήγαγεν
2347 1646 2412 1699 ἐκ
2438 1647 2535 1719 τῆς
2560 1647 2747 1717 χώρας
2769 1648 2878 1701 τῶν
2904 1648 3210 1703 Χαλδαίων.

2167 1734 2279 1800 λς’.
2309 1736 2533 1807 Πρῶτος
2560 1740 2943 1809 χρηματισμὸς
2974 1740 3111 1811 πρὸς
3150 1738 3421 1810 Ἀϐραάμ.

2170 1843 2269 1908 λζ’.
2298 1844 2561 1917 Δεύτερος
2604 1846 2989 1919 χρηματισμὸς
3038 1846 3174 1919 πρὸς
3216 1848 3567 1919 ’Δϐραὰμηὲν
3598 1849 3669 1919 γῇ

2102 1936 2343 1992 Χαναὰν.

2171 2028 2428 2102 λη’.[1ερὶ
2442 2031 2540 2102 τῆς
2553 2030 2611 2082 ὲν
2627 2030 2889 2101 Αἰγύπτῳ
2904 2033 3256 2095 καταϐάσεως
3274 2031 3368 2085 τοῦ
3398 2029 3667 2102 Ἀϐραὰμ,

2102 2123 2197 2174 καὶ
2221 2120 2290 2175 τὰ
2320 2123 2460 2176 κατὰ
2481 2122 2583 2195 τὴν
2606 2123 2822 2195 Σάρραν
2853 2126 2944 2178 καὶ
2967 2125 3188 2197 Φαραώ.

2172 2211 2272 2269 λθ’.
2292 2215 2426 2287 Περὶ
2445 2216 2543 2286 τῆς
2564 2216 2622 2283 ἐξ
2642 2215 2919 2286 Αἰγύπτου
2943 2218 3263 2282 ἀναϐάσεως
3285 2219 3377 2273 τοῦ
3396 2218 3667 2291 Ἀϐραὰμ,

2104 2306 2200 2359 καὶ
2229 2306 2298 2360 τὰ
2319 2308 2457 2363 κατὰ
2479 2308 2571 2363 τὸν
2596 2308 2745 2365 Λώτ.

2176 2414 2216 2467 μ
2239 2438 2253 2454 .
2279 2399 2449 2454 Asia.

2180 2596 2297 2661 μα’.
2324 2590 2522 2661 Τρίτος
2554 2593 2941 2665 χρηματισμὸς
2973 2583 3109 2666 πρδς
3155 2596 3425 2668 Ἀϐραάμ.

2179 2682 2293 2752 μβ’.
2315 2683 2486 2738 Asta.

2180 2772 2291 2844 μγ’.
2323 2775 2461 2847 Περὶ
2489 2774 2588 2845 τῆς
2616 2775 2992 2846 αἰχμαλωσίας
3019 2775 3115 2831 τοῦ
3152 2776 3293 2832 Λώτ.

2180 2864 2282 2935 μδ’.
2319 2866 2400 2920 Τὰ
2430 2867 2572 2920 κατὰ
2591 2867 2947 2938 Μελχισεδὲκ,
2975 2868 3070 2921 καὶ
3093 2869 3186 2922 τὸν
3220 2868 3492 2938 Ἀϐραάμ.

2181 2962 2282 3029 με’.
2312 2958 2713 3029 Χρηματισμὺς
2746 2962 2803 3013 ὲν
2834 2961 3070 3031 ὁράματι
3091 2960 3228 3032 πρὸς
3260 2960 3530 3031 Ἁϐραάμ.

2178 3054 2297 3119 μς’.
2333 3049 2413 3103 Τὰ
2435 3050 2576 3103 κατὰ
2601 3051 2839 3123 Σάρραν,
2869 3052 2962 3106 καὶ
2990 3052 3087 3123 τὴν
3120 3054 3322 3125 Ἀγαρ.

2180 3138 2289 3211 μζ.
2322 3141 2458 3213 Περὶ
2508 3142 2616 3197 τῶν
2672 3143 2973 3215 λεχθέντων
3027 3144 3133 3199 ὑπὸ
3176 3144 3271 3201 τοῦ
3318 3144 3553 3215 ἀγγέλου
3605 3149 3668 3217 τῇ

2029 3236 2073 3296 c
2110 3232 2311 3303 Ἀγαρ.

2178 3321 2288 3394 μη’.
2320 3324 2492 3378 Λείπ.

2178 3413 2285 3484 μθ“’.
2321 3416 2565 3488 Διαθήκη
2605 3417 2742 3488 πρὸς
2782 3417 3036 3489 Ἀϐραὰμ
3075 3419 3398 3491 περιτομῆς.

2174 3506 2238 3562 ν’.
2268 3510 2401 3581 Περὶ
2424 3509 2517 3563 τοῦ
2540 3509 2805 3580 ὀνόματος
2833 3511 3074 3583 Σὰρῤας,
3101 3512 3197 3567 καὶ
3216 3511 3520 3582 ἀπαγγελία
3542 3513 3671 3585 περὶ

2102 3599 2197 3653 τοῦ
2234 3600 2439 3655 Ἰσαάκ.

2174 3699 2274 3749 να’.
2307 3694 2443 3767 Περὶ
2488 3695 2588 3766 τῆς
2617 3695 2919 3767 περιτομῆς
2959 3695 3054 3751 τοῦ
3098 3694 3369 3768 Ἀϐραὰμ,
3415 3698 3510 3751 καὶ
3539 3697 3675 3752 πάν-

2102 3799 2211 3837 των
2243 3784 2351 3837 τῶν
2388 3784 2608 3840 οἰκείων
2633 3785 2822 3840 αὑτοῦ.

2174 3894 2273 3965 νβ’.
2296 3896 2431 3966 Περὶ
2451 3894 2550 3967 τῆς
2571 3895 2838 3960 ὀπτασίας
2853 3896 2953 3967 τῆς
2970 3897 3273 3968 γενομένης
3287 3896 3366 3966 τῷ
3398 3894 3670 3968 ’Δϐραὰμ.

2103 3982 2162 4037 ἐν
2197 3986 2264 4055 τῇ
2313 3983 2436 4056 δρυῒ
2466 3987 2534 4057 τῇ
2581 3986 2851 4056 Μαμϐρῇ,
2906 3989 3002 4040 καὶ
3047 3986 3178 4059 περὶ
3223 3986 3323 4056 τῆς
3372 3986 3673 4057 ξενοδοχίας

2103 4073 2291 4130 αὑτοῦ.
2764 4128 2767 4131 ,

2176 4164 2480 4235 νγ’.Ἐκτος
2497 4171 2880 4240 χρηματισμὸς
2899 4168 3025 4241 περὶ
3044 4168 3323 4237 τοῦ,”Εξει
3337 4171 3451 4226 υίδν
3467 4172 3671 4243 sapa...

2176 4276 2270 4330 νϐ’.
2298 4276 2435 4346 Περὶ
2455 4276 2551 4329 τοῦ
2574 4277 2802 4348 Κυρίου,
2830 4279 2924 4333 καὶ
2945 4278 3054 4332 τῶν
3075 4279 3123 4351 β’
3138 4280 3385 4349 ἁγγιλων
3409 4281 3517 4334 τῶν
3541 4298 3674 4351 προ⁴

2104 4368 2473 4439 πεμπομένων
2512 4370 2615 4423 ὑπὸ
2647 4369 2743 4424 τοῦ
2776 4371 3003 4442 Κυρίου.

2177 4464 2269 4513 νε’.
2323 4459 2461 4530 Περὶ
2515 4462 2617 4532 τῆς
2660 4462 2751 4516 διὰ
2796 4462 2924 4526 τοὺς
2968 4462 3215 4527 δικαίους
3263 4464 3528 4535 αἰτήσεως
3578 4464 3672 4518 τοῦ

2028 4579 2081 4639 D
2119 4550 2387 4622 Ἁϐραάμ.

2175 4640 2283 4707 νς¹.
2314 4643 2451 4716 Περὶ⁵
2478 4645 2587 4701 τῶν
2634 4646 2885 4716 ἀγγέλων
2925 4648 3187 4703 ἐλθόντων
3214 4648 3294 4713 είς
3321 4647 3549 4720 Σόδομα,
3578 4646 3674 4702 καὶ

2103 4734 2231 4805 περὶ
2259 4738 2357 4807 τῆς
2387 4737 2688 4809 ξενοδοχίας
2725 4740 2819 4793 τοῦ
2854 4740 3000 4795 Λώτ.

2169 4826 2266 4891 νζ.
2302 4828 2437 4899 Περὶ
2463 4830 2561 4901 τῆς
2590 4832 2936 4902 παρανομίας
2969 4833 3077 4885 τῶν
3099 4832 3425 4903 Σοδομιτῶν,
3456 4832 3506 4888 οἳ
3540 4834 3673 4889 ἑπα-

2100 4918 2375 4989 τάχθησαν
2397 4921 2648 4994 ἁορασίᾳ.

2172 5010 2272 5084 νη’.
2319 5013 2455 5083 Περὶ
2513 5014 2614 5085 τῆς
2661 5018 3047 5089 καταστροφῆς
3108 5018 3359 5088 Σοδόμων
3428 5016 3529 5088 τῆς
3583 5015 3673 5070 διὰ

2100 5106 2471 5176 ὲμπρησμῶν.

2169 5195 2266 5251 νθ’.
2296 5199 2378 5252 Τὰ
2415 5198 2557 5253 κατὰ
2586 5199 2676 5252 τὸν
2711 5200 2853 5268 Λὼτ,
2892 5202 2984 5256 καὶ
3018 5204 3114 5268 τὰς
3138 5204 3445 5275 θυγατέρας
3484 5204 3673 5259 αὐτοῦ.

2172 5289 2233 5356 ξ’.
2262 5292 2399 5363 Περὶ
2428 5292 2644 5364 Σάρρας
2671 5297 2767 5348 καὶ
2800 5294 2897 5348 τοῦ
2942 5295 3257 5368 Ἃϐιμέλεχ.

2173 5384 2273 5451 Ea’.
2307 5389 2441 5458 Περὶ⁵
2472 5388 2685 5460 Σάρρας
2712 5390 2977 5459 τεκούσης
3008 5392 3101 5444 τὸν
3147 5391 3355 5448 Ἰσαάκ.

2173 5481 2270 5551 ξβ’.
2307 5482 2388 5535 Τὰ
2415 5482 2555 5535 κατὰ
2573 5482 2673 5552 τὴν
2703 5484 2938 5554 Σάρραν,
2965 5484 3060 5538 καὶ
3082 5484 3184 5555 τὴν
3226 5485 3428 5554 Ἅγαρ,
3462 5483 3559 5538 καὶ
3584 5484 3676 5537 τὸν

2114 5574 2367 5643 Ἀϐραὰμ
2391 5573 2479 5628 διὰ
2506 5574 2596 5628 τὸν
2640 5575 2849 5638 Ἰσαὰκ,
2887 5576 2981 5629 καὶ
3003 5575 3094 5629 τδν
3134 5577 3379 5648 Ἰσμαήλ.

2176 5671 2277 5738 ξγ’.
2305 5671 2441 5740 Περὶ
2478 5669 2586 5723 τῶν
2628 5667 2926 5739 λεχθέντων
2966 5671 3032 5740 τῇ
3076 5670 3255 5738 ’Δγαρ
3297 5669 3403 5722 ὑπὸ
3436 5666 3528 5720 τοῦ
3570 5667 3673 5735 ἁγ-

2104 5764 2283 5832 γέλου.

2181 5857 2272 5921 ξδ’.
2304 5856 2547 5982 ξαθήκη
2577 5856 2667 5909 τοῦ
2712 5854 2964 5928 ’Δϐραὰμ
2996 5855 3130 5927 πρὸς
3156 5855 3248 5909 τὸν
3295 5853 3603 5925 ’Δϐιμέλεχ.
