4054 6566
345 418 484 487 1029

1337 418 1817 481 OCTATEUCHI
1854 418 2145 483 DIVISIO
2181 419 2266 483 IN
2305 420 2591 485 CAPI‘TA.

3463 417 3602 483 1030

412 532 505 601 55'.
543 530 810 601 Ἕϐδομος
857 530 1104 605 χρησμὸς
1149 530 1281 603 περὶ
1328 531 1421 585 τοῦ
1465 528 1773 602 πειρασμοῦ
1824 529 1919 583 τοῦ
1949 538 1990 593 Α

2095 530 2186 587 65.
2224 530 2468 602 Septima
2503 530 2787 598 revelatio,
2825 532 2891 587 de
2918 530 3220 587 tcntatione
3250 530 3398 586 circa
3424 528 3598 587 Isaac.

338 626 428 681 διὰ
459 625 550 681 τὸν
589 625 796 681 Ἰσαάκ.

413 717 521 785 Eg’.
553 719 689 790 napi.
714 712 793 773 ὧν
821 718 1010 773 sim
1041 718 1233 791 Μελχὰ
1262 719 1340 791 τῷ
1370 720 1593 792 Ναχώρ.

414 813 512 879 εξι.
545 812 682 884 Περὶ
711 813 810 884 τῆς
836 812 1095 884 τελευτῆς
1123 814 1363 886 Σάρρας.

417 904 518 975 ξηθ.
548 903 685 975 Περὶ
709 903 804 957 τοῦ
837 903 1106 975 μνημείου
1132 898 1197 960 οὗ
1219 905 1489 977 ἐκτήσατο
1525 902 1738 977 ’Λϐρὰμ
1768 905 1917 977 παρὰ

342 997 450 1049 τῶν
482 996 613 1053 υίῶν
647 996 777 1052 Χέτ.
941 1042 943 1045 .

422 1089 514 1159 ξθν.
551 1090 689 1162 Περὶ
716 1090 818 1161 τῆς
850 1091 1155 1162 ἀποστολῆς
1184 1092 1280 1147 τοῦ
1313 1094 1504 1160 παιδὸς
1526 1095 1621 1152 τοῦ
1659 1095 1916 1167 ’Λϐραὰμ

341 1182 440 1251 τῆς
479 1183 560 1257 είς
587 1182 685 1252 τὴν
722 1184 1172 1256 Μεσοποταμίαν.

413 1309 442 1345 ο
460 1332 475 1347 .
500 1292 582 1346 Τὰ
612 1292 756 1348 κατὰ
784 1292 877 1349 τὸν
920 1296 1086 1350 παῖδα
1129 1297 1222 1351 καὶ
1249 1298 1349 1369 τὴν
1383 1296 1680 1354 Ῥεϐέκκαν
1702 1300 1795 1356 ἐπὶ
1822 1302 1917 1357 τοῦ

343 1385 600 1456 φρέατος.

414 1473 514 1529 οα’.
545 1475 627 1530 Τὰ
659 1476 800 1531 κατὰ
826 1476 920 1531 τδν
950 1478 1117 1533 παῖδα
1147 1479 1458 1536 εἰσελθόντα
1503 1483 1585 1548 είς
1613 1483 1710 1555 τὴν
1741 1482 1918 1538 οἰκίαν

343 1567 438 1621 τοῦ
473 1570 680 1634 Λάϐαν,
712 1572 805 1624 καὶ⁵
826 1571 923 1642 τὴν
950 1572 1207 1626 ἐπάνοδον
1236 1574 1426 1630 αὐτοῦ.

413 1659 509 1731 οβ’.
544 1662 679 1727 Περὶ
716 1662 967 1734 Ἀϐραὰμ
988 1665 1083 1717 καὶ
1121 1664 1456 1737 Κεττούρας.

411 1754 513 1824 ογ’.
556 1755 691 1826 Περὶ
732 1756 941 1823 Ἰσαὰκ,
998 1757 1095 1811 καὶ¹
1154 1758 1452 1824 Ῥεϐέκκας
1507 1762 1774 1835 τεκούσης
1825 1764 1920 1820 τὸν

354 1847 528 1903 Ἦσαῦ
558 1847 655 1901 καὶ
684 1847 775 1901 τὸν
816 1848 1034 1905 Ἰακώϐ.

412 1943 503 1997 οϐ’.
534 1943 670 2014 Περὶ
697 1941 807 1996 τῶν
840 1944 1224 2014 πρωτοτοκίων
1259 1946 1355 2000 τοῦ
1397 1947 1593 2005 Ἠσαῦ.

411 2032 502 2087 σε’.
534 2033 758 2105 Πρῶτος
786 2034 1168 2107 χρηματισμὸς
1194 2036 1252 2090 ὲν
1277 2036 1514 2109 ὀπτασίᾳ
1546 2039 1680 2110 πρὸς
1728 2041 1916 2100 Ἰσαὰκ

342 2126 400 2178 ἐν
431 2124 716 2195 Γεράροις,

412 2217 521 2285 ος’.
548 2220 626 2273 Τὰ
652 2219 792 2273 κατὰ
810 2219 1034 2288 σἸσαὰκ,
1057 2222 1152 2275 καὶ
1185 2221 1504 2293 Ῥεϐέκκαν,
1526 2225 1622 2279 καὶ
1642 2226 1735 2280 τὸν
1769 2225 1915 2281 Ἀϐιο

345 2311 533 2384 μέλεχ.

411 2402 507 2469 οξ.
544 2404 680 2476 Περὶ
703 2400 771 2481 ἧς
817 2404 1039 2478 ἔσπειρε
1078 2407 1271 2479 κριθῆς
1310 2408 1495 2463 Ἰσαὰκ
1525 2413 1582 2464 ὲν
1627 2411 1909 2484 Γεράροις.

409 2522 510 2586 οη’.
542 2516 676 2586 Περὶ
696 2515 805 2570 τῶν
833 2517 1150 2588 Φυλιστιεὶμ
1184 2516 1541 2591 ζηλωσάντων
1572 2521 1664 2574 τὸν
1705 2522 1912 2590 Ἰσαὰκ,

341 2612 435 2663 καὶ
469 2611 729 2682 περὶτῶν
759 2611 1009 2685 φρεάτων
1038 2605 1113 2666 ὧν
1143 2610 1373 2685 ὤρυξεν.

409 2701 505 2757 σθ’.
543 2703 803 2777 Δεύτερος
839 2705 1223 2778 χρηματισμὸς
1247 2705 1385 2780 πρὸς
1419 2706 1627 2775 Ἰσαὰκ,
1662 2711 1789 2784 περὶ
1818 2711 1911 2765 τοῦ

342 2793 598 2863 φρέατος.

413 2888 488 2944 π’.
516 2890 760 2962 Διαθήκη
791 2888 884 2944 τοῦ
923 2890 1216 2962 ’Ᾱϐιμέλεχ
1250 2890 1385 2965 πρὸς
1426 2891 1518 2946 τὸν
1563 2893 1749 2948 Ἰσαὰκ
1786 2895 1914 2965 περὶ

340 2983 433 3036 τοῦ
457 2983 690 3054 φρέατος
714 2982 808 3038 τοῦ
838 2983 1024 3054 ὅρκου.

413 3100 524 3149 πω.
552 3094 684 3169 Περὶ
709 3093 818 3149 τῶν
842 3094 1117 3163 γυναικῶν
1162 3094 1356 3164 Ἡσαῦ,
1383 3095 1440 3149 αἳ
1468 3090 1608 3170 ἦσαν
1636 3094 1914 3167 ὲρίζουσαι

341 3186 419 3257 τῷ
461 3186 663 3252 Ἰσαὰκ,
700 3186 795 3240 καὶ
825 3187 891 3258 τῇ
938 3186 1226 3258 Ῥεϐέκκα.

414 3276 522 3348 "‘5'-
560 3240 695 3350 Περὶ
734 3277 832 3347 τῆς
866 3240 1056 3351 ,θήρας
1102 3240 1403 3331 τούἮσαῦ
1446 3276 1545 3348 τῆς
1572 3276 1660 3330 διὰ
1697 3277 1796 3347 τὴν
1822 3276 1915 3329 5°5-
1943 3240 1990 3303 ο

342 3367 552 3437 λογίαν.

415 3461 526 3533 αἵγ’.
548 3461 682 3538 Περὶ
698 3460 802 3517 ιτοῢ
826 3458 1161 3532 πτερνισμοῦ
1196 3458 1391 3515 Ἰακὼϐ
1416 3459 1503 3514 διὰ
1520 3459 1617 3532 τὴν
1643 3458 1911 3528 εὐλογίαν.

413 3552 518 3611 πδ’.
557 3555 753 3626 Πρώτη
786 3554 1010 3623 εὐλογία
1050 3551 1245 3608 Ἰακὼϐ
1278 3554 1400 3607 ἀντὶ
1444 3551 1640 3608 Ἠσαῦ.

415 3656 519 3705 πε⁸.
547 3650 684 3721 Περὶ
704 3647 812 3705 τῶν
840 3646 1155 3719 ἐδεσμάτων
1180 3638 1256 3701 ὧν
1285 3646 1540 3718 ἐποίησεν
1577 3644 1771 3701 Ἠσαῦ.

414 3742 535 3811 σις’.
564 3743 701 3813 Περὶ
735 3742 833 3815 τῆς
866 3740 1036 3813 ὀργῆς
1067 3738 1238 3793 Ἦσαῦ
1268 3738 1369 3809 τῆς
1403 3738 1542 3811 πρὸς
1592 3737 1809 3792 Ἰακώϐ.

417 3834 525 3898 πζ’.
557 3835 797 3910 Δευτέρα
823 3833 1045 3905 εὐλογία
1073 3830 1171 3888 τοῦ
1197 3829 1414 3887 Ἰακὼϐ.

416 3935 528 3999 πη’.
567 3927 703 3999 Περὶ
731 3927 828 3998 τῆς
853 3924 1113 3998 γυναικὸς
1143 3922 1236 3977 τοῦ
1277 3923 1473 3980 Ἠσαῦ.

415 4019 523 4076 πθ¹.
555 4021 692 4092 Περὶ
733 4020 832 4089 τῆς
885 4017 1244 4081 καταϐάσεως
1284 4016 1453 4070 Ἥσαῦ
1488 4015 1613 4088 [sic,
1663 4016 1779 4086 lege
1817 4017 1918 4070 Ἰα-

346 4111 489 4182 κὼϐ]
518 4113 616 4182 τῆς
644 4114 724 4176 εἰς
756 4110 1005 4183 Χαρράν.

418 4210 484 4273 ιζ.
514 4205 734 4277 Πρῶτος
760 4203 1144 4276 χρηματισμὸς
1165 4202 1302 4274 πρὸς
1340 4200 1538 4259 Ἰακὼϐ
1558 4202 1616 4256 ιν
1638 4201 1790 4275 ὖπνῳ
1813 4201 1920 4257 ἀπὸ

345 4298 447 4367 τῆς
475 4297 761 4368 κλίμακος.

417 4387 527 4456 ιμ’.
558 4391 692 4460 Περὶ⁸
721 4385 789 4461 ἧς
816 4387 1021 4461 ηὔξατο
1053 4388 1217 4461 εὐχῆς
1249 4387 1469 4454 Ἰακὼϐ,
1502 4388 1561 4442 ἐν
1586 4380 1630 4456 ᾧ
1651 4384 1919 4461 ἐκοιμήθη

346 4484 518 4553 τόπῳ.

1944 1886 1993 1947 Β

2090 718 2179 776 66.
2223 721 2298 776 De
2322 723 2412 777 his
2445 734 2586 790 quos
2610 722 2795 790 genuit
2822 720 3027 775 Melcha
3063 716 3303 774 Nachor.

2089 813 2180 869 67.
2214 813 2287 870 De
2317 823 2492 870 morte
2518 814 2687 870 Sarae.

2089 912 2180 968 68.
2212 910 2290 966 De
2316 920 2671 966 monumento
2698 907 2843 980 quod
2881 906 3124 979 possedit
3148 904 3423 961 Abraham
3458 919 3488 959 a
3537 902 3600 955 li-

2019 1004 2106 1060 liis
2132 1001 2290 1058 Chet.

2088 1095 2177 1151 69.
2218 1094 2292 1149 De
2333 1092 2595 1148 missione
2638 1090 2830 1148 famuli
2865 1090 3139 1147 Abraham
3188 1089 3242 1145 in
3290 1088 3596 1160 Mesopma-

2019 1203 2204 1245 mnam.

2089 1296 2179 1352 70.
2213 1295 2347 1362 Quae
2375 1295 2442 1349 ad
2477 1294 2744 1353 famulum
2772 1302 2825 1350 et
2854 1292 3152 1351 Rebeccam
3182 1290 3412 1347 attinent
3442 1290 3599 1362 juxta

2056 1399 2262 1446 uteum.

2056 1406 2262 1446 uteum.

2020 1406 2052 1460 Ρ
2094 1479 2181 1533 71,
2213 1479 2345 1545 Quae
2388 1477 2455 1532 ad
2493 1476 2761 1531 famulum
2813 1476 3047 1531 attinent
3095 1448 3485 1543 ingredientem
3542 1472 3598 1527 in

2019 1570 2242 1625 domum
2276 1568 2483 1632 Laban,
2514 1576 2569 1622 et
2598 1559 2664 1621 ad
2686 1567 2807 1637 ejus
2841 1582 3171 1638 regressum.

2091 1662 2182 1716 72.
2217 1660 2289 1716 De
2314 1660 2590 1716 Abraham
2618 1668 2675 1716 et
2702 1658 2923 1714 Cetura.

2093 1753 2181 1808 75.
2212 1751 2287 1809 De
2320 1751 2471 1808 Isaae
2499 1764 2553 1808 et
2584 1749 2831 1807 Rebecca
2862 1750 3107 1821 pariente
3137 1748 3282 1805 Esat't
3311 1757 3364 1804 et
3397 1746 3570 1803 Jacob

2089 1945 2180 2000 74.
2206 1943 2282 2001 De
2312 1943 2690 2015 primogenitis
2724 1942 2891 1999 Esau.

2091 2037 2183 2092 75.
2218 2035 2401 2092 Prima
2451 2037 2710 2093 revelatio
2745 2036 2813 2091 ad
2872 2035 3029 2092 Isaac
3079 2035 3135 2091 in
3173 2033 3514 2108 apparitione
3542 2032 3597 2086 in

2021 2128 2262 2185 Geraris.

2094 2219 2182 2274 76.
2211 2218 2345 2286 Quae
2371 2217 2439 2275 ad
2480 2216 2632 2275 Isaac
2654 2218 2906 2285 attinent,
2934 2226 2988 2273 et
3013 2215 3343 2281 Rebeccam,
3374 2224 3429 2270 ct
3466 2214 3599 2270 Abi-

2022 2313 2257 2368 melech.

2080 2328 2257 2368 etecn.

2092 2405 2178 2459 77.
2218 2404 2290 2459 De
2314 2400 2519 2457 hordeo
2560 2399 2705 2471 quod
2749 2399 3042 2454 seminavit
3085 2397 3237 2453 lsaac
3267 2400 3320 2453 in
3354 2398 3595 2454 Geraris.

2085 2514 2177 2568 78.
2216 2512 2290 2568 De
2323 2511 2621 2568 Philistiim
2676 2507 3049 2565 invidentibus
3088 2507 3276 2574 Isaac;
3310 2517 3364 2563 ct
3395 2507 3462 2563 de
3504 2523 3605 2578 ρυ-

2020 2604 2124 2660 teis
2154 2620 2294 2675 quos
2335 2602 2492 2659 fodit.

2091 2698 2178 2754 79.
2212 2694 2467 2753 Secunda
2505 2694 2762 2751 revelatio
2785 2693 2852 2751 ad
2884 2692 3060 2760 Isaac,
3090 2691 3157 2748 de
3192 2700 3382 2764 puteo.

2090 2886 2181 2943 80.
2212 2886 2414 2973 Foedus
2443 2885 2763 2944 Abimelecb
2800 2900 2926 2941 cum
2963 2885 3115 2941 Isaac
3148 2884 3215 2940 de
3249 2893 3415 2957 puteo
3452 2884 3605 2953 jura-

2020 2982 2211 3040 menti.

2091 3093 2181 3151 8|.
2214 3093 2290 3151 De
2316 3091 2582 3150 uxoribus
2620 3091 2763 3149 Esau
2800 3107 2923 3163 quae
2963 3089 3307 3148 offenderant
3346 3090 3501 3146 Isaac
3547 3097 3604 3144 et

2023 3187 2346 3240 Rebeccatn.

2091 3278 2181 3333 82.
2222 3276 2297 3334 De
2330 3275 2627 3335 venatione
2664 3275 2807 3335 Esau
2852 3282 3075 3346 propter
3134 3273 3601 3332 benedictionem.

2093 3466 2184 3524 85.
2218 3463 2293 3522 De
2318 3461 2513 3523 fraude
2539 3462 2711 3521 Jacob
2742 3471 2960 3534 pr0pter
2989 3461 3448 3519 benedictionem.

2092 3558 2183 3613 84.
2216 3556 2400 3611 Prima
2445 3554 2754 3611 benedictio
2791 3552 2961 3609 Jacob
2993 3569 3089 3623 pro
3119 3552 3285 3608 Esau.

2096 3649 2186 3704 85.
2217 3647 2291 3703 De
2319 3647 2619 3717 pulmentis
2641 3661 2764 3718 qua:
2789 3645 2916 3702 fecit
2945 3644 3112 3701 Esau.

2095 3739 2185 3794 86.
2215 3740 2292 3795 De
2327 3739 2407 3794 ira
2445 3736 2588 3793 Esau
2619 3744 2809 3793 contra
2834 3733 3025 3793 Jacob.

2096 3830 2188 3885 87.
2217 3829 2468 3887 Secunda
2494 3827 2805 3887 benedictio
2835 3826 3026 3884 Jacob.

2094 3920 2182 3975 88.
2220 3920 2293 3974 De
2328 3935 2500 3979 uxore
2529 3918 2697 3975 Esaft.

2096 4013 2184 4067 89.
2214 4013 2287 4067 De
2321 4011 2592 4067 descensu
2634 4009 2779 4066 Esaii
2812 4010 2950 4081 (sic;
2989 4008 3107 4081 lege
3136 4005 3330 4077 Jacob)
3375 4007 3427 4060 in
3458 4006 3604 4061 Cha-

2057 4120 2146 4159 an.

2026 4119 2146 4159 ran.

2096 4195 2184 4252 90.
2215 4192 2398 4250 Prima
2426 4178 2689 4249 revelatio
2718 4192 2786 4248 ad
2814 4191 2983 4248 Jacob
3028 4191 3081 4246 in
3108 4205 3307 4247 somno
3348 4205 3445 4261 per
3482 4205 3604 4246 sca-

2025 4288 2155 4343 lam.

2056 4377 2061 4382 ’
2096 4379 2185 4432 91.
2226 4375 2301 4431 De
2329 4375 2581 4432 oratione
2603 4389 2769 4448 quam
2812 4373 2990 4430 oravit
3021 4356 3219 4436 Jacob,
3253 4370 3307 4425 in
3338 4385 3450 4441 quo
3480 4369 3608 4425 dor-

2027 4470 2185 4528 mivit
2216 4470 2353 4529 loco.

418 4590 525 4663 οβ’.
557 4591 638 4645 Τὰ
668 4592 808 4647 κατὰ
841 4590 1034 4646 Ἰακὼϐ
1064 4590 1398 4661 πορευθέντα
1432 4590 1568 4662 πρὸς
1597 4588 1805 4657 Λάϐαν,
1830 4590 1923 4644 καὶ
1949 4601 1990 4661 1]

2098 4580 2191 4638 92.
2213 4579 2345 4647 Qum
2375 4579 2442 4634 ad
2475 4577 2646 4634 Jacob
2673 4577 2908 4632 attinent
2935 4577 3040 4632 iter
3064 4574 3358 4633 facientem
3400 4571 3469 4626 ad
3500 4571 3607 4625 ιο-

348 4685 480 4754 περὶ
509 4683 603 4737 τοῦ
643 4680 1099 4746 ἀποκυλισθέντος
1127 4681 1299 4736 λίθου.

420 4774 527 4843 ια’.
558 4775 641 4830 Τὰ
661 4775 805 4835 κατὰ
839 4774 1048 4841 Λάϐαν,
1085 4774 1178 4830 καὶ
1217 4771 1438 4845 Ῥαχὴλ,
1484 4771 1580 4828 ttat
1611 4771 1798 4839 Λείαν,
1828 4772 1922 4826 καὶ

360 4868 573 4924 Ἰακώϐ.

422 4964 524 5030 ἥδ’.
557 4965 691 5035 Περὶ
720 4962 885 5028 Λείας
915 4960 1288 5031 συλλαϐούσης
1317 4958 1407 5013 τὸν
1449 4956 1679 5027 Ῥουϐίμ
1704 4955 1849 5027 (sic).

422 5061 520 5122 ιβ’.
564 5057 699 5128 Περὶ
728 5056 917 5123 Λείας,
942 5055 1038 5109 καὶ
1064 5054 1294 5122 Ζελφᾶς,
1322 5052 1417 5106 καὶ
1448 5050 1542 5104 τοῦ
1584 5048 1800 5103 Ἰακώϐ.

422 5155 537 5217 ιιςν.
566 5151 701 5222 Περὶ
721 5150 831 5203 τῶν
862 5147 1252 5220 μανδραγορῶν
1278 5139 1353 5201 ὧν
1381 5137 1509 5217 εὗρε
1542 5141 1792 5214 Ῥουϐίμ.

423 5239 530 5307 ιιζθ.
556 5240 691 5311 Περὶ
711 5240 810 5310 τῆς
851 5238 1056 5309 Ῥαχὴλ
1083 5236 1353 5306 τεκούσης
1380 5237 1473 5289 τὸν
1501 5233 1723 5303 Ἰωσήφ.

425 5335 535 5401 ιιην.
572 5330 705 5400 Περὶ
733 5330 830 5387 τοῦ
852 5328 1051 5383 Ἰακὼϐ
1078 5327 1407 5399 θελήσαντος
1444 5322 1780 5378 επανελθεῖν.

423 5422 526 5490 ἥθ’.
558 5421 818 5493 Δεύτερος
843 5420 1228 5493 χρηματισμὸς
1273 5419 1408 5489 πρὸς
1434 5415 1653 5484 Ἰακὼϐ,
1673 5417 1802 5487 περὶ
1827 5415 1925 5487 τῆς

354 5514 761 5577 ἐπανελεύσεως
792 5514 982 5570 αὑτοῦ.

430 5614 495 5677 ρ’.
522 5609 655 5678 Περὶ
684 5603 758 5661 ὧν
781 5604 934 5662 εἷπεν
963 5605 1160 5662 Ἰακὼϐ
1175 5610 1244 5679 τῇ
1279 5607 1500 5680 Ῥαχὴλ,
1527 5606 1623 5662 καὶ
1648 5605 1802 5677 Λείᾳ,
1830 5604 1926 5657 καὶ

355 5719 421 5754 πε
432 5704 486 5771 p‘t
510 5700 606 5754 τοῦ
637 5701 770 5756 Θεοῦ
795 5700 889 5755 τοῦ
920 5700 1181 5770 ὀφθέντος
1205 5699 1375 5772 αὐτῷ.

428 5800 530 5863 ρα’.
564 5794 701 5865 Περὶ
723 5794 820 5864 τῆς
842 5794 1102 5847 ἐπανόδου
1123 5794 1219 5847 τοῦ
1240 5794 1433 5851 Ἰακὼϐ
1459 5796 1585 5867 περὶ
1607 5790 1682 5850 ὧν
1702 5791 1925 5863 ῐκλεψεν

354 5887 591 5940 εἰδώλων
627 5886 827 5959 Ῥαχὴλ
854 5871 948 5940 τοῦ
976 5888 1181 5958 πατρὸς
1207 5888 1395 5957 αὐτῆς.

2030 4676 2158 4738 han,
2185 4684 2238 4729 et
2263 4676 2329 4729 de
2356 4671 2606 4729 revoluto
2640 4670 2843 4742 lapide.

2101 4767 2190 4822 93.
2220 4763 2354 4831 Quae
2376 4765 2444 4820 ad
2470 4763 2656 4820 Laban
2688 4763 2944 4830 attinent,
2985 4768 3041 4815 et
3069 4757 3300 4823 Rachel,
3328 4764 3384 4812 et
3431 4754 3610 4821 Liam.

2030 4867 2084 4915 et
2114 4857 2304 4913 Jacob.

2100 4952 2192 5007 94.
2236 4953 2310 5007 De
2332 4951 2429 5009 Li:
2452 4949 2796 5020 concipiente
2833 4947 3047 5003 Ruben.

2102 5045 2191 5098 95.
2234 5044 2307 5097 De
2335 5042 2451 5105 Lia,
2483 5051 2537 5095 et
2564 5040 2788 5111 Zelpha,
2822 5047 2877 5093 et
2905 5037 3097 5093 Jacob.

2102 5134 2191 5189 96.
2227 5134 2299 5188 De
2332 5131 2714 5203 mandragoris
2744 5146 2885 5199 quas
2908 5130 3114 5185 invenit
3149 5128 3364 5183 Ruben.

2103 5227 2192 5282 97.
2229 5226 2302 5281 De
2324 5225 2529 5281 Rachel
2560 5225 2804 5296 pariente
2829 5223 3053 5294 Joseph.

2104 5322 2194 5376 98.
2226 5319 2301 5376 De
2331 5318 2500 5376 Jacob
2527 5321 2738 5376 volente
2760 5318 2992 5390 regredi.

2100 5413 2192 5469 99.
2237 5411 2488 5468 Secunda
2514 5412 2774 5466 revelatio
2797 5411 2865 5470 ad
2905 5408 3096 5475 Jacob,
3125 5408 3195 5464 de
3231 5407 3379 5463 illius
3410 5406 3608 5462 reditu.

2110 5620 2235 5676 100.
2258 5618 2334 5674 De
2368 5619 2453 5675 his
2473 5634 2595 5690 qua:
2625 5618 2763 5674 dixit
2785 5616 2953 5673 Jacob
2978 5617 3271 5684 Rachel,et
3297 5615 3429 5678 Li.e,
3462 5623 3515 5669 et
3545 5614 3612 5670 de

2040 5709 2147 5765 Deo
2171 5710 2263 5780 qui
2298 5710 2372 5764 illi
2413 5710 2679 5781 apparuit.

2111 5804 2233 5859 l0l.
2264 5803 2339 5859 De
2365 5817 2611 5868 regressu
2640 5799 2838 5867 Jacob;
2877 5800 2944 5855 de
2984 5797 3143 5855 idolis
3173 5813 3293 5869 qua:
3325 5799 3501 5853 furata
3532 5803 3617 5851 est

2041 5894 2244 5949 Rachel
2275 5910 2305 5948 ο
2342 5902 2491 5963 patre
2520 5901 2665 5962 ενα]
2971 5908 2978 5914 ’
