4054 6568
465 399 594 465 1031

1165 398 1561 461 OPUSCULA
1602 395 2231 459 SCRIPTURISTICA
2268 396 2617 459 INCER'NE
2654 397 2966 461 IETATIS.

3572 394 3704 459 1032

538 513 656 569 102.
700 512 775 567 De
824 509 1154 569 revelatione
1196 511 1265 567 ad
1301 510 1486 566 Laban
1542 510 1607 567 de
1658 508 1823 565 Iacob
1864 518 1921 567 et
1962 508 2013 564 dt

2208 508 2307 579 ρβῖ
2343 509 2481 580 Περὶ
2508 509 2603 563 τοῦ
2636 506 3021 580 χρηματισμοῦ
3054 505 3150 561 τοῦ
3181 506 3315 579 πρὸς
3350 505 3537 562 Λάσαν
3574 508 3704 582 περὶ

456 604 617 661 idolis

527 700 651 757 105.
688 698 888 755 Foedus
910 696 1080 754 Iacob
1108 708 1162 754 et
1190 696 1398 755 Laban.

528 791 649 845 101.
682 792 755 846 De
784 790 1037 845 columna
1064 798 1119 844 et
1152 789 1361 844 tumqu
1388 786 1709 843 testimonii.

527 882 651 938 105.
684 881 761 938 De
792 882 1000 953 angelis
1038 882 1133 953 qui
1164 881 1381 936 obviam
1413 880 1549 935 ﬁunt
1575 877 1765 935 Iacob.

529 1064 649 1120 106.
683 1063 760 1122 De
792 1064 936 1122 Esau
974 1064 1225 1143 veniente
1245 1062 1461 1120 obviam
1488 1061 1677 1118 Iacob.

526 1254 642 1309 107-
674 1252 749 1307 De
782 1251 1019 1308 luctante
1049 1266 1171 1306 cum
1196 1250 1387 1307 Iacob.

525 1343 648 1397 108.
679 1343 750 1397 De
780 1341 1092 1397 occurentia
1124 1340 1265 1395 Esaii
1297 1350 1349 1396 et
1372 1339 1565 1395 Iacob.

528 1436 649 1490 109.
681 1434 811 1500 Quae
830 1434 898 1490 ad
935 1432 1129 1489 Dinam
1163 1434 1396 1489 attinent
1434 1434 1599 1487 ﬁliam
1626 1430 1796 1488 Iacob
1819 1440 1871 1487 ot
1894 1431 2027 1493 Line.

524 1618 647 1673 ll0.
672 1617 853 1672 Tertia
889 1617 1147 1673 revelatio
1182 1617 1247 1672 ad
1280 1615 1448 1673 Iacob
1483 1616 1537 1672 in
1580 1616 1797 1671 Sichem
1824 1617 1890 1671 de
1927 1616 2023 1671 Be-

454 1712 585 1778 thel,
617 1720 671 1766 ct
696 1709 809 1766 Deo
847 1711 942 1782 qui
994 1712 1072 1765 illi
1125 1713 1395 1782 apparuit,
1438 1712 1658 1783 quando
1706 1709 1835 1766 fodit
1897 1709 2029 1765 deos

453 1802 662 1856 alienos
691 1802 793 1856 sub
819 1801 1143 1857 terebintho.

2131 603 2228 657 τοῦ
2257 602 2472 663 Ἰακὼϐ,
2508 602 2603 657 καὶ
2633 604 2761 674 περὶ
2789 604 2898 655 τῶν
2931 601 3186 655 εἰδώλων.

2207 702 2308 769 ργ’.
2342 695 2583 767 Διαθήκη
2607 695 2699 748 τοῦ
2732 694 2923 748 Ἰακὼὸ
2948 698 3040 749 καὶ
3067 694 3161 748 τοῦ
3188 694 3397 753 Λάϐαν.

2204 787 2278 857 95’
2285 788 2445 859 .11391
2465 790 2563 857 τῆς
2584 788 2804 858 στήλης,
2833 788 2928 843 καὶ
2951 787 3046 841 τοῦ
3072 787 3262 859 βουνοῦ
3283 787 3377 842 τοῦ
3401 789 3696 859 μάρτυρος.

2204 888 2302 952 ρε’.
2339 880 2478 953 Περὶ
2507 881 2604 951 τῆς
2630 880 3003 953 συναντήσεως
3030 879 3138 934 τῶν
3161 880 3408 949 ἀγγέλων
3439 880 3541 951 τῆς
3564 882 3700 953 πρὸς

2132 973 2352 1029 Ἰακώϐ.

2207 1073 2317 1138 ρξ’.
2354 1065 2487 1138 Περὶ
2514 1065 2609 1121 τοῦ
2648 1063 2820 1120 Ἠσαῦ
2849 1064 3146 1136 ἐρχομένου
3176 1066 3255 1131 είς
3280 1068 3600 1141 συνάντησιν
3620 1065 3698 1137 τῷ

2132 1157 2350 1213 Ἰακώϐ.

2204 1248 2306 1321 ρξ’.
2341 1251 2477 1319 Περὶ
2512 1251 2607 1306 τοῦ
2644 1249 3009 1316 παλαίσαντος
3045 1252 3184 1322 μετά
3212 1250 3425 1306 Ἰακώϐ.

2205 1339 2309 1411 οη’.
2347 1342 2482 1411 Περὶ
2518 1342 2618 1411 τῆς
2642 1330 3018 1412 συναντῆσεως
3054 1342 3222 1397 Ἡσαῦ
3253 1346 3345 1395 καὶ
3372 1341 3590 1395 Ἰακώϐ.

2204 1432 2305 1501 ρυ’.
2340 1433 2423 1488 Td
2456 1433 2595 1489 κατὰ
2619 1434 2718 1504 τὴν
2746 1434 2906 1489 Δείνα
2937 1436 3036 1507 τὴν
3066 1435 3339 1507 θυγατέρα
3360 1434 3575 1501 Ἰακὼϐ,
3604 1434 3696 1488 καὶ

2130 1527 2315 1591 Λείας.

2202 1626 2289 1691 ρι’.
2317 1618 2510 1691 Τρίτος
2542 1619 2925 1691 χρηματισμὸς
2970 1620 3107 1691 πρὸς
3129 1618 3321 1674 Ἰακὼὸ
3352 1621 3409 1672 ὲν
3433 1619 3695 1691 Σικήμοις

2130 1689 2258 1783 περὶ
2289 1689 2389 1781 τῆς
2423 1689 2665 1782 Βαιθὴλ,
2693 1711 2786 1764 καὶ
2826 1689 2920 1765 τοῦ
2961 1689 3216 1779 ὀφθέντος
3249 1710 3397 1780 αὺτῷ
3423 1689 3578 1773 ὂὲοῦ,
3604 1709 3693 1762 ὅτε

2130 1801 2443 1873 κατέκρυψε
2466 1803 2591 1863 τοὺς
2613 1800 2926 1873 ἀλλοτρίους
2947 1801 3102 1867 θεοὺς
3119 1802 3224 1855 ὑπὸ
3240 1801 3338 1873 τὴν
3361 1799 3694 1872 τερέϐινθον.

525 1896 648 1951 111.
678 1894 883 1964 Quarta
920 1895 1181 1952 revelatio
1213 1895 1268 1951 in
1302 1894 1644 1968 apparitione
1670 1894 1737 1951 ad
1768 1892 1959 1951 Iacob.

2202 1900 2330 1966 9v.a'.
2392 1894 2665 1967 Τέταρτος
2721 1894 3105 1967 χρηματισμὸς
3164 1895 3222 1949 ἐν
3273 1892 3509 1965 ὀπτασίᾳ
3560 1892 3697 1963 πρὸς

522 2085 549 2138 1
568 2084 643 2138 12.
680 2083 857 2140 Deest.

526 2181 651 2235 115.
676 2180 808 2247 Qua:
840 2178 907 2235 ad
943 2178 1130 2236 Ruben
1170 2188 1224 2235 et
1247 2179 1433 2234 Balam
1469 2186 1737 2250 spectant.

525 2273 650 2329 111.
683 2272 758 2329 De
787 2272 1101 2342 genealogia
1130 2271 1300 2327 Iacob
1330 2279 1385 2327 et
1415 2281 1590 2326 morte
1620 2269 1791 2326 Isaac.

527 2457 649 2513 ll5.
702 2456 778 2513 De
824 2455 1137 2527 genealogla
1184 2454 1353 2524 Esaﬁ,
1382 2455 1602 2527 quando
1641 2454 1776 2510 abiit
1807 2468 1837 2509 e
1884 2462 2025 2509 terra

451 2549 714 2605 Chanaan
748 2556 873 2603 ante
907 2546 1097 2603 faciem
1122 2545 1313 2603 Iacob.

526 2641 652 2696 116.
688 2641 764 2698 De
796 2641 882 2697 his
912 2640 1006 2712 qui
1036 2647 1401 2713 regnaverunt
1426 2639 1481 2693 in
1514 2637 1709 2694 Edom.

523 2736 648 2792 117.
681 2734 812 2802 Quae
848 2734 916 2790 ad
944 2724 1143 2804 Ioseph
1180 2744 1234 2788 et
1268 2732 1463 2789 fratres
1490 2732 1608 2803 ejus
1631 2732 1882 2787 attinent.

522 2827 647 2881 118.
676 2825 750 2881 De
778 2824 1009 2882 somniis
1045 2824 1267 2896 Ioseph.

524 2919 647 2973 119.
682 2916 760 2973 De
795 2914 994 2988 Ioseph
1018 2916 1222 2973 emisso
1246 2915 1314 2972 ad
1338 2914 1537 2973 fratres
1568 2930 1719 2973 suos.

524 3101 647 3157 120.
676 3101 807 3169 Quae
836 3100 905 3156 ad
940 3099 1135 3156 Iudam
1167 3107 1224 3156 et
1250 3112 1477 3155 uxorem
1505 3096 1627 3169 ejus
1666 3094 1864 3152 Savam
1894 3096 2025 3153 atti-

453 3202 604 3247 nent.

522 3288 644 3345 121.
679 3287 811 3356 Qua:
829 3288 896 3344 ad
922 3286 1161 3345 Thamar
1186 3296 1431 3360 spectant
1467 3293 1523 3343 et
1553 3285 1692 3342 filios
1725 3282 1887 3341 Iuda.

523 3380 647 3434 122.
679 3377 811 3446 Quae
839 3379 908 3434 ad
937 3377 1145 3436 Phares
1175 3388 1230 3436 et
1255 3377 1451 3433 Zaram
1476 3378 1730 3432 attinent.

524 3470 645 3525 123.
679 3468 815 3537 Qua:
850 3470 920 3526 ad
949 3468 1149 3540 Ioseph
1185 3479 1421 3527 attinent
1453 3467 1736 3526 venditum
1769 3467 1823 3523 in
1856 3465 2029 3538 Egy-

488 3572 620 3615 tum.

488 3578 620 3615 tum.

449 3578 485 3632 p
523 3653 647 3709 121.
679 3654 759 3709 De
782 3652 984 3724 Ioseph
1014 3661 1070 3709 et
1094 3651 1371 3725 Egyptia.

520 3744 644 3800 125.
672 3743 748 3800 De
769 3744 1025 3816 pincerna
1056 3754 1112 3800 et
1149 3746 1377 3814 pistore.

522 3834 647 3889 126.
680 3833 755 3890 De
782 3834 1069 3902 natalitiis,
1098 3842 1153 3889 et
1180 3834 1411 3891 somniis
1436 3846 1560 3904 quae
1598 3833 1736 3891 vidit
1779 3831 2025 3900 Pharao;

449 3937 505 3983 et
532 3927 598 3982 de
630 3926 719 3982 his
747 3940 870 3999 quae
891 3927 1206 3984 recordatus
1236 3936 1321 3984 est
1351 3927 1632 3999 pincerna.

526 4114 649 4171 127.
678 4112 811 4182 Qua
842 4114 909 4170 ad
932 4112 1271 4171 Pharaonem
1307 4124 1554 4187 spectant
1581 4126 1636 4174 et
1656 4114 1855 4190 Ioseph
1883 4116 2027 4174 circa

450 4209 660 4266 somnia
683 4206 1008 4263 Pharaonis.

554 4301 647 4357 28.
684 4298 761 4355 De
788 4297 957 4370 spicis
982 4307 1188 4367 septem
1223 4312 1495 4356 annorum
1521 4299 1891 4357 abundantiae.

522 4488 645 4543 129.
682 4486 759 4543 De
810 4485 1082 4551 Manasse,
1133 4494 1189 4541 et
1238 4484 1525 4557 Ephraim,
1573 4485 1670 4556 qui
1727 4482 1839 4539 nati
1896 4490 2027 4539 sunt

447 4580 649 4650 Ioseph
679 4589 808 4635 ante
834 4579 1097 4648 inopiam.

524 4672 647 4727 l50.
678 4670 755 4726 De
784 4668 1175 4741 incipientibus
1205 4675 1411 4737 septem
1440 4669 1601 4723 annis
1627 4666 1845 4735 inopiae.

422 4802 425 4807 .
523 4762 646 4815 151.
676 4760 807 4826 Quae
832 4760 900 4815 ad
927 4759 1123 4816 fratres
1150 4758 1351 4831 Ioseph
1373 4760 1606 4815 attinent
1636 4756 2027 4815 descendentes

449 4852 503 4907 in
530 4848 846 4923 Egyptum.

524 4944 650 4999 152.
687 4942 759 5000 De
787 4957 1041 5016 regressu
1071 4940 1306 4999 fratrum
1338 4940 1544 5012 Ioseph
1578 4949 1802 5014 propter
1829 4940 2024 5013 Benja-

520 5130 646 5188 153.
677 5127 811 5197 Quae
836 5127 906 5185 ad
934 5127 1135 5184 fratres
1160 5121 1362 5193 Ioseph
1415 5128 1662 5194 spectant
1686 5119 2022 5179 descenden-

448 5234 531 5281 tcs
560 5223 614 5278 in
648 5222 945 5295 Egyptum
974 5234 1099 5276 cum
1130 5215 1436 5287 Benjamin.

520 5315 797 5383 134.0na:
844 5313 911 5369 ad
968 5311 1235 5384 scyphum
1285 5317 1605 5380 argenteum
1662 5318 1930 5381 spectant,
1968 5317 2024 5365 et

446 5408 728 5480 quomodo
754 5404 959 5475 Ioseph
984 5418 1045 5461 se
1076 5403 1173 5458 dat
1199 5399 1639 5474 agnoscendum.

521 5499 645 5555 155.
679 5498 754 5554 De
799 5496 975 5553 reditu
1022 5493 1251 5550 fratrum
1301 5490 1502 5565 Ioseph
1542 5494 1611 5550 ad
1652 5494 1869 5551 illorum
1920 5511 2020 5567 pa-

447 5602 611 5649 trem.
1960 5618 1975 5630 ι

521 5683 648 5739 156.
678 5681 757 5738 De
810 5680 1078 5737 descensu
1128 5678 1300 5737 Iacob
1356 5682 1411 5737 in
1460 5678 1791 5752 Egyptum;
1824 5679 1880 5734 in
1912 5694 2023 5750 quo

449 5775 641 5847 quinta
664 5775 925 5831 revelatio
947 5774 1087 5831 facta
1122 5784 1207 5833 est
1243 5775 1309 5833 ad
1337 5790 1463 5834 eum
1508 5776 1564 5831 in
1600 5774 1807 5832 visione
1845 5773 2021 5830 noctis

448 5867 517 5925 ad
546 5873 771 5939 puteum
800 5865 1126 5925 Iuramenti.

2128 1985 2343 2041 Ἰακώϐ.

2199 2077 2330 2153 ριβ’.
2360 2080 2531 2136 Λείπ.

2200 2173 2324 2247 ριγ’.
2360 2174 2439 2227 Td
2465 2172 2605 2229 κατὰ
2646 2172 2871 2246 Ῥουόὶμ
2896 2174 2989 2229 καὶ¹
3028 2173 3126 2245 τὴν
3154 2172 3383 2227 Βάλλαν.

2200 2270 2317 2340 ριδθ.
2357 2270 2492 2341 Περὶ
2518 2269 2615 2340 τῆς
2642 2268 2993 2339 γενεαλογίας
3020 2265 3236 2331 Ἰακὼϐ,
3264 2265 3358 2319 καὶ
3393 2264 3492 2336 τῆς
3513 2261 3696 2315 τελευ-

2125 2362 2223 2435 τῆς
2250 2362 2457 2417 Ἰσαάκ.

2199 2454 2317 2529 ριε’.
2352 2457 2486 2527 Περὶ
2530 2456 2634 2526 τῆς
2681 2454 3033 2525 γενεαλογίας
3064 2452 3263 2516 Ἠσαῦ,
3310 2451 3384 2516 ὡς
3424 2446 3693 2520 ἐπορεύθη

2125 2549 2190 2603 ἐκ
2222 2549 2325 2619 γῆς
2350 2547 2575 2603 Χαναὰν
2615 2548 2723 2602 ἀπὸ
2756 2546 3053 2619 προσώπου
3076 2544 3295 2599 Ἰακώϐ.

2199 2638 2331 2711 ρις’.
2362 2641 2497 2711 Περὶ
2532 2641 2639 2695 τῶν
2673 2638 3107 2711 βασιλευσάντων
3130 2640 3187 2691 ἐν
3214 2636 3416 2706 Ἐδὼμ.

2200 2730 2326 2803 ριζ’.
2356 2733 2437 2787 Td
2465 2732 2607 2787 κατὰ
2645 2732 2866 2805 Ἰωσὴφ,
2898 2732 2993 2787 καὶ
3018 2729 3146 2793 τοὺς
3166 2728 3425 2797 ἀδελφοὺς
3451 2725 3636 2781 αὐτοῦ.

2202 2833 2329 2897 ριη’.
2362 2826 2500 2897 Περὶ
2536 2825 2645 2880 τῶν
2671 2825 2939 2879 ἐνυπνίων
2977 2823 3199 2892 Ἰωσήφ.

2200 2918 2324 2990 ριθ’.
2355 2919 2490 2989 Περὶ
2518 2917 2612 2972 τοῦ
2644 2918 2843 2990 Ἰωσὴφ
2885 2914 3351 2987 άποστελλομένου
3395 2915 3527 2988 πρὸς
3571 2913 3696 2979 τοὺς

2126 3011 2390 3081 ἀδελφοὺς
2423 3009 2609 3066 αὐτοῦ.

2201 3102 2304 3177 ρκ’.
2336 3104 2418 3158 Td
2448 3103 2590 3157 κατὰ
2628 3100 2721 3157 τδν
2746 3100 2972 3168 Ἰούδαν,
3003 3099 3098 3154 καὶ
3126 3098 3227 3171 τὴν
3259 3100 3492 3169 γυναῖκα
3530 3095 3696 3150 αὑτοῦ

2054 3226 2097 3285 c
2130 3196 2333 3251 Σαυάν.

2204 3285 2343 3360 ρκα’.
2376 3286 2459 3341 Td
2482 3284 2625 3340 κατὰ
2652 3285 2749 3357 τὴν
2770 3285 2991 3357 Θάμαρ,
3022 3284 3120 3339 καὶ
3158 3285 3283 3348 τοὺς
3329 3282 3479 3345 υἱοὺς
3500 3279 3695 3334 Ἰούδα.

2202 3380 2343 3455 ρκβ’.
2375 3380 2456 3435 Td
2488 3380 2632 3435 κατὰ
2658 3380 2751 3433 τὸν
2779 3379 2977 3449 Φαρὲς,
3002 3379 3095 3434 καὶ
3127 3377 3219 3431 τὸν
3246 3378 3415 3449 Ζαρά.

2202 3472 2340 3547 ρκγ⁹.
2367 3474 2449 3529 Td
2474 3473 2618 3529 κατὰ
2646 3473 2736 3528 τὸν
2759 3472 2957 3545 Ἰωσὴφ
2986 3470 3264 3544 πραθέντα
3293 3471 3373 3534 είς
3398 3469 3692 3538 Αἴγυπτον.

2202 3658 2333 3735 ρκδ’.
2373 3659 2511 3729 Περὶ
2539 3657 2635 3712 τοῦ
2666 3656 2865 3727 Ἰωσὴφ
2890 3658 2985 3710 καὶ
3013 3655 3109 3725 τῆς
3134 3653 3456 3723 Αἰγυπτίας.

2202 3751 2336 3825 ρκε’.
2374 3752 2509 3821 Περὶ
2531 3750 2623 3803 τοῦ
2652 3748 3045 3821 ἁρχιοινοχόου,
3076 3746 3170 3801 καὶ
3205 3746 3299 3800 τοῦ
3328 3745 3624 3800 σιτοποιοῦ.

2202 3850 2352 3917 ρκς’.
2379 3844 2518 3915 Περὶ
2556 3842 2665 3896 τῶν
2701 3839 3008 3910 γενεθλίων,
3052 3839 3146 3892 καὶ
3174 3838 3282 3891 τῶν
3326 3838 3591 3891 ἐνυπνίων
3620 3830 3696 3889 ὧν

2129 3932 2237 3991 εἶδε
2267 3934 2466 4005 Φαραώ
2486 3951 2502 3966 ⁶
2543 3934 2637 3989 καὶ
2666 3932 2795 4005 περὶ
2832 3925 2908 3987 ὧν
2942 3930 3135 3985 ἐλαϐεν
3176 3929 3341 3986 αὑτοῦ
3378 3931 3407 3985 ὀ
3429 3929 3696 4001 ἀρχιοινο-

2164 4030 2273 4094 6ος.

2128 4049 2341 4194 χοΐκξ.
2366 4119 2449 4174 Td
2499 4118 2640 4173 κατὰ
2690 4116 2910 4189 Φαραὼ,
2960 4115 3057 4170 καὶ
3116 4114 3208 4169 τὸν
3240 4113 3439 4186 Ἰωσὴφ
3496 4113 3584 4167 διὰ
3628 4112 3695 4166 τά

2129 4216 2361 4271 ἐνύπνια
2390 4214 2457 4267 1d
2481 4212 2699 4285 Φαραώ.

2206 4306 2347 4379 ρκη¹.
2384 4305 2520 4377 Περὶ
2551 4306 2661 4361 τῶν
2700 4303 3031 4377 δραγμάτων
3070 4303 3178 4358 τῶν
3206 4301 3251 4369 ζ’
3294 4303 3430 4359 ἐτῶν
3469 4303 3569 4373 τῆς
3606 4302 3695 4355 εὐ-

2130 4399 2340 4471 θηνίας.

2205 4488 2346 4559 ρκθ’.
2389 4488 2522 4561 Περὶ
2556 4490 2823 4562 Μανασσῆ
2854 4493 2948 4544 καὶ
2976 4486 3239 4561 Ἐφρατμ,
3268 4489 3318 4542 οἳ
3344 4487 3591 4558 ἐγένοντο
3619 4487 3695 4557 τῷ

2056 4568 2100 4623 Ῑ)
2130 4581 2331 4653 Ἰωσὴφ
2361 4582 2468 4653 πρὸ
2498 4582 2593 4636 τοῦ
2618 4582 2802 4654 λιμοῦ.

2206 4672 2303 4744 ρλ⁹.
2334 4672 2469 4742 Περὶ
2496 4673 2604 4727 τῶν
2632 4673 2954 4744 ἀρξαμένων
2982 4674 3030 4739 ζ’
3061 4674 3198 4727 ἐτῶν
3225 4673 3321 4729 τοῦ
3350 4673 3527 4743 λιμοῦ.

2203 4762 2339 4833 ρλα’.
2364 4764 2447 4817 Td
2477 4762 2618 4818 κατὰ
2660 4764 2788 4829 τοὺς
2824 4764 3085 4835 ἀδελφοὺς
3113 4766 3311 4838 Ἰωσὴφ
3354 4764 3696 4827 καταϐάντας

2130 4855 2212 4919 εἰς
2240 4855 2538 4924 Αιγυπτον.

2201 4945 2340 5017 ρλβ’.
2376 4947 2513 5017 Περὶ
2544 4948 2645 5019 τῆς
2679 4948 2941 5002 ἃπανόδου
2970 4948 3081 5004 τῶν
3112 4942 3357 5019 ἀδελφῶν
3385 4947 3584 5020 Ἰωσὴφ
3612 4949 3699 5003 διὰ

2126 5036 2221 5091 τὸν
2247 5037 2525 5107 Βενιαμίν.

2202 5127 2339 5198 ρλγ’.
2369 5127 2453 5181 Td
2482 5128 2623 5183 κατὰ
2650 5129 2780 5194 τοὺς
2821 5130 3082 5201 ἀδελφοὺς
3110 5130 3309 5204 Ἰωσὴφ
3355 5131 3699 5195 καταϐάντας

2124 5219 2205 5282 είς
2230 5218 2507 5287 Αἴγυπτον
2534 5220 2674 5291 μετὰ
2710 5221 2808 5275 τοῦ
2841 5222 3127 5293 Βενιαμίν.

2198 5306 2330 5379 ρλδ⁴.
2360 5310 2443 5363 Td
2496 5312 2635 5365 κατὰ
2679 5312 2745 5366 τδ
2783 5314 2942 5368 κόνδυ
2989 5314 3052 5369 τδ
3105 5316 3403 5389 ἀργυροῦν,
3458 5318 3555 5371 καὶ
3610 5318 3701 5371 τὸν

2127 5400 2547 5472 άναγνωρισμδν
2574 5402 2668 5457 τοῦ
2701 5404 2924 5477 Ἰωσήφ.

2201 5490 2328 5561 ρλε’.
2373 5492 2508 5563 Περὶ
2536 5494 2635 5564 τῆς
2672 5496 2937 5551 ἐπανόδου
2966 5497 3076 5551 τῶν
3098 5497 3345 5568 ἀδελφῶν
3374 5497 3469 5552 τοῦ
3495 5500 3697 5571 Ἰωσὴφ

2125 5584 2225 5655 τῆς
2261 5584 2350 5637 διὰ
2374 5584 2464 5639 τὸν
2492 5586 2705 5658 πατέρα
2735 5588 2939 5645 αὐτῶν.

2198 5676 2343 5746 ρλς’.
2376 5677 2511 5748 Περὶ
2542 5678 2642 5749 τῆς
2674 5682 2754 5742 είς
2790 5680 3069 5749 Αἴγυπτον
3098 5682 3454 5746 καταϐάσεως
3476 5681 3571 5736 τοῦ
3598 5683 3703 5737 Ἰαο

2126 5766 2243 5821 καὶρὸ
2265 5771 2325 5821 ἐν
2419 5770 2693 5839 πέμπτοςσ
2713 5773 3096 5843 χρηματισμὸς
3124 5775 3339 5841 ἐγένετο
3365 5775 3501 5844 πρὸς
3539 5775 3700 5828 αὐτὸν

2126 5864 2183 5916 ἐν
2205 5862 2446 5934 ὁράματι
2466 5864 2567 5935 τῆς
2596 5865 2788 5929 νυκτὸς
2808 5867 2865 5921 ἐν
2887 5866 2965 5937 τῷ
2990 5867 3185 5938 φρέατι
3207 5867 3298 5920 τοῦ
3324 5868 3552 5937 Ὅρκον.
