4060 6578
336 492 476 556 103⁴1

1328 488 1807 552 OCTATEUCHI
1850 484 2139 549 DIVISIO
2183 485 2263 547 IN
2302 484 2587 545 CAPITA.

1973 484 2139 546 'ISIO
2183 485 2263 547 IN
2302 484 2587 545 ΟΑΡΙΤΛ.
3440 481 3576 546 1038

404 603 519 659 πα’.
552 603 686 673 Περὶ
714 603 812 672 τῆς
862 600 1208 670 κατασκευῆς
1254 600 1363 652 τῶν
1394 600 1609 653 σκευῶν
1648 599 1749 669 τῆς
1774 616 1906 669 τρα-
1935 604 1979 659 Α

1977 644 1979 654 ,
2080 595 2170 650 8i.
2206 595 2280 650 De
2306 593 2668 651 fabricatione
2711 610 2960 651 vasorum
2988 610 3209 659 mensm,
3244 601 3295 649 et
3324 595 3580 649 candela-

334 696 528 766 πέζης,
562 696 656 748 καὶ
693 694 791 764 τῆς
818 693 1057 762 λυχνίας.

407 788 516 856 πβ’.
550 787 684 856 Περὶ
704 785 989 856 Βεσελεήλ.

406 875 518 943 πγ’.
553 878 777 930 Λειπει.

405 972 510 1023 πδ⁹.
540 968 674 1039 Περὶ
707 969 807 1039 τῆς
833 969 1079 1033 στάσεως
1105 970 1201 1041 τῆς
1227 968 1431 1039 σκηνῆς
1454 966 1544 1020 τοῦ
1582 967 1904 1038 μαρτυρίου.

2010 688 2113 745 bri.

2085 781 2173 836 82.
2209 781 2281 837 De
2310 782 2567 835 BCSclt'cl.

2082 875 2173 929 8'5.
2208 875 2377 930 Deest.

2085 967 2175 1021 84.
2214 968 2287 1023 De
2309 968 2582 1022 Cl't‘CliOlle
2622 965 2961 1021 tabernaculi
2990 965 3304 1022 tosrimouii.

1435 1111 1748 1177 Levitt’cus
1776 1111 1901 1172 Itth
1938 1123 2227 1174 numerat
2259 1114 2471 1192 capita
2506 1133 2525 1173 :

408 1238 478 1293 α’.
512 1239 647 1311 Περὶ
677 1238 965 1310 προϐάτων
1002 1238 1094 1293 καὶ
1118 1237 1318 1311 ἀρνῶν.

411 1331 480 1401 β’.
516 1331 651 1402 Περὶ
674 1332 960 1385 πετεινῶν.

410 1421 481 1490 γ’.
515 1424 651 1494 Περὶ⁵
677 1422 1030 1493 σεμιδάλεως.

410 1514 473 1569 δ’.
506 1515 643 1585 Περὶ
667 1515 990 1584 πεμμάτων.

411 1603 471 1658 ε’.
514 1605 649 1674 Περὶ
676 1604 923 1675 ἀζύμων.

415 1694 489 1758 ς’.
523 1695 659 1765 Περὶ
688 1695 881 1760 θυσίας
916 1696 1026 1750 ἀπὸ
1062 1698 1319 1769 ἐσχάρας.

415 1784 481 1850 ζ’.
523 1787 655 1855 Περὶ
694 1786 885 1851 θυσίας
915 1790 1476 1861 πρωτογεννημάτων.

412 1884 483 1947 η’.
514 1879 652 1948 Περὶ
683 1878 874 1937 Θυσίας
910 1881 1202 1951 σωτηρίου.

414 1969 482 2023 θ’.
516 1970 651 2040 Περὶ
684 1970 906 2024 θυσιῶν.

415 2067 467 2114 t'.
503 2060 638 2132 Περὶ
667 2060 943 2131 ἁμαρτίας
977 2061 1168 2131 ἱερέως
1206 2063 1300 2115 καὶ
1326 2062 1419 2116 τοῦ
1450 2064 1601 2120 λαοῦ.

417 2150 507 2205 ια’.
543 2150 679 2223 Περὶ
709 2150 911 2204 θυσιῶν
946 2152 1293 2220 συναγωγῆς,
1323 2153 1419 2209 ἐὰν
1453 2154 1698 2228 ἁμάρτῃ.

414 2243 503 2315 ιβ’.
527 2244 662 2316 Περὶ
692 2243 893 2297 θυσιῶν
923 2244 1201 2314 ἁμαρτίας
1226 2245 1507 2315 ἄρχοντος.

417 2333 508 2403 ιγ’.
544 2337 680 2407 Περὶ
708 2334 886 2406 ψυχῆς
918 2337 1049 2406 μιᾶς
1079 2337 1173 2397 ὲᾲν
1203 2336 1447 2408 ἁμάρτῃ.

414 2428 497 2481 ιδ’.
524 2428 660 2499 Περὶ
691 2425 978 2497 όρκισμοῦ.

417 2515 500 2574 ιε’.
538 2517 673 2587 Περὶ
702 2518 871 2587 ὅρκου
899 2517 1246 2595 παραθήκης,
1280 2520 1376 2579 καὶ
1404 2518 1514 2574 τῶν
1539 2518 1760 2574 λοιπῶν.

418 2609 515 2673 ις’.
547 2609 684 2677 Περὶ
710 2610 874 2679 ὅρκου
898 2610 1250 2681 παραθήκης,
1278 2610 1500 2669 καὶτῶν
1532 2609 1756 2665 λοιπῶν.

417 2703 502 2767 ιζ’.
527 2703 709 2770 Νόμος
736 2702 863 2773 περὶ
890 2701 1332 2766 ὁλοκαυτώσεως.

415 2798 507 2862 ιη’.
544 2793 724 2863 Νόμος
758 2794 884 2864 περὶ
910 2792 1007 2862 τῆς
1036 2792 1225 2859 θυσίας
1265 2792 1374 2845 τῶν
1404 2791 1616 2864 ἱερέων.

419 2881 504 2941 ιθ’.
537 2885 717 2954 Νόμος
753 2888 882 2956 περὶ
904 2884 1095 2947 θυσίας
1127 2884 1423 2955 ἁμαρτίας.

416 2973 485 3028 κ’.
517 2976 652 3045 Περὶ
678 2974 774 3028 τοῦ
812 2975 891 3047 μὴ
919 2975 1120 3029 ἐσθίειν
1147 2975 1313 3045 στέαρ
1338 2975 1372 3047 ἢ
1403 2968 1563 3047 αἷμα.

416 3159 520 3215 κα’.
554 3162 688 3231 Περὶ
720 3162 1096 3232 ἀφαιρέματος
1127 3161 1238 3215 τῶν
1270 3160 1491 3215 θυσιιῖιν.

416 3252 519 3323 κβν.
560 3253 693 3320 Περὶ
718 3252 813 3304 τοῦ
841 3252 1231 3324 ἀρχιερατικοῦ
1259 3253 1583 3323 χρίσματος.

417 3343 521 3413 κγ’.
561 3346 695 3415 Περὶ
722 3345 818 3413 τῆς
844 3346 1074 3416 κρίσεως
1120 3344 1351 3415 ’Δαρών.

414 3437 513 3493 κδ’.
558 3438 769 3509 Ἀαρὼν
794 3438 1034 3503 λούεται,
1080 3438 1315 3508 χρίεται,
1355 3436 1599 3491 ἐνδύεται
1628 3436 1732 3490 ὑπὸ
1758 3437 1919 3493 Μωῦ-

348 3529 484 3591 σέως
515 3528 655 3597 μετά
680 3528 789 3581 τῶν
816 3527 947 3579 υἱῶν
974 3527 1160 3581 αὑτοῦ.

415 3617 513 3673 κε’.
552 3620 811 3690 Ἀρχεται
849 3619 1051 3688 Κύριος
1079 3620 1157 3689 τῷ
1184 3618 1394 3689 Ἀαρὼν
1426 3620 1592 3690 μόνῳ.

416 3718 529 3777 κς¹.
569 3714 705 3782 Περὶ
737 3711 951 3782 κτηνῶν
977 3712 1255 3783 καθαρῶν,
1286 3713 1380 3766 καὶ
1408 3714 1484 3784 μὴ
1514 3713 1789 3785 καθαρῶν.

414 3802 517 3868 κζ’.
546 3805 681 3875 Περὶ
716 3804 1065 3875 καθαρισμοῦ
1097 3806 1424 3861 τικτουσῶν.

417 3903 523 3967 κη’.
556 3897 739 3967 Νόμος
765 3897 894 3969 περὶ
925 3898 1153 3967 λέπρας.

417 3989 520 4041 κθ’.
557 3989 693 4059 Περὶ
722 3988 817 4041 τοῦ
854 3988 930 4058 μὴ
955 3988 1391 4058 καθαριζομένου
1418 3989 1642 4061 λεπροῦ.

416 4081 482 4135 λ’.
516 4082 651 4153 Περὶ
682 4081 1032 4151 καθαρισμοῦ
1053 4082 1151 4135 τοῦ
1176 4082 1401 4153 λεπροῦ.

419 4170 521 4226 λα’.
549 4173 687 4243 Περὶ
709 4173 918 4243 λέπρας
950 4174 1149 4242 οἰκίας,
1182 4175 1275 4228 καὶ
1304 4174 1668 4244 καθαρισμοῦ.

416 4264 517 4335 λβ’.
545 4267 681 4338 Περὶ
705 4266 911 4337 ῥύσεως
947 4267 1127 4335 γόνου.
1446 4304 1449 4305 ν

416 4359 517 4426 λγθ.
546 4360 682 4426 Περὶ
712 4359 808 4429 τῆς
834 4358 1063 4431 ῥεούσης
1087 4354 1230 4430 αἷμα
1257 4360 1543 4428 γυναικός.

2090 1241 2141 1294 1.
2176 1241 2248 1294 De
2281 1241 2474 1294 ovibus
2499 1248 2555 1295 et
2585 1238 2761 1310 agnis.

2089 1332 2144 1385 2.
2178 1332 2252 1387 De
2279 1333 2613 1388 volucribus.

2088 1424 2143 1479 5.
2175 1422 2249 1478 De
2274 1424 2473 1479 simila.

2088 1517 2145 1573 4.
2169 1517 2243 1571 De
2272 1518 2499 1587 laganis.

2094 1607 2147 1663 5.
2183 1607 2256 1662 De
2280 1609 2504 1679 azymis.

2100 1699 2156 1753 6.
2193 1698 2265 1755 De
2303 1698 2577 1755 sacriﬁcio
2609 1713 2709 1769 per
2755 1699 3096 1756 craticulam.

2096 1791 2149 1843 7.
2180 1789 2255 1845 De
2287 1789 2562 1845 sacriﬁcio
2580 1789 3085 1860 primogenitorum.

2094 1882 2145 1936 8.
2180 1882 2253 1937 De
2280 1881 2551 1937 sacriﬁcio
2582 1881 2796 1937 salutis.

2095 1973 2147 2029 9.
2191 1971 2265 2025 De
2293 1972 2601 2027 sacriﬁciis.

2096 2063 2183 2119 10.
2214 2063 2287 2118 De
2316 2072 2538 2133 peccato
2574 2061 2875 2117 sacerdotis
2905 2070 2958 2116 et
2984 2063 3190 2132 populi.

2085 2158 2171 2211 11.
2211 2155 2284 2210 De
2317 2156 2600 2211 sacriﬁciis
2628 2156 3086 2225 congregationis,
3116 2156 3160 2208 si
3191 2155 3515 2226 peccaverit.

2099 2247 2185 2301 12.
2216 2246 2292 2301 De
2320 2246 2607 2301 sacriﬁciis
2637 2246 2847 2315 peccati
2876 2246 3158 2315 principis.

2090 2341 2178 2396 15.
2208 2338 2281 2394 De
2315 2338 2496 2392 anima
2531 2352 2661 2401 una,
2695 2337 2740 2392 si
2775 2338 3097 2408 peccaverit.

2092 2430 2178 2482 14.
2218 2426 2291 2482 De
2308 2426 2639 2495 iuramento.

2093 2520 2181 2573 15.
2210 2517 2285 2572 De
2315 2517 2629 2586 iuramento
2657 2517 2891 2587 depositi
2928 2526 2983 2572 et
3011 2519 3256 2589 reliquis.

2105 2606 2191 2660 16.
2231 2606 2304 2660 De
2328 2604 2645 2674 juramento
2665 2606 2898 2677 depositi
2928 2615 2984 2665 et
3012 2609 3260 2680 reliquis.

2094 2702 2181 2755 17.
2214 2700 2323 2756 Lex
2352 2701 2422 2758 de
2454 2702 2793 2760 bolocausto.

2093 2794 2180 2848 18.
2218 2793 2325 2850 Lex
2349 2796 2414 2849 de
2442 2794 2721 2849 sacriﬁcio,
2743 2795 3111 2852 sacerdotum.

2093 2885 2181 2939 19.
2212 2883 2321 2938 Lex
2355 2885 2423 2939 de
2459 2885 2737 2941 sacriﬁcio
2761 2888 2991 2955 peccati.

2091 2976 2182 3031 20.
2212 2975 2286 3031 De
2314 2976 2686 3047 prohibitione
2716 2977 3038 3032 comedendi
3073 2977 3289 3047 adipem
3336 2986 3429 3032 aut
3459 2994 3589 3034 sau-

2021 3068 2263 3138 guinem.

2092 3159 2182 3216 2l.
2215 3160 2290 3216 De
2321 3168 2475 3231 parte
2503 3159 2747 3230 deposita
2782 3161 3199 3219 sacriﬁciorum.

2093 3250 2185 3306 22.
2222 3251 2297 3305 De
2326 3250 2620 3321 pontiﬁcali
2658 3253 2934 3308 unctione.

2090 3342 2183 3397 ‘23.
2211 3342 2284 3397 De
2315 3344 2571 3397 unctione
2598 3343 2799 3398 Aaron.

2093 3436 2184 3489 24.
2217 3436 2399 3488 Aaron
2459 3435 2692 3498 lavatur,
2740 3435 2983 3505 ungitur,
3020 3435 3267 3492 induitur
3319 3454 3351 3491 a
3410 3437 3592 3509 Moyse

2022 3546 2145 3584 cum
2178 3528 2301 3583 ﬁliis
2330 3528 2467 3581 suis.

2092 3621 2183 3675 25.
2212 3618 2487 3675 Primitias
2517 3620 2714 3690 accipit
2742 3619 3005 3678 Dominus
3032 3624 3101 3678 ab
3126 3625 3306 3679 Aaron
3336 3626 3479 3680 solo.

2090 3711 2182 3765 26.
2214 3709 2288 3764 De
2313 3710 2602 3780 pecoribus
2628 3712 2869 3777 mundis,
2899 3723 2955 3767 et
2984 3728 3091 3769 non
3124 3716 3363 3771 mundis.

2091 3803 2182 3857 Ἦ.
2218 3801 2292 3856 De
2319 3802 2701 3872 puriﬁcatione
2733 3804 3085 3874 parientium.

2091 3899 2181 3952 9.8.
2217 3894 2321 3948 Lex
2352 3900 2417 3952 de
2446 3898 2615 3965 lepra.

2092 3990 2182 4044 29.
2230 3990 2303 4044 De
2344 3990 2561 4059 Icproso
2598 4005 2706 4043 non
2744 3989 3030 4043 mundata.

2092 4084 2181 4137 50.
2220 4082 2291 4135 De
2316 4082 2671 4136 inundatione
2697 4082 2917 4150 lcprosi.

2094 4175 2182 4228 51.
2219 4173 2293 4227 De
2327 4174 2472 4242 lepra
2514 4173 2731 4235 domus,
2762 4181 2816 4225 ct
2847 4171 3222 4226 mundationc.

2094 4263 2182 4318 52.
2227 4262 2298 4316 De
2323 4262 2469 4316 ﬁuxu
2504 4262 2754 4317 seminis.

2094 4359 2184 4412 55.
2221 4359 2292 4410 De
2325 4356 2547 4410 muliere
2576 4354 2866 4424 sanguinis
2896 4352 3099 4408 ﬂuxum
3136 4354 3393 4424 patiente.

2094 4448 2183 4503 54.
2218 4447 2292 4502 De
2342 4447 2705 4518 prohibitione
2762 4447 3173 4516 ingrediendiin
3218 4449 3437 4501 domum
3486 4446 3594 4501 Do-

2025 4540 2179 4595 mini.

1958 4643 2004 4701 D
2098 4634 2185 4688 55.
2223 4631 2394 4687 Deest.

2093 4725 2181 4778 56.
2214 4724 2289 4778 De
2336 4720 2706 4792 prohibitione
2756 4722 3101 4777 sacriﬁcandi
3142 4730 3297 4779 extra
3342 4721 3594 4776 taberna-

2022 4817 2228 4870 culum.

2095 4910 2184 4962 57.
2220 4906 2293 4960 De
2326 4906 2693 4976 prohibitione
2724 4906 3043 4961 comedendi
3073 4908 3416 4973 sanguini-ut.

2093 5000 2182 5053 58.
2221 4998 2294 5053 De
2324 4999 2693 5068 prohibitione
2730 4998 3047 5052 comedendi
3080 4998 3451 5051 morticinum.

2092 5093 2181 5147 39.
2221 5093 2292 5145 De
2321 5092 2684 5161 prohibitione
2709 5091 2941 5144 faciendi
2971 5092 3241 5144 connubia
3280 5090 3489 5147 illicita.

416 4451 512 4507 λδ’.
544 4450 680 4523 Περὶ
701 4451 797 4506 τοῦ
828 4452 903 4524 μὴ
932 4452 1207 4525 διαφέρειν
1236 4454 1295 4508 ὲν
1321 4453 1400 4525 τῷ
1432 4456 1565 4524 οῐκῳ
1592 4455 1815 4525 Κυρίου.

414 4640 508 4698 λε’.
542 4642 647 4700 Λεῐ
648 4656 764 4698 πει.

416 4734 529 4803 λς’.
564 4735 703 4806 Περὶ
726 4734 822 4789 τοῦ
855 4733 934 4805 μὴ
960 4733 1075 4791 δεῖν
1099 4732 1249 4789 θύειν
1277 4732 1383 4799 ἔξω
1402 4734 1502 4805 τῆς
1526 4734 1750 4805 σκηνῆς.

417 4923 516 4992 λζ’.
552 4926 690 4998 Περὶ
715 4924 812 4979 τοῦ
843 4924 918 4994 μὴ
947 4924 1061 4977 δεῖν
1079 4922 1280 4977 ἐσθίειν
1308 4918 1467 4993 αἷμα.

416 5020 521 5089 λη’.
560 5020 694 5089 Περὶ
720 5018 814 5071 τοῦ
840 5017 915 5089 μὴ
947 5018 1060 5070 δεῖν
1090 5015 1292 5069 ἐσθίειν
1314 5015 1654 5086 θνησιμαῖον.

419 5113 522 5165 λθν.
554 5112 691 5182 Περὶ
748 5109 843 5164 τοῦ
901 5109 977 5181 μὴ
1026 5109 1137 5162 δεῖν
1181 5108 1455 5170 ἀτάκτους
1508 5107 1779 5161 ποιεῖσθαι
1825 5109 1921 5172 τάς

347 5203 636 5271 συζυγίας.

425 5295 499 5366 μ’.
539 5297 662 5349 ’Ὁτι
692 5297 751 5349 ὲν
779 5295 856 5364 τῷ
884 5295 1072 5365 τηρεῖν
1094 5292 1193 5356 τάς
1216 5291 1439 5355 ἐντολὰς
1465 5291 1612 5359 ἆγιοι
1657 5290 1919 5358 γίνονται.

426 5388 537 5450 μα’.
565 5382 698 5454 Περὶ
723 5382 1063 5452 τεθνηκότων
1098 5381 1183 5451 ἐφ’
1204 5376 1285 5443 οἷς
1311 5380 1614 5450 μιαίνονται
1652 5381 1700 5431 οἱ
1734 5380 1919 5450 ἱερεῖς.

427 5474 535 5543 μβ¹.
568 5472 704 5543 Περὶ
726 5474 822 5543 τῆς
844 5472 1280 5543 ἐκπορνευούσης
1298 5470 1565 5542 θυγατρὸς
1585 5469 1678 5522 τοῦ
1709 5471 1919 5541 ἱερέως.

426 5564 540 5633 μγ’.
582 5568 717 5635 Περὶ
741 5565 835 5620 τοῦ
864 5567 940 5637 μὴ
971 5565 1082 5619 δεῖν
1113 5564 1303 5635 μῶμον
1326 5563 1469 5634 ἔχειν
1492 5562 1579 5615 τὸν
1608 5562 1777 5632 ἱερέα.

426 5654 526 5725 μδ’.
545 5658 767 5711 Asiam.

425 5756 529 5819 με’.
559 5751 696 5820 Περὶ
719 5748 815 5803 τοῦ
861 5749 937 5820 μὴ
968 5749 1077 5803 δεῖν
1122 5746 1532 5818 μεμωμημὲνον
1569 5744 1919 5815 προσφέρειν.

432 5841 550 5911 pg’.
577 5844 712 5913 Περὶ
754 5844 862 5899 τῶν
908 5860 1200 5913 προσφ.....
1242 5841 1403 5911 (forte
1466 5840 1924 5911 προσφερομένων

347 5934 555 6007 ζώων.)

2094 5278 2183 5331 49.
2218 5275 2371 5342 Quod
2398 5274 2667 5329 servando
2710 5273 2964 5327 mandata
2992 5273 3166 5327 sancti
3200 5271 3354 5326 ﬁunt.

2095 5372 2183 5426 41.
2219 5369 2291 5424 De
2324 5367 2552 5423 mortuis
2590 5367 2642 5421 in
2672 5368 2871 5437 quibus
2916 5366 3229 5436 polluuntur
3254 5362 3589 5419 sacerdotes.

2096 5465 2184 5519 42.
2216 5464 2287 5517 De
2319 5462 2424 5517 ﬁlia
2456 5460 2759 5515 sacerdotis
2788 5458 3190 5512 nn-retrieante.

2096 5556 2185 5609 45.
2216 5553 2371 5618 Quod
2402 5569 2506 5606 non
2546 5552 2739 5605 debeat
2769 5551 3023 5605 sacerdos
3064 5548 3265 5602 habere
3294 5548 3587 5603 maculam.

2099 5647 2184 5700 41.
2220 5646 2393 5699 Deest.

2097 5742 2183 5795 45.
2218 5738 2374 5806 Quod
2408 5752 2515 5791 non
2541 5736 2733 5791 debeat
2764 5734 3067 5788 maculatus
3092 5732 3305 5788 oﬁerre.

2100 5835 2185 5888 46.
2220 5832 2387 5886 De....
2420 5830 2584 5901 (forte
2617 5829 2815 5884 oblatis
2842 5828 3212 5899 animalibus).
