4060 6562
446 358 580 423 1047

509 479 598 533 50.
636 478 710 535 De
736 479 861 537 ﬁliis
892 482 1024 539 Dan.

509 572 599 626 5i.
635 570 709 628 De
736 571 947 640 Levita,
976 586 1031 633 et
1060 578 1182 650 eius
1214 582 1548 661 concubina.

510 661 600 715 32.
639 662 714 717 De
744 680 875 720 sene
904 668 1228 738 excipiente.

508 750 597 806 55.
636 752 937 812 Consilium
977 761 1254 818 seniorum
1281 764 1351 820 de
1388 765 1530 820 tribu
1564 763 1869 835 Beniamin.

1144 368 1535 434 OPUSCULA
1574 375 2201 440 SCRIPTUBISTICA
2240 382 2585 443 ΙΝΟΕΗἜίΕ
2622 385 2932 449 ΑΞΤΑΤΙΒ.

3540 389 3683 453 1018

2040 512 2081 566 Α
2178 496 2244 550 λ’.
2271 496 2407 567 Περὶ
2432 498 2542 551 τῶν
2570 500 2704 554 υἱῶν
2732 501 2860 556 Δάν.

2186 586 2287 640 λα’.
2326 588 2461 658 Περὶ
2486 589 2582 642 τοῦ
2627 591 2879 656 Λευΐτου,
2912 594 3004 646 καὶ
3031 595 3129 660 τῆς
3169 592 3456 663 παλλακῆς
3490 596 3682 653 αὐτοῦ.

2183 677 2281 747 λβ’.
2316 681 2453 747 Περὶ
2476 680 2571 734 τοῦ
2606 682 3011 754 ὑποδεξαμένου
3050 686 3381 755 πρεσϐύτου.

2187 770 2287 840 λγ’.
2332 774 2508 846 Βουλὴ
2550 773 2661 830 τῶν
2718 778 3107 850 πρεσϐυτέρων
3157 779 3289 850 περὶ
3346 779 3449 850 τῆς
3506 779 3685 849 φυλῆς

2116 864 2395 921 Βενιαμίν.

1449 973 1600 1029 Libri
1631 974 1770 1029 Ruth
1799 977 1951 1031 nulla
1975 977 2162 1032 divino
2191 990 2423 1047 capitum
2446 990 2692 1051 apparet.

441 1128 961 1147 *εσ-

989 1294 1087 1384 S.
1158 1293 1861 1388 SCRIPTUIUE
1936 1297 2406 1392 DIVISIO
2479 1300 2607 1390 IN
2681 1302 3143 1392 CAPITA.

1382 1487 1477 1553 (Rx
1511 1488 1623 1541 cod.
1646 1503 1739 1541 tus.
1766 1490 1935 1541 iaculi
1965 1504 2030 1555 rt,
2052 1491 2282 1555 Bunm,
2302 1491 2389 1545 lib.
2421 1493 2509 1544 cit.
2534 1506 2585 1558 p.
2612 1491 2749 1558 I64.)

1039 1798 1352 1868 GENESIS,

2755 1805 3061 1864 ΓΕΝΕΣΙΣ.

501 1893 577 1946 De
614 1900 881 1961 serpente.
909 1889 982 1944 De
1012 1890 1336 1948 fratriciilio.
1362 1891 1505 1947 Anni
1531 1893 1726 1948 Adam.
1756 1893 1832 1950 De
1860 1909 2013 1950 arca.

2186 1892 2323 1964 Περὶ
2370 1893 2464 1947 τοῦ
2504 1895 2705 1964 ὄφεως.
2756 1898 2895 1969 Περὶ
2939 1899 3039 1969 τῆς
3080 1898 3517 1969 ἀδελφοκτονίας.
3552 1903 3691 1973 Ἔτη

449 1984 524 2040 De
553 1985 717 2038 turris
743 1984 1121 2039 arditicatione.
1158 1982 1342 2040 Tertia
1374 1984 1440 2039 ad
1482 1986 1760 2041 Abraham
1815 1988 2024 2043 revela-

448 2077 547 2131 tio.
580 2075 653 2129 De
685 2076 825 2131 bello
860 2091 1050 2131 novem
1098 2090 1308 2145 regum.
1342 2075 1417 2131 De
1446 2078 1759 2148 captivitate
1800 2078 1921 2135 Lot.
1948 2078 2025 2135 De

445 2166 825 2225 Melchisedec.
861 2166 1064 2234 Quarta
1095 2166 1165 2221 ad
1206 2169 1482 2225 Abraham
1516 2170 1795 2227 revelatio.
1822 2171 2022 2228 Foedus

447 2276 572 2315 cum
596 2259 893 2314 Abraham.
909 2258 1041 2326 Quae
1063 2260 1129 2314 ad
1146 2260 1333 2315 Sarani
1355 2271 1411 2316 et
1434 2262 1581 2330 Agar
1598 2270 1865 2333 spectant.
1888 2262 2023 2330 Quae

454 2350 600 2407 dicta
627 2362 755 2407 sunt
773 2352 842 2405 ab
866 2352 1060 2422 angelo
1102 2352 1266 2422 Agar.
1328 2350 1531 2409 Faenus
1574 2369 1699 2408 cum
1745 2355 2020 2410 Abraham

447 2444 515 2498 de
564 2444 984 2499 circumcisione
1034 2452 1087 2499 et
1114 2444 1354 2501 nomine.
1410 2443 1712 2502 Promissio
1742 2445 1915 2503 Isaac.
1949 2446 2023 2502 De

448 2537 662 2592 lsmael.
715 2535 790 2591 De
833 2538 1174 2593 circumcisis
1225 2537 1296 2593 ab
1346 2538 1643 2593 Abraham.
1694 2539 1767 2593 De
1812 2538 2023 2596 visione

447 2628 588 2683 facta
620 2628 674 2682 in
704 2644 907 2699 quercu
977 2628 1217 2685 Mainbre
1282 2629 1351 2683 ad
1406 2629 1701 2694 Abraham,
1734 2638 1786 2684 et
1815 2630 1882 2684 de
1903 2629 2023 2698 ejus

449 2720 917 2791 hospitalitate.Dc
939 2722 1094 2775 ruina
1121 2721 1387 2776 Sodomze.
1414 2721 1489 2776 De
1512 2721 1879 2791 hospitalitate
1896 2719 2019 2775 Lot.

448 2813 523 2866 De
542 2812 794 2867 incendio
810 2812 1078 2868 Sodomaa.
1102 2811 1175 2867 De
1194 2812 1406 2867 filiabus
1424 2810 1549 2867 Lot.
1608 2809 1735 2866 Inde
1775 2810 2021 2866 Moabita‘.

449 2915 503 2959 ct
531 2901 967 2959 Atmnonitae.De
984 2903 1115 2958 Sara
1170 2911 1226 2957 et
1266 2902 1579 2957 Abimelech
1628 2916 1751 2970 rege
1780 2900 2018 2956 δεῖπνα».

448 2996 606 3063 Quod
627 2997 888 3067 propheta
915 3006 998 3051 est
1014 2995 1309 3051 Abraham.
1327 2994 1403 3050 De
1419 2995 1684 3065 ejectione
1715 2995 1861 3066 Agar
1891 3010 2019 3051 cum

448 3090 559 3144 ﬁlio
583 3105 684 3145 suo
707 3087 925 3146 lsinael.
949 3087 1104 3155 Quod
1122 3088 1396 3143 Abraham
1430 3088 1655 3143 tentavit
1688 3087 1832 3145 Dens
1871 3088 2020 3145 circa

447 3182 599 3236 Isaac
634 3182 806 3236 lilium
835 3181 1303 3251 ejus.AnniSaraa
1327 3180 1425 3235 l0?
1475 3182 1624 3251 (sic).
1673 3182 1814 3237 Anni
1844 3183 2021 3238 Abra-

446 3273 572 3328 ham
595 3275 712 3329 l75.
738 3273 811 3327 De
829 3275 998 3329 scala.
1024 3275 1098 3330 De
1125 3274 1346 3346 Ioseph.
1377 3274 1518 3329 Anni
1552 3273 1740 3330 Iacob.

2138 1982 2330 2052 Ἀδάμ.
2360 1985 2493 2056 Περὶ
2520 1985 2619 2057 τῆς
2652 1986 2914 2041 κιϐωτοῦ.
2958 1989 3096 2059 Περὶ
3148 1990 3247 2059 τῆς
3300 1991 3691 2059 πυργοποιίας.

2123 2073 2177 2128 Γ
2210 2077 2592 2149 χρηματισμὸς
2644 2078 2912 2149 Ἁϐραάμ.
2949 2081 3082 2153 Περὶ
3148 2082 3243 2135 τοῦ
3293 2083 3537 2153 πολέμου
3585 2084 3695 2136 τῶν

2124 2166 2168 2220 θ’
2199 2166 2481 2236 βασιλέων.
2525 2170 2659 2241 Περὶ
2690 2173 2789 2243 τῆς
2828 2173 3205 2243 αἰχμαλωσίας
3237 2173 3331 2228 τοῦ
3379 2174 3523 2228 Λώτ.
3558 2176 3695 2244 Περὶ

2122 2260 2477 2330 Μελχισεδέκ.
2504 2264 2558 2314 A'
2577 2263 2962 2334 χρηματισμὸς
2994 2264 3263 2334 Ἀϐραάμ.
3290 2265 3532 2337 Διαθήκη
3556 2266 3697 2337 πρὸς

2136 2353 2405 2423 ’Λϐραάμ.
2443 2354 2526 2407 Τά
2553 2357 2693 2408 κατά
2726 2356 2820 2426 τὴν
2860 2356 3077 2428 Σάρῤαν
3129 2360 3225 2412 καὶ
3248 2358 3346 2430 τὴν
3374 2360 3579 2431 Ἅγαρ.
3612 2360 3695 2414 Τά

2124 2446 2229 2499 ὑπὸ
2253 2446 2348 2500 τοῦ
2376 2447 2609 2516 ἀγγέλου
2638 2447 2902 2519 λεχθέντα
2933 2452 2999 2519 τῇ
3034 2450 3235 2521 Ἀγαρ.
3270 2451 3511 2522 Διαθήκη
3556 2450 3697 2522 πρὸς

2136 2537 2386 2609 Ἀϐραάμ
2419 2541 2547 2609 περὶ
2594 2541 2895 2611 περιτομῆς
2944 2541 3040 2595 καὶ
3091 2541 3222 2611 περὶ
3264 2541 3358 2595 τοῦ
3404 2542 3690 2612 ὀνόματος.

2134 2629 2470 2698 Ἐπαγγελία
2492 2630 2698 2684 Ἰσαάκ.
2727 2632 2861 2703 Περὶ
2889 2630 2982 2685 τοῦ
3010 2631 3259 2704 Ἰσμαήλ.
3290 2632 3427 2703 Περὶ
3455 2632 3567 2686 τῶν
3595 2649 3695 2686 πε-

2127 2722 2499 2792 ριτμηθέντων
2532 2723 2637 2777 ὑπὸ
2678 2723 2949 2795 Ἀϐραάμ.
2992 2726 3124 2795 Περὶ
3155 2725 3256 2794 τῆς
3293 2725 3562 2788 ὀπτασίας
3593 2724 3694 2795 τῆς

2122 2814 2422 2883 γενομένης
2452 2816 2509 2867 ὲν
2540 2818 2605 2886 τῇ
2633 2814 2751 2883 δρυῖ
2771 2818 2838 2885 τῇ
2865 2815 3108 2886 Μαμϐρῇ
3134 2816 3271 2884 πρὸς
3299 2814 3574 2886 Ἀϐραάμ,
3602 2814 3697 2868 καὶ

2122 2905 2251 2973 περὶ
2283 2904 2383 2974 τῆς
2414 2904 2718 2974 ξενοδοχίας
2763 2903 2951 2957 αὐτοῦ.
2994 2906 3128 2977 Περὶ
3162 2906 3261 2975 τῆς
3308 2902 3697 2975 καταστροφῆς

2122 2995 2391 3066 Σοδόμων.
2433 2996 2569 3067 Περὶ
2601 2997 2698 3066 τῆς
2753 2993 3054 3066 ξενοδοχίαις
3098 2994 3192 3049 τοῦ
3229 2995 3376 3049 Λώτ.
3411 2994 3546 3065 Περὶ
3598 2993 3696 3048 τοῦ

2122 3088 2478 3158 ἐμπυρισμοῦ
2504 3088 2773 3158 Σοδόμων.
2803 3089 2939 3159 Περὶ
2958 3087 3065 3142 τῶν
3095 3087 3415 3158 θυγατέρων
3433 3086 3527 3141 τοῦ
3548 3086 3694 3141 Λώτ.

2126 3183 2319 3238 Ἔνθεν
2343 3184 2628 3238 Μωαϐῖται
2659 3185 2754 3239 καὶ
2784 3183 3141 3255 Ἀμμωνῖται.
3174 3185 3309 3256 Περὶ
3348 3186 3450 3256 τῆς
3478 3184 3698 3255 Σάρρας

2056 3267 2101 3325 C
2135 3275 2233 3328 καί
2259 3274 2353 3328 τοῦ
2384 3275 2675 3346 ’Δϐιμέλεχ
2704 3274 2968 3345 βασιλέως
3000 3277 3278 3346 Γεράρων.
3309 3276 3435 3328 Ὅτι
3477 3275 3695 3348 προφή·

444 3371 596 3439 τηςὸ
624 3365 899 3437 Ἀϐραάμ.
932 3367 1068 3439 Περὶ
1108 3367 1209 3437 τῆς
1258 3366 1485 3437 ἐκϐολῆς
1520 3368 1700 3435 ’Λγαρ
1738 3364 1877 3436 μετὰ
1922 3364 2016 3419 τοῦ
2057 3364 2176 3419 υἱοῦ
2239 3366 2411 3437 αὐτῆς
2472 3368 2721 3439 Ἰσμαήλ.
2755 3370 2884 3422 Ὅτε
2925 3368 3016 3423 τὸν
3056 3369 3309 3441 ’Δϐραὰμ
3352 3367 3696 3436 ἐπείραζενὸ

444 3463 579 3527 θεὸς
611 3463 738 3531 περὶ
783 3462 969 3517 Ἰσαάκ
992 3461 1088 3516 τοῦ
1116 3462 1236 3517 υίοῦ
1270 3462 1456 3517 αὑτοῦ.
1496 3444 1630 3532 "Ei-(1
1678 3462 1777 3528 τῆς
1813 3461 2032 3532 Σάρρας
2059 3461 2140 3533 ρξ’
2190 3462 2334 3535 (sic).
2371 3463 2508 3534 Ἐτη
2543 3462 2636 3517 τοῦ
2672 3462 2924 3536 ’Λϐραάμ
2957 3460 3081 3534 poe'.
3113 3463 3249 3535 Περὶ
3275 3463 3372 3535 τῆς
3403 3461 3691 3532 κλίμακος.

450 3561 583 3630 Περὶ
611 3558 707 3614 τοῦ
736 3559 956 3631 Ἰωσήφ.
989 3560 1126 3629 Ἔτη
1161 3558 1383 3612 Ἰακώϐ.

1078 3652 1374 3708 EXODUS.

2768 3651 3043 3708 ΕΞΟΔΟΣ.

520 3744 596 3800 De
624 3744 777 3800 rubo.
812 3745 1015 3801 Nomcn
1048 3744 1163 3804 Dei.
1196 3746 1269 3801 De
1288 3748 1461 3815 virga.
1494 3744 1566 3799 De
1597 3744 1788 3815 angelo
1809 3744 2021 3801 volente

2200 3744 2334 3816 Περι
2361 3746 2460 3816 τῆς
2494 3744 2678 3816 βάτου.
2717 3747 2926 3814 Ὀνομα
2957 3746 3113 3801 Θεοῦ.
3160 3747 3297 3819 Περὶ
3332 3745 3432 3816 τῆς
3469 3747 3691 3818 ῥάϐδου.

448 3837 696 3893 occidere
727 3836 950 3909 Moysen
984 3838 1037 3892 in
1081 3838 1292 3893 itinere.
1326 3839 1366 3892 l.
1405 3837 1477 3891 De
1505 3837 1653 3907 virga
1681 3852 1943 3892 conversa
1964 3837 2019 3891 in

2131 3837 2267 3907 Περὶ
2293 3835 2385 3891 τοῦ
2414 3838 2647 3906 ἀγγέλου
2672 3838 2770 3892 τοῦ
2810 3840 3145 3911 ζητήσαντος
3184 3840 3505 3894 ἀποκτεῖναι
3530 3842 3694 3894 Μωῦ-

447 3932 763 3986 draconem.
787 3929 851 3985 ll.
902 3931 1056 4001 Aqua
1076 3930 1129 3984 in
1163 3928 1504 4000 sanguinem.
1529 3928 1702 3999 prima
1725 3928 1899 3998 plaga.
1919 3926 2016 3983 Ill.

2131 3928 2231 3999 σῆν
2262 3930 2405 4000 ὲντῇ
2439 3928 2564 4000 ὁδῷ.
2600 3928 2678 3987 A'.
2722 3929 2859 4000 Περὶ
2888 3930 2989 3999 τῆς
3020 3930 3217 4002 ῥάϐδου
3270 3931 3367 4001 τῆς
3423 3930 3693 4002 μεταϐλη-

449 4024 525 4078 De
550 4023 715 4079 ranis.
759 4021 956 4081 ιν.οθ
1003 4021 1284 4091 scinipbis.
1320 4019 1383 4077 V.
1441 4022 1516 4077 De
1578 4019 1892 4077 musca.Vl.
1943 4019 2020 4075 De

2126 4022 2312 4093 θείσης
2339 4024 2419 4086 είς
2447 4022 2738 4092 δράκοντα.
2782 4023 2856 4078 B'.
2888 4023 2960 4076 Τὸ
2994 4023 3138 4095 ὕδωρ
3184 4026 3263 4088 είς
3300 4020 3690 4101 αἵμαιπρὼτη

447 4126 623 4171 morte
665 4131 942 4184 pecorum.
970 4114 1077 4172 Vll.
1114 4118 1185 4171 De
1210 4115 1507 4171 ulceribus.
1545 4115 1679 4170 \‘lll.
1736 4114 1809 4169 De
1858 4130 2021 4185 gran-

2123 4115 2180 4170 δὲ
2202 4115 2406 4187 πληγή.
2440 4114 2652 4188 Γ.[ῐερὶ
2673 4115 2784 4169 τῶν
2805 4116 3109 4188 βατράχων.
3137 4115 3208 4172 Δ’.
3243 4117 3377 4186 Περὶ
3403 4117 3511 4170 τῶν
3542 4133 3693 4170 σκνι-

446 4208 592 4264 «line.
617 4207 708 4261 lx.
739 4206 809 4262 De
830 4208 1059 4263 locusta.
1088 4205 1157 4262 Χ.
1182 4206 1258 4261 De
1276 4208 1510 4263 tenebris
1529 4207 1902 4277 palpabilibns.
1926 4204 2020 4261 XI.

2126 4210 2260 4277 φῶν.
2287 4208 2360 4262 Ε’.
2394 4208 2530 4280 Περὶ
2557 4209 2655 4277 τῆς
2674 4208 2971 4280 κυνομύης.
2999 4211 3089 4277 (ἵν.
3128 4209 3263 4281 Περὶ
3289 4208 3533 4279 θνήσεως
3558 4224 3692 4278 κτη-

448 4298 525 4354 De
556 4309 734 4354 morte
765 4298 1274 4370 primogenitorum.
1307 4297 1382 4352 De
1412 4296 1641 4353 Pascha.
1702 4298 2019 4351 Annicom-

2123 4302 2249 4356 νῶν.
2279 4300 2353 4357 Ζ’.
2397 4303 2533 4370 Περὶ
2556 4304 2655 4375 τῆς
2694 4304 2940 4374 αίθάλης.
2976 4302 3058 4360 H'.
3094 4304 3228 4374 Περὶ
3281 4303 3379 4374 τῆς
3423 4303 3689 4373 χαλάζης.

446 4391 771 4447 morationis
848 4391 1081 4446 ﬁliorum
1136 4389 1300 4445 Israel
1344 4388 1469 4445 450.
1523 4387 1598 4441 De
1642 4386 2021 4443 submersione

2123 4395 2198 4448 9'.
2234 4394 2371 4467 Περὶ
2406 4398 2504 4467 τῆς
2540 4398 2782 4467 ἀκρίδας.
2811 4396 2866 4451 I'.
2905 4397 3039 4469 Περὶ
3072 4397 3166 4451 τοῦ
3196 4396 3519 4468 ψηλαφητοῦ
3560 4396 3693 4450 σκό-

448 4483 771 4539 Pharaonis.
804 4482 878 4538 De
927 4483 1204 4538 coturnice
1234 4490 1289 4539 et
1316 4498 1535 4537 manna.
1566 4481 1642 4535 De
1664 4480 1910 4535 Amalec.
1943 4477 2020 4533 De

2123 4504 2268 4550 τους.
2302 4486 2404 4541 IA'.
2433 4490 2568 4561 Περὶ
2591 4491 2850 4561 τελευτῆς
2878 4491 2986 4545 τῶν
3019 4491 3398 4563 πρωτοτόκων.
3438 4492 3575 4563 Περὶ
3595 4489 3691 4545 τοῦ

445 4576 657 4631 Jothor.
691 4574 765 4630 De
780 4564 1181 4629 'distributione
1208 4572 1540 4629 tabernaculi
1570 4573 1715 4639 quod
1745 4570 2018 4625 exstruxit

2124 4578 2335 4649 Πάσχα.
2367 4580 2501 4651 Ἕτη
2548 4584 2840 4653 παροικίας
2869 4582 3000 4638 υίῶν
3031 4583 3246 4655 Ἰσραὴλ
3287 4583 3386 4639 υλθ.
3418 4583 3555 4654 Περὶ
3593 4583 3687 4637 τοῦ

449 4668 679 4740 Moyses.
712 4668 786 4722 De
825 4667 1095 4721 rationali.
1136 4665 1209 4720 De
1226 4674 1522 4732 unguento.
1557 4663 1630 4719 De
1660 4664 1815 4718 vituli
1857 4663 2021 4717 fabri-

2127 4670 2428 4739 ποντισμοῦ
2452 4673 2669 4743 Φαραώ.
2703 4676 2837 4746 Περὶ
2867 4676 2967 4744 τῆς
2992 4676 3433 4747 ὀρτυγομήτρας,
3472 4674 3566 4728 καὶ
3591 4671 3688 4727 τοῦ

447 4761 682 4815 catione.
711 4757 786 4814 De
814 4759 1035 4814 tabulis.
1075 4757 1151 4813 De
1196 4757 1450 4813 secundis
1504 4756 1721 4812 tabulis.
1755 4754 1829 4810 De
1882 4756 2022 4811 velo.

451 4852 524 4907 De
555 4852 811 4907 Bcseleel.

2131 4761 2259 4830 μάν.
2284 4761 2418 4832 Περὶ
2438 4761 2705 4834 Ἀμαλήκ.
2736 4767 2872 4838 Περὶ⁵
2900 4765 3087 4838 Ἰοθόρ.
3116 4767 3248 4837 Περὶ
3268 4767 3368 4835 τῆς
3394 4765 3690 4832 διατάξεως

2127 4852 2225 4920 τῆς
2250 4853 2474 4922 σκηνῆς.
2513 4849 2581 4924 ἦς
2632 4855 2800 4922 ἔπηξε
2851 4858 3111 4927 Μωῡσῆς.
3151 4858 3285 4928 Περὶ
3312 4856 3406 4911 τοῦ
3452 4855 3689 4924 λογείου.

449 4946 586 5013 Περὶ
610 4943 706 4999 τοῦ
747 4943 939 5013 μύρου.
979 4941 1115 5012 Περὶ
1170 4943 1269 5012 τῆς
1296 4937 1688 5011 ’μοσχοποιίας.
1730 4937 1866 5009 Περὶ
1907 4939 2017 4992 τῶν
2055 4939 2298 4999 πλακών.
2333 4944 2467 5012 Περὶ
2535 4944 2642 4997 τῶν
2688 4946 2912 4998 πλακῶν
2973 4945 3084 4999 τῶν
3116 4944 3403 5016 δευτέρων.
3430 4942 3567 5014 Περὶ
3596 4940 3692 4996 τοῦ

448 5034 828 5106 καλύμματος.
864 5033 1000 5105 Περὶ
1028 5030 1314 5101 Βεσελεήλ.

1035 5127 1426 5185 LEVITICUS.

518 5240 594 5295 De
617 5240 750 5295 sale.
775 5240 1185 5296 Holocausnnn.
1235 5238 1312 5292 De
1356 5235 1547 5291 Nadab
1593 5246 1647 5292 et
1677 5237 1879 5294 Abind.
1941 5238 2020 5296 De

447 5333 565 5404 lege
598 5349 856 5403 pecorum
883 5337 1212 5388 munitorum
1231 5342 1282 5387 et
1300 5332 1727 5387 immundorum.
1752 5332 1826 5388 De
1854 5335 2023 5406 lepra.

447 5422 521 5477 De
550 5424 897 5493 gonorrbwa.

1080 5511 1368 5570 NUMERI.

520 5619 792 5678 Numerus
820 5621 1156 5680 Levitarum.
1207 5623 1478 5684 Numerus
1535 5628 2021 5700 pritnogcnitorom

450 5713 841 5771 masculorum.
894 5716 970 5773 De
1003 5720 1287 5792 zelotypia.
1319 5720 1424 5776 Lex
1458 5722 1789 5778 voventium.
1822 5723 1897 5781 De
1924 5725 2021 5780 de-

2703 5130 3103 5186 ΔΕΥΙΤΙΚΟΝ.

2127 5250 2131 5255 ’
2198 5244 2336 5316 Περὶ⁵
2364 5244 2459 5299 τοῦ
2498 5244 2713 5309 άλατος.
2752 5243 3182 5313 Ὀλοκάρπωσις.
3212 5241 3349 5312 Περὶ
3375 5240 3563 5296 Ναδάϐ
3594 5241 3692 5294 καὶ

2124 5338 2361 5394 Ἀϐιούδ.
2395 5339 2527 5410 Περὶ
2554 5339 2722 5408 νόμου
2760 5335 2972 5408 κτηνῶν
3006 5335 3264 5405 καθαρῶν
3308 5336 3402 5389 καὶ
3446 5334 3694 5407 ἀκαθάρ-

2124 5450 2254 5491 των.
2289 5434 2427 5505 Περὶ
2452 5433 2679 5502 λέπρας.
2712 5433 2846 5500 Περὶ
2880 5427 3228 5501 γονορῤυοῦς.

2745 5519 3051 5574 ΔΡΙΘΜΟΙ.

2201 5631 2257 5684 ’A
2268 5631 2455 5702 ριθμὸς
2480 5630 2589 5685 τῶν
2619 5630 2882 5684 Δευῖτῶν.
2908 5626 3167 5699 Ἀριθμὸς
3191 5626 3299 5681 τῶν
3330 5624 3691 5698 πρωτοτόκων

2118 5725 2226 5781 τῶν
2246 5724 2577 5796 άρσενικῶν.
2604 5722 2736 5795 Περὶ
2764 5722 3116 5792 ζηλοτυπίας.
3140 5720 3322 5790 Νόμος
3348 5716 3688 5789 εὐξαμένων.

454 5807 724 5867 dicatione
776 5812 1128 5869 tabernaculi.
1186 5813 1499 5871 Puriﬁcatio
1544 5816 1874 5873 chitarum.
1930 5817 2008 5874 De

2123 5814 2251 5887 Περὶ
2278 5814 2369 5870 τοῦ
2397 5815 2750 5888 ἐγκαινισμοῦ
2789 5814 2885 5887 τῆς
2930 5815 3157 5887 σκηνῆς.
3199 5811 3531 5883 Ἀφανισμὸς
3578 5808 3688 5865 τῶν
