4054 6568
372 397 507 463 1049

1351 405 1828 468 OCTATEUCHI
1872 408 2160 472 DIVISIO
2200 411 2283 471 IN
2315 411 2607 472 CAPITA.

3472 411 3610 478 1050

364 508 626 564 Λευῖτῶν.
660 510 794 581 Περὶ
847 511 940 566 τοῦ
989 514 1307 585 γογγυσμοῦ
1353 515 1462 570 τῶν
1509 512 1644 571 υίῶν
1699 518 1922 590 Ἰσραήλ.

2040 524 2470 578 murmuratione
2528 523 2764 578 liliorum
2814 523 3001 580 Israel.
3036 524 3109 580 De
3162 523 3607 594 concupiscentia

366 599 501 669 Περὶ
527 601 627 670 τῆς
653 602 947 671 ἐπιθυμίας
982 603 1091 658 τῶν
1120 606 1319 677 κρεῶν.
1346 606 1482 677 Περὶ
1506 611 1604 677 τῆς
1624 610 1934 682 ὀρτυγομή-

361 708 519 761 τρας.
551 692 684 762 Περὶ
725 693 947 765 Μαρίας
973 695 1068 749 καὶ
1108 697 1319 769 ’Λαρὼν
1363 697 1744 768 γογγυζόντων
1793 702 1933 756 κατὰ

361 782 592 853 Μωῡσῆ.
626 783 749 837 Ὀτι
776 786 957 857 Δύσῆς
987 788 1187 857 ἤκουεν
1234 790 1428 862 πρώην
1461 791 1668 862 Ἰησοῦς
1697 795 1725 846 ὁ
1751 793 1931 865 Ναυή.

362 875 500 945 Περὶ
538 875 632 930 τοῦ
691 873 1009 947 εὑρεθέντος
1055 881 1403 950 συλλέγοντος
1447 883 1600 950 ξύλα.
1652 886 1787 956 Περὶ
1825 886 1934 941 τῶν

362 967 709 1037 κρασπέδων.
750 972 885 1041 Περὶ
926 973 1103 1027 Δαθὰν
1131 974 1225 1027 καὶ
1250 974 1533 1046 ,Ἀϐηρὼπδ
1572 978 1706 1049 Περὶ
1764 979 1934 1032 ἁπτο-

363 1060 541 1131 μένων
571 1062 789 1133 νεκροῦ.
824 1064 1060 1137 Τελευτὴ
1106 1067 1357 1138 Μαριάμ.
1392 1069 1526 1138 Περὶ
1560 1071 1659 1140 τῆς
1702 1071 1931 1142 πέτρας.

361 1151 597 1223 Τελευτὴ
640 1152 870 1224 Ἀαρών.
924 1156 1059 1227 Περὶ
1105 1157 1197 1210 τοῦ
1238 1157 1437 1228 χαλκοῦ
1486 1159 1682 1227 ὄφεως.
1740 1156 1933 1231 ’ᾼσμα

360 1240 604 1312 Ἰσραήλ.
647 1242 783 1314 Περὶ
813 1243 908 1298 τοῦ
941 1245 1186 1315 μάντεως
1224 1248 1472 1318 Βαλαάμ.
1505 1250 1642 1319 Περὶ
1679 1251 1778 1319 τῆς
1808 1251 1932 1307 ὄνου

358 1334 458 1403 τῆς
483 1333 812 1405 λαλησάσης.
860 1336 995 1408 Περὶ
1029 1337 1122 1392 τοῦ
1171 1339 1334 1409 ζήλου
1380 1341 1587 1406 Φινεές.
1624 1344 1934 1413 Παράταξις

320 1456 325 1459 -
360 1423 579 1496 Ἰσραὴλ
618 1426 752 1497 πρὸς
782 1428 1008 1498 Μαδιάμ
1041 1430 1135 1483 καὶ
1160 1429 1386 1504 ἐκλογή.
1422 1433 1558 1506 Περὶ
1599 1436 1696 1504 τῆς
1723 1434 1935 1507 Ἀαρὼν

357 1513 613 1585 τελευτῆς
647 1518 704 1571 ὲν
733 1519 832 1589 μιᾷ
856 1518 948 1572 τοῦ
971 1519 1311 1589 Αὐγούστου.

815 1644 1414 1708 ΔΕΥΤΕΡΟΝΟΜῙΟΝ.

428 1748 509 1802 Τὰ
534 1749 730 1821 θεμιτὰ
751 1754 946 1824 κτήνη.
978 1756 1058 1810 Τά
1088 1758 1348 1827 ἀθέμιτα.
1378 1761 1514 1833 Περὶ
1542 1762 1761 1833 ἰχθύων.
1796 1766 1934 1838 Περὶ

2034 611 2301 666 carnium.
2336 611 2409 667 De
2437 612 2736 669 coturnice.
2763 611 2839 667 De
2870 612 3038 667 Maria
3070 622 3124 668 et
3151 613 3334 668 Aaron
3355 629 3607 669 murmu-

2035 703 2285 759 rantibus
2317 712 2508 759 contra
2533 703 2771 775 Moysen.
2800 703 2953 770 Quod
2978 703 3085 760 Ose
3122 705 3417 760 vocabatur
3433 720 3607 775 nuper

2032 794 2198 851 Iosue
2237 796 2381 851 lilius
2410 794 2577 851 Nave.
2631 796 2706 852 De
2758 797 2977 852 invento
3045 799 3265 855 homine
3318 799 3607 869 colligente

2034 885 2200 957 ligno.
2240 886 2313 942 De
2361 886 2615 943 ﬁmbriis.
2645 886 2718 943 De
2769 886 2978 943 Dathan
3031 899 3083 943 et
3105 890 3331 947 Abiron.
3389 890 3465 945 De
3486 898 3606 945 tau-

2033 978 2283 1047 gentibus
2318 990 2614 1034 mortuum.
2665 979 2808 1034 Mors
2868 979 3066 1034 Mariae.
3104 979 3180 1036 De
3237 991 3403 1050 petra.
3459 981 3607 1037 Mors

2035 1071 2241 1126 Aaron.
2275 1070 2349 1126 De
2369 1084 2620 1140 serpente
2642 1087 2814 1127 aeneo.
2833 1072 3115 1127 Canticum
3135 1071 3317 1128 Israel.
3338 1072 3413 1128 De
3432 1075 3606 1128 ariolo

2034 1161 2270 1218 Balaam.
2308 1164 2380 1219 De
2410 1164 2563 1219 asina
2597 1165 2798 1220 locuta.
2835 1165 2908 1219 De
2938 1164 3053 1219 zelo
3078 1163 3333 1228 Phiuees,
3358 1163 3604 1219 recensio

2031 1254 2196 1310 Israel
2234 1255 2388 1325 juxta
2433 1256 2670 1326 Madian,
2698 1266 2754 1314 et
2800 1257 3043 1315 selectio.
3094 1254 3171 1314 De
3200 1264 3380 1314 morte
3417 1257 3598 1312 Aaron

2034 1346 2207 1415 prima
2238 1347 2327 1403 die
2347 1346 2600 1418 Augusti.

2529 1656 3145 1716 DEUTERONOMIUM.

2104 1764 2321 1836 Legalia
2345 1779 2561 1835 pecora.
2587 1765 2844 1836 lllegalia.
2882 1765 2954 1821 De
2972 1766 3232 1836 piscibus.
3258 1766 3334 1821 De
3361 1766 3599 1821 volucri-

357 1841 641 1897 πετεινῶν.
676 1844 774 1896 Διὰ
801 1846 852 1899 τί
886 1844 1070 1916 ἄζυμα
1102 1847 1354 1918 ὥρισται.
1389 1854 1639 1922 Εὑλογία.
1671 1857 1918 1928 Κατάρα.

2031 1857 2152 1912 bus.
2210 1858 2324 1913 Cur
2396 1872 2585 1928 azyma
2659 1858 2975 1928 praescripta
3065 1869 3211 1915 sunt.
3267 1858 3599 1913 Benedictio.

368 1931 490 2002 ᾮδὴ
514 1932 560 2003 β’
580 1936 881 2001 Μωῠσέως.
915 1938 1149 2009 Εύλογία
1167 1942 1470 2009 Μωῦσὲως.
1493 1946 1626 2019 Ἒτη
1651 1949 1922 2016 Μωῦσέως

2031 1949 2353 2005 Maledictio.
2377 1949 2664 2004 Canticum
2698 1950 2996 2005 secundum
3030 1949 3251 2020 Moysis.
3288 1951 3601 2006 Benedictio

356 2021 405 2095 ρ’
434 2026 526 2080 καὶ
554 2023 626 2081 κ’.

869 2142 1121 2197 ΙΗΣΟΥΣ
1148 2145 1189 2198 Ο
1222 2145 1438 2202 ΝΑΥΗ.

422 2262 560 2333 Περὶ
600 2264 770 2320 Ῥαὰϐ
793 2269 893 2339 τῆς
930 2269 1157 2342 πόρνης.
1196 2274 1330 2344 Περὶ
1367 2275 1464 2345 τῆς
1490 2277 1794 2341 διαϐάσεως
1827 2279 1929 2350 τῆς

351 2354 585 2409 κιϐωτοῦ
617 2358 675 2411 ὲν
694 2356 774 2428 τῷ
809 2359 1049 2432 Ἰορδάνῃ
1078 2364 1324 2435 ποταμῷ.
1362 2365 1498 2436 Περὶ
1520 2366 1627 2419 τῶν
1651 2370 1920 2439 πετρίνων

353 2447 659 2519 μαχαιρῶν.
714 2450 846 2520 Περὶ
874 2452 968 2504 τοῦ
1003 2452 1262 2521 ὀφθέντος
1288 2455 1365 2525 τῷ
1411 2457 1583 2526 Ἰησοῦ
1612 2460 1668 2511 ἐν
1708 2460 1919 2531 Ἰεριχὼ

349 2538 716 2607 ἀρχαγγέλου.
768 2542 906 2615 Περὶ
957 2544 1067 2597 τῶν
1109 2545 1305 2617 τειχῶν
1365 2548 1608 2619 Ἰεριχὼ,
1654 2551 1751 2603 καὶ
1794 2552 1925 2622 περὶ

360 2628 530 2682 Ῥαὰϐ
561 2630 661 2701 τῆς
688 2633 914 2706 πόρνης.
948 2636 1084 2707 Περὶ
1106 2636 1201 2691 τοῦ
1223 2640 1521 2711 νοσφισμοῦ
1556 2642 1751 2713 ’Δχαρ.
1788 2644 1923 2715 Περὶ

346 2722 445 2791 τῆς
482 2720 602 2777 Γαῖ.
662 2724 800 2796 Περὶ
848 2726 947 2796 τῆς
998 2728 1332 2800 πανουργίας
1375 2730 1487 2785 τῶν
1534 2733 1917 2791 Γαϐαωνιτῶν.

347 2812 483 2883 Περὶ
524 2814 634 2867 τιτρν
692 2816 853 2870 πέντε
905 2818 1172 2887 βασιλέων
1218 2821 1328 2876 τῶν
1388 2825 1747 2880 Ἰεϐουσαίων.
1788 2827 1917 2881 Ὅτε

347 2905 479 2976 ἔστη
512 2909 540 2960 ὸ
565 2907 714 2979 ἥλιος
761 2910 855 2964 καὶ
884 2912 917 2981 ή
950 2911 1149 2984 σελήνη
1185 2915 1279 2968 ἐπὶ
1319 2915 1519 2987 Ἰησοῦ.
1555 2919 1691 2988 Περὶ
1728 2918 1914 2972 Ἰαϐίν.

2028 2040 2250 2112 Moysis.
2283 2040 2423 2095 Anni
2456 2039 2657 2111 Moysis
2686 2053 2902 2096 centum
2926 2052 2979 2096 et
3010 2041 3224 2111 viginti.

2461 2149 2675 2207 JOSUE
2702 2150 2924 2206 FILIUS
2972 2150 3179 2206 NAVE.

2100 2278 2176 2333 De
2201 2278 2353 2333 Raab
2392 2278 2699 2333 meretrice.
2734 2279 2809 2333 De
2840 2278 3067 2332 transitu
3091 2293 3229 2331 are:e
3247 2293 3341 2347 per
3373 2276 3596 2331 ﬂuvium

2024 2371 2343 2426 Iordanem.
2380 2371 2453 2425 De
2486 2370 2717 2438 lapideis
2738 2369 2950 2424 cultris.
3002 2368 3074 2422 De
3096 2376 3389 2437 apparente
3433 2365 3601 2422 Iosue

2025 2465 2352 2537 archangelo
2423 2464 2474 2517 in
2518 2462 2758 2518 Iericho.
2830 2461 2905 2515 De
2951 2463 3123 2516 muris
3168 2461 3405 2525 Iericho,
3453 2461 3597 2514 etde

2025 2556 2176 2610 Raab
2208 2556 2517 2611 meretrice.
2556 2555 2628 2609 De
2655 2553 2801 2608 furto
2822 2553 3019 2607 Achar.
3048 2552 3120 2607 De
3152 2551 3272 2607 Gai.
3308 2551 3380 2606 De
3408 2552 3600 2606 fraude

2018 2649 2471 2705 Gabaoaitarum.
2518 2647 2591 2702 De
2625 2647 2867 2716 quinque
2924 2646 3141 2710 regibus
3189 2644 3593 2699 Iebuszeorum.

2017 2738 2249 2807 Quando
2285 2739 2440 2793 stetit
2496 2738 2655 2792 solet
2703 2737 2827 2790 luna
2869 2737 3024 2806 jussu
3079 2734 3262 2789 Iosue.
3290 2734 3363 2789 De
3414 2733 3595 2789 Iabin.

2015 2826 2169 2892 Quod
2206 2824 2422 2879 Balaam
2464 2826 2661 2878 occidit
2691 2824 2874 2879 Israel.
2942 2824 3016 2878 De
3071 2825 3251 2890 altari,
3331 2825 3475 2895 quod
3501 2838 3597 2878 ex-

2013 2926 2334 2972 struxerunt
2363 2915 2456 2970 lilii
2481 2915 2593 2970 Gad
2624 2924 2679 2970 et
2719 2916 2810 2968 ﬁlii
2853 2914 3065 2970 Ruben.

348 3002 470 3056 Ὅτι
509 3002 601 3057 τὸν
639 3005 870 3079 Βαλαάμ
928 3010 1251 3064 ἀπέκτεινεν
1323 3011 1564 3084 Ἰσραήλ.
1636 3014 1778 3086 Περὶ
1824 3012 1918 3069 τοῦ
1953 3012 2138 3085 βωμοῦ
2182 3003 2245 3064 οὗ
2276 3009 2539 3078 ἐποίησαν
2583 3009 2633 3062 οἱ
2698 3008 2804 3060 υἱοὶ
2857 3005 2996 3072 Γὰδ,
3032 3006 3128 3061 καὶ
3171 3006 3222 3059 οἱ
3278 3005 3386 3059 υίοὶ
3442 3005 3597 3058 Ῥου-

346 3096 451 3150 ϐἱν.

999 3213 1258 3269 KPITAI.

415 3337 552 3410 Περὶ
583 3339 676 3394 τοῦ
727 3340 1103 3411 κλαυομῶνος.
1138 3342 1272 3412 Περὶ
1304 3340 1546 3407 δουλείας
1590 3341 1806 3414 Ἰσραὴλ
1837 3343 1915 3415 τῷ

343 3430 773 3502 Χουσαρσαοὼν.
806 3434 941 3504 ῐῐερλ⁵
983 3432 1223 3496 δουλείας
1279 3432 1495 3505 Ἰσραὴλ
1540 3433 1618 3504 τῷ
1673 3436 1912 3504 Λίγλών.

344 3524 482 3596 Περὶ
524 3523 679 3580 ’Δώδ.
724 3525 859 3598 Περὶ
889 3524 1198 3597 Δεϐϐώρας.
1231 3527 1366 3598 Περὶ
1401 3526 1496 3580 τοῦ
1524 3528 1824 3593 πασσάλου,
1857 3530 1915 3582 ἐν

343 3606 389 3680 ᾧ
419 3613 744 3682 πεφόνευται
787 3615 1015 3685 Σισάρα.
1063 3613 1188 3685 ᾯδὴ
1229 3614 1645 3686 εὐχαριστήριος
1701 3611 1917 3667 Δεϐϐὠ-

346 3721 447 3776 ρας
475 3705 570 3758 καὶ
603 3705 813 3776 Βαράκ.
868 3707 1000 3777 Περὶ
1044 3705 1291 3776 Μαδιάμ.
1341 3705 1476 3777 Περὶ
1520 3703 1748 3760 Γεδεών.
1779 3702 1916 3775 Περὶ

343 3795 439 3849 τοῦ
483 3795 653 3849 πόκου
700 3796 929 3851 Γεδεών.
971 3798 1097 3851 ὀτι
1141 3798 1236 3850 καὶ
1299 3796 1581 3867 Ἰεροϐάαλ
1628 3797 1860 3867 ήκουσεν
1885 3798 1916 3852 ὁ

343 3891 571 3946 Γεδεών.
606 3892 852 3964 ὐραμα.
896 3891 1084 3957 Λύσις.
1114 3894 1251 3964 Περὶ
1294 3891 1463 3948 Ζεϐεὲ
1492 3893 1590 3946 καὶ
1632 3892 1913 3961 Σαλμανά.

342 3979 583 4050 Τελευτὴ
612 3979 837 4034 Γεδεών.
861 3982 995 4052 Περὶ
1035 3980 1346 4051 Ἀϐιμέλεχ.
1377 3981 1691 4052 Παραϐολή.
1727 3983 1916 4045 Ὅπως

346 4071 647 4139 πεφόνευκε
664 4072 802 4145 γυνὴ
833 4073 1078 4144 κόμματι
1108 4072 1278 4144 μύλου
1307 4073 1399 4127 τὸν
1437 4072 1749 4144 Ἀϐιμέλεχ.
1778 4073 1916 4144 Περὶ

344 4163 524 4218 Θωλά.
556 4166 693 4234 Περὶ
722 4166 881 4237 Ἰαῖρ.
908 4167 1041 4238 Περὶ
1071 4166 1303 4236 Ἰεφθάε.
1328 4166 1464 4236 Περὶ⁸
1495 4165 1751 4221 Ἐσεϐών.
1778 4164 1916 4236 Περὶ

355 4254 554 4327 Ἐδώμ.
603 4258 738 4327 Περὶ
784 4257 1026 4313 Λαϐδών.
1063 4259 1199 4328 Περὶ
1226 4258 1445 4313 Μανωέ.
1478 4258 1613 4330 Περὶ
1654 4256 1913 4328 Σαμψών.

346 4348 485 4418 Περὶ
514 4348 609 4401 τοῦ
653 4349 889 4412 λέοντος.
927 4349 1063 4421 Περὶ
1112 4349 1222 4404 τῶν
1267 4349 1585 4414 ἀλωπέκων,
1619 4349 1677 4403 ὲν
1706 4343 1795 4412 αἷς
1833 4349 1918 4403 ἐν·

346 4440 555 4512 ἑπρησε
582 4441 650 4495 τὰ
679 4441 969 4512 δράγματα
1001 4442 1111 4496 τῶν
1142 4442 1455 4512 ἀλλοφύλων
1482 4442 1743 4513 Σαμψὼν.
1780 4444 1917 4514 Περὶ

343 4535 442 4603 τῆς
496 4535 742 4602 σιαγόνος
784 4536 842 4588 ὲν
985 4534 1254 4598 ἐπάταξεν
1312 4552 1363 4599 ,α
1407 4535 1625 4606 ἄνδρας.
1679 4533 1917 4605 Τελευτὴ
1950 4589 1996 4647 D

346 4624 604 4696 Σαμψών.
643 4628 781 4698 Περὶ
813 4627 1089 4700 Σεμέγαρ.
1126 4626 1260 4697 Περὶ
1288 4626 1460 4696 Μιχά.

2672 3208 2972 3265 IUDICES.

2089 3344 2166 3400 De
2198 3343 2320 3399 loco
2371 3342 2551 3396 ﬂetus.
2587 3338 2661 3394 De
2684 3338 2947 3392 servitute
2978 3334 3143 3390 Israel
3190 3334 3292 3391 sub
3336 3333 3600 3389 Cusarsa-

2016 3439 2170 3493 thon.
2206 3438 2281 3492 De
2341 3434 2600 3491 servitute
2632 3431 2797 3486 Israel
2834 3430 2937 3485 sub
2970 3428 3188 3498 Eglon.
3236 3428 3310 3481 De
3338 3426 3474 3480 Aod.
3522 3423 3599 3480 De

2017 3530 2249 3585 Debora.
2280 3527 2375 3596 ',De
2404 3527 2560 3582 clavo
2598 3538 2832 3594 quocum
2860 3522 3077 3577 occisus
3104 3527 3188 3573 est
3210 3519 3418 3573 Sisara.
3448 3516 3597 3572 Can-

2016 3623 2185 3677 ticum
2229 3619 2528 3691 gratiarum
2590 3616 2815 3671 Deborze
2871 3624 2924 3668 et
2972 3613 3201 3667 Baraeh.
3242 3611 3315 3663 De
3362 3609 3597 3664 Madian.

2020 3712 2094 3768 De
2147 3710 2390 3767 Gedeon.
2448 3709 2523 3765 De
2584 3708 2784 3763 vellere
2848 3705 3089 3760 Gedeou.
3134 3702 3288 3770 Quod
3346 3700 3598 3756 Ierobaal

2022 3804 2188 3860 etiam
2227 3804 2524 3859 vocabatur
2561 3801 2803 3856 Gedeon.
2855 3796 3020 3853 Visio.
3058 3794 3458 3864 Interpretatio.
3523 3792 3600 3847 De

2015 3894 2191 3951 Zebee
2243 3904 2296 3950 et
2323 3894 2597 3949 Salmana.
2632 3890 2779 3944 Mors
2834 3889 3073 3945 Gedeon.
3131 3885 3203 3947 De
3254 3882 3589 3938 Abimeleeh.

2016 3986 2301 4041 Parabola.
2334 3984 2620 4051 Quomodo
2658 3982 2861 4036 occidit
2903 3980 3100 4035 mulier
3138 3974 3452 4031 Abimelech
3482 3972 3597 4027 Ira-

2019 4084 2241 4147 gmento
2270 4076 2448 4130 molae.
2492 4074 2565 4128 De
2592 4070 2786 4126 Thola.
2827 4070 2900 4125 De
2959 4067 3095 4123 Iair.
3157 4064 3233 4120 De
3255 4065 3465 4134 Iephte.
3523 4060 3598 4116 De

2016 4169 2251 4224 Esebon.
2284 4167 2360 4222 De
2430 4165 2623 4221 Edom.
2676 4163 2749 4218 De
2815 4161 3064 4216 Labdon.
3127 4160 3201 4214 De
3248 4156 3464 4211 Manoe.
3519 4152 3597 4209 De

2020 4261 2278 4316 Samson.
2317 4259 2390 4314 De
2415 4258 2592 4314 leone.
2616 4256 2691 4311 De
2719 4256 2971 4325 vulpibus
3010 4251 3336 4323 quibuscum
3381 4260 3599 4302 crema-

2017 4353 2096 4406 vit
2123 4351 2359 4407 Samson
2392 4352 2575 4420 spicas
2600 4349 3053 4419 alienigenarum.
3091 4346 3164 4399 De
3191 4341 3409 4398 maxilla
3464 4354 3599 4409 qna-

2018 4461 2142 4501 cum
2171 4446 2429 4499 mactavit
2454 4444 2602 4499 mille
2629 4444 2800 4499 viros.
2833 4439 2980 4495 Mors
3016 4439 3268 4494 Samson.
3328 4432 3403 4489 De
3438 4430 3596 4486 Sem-

2024 4553 2140 4609 gar.
2172 4536 2250 4593 De
2279 4536 2477 4592 Micha.

1862 4720 2067 4777 ΡΟΥΘ.

1554 4835 1748 4907 (Nulla
1801 4842 2127 4896 adnotantur
2154 4840 2378 4910 capita.)

880 4975 1244 5030 ΒΛΣΙΛΕΙΩΝ
1281 4973 1365 5030 A'.
1416 4941 1419 4944 i

417 5101 696 5175 Προσευχὴ
749 5096 989 5173 ’Δννης.
1021 5102 1144 5174 ’ῼδὴ
1176 5103 1400 5169 ’Δννης.
1447 5100 1584 5172 Περὶ
1633 5100 1743 5155 τῶν
1782 5100 1916 5155 υἱῶν

359 5196 500 5251 Ἦλί.
531 5196 666 5268 Περὶ
691 5196 793 5266 τῆς
828 5194 1112 5259 νουθεσίας
1143 5194 1282 5249 Ἦλί.
1323 5194 1459 5265 Περὶ
1490 5194 1592 5265 τῆς
1620 5194 1917 5264 γενομένης

345 5289 483 5361 πρὸς
516 5289 770 5359 Σαμουὴλ
804 5288 1010 5359 φωνῆς.
1044 5288 1181 5359 Περὶ
1227 5287 1327 5358 τῆς
1373 5284 1643 5350 κιϐωτοῦ,
1692 5288 1786 5339 καὶ
1820 5284 1916 5338 τοῦ

347 5379 578 5435 θανάτου
610 5378 718 5433 τῶν
765 5378 809 5450 β’
852 5380 984 5433 υίῶν
1031 5378 1169 5432 Ἥλί.
1212 5377 1350 5449 Περὶ
1380 5376 1475 5431 τοῦ
1522 5376 1713 5441 τέλους
1770 5375 1912 5431 Ἦλί.

346 5472 484 5541 Περὶ
506 5473 605 5541 τῆς
632 5473 801 5543 ἥττης
834 5472 942 5527 τῶν
977 5470 1307 5543 ἀλλοφύλων.
1343 5472 1477 5542 Περὶ
1508 5469 1618 5523 τῶν
1650 5469 1782 5523 υίῶν
1809 5469 1915 5521 Σα-

349 5565 543 5634 μουήλ.
594 5564 730 5635 Περὶ
756 5565 849 5618 τοῦ
891 5563 1102 5636 Ἰσραὴλ
1146 5564 1439 5619 αἰτούντων
1496 5561 1741 5635 βασιλέα.
1778 5559 1917 5633 Περὶ

343 5649 420 5709 ὧν
447 5656 848 5727 διεμαρτύρατο
864 5656 1113 5727 Σαμουὴλ
1139 5658 1250 5720 τοῖς
1271 5657 1406 5719 υἱοῖς
1422 5654 1663 5725 Ἰσραὴλ,
1689 5652 1915 5724 ζητοῦσι

347 5766 422 5802 πα
432 5749 478 5815 ρ’
499 5749 663 5802 αὑτοῦ
690 5748 935 5819 βασιλέα.
959 5748 1091 5817 Περὶ
1114 5747 1284 5803 Σαοὺλ
1304 5746 1351 5800 α’
1370 5747 1633 5818 βασιλέως
1672 5744 1912 5816 Ἰσραήλ.

347 5842 484 5908 Περὶ
524 5845 622 5914 τῆς
672 5844 812 5914 ἀρᾶς
870 5837 935 5913 ἧς
970 5842 1213 5913 ἠράσατο
1261 5842 1431 5897 Σαοὺλ
1483 5842 1561 5913 τῷ
1591 5840 1727 5911 λαῷ.
1781 5840 1910 5893 Ὅτε

2608 4969 2989 5029 REGNORUM
3019 4968 3063 5027 Ι.

2082 5103 2271 5161 Oratio
2298 5103 2492 5158 Annae.
2518 5100 2805 5157 Canticum
2851 5103 3045 5156 Annaz.
3092 5098 3167 5154 De
3203 5096 3327 5153 ﬁliis
3358 5093 3495 5151 Heli.
3526 5093 3599 5149 De

2017 5197 2390 5253 admonitione
2417 5193 2557 5248 lleli.
2578 5192 2654 5248 De
2671 5192 2810 5247 facta
2830 5208 2961 5247 voce
2989 5193 3055 5247 ad
3078 5189 3320 5246 Samuel.
3351 5186 3423 5239 De
3443 5199 3594 5245 arca.

2017 5297 2072 5344 et
2101 5296 2275 5342 morte
2317 5287 2549 5340 duorum
2608 5285 2843 5339 ﬁliorum
2877 5284 3016 5339 Heli.
3056 5282 3134 5339 De
3193 5283 3297 5337 line
3349 5278 3487 5335 Heli.
3525 5276 3596 5331 De

2029 5377 2402 5434 bumiliationc
2432 5376 2878 5445 alienigenarum.
2935 5374 3011 5430 De
3066 5373 3190 5428 ﬁliis
3245 5368 3487 5426 Samuel.
3524 5367 3596 5420 De

2028 5473 2154 5528 ﬁliis
2183 5470 2348 5527 Israel
2372 5468 2683 5539 petentibus
2718 5482 2920 5537 regem.
2957 5467 3029 5523 De
3058 5467 3143 5522 his
3172 5480 3294 5537 quae
3321 5469 3595 5519 contesta-

2026 5573 2117 5619 tus
2140 5572 2221 5618 est
2249 5560 2472 5617 Samuel
2499 5560 2625 5615 (iliis
2674 5558 2841 5614 Israel
2871 5559 2942 5614 ab
2967 5573 3034 5613 eo
3058 5574 3236 5629 regem
3265 5554 3593 5627 petentibus.

1983 5689 1988 5693 -
2025 5653 2102 5709 De
2127 5653 2258 5709 Saul
2291 5651 2467 5724 primo
2501 5665 2625 5721 rege
2673 5648 2953 5705 lsrael.De
2998 5648 3374 5705 maledictione
3399 5660 3504 5717 qua
3536 5659 3595 5700 se

2026 5745 2322 5801 obstrinxit
2353 5744 2482 5799 Saul
2527 5756 2713 5798 coram
2762 5741 2983 5814 populo.
3040 5740 3269 5808 Quando
3323 5736 3593 5794 recensuit

2024 5841 2152 5897 Saul
2169 5840 2234 5896 ad
2258 5838 2493 5896 Amalec.
2515 5837 2588 5895 De
2612 5836 2774 5893 David
2789 5836 2900 5893 lilio
2925 5833 3096 5892 Iesse.
3131 5834 3202 5890 De
3222 5832 3433 5889 Goliath
3458 5830 3591 5885 alie-
