4054 6578
335 435 471 503 I053

1276 445 1751 511 OCTA'I‘EUCHI
1790 454 2079 516 DIVISIO
2110 458 2192 519 IN
2220 420 2509 520 CAPITA.

3429 460 3567 525 1051

328 543 544 619 λήψεως
603 550 805 605 ’11).ιοῦ.
862 555 996 624 Περὶ
1044 555 1153 608 τῶν
1202 556 1464 628 ἁλμυρῶν
1497 560 1718 616 ὑδάτων.
1761 563 1892 633 Περὶ

2000 569 2180 638 ptioue
2204 569 2354 624 Elim.
2398 569 2469 625 De
2493 569 2649 640 aquis
2671 570 2881 625 saliuis.
2937 570 3010 626 De
3041 570 3291 634 muliere,
3329 584 3380 626 et
3406 573 3570 625 benc-

329 640 428 709 τῆς
454 642 728 707 γυναικὸς,
770 646 860 697 καὶ
890 646 1130 716 περὶτῆς
1160 648 1413 716 εὐλογίας
1432 651 1539 705 τῶν
1571 654 1778 707 σκευῶν
1801 655 1895 708 τοῦ

330 731 532 786 ἐλαίου.
564 735 698 803 Περὶ
732 734 829 805 τῆς
880 739 1138 805 γυναικὸς
1168 740 1264 809 τῆς
1312 739 1713 813 Σουναμὶτιδος.
1765 746 1895 816 Περὶ

330 824 428 891 τῆς
464 823 723 894 τολύπης.
778 827 871 881 καί
921 832 1194 899 περὶτῶν
1246 837 1562 903 προφητῶν.
1612 838 1748 908 Περὶ
1790 840 1897 893 τῶν

328 915 510 984 ἄρτων
539 917 766 970 καὶτῶν
813 920 1080 975 καλαθῶν.
1136 923 1271 993 Περὶ
1318 924 1538 994 Νεεμὰν
1572 927 1673 999 τοῦ.
1698 928 1895 999 Σύρου.

331 1008 411 1060 Τὰ
439 1010 567 1079 περὶ
594 1009 760 1074 Γιεζί.
790 1012 924 1081 Περὶ
951 1013 1042 1065 τοῦ
1074 1015 1336 1086 σιδηρίου.
1373 1019 1504 1088 Περὶ
1535 1018 1627 1071 τοῦ
1659 1021 1895 1089 πολέμου

328 1101 424 1152 τοῦ
459 1100 721 1170 βασιλέως
754 1105 974 1174 Συρίας,
1012 1107 1103 1159 καὶ
1136 1109 1266 1179 περὶ
1295 1110 1394 1179 τῆς
1424 1113 1708 1182 ἁορασὶας.
1764 1115 1897 1184 Περὶ

329 1193 428 1260 τῆς
474 1192 633 1261 λιμοῦ
670 1196 1003 1264 Σαμαρείας,
1052 1199 1146 1251 καὶ
1178 1200 1305 1269 περὶ
1352 1200 1459 1253 τῶν
1489 1203 1761 1268 γυναικῶν
1786 1206 1896 1257 τῶν

327 1285 397 1334 τὰ
431 1285 535 1336 ἴδια
564 1285 733 1353 νήπια
765 1285 1135 1357 βεϐρωκυιῶν,
1171 1292 1264 1343 καὶ
1303 1291 1433 1362 περὶ
1479 1294 1588 1347 τῶν
1614 1295 1895 1365 τεσσάρων

328 1375 566 1446 λεπρῶν.
606 1377 741 1446 Περὶ
773 1378 865 1429 τοῦ
901 1382 1345 1451 συμπατηθέντος
1386 1384 1477 1437 καὶ
1510 1385 1892 1451 ἀποθανόντος.

330 1468 466 1535 Περὶ
492 1468 599 1519 τῶν
637 1468 776 1521 ἑπτὰ
805 1470 942 1523 ἐτῶν
966 1471 1056 1524 τοῦ
1084 1472 1264 1542 λιμοῦ,
1295 1476 1387 1527 καὶ
1420 1478 1546 1546 περὶ
1572 1478 1671 1545 τῆς
1695 1478 1897 1531 Σουνα-

332 1560 559 1629 μὶτιδος.
592 1562 724 1630 Περὶ
752 1562 847 1616 τοῦ
875 1564 988 1616 υἱοῦ
1022 1566 1204 1636 Ἄδερ.
1232 1568 1365 1638 Περὶ
1396 1569 1618 1639 Ἰωράμ.
1641 1571 1773 1641 Περὶ
1797 1571 1895 1641 τῆς

330 1654 607 1723 βασιλείας
659 1656 820 1726 Ἰηοῦ,
860 1664 918 1710 ιε’
945 1658 1208 1728 βασιλέως
1248 1662 1485 1732 Ἰσραήλ.
1517 1665 1651 1734 Περὶ
1681 1662 1774 1716 τοῦ
1802 1665 1894 1717 τέ·

328 1744 452 1806 λους
492 1745 746 1809 Ἰεζάϐελ.
779 1748 913 1817 Περὶ
941 1750 1039 1819 τῆς
1070 1754 1285 1821 σφαγῆς
1306 1752 1412 1804 τῶν
1431 1738 1471 1804 δ’
1493 1754 1626 1806 υἱῶν
1666 1754 1891 1823 Ἀχαά6.

332 1834 465 1904 Περὶ
496 1834 596 1903 τῆς
618 1836 833 1906 σφαγῆς
857 1838 1071 1892 πάντων
1096 1841 1205 1893 τῶν
1231 1843 1576 1911 θεραπόντων
1602 1844 1693 1899 τοῦ
1723 1847 1888 1902 Βάαλ.

2002 661 2240 716 dictione
2280 677 2533 716 vasorum
2566 662 2689 716 olei.
2726 661 2798 715 De
2829 662 3053 717 muliere
3094 662 3458 716 δυηοιιιίιίιιρ.
3494 664 3569 716 De

2000 750 2106 807 olla
2136 760 2190 807 et
2230 755 2523 822 preplietis.
2562 753 2637 807 De
2680 754 2917 822 panibus
2956 763 3009 808 et
3047 756 3267 823 sportis.
3308 757 3379 808 De
3427 754 3568 807 Naa-

2001 861 2123 898 man
2163 844 2322 916 Syro.
2362 846 2437 899 De
2466 844 2642 901 Giezi.
2680 848 2752 899 De
2786 845 3135 899 ferramento.
3166 843 3236 898 De
3267 846 3405 898 bello
3428 845 3569 913 regis

2003 934 2192 1004 Syriae,
2225 935 2361 990 etde
2381 936 2644 989 caecitate.
2682 934 2753 988 De
2782 933 2923 986 fame
2944 933 3235 995 Samarize,
3264 940 3314 985 et
3348 931 3415 984 de
3448 947 3567 983 mu-

2001 1026 2223 1082 lieribus
2270 1028 2520 1097 proprios
2572 1027 2827 1095 parvulos
2899 1026 3327 1087 comodeutibus,
3389 1032 3443 1077 et
3500 1024 3569 1075 Ile

1998 1127 2231 1188 quatuor
2272 1120 2517 1188 leprosis.
2567 1118 2639 1173 De
2692 1119 3013 1174 conculcato
3062 1127 3115 1172 et
3178 1126 3413 1168 mortuo.
3495 1112 3568 1165 De

1998 1218 2200 1279 septem
2219 1211 2377 1265 annis
2402 1210 2580 1274 famis,
2604 1210 2742 1264 etde
2773 1208 3135 1263 Sunamitiile.
3164 1207 3238 1262 De
3266 1208 3375 1260 lilio
3404 1204 3564 1258 Ader.

2000 1301 2073 1356 De
2125 1300 2328 1356 Ioram.
2382 1300 2458 1356 De
2517 1317 2682 1371 regno
2734 1299 2893 1364 Iehu,
2944 1300 3144 1356 decimi
3182 1299 3356 1369 quinti
3428 1298 3568 1367 regis

2000 1395 2184 1448 Israel.
2218 1394 2293 1448 De
2327 1394 2546 1448 interitu
2598 1392 2835 1448 Iezabel.
2904 1393 2977 1448 De
3026 1392 3171 1447 caede
3227 1391 3567 1459 septuaginta

1998 1487 2231 1541 ﬁliorum
2261 1485 2468 1539 Achab.
2502 1484 2577 1539 De
2614 1487 2760 1539 caule
2783 1485 3030 1539 omnium
3077 1500 3357 1539 servorqu
3417 1482 3564 1535 Baal.

1999 1578 2071 1631 De
2105 1578 2252 1633 Ioas.
2308 1578 2381 1632 De
2426 1577 2685 1640 Ioachaz,
2726 1578 2940 1632 decimo
2996 1588 3148 1631 sexto
3211 1592 3337 1644 rege
3382 1576 3566 1631 Israel.

1996 1672 2070 1726 De
2093 1670 2218 1725 Ioas
2248 1670 2311 1738 ΙΙ,
2333 1672 2543 1725 decimo
2562 1670 2795 1739 septimo
2821 1684 2945 1739 rege
2972 1670 3157 1724 Israel.
3182 1669 3256 1722 De
3279 1669 3469 1723 Elis-.eo
3516 1676 3569 1721 et

1995 1761 2141 1818 Jnas.
2172 1763 2397 1832 Signum
2422 1762 2487 1816 de
2522 1772 2697 1816 morte
2748 1761 2951 1816 Elisaei.
2989 1761 3064 1816 De
3110 1759 3396 1814 Icroboam
3462 1760 3570 1812 lilio

1995 1852 2142 1915 Ioas,
2204 1853 2419 1908 decimo
2455 1863 2648 1907 octavo
2704 1868 2829 1922 rege
2861 1852 3045 1906 Israel.
3112 1852 3183 1905 De
3230 1850 3423 1903 Azariu
3460 1851 3569 1902 lilio

331 1923 464 1989 Περὶ
530 1924 698 1988 Ἰωάς.
741 1927 875 1997 Περὶ
940 1929 1188 2001 Ἰωὰχαζ,
1226 1930 1299 1996 ις’
1325 1932 1590 2002 βασιλέως
1641 1937 1878 2008 Ἰσραήλ.

1993 1943 2299 2006 Icroboam,
2349 1944 2560 1998 decimo
2608 1960 2754 1998 nono
2791 1959 2914 2013 rege
2970 1942 3152 1997 Israel.
3196 1941 3279 1996 De
3336 1941 3566 2003 Srllum,

327 2016 462 2084 Περὶ
508 2016 659 2080 Ὶωὰς
684 2015 752 2087 β’,
784 2019 848 2084 ις’
875 2019 1138 2090 βασιλέως
1180 2023 1413 2096 Ἰσραήλ.
1443 2028 1577 2096 Περὶ
1620 2029 1889 2083 Ἐλισσαιὲ

325 2107 421 2159 καὶ
460 2107 631 2170 ’ῐωάς.
659 2108 891 2180 Σημεὶον
922 2114 1050 2183 περὶ
1078 2114 1171 2167 τοῦ
1205 2116 1392 2180 τέλους
1435 2118 1724 2175 Ἐλισσαιέ.
1756 2122 1890 2192 Περὶ
1922 2126 1925 2129 ’

333 2194 616 2267 Ἰεροϐοὰμ
663 2201 777 2254 υἱοῦ
836 2202 1008 2268 Ἰωὰς,
1079 2213 1150 2274 ιη’
1183 2206 1445 2277 βασιλέως
1489 2211 1721 2281 Ἰσραήλ.
1756 2213 1890 2282 Περὶ

335 2287 609 2360 Ἀζαρὶου,
637 2292 754 2344 υἱοῦ
786 2293 1085 2367 Ἱεροϐοὰμ.
1108 2297 1171 2351 ιϐ’
1195 2299 1460 2368 βασιλέως
1496 2301 1729 2371 Ἰσραήλ.
1757 2304 1888 2374 Περὶ

316 2377 586 2451 Σελλοὺμ,
627 2388 676 2435 κ’
721 2384 987 2454 βασιλέως
1052 2390 1289 2462 Ἰσραήλ.
1329 2394 1462 2463 Περὶ
1492 2394 1758 2464 Μαναὴμ,
1808 2394 1891 2449 κα⁹

326 2473 590 2541 βασιλέως
650 2477 886 2550 Ἰσραήλ.
945 2482 1080 2552 Περὶ
1133 2485 1431 2551 Φακεσὶου,
1484 2484 1567 2557 κβ¹
1625 2487 1890 2556 βασιλέως

337 2565 572 2636 Ἰσραήλ.
627 2572 761 2640 Περὶ
814 2573 1012 2638 Φακεὲ,
1051 2582 1134 2643 κγ’
1178 2574 1447 2645 βασιλέως
1484 2579 1724 2651 Ἰσραήλ.
1750 2581 1890 2651 Περὶ

334 2657 589 2729 Ἰωαθάμ.
637 2663 770 2731 Περὶ
821 2664 1008 2735 Ἀχὰζ.
1054 2666 1189 2737 Περὶ
1248 2669 1437 2741 Ὠσηὲ,
1494 2669 1572 2724 κδ’
1625 2671 1888 2741 βασιλέως

333 2751 572 2822 Ἰσραήλ.
599 2752 657 2806 Α’
680 2756 1048 2825 αἰχμαλωσὶα.
1080 2762 1215 2831 Περὶ
1238 2763 1348 2817 τῶν
1374 2763 1623 2820 λεόντων.
1656 2768 1886 2836 Ποιηταὶ

321 2843 548 2901 πόλεων.
604 2850 738 2918 Περὶ
786 2849 1047 2920 Ἐζεκίου,
1076 2853 1156 2906 ὅτι
1192 2854 1298 2918 ἓως
1353 2856 1594 2927 Ἐζεχίου
1642 2858 1886 2929 ὑπῆρχεν

319 2939 347 2989 ὁ
381 2936 612 3007 χαλκοῦς
646 2940 789 3011 ὄφις.
838 2944 971 3015 Περὶ
1010 2946 1373 3018 Σενναχηρίμ.
1425 2950 1559 3020 Περὶ
1585 2951 1685 3020 τῆς
1714 2952 1887 3020 μαλα-

319 3028 444 3091 κίας
482 3029 723 3100 Ἐζεκίου
777 3032 1043 3102 βασιλέως
1100 3038 1289 3093 Ἰούδα.
1327 3041 1464 3112 Περὶ
1497 3042 1603 3095 τῶν
1644 3043 1888 3097 ἀποστα-

320 3120 519 3173 λέντων
569 3125 719 3193 παρὰ
746 3127 1034 3198 Μαρωδεὶχ
1077 3131 1215 3200 πρὸς
1266 3132 1534 3203 Ἐζεκίαν.
1585 3134 1720 3205 Περὶ
1764 3135 1887 3188 Μα-

302 3214 513 3289 ννισσῆ.
546 3215 676 3285 Περὶ
716 3217 918 3297 meo;
959 3216 1093 3290 Περὶ
1128 3223 1354 3276 Ἰωσίου.
1398 3226 1533 3296 Περὶ
1563 3224 1656 3278 τοῦ
1684 3225 1889 3296 βιϐλίου

312 3304 408 3356 τοῦ
458 3304 644 3373 νόμου,
689 3303 749 3360 οὗ
782 3304 908 3379 εὗρε
941 3309 1177 3376 Χελκὶας
1220 3316 1280 3366 ὲν
1308 3314 1441 3386 οἴκῳ
1468 3316 1693 3386 Κυρίου.
1750 3316 1889 3387 Περὶ

1986 2036 2249 2106 vigesimo
2338 2051 2464 2106 rege
2546 2032 2735 2092 Israel.
2812 2035 2887 2090 De
2984 2034 3289 2097 Manahem,
3376 2034 3570 2087 vicesi-

1989 2145 2078 2182 mo
2136 2129 2308 2199 primo
2393 2145 2515 2197 rege
2578 2128 2762 2184 Israel.
2830 2128 2905 2183 Ile
2973 2127 3257 2190 Phacesio,
3312 2125 3568 2180 vicesimo

1988 2222 2228 2277 secundo
2289 2237 2414 2291 rege
2459 2220 2644 2276 Israel.
2691 2221 2766 2275 De
2816 2222 3047 2287 Phacee,
3110 2220 3365 2274 vicesimo
3411 2221 3568 2273 tertio

1991 2332 2113 2384 rege
2144 2316 2327 2371 Israel.
2359 2314 2432 2369 De
2454 2312 2728 2370 Ioatham.
2770 2314 2843 2367 Dc
2867 2313 3069 2367 Aellaz.
3125 2311 3197 2366 De
3228 2312 3386 2376 Osee,
3410 2311 3567 2364 vicco

1987 2409 2130 2461 simo
2158 2416 2350 2478 quarto
2381 2423 2505 2477 rege
2529 2406 2713 2461 Israel.
2763 2404 2942 2459 Prima
2999 2404 3305 2473 captivitas.
3358 2403 3430 2456 De
3457 2403 3566 2456 leo-

1989 2500 2170 2555 nibus.
2234 2497 2576 2553 Fundatores
2627 2498 2864 2553 urbium.
2903 2496 2977 2551 De
3023 2495 3272 2561 Ezecliia,
3296 2493 3440 2564 quod
3472 2509 3585 2557 uso,

1990 2607 2098 2661 que
2128 2592 2193 2645 ad
2220 2590 2508 2646 Ezechiam
2534 2592 2732 2646 mansit
2791 2604 3015 2659 serpens
3062 2603 3267 2643 aeneus.
3309 2586 3381 2641 De
3428 2585 3565 2639 Sen—

1987 2683 2284 2737 nacberim.
2367 2682 2440 2737 De
2506 2682 2857 2753 aegrotatione
2926 2680 3174 2734 Ezechiae
3247 2680 3388 2748 regis
3467 2676 3566 2731 Iu-

1985 2776 2073 2830 da.
2136 2773 2211 2828 De
2267 2775 2446 2829 missis
2498 2790 2529 2829 a
2582 2773 2829 2829 Merodac
2891 2772 2956 2825 ad
3005 2772 3317 2825 Ezechiam.
3352 2771 3424 2824 De
3452 2774 3566 2823 Illa-

1987 2880 2166 2920 nasse.
2235 2864 2310 2917 De
2362 2866 2550 2920 Amos.
2604 2866 2675 2919 De
2734 2862 2907 2918 Iosia.
2940 2864 3011 2917 De
3058 2863 3198 2917 libro
3226 2862 3379 2931 legis.
3400 2877 3561 2931 quem

1986 2956 2192 3012 invenit
2228 2956 2479 3012 Clielcias
2519 2957 2571 3009 in
2598 2957 2758 3010 domo
2780 2954 3018 3009 Domini.
3053 2953 3125 3008 De
3167 2952 3426 3008 Ioacllaz.
3491 2954 3563 3007 De

1986 3046 2213 3101 Eliacim
2263 3048 2453 3102 eodem
2500 3062 2564 3103 ac
2609 3044 2846 3102 Ioacim.
2896 3044 2972 3100 De
3031 3043 3560 3100 Nabuchodonosor.

1996 3137 2073 3193 De
2098 3137 2332 3204 Ioacim,
2374 3139 2485 3193 ﬁlio
2535 3139 2780 3194 Eliacim.
2812 3136 3086 3208 gSecunda
3136 3136 3444 3205 captivitas.
3484 3134 3560 3189 De

1998 3229 2221 3284 Sedecia
2248 3231 2359 3284 lilio
2378 3228 2610 3286 Ioacim.
2642 3229 2820 3285 Tertia
2851 3228 3151 3299 captivitas.
3184 3228 3257 3283 De
3281 3225 3581 3286 Nabuzar-g

1996 3321 2123 3375 dan.
2148 3322 2351 3388 Quarta
2378 3324 2686 3393 captivitas.

334 3396 583 3465 Ἰωαχάζ.
619 3400 751 3471 Περὶ
793 3402 1047 3473 Ἐλιακὶμ
1098 3404 1188 3458 τοῦ
1220 3407 1313 3458 καὶ
1355 3407 1598 3478 ἰωακίμ.
1658 3408 1794 3479 Περὶ
1846 3407 2337 3483 Ναϐουχοδονόσορ.
2388 3413 2523 3483 Περὶ
2563 3412 2789 3483 Ἰωακὶμ
2819 3409 2937 3464 υἱοῦ
2997 3408 3268 3480 Ἐλιακίμ.
3323 3406 3579 3479 Β¹αἱχμτ

313 3495 543 3551 αλωσία.
564 3497 698 3567 Περὶ
728 3496 974 3551 Σεδεκίου
1003 3499 1141 3564 υἱοῦ,
1184 3501 1425 3569 ’ῐωακίμ.
1458 3504 1496 3555 Γ
1496 3509 1509 3532 '
1528 3504 1893 3574 αίχμαλωσία.
1928 3507 2064 3578 Περὶ
2090 3507 2500 3582 Ναϐουζαρδάν.
2534 3505 2585 3560 Δ⁹
2623 3505 2985 3578 αἱχμαλωσία.

720 3610 1359 3667 ΠΑΡΑΛΕΙ-ΠΟΜΕΝΩΝ
1397 3612 1468 3673 A'.

390 3720 660 3785 Βασιλεῖς.
720 3722 1040 3793 Ἥγεμόπς.
1092 3726 1287 3780 Σαούλ.
1328 3728 1462 3797 Περὶ
1520 3728 1882 3799 Σολομῶντος.

726 3814 1365 3872 ΠΑΡΑΛΕΙΠΟΜΕΝΩΝ
1400 3820 1467 3878 B'.

400 3924 687 3993 Ἀμασίας.
756 3920 960 3990 Ὀζίας.
1002 3927 1199 3996 Ἀχαζ.
1244 3927 1510 3997 Ἐζεχίας.
1562 3931 1882 4002 Μανασσῆς.

326 4014 534 4083 ’Λμὼς.
580 4014 812 4082 Ἰωσίας.
856 4018 1109 4089 Ἰωαχάζ.
1167 4017 1439 4088 Ἐλιακίμ.
1480 4021 1754 4091 Ἰεχονίας.
1787 4024 1885 4076 Σε-

302 4104 521 4169 δεκίας.

940 4218 1158 4275 ΕΣΔΡΛ
1200 4219 1281 4277 Α’.

389 4328 524 4398 Περὶ
558 4329 659 4400 τῆς
709 4330 962 4402 τελευτῆς
1021 4329 1246 4388 Ἰωσίου.
1313 4333 1448 4406 Περὶ
1505 4332 1696 4404 Ἀχάζ.
1728 4334 1885 4406 [Περὶ

313 4420 584 4475 Σεδεκίου.
622 4422 761 4494 Περὶ
793 4424 887 4477 τοῦ
919 4424 1342 4495 προστάγματος
1393 4424 1599 4498 Κύρου.
1632 4426 1769 4497 Περὶ
1790 4424 1884 4479 τοῦ

312 4510 548 4581 ἀριθμοῦ
598 4511 705 4565 τῶν
738 4513 946 4567 σκευῶν
978 4514 1085 4567 τῶν
1131 4516 1190 4567 ὲν
1230 4517 1297 4586 τῇ
1348 4514 1718 4585 αἰχμαλωσίᾳ.
1751 4515 1887 4586 Περὶ

313 4600 422 4653 τῶν
465 4603 936 4672 καταγραψάντων
992 4602 1281 4659 Ἰουδαίων.
1320 4607 1455 4677 Περὶ
1488 4606 1740 4678 Δαρείου,
1790 4608 1885 4662 καὶ

314 4688 445 4759 περὶ
474 4690 583 4742 τῶν
611 4698 659 4760 γ’
691 4692 988 4747 νεανίσκων
1014 4695 1123 4748 τῶν
1150 4696 1217 4749 τὰ
1249 4696 1456 4766 προϐλή
1468 4714 1613 4766 ματα
1643 4698 1887 4769 γραψάν-

313 4797 443 4834 των.
500 4783 635 4853 ΙΙερὶ
685 4784 779 4837 τοῦ
830 4786 1132 4855 αἱτήματος
1186 4785 1529 4858 Ζοροὸἀόελ,
1590 4788 1684 4841 καὶ
1736 4789 1886 4852 ὅπως

314 4870 525 4944 ἔγραψε
557 4877 779 4944 Δαρεῖος
806 4878 903 4948 τὴν
933 4877 1244 4948 ἐλευθερίαν
1271 4880 1352 4943 είς
1382 4880 1479 4950 τὴν
1521 4880 1884 4951 Ἰερουσαλὴμ

313 4968 427 5028 τοῖς
470 4966 759 5033 Ἰουδαίοις.
782 4971 920 5041 Περὶ
947 4972 1054 5024 τῶν
1081 4972 1395 5027 ἀναϐάντων
1424 4969 1531 5026 ἀπὸ
1581 4973 1681 5043 τῆς
1722 4974 1881 5043 αἱχμ-
1912 4954 1957 5008 D

312 5057 576 5124 αλωσὶας.
614 5062 973 5134 Ἀντίγιραφον
1006 5064 1291 5135 ἐπιστολῆς
1316 5059 1381 5137 ἧς
1411 5064 1617 5135 ἔγραψε
1649 5066 1878 5135 Δαρείῳ,

2452 3616 3040 3677 PABALII’OMENON
3070 3618 3113 3673 Ι.

2059 3726 2255 3801 Reges.
2303 3728 2501 3784 Duces.
2556 3729 2708 3784 Saul.
2737 3728 2818 3784 De
2866 3727 3180 3783 Salomone.

2435 3835 3019 3895 PARALIPOMENON
3050 3836 3117 3891 II.

2057 3950 2326 4005 Amasias.
2344 3950 2525 4006 Ozias.
2547 3946 3342 4004 Acbaz.EzccliiasManasscs.
3370 3945 3558 4000 Amos.

1987 4039 2186 4097 Iosias.
2212 4039 2466 4097 Ioachaz.
2494 4038 2744 4097 Eliacim.
2776 4038 3092 4095 Ieclionias.
3124 4037 3406 4093 Sedccias.

2638 4222 2889 4280 ESDIUE
2921 4224 2963 4279 I.

2048 4336 2124 4392 De
2162 4344 2335 4392 morte
2361 4334 2548 4392 Iosize.
2586 4336 2660 4391 De
2684 4336 2890 4391 Achaz.
2920 4335 2997 4390 De
3012 4333 3261 4390 Sedecia.
3288 4333 3363 4390 De
3384 4333 3563 4389 edicto

1986 4427 2131 4500 Cyri.
2153 4427 2229 4483 De
2254 4442 2482 4482 numero
2507 4442 2760 4481 vasorum
2795 4442 2918 4497 quae
2947 4426 3130 4482 ablata
3184 4434 3342 4480 erant
3380 4425 3433 4480 in
3469 4441 3560 4481 ca-

1991 4519 2252 4589 ptivitate.
2292 4518 2366 4573 De
2411 4516 2837 4573 inscribentibus
2882 4516 3107 4572 Iudaeis.
3168 4517 3242 4572 De
3289 4516 3469 4581 Dario,
3507 4524 3562 4570 et

1990 4612 2055 4666 de
2091 4611 2264 4667 tribus
2309 4610 2602 4679 juvenibus
2658 4610 2996 4680 problemata
3045 4609 3426 4664 scribentibus.
3486 4608 3563 4663 De

1989 4700 2245 4771 petitione
2282 4699 2682 4761 Zorobabel,et
2740 4699 3016 4770 quomodo
3066 4699 3288 4768 scripsit
3350 4698 3551 4753 Darms

1991 4792 2296 4847 libertatem
2359 4790 2562 4847 Iudaeis
2598 4791 2651 4847 in
2710 4789 3037 4847 Ierusalem.
3103 4789 3180 4845 De
3220 4790 3488 4860 regressis
3530 4805 3561 4843 a

1992 4885 2323 4953 captivitate.
2354 4884 2644 4953 Exemplar
2675 4884 2915 4954 epistola:
2964 4898 3127 4954 quam
3151 4883 3372 4954 scripsit
3394 4882 3561 4937 Dario

1985 4985 2039 5030 et
2059 4977 2287 5031 misitad
2312 4992 2457 5052 eum.
2490 4976 2758 5044 Sisinnes,
2793 4988 2900 5034 etc.
2924 4975 3077 5044 Quod
3096 4976 3343 5032 decimus
3374 4986 3560 5031 sextus

1992 5066 2059 5118 ab
2089 5067 2233 5119 Aron
2263 5073 2381 5119 erat
2410 5066 2634 5120 Esdras.

318 5152 412 5202 καὶ
442 5153 780 5229 ἀπέστειλεν.
813 5156 1080 5226 Σισίννης,
1108 5175 1160 5209 κ.
1199 5175 1247 5211 τη.
1274 5156 1324 5211 λ.
1354 5158 1474 5210 Ὅτι
1502 5157 1562 5223 ἒξ
1588 5157 1681 5210 καὶ
1705 5157 1892 5210 δέκα.το

1993 5158 2071 5211 ,πὸ
2123 5154 2332 5227 ’Δαρὼν
2362 5158 2390 5210 ὁ
2423 5156 2679 5229 Ἔσδρας.
2713 5157 2871 5212 Liber
2904 5158 2988 5211 hic
3021 5157 3436 5212 numerali0uem
3464 5156 3560 5209 lia-

316 5242 396 5299 bet
435 5243 511 5317 ρθ⁹
544 5227 762 5316 στίχων,
799 5248 901 5304 I09
954 5251 1323 5304 uersiculorum
1360 5251 1547 5322 quibus
1584 5262 1812 5306 constat.

1767 5343 1978 5396 ΕΣΔΡΑ
2020 5342 2095 5397 B'.

458 5458 583 5528 (llic
612 5458 743 5515 liber
762 5460 912 5515 nulla
948 5462 1096 5517 habet
1146 5464 1375 5532 capitum
1434 5474 1766 5553 argumeu'ta,
1795 5478 2033 5546 uersuum
2073 5474 2266 5605 ιαηὲεἰη)
2310 5463 2742 5533 numerationem,
2778 5477 2839 5521 ut
2890 5468 3157 5537 superior,
3191 5464 3414 5524 exhibet.

1612 5551 1687 5586 πα
1734 5549 1949 5603 στίχων,
1984 5550 2116 5589 vers.
2225 5577 2247 5589 ,ν

1612 5549 1696 5586 πα
1734 5549 1949 5603 στίχων,
1984 5550 2116 5589 vers.
2152 5549 2247 5603 δι.
