4054 6560
524 403 664 468 1ὓ55

1221 412 1616 475 OPUSCULA
1654 411 2287 474 SCRIPTURISTICA
2333 411 2682 474 INCER’I‘IE
2720 411 3027 477 ETATIS.

3637 411 3783 481 ωδε

1172 718 1431 804 ΠΕΡΙ
1501 715 2058 802 ΤΕΣΣΑΡΩΝ
2130 715 2359 801 ΤΟΥ
2437 714 3141 807 ΠΑΡΛΔΕΙΣΟΥ

1856 904 2444 991 ΠΟΤΑΜΩΝ.

1016 1252 1158 1338 DE
1237 1251 1806 1357 QUA'I‘UOII
1886 1253 2631 1346 FLUMINIBUS
2702 1256 3297 1348 PARADISI.

1698 1466 1864 1528 (Auct.
1894 1477 2155 1529 anonymo.
2190 1466 2393 1515 Burman
2416 1466 2455 1527 ι,
2480 1466 2609 1529 466.)

603 1770 741 1826 Ister
802 1772 1024 1835 ﬂumen,
1077 1770 1282 1825 dictum
1360 1771 1563 1827 Phison
1635 1770 1775 1841 apud
1858 1770 2177 1833 divinamA

536 1864 870 1932 Scripturam
892 1903 907 1927 ,
931 1874 983 1917 et
1017 1879 1045 1916 e
1074 1861 1334 1918 Paradiso
1359 1864 1565 1929 exiens,
1599 1874 1658 1918 ut
1677 1874 1871 1918 rartera
1899 1862 2102 1932 Tigris,

533 1952 833 2020 Euphrates
883 1965 936 2007 et
967 1953 1112 2008 Geon
1158 1955 1399 2021 ﬂumina,
1440 1964 1494 2009 ct
1534 1964 1822 2024 penetrans
1856 1954 1908 2007 in
1953 1964 2111 2008 terrae

534 2043 787 2112 abyssos.
818 2053 869 2096 et
901 2042 952 2097 in
990 2044 1330 2098 occidentem
1356 2047 1605 2106 tendens,
1633 2044 1805 2098 currit
1841 2058 1905 2097 ex
1929 2042 2110 2111 Apen-

534 2130 661 2183 nino
693 2141 873 2185 monte
901 2133 992 2200 qui
1027 2150 1057 2188 a
1090 2136 1221 2188 mari
1256 2135 1443 2188 Sicqu
1496 2134 1753 2203 dirigitur
1816 2149 1991 2204 usque
2041 2132 2109 2186 ad

534 2221 832 2278 Germanos
864 2225 955 2294 qui
988 2237 1115 2279 sunt
1160 2227 1317 2294 juxta
1372 2225 1648 2281 Borealem
1717 2241 2018 2292 oceanum;
2058 2234 2112 2280 et

535 2312 661 2367 inde
693 2316 916 2368 vertitur
938 2317 1003 2370 ad
1029 2318 1321 2381 orientem,
1356 2327 1410 2371 et
1439 2316 1557 2371 ﬂuit
1587 2318 1641 2371 in
1680 2316 1912 2372 Pontum
1944 2318 2111 2371 Euxi-

540 2418 670 2456 num
736 2419 834 2474 per
892 2420 987 2458 ora
1020 2416 1275 2475 quatuor.
1328 2407 1475 2461 Istud
1537 2408 1734 2460 ﬂumen
1787 2407 1842 2460 in
1891 2407 2112 2462 Oriente

537 2504 761 2550 vocatur
798 2496 1007 2560 Galles;
1048 2508 1222 2553 mutat
1252 2509 1437 2553 autem
1478 2514 1674 2553 nomen
1710 2500 1763 2553 in
1796 2499 2109 2563 Occidente,

544 2586 681 2642 Ister
724 2590 1080 2658 appellatum,
1138 2600 1191 2645 et
1220 2606 1250 2645 a
1276 2591 1583 2647 Thracibus
1616 2591 1899 2647 Danubius
1945 2593 2109 2647 etiam

544 2689 818 2735 vocatum.
872 2679 936 2733 Et
993 2682 1296 2735 maximum
1376 2683 1598 2753 quidem
1646 2694 1728 2737 est
1781 2683 2103 2751 ﬂuminum;

540 2788 632 2840 per
652 2788 709 2826 se
738 2774 953 2840 quidem
1013 2773 1135 2827 Nilo
1167 2775 1366 2839 minus,
1412 2777 1504 2829 sed
1522 2776 1791 2845 recipiens
1827 2778 2113 2834 inﬂuentes

538 2860 605 2914 ad
639 2878 698 2915 se
734 2858 947 2926 ﬂuvios,
968 2861 1089 2915 Nilo
1121 2864 1297 2932 majus
1325 2865 1574 2922 eﬂicitur.
1607 2866 1799 2921 Decem
1829 2876 1881 2921 et
1906 2879 2111 2937 septem

540 2954 684 3007 ﬂuvii
726 2954 779 3008 in
810 2955 939 3008 illud
983 2955 1236 3009 inﬂuunt.
1272 2956 1413 3010 Sunt
1440 2969 1621 3013 autem
1653 2959 1738 3014 isti
1780 2978 1793 3014 :
1822 2959 1862 3013 Ε
1891 2960 2111 3030 Scythia

538 3048 819 3119 quinque.
874 3048 1098 3104 Paratas
1141 3050 1282 3104 idem
1348 3066 1413 3105 ac
1464 3050 1726 3123 Pyretus,
1780 3051 2110 3118 Tiarantns,

2278 1772 2401 1825 Ὀτι
2429 1773 2457 1825 ὀ
2490 1772 2701 1843 Ἴστρος
2729 1773 2758 1826 ό
2786 1773 3051 1843 ποταμὸς,
3072 1774 3365 1846 λεγόμενος
3408 1778 3587 1832 Φισῶν
3636 1782 3791 1852 παρά

2210 1864 2278 1933 τῇ
2318 1862 2437 1933 θείᾳ
2468 1863 2679 1934 Γραφῇ,
2713 1862 2807 1916 καὶ
2836 1863 2931 1917 τοῦ
2974 1866 3315 1935 Παραδείσου
3350 1867 3531 1933 ἐξιὼν,
3584 1870 3790 1942 ὥσπερ

2213 1954 2307 2007 καὶ
2349 1955 2399 2007 οἰ
2439 1954 2617 2008 λοιποὶ
2667 1954 2881 2027 Τίγρις,
2939 1957 3253 2029 Εὐφράτης,
3311 1962 3406 2013 καὶ
3461 1961 3637 2033 Γηὼν,
3689 1966 3793 2016 καὶ

2213 2044 2412 2110 ὑποδὺς
2444 2047 2572 2109 τοὺς
2613 2048 2817 2116 μυχοὺς
2839 2048 2936 2116 τῆς
2970 2050 3092 2119 γῆς,
3129 2051 3223 2103 καὶ
3251 2050 3329 2113 εἰς
3357 2051 3511 2105 δύσιν
3541 2054 3788 2125 ἀπερχό-

2216 2154 2398 2208 μενος,
2433 2138 2628 2191 ὲκδιδοῑ
2668 2137 2763 2191 τοῦ
2821 2139 3132 2193 Ἀπεννίνου
3170 2140 3329 2212 ὅρους
3375 2144 3470 2196 τού
3501 2143 3791 2215 διήκοντος

2211 2226 2320 2279 ἀπὸ
2363 2226 2463 2297 τῆς
2506 2226 2795 2294 Σικελικῆς
2850 2227 3129 2299 θαλάσσης
3175 2229 3280 2293 ἓως
3334 2230 3440 2284 τῶν
3488 2231 3790 2303 Γερμανῶν

2211 2315 2319 2368 τῶν
2364 2316 2502 2386 πῶς
2540 2315 2619 2385 τῷ
2652 2314 2888 2387 βορῤείῳ
2925 2315 3151 2387 ὠκεανῷ
3175 2335 3190 2350 ο
3243 2317 3497 2371 κάκεῖθεν
3553 2320 3793 2390 σύρεται

2214 2408 2351 2478 πρὸς
2384 2406 2668 2477 ἀνατολὴν,
2699 2410 2793 2461 καὶ
2827 2409 2942 2477 χέει
2975 2409 3055 2471 εἰς
3083 2408 3175 2461 τὸν
3204 2408 3455 2473 Εὔξεινον
3480 2410 3681 2465 Πόντον
3700 2412 3793 2465 διὰ

2217 2504 2256 2551 ε’
2288 2498 2589 2568 στομάτων.
2608 2491 2776 2562 Οὗτος
2813 2501 2870 2551 έν
2898 2502 2963 2571 τῇ
3006 2499 3264 2572 Ἀνατολῇ
3296 2502 3621 2572 ὀνομάζεται
3650 2503 3788 2558 Γάλ-

2214 2586 2348 2656 λης·
2400 2585 2656 2642 ἀλλάσσει
2704 2588 2760 2642 δὲ
2800 2589 2861 2640 τὸ
2906 2590 3078 2658 ὄνομα
3117 2592 3174 2642 ὲν
3220 2592 3285 2661 τῇ
3318 2589 3509 2658 Δύσει,
3570 2594 3789 2664 Ἴστρος

2214 2678 2703 2749 προσαγορευθεὶς,
2740 2680 2833 2733 καὶ
2881 2680 2985 2733 ὑπὸ
3015 2682 3249 2752 Θρᾳκῶν
3295 2685 3588 2750 Δανούϐιος
3626 2689 3796 2742 πάλιν

2212 2769 2569 2841 καλούμενος.
2607 2771 2718 2825 Καὶ
2756 2766 2907 2835 οὗτος
2942 2774 3039 2841 μὲν
3076 2775 3331 2844 μέγιστός
3363 2777 3477 2829 ἔστι
3504 2780 3794 2847 ποταμῶν,

2213 2863 2349 2917 ἀλλὰ
2394 2862 2519 2917 καθ’
2552 2862 2716 2918 αὐτὸν
2761 2864 2860 2935 μὲν
2897 2866 3073 2937 ἥττων
3112 2866 3207 2919 τοῦ
3256 2867 3473 2934 Νείλου,
3528 2871 3791 2942 ὑποδεχό-

2218 2972 2379 3026 μενος
2408 2956 2464 3010 δὲ
2507 2956 2636 3020 τοὺς
2678 2956 2987 3026 εἰσρέοντας
3020 2959 3076 3011 ἐν
3117 2959 3299 3030 αὐτῷ,
3333 2962 3425 3013 καὶ
3466 2961 3560 3016 τού
3590 2963 3789 3019 Νείλου

2218 3045 2420 3116 μείζων
2471 3046 2701 3114 γίνεται.
2755 3046 2823 3112 Ιζ⁶
2866 3049 2973 3119 γάρ
3022 3050 3259 3120 ποταμοὶ
3317 3052 3697 3109 εἰσϐάλλουσιν
3731 3057 3792 3111 έν

538 3142 767 3205 Arat-us,
819 3140 1388 3211 Naparis,0rdessus.
1437 3142 1511 3196 Ex
1563 3144 1879 3214 Agathyrsis
1933 3152 2111 3198 autem

2219 3136 2387 3205 αὐτῷ.
2453 3137 2572 3190 Εἰσὶ
2602 3138 2658 3191 δὲ
2701 3134 2884 3193 οὗτοι·
2915 3140 2980 3193 ἐκ
3013 3141 3112 3212 μὲν
3150 3142 3383 3208 Σκυθίας
3412 3150 3472 3209 ε’,
3508 3147 3788 3219 Παράτας,

540 3231 702 3286 Maris
892 3243 1021 3298 tres,
1054 3234 1438 3299 Atlas,Auras,
1466 3234 1706 3290 Titnisis.
1742 3234 1780 3287 Ε
1811 3234 2116 3290 Thracibus

537 3322 803 3393 Crobyzis
837 3331 953 3378 tres
974 3362 990 3387 ,
1024 3325 1187 3387 Atax,
1211 3322 1374 3388 Noes,
1400 3334 1453 3379 et
1481 3325 1730 3381 Artanes.
1764 3327 1802 3378 Ε
1832 3324 2042 3382 Pa-auis
2063 3336 2117 3381 et

540 3424 720 3469 monte
742 3415 1001 3485 Ithodope
1012 3415 1181 3470 Chius
1204 3415 1398 3471 ﬂuvius
1418 3417 1628 3472 medius
1644 3416 2112 3473 dividiturllaamo.

540 3505 616 3559 Ex
659 3505 855 3577 Illyriis
901 3508 1180 3568 montibus
1208 3508 1274 3562 ad
1304 3508 1521 3563 boream
1554 3520 1773 3564 ventum
1807 3525 2034 3578 vergens
2058 3511 2111 3564 in

540 3598 890 3653 Triballieum
954 3615 1167 3669 agrum,
1227 3602 1444 3671 Augrus
1520 3601 1693 3657 ﬂuens
1724 3603 1777 3656 in
1810 3600 2109 3671 Brongum,

543 3691 789 3760 Brungus
827 3703 1009 3747 autem
1047 3694 1099 3747 in
1131 3692 1350 3748 Istrum.
1387 3693 1428 3746 Ε
1458 3696 1679 3763 regione
1720 3695 2107 3749 Ombricorum

539 3782 724 3851 Calpis
751 3794 801 3838 et
826 3784 1263 3854 Alpis.lnﬂuunt
1296 3795 1479 3839 autem
1512 3786 1675 3839 etiam
1706 3784 1796 3839 alii
1821 3785 1874 3839 in
1909 3785 2111 3853 ipsum.

539 3890 570 3927 e
597 3874 794 3944 qu‘bus
822 3875 879 3928 ﬂt
907 3876 1151 3938 omnium
1178 3875 1465 3930 ﬂuminum
1505 3876 1827 3930 maximum.
1876 3874 2112 3944 Equale

542 3978 719 4020 autent
746 3966 847 4022 sibi
872 3966 990 4022 ﬂuit
1031 3969 1083 4022 in
1107 3978 1295 4025 aestate
1317 3980 1370 4023 et
1394 3968 1590 4034 hieme,
1623 3967 1751 4038 quia
1776 3984 1969 4038 parum
1995 3968 2111 4038 ipsa

544 4070 684 4115 terra
704 4061 987 4133 irrigatur;
1008 4062 1223 4117 nivibus
1244 4072 1422 4118 autem
1443 4070 1613 4117 totum
1635 4063 1820 4117 alitur.
1850 4060 1905 4117 In
1925 4071 2114 4117 aestate

543 4168 669 4207 vero
714 4170 835 4223 quae
870 4154 923 4208 in
960 4154 1139 4209 hieme
1167 4155 1366 4209 cecidit
1413 4155 1505 4209 nix
1549 4155 1835 4211 abundans
1888 4155 2113 4210 omnino

542 4244 854 4315 liquefacta,
914 4246 965 4299 in
990 4246 1186 4300 Istrum
1216 4246 1423 4303 deﬂuit.
1444 4246 1719 4313 Quantum
1748 4257 1929 4301 autem
1956 4263 2113 4317 aqua:

540 4339 624 4393 sol
655 4340 890 4394 extrahit
923 4341 976 4394 in
1019 4350 1206 4394 aestate
1236 4342 1314 4394 vel
1339 4342 1392 4394 in
1420 4341 1617 4405 hieme,
1643 4350 1853 4394 tantum
1887 4340 2109 4393 ﬂumina

2218 3229 2246 3281 ὁ
2274 3228 2365 3280 καὶ
2402 3229 2664 3301 Πυρετὺς,
2695 3231 3016 3298 Τιάραντος,
3055 3233 3314 3305 Ἄραρος,
3350 3234 3624 3306 Νάπαρις,
3664 3238 3788 3310 ’ορ-

2215 3321 2409 3387 δησσός
2434 3338 2448 3352 ’
2476 3324 2539 3375 ὲκ
2557 3322 2613 3376 δὲ
2648 3323 2999 3395 Ἀγαθύρσων
3028 3326 3328 3396 Μάρις.....
3360 3331 3529 3399 τρεῖς,
3563 3330 3787 3396 Ἄτλας,

2215 3412 2420 3484 Δύρας,
2456 3415 2677 3485 Τίμισις
2700 3432 2713 3445 ·
2747 3419 2810 3470 ὲκ
2840 3417 2896 3470 δὲ
2927 3418 3037 3471 τῶν
3067 3418 3299 3490 Θρᾳκῶν
3332 3420 3439 3474 τῶν
3466 3420 3787 3492 Κρωϐύζων

2214 3508 2384 3574 τρ;”ίς.
2442 3504 2635 3570 ’Δταξ,
2668 3506 2835 3574 Νόης,
2877 3508 2972 3560 καὶ
3032 3508 3333 3581 ’Δρτάνηςο
3364 3512 3428 3564 ἐκ
3455 3510 3511 3563 δὲ
3544 3511 3789 3565 Παιόνων

2215 3599 2308 3652 καὶ
2343 3598 2504 3667 ὅρους
2565 3598 2826 3671 Ῥοδόπης
2874 3600 3005 3664 Κίος
3054 3602 3298 3673 ποταμὸς
3340 3604 3506 3673 μέσος
3542 3603 3785 3674 σχίζεται

2213 3690 2306 3744 τὸν
2337 3688 2509 3763 Αἷμον
2530 3709 2545 3724 ⁸
2588 3697 2652 3749 ἐκ
2677 3696 2733 3750 δὲ
2789 3697 3065 3768 Ἰλλυριῶν
3110 3695 3255 3768 ὀρῶν
3278 3699 3369 3752 τὸν
3408 3698 3546 3771 πρὸς
3578 3698 3783 3770 βορρᾶν

2214 3782 2413 3853 ἄνεμον
2444 3784 2653 3859 βάλλων
2685 3790 2764 3851 εἰς
2811 3789 2870 3841 τδ
2901 3788 3262 3860 Τριϐαλλικὸν
3296 3791 3499 3854 πεδίον,
3547 3794 3785 3862 Ἄγγρος

2216 3876 2421 3945 ἐκχέων
2442 3877 2522 3940 εἰς
2548 3880 2637 3931 τὸν
2659 3880 2924 3951 Βρόγγον,
2945 3883 2972 3936 ὁ
2991 3881 3047 3935 δὲ
3068 3880 3311 3952 Βρόγγος
3330 3884 3409 3947 είς
3434 3883 3529 3939 τὸν
3552 3885 3783 3955 Ἵστρον

2215 3967 2281 4020 ὲκ
2307 3966 2363 4021 δὲ
2400 3966 2500 4039 τῆς
2534 3967 2716 4041 χώρας
2762 3972 2869 4025 τῶν
2908 3972 3217 4044 Ὀμϐρικῶν
3270 3974 3483 4038 Κάλπις
3515 3974 3611 4028 καὶ
3660 3972 3788 4026 Ἀλ-

2216 4076 2327 4123 πις.
2375 4060 2729 4115 Είσϐάλλουσι
2796 4063 2851 4116 δὲ
2897 4064 2991 4117 καὶ
3039 4064 3216 4133 ἕτεροι
3268 4066 3348 4129 εἰς
3390 4066 3575 4133 αὐτὸν,
3617 4067 3674 4132 ἐξ
3710 4058 3789 4119 ὧν

2213 4151 2422 4220 γίνεται
2458 4153 2675 4208 πάντων
2707 4154 2966 4226 ποταμῶν
2998 4157 3273 4226 μέγιστος.
3315 4158 3456 4222 Ἰσος
3485 4158 3541 4211 δὲ
3574 4161 3661 4229 ῥεῖ
3685 4158 3785 4211 αύ-

2213 4244 2305 4306 τδς
2334 4245 2512 4316 ἑαυτῷ
2537 4247 2595 4299 ἐν
2627 4246 2775 4317 θέρει
2808 4249 2902 4301 καὶ
2929 4248 3180 4318 χειμῶνι,
3211 4250 3294 4303 ὅτι
3326 4250 3506 4319 ὀλίγον
3536 4251 3786 4322 βρέχεται

2214 4336 2352 4406 αὕτη
2389 4340 2423 4408 ἡ
2450 4338 2555 4408 γῆο
2607 4338 2806 4408 νιφετῷ
2833 4340 2890 4393 δὲ
2932 4340 3109 4394 πάντα
3149 4342 3369 4411 χρᾶται.
3415 4344 3502 4396 Ἐν
3548 4342 3697 4414 θέρει
3728 4341 3787 4395 δὲ

541 4449 662 4502 qua:
688 4434 739 4488 in
774 4434 972 4488 Istrum
1025 4434 1307 4488 conﬂuunt
1347 4444 1627 4503 prsustant,
1691 4433 1865 4486 multo
1902 4432 2108 4498 majora

2215 4426 2250 4494 ἡ
2278 4427 2337 4477 ὲν
2361 4425 2438 4495 τῷ
2464 4428 2692 4496 χειμῶνι
2721 4428 2962 4482 πεσοῦσα
2990 4428 3123 4499 χιὼν
3154 4430 3322 4502 πολλὴ
3343 4432 3623 4502 τηκομένη
3650 4432 3786 4484 πάν-

541 4528 594 4581 in
622 4536 807 4582 testate
839 4542 1002 4595 quam
1039 4527 1090 4578 iu
1124 4526 1321 4578 hieme.
1351 4524 1673 4579 Substitntis
1701 4523 1772 4576 ita
1814 4521 1899 4574 his
1928 4522 2108 4590 aquis,

540 4620 596 4672 ﬂt
624 4618 1022 4688 compensatio,
1058 4618 1131 4670 ita
1156 4624 1213 4669 ut
1248 4632 1465 4685 semper
1494 4614 1625 4669 illud
1657 4613 1729 4668 sit
1750 4613 1852 4668 sibi
1878 4613 2107 4682 azquale.

540 4710 676 4767 Ister
733 4712 1011 4781 proprium
1060 4722 1258 4762 nomen
1306 4716 1487 4761 servat
1535 4720 1708 4774 usque
1743 4704 1810 4757 ad
1847 4702 2109 4760 Sirmium

540 4805 823 4871 antiquam
877 4800 1247 4854 Romanorum
1316 4796 1650 4852 fortunatam
1713 4794 1926 4859 urbem,
1982 4797 2109 4851 ulti-

540 4910 631 4947 mo
681 4902 863 4947 autem
916 4892 1020 4947 sub
1056 4888 1321 4959 Gepidum
1373 4888 1673 4956 regionem,
1718 4886 1922 4941 amittit
1961 4888 2106 4958 apud

539 4985 824 5053 indigenas
867 4983 1016 5052 prius
1044 4996 1264 5045 nomen,
1316 4978 1707 5049 Danubiusque
1751 4988 1997 5035 vocatur.
2035 4979 2109 5036 lla

540 5094 668 5132 vero
692 5077 793 5146 ipsi
819 5075 1058 5130 Thraces
1089 5082 1440 5135 vocaverunt,
1461 5072 1587 5141 quia
1609 5072 1662 5125 in
1690 5070 1968 5126 montibus
1987 5086 2107 5126 ver-

541 5185 636 5223 sus
667 5175 878 5221 arctum
906 5176 960 5219 et
980 5164 1271 5219 Thraciam
1303 5164 1601 5217 nebulosus
1631 5179 1726 5217 aer
1741 5172 1958 5233 propter
1975 5165 2109 5218 sub-

534 5260 801 5329 jaeentem
829 5258 1070 5312 humoris
1090 5256 1502 5320 abundantiam,
1520 5255 1626 5311 illis
1646 5271 1811 5311 causa
1837 5266 2109 5327 perpetua

537 5352 733 5421 pluvia:
764 5349 996 5403 videtur.
1045 5346 1351 5402 Danubium
1379 5357 1560 5403 autem
1595 5349 1751 5418 quasi
1783 5349 2106 5404 nebulosam

538 5442 805 5497 cervicem
837 5440 925 5495 isti
962 5440 1135 5510 patria
1171 5440 1354 5511 lingua
1379 5450 1596 5495 vocant.
1638 5440 1763 5496 Inde
1804 5441 2112 5497 immutavit

539 5534 836 5591 Istersuam
853 5533 1292 5604 appellationem,
1327 5532 1713 5605 Danubiusque
1740 5545 1971 5590 vocatus
1998 5542 2104 5590 est.

540 5621 765 5677 Minime
800 5632 982 5678 autem
1017 5624 1217 5678 mirum
1244 5634 1329 5679 est
1376 5624 1420 5678 si
1456 5622 1590 5679 Ister
1616 5639 1648 5680 e
1679 5622 1939 5679 Paradiso
1971 5624 2109 5678 dila-

542 5712 697 5778 bens,
729 5720 784 5767 et
811 5713 953 5784 apud
988 5714 1324 5786 Scripturam
1363 5715 1562 5772 Phison
1594 5726 1838 5783 vocatus,
1868 5732 1932 5770 ex
1954 5714 2106 5769 occi-

541 5804 741 5864 dentali
758 5818 959 5878 monte,
996 5810 1341 5883 Apenniuum
1357 5808 1753 5879 dico,videatur
1771 5808 2102 5866 retroﬂuere.

2213 4515 2385 4582 τοθεν,
2429 4519 2701 4573 εἰσϐάλλει
2729 4520 2808 4592 τῷ
2850 4523 3069 4593 Ἴστρῳ.
3108 4523 3271 4577 Ὅσον
3323 4523 3379 4577 δὲ
3409 4523 3556 4595 ὕδωρ
3586 4525 3614 4576 6
3637 4523 3786 4593 ἥλιος

2212 4608 2497 4677 ἐφέλκεται
2527 4612 2585 4665 έν
2612 4612 2690 4682 τῷ
2720 4612 2887 4683 θέρει,
2911 4613 2944 4684 ἢ
2972 4614 3028 4667 ὲν
3051 4613 3129 4684 τῷ
3150 4613 3400 4685 χειμῶνι,
3431 4614 3685 4668 τοσοῦτον
3716 4614 3790 4667 τὰ

2214 4686 2600 4774 σῦμμιγόμενα
2639 4704 2717 4775 τῷ
2750 4707 2947 4778 Ἴστρῳ
2992 4707 3371 4761 πολλαπλάσια
3402 4708 3521 4760 ἑστι
3550 4707 3644 4760 τοῦ
3691 4707 3784 4761 θέα

2216 4810 2343 4863 ρους
2409 4795 2441 4863 ἢ
2475 4796 2567 4849 τοῦ
2601 4796 2904 4867 χειμῶνοςο
2956 4798 3340 4869 ἀντιτιθέμενα
3367 4798 3425 4852 δὲ
3458 4798 3658 4864 ταῦτα,
3688 4798 3787 4851 ἀν-

2211 4888 2505 4957 τισήκωσις
2550 4889 2781 4959 γίνεται,
2811 4891 2893 4954 ὼς
2956 4890 3044 4944 ἀεὶ
3072 4890 3187 4944 ίσον
3215 4890 3375 4944 αὐτὸν
3402 4885 3546 4944 εἷναι
3586 4889 3786 4959 ἑαυτῷ.

2211 4975 2379 5041 Οὗτος
2400 4980 2432 5033 ό
2464 4979 2673 5052 Ἴστρος
2695 4982 2793 5051 τὴν
2828 4982 2963 5034 ἰδίαν
2991 4981 3364 5052 προσηγορίαν
3392 4980 3657 5048 φυλάσσει
3678 4980 3789 5044 ἓως

2213 5069 2439 5139 Σιρμίου
2484 5070 2581 5140 τῆς
2636 5070 2801 5124 πάλαι
2844 5070 3128 5141 Ῥωμαίων
3196 5070 3515 5141 εὐδαίμονος
3554 5069 3784 5132 πόλεως.

2210 5160 2438 5230 ἔσχατον
2484 5161 2541 5214 δὲ
2592 5161 2698 5215 ὑπὸ
2749 5163 2789 5215 Γ
2792 5162 3007 5233 ηπέδων
3067 5163 3430 5232 οἰκουμένης,
3486 5160 3795 5215 ἀποϐάλλει

2214 5252 2396 5323 μέντοι
2443 5254 2594 5323 παρὰ
2630 5256 2741 5316 τοῖς
2784 5254 3100 5325 ἐπιχωρίοις
3130 5256 3190 5308 τὸ
3223 5251 3535 5323 ἔμπροσθεν
3582 5252 3787 5319 ὄνομα,

2211 5345 2499 5409 Δανούϐιος
2552 5346 2931 5417 μετακληθείς.
2983 5345 3138 5400 Οὕτω
3180 5346 3235 5399 δὲ
3279 5344 3441 5398 αὑτὸν
3483 5345 3534 5397 οἰ
3568 5344 3790 5415 Θρᾷκες

2211 5438 2496 5504 ἐκάλεσαν,
2535 5438 2670 5491 διότι
2696 5439 2777 5501 εἰς
2826 5439 2895 5491 τὰ
2938 5438 3075 5507 πρὸς
3127 5438 3361 5508 ’Δρκτον
3394 5436 3492 5491 καὶ
3535 5436 3797 5507 Θρᾳκίαν

2211 5528 2315 5599 ὅρη
2350 5529 2614 5601 συννεφὴς
2641 5530 2670 5582 ὀ
2701 5529 2810 5600 ἀὴρ
2845 5530 2909 5583 ὲκ
2935 5531 3033 5601 τῆς
3060 5529 3430 5598 ὑποκειμένης
3461 5527 3572 5581 τῶν
3597 5528 3797 5597 ὑγρῶν

2212 5621 2499 5692 ἀμετρίας,
2528 5621 2698 5683 αίτιος
2726 5621 2908 5683 αὐτοῖς
2938 5618 3194 5690 συνεχοῦς
3230 5618 3539 5690 ἐπομϐρίας
3564 5619 3797 5687 νομίζε-

2210 5730 2321 5767 ται.
2381 5711 2668 5766 Δανούϐιον
2715 5712 2771 5765 δὲ
2811 5711 2902 5765 τὸν
2953 5711 3309 5781 νεφελοφόρον
3337 5712 3535 5764 ἐκεῖνοι
3558 5709 3800 5763 καλοῦσι

2216 5806 2480 5878 πατρίως.
2564 5804 2841 5860 Ἐντεῦθεν
2895 5803 3295 5876 μεταϐέϐληκεν
3338 5800 3367 5855 ὁ
3416 5802 3635 5875 Ἴστρος
3689 5802 3803 5867 τὴν
