4060 6568
306 423 449 490 ιῡδτ

1353 427 1451 488 DE
1483 429 1560 491 ιν
1613 383 2096 491 FLUMINIBiJs
2149 429 2531 492 PARADISI.

3413 430 3550 497 1058

303 539 500 594 ἑαυτοῦ
528 538 849 612 ὀνομασίαν,
879 541 1171 606 Δανούϐιος
1211 542 1594 614 μετακληθείς.
1631 546 1797 600 Οὐδὲν
1817 546 1874 600 δὲ

1983 545 2190 600 Etenim
2217 555 2272 601 ct
2302 544 2458 601 Nilus
2471 546 2653 602 dictus
2674 547 2846 612 Geon,
2869 561 2897 603 ε
2919 546 3178 603 Paradiso
3200 545 3391 602 eodem
3418 562 3545 616 pro-

305 629 616 704 θαυμαστὸν
642 632 672 684 6
709 634 924 705 Ἴστρος
975 632 1360 705 ὲξορμὼμενος
1388 635 1480 689 τοῦ
1524 636 1872 708 παραδείσου,

303 726 398 778 καὶ
442 725 594 796 παρά
635 727 700 796 τῇ
741 725 931 797 Γραφῇ
984 725 1276 796 λεγόμενος
1327 728 1525 792 Φισὼν,
1558 730 1622 781 ὲκ
1649 729 1744 782 τοῦ
1775 729 1876 800 τῆς

303 815 510 878 δύσεως
563 816 744 886 ὅρους,
796 817 942 886 λέγω
986 817 1051 888 δὴ
1097 817 1193 870 τοῦ
1255 819 1568 872 Ἀπεννίνου
1621 821 1876 889 φαίνεται

303 905 609 975 ἀναρῤέων.
644 907 752 959 Καὶ
795 907 904 975 γάρ
943 907 1037 960 καὶ
1061 910 1090 961 6
1117 907 1307 972 Νεῖλος
1335 910 1363 962 6
1397 909 1693 980 λεγόμενος
1719 910 1876 980 Γηὼν

305 997 371 1048 ὲκ
398 994 492 1049 τοῦ
528 996 693 1050 αὐτοῦ
758 999 1088 1070 παραδείσου
1131 1000 1357 1071 προῖὼν,
1406 1001 1535 1072 μίαν
1573 1003 1671 1072 μὲν
1697 1002 1878 1072 πηγὴν

306 1088 419 1157 ἔχει
445 1087 525 1152 είς
555 1087 787 1160 Διϐύην,
837 1091 1030 1163 ἐτέρας
1078 1092 1144 1145 δὲ
1187 1092 1280 1146 δύο
1317 1094 1396 1156 είς
1423 1094 1522 1164 τὴν
1554 1093 1666 1147 ἀνω
1695 1093 1877 1147 Λίϐιο-

306 1180 440 1235 πίαν
485 1184 627 1236 κατά
676 1183 881 1246 Νότον,
934 1176 1008 1235 ῶν
1064 1183 1412 1253 μισγομένων
1465 1184 1786 1256 πλημμυρεῖ
1816 1184 1877 1237 τδ

309 1272 453 1343 ὕδωρ
486 1272 675 1337 αὐτοῦ,
721 1273 814 1325 καὶ
861 1272 1072 1337 ποτίζει
1111 1275 1209 1343 τὴν
1248 1275 1524 1342 Αιγυπτον
1563 1275 1875 1344 Αὐγούστου

311 1361 502 1433 μηνός.
551 1361 662 1414 Καὶ
695 1363 808 1424 τοῖς
842 1361 940 1430 μὲν
970 1361 1190 1426 πολλοῖς
1220 1363 1370 1416 δοκεῖ
1412 1365 1647 1434 ἀπορίας
1677 1364 1878 1429 πολλάς

307 1451 536 1516 τίκτειν,
564 1451 682 1515 πῶς
716 1453 774 1504 ὲν
799 1452 979 1523 καιρῷ
1024 1452 1304 1524 αὐχμώδει
1345 1454 1681 1526 πλημμυρεῖ,
1718 1455 1879 1528 ἡνίκα

308 1542 574 1614 λιψυδρία
605 1543 840 1614 ὑπάρχει
868 1543 946 1614 τῷ
974 1545 1158 1599 παντί.
1188 1544 1314 1609 Τοῖς
1344 1546 1402 1600 δὲ
1424 1549 1492 1600 τὰ
1518 1549 1616 1618 τῆς
1655 1549 1879 1620 Γραφῆς

307 1633 571 1688 ἀσκοῦσιν
632 1635 890 1706 οὐδεμίαν
936 1636 1109 1690 τίκτει
1164 1639 1518 1708 ἀμφιϐολίαν.
1569 1641 1736 1694 Ὀοεν
1785 1644 1880 1696 καὶ

309 1727 464 1798 παρά
500 1729 614 1792 τοῖς
649 1727 1043 1797 ιεροτελεσταῖς
1085 1729 1194 1782 τῶν
1239 1731 1574 1798 Αἰγυπτίων,
1610 1733 1685 1795 ὡς
1727 1734 1881 1804 ἐρευ-

307 1821 441 1874 νῶσι
477 1821 546 1874 τὰ
579 1820 818 1892 κρύφια,
885 1821 1227 1886 Ἀστάσπους
1276 1823 1624 1894 ὀνομάζεται,
1655 1825 1683 1878 δ
1706 1827 1880 1898 ἑρμη-

1975 640 2153 704 diens,
2185 655 2350 692 unum
2391 639 2608 708 quidem
2643 638 2847 694 fontem
2882 639 3041 694 habet
3067 639 3122 693 in
3174 638 3362 708 Libya,
3410 639 3546 691 alios

1977 740 2156 786 autem
2188 731 2328 784 duos
2379 730 2432 783 in
2464 732 2749 800 superiore
2782 731 3063 801 EthiOpia
3097 747 3292 786 versus
3322 730 3544 793 Notum,

1975 824 2174 893 quibus
2197 822 2451 877 imtnistis
2469 824 2799 895 crescitejus
2820 840 2981 895 aqua,
3006 833 3061 878 et
3095 825 3233 894 rigat
3251 823 3544 894 Egyptum

1977 931 2162 970 mense
2189 915 2455 986 Angusto.
2489 915 2672 972 Multis
2693 918 2912 988 quidem
2946 917 3156 971 videtur
3181 917 3350 970 multa
3383 917 3544 969 dubia

1977 1020 2191 1073 parere,
2219 1004 2364 1074 quod
2400 1007 2452 1061 in
2484 1017 2730 1077 tempore
2769 1008 3036 1064 siccitatis
3069 1017 3302 1070 crescat,
3327 1009 3546 1076 quando

1975 1095 2173 1151 ardens
2199 1097 2346 1151 calor
2369 1099 2550 1152 omnia
2580 1107 2830 1169 occupat.
2850 1098 2946 1154 llis
2981 1109 3160 1153 autem
3187 1100 3280 1169 qui
3309 1101 3548 1168 scriptu-

1977 1203 2094 1241 ram
2128 1187 2327 1242 callent
2376 1189 2581 1244 nullam
2607 1191 2749 1244 istud
2785 1191 2925 1260 parit
2969 1191 3383 1245 htesitationem.
3421 1189 3548 1244 Inde

1976 1276 2138 1330 ctiam
2169 1279 2312 1347 apud
2355 1293 2542 1333 sacras
2585 1277 2962 1349 Egyptiorum
3000 1278 3296 1340 doctrinas,
3337 1287 3396 1330 ut
3455 1293 3546 1330 ar-

1978 1384 2114 1423 cana
2138 1370 2442 1438 inquirunt,
2466 1371 3082 1439 Astaspusnominalur,
3101 1369 3246 1438 quod
3280 1369 3546 1437 interpre-

1980 1473 2163 1520 tantur
2193 1463 2432 1535 Egyptii
2463 1477 2660 1534 aquam
2691 1480 2722 1517 e
2758 1463 3013 1526 tenebris,
3044 1464 3115 1516 ub
3152 1461 3546 1516 obscuritatem

1977 1555 2098 1625 ejus
2127 1570 2156 1608 e
2191 1563 2331 1608 terra
2360 1552 2700 1607 emersionis.
2729 1549 2832 1618 Qui
2867 1552 3010 1605 enim
3046 1551 3172 1604 talia
3205 1551 3271 1603 de
3287 1549 3407 1602 Nilo
3437 1564 3544 1602 non

1979 1647 2277 1702 sentientes
2313 1646 2363 1700 in
2389 1645 2536 1700 mille
2557 1644 2722 1700 dubia
2746 1645 2968 1704 cadunt,
2984 1651 3204 1695 manent
3223 1648 3489 1710 perpetuo
3515 1657 3543 1692 ιι

1979 1737 2206 1793 veritate
2230 1747 2499 1792 errantes.
2527 1737 2593 1791 Et
2621 1735 2842 1808 quidem
2864 1734 2931 1788 de
2950 1732 3171 1802 Trigide
3194 1741 3248 1786 et
3269 1731 3549 1801 Euphrate

1981 1830 2122 1884 idem
2150 1844 2367 1899 quoque
2387 1830 2637 1884 sentitur.
2669 1828 2707 1881 Ε
2737 1826 2998 1882 Paradiso
3017 1824 3160 1879 enini
3187 1835 3413 1892 uterque
3441 1820 3552 1876 ori-

309 1911 526 1965 νεύεται
574 1912 700 1966 κατ’
727 1913 1061 1980 Αίγυπτίους
1092 1914 1156 1966 ὲκ
1204 1914 1429 1977 σκότους
1478 1913 1652 1986 ὕδωρ,
1696 1916 1785 1969 διὰ
1818 1917 1878 1969 τὸ

1985 1919 2162 1988 ginem
2185 1918 2411 1981 ducens,
2437 1932 2637 1972 terram
2679 1917 3130 1985 subpenetrantes
3158 1921 3419 1984 apparent
3441 1913 3551 1966 cir-

309 2002 504 2071 ἀδηλον
552 2004 653 2074 τῆς
683 2004 986 2069 ἀναδόσεως
1038 2004 1204 2058 αὐτοῦ
1255 2005 1362 2059 ἀπὸ
1391 2007 1489 2077 τῆς
1521 2007 1646 2077 γῆς.
1677 2008 1738 2060 ΟΞ
1771 2007 1878 2078 γὰρ

1983 2027 2043 2065 ca
2063 2009 2682 2075 Taurnmmontetn;et
2719 2009 3020 2076 Euphrates
3066 2007 3286 2076 quidem
3342 2003 3551 2074 perspi-

313 2096 389 2165 μὴ
417 2095 587 2149 ταῦτα
634 2097 764 2168 περὶ
809 2095 973 2150 αὐτοῦ
1020 2095 1334 2164 δοξάζοντες
1361 2099 1440 2161 εἰς
1471 2099 1673 2169 μυρίας
1718 2100 1880 2151 ἐκπί-

311 2205 537 2252 πτοντες
567 2189 821 2261 ἀπορίας,
869 2189 1121 2259 μένουσιν
1153 2190 1258 2254 ἕως
1292 2189 1476 2252 τέλους
1503 2191 1600 2260 τῆς
1624 2190 1880 2262 ἀληθείας

310 2276 780 2350 ἀποπλανώμενοι.
817 2280 924 2334 Καὶ
961 2278 1145 2348 μέντοι
1177 2280 1271 2332 καὶ
1321 2281 1450 2350 περὶ
1500 2279 1751 2350 Τίγριδος
1786 2280 1881 2332 καὶ

312 2373 598 2445 Εὐφράτου
641 2373 703 2426 τὸ
733 2373 863 2428 αὐτὸ
901 2373 1206 2438 δοξάζεται.
1263 2373 1359 2426 Ἐκ
1397 2372 1491 2425 τοῦ
1553 2373 1880 2443 παραδείσου

317 2466 426 2538 γάρ
481 2466 732 2538 ἑκάτεροι
789 2466 889 2539 τὴν
923 2467 1134 2534 γένεσιν
1164 2467 1406 2537 ἔχοντες,
1454 2465 1741 2528 ὑποδύντες
1783 2466 1883 2537 τὴν

311 2557 417 2628 γῆν
449 2557 836 2626 ἀναφαίνονται
887 2557 1030 2610 κατά
1064 2556 1156 2609 τὸν
1197 2557 1410 2628 Ταῦρον
1468 2559 1530 2609 τὸ
1558 2557 1701 2628 ὅρος,
1735 2556 1829 2609 καὶ
1855 2557 1883 2609 6

321 2651 422 2721 μὲν
467 2649 760 2720 Εὐφράτης
804 2649 969 2721 δήλην
993 2648 1104 2720 ἔχει
1147 2648 1246 2721 τὴν
1273 2650 1527 2704 ἀνάλυσιν
1553 2664 1567 2680 ο
1598 2647 1801 2703 κατιὼν
1825 2647 1882 2701 δὲ

312 2743 380 2794 ἐκ
411 2742 519 2794 τῶν
557 2741 786 2811 βορείων
836 2741 1022 2812 μερῶν
1075 2741 1214 2813 πρὸς
1250 2742 1318 2796 τά
1371 2741 1522 2795 νότια
1570 2741 1883 2809 πλησιάζων

315 2835 393 2906 τῷ
419 2835 671 2907 Περσικῷ
716 2834 902 2905 κόλπῳ
948 2835 1044 2906 ’ἐλη
1074 2835 1295 2906 ἐμποιεῖ
1322 2836 1416 2888 καὶ
1444 2835 1739 2904 καλαμὼδη
1768 2833 1886 2886 τέλο

318 2944 488 2996 ματα,
520 2925 768 2996 καὶπερὶ
811 2925 949 2979 αὐτά
984 2927 1082 2996 μὲν
1133 2925 1466 2995 εἱλούμενος,
1513 2925 1722 2995 ἀδήλως
1746 2924 1886 2992 ἀφαο

317 3017 542 3082 νίζεται.
561 3017 618 3070 '0
649 3018 828 3086 μέντοι
851 3017 1042 3087 Τίγρις
1071 3017 1178 3070 ἀπό
1198 3033 1339 3079 τινος
1366 3015 1559 3086 λίμνης
1587 3014 1886 3085 λεγομένης

317 3108 605 3172 Θωνίτιδος
631 3107 844 3178 ἀδήλως
873 3107 1056 3174 ἐξιὼν,
1085 3107 1181 3161 καὶ
1213 3108 1374 3171 αὐτὸς
1411 3109 1621 3178 οἴχεται
1650 3107 1788 3177 πρὸς
1817 3106 1886 3160 τὰ

317 3202 468 3257 νότια
521 3201 684 3272 μέρη,
720 3201 815 3256 καὶ
838 3200 1142 3255 διακόπτων
1165 3199 1259 3254 τὸν
1289 3199 1503 3271 Ταῦρον
1530 3199 1588 3253 τὸ
1611 3200 1735 3270 ὅρος
1757 3217 1822 3252 πε
1832 3201 1884 3270 ρὶ

317 3292 655 3355 Μασασάτας
691 3290 905 3344 ἑνοῦται
928 3290 1006 3361 τῷ
1037 3290 1321 3361 Εὐφράτῃ,
1351 3291 1445 3342 καὶ
1464 3289 1754 3358 διασχίζων
1785 3289 1884 3359 τὴν

321 3385 635 3448 Βαϐυλῶνα,
667 3383 761 3436 καὶ
782 3382 983 3436 κατιὼν
1011 3382 1238 3453 πλησίον
1255 3381 1574 3452 Τερηδόνος,
1610 3380 1882 3434 εἰσϐάλλει

319 3479 399 3539 είς
432 3477 522 3530 τὸν
567 3476 834 3546 Περσικὸν
869 3475 1088 3528 κόλπον.
1143 3474 1254 3544 Πρὸ
1281 3475 1339 3527 δὲ
1367 3473 1462 3526 τοῦ
1509 3472 1773 3544 ἑνωθῆναι
1804 3470 1883 3541 τῷ

319 3569 602 3640 Εὐφράτῃ,
656 3567 960 3637 ἀμφότεροι
1012 3563 1263 3636 ἀλλήλων
1294 3564 1615 3639 διῃρημένοι
1671 3563 1885 3634 ῥέοντες

321 3661 536 3715 ποιοῦσι
559 3659 660 3731 τὴν
692 3659 991 3730 λεγομένην
1020 3658 1448 3726 Μεσοποταμίαν
1497 3657 1724 3726 ἔχουσαν
1751 3654 1886 3708 πλά-

317 3769 410 3816 τος
466 3751 573 3805 ἀπὸ
605 3751 890 3823 Εὐφράτου
937 3751 1097 3822 μέχρι
1129 3749 1377 3818 Τίγριδος
1413 3748 1564 3819 μίλια
1613 3754 1753 3820 υκη’,
1792 3747 1888 3800 καὶ

323 3843 512 3896 στάδια
546 3843 586 3906 ,δ
640 3841 780 3896 κατά
807 3841 902 3911 τὴν
928 3841 1300 3910 ἀναμέτρησιν
1347 3839 1764 3909 Ἐραστοϐένους
1791 3838 1884 3891 τοῦ

321 3933 690 4004 πολυμαθοῦς.
761 3933 908 3986 Ἐπεὶ
934 3933 991 3986 δὲ
1038 3933 1135 4001 τὴν
1187 3930 1360 4002 ἀρχὴν
1411 3932 1475 3984 ὲκ
1521 3932 1615 3984 τοῦ
1671 3933 1885 4002 Ἰστρου

323 4025 683 4096 ποιησάμενοι
707 4025 774 4077 ὡ)
789 4025 1090 4094 ισοήσαμεν
1106 4025 1199 4077 καὶ
1221 4041 1288 4076 πε
1297 4025 1351 4094 pl.
1370 4023 1463 4076 τοῦ
1480 4024 1671 4076 Νείλου
1694 4025 1888 4089 εἰπεῖν,

322 4119 423 4172 οὐκ
454 4119 679 4187 ἄκαιρον
733 4115 1014 4186 ἡγούμεθα
1047 4117 1141 4169 καὶ
1171 4114 1358 4184 ἐτέρου
1393 4114 1693 4183 μνησθῆναι
1724 4130 1891 4182 κεφα-

324 4210 478 4262 λαίου
513 4209 848 4278 καταλλήλου
882 4209 1221 4278 ὑπάρχοντος
1258 4206 1352 4259 τοῦ
1388 4205 1638 4276 περὶτῆς
1671 4203 1891 4274 ἐκροίας

324 4303 514 4357 αὐτοῦ.
549 4304 656 4356 Καὶ
691 4304 798 4373 γὰρ
834 4302 922 4354 τὸν
954 4301 1144 4370 καιρὸν
1191 4299 1291 4367 τῆς
1334 4299 1522 4351 ἀνόδου
1554 4298 1647 4350 τοῦ
1693 4296 1886 4350 Νείλου

1910 3250 1957 3312 C

1978 2117 2140 2156 cuum
2175 2103 2333 2156 habet
2365 2117 2605 2166 cursum;
2631 2101 2966 2156 descendens
2984 2108 3208 2153 anteme
3241 2096 3550 2151 borealibus

1980 2195 2243 2264 partibus,
2269 2194 2334 2247 ad
2358 2194 2567 2247 noticas
2593 2193 2821 2246 tendens
2842 2206 3036 2246 versus
3063 2188 3338 2244 Persicum
3367 2188 3548 2241 sinum

1982 2285 2205 2355 paludes
2257 2292 2310 2338 et
2359 2283 2590 2338 calamis
2621 2281 2817 2336 rel'erta
2873 2295 3028 2335 caena
3091 2277 3273 2340 eﬂicit,
3325 2285 3380 2331 et
3428 2277 3546 2330 hazc

1981 2379 2127 2433 circa
2155 2377 2380 2439 cll'usus,
2408 2375 2547 2430 ciam
2576 2375 2922 2429 subducitur.
2951 2371 3130 2441 Tigris
3155 2379 3334 2424 autem
3361 2384 3390 2422 e
3419 2383 3554 2438 qua-

1981 2469 2104 2525 dam
2124 2469 2320 2539 palude
2338 2465 2631 2521 Thonitidc
2648 2472 2862 2528 vocata,
2881 2461 3188 2530 incognitus
3211 2459 3419 2523 exiens,
3440 2460 3554 2528 ipse

1981 2578 2196 2635 quoque
2221 2568 2469 2616 movetur
2494 2559 2560 2614 ad
2595 2557 2800 2612 noticas
2826 2564 3026 2628 partes,
3046 2563 3099 2608 et
3128 2552 3366 2607 Taurum
3398 2566 3554 2606 mon-

1987 2665 2092 2709 tem
2165 2667 2362 2708 secans
2395 2651 2551 2719 juxta
2596 2648 2904 2703 Masabatas
2961 2646 3212 2716 jungitur
3264 2644 3551 2714 Euphrati,

1984 2743 2311 2815 Babylonem
2332 2741 2546 2806 dividit,
2583 2750 2634 2796 et
2667 2739 2913 2794 dilabens
2935 2737 3080 2792 circa
3111 2735 3154 2789 Τ
3158 2735 3469 2798 ercdonem,
3499 2734 3552 2787 in

1983 2836 2260 2891 Persicum
2305 2835 2486 2890 sinum
2522 2848 2580 2888 se
2611 2832 2852 2901 conjicit.
2909 2829 3236 2898 Priusquam
3279 2836 3460 2881 autem
3495 2842 3554 2880 se

1987 2943 2112 2982 cum
2150 2925 2424 2994 Euphrate
2457 2923 2828 2993 coniunxerit,
2871 2921 3032 2975 ambo
3059 2920 3128 2973 ab
3172 2918 3400 2971 invicem
3439 2917 3552 2970 dis-

1985 3020 2152 3074 tincte
2186 3028 2470 3074 currentes
2511 3017 2750 3072 ellieiunt
2801 3017 3074 3085 regionem
3108 3011 3551 3082 McSOpotamiani

1987 3111 2211 3175 dictam,
2243 3109 2402 3179 cujus
2442 3107 2692 3172 latitudo,
2741 3105 2809 3159 ab
2872 3104 3147 3174 Euphrate
3197 3104 3263 3156 ad
3322 3101 3552 3171 Tigrim,

1987 3204 2156 3258 millia
2195 3203 2354 3256 habet
2380 3201 2505 3262 428,
2527 3211 2581 3255 ct
2613 3200 2786 3254 stadia
2819 3197 2982 3263 4,000
3021 3196 3319 3252 secundum
3358 3193 3554 3248 Erato-

1992 3293 2204 3347 sthenis
2240 3289 2535 3360 polymatlii
2570 3285 3207 3342 mcnsurationem.(‘.um
3234 3293 3413 3339 autem
3452 3284 3553 3337 itii-

1991 3385 2122 3440 tinm
2151 3384 2369 3437 ablstro
2401 3381 2714 3444 fecerimus,
2748 3390 2800 3434 et
2820 3377 3200 3433 devene'rimus
3229 3378 3294 3431 ad
3325 3377 3554 3447 loquen-

1991 3477 2117 3531 dntn
2141 3476 2206 3530 de
2236 3475 2372 3538 Nilo,
2404 3490 2508 3527 non
2535 3473 2956 3543 inopportunum
2985 3470 3298 3539 judicamns
3326 3469 3549 3523 alterius

1993 3568 2309 3623 meminisse
2333 3567 2526 3634 capitis
2557 3565 2622 3618 ad
2656 3573 2951 3632 utrumque
2989 3559 3284 3630 spectantis
3306 3560 3373 3613 de
3400 3560 3556 3614 istius

1995 3674 2183 3714 cursu.
2230 3657 2363 3712 Nam
2421 3669 2663 3726 tempore
2703 3653 3042 3708 ascensionis
3087 3651 3191 3704 Nili
3230 3651 3551 3719 aperiebant

1993 3749 2223 3803 Romani
2255 3762 2445 3813 magna
2473 3745 2685 3815 publica
2721 3745 2934 3806 balnea,
2975 3751 3028 3796 et
3057 3742 3184 3811 quia
3219 3742 3363 3794 illius
3393 3740 3556 3794 inun-

1993 3843 2143 3898 datio
2183 3843 2240 3895 Iit
2265 3840 2483 3910 quando
2523 3837 2604 3893 sol
2637 3847 2719 3892 est
2753 3836 2807 3890 in
2834 3837 3033 3899 Leone,
3066 3849 3333 3903 aquarum
3362 3833 3559 3887 ﬁstulis

1995 3935 2170 3988 leonis
2202 3935 2410 3986 vultum
2447 3932 2672 3986 dabant.
2705 3929 2832 3983 Inde
2865 3943 2928 3981 ex
2963 3928 3063 3980 hoc
3111 3942 3250 3980 usus
3285 3926 3473 3995 viguit,
3502 3935 3560 3979 tit

1992 4025 2343 4080 toreularium
2374 4025 2567 4080 ﬁstulis
2587 4022 2760 4076 leonis
2781 4021 2985 4074 vultum
3005 4020 3166 4072 etiam
3189 4019 3558 4088 praestiterint,

1992 4117 2120 4186 quia
2147 4117 2255 4169 vini
2276 4116 2453 4170 ﬂuxus
2480 4114 2728 4168 imitatur
2758 4111 2863 4166 Nili
2894 4111 3190 4173 ﬂuentum,
3215 4107 3342 4176 quia
3373 4108 3425 4161 in
3445 4109 3560 4161 vin-

1993 4207 2185 4262 demia:
2216 4215 2457 4275 tempore
2495 4206 2575 4259 sol
2604 4219 2764 4259 suum
2789 4202 2842 4256 in
2871 4202 3052 4253 Leone
3078 4201 3364 4252 transitum
3399 4198 3562 4252 cﬂicit

1994 4299 2046 4353 in
2088 4299 2399 4370 temperatis
2441 4299 2595 4352 locis.

327 4395 681 4468 ἀνεῴγνυσαν
711 4396 762 4448 οί
805 4393 1162 4465 Ῥωμαῖοιτά
1204 4392 1414 4463 μεγάλα
1464 4391 1574 4445 τῶν
1614 4391 1888 4462 δημοσίων
1917 4391 2181 4463 λουτρῶν,
2242 4393 2336 4446 καὶ
2370 4392 2501 4445 διότι
2552 4393 2585 4462 ὴ
2639 4391 2901 4460 ἀνάχυσις
2930 4389 3094 4444 αὐτοῦ
3145 4389 3358 4459 γίνεται
3409 4382 3560 4454 ἡλίου

327 4491 480 4554 ὄντος
512 4491 569 4542 ἐν
606 4490 965 4553 Λέοντι,τοῦς
989 4485 1249 4557 κρουνοὺς
1273 4484 1381 4538 τῶν
1411 4483 1618 4537 ὑδάτων
1659 4484 2008 4547 λεοντοειδεῖς
2051 4483 2300 4536 ἐποίουνο
2333 4482 2454 4536 ὅθεν
2509 4481 2569 4546 ἐξ
2625 4482 2832 4535 ἐκείνου
2900 4481 3264 4551 ἐπεκράτησε,
3321 4477 3416 4530 καὶ
3453 4476 3562 4528 τῶν

332 4583 634 4653 ὐποληνίων
674 4584 801 4646 τούς
847 4581 1110 4649 κρουνοὺς
1176 4577 1692 4644 λεοντοπροσώπους
1754 4578 2247 4640 κατασκευάζουσι,
2303 4575 2443 4646 ὅτιὴ
2499 4573 2595 4628 τοῦ
2655 4576 2798 4628 οῐνου
2857 4573 3130 4645 ἀπόρῤοια
3176 4571 3423 4641 μιμεῖται
3463 4566 3563 4632 τὴν

330 4674 424 4729 τοῦ
461 4675 653 4730 Νείλου
685 4675 866 4746 χύσιν,
898 4673 979 4727 ὃτι
1010 4674 1068 4726 ὲν
1094 4670 1171 4743 τῷ
1211 4669 1389 4744 τρύγῃ
1416 4672 1444 4724 6
1467 4670 1618 4742 ἥλιος
1660 4669 1758 4740 τὴν
1812 4669 2048 4740 πάροδον
2099 4665 2264 4721 αὐτοῦ
2313 4669 2369 4721 ἐν
2391 4665 2470 4738 τῷ
2523 4666 2711 4721 Λέοντι
2766 4666 3000 4718 ποιεῖται
3030 4663 3172 4718 κατὰ
3202 4661 3328 4726 τούς
3365 4659 3564 4731 εὐκρά-

331 4784 458 4832 τους
491 4768 709 4832 τόπους.
