4060 6596
494 439 634 504 1959
1195 436 1588 497 OPUSCULA
1628 433 2261 494 SCRIPTURISTICA
2302 431 2650 491 INCERTr’E
2682 428 2986 492 VETA’I‘IS.
3050 400 3053 401 ν
3604 426 3735 490 1060

1116 734 1512 789 ΣΥΝΑΙὬΓΗ
1546 729 1989 784 ΕΞΙΙΓΗΣΕΩΝ
2021 731 2149 782 ΕΙΣ
2201 730 2338 784 ΤΟΝ
2386 728 2779 784 ΠΡΟΦΗἸΗΝ
2805 726 3103 785 ΗΣΑῙΑΝ.

499 895 603 948 Ἐκ
638 892 932 962 διαφόρων
991 888 1175 959 ἁγίων
1235 885 1660 962 ῌατέρωκ-καὶ
1717 882 2101 962 διδᾳσκέλων
2155 883 2570 962 ςυλλεΙχ-Οεῖσίι
2609 882 2767 962 παρὰ
2808 883 2914 938 τοῦ
2958 885 3402 962 ᾁχςεπισκόπου
3461 886 3726 954 Κύπρου,

1085 960 1275 1026 πυροῦ
1313 952 1617 1011 Νικολάου
1651 955 1757 1009 τοῦ
1787 952 2042 1021 Μουζὰν,
2078 953 2182 1007 τοῦ
2212 953 2479 1024 μεγάλου
2503 954 2809 1021 βασιλέως
2836 955 3173 1024 προθεώρου

875 1270 1346 1337 COLLECTIO
1384 1264 2278 1333 INTERPRETATIONUM
2310 1264 2407 1326 ΙΝ
2445 1265 2478 1327 1

1740 1264 2278 1328 ἸΕΤΑΤΙΟΝΠΜ
2310 1264 2407 1326 ΙΝ
2445 1264 2985 1329 PROPIIETAM
3028 1267 3343 1329 ISAIAM.

486 1470 544 1528 E
583 1464 848 1529 diversis
886 1464 1123 1524 sanctis
1157 1460 1456 1524 Palribus
1489 1468 1545 1525 et
1590 1457 1961 1518 Doctoribus
2006 1456 2281 1537 adunata
2312 1473 2425 1533 per
2454 1456 2991 1537 archiepiscopum
3037 1457 3258 1537 Cypri,
3302 1460 3375 1517 Β.
3407 1456 3734 1519 Nicolaum

1515 1539 1770 1612 Mazan,
1815 1536 2025 1614 magni
2068 1536 2234 1613 regis
2276 1537 2704 1614 protheorum.

1102 1865 1489 1924 PRAEFATIO.
2078 1861 2129 1925 Α

2078 1861 2129 1925 Α
2740 1864 3010 1918 ΠΡΟΛΟΓ
3013 1861 3116 1919 ΟΣ.

556 2003 843 2059 Ordientes
872 2011 972 2051 nos
1003 2000 1402 2063 exposmoncm
1436 1989 1711 2058 prophetae
1738 1985 1891 2041 lsai:e
1942 1997 2064 2038 ver-

2239 1992 2603 2062 Ἀρχομένους
2622 1991 2768 2062 ἡμᾶς
2796 1992 2896 2063 τῆς
2918 1992 3297 2064 διασαφήσεως
3319 1993 3429 2048 τῶν
3477 1994 3572 2049 τοῦ
3602 2014 3738 2067 προ⁸

498 2097 717 2157 borum,
762 2105 920 2143 orare
960 2094 1195 2156 oportet,
1256 2094 1311 2135 ut
1366 2081 1696 2150 accipiamus
1763 2076 2061 2147 sapientia‘,

2167 2085 2339 2154 φήτου
2356 2085 2579 2139 Ἡσαΐου
2603 2084 2883 2154 ῥημάτων,
2912 2082 3165 2154 εὔχεσθαι
3189 2085 3316 2156 χρὴ,
3346 2086 3534 2141 λαόεἶν
3560 2088 3619 2140 τὸ
3636 2088 3738 2157 τῆς

488 2185 730 2240 scientia:
753 2191 807 2239 et
835 2178 1097 2234 doctrina:
1159 2175 1419 2245 gratiam;
1455 2174 1529 2226 ita
1579 2179 1639 2225 ut
1668 2170 1850 2225 omnia
1901 2167 2062 2223 simul

2167 2177 2359 2245 σοφίας
2391 2178 2488 2230 καὶ
2519 2178 2578 2231 τὸ
2604 2176 2704 2247 τῆς
2740 2177 2995 2243 γνώσεως
3022 2178 3116 2231 καὶ
3143 2178 3205 2231 τὸ
3253 2181 3353 2249 τῆς
3381 2179 3736 2243 διδασκαλίας

487 2272 868 2332 convenientia
891 2270 1013 2324 duci
1033 2276 1220 2327 nostro
1260 2265 1493 2320 Domino
1550 2262 1783 2317 formam
1833 2260 2063 2315 induant

2164 2264 2435 2335 χάρισμα,
2482 2264 2621 2331 ῶστε
2684 2265 2861 2321 πάντα
2900 2265 3034 2335 ὁμοῦ
3086 2266 3461 2338 συνδραμόντα
3491 2270 3570 2340 τῷ
3599 2272 3734 2341 ἠγε-

488 2366 732 2423 veritatis
754 2365 933 2419 omnis
958 2376 1079 2432 qua:
1105 2360 1481 2429 prophetatur.
1510 2356 1606 2411 Est
1633 2355 1850 2426 quidem
1919 2368 2059 2422 opus

2167 2357 2285 2427 μόνι
2318 2357 2507 2428 Κυρίῳ
2529 2358 2560 2427 ἡ
2571 2356 2687 2426 μῶν
2715 2356 3021 2411 ἐντυπῶσαι
3053 2357 3157 2428 τὴν
3180 2358 3361 2429 πάσης
3385 2361 3485 2431 τῆς
3520 2379 3736 2432 προφη-

489 2459 656 2514 verbo
700 2454 940 2510 scientiae
975 2450 1042 2506 ad
1104 2448 1443 2505 cernendum
1525 2445 1762 2518 Spiritus
1818 2460 2057 2508 arcana;

2161 2448 2459 2518 τευομένης
2486 2448 2744 2517 ἀληθείας
2767 2449 3066 2519 μόρφωσιν.
3107 2451 3263 2507 ’Ἐστι
3295 2452 3353 2508 δὲ
3380 2453 3476 2506 τοῦ
3529 2455 3627 2524 μὲν
3655 2454 3734 2507 λόο

489 2551 663 2607 verbo
690 2558 869 2603 autem
904 2543 1185 2615 sapientia:
1210 2543 1276 2597 ad
1303 2541 1683 2611 explicandum
1707 2548 1759 2595 et
1787 2539 2060 2609 complen-

2162 2556 2261 2608 γου
2286 2540 2384 2608 τῆς
2410 2540 2664 2607 γνώσεως
2691 2540 2851 2612 χρεία
2877 2542 3014 2613 πρὸς
3047 2543 3108 2597 τὸ
3129 2543 3357 2615 θεωρεῖν
3394 2544 3493 2599 τοῦ
3556 2548 3731 2601 Πνεῦ-

489 2646 619 2698 dum
657 2656 778 2711 quae
804 2638 1022 2694 concise
1063 2637 1117 2691 in
1159 2635 1513 2693 sermonibus
1543 2633 1800 2691 brevibus
1821 2641 1949 2688 sunt
1969 2648 2061 2686 ex-

2165 2650 2334 2703 ματος
2361 2633 2428 2685 τὰ
2449 2633 2754 2703 ἀπόρῤηταο
2783 2631 2878 2693 τοῦ
2906 2633 2962 2687 δὲ
2981 2633 3140 2701 λόγου
3160 2636 3257 2705 τῆς
3281 2636 3473 2707 σοφίας
3494 2638 3630 2710 πρδς
3673 2640 3738 2693 τὸ

490 2745 759 2805 prompta.
790 2728 1075 2799 Proprium
1105 2728 1251 2783 enim
1285 2735 1368 2781 est
1410 2725 1692 2795 sapientia:
1750 2739 2057 2780 sermonem

2161 2726 2569 2780 κατασκευάσαι
2589 2726 2685 2780 καὶ
2718 2726 3119 2798 ἐξεργάσασθαι
3149 2728 3215 2783 τὰ
3243 2733 3736 2802 συνεστραμμένως

489 2825 808 2880 extendere.
838 2820 1066 2877 Extendi
1090 2820 1259 2883 enim,
1288 2818 1487 2888 inquit,
1512 2831 1817 2884 sermones,
1850 2828 1903 2871 et
1949 2831 2057 2871 non

2161 2815 2220 2870 ἐν
2251 2814 2637 2886 βραχυλογίαις
2688 2817 3028 2887 ἐκδεδομένα.
3060 2819 3224 2877 Ἰδιον
3254 2819 3363 2891 γὰρ
3394 2824 3491 2889 τῆς
3542 2821 3736 2890 σοφίας

491 2910 1022 2971 exaudistis.lleinde
1050 2909 1311 2965 doctrinae
1331 2908 1502 2978 gratia
1531 2921 1669 2976 opus
1687 2916 1768 2961 est
1798 2906 1864 2961 ad
1886 2906 2057 2961 aedili-

2159 2909 2221 2961 τὸ
2248 2909 2511 2962 ἐκτείνειν
2533 2908 2982 2978 λόγον.Ἐξέτεινα
3000 2911 3131 2980 γὰρ,
3146 2914 3299 2982 φησὶ,
3322 2913 3539 2983 λόγους,
3551 2916 3646 2969 καὶ
3672 2915 3736 2968 οὐ

493 3008 767 3063 rationem
802 3003 1168 3059 audientium.
1206 2999 1499 3055 Sciendum
1527 3009 1611 3055 est
1638 3000 1782 3055 enim
1806 2999 2057 3070 inprimis

2173 3000 2499 3072 προσείχετε.
2532 3002 2765 3057 Ἔπειτα
2777 3004 2862 3057 τοι
2885 3002 2985 3070 τῆς
3013 3002 3367 3067 διδασκαλίας
3390 3005 3736 3076 χαρίσματος
3770 3067 3776 3075 ι

488 3110 739 3172 oportere
769 3107 884 3153 uta
944 3095 1329 3152 communibus
1385 3094 1669 3150 sententiis
1734 3092 2058 3149 festinantes

2159 3096 2239 3158 είς
2261 3092 2546 3163 οἰκοδομὴν
2561 3092 2671 3146 τῶν
2687 3093 3232 3151 ἁκουόντων.’ἰστέον
3242 3094 3351 3165 γάρ
3369 3094 3471 3164 πρὸ
3490 3096 3732 3159 πάντων,

489 3193 670 3247 inDeo
703 3188 1123 3244 contradictoria
1143 3194 1406 3254 quantum
1459 3184 1512 3239 in
1575 3199 1829 3240 sermone
1868 3185 2056 3240 insunt

2162 3186 2237 3248 ὡς
2250 3184 2357 3256 χρὴ
2373 3186 2479 3238 ἀπὸ
2498 3184 2607 3239 τῶν
2635 3185 2833 3241 κοινῶν
2845 3187 3067 3241 ἐννοιῶν
3087 3187 3448 3258 ὡρμημένους
3484 3189 3577 3241 ἐπὶ
3598 3188 3738 3242 Θεοῦ

495 3297 814 3354 agnoscere,
839 3295 947 3335 non
974 3279 1212 3335 sentiant
1243 3296 1257 3332 :
1290 3278 1448 3348 quasi
1474 3278 1775 3333 secundum
1821 3292 2064 3333 commu-
2097 3295 2098 3298 η

2133 3276 2136 3291 ’
2169 3245 2655 3348 τάᾎάντιούμενα
2676 3278 2801 3333 ὅσον
2828 3280 2919 3332 ἐπὶ
2941 3281 3005 3349 τῇ
3034 3245 3186 3343 λέξει.
3207 3245 3509 3349 ὁμολογεῖν,
3543 3280 3618 3351 μὴ
3647 3298 3736 3334 νο-

507 3391 629 3431 nem
660 3372 1072 3443 intelligentiam
1112 3370 1250 3425 foret
1277 3370 1519 3425 divinam
1544 3377 1820 3424 'naturam
1872 3369 2071 3424 bonam

2171 3370 2279 3427 εἶν’
2312 3365 2423 3422 οἷον
2454 3369 2593 3424 κατὰ
2611 3369 2715 3431 τὰς
2741 3370 2925 3433 κοινὰς
2947 3371 3243 3442 προλήψεις
3292 3372 3407 3424 ἐστὶ
3440 3372 3538 3442 τὴν
3584 3371 3737 3426 θείαν

496 3477 550 3521 et
586 3466 854 3536 placidam
885 3473 936 3519 et
964 3462 1165 3531 justam
1195 3474 1505 3531 agnoscere.
1570 3458 1628 3514 Si
1668 3460 1814 3515 enim
1870 3460 2070 3514 iratum

2170 3455 2330 3524 φύσιν
2356 3455 2568 3525 ἀγαθὴν
2596 3458 2689 3511 καὶ
2717 3458 2986 3529 ἀόργητον
3024 3460 3121 3512 καὶ
3157 3460 3373 3515 δικαίαν
3425 3460 3730 3531 ὁμολογεῖν.

501 3560 586 3613 vel
617 3558 886 3615 dolentem
912 3556 993 3609 vel
1018 3555 1369 3623 paenitentem
1403 3552 1484 3606 vel
1514 3567 1620 3606 non
1643 3552 1938 3609 secundum
1965 3569 2073 3607 vo-

2182 3548 2305 3600 Ἐἀν
2330 3547 2435 3619 γάρ
2477 3548 2826 3619 ὀργιζόμενον
2854 3550 2887 3621 ἢ
2918 3550 3256 3620 λυπούμενον
3282 3552 3316 3627 ἦ
3352 3554 3719 3624 μεταμελόμε-

502 3663 619 3707 ιιιηι
653 3649 812 3704 alieni
847 3656 1084 3703 utentem
1104 3646 1383 3715 Scriptura
1413 3645 1564 3709 dicit,
1596 3659 1841 3713 quaerere
1871 3658 2071 3699 conve-~

2168 3656 2259 3691 νον
2288 3640 2321 3708 ἢ
2349 3639 2424 3710 μὴ
2444 3638 2565 3693 κατ’
2600 3639 2760 3704 ἀξίαν
2787 3645 2896 3695 τινὶ
2946 3641 3227 3713 χρώμενον
3255 3645 3287 3713 ἠ
3321 3644 3511 3717 Γραφὴ
3562 3646 3732 3715 λέγει,

493 3745 575 3798 nit
596 3742 744 3797 vocis
774 3740 1250 3809 signiﬁcationem,
1267 3746 1321 3792 et
1345 3737 1591 3792 meditari
1616 3752 1726 3805 quo
1749 3736 1910 3791 modo
1932 3736 2072 3790 hanc

2169 3731 2353 3801 ζητεῖν
2391 3733 2656 3802 προσήκει
2685 3732 2746 3787 τὸ
2773 3733 2872 3807 τῆς
2927 3733 3124 3800 λέξεως
3161 3734 3404 3807 βούλημα
3436 3738 3530 3790 καὶ
3582 3756 3735 3809 μερι-

492 3845 779 3892 restituere
804 3835 1097 3903 possimus,
1121 3847 1229 3885 non
1255 3839 1435 3884 autem
1466 3837 1773 3897 pervertere
1793 3828 1983 3897 dignas
2005 3829 2069 3883 dc

2172 3826 2333 3895 μνᾷν,
2361 3824 2480 3878 τίνα
2506 3826 2704 3894 τρόπον
2734 3826 3186 3895 ἀποκαταστῆσαι
3218 3827 3554 3899 δυνηθῶμεν,
3616 3832 3735 3899 οὐχὶ

497 3928 606 3981 Deo
632 3925 1124 3997 suppositiones,et
1158 3923 1231 3977 ita
1254 3922 1371 3976 sine
1398 3918 1698 3975 oll‘ensione
1721 3933 2071 3974 recurremus

2169 3916 2226 3970 δὲ
2251 3917 2578 3988 ἀνατρέπειν
2597 3916 2697 3979 τὰς
2742 3916 3052 3986 ἀξιολόγους
3083 3920 3212 3989 περὶ.
3243 3918 3377 3973 Θεοῦ
3412 3920 3731 3991 ὑπολήψεις,

499 4020 570 4079 ad
600 4018 929 4089 Scripturas,
958 4033 1021 4071 ex
1050 4014 1319 4085 expeditis
1337 4014 1555 4084 quidem
1607 4012 1891 4067 utilitatem
1936 4013 2073 4066 hau-

2170 4008 2266 4064 καὶ
2299 4008 2471 4073 οὕτως
2493 4010 2889 4079 ἀπροσκόπτως
2915 4011 3277 4081 ἐντευξόμεθα
3317 4015 3436 4075 ταῖς
3471 4013 3733 4083 Γραφαῖς,

493 4113 797 4175 rientes,ex
822 4108 1072 4165 obscuris
1096 4115 1276 4161 autem
1313 4120 1420 4158 non
1464 4105 1730 4159 damnum
1764 4104 2066 4174 percipien-

2170 4100 2280 4154 ἀπὸ
2307 4100 2407 4171 μὲν
2439 4101 2547 4154 τῶν
2572 4102 2857 4173 εὐλήπτων
2882 4102 3268 4172 ὠφελούμενοι,
3290 4104 3356 4157 ὲκ
3389 4104 3445 4158 δὲ
3469 4103 3579 4158 τῶν
3600 4108 3732 4160 ἀσα-

494 4216 595 4260 tes.
627 4204 684 4258 Si
711 4203 838 4274 quis
860 4216 990 4257 vero
1018 4198 1495 4255 incusatdivinam
1524 4197 1890 4267 Seripturam,
1946 4206 2069 4249 tan-

2170 4194 2449 4264 φεστέρων
2495 4193 2569 4263 μὴ
2611 4194 2992 4263 βλαπτόμενοι.
3047 4194 3172 4247 Ἐὰν
3200 4194 3257 4249 δέ
3303 4212 3388 4259 τις
3425 4196 3629 4267 ἐγκαλῇ
3663 4198 3727 4266 τῇ

492 4308 655 4365 quam
689 4307 797 4346 non
837 4288 1219 4354 doctrinalem,
1257 4302 1365 4342 non
1432 4286 1780 4356 adjuvantem
1834 4285 1935 4340 bos
1976 4284 2067 4355 qui

2172 4285 2292 4355 θείᾳ
2343 4286 2651 4355 Γραφῇ.ὡς
2704 4288 2764 4339 οὐ
2793 4287 3168 4359 διδασκαλικῇ.
3222 4287 3347 4341 οὐδὲ
3396 4289 3718 4359 εὑεργετικῇ

493 4391 722 4459 possunt
750 4382 1037 4453 prolicere,
1083 4381 1260 4435 discat
1315 4393 1536 4433 omnem
1596 4378 1963 4432 humanarum
1987 4391 2070 4429 re-

2169 4372 2278 4424 τῶν
2307 4372 2632 4440 ὠφελεῖσθαι
2655 4375 2986 4445 δυναμένων,
3041 4378 3504 4447 καταμανθανέτω
3555 4380 3735 4434 πᾶσαν

496 4490 619 4529 rum
658 4473 1096 4543 dispositionem,
1154 4486 1260 4524 non
1308 4470 1362 4523 in
1415 4468 1799 4538 spiritualibus
1834 4476 2066 4528 tantum,

2170 4462 2266 4531 τὴν
2296 4463 2402 4516 τῶν
2429 4463 2785 4534 ἀνθρωπίνων
2813 4466 3191 4539 διακόσμησιν,
3220 4469 3321 4523 οὐκ
3347 4471 3405 4523 ἐν
3425 4487 3540 4535 τοις
3567 4489 3732 4523 πνευ-

494 4567 587 4621 sed
617 4576 670 4619 et
703 4565 757 4617 in
788 4562 1138 4616 inferioribus
1167 4571 1220 4614 et
1253 4560 1319 4612 ad
1350 4560 1513 4613 vitam
1556 4554 1933 4625 spectantibus
1980 4570 2066 4607 re~
2092 4594 2097 4628 ι

2131 4581 2136 4639 ι
2174 4557 2425 4624 ματικοῖς
2450 4557 2630 4625 μόνον,
2657 4557 2793 4612 ἀλλά
2824 4559 2918 4613 καὶ
2944 4563 3001 4613 ἐν
3049 4563 3162 4625 τοῖς
3207 4556 3620 4634 ὑποδεεστέροις
3643 4565 3734 4617 καὶ

497 4658 599 4710 lius
630 4661 920 4708 constare:
973 4650 1101 4721 quia
1132 4650 1307 4703 brutis
1358 4650 1575 4718 quidem
1634 4646 1844 4700 facilem
1885 4646 1950 4698 ad
1982 4646 2063 4697 vi-

2173 4647 2286 4706 τοῖς
2319 4645 2462 4698 κατὰ
2488 4646 2579 4698 τὸν
2599 4646 2713 4717 βίον
2745 4650 3064 4720 πράγμασιν
3085 4668 3098 4683 ⁶
3127 4652 3208 4705 ὅτι
3256 4656 3369 4716 τοῖς
3393 4653 3493 4722 μὲν
3521 4654 3735 4718 ἀλόγοις

497 4747 727 4801 vendum
760 4758 915 4813 opem
947 4756 1102 4795 escas
1148 4749 1499 4809 spontaneas,
1535 4748 1589 4791 et
1630 4736 1715 4791 ad
1765 4734 2064 4788 naturalem

2169 4738 2390 4792 εὔκολον
2407 4740 2505 4810 τὴν
2527 4742 2662 4811 πρὸς
2700 4743 2761 4796 τὸ
2783 4743 2881 4815 ζῇν
2945 4745 3196 4817 ἀφορμὴν
3248 4747 3453 4818 τροφὰς
3506 4748 3738 4818 αὐτομά·

495 4839 756 4892 vestitum
786 4836 1020 4904 pilorum
1045 4843 1097 4887 et
1134 4832 1438 4901 plumarum
1473 4837 1803 4898 tegumenta,
1838 4828 1924 4880 illa
1949 4843 2068 4896 qua:

2166 4847 2314 4897 τους,
2374 4833 2466 4886 καὶ⁴
2520 4834 2730 4905 σκέπην
2757 4837 3002 4906 αὐτοφυᾶ
3045 4839 3142 4892 καὶ
3181 4839 3248 4893 τὰ
3286 4840 3350 4892 ἐκ
3401 4841 3601 4910 τριχῶν
3643 4842 3737 4894 καὶ

496 4930 679 4984 onmia
708 4927 975 4997 disposuit
1001 4925 1237 4995 potentia
1274 4922 1462 4991 largita
1506 4929 1607 4974 est.
1642 4920 1926 4975 Hominem
1968 4934 2066 4971 au-

2168 4922 2384 4992 πτερῶν
2417 4922 2708 4993 ἐνδύματα,
2737 4928 2769 4997 ἡ
2812 4926 2881 4979 τὰ
2905 4927 3195 4998 σύμπαντα
3253 4930 3609 5001 οἱκονομοῦσα
3641 4932 3733 4985 δύ-

498 5032 604 5076 tem
651 5023 860 5074 nudum
926 5018 1254 5088 producens,
1312 5015 1583 5069 rationem
1661 5028 1758 5083 pro
1811 5012 2066 5066 omnibus

2169 5030 2334 5083 ναμις
2359 5015 2667 5085 ἐχαρίσατο.
2704 5017 2805 5072 Τὸν
2827 5018 2885 5073 δὲ
2908 5019 3195 5087 ἄνθρωπον
3223 5023 3430 5093 γυμνὸν
3476 5040 3732 5094 παραγα-

498 5115 573 5167 illi
637 5113 804 5178 dedit,
842 5127 937 5182 per
966 5125 1130 5180 quam
1192 5108 1355 5163 utiles
1413 5108 1537 5160 vitae
1585 5115 1728 5161 artes
1768 5104 2063 5160 conferun-

2169 5104 2342 5173 γοῦσα
2373 5106 2530 5175 λόγον
2554 5106 2752 5163 ἔδωκεν
2782 5112 2904 5166 ἀντὶ
2934 5112 3173 5179 πάντων,
3206 5114 3274 5168 δι’
3308 5109 3370 5169 οὗ
3411 5115 3549 5171 αἵτε
3578 5134 3735 5186 πορι-

500 5216 606 5267 tur,
639 5205 1024 5268 architectura,
1048 5212 1286 5269 textura,
1321 5200 1676 5271 agricultura,
1701 5198 2061 5268 melallurgia,

2169 5198 2354 5252 στικαὶ
2411 5200 2744 5270 συνέστησαν
2803 5203 3009 5274 τέχναι,
3057 5206 3393 5277 οἰκοδομικὴ,
3443 5208 3734 5277 ὑφαντικὴ.

500 5294 823 5364 corporibus
860 5293 1167 5348 necessaria
1207 5290 1639 5345 administrantel
1679 5298 1859 5345 mente
1902 5289 2067 5345 ratio-

2168 5289 2469 5361 γεωργικὴ,
2497 5289 2850 5362 χαλκευτικὴ,
2872 5294 2933 5346 τὸ
2959 5297 3072 5358 τοῖς
3097 5295 3343 5366 σώμασιν
3386 5298 3565 5350 ἐνδέον
3602 5300 3736 5351 ἀνα-

503 5388 584 5442 nis
618 5402 739 5457 ope.
800 5385 868 5441 Ut
896 5387 1040 5440 enim
1081 5399 1189 5438 non
1219 5383 1378 5439 nobis
1435 5383 1683 5437 invidens
1739 5383 1840 5438 has
1884 5384 1951 5439 ad
1980 5383 2064 5437 vi-

2168 5382 2483 5454 πληρούσης
2501 5384 2600 5453 τῆς
2613 5383 2792 5453 ψυχῆς
2806 5387 2872 5456 τῇ
2889 5387 3158 5458 παρουσίᾳ
3180 5387 3274 5441 τοῦ
3304 5388 3485 5456 λόγον.
3522 5390 3694 5441 Ὠσπε
3702 5408 3735 5460 ρ

504 5483 733 5534 vendunt
760 5492 913 5547 opes,
942 5478 1144 5546 pariter
1168 5492 1230 5531 ac
1260 5476 1420 5530 bruta
1473 5474 1728 5529 animalia
1767 5490 1865 5529 nos
1914 5476 2063 5530 nasci

2166 5476 2275 5546 γὰρ
2313 5477 2371 5529 ὲν
2389 5476 2595 5539 τούτοις
2630 5477 2750 5547 οὐχὶ
2796 5476 3098 5546 βασκαίνων
3154 5480 3285 5548 ἡμῖν
3313 5480 3423 5532 τῶν
3483 5480 3619 5549 πρὸς
3675 5484 3737 5533 τὸ

504 5572 729 5626 omnino
762 5570 991 5624 Creator
1024 5578 1209 5623 noster
1232 5581 1341 5622 non
1387 5567 1681 5632 concessit,
1710 5566 1803 5621 sed
1836 5567 1901 5620 ad
1936 5582 2063 5636 pro-

2168 5567 2269 5637 ζῇν
2290 5567 2555 5639 ἀφορμῶν
2626 5568 3023 5639 παραπλησίως
3073 5572 3187 5633 τοῖς
3233 5571 3449 5639 ἀλόγοις
3504 5589 3738 5625 συναποε

499 5660 800 5714 curandum
822 5658 1127 5712 necessaria
1146 5656 1514 5726 intelligentiae
1534 5656 1836 5725 palaestram
1860 5657 2066 5710 instru-

2167 5656 2493 5727 γεννηθῆναι
2524 5656 2700 5709 πάντα
2723 5659 2751 5709 ὁ
2778 5659 3116 5729 Δημιουργὸς
3143 5660 3299 5730 ἡμῶν
3326 5662 3388 5713 οὑ
3427 5663 3739 5732 συνεχώρη-

501 5752 613 5817 xit;
640 5752 713 5805 ita
743 5750 868 5805 etin
904 5750 1197 5821 Scripturis
1227 5748 1614 5803 obscuritatem
1666 5748 1731 5803 ad
1781 5749 2061 5832 utilitatem

2170 5767 2284 5807 σεν.
2349 5748 2483 5801 ἀλλά
2524 5748 2621 5818 τὴν
2676 5749 2881 5802 ἔνδειαν
2913 5751 3020 5803 τῶν
3072 5753 3385 5820 ἀναγκαίων
3437 5755 3740 5824 γυμνάσιον

500 5843 699 5899 mentis
722 5841 988 5910 excitans,
1012 5845 1130 5910 ejus
1159 5838 1435 5911 energiam
1470 5841 1826 5911 Comparavit.
1880 5842 2063 5895 Primo

2168 5842 2297 5910 ἡμῖν
2322 5840 2417 5909 τῆς
2462 5840 2699 5901 διανοίας
2750 5841 3146 5911 ἐμηχανήσατο,
3194 5843 3337 5897 οὕτω
3380 5850 3469 5899 καί
3532 5846 3633 5916 τὴν
3682 5850 3740 5900 ἐν
