4060 6614
373 417 506 485 1961

1307 416 1704 477 ΡΒίΕΡΛΤὶΟ
1740 420 1840 480 ΑΒ
1876 417 2224 481 CATENAM
2261 421 2342 482 IN
2371 422 2726 486 PSALMOS.

3469 432 3607 497 106?.

370 530 487 590 ταῖς
511 527 753 597 Γραςαῖς
779 526 1050 594 ἀσάφειαν
1076 522 1173 575 ἐπ’
1203 521 1440 596 ὠφελείᾳ
1471 523 1563 576 τοῦ
1594 525 1685 578 νοῦ
1738 525 1937 594 διεγείο

2045 529 2286 597 quidem,
2326 539 2385 584 ut
2416 531 2506 586 bis
2540 541 2800 602 occupata
2831 548 2984 590 mcns
3023 549 3057 590 ιι
3088 535 3364 607 peioribus
3394 541 3607 598 abstra-

371 635 479 690 ρων
507 617 674 671 αὒτοῦ
704 617 802 687 τὴν
828 616 1108 687 ὲνεργείαν
1158 614 1477 681 ἐπετήδευσε
1502 632 1517 647 σ
1545 616 1761 685 πρῶτον
1815 616 1937 685 μὲν,

372 708 459 761 ἴνα
479 711 689 772 τούτοις
726 704 1186 778 ὲνασχόλούμενος
1240 707 1349 759 τῶν
1388 707 1647 777 χειρόνων
1700 709 1937 778 ἀφέλκηο

370 816 481 852 ταιο
538 800 750 865 ἔπειτα,
784 800 866 853 ὅτι
903 799 973 853 τὰ
1030 799 1177 870 πόνῳ
1232 800 1499 869 κτηθέντα
1556 799 1757 870 μᾶλλόν
1818 812 1934 864 πως

372 893 650 960 ἀγαπᾶται
670 893 764 945 καὶ
793 891 861 945 τὰ
891 890 978 943 διὰ
1010 891 1222 962 μακροῦ
1258 892 1661 961 προσγενόμενα
1695 891 1936 961 μονίμως

371 999 428 1035 τε
460 983 768 1053 παραμένει
796 997 809 1011 ⁸
833 974 909 1039 ὧν
944 982 1001 1034 δὲ
1034 981 1195 1053 ῥᾳδία
1239 983 1273 1052 ἡ
1303 982 1514 1052 κτῆσις,
1548 982 1607 1034 οὐ
1640 982 1936 1052 περισπού-

370 1074 561 1139 δαστος
585 1078 620 1147 ἡ
651 1074 1456 1145 ἀπόλαυσιςσεὐκαταφρόνητος
1490 1073 1597 1143 γὰρ
1626 1074 1660 1143 ἡ
1688 1073 1794 1125 τῶν
1812 1089 1933 1142 1190-

370 1167 568 1237 χείρων
617 1165 884 1237 παρουσία
941 1169 1035 1220 καὶ
1060 1166 1314 1236 οὐδεμιᾶς
1361 1165 1603 1235 φυλακῆς
1640 1164 1933 1234 ἀξιουμένη

368 1262 478 1323 τοῖς
509 1259 711 1331 ἔχουσι.
735 1261 831 1315 Δία
860 1259 1021 1315 τοῦτο
1053 1260 1198 1329 καὶὴ
1231 1260 1341 1313 τῶν
1360 1258 1585 1328 ὀνείρων
1606 1259 1767 1327 φύσις
1789 1258 1928 1311 ἀσα-

369 1352 476 1421 φὴς
507 1354 599 1405 καὶ
620 1353 843 1421 πλαγία,
873 1354 965 1407 καὶ
994 1353 1114 1408 οὐδὲ
1140 1354 1349 1422 μικρᾶς
1385 1351 1612 1420 δεομένη
1642 1351 1740 1420 τῆς
1758 1353 1823 1407 ὲκ
1838 1349 1932 1404 τοῦ

369 1441 460 1495 νοῦ
486 1442 813 1512 ἐντρεχείας,
847 1443 941 1497 καὶ
975 1442 1144 1513 πολλὴ
1176 1442 1466 1509 συγγένεια
1493 1441 1630 1511 πρὸς
1650 1441 1718 1494 τὰ
1737 1441 1804 1494 ἐκ
1824 1440 1933 1493 τῶν

368 1532 591 1604 ὀνείρων
613 1534 946 1603 αἰνιγμάτων
974 1537 1084 1598 τοῖς
1111 1533 1229 1587 κατ’
1249 1532 1541 1604 ἑπίκρυψιν
1566 1534 1624 1586 ὲν
1644 1534 1709 1602 τῇ
1742 1533 1931 1601 Γραφῇ

367 1621 717 1693 δηλουμένοις
745 1637 761 1653 ⁸
788 1622 911 1679 ὅθεν
934 1624 1027 1676 καὶ
1100 1623 1296 1693 Ἰωσὴφ
1324 1624 1418 1676 καὶ
1470 1622 1666 1693 Δανιὴλ
1685 1621 1765 1692 τῷ
1800 1638 1931 1692 προ-

369 1714 583 1785 φητικῷ
608 1712 908 1786 χαρίσματι
931 1715 1000 1769 τὰ
1029 1714 1282 1786 ὀνείρατα
1313 1713 1680 1783 διεγίνωσκον,
1744 1712 1935 1783 ἐπειδὴ

368 1806 469 1860 οὐκ
496 1807 744 1877 αὐτάρκη
792 1808 863 1861 τά
895 1806 1004 1859 τῶν
1039 1806 1258 1860 ἐννοιῶν
1303 1806 1441 1877 πρὸς
1463 1806 1562 1874 τὴν
1617 1794 1787 1875 θήραν
1833 1808 1931 1876 τῆς

2042 617 2205 670 batur
2232 634 2246 683 ;
2272 618 2490 684 deinde,
2520 620 2648 689 quia
2679 622 2863 677 labore
2888 625 3113 692 quaesita
3142 628 3312 698 magis
3333 631 3602 700 quodam-
3694 689 3703 702 ,

2039 707 2202 762 modo
2237 723 2509 775 amamus,
2536 720 2589 764 et
2613 726 2734 782 qua:
2762 713 2911 768 lente
2932 717 3157 773 veniunt
3200 727 3457 788 perpetuo
3511 723 3608 774 du-
3696 723 3698 726 ’

2039 810 2163 856 rant
2192 819 2206 856 :
2243 818 2475 873 quorum
2530 815 2708 860 autem
2743 806 2917 861 facilis
2948 818 3031 863 cst
3061 812 3368 880 arquisitio,
3396 812 3605 868 finitio-

2040 910 2161 949 nem
2212 912 2319 949 non
2354 898 2695 954 mutuamur.
2732 899 3165 970 Contemptibilis
3223 905 3366 959 enim
3420 920 3603 961 rerum

2035 1000 2156 1053 qum
2185 996 2314 1041 sunt
2341 986 2407 1041 ad
2435 1003 2654 1043 manum
2680 992 2977 1058 possessio,
3012 1001 3065 1046 et
3088 994 3292 1051 nullius
3335 998 3599 1052 custodi:e

2037 1077 2196 1147 digna
2219 1078 2431 1133 videtur
2454 1079 2800 1137 habentibus.
2822 1081 2947 1139 Ideo
2963 1092 3016 1138 et
3040 1085 3379 1143 somniorum
3402 1096 3595 1142 natura

2037 1166 2268 1224 obscura
2302 1178 2357 1223 et
2382 1171 2663 1241 ambigua,
2720 1189 2897 1243 neque
2938 1190 3100 1245 parva
3149 1176 3352 1246 indiget
3408 1180 3603 1234 mentis

2035 1256 2334 1327 diligentia.
2394 1259 2459 1315 Et
2511 1278 2764 1332 magnam
2809 1265 3189 1332 cognationem
3249 1266 3444 1322 habent
3479 1283 3603 1322 cum

2034 1348 2374 1403 somniorum
2408 1351 2807 1421 aenigmatibus,
2842 1370 2963 1423 quae
2989 1370 3084 1423 per
3106 1355 3345 1411 latebras
3373 1358 3425 1410 in
3462 1357 3604 1412 Seri-

2033 1448 2193 1511 ptura
2220 1440 2585 1496 ostenduntur
2614 1460 2627 1496 :
2666 1443 3011 1514 indeJusepb
3043 1456 3096 1501 et
3136 1445 3324 1501 Daniel
3371 1453 3604 1520 prophe-

2033 1529 2137 1583 tica
2197 1528 2367 1597 gratia
2433 1529 2647 1584 somnia
2700 1533 3117 1601 perspiciebant,
3189 1535 3445 1604 quoniam
3493 1552 3600 1591 non

2032 1620 2309 1675 suﬂiciunt
2338 1620 2683 1692 cogitationis
2713 1623 2858 1677 vires
2891 1607 3410 1693 ad'aequisitionem
3465 1629 3605 1682 veri-

2034 1708 2303 1763 tatis.°Ad
2340 1708 2454 1763 bare
2484 1710 2693 1765 utilitas
2729 1719 2813 1766 est
2838 1713 2964 1767 vita:
3007 1714 3284 1782 puritatis,
3316 1716 3387 1770 ita
3437 1727 3494 1770 ut
3537 1721 3601 1771 ad

2032 1802 2255 1857 moralis
2281 1801 2500 1857 virtutis
2518 1803 2837 1858 exercitium
2869 1806 3015 1875 quod
3059 1806 3114 1861 in
3165 1805 3444 1876 Scriptura
3480 1810 3606 1864 latet

368 1868 803 1968 ἀληθείας-Πρὸς
827 1897 885 1953 δέ
914 1897 1123 1961 τούτοις
1166 1899 1324 1968 χρεία
1350 1868 1452 1969 τῆς
1480 1868 1538 1951 ἐν
1564 1898 1642 1969 τῷ
1670 1868 1781 1968 ⁷βίῳ
1829 1868 1929 1950 κα-

2035 1892 2408 1965 dignoscatur.
2440 1893 2655 1950 Utilitas
2686 1895 2792 1950 alia
2814 1868 2901 1951 est
2921 1909 3115 1966 prater
3142 1899 3263 1953 vitae
3285 1868 3597 1968 puritatem,

369 1989 846 2060 θαρότητος.ὦστε
890 1990 985 2045 καὶ
1024 1990 1160 2061 πρὸς
1181 1990 1278 2060 τὴν
1330 1991 1428 2060 τῆς
1473 1990 1671 2061 ἠθικῆς
1731 1991 1932 2060 ἀρετῆς

368 2080 711 2151 ἐπιτήδευσιν
732 2082 792 2135 τὸ
822 2082 880 2134 ἐν
904 2082 1025 2143 ταῖς
1056 2080 1303 2151 Γραφαίς
1354 2079 1773 2150 κεκαλυμμένον
1811 2079 1928 2132 δια-

367 2171 676 2241 γνωσθῆναι
705 2187 719 2201 ·
747 2173 905 2243 χρεία
927 2171 983 2224 δὲ
1017 2173 1153 2243 πρὸς
1181 2175 1248 2243 τῇ
1299 2171 1631 2243 καθαρότητι
1679 2171 1772 2225 τοῦ
1814 2171 1930 2241 βίου

366 2262 583 2333 καὶτῆς
611 2264 669 2316 ἐν
712 2266 832 2327 ταῖς
873 2264 1113 2335 Γραφαῖς
1160 2264 1463 2334 διατριὸἧς,
1510 2264 1597 2317 ἵνα
1620 2263 1680 2316 τὸ
1729 2279 1930 2333 σεμνοο

368 2356 573 2425 πρεπὲς
593 2356 685 2408 καὶ
714 2371 878 2425 μυστι
898 2354 991 2408 κδν
1012 2354 1121 2407 τῶν
1152 2355 1311 2408 θείων
1342 2354 1539 2421 λογίων
1577 2354 1641 2405 ἐκ
1670 2352 1769 2422 τῆς
1807 2369 1931 2405 συν-

368 2446 525 2517 εχοῦς
559 2446 789 2517 μελέτης
819 2446 1124 2500 ἐντυπωθὲν
1151 2449 1214 2518 τῇ
1238 2446 1405 2516 ψυχῇ.
1427 2446 1547 2498 ’Ότι
1576 2444 1633 2497 δὲ
1665 2443 1778 2513 βίου
1808 2444 1930 2497 ὅλου

363 2538 532 2594 δεῖται
558 2541 589 2610 ή
615 2539 722 2593 τῶν
755 2539 912 2594 θείων
937 2538 1148 2607 Λογίων
1172 2538 1392 2608 μελέτη,
1417 2536 1723 2606 συνίστησιν
1752 2539 1779 2590 ὀ
1802 2537 1931 2589 Μω-

374 2630 512 2695 σέως
546 2631 679 2701 βίος,
707 2632 766 2696 ὃς
821 2635 880 2686 ἐν
909 2633 1006 2703 μὲν
1032 2634 1099 2702 τῇ
1155 2630 1349 2701 πρώτη
1397 2646 1932 2699 τεσσαρακονταετη·

367 2723 472 2794 ρίδι
510 2723 801 2794 ἐπαιδεύθη
831 2724 901 2777 τά
954 2722 1292 2792 Αἰγυπτίων.
1334 2722 1459 2774 Ἐπὶ
1499 2721 1557 2774 δὲ
1592 2724 1659 2791 τῇ
1704 2721 1934 2791 δευτέρᾳ

364 2815 978 2887 τεσσαρακονταετηρίδι
997 2816 1090 2869 ἐπὶ
1106 2814 1374 2885 προφάσει
1399 2813 1492 2865 τοῦ
1527 2813 1833 2882 ποιμαίνειν
1853 2814 1934 2874 είς

364 2902 464 2964 τὰς
481 2905 717 2974 ἐρημίας
728 2906 1088 2976 ἀναχωρήσας
1108 2909 1175 2975 τῇ
1190 2905 1391 2974 θεωρία
1409 2903 1515 2956 τῶν
1531 2903 1699 2955 ῦντων
1713 2904 1935 2971 ὲπεσχό-

365 2996 455 3063 λα,
472 2998 565 3051 καὶ
580 2997 722 3053 οὕτω
736 2997 919 3052 λοιπὸν
933 2999 1030 3068 τῆς
1059 2998 1154 3051 τοῦ
1187 2997 1322 3052 Θεοῦ
1344 2997 1661 3065 ἐπιφανείας
1684 2994 1931 3063 ἀξιωθεὶς

368 3092 508 3161 μετὰ
530 3090 629 3160 τὴν
656 3089 1289 3161 τεσσαρακονταετηρίδα
1320 3090 1468 3144 ἄκων
1515 3089 1619 3142 ὑπὸ
1677 3089 1775 3158 τῆς
1813 3086 1934 3156 φιλ-

2033 1983 2467 2039 conversationis
2534 1984 2588 2039 in
2631 1984 2947 2056 Scripturis,
2998 1998 3057 2042 ut
3093 1988 3329 2059 dignitas
3386 2000 3440 2045 ct
3477 2006 3603 2047 san-

2032 2074 2196 2129 ctitas
2224 2074 2537 2129 divinorum
2571 2076 2861 2131 verborum
2882 2080 3076 2136 animae
3097 2095 3158 2135 ex
3186 2083 3407 2137 assiduo
3424 2085 3604 2139 studio

2034 2167 2403 2236 imprimatur.
2464 2165 2621 2232 Quod
2697 2178 2879 2224 autem
2948 2182 3059 2226 tota
3124 2173 3234 2227 vita
3296 2185 3452 2244 egeat
3519 2176 3604 2230 di-

2031 2257 2280 2313 vinorum
2316 2258 2603 2314 verborum
2640 2262 2908 2325 studium,
2945 2271 3176 2317 testatur
3204 2262 3402 2334 Moysis
3449 2265 3600 2330 vita;

2031 2350 2125 2422 qui
2151 2352 2204 2406 in
2238 2353 2414 2421 primo
2449 2368 2716 2408 annorum
2742 2369 2967 2409 suorum
3028 2356 3463 2428 quadrageuario
3521 2358 3606 2412 di-

2033 2444 2241 2499 dicerat
2267 2443 2643 2515 Egyptiorum
2682 2444 2997 2513 doctrinas;
3030 2446 3084 2501 iit
3116 2448 3358 2502 secundo
3417 2458 3600 2501 autem

2032 2535 2489 2607 quadragenario,
2529 2536 2632 2591 sub
2654 2545 2913 2605 praetextu
2944 2538 3198 2606 pascendi
3240 2553 3369 2593 oves
3406 2541 3457 2592 in
3510 2539 3603 2593 de-

2033 2636 2177 2684 serta
2195 2628 2479 2693 secedens,
2500 2628 2943 2698 contemplationi
2977 2629 3185 2683 entium
3248 2629 3496 2697 vacabat,
3551 2641 3605 2685 ct

2033 2721 2103 2776 ita
2136 2721 2284 2776 brevi
2337 2720 2431 2776 Dei
2494 2720 2935 2778 manifestatione
2980 2722 3179 2792 dignus
3213 2722 3452 2789 habitus,
3483 2732 3607 2793 post

2034 2827 2304 2867 annorum
2362 2812 2856 2883 quadragenarium
2900 2812 2994 2869 Dei
3027 2813 3361 2883 benignitate
3392 2816 3461 2869 ad
3507 2814 3606 2868 lio-

2034 2904 2243 2958 mitium
2298 2918 2484 2959 curam
2553 2905 2953 2974 suscipiendam
3008 2905 3211 2960 invitus
3265 2904 3504 2970 devenit,
3553 2915 3610 2960 et

2034 3010 2145 3051 non
2176 3006 2438 3066 perpetuo
2461 3006 2573 3050 tum
2606 2996 2659 3049 in
2683 2996 2919 3066 praetica
2980 2995 3090 3051 vita
3141 2997 3469 3066 permansit.
3511 2998 3609 3052 sed

2035 3091 2198 3144 etiam
2228 3089 2296 3143 ad
2334 3087 2817 3157 contemplativam
2874 3088 3077 3157 satpins
3129 3103 3188 3144 se
3260 3088 3607 3153 remittebat;

366 3181 678 3253 ανθρωπίας
706 3181 801 3236 τοῦ
839 3181 973 3237 Θεοῦ
991 3182 1083 3235 ἐπὶ
1116 3180 1214 3250 τὴν
1243 3180 1351 3233 τῶν
1372 3178 1676 3250 ἀνθρώπων
1735 3176 1929 3246 ἐπιμέ-

2035 3178 2181 3235 unde
2205 3188 2258 3235 et
2284 3179 2340 3233 in
2371 3177 2747 3249 .Egyptiorum
2783 3177 3143 3233 idololatriam
3208 3178 3396 3234 incidit
3422 3180 3610 3234 multi-

366 3273 516 3327 λειαν
546 3274 876 3345 κατηνέχθη,
909 3273 1003 3329 καὶ
1036 3272 1157 3325 οὐδὲ
1194 3272 1315 3325 τότε
1369 3270 1633 3341 διηνεκῶς
1666 3270 1741 3340 τῷ
1785 3286 1931 3341 πρα-

370 3365 543 3434 κτικῷ
568 3366 843 3437 παρέμενε
873 3364 992 3436 βίῳ,
1033 3364 1167 3421 ἀλλά
1216 3365 1306 3419 καὶ
1358 3364 1493 3439 πρὸς
1514 3362 1605 3417 τὸν
1643 3361 1936 3415 ἐποπτικὸν

368 3458 577 3514 ἐπανίει
638 3457 937 3522 πολλάκις,
1019 3456 1141 3510 ὅθεν
1191 3458 1282 3511 καὶ
1323 3458 1403 3517 είς
1445 3456 1544 3527 τὴν
1593 3456 1935 3525 Δίγυπτικὴν

366 3549 755 3621 εἰδωλομανίαν
782 3550 918 3613 ὅλως
975 3548 1251 3620 ὑπηνέχθη
1301 3550 1372 3602 τὰ
1426 3549 1629 3619 πλήθη,
1702 3548 1784 3618 τῷ
1814 3546 1934 3617 θεῷ

367 3642 617 3705 συνόντος
644 3642 738 3697 τοῦ
758 3643 945 3714 ἀνδρὸς
995 3644 1051 3696 ὲν
1076 3642 1155 3713 τῷ
1211 3642 1327 3717 δρει
1353 3657 1365 3670 ·
1416 3642 1625 3697 τοιοῦτο
1656 3643 1713 3695 δέ
1762 3659 1815 3694 τι
1845 3642 1939 3694 καὶ

368 3732 396 3782 ὁ
434 3728 642 3799 Ἠλίας,
668 3732 760 3787 τὸν
798 3734 908 3786 τῶν
947 3732 1250 3803 ἀνθρώπων
1304 3733 1460 3803 ὄχλον
1518 3734 1932 3803 διαδιδράσκων,

367 3824 462 3876 καὶ
489 3825 581 3877 ἐπὶ
638 3824 737 3888 τὰς
809 3825 1042 3896 ἐρημίας
1109 3825 1449 3895 φιλοχωρῶν.
1503 3826 1568 3880 Εἰ
1606 3827 1786 3879 τοίνυν
1826 3828 1939 3890 τοῖς

369 3915 547 3982 ἁγίοις
587 3918 725 3987 μετὰ
753 3918 934 3987 πάσης
962 3919 1281 3982 εὐσταθείας
1304 3919 1399 3971 τοῦ
1424 3918 1753 3989 ἡγεμονικοῦ
1805 3921 1930 3971 ἐπο-

370 4006 513 4057 νεῖτο
542 4006 643 4076 τῆς
681 4007 941 4079 ἀληθείας
968 4010 999 4078 ἡ
1029 4007 1276 4077 ζήτησις,
1304 4006 1418 4070 πῶς
1442 4008 1541 4060 οὐκ
1569 4007 1775 4074 ἀλόγως
1812 4008 1939 4069 τοὺς

2047 3271 2200 3337 tudo,
2231 3271 2451 3341 quando
2480 3270 2693 3341 Moyses
2726 3271 2782 3325 in
2810 3279 2994 3326 monte
3027 3287 3150 3326 cum
3190 3270 3301 3326 Deo
3318 3286 3609 3326 conversa-

2038 3365 2220 3419 batur.
2266 3364 2408 3419 Idem
2448 3364 2514 3418 de
2541 3362 2657 3417 Elia
2687 3363 2998 3430 dicendum,
3033 3364 3314 3417 hominum
3339 3363 3608 3417 tumulum

2038 3455 2279 3525 fugiente
2303 3465 2356 3509 et
2389 3456 2441 3509 in
2473 3455 2689 3510 deserta
2736 3455 3040 3510 secedente.
3088 3455 3145 3509 Si
3194 3455 3356 3525 igitur
3405 3457 3610 3509 sanctis

2039 3563 2161 3602 cum
2201 3547 2371 3602 multa
2409 3546 2715 3602 constantia
2741 3548 2895 3602 ducis
2922 3545 3093 3601 nostri
3148 3545 3392 3600 veritatis
3440 3561 3605 3615 expe-

2042 3638 2139 3693 tita
2185 3652 2268 3693 est
2328 3638 2645 3708 exquisitio,
2696 3640 2969 3708 quomodo
3006 3653 3114 3692 non
3157 3637 3408 3691 insanum
3471 3636 3609 3690 lorct

2038 3731 2252 3787 fructus
2275 3740 2545 3785 tantorum
2577 3729 2824 3799 laborum
2859 3730 2976 3786 sine
3004 3730 3106 3784 ulla
3168 3730 3383 3784 actione
3431 3728 3611 3796 inqui-

2038 3823 2195 3877 rere?
2217 3822 2455 3875 Observa
2480 3822 2648 3882 enim,
2675 3819 2822 3874 Elias
2856 3828 3118 3890 quantum
3146 3834 3338 3888 passus
3371 3817 3440 3872 sit
3479 3832 3520 3871 s.
3547 3816 3613 3869 li-

2038 3913 2244 3975 tudine,
2268 3912 2597 3975 calamitate,
2622 3910 2825 3974 labore,
2860 3919 2920 3965 ut
2964 3909 3131 3963 Deum
3167 3909 3382 3963 videndi
3414 3908 3610 3978 dignus

2047 4005 2360 4058 haberetur.

373 4101 625 4170 καρποὺς
656 4101 767 4156 τῶν
816 4103 1027 4173 μυρίων
1082 4104 1346 4172 καμάτων
1381 4103 1509 4157 ἄνευ
1551 4101 1695 4164 τινὸς
1723 4098 2109 4171 πραγματείας
2161 4096 2487 4173 ὲπιζητεῖν;
2523 4096 2691 4167 Τήρει
2749 4094 2878 4166 γὰρ,
2916 4095 3011 4148 καὶ
3076 4093 3263 4157 Ἠλίας
3329 4093 3446 4164 μεθ’
3488 4094 3611 4146 ὅσον

371 4193 737 4266 ἀναχωρήσας
785 4195 882 4249 καὶ
932 4195 1183 4265 ἀτυχίας,
1216 4195 1311 4249 καὶ
1371 4193 1674 4265 καμάτους,
1734 4191 2005 4245 ἰδεῖνΘεὺν
2030 4188 2257 4261 rerum.

821 4578 1461 4670 ΡΒΔΞΓΑἹΊΟ
1532 4578 1681 4665 ΑΙ)
1752 4576 1958 4664 CAT

2035 4572 2301 4661 INAM
2384 4571 2505 4660 IN
2605 4565 3166 4658 l’SALMOS.

1173 4788 1411 4852 (Catalog.
1448 4802 1565 4840 mss.
1597 4787 1912 4838 bibliothecae
1940 4787 2173 4838 Gothanaa
2193 4787 2262 4845 4°,
2287 4799 2338 4848 p.
2368 4786 2447 4845 25,
2476 4783 2855 4847 l.ipsitr,17lt.)

459 5102 525 5156 Ἦ
561 5102 793 5167 ἔκδοσις,
817 5101 849 5169 ἡ
885 5099 980 5170 μὲν
1012 5097 1105 5151 ἐπὶ
1132 5092 1514 5167 Καρακάλλου,
1540 5090 1635 5146 τοῦ
1661 5089 1949 5161 Ῥωμαίων

2132 5089 2340 5151 Versio,
2398 5088 2485 5140 illa
2529 5088 2744 5152 quidem
2794 5088 3122 5156 imperatore
3167 5087 3465 5153 Caracalla,
3504 5089 3619 5145 lucc

380 5192 880 5261 ἡγεμονεύσαντος·
924 5191 957 5260 ὴ
1009 5188 1065 5241 δὲ
1120 5188 1214 5243 ἐπὶ
1277 5184 1650 5255 Ἀλεξάνδρου,
1706 5182 1799 5236 τοῦ
1849 5182 1946 5251 τῆς

2057 5189 2235 5233 autem
2272 5177 2580 5232 Alexandro
2604 5177 2897 5232 Mammaea:
2923 5176 3031 5231 tilio
3057 5194 3071 5242 ;
3104 5176 3353 5230 obscurae
3384 5188 3619 5246 utraque

381 5281 646 5350 Μαμαίας
673 5294 689 5309 ⁸
726 5279 1000 5349 ἀπάτορες
1038 5276 1137 5347 μὲν
1168 5276 1488 5347 ἀμφότεροι,
1520 5273 1615 5325 καὶ
1645 5269 1943 5341 ἀνώνυμοι,

2055 5270 2290 5340 originis
2321 5280 2371 5322 et
2402 5268 2639 5323 nominis
2665 5267 2853 5339 ignoti.
2888 5276 3246 5337 praeterquam
3291 5268 3431 5335 quod
3486 5284 3612 5321 ncu-

378 5372 516 5439 πλὴν
559 5371 814 5443 οὐδετέρα
840 5370 1090 5440 ἀσφαλής
1122 5385 1135 5398 ·
1169 5370 1261 5422 ἐπὶ
1304 5368 1361 5422 δὲ
1434 5362 1812 5431 Διοκλητιανοῧ
1853 5361 1947 5415 καὶ

2058 5372 2138 5415 tra
2192 5361 2327 5415 satis
2362 5369 2531 5414 certa.
2562 5357 2962 5429 lmpcrant’ibus
2990 5368 3171 5413 autem
3207 5358 3540 5413 Diocletiano
3568 5370 3620 5412 et

378 5462 724 5533 Μαξιμιανοῦ
763 5462 870 5518 τῶν
890 5461 1189 5533 τυράννων,
1217 5462 1243 5515 ὁ
1272 5459 1599 5532 ίερομάρτυς
1629 5454 1943 5517 Λουκιανὸς,

2055 5454 2383 5509 Maximiano
2439 5453 2707 5523 tyrannis,
2759 5451 3034 5508 Lucianus
3083 5465 3289 5524 martyr
3343 5468 3439 5522 pro
3496 5452 3617 5518 ﬁde,

380 5554 520 5627 ἀνὴρ
547 5556 647 5625 οὑχ
678 5550 840 5627 ἧττον
867 5552 935 5607 τὰ
965 5551 1075 5606 τῶν
1115 5550 1383 5605 Ἰουδαίων
1421 5547 1866 5620 άκριϐωσάμενος
1908 5545 1942 5614 ἢ

2064 5548 2144 5599 \ir
2176 5549 2266 5616 qui
2302 5560 2406 5599 non
2443 5543 2631 5599 minus
2656 5543 2970 5600 Grzecorum
3005 5560 3168 5615 quam
3202 5542 3509 5599 Judaaorum
3540 5545 3622 5601 lit-

381 5649 451 5700 τὰ
499 5647 792 5719 Ἑλλήνων,
814 5646 913 5712 τὰς
933 5645 1154 5700 ἐκείνων
1188 5636 1510 5717 βίῦλουςνείς
1544 5644 1642 5704 τὴν
1670 5640 1946 5711 ἡμετέραν

2053 5649 2195 5692 teras
2224 5636 2607 5707 percalluerat,
2641 5637 2853 5695 illarum
2887 5638 3056 5692 libros
3084 5638 3137 5691 in
3165 5644 3415 5692 nostrum
3445 5646 3622 5691 trans-

382 5740 661 5793 διάλεκτον
710 5740 1063 5812 μετατίθησιν
1100 5736 1303 5810 ἄριστά.
1333 5754 1390 5792 τε
1417 5735 1511 5791 καὶ
1537 5734 1946 5803 ἀσφαλέστατα,

2053 5729 2175 5782 tulit
2209 5742 2517 5782 sermonem
2542 5728 2745 5797 optime
2774 5739 2827 5783 et
2862 5728 3214 5798 peritissime.
3235 5726 3345 5783 Nos
3379 5744 3506 5784 vero
3529 5731 3618 5799 qui

394 5828 583 5900 Ἣμείς
613 5832 669 5884 δὲ
698 5832 791 5884 καὶ
817 5832 914 5901 τὴν
945 5832 1198 5902 τοιαύτην
1236 5830 1446 5884 ἔκδοσιν
1472 5825 1845 5897 σεϐαζόμενοι,
1882 5826 1947 5895 τῇ

2056 5820 2234 5891 magni
2266 5821 2604 5879 aestimamus
2637 5821 2839 5877 habere
2871 5819 3030 5891 huius
3059 5821 3270 5892 generis
3297 5822 3621 5884 versionem,
