4060 6562
489 399 626 467 1063

1191 404 1586 465 OPUSCULA
1628 402 2256 464 SLRIPTURISTICA
2299 399 2652 462 INCERTE
2687 400 2993 462 AZTATIS.

3585 396 3710 462 10M

484 513 631 566 illam
678 511 798 566 ideo
850 511 1193 583 septuaginta
1241 513 1474 566 duorum
1529 513 1886 582 interpretum
1943 513 2048 565 im-

2171 513 2264 565 :th
2305 511 2710 583 Ἐΰδομὴκοντα
2739 511 2832 564 δύο
2877 509 3270 582 προσκείμεθα,
3310 509 3546 580 μάλιστα
3596 513 3710 564 ἐπεὶ

484 605 675 673 primis
709 604 1014 674 sequimur,
1049 606 1194 674 quod
1228 605 1515 673 insigniter
1542 604 1820 659 llebraica:
1855 605 2051 672 lingua:

484 697 868 766 proprietatem
912 707 1104 752 nostro
1143 713 1400 752 sermone
1443 698 1852 768 expresserim;
1899 706 2052 750 tanto

486 788 704 855 quidem
735 788 937 853 studio,
968 797 1029 842 ut
1059 787 1191 841 dum
1229 789 1355 843 huic
1380 788 1537 843 unice
1569 789 1643 842 rei
1679 788 1872 842 intenti
1905 797 2049 846 sunt.

487 875 784 942 aliquando
816 890 914 929 nec
941 891 1163 930 sensum
1201 891 1301 930 nec
1335 876 1626 931 dictionem
1650 875 1898 929 eamdem
1929 877 2047 927 red-

487 966 638 1020 dant.
675 965 864 1031 lidcm,
923 967 1052 1020 dum
1095 965 1338 1022 Psalmos
1371 975 1670 1036 exponunt,
1696 966 1931 1035 primum
1974 975 2053 1018 at-

488 1073 593 1127 que
623 1061 926 1114 secundum
954 1060 1162 1129 absque
1209 1059 1366 1114 titulo
1395 1058 1658 1112 exhibent
1703 1058 1894 1126 utique
1947 1055 2048 1110 Es-

489 1150 602 1205 drae
627 1153 896 1220 exemplo.
916 1151 1050 1204 Nam
1083 1151 1282 1205 Esdras
1311 1151 1576 1221 imprimis
1609 1150 1842 1219 diligens
1871 1159 1925 1204 et
1959 1150 2056 1203 ho-

491 1252 680 1296 nestus
741 1244 845 1305 vir,
884 1243 1082 1310 illaque
1130 1243 1474 1312 septuaginta
1523 1242 1757 1296 duorum
1803 1242 2056 1297 versione

490 1343 710 1388 centum
736 1346 788 1388 et
815 1335 1210 1405 quinquaginta
1228 1337 1388 1390 annis
1420 1335 1690 1404 superior,
1729 1347 1922 1407 pra3ter
1951 1337 2054 1389 alia

492 1428 658 1480 multa
689 1427 1033 1480 oraculorum
1053 1441 1332 1480 sacrorum
1350 1428 1526 1482 lacera
1551 1437 1604 1482 ct
1627 1429 1914 1498 dissipata,
1934 1443 2057 1497 par-

493 1517 589 1571 tim
615 1516 828 1582 iuertia,
850 1518 1046 1586 partim
1080 1517 1460 1587 frequentibus
1480 1520 1690 1575 exsiliis
1721 1519 2055 1584 Iudaeorum,

2151 604 2496 678 διῃρημένως
2532 603 2630 675 τὴν
2679 606 2778 674 τῆς
2832 603 3113 656 διαλέκτου
3158 602 3458 672 μεταϐολὴν
3487 601 3710 672 ποιησάο

2155 712 2327 764 μενοι,
2365 695 2499 765 μηδὲ
2543 696 2600 747 ὲν
2640 693 2886 757 ἑκάστοις
2939 693 3146 747 ἔννοιαν
3189 696 3282 746 καὶ
3324 693 3470 760 λέξιν
3522 695 3712 748 ἀποδεο

2152 781 2588 841 δὼκασιν.οὗτοι
2635 787 2731 841 καὶ
2780 787 2904 850 τοὺς
2939 786 3185 856 ψαλμοὺς
3224 787 3584 856 μεταθέμενοι
3626 787 3713 839 τὸν

2153 875 2370 946 πρῶτον
2421 876 2516 929 καὶ
2555 875 2648 928 τὸν
2693 875 2944 947 δεύτερον
2987 877 3394 946 ἀνεπιγράφους
3447 877 3711 942 ἐξέθεποο

2153 966 2231 1035 τῷ
2269 967 2474 1037 Ἔσδρα
2518 967 2734 1030 πάντως
2791 966 3275 1036 ἀκολουθήσαντες.
3330 965 3565 1036 Ἔσδρας
3591 968 3716 1038 γὰρ,

2167 1057 2416 1122 Ἰουδαῖος
2455 1058 2758 1129 φιλομαθὴς
2787 1059 2881 1112 καὶ
2933 1058 3216 1121 σπουδαῖος
3262 1059 3422 1128 ἀνὴρ,
3457 1059 3562 1128 πρὸ
3593 1061 3716 1112 ἑκα-

2155 1149 2248 1202 τὸν
2313 1150 2406 1203 καὶ
2458 1153 2795 1221 πεντήκοντα
2849 1149 3111 1203 ἐνιαυτῶν
3142 1148 3246 1219 τῆς
3286 1149 3394 1202 τῶν
3451 1148 3717 1220 Ἐδδομή-

2156 1259 2320 1295 κοντα
2348 1241 2439 1295 δύο
2459 1243 2722 1305 ἐκδόσεως
2747 1241 2920 1296 πολλά
2947 1259 3006 1295 τε
3052 1241 3187 1296 ἄλλα
3215 1241 3323 1295 τῶν
3369 1242 3718 1312 προφητικῶν

2160 1333 2375 1403 βιδλίων
2404 1335 2730 1406 διαρῤυέντα
2761 1334 2821 1387 τὸ
2855 1334 2955 1404 μὲν
2999 1333 3088 1386 διά
3142 1332 3413 1404 ρᾳθυμίαν
3440 1333 3548 1386 τῶν
3597 1335 3722 1386 Ἰου-

2157 1427 2344 1492 δαίων,
2377 1427 2438 1481 τδ
2469 1429 2525 1481 δὲ
2566 1430 2660 1481 καὶ
2685 1428 2772 1481 διὰ
2793 1427 2892 1490 τὰς
2920 1427 3117 1497 συχνάς
3145 1426 3523 1496 αἰχμαλωσίας
3558 1426 3714 1480 πάλιν

2163 1520 2458 1587 συνήγαγε,
2502 1518 2597 1571 καὶ
2633 1518 2815 1587 μέντοι
2838 1519 2932 1570 καὶ
2969 1517 3218 1587 ψαλμοὺς
3246 1516 3607 1588 τρισχιλίονςο
3643 1513 3718 1578 οἷς

490 1606 652 1660 etiam
689 1614 772 1661 ter
815 1608 962 1661 mille
1005 1607 1244 1677 psalmus
1307 1610 1541 1680 collegit,
1585 1609 1783 1680 quibus
1833 1611 2060 1680 singulis

2171 1610 2256 1662 καὶ
2299 1610 2694 1679 ἐπιγράμματα
2758 1608 3001 1661 τέθεικεν
3051 1609 3086 1662 ἃ
3130 1607 3226 1660 νῦν
3276 1608 3516 1678 ἔχουσιν.
3581 1608 3716 1661 Ἀλλ’

492 1712 624 1751 suos
648 1698 842 1752 titulos
860 1701 1043 1770 posuit
1067 1738 1080 1762 ,
1105 1716 1226 1770 quae
1255 1701 1553 1756 etiamnum
1597 1703 1910 1770 prarlerunt.
1939 1703 2058 1756 Ca:-

2165 1700 2390 1770 ὔστερον
2435 1700 2678 1764 Ἐζεκίας
2707 1703 2736 1752 ὁ
2764 1700 3021 1768 θεοσεῦὴς
3067 1699 3350 1769 βασιλεὺς,
3377 1699 3504 1762 τοὺς
3535 1699 3726 1752 ἑκατὸν

495 1800 670 1845 terum
726 1793 993 1848 Ezechias
1045 1809 1136 1848 rex
1182 1795 1471 1864 religiosus
1537 1795 1793 1865 deinceps
1841 1803 2058 1850 centum

2171 1794 2362 1864 μόνους
2405 1793 2498 1846 καλ⁸
2527 1794 2861 1862 πεντήκοντα
2891 1791 3140 1860 ψαλμοὺς
3171 1789 3550 1860 ἐκλεξάμενος,
3605 1791 3726 1852 τοὺς

493 1883 658 1935 modo
687 1892 740 1936 et
781 1884 1177 1954 quinquaginta
1204 1887 1393 1940 electis
1423 1885 1661 1955 reliquos
1690 1886 2059 1955 rejccit.,ldem

2171 1863 2356 1946 ἀλλους
2405 1882 2642 1952 ἡθέτησε
2680 1897 2695 1914 ο
2735 1881 2795 1933 τὸ
2847 1881 2892 1934 δ’
2921 1882 3054 1935 αὐτὸ
3082 1883 3176 1934 καὶ
3229 1882 3358 1951 περὶ
3399 1881 3466 1933 τά
3492 1879 3585 1933 τοῦ
3630 1881 3725 1932 Σο-

495 1972 644 2028 circa
674 1973 986 2031 Salomonis
1016 1978 1182 2033 libros
1229 1978 1490 2041 instituit,
1529 1994 1767 2048 quorum
1814 1979 1961 2034 omni
1996 1993 2064 2033 ex

2171 1975 2441 2045 λομῶντος
2487 1974 2894 2045 συγγράμματα
2947 1973 3238 2042 πεποίηκε,
3269 1971 3396 2042 τρία
3445 1971 3582 2040 μόνα
3639 1971 3729 2037 ὲγ-

494 2077 724 2119 numero
760 2066 935 2121 tribus
970 2069 1161 2122 saltem
1191 2069 1368 2122 locum
1415 2068 1566 2122 dedit
1606 2070 1752 2123 inter
1805 2069 2062 2136 oracula;

496 2154 817 2212 Proverbiis
846 2159 1078 2224 scilicet,
1115 2159 1458 2214 Ecclesiastze
1485 2168 1541 2214 et
1566 2159 1795 2215 Cantico
1817 2179 1831 2225 ;
1857 2162 2066 2215 αιτιοι-εδ

495 2247 765 2302 damnatis
793 2251 1050 2305 oumihus
1075 2267 1417 2320 quacunque
1463 2253 1666 2307 nimius
1729 2254 2064 2323 intelligendi

495 2341 677 2397 factus
729 2341 989 2396 Salomon
1025 2343 1194 2396 velde
1230 2345 1368 2398 coelo
1418 2352 1469 2397 et
1523 2344 1825 2410 elementis,
1864 2347 1944 2398 vel
2001 2345 2069 2400 de

497 2434 700 2504 plantis
739 2450 1036 2504 carumque
1077 2436 1371 2489 virtutibus
1425 2446 1830 2492 commentatus
1865 2436 2063 2492 fuerat.

497 2529 648 2596 Quod
683 2536 864 2582 tamen
901 2545 994 2583 rex
1015 2528 1276 2584 Ezechias
1299 2528 1541 2599 suscepit
1575 2530 1834 2600 religione
1867 2543 2066 2595 motus,

497 2631 559 2675 ut
587 2621 840 2676 mortales
870 2635 1060 2676 omnes
1093 2622 1160 2675 ad
1189 2620 1357 2677 Deum
1388 2621 1740 2692 confugerent
1772 2623 1969 2688 solum,
2003 2623 2070 2678 ab

495 2726 562 2766 eo
604 2711 974 2782 cujuscunque
1019 2712 1357 2782 aegritudinis
1394 2720 1489 2766 aut
1540 2710 1715 2766 morbi
1771 2713 2070 2767 remedium

497 2810 760 2870 peterent,
787 2817 960 2872 neque
979 2803 1247 2873 lapidibus
1270 2813 1318 2858 et
1341 2803 1498 2873 lignis
1523 2803 1751 2860 salutem
1772 2819 1925 2858 suam
1945 2820 2069 2860 cum

498 2900 809 2961 contemptu
879 2894 1120 2947 numinis
1199 2896 1625 2950 committerent.
1704 2893 1770 2951 Et
1839 2898 1906 2952 de
1989 2897 2076 2952 his

499 2983 783 3036 hactenus.
821 2981 964 3038 Duas
993 2995 1174 3039 autem
1201 2986 1555 3042 obscuritatis
1587 2987 1850 3043 librorum
1882 3005 2072 3045 sacru-

498 3088 618 3126 rum
651 3075 894 3129 rationes
945 3076 1192 3146 proferre
1242 3094 1568 3148 possumus;
1631 3080 1881 3150 alteram,
1927 3085 2072 3154 quod

2165 2067 2390 2136 κρίνας⁸
2423 2066 2520 2128 τὰς
2555 2065 2879 2135 Παροιμίας,
2916 2069 3006 2118 τὸν
3048 2063 3500 2134 Ἑκκλησιαστὴν,
3536 2063 3629 2114 καὶ
3671 2061 3732 2113 τὸ

2165 2155 2456 2228 ᾊσμα.Τά
2484 2156 2529 2210 δ’
2550 2157 2684 2211 ἀλλα
2706 2157 2878 2210 πάντα
2896 2157 3324 2226 ἀποδοκιμάσας,
3355 2157 3454 2208 ὅσα
3485 2155 3730 2224 περιττὸς

2168 2253 2264 2322 τὴν
2300 2252 2490 2321 σοφίαν
2515 2251 2805 2320 γενόμενος
2826 2250 2854 2301 ὁ
2893 2249 3144 2318 Σολομῶν
3178 2251 3306 2319 περὶ
3353 2247 3609 2320 οὐρανοῦ,
3640 2248 3732 2300 καὶ

2171 2344 2476 2414 στοιχείων,
2503 2345 2598 2397 καὶ
2638 2343 2846 2412 φυτῶν,
2881 2343 2975 2394 καὶ
3019 2341 3116 2412 τῆς
3160 2342 3391 2393 ἑκάστου
3451 2339 3732 2407 δυνάμεως

2171 2435 2565 2506 συνεγράψατο.
2599 2434 2770 2488 Τοῦτο
2807 2435 2865 2487 δὲ
2909 2433 3051 2486 κατά
3084 2431 3310 2502 γνώμην
3349 2431 3548 2499 εὐσεδῆ
3589 2430 3734 2495 Ἐζε-

2169 2527 2293 2589 κίας
2346 2526 2601 2596 ἐποίησε,
2653 2525 2976 2596 βουλόμενος
3030 2526 3236 2587 πάντας
3293 2522 3610 2593 ἀνθρώπους
3657 2525 3734 2584 είς

2169 2619 2301 2670 Θεὸν
2352 2618 2510 2688 μόνον
2563 2617 2952 2686 καταφεύγειν,
2997 2617 3092 2670 καὶ
3142 2615 3272 2686 παρ’
3323 2613 3488 2668 αὑτοῦ
3548 2614 3734 2684 ζητεῖν

2170 2708 2368 2770 παντὸς
2396 2707 2600 2770 πάθους
2635 2708 2730 2762 καὶ
2758 2707 3064 2777 νοσήματος
3104 2705 3401 2776 θεραπείαν
3424 2722 3438 2736 ο
3475 2703 3610 2758 ἀλλὰ
3663 2704 3736 2774 μὴ

2173 2801 2347 2867 ξύλοις
2377 2802 2471 2855 καὶ
2508 2801 2676 2865 λίθοις
2707 2801 2934 2864 ἑαυτοὺς
2954 2800 3289 2863 ἀνατιθέναι,
3318 2797 3610 2852 κάντεῦθεν
3639 2814 3737 2850 κιο

2169 2895 2454 2966 ταφρονεῑν
2477 2896 2576 2964 τῆς
2604 2893 2697 2946 τοῦ
2721 2892 2856 2946 Θεοῦ
2879 2892 3044 2963 τιμῆς
3076 2907 3091 2921 ⁶
3129 2891 3224 2944 καὶ
3253 2891 3380 2960 περὶ
3411 2889 3510 2959 μὲν
3535 2887 3736 2940 τούτων

2171 2985 2427 3039 τοσαῦτα.
2469 2983 2572 3037 Δύο
2605 2983 2662 3036 δὲ
2707 2983 2884 3046 αίτίας
2921 2982 3021 3052 τῆς
3059 2981 3166 3034 τῶν
3204 2979 3436 3052 Γραφῶν
3473 2979 3670 3044 ἀσαφεί
3711 2995 3737 3040 ς

2172 3077 2345 3128 εἰπεῖν
2375 3075 2568 3145 ἔχομεν
2592 3089 2607 3104 ο
2630 3072 2758 3144 μίαν
2781 3073 2902 3142 μὲν,
2920 3071 3000 3125 ὃτι
3017 3069 3124 3123 ἀπὸ
3149 3070 3249 3138 τῆς
3268 3069 3542 3140 Ἐδραῖδος
3557 3069 3736 3121 διαλέ-

498 3181 564 3220 ex
600 3165 826 3221 Hebraeo
858 3169 910 3222 in
947 3169 1121 3224 Grzcci
1169 3173 1442 3227 sermonis
1494 3176 1738 3230 translati
1769 3187 1898 3230 sunt
1945 3194 2066 3248 pro-

2174 3185 2300 3221 κτου
2321 3169 2396 3230 είς
2414 3167 2510 3237 τὴν
2527 3165 2804 3236 Ἑλληνίδα
2829 3163 3255 3236 μετεδλήθησαν.
3277 3163 3442 3216 Ὅταν
3456 3162 3512 3215 δὲ
3528 3161 3741 3230 γλιττα

498 3257 810 3326 prictatcm.
844 3258 1116 3325 Quantam
1150 3278 1278 3316 vero
1305 3263 1677 3320 dillicultatem
1737 3267 1934 3323 habeat
1966 3271 2069 3324 ali-

498 3363 660 3418 quam
695 3349 934 3422 linguam
983 3355 1049 3407 ail
1091 3354 1315 3411 alterius
1346 3357 1542 3427 lingua:
1593 3359 1862 3415 rationem
1901 3366 2072 3416 inter-

500 3441 722 3512 pretari,
777 3457 970 3499 omnes
1041 3458 1259 3510 norunt,
1308 3457 1577 3519 quotquot
1633 3451 1921 3506 multarum
1968 3454 2074 3508 lin-

499 3549 723 3603 guarum
759 3536 1245 3594 notitiambabent.
1267 3540 1504 3596 Alteram
1538 3557 1688 3607 vero,
1725 3545 1870 3613 quod
1902 3547 2070 3601 multa

499 3623 700 3680 Judzeis
726 3626 950 3682 adversa
980 3631 1395 3686 vaticinationes
1430 3633 1754 3702 praedicunt,
1799 3637 2072 3704 quomodo

502 3717 578 3771 illi
622 3719 1050 3785 exterminandi,
1081 3738 1180 3777 nos
1227 3724 1524 3794 recipiendi
1573 3725 1766 3782 simus.
1799 3726 1876 3781 Ne
1909 3728 2074 3798 igitur

501 3810 597 3864 sia
633 3811 807 3880 primo
842 3813 1023 3866 statim
1056 3815 1246 3869 auditu
1286 3831 1397 3870 rem
1448 3833 1689 3883 omnem,
1740 3828 1796 3873 ut
1821 3831 1921 3885 est,
1980 3821 2075 3876 de-

501 3903 856 3972 prehendant,
886 3917 1137 3961 auctores
1168 3919 1278 3962 tam
1311 3910 1482 3964 tristis
1513 3913 1756 3981 responsi
1815 3923 1963 3968 vates
1993 3915 2076 3968 in-

503 3994 792 4060 terticiant,
834 3996 1112 4068 librosque
1143 4001 1352 4061 tollant.
1382 4001 1500 4056 ideo
1523 4003 1857 4058 obscuritate
1907 4006 2075 4059 inter-

501 4087 823 4156 pretationis
863 4090 1239 4158 praedictiones
1267 4091 1626 4147 involverunt.
1657 4091 1894 4148 Tertium
1931 4095 2072 4164 quod

501 4177 981 4234 destinaveramus
1037 4191 1156 4235 erat
1199 4184 1521 4252 exquirere,
1559 4184 1687 4254 quid
1733 4188 2070 4254 psalterium,

499 4277 554 4322 et
578 4279 796 4324 caetera.
826 4269 958 4326 Dico
986 4271 1148 4341 igitur
1178 4275 1492 4343 psalterium
1515 4275 1935 4331 instrumentum
1956 4293 2077 4330 tnu-

500 4359 644 4414 sices
675 4375 797 4416 esse
822 4361 1009 4418 decem
1044 4364 1398 4432 chordarum,
1427 4382 1807 4436 supremarum
1835 4370 2074 4439 partium

498 4462 772 4507 structura
798 4463 854 4508 et
879 4464 1308 4526 temperamento
1339 4474 1533 4514 sonum
1565 4459 1822 4523 elliciens,
1854 4476 2071 4515 vocem-

2174 3262 2252 3325 είς
2271 3261 2462 3330 ἑτέραν
2478 3257 2810 3330 ὲρμηνευθῇ,
2831 3255 3030 3325 πολλὴν
3051 3255 3163 3326 ἔχει
3185 3255 3490 3316 δυσκολίαν,
3513 3253 3607 3304 καί
3631 3254 3744 3304 ἰσα-

2175 3371 2279 3418 σιν,
2301 3354 2414 3406 ὅσοι
2436 3351 2645 3405 πολλῶν
2675 3349 2936 3420 γλωσσῶν
2963 3349 3235 3420 ἔμπειροι.
3268 3347 3536 3416 Δευτέραν
3553 3346 3630 3409 δὲ,
3662 3347 3742 3396 ὅτι

2175 3447 2346 3502 πολλὰ
2364 3447 2720 3518 προλέγουσιν
2742 3445 2853 3506 τοῖς
2869 3443 3141 3506 Ἰουδαίοις
3159 3443 3215 3494 αἱ
3235 3442 3559 3512 προφητεῐαι
3575 3441 3740 3502 κακὰ,

2176 3542 2270 3594 καὶ
2303 3539 2375 3601 ὡς
2424 3538 2580 3592 αὐτοὶ
2628 3537 2728 3608 μὲν
2781 3535 3229 3606 ἐκϐληθήσονται,
3263 3535 3423 3604 ἡμεῖς
3469 3531 3527 3583 δὲ
3578 3529 3745 3582 sicas-

2175 3630 2516 3702 χθησόμεθα.
2544 3629 2638 3682 ⁴Ὶν⁹
2667 3627 2760 3682 οὖν
2796 3628 2869 3698 μὴ
2901 3626 3087 3695 σαφῶς
3112 3625 3442 3686 ἀκούσαντες
3475 3620 3626 3693 παρά
3650 3623 3744 3690 τὴν

2177 3722 2350 3794 ἀρχὴν
2383 3721 2820 3792 διαχειρίσωνται
2861 3720 2988 3782 τοὺς
3014 3717 3272 3779 λέγοντας
3311 3715 3484 3769 ταῦτα
3523 3714 3739 3783 προφή-

2177 3837 2293 3884 τας,
2323 3819 2416 3872 καὶ
2442 3819 2509 3871 τά
2532 3817 2710 3888 βιδλία
2737 3815 3064 3885 ἀφανίσωσι,
3092 3813 3179 3867 διὰ
3206 3810 3364 3866 τοῦτο
3394 3813 3458 3881 τῇ
3487 3809 3745 3879 δυσκολία

2176 3918 2276 3981 τῆς
2301 3911 2594 3984 ἑρμηνείας
2646 3909 2746 3972 τὰς
2795 3908 3131 3980 προρρήσεις
3175 3905 3517 3974 ἀπέκρυψαν.
3551 3904 3746 3973 Τρίτον

2179 4005 2467 4074 προέκειτο
2511 4002 2766 4073 ζητῆσαι,
2792 4001 2846 4054 τί
2894 3999 2956 4052 τὸ
2993 3998 3312 4068 ψαλτήριον,
3354 3998 3447 4050 καὶ
3493 3995 3560 4049 τά
3594 3995 3744 4062 ἑξῆς.

2182 4095 2336 4148 Ἐστι
2383 4094 2561 4148 τοίνυν
2595 4093 2657 4146 τὸ
2680 4091 2976 4162 ψαλτήριον
3021 4090 3252 4160 ὄργανον
3302 4087 3748 4159 μουσικδνςδεκά-

2178 4187 2389 4257 χορδον,
2424 4187 2487 4239 ἑκ
2517 4185 2625 4240 τῶν
2649 4183 2857 4238 ἀνωθεν
2895 4182 3080 4254 μερῶν
3103 4182 3204 4246 τῆς
3227 4179 3574 4250 κατασκευῆς
3607 4182 3748 4233 ἀπο-

2177 4276 2368 4330 τελοῦν
2411 4277 2503 4330 τὸν
2539 4271 2696 4345 ἦχον,
2723 4275 3078 4345 ἐναρμονίους
3120 4275 3245 4338 τοὺς
3296 4273 3572 4343 φθόγγους
3609 4272 3750 4343 πρὸς

2177 4369 2275 4434 τὴν
2329 4368 2395 4420 ὲκ
2444 4367 2543 4436 τῆς
2575 4366 2759 4435 φωνῆς
2809 4366 3076 4436 μελῳδίαν
3105 4364 3408 4418 ἀποδιδοῦν.
3449 4363 3603 4435 Παρά
3646 4365 3750 4432 μὲν

2193 4460 2466 4530 Ἑϐραίοις
2501 4459 2671 4512 ναύλα
2699 4457 3009 4529 λεγόμενον,
3047 4458 3174 4529 παρ’
3199 4457 3427 4527 Ἕλλησι
3455 4456 3510 4510 δὲ
3545 4455 3753 4526 κιθάρα

498 4559 606 4614 que
636 4547 972 4602 tnodulatum
1011 4548 1076 4602 ad
1109 4549 1359 4604 humana:
1391 4550 1540 4603 vocis
1589 4559 1913 4606 concentum
1977 4568 2066 4606 ac-

2181 4551 2599 4622 ὸνομαζόμενον.
2614 4551 3070 4604 Κατεσκευάσατο
3080 4551 3151 4619 γά
3159 4567 3189 4622 ρ
3218 4551 3401 4613 αὐτοῖς
3417 4549 3576 4620 ὀρθὸν
3591 4549 3753 4614 ξύλον

497 4638 861 4693 commodam.
888 4637 1127 4693 llebraais
1151 4641 1370 4709 quidem
1401 4641 1642 4694 nablium
1678 4641 1900 4706 dicitur,
1923 4643 2070 4697 Gne-

498 4727 578 4781 cis
607 4729 816 4784 cithara
871 4731 1044 4785 audit.
1109 4732 1335 4786 Rectum
1391 4733 1466 4786 illi
1504 4733 1706 4800 lignum
1763 4743 1958 4804 parant
2019 4743 2074 4788 et

499 4819 816 4876 alterutram
849 4821 904 4876 in
945 4831 1152 4893 partem
1191 4824 1446 4878 inﬂexum
1475 4824 1601 4878 huic
1632 4825 1865 4880 chordas
1914 4826 2073 4879 indu-

500 4917 632 4962 cunt
659 4907 905 4966 intensas
937 4913 1145 4966 decem.
1183 4913 1426 4978 Quarum
1462 4928 1805 4983 unaquaeque
1856 4914 1924 4968 ad
1955 4931 2072 4969 ver-

501 4996 660 5052 ticem
713 5002 940 5056 seorsim
975 5003 1177 5074 illigata
1215 5015 1318 5069 est,
1349 5005 1472 5059 inde
1517 5009 1693 5075 capita
1740 5006 2069 5063 chordarum

498 5088 822 5158 dependent.
863 5090 1059 5147 Decem
1112 5094 1255 5148 enim
1292 5095 1474 5164 paxilli
1499 5107 1595 5149 aut
1643 5097 1892 5153 verticilli
1924 5100 2070 5155 circa

499 5182 740 5236 cubitum
783 5198 944 5254 quem
979 5185 1166 5240 dicunt
1213 5187 1456 5251 citharae,
1490 5195 1834 5257 torquentur,
1874 5190 2071 5259 quibus

499 5273 767 5328 chordaeis
801 5276 1098 5345 aliquando
1125 5276 1499 5356 intenguntur,
1527 5279 1795 5334 interdum
1823 5281 2072 5336 laxantur

499 5366 566 5420 ad
603 5367 822 5420 modum
854 5378 1154 5424 concentus
1190 5378 1284 5423 aut
1319 5369 1528 5424 libitum
1559 5371 1875 5428 citharistae.
1898 5375 2072 5444 Atque

500 5455 603 5510 hoc
625 5465 708 5510 est
732 5457 876 5525 quod
902 5474 1131 5530 magnus
1151 5458 1386 5516 Basilius
1406 5462 1556 5525 dicit,
1573 5462 1889 5532 psalterium
1918 5464 2070 5520 initia

499 5562 694 5603 vocum
717 5547 914 5606 habere
939 5551 990 5605 in
1016 5567 1251 5610 summo.
1269 5553 1450 5622 Neque
1475 5556 1642 5622 enim,
1663 5562 1724 5611 ut
1745 5555 1798 5611 in
1829 5557 1950 5613 aliis
1977 5574 2072 5613 vo-

497 5655 622 5695 cum
682 5642 920 5711 organis,
970 5656 1160 5702 cantor
1204 5648 1576 5718 attemperatis
1638 5650 1805 5706 semel
1853 5651 2072 5707 chordis

499 5733 677 5786 otiose
705 5734 860 5804 quasi
893 5737 1135 5793 abutitur
1159 5739 1407 5810 pulsibus
1434 5756 1449 5806 ;
1482 5740 1572 5796 sed
1626 5749 1750 5812 post
1799 5750 2070 5812 tempera-

501 5837 745 5883 mentum
799 5843 994 5887 rocum
1026 5829 1218 5888 dextra
1275 5831 1500 5906 quidem
1541 5833 1812 5906 plectrum
1870 5842 2071 5890 tractat

2183 4643 2276 4698 καὶ
2322 4643 2744 4714 ἀπαρέγκλιτον,
2777 4641 2969 4714 χορδαὶ
3000 4643 3058 4697 δὲ
3097 4644 3154 4695 ὲν
3203 4641 3380 4712 τούτῳ
3417 4641 3550 4694 δέκα
3600 4641 3749 4693 ἐτεί-

2178 4750 2353 4787 νοντο.
2396 4732 2634 4804 Ἐκάστη
2678 4732 2736 4786 δὲ
2765 4732 2875 4786 τῶν
2903 4732 3110 4803 χορδῶν
3132 4734 3210 4796 είς
3235 4731 3296 4786 τὸ
3326 4731 3748 4802 ἀκροτελεύτιον

2176 4825 2272 4879 τοῦ
2320 4824 2619 4896 ψαλτηρίου
2667 4825 3015 4897 διῃρημένως
3063 4825 3496 4895 ὲναπεσφίγγετο
3527 4841 3542 4855 θ
3590 4825 3649 4878 αί
3691 4824 3752 4876 δὲ

2179 4918 2350 4990 ἀρχαὶ
2378 4917 2486 4972 τῶν
2515 4917 2719 4988 χορδῶν
2750 4917 3001 4971 καθίεντο
3046 4917 3274 4972 ἀνωθεν.
3311 4917 3454 4970 Δίκα
3499 4917 3610 4987 γὰρ
3652 4917 3749 4969 κό⁸

2176 5010 2352 5075 λαὸοι,
2405 5010 2503 5064 εἴτ’
2559 5007 2654 5064 οὖν
2703 5009 3068 5064 πασσαλίσκοι
3117 5009 3246 5083 περὶ
3277 5011 3369 5064 τὸν
3421 5011 3599 5081 πῆχυν
3652 5009 3752 5062 τοῦ

2176 5099 2479 5172 ψαλτηρίου
2529 5099 2889 5171 στρεφόμενοι
2942 5099 3210 5152 ὲτείνοντο
3259 5099 3359 5170 τὴν
3404 5099 3602 5170 χορδὴν
3652 5101 3754 5152 καὶ

2177 5193 2405 5265 ὲχάλων,
2437 5191 2574 5263 πρὸς
2609 5191 2668 5245 δὲ
2698 5192 2790 5244 τὸν
2817 5190 3024 5262 ῥυθμὸν
3045 5191 3142 5261 τῆς
3168 5191 3457 5262 ἁρμονίας,
3483 5191 3578 5244 καὶ
3611 5191 3754 5260 πρὸς

2176 5286 2236 5338 τὸ
2264 5284 2356 5338 τοῦ
2387 5283 2676 5355 ψαλτῳδοῦ
2716 5283 2979 5354 βούλημα.
3000 5285 3110 5336 Καὶ
3139 5283 3296 5336 τοῦτό
3325 5285 3492 5347 ἐστιν,
3524 5284 3552 5336 ὃ
3581 5300 3756 5352 φησιν

2177 5379 2204 5431 ὁ
2232 5377 2408 5448 μέγας
2438 5375 2832 5440 Βασίλειος,ὂτι
2858 5374 2920 5429 τὺ
2939 5375 3235 5447 ψαλτήριον
3258 5374 3463 5429 ἀνωθεν
3491 5373 3606 5444 ἔχει
3638 5374 3758 5425 τῶν

2177 5468 2428 5538 φθόγγων
2452 5467 2546 5531 τὰς
2573 5467 2936 5538 ἀφορμάς.οὑ
2958 5468 3085 5537 γάρ,
3107 5467 3256 5520 ῶσπε
3265 5484 3298 5538 ρ
3320 5467 3414 5520 ἐπὶ
3441 5465 3550 5519 τῶν
3570 5465 3756 5521 ἄλλων

2175 5558 2600 5630 ὀργάνων,ἆπαξ
2623 5559 2651 5612 ὁ
2671 5559 2925 5629 μουσικὸς
2951 5559 3394 5630 ὲναρμοσάμενος
3425 5559 3524 5622 τάς
3549 5559 3757 5629 χορδᾶς

2176 5651 2547 5722 ἀπραγμόνως
2598 5651 2797 5722 χρῆται
2832 5650 2911 5720 τῷ
2949 5650 3241 5722 κρούματι,
3267 5650 3404 5704 ἀλλά
3452 5651 3590 5721 μετά
3646 5651 3758 5720 τὴν

2178 5741 2446 5814 ἁρμονίαν
2498 5743 2532 5813 ἡ
2585 5742 2682 5813 μὲν
2734 5741 2882 5807 δεξιά
2928 5741 2990 5795 τὸ
3038 5742 3316 5814 πλῆκτρον
3363 5743 3758 5812 μεταχειρίζε-

2179 5851 2270 5888 ται
2301 5851 2316 5866 ο
2382 5835 2418 5906 ἠ
2471 5833 2528 5889 δὲ
2596 5833 2722 5890 λαιά
2761 5833 2966 5891 ἀνωθεν
3009 5834 3408 5907 ὲπιτενξαμένη
3455 5835 3568 5888 τῶν
3617 5851 3760 5904 χορ·
