4054 6616
374 437 518 501 1065

1310 417 1706 486 ΡΒΕῈΑΤΙΟ
1744 420 1844 482 AD
1877 413 2226 482 CATENAM
2249 411 2342 483 -ΙΝ
2373 414 2726 480 PSALMOS.

3471 391 3608 480 nias
3635 439 3640 442 -

355 551 464 605 δῶν
519 544 662 602 κατά
716 540 1026 604 διαστάσεις
1057 579 1073 606 ,
1129 535 1226 592 καὶ⁸
1279 535 1464 589 πυκνά
1540 534 1666 597 τοὺς
1725 529 1929 586 δακτύ-

2062 530 2256 584 inislra
2289 545 2417 585 vero
2459 530 2512 583 in
2543 545 2758 585 summo
2775 527 3008 587 chordas
3033 525 3306 598 stringens
3331 527 3610 598 perlntn-r-

359 644 483 706 λους
543 639 910 710 μετατιθεῖσα,
938 634 1109 706 βαρὺν
1159 633 1194 705 ἢ
1243 630 1369 698 ὀξὺν
1411 628 1504 683 τὸν
1557 627 1792 698 φθόγγον
1840 625 1932 694 ἐρ-

360 733 606 802 γάζεται.
649 728 866 785 Πολλῶν
897 727 955 782 δέ
999 726 1167 779 ὄντων
1194 722 1445 795 ὀργάνων
1504 719 1800 791 μουσικῶν,
1830 715 1930 790 τὴν

362 823 542 894 βίϐλον
567 822 678 875 τῶν
729 818 976 890 Ὶναλμῶν
1023 816 1160 888 πρὸς
1203 818 1266 869 τδ
1306 814 1598 884 λεγόμενον
1637 809 1934 881 ψαλτήριον

361 915 602 985 ἥρμοσεν
633 914 662 966 ό
686 912 994 984 προφήτης,
1024 911 1144 980 ἐμοῖ
1177 907 1376 970 δοκεῖν,
1410 905 1510 976 τήν
1537 902 1743 959 ἄνωθεν
1775 899 1929 972 αὑτῷ

363 1005 661 1077 ἐνηχοῦσαν
700 1004 857 1075 χάριν
897 1001 1047 1072 παρά
1093 999 1189 1053 τοῦ
1235 997 1551 1068 Πνεὺματος
1594 991 1934 1062 ἐνδεικνύμε-

365 1115 454 1161 νος
479 1112 493 1127 ·
517 1097 656 1151 διότι
693 1097 849 1150 τοῦτο
881 1095 1040 1166 μόνον
1076 1093 1184 1146 τῶν
1219 1091 1497 1164 μουσικῶν
1538 1089 1788 1160 ὁργάνων
1834 1087 1936 1157 τὴν

367 1189 548 1243 αἰτίαν
565 1188 672 1242 τῶν
694 1188 946 1259 φθόγγων
979 1188 1042 1240 ἐκ
1073 1186 1182 1240 τῶν
1214 1184 1424 1240 ἄνωθεν
1445 1182 1577 1254 ἔχει,
1600 1181 1675 1246 ὡς
1697 1179 1950 1253 εἴρηται.,

367 1280 448 1350 Τῇ
476 1281 676 1352 κιθάρᾳ
714 1281 814 1352 μέν
835 1281 966 1352 γάρ,
990 1281 1094 1334 καὶ.
1113 1284 1178 1353 τῇ
1221 1280 1362 1351 λύρᾳ
1389 1277 1634 1332 κάτωθεν
1665 1278 1694 1330 ὁ
1726 1276 1929 1346 χαλκὸς

372 1370 578 1440 ὑπηχεῖ
617 1369 753 1438 πρὸς
780 1369 842 1422 τὸ
886 1369 1160 1440 πλῆκτρον
1188 1385 1203 1402 °
1233 1368 1295 1422 τὸ
1331 1367 1628 1438 ψαλτήριον
1675 1360 1734 1418 δὲ
1776 1363 1936 1417 τοῦτο

369 1462 476 1514 τῶν
516 1459 828 1533 ἁρμονικῶν
867 1459 1092 1532 ῥυθμῶν
1139 1459 1344 1513 ἄνωθεν
1385 1458 1498 1528 ἔχει
1525 1456 1623 1521 τὰς
1655 1454 1934 1526 ἀφορμάς,

371 1553 459 1607 ἵνα
486 1553 579 1606 καὶ
609 1554 769 1622 ἡμεῖς
807 1551 876 1606 τά
903 1552 1014 1607 ἄνω
1056 1554 1243 1624 ζητεῖν
1271 1550 1610 1623 μελετῶμεν,
1642 1549 1738 1603 καὶ
1769 1548 1845 1621 μὴ
1869 1550 1936 1619 τῇ

371 1643 530 1716 ἡδονῇ
575 1644 669 1697 τοῦ
708 1643 902 1716 μέλους
924 1643 1020 1697 ἐπὶ⁵
1058 1644 1128 1698 τὰ
1151 1643 1253 1714 τῆς
1293 1642 1494 1714 σαρκὸς
1517 1641 1663 1712 πάθη
1693 1656 1938 1710 καταφε-

371 1737 614 1808 ρὼμεθα.
643 1739 878 1792 Κάκεῖνο
901 1737 958 1790 δέ
980 1732 1133 1808 οἶμαι
1163 1736 1256 1790 τὸν
1276 1735 1612 1806 προφητικὸν
1649 1733 1805 1802 λόγον
1839 1731 1936 1802 βα-

372 1831 508 1892 θέως
549 1831 681 1900 ἡμῖν
734 1829 826 1883 κα)⁵
869 1828 1048 1897 σοφῶς
1089 1828 1177 1882 διὰ
1208 1829 1309 1899 τῆς
1354 1825 1448 1880 τοῦ
1494 1825 1724 1896 ὀργάνου
1767 1840 1939 1877 κατα-

2039 621 2179 676 valla
2207 632 2260 676 et
2294 620 2485 676 crebro
2513 621 2776 674 oberrans
2805 620 3009 690 digitis,
3041 635 3236 676 sonum
3271 631 3365 675 aut
3392 633 3609 692 gravem

2038 721 2133 767 aut
2154 721 2371 767 acutum
2393 711 2574 767 eﬂicit.
2596 711 2858 777 Quamvis
2877 720 3007 766 vero
3029 728 3135 766 nun
3164 723 3327 766 unum
3350 713 3420 767 sit
3448 725 3611 781 orga-

2040 815 2169 859 num
2223 803 2516 869 musicum,
2551 799 2890 858 Psalmurum
2925 809 3105 858 tamen
3151 799 3350 858 librum
3386 807 3451 857 ad
3477 803 3612 859 illud

2040 894 2184 964 quod
2207 895 2520 964 psalterium
2570 893 2767 949 dicitur
2789 895 3027 950 maxime
3064 896 3498 950 accommodavit
3522 912 3614 949 va-

2043 996 2145 1050 tes,
2166 997 2223 1042 ut
2242 987 2373 1043 mihi
2395 987 2622 1053 videtur,
2653 987 2879 1058 gratiam
2903 987 3048 1041 illam
3078 988 3253 1044 sancti
3278 989 3516 1058 Spiritus
3545 990 3616 1042 si-

2042 1073 2396 1149 gniﬁcaturus
2444 1090 2566 1147 qua:
2612 1091 2678 1134 ex
2711 1077 2821 1132 alto
2876 1077 3098 1149 profusa
3149 1079 3508 1134 suavissimos
3561 1081 3614 1133 in

2046 1168 2168 1239 ipso
2202 1171 2393 1225 modos
2427 1171 2596 1226 cieret
2630 1187 2643 1225 :
2680 1170 2808 1240 quia
2842 1169 2947 1225 hoc
2999 1171 3177 1224 solum
3214 1170 3353 1224 inter
3408 1171 3616 1225 musica

2042 1261 2425 1325 instrumenta,
2442 1273 2660 1329 vocum,
2681 1262 3016 1329 utdiximus,
3035 1274 3230 1318 causas
3249 1277 3280 1316 a
3302 1265 3618 1317 summitate

2043 1352 2224 1407 habet.
2247 1352 2482 1409 Cithara:
2502 1353 2718 1424 quidem
2737 1366 2790 1409 et
2808 1354 2934 1426 lyrae
2957 1353 3024 1409 ad
3055 1353 3244 1423 plectri
3281 1354 3498 1425 pulsum
3543 1370 3618 1410 ms

2043 1445 2271 1509 interius
2301 1446 2594 1517 respondet
2649 1465 2664 1503 :
2713 1448 3024 1518 psalterium
3051 1457 3229 1504 autem
3263 1458 3616 1504 numerorum

2046 1537 2379 1592 musicorum
2430 1537 2486 1592 in
2538 1549 2754 1593 summo
2790 1554 2983 1594 causas
3013 1539 3192 1604 habet,
3224 1549 3284 1594 ut
3315 1548 3368 1594 et
3398 1556 3499 1596 nos
3550 1543 3617 1595 ad

2047 1639 2285 1699 superna
2314 1630 2603 1698 quaerenda
2634 1640 2735 1685 nos
2765 1641 3169 1701 comparemus,
3201 1642 3301 1688 nec
3333 1633 3618 1688 lenociniis

2046 1729 2240 1775 cantus
2277 1722 2345 1775 ad
2369 1721 2545 1776 studia
2577 1723 2760 1777 carnis
2787 1721 3128 1792 dejiciamur.
3164 1722 3276 1778 Hoc
3304 1723 3448 1778 enim
3477 1725 3615 1778 divi-

2047 1812 2102 1866 ni
2123 1814 2262 1868 vatis
2282 1828 2613 1880 sermonem,
2632 1813 2898 1884 sapientia
2917 1815 2968 1870 in
2997 1814 3186 1886 primis
3218 1818 3491 1872 recondita
3525 1831 3621 1886 per

375 1920 580 1990 σκευῆς
630 1917 979 1988 ἐνδεδεῖχθαι,
1003 1919 1086 1972 ὅτι
1128 1919 1177 1971 οἱ
1211 1916 1468 1988 ἐμμελεῖς
1494 1917 1591 1970 καὶ
1622 1916 1947 1987 ἐνάρμοστοι

2060 1904 2402 1960 instrumenti
2431 1907 2592 1977 hujus
2620 1917 2952 1962 structuram
2990 1909 3148 1965 nobis
3170 1908 3487 1978 indigilasse
3509 1913 3621 1982 opi-

374 2009 472 2071 τάς
521 2007 698 2080 ψυχάς
743 2009 935 2081 ῥᾳδίαν
972 2009 1153 2078 έχουσι
1189 2008 1290 2077 τὴν
1321 2009 1400 2073 εἰς
1443 2005 1512 2060 τὰ
1559 2006 1671 2061 ἄνω
1700 2004 1945 2078 πορείαν.

374 2099 448 2152 Τὸ
489 2099 546 2152 δέ
571 2099 866 2171 ψαλτήριον
920 2099 1242 2170 δεκάχορδον
1267 2097 1327 2153 ὃν
1357 2097 1778 2170 αἰνιγματωδῶς
1807 2113 1950 2168 παρ·

376 2189 567 2260 ιδήλου
630 2191 692 2244 τὸ
731 2190 912 2262 σῶμα,
969 2191 1065 2245 ἆτε
1112 2191 1271 2245 πέντε
1319 2188 1598 2259 αἰσθήσεις
1665 2187 1808 2258 ἔχον,
1858 2185 1954 2242 καὶ

377 2287 539 2336 πέντε
573 2283 672 2353 τῆς
721 2283 896 2354 ψυχῆς
930 2283 1232 2353 ἐνεργείας,
1263 2282 1331 2336 δι’
1375 2281 1613 2352 ἑκάστης
1646 2278 1952 2350 αἰσθήσεως

378 2375 677 2445 γινομένης
730 2373 1010 2446 ἐνεργείας
1059 2373 1317 2444 ἐκάστης.
1344 2373 1512 2428 Ὅταν
1555 2371 1664 2443 γάρ
1719 2371 1952 2425 ἕκαστον

382 2467 734 2538 αἰσθητήριον
772 2467 975 2538 ἑκάστῃ
1005 2466 1232 2536 δυνάμει
1259 2466 1361 2530 τῆς
1408 2464 1585 2535 ψυχῆς
1633 2464 1952 2535 προσαρμό-

386 2573 592 2626 σωμεν,
623 2557 718 2610 καὶ
757 2554 893 2628 πρὸς
936 2556 996 2609 τὸ
1027 2557 1171 2627 ἱερὸν
1205 2555 1365 2627 μέλος
1423 2555 1618 2618 αὐτοὺς
1658 2553 1954 2627 διοργανώ-

387 2665 592 2718 σωμεν,
607 2648 926 2719 δεκάχορδον
949 2648 1210 2720 γινόμεθα
1237 2649 1536 2720 ψαλτήριον
1559 2647 1636 2719 τῷ
1659 2647 1800 2720 Θεῷ,
1820 2649 1952 2719 ἡμῖν

389 2740 489 2808 μὲν
529 2740 1053 2812 μουσουργοῦμενον,
1091 2741 1241 2813 καλῷ
1266 2740 1322 2794 δέ
1361 2740 1601 2815 τεχνίτῃ,
1634 2739 1712 2812 τῷ
1771 2739 1944 2794 Πνεῠο

391 2848 522 2902 ματι
553 2833 1007 2905 ἀνακρουόμενον.
1051 2833 1212 2888 Ἀλλά
1238 2833 1482 2887 τοιοῦτον
1518 2834 1618 2904 μὲν
1657 2833 1718 2886 τδ
1743 2832 1950 2904 ψαλτή-

389 2943 505 2996 ριον
539 2942 555 2956 ο
583 2925 795 2996 ψαλμδς
826 2927 882 2981 δέ
905 2929 1020 2982 ἐστι
1049 2925 1205 2996 λόγος
1242 2925 1520 2996 μουσικὸς,
1558 2924 1651 2978 καὶ
1686 2923 1853 2994 ὕμνος
1876 2922 1954 2995 τῷ

389 3017 508 3088 Θεῷ
539 3019 965 3090 προσαγόμενος,
986 3019 1096 3073 άπὸ
1116 3018 1210 3072 τοῦ
1239 3017 1537 3088 ψαλτηρίου
1571 3016 1803 3088 ὀργάνου
1835 3016 1958 3088 κλη-

391 3110 525 3175 θείς.
555 3111 646 3163 Διδ
668 3112 723 3165 αἱ
745 3110 902 3165 ἄλλαι
925 3111 1163 3181 Γραφαὶ,
1193 3112 1312 3162 ἐπεὶ
1347 3109 1421 3181 μὴ
1442 3108 1579 3179 πρὸς
1609 3108 1770 3161 αὐλὸν
1796 3107 1958 3177 ἐψάλ-

389 3199 562 3265 λοντο,
596 3202 693 3272 τῆς
721 3201 814 3254 τοῦ
844 3199 1057 3271 ψαλμοῦ
1101 3200 1422 3272 ἐστέρηνται
1459 3199 1722 3270 κλήσεως.
1751 3199 1870 3270 Χρὴ
1899 3199 1955 3252 δὲ

397 3291 533 3363 μηδέ
587 3292 867 3364 διάψαλμα
913 3292 1290 3364 παραδραμεῖν
1331 3291 1665 3364 ἀθεώρητον.
1701 3291 1826 3346 Τισὶ
1859 3291 1958 3362 μὲν

396 3383 699 3456 μεταϐολήν
727 3382 820 3437 τοῦ
850 3384 1137 3456 νοήματος,
1165 3383 1198 3454 ἢ
1236 3383 1579 3454 πράγματος,
1604 3382 1636 3454 ἢ
1663 3382 1958 3452 προσώπου

394 3477 678 3548 σημαίνειν
725 3475 983 3546 ἐνομίσθη
1022 3475 1083 3528 τὸ
1133 3473 1594 3546 διάψςιλμαοτισὶ⁵
1650 3474 1708 3527 δὲ
1762 3473 1960 3544 μέλους

394 3569 714 3641 ἐναλλαγὴν,
750 3569 879 3620 πότε
913 3567 1011 3638 μὲν
1045 3567 1342 3639 βαρύτερον
1379 3566 1790 3637 άπηχουμένου,
1822 3565 1961 3619 πότε

395 3661 452 3714 δὲ
483 3660 756 3731 ὀξύτερον,
788 3661 1002 3730 Ἕτεροι
1048 3660 1108 3714 δέ
1145 3677 1340 3730 φασιν,
1372 3659 1454 3712 ὅτι
1489 3657 1756 3721 συντιθεὶς
1803 3658 1831 3711 ὁ
1857 3657 1963 3710 Δα-

396 3753 483 3807 διδ
526 3753 757 3807 ἕκαστον
793 3753 900 3806 τῶν
927 3751 1158 3824 ψαλμῶν
1206 3750 1493 3822 παρεδίδου
1529 3749 1610 3802 ἐνὶ
1674 3749 1842 3820 χορῷ,
1866 3750 1962 3810 καὶ

398 3844 625 3913 ἔψαλλεν
652 3845 856 3898 ἐκεῖνον
886 3846 942 3898 ἐν
965 3844 1158 3914 ἐκείνῳ
1189 3842 1268 3912 τῷ
1313 3841 1480 3912 χορῷ.
1507 3841 1568 3894 Ei
1612 3840 1668 3894 δέ
1717 3858 1820 3894 που
1847 3840 1962 3894 ἕδο-

399 3938 489 4004 ξεν
517 3937 662 4007 αὑτῷ
692 3936 832 3992 κατὰ
861 3938 1026 4008 μέσον
1072 3935 1167 3989 τοῦ
1198 3934 1441 4006 ψαλμοῦ,
1486 3933 1581 3988 καὶ
1619 3934 1765 4004 ἄλλῳ
1815 3931 1964 4004 χορῷ

403 4029 733 4102 παραδοῦναι
761 4030 819 4083 τὸ
839 4027 1022 4082 λοιπὸν
1075 4027 1170 4081 τοῦ
1218 4025 1452 4096 ψαλμοῦ,
1482 4027 1604 4080 τότε
1637 4026 1732 4078 καὶ
1760 4028 1792 4096 ή
1845 4026 1964 4079 δια-

399 4120 530 4190 δοχὴ
553 4119 644 4173 τοῦ
675 4119 882 4191 ῥυθμοῦ
915 4119 1158 4172 ἐκαλεῖτο
1197 4117 1498 4188 διάψαλμα.
1559 4118 1751 4187 Ἡμεῖς
1777 4118 1832 4172 δὲ
1861 4119 1965 4182 τὰς

401 4225 460 4262 τε
495 4210 601 4262 τῶν
654 4211 930 4280 προτέρων
965 4207 1260 4278 ὑπολήψεις
1317 4209 1415 4262 οὐκ
1446 4208 1850 4280 ἀποϐάλλομεν·
1882 4209 1964 4261 ἐν·

405 4300 596 4372 νοῆσαι
625 4299 682 4355 δέ
714 4318 789 4367 τι,
820 4302 912 4354 καὶ
957 4303 1084 4372 παρ’
1115 4300 1322 4354 ἑαυτῶν
1363 4301 1500 4374 πρὸς
1530 4300 1626 4372 τήν
1672 4301 1768 4355 τοῦ
1800 4301 1966 4372 ῥητοῦ

408 4391 680 4462 σημασίαν
712 4392 813 4446 οὐκ
846 4395 1246 4464 ἁποκνήσομεν.
1286 4392 1553 4466 Τοιαύτην
1584 4390 1677 4448 οὖν
1703 4411 1826 4447 τινα
1871 4392 1968 4447 τοῦ

405 4483 772 4554 διαψάλματος
800 4479 1169 4555 κατελάϐομεν
1197 4485 1296 4558 τήν
1325 4486 1584 4552 διάνοιαν,
1611 4486 1693 4538 ὅτι
1747 4487 1970 4558 προϊού-

2051 2007 2171 2060 nor,
2207 1997 2352 2067 quod
2387 1998 2602 2054 animus
2635 2000 2950 2055 moderatus
2981 2012 3034 2056 et
3087 2003 3423 2072 compositus
3455 2014 3622 2074 expe-

2051 2088 2220 2143 ditum
2245 2089 2349 2144 iter
2381 2091 2575 2147 habeat
2604 2092 2671 2147 ad
2717 2093 2931 2148 altiora.
2964 2090 3286 2150 Psalterium
3310 2102 3490 2152 autem
3513 2099 3620 2165 ,ἀυ-

2053 2194 2170 2235 cem
2223 2181 2444 2238 chordis
2471 2198 2736 2241 resonans
2793 2195 2889 2256 per
2929 2183 3155 2258 figuram
3192 2200 3393 2258 carpus
3431 2195 3622 2245 osten-

2052 2269 2131 2324 dit
2173 2272 2415 2342 quinque
2464 2272 2738 2341 sensibus,
2772 2285 2826 2330 et
2857 2278 3098 2332 animum
3144 2280 3387 2352 quinque
3446 2279 3620 2338 facul-

2055 2364 2256 2419 tatibus
2305 2365 2611 2434 praeditum,
2668 2383 2901 2438 quarum
2957 2371 3186 2440 singqu
3231 2387 3326 2443 per
3375 2375 3625 2445 singulos

2055 2469 2248 2509 sensus
2291 2453 2468 2510 oilieio
2533 2472 2634 2512 suo
2697 2460 3016 2530 funguntur.
3056 2455 3158 2516 Ubi
3196 2463 3344 2518 enim
3374 2465 3623 2536 singulos

2055 2565 2252 2607 sensus
2272 2551 2502 2623 singulis
2524 2552 2720 2608 anima:
2741 2553 3090 2611 facultatibus
3116 2562 3622 2626 accommodamus,

2055 2651 2109 2696 et
2153 2643 2219 2697 ad
2277 2659 2434 2699 usum
2493 2659 2665 2700 sacras
2722 2646 3114 2704 modulationis
3175 2659 3623 2721 attemperamus,

2056 2734 2372 2804 psalterium
2415 2735 2602 2792 decem
2627 2737 2956 2794 chordarum
2998 2739 3110 2796 Deo
3139 2742 3439 2813 ellieimur;
3476 2749 3624 2816 quod

2059 2845 2087 2883 a
2113 2830 2268 2886 nobis
2301 2832 2518 2902 quidem
2549 2832 2812 2887 melodice
2840 2833 3234 2902 conformatur,
3264 2836 3358 2892 sed
3390 2853 3419 2892 a
3451 2840 3626 2908 perito

2059 2919 2268 2977 artilice
2322 2933 2512 2979 sancto
2547 2923 2750 2994 Spiritu
2783 2925 3051 2996 pulsatur.
3086 2920 3218 2982 Tale
3252 2938 3433 2983 autem
3478 2933 3624 3001 psal-

2060 3015 2280 3069 terium.
2319 3011 2572 3072 Psalmus
2627 3025 2810 3072 autem
2834 3028 2918 3072 est
2961 3033 3144 3074 sermo
3206 3018 3546 3088 modulatus,
3573 3033 3630 3077 et

2059 3105 2294 3176 hymnus
2325 3108 2393 3162 ad
2428 3103 2598 3164 Deum
2625 3109 2887 3178 directus,
2912 3125 2942 3166 a
2975 3111 3233 3182 psalterio
3264 3107 3628 3168 instrumento

2062 3210 2259 3251 nomen
2304 3197 2546 3255 trahens.
2594 3199 2775 3267 Quare
2816 3200 2922 3255 alia
2955 3200 3176 3271 quidem
3213 3201 3501 3257 Librorum
3534 3219 3625 3258 sa-

2061 3304 2278 3344 crorum
2299 3289 2594 3358 volumina,
2628 3290 2753 3363 quia
2781 3291 2849 3347 ad
2879 3292 3066 3348 tibiam
3101 3308 3211 3348 non
3263 3293 3624 3358 canebantur,

2061 3379 2274 3455 psalmi.
2301 3382 2523 3437 nomine
2587 3392 2800 3438 carent.
2849 3382 3020 3439 Porro
3078 3400 3252 3456 neque
3296 3386 3630 3457 diapsalma-

2065 3471 2136 3524 tis
2172 3471 2502 3528 mentionem
2567 3475 2817 3532 omittere
2881 3475 3027 3533 licet.
3082 3475 3420 3546 Quibusdam
3481 3480 3628 3536 enim

2063 3565 2546 3621 commutationem
2579 3582 2797 3636 sensus,
2825 3575 2921 3625 aut
2953 3570 3052 3638 rei,
3080 3577 3174 3626 aut
3195 3587 3441 3642 persona:
3460 3573 3631 3644 signi-

2066 3654 2233 3710 ﬁcare
2259 3657 2527 3712 creditum
2555 3672 2640 3714 est
2663 3659 3010 3731 diapsalma;
3043 3662 3367 3733 quibusdam
3401 3680 3523 3720 vero
3546 3665 3632 3721 di-

2067 3748 2302 3803 scrimen
2331 3762 2527 3806 cantus
2555 3751 2849 3823 aliquando
2876 3755 3096 3824 gravius
3125 3757 3452 3811 autacutius
3482 3773 3634 3812 resu-

2071 3842 2272 3897 nantis.
2305 3841 2411 3898 Alii
2434 3843 2644 3909 dicunt,
2692 3843 2950 3900 Davidem
2992 3846 3081 3901 ubi
3109 3846 3342 3919 aliquem
3373 3849 3636 3922 hymnum

2065 3937 2453 4005 composuerit,
2478 3938 2710 4008 aliquem
2731 3953 2761 3993 e
2778 3939 2961 3994 eboris
2982 3947 3269 3996 cantorum
3297 3942 3632 4008 adhibuisse,

2068 4027 2432 4098 eumdemque
2457 4028 2597 4084 inter
2620 4031 2743 4085 illos
2766 4030 3102 4086 modulatum
3137 4046 3279 4088 esse.
3305 4032 3488 4089 Sirubi
3507 4052 3636 4090 vero

2067 4117 2242 4172 eidem
2268 4118 2444 4174 visunt
2470 4117 2933 4177 fueritdiilindere
2977 4119 3135 4192 quasi
3165 4124 3453 4193 psalmum,
3508 4143 3636 4197 par-

2076 4211 2299 4275 temque
2319 4205 2584 4276 reliquam
2615 4207 2771 4262 alteri
2796 4204 3009 4265 cuidam
3036 4211 3206 4268 choro
3237 4213 3472 4280 tradere,
3509 4225 3639 4271 tunc

2070 4293 2191 4350 illas
2208 4295 2460 4350 cantandi
2492 4295 2637 4352 vices
2667 4296 2836 4354 fuisse
2863 4299 3161 4370 diapsalma
3185 4304 3501 4372 appellatas.
3525 4303 3636 4360 Nos

2070 4403 2200 4442 vero
2222 4387 2365 4442 sicut
2404 4389 2648 4457 priorum
2701 4391 3043 4461 conjecturas
3068 4407 3178 4447 non
3211 4393 3492 4464 rejieimus
3512 4437 3526 4459 ,
3563 4397 3636 4451 ita

2072 4478 2306 4534 inventis
2390 4480 2596 4550 aliquid
2684 4481 2881 4537 addere
2948 4484 3092 4538 circa
3183 4485 3636 4556 signiﬁcationem

407 4593 505 4647 σης
535 4577 677 4630 κατὰ
712 4577 773 4630 τὸ
801 4575 1095 4631 ἀκόλουθον
1119 4577 1218 4648 τῆς
1252 4577 1595 4649 ψαλμῳδὶας,
1623 4579 1719 4632 ἐάν
1748 4596 1832 4642 τις
1855 4579 1955 4646 ἐγέι

2075 4571 2225 4626 verbi
2284 4587 2392 4627 non
2455 4573 2784 4628 verebimur.
2835 4574 3004 4646 igitur
3068 4575 3337 4646 ejusmodi
3399 4577 3636 4648 aliquam

407 4684 526 4719 νετο
568 4666 768 4737 μεταξὺ
817 4665 1248 4737 προφητεύοντος
1308 4664 1403 4720 τοῦ
1449 4664 1613 4720 Δαϐιδ
1661 4664 1824 4738 ἑτέρα
1873 4665 1966 4720 τοῦ

409 4759 563 4827 ἁγίου
588 4758 898 4828 Πνεὺματος
949 4758 1069 4812 θεία
1104 4757 1387 4828 έλλαμψις,
1430 4761 1524 4812 καὶ⁹
1559 4759 1844 4830 προσθήκη
1875 4757 1968 4812 τοῦ

408 4853 548 4905 κατὰ
575 4851 670 4923 τὴν
698 4853 899 4920 γνῶσιν
921 4853 1279 4923 χαρίσματος,
1309 4852 1394 4904 ἐπ’
1423 4851 1661 4923 ὠφελείᾳ
1682 4851 1789 4905 τῶν
1823 4852 1972 4921 δεχοο

412 4946 589 5017 μένων
619 4944 717 5015 τὴν
766 4944 1123 5016 προφητείαν,
1162 4944 1378 5016 ἐπέχων
1405 4943 1502 5014 τὴν
1532 4941 1739 5014 φωνὴν,
1781 4941 1974 5012 καιρὸν

408 5038 577 5092 ἐδίδνιυ
601 5039 668 5108 τῇ
706 5037 932 5108 διανοίᾳ,
959 5035 1213 5103 δέξασθαι
1244 5036 1353 5090 τῶν
1382 5037 1666 5108 νοημάτων
1697 5035 1796 5106 τὴν
1833 5035 1973 5104 γνῶ·

411 5145 496 5182 σιν
534 5127 642 5182 τῶν
689 5129 991 5198 γινομένων
1047 5130 1106 5180 ἐν
1162 5128 1309 5199 αὐτῷ
1353 5129 1503 5200 παρά
1552 5127 1656 5198 τῆς
1699 5127 1848 5190 θείας
1890 5127 1974 5180 ἐλ-

410 5219 688 5291 λάμψεως.
729 5221 838 5274 Καὶ
883 5220 1074 5292 ὥσπερ
1123 5217 1382 5283 πολλάκις
1412 5219 1555 5283 τινές
1584 5217 1703 5290 μετ’
1729 5219 1974 5289 ἀλλήλων

409 5309 801 5380 διαλεγόμενοι,
835 5310 891 5363 εἴ
947 5311 1110 5365 ποθεν
1153 5311 1326 5383 ἁθρόα
1368 5311 1564 5383 ήχησις
1610 5310 1728 5374 ταῖς
1784 5310 1975 5374 ἀκοαῖς

413 5401 732 5474 προσϐάλοι,
761 5404 1094 5475 παυσάμενοι
1134 5402 1228 5457 τοῦ
1282 5402 1465 5474 λόγου,
1507 5402 1644 5476 πρὸς
1687 5404 1778 5456 τὸν
1842 5400 1976 5474 ἦχον

411 5497 481 5562 τῇ
509 5493 719 5564 διανοίᾳ
756 5495 1135 5561 συντείνονται,
1163 5494 1358 5566 σχολὴν
1387 5494 1716 5566 παρέχοντες
1745 5493 1812 5548 δι’
1843 5496 1976 5564 ἡσυ-

411 5586 536 5658 χίας
575 5589 644 5658 τῇ
691 5587 850 5659 ἀκοῇ,
875 5587 966 5639 τοῦ
997 5587 1200 5655 γνῶναι
1247 5586 1342 5640 τοῦ
1399 5588 1533 5658 ήχου
1583 5587 1683 5658 τήν
1722 5585 1972 5656 δύναμιν,

417 5674 536 5733 εἶτα
570 5680 920 5750 παυσαμένης
949 5678 1046 5748 τῆς
1074 5679 1450 5751 προσηχούσης
1481 5678 1663 5750 φωνῆς
1688 5678 1850 5733 πάλιν
1879 5679 1975 5730 άλ-

418 5770 601 5842 λήλοις
633 5769 970 5838 διαλέγονται
1011 5786 1027 5802 ·
1067 5768 1210 5823 οὕτω
1244 5771 1338 5824 καὶ
1373 5773 1401 5825 ὁ
1434 5771 1608 5842 μέγας
1640 5769 1808 5824 Δαόὶδ
1847 5770 1978 5823 imo-

419 5862 672 5932 φητεύων
705 5860 782 5930 τῷ
806 5859 1102 5930 Πνεῦματι,
1127 5860 1272 5931 άπερ
1323 5879 1383 5916 τε
1420 5861 1631 5936 φθάσας
1668 5861 1860 5934 ἔμαθε,
1893 5861 1974 5916 δι-

739 5957 1011 6019 ΡΑτιιοι..
1057 5958 1172 6018 Gn.
1216 5958 1373 6024 ενι.

2076 4662 2530 4734 signiﬁcationem
2587 4663 2959 4735 diapsalmatis
3010 4666 3492 4737 deprehendimus,
3583 4683 3642 4727 ut

2077 4756 2408 4825 procedente
2471 4772 2537 4811 ex
2597 4758 2790 4812 ordine
2833 4767 3026 4824 cantu,
3080 4759 3126 4814 si
3187 4775 3292 4830 qua
3342 4769 3479 4815 nova
3509 4767 3646 4817 vati-

2075 4847 2282 4902 cinanti
2313 4848 2584 4904 accideret
2616 4850 2786 4905 divini
2818 4849 3055 4920 Spiritus
3080 4852 3412 4908 illuminatio
3440 4863 3494 4908 et
3546 4870 3641 4909 ac-

2075 4943 2250 4996 cessio
2275 4941 2461 5011 gratia:
2491 4943 2839 4999 revelationis
2859 4985 2873 5008 ,
2905 4943 2958 4999 in
2991 4960 3151 4999 usum
3174 4961 3364 5001 eorum
3395 4949 3488 5019 qui
3512 4964 3635 5002 aus-

2075 5033 2349 5087 cultarent
2372 5034 2736 5104 pmphetiam,
2768 5035 2857 5092 ille
2882 5037 3111 5092 inhibita
3141 5053 3272 5094 voce
3302 5049 3517 5110 tempus
3547 5042 3643 5095 de-

2075 5122 2217 5177 derit
2261 5123 2446 5178 animo
2503 5137 2636 5189 suo,
2712 5126 2779 5180 ad
2840 5128 3247 5199 percipiendum
3310 5130 3642 5186 intellectmn

2076 5214 2462 5285 cogitationum
2479 5257 2494 5281 ,
2518 5232 2656 5286 quas
2683 5218 3010 5275 illuminatio
3038 5220 3222 5276 divina
3245 5222 3298 5278 in
3319 5223 3411 5277 illo
3432 5225 3611 5278 excita
3628 5253 3646 5266 -

2077 5308 2190 5362 bat.
2221 5307 2336 5363 Non
2372 5323 2534 5364 secus
2591 5320 2755 5382 atque
2786 5313 2964 5366 solent
2989 5315 3082 5384 qui
3121 5314 3266 5369 inter
3293 5330 3352 5370 se
3378 5313 3645 5369 confabu-

2077 5398 2298 5466 lantur,
2337 5401 2382 5455 si
2425 5399 2553 5471 quis
2600 5417 2770 5457 sonus
2802 5404 3020 5472 gravior
3059 5421 3223 5462 aures
3264 5407 3600 5477 percusserit
3625 5449 3640 5472 ,

2077 5492 2284 5548 omisso
2318 5500 2608 5559 sermone,
2651 5496 2718 5550 ad
2741 5511 2948 5552 sonum
2989 5499 3231 5556 animum
3278 5511 3640 5568 convertunt,

2080 5585 2359 5655 otiumque
2382 5585 2607 5640 auribus
2639 5601 2736 5657 per
2762 5587 3039 5645 silentium
3069 5591 3334 5659 praebent,
3362 5593 3426 5649 ad
3481 5593 3643 5650 intel-

2079 5675 2351 5744 ligendam
2411 5687 2607 5734 cantus
2663 5679 3159 5751 signiﬁcationem;
3201 5701 3328 5740 mox
3363 5699 3492 5742 vero
3519 5695 3674 5764 eos-r-

2081 5781 2238 5827 sante
2262 5783 2480 5828 cantum
2513 5788 2644 5848 voce
2676 5789 2871 5831 rursus
2899 5775 3238 5847 colloquium
3263 5789 3524 5850 repetunt,
3558 5759 3651 5836 Sl-

2082 5863 2307 5920 millime
2338 5879 2566 5936 magnus
2598 5865 2769 5924 David
2798 5881 2984 5924 vocem
3011 5871 3425 5928 aceommodam
3464 5870 3668 5943 Spiri-'

3224 5964 3302 6027 3’s
