4060 6564
472 333 608 400 1067

1181 334 1575 399 OPUSCULA
1614 335 2251 401 SCRIPTURISTICA
2291 338 2643 403 lNCERT/E
2672 340 2981 404 AETATIS.

3572 341 3709 406 1068

470 450 547 504 tui
578 455 792 515 sancto,
826 462 1059 521 quaeque
1087 446 1375 517 didicerat,
1410 449 1542 505 dum
1575 451 1848 507 cantionis
1879 467 2029 524 argtr

2150 452 2296 525 εξῄει
2318 456 2387 524 τῇ
2447 453 2686 527 μελῳδία
2704 472 2716 485 ·
2744 453 2839 508 καὶ
2869 455 2922 508 εί
2944 470 2996 507 τι
3040 452 3243 525 μεταξὺ
3268 451 3440 522 λέγων
3467 453 3711 511 ἐπεδιδά-

467 548 711 595 mentum
742 539 927 595 animo
968 538 1359 610 praecipiebat,
1402 539 1647 596 carmine
1697 543 1949 611 exponit;
1985 551 2040 597 et

466 629 511 683 si
556 629 686 699 quid
724 629 865 684 inter
897 629 1203 686 enitendum
1238 632 1472 702 amplius
1514 632 1866 703 percipiebat,
1898 632 2041 689 initi-

467 722 581 776 hita
636 722 922 777 harmonia
971 738 1133 781 aures
1184 725 1500 782 advertebat
1542 726 1771 798 Spiritui
1809 738 2036 795 sancto,

466 814 640 882 perite
669 814 1009 881 succinenti,
1057 824 1117 870 ut
1159 817 1358 888 quibus
1389 818 1595 874 interea
1640 817 2039 874 sensibusim-

464 907 643 975 pletus
687 904 865 962 fuerat
893 948 908 972 ,
935 908 1057 964 illos
1085 909 1264 965 denuo
1280 910 1596 980 explicaret.
1618 909 1713 965 Est
1740 910 1903 979 igitur
1920 909 2042 964 dia-

463 1000 674 1071 psalma
695 1000 837 1056 inter
852 1002 1182 1067 canendum,
1220 1010 1382 1072 atque
1413 1002 1466 1056 in
1501 1002 1618 1072 ipso
1637 1002 1902 1057 orationis
1932 999 2035 1055 ilu-

464 1093 612 1149 mine
644 1095 825 1151 suhito
876 1096 1013 1150 iacta
1064 1109 1232 1164 pausa
1268 1095 1335 1148 ad
1385 1093 1785 1163 perceptionem
1829 1096 2037 1165 cogita-

465 1186 631 1241 tionis
660 1186 919 1241 divinitus
952 1185 1305 1253 interpositio.
1338 1183 1451 1239 Aut
1485 1184 1787 1253 diapsalma
1815 1194 1898 1240 est
1937 1188 2036 1241 do-

462 1278 641 1331 ctrina
679 1276 938 1347 Spiritus,
975 1275 1190 1330 occulte
1215 1277 1610 1345 superveniens
1632 1277 1816 1332 animo
1839 1317 1854 1341 ,
1884 1277 2034 1348 ejus-

463 1384 572 1440 que
634 1369 780 1424 circa
846 1366 1232 1439 cogitationem
1280 1368 1529 1423 eamdem
1580 1368 1891 1432 intentioni.
1924 1386 2033 1439 qua

462 1460 633 1515 series
665 1459 1055 1514 modulationis
1093 1459 1456 1528 abrumpitur.
1500 1456 1577 1515 Ne
1604 1471 1785 1515 tamen
1834 1463 2033 1533 vulgus

462 1561 709 1607 autumet
741 1552 1018 1609 silentium
1061 1552 1192 1608 illud
1229 1554 1443 1625 signum
1485 1569 1639 1619 esse,
1688 1553 1835 1624 quod
1862 1555 2035 1610 virtus

462 1645 702 1716 Spiritus
722 1646 896 1701 sancti
944 1646 1326 1702 vaticinantem
1371 1646 1704 1709 destituerit.
1743 1648 1865 1702 ideo
1892 1663 2036 1703 non-

467 1739 601 1793 nulli
648 1739 1006 1810 interpretum
1066 1753 1169 1811 pro
1210 1737 1571 1809 diapsalmate
1609 1740 2035 1797 continuationis

462 1838 648 1884 notam
717 1830 1025 1885 inscribunt
1075 1830 1383 1887 intervallis
1444 1848 1460 1898 ;
1524 1839 1583 1887 ut
1624 1832 1728 1887 hoc
1788 1833 2029 1888 maxime

462 1920 627 1976 modo
681 1922 960 1977 discamus
1001 1923 1174 1978 sancti
1254 1923 1475 1994 quidem
1524 1922 1759 1994 Spiritus
1803 1925 2035 1994 gratiam

463 2010 652 2064 nullihi
698 2011 965 2074 deiicere;
1005 2020 1264 2067 cteterum
1300 2027 1648 2078 sermonem,
1690 2014 2036 2084 interpretem

459 2104 680 2158 illorum
704 2097 733 2171 ,’
757 2118 877 2175 qua:
903 2101 1169 2161 divinitus
1201 2104 1389 2160 animo
1420 2105 1695 2174 incidunt,
1733 2106 2031 2176 aliquando

459 2194 715 2251 hmsitare
768 2212 782 2248 :
822 2203 986 2266 atque
1030 2195 1138 2251 alia
1184 2195 1405 2267 quidem
1467 2199 1668 2252 mentis
1701 2196 1875 2261 eﬂ‘ari,
1928 2197 2035 2253 alia

456 2288 733 2359 excipere.
772 2287 949 2357 Atque
999 2287 1173 2342 donec
1225 2285 1426 2341 effatur
1478 2302 1711 2353 sensus,
1746 2287 1838 2357 qui
1874 2286 2034 2341 intel-

457 2380 623 2435 lectui
684 2378 1102 2450 imprimuntur,
1160 2377 1353 2434 ordine
1402 2379 1645 2434 succedit
1702 2377 2032 2445 modulatio;

455 2473 674 2545 qu0ties
716 2481 901 2527 autem
972 2471 1265 2528 sublimius
1310 2480 1366 2527 et
1410 2472 1653 2528 divinius
1690 2471 1819 2543 quid
1873 2486 2035 2527 aures

456 2566 657 2623 mentis
698 2567 1108 2633 circumsonat,
1156 2566 1389 2623 inhibito
1421 2568 1620 2633 cantu‘,
1669 2575 1823 2622 totus
1852 2576 1933 2621 est
1979 2566 2035 2621 in

458 2653 751 2713 audiendo.
807 2655 1058 2712 lntcruus
1141 2655 1306 2729 igitur
1375 2657 1549 2713 sancti
1630 2655 1886 2727 Spiritus,
1942 2655 2035 2710 illo

456 2752 581 2823 ipso
641 2746 853 2804 silentii
919 2757 1167 2819 tempore
1226 2749 1281 2804 in
1343 2748 1435 2803 illo
1492 2749 1801 2819 loquentis,
1850 2762 2034 2804 sermo

454 2843 622 2899 etiam
660 2838 948 2896 intervalla
996 2840 1087 2896 illa
1132 2840 1509 2897 continuabat.
1546 2838 1896 2896 intervallum
1932 2856 2036 2895 au-

452 2946 561 2991 tem
611 2934 790 3005 ipsum
840 2932 1232 3004 interpretibus
1286 2932 1588 3005 diapsalma
1620 2942 1874 2989 vocatum
1916 2942 2021 2989 est.

454 3028 768 3099 Diapsalma
819 3035 1003 3082 tamen
1057 3042 1165 3082 non
1219 3042 1470 3098 pausam,
1507 3027 1602 3083 sed
1649 3024 2031 3097 inSpirationis

2143 562 2321 611 σκετο,
2348 545 2566 615 ὑπέχων
2597 545 2695 615 τὴν
2731 542 2833 615 τῆς
2865 544 3043 616 ψυχῆς
3084 544 3255 615 ἀκοὴν
3282 544 3360 616 τῷ
3416 544 3707 615 πνεύματι,

2143 632 2322 696 καλῶς
2360 632 2661 704 ἐνηχοῦντι,
2689 633 2782 687 καὶ
2813 634 3196 701 κατασιγάζων
3218 633 3283 688 τὸ
3316 633 3498 705 μέλος,
3524 629 3601 690 ῶν
3633 633 3703 691 αὖ

2140 724 2354 797 πλήρης
2380 724 2609 794 ἐγίνετο,
2636 723 2808 778 ταῦτα
2843 724 3008 779 πάλιν
3046 724 3270 796 διεξῄει.
3301 727 3488 781 Ἔστιν
3513 726 3606 781 οὖν
3648 728 3711 781 τὸ

2142 816 2420 889 διάψαλμα
2451 816 2653 889 μεταξὺ
2695 816 2794 885 τῆς
2824 816 3143 889 ψαλμῳδίας
3175 817 3433 889 γινομένη
3480 819 3622 873 κατὰ
3650 819 3711 873 τδ

2140 910 2335 983 ἀθρόον
2354 912 2711 983 ὕπηρέτησις,
2750 908 2884 980 πρὸς
2906 908 3172 979 ὑποδοχὴν
3188 908 3281 963 τοῦ
3312 907 3499 962 θεόθεν
3527 910 3713 963 ἔπεισ-

2140 1002 2460 1075 κρινομένου
2508 1003 2798 1073 νοήματος.
2836 1002 2906 1054 Ἣ
2950 1000 3227 1071 διάψαλμὰ
3278 1001 3424 1054 ἐστιν
3459 1000 3714 1054 διδασκα-

2138 1095 2226 1149 λία
2252 1094 2346 1149 τοῦ
2386 1094 2722 1161 Πνεῦματος,
2751 1096 2816 1166 τῇ
2848 1094 2994 1165 ψυχῇ
3022 1092 3162 1148 κατὰ
3190 1092 3252 1147 τὸ
3279 1093 3587 1165 ἀπόρρητον
3616 1092 3711 1161 ἑγ-

2138 1186 2430 1258 γινομένη.
2458 1186 2558 1256 τῆς
2606 1185 2733 1255 περὶ
2771 1184 2832 1238 τὸ
2887 1185 3066 1255 νόημα
3108 1183 3269 1238 τοῦτο
3327 1182 3620 1253 προσοχῆς,
3648 1182 3712 1234 τὸ

2141 1278 2360 1350 συνεχὲς
2406 1275 2504 1347 τῆς
2559 1276 2825 1348 μελῳδίας
2872 1275 3333 1348 περικοπτούσης.
3372 1275 3486 1328 Ἵνα
3527 1274 3583 1327 δὲ
3632 1274 3711 1343 μὴ

2139 1372 2435 1442 νομίσωσιν
2453 1370 2502 1425 οί
2552 1371 2757 1437 πολλοὶ,
2788 1372 2869 1425 ὅτι
2901 1372 2935 1441 ἡ
2982 1369 3162 1442 σιωπὴ
3198 1368 3428 1441 σημεῖόν
3448 1370 3568 1421 ἐστι
3612 1366 3709 1421 τοῦ

2140 1463 2537 1518 ἐπιλελοιπέναι
2559 1464 2648 1517 τὸν
2672 1462 3082 1535 προφητεύοντα
3107 1462 3206 1532 τὴν
3229 1459 3328 1515 τοῦ
3358 1460 3517 1529 ἁγίου
3539 1458 3713 1513 Πνεῦ-

2144 1572 2311 1625 ματος
2356 1554 2604 1625 δὺναμιν,
2635 1556 2825 1609 τούτου
2859 1556 3022 1627 χάριν
3071 1552 3218 1617 τινὲς
3252 1550 3362 1606 τῶν
3400 1550 3708 1623 ἑρμηνέων,

2138 1647 2258 1701 ἀντὶ
2292 1646 2387 1701 τοῦ
2432 1647 2805 1718 διαψάλματος
2833 1648 2895 1702 τὸ
2923 1646 3011 1701 ἀεὶ
3039 1647 3152 1709 τοῖς
3198 1644 3554 1715 διαλείμμασι
3582 1642 3709 1697 τοῦ·

2136 1756 2247 1803 τοις
2278 1739 2646 1811 ἐγγράφουσιν
2673 1754 2688 1769 ⁶
2726 1739 2801 1804 ὼς
2821 1739 2887 1794 ἂν
2925 1738 3013 1792 διὰ
3041 1741 3232 1793 τούτου
3268 1736 3550 1807 μάθωμεν,
3569 1736 3652 1789 ὅτι
3673 1737 3709 1807 η

2140 1831 2240 1898 μὲν
2289 1832 2381 1884 τοῦ
2433 1832 2591 1901 ἁγίου
2630 1830 2950 1902 Πνεύματος
2982 1836 3141 1903 χάρις
3190 1831 3419 1885 πάντοτε
3445 1823 3549 1903 ἦν*
3584 1830 3613 1882 ό
3652 1828 3710 1883 δὲ

2139 1921 2455 1995 ἑρμηνεύων
2480 1923 2547 1979 τὰ
2602 1925 2925 1996 ὲγγινόμενα
2957 1923 3143 1977 θεόθεν
3188 1926 3257 1995 τῇ
3288 1923 3432 1994 ψυχῇ
3463 1922 3712 1994 νοήματα

2136 2013 2314 2084 λόγος,
2345 2015 2406 2069 οὐ
2432 2016 2661 2070 πάντοτε
2683 2012 2750 2088 ἦν
2772 2032 2788 2047 ·
2818 2015 2955 2071 ἀλλὰ
2984 2016 3044 2069 τὸ
3078 2015 3178 2087 μὲν
3197 2014 3454 2085 ὲξεφώνει
3472 2017 3573 2085 τῆς
3597 2014 3711 2068 δια-

2136 2107 2305 2171 νοίας,
2343 2106 2403 2160 τὸ
2426 2108 2483 2161 δὲ
2512 2108 2818 2179 ὑπεδέχετο.
2858 2108 2946 2161 Ἐν
2970 2099 3015 2177 ᾧ
3050 2108 3149 2175 μὲν
3187 2106 3297 2178 γὰρ
3323 2105 3614 2176 ἐξηγόρευε
3644 2106 3711 2159 τὰ

2137 2197 2517 2253 ιντυπωθέντα
2573 2202 2638 2270 τῇ
2689 2198 2900 2271 διανοίᾳ
2939 2201 3209 2271 νοήματα,
3239 2198 3435 2270 προῄει
3459 2197 3523 2251 δι⁹
3582 2198 3711 2252 ἁκο-

2136 2289 2326 2344 λούθου
2366 2290 2729 2363 ήψαλμῳδία·
2763 2292 2811 2345 εί
2856 2292 2915 2345 δέ
2946 2309 2999 2345 τι
3022 2290 3130 2345 τῶν
3176 2290 3462 2361 θειοτέρων
3490 2292 3589 2360 τὴν
3610 2292 3710 2359 τῆς

2135 2383 2313 2455 ψυχῆς
2350 2384 2518 2455 ἀκοὴν
2554 2385 2910 2456 περιήχησεν,
2942 2384 3063 2448 ὅλος
3114 2384 3214 2453 τῆς
3259 2383 3579 2454 ἀκροάσεως
3617 2377 3709 2453 ἦν.

2136 2476 2523 2545 κατασιγάζων
2554 2478 2614 2531 τὸ
2651 2477 2832 2548 μέλος.
2881 2477 2993 2530 Ἀεὶ
3016 2477 3195 2530 τοίνυν
3219 2474 3313 2529 τοῦ
3347 2474 3504 2544 ἁγίου
3535 2474 3709 2527 Ilvati-

2140 2586 2326 2640 ματος,
2356 2569 2451 2623 καὶ
2502 2567 2653 2640 παρὰ
2692 2570 2785 2622 τὸν
2825 2568 2926 2639 τῆς
2964 2567 3175 2637 σιωπῆς
3208 2567 3419 2639 καιρὸν,
3446 2567 3504 2619 ὲν
3560 2564 3711 2637 αὐτῷ

2135 2661 2423 2724 λαλοῦντος
2470 2662 2498 2714 ὁ
2524 2661 2681 2731 λόγος
2721 2664 2778 2715 ὲν
2832 2660 3219 2732 διαλείμμασιν
3247 2655 3317 2732 ἦν
3346 2676 3362 2691 ⁸
3397 2660 3456 2713 τὸ
3498 2659 3556 2712 δὲ
3588 2658 3708 2712 διά-

2135 2753 2344 2825 λειμμα
2390 2753 2542 2825 παρὰ
2588 2753 2697 2807 τῶν
2746 2753 3034 2825 ἑρμηνέων
3058 2752 3352 2824 ὠνομάσθη
3404 2750 3707 2822 διάψαλμα.

2134 2846 2259 2901 Ὀτι
2304 2846 2361 2900 δὲ
2402 2845 2679 2915 θειοτέρας
2719 2846 3005 2910 ἐπιπνοίας
3047 2844 3298 2909 ὲπίτασίς
3343 2845 3461 2898 ἐστι
3488 2842 3548 2897 τὸ
3589 2842 3708 2897 διά-

2137 2940 2346 3012 ψαλμα,
2374 2938 2621 2993 ἐντεῦθεν
2671 2939 2737 2994 ἄν
2786 2956 2869 3003 τις
2917 2937 3147 2994 κατίδοι.
3184 2939 3274 2992 Ἐν
3301 2937 3411 3008 γὰρ
3451 2938 3517 3008 τῇ
3561 2938 3707 3006 ἀρχῇ

2138 3030 2231 3084 τοῦ
2261 3030 2447 3103 τρίτου
2474 3028 2693 3101 ψαλμοῦ
2726 3028 2824 3093 τὰς
2870 3030 3078 3094 οίκείας
3134 3028 3421 3101 συμφορὰς
3463 3029 3492 3082 ό
3546 3026 3710 3081 Δαδὶδ

453 3122 652 3177 divinae
696 3120 1061 3177 intensionem
1100 3134 1263 3186 esse,
1310 3119 1393 3177 vel
1427 3120 1551 3175 inde
1584 3119 1710 3190 quis
1742 3120 2025 3189 intelligat.

2135 3123 2479 3195 ὀλοφύρεται,
2506 3123 2601 3178 καὶ
2652 3122 3079 3193 διαπορούμενος
3136 3122 3286 3190 λέγει
3312 3162 3327 3186 ,
3360 3139 3379 3173 ι
3418 3120 3588 3191 Κύριε
3608 3161 3623 3183 ,
3653 3120 3708 3172 τί

452 3210 616 3269 Initio
650 3213 797 3267 enim
854 3210 1047 3281 psalmi
1101 3210 1279 3277 tertii,
1329 3211 1459 3265 dum
1500 3210 1830 3265 domesticas
1880 3210 2027 3264 cala-

453 3305 674 3360 mitates
704 3302 875 3358 David
926 3302 1207 3373 deplorat,
1253 3301 1414 3374 inops
1444 3302 1660 3358 consilii
1692 3303 1940 3372 queritur
1994 3318 2009 3355 :

456 3393 705 3462 Domine,
739 3390 872 3465 quid
906 3386 1248 3463 multiplicati
1280 3402 1409 3449 sunt
1453 3394 1546 3463 qui
1588 3392 1851 3448 tribulant
1904 3392 2031 3447 me?

452 3485 512 3541 ιιι
550 3485 732 3541 medio
761 3494 944 3541 autem
980 3484 1192 3557 hymni,
1237 3499 1304 3540 eo
1335 3484 1452 3555 ipso
1484 3483 1537 3539 in
1583 3484 1704 3540 loco
1751 3500 1862 3557 quo
1905 3484 2025 3539 dia-

451 3576 665 3646 psalma
714 3584 931 3642 exstat,
994 3576 1317 3631 conlirmato
1354 3576 1540 3631 animo
1572 3576 1838 3647 gloriatur
1868 3574 2029 3647 quasi

452 3668 684 3725 salutem
727 3682 883 3724 suam
953 3668 1131 3723 oculis
1176 3678 1476 3724 cerneret:
1522 3687 1539 3721 ι
1582 3667 1697 3739 Ego
1762 3667 2019 3734 dormivi,

452 3759 752 3825 exclamat,
800 3772 855 3814 et
914 3769 1207 3831 soporatus
1250 3774 1409 3826 sum,
1457 3770 1512 3815 et
1563 3759 1853 3815 exsurrexi
1895 3761 2026 3831 quia

455 3852 715 3908 Dominus
763 3853 1010 3922 suscepit
1045 3868 1152 3909 me.
1198 3870 1217 3905 ι
1258 3851 1388 3908 Haec
1425 3852 1499 3907 ita
1560 3852 1780 3923 quidem
1844 3854 2028 3910 hacte-

454 3961 580 4001 nus.
612 3944 841 4000 Alleluia
874 3956 1057 4000 autem
1103 3944 1223 4002 laus
1265 3943 1358 4000 Dei
1399 3945 1708 4018 exponitur.
1745 3946 1840 4001 Est
1871 3948 2015 4003 enim

451 4036 615 4091 allelu
662 4035 803 4101 laus,
841 4046 895 4092 et
949 4038 1005 4091 ia
1060 4035 1220 4094 Deus.
1262 4035 1443 4104 Quare
1506 4053 1605 4108 pro
1638 4037 1750 4102 illo,
1784 4035 2026 4095 Laudare

456 4127 739 4182 Dominum
776 4129 900 4199 quia
960 4125 1123 4182 bonus
1178 4138 1256 4184 est
1295 4128 1849 4198 psalmus;Allelttia,
1897 4131 2024 4201 quia

455 4224 619 4279 bonus
664 4234 744 4280 est
796 4224 1069 4293 psalmus,
1125 4221 1492 4297 Symmachus
1524 4225 1720 4280 reddit.
1774 4224 2027 4281 Psalmus

452 4326 635 4372 autem
693 4324 746 4373 et
798 4316 903 4372 oda
956 4316 1250 4384 dillerunt;
1300 4316 1449 4387 quod
1496 4317 1742 4385 psalmus
1806 4316 2025 4385 quidem

452 4424 635 4466 sermo
685 4409 931 4469 musicus
989 4419 1074 4467 est
1128 4420 1400 4481 quatenus
1464 4410 1743 4465 modulate
1791 4423 1855 4462 ex
1914 4407 2027 4476 lege

2137 3212 2550 3285 ὲπληθύνθησαν
2593 3213 2641 3266 οί
2675 3210 2947 3275 θλίϐοντες
2983 3229 3050 3282 με
3081 3228 3096 3278 ;
3139 3230 3157 3263 ι
3195 3212 3325 3283 περὶ
3359 3212 3427 3265 τὰ
3456 3211 3599 3282 μέσα
3646 3209 3706 3264 δέ

2136 3322 2239 3358 που
2287 3302 2382 3356 τοῦ
2433 3301 2688 3374 ψαλμοῦ,
2735 3301 2864 3355 ἔνθα
2907 3301 3000 3355 καὶ
3036 3302 3099 3356 τὸ
3146 3301 3426 3373 διαψαλμα
3477 3303 3653 3355 κεῖται
3688 3340 3705 3366 ,

2136 3396 2371 3471 θάρρους
2431 3394 2801 3469 ἀναπλησθεὶς
2858 3393 3086 3449 πέποιθε
3152 3395 3247 3450 καὶ
3325 3395 3705 3467 παρρησιάζε-

2135 3507 2246 3554 ται,
2281 3488 2379 3561 τὴν
2416 3488 2611 3543 ἑαυτοῦ
2658 3486 2932 3559 σωτηρίαν
2965 3486 3156 3558 ῶσπερ
3202 3486 3366 3558 δρῶν,
3401 3487 3495 3541 καὶ
3557 3486 3657 3557 βοᾷ
3687 3501 3703 3519 ·

2140 3600 2159 3634 ι
2194 3578 2338 3650 Ἐγὼ
2360 3579 2662 3652 ὲκοιμήθην
2686 3579 2779 3633 καὶ
2811 3577 3057 3645 ῦπνωσα,
3106 3577 3427 3649 ἐξηγέρθην,
3477 3578 3559 3630 ὅτι
3591 3575 3705 3630 Κύ-

2137 3688 2253 3743 ριος
2311 3668 2665 3741 ἀντιλήψεταί
2704 3686 2831 3741 μου.
2867 3688 2885 3721 ι
2921 3669 3032 3722 Καὶ
3057 3667 3230 3721 ταῦτα
3262 3668 3360 3737 μὲν
3387 3665 3579 3729 οῦτως.
3634 3666 3707 3719 Τδ

2133 3763 2189 3818 δὲ
2224 3763 2512 3836 ἀλληλούῖα
2554 3758 2703 3827 αἶνος
2728 3762 2864 3817 Θεοῦ
2916 3760 3277 3834 ἑρμηνεύεται
3304 3778 3317 3792 ·
3359 3758 3475 3813 ἔστι
3507 3761 3615 3829 γὰρ
3644 3758 3707 3811 τὸ

2139 3856 2259 3928 μὲν,
2293 3853 2547 3927 ἀλληλοὺ,
2584 3851 2732 3918 αἶνος
2759 3870 2774 3887 ·
2807 3854 2867 3908 τὸ
2917 3854 2975 3907 δὲ
3009 3853 3088 3915 τα.
3119 3852 3273 3915 Θεὸς.
3309 3850 3397 3904 Διδ
3444 3849 3540 3903 καὶ
3584 3850 3706 3904 ἀντὶ

2134 3946 2505 4014 τοῦ,ιΛίνε“ίτε
2528 3947 2619 3999 τὸν
2636 3947 2839 4017 Κύριον
2865 3946 2947 4000 ὅτι
2978 3945 3177 4015 ἀγαθὸν
3198 3943 3493 4014 ψαλμδς,ιι
3518 3940 3707 4012 Ἀλλη-

2134 4036 2287 4091 λοὺῖα
2317 4037 2398 4090 ὅτι
2428 4036 2631 4105 ἀγαθὸν
2656 4035 2921 4106 ψαλμὺς,ι
2948 4038 2976 4090 ό
3001 4035 3295 4106 Σύμμαχος
3316 4032 3707 4087 τέθεικε.Ψαλο

2137 4128 2236 4200 μδς
2270 4128 2327 4182 δὲ
2358 4128 2452 4183 καὶ
2481 4128 2594 4200 ᾠδὴ
2645 4128 2891 4199 διαφέρει
2918 4144 2933 4158 ⁸
2957 4129 3038 4182 ὃτι
3082 4128 3111 4180 ό
3156 4128 3257 4196 μὲν
3302 4125 3518 4197 ψαλμδς
3549 4124 3708 4192 λόγος

2135 4225 2254 4277 ἐστὶ
2299 4222 2577 4293 μουσικὸς,
2610 4222 2737 4275 ὅταν
2798 4219 3085 4292 εὒρὺθμως
3121 4218 3261 4272 κατὰ
3293 4219 3418 4281 τοὺς
3470 4218 3707 4287 ἁρμονι-

2134 4315 2262 4377 κοὺς
2291 4314 2482 4381 λόγους
2525 4311 2663 4383 πρὸς
2696 4311 2756 4364 τὸ
2787 4310 3020 4382 ὄργανον
3065 4309 3331 4383 κροὺηται
3356 4324 3371 4339 ·
3400 4309 3433 4379 ἡ
3485 4307 3542 4361 δὲ
3589 4306 3705 4378 ᾠδὴ

2133 4406 2285 4477 φωνή
2310 4407 2455 4459 ἐστιν
2486 4404 2750 4477 ἐμμελὴς.
2784 4405 3141 4476 ἀποδιδομένη
3168 4403 3507 4475 ὲναρμονίως
3528 4402 3705 4472 χωρὶς

454 4500 675 4557 musica:
707 4515 917 4572 organo
970 4500 1254 4572 adstrepit.
1315 4500 1428 4554 Oda
1500 4507 1683 4553 autem
1762 4511 1866 4549 vox
1942 4504 2026 4548 est

2135 4497 2231 4568 τῆς
2265 4497 2612 4568 συνηχήσεως
2650 4497 2741 4550 τοῦ
2774 4497 3008 4568 ὀργάνου
3041 4512 3054 4529 ·
3097 4497 3237 4550 ὥστε
3278 4494 3466 4565 ἐπειδὴ
3494 4494 3707 4565 ψαλτή-

453 4593 732 4649 modulata
797 4608 1027 4649 numero
1087 4600 1143 4647 et
1202 4589 1490 4647 harmonia
1547 4597 1831 4652 constans,
1896 4586 2023 4640 abs-

450 4699 560 4755 que
598 4694 867 4739 concentu
914 4681 1127 4753 organi.
1185 4682 1365 4748 Quare
1421 4677 1867 4749 quandoquidem
1904 4690 2027 4730 cor-

452 4778 601 4847 poris
648 4776 825 4832 nostri
886 4776 1140 4831 machina
1210 4788 1304 4844 per
1371 4771 1787 4829 similitudinem
1868 4769 2026 4823 audit

452 4867 793 4938 psalterium,
828 4866 912 4921 vel
936 4880 1207 4937 organum
1243 4879 1310 4919 ex
1338 4864 1453 4935 lege
1486 4861 1711 4917 musicas
1745 4860 1813 4915 ad
1839 4859 2025 4915 laudes

452 4957 545 5013 Dei
572 4958 934 5029 compositum
962 4974 976 5022 ;
1036 4972 1145 5011 non
1175 4963 1379 5011 temere
1413 4954 1545 5024 ipsa:
1574 4951 1738 5006 etiam
1772 4950 2023 5021 corporis

452 5054 733 5119 actiones,
777 5068 900 5124 quae
942 5052 999 5107 in
1064 5051 1332 5106 honorem
1367 5047 1461 5103 Dei
1496 5045 1874 5116 suscipiuntur
1928 5060 2028 5115 per

454 5147 726 5217 psalmum
773 5145 1184 5217 intelligantur;
1225 5140 1448 5212 quando
1489 5154 1520 5195 a
1571 5139 1782 5193 ratione
1831 5137 2025 5192 modu—

453 5238 549 5294 lati
579 5248 633 5294 et
681 5237 1015 5309 compositi,
1068 5236 1205 5293 nihil
1234 5247 1429 5306 praeter
1470 5233 1690 5288 modum
1732 5241 1785 5286 et
1832 5246 2026 5286 nume-

454 5346 578 5389 rum
615 5330 757 5386 intra
804 5330 1049 5386 animum
1100 5328 1470 5399 desiguemus.
1514 5325 1615 5381 l’er
1655 5324 1815 5379 odam
1861 5340 2017 5393 vero,

457 5438 801 5499 quaecunque
859 5423 927 5477 ad
977 5421 1179 5477 nudam
1212 5420 1724 5491 contemplationem
1758 5427 1852 5473 aut
1899 5433 2025 5474 orae

457 5514 663 5568 tionem
724 5514 792 5570 de
840 5512 951 5569 Deo
1010 5513 1304 5584 pertinent.
1370 5509 1446 5565 lta
1512 5510 1729 5582 quidem
1791 5524 2025 5580 magnus

454 5596 713 5665 Basilius.
756 5597 961 5662 'Frater
1023 5616 1202 5662 autem
1243 5605 1363 5675 eius
1403 5604 1696 5675 Gregorius
1745 5618 1839 5672 per
1883 5600 2026 5673 psal-

452 5713 603 5754 mum
652 5699 813 5754 vitam
852 5708 1092 5755 nostram
1138 5698 1420 5768 intelligit,
1456 5712 1564 5750 non
1595 5696 1803 5751 levibus
1848 5703 1902 5748 et
1927 5694 2024 5747 al)-

459 5786 625 5859 jzctis
656 5790 772 5847 sive
824 5790 1054 5847 terrenis
1094 5791 1281 5855 sonis,
1338 5789 1440 5843 hoc
1484 5797 1567 5842 cst
1603 5783 2025 5855 cogitationibus

2134 4606 2245 4659 ριον
2287 4587 2586 4660 τροπικῶς,
2622 4588 2716 4643 καὶ
2745 4589 2975 4660 ὄργανον
3020 4586 3367 4661 ἡρμοσμένον
3424 4585 3707 4655 μουσικῶς

2130 4683 2208 4745 είς
2231 4681 2432 4752 ὕμνους
2453 4680 2587 4733 Θεοῦ
2609 4680 2752 4753 ἢτοῦ
2769 4681 3018 4752 σώματος
3037 4680 3194 4753 ἡμῶν
3213 4683 3329 4734 ἐστι
3352 4680 3667 4747 κατασκευὴ
3687 4693 3703 4709 ·

2129 4772 2365 4843 νοηθείεν
2381 4771 2448 4826 ἂν
2478 4772 2571 4825 καὶ
2598 4771 2810 4845 ψαλμδς
2834 4772 2891 4827 αἱ
2915 4772 3005 4826 διὰ
3028 4770 3124 4826 τοῦ
3172 4771 3422 4841 σώματος
3450 4769 3702 4840 πράξεις,

2130 4868 2183 4919 αἱ
2208 4866 2287 4929 είς
2314 4863 2473 4929 δόξαν
2506 4865 2641 4920 Θεοῦ
2666 4866 3052 4937 ἀποδιδόμεναι
3080 4882 3095 4898 ο
3122 4865 3253 4919 ὅταν
3278 4862 3386 4918 ὑπὸ
3417 4864 3512 4916 τοῦ
3546 4862 3705 4931 λόγου
3762 4848 3765 4851 ί

2129 4960 2487 5031 ἡρμοσμένοι,
2549 4957 2716 5030 μηδὲν
2762 4958 2990 5031 ἐκμελὲς
3054 4957 3406 5026 ἀποτελῶμεν
3480 4956 3541 5009 ὲν
3592 4957 3705 5018 τοῖς

2131 5052 2449 5121 κινήμασιν.
2488 5050 2613 5123 ᾮδὴ
2672 5051 2729 5105 δὲ
2776 5051 2874 5105 ὅσα
2906 5050 3139 5125 Θεωρίας
3187 5050 3368 5122 ἔχεται
3396 5049 3563 5119 ψιλῆς
3610 5048 3707 5102 καὶ

2130 5142 2428 5211 θεολογίας.
2468 5143 2576 5195 Καὶ
2618 5141 2761 5197 οὕτω
2793 5142 2889 5215 μὲν
2928 5144 2956 5195 ό
2984 5143 3158 5213 μέγας
3205 5142 3504 5203 Βασίλειος.
3554 5140 3613 5193 'U
3649 5138 3705 5191 δὲ

2129 5233 2353 5304 ἀδελφὸς
2380 5233 2543 5289 αὑτοῦ
2570 5234 2867 5305 Γρηγόριος
2891 5235 3104 5307 ψαλμὸν
3138 5234 3238 5305 μὲν
3262 5235 3371 5287 νοεῖ
3391 5233 3481 5285 τὸν
3508 5233 3706 5302 ἡμέτε-

2131 5346 2222 5400 ρον
2254 5327 2387 5398 βίον,
2429 5327 2503 5400 μὴ
2553 5330 2663 5391 τοῖς
2715 5328 2922 5398 γηῖνοις
2971 5328 3252 5397 φθόγγοις,
3289 5323 3537 5379 τουτέστι
3576 5323 3702 5393 νιὴ-

2133 5438 2269 5490 μασι
2300 5420 2733 5493 περιηχούμενον
2766 5439 2779 5452 ·
2813 5418 2951 5475 ἀλλὰ
2983 5420 3222 5490 καθαρὸν
3250 5421 3344 5472 καὶ
3375 5418 3701 5484 ὲξὶκουστον

2128 5513 2192 5565 ὲκ
2220 5511 2329 5566 τῶν
2384 5510 2590 5565 ἄνωθεν
2630 5513 2721 5567 καὶ
2765 5512 3034 5583 οὐρανίων
3081 5512 3172 5563 τὸν
3222 5505 3355 5580 ἦχον
3390 5506 3703 5577 ἀπεργαζόο

2132 5620 2313 5674 μενον·
2350 5602 2493 5676 ιξιδην
2522 5604 2597 5669 δὲ,
2632 5603 2730 5677 τὴν
2767 5604 2891 5675 περὶ⁸
2923 5603 2984 5655 τὸ
3013 5601 3338 5672 φαινόμενον
3362 5595 3703 5668 εὐσχημοσύ-

2128 5714 2244 5766 νην.
2267 5689 2595 5766 Καιῖφησιν,
2629 5690 2725 5750 ὅτι
2741 5694 2928 5766 ῶσπερ
2951 5694 3133 5747 ἐκτῶν
3147 5692 3424 5763 μουσικῶν
3452 5688 3702 5762 ὀργάνων

2133 5784 2291 5854 μόνος
2310 5785 2337 5836 ό
2365 5780 2495 5854 ἦχος
2522 5784 2620 5854 τῆς
2663 5785 2926 5855 μελῳδίας
2959 5782 3294 5856 προσπίπτει
3331 5783 3452 5841 ταῖς
3482 5779 3701 5841 ἀκοαῖς,
