  <div class='ocr_page' id='page_1' title='image "/cluster/home/n/w/nwhite01/storage/ocr_20150623/106/hvd.32044051727071/546.png"; bbox 0 0 4060 6566; ppageno 0'>
   <div class='ocr_carea' id='block_1_1' title="bbox 322 371 458 437">
    <p class='ocr_par' dir='ltr' id='par_1_1' title="bbox 322 371 458 437">
     <span class='ocr_line' id='line_1_1' title="bbox 322 371 458 437; baseline 0 0"><span class='ocrx_word' id='word_1_1' title='bbox 322 371 458 437; x_wconf 80' lang='lat'><strong>1069</strong></span> 
     </span>
    </p>
   </div>
   <div class='ocr_carea' id='block_1_2' title="bbox 1230 358 2685 433">
    <p class='ocr_par' dir='ltr' id='par_1_2' title="bbox 1230 358 2685 433">
     <span class='ocr_line' id='line_1_2' title="bbox 1230 358 2685 433; baseline -0.009 -1"><span class='ocrx_word' id='word_1_2' title='bbox 1230 368 1630 433; x_wconf 63' lang='lat' dir='ltr'><strong>PBEFATIO</strong></span> <span class='ocrx_word' id='word_1_3' title='bbox 1670 367 1770 427; x_wconf 81' lang='lat' dir='ltr'><strong>AD</strong></span> <span class='ocrx_word' id='word_1_4' title='bbox 1806 361 2159 429; x_wconf 81' lang='lat' dir='ltr'><strong>CATENAM</strong></span> <span class='ocrx_word' id='word_1_5' title='bbox 2201 362 2283 424; x_wconf 84' lang='lat' dir='ltr'><strong>IN</strong></span> <span class='ocrx_word' id='word_1_6' title='bbox 2324 358 2685 424; x_wconf 77' lang='lat' dir='ltr'><strong>PSALMOS.</strong></span> 
     </span>
    </p>
   </div>
   <div class='ocr_carea' id='block_1_3' title="bbox 3421 352 3559 420">
    <p class='ocr_par' dir='ltr' id='par_1_3' title="bbox 3421 352 3559 420">
     <span class='ocr_line' id='line_1_3' title="bbox 3421 352 3559 420; baseline 0.036 -5"><span class='ocrx_word' id='word_1_7' title='bbox 3421 352 3559 420; x_wconf 73' lang='lat'><strong>1070</strong></span> 
     </span>
    </p>
   </div>
   <div class='ocr_carea' id='block_1_4' title="bbox 316 470 1905 555">
    <p class='ocr_par' dir='ltr' id='par_1_4' title="bbox 316 478 1881 555">
     <span class='ocr_line' id='line_1_4' title="bbox 316 478 1881 555; baseline -0.003 -17"><span class='ocrx_word' id='word_1_8' title='bbox 316 482 461 540; x_wconf 76' lang='grc' dir='ltr'>αὑτά</span> <span class='ocrx_word' id='word_1_9' title='bbox 493 478 555 536; x_wconf 80' lang='grc' dir='ltr'><strong>δέ</strong></span> <span class='ocrx_word' id='word_1_10' title='bbox 592 478 662 536; x_wconf 77' lang='grc' dir='ltr'>τὰ</span> <span class='ocrx_word' id='word_1_11' title='bbox 706 480 1092 555; x_wconf 73' lang='grc' dir='ltr'><strong>μελῳδούμενα</strong></span> <span class='ocrx_word' id='word_1_12' title='bbox 1122 482 1343 555; x_wconf 79' lang='grc' dir='ltr'>ῥήματα</span> <span class='ocrx_word' id='word_1_13' title='bbox 1387 483 1449 537; x_wconf 84' lang='grc' dir='ltr'><strong>ού</strong></span> <span class='ocrx_word' id='word_1_14' title='bbox 1499 480 1881 555; x_wconf 81' lang='grc' dir='ltr'>διαρθροῦνται</span> 
     </span>
    </p>
   </div>
   <div class='ocr_carea' id='block_1_5' title="bbox 2008 470 3558 555">
    <p class='ocr_par' dir='ltr' id='par_1_5' title="bbox 2008 470 3558 547">
     <span class='ocr_line' id='line_1_5' title="bbox 2008 470 3558 547; baseline -0.005 -16"><span class='ocrx_word' id='word_1_15' title='bbox 2008 488 2040 534; x_wconf 66' lang='lat' dir='ltr'><strong>et</strong></span> <span class='ocrx_word' id='word_1_16' title='bbox 2081 476 2451 547; x_wconf 79' lang='lat' dir='ltr'><strong>intelligentiis</strong></span> <span class='ocrx_word' id='word_1_17' title='bbox 2481 476 2909 546; x_wconf 85' lang='lat' dir='ltr'><strong>obstrepentem,</strong></span> <span class='ocrx_word' id='word_1_18' title='bbox 2950 470 3045 529; x_wconf 85' lang='lat' dir='ltr'><strong>sed</strong></span> <span class='ocrx_word' id='word_1_19' title='bbox 3076 484 3269 543; x_wconf 85' lang='lat' dir='ltr'><strong>puram</strong></span> <span class='ocrx_word' id='word_1_20' title='bbox 3311 478 3366 526; x_wconf 91' lang='lat' dir='ltr'><strong>et</strong></span> <span class='ocrx_word' id='word_1_21' title='bbox 3398 472 3558 525; x_wconf 79' lang='lat' dir='ltr'><strong>audi-</strong></span> 
     </span>
    </p>
   </div>
   <div class='ocr_carea' id='block_1_6' title="bbox 316 572 1883 647">
    <p class='ocr_par' dir='ltr' id='par_1_6' title="bbox 316 572 1883 647">
     <span class='ocr_line' id='line_1_6' title="bbox 316 572 1883 647; baseline -0.005 -15"><span class='ocrx_word' id='word_1_22' title='bbox 316 577 429 640; x_wconf 83' lang='grc' dir='ltr'><strong>τοῖς</strong></span> <span class='ocrx_word' id='word_1_23' title='bbox 455 575 713 645; x_wconf 75' lang='grc' dir='ltr'><strong>φθόγγοις</strong></span> <span class='ocrx_word' id='word_1_24' title='bbox 736 592 750 607; x_wconf 72' lang='grc'><strong><em>⁸</em></strong></span> <span class='ocrx_word' id='word_1_25' title='bbox 792 576 851 631; x_wconf 82' lang='grc' dir='ltr'><strong>ἐν</strong></span> <span class='ocrx_word' id='word_1_26' title='bbox 879 574 938 631; x_wconf 81' lang='grc' dir='ltr'>δὲ</span> <span class='ocrx_word' id='word_1_27' title='bbox 965 576 1032 647; x_wconf 78' lang='grc' dir='ltr'>τῇ</span> <span class='ocrx_word' id='word_1_28' title='bbox 1064 574 1176 646; x_wconf 78' lang='grc' dir='ltr'><strong>ᾠδῇ</strong></span> <span class='ocrx_word' id='word_1_29' title='bbox 1204 574 1265 629; x_wconf 79' lang='grc' dir='ltr'>τὸ</span> <span class='ocrx_word' id='word_1_30' title='bbox 1300 575 1709 645; x_wconf 82' lang='grc' dir='ltr'>συναμφότερον</span> <span class='ocrx_word' id='word_1_31' title='bbox 1734 572 1883 640; x_wconf 89' lang='grc' dir='ltr'>γίνε-</span> 
     </span>
    </p>
   </div>
   <div class='ocr_carea' id='block_1_7' title="bbox 314 662 1887 738">
    <p class='ocr_par' dir='ltr' id='par_1_7' title="bbox 314 662 1887 738">
     <span class='ocr_line' id='line_1_7' title="bbox 314 662 1887 738; baseline -0.004 -17"><span class='ocrx_word' id='word_1_32' title='bbox 314 684 429 730; x_wconf 87' lang='grc' dir='ltr'>ται,</span> <span class='ocrx_word' id='word_1_33' title='bbox 458 667 554 725; x_wconf 73' lang='grc' dir='ltr'>καὶ.</span> <span class='ocrx_word' id='word_1_34' title='bbox 589 666 618 719; x_wconf 84' lang='grc' dir='ltr'><strong>ὁ</strong></span> <span class='ocrx_word' id='word_1_35' title='bbox 650 666 743 720; x_wconf 76' lang='grc' dir='ltr'><strong>τοῦ</strong></span> <span class='ocrx_word' id='word_1_36' title='bbox 796 665 989 737; x_wconf 78' lang='grc' dir='ltr'><strong>μέλους</strong></span> <span class='ocrx_word' id='word_1_37' title='bbox 1022 665 1227 738; x_wconf 76' lang='grc' dir='ltr'>ῥυθμὸς</span> <span class='ocrx_word' id='word_1_38' title='bbox 1258 665 1355 719; x_wconf 80' lang='grc' dir='ltr'>καὶ</span> <span class='ocrx_word' id='word_1_39' title='bbox 1386 664 1498 718; x_wconf 91' lang='grc' dir='ltr'><strong>τῶν</strong></span> <span class='ocrx_word' id='word_1_40' title='bbox 1543 663 1804 734; x_wconf 80' lang='grc' dir='ltr'>ῥημάτων</span> <span class='ocrx_word' id='word_1_41' title='bbox 1850 662 1887 733; x_wconf 76' lang='grc' dir='ltr'><strong>ἡ</strong></span> 
     </span>
    </p>
   </div>
   <div class='ocr_carea' id='block_1_8' title="bbox 314 755 1887 829">
    <p class='ocr_par' dir='ltr' id='par_1_8' title="bbox 314 755 1887 829">
     <span class='ocr_line' id='line_1_8' title="bbox 314 755 1887 829; baseline -0.004 -17"><span class='ocrx_word' id='word_1_42' title='bbox 314 758 544 829; x_wconf 78' lang='grc' dir='ltr'>δύναμις</span> <span class='ocrx_word' id='word_1_43' title='bbox 580 757 1030 829; x_wconf 80' lang='grc' dir='ltr'>συνδιεξαγομένη</span> <span class='ocrx_word' id='word_1_44' title='bbox 1064 756 1204 826; x_wconf 82' lang='grc' dir='ltr'>μετὰ</span> <span class='ocrx_word' id='word_1_45' title='bbox 1221 755 1315 811; x_wconf 80' lang='grc' dir='ltr'>τοῦ</span> <span class='ocrx_word' id='word_1_46' title='bbox 1339 755 1555 829; x_wconf 80' lang='grc' dir='ltr'><strong>μέλους,</strong></span> <span class='ocrx_word' id='word_1_47' title='bbox 1580 755 1648 826; x_wconf 75' lang='grc' dir='ltr'><strong>ἢν</strong></span> <span class='ocrx_word' id='word_1_48' title='bbox 1674 755 1887 823; x_wconf 82' lang='grc' dir='ltr'>ἀγνοεῖ-</span> 
     </span>
    </p>
   </div>
   <div class='ocr_carea' id='block_1_9' title="bbox 319 844 1888 923">
    <p class='ocr_par' dir='ltr' id='par_1_9' title="bbox 319 844 1888 923">
     <span class='ocr_line' id='line_1_9' title="bbox 319 844 1888 923; baseline -0.004 -20"><span class='ocrx_word' id='word_1_49' title='bbox 319 847 442 903; x_wconf 98' lang='grc' dir='ltr'>σθαι</span> <span class='ocrx_word' id='word_1_50' title='bbox 491 849 642 904; x_wconf 83' lang='grc' dir='ltr'>πᾶσα</span> <span class='ocrx_word' id='word_1_51' title='bbox 677 849 911 923; x_wconf 84' lang='grc' dir='ltr'>ἀνάγκη,</span> <span class='ocrx_word' id='word_1_52' title='bbox 934 851 1063 904; x_wconf 81' lang='grc' dir='ltr'>ὅταν</span> <span class='ocrx_word' id='word_1_53' title='bbox 1104 848 1193 904; x_wconf 89' lang='grc' dir='ltr'><strong>διά</strong></span> <span class='ocrx_word' id='word_1_54' title='bbox 1224 847 1402 920; x_wconf 89' lang='grc' dir='ltr'>μόνων</span> <span class='ocrx_word' id='word_1_55' title='bbox 1442 848 1554 903; x_wconf 86' lang='grc' dir='ltr'><strong>τῶν</strong></span> <span class='ocrx_word' id='word_1_56' title='bbox 1610 844 1888 917; x_wconf 83' lang='grc' dir='ltr'><strong>μουσικῶν</strong></span> 
     </span>
    </p>
   </div>
   <div class='ocr_carea' id='block_1_10' title="bbox 319 936 1891 1012">
    <p class='ocr_par' dir='ltr' id='par_1_10' title="bbox 319 936 1891 1012">
     <span class='ocr_line' id='line_1_10' title="bbox 319 936 1891 1012; baseline -0.003 -19"><span class='ocrx_word' id='word_1_57' title='bbox 319 940 564 1012; x_wconf 84' lang='grc' dir='ltr'>ὁργάνων</span> <span class='ocrx_word' id='word_1_58' title='bbox 599 941 633 1012; x_wconf 79' lang='grc' dir='ltr'><strong>ἡ</strong></span> <span class='ocrx_word' id='word_1_59' title='bbox 666 941 898 1012; x_wconf 80' lang='grc' dir='ltr'><strong>μελῳδία</strong></span> <span class='ocrx_word' id='word_1_60' title='bbox 926 941 1161 1012; x_wconf 78' lang='grc' dir='ltr'>γίνηταιο</span> <span class='ocrx_word' id='word_1_61' title='bbox 1200 940 1372 1004; x_wconf 70' lang='grc' dir='ltr'>οὕτως</span> <span class='ocrx_word' id='word_1_62' title='bbox 1408 940 1503 995; x_wconf 76' lang='grc' dir='ltr'>καὶ</span> <span class='ocrx_word' id='word_1_63' title='bbox 1545 939 1637 993; x_wconf 69' lang='grc' dir='ltr'><strong>ἐπὶ</strong></span> <span class='ocrx_word' id='word_1_64' title='bbox 1656 938 1764 991; x_wconf 89' lang='grc' dir='ltr'><strong>τῶν</strong></span> <span class='ocrx_word' id='word_1_65' title='bbox 1790 936 1891 1008; x_wconf 79' lang='grc' dir='ltr'><strong>τὴν</strong></span> 
     </span>
    </p>
   </div>
   <div class='ocr_carea' id='block_1_11' title="bbox 320 1030 1889 1105">
    <p class='ocr_par' dir='ltr' id='par_1_11' title="bbox 320 1030 1889 1105">
     <span class='ocr_line' id='line_1_11' title="bbox 320 1030 1889 1105; baseline 0.001 -23"><span class='ocrx_word' id='word_1_66' title='bbox 320 1031 519 1102; x_wconf 81' lang='grc' dir='ltr'>ἀρετὴν</span> <span class='ocrx_word' id='word_1_67' title='bbox 563 1032 859 1101; x_wconf 83' lang='grc' dir='ltr'><strong>μετιόντων</strong></span> <span class='ocrx_word' id='word_1_68' title='bbox 886 1032 1193 1103; x_wconf 76' lang='grc' dir='ltr'>συμδαίνει.</span> <span class='ocrx_word' id='word_1_69' title='bbox 1223 1032 1287 1086; x_wconf 88' lang='grc' dir='ltr'>Οί</span> <span class='ocrx_word' id='word_1_70' title='bbox 1320 1031 1418 1105; x_wconf 75' lang='grc' dir='ltr'><strong>μὲν</strong></span> <span class='ocrx_word' id='word_1_71' title='bbox 1439 1030 1547 1102; x_wconf 81' lang='grc' dir='ltr'><strong>γὰρ</strong></span> <span class='ocrx_word' id='word_1_72' title='bbox 1574 1033 1642 1101; x_wconf 75' lang='grc' dir='ltr'><strong>τῇ</strong></span> <span class='ocrx_word' id='word_1_73' title='bbox 1676 1030 1889 1100; x_wconf 83' lang='grc' dir='ltr'>θεωρη-</span> 
     </span>
    </p>
   </div>
   <div class='ocr_carea' id='block_1_12' title="bbox 320 1120 1891 1195">
    <p class='ocr_par' dir='ltr' id='par_1_12' title="bbox 320 1120 1891 1195">
     <span class='ocr_line' id='line_1_12' title="bbox 320 1120 1891 1195; baseline 0.001 -21"><span class='ocrx_word' id='word_1_74' title='bbox 320 1124 449 1192; x_wconf 84' lang='grc' dir='ltr'>τικῇ</span> <span class='ocrx_word' id='word_1_75' title='bbox 482 1122 575 1175; x_wconf 72' lang='grc' dir='ltr'>καὶ</span> <span class='ocrx_word' id='word_1_76' title='bbox 625 1124 895 1195; x_wconf 80' lang='grc' dir='ltr'>ἐποπτικῇ</span> <span class='ocrx_word' id='word_1_77' title='bbox 936 1123 1045 1177; x_wconf 90' lang='grc' dir='ltr'><strong>τῶν</strong></span> <span class='ocrx_word' id='word_1_78' title='bbox 1073 1123 1244 1178; x_wconf 79' lang='grc' dir='ltr'>όντων</span> <span class='ocrx_word' id='word_1_79' title='bbox 1286 1121 1575 1195; x_wconf 78' lang='grc' dir='ltr'>φιλοσοφίᾳ</span> <span class='ocrx_word' id='word_1_80' title='bbox 1629 1121 1725 1175; x_wconf 80' lang='grc' dir='ltr'><strong>τὸν</strong></span> <span class='ocrx_word' id='word_1_81' title='bbox 1767 1120 1891 1176; x_wconf 76' lang='grc' dir='ltr'>νοῦν</span> 
     </span>
    </p>
   </div>
   <div class='ocr_carea' id='block_1_13' title="bbox 320 1210 1887 1284">
    <p class='ocr_par' dir='ltr' id='par_1_13' title="bbox 320 1210 1887 1284">
     <span class='ocr_line' id='line_1_13' title="bbox 320 1210 1887 1284; baseline 0.002 -20"><span class='ocrx_word' id='word_1_82' title='bbox 320 1212 766 1283; x_wconf 82' lang='grc' dir='ltr'><strong>προσανέχοντες,</strong></span> <span class='ocrx_word' id='word_1_83' title='bbox 797 1216 863 1284; x_wconf 76' lang='grc' dir='ltr'>τῇ</span> <span class='ocrx_word' id='word_1_84' title='bbox 911 1210 1319 1284; x_wconf 77' lang='grc' dir='ltr'>ἀπεικαξομένῃ</span> <span class='ocrx_word' id='word_1_85' title='bbox 1350 1212 1487 1283; x_wconf 80' lang='grc' dir='ltr'>πρὸς</span> <span class='ocrx_word' id='word_1_86' title='bbox 1516 1212 1609 1265; x_wconf 75' lang='grc' dir='ltr'>τὸν</span> <span class='ocrx_word' id='word_1_87' title='bbox 1645 1211 1887 1283; x_wconf 83' lang='grc' dir='ltr'>ψαλμὸν,</span> 
     </span>
    </p>
   </div>
   <div class='ocr_carea' id='block_1_14' title="bbox 322 1300 1883 1376">
    <p class='ocr_par' dir='ltr' id='par_1_14' title="bbox 322 1300 1883 1376">
     <span class='ocr_line' id='line_1_14' title="bbox 322 1300 1883 1376; baseline 0.001 -19"><span class='ocrx_word' id='word_1_88' title='bbox 322 1300 514 1374; x_wconf 69' lang='grc' dir='ltr'>ἄδηλον</span> <span class='ocrx_word' id='word_1_89' title='bbox 536 1304 649 1366; x_wconf 82' lang='grc' dir='ltr'>τοῖς</span> <span class='ocrx_word' id='word_1_90' title='bbox 679 1303 891 1368; x_wconf 83' lang='grc' dir='ltr'>πολλοῖς</span> <span class='ocrx_word' id='word_1_91' title='bbox 919 1305 1018 1375; x_wconf 79' lang='grc' dir='ltr'>τὴν</span> <span class='ocrx_word' id='word_1_92' title='bbox 1044 1305 1244 1375; x_wconf 76' lang='grc' dir='ltr'>ἀρετὴν</span> <span class='ocrx_word' id='word_1_93' title='bbox 1276 1304 1656 1375; x_wconf 76' lang='grc' dir='ltr'>κατορθοῦσιν,</span> <span class='ocrx_word' id='word_1_94' title='bbox 1693 1306 1752 1359; x_wconf 84' lang='grc' dir='ltr'>ἐν</span> <span class='ocrx_word' id='word_1_95' title='bbox 1804 1305 1883 1376; x_wconf 85' lang='grc' dir='ltr'><strong>τῷ</strong></span> 
     </span>
    </p>
   </div>
   <div class='ocr_carea' id='block_1_15' title="bbox 326 1391 1894 1464">
    <p class='ocr_par' dir='ltr' id='par_1_15' title="bbox 326 1391 1894 1464">
     <span class='ocr_line' id='line_1_15' title="bbox 326 1391 1894 1464; baseline 0.004 -18"><span class='ocrx_word' id='word_1_96' title='bbox 326 1391 442 1463; x_wconf 85' lang='grc' dir='ltr'>ίδίῳ</span> <span class='ocrx_word' id='word_1_97' title='bbox 469 1392 730 1447; x_wconf 77' lang='grc' dir='ltr'>συνειδότι</span> <span class='ocrx_word' id='word_1_98' title='bbox 765 1392 826 1448; x_wconf 78' lang='grc' dir='ltr'><strong>τὸ</strong></span> <span class='ocrx_word' id='word_1_99' title='bbox 853 1395 1058 1464; x_wconf 80' lang='grc' dir='ltr'>ἀγαθὸν</span> <span class='ocrx_word' id='word_1_100' title='bbox 1099 1395 1535 1462; x_wconf 87' lang='grc' dir='ltr'>κατακλείοντες.</span> <span class='ocrx_word' id='word_1_101' title='bbox 1561 1391 1658 1461; x_wconf 75' lang='grc' dir='ltr'>Οἷς</span> <span class='ocrx_word' id='word_1_102' title='bbox 1689 1396 1746 1450; x_wconf 81' lang='grc' dir='ltr'>δὲ</span> <span class='ocrx_word' id='word_1_103' title='bbox 1797 1396 1894 1452; x_wconf 83' lang='grc' dir='ltr'>καὶ</span> 
     </span>
    </p>
   </div>
   <div class='ocr_carea' id='block_1_16' title="bbox 323 1479 1895 1562">
    <p class='ocr_par' dir='ltr' id='par_1_16' title="bbox 323 1479 1895 1562">
     <span class='ocr_line' id='line_1_16' title="bbox 323 1479 1895 1562; baseline 0.003 -24"><span class='ocrx_word' id='word_1_104' title='bbox 323 1484 386 1538; x_wconf 81' lang='grc' dir='ltr'>τὸ</span> <span class='ocrx_word' id='word_1_105' title='bbox 412 1479 544 1555; x_wconf 78' lang='grc' dir='ltr'>ἦθος</span> <span class='ocrx_word' id='word_1_106' title='bbox 572 1483 667 1539; x_wconf 82' lang='grc' dir='ltr'>τοῦ</span> <span class='ocrx_word' id='word_1_107' title='bbox 706 1484 821 1555; x_wconf 85' lang='grc' dir='ltr'>βίου</span> <span class='ocrx_word' id='word_1_108' title='bbox 860 1487 1347 1560; x_wconf 85' lang='grc' dir='ltr'>συγκατορθοῦται,</span> <span class='ocrx_word' id='word_1_109' title='bbox 1378 1482 1525 1543; x_wconf 70' lang='grc' dir='ltr'>οὗτοι</span> <span class='ocrx_word' id='word_1_110' title='bbox 1550 1491 1619 1562; x_wconf 79' lang='grc' dir='ltr'>τῇ</span> <span class='ocrx_word' id='word_1_111' title='bbox 1669 1489 1801 1561; x_wconf 74' lang='grc' dir='ltr'>περὶ</span> <span class='ocrx_word' id='word_1_112' title='bbox 1832 1487 1895 1543; x_wconf 80' lang='grc' dir='ltr'>τὸ</span> 
     </span>
    </p>
   </div>
   <div class='ocr_carea' id='block_1_17' title="bbox 325 1575 1896 1653">
    <p class='ocr_par' dir='ltr' id='par_1_17' title="bbox 325 1575 1896 1653">
     <span class='ocr_line' id='line_1_17' title="bbox 325 1575 1896 1653; baseline 0.003 -22"><span class='ocrx_word' id='word_1_113' title='bbox 325 1575 648 1647; x_wconf 84' lang='grc' dir='ltr'>φαινόμενον</span> <span class='ocrx_word' id='word_1_114' title='bbox 703 1578 1114 1653; x_wconf 82' lang='grc' dir='ltr'>εὐσχημοσύνῃ,</span> <span class='ocrx_word' id='word_1_115' title='bbox 1170 1580 1422 1653; x_wconf 86' lang='grc' dir='ltr'>καθάπερ</span> <span class='ocrx_word' id='word_1_116' title='bbox 1463 1582 1570 1636; x_wconf 80' lang='grc' dir='ltr'>τινὶ</span> <span class='ocrx_word' id='word_1_117' title='bbox 1621 1581 1767 1653; x_wconf 85' lang='grc' dir='ltr'>λόγῳ</span> <span class='ocrx_word' id='word_1_118' title='bbox 1798 1582 1896 1637; x_wconf 79' lang='grc' dir='ltr'>καὶ</span> 
     </span>
    </p>
   </div>
   <div class='ocr_carea' id='block_1_18' title="bbox 322 1665 1895 1744">
    <p class='ocr_par' dir='ltr' id='par_1_18' title="bbox 322 1665 1895 1744">
     <span class='ocr_line' id='line_1_18' title="bbox 322 1665 1895 1744; baseline 0.003 -24"><span class='ocrx_word' id='word_1_119' title='bbox 322 1665 435 1738; x_wconf 73' lang='grc' dir='ltr'>ᾠδῇ</span> <span class='ocrx_word' id='word_1_120' title='bbox 469 1666 715 1737; x_wconf 79' lang='grc' dir='ltr'>ἐμμελετ,</span> <span class='ocrx_word' id='word_1_121' title='bbox 752 1667 851 1739; x_wconf 84' lang='grc' dir='ltr'>τὴν</span> <span class='ocrx_word' id='word_1_122' title='bbox 894 1670 993 1738; x_wconf 82' lang='grc' dir='ltr'>τῆς</span> <span class='ocrx_word' id='word_1_123' title='bbox 1021 1668 1172 1740; x_wconf 81' lang='grc' dir='ltr'>ζωῆς</span> <span class='ocrx_word' id='word_1_124' title='bbox 1198 1669 1415 1725; x_wconf 73' lang='grc' dir='ltr'>ἑαυτῶν</span> <span class='ocrx_word' id='word_1_125' title='bbox 1461 1670 1764 1743; x_wconf 81' lang='grc' dir='ltr'>εὐρυθμίαν</span> <span class='ocrx_word' id='word_1_126' title='bbox 1797 1671 1895 1744; x_wconf 84' lang='grc' dir='ltr'>δη-</span> 
     </span>
    </p>
   </div>
   <div class='ocr_carea' id='block_1_19' title="bbox 329 1757 1894 1835">
    <p class='ocr_par' dir='ltr' id='par_1_19' title="bbox 329 1757 1894 1835">
     <span class='ocr_line' id='line_1_19' title="bbox 329 1757 1894 1835; baseline 0.005 -25"><span class='ocrx_word' id='word_1_127' title='bbox 329 1757 697 1827; x_wconf 89' lang='grc' dir='ltr'>μοσιεύσουσι.</span> <span class='ocrx_word' id='word_1_128' title='bbox 733 1759 1063 1831; x_wconf 86' lang='grc' dir='ltr'>Σημαίνεται</span> <span class='ocrx_word' id='word_1_129' title='bbox 1107 1758 1202 1816; x_wconf 79' lang='grc' dir='ltr'>οὖν</span> <span class='ocrx_word' id='word_1_130' title='bbox 1247 1761 1335 1816; x_wconf 68' lang='grc' dir='ltr'><strong>διὰ</strong></span> <span class='ocrx_word' id='word_1_131' title='bbox 1394 1762 1492 1833; x_wconf 83' lang='grc' dir='ltr'><strong>μὲν</strong></span> <span class='ocrx_word' id='word_1_132' title='bbox 1539 1763 1634 1817; x_wconf 81' lang='grc' dir='ltr'>τοῦ</span> <span class='ocrx_word' id='word_1_133' title='bbox 1677 1761 1894 1835; x_wconf 79' lang='grc' dir='ltr'>ψαλμοῦ</span> 
     </span>
    </p>
   </div>
   <div class='ocr_carea' id='block_1_20' title="bbox 1988 562 3557 639">
    <p class='ocr_par' dir='ltr' id='par_1_20' title="bbox 1988 562 3557 639">
     <span class='ocr_line' id='line_1_20' title="bbox 1988 562 3557 639; baseline -0.01 -10"><span class='ocrx_word' id='word_1_134' title='bbox 1988 572 2189 637; x_wconf 87' lang='lat' dir='ltr'><strong>bilem,</strong></span> <span class='ocrx_word' id='word_1_135' title='bbox 2234 583 2303 625; x_wconf 81' lang='lat' dir='ltr'><strong>ex</strong></span> <span class='ocrx_word' id='word_1_136' title='bbox 2345 568 2502 639; x_wconf 90' lang='lat' dir='ltr'><strong>copia</strong></span> <span class='ocrx_word' id='word_1_137' title='bbox 2529 581 2712 622; x_wconf 89' lang='lat' dir='ltr'><strong>rerum</strong></span> <span class='ocrx_word' id='word_1_138' title='bbox 2743 564 3122 623; x_wconf 86' lang='lat' dir='ltr'><strong>sublimiorum</strong></span> <span class='ocrx_word' id='word_1_139' title='bbox 3152 573 3208 619; x_wconf 90' lang='lat' dir='ltr'><strong>et</strong></span> <span class='ocrx_word' id='word_1_140' title='bbox 3252 562 3557 619; x_wconf 64' lang='lat' dir='ltr'><strong>caelestium</strong></span> 
     </span>
    </p>
   </div>
   <div class='ocr_carea' id='block_1_21' title="bbox 1990 650 3560 717">
    <p class='ocr_par' dir='ltr' id='par_1_21' title="bbox 1990 650 3560 717">
     <span class='ocr_line' id='line_1_21' title="bbox 1990 650 3560 717; baseline -0.008 0"><span class='ocrx_word' id='word_1_141' title='bbox 1990 675 2177 717; x_wconf 83' lang='lat' dir='ltr'><strong>vocem</strong></span> <span class='ocrx_word' id='word_1_142' title='bbox 2215 654 2747 715; x_wconf 84' lang='lat' dir='ltr'><strong>reddentem.0datn</strong></span> <span class='ocrx_word' id='word_1_143' title='bbox 2780 663 2963 711; x_wconf 86' lang='lat' dir='ltr'><strong>autem</strong></span> <span class='ocrx_word' id='word_1_144' title='bbox 2984 653 3117 710; x_wconf 92' lang='lat' dir='ltr'><strong>dicit</strong></span> <span class='ocrx_word' id='word_1_145' title='bbox 3154 650 3364 709; x_wconf 81' lang='lat' dir='ltr'><strong>externi</strong></span> <span class='ocrx_word' id='word_1_146' title='bbox 3391 650 3560 705; x_wconf 90' lang='lat' dir='ltr'><strong>moris</strong></span> 
     </span>
    </p>
   </div>
   <div class='ocr_carea' id='block_1_22' title="bbox 1991 744 3563 817">
    <p class='ocr_par' dir='ltr' id='par_1_22' title="bbox 1991 744 3563 817">
     <span class='ocr_line' id='line_1_22' title="bbox 1991 744 3563 817; baseline -0.009 -9"><span class='ocrx_word' id='word_1_147' title='bbox 1991 749 2419 807; x_wconf 77' lang='lat' dir='ltr'><strong>moderationem</strong></span> <span class='ocrx_word' id='word_1_148' title='bbox 2468 756 2525 805; x_wconf 89' lang='lat' dir='ltr'><strong>et</strong></span> <span class='ocrx_word' id='word_1_149' title='bbox 2563 746 2899 804; x_wconf 74' lang='lat' dir='ltr'><strong>decentiam.</strong></span> <span class='ocrx_word' id='word_1_150' title='bbox 2954 746 3165 817; x_wconf 82' lang='lat' dir='ltr'><strong>Atque,</strong></span> <span class='ocrx_word' id='word_1_151' title='bbox 3197 744 3563 816; x_wconf 70' lang='lat' dir='ltr'><strong>quemadmo-</strong></span> 
     </span>
    </p>
   </div>
   <div class='ocr_carea' id='block_1_23' title="bbox 1989 838 3557 912">
    <p class='ocr_par' dir='ltr' id='par_1_23' title="bbox 1989 838 3557 912">
     <span class='ocr_line' id='line_1_23' title="bbox 1989 838 3557 912; baseline -0.004 -15"><span class='ocrx_word' id='word_1_152' title='bbox 1989 842 2116 897; x_wconf 87' lang='lat' dir='ltr'><strong>dum</strong></span> <span class='ocrx_word' id='word_1_153' title='bbox 2152 857 2219 897; x_wconf 81' lang='lat' dir='ltr'><strong>ex</strong></span> <span class='ocrx_word' id='word_1_154' title='bbox 2251 841 2501 911; x_wconf 72' lang='lat' dir='ltr'><strong>organis,</strong></span> <span class='ocrx_word' id='word_1_155' title='bbox 2539 840 2744 912; x_wconf 91' lang='lat' dir='ltr'><strong>inquit,</strong></span> <span class='ocrx_word' id='word_1_156' title='bbox 2796 838 3022 896; x_wconf 78' lang='lat' dir='ltr'><strong>musicis</strong></span> <span class='ocrx_word' id='word_1_157' title='bbox 3050 839 3203 895; x_wconf 88' lang='lat' dir='ltr'><strong>solus</strong></span> <span class='ocrx_word' id='word_1_158' title='bbox 3233 854 3405 894; x_wconf 86' lang='lat' dir='ltr'><strong>sonus</strong></span> <span class='ocrx_word' id='word_1_159' title='bbox 3435 850 3557 892; x_wconf 88' lang='lat' dir='ltr'><strong>mo-</strong></span> 
     </span>
    </p>
   </div>
   <div class='ocr_carea' id='block_1_24' title="bbox 1991 928 3556 1000">
    <p class='ocr_par' dir='ltr' id='par_1_24' title="bbox 1991 928 3556 1000">
     <span class='ocr_line' id='line_1_24' title="bbox 1991 928 3556 1000; baseline -0.004 -12"><span class='ocrx_word' id='word_1_160' title='bbox 1991 933 2283 989; x_wconf 90' lang='lat' dir='ltr'><strong>dulationis</strong></span> <span class='ocrx_word' id='word_1_161' title='bbox 2314 932 2542 989; x_wconf 81' lang='lat' dir='ltr'><strong>auribus</strong></span> <span class='ocrx_word' id='word_1_162' title='bbox 2569 931 2810 997; x_wconf 86' lang='lat' dir='ltr'><strong>accedit,</strong></span> <span class='ocrx_word' id='word_1_163' title='bbox 2863 929 2978 1000; x_wconf 85' lang='lat' dir='ltr'><strong>ipsa</strong></span> <span class='ocrx_word' id='word_1_164' title='bbox 3012 938 3194 984; x_wconf 84' lang='lat' dir='ltr'><strong>autem</strong></span> <span class='ocrx_word' id='word_1_165' title='bbox 3243 928 3407 984; x_wconf 85' lang='lat' dir='ltr'><strong>verba</strong></span> <span class='ocrx_word' id='word_1_166' title='bbox 3438 928 3556 982; x_wconf 87' lang='lat' dir='ltr'><strong>suis</strong></span> 
     </span>
    </p>
   </div>
   <div class='ocr_carea' id='block_1_25' title="bbox 1993 1017 3560 1088">
    <p class='ocr_par' dir='ltr' id='par_1_25' title="bbox 1993 1017 3560 1088">
     <span class='ocr_line' id='line_1_25' title="bbox 1993 1017 3560 1088; baseline -0.004 -11"><span class='ocrx_word' id='word_1_167' title='bbox 1993 1023 2239 1078; x_wconf 83' lang='lat' dir='ltr'><strong>numeris</strong></span> <span class='ocrx_word' id='word_1_168' title='bbox 2270 1029 2325 1075; x_wconf 92' lang='lat' dir='ltr'><strong>et</strong></span> <span class='ocrx_word' id='word_1_169' title='bbox 2347 1021 2594 1077; x_wconf 77' lang='lat' dir='ltr'><strong>articulis</strong></span> <span class='ocrx_word' id='word_1_170' title='bbox 2627 1019 2959 1075; x_wconf 90' lang='lat' dir='ltr'><strong>modulando</strong></span> <span class='ocrx_word' id='word_1_171' title='bbox 2987 1033 3095 1074; x_wconf 89' lang='lat' dir='ltr'><strong>non</strong></span> <span class='ocrx_word' id='word_1_172' title='bbox 3121 1017 3560 1088; x_wconf 82' lang='lat' dir='ltr'><strong>distinguuntur;</strong></span> 
     </span>
    </p>
   </div>
   <div class='ocr_carea' id='block_1_26' title="bbox 1992 1108 3563 1183">
    <p class='ocr_par' dir='ltr' id='par_1_26' title="bbox 1992 1108 3563 1183">
     <span class='ocr_line' id='line_1_26' title="bbox 1992 1108 3563 1183; baseline -0.002 -17"><span class='ocrx_word' id='word_1_173' title='bbox 1992 1111 2139 1183; x_wconf 92' lang='lat' dir='ltr'><strong>quod</strong></span> <span class='ocrx_word' id='word_1_174' title='bbox 2158 1121 2447 1182; x_wconf 89' lang='lat' dir='ltr'><strong>utrumque</strong></span> <span class='ocrx_word' id='word_1_175' title='bbox 2464 1112 2517 1166; x_wconf 90' lang='lat' dir='ltr'><strong>in</strong></span> <span class='ocrx_word' id='word_1_176' title='bbox 2535 1110 2637 1166; x_wconf 84' lang='lat' dir='ltr'><strong>oda</strong></span> <span class='ocrx_word' id='word_1_177' title='bbox 2657 1113 2734 1178; x_wconf 86' lang='lat' dir='ltr'><strong>iit,</strong></span> <span class='ocrx_word' id='word_1_178' title='bbox 2755 1120 2878 1167; x_wconf 90' lang='lat' dir='ltr'><strong>utet</strong></span> <span class='ocrx_word' id='word_1_179' title='bbox 2893 1125 3155 1166; x_wconf 87' lang='lat' dir='ltr'><strong>numerus</strong></span> <span class='ocrx_word' id='word_1_180' title='bbox 3175 1108 3563 1164; x_wconf 83' lang='lat' dir='ltr'><strong>modulationis</strong></span> 
     </span>
    </p>
   </div>
   <div class='ocr_carea' id='block_1_27' title="bbox 1991 1200 3562 1271">
    <p class='ocr_par' dir='ltr' id='par_1_27' title="bbox 1991 1200 3562 1271">
     <span class='ocr_line' id='line_1_27' title="bbox 1991 1200 3562 1271; baseline -0.004 -13"><span class='ocrx_word' id='word_1_181' title='bbox 1991 1211 2047 1258; x_wconf 88' lang='lat' dir='ltr'><strong>et</strong></span> <span class='ocrx_word' id='word_1_182' title='bbox 2072 1202 2364 1258; x_wconf 82' lang='lat' dir='ltr'><strong>verborum</strong></span> <span class='ocrx_word' id='word_1_183' title='bbox 2393 1203 2567 1257; x_wconf 87' lang='lat' dir='ltr'><strong>virtus</strong></span> <span class='ocrx_word' id='word_1_184' title='bbox 2602 1201 2765 1258; x_wconf 88' lang='lat' dir='ltr'><strong>simul</strong></span> <span class='ocrx_word' id='word_1_185' title='bbox 2797 1217 2921 1258; x_wconf 91' lang='lat' dir='ltr'><strong>cum</strong></span> <span class='ocrx_word' id='word_1_186' title='bbox 2945 1208 3209 1257; x_wconf 86' lang='lat' dir='ltr'><strong>concentu</strong></span> <span class='ocrx_word' id='word_1_187' title='bbox 3243 1200 3562 1271; x_wconf 80' lang='lat' dir='ltr'><strong>explicetur;</strong></span> 
     </span>
    </p>
   </div>
   <div class='ocr_carea' id='block_1_28' title="bbox 1993 1291 3565 1365">
    <p class='ocr_par' dir='ltr' id='par_1_28' title="bbox 1993 1291 3565 1365">
     <span class='ocr_line' id='line_1_28' title="bbox 1993 1291 3565 1365; baseline 0 -18"><span class='ocrx_word' id='word_1_188' title='bbox 1993 1309 2158 1365; x_wconf 88' lang='lat' dir='ltr'><strong>quam</strong></span> <span class='ocrx_word' id='word_1_189' title='bbox 2216 1293 2405 1364; x_wconf 83' lang='lat' dir='ltr'><strong>utique</strong></span> <span class='ocrx_word' id='word_1_190' title='bbox 2460 1294 2697 1364; x_wconf 83' lang='lat' dir='ltr'><strong>ignorari</strong></span> <span class='ocrx_word' id='word_1_191' title='bbox 2741 1308 2969 1351; x_wconf 65' lang='lat' dir='ltr'><strong>necesse</strong></span> <span class='ocrx_word' id='word_1_192' title='bbox 3005 1301 3123 1360; x_wconf 89' lang='lat' dir='ltr'><strong>est,</strong></span> <span class='ocrx_word' id='word_1_193' title='bbox 3172 1293 3389 1364; x_wconf 84' lang='lat' dir='ltr'><strong>quoties</strong></span> <span class='ocrx_word' id='word_1_194' title='bbox 3433 1291 3565 1347; x_wconf 84' lang='lat' dir='ltr'><strong>solis</strong></span> 
     </span>
    </p>
   </div>
   <div class='ocr_carea' id='block_1_29' title="bbox 1994 1383 3566 1457">
    <p class='ocr_par' dir='ltr' id='par_1_29' title="bbox 1994 1383 3566 1457">
     <span class='ocr_line' id='line_1_29' title="bbox 1994 1383 3566 1457; baseline -0.001 -18"><span class='ocrx_word' id='word_1_195' title='bbox 1994 1384 2221 1441; x_wconf 77' lang='lat' dir='ltr'><strong>musica:</strong></span> <span class='ocrx_word' id='word_1_196' title='bbox 2248 1384 2469 1455; x_wconf 77' lang='lat' dir='ltr'><strong>organis</strong></span> <span class='ocrx_word' id='word_1_197' title='bbox 2503 1394 2701 1441; x_wconf 86' lang='lat' dir='ltr'><strong>cantus</strong></span> <span class='ocrx_word' id='word_1_198' title='bbox 2731 1385 3011 1457; x_wconf 71' lang='lat' dir='ltr'><strong>peragitur</strong></span> <span class='ocrx_word' id='word_1_199' title='bbox 3034 1402 3054 1443; x_wconf 88' lang='lat'><strong><em>:</em></strong></span> <span class='ocrx_word' id='word_1_200' title='bbox 3087 1385 3286 1443; x_wconf 86' lang='lat' dir='ltr'><strong>similis</strong></span> <span class='ocrx_word' id='word_1_201' title='bbox 3317 1383 3458 1439; x_wconf 90' lang='lat' dir='ltr'><strong>ratio</strong></span> <span class='ocrx_word' id='word_1_202' title='bbox 3480 1392 3566 1439; x_wconf 90' lang='lat' dir='ltr'><strong>est</strong></span> 
     </span>
    </p>
   </div>
   <div class='ocr_carea' id='block_1_30' title="bbox 1994 1476 3563 1548">
    <p class='ocr_par' dir='ltr' id='par_1_30' title="bbox 1994 1476 3563 1548">
     <span class='ocr_line' id='line_1_30' title="bbox 1994 1476 3563 1548; baseline -0.002 -15"><span class='ocrx_word' id='word_1_203' title='bbox 1994 1491 2223 1542; x_wconf 84' lang='lat' dir='ltr'><strong>eorum,</strong></span> <span class='ocrx_word' id='word_1_204' title='bbox 2283 1492 2407 1548; x_wconf 62' lang='lat' dir='ltr'><strong>qua:</strong></span> <span class='ocrx_word' id='word_1_205' title='bbox 2461 1477 2529 1533; x_wconf 90' lang='lat' dir='ltr'><strong>ad</strong></span> <span class='ocrx_word' id='word_1_206' title='bbox 2577 1478 2833 1533; x_wconf 82' lang='lat' dir='ltr'><strong>virtutem</strong></span> <span class='ocrx_word' id='word_1_207' title='bbox 2883 1478 3218 1535; x_wconf 80' lang='lat' dir='ltr'><strong>referuntur.</strong></span> <span class='ocrx_word' id='word_1_208' title='bbox 3265 1477 3369 1546; x_wconf 82' lang='lat' dir='ltr'><strong>Qui</strong></span> <span class='ocrx_word' id='word_1_209' title='bbox 3415 1476 3563 1533; x_wconf 87' lang='lat' dir='ltr'><strong>enim</strong></span> 
     </span>
    </p>
   </div>
   <div class='ocr_carea' id='block_1_31' title="bbox 1996 1566 3562 1638">
    <p class='ocr_par' dir='ltr' id='par_1_31' title="bbox 1996 1566 3562 1638">
     <span class='ocr_line' id='line_1_31' title="bbox 1996 1566 3562 1638; baseline 0 -16"><span class='ocrx_word' id='word_1_210' title='bbox 1996 1567 2064 1623; x_wconf 80' lang='lat' dir='ltr'><strong>ad</strong></span> <span class='ocrx_word' id='word_1_211' title='bbox 2106 1567 2279 1624; x_wconf 85' lang='lat' dir='ltr'><strong>solam</strong></span> <span class='ocrx_word' id='word_1_212' title='bbox 2327 1566 2675 1623; x_wconf 85' lang='lat' dir='ltr'><strong>umbratilem</strong></span> <span class='ocrx_word' id='word_1_213' title='bbox 2710 1576 2765 1623; x_wconf 85' lang='lat' dir='ltr'><strong>et</strong></span> <span class='ocrx_word' id='word_1_214' title='bbox 2792 1568 3274 1638; x_wconf 88' lang='lat' dir='ltr'><strong>contemplativam</strong></span> <span class='ocrx_word' id='word_1_215' title='bbox 3316 1566 3562 1638; x_wconf 85' lang='lat' dir='ltr'><strong>philoso-</strong></span> 
     </span>
    </p>
   </div>
   <div class='ocr_carea' id='block_1_32' title="bbox 1996 1659 3568 1732">
    <p class='ocr_par' dir='ltr' id='par_1_32' title="bbox 1996 1659 3568 1732">
     <span class='ocr_line' id='line_1_32' title="bbox 1996 1659 3568 1732; baseline -0.002 -15"><span class='ocrx_word' id='word_1_216' title='bbox 1996 1660 2183 1732; x_wconf 84' lang='lat' dir='ltr'><strong>phiam</strong></span> <span class='ocrx_word' id='word_1_217' title='bbox 2251 1661 2493 1717; x_wconf 89' lang='lat' dir='ltr'><strong>animum</strong></span> <span class='ocrx_word' id='word_1_218' title='bbox 2553 1660 2829 1732; x_wconf 85' lang='lat' dir='ltr'><strong>applicant</strong></span> <span class='ocrx_word' id='word_1_219' title='bbox 2883 1674 3006 1731; x_wconf 67' lang='lat' dir='ltr'><strong>quae</strong></span> <span class='ocrx_word' id='word_1_220' title='bbox 3068 1659 3277 1729; x_wconf 88' lang='lat' dir='ltr'><strong>psalmo</strong></span> <span class='ocrx_word' id='word_1_221' title='bbox 3348 1659 3568 1729; x_wconf 78' lang='lat' dir='ltr'><strong>proprie</strong></span> 
     </span>
    </p>
   </div>
   <div class='ocr_carea' id='block_1_33' title="bbox 2002 1750 3568 1823">
    <p class='ocr_par' dir='ltr' id='par_1_33' title="bbox 2002 1750 3568 1823">
     <span class='ocr_line' id='line_1_33' title="bbox 2002 1750 3568 1823; baseline -0.003 -14"><span class='ocrx_word' id='word_1_222' title='bbox 2002 1763 2393 1823; x_wconf 87' lang='lat' dir='ltr'><strong>comparatur,</strong></span> <span class='ocrx_word' id='word_1_223' title='bbox 2471 1754 2616 1808; x_wconf 87' lang='lat' dir='ltr'><strong>intra</strong></span> <span class='ocrx_word' id='word_1_224' title='bbox 2678 1767 2836 1809; x_wconf 88' lang='lat' dir='ltr'><strong>suam</strong></span> <span class='ocrx_word' id='word_1_225' title='bbox 2895 1751 3289 1808; x_wconf 88' lang='lat' dir='ltr'><strong>conscientiam</strong></span> <span class='ocrx_word' id='word_1_226' title='bbox 3348 1750 3568 1805; x_wconf 88' lang='lat' dir='ltr'><strong>virtutis</strong></span> 
     </span>
    </p>
   </div>
   <div class='ocr_carea' id='block_1_34' title="bbox 325 1833 1905 1927">
    <p class='ocr_par' dir='ltr' id='par_1_34' title="bbox 325 1833 1895 1927">
     <span class='ocr_line' id='line_1_34' title="bbox 325 1833 1895 1927; baseline 0.006 -28"><span class='ocrx_word' id='word_1_227' title='bbox 325 1845 385 1899; x_wconf 77' lang='grc' dir='ltr'>τὸ</span> <span class='ocrx_word' id='word_1_228' title='bbox 411 1846 557 1902; x_wconf 82' lang='grc' dir='ltr'>κατὰ</span> <span class='ocrx_word' id='word_1_229' title='bbox 597 1847 839 1903; x_wconf 87' lang='grc' dir='ltr'>διάνοιαν</span> <span class='ocrx_word' id='word_1_230' title='bbox 869 1850 1072 1920; x_wconf 84' lang='grc' dir='ltr'>ἀγαθόν</span> <span class='ocrx_word' id='word_1_231' title='bbox 1105 1866 1120 1884; x_wconf 87' lang='grc'><strong>·</strong></span> <span class='ocrx_word' id='word_1_232' title='bbox 1152 1849 1243 1906; x_wconf 87' lang='grc' dir='ltr'><strong>διά</strong></span> <span class='ocrx_word' id='word_1_233' title='bbox 1266 1851 1323 1905; x_wconf 82' lang='grc' dir='ltr'>δὲ</span> <span class='ocrx_word' id='word_1_234' title='bbox 1349 1854 1449 1924; x_wconf 83' lang='grc' dir='ltr'>τῆς</span> <span class='ocrx_word' id='word_1_235' title='bbox 1491 1853 1634 1926; x_wconf 75' lang='grc' dir='ltr'>ᾠδῆς</span> <span class='ocrx_word' id='word_1_236' title='bbox 1668 1833 1732 1907; x_wconf 82' lang='grc' dir='ltr'>τὸ</span> <span class='ocrx_word' id='word_1_237' title='bbox 1764 1833 1895 1927; x_wconf 72' lang='grc' dir='ltr'>ἦθος</span> 
     </span>
    </p>
   </div>
   <div class='ocr_carea' id='block_1_35' title="bbox 2008 1833 3565 1927">
    <p class='ocr_par' dir='ltr' id='par_1_35' title="bbox 2008 1844 3565 1915">
     <span class='ocr_line' id='line_1_35' title="bbox 2008 1844 3565 1915; baseline -0.001 -16"><span class='ocrx_word' id='word_1_238' title='bbox 2008 1844 2245 1902; x_wconf 86' lang='lat' dir='ltr'><strong>habitum</strong></span> <span class='ocrx_word' id='word_1_239' title='bbox 2277 1845 2606 1914; x_wconf 75' lang='lat' dir='ltr'><strong>eﬂ‘ormant,</strong></span> <span class='ocrx_word' id='word_1_240' title='bbox 2654 1854 2711 1902; x_wconf 89' lang='lat' dir='ltr'><strong>et</strong></span> <span class='ocrx_word' id='word_1_241' title='bbox 2759 1844 3259 1912; x_wconf 87' lang='lat' dir='ltr'><strong>circumscribunt,</strong></span> <span class='ocrx_word' id='word_1_242' title='bbox 3321 1844 3565 1915; x_wconf 84' lang='lat' dir='ltr'><strong>ignotum</strong></span> 
     </span>
    </p>
   </div>
   <div class='ocr_carea' id='block_1_36' title="bbox 323 1937 1893 2016">
    <p class='ocr_par' dir='ltr' id='par_1_36' title="bbox 323 1937 1893 2016">
     <span class='ocr_line' id='line_1_36' title="bbox 323 1937 1893 2016; baseline 0.006 -26"><span class='ocrx_word' id='word_1_243' title='bbox 323 1937 417 1990; x_wconf 79' lang='grc' dir='ltr'>καὶ</span> <span class='ocrx_word' id='word_1_244' title='bbox 450 1938 485 2010; x_wconf 75' lang='grc' dir='ltr'><strong>ἠ</strong></span> <span class='ocrx_word' id='word_1_245' title='bbox 512 1938 640 2012; x_wconf 71' lang='grc' dir='ltr'>περὶ</span> <span class='ocrx_word' id='word_1_246' title='bbox 675 1938 738 1992; x_wconf 76' lang='grc' dir='ltr'>τὸ</span> <span class='ocrx_word' id='word_1_247' title='bbox 771 1941 1093 2012; x_wconf 83' lang='grc' dir='ltr'>φαινόμενον</span> <span class='ocrx_word' id='word_1_248' title='bbox 1109 1942 1487 2014; x_wconf 79' lang='grc' dir='ltr'><strong>εὐσχημοσύνη</strong></span> <span class='ocrx_word' id='word_1_249' title='bbox 1512 1944 1893 2016; x_wconf 75' lang='grc' dir='ltr'>ἑρμηνεύεται.</span> 
     </span>
    </p>
   </div>
   <div class='ocr_carea' id='block_1_37' title="bbox 336 2028 1896 2108">
    <p class='ocr_par' dir='ltr' id='par_1_37' title="bbox 336 2028 1896 2108">
     <span class='ocr_line' id='line_1_37' title="bbox 336 2028 1896 2108; baseline 0.006 -25"><span class='ocrx_word' id='word_1_250' title='bbox 336 2028 488 2084; x_wconf 75' lang='grc' dir='ltr'>Ἐπεὶ</span> <span class='ocrx_word' id='word_1_251' title='bbox 536 2031 593 2087; x_wconf 74' lang='grc' dir='ltr'><strong>δέ</strong></span> <span class='ocrx_word' id='word_1_252' title='bbox 634 2032 1036 2105; x_wconf 76' lang='grc' dir='ltr'>μεμαθήκαμεν</span> <span class='ocrx_word' id='word_1_253' title='bbox 1089 2033 1143 2089; x_wconf 90' lang='grc' dir='ltr'><strong>τί</strong></span> <span class='ocrx_word' id='word_1_254' title='bbox 1184 2036 1301 2089; x_wconf 76' lang='grc' dir='ltr'>ἐστι</span> <span class='ocrx_word' id='word_1_255' title='bbox 1348 2036 1693 2107; x_wconf 80' lang='grc' dir='ltr'>ψαλμὸς,ὂτι</span> <span class='ocrx_word' id='word_1_256' title='bbox 1738 2038 1771 2108; x_wconf 84' lang='grc' dir='ltr'>ή</span> <span class='ocrx_word' id='word_1_257' title='bbox 1828 2038 1896 2092; x_wconf 78' lang='grc' dir='ltr'>δι’</span> 
     </span>
    </p>
   </div>
   <div class='ocr_carea' id='block_1_38' title="bbox 324 2119 1894 2198">
    <p class='ocr_par' dir='ltr' id='par_1_38' title="bbox 324 2119 1894 2198">
     <span class='ocr_line' id='line_1_38' title="bbox 324 2119 1894 2198; baseline 0.006 -25"><span class='ocrx_word' id='word_1_258' title='bbox 324 2119 556 2192; x_wconf 78' lang='grc' dir='ltr'>ὀργάνου</span> <span class='ocrx_word' id='word_1_259' title='bbox 616 2125 879 2195; x_wconf 80' lang='grc' dir='ltr'>μουσικοῦ</span> <span class='ocrx_word' id='word_1_260' title='bbox 948 2124 1180 2195; x_wconf 78' lang='grc' dir='ltr'>μελῳδία</span> <span class='ocrx_word' id='word_1_261' title='bbox 1211 2141 1227 2158; x_wconf 77' lang='grc' dir='ltr'><strong>ο</strong></span> <span class='ocrx_word' id='word_1_262' title='bbox 1278 2124 1374 2179; x_wconf 78' lang='grc' dir='ltr'>καὶ</span> <span class='ocrx_word' id='word_1_263' title='bbox 1433 2125 1485 2180; x_wconf 88' lang='grc' dir='ltr'><strong>τί</strong></span> <span class='ocrx_word' id='word_1_264' title='bbox 1528 2125 1647 2198; x_wconf 78' lang='grc' dir='ltr'><strong>ᾠδὴ</strong></span> <span class='ocrx_word' id='word_1_265' title='bbox 1676 2167 1691 2192; x_wconf 94' lang='grc'><strong>,</strong></span> <span class='ocrx_word' id='word_1_266' title='bbox 1733 2126 1894 2198; x_wconf 58' lang='grc' dir='ltr'>ὁτιὴ</span> 
     </span>
    </p>
   </div>
   <div class='ocr_carea' id='block_1_39' title="bbox 328 2208 1899 2288">
    <p class='ocr_par' dir='ltr' id='par_1_39' title="bbox 328 2208 1899 2288">
     <span class='ocr_line' id='line_1_39' title="bbox 328 2208 1899 2288; baseline 0.006 -25"><span class='ocrx_word' id='word_1_267' title='bbox 328 2208 416 2263; x_wconf 83' lang='grc' dir='ltr'><strong>διὰ</strong></span> <span class='ocrx_word' id='word_1_268' title='bbox 454 2208 549 2264; x_wconf 83' lang='grc' dir='ltr'>τοῦ</span> <span class='ocrx_word' id='word_1_269' title='bbox 594 2211 863 2283; x_wconf 88' lang='grc' dir='ltr'>στόματος</span> <span class='ocrx_word' id='word_1_270' title='bbox 917 2214 1183 2285; x_wconf 81' lang='grc' dir='ltr'>γινομένη</span> <span class='ocrx_word' id='word_1_271' title='bbox 1225 2214 1321 2269; x_wconf 82' lang='grc' dir='ltr'><strong>τοῦ</strong></span> <span class='ocrx_word' id='word_1_272' title='bbox 1377 2215 1569 2286; x_wconf 78' lang='grc' dir='ltr'>μέλους</span> <span class='ocrx_word' id='word_1_273' title='bbox 1607 2215 1746 2288; x_wconf 88' lang='grc' dir='ltr'><strong>μετά</strong></span> <span class='ocrx_word' id='word_1_274' title='bbox 1787 2217 1899 2273; x_wconf 90' lang='grc' dir='ltr'><strong>τῶν</strong></span> 
     </span>
    </p>
   </div>
   <div class='ocr_carea' id='block_1_40' title="bbox 331 2301 1896 2381">
    <p class='ocr_par' dir='ltr' id='par_1_40' title="bbox 331 2301 1896 2381">
     <span class='ocr_line' id='line_1_40' title="bbox 331 2301 1896 2381; baseline 0.004 -25"><span class='ocrx_word' id='word_1_275' title='bbox 331 2301 594 2372; x_wconf 81' lang='grc' dir='ltr'>ῥημάτων</span> <span class='ocrx_word' id='word_1_276' title='bbox 637 2304 965 2375; x_wconf 81' lang='grc' dir='ltr'>ἑκφὼνησις,</span> <span class='ocrx_word' id='word_1_277' title='bbox 996 2306 1190 2377; x_wconf 74' lang='grc' dir='ltr'>ῥητέον</span> <span class='ocrx_word' id='word_1_278' title='bbox 1240 2307 1427 2362; x_wconf 81' lang='grc' dir='ltr'>λοιπὸν</span> <span class='ocrx_word' id='word_1_279' title='bbox 1457 2309 1511 2362; x_wconf 91' lang='grc' dir='ltr'><strong>τί</strong></span> <span class='ocrx_word' id='word_1_280' title='bbox 1550 2311 1664 2363; x_wconf 85' lang='grc' dir='ltr'>ἐστι</span> <span class='ocrx_word' id='word_1_281' title='bbox 1693 2309 1859 2381; x_wconf 79' lang='grc' dir='ltr'>ὕμνος</span> <span class='ocrx_word' id='word_1_282' title='bbox 1879 2321 1896 2339; x_wconf 88' lang='grc'>⁶</span> 
     </span>
    </p>
   </div>
   <div class='ocr_carea' id='block_1_41' title="bbox 329 2390 1899 2472">
    <p class='ocr_par' dir='ltr' id='par_1_41' title="bbox 329 2390 1899 2472">
     <span class='ocr_line' id='line_1_41' title="bbox 329 2390 1899 2472; baseline 0.006 -27"><span class='ocrx_word' id='word_1_283' title='bbox 329 2390 412 2446; x_wconf 85' lang='grc' dir='ltr'>ὃτι</span> <span class='ocrx_word' id='word_1_284' title='bbox 438 2393 471 2465; x_wconf 74' lang='grc' dir='ltr'><strong>ὴ</strong></span> <span class='ocrx_word' id='word_1_285' title='bbox 507 2394 599 2447; x_wconf 70' lang='grc' dir='ltr'>ἐπὶ</span> <span class='ocrx_word' id='word_1_286' title='bbox 620 2397 731 2459; x_wconf 81' lang='grc' dir='ltr'>τοῖς</span> <span class='ocrx_word' id='word_1_287' title='bbox 753 2396 1087 2469; x_wconf 82' lang='grc' dir='ltr'>ὑπάρχουσιν</span> <span class='ocrx_word' id='word_1_288' title='bbox 1120 2399 1254 2470; x_wconf 75' lang='grc' dir='ltr'>ἡμῖν</span> <span class='ocrx_word' id='word_1_289' title='bbox 1278 2397 1502 2467; x_wconf 77' lang='grc' dir='ltr'>ἀγαθοῖς</span> <span class='ocrx_word' id='word_1_290' title='bbox 1531 2400 1899 2472; x_wconf 78' lang='grc' dir='ltr'>ἀνατιθεμένη</span> 
     </span>
    </p>
   </div>
   <div class='ocr_carea' id='block_1_42' title="bbox 330 2484 1900 2561">
    <p class='ocr_par' dir='ltr' id='par_1_42' title="bbox 330 2484 1900 2561">
     <span class='ocr_line' id='line_1_42' title="bbox 330 2484 1900 2561; baseline 0.006 -23"><span class='ocrx_word' id='word_1_291' title='bbox 330 2484 411 2556; x_wconf 81' lang='grc' dir='ltr'><strong>τῷ</strong></span> <span class='ocrx_word' id='word_1_292' title='bbox 463 2485 582 2560; x_wconf 87' lang='grc' dir='ltr'><strong>Θεῷ</strong></span> <span class='ocrx_word' id='word_1_293' title='bbox 604 2488 870 2561; x_wconf 82' lang='grc' dir='ltr'>εὐφημία.</span> <span class='ocrx_word' id='word_1_294' title='bbox 909 2486 1067 2555; x_wconf 75' lang='grc' dir='ltr'>Δῖνος</span> <span class='ocrx_word' id='word_1_295' title='bbox 1094 2490 1170 2558; x_wconf 82' lang='grc' dir='ltr'>δὲ,</span> <span class='ocrx_word' id='word_1_296' title='bbox 1207 2490 1328 2561; x_wconf 76' lang='grc' dir='ltr'>ἦτοι</span> <span class='ocrx_word' id='word_1_297' title='bbox 1352 2491 1580 2559; x_wconf 81' lang='grc' dir='ltr'>αίνεσις,</span> <span class='ocrx_word' id='word_1_298' title='bbox 1603 2491 1712 2544; x_wconf 86' lang='grc' dir='ltr'><strong>τῶν</strong></span> <span class='ocrx_word' id='word_1_299' title='bbox 1740 2491 1900 2547; x_wconf 84' lang='grc' dir='ltr'>θείων</span> 
     </span>
    </p>
   </div>
   <div class='ocr_carea' id='block_1_43' title="bbox 333 2574 1900 2656">
    <p class='ocr_par' dir='ltr' id='par_1_43' title="bbox 333 2574 1900 2656">
     <span class='ocr_line' id='line_1_43' title="bbox 333 2574 1900 2656; baseline 0.006 -27"><span class='ocrx_word' id='word_1_300' title='bbox 333 2574 626 2648; x_wconf 81' lang='grc' dir='ltr'>θαυμάτων</span> <span class='ocrx_word' id='word_1_301' title='bbox 655 2579 906 2645; x_wconf 82' lang='grc' dir='ltr'>ἔπαινος·</span> <span class='ocrx_word' id='word_1_302' title='bbox 944 2580 1217 2654; x_wconf 79' lang='grc' dir='ltr'>προσευχὴ</span> <span class='ocrx_word' id='word_1_303' title='bbox 1240 2580 1299 2637; x_wconf 83' lang='grc' dir='ltr'>δὲ</span> <span class='ocrx_word' id='word_1_304' title='bbox 1326 2581 1575 2655; x_wconf 72' lang='grc' dir='ltr'>ἱκετηρία</span> <span class='ocrx_word' id='word_1_305' title='bbox 1604 2582 1733 2656; x_wconf 88' lang='grc' dir='ltr'>περί</span> <span class='ocrx_word' id='word_1_306' title='bbox 1751 2600 1900 2651; x_wconf 90' lang='grc' dir='ltr'>τινος</span> 
     </span>
    </p>
   </div>
   <div class='ocr_carea' id='block_1_44' title="bbox 333 2668 1896 2752">
    <p class='ocr_par' dir='ltr' id='par_1_44' title="bbox 333 2668 1896 2752">
     <span class='ocr_line' id='line_1_44' title="bbox 333 2668 1896 2752; baseline 0.008 -31"><span class='ocrx_word' id='word_1_307' title='bbox 333 2668 443 2724; x_wconf 89' lang='grc' dir='ltr'><strong>τῶν</strong></span> <span class='ocrx_word' id='word_1_308' title='bbox 478 2672 863 2743; x_wconf 83' lang='grc' dir='ltr'>συμφερόντων</span> <span class='ocrx_word' id='word_1_309' title='bbox 906 2674 1293 2747; x_wconf 82' lang='grc' dir='ltr'>προσαγομένη</span> <span class='ocrx_word' id='word_1_310' title='bbox 1330 2674 1473 2747; x_wconf 84' lang='grc' dir='ltr'>Θεῷ.</span> <span class='ocrx_word' id='word_1_311' title='bbox 1544 2676 1707 2731; x_wconf 82' lang='grc' dir='ltr'>Ἀλλά</span> <span class='ocrx_word' id='word_1_312' title='bbox 1765 2678 1896 2752; x_wconf 78' lang='grc' dir='ltr'>περὶ</span> 
     </span>
    </p>
   </div>
   <div class='ocr_carea' id='block_1_45' title="bbox 334 2756 1901 2839">
    <p class='ocr_par' dir='ltr' id='par_1_45' title="bbox 334 2756 1901 2839">
     <span class='ocr_line' id='line_1_45' title="bbox 334 2756 1901 2839; baseline 0.009 -30"><span class='ocrx_word' id='word_1_313' title='bbox 334 2756 539 2811; x_wconf 87' lang='grc' dir='ltr'>τούτων</span> <span class='ocrx_word' id='word_1_314' title='bbox 588 2760 680 2814; x_wconf 79' lang='grc' dir='ltr'>καὶ</span> <span class='ocrx_word' id='word_1_315' title='bbox 724 2760 878 2826; x_wconf 77' lang='grc' dir='ltr'>αὖθις</span> <span class='ocrx_word' id='word_1_316' title='bbox 926 2764 1225 2836; x_wconf 77' lang='grc' dir='ltr'>εἰρήσεται.</span> <span class='ocrx_word' id='word_1_317' title='bbox 1286 2765 1361 2821; x_wconf 83' lang='grc' dir='ltr'>Τὸ</span> <span class='ocrx_word' id='word_1_318' title='bbox 1414 2766 1600 2836; x_wconf 89' lang='grc' dir='ltr'>μέντοι</span> <span class='ocrx_word' id='word_1_319' title='bbox 1643 2767 1901 2839; x_wconf 85' lang='grc' dir='ltr'>τέταρτον</span> 
     </span>
    </p>
   </div>
   <div class='ocr_carea' id='block_1_46' title="bbox 337 2846 1902 2920">
    <p class='ocr_par' dir='ltr' id='par_1_46' title="bbox 337 2846 1902 2920">
     <span class='ocr_line' id='line_1_46' title="bbox 337 2846 1902 2920; baseline 0.011 -22"><span class='ocrx_word' id='word_1_320' title='bbox 337 2846 630 2915; x_wconf 84' lang='grc' dir='ltr'>κεφάλαιον</span> <span class='ocrx_word' id='word_1_321' title='bbox 665 2849 1027 2920; x_wconf 76' lang='grc' dir='ltr'>ἐξετάζοντες,</span> <span class='ocrx_word' id='word_1_322' title='bbox 1055 2853 1106 2907; x_wconf 82' lang='grc' dir='ltr'><strong>εί</strong></span> <span class='ocrx_word' id='word_1_323' title='bbox 1128 2854 1328 2918; x_wconf 85' lang='grc' dir='ltr'>πάντες</span> <span class='ocrx_word' id='word_1_324' title='bbox 1360 2856 1471 2910; x_wconf 81' lang='grc' dir='ltr'>εἰσὶ</span> <span class='ocrx_word' id='word_1_325' title='bbox 1506 2857 1599 2912; x_wconf 74' lang='grc' dir='ltr'><strong>τοῦ</strong></span> <span class='ocrx_word' id='word_1_326' title='bbox 1642 2860 1804 2914; x_wconf 77' lang='grc' dir='ltr'>Δαδὶδ</span> <span class='ocrx_word' id='word_1_327' title='bbox 1851 2862 1902 2915; x_wconf 85' lang='grc' dir='ltr'>οἱ</span> 
     </span>
    </p>
   </div>
   <div class='ocr_carea' id='block_1_47' title="bbox 335 2936 1902 3019">
    <p class='ocr_par' dir='ltr' id='par_1_47' title="bbox 335 2936 1902 3019">
     <span class='ocr_line' id='line_1_47' title="bbox 335 2936 1902 3019; baseline 0.011 -30"><span class='ocrx_word' id='word_1_328' title='bbox 335 2936 560 3008; x_wconf 79' lang='grc' dir='ltr'>ψαλμοὶ,</span> <span class='ocrx_word' id='word_1_329' title='bbox 614 2943 794 3012; x_wconf 82' lang='grc' dir='ltr'>φαμὲν</span> <span class='ocrx_word' id='word_1_330' title='bbox 819 2983 834 3008; x_wconf 90' lang='grc'><strong>,</strong></span> <span class='ocrx_word' id='word_1_331' title='bbox 878 2945 963 2998; x_wconf 81' lang='grc' dir='ltr'>ὅτι</span> <span class='ocrx_word' id='word_1_332' title='bbox 1004 2946 1293 3018; x_wconf 84' lang='grc' dir='ltr'>τρισχίλιοι</span> <span class='ocrx_word' id='word_1_333' title='bbox 1333 2948 1604 3019; x_wconf 77' lang='grc' dir='ltr'>ψαλτῳδοὶ</span> <span class='ocrx_word' id='word_1_334' title='bbox 1647 2951 1754 3005; x_wconf 74' lang='grc' dir='ltr'>ἀπὸ</span> <span class='ocrx_word' id='word_1_335' title='bbox 1808 2951 1902 3007; x_wconf 72' lang='grc' dir='ltr'><strong>τοῦ</strong></span> 
     </span>
    </p>
   </div>
   <div class='ocr_carea' id='block_1_48' title="bbox 336 3029 1905 3115">
    <p class='ocr_par' dir='ltr' id='par_1_48' title="bbox 336 3029 1905 3115">
     <span class='ocr_line' id='line_1_48' title="bbox 336 3029 1905 3115; baseline 0.011 -34"><span class='ocrx_word' id='word_1_336' title='bbox 336 3029 621 3084; x_wconf 81' lang='grc' dir='ltr'>Δευϊτικοῦ</span> <span class='ocrx_word' id='word_1_337' title='bbox 666 3033 757 3087; x_wconf 77' lang='grc' dir='ltr'>καὶ</span> <span class='ocrx_word' id='word_1_338' title='bbox 792 3034 1067 3106; x_wconf 73' lang='grc' dir='ltr'>ἱερατικοῦ</span> <span class='ocrx_word' id='word_1_339' title='bbox 1111 3038 1305 3108; x_wconf 89' lang='grc' dir='ltr'>γένους</span> <span class='ocrx_word' id='word_1_340' title='bbox 1361 3042 1441 3105; x_wconf 84' lang='grc' dir='ltr'><strong>είς</strong></span> <span class='ocrx_word' id='word_1_341' title='bbox 1469 3044 1613 3113; x_wconf 77' lang='grc' dir='ltr'>τρεῖς</span> <span class='ocrx_word' id='word_1_342' title='bbox 1640 3042 1905 3115; x_wconf 78' lang='grc' dir='ltr'>διῃρημέ-</span> 
     </span>
    </p>
   </div>
   <div class='ocr_carea' id='block_1_49' title="bbox 337 3122 1978 3228">
    <p class='ocr_par' dir='ltr' id='par_1_49' title="bbox 337 3122 1978 3228">
     <span class='ocr_line' id='line_1_49' title="bbox 337 3122 1978 3228; baseline 0.01 -54"><span class='ocrx_word' id='word_1_343' title='bbox 337 3135 418 3228; x_wconf 52' lang='grc' dir='ltr'><strong>νμι</strong></span> <span class='ocrx_word' id='word_1_344' title='bbox 457 3122 649 3228; x_wconf 51' lang='grc' dir='ltr'>χορούς</span> <span class='ocrx_word' id='word_1_345' title='bbox 681 3124 782 3228; x_wconf 47' lang='grc' dir='ltr'>τὸν.</span> <span class='ocrx_word' id='word_1_346' title='bbox 800 3126 893 3180; x_wconf 84' lang='grc' dir='ltr'><strong>τοῦ</strong></span> <span class='ocrx_word' id='word_1_347' title='bbox 926 3126 1092 3182; x_wconf 72' lang='grc' dir='ltr'>Δαδὶδ</span> <span class='ocrx_word' id='word_1_348' title='bbox 1126 3128 1340 3201; x_wconf 79' lang='grc' dir='ltr'>ψαλμὸν</span> <span class='ocrx_word' id='word_1_349' title='bbox 1369 3130 1623 3201; x_wconf 86' lang='grc' dir='ltr'>ἔψαλλον.</span> <span class='ocrx_word' id='word_1_350' title='bbox 1668 3134 1899 3207; x_wconf 82' lang='grc' dir='ltr'>Ἐξῆρχε</span> <span class='ocrx_word' id='word_1_351' title='bbox 1931 3166 1978 3228; x_wconf 75' lang='lat' dir='ltr'>c</span> 
     </span>
    </p>
   </div>
   <div class='ocr_carea' id='block_1_50' title="bbox 336 3210 1901 3296">
    <p class='ocr_par' dir='ltr' id='par_1_50' title="bbox 336 3210 1901 3296">
     <span class='ocr_line' id='line_1_50' title="bbox 336 3210 1901 3296; baseline 0.01 -30"><span class='ocrx_word' id='word_1_352' title='bbox 336 3210 394 3265; x_wconf 71' lang='grc' dir='ltr'>δὲ</span> <span class='ocrx_word' id='word_1_353' title='bbox 416 3212 510 3267; x_wconf 83' lang='grc' dir='ltr'><strong>τοῦ</strong></span> <span class='ocrx_word' id='word_1_354' title='bbox 548 3215 648 3286; x_wconf 69' lang='grc' dir='ltr'><strong>μὲν</strong></span> <span class='ocrx_word' id='word_1_355' title='bbox 674 3215 888 3287; x_wconf 85' lang='grc' dir='ltr'>πρώτου</span> <span class='ocrx_word' id='word_1_356' title='bbox 921 3219 1083 3291; x_wconf 79' lang='grc' dir='ltr'>χοροῦ</span> <span class='ocrx_word' id='word_1_357' title='bbox 1126 3221 1348 3277; x_wconf 77' lang='grc' dir='ltr'>Ἰδιθοὺν</span> <span class='ocrx_word' id='word_1_358' title='bbox 1367 3223 1396 3276; x_wconf 85' lang='grc' dir='ltr'><strong>ὀ</strong></span> <span class='ocrx_word' id='word_1_359' title='bbox 1417 3225 1867 3296; x_wconf 79' lang='grc' dir='ltr'>χοροδιδάσκαλος</span> <span class='ocrx_word' id='word_1_360' title='bbox 1884 3242 1901 3259; x_wconf 77' lang='lat'>&#39;</span> 
     </span>
    </p>
   </div>
   <div class='ocr_carea' id='block_1_51' title="bbox 338 3305 1903 3390">
    <p class='ocr_par' dir='ltr' id='par_1_51' title="bbox 338 3305 1903 3390">
     <span class='ocr_line' id='line_1_51' title="bbox 338 3305 1903 3390; baseline 0.01 -32"><span class='ocrx_word' id='word_1_361' title='bbox 338 3305 437 3359; x_wconf 82' lang='grc' dir='ltr'><strong>τοῦ</strong></span> <span class='ocrx_word' id='word_1_362' title='bbox 487 3306 545 3361; x_wconf 81' lang='grc' dir='ltr'>δὲ</span> <span class='ocrx_word' id='word_1_363' title='bbox 595 3308 846 3380; x_wconf 83' lang='grc' dir='ltr'>δευτέρου</span> <span class='ocrx_word' id='word_1_364' title='bbox 891 3312 1082 3380; x_wconf 75' lang='grc' dir='ltr'>Αίθάν,</span> <span class='ocrx_word' id='word_1_365' title='bbox 1111 3314 1206 3368; x_wconf 75' lang='grc' dir='ltr'>καὶ</span> <span class='ocrx_word' id='word_1_366' title='bbox 1258 3315 1353 3370; x_wconf 64' lang='grc' dir='ltr'>τοῖν</span> <span class='ocrx_word' id='word_1_367' title='bbox 1407 3317 1592 3387; x_wconf 89' lang='grc' dir='ltr'>τρίτου</span> <span class='ocrx_word' id='word_1_368' title='bbox 1640 3320 1903 3390; x_wconf 83' lang='grc' dir='ltr'>Ἀσαφάτ.</span> 
     </span>
    </p>
   </div>
   <div class='ocr_carea' id='block_1_52' title="bbox 341 3400 1904 3482">
    <p class='ocr_par' dir='ltr' id='par_1_52' title="bbox 341 3400 1904 3482">
     <span class='ocr_line' id='line_1_52' title="bbox 341 3400 1904 3482; baseline 0.01 -31"><span class='ocrx_word' id='word_1_369' title='bbox 341 3400 707 3471; x_wconf 76' lang='grc' dir='ltr'>Κεκμηκότας</span> <span class='ocrx_word' id='word_1_370' title='bbox 764 3402 822 3455; x_wconf 82' lang='grc' dir='ltr'>δὲ</span> <span class='ocrx_word' id='word_1_371' title='bbox 882 3404 1105 3469; x_wconf 81' lang='grc' dir='ltr'>τούτους</span> <span class='ocrx_word' id='word_1_372' title='bbox 1153 3407 1204 3460; x_wconf 88' lang='grc' dir='ltr'><strong>οί</strong></span> <span class='ocrx_word' id='word_1_373' title='bbox 1235 3408 1342 3461; x_wconf 78' lang='grc' dir='ltr'>υίοὶ</span> <span class='ocrx_word' id='word_1_374' title='bbox 1399 3408 1546 3480; x_wconf 75' lang='grc' dir='ltr'>Κορὲ</span> <span class='ocrx_word' id='word_1_375' title='bbox 1588 3409 1904 3482; x_wconf 85' lang='grc' dir='ltr'>διεδέχοντο.</span> 
     </span>
    </p>
   </div>
   <div class='ocr_carea' id='block_1_53' title="bbox 342 3490 1909 3568">
    <p class='ocr_par' dir='ltr' id='par_1_53' title="bbox 342 3490 1909 3568">
     <span class='ocr_line' id='line_1_53' title="bbox 342 3490 1909 3568; baseline 0.006 -23"><span class='ocrx_word' id='word_1_376' title='bbox 342 3490 505 3545; x_wconf 75' lang='grc' dir='ltr'>Ὅθεν</span> <span class='ocrx_word' id='word_1_377' title='bbox 545 3492 637 3545; x_wconf 74' lang='grc' dir='ltr'>καὶ</span> <span class='ocrx_word' id='word_1_378' title='bbox 667 3492 896 3558; x_wconf 83' lang='grc' dir='ltr'>πολλοὺς</span> <span class='ocrx_word' id='word_1_379' title='bbox 930 3495 958 3549; x_wconf 88' lang='grc' dir='ltr'><strong>ό</strong></span> <span class='ocrx_word' id='word_1_380' title='bbox 987 3495 1150 3549; x_wconf 75' lang='grc' dir='ltr'>Δαδὶδ</span> <span class='ocrx_word' id='word_1_381' title='bbox 1174 3494 1424 3568; x_wconf 77' lang='grc' dir='ltr'>ψαλμοὺς</span> <span class='ocrx_word' id='word_1_382' title='bbox 1451 3498 1545 3553; x_wconf 72' lang='grc' dir='ltr'>ἐπὶ</span> <span class='ocrx_word' id='word_1_383' title='bbox 1562 3498 1768 3555; x_wconf 88' lang='grc' dir='ltr'>τούτων</span> <span class='ocrx_word' id='word_1_384' title='bbox 1792 3500 1909 3555; x_wconf 80' lang='grc' dir='ltr'>ὀνό-</span> 
     </span>
    </p>
   </div>
   <div class='ocr_carea' id='block_1_54' title="bbox 347 3581 1899 3654">
    <p class='ocr_par' dir='ltr' id='par_1_54' title="bbox 347 3581 1899 3654">
     <span class='ocr_line' id='line_1_54' title="bbox 347 3581 1899 3654; baseline 0.007 -22"><span class='ocrx_word' id='word_1_385' title='bbox 347 3597 475 3651; x_wconf 89' lang='grc' dir='ltr'>ματι</span> <span class='ocrx_word' id='word_1_386' title='bbox 514 3581 707 3649; x_wconf 77' lang='grc' dir='ltr'>ἔψαλλε</span> <span class='ocrx_word' id='word_1_387' title='bbox 737 3599 752 3616; x_wconf 70' lang='grc'><strong><em>⁸</em></strong></span> <span class='ocrx_word' id='word_1_388' title='bbox 790 3583 885 3637; x_wconf 88' lang='grc' dir='ltr'><strong>καί</strong></span> <span class='ocrx_word' id='word_1_389' title='bbox 914 3600 1058 3649; x_wconf 88' lang='grc' dir='ltr'>τινες</span> <span class='ocrx_word' id='word_1_390' title='bbox 1102 3585 1353 3641; x_wconf 84' lang='grc' dir='ltr'>ἐντεῦθεν</span> <span class='ocrx_word' id='word_1_391' title='bbox 1386 3588 1572 3651; x_wconf 88' lang='grc' dir='ltr'>κακῶς</span> <span class='ocrx_word' id='word_1_392' title='bbox 1606 3589 1899 3654; x_wconf 79' lang='grc' dir='ltr'>ὑπέλαϐον,</span> 
     </span>
    </p>
   </div>
   <div class='ocr_carea' id='block_1_55' title="bbox 343 3674 1903 3749">
    <p class='ocr_par' dir='ltr' id='par_1_55' title="bbox 343 3674 1903 3749">
     <span class='ocr_line' id='line_1_55' title="bbox 343 3674 1903 3749; baseline 0.004 -21"><span class='ocrx_word' id='word_1_393' title='bbox 343 3675 425 3728; x_wconf 86' lang='grc' dir='ltr'><strong>δτι</strong></span> <span class='ocrx_word' id='word_1_394' title='bbox 464 3674 643 3729; x_wconf 82' lang='grc' dir='ltr'>αὐτῶν</span> <span class='ocrx_word' id='word_1_395' title='bbox 688 3678 826 3731; x_wconf 80' lang='grc' dir='ltr'>εἰσιν</span> <span class='ocrx_word' id='word_1_396' title='bbox 878 3678 927 3730; x_wconf 84' lang='grc' dir='ltr'>οἱ</span> <span class='ocrx_word' id='word_1_397' title='bbox 949 3676 1173 3749; x_wconf 83' lang='grc' dir='ltr'>ψαλμοί.</span> <span class='ocrx_word' id='word_1_398' title='bbox 1198 3678 1296 3731; x_wconf 75' lang='grc' dir='ltr'>Διά</span> <span class='ocrx_word' id='word_1_399' title='bbox 1326 3677 1485 3732; x_wconf 83' lang='grc' dir='ltr'>τοῦτο</span> <span class='ocrx_word' id='word_1_400' title='bbox 1518 3680 1613 3735; x_wconf 76' lang='grc' dir='ltr'>καὶ</span> <span class='ocrx_word' id='word_1_401' title='bbox 1663 3681 1732 3735; x_wconf 85' lang='grc' dir='ltr'><strong>τὰ</strong></span> <span class='ocrx_word' id='word_1_402' title='bbox 1783 3683 1903 3735; x_wconf 84' lang='grc' dir='ltr'>ὀνό-</span> 
     </span>
    </p>
   </div>
   <div class='ocr_carea' id='block_1_56' title="bbox 347 3766 1909 3846">
    <p class='ocr_par' dir='ltr' id='par_1_56' title="bbox 347 3766 1909 3846">
     <span class='ocr_line' id='line_1_56' title="bbox 347 3766 1909 3846; baseline 0.006 -27"><span class='ocrx_word' id='word_1_403' title='bbox 347 3784 493 3837; x_wconf 90' lang='grc' dir='ltr'>ματα</span> <span class='ocrx_word' id='word_1_404' title='bbox 541 3768 719 3821; x_wconf 84' lang='grc' dir='ltr'>αὐτῶν</span> <span class='ocrx_word' id='word_1_405' title='bbox 779 3766 839 3820; x_wconf 87' lang='grc' dir='ltr'>ἔν</span> <span class='ocrx_word' id='word_1_406' title='bbox 891 3786 1033 3823; x_wconf 91' lang='grc' dir='ltr'>τισιν</span> <span class='ocrx_word' id='word_1_407' title='bbox 1110 3771 1444 3843; x_wconf 77' lang='grc' dir='ltr'>ἐπιγραφαῖς</span> <span class='ocrx_word' id='word_1_408' title='bbox 1488 3772 1597 3825; x_wconf 89' lang='grc' dir='ltr'><strong>τῶν</strong></span> <span class='ocrx_word' id='word_1_409' title='bbox 1661 3772 1909 3846; x_wconf 71' lang='grc' dir='ltr'>Ψαλμῶν</span> 
     </span>
    </p>
   </div>
   <div class='ocr_carea' id='block_1_57' title="bbox 345 3859 1911 3933">
    <p class='ocr_par' dir='ltr' id='par_1_57' title="bbox 345 3859 1911 3933">
     <span class='ocr_line' id='line_1_57' title="bbox 345 3859 1911 3933; baseline 0.005 -23"><span class='ocrx_word' id='word_1_410' title='bbox 345 3859 714 3930; x_wconf 80' lang='grc' dir='ltr'>εὑρίσκεσθαι.</span> <span class='ocrx_word' id='word_1_411' title='bbox 782 3860 903 3913; x_wconf 59' lang='lat' dir='ltr'><strong>Eia!</strong></span> <span class='ocrx_word' id='word_1_412' title='bbox 945 3860 1002 3915; x_wconf 75' lang='grc' dir='ltr'>δὲ</span> <span class='ocrx_word' id='word_1_413' title='bbox 1052 3861 1253 3925; x_wconf 86' lang='grc' dir='ltr'>πάντες</span> <span class='ocrx_word' id='word_1_414' title='bbox 1296 3863 1345 3915; x_wconf 77' lang='lat' dir='ltr'><strong>oi</strong></span> <span class='ocrx_word' id='word_1_415' title='bbox 1392 3861 1620 3933; x_wconf 74' lang='grc' dir='ltr'>ψαλμοὶ,</span> <span class='ocrx_word' id='word_1_416' title='bbox 1671 3864 1749 3928; x_wconf 86' lang='grc' dir='ltr'><strong>ὡς</strong></span> <span class='ocrx_word' id='word_1_417' title='bbox 1796 3867 1911 3928; x_wconf 86' lang='grc' dir='ltr'>τοῖς</span> 
     </span>
    </p>
   </div>
   <div class='ocr_carea' id='block_1_58' title="bbox 344 3949 1911 4025">
    <p class='ocr_par' dir='ltr' id='par_1_58' title="bbox 344 3949 1911 4025">
     <span class='ocr_line' id='line_1_58' title="bbox 344 3949 1911 4025; baseline 0.005 -23"><span class='ocrx_word' id='word_1_418' title='bbox 344 3949 630 4021; x_wconf 71' lang='grc' dir='ltr'>ἀκρ;6οὖσι</span> <span class='ocrx_word' id='word_1_419' title='bbox 681 3950 861 4018; x_wconf 82' lang='grc' dir='ltr'>δοκεῖ,</span> <span class='ocrx_word' id='word_1_420' title='bbox 914 3951 1010 4005; x_wconf 78' lang='grc' dir='ltr'>καὶ</span> <span class='ocrx_word' id='word_1_421' title='bbox 1043 3954 1109 4024; x_wconf 80' lang='grc' dir='ltr'><strong>τῇ</strong></span> <span class='ocrx_word' id='word_1_422' title='bbox 1151 3952 1379 4025; x_wconf 72' lang='grc' dir='ltr'>ἀληθείᾳ.</span> <span class='ocrx_word' id='word_1_423' title='bbox 1421 3955 1516 4009; x_wconf 75' lang='grc' dir='ltr'>τοῦ</span> <span class='ocrx_word' id='word_1_424' title='bbox 1562 3954 1745 4009; x_wconf 77' lang='grc' dir='ltr'>Δαϐίδ.</span> <span class='ocrx_word' id='word_1_425' title='bbox 1779 3956 1911 4010; x_wconf 83' lang='grc' dir='ltr'>Μετ’</span> 
     </span>
    </p>
   </div>
   <div class='ocr_carea' id='block_1_59' title="bbox 346 4039 1913 4117">
    <p class='ocr_par' dir='ltr' id='par_1_59' title="bbox 346 4039 1913 4117">
     <span class='ocr_line' id='line_1_59' title="bbox 346 4039 1913 4117; baseline 0.004 -24"><span class='ocrx_word' id='word_1_426' title='bbox 346 4039 491 4111; x_wconf 80' lang='grc' dir='ltr'>ᾠδῆς</span> <span class='ocrx_word' id='word_1_427' title='bbox 550 4041 606 4095; x_wconf 71' lang='grc' dir='ltr'>δὲ</span> <span class='ocrx_word' id='word_1_428' title='bbox 660 4041 799 4114; x_wconf 76' lang='grc' dir='ltr'>αὕτη</span> <span class='ocrx_word' id='word_1_429' title='bbox 835 4044 870 4113; x_wconf 76' lang='grc' dir='ltr'><strong>ὴ</strong></span> <span class='ocrx_word' id='word_1_430' title='bbox 919 4044 1224 4117; x_wconf 86' lang='grc' dir='ltr'>προφητεία</span> <span class='ocrx_word' id='word_1_431' title='bbox 1266 4042 1506 4112; x_wconf 87' lang='grc' dir='ltr'>λέγεται,</span> <span class='ocrx_word' id='word_1_432' title='bbox 1552 4045 1641 4099; x_wconf 85' lang='grc' dir='ltr'><strong>ἴνα</strong></span> <span class='ocrx_word' id='word_1_433' title='bbox 1685 4046 1913 4110; x_wconf 85' lang='grc' dir='ltr'>ἔκαστος</span> 
     </span>
    </p>
   </div>
   <div class='ocr_carea' id='block_1_60' title="bbox 345 4133 1914 4209">
    <p class='ocr_par' dir='ltr' id='par_1_60' title="bbox 345 4133 1914 4209">
     <span class='ocr_line' id='line_1_60' title="bbox 345 4133 1914 4209; baseline 0.011 -35"><span class='ocrx_word' id='word_1_434' title='bbox 345 4133 526 4206; x_wconf 68' lang='grc' dir='ltr'>τέρπῃ</span> <span class='ocrx_word' id='word_1_435' title='bbox 570 4134 669 4205; x_wconf 61' lang='grc' dir='ltr'>τὴν</span> <span class='ocrx_word' id='word_1_436' title='bbox 696 4133 874 4205; x_wconf 77' lang='grc' dir='ltr'>ψυχὴν</span> <span class='ocrx_word' id='word_1_437' title='bbox 904 4134 1065 4206; x_wconf 72' lang='grc' dir='ltr'>ᾅδων,</span> <span class='ocrx_word' id='word_1_438' title='bbox 1104 4134 1199 4188; x_wconf 73' lang='grc' dir='ltr'>καὶ</span> <span class='ocrx_word' id='word_1_439' title='bbox 1233 4133 1550 4209; x_wconf 78' lang='grc' dir='ltr'>ύποκλέπτῃ</span> <span class='ocrx_word' id='word_1_440' title='bbox 1584 4134 1675 4188; x_wconf 81' lang='grc' dir='ltr'>τὸν</span> <span class='ocrx_word' id='word_1_441' title='bbox 1708 4138 1773 4190; x_wconf 85' lang='grc' dir='ltr'>ὲκ</span> <span class='ocrx_word' id='word_1_442' title='bbox 1815 4140 1914 4208; x_wconf 81' lang='grc' dir='ltr'>τῆς</span> 
     </span>
    </p>
   </div>
   <div class='ocr_carea' id='block_1_61' title="bbox 346 4224 1915 4298">
    <p class='ocr_par' dir='ltr' id='par_1_61' title="bbox 346 4224 1915 4298">
     <span class='ocr_line' id='line_1_61' title="bbox 346 4224 1915 4298; baseline 0.003 -21"><span class='ocrx_word' id='word_1_443' title='bbox 346 4224 705 4293; x_wconf 76' lang='grc' dir='ltr'>ἀναγνώσεως</span> <span class='ocrx_word' id='word_1_444' title='bbox 726 4227 904 4281; x_wconf 67' lang='grc' dir='ltr'>τόνον.</span> <span class='ocrx_word' id='word_1_445' title='bbox 947 4226 1163 4297; x_wconf 81' lang='grc' dir='ltr'>Ἐπειδὴ</span> <span class='ocrx_word' id='word_1_446' title='bbox 1188 4225 1296 4298; x_wconf 80' lang='grc' dir='ltr'>γὰρ</span> <span class='ocrx_word' id='word_1_447' title='bbox 1319 4224 1458 4281; x_wconf 76' lang='grc' dir='ltr'>εἶδεν</span> <span class='ocrx_word' id='word_1_448' title='bbox 1479 4227 1507 4280; x_wconf 85' lang='grc' dir='ltr'>ὁ</span> <span class='ocrx_word' id='word_1_449' title='bbox 1528 4226 1661 4292; x_wconf 87' lang='grc' dir='ltr'>Θεδς</span> <span class='ocrx_word' id='word_1_450' title='bbox 1689 4225 1915 4292; x_wconf 84' lang='grc' dir='ltr'>πολλοὺς</span> 
     </span>
    </p>
   </div>
   <div class='ocr_carea' id='block_1_62' title="bbox 342 4317 1914 4391">
    <p class='ocr_par' dir='ltr' id='par_1_62' title="bbox 342 4317 1914 4391">
     <span class='ocr_line' id='line_1_62' title="bbox 342 4317 1914 4391; baseline 0.002 -21"><span class='ocrx_word' id='word_1_451' title='bbox 342 4318 453 4370; x_wconf 89' lang='grc' dir='ltr'><strong>τῶν</strong></span> <span class='ocrx_word' id='word_1_452' title='bbox 493 4317 798 4388; x_wconf 84' lang='grc' dir='ltr'>ἀνθρώπων</span> <span class='ocrx_word' id='word_1_453' title='bbox 848 4317 1251 4391; x_wconf 67' lang='grc' dir='ltr'>ῥᾳθυμοτέρους</span> <span class='ocrx_word' id='word_1_454' title='bbox 1287 4318 1469 4383; x_wconf 73' lang='grc' dir='ltr'>ὄντας,</span> <span class='ocrx_word' id='word_1_455' title='bbox 1509 4318 1604 4372; x_wconf 69' lang='grc' dir='ltr'>καὶ</span> <span class='ocrx_word' id='word_1_456' title='bbox 1646 4319 1784 4389; x_wconf 84' lang='grc' dir='ltr'>πρὸς</span> <span class='ocrx_word' id='word_1_457' title='bbox 1814 4319 1914 4391; x_wconf 81' lang='grc' dir='ltr'><strong>τὴν</strong></span> 
     </span>
    </p>
   </div>
   <div class='ocr_carea' id='block_1_63' title="bbox 344 4409 1914 4483">
    <p class='ocr_par' dir='ltr' id='par_1_63' title="bbox 344 4409 1914 4483">
     <span class='ocr_line' id='line_1_63' title="bbox 344 4409 1914 4483; baseline 0 -20"><span class='ocrx_word' id='word_1_458' title='bbox 344 4409 454 4463; x_wconf 88' lang='grc' dir='ltr'><strong>τῶν</strong></span> <span class='ocrx_word' id='word_1_459' title='bbox 486 4410 871 4481; x_wconf 84' lang='grc' dir='ltr'>πνευματικῶν</span> <span class='ocrx_word' id='word_1_460' title='bbox 902 4411 1206 4479; x_wconf 81' lang='grc' dir='ltr'>ἀνάγνωσιν</span> <span class='ocrx_word' id='word_1_461' title='bbox 1239 4411 1515 4483; x_wconf 85' lang='grc' dir='ltr'>δυσχερῶς</span> <span class='ocrx_word' id='word_1_462' title='bbox 1546 4410 1786 4482; x_wconf 85' lang='grc' dir='ltr'>ἔχοντας,</span> <span class='ocrx_word' id='word_1_463' title='bbox 1820 4412 1914 4465; x_wconf 75' lang='grc' dir='ltr'>καὶ</span> 
     </span>
    </p>
   </div>
   <div class='ocr_carea' id='block_1_64' title="bbox 1998 1935 3567 2007">
    <p class='ocr_par' dir='ltr' id='par_1_64' title="bbox 1998 1935 3567 2007">
     <span class='ocr_line' id='line_1_64' title="bbox 1998 1935 3567 2007; baseline 0.001 -19"><span class='ocrx_word' id='word_1_464' title='bbox 1998 1935 2181 2007; x_wconf 80' lang='lat' dir='ltr'><strong>vulgo.</strong></span> <span class='ocrx_word' id='word_1_465' title='bbox 2226 1935 2442 2003; x_wconf 85' lang='lat' dir='ltr'><strong>Quibus</strong></span> <span class='ocrx_word' id='word_1_466' title='bbox 2475 1951 2607 1992; x_wconf 87' lang='lat' dir='ltr'><strong>vero</strong></span> <span class='ocrx_word' id='word_1_467' title='bbox 2633 1945 2873 1993; x_wconf 76' lang='lat' dir='ltr'><strong>externa:</strong></span> <span class='ocrx_word' id='word_1_468' title='bbox 2901 1937 3023 1992; x_wconf 68' lang='lat' dir='ltr'><strong>vita:</strong></span> <span class='ocrx_word' id='word_1_469' title='bbox 3067 1937 3209 1992; x_wconf 80' lang='lat' dir='ltr'><strong>ratio</strong></span> <span class='ocrx_word' id='word_1_470' title='bbox 3247 1936 3414 1993; x_wconf 87' lang='lat' dir='ltr'><strong>simul</strong></span> <span class='ocrx_word' id='word_1_471' title='bbox 3438 1951 3567 1991; x_wconf 88' lang='lat' dir='ltr'><strong>cor—</strong></span> 
     </span>
    </p>
   </div>
   <div class='ocr_carea' id='block_1_65' title="bbox 2000 2027 3564 2100">
    <p class='ocr_par' dir='ltr' id='par_1_65' title="bbox 2000 2027 3564 2100">
     <span class='ocr_line' id='line_1_65' title="bbox 2000 2027 3564 2100; baseline 0.001 -19"><span class='ocrx_word' id='word_1_472' title='bbox 2000 2027 2227 2099; x_wconf 85' lang='lat' dir='ltr'><strong>rigitur,</strong></span> <span class='ocrx_word' id='word_1_473' title='bbox 2277 2029 2355 2084; x_wconf 92' lang='lat' dir='ltr'><strong>illi</strong></span> <span class='ocrx_word' id='word_1_474' title='bbox 2416 2029 2631 2087; x_wconf 76' lang='lat' dir='ltr'><strong>externi</strong></span> <span class='ocrx_word' id='word_1_475' title='bbox 2702 2030 2930 2086; x_wconf 87' lang='lat' dir='ltr'><strong>habitus</strong></span> <span class='ocrx_word' id='word_1_476' title='bbox 2995 2030 3318 2095; x_wconf 84' lang='lat' dir='ltr'><strong>honestate,</strong></span> <span class='ocrx_word' id='word_1_477' title='bbox 3408 2029 3564 2100; x_wconf 90' lang='lat' dir='ltr'><strong>quasi</strong></span> 
     </span>
    </p>
   </div>
   <div class='ocr_carea' id='block_1_66' title="bbox 1999 2119 3568 2192">
    <p class='ocr_par' dir='ltr' id='par_1_66' title="bbox 1999 2119 3568 2192">
     <span class='ocr_line' id='line_1_66' title="bbox 1999 2119 3568 2192; baseline 0.003 -19"><span class='ocrx_word' id='word_1_478' title='bbox 1999 2119 2244 2176; x_wconf 84' lang='lat' dir='ltr'><strong>oratione</strong></span> <span class='ocrx_word' id='word_1_479' title='bbox 2271 2122 2505 2192; x_wconf 83' lang='lat' dir='ltr'><strong>quadam</strong></span> <span class='ocrx_word' id='word_1_480' title='bbox 2526 2131 2581 2177; x_wconf 82' lang='lat' dir='ltr'><strong>et</strong></span> <span class='ocrx_word' id='word_1_481' title='bbox 2604 2131 2765 2178; x_wconf 87' lang='lat' dir='ltr'><strong>cantu</strong></span> <span class='ocrx_word' id='word_1_482' title='bbox 2794 2122 3114 2179; x_wconf 87' lang='lat' dir='ltr'><strong>harmonico</strong></span> <span class='ocrx_word' id='word_1_483' title='bbox 3148 2124 3269 2179; x_wconf 60' lang='lat' dir='ltr'><strong>vitae</strong></span> <span class='ocrx_word' id='word_1_484' title='bbox 3290 2122 3568 2177; x_wconf 85' lang='lat' dir='ltr'><strong>interioris</strong></span> 
     </span>
    </p>
   </div>
   <div class='ocr_carea' id='block_1_67' title="bbox 2000 2206 3566 2280">
    <p class='ocr_par' dir='ltr' id='par_1_67' title="bbox 2000 2206 3566 2280">
     <span class='ocr_line' id='line_1_67' title="bbox 2000 2206 3566 2280; baseline 0 -18"><span class='ocrx_word' id='word_1_485' title='bbox 2000 2220 2116 2262; x_wconf 72' lang='lat' dir='ltr'><strong>sum</strong></span> <span class='ocrx_word' id='word_1_486' title='bbox 2174 2206 2517 2265; x_wconf 80' lang='lat' dir='ltr'><strong>honestatem</strong></span> <span class='ocrx_word' id='word_1_487' title='bbox 2578 2207 2857 2279; x_wconf 84' lang='lat' dir='ltr'><strong>evulgant.</strong></span> <span class='ocrx_word' id='word_1_488' title='bbox 2910 2207 3078 2278; x_wconf 87' lang='lat' dir='ltr'><strong>Igitur</strong></span> <span class='ocrx_word' id='word_1_489' title='bbox 3150 2224 3246 2279; x_wconf 85' lang='lat' dir='ltr'><strong>per</strong></span> <span class='ocrx_word' id='word_1_490' title='bbox 3294 2210 3566 2280; x_wconf 84' lang='lat' dir='ltr'><strong>psalmum</strong></span> 
     </span>
    </p>
   </div>
   <div class='ocr_carea' id='block_1_68' title="bbox 2001 2298 3566 2371">
    <p class='ocr_par' dir='ltr' id='par_1_68' title="bbox 2001 2298 3566 2371">
     <span class='ocr_line' id='line_1_68' title="bbox 2001 2298 3566 2371; baseline 0.001 -18"><span class='ocrx_word' id='word_1_491' title='bbox 2001 2298 2221 2369; x_wconf 86' lang='lat' dir='ltr'><strong>quidem</strong></span> <span class='ocrx_word' id='word_1_492' title='bbox 2242 2340 2259 2367; x_wconf 95' lang='lat'><strong>,</strong></span> <span class='ocrx_word' id='word_1_493' title='bbox 2308 2300 2513 2356; x_wconf 88' lang='lat' dir='ltr'><strong>bonum</strong></span> <span class='ocrx_word' id='word_1_494' title='bbox 2542 2300 2691 2371; x_wconf 89' lang='lat' dir='ltr'><strong>quod</strong></span> <span class='ocrx_word' id='word_1_495' title='bbox 2721 2302 2865 2357; x_wconf 90' lang='lat' dir='ltr'><strong>intra</strong></span> <span class='ocrx_word' id='word_1_496' title='bbox 2901 2302 3145 2356; x_wconf 89' lang='lat' dir='ltr'><strong>animum</strong></span> <span class='ocrx_word' id='word_1_497' title='bbox 3176 2302 3526 2357; x_wconf 87' lang='lat' dir='ltr'><strong>concluditur</strong></span> <span class='ocrx_word' id='word_1_498' title='bbox 3548 2339 3566 2366; x_wconf 86' lang='lat'><strong>,</strong></span> 
     </span>
    </p>
   </div>
   <div class='ocr_carea' id='block_1_69' title="bbox 2001 2389 3568 2465">
    <p class='ocr_par' dir='ltr' id='par_1_69' title="bbox 2001 2389 3568 2465">
     <span class='ocr_line' id='line_1_69' title="bbox 2001 2389 3568 2465; baseline 0.002 -20"><span class='ocrx_word' id='word_1_499' title='bbox 2001 2389 2319 2463; x_wconf 85' lang='lat' dir='ltr'><strong>designatur</strong></span> <span class='ocrx_word' id='word_1_500' title='bbox 2342 2409 2356 2459; x_wconf 92' lang='lat'><strong>;</strong></span> <span class='ocrx_word' id='word_1_501' title='bbox 2380 2408 2478 2464; x_wconf 86' lang='lat' dir='ltr'><strong>per</strong></span> <span class='ocrx_word' id='word_1_502' title='bbox 2505 2394 2665 2450; x_wconf 84' lang='lat' dir='ltr'><strong>edam</strong></span> <span class='ocrx_word' id='word_1_503' title='bbox 2690 2409 2820 2450; x_wconf 87' lang='lat' dir='ltr'><strong>vero</strong></span> <span class='ocrx_word' id='word_1_504' title='bbox 2841 2410 3021 2450; x_wconf 88' lang='lat' dir='ltr'><strong>mores</strong></span> <span class='ocrx_word' id='word_1_505' title='bbox 3044 2395 3320 2465; x_wconf 83' lang='lat' dir='ltr'><strong>illiusque,</strong></span> <span class='ocrx_word' id='word_1_506' title='bbox 3341 2395 3488 2465; x_wconf 92' lang='lat' dir='ltr'><strong>quod</strong></span> <span class='ocrx_word' id='word_1_507' title='bbox 3513 2395 3568 2449; x_wconf 91' lang='lat' dir='ltr'><strong>in</strong></span> 
     </span>
    </p>
   </div>
   <div class='ocr_carea' id='block_1_70' title="bbox 2000 2485 3573 2542">
    <p class='ocr_par' dir='ltr' id='par_1_70' title="bbox 2000 2485 3573 2542">
     <span class='ocr_line' id='line_1_70' title="bbox 2000 2485 3573 2542; baseline -0.001 -2"><span class='ocrx_word' id='word_1_508' title='bbox 2000 2485 2190 2541; x_wconf 88' lang='lat' dir='ltr'><strong>oculos</strong></span> <span class='ocrx_word' id='word_1_509' title='bbox 2224 2487 2467 2542; x_wconf 90' lang='lat' dir='ltr'><strong>occurrit</strong></span> <span class='ocrx_word' id='word_1_510' title='bbox 2520 2485 2893 2541; x_wconf 85' lang='lat' dir='ltr'><strong>consonantia</strong></span> <span class='ocrx_word' id='word_1_511' title='bbox 2948 2485 3377 2542; x_wconf 82' lang='lat' dir='ltr'><strong>demonstratur.</strong></span> <span class='ocrx_word' id='word_1_512' title='bbox 3411 2485 3573 2540; x_wconf 86' lang='lat' dir='ltr'><strong>Post-</strong></span> 
     </span>
    </p>
   </div>
   <div class='ocr_carea' id='block_1_71' title="bbox 2003 2576 3573 2650">
    <p class='ocr_par' dir='ltr' id='par_1_71' title="bbox 2003 2576 3573 2650">
     <span class='ocr_line' id='line_1_71' title="bbox 2003 2576 3573 2650; baseline 0.001 -20"><span class='ocrx_word' id='word_1_513' title='bbox 2003 2591 2169 2647; x_wconf 87' lang='lat' dir='ltr'><strong>quam</strong></span> <span class='ocrx_word' id='word_1_514' title='bbox 2196 2576 2365 2648; x_wconf 81' lang='lat' dir='ltr'><strong>igitur</strong></span> <span class='ocrx_word' id='word_1_515' title='bbox 2395 2578 2686 2633; x_wconf 87' lang='lat' dir='ltr'><strong>didicimus</strong></span> <span class='ocrx_word' id='word_1_516' title='bbox 2708 2578 2837 2649; x_wconf 90' lang='lat' dir='ltr'><strong>quid</strong></span> <span class='ocrx_word' id='word_1_517' title='bbox 2863 2578 3106 2649; x_wconf 73' lang='lat' dir='ltr'><strong>psalmus</strong></span> <span class='ocrx_word' id='word_1_518' title='bbox 3134 2580 3227 2646; x_wconf 85' lang='lat' dir='ltr'><strong>sit,</strong></span> <span class='ocrx_word' id='word_1_519' title='bbox 3249 2576 3435 2650; x_wconf 83' lang='lat' dir='ltr'><strong>organi</strong></span> <span class='ocrx_word' id='word_1_520' title='bbox 3462 2577 3573 2634; x_wconf 81' lang='lat' dir='ltr'><strong>sci-</strong></span> 
     </span>
    </p>
   </div>
   <div class='ocr_carea' id='block_1_72' title="bbox 2004 2669 3577 2744">
    <p class='ocr_par' dir='ltr' id='par_1_72' title="bbox 2004 2669 3577 2744">
     <span class='ocr_line' id='line_1_72' title="bbox 2004 2669 3577 2744; baseline 0.002 -20"><span class='ocrx_word' id='word_1_521' title='bbox 2004 2669 2132 2726; x_wconf 88' lang='lat' dir='ltr'><strong>licet</strong></span> <span class='ocrx_word' id='word_1_522' title='bbox 2151 2671 2346 2726; x_wconf 90' lang='lat' dir='ltr'><strong>musici</strong></span> <span class='ocrx_word' id='word_1_523' title='bbox 2373 2671 2690 2741; x_wconf 83' lang='lat' dir='ltr'><strong>harmonia;</strong></span> <span class='ocrx_word' id='word_1_524' title='bbox 2719 2674 2958 2744; x_wconf 84' lang='lat' dir='ltr'><strong>itemque</strong></span> <span class='ocrx_word' id='word_1_525' title='bbox 2980 2673 3111 2743; x_wconf 90' lang='lat' dir='ltr'><strong>quid</strong></span> <span class='ocrx_word' id='word_1_526' title='bbox 3132 2675 3256 2737; x_wconf 64' lang='lat' dir='ltr'><strong>olla,</strong></span> <span class='ocrx_word' id='word_1_527' title='bbox 3273 2671 3577 2727; x_wconf 72' lang='lat' dir='ltr'><strong>modulatio</strong></span> 
     </span>
    </p>
   </div>
   <div class='ocr_carea' id='block_1_73' title="bbox 2009 2761 3574 2834">
    <p class='ocr_par' dir='ltr' id='par_1_73' title="bbox 2009 2761 3574 2834">
     <span class='ocr_line' id='line_1_73' title="bbox 2009 2761 3574 2834; baseline 0 -16"><span class='ocrx_word' id='word_1_528' title='bbox 2009 2761 2124 2818; x_wconf 91' lang='lat' dir='ltr'><strong>oris</strong></span> <span class='ocrx_word' id='word_1_529' title='bbox 2148 2762 2332 2819; x_wconf 82' lang='lat' dir='ltr'><strong>verbis</strong></span> <span class='ocrx_word' id='word_1_530' title='bbox 2361 2766 2795 2833; x_wconf 87' lang='lat' dir='ltr'><strong>accommodata,</strong></span> <span class='ocrx_word' id='word_1_531' title='bbox 2817 2766 3106 2821; x_wconf 88' lang='lat' dir='ltr'><strong>dicendum</strong></span> <span class='ocrx_word' id='word_1_532' title='bbox 3137 2774 3406 2834; x_wconf 87' lang='lat' dir='ltr'><strong>superest,</strong></span> <span class='ocrx_word' id='word_1_533' title='bbox 3443 2765 3574 2834; x_wconf 85' lang='lat' dir='ltr'><strong>quid</strong></span> 
     </span>
    </p>
   </div>
   <div class='ocr_carea' id='block_1_74' title="bbox 2007 2851 3574 2926">
    <p class='ocr_par' dir='ltr' id='par_1_74' title="bbox 2007 2851 3574 2926">
     <span class='ocr_line' id='line_1_74' title="bbox 2007 2851 3574 2926; baseline 0.002 -20"><span class='ocrx_word' id='word_1_534' title='bbox 2007 2851 2081 2907; x_wconf 89' lang='lat' dir='ltr'><strong>sit</strong></span> <span class='ocrx_word' id='word_1_535' title='bbox 2107 2854 2368 2924; x_wconf 83' lang='lat' dir='ltr'><strong>hymnus.</strong></span> <span class='ocrx_word' id='word_1_536' title='bbox 2391 2852 2661 2910; x_wconf 78' lang='lat' dir='ltr'><strong>Nimirum</strong></span> <span class='ocrx_word' id='word_1_537' title='bbox 2694 2870 2793 2926; x_wconf 90' lang='lat' dir='ltr'><strong>pro</strong></span> <span class='ocrx_word' id='word_1_538' title='bbox 2820 2856 3184 2926; x_wconf 64' lang='lat' dir='ltr'><strong>praesentibus</strong></span> <span class='ocrx_word' id='word_1_539' title='bbox 3206 2855 3364 2911; x_wconf 86' lang='lat' dir='ltr'><strong>bonis</strong></span> <span class='ocrx_word' id='word_1_540' title='bbox 3397 2855 3574 2911; x_wconf 77' lang='lat' dir='ltr'><strong>dicata</strong></span> 
     </span>
    </p>
   </div>
   <div class='ocr_carea' id='block_1_75' title="bbox 2008 2939 3574 3011">
    <p class='ocr_par' dir='ltr' id='par_1_75' title="bbox 2008 2939 3574 3011">
     <span class='ocr_line' id='line_1_75' title="bbox 2008 2939 3574 3011; baseline 0.003 -17"><span class='ocrx_word' id='word_1_541' title='bbox 2008 2939 2120 2998; x_wconf 87' lang='lat' dir='ltr'><strong>Deo</strong></span> <span class='ocrx_word' id='word_1_542' title='bbox 2148 2943 2407 2997; x_wconf 85' lang='lat' dir='ltr'><strong>laudatio.</strong></span> <span class='ocrx_word' id='word_1_543' title='bbox 2454 2942 2600 2998; x_wconf 88' lang='lat' dir='ltr'><strong>Laus</strong></span> <span class='ocrx_word' id='word_1_544' title='bbox 2648 2954 2856 3011; x_wconf 89' lang='lat' dir='ltr'><strong>autem,</strong></span> <span class='ocrx_word' id='word_1_545' title='bbox 2889 2960 2985 3001; x_wconf 91' lang='lat' dir='ltr'><strong>seu</strong></span> <span class='ocrx_word' id='word_1_546' title='bbox 3040 2944 3280 3000; x_wconf 83' lang='lat' dir='ltr'><strong>laudatio</strong></span> <span class='ocrx_word' id='word_1_547' title='bbox 3330 2944 3574 3000; x_wconf 85' lang='lat' dir='ltr'><strong>miracu-</strong></span> 
     </span>
    </p>
   </div>
   <div class='ocr_carea' id='block_1_76' title="bbox 2009 3033 3577 3106">
    <p class='ocr_par' dir='ltr' id='par_1_76' title="bbox 2009 3033 3577 3106">
     <span class='ocr_line' id='line_1_76' title="bbox 2009 3033 3577 3106; baseline 0.004 -20"><span class='ocrx_word' id='word_1_548' title='bbox 2009 3035 2184 3088; x_wconf 89' lang='lat' dir='ltr'><strong>lorum</strong></span> <span class='ocrx_word' id='word_1_549' title='bbox 2219 3033 2528 3088; x_wconf 86' lang='lat' dir='ltr'><strong>divinorum</strong></span> <span class='ocrx_word' id='word_1_550' title='bbox 2570 3045 2654 3091; x_wconf 87' lang='lat' dir='ltr'><strong>est</strong></span> <span class='ocrx_word' id='word_1_551' title='bbox 2688 3034 3022 3106; x_wconf 66' lang='lat' dir='ltr'><strong>praedicatio.</strong></span> <span class='ocrx_word' id='word_1_552' title='bbox 3072 3037 3259 3091; x_wconf 80' lang='lat' dir='ltr'><strong>Oratio</strong></span> <span class='ocrx_word' id='word_1_553' title='bbox 3308 3050 3438 3091; x_wconf 87' lang='lat' dir='ltr'><strong>vero</strong></span> <span class='ocrx_word' id='word_1_554' title='bbox 3489 3047 3577 3093; x_wconf 87' lang='lat' dir='ltr'><strong>est</strong></span> 
     </span>
    </p>
   </div>
   <div class='ocr_carea' id='block_1_77' title="bbox 2009 3123 3576 3197">
    <p class='ocr_par' dir='ltr' id='par_1_77' title="bbox 2009 3123 3576 3197">
     <span class='ocr_line' id='line_1_77' title="bbox 2009 3123 3576 3197; baseline 0.003 -18"><span class='ocrx_word' id='word_1_555' title='bbox 2009 3124 2334 3195; x_wconf 86' lang='lat' dir='ltr'><strong>supplicatio</strong></span> <span class='ocrx_word' id='word_1_556' title='bbox 2367 3125 2435 3179; x_wconf 92' lang='lat' dir='ltr'><strong>ad</strong></span> <span class='ocrx_word' id='word_1_557' title='bbox 2469 3123 2638 3181; x_wconf 86' lang='lat' dir='ltr'><strong>Deum</strong></span> <span class='ocrx_word' id='word_1_558' title='bbox 2678 3127 2919 3195; x_wconf 88' lang='lat' dir='ltr'><strong>directa,</strong></span> <span class='ocrx_word' id='word_1_559' title='bbox 2956 3128 3023 3182; x_wconf 88' lang='lat' dir='ltr'><strong>de</strong></span> <span class='ocrx_word' id='word_1_560' title='bbox 3055 3142 3113 3181; x_wconf 89' lang='lat' dir='ltr'><strong>re</strong></span> <span class='ocrx_word' id='word_1_561' title='bbox 3148 3127 3331 3197; x_wconf 82' lang='lat' dir='ltr'><strong>aliqua</strong></span> <span class='ocrx_word' id='word_1_562' title='bbox 3382 3142 3576 3184; x_wconf 81' lang='lat' dir='ltr'><strong>earum</strong></span> 
     </span>
    </p>
   </div>
   <div class='ocr_carea' id='block_1_78' title="bbox 2009 3218 3578 3287">
    <p class='ocr_par' dir='ltr' id='par_1_78' title="bbox 2009 3218 3578 3287">
     <span class='ocr_line' id='line_1_78' title="bbox 2009 3218 3578 3287; baseline 0.003 -15"><span class='ocrx_word' id='word_1_563' title='bbox 2009 3232 2131 3287; x_wconf 73' lang='lat' dir='ltr'><strong>quae</strong></span> <span class='ocrx_word' id='word_1_564' title='bbox 2189 3218 2258 3273; x_wconf 91' lang='lat' dir='ltr'><strong>ad</strong></span> <span class='ocrx_word' id='word_1_565' title='bbox 2313 3219 2601 3274; x_wconf 86' lang='lat' dir='ltr'><strong>utilitatem</strong></span> <span class='ocrx_word' id='word_1_566' title='bbox 2656 3220 2966 3275; x_wconf 79' lang='lat' dir='ltr'><strong>conferunt.</strong></span> <span class='ocrx_word' id='word_1_567' title='bbox 3032 3218 3303 3275; x_wconf 66' lang='lat' dir='ltr'><strong>Caeterum</strong></span> <span class='ocrx_word' id='word_1_568' title='bbox 3361 3221 3428 3277; x_wconf 89' lang='lat' dir='ltr'><strong>de</strong></span> <span class='ocrx_word' id='word_1_569' title='bbox 3490 3219 3578 3276; x_wconf 86' lang='lat' dir='ltr'><strong>his</strong></span> 
     </span>
    </p>
   </div>
   <div class='ocr_carea' id='block_1_79' title="bbox 2010 3309 3580 3381">
    <p class='ocr_par' dir='ltr' id='par_1_79' title="bbox 2010 3309 3580 3381">
     <span class='ocr_line' id='line_1_79' title="bbox 2010 3309 3580 3381; baseline 0.001 -17"><span class='ocrx_word' id='word_1_570' title='bbox 2010 3317 2197 3378; x_wconf 91' lang='lat' dir='ltr'><strong>postea</strong></span> <span class='ocrx_word' id='word_1_571' title='bbox 2248 3310 2463 3365; x_wconf 86' lang='lat' dir='ltr'><strong>dicendi</strong></span> <span class='ocrx_word' id='word_1_572' title='bbox 2520 3309 2674 3365; x_wconf 89' lang='lat' dir='ltr'><strong>locus</strong></span> <span class='ocrx_word' id='word_1_573' title='bbox 2725 3310 2852 3365; x_wconf 86' lang='lat' dir='ltr'><strong>erit.</strong></span> <span class='ocrx_word' id='word_1_574' title='bbox 2905 3309 3064 3366; x_wconf 82' lang='lat' dir='ltr'><strong>Nunc</strong></span> <span class='ocrx_word' id='word_1_575' title='bbox 3117 3319 3375 3381; x_wconf 88' lang='lat' dir='ltr'><strong>quartum</strong></span> <span class='ocrx_word' id='word_1_576' title='bbox 3412 3321 3580 3381; x_wconf 91' lang='lat' dir='ltr'><strong>caput</strong></span> 
     </span>
    </p>
   </div>
   <div class='ocr_carea' id='block_1_80' title="bbox 2008 3401 3581 3471">
    <p class='ocr_par' dir='ltr' id='par_1_80' title="bbox 2008 3401 3581 3471">
     <span class='ocr_line' id='line_1_80' title="bbox 2008 3401 3581 3471; baseline -0.001 -13"><span class='ocrx_word' id='word_1_577' title='bbox 2008 3401 2365 3468; x_wconf 75' lang='lat' dir='ltr'><strong>cxcutientes,</strong></span> <span class='ocrx_word' id='word_1_578' title='bbox 2382 3416 2511 3456; x_wconf 89' lang='lat' dir='ltr'><strong>num</strong></span> <span class='ocrx_word' id='word_1_579' title='bbox 2535 3416 2724 3457; x_wconf 90' lang='lat' dir='ltr'><strong>omnes</strong></span> <span class='ocrx_word' id='word_1_580' title='bbox 2747 3402 2936 3471; x_wconf 85' lang='lat' dir='ltr'><strong>psalmi</strong></span> <span class='ocrx_word' id='word_1_581' title='bbox 2956 3401 3173 3457; x_wconf 81' lang='lat' dir='ltr'><strong>Davidis</strong></span> <span class='ocrx_word' id='word_1_582' title='bbox 3192 3402 3326 3468; x_wconf 88' lang='lat' dir='ltr'><strong>sint,</strong></span> <span class='ocrx_word' id='word_1_583' title='bbox 3348 3402 3581 3457; x_wconf 84' lang='lat' dir='ltr'><strong>dicimus</strong></span> 
     </span>
    </p>
   </div>
   <div class='ocr_carea' id='block_1_81' title="bbox 2018 3493 3580 3557">
    <p class='ocr_par' dir='ltr' id='par_1_81' title="bbox 2018 3493 3580 3557">
     <span class='ocr_line' id='line_1_81' title="bbox 2018 3493 3580 3557; baseline 0.001 -10"><span class='ocrx_word' id='word_1_584' title='bbox 2018 3501 2101 3548; x_wconf 91' lang='lat' dir='ltr'><strong>ter</strong></span> <span class='ocrx_word' id='word_1_585' title='bbox 2136 3494 2283 3548; x_wconf 87' lang='lat' dir='ltr'><strong>mille</strong></span> <span class='ocrx_word' id='word_1_586' title='bbox 2318 3503 2604 3557; x_wconf 89' lang='lat' dir='ltr'><strong>cantores,</strong></span> <span class='ocrx_word' id='word_1_587' title='bbox 2636 3508 2698 3548; x_wconf 79' lang='lat' dir='ltr'><strong>ex</strong></span> <span class='ocrx_word' id='word_1_588' title='bbox 2732 3493 2933 3549; x_wconf 84' lang='lat' dir='ltr'><strong>familia</strong></span> <span class='ocrx_word' id='word_1_589' title='bbox 2966 3493 3277 3549; x_wconf 85' lang='lat' dir='ltr'><strong>Levitarum</strong></span> <span class='ocrx_word' id='word_1_590' title='bbox 3312 3502 3367 3549; x_wconf 88' lang='lat' dir='ltr'><strong>et</strong></span> <span class='ocrx_word' id='word_1_591' title='bbox 3395 3509 3580 3549; x_wconf 88' lang='lat' dir='ltr'><strong>sacer-</strong></span> 
     </span>
    </p>
   </div>
   <div class='ocr_carea' id='block_1_82' title="bbox 2013 3584 3583 3656">
    <p class='ocr_par' dir='ltr' id='par_1_82' title="bbox 2013 3584 3583 3656">
     <span class='ocr_line' id='line_1_82' title="bbox 2013 3584 3583 3656; baseline -0.001 -16"><span class='ocrx_word' id='word_1_592' title='bbox 2013 3585 2300 3648; x_wconf 89' lang='lat' dir='ltr'><strong>dotum,in</strong></span> <span class='ocrx_word' id='word_1_593' title='bbox 2324 3592 2436 3639; x_wconf 86' lang='lat' dir='ltr'><strong>tres</strong></span> <span class='ocrx_word' id='word_1_594' title='bbox 2465 3586 2665 3641; x_wconf 88' lang='lat' dir='ltr'><strong>choros</strong></span> <span class='ocrx_word' id='word_1_595' title='bbox 2681 3585 2904 3649; x_wconf 81' lang='lat' dir='ltr'><strong>divisos,</strong></span> <span class='ocrx_word' id='word_1_596' title='bbox 2931 3584 3151 3641; x_wconf 84' lang='lat' dir='ltr'><strong>Davidis</strong></span> <span class='ocrx_word' id='word_1_597' title='bbox 3176 3586 3417 3656; x_wconf 86' lang='lat' dir='ltr'><strong>psalmos</strong></span> <span class='ocrx_word' id='word_1_598' title='bbox 3440 3586 3583 3640; x_wconf 81' lang='lat' dir='ltr'><strong>ceci-</strong></span> 
     </span>
    </p>
   </div>
   <div class='ocr_carea' id='block_1_83' title="bbox 2012 3676 3583 3747">
    <p class='ocr_par' dir='ltr' id='par_1_83' title="bbox 2012 3676 3583 3747">
     <span class='ocr_line' id='line_1_83' title="bbox 2012 3676 3583 3747; baseline 0 -15"><span class='ocrx_word' id='word_1_599' title='bbox 2012 3678 2183 3733; x_wconf 90' lang='lat' dir='ltr'><strong>nisse.</strong></span> <span class='ocrx_word' id='word_1_600' title='bbox 2205 3676 2372 3731; x_wconf 82' lang='lat' dir='ltr'><strong>Primi</strong></span> <span class='ocrx_word' id='word_1_601' title='bbox 2401 3676 2552 3731; x_wconf 73' lang='lat' dir='ltr'><strong>chori</strong></span> <span class='ocrx_word' id='word_1_602' title='bbox 2587 3686 2888 3747; x_wconf 72' lang='lat' dir='ltr'><strong>praecentor</strong></span> <span class='ocrx_word' id='word_1_603' title='bbox 2934 3676 3149 3732; x_wconf 89' lang='lat' dir='ltr'><strong>ldithun</strong></span> <span class='ocrx_word' id='word_1_604' title='bbox 3186 3677 3321 3743; x_wconf 79' lang='lat' dir='ltr'><strong>fuit;</strong></span> <span class='ocrx_word' id='word_1_605' title='bbox 3357 3678 3583 3732; x_wconf 82' lang='lat' dir='ltr'><strong>secundi</strong></span> 
     </span>
    </p>
   </div>
   <div class='ocr_carea' id='block_1_84' title="bbox 2010 3768 3585 3841">
    <p class='ocr_par' dir='ltr' id='par_1_84' title="bbox 2010 3768 3585 3841">
     <span class='ocr_line' id='line_1_84' title="bbox 2010 3768 3585 3841; baseline -0.001 -16"><span class='ocrx_word' id='word_1_606' title='bbox 2010 3769 2252 3838; x_wconf 62' lang='lat' dir='ltr'><strong>Etham,</strong></span> <span class='ocrx_word' id='word_1_607' title='bbox 2293 3770 2434 3825; x_wconf 88' lang='lat' dir='ltr'><strong>tertii</strong></span> <span class='ocrx_word' id='word_1_608' title='bbox 2466 3782 2645 3827; x_wconf 89' lang='lat' dir='ltr'><strong>autem</strong></span> <span class='ocrx_word' id='word_1_609' title='bbox 2678 3770 2940 3841; x_wconf 87' lang='lat' dir='ltr'><strong>Asaphat.</strong></span> <span class='ocrx_word' id='word_1_610' title='bbox 2993 3768 3267 3841; x_wconf 79' lang='lat' dir='ltr'><strong>Fatigatos</strong></span> <span class='ocrx_word' id='word_1_611' title='bbox 3310 3769 3408 3825; x_wconf 90' lang='lat' dir='ltr'><strong>hos</strong></span> <span class='ocrx_word' id='word_1_612' title='bbox 3436 3770 3585 3824; x_wconf 77' lang='lat' dir='ltr'><strong>exci-</strong></span> 
     </span>
    </p>
   </div>
   <div class='ocr_carea' id='block_1_85' title="bbox 2014 3863 3586 3935">
    <p class='ocr_par' dir='ltr' id='par_1_85' title="bbox 2014 3863 3586 3935">
     <span class='ocr_line' id='line_1_85' title="bbox 2014 3863 3586 3935; baseline -0.002 -16"><span class='ocrx_word' id='word_1_613' title='bbox 2014 3866 2238 3934; x_wconf 88' lang='lat' dir='ltr'><strong>piebant</strong></span> <span class='ocrx_word' id='word_1_614' title='bbox 2274 3863 2371 3920; x_wconf 81' lang='lat' dir='ltr'><strong>ﬁlii</strong></span> <span class='ocrx_word' id='word_1_615' title='bbox 2430 3863 2588 3921; x_wconf 90' lang='lat' dir='ltr'><strong>Core.</strong></span> <span class='ocrx_word' id='word_1_616' title='bbox 2630 3864 2759 3921; x_wconf 54' lang='lat' dir='ltr'><strong>Haec</strong></span> <span class='ocrx_word' id='word_1_617' title='bbox 2791 3865 2931 3920; x_wconf 87' lang='lat' dir='ltr'><strong>ratio</strong></span> <span class='ocrx_word' id='word_1_618' title='bbox 2966 3876 3050 3921; x_wconf 93' lang='lat' dir='ltr'><strong>cst</strong></span> <span class='ocrx_word' id='word_1_619' title='bbox 3085 3880 3254 3935; x_wconf 90' lang='lat' dir='ltr'><strong>quare</strong></span> <span class='ocrx_word' id='word_1_620' title='bbox 3307 3874 3386 3920; x_wconf 92' lang='lat' dir='ltr'><strong>tot</strong></span> <span class='ocrx_word' id='word_1_621' title='bbox 3436 3864 3586 3934; x_wconf 80' lang='lat' dir='ltr'><strong>psal-</strong></span> 
     </span>
    </p>
   </div>
   <div class='ocr_carea' id='block_1_86' title="bbox 2014 3956 3586 4028">
    <p class='ocr_par' dir='ltr' id='par_1_86' title="bbox 2014 3956 3586 4028">
     <span class='ocr_line' id='line_1_86' title="bbox 2014 3956 3586 4028; baseline 0.001 -18"><span class='ocrx_word' id='word_1_622' title='bbox 2014 3973 2134 4012; x_wconf 89' lang='lat' dir='ltr'><strong>mos</strong></span> <span class='ocrx_word' id='word_1_623' title='bbox 2168 3957 2383 4012; x_wconf 88' lang='lat' dir='ltr'><strong>illorum</strong></span> <span class='ocrx_word' id='word_1_624' title='bbox 2413 3960 2634 4013; x_wconf 90' lang='lat' dir='ltr'><strong>nomine</strong></span> <span class='ocrx_word' id='word_1_625' title='bbox 2664 3956 2965 4014; x_wconf 88' lang='lat' dir='ltr'><strong>cantavcrit</strong></span> <span class='ocrx_word' id='word_1_626' title='bbox 2998 3956 3162 4011; x_wconf 80' lang='lat' dir='ltr'><strong>David</strong></span> <span class='ocrx_word' id='word_1_627' title='bbox 3183 3997 3198 4021; x_wconf 93' lang='lat'><strong>,</strong></span> <span class='ocrx_word' id='word_1_628' title='bbox 3228 3967 3389 4028; x_wconf 88' lang='lat' dir='ltr'><strong>atque</strong></span> <span class='ocrx_word' id='word_1_629' title='bbox 3414 3974 3586 4028; x_wconf 89' lang='lat' dir='ltr'><strong>quare</strong></span> 
     </span>
    </p>
   </div>
   <div class='ocr_carea' id='block_1_87' title="bbox 2016 4046 3584 4117">
    <p class='ocr_par' dir='ltr' id='par_1_87' title="bbox 2016 4046 3584 4117">
     <span class='ocr_line' id='line_1_87' title="bbox 2016 4046 3584 4117; baseline 0 -19"><span class='ocrx_word' id='word_1_630' title='bbox 2016 4046 2260 4099; x_wconf 89' lang='lat' dir='ltr'><strong>nonnulli</strong></span> <span class='ocrx_word' id='word_1_631' title='bbox 2310 4061 2596 4115; x_wconf 88' lang='lat' dir='ltr'><strong>perperam</strong></span> <span class='ocrx_word' id='word_1_632' title='bbox 2653 4046 3007 4117; x_wconf 85' lang='lat' dir='ltr'><strong>collegerint,</strong></span> <span class='ocrx_word' id='word_1_633' title='bbox 3070 4046 3191 4101; x_wconf 88' lang='lat' dir='ltr'><strong>illos</strong></span> <span class='ocrx_word' id='word_1_634' title='bbox 3242 4047 3388 4116; x_wconf 85' lang='lat' dir='ltr'><strong>ipsos</strong></span> <span class='ocrx_word' id='word_1_635' title='bbox 3440 4046 3584 4114; x_wconf 84' lang='lat' dir='ltr'><strong>psal-</strong></span> 
     </span>
    </p>
   </div>
   <div class='ocr_carea' id='block_1_88' title="bbox 2018 4136 3588 4207">
    <p class='ocr_par' dir='ltr' id='par_1_88' title="bbox 2018 4136 3588 4207">
     <span class='ocr_line' id='line_1_88' title="bbox 2018 4136 3588 4207; baseline 0.001 -19"><span class='ocrx_word' id='word_1_636' title='bbox 2018 4148 2138 4189; x_wconf 91' lang='lat' dir='ltr'><strong>mos</strong></span> <span class='ocrx_word' id='word_1_637' title='bbox 2195 4136 2415 4190; x_wconf 89' lang='lat' dir='ltr'><strong>eosdem</strong></span> <span class='ocrx_word' id='word_1_638' title='bbox 2475 4145 2727 4191; x_wconf 88' lang='lat' dir='ltr'><strong>auctores</strong></span> <span class='ocrx_word' id='word_1_639' title='bbox 2776 4136 2975 4190; x_wconf 88' lang='lat' dir='ltr'><strong>habere</strong></span> <span class='ocrx_word' id='word_1_640' title='bbox 3009 4153 3022 4189; x_wconf 89' lang='lat'><strong>:</strong></span> <span class='ocrx_word' id='word_1_641' title='bbox 3059 4151 3124 4190; x_wconf 90' lang='lat' dir='ltr'><strong>eo</strong></span> <span class='ocrx_word' id='word_1_642' title='bbox 3168 4136 3310 4207; x_wconf 89' lang='lat' dir='ltr'><strong>quod</strong></span> <span class='ocrx_word' id='word_1_643' title='bbox 3376 4136 3588 4205; x_wconf 85' lang='lat' dir='ltr'><strong>aliquot</strong></span> 
     </span>
    </p>
   </div>
   <div class='ocr_carea' id='block_1_89' title="bbox 2016 4226 3587 4295">
    <p class='ocr_par' dir='ltr' id='par_1_89' title="bbox 2016 4226 3587 4295">
     <span class='ocr_line' id='line_1_89' title="bbox 2016 4226 3587 4295; baseline 0.001 -15"><span class='ocrx_word' id='word_1_644' title='bbox 2016 4226 2211 4295; x_wconf 83' lang='lat' dir='ltr'><strong>psalmi</strong></span> <span class='ocrx_word' id='word_1_645' title='bbox 2253 4241 2443 4281; x_wconf 84' lang='lat' dir='ltr'><strong>eorum</strong></span> <span class='ocrx_word' id='word_1_646' title='bbox 2494 4226 2809 4282; x_wconf 86' lang='lat' dir='ltr'><strong>nominibus</strong></span> <span class='ocrx_word' id='word_1_647' title='bbox 2836 4226 3231 4283; x_wconf 72' lang='lat' dir='ltr'><strong>inscribuntur.</strong></span> <span class='ocrx_word' id='word_1_648' title='bbox 3270 4226 3410 4282; x_wconf 88' lang='lat' dir='ltr'><strong>Sunt</strong></span> <span class='ocrx_word' id='word_1_649' title='bbox 3457 4244 3587 4282; x_wconf 80' lang='lat' dir='ltr'><strong>vero</strong></span> 
     </span>
    </p>
   </div>
   <div class='ocr_carea' id='block_1_90' title="bbox 2016 4317 3585 4387">
    <p class='ocr_par' dir='ltr' id='par_1_90' title="bbox 2016 4317 3585 4387">
     <span class='ocr_line' id='line_1_90' title="bbox 2016 4317 3585 4387; baseline -0.001 -15"><span class='ocrx_word' id='word_1_650' title='bbox 2016 4317 2209 4387; x_wconf 89' lang='lat' dir='ltr'><strong>psalmi</strong></span> <span class='ocrx_word' id='word_1_651' title='bbox 2254 4317 2329 4371; x_wconf 92' lang='lat' dir='ltr'><strong>illi</strong></span> <span class='ocrx_word' id='word_1_652' title='bbox 2385 4332 2599 4381; x_wconf 89' lang='lat' dir='ltr'><strong>omnes,</strong></span> <span class='ocrx_word' id='word_1_653' title='bbox 2649 4329 2707 4372; x_wconf 89' lang='lat' dir='ltr'><strong>ut</strong></span> <span class='ocrx_word' id='word_1_654' title='bbox 2756 4317 3107 4387; x_wconf 76' lang='lat' dir='ltr'><strong>peritidribus</strong></span> <span class='ocrx_word' id='word_1_655' title='bbox 3161 4328 3305 4372; x_wconf 83' lang='lat' dir='ltr'><strong>recte</strong></span> <span class='ocrx_word' id='word_1_656' title='bbox 3352 4318 3585 4383; x_wconf 82' lang='lat' dir='ltr'><strong>videtur,</strong></span> 
     </span>
    </p>
   </div>
   <div class='ocr_carea' id='block_1_91' title="bbox 2019 4407 3586 4481">
    <p class='ocr_par' dir='ltr' id='par_1_91' title="bbox 2019 4407 3586 4481">
     <span class='ocr_line' id='line_1_91' title="bbox 2019 4407 3586 4481; baseline 0.001 -19"><span class='ocrx_word' id='word_1_657' title='bbox 2019 4407 2239 4466; x_wconf 79' lang='lat' dir='ltr'><strong>Davidis</strong></span> <span class='ocrx_word' id='word_1_658' title='bbox 2284 4410 2477 4481; x_wconf 84' lang='lat' dir='ltr'><strong>ipsius.</strong></span> <span class='ocrx_word' id='word_1_659' title='bbox 2516 4409 2737 4481; x_wconf 81' lang='lat' dir='ltr'><strong>Legitur</strong></span> <span class='ocrx_word' id='word_1_660' title='bbox 2770 4419 2949 4465; x_wconf 88' lang='lat' dir='ltr'><strong>autem</strong></span> <span class='ocrx_word' id='word_1_661' title='bbox 3002 4412 3116 4465; x_wconf 67' lang='lat' dir='ltr'><strong>hanc</strong></span> <span class='ocrx_word' id='word_1_662' title='bbox 3162 4410 3479 4467; x_wconf 76' lang='lat' dir='ltr'><strong>vaticinatio</strong></span> <span class='ocrx_word' id='word_1_663' title='bbox 3532 4414 3586 4463; x_wconf 92' lang='lat' dir='ltr'><strong>in</strong></span> 
     </span>
    </p>
   </div>
   <div class='ocr_carea' id='block_1_92' title="bbox 346 4501 1905 4577">
    <p class='ocr_par' dir='ltr' id='par_1_92' title="bbox 346 4501 1905 4574">
     <span class='ocr_line' id='line_1_92' title="bbox 346 4501 1905 4574; baseline -0.001 -17"><span class='ocrx_word' id='word_1_664' title='bbox 346 4504 442 4557; x_wconf 76' lang='grc' dir='ltr'>τὸν</span> <span class='ocrx_word' id='word_1_665' title='bbox 490 4504 701 4558; x_wconf 82' lang='grc' dir='ltr'>ἐκεῖθεν</span> <span class='ocrx_word' id='word_1_666' title='bbox 751 4503 850 4574; x_wconf 82' lang='grc' dir='ltr'>οὐχ</span> <span class='ocrx_word' id='word_1_667' title='bbox 879 4502 1052 4574; x_wconf 77' lang='grc' dir='ltr'>ἡδέως</span> <span class='ocrx_word' id='word_1_668' title='bbox 1090 4502 1457 4571; x_wconf 82' lang='grc' dir='ltr'>ὑπομένοντας</span> <span class='ocrx_word' id='word_1_669' title='bbox 1501 4501 1778 4573; x_wconf 75' lang='grc' dir='ltr'>κάματονο</span> <span class='ocrx_word' id='word_1_670' title='bbox 1814 4518 1905 4556; x_wconf 91' lang='grc' dir='ltr'>πο-</span> 
     </span>
    </p>
   </div>
   <div class='ocr_carea' id='block_1_93' title="bbox 2008 4501 3586 4577">
    <p class='ocr_par' dir='ltr' id='par_1_93' title="bbox 2020 4504 3586 4577">
     <span class='ocr_line' id='line_1_93' title="bbox 2020 4504 3586 4577; baseline 0.001 -20"><span class='ocrx_word' id='word_1_671' title='bbox 2020 4521 2276 4561; x_wconf 89' lang='lat' dir='ltr'><strong>numeros</strong></span> <span class='ocrx_word' id='word_1_672' title='bbox 2308 4504 2504 4561; x_wconf 83' lang='lat' dir='ltr'><strong>cantici</strong></span> <span class='ocrx_word' id='word_1_673' title='bbox 2545 4505 2786 4571; x_wconf 87' lang='lat' dir='ltr'><strong>redacta,</strong></span> <span class='ocrx_word' id='word_1_674' title='bbox 2833 4514 2891 4560; x_wconf 93' lang='lat' dir='ltr'><strong>ut</strong></span> <span class='ocrx_word' id='word_1_675' title='bbox 2919 4505 3298 4577; x_wconf 90' lang='lat' dir='ltr'><strong>unusquisque</strong></span> <span class='ocrx_word' id='word_1_676' title='bbox 3342 4507 3586 4559; x_wconf 90' lang='lat' dir='ltr'><strong>animum</strong></span> 
     </span>
    </p>
   </div>
   <div class='ocr_carea' id='block_1_94' title="bbox 348 4593 1914 4665">
    <p class='ocr_par' dir='ltr' id='par_1_94' title="bbox 348 4593 1914 4665">
     <span class='ocr_line' id='line_1_94' title="bbox 348 4593 1914 4665; baseline 0 -17"><span class='ocrx_word' id='word_1_677' title='bbox 348 4594 649 4665; x_wconf 84' lang='grc' dir='ltr'>θεινότερον</span> <span class='ocrx_word' id='word_1_678' title='bbox 692 4595 785 4648; x_wconf 82' lang='grc' dir='ltr'>τὸν</span> <span class='ocrx_word' id='word_1_679' title='bbox 836 4596 996 4648; x_wconf 88' lang='grc' dir='ltr'>πόνον</span> <span class='ocrx_word' id='word_1_680' title='bbox 1031 4596 1256 4663; x_wconf 85' lang='grc' dir='ltr'>ποιῆσαι</span> <span class='ocrx_word' id='word_1_681' title='bbox 1298 4593 1639 4665; x_wconf 81' lang='grc' dir='ltr'>βουλόμενος,</span> <span class='ocrx_word' id='word_1_682' title='bbox 1688 4594 1785 4649; x_wconf 81' lang='grc' dir='ltr'>καὶ</span> <span class='ocrx_word' id='word_1_683' title='bbox 1819 4594 1914 4648; x_wconf 79' lang='grc' dir='ltr'>τοῦ</span> 
     </span>
    </p>
   </div>
   <div class='ocr_carea' id='block_1_95' title="bbox 348 4685 1916 4758">
    <p class='ocr_par' dir='ltr' id='par_1_95' title="bbox 348 4685 1916 4758">
     <span class='ocr_line' id='line_1_95' title="bbox 348 4685 1916 4758; baseline -0.001 -17"><span class='ocrx_word' id='word_1_684' title='bbox 348 4690 598 4758; x_wconf 85' lang='grc' dir='ltr'>καμάτου</span> <span class='ocrx_word' id='word_1_685' title='bbox 630 4687 999 4758; x_wconf 81' lang='grc' dir='ltr'>ύποτεμέσθαι</span> <span class='ocrx_word' id='word_1_686' title='bbox 1048 4686 1146 4757; x_wconf 82' lang='grc' dir='ltr'>τὴν</span> <span class='ocrx_word' id='word_1_687' title='bbox 1176 4686 1450 4756; x_wconf 79' lang='grc' dir='ltr'>αἴσθησιν,</span> <span class='ocrx_word' id='word_1_688' title='bbox 1479 4688 1577 4758; x_wconf 79' lang='grc' dir='ltr'><strong>τὴν</strong></span> <span class='ocrx_word' id='word_1_689' title='bbox 1608 4685 1703 4740; x_wconf 80' lang='grc' dir='ltr'>τοῦ</span> <span class='ocrx_word' id='word_1_690' title='bbox 1735 4704 1916 4756; x_wconf 87' lang='grc' dir='ltr'>μακα-</span> 
     </span>
    </p>
   </div>
   <div class='ocr_carea' id='block_1_96' title="bbox 348 4778 1916 4851">
    <p class='ocr_par' dir='ltr' id='par_1_96' title="bbox 348 4778 1916 4851">
     <span class='ocr_line' id='line_1_96' title="bbox 348 4778 1916 4851; baseline -0.001 -20"><span class='ocrx_word' id='word_1_691' title='bbox 348 4778 463 4851; x_wconf 87' lang='grc' dir='ltr'>ρίου</span> <span class='ocrx_word' id='word_1_692' title='bbox 494 4778 656 4833; x_wconf 76' lang='grc' dir='ltr'>Δαὸὶδ</span> <span class='ocrx_word' id='word_1_693' title='bbox 689 4779 908 4847; x_wconf 86' lang='grc' dir='ltr'>ἐκίνησε</span> <span class='ocrx_word' id='word_1_694' title='bbox 939 4778 1214 4845; x_wconf 90' lang='grc' dir='ltr'>γλῶσσαν,</span> <span class='ocrx_word' id='word_1_695' title='bbox 1248 4778 1515 4848; x_wconf 86' lang='grc' dir='ltr'>μελῳδίαν</span> <span class='ocrx_word' id='word_1_696' title='bbox 1554 4778 1813 4847; x_wconf 80' lang='grc' dir='ltr'>ἀναμίξαι</span> <span class='ocrx_word' id='word_1_697' title='bbox 1847 4779 1916 4848; x_wconf 74' lang='grc' dir='ltr'><strong>τῇ</strong></span> 
     </span>
    </p>
   </div>
   <div class='ocr_carea' id='block_1_97' title="bbox 348 4869 1919 4944">
    <p class='ocr_par' dir='ltr' id='par_1_97' title="bbox 348 4869 1919 4944">
     <span class='ocr_line' id='line_1_97' title="bbox 348 4869 1919 4944; baseline -0.001 -20"><span class='ocrx_word' id='word_1_698' title='bbox 348 4872 677 4944; x_wconf 75' lang='grc' dir='ltr'>προφητείᾳ,</span> <span class='ocrx_word' id='word_1_699' title='bbox 723 4872 812 4926; x_wconf 82' lang='grc' dir='ltr'>ἵνα</span> <span class='ocrx_word' id='word_1_700' title='bbox 852 4871 931 4942; x_wconf 84' lang='grc' dir='ltr'>τῷ</span> <span class='ocrx_word' id='word_1_701' title='bbox 974 4870 1167 4943; x_wconf 79' lang='grc' dir='ltr'>ῥυθμῷ</span> <span class='ocrx_word' id='word_1_702' title='bbox 1194 4869 1288 4925; x_wconf 78' lang='grc' dir='ltr'><strong>τοῦ</strong></span> <span class='ocrx_word' id='word_1_703' title='bbox 1338 4870 1532 4942; x_wconf 86' lang='grc' dir='ltr'>μέλους</span> <span class='ocrx_word' id='word_1_704' title='bbox 1562 4869 1919 4941; x_wconf 79' lang='grc' dir='ltr'>ψυχαγωγού-</span> 
     </span>
    </p>
   </div>
   <div class='ocr_carea' id='block_1_98' title="bbox 351 4961 1919 5036">
    <p class='ocr_par' dir='ltr' id='par_1_98' title="bbox 351 4961 1919 5036">
     <span class='ocr_line' id='line_1_98' title="bbox 351 4961 1919 5036; baseline -0.004 -18"><span class='ocrx_word' id='word_1_705' title='bbox 351 4981 523 5035; x_wconf 91' lang='grc' dir='ltr'>μενοι,</span> <span class='ocrx_word' id='word_1_706' title='bbox 559 4964 697 5034; x_wconf 81' lang='grc' dir='ltr'><strong>μετά</strong></span> <span class='ocrx_word' id='word_1_707' title='bbox 725 4963 925 5035; x_wconf 79' lang='grc' dir='ltr'>πολλῆς</span> <span class='ocrx_word' id='word_1_708' title='bbox 946 4964 1047 5034; x_wconf 78' lang='grc' dir='ltr'>τῆς</span> <span class='ocrx_word' id='word_1_709' title='bbox 1074 4962 1384 5036; x_wconf 81' lang='grc' dir='ltr'>προθυμίας</span> <span class='ocrx_word' id='word_1_710' title='bbox 1409 4962 1533 5026; x_wconf 83' lang='grc' dir='ltr'>τοὺς</span> <span class='ocrx_word' id='word_1_711' title='bbox 1566 4962 1739 5033; x_wconf 79' lang='grc' dir='ltr'>ἱεροὺς</span> <span class='ocrx_word' id='word_1_712' title='bbox 1768 4961 1919 5032; x_wconf 84' lang='grc' dir='ltr'><strong>αύτῷ</strong></span> 
     </span>
    </p>
   </div>
   <div class='ocr_carea' id='block_1_99' title="bbox 349 5053 1919 5129">
    <p class='ocr_par' dir='ltr' id='par_1_99' title="bbox 349 5053 1919 5129">
     <span class='ocr_line' id='line_1_99' title="bbox 349 5053 1919 5129; baseline -0.003 -19"><span class='ocrx_word' id='word_1_713' title='bbox 349 5055 769 5129; x_wconf 84' lang='grc' dir='ltr'>ἀναπέμπωμεν</span> <span class='ocrx_word' id='word_1_714' title='bbox 796 5055 1020 5127; x_wconf 56' lang='grc' dir='ltr'>ὕμνους</span> <span class='ocrx_word' id='word_1_715' title='bbox 1050 5055 1196 5110; x_wconf 78' lang='grc' dir='ltr'>οὕτω</span> <span class='ocrx_word' id='word_1_716' title='bbox 1223 5056 1331 5127; x_wconf 77' lang='grc' dir='ltr'>γὰρ</span> <span class='ocrx_word' id='word_1_717' title='bbox 1356 5056 1389 5128; x_wconf 78' lang='grc' dir='ltr'>ἡ</span> <span class='ocrx_word' id='word_1_718' title='bbox 1418 5054 1579 5125; x_wconf 84' lang='grc' dir='ltr'>φύσις</span> <span class='ocrx_word' id='word_1_719' title='bbox 1603 5053 1758 5125; x_wconf 76' lang='grc' dir='ltr'>ἡμῶν</span> <span class='ocrx_word' id='word_1_720' title='bbox 1788 5055 1919 5124; x_wconf 69' lang='grc' dir='ltr'>πρὸς</span> 
     </span>
    </p>
   </div>
   <div class='ocr_carea' id='block_1_100' title="bbox 350 5146 1921 5221">
    <p class='ocr_par' dir='ltr' id='par_1_100' title="bbox 350 5146 1921 5221">
     <span class='ocr_line' id='line_1_100' title="bbox 350 5146 1921 5221; baseline -0.001 -20"><span class='ocrx_word' id='word_1_721' title='bbox 350 5149 418 5201; x_wconf 74' lang='grc' dir='ltr'><strong>τὰ</strong></span> <span class='ocrx_word' id='word_1_722' title='bbox 476 5147 697 5221; x_wconf 75' lang='grc' dir='ltr'>ᾅσματα</span> <span class='ocrx_word' id='word_1_723' title='bbox 746 5149 841 5203; x_wconf 67' lang='grc' dir='ltr'>καὶ</span> <span class='ocrx_word' id='word_1_724' title='bbox 882 5148 953 5203; x_wconf 82' lang='grc' dir='ltr'><strong>τὰ</strong></span> <span class='ocrx_word' id='word_1_725' title='bbox 1004 5150 1138 5220; x_wconf 83' lang='grc' dir='ltr'>μέλη</span> <span class='ocrx_word' id='word_1_726' title='bbox 1189 5147 1402 5211; x_wconf 75' lang='grc' dir='ltr'>οἰκείως</span> <span class='ocrx_word' id='word_1_727' title='bbox 1436 5146 1568 5217; x_wconf 84' lang='grc' dir='ltr'>ἔχει,</span> <span class='ocrx_word' id='word_1_728' title='bbox 1607 5146 1683 5209; x_wconf 82' lang='grc' dir='ltr'>ὡς</span> <span class='ocrx_word' id='word_1_729' title='bbox 1732 5147 1824 5200; x_wconf 74' lang='grc' dir='ltr'>καὶ</span> <span class='ocrx_word' id='word_1_730' title='bbox 1853 5147 1921 5200; x_wconf 82' lang='grc' dir='ltr'>τὰ</span> 
     </span>
    </p>
   </div>
   <div class='ocr_carea' id='block_1_101' title="bbox 352 5238 1921 5314">
    <p class='ocr_par' dir='ltr' id='par_1_101' title="bbox 352 5238 1921 5314">
     <span class='ocr_line' id='line_1_101' title="bbox 352 5238 1921 5314; baseline -0.001 -20"><span class='ocrx_word' id='word_1_731' title='bbox 352 5240 632 5314; x_wconf 79' lang='grc' dir='ltr'>ύπομάζια</span> <span class='ocrx_word' id='word_1_732' title='bbox 662 5243 851 5297; x_wconf 89' lang='grc' dir='ltr'>παιδία</span> <span class='ocrx_word' id='word_1_733' title='bbox 873 5240 1392 5312; x_wconf 81' lang='grc' dir='ltr'>κλαυθμυριζόμενα</span> <span class='ocrx_word' id='word_1_734' title='bbox 1427 5238 1570 5293; x_wconf 71' lang='grc' dir='ltr'>οὕτω</span> <span class='ocrx_word' id='word_1_735' title='bbox 1597 5239 1921 5309; x_wconf 77' lang='grc' dir='ltr'>κατακοιμίο</span> 
     </span>
    </p>
   </div>
   <div class='ocr_carea' id='block_1_102' title="bbox 350 5332 1918 5403">
    <p class='ocr_par' dir='ltr' id='par_1_102' title="bbox 350 5332 1918 5403">
     <span class='ocr_line' id='line_1_102' title="bbox 350 5332 1918 5403; baseline -0.003 -17"><span class='ocrx_word' id='word_1_736' title='bbox 350 5332 570 5399; x_wconf 82' lang='grc' dir='ltr'>ζεσθαι·</span> <span class='ocrx_word' id='word_1_737' title='bbox 607 5333 700 5387; x_wconf 71' lang='grc' dir='ltr'>καὶ</span> <span class='ocrx_word' id='word_1_738' title='bbox 750 5336 1007 5403; x_wconf 81' lang='grc' dir='ltr'>γυναῖκες</span> <span class='ocrx_word' id='word_1_739' title='bbox 1056 5332 1471 5403; x_wconf 82' lang='grc' dir='ltr'>ίστουργοῦσαι,</span> <span class='ocrx_word' id='word_1_740' title='bbox 1529 5332 1621 5386; x_wconf 75' lang='grc' dir='ltr'>καὶ</span> <span class='ocrx_word' id='word_1_741' title='bbox 1665 5332 1918 5403; x_wconf 80' lang='grc' dir='ltr'>γηπόνοι,</span> 
     </span>
    </p>
   </div>
   <div class='ocr_carea' id='block_1_103' title="bbox 350 5422 1921 5496">
    <p class='ocr_par' dir='ltr' id='par_1_103' title="bbox 350 5422 1921 5496">
     <span class='ocr_line' id='line_1_103' title="bbox 350 5422 1921 5496; baseline -0.001 -19"><span class='ocrx_word' id='word_1_742' title='bbox 350 5424 446 5479; x_wconf 74' lang='grc' dir='ltr'>καὶ</span> <span class='ocrx_word' id='word_1_743' title='bbox 485 5424 788 5496; x_wconf 85' lang='grc' dir='ltr'>ὁδοιπόροι,</span> <span class='ocrx_word' id='word_1_744' title='bbox 829 5425 926 5479; x_wconf 71' lang='grc' dir='ltr'>καὶ</span> <span class='ocrx_word' id='word_1_745' title='bbox 970 5424 1161 5478; x_wconf 84' lang='grc' dir='ltr'>ναῦται</span> <span class='ocrx_word' id='word_1_746' title='bbox 1192 5423 1281 5477; x_wconf 80' lang='grc' dir='ltr'>τὸν</span> <span class='ocrx_word' id='word_1_747' title='bbox 1322 5424 1386 5477; x_wconf 82' lang='grc' dir='ltr'><strong>ἐκ</strong></span> <span class='ocrx_word' id='word_1_748' title='bbox 1409 5424 1516 5478; x_wconf 91' lang='grc' dir='ltr'><strong>τῶν</strong></span> <span class='ocrx_word' id='word_1_749' title='bbox 1547 5423 1723 5495; x_wconf 88' lang='grc' dir='ltr'>ἔργων</span> <span class='ocrx_word' id='word_1_750' title='bbox 1760 5422 1921 5476; x_wconf 88' lang='grc' dir='ltr'>πόνον</span> 
     </span>
    </p>
   </div>
   <div class='ocr_carea' id='block_1_104' title="bbox 350 5515 1920 5589">
    <p class='ocr_par' dir='ltr' id='par_1_104' title="bbox 350 5515 1920 5589">
     <span class='ocr_line' id='line_1_104' title="bbox 350 5515 1920 5589; baseline -0.001 -20"><span class='ocrx_word' id='word_1_751' title='bbox 350 5517 827 5589; x_wconf 81' lang='grc' dir='ltr'>παραμυθοῦνται·</span> <span class='ocrx_word' id='word_1_752' title='bbox 871 5517 946 5580; x_wconf 83' lang='grc' dir='ltr'>ὡς</span> <span class='ocrx_word' id='word_1_753' title='bbox 968 5521 1068 5587; x_wconf 78' lang='grc' dir='ltr'>τῆς</span> <span class='ocrx_word' id='word_1_754' title='bbox 1113 5517 1311 5589; x_wconf 85' lang='grc' dir='ltr'>ψυχῆς,</span> <span class='ocrx_word' id='word_1_755' title='bbox 1344 5517 1394 5569; x_wconf 80' lang='grc' dir='ltr'>εξ</span> <span class='ocrx_word' id='word_1_756' title='bbox 1423 5515 1619 5586; x_wconf 88' lang='grc' dir='ltr'>μέλους</span> <span class='ocrx_word' id='word_1_757' title='bbox 1663 5515 1920 5570; x_wconf 83' lang='grc' dir='ltr'>ἀκούσειε</span> 
     </span>
    </p>
   </div>
   <div class='ocr_carea' id='block_1_105' title="bbox 351 5608 1924 5681">
    <p class='ocr_par' dir='ltr' id='par_1_105' title="bbox 351 5608 1924 5681">
     <span class='ocr_line' id='line_1_105' title="bbox 351 5608 1924 5681; baseline -0.001 -18"><span class='ocrx_word' id='word_1_758' title='bbox 351 5609 446 5663; x_wconf 76' lang='grc' dir='ltr'>καὶ</span> <span class='ocrx_word' id='word_1_759' title='bbox 466 5609 627 5680; x_wconf 78' lang='grc' dir='ltr'>ᾠδῆς,</span> <span class='ocrx_word' id='word_1_760' title='bbox 652 5611 779 5681; x_wconf 76' lang='grc' dir='ltr'>ῥᾷον</span> <span class='ocrx_word' id='word_1_761' title='bbox 803 5609 1021 5664; x_wconf 75' lang='grc' dir='ltr'>ἅπαντα</span> <span class='ocrx_word' id='word_1_762' title='bbox 1041 5612 1283 5679; x_wconf 84' lang='grc' dir='ltr'>ἐνεγκεῖν</span> <span class='ocrx_word' id='word_1_763' title='bbox 1301 5610 1607 5680; x_wconf 87' lang='grc' dir='ltr'>δυναμένης</span> <span class='ocrx_word' id='word_1_764' title='bbox 1629 5610 1698 5663; x_wconf 89' lang='grc' dir='ltr'><strong>τά</strong></span> <span class='ocrx_word' id='word_1_765' title='bbox 1717 5608 1924 5681; x_wconf 75' lang='grc' dir='ltr'>ὀχληρὰ</span> 
     </span>
    </p>
   </div>
   <div class='ocr_carea' id='block_1_106' title="bbox 353 5700 1924 5773">
    <p class='ocr_par' dir='ltr' id='par_1_106' title="bbox 353 5700 1924 5773">
     <span class='ocr_line' id='line_1_106' title="bbox 353 5700 1924 5773; baseline -0.001 -18"><span class='ocrx_word' id='word_1_766' title='bbox 353 5702 447 5756; x_wconf 74' lang='grc' dir='ltr'>καὶ</span> <span class='ocrx_word' id='word_1_767' title='bbox 490 5701 743 5756; x_wconf 76' lang='grc' dir='ltr'>ἐπίπονα.</span> <span class='ocrx_word' id='word_1_768' title='bbox 809 5702 968 5757; x_wconf 77' lang='grc' dir='ltr'><strong>Ἐπεὶ</strong></span> <span class='ocrx_word' id='word_1_769' title='bbox 996 5701 1088 5756; x_wconf 77' lang='grc' dir='ltr'>οὖν</span> <span class='ocrx_word' id='word_1_770' title='bbox 1121 5703 1155 5773; x_wconf 78' lang='grc' dir='ltr'>ὴ</span> <span class='ocrx_word' id='word_1_771' title='bbox 1186 5700 1334 5773; x_wconf 82' lang='grc' dir='ltr'>ψυχὴ</span> <span class='ocrx_word' id='word_1_772' title='bbox 1364 5702 1521 5773; x_wconf 82' lang='grc' dir='ltr'>ἡμῶν</span> <span class='ocrx_word' id='word_1_773' title='bbox 1558 5701 1774 5765; x_wconf 88' lang='grc' dir='ltr'>οίκείως</span> <span class='ocrx_word' id='word_1_774' title='bbox 1809 5702 1924 5771; x_wconf 80' lang='grc' dir='ltr'>ἔχει</span> 
     </span>
    </p>
   </div>
   <div class='ocr_carea' id='block_1_107' title="bbox 354 5793 1921 5866">
    <p class='ocr_par' dir='ltr' id='par_1_107' title="bbox 354 5793 1921 5866">
     <span class='ocr_line' id='line_1_107' title="bbox 354 5793 1921 5866; baseline 0.003 -20"><span class='ocrx_word' id='word_1_775' title='bbox 354 5794 490 5864; x_wconf 71' lang='grc' dir='ltr'>πρὸς</span> <span class='ocrx_word' id='word_1_776' title='bbox 536 5793 693 5847; x_wconf 75' lang='grc' dir='ltr'>τοῦτο</span> <span class='ocrx_word' id='word_1_777' title='bbox 730 5795 789 5848; x_wconf 77' lang='grc' dir='ltr'><strong>τδ</strong></span> <span class='ocrx_word' id='word_1_778' title='bbox 833 5793 971 5858; x_wconf 73' lang='grc' dir='ltr'>εἶδος</span> <span class='ocrx_word' id='word_1_779' title='bbox 1005 5796 1102 5865; x_wconf 83' lang='grc' dir='ltr'>τῆς</span> <span class='ocrx_word' id='word_1_780' title='bbox 1143 5794 1420 5866; x_wconf 71' lang='grc' dir='ltr'>τέρψεως*</span> <span class='ocrx_word' id='word_1_781' title='bbox 1457 5795 1546 5850; x_wconf 71' lang='grc' dir='ltr'><strong>ἵνα</strong></span> <span class='ocrx_word' id='word_1_782' title='bbox 1584 5796 1657 5863; x_wconf 80' lang='grc' dir='ltr'><strong>μὴ</strong></span> <span class='ocrx_word' id='word_1_783' title='bbox 1690 5795 1921 5863; x_wconf 66' lang='grc' dir='ltr'>πορνικὲ</span> 
     </span>
    </p>
   </div>
   <div class='ocr_carea' id='block_1_108' title="bbox 2021 4596 3587 4666">
    <p class='ocr_par' dir='ltr' id='par_1_108' title="bbox 2021 4596 3587 4666">
     <span class='ocr_line' id='line_1_108' title="bbox 2021 4596 3587 4666; baseline 0.002 -17"><span class='ocrx_word' id='word_1_784' title='bbox 2021 4611 2371 4650; x_wconf 77' lang='lat' dir='ltr'><strong>numerorum</strong></span> <span class='ocrx_word' id='word_1_785' title='bbox 2404 4597 2577 4666; x_wconf 81' lang='lat' dir='ltr'><strong>gratia</strong></span> <span class='ocrx_word' id='word_1_786' title='bbox 2626 4596 2881 4663; x_wconf 80' lang='lat' dir='ltr'><strong>oblectet,</strong></span> <span class='ocrx_word' id='word_1_787' title='bbox 2919 4607 2972 4652; x_wconf 90' lang='lat' dir='ltr'><strong>et</strong></span> <span class='ocrx_word' id='word_1_788' title='bbox 3004 4597 3250 4653; x_wconf 88' lang='lat' dir='ltr'><strong>lectionis</strong></span> <span class='ocrx_word' id='word_1_789' title='bbox 3284 4598 3587 4652; x_wconf 84' lang='lat' dir='ltr'><strong>molestiam</strong></span> 
     </span>
    </p>
   </div>
   <div class='ocr_carea' id='block_1_109' title="bbox 2020 4684 3590 4760">
    <p class='ocr_par' dir='ltr' id='par_1_109' title="bbox 2020 4684 3590 4760">
     <span class='ocr_line' id='line_1_109' title="bbox 2020 4684 3590 4760; baseline 0.003 -20"><span class='ocrx_word' id='word_1_790' title='bbox 2020 4686 2292 4740; x_wconf 86' lang='lat' dir='ltr'><strong>cantando</strong></span> <span class='ocrx_word' id='word_1_791' title='bbox 2332 4684 2506 4740; x_wconf 83' lang='lat' dir='ltr'><strong>fallat.</strong></span> <span class='ocrx_word' id='word_1_792' title='bbox 2534 4686 2830 4757; x_wconf 86' lang='lat' dir='ltr'><strong>Postquam</strong></span> <span class='ocrx_word' id='word_1_793' title='bbox 2865 4687 3009 4742; x_wconf 85' lang='lat' dir='ltr'><strong>enim</strong></span> <span class='ocrx_word' id='word_1_794' title='bbox 3042 4687 3186 4744; x_wconf 89' lang='lat' dir='ltr'><strong>Deus</strong></span> <span class='ocrx_word' id='word_1_795' title='bbox 3232 4704 3338 4743; x_wconf 89' lang='lat' dir='ltr'><strong>non</strong></span> <span class='ocrx_word' id='word_1_796' title='bbox 3386 4705 3590 4760; x_wconf 87' lang='lat' dir='ltr'><strong>paucos</strong></span> 
     </span>
    </p>
   </div>
   <div class='ocr_carea' id='block_1_110' title="bbox 2020 4776 3588 4850">
    <p class='ocr_par' dir='ltr' id='par_1_110' title="bbox 2020 4776 3588 4850">
     <span class='ocr_line' id='line_1_110' title="bbox 2020 4776 3588 4850; baseline 0.004 -20"><span class='ocrx_word' id='word_1_797' title='bbox 2020 4776 2299 4832; x_wconf 82' lang='lat' dir='ltr'><strong>hominum</strong></span> <span class='ocrx_word' id='word_1_798' title='bbox 2331 4778 2611 4850; x_wconf 80' lang='lat' dir='ltr'><strong>segniores</strong></span> <span class='ocrx_word' id='word_1_799' title='bbox 2648 4787 2704 4835; x_wconf 93' lang='lat' dir='ltr'><strong>et</strong></span> <span class='ocrx_word' id='word_1_800' title='bbox 2738 4779 3032 4837; x_wconf 84' lang='lat' dir='ltr'><strong>alieniores</strong></span> <span class='ocrx_word' id='word_1_801' title='bbox 3066 4796 3097 4835; x_wconf 90' lang='lat' dir='ltr'><strong>a</strong></span> <span class='ocrx_word' id='word_1_802' title='bbox 3136 4780 3367 4837; x_wconf 90' lang='lat' dir='ltr'><strong>lectione</strong></span> <span class='ocrx_word' id='word_1_803' title='bbox 3406 4797 3588 4838; x_wconf 87' lang='lat' dir='ltr'><strong>rerum</strong></span> 
     </span>
    </p>
   </div>
   <div class='ocr_carea' id='block_1_111' title="bbox 2019 4871 3591 4944">
    <p class='ocr_par' dir='ltr' id='par_1_111' title="bbox 2019 4871 3591 4944">
     <span class='ocr_line' id='line_1_111' title="bbox 2019 4871 3591 4944; baseline 0.001 -17"><span class='ocrx_word' id='word_1_804' title='bbox 2019 4871 2351 4939; x_wconf 89' lang='lat' dir='ltr'><strong>divinarum,</strong></span> <span class='ocrx_word' id='word_1_805' title='bbox 2401 4888 2501 4929; x_wconf 88' lang='lat' dir='ltr'><strong>nec</strong></span> <span class='ocrx_word' id='word_1_806' title='bbox 2548 4874 2684 4929; x_wconf 90' lang='lat' dir='ltr'><strong>adeo</strong></span> <span class='ocrx_word' id='word_1_807' title='bbox 2736 4874 3001 4944; x_wconf 88' lang='lat' dir='ltr'><strong>patientes</strong></span> <span class='ocrx_word' id='word_1_808' title='bbox 3043 4874 3245 4929; x_wconf 87' lang='lat' dir='ltr'><strong>laboris</strong></span> <span class='ocrx_word' id='word_1_809' title='bbox 3296 4875 3444 4931; x_wconf 89' lang='lat' dir='ltr'><strong>circa</strong></span> <span class='ocrx_word' id='word_1_810' title='bbox 3500 4874 3591 4930; x_wconf 90' lang='lat' dir='ltr'><strong>illa</strong></span> 
     </span>
    </p>
   </div>
   <div class='ocr_carea' id='block_1_112' title="bbox 2020 4962 3591 5037">
    <p class='ocr_par' dir='ltr' id='par_1_112' title="bbox 2020 4962 3591 5037">
     <span class='ocr_line' id='line_1_112' title="bbox 2020 4962 3591 5037; baseline 0.003 -21"><span class='ocrx_word' id='word_1_811' title='bbox 2020 4962 2425 5027; x_wconf 83' lang='lat' dir='ltr'><strong>animadvertit,</strong></span> <span class='ocrx_word' id='word_1_812' title='bbox 2448 4962 2894 5033; x_wconf 89' lang='lat' dir='ltr'><strong>utjucundiorem</strong></span> <span class='ocrx_word' id='word_1_813' title='bbox 2913 4964 3164 5020; x_wconf 90' lang='lat' dir='ltr'><strong>redderet</strong></span> <span class='ocrx_word' id='word_1_814' title='bbox 3189 4966 3328 5021; x_wconf 89' lang='lat' dir='ltr'><strong>hanc</strong></span> <span class='ocrx_word' id='word_1_815' title='bbox 3346 4981 3591 5037; x_wconf 82' lang='lat' dir='ltr'><strong>Operam,</strong></span> 
     </span>
    </p>
   </div>
   <div class='ocr_carea' id='block_1_113' title="bbox 2020 5053 3594 5127">
    <p class='ocr_par' dir='ltr' id='par_1_113' title="bbox 2020 5053 3594 5127">
     <span class='ocr_line' id='line_1_113' title="bbox 2020 5053 3594 5127; baseline 0.008 -18"><span class='ocrx_word' id='word_1_816' title='bbox 2020 5061 2075 5109; x_wconf 89' lang='lat' dir='ltr'><strong>et</strong></span> <span class='ocrx_word' id='word_1_817' title='bbox 2122 5053 2454 5126; x_wconf 81' lang='lat' dir='ltr'><strong>fatigationis</strong></span> <span class='ocrx_word' id='word_1_818' title='bbox 2477 5057 2821 5114; x_wconf 89' lang='lat' dir='ltr'><strong>subtraheret</strong></span> <span class='ocrx_word' id='word_1_819' title='bbox 2874 5074 3129 5127; x_wconf 91' lang='lat' dir='ltr'><strong>sensum,</strong></span> <span class='ocrx_word' id='word_1_820' title='bbox 3182 5062 3324 5117; x_wconf 88' lang='lat' dir='ltr'><strong>beati</strong></span> <span class='ocrx_word' id='word_1_821' title='bbox 3376 5061 3594 5121; x_wconf 69' lang='lat' dir='ltr'><strong>Daviilis</strong></span> 
     </span>
    </p>
   </div>
   <div class='ocr_carea' id='block_1_114' title="bbox 2022 5147 3590 5220">
    <p class='ocr_par' dir='ltr' id='par_1_114' title="bbox 2022 5147 3590 5220">
     <span class='ocr_line' id='line_1_114' title="bbox 2022 5147 3590 5220; baseline 0.006 -19"><span class='ocrx_word' id='word_1_822' title='bbox 2022 5147 2260 5219; x_wconf 78' lang='lat' dir='ltr'><strong>linguam</strong></span> <span class='ocrx_word' id='word_1_823' title='bbox 2291 5151 2478 5215; x_wconf 82' lang='lat' dir='ltr'><strong>movit,</strong></span> <span class='ocrx_word' id='word_1_824' title='bbox 2519 5152 2584 5206; x_wconf 83' lang='lat' dir='ltr'><strong>ad</strong></span> <span class='ocrx_word' id='word_1_825' title='bbox 2614 5152 2943 5207; x_wconf 87' lang='lat' dir='ltr'><strong>miscendam</strong></span> <span class='ocrx_word' id='word_1_826' title='bbox 2973 5155 3243 5211; x_wconf 79' lang='lat' dir='ltr'><strong>vaticiniis</strong></span> <span class='ocrx_word' id='word_1_827' title='bbox 3279 5156 3590 5220; x_wconf 83' lang='lat' dir='ltr'><strong>melodiam.</strong></span> 
     </span>
    </p>
   </div>
   <div class='ocr_carea' id='block_1_115' title="bbox 2025 5241 3592 5309">
    <p class='ocr_par' dir='ltr' id='par_1_115' title="bbox 2025 5241 3592 5309">
     <span class='ocr_line' id='line_1_115' title="bbox 2025 5241 3592 5309; baseline 0.005 -17"><span class='ocrx_word' id='word_1_828' title='bbox 2025 5248 2083 5292; x_wconf 89' lang='lat' dir='ltr'><strong>ut</strong></span> <span class='ocrx_word' id='word_1_829' title='bbox 2128 5254 2419 5295; x_wconf 88' lang='lat' dir='ltr'><strong>numerosa</strong></span> <span class='ocrx_word' id='word_1_830' title='bbox 2452 5241 2822 5297; x_wconf 88' lang='lat' dir='ltr'><strong>modulatione</strong></span> <span class='ocrx_word' id='word_1_831' title='bbox 2856 5244 3027 5309; x_wconf 90' lang='lat' dir='ltr'><strong>ducti,</strong></span> <span class='ocrx_word' id='word_1_832' title='bbox 3062 5245 3235 5300; x_wconf 84' lang='lat' dir='ltr'><strong>multa</strong></span> <span class='ocrx_word' id='word_1_833' title='bbox 3267 5260 3389 5300; x_wconf 87' lang='lat' dir='ltr'><strong>cum</strong></span> <span class='ocrx_word' id='word_1_834' title='bbox 3425 5247 3592 5300; x_wconf 87' lang='lat' dir='ltr'><strong>animi</strong></span> 
     </span>
    </p>
   </div>
   <div class='ocr_carea' id='block_1_116' title="bbox 2023 5331 3595 5411">
    <p class='ocr_par' dir='ltr' id='par_1_116' title="bbox 2023 5331 3595 5411">
     <span class='ocr_line' id='line_1_116' title="bbox 2023 5331 3595 5411; baseline 0.007 -25"><span class='ocrx_word' id='word_1_835' title='bbox 2023 5331 2306 5389; x_wconf 89' lang='lat' dir='ltr'><strong>alacritate</strong></span> <span class='ocrx_word' id='word_1_836' title='bbox 2355 5334 2542 5391; x_wconf 85' lang='lat' dir='ltr'><strong>laudes</strong></span> <span class='ocrx_word' id='word_1_837' title='bbox 2600 5336 2703 5406; x_wconf 86' lang='lat' dir='ltr'><strong>ipsi</strong></span> <span class='ocrx_word' id='word_1_838' title='bbox 2752 5351 2938 5394; x_wconf 84' lang='lat' dir='ltr'><strong>sacras</strong></span> <span class='ocrx_word' id='word_1_839' title='bbox 2985 5339 3360 5395; x_wconf 88' lang='lat' dir='ltr'><strong>decantemus.</strong></span> <span class='ocrx_word' id='word_1_840' title='bbox 3409 5342 3595 5411; x_wconf 88' lang='lat' dir='ltr'><strong>Usque</strong></span> 
     </span>
    </p>
   </div>
   <div class='ocr_carea' id='block_1_117' title="bbox 2022 5423 3595 5500">
    <p class='ocr_par' dir='ltr' id='par_1_117' title="bbox 2022 5423 3595 5500">
     <span class='ocr_line' id='line_1_117' title="bbox 2022 5423 3595 5500; baseline 0.006 -23"><span class='ocrx_word' id='word_1_841' title='bbox 2022 5423 2170 5478; x_wconf 90' lang='lat' dir='ltr'><strong>enim</strong></span> <span class='ocrx_word' id='word_1_842' title='bbox 2218 5425 2354 5480; x_wconf 89' lang='lat' dir='ltr'><strong>adeo</strong></span> <span class='ocrx_word' id='word_1_843' title='bbox 2402 5426 2469 5480; x_wconf 90' lang='lat' dir='ltr'><strong>ad</strong></span> <span class='ocrx_word' id='word_1_844' title='bbox 2528 5436 2774 5482; x_wconf 88' lang='lat' dir='ltr'><strong>naturam</strong></span> <span class='ocrx_word' id='word_1_845' title='bbox 2813 5441 3055 5485; x_wconf 90' lang='lat' dir='ltr'><strong>nostram</strong></span> <span class='ocrx_word' id='word_1_846' title='bbox 3101 5440 3409 5500; x_wconf 89' lang='lat' dir='ltr'><strong>comparata</strong></span> <span class='ocrx_word' id='word_1_847' title='bbox 3468 5443 3595 5488; x_wconf 85' lang='lat' dir='ltr'><strong>sunt</strong></span> 
     </span>
    </p>
   </div>
   <div class='ocr_carea' id='block_1_118' title="bbox 2022 5516 3596 5592">
    <p class='ocr_par' dir='ltr' id='par_1_118' title="bbox 2022 5516 3596 5592">
     <span class='ocr_line' id='line_1_118' title="bbox 2022 5516 3596 5592; baseline 0.006 -23"><span class='ocrx_word' id='word_1_848' title='bbox 2022 5516 2265 5571; x_wconf 85' lang='lat' dir='ltr'><strong>carmina</strong></span> <span class='ocrx_word' id='word_1_849' title='bbox 2310 5526 2365 5571; x_wconf 91' lang='lat' dir='ltr'><strong>et</strong></span> <span class='ocrx_word' id='word_1_850' title='bbox 2395 5519 2784 5587; x_wconf 89' lang='lat' dir='ltr'><strong>modulamina,</strong></span> <span class='ocrx_word' id='word_1_851' title='bbox 2833 5531 2894 5576; x_wconf 90' lang='lat' dir='ltr'><strong>ut</strong></span> <span class='ocrx_word' id='word_1_852' title='bbox 2938 5532 2995 5577; x_wconf 91' lang='lat' dir='ltr'><strong>et</strong></span> <span class='ocrx_word' id='word_1_853' title='bbox 3043 5523 3193 5592; x_wconf 89' lang='lat' dir='ltr'><strong>pueri</strong></span> <span class='ocrx_word' id='word_1_854' title='bbox 3231 5523 3509 5588; x_wconf 84' lang='lat' dir='ltr'><strong>lactentes.</strong></span> <span class='ocrx_word' id='word_1_855' title='bbox 3541 5534 3596 5581; x_wconf 91' lang='lat' dir='ltr'><strong>et</strong></span> 
     </span>
    </p>
   </div>
   <div class='ocr_carea' id='block_1_119' title="bbox 2026 5607 3595 5680">
    <p class='ocr_par' dir='ltr' id='par_1_119' title="bbox 2026 5607 3595 5680">
     <span class='ocr_line' id='line_1_119' title="bbox 2026 5607 3595 5680; baseline 0.006 -19"><span class='ocrx_word' id='word_1_856' title='bbox 2026 5607 2287 5663; x_wconf 88' lang='lat' dir='ltr'><strong>mulieres</strong></span> <span class='ocrx_word' id='word_1_857' title='bbox 2318 5618 2528 5675; x_wconf 85' lang='lat' dir='ltr'><strong>nentes,</strong></span> <span class='ocrx_word' id='word_1_858' title='bbox 2573 5619 2627 5665; x_wconf 90' lang='lat' dir='ltr'><strong>et</strong></span> <span class='ocrx_word' id='word_1_859' title='bbox 2658 5612 2928 5680; x_wconf 70' lang='lat' dir='ltr'><strong>agricolae,</strong></span> <span class='ocrx_word' id='word_1_860' title='bbox 2960 5622 3014 5667; x_wconf 92' lang='lat' dir='ltr'><strong>ct</strong></span> <span class='ocrx_word' id='word_1_861' title='bbox 3044 5614 3307 5679; x_wconf 79' lang='lat' dir='ltr'><strong>viatores,</strong></span> <span class='ocrx_word' id='word_1_862' title='bbox 3337 5624 3391 5669; x_wconf 90' lang='lat' dir='ltr'><strong>et</strong></span> <span class='ocrx_word' id='word_1_863' title='bbox 3420 5625 3595 5670; x_wconf 78' lang='lat' dir='ltr'><strong>nauta:</strong></span> 
     </span>
    </p>
   </div>
   <div class='ocr_carea' id='block_1_120' title="bbox 2026 5700 3593 5775">
    <p class='ocr_par' dir='ltr' id='par_1_120' title="bbox 2026 5700 3593 5775">
     <span class='ocr_line' id='line_1_120' title="bbox 2026 5700 3593 5775; baseline 0.004 -21"><span class='ocrx_word' id='word_1_864' title='bbox 2026 5700 2331 5754; x_wconf 89' lang='lat' dir='ltr'><strong>molestiam</strong></span> <span class='ocrx_word' id='word_1_865' title='bbox 2383 5701 2585 5757; x_wconf 85' lang='lat' dir='ltr'><strong>laboris</strong></span> <span class='ocrx_word' id='word_1_866' title='bbox 2620 5714 2783 5757; x_wconf 87' lang='lat' dir='ltr'><strong>cantu</strong></span> <span class='ocrx_word' id='word_1_867' title='bbox 2820 5704 3061 5759; x_wconf 89' lang='lat' dir='ltr'><strong>solentur</strong></span> <span class='ocrx_word' id='word_1_868' title='bbox 3104 5722 3118 5759; x_wconf 93' lang='lat'><strong>:</strong></span> <span class='ocrx_word' id='word_1_869' title='bbox 3168 5707 3325 5775; x_wconf 90' lang='lat' dir='ltr'><strong>quasi</strong></span> <span class='ocrx_word' id='word_1_870' title='bbox 3377 5707 3593 5772; x_wconf 83' lang='lat' dir='ltr'><strong>anima,</strong></span> 
     </span>
    </p>
   </div>
   <div class='ocr_carea' id='block_1_121' title="bbox 2029 5792 3597 5873">
    <p class='ocr_par' dir='ltr' id='par_1_121' title="bbox 2029 5792 3597 5873">
     <span class='ocr_line' id='line_1_121' title="bbox 2029 5792 3597 5873; baseline 0.006 -28"><span class='ocrx_word' id='word_1_871' title='bbox 2029 5792 2077 5847; x_wconf 91' lang='lat' dir='ltr'><strong>si</strong></span> <span class='ocrx_word' id='word_1_872' title='bbox 2110 5792 2531 5849; x_wconf 85' lang='lat' dir='ltr'><strong>modulationem</strong></span> <span class='ocrx_word' id='word_1_873' title='bbox 2569 5805 2661 5849; x_wconf 90' lang='lat' dir='ltr'><strong>aut</strong></span> <span class='ocrx_word' id='word_1_874' title='bbox 2721 5804 2939 5850; x_wconf 87' lang='lat' dir='ltr'><strong>cantum</strong></span> <span class='ocrx_word' id='word_1_875' title='bbox 2977 5797 3181 5855; x_wconf 81' lang='lat' dir='ltr'><strong>audiat.</strong></span> <span class='ocrx_word' id='word_1_876' title='bbox 3219 5814 3597 5873; x_wconf 83' lang='lat' dir='ltr'><strong>quamcunque</strong></span> 
     </span>
    </p>
   </div>
  </div>
