4054 6592
492 330 622 397 ιοτι

1224 336 1617 398 OPUSCULA
1658 334 2288 396 SGRIPTURISTICA
2325 336 2674 395 INCERTi‘E
2714 337 3023 397 rETATlS.

3593 339 3727 403 1072

488 439 789 495 molestiam
842 446 935 494 aut
982 451 1280 494 aerumnam
1329 439 1544 496 facilius
1603 440 1761 495 lerat.
1812 438 2063 505 Quando-

2171 438 2390 509 ᾄσματα
2422 442 2469 493 οἱ
2498 440 2748 511 δαίμονες
2778 445 3085 510 εἰσάγοντες
3113 442 3326 497 ἅπαντα
3358 446 3725 517 ἁ“ιατρὲπωσι,

487 534 704 603 quidem
740 548 869 601 ergo
898 530 1011 585 haec
1046 530 1293 600 voluptas
1326 532 1462 586 adeo
1513 532 1731 600 propria
1762 537 1845 585 est
1879 530 2062 583 animo

489 636 713 687 nostro,
755 638 820 677 ne
880 622 1156 677 daemones
1200 622 1437 678 inductis
1484 622 1737 677 cantibus
1780 621 2061 677 amatoriis

488 726 544 771 et
600 714 922 770 meretriciis
974 713 1157 769 omnia
1215 722 1559 783 perver:ant,
1613 715 1854 783 psalmos
1906 715 2063 784 quasi

487 805 957 877 propugnaculum
1002 804 1204 875 objecit
1250 805 1355 859 illis
1406 804 1564 868 Deus,
1607 804 1742 859 adeo
1773 814 1829 858 ut
1861 804 2061 859 resilla

487 899 651 954 simul
688 910 741 954 et
788 898 1041 968 voluptas
1085 906 1138 952 et
1170 897 1375 952 utilitas
1406 897 1478 950 sit
1535 910 1565 949 a
1618 896 1817 965 Spiritu
1871 906 2066 951 sancto

489 988 749 1060 profecta,
796 990 891 1059 qui
943 991 994 1043 in
1056 987 1293 1043 animam
1346 989 1452 1042 tale
1501 988 1704 1057 aliquid
1750 996 2060 1040 cantantem

488 1084 736 1138 celeriter
766 1081 913 1136 illabi
953 1081 1109 1136 solet.
1146 1080 1437 1149 Postquam
1477 1079 1619 1133 enim
1659 1077 1894 1148 Spiritus
1931 1095 2061 1134 san-

488 1180 609 1228 ctus
656 1174 953 1226 humanum
985 1186 1154 1241 genus
1184 1171 1528 1225 intractabile
1559 1171 1692 1225 vidit
1722 1170 1965 1225 hortanti
1995 1170 2063 1223 ad

487 1264 768 1328 virtutem,
799 1278 1006 1331 nosque
1054 1264 1201 1331 ipsos
1234 1262 1417 1316 studio
1452 1262 1744 1332 voluptatis
1778 1273 1936 1317 recta:
1965 1262 2063 1316 vite

490 1354 926 1425 negligentiores,
950 1360 1216 1423 praerepta
1238 1352 1450 1405 virtutis
1475 1352 1742 1406 suavitate
1766 1350 2065 1405 harmoniae

487 1443 646 1514 quasi
702 1442 1047 1497 condimento
1087 1441 1272 1511 aliquo
1327 1440 1666 1510 temperavit,
1724 1450 1783 1494 ut
1846 1448 2064 1508 propter

489 1534 716 1604 gratiam
751 1546 803 1588 et
834 1533 1157 1588 suavitatem
1198 1533 1511 1596 auditionis,
1560 1532 1824 1586 orationis
1861 1532 2065 1585 utilita-

489 1635 595 1679 tem
632 1624 788 1678 inscii
817 1624 1258 1677 admitteremus.
1285 1622 1512 1677 Perinde
1540 1637 1602 1677 ac
1628 1624 1917 1691 prudentes
1948 1637 2060 1675 me-

486 1716 613 1781 dici,
656 1713 873 1783 quando
903 1714 1099 1768 acerba
1130 1723 1221 1767 aut
1251 1729 1435 1767 amara
1470 1714 1860 1767 medicamenta
1892 1728 2061 1782 aegro-

2162 534 2289 594 τους
2315 531 2561 601 ψαλμοὺς
2588 534 2768 596 αὐτοῖς
2800 533 3135 603 ἐπετείχισεν
3170 536 3198 589 6
3226 535 3357 598 Θεός
3376 554 3392 568 ο
3426 536 3562 590 ὥστε
3592 539 3729 609 ὁμοῦ

2161 622 2222 675 τὸ
2260 624 2492 695 πρᾶγμα
2522 625 2616 677 καὶ
2646 625 2836 695 ἡδονὴν
2865 626 2957 678 καὶ⁵
2986 625 3256 694 ὠφέλειαν
3286 623 3422 680 εἶναι
3450 628 3544 682 τοῦ
3572 632 3729 697 ἁγίου

2162 714 2498 784 Πνεύματοῖ,
2537 718 2601 786 τῇ
2638 715 2861 769 τοιαῦτα
2888 715 3161 789 ψαλλούσῃ
3200 718 3343 789 ψυχῇ
3379 722 3587 790 ταχέως
3632 723 3733 789 ὲφ-

2174 807 2495 877 ιπταμένου.
2540 807 2625 870 Ὠς
2645 806 2752 879 γὰρ
2775 808 3008 879 εἴρηται,
3038 810 3257 864 ἐπειδὰν
3279 808 3385 863 εἶδε
3415 811 3474 864 τὸ
3509 813 3733 881 Πνεῦμα

2161 899 2222 950 τὸ
2253 899 2408 967 ἆγιον
2438 899 2754 968 δυσάγωγον
2785 903 2920 972 πρὸς
2950 905 3047 972 τὴν
3087 902 3288 973 ἀρετὴν
3336 902 3396 955 τὸ
3436 903 3589 971 γένος
3632 904 3731 956 ἁν-

2164 986 2416 1055 θρῶπων,
2465 989 2557 1042 καὶ
2608 990 2696 1043 διά
2745 992 2806 1043 τὸ
2859 991 2995 1063 πρὸς
3047 992 3240 1063 ἡδονὴν
3283 993 3604 1063 ὲπιρῤεπὲς,
3636 992 3729 1045 τοῦ

2161 1079 2321 1150 ὀρθοῦ
2349 1080 2464 1149 βίου
2495 1081 2936 1152 καταμελοῦντας
2962 1084 3129 1153 ἡμᾶς,
3158 1083 3220 1136 τὸ
3249 1084 3311 1136 ὲκ
3337 1084 3436 1152 τῆς
3466 1084 3729 1153 μελῳδίας

2162 1170 2396 1242 τερπνὸν
2438 1175 2549 1235 τοῖς
2592 1172 2857 1239 δόγμασιν
2895 1174 3288 1243 ἐγκατέμιξεν·
3318 1175 3404 1227 ἵνα
3432 1175 3509 1242 τῷ
3559 1191 3730 1244 προσ-

2161 1264 2283 1330 ηνεῖ
2312 1262 2405 1314 καὶ
2437 1262 2565 1333 λείῳ
2600 1263 2698 1333 τῆς
2725 1263 2893 1333 ἀκοῆς
2922 1264 2985 1317 τὸ
3024 1265 3087 1317 ὲκ
3122 1265 3230 1318 τῶν
3260 1264 3433 1333 λόγων
3457 1264 3731 1333 ὠφέλιμον

2162 1352 2530 1418 λανθανόντως
2578 1353 2967 1426 διαδεξὼμεθα.
3016 1358 3126 1410 Καὶ
3184 1356 3435 1427 καθάπερ
3478 1357 3529 1408 oi
3573 1355 3729 1423 σοφοὶ

2163 1442 2272 1495 τῶν
2312 1444 2512 1514 ίατρῶν
2560 1442 2631 1497 τὰ
2662 1445 3039 1516 αὑστηρότερα
3073 1444 3162 1499 καὶ
3196 1448 3366 1515 πικρά
3402 1445 3508 1497 τῶν
3540 1444 3735 1513 ἀλεξη-

2162 1532 2367 1603 τηρίων
2398 1534 2702 1604 φαρμάκων
2742 1536 2915 1589 πίνειν
2943 1534 3211 1599 διαδόντες
3246 1537 3360 1598 τοῖς
3391 1534 3736 1606 ἀῤῥωστοῦει

2164 1623 2259 1678 καὶ
2294 1627 2623 1694 κακοσίτοις,
2659 1628 2899 1697 εὔληπτα
2944 1628 3117 1681 ταῦτα
3150 1627 3385 1693 ποιοῦσι,
3415 1632 3480 1698 τῇ
3511 1628 3604 1680 τοῦ
3637 1629 3734 1695 μέ·-
3776 1675 3782 1679 .

2165 1712 2305 1773 λιτος
2333 1715 2490 1785 ἠδονῇ
2521 1717 2950 1787 παραπτύοντες,
2975 1716 3116 1770 οὕτω
3139 1719 3232 1771 καὶ
3263 1719 3361 1787 τὴν
3390 1716 3511 1770 κατ’
3538 1716 3728 1787 ἀρετὴν

488 1809 557 1862 tis
594 1808 905 1877 propitiant,
944 1817 995 1861 et
1029 1807 1310 1861 stomacho
1355 1807 1749 1871 laborantibus,
1780 1806 2063 1860 dulcedine

2168 1810 2461 1875 πολιτείαν,
2532 1813 2771 1883 σκληρὰν
2830 1812 3012 1876 οὖσαν,
3084 1814 3342 1881 γλυκεῖαν
3405 1814 3439 1882 ἡ
3502 1810 3735 1881 μελῳδία

488 1902 662 1955 mellis
690 1900 953 1953 condiunt
984 1909 1041 1952 ut
1078 1899 1251 1967 magis
1282 1900 1389 1951 sint
1419 1898 1484 1951 ad
1513 1898 1751 1967 palatum
1783 1914 1796 1950 :
1830 1898 1905 1949 ita
1954 1897 2062 1948 vir-

487 1994 662 2047 titutis
687 1991 1041 2053 curriculum,
1080 1990 1222 2059 quod
1260 2005 1355 2059 per
1399 2004 1457 2043 se
1487 1988 1703 2043 dillicile
1735 2000 1788 2041 et
1834 1985 2061 2057 impedi-

488 2101 598 2139 tum
629 2094 731 2144 est.
766 2087 1053 2139 ammnitas
1084 2092 1277 2139 cantus
1308 2093 1520 2153 gratum
1555 2082 1735 2136 ellieit.
1769 2080 1890 2135 ldeo
1917 2081 2058 2135 enim

486 2178 699 2233 numeri
740 2178 1065 2248 hymnorum
1098 2176 1302 2231 inventi
1343 2183 1492 2240 sunt,
1529 2183 1588 2229 ut
1629 2173 1721 2244 qui
1758 2173 1905 2243 pueri
1934 2182 2063 2227 sunt

485 2279 663 2335 actate,
694 2280 786 2324 aut
815 2269 1041 2324 omnino
1073 2269 1343 2331 rudiores,
1377 2267 1444 2321 ad
1477 2265 1724 2320 habitum
1758 2264 1973 2318 virtutis
2005 2264 2059 2317 in

488 2365 726 2433 speciem
778 2360 997 2432 quidem
1057 2370 1290 2424 canant,
1352 2373 1539 2412 revera
1605 2366 1786 2411 autem
1844 2356 2060 2409 animos

487 2458 761 2513 erudiant.
810 2455 853 2511 Ο
904 2455 1124 2525 sapiens
1182 2454 1460 2508 inventum
1506 2450 1774 2521 magistri,
1816 2449 1910 2521 qui
1958 2450 2063 2504 hoc

490 2548 733 2611 molitur,
766 2555 823 2600 ut
852 2546 1039 2601 eadem
1096 2560 1258 2613 opera
1294 2552 1349 2597 et
1399 2557 1663 2597 canamus
1697 2552 1750 2596 ct
1786 2541 2061 2597 discamus

490 2643 666 2698 utilia.
687 2641 802 2708 Qua
860 2640 1071 2695 ratione
1106 2648 1256 2693 tanto
1284 2637 1495 2691 ﬁrmius
1523 2636 1706 2689 animo
1737 2649 1922 2689 nosn'o
1954 2632 2060 2687 im-

488 2735 743 2803 primitur
789 2733 1059 2786 doctrina.
1110 2729 1359 2784 Violenta
1416 2728 1560 2783 enim
1610 2726 1893 2796 disciplina
1952 2739 2059 2777 non

488 2834 668 2895 petest
698 2838 818 2878 esse
848 2822 1123 2876 diuturna.
1156 2818 1309 2885 Quod
1341 2829 1521 2874 autem
1547 2832 1671 2872 eum
1703 2814 2061 2870 delectatione

487 2917 721 2988 quadam
744 2915 974 2983 obrepit,
999 2913 1339 2969 constantius
1398 2911 1582 2964 animo
1610 2909 1855 2963 inhaeret.
1882 2904 2059 2961 Causa

487 3009 654 3080 igitur
686 3008 859 3078 prima
891 3014 945 3060 et
976 3004 1131 3075 quasi
1185 3004 1363 3068 obvia,
1398 3017 1565 3073 quare
1613 3016 1736 3056 cum
1788 3000 2061 3068 voluptate

2164 1901 2406 1971 ἐποίησε.
2455 1903 2553 1957 Διὰ
2595 1903 2754 1957 τοῦτο
2805 1905 2870 1957 τὰ
2905 1903 3199 1975 ὲναρμόνια
3244 1904 3415 1956 ταῦτα
3457 1903 3594 1973 μέλη
3627 1902 3735 1954 τῶν

2162 1994 2390 2065 ψαλμῶν
2418 1996 2782 2066 ἐπινενόηται·
2801 1998 2889 2051 ἵνα
2916 1999 2963 2050 oi
2988 1997 3171 2060 παῖδες
3197 1996 3293 2067 τὴν
3316 1996 3551 2067 ἡλικίαν,
3580 1996 3614 2066 ἢ
3642 1995 3733 2048 καὶ

2161 2085 2299 2148 ὅλως
2339 2088 2386 2139 οἱ
2429 2091 2613 2158 νεαροὶ
2654 2090 2716 2141 τὸ
2762 2084 2915 2158 ἦθος,
2944 2089 3021 2159 τῷ
3047 2090 3145 2159 μὲν
3177 2089 3373 2153 δοκεῖν,
3411 2087 3731 2157 μελῳδῶσι,

2160 2179 2229 2249 τῇ
2258 2178 2486 2251 ἀληθείᾳ
2510 2180 2566 2232 δὲ
2594 2180 2691 2244 τὰς
2721 2180 2896 2252 ψυχὰς
2924 2181 3305 2235 παιδεύωνται.
3346 2181 3408 2233 Ὠ
3437 2181 3535 2249 τῆς
3562 2181 3733 2249 σοφῆς

2162 2270 2405 2334 ἐπινοίας
2432 2271 2526 2324 τοῦ
2554 2272 2895 2338 διδασκάλου,
2927 2272 3062 2341 ὁμοῦ
3089 2289 3147 2325 τε
3183 2273 3328 2341 ᾄδειν
3356 2274 3523 2342 ἡμᾶς,
3550 2272 3643 2325 καὶ
3665 2272 3732 2324 τὲ

2162 2361 2412 2434 λυσιτελῆ
2450 2364 2741 2433 μανθάνειν
2771 2365 3160 2436 μηχανωμένου
3184 2366 3196 2417 l
3219 2364 3379 2418 Ὅθεν
3407 2365 3501 2417 καὶ
3532 2363 3731 2433 μᾶλλον

2162 2452 2491 2506 ἑντυποῦται
2541 2455 2661 2516 ταῖς
2695 2452 2893 2523 ψυχαῖς
2934 2455 3005 2506 τὰ
3037 2454 3374 2524 διδάγματαο
3413 2453 3584 2523 βίαιον
3619 2443 3727 2522 γάρ

2165 2542 2395 2613 μάθημα
2422 2544 2481 2597 οὐ
2515 2543 2725 2613 πέφυκε
2758 2545 3093 2617 παραμένειν
3113 2562 3127 2577 ·
3159 2545 3218 2598 τὸ
3242 2545 3299 2599 δὲ
3327 2545 3465 2615 μετὰ
3489 2544 3729 2613 τέρψεως

2162 2633 2254 2685 καὶ
2283 2632 2503 2703 χάριτος
2543 2633 2885 2703 είσδυόμενον
2928 2633 3299 2705 μονιμώτερόν
3333 2651 3449 2697 πως
3482 2636 3600 2697 ταῖς
3627 2634 3729 2703 ψυ-

2162 2724 2284 2792 χαῖς
2329 2724 2485 2793 ἡμῶν
2546 2722 2818 2782 ὲνιξάνει·
2879 2726 2915 2795 ἡ
2968 2724 3066 2795 μὲν
3099 2723 3193 2778 οὖν
3242 2724 3528 2794 πρόχειρος
3560 2725 3728 2791 αἰτία,

2162 2816 2284 2869 καθ’
2324 2817 2390 2888 ἦν
2439 2819 2495 2870 ἐν
2527 2818 2685 2889 ἡδονῇ
2718 2817 2815 2889 τὴν
2844 2820 2902 2873 ὲν
2930 2824 3040 2883 τοῖς
3074 2820 3310 2890 ψαλμοῖς
3356 2820 3585 2890 μελέτην
3617 2838 3729 2873 ποι-

2160 2908 2389 2979 ούμεθα,
2426 2908 2564 2979 αὕτη
2597 2912 2742 2977 ἐστὶ,
2793 2910 2848 2962 τὸ
2881 2911 3160 2981 μελῳδεῖν,
3195 2913 3360 2981 φημὶ,
3396 2911 3463 2965 τὰ
3492 2913 3729 2983 ῥήματα.

2165 3002 2345 3053 Ἐοικε
2378 3001 2434 3053 δὲ
2463 3003 2495 3073 ὴ
2524 3002 2609 3055 διὰ
2637 3004 2735 3072 τῆς
2771 3004 3036 3073 μελῳδίας
3068 3005 3353 3074 φιλοσοφία
3408 3008 3501 3058 καὶ
3545 3004 3733 3073 μεῖζάν

487 3101 727 3171 psalmos
751 3098 933 3153 animo
958 3112 1257 3162 versemus,
1287 3096 1400 3150 haec
1431 3104 1534 3157 est,
1563 3093 1707 3165 quod
1743 3092 1903 3147 verba
1938 3107 2057 3144 mo-

2165 3110 2237 3158 τι,
2286 3093 2319 3164 ἢ
2364 3095 2504 3147 κατὰ
2529 3094 2626 3165 τὴν
2661 3096 2768 3148 τῶν
2809 3096 3012 3150 πολλῶν
3040 3096 3281 3150 διάνοιαν
3315 3098 3731 3166 ὑποσημαίνειν.

488 3191 763 3245 dulamur.
795 3187 887 3243 Illa
918 3202 1045 3242 vero
1072 3187 1188 3257 ipsa
1224 3184 1565 3254 philosophia
1606 3199 1727 3253 qua:
1776 3180 2059 3235 harmonia

487 3289 726 3345 constat,
754 3279 931 3350 majus
949 3279 1079 3349 quid
1108 3279 1161 3331 in
1188 3291 1408 3331 recessu
1438 3275 1596 3329 habet
1628 3288 1790 3342 quam
1820 3271 2064 3342 plerique

490 3373 734 3428 credunt.
768 3370 909 3438 Quid
930 3386 1060 3440 ergo
1082 3380 1163 3424 est
1193 3368 1244 3423 id
1272 3368 1412 3435 quod
1442 3366 1597 3421 dico?
1626 3364 1815 3418 Audivi
1842 3366 2062 3431 sapien-

489 3472 604 3518 tum
638 3462 928 3532 quemdam
967 3469 1173 3514 natura:
1216 3467 1417 3513 nostrae
1462 3458 1727 3510 rationem
1765 3455 1838 3508 ita
1890 3452 2060 3523 expli-

488 3564 701 3610 cantem
751 3552 909 3623 quasi
950 3553 1117 3605 homo
1167 3565 1368 3620 parvus
1405 3548 1625 3618 quidam
1684 3545 1922 3600 mundus
1971 3545 2063 3605 sit,

491 3648 675 3703 omnia
736 3647 878 3700 inter
921 3660 981 3701 se
1033 3644 1388 3707 concludens,
1443 3655 1783 3711 quacunque
1835 3651 2065 3708 magnus

480 3739 582 3793 .ille
631 3736 869 3791 mundus
920 3734 1320 3805 complectitur.
1382 3730 1557 3801 llujus
1606 3741 1786 3785 autem
1824 3728 2065 3783 universi

489 3829 778 3901 dispusitio
836 3836 891 3883 et
936 3835 1163 3883 ornatus
1215 3840 1379 3896 quam
1431 3825 1679 3896 proxime
1733 3823 1944 3878 accedit
1999 3824 2066 3876 ad

492 3920 859 3981 harmoniam,
904 3919 1091 3974 multis
1123 3918 1437 3973 nominibus
1473 3926 1529 3973 et
1571 3915 1770 3978 modis,
1801 3930 1906 3969 non
1951 3915 2068 3967 sine

490 4012 683 4066 ordine
725 4019 779 4064 et
824 4024 1054 4065 numero
1108 4009 1210 4064 sibi
1261 4008 1365 4079 ipsi
1414 4007 1853 4077 respondentem.
1912 4001 2068 4058 llunc

492 4104 660 4174 igitur
693 4102 934 4156 divinum
1004 4110 1327 4157 concentum
1380 4101 1544 4155 etiam
1621 4116 1854 4172 magnus
1901 4098 2066 4151 David

492 4198 721 4251 auribus
775 4195 1028 4250 hausisse
1089 4197 1215 4250 totis
1278 4194 1409 4248 mihi
1463 4194 1695 4260 videtur,
1753 4204 1888 4255 tum,
1944 4208 2069 4248 cum

491 4290 703 4361 psalmo
734 4290 966 4360 quodam
1001 4289 1145 4344 dicat
1173 4306 1186 4342 :
1211 4286 1458 4343 Laudant
1486 4287 1656 4344 Deum
1695 4287 1815 4340 alia:
1845 4287 2071 4341 virtutes

495 4383 620 4437 coeli
670 4396 893 4447 omnes,
927 4390 981 4435 et
1011 4382 1194 4435 lumen
1251 4390 1550 4445 astrorum,
1605 4380 1686 4434 sol
1719 4388 1771 4433 et
1811 4378 1959 4443 luna,
2016 4385 2071 4430 et

2166 3186 2230 3237 Τί
2262 3181 2353 3238 οὖν
2394 3187 2539 3239 ἐστιν
2570 3187 2597 3240 ὃ
2627 3204 2797 3257 φημι;
2835 3188 3081 3242 Ἤκουσα
3112 3204 3253 3250 τινος
3283 3188 3390 3241 τῶν
3418 3187 3621 3257 σοφῶν,
3646 3186 3734 3239 τὸν

2168 3275 2417 3345 περὶτῆς
2459 3276 2670 3345 φύσεως
2698 3278 2852 3347 ἡμῶν
2883 3278 3171 3342 διεξιόντος
3212 3277 3391 3345 λόγον,
3425 3279 3507 3331 ὅτι
3539 3276 3735 3348 μικρός

2166 3368 2249 3430 τίς
2290 3370 2405 3421 ἐστι
2443 3370 2645 3440 κόσμος
2684 3372 2711 3423 6
2751 3370 3058 3439 ἄνθρωπος,
3094 3371 3269 3424 πάντα
3299 3370 3435 3441 ἔχων
3472 3372 3528 3424 ὲν
3562 3369 3736 3439 ἑαυτῷ

2166 3459 2235 3512 τὰ
2265 3460 2357 3512 τοῦ
2386 3460 2619 3530 μεγάλου
2662 3461 2900 3530 κόσμου·
2930 3463 2965 3531 ἡ
2992 3462 3051 3514 δὲ
3075 3462 3167 3515 τοῦ
3202 3462 3401 3526 παντὸς
3420 3463 3738 3533 ’διακόσμηο

2170 3568 2255 3613 σις
2300 3553 2535 3622 ἁρμονία
2564 3553 2647 3616 τίς
2683 3554 2797 3605 ἐστι
2833 3554 3088 3624 μουσικὴ,
3120 3554 3409 3617 πολυειδῶς
3438 3555 3534 3607 καὶ
3563 3554 3739 3607 ποικί-

2170 3642 2276 3705 λως
2312 3642 2454 3695 κατά
2486 3660 2609 3696 τινα
2640 3645 2790 3710 τάξιν
2820 3645 2913 3698 καὶ
2940 3645 3143 3717 ῥυθμὸν
3174 3646 3308 3715 πρὸς
3338 3647 3536 3717 ἑαυτὴν
3566 3650 3737 3717 ἡρμο-

2171 3740 2369 3804 σμένη.
2400 3735 2615 3805 Ταύτης
2641 3735 2697 3788 δὲ
2725 3739 2819 3807 τῆς
2847 3736 3138 3800 θεσπεσίας
3173 3738 3444 3809 ὑμνῳδίας
3476 3738 3622 3791 δοκεῖ
3650 3755 3741 3805 μοι

2171 3826 2264 3879 καὶ
2297 3828 2324 3879 6
2356 3826 2529 3896 μέγας
2559 3827 2721 3880 Δαὸὶδ
2760 3830 2815 3880 ὲν
2854 3829 3115 3900 ἀκροάσει
3154 3831 3441 3900 γενόμενος
3482 3830 3656 3883 εἰπεῖν
3685 3829 3739 3881 ἕν

2168 3935 2275 3971 τινι
2305 3920 2413 3970 τῶν
2452 3918 2799 3989 ψαλμῶνβτι
2836 3921 3081 3975 «Λίνοῦσι
3109 3923 3197 3977 τὸν
3238 3923 3366 3976 Θεὸν
3402 3924 3461 3976 αῖ
3487 3940 3545 3975 τε
3584 3922 3738 3977 ἄλλαι

2169 4010 2447 4083 δυνάμεις,
2480 4012 2538 4066 ai
2571 4015 2691 4064 κατ’
2738 4013 2966 4082 οὐρανὸν
3011 4016 3206 4079 πᾶσαι,
3256 4015 3351 4069 καὶ
3397 4014 3455 4067 τὸ
3497 4016 3738 4085 ἀστρῴον

2171 4104 2285 4173 φῶς
2310 4143 2325 4170 ,
2357 4105 2385 4157 ὃ
2434 4121 2493 4157 τε
2538 4104 2684 4175 ἥλιος
2720 4104 2815 4158 καὶ
2846 4106 2878 4175 ὴ
2911 4105 3129 4176 σελήνη,
3164 4107 3255 4158 καλ⁵
3282 4108 3330 4159 οἱ
3362 4105 3470 4160 τῶν
3498 4104 3739 4176 οὐρανῶν

2170 4196 2408 4268 οὐρανοὶ,
2441 4197 2533 4250 καὶ
2561 4197 2621 4249 τὸ
2652 4196 3045 4268 ὑπερουράνιον
3077 4196 3342 4268 ὖδωρ.›Εἰ
3372 4193 3465 4251 οὖν
3502 4200 3531 4250 6
3558 4197 3738 4251 διάκο-

2145 4346 2149 4350 ,
2176 4304 2310 4357 σμος
2354 4287 2475 4349 ὅλος
2520 4288 2753 4357 μουσική
2794 4303 2879 4349 τις
2915 4287 3149 4357 ἁρμονία
3178 4288 3314 4354 ἐστὶ,
3342 4289 3536 4358 μικρὸς
3565 4288 3622 4340 δὲ
3654 4288 3739 4340 κό-

2176 4397 2312 4452 σμος
2356 4384 2384 4433 6
2423 4381 2732 4452 ἄνθρωπος,
2785 4383 2818 4452 ὴ
2850 4383 2906 4434 ὲν
2939 4382 3016 4452 τῷ
3048 4380 3213 4434 παντὶ
3241 4380 3586 4451 θεωρουμένη
3614 4396 3740 4449 μου·

489 4474 613 4530 cuzli
642 4475 928 4537 eteloruni,
972 4486 1023 4527 et
1050 4487 1188 4542 aqua
1226 4487 1349 4540 quia
1381 4486 1544 4541 supra
1573 4472 1741 4526 caelos
1774 4480 1877 4525 est.
1916 4469 2063 4534 Quod

2180 4472 2308 4542 σικὴ
2333 4472 2427 4525 καὶ
2452 4475 2509 4526 ὲν
2534 4477 2598 4544 τῇ
2622 4473 2937 4546 ἀνθρωπίνῃ
2969 4473 3128 4542 φύσει
3154 4474 3475 4544 φανήσεται.
3492 4472 3740 4524 Δείκνυσι

490 4567 538 4623 si
575 4581 707 4636 ergo
731 4565 1018 4635 dispositio
1046 4565 1135 4617 illa
1167 4562 1353 4617 mundi
1386 4562 1792 4617 absolutissima
1823 4570 1874 4615 ct
1905 4577 2069 4615 orna-

438 4724 441 4727 γ
493 4656 704 4711 tissima
734 4654 1019 4709 harmonia
1051 4653 1297 4723 quaedam
1332 4653 1538 4708 musica
1562 4663 1668 4719 est,
1692 4654 1854 4706 homo
1888 4660 2066 4707 autent

438 4742 441 4750 “
490 4762 692 4818 parvus
739 4745 960 4816 quidam
1024 4745 1288 4812 mundus;
1324 4747 1509 4815 utique
1558 4761 1678 4816 qua:
1712 4746 1766 4799 in
1811 4745 2068 4801 universo

490 4848 767 4909 spectatur
790 4837 1277 4903 barmonia,etiam
1315 4837 1369 4892 in
1407 4836 1648 4892 hominis
1671 4845 1864 4892 natura
1897 4852 2064 4908 appa-

494 4932 658 4987 rebit.
694 4929 886 5003 Arguit
916 4940 1097 4985 autem
1134 4930 1239 4985 hoc
1266 4930 1429 4984 etiam
1465 4928 1784 4985 mechanica
1819 4930 2066 5000 corporis

497 5022 670 5081 nostri
704 5034 998 5088 structura,
1036 5024 1102 5079 ad
1135 5024 1400 5078 rationem
1435 5024 1804 5077 [irritationum
1839 5038 1934 5093 per
1963 5038 2065 5077 nu-

494 5133 678 5175 meros
724 5117 1081 5174 solertissime
1113 5132 1141 5170 a
1172 5124 1366 5169 natura
1403 5123 1678 5171 contexta.
1718 5113 1875 5171 Vides
1925 5124 2065 5171 arte-

490 5214 630 5268 riam
668 5211 832 5267 veluti
867 5211 1052 5265 tibiam
1090 5208 1362 5277 aliquam?
1397 5208 1665 5273 Palatuin,
1698 5210 1853 5280 quasi
1902 5225 2067 5265 cano-

492 5320 616 5360 nem
646 5304 793 5375 lyrae,
828 5303 1082 5371 illamque
1107 5315 1208 5370 ope
1232 5300 1445 5371 linguae,
1474 5310 1528 5354 et
1553 5315 1811 5370 genarum
1842 5310 1895 5355 et
1928 5302 2061 5365 oris,

493 5398 650 5468 quasi
685 5413 779 5465 per
810 5397 1072 5466 plectrum
1127 5393 1326 5448 editam
1378 5402 1432 5448 et
1463 5392 1699 5449 chordas
1735 5394 2064 5450 modulatio-

493 5485 658 5540 nem?
695 5482 1150 5553 Quandoquidem
1203 5485 1368 5553 igitur
1432 5499 1593 5538 omne
1642 5484 1789 5554 quod
1858 5494 2065 5539 natura:

492 5577 737 5632 ordinem
788 5576 1057 5644 sequitur,
1092 5574 1193 5645 ipsi
1247 5586 1453 5630 natura:
1484 5587 1695 5647 gratum
1728 5587 1843 5643 est,
1897 5578 2064 5633 musi-

493 5686 611 5721 (ξςιιιι
641 5678 820 5721 autem
862 5669 927 5721 ill]
969 5682 1215 5721 normam
1269 5680 1478 5721 llallll'il?
1529 5678 1729 5723 ιιοδιιυε
1780 5684 2066 5737 compara-

496 5772 602 5818 tam
638 5776 755 5815 esse
783 5761 896 5831 jam
935 5762 1120 5833 liquet,
1155 5760 1273 5817 ideo
1305 5777 1532 5832 magnus
1566 5760 1731 5816 David
1763 5760 2058 5831 disciplina‘

2175 4563 2230 4616 δὲ
2264 4562 2422 4615 τοῦτο
2449 4564 2540 4616 καὶ
2582 4565 2616 4635 ἡ
2652 4564 2919 4635 ὀργανικὴ
2968 4562 3061 4616 τοῦ
3102 4561 3353 4631 σώματος
3390 4559 3544 4630 ἡμῶν
3577 4574 3740 4611 κατα-

2146 4716 2149 4719 ,
2177 4655 2367 4725 σκευὴ,
2393 4656 2528 4727 πρὸς
2549 4656 2807 4727 ἐργασίαν
2833 4654 3105 4727 μουσικῶς
3126 4653 3567 4724 φιλοτεχνηθείσα
3592 4650 3740 4719 παρὰ

2174 4745 2272 4815 τῆς
2300 4746 2533 4815 φύσεως.
2575 4747 2738 4817 Ὁρᾷς
2765 4746 2855 4799 τὸν
2880 4746 2979 4817 τῆς
3002 4745 3265 4817 ἀρτηρίας
3293 4743 3483 4808 αὑλόν;
3515 4742 3613 4811 τὴν
3648 4741 3739 4808 τῆς

2176 4835 2427 4907 ὑπερῴας
2456 4836 2686 4907 μονάδα;
2734 4837 2831 4908 τὴν
2860 4837 2947 4892 διὰ
2978 4837 3221 4907 γλώττης
3254 4836 3345 4889 καὶ
3378 4835 3619 4905 παρειῶν
3649 4835 3736 4885 καὶ

2174 4928 2463 5000 στόματος,
2496 4929 2569 4993 ὼς
2600 4928 2685 4981 διὰ
2714 4928 2921 5000 χορδῶν
2956 4928 3050 4982 καὶ
3076 4929 3352 4999 πλήκτρου
3385 4924 3737 4997 κιθαρῳδίανς

2186 5021 2338 5075 Ἐπεί⁵
2364 5017 2455 5074 οὖν
2492 5022 2599 5075 πᾶν
2628 5021 2688 5074 τὸ
2734 5022 2873 5075 κατὰ
2917 5021 3078 5091 φύσιν
3110 5020 3261 5091 φίλον
3304 5022 3369 5091 τῇ
3408 5018 3566 5087 φύσει
3600 5018 3733 5069 ὲστί·

2148 5114 2466 5185 ἀπεδείχθη
2495 5115 2550 5169 δὲ
2582 5114 2723 5168 κατὰ
2757 5116 2916 5183 φύσῖν
2944 5117 3076 5185 ἡμῖν
3105 5114 3240 5168 οὖσα
3270 5115 3303 5185 ἡ
3340 5111 3593 5183 μουσικὴ,
3621 5110 3742 5163 τοὺ-

2134 5270 2137 5271 ,
2172 5225 2266 5261 του
2305 5207 2463 5279 χάριν
2495 5209 2523 5260 6
2568 5208 2740 5278 μέγας
2773 5208 2936 5262 Δαὸὶδ
2967 5212 3034 5279 τῇ
3060 5207 3189 5279 περὶ
3217 5206 3325 5260 τῶν
3352 5205 3564 5275 ἀρετῶν
3598 5203 3742 5272 φιλο-

2176 5301 2337 5370 σοφίᾳ
2366 5299 2464 5370 τὴν
2511 5300 2779 5370 μελῳδίαν
2821 5300 3146 5371 κατέμιξεν⁸
3201 5292 3313 5351 οἶόν
3358 5315 3479 5350 τινα
3533 5296 3743 5367 μέλιτος

2174 5391 2364 5462 ἡδονὴν
2404 5392 2511 5444 τῶν
2555 5391 2774 5462 ὑψηλῶν
2821 5392 3093 5463 καταχέας
3137 5391 3445 5461 δογμάτων.
3492 5389 3603 5442 Καί
3659 5403 3745 5458 μοι

2173 5487 2320 5539 δοκεῖ
2347 5484 2735 5554 συμϐουλεύειν
2763 5485 2831 5540 δι’
2867 5485 3229 5556 αἰνιγμάτων,
3272 5485 3355 5536 ὅτι
3385 5484 3445 5535 οὐ
3475 5482 3557 5535 δεῖ
3583 5480 3747 5551 ἄμου-

2179 5577 2269 5628 σόν
2299 5592 2357 5628 τε
2389 5577 2485 5628 καὶ
2514 5574 2776 5645 ἕκτροπον
2819 5576 2912 5628 καὶ
2946 5575 3335 5645 παρηχημένον
3362 5573 3469 5625 τῶν
3494 5574 3551 5624 ὲν
3580 5571 3747 5642 ἀρετῆ

2176 5667 2393 5732 ζώντων
2417 5663 2554 5721 εἶναι
2583 5667 2643 5721 τὸ
2684 5662 2847 5738 ἦθος,
2878 5667 2993 5722 ἀλλ’
3055 5666 3290 5738 ἐμμελὲς
3325 5666 3416 5719 καὶ
3453 5663 3744 5735 εὗρυθμον,

2179 5766 2313 5832 μήτε
2339 5763 2477 5835 πέρα
2500 5763 2591 5817 τοῦ
2624 5762 2819 5835 μέτρου
2845 5764 3293 5835 ὑπερτεινόμενον
3314 5777 3324 5789 ·
3349 5762 3609 5834 ῥήγνυται
3639 5756 3743 5826 γάρ
