4060 6584
466 407 611 502 ιοττ

842 586 1971 621 :'==l=.—.__-—-_—___——-———___——-—‘—

1395 749 2034 887 ΣΧΟΛΙΑ
2110 743 2756 883 ΠΑΛΑΙΑ

1446 441 1765 504 SCIIOLIA
1802 434 2101 507 VETERA
2137 440 2218 501 IN
2254 439 2716 501 MATTHEUM.

3565 429 3700 494 1078

1066 993 1239 1079 ΕΙΣ
1293 990 1994 1080 ΕΥΛΓΓΕΛΙΟΝ
2067 986 2367 1077 ΚΑΤΑ
2435 984 3058 1078 ΜΑΤΘΑΙΟΝ.

2067 1200 2138 1217 -ο

1441 1348 2047 1465 SCHOLIA
2129 1347 2707 1466 VETEBA

802 1587 930 1676 IN
1017 1584 1799 1678 EVANGELIUM
1876 1583 2519 1677 SECUNDUM
2592 1582 3344 1677 MATTHAEUM.

847 1778 938 1840 (Ex
963 1777 1175 1841 antiquis
1205 1778 1503 1829 membranis
1532 1776 1843 1829 bibliotheca:
1872 1775 2121 1828 Vaticana
2153 1776 2307 1829 edidit
2327 1773 2569 1840 Anglia
2601 1771 2654 1825 ευ
2688 1771 2846 1827 Class.
2877 1778 3016 1828 Auri.
3038 1782 3159 1826 tom.
3186 1774 3298 1838 Vi.)

871 2086 1269 2143 ΚΕΦΑΛΔῘΟΝ
1302 2085 1600 2143 ΠΡΩΤΟΝ.

530 2190 859 2261 Εὑαγγέλιον
896 2192 1142 2249 καλεῖται
1174 2194 1207 2263 ή
1248 2192 1450 2263 βίὸλος,
1495 2194 1580 2246 ὅτι
1608 2192 1883 2257 κολάσεως
1909 2192 2023 2248 δει-

460 2284 612 2338 κνύει
625 2286 928 2355 ἀναίρεσιν,
944 2286 1038 2339 καὶ
1054 2286 1302 2355 οὐρανῶν
1313 2284 1589 2355 βασιλείαν
1608 2285 2023 2355 ὲπαγγέλλ-εταιο

462 2375 641 2445 βίϐλον
666 2376 932 2443 γενέσεως
956 2376 1162 2445 ταύτην
1187 2375 1345 2431 καλεῖ
1375 2378 1470 2430 καὶ
1514 2376 1860 2447 παρέχουσαν
1892 2376 2028 2431 ἄλλα

462 2467 629 2520 πολλὰ
667 2468 761 2520 καὶ
782 2467 842 2520 οὐ
870 2468 969 2538 τὴν
1000 2466 1235 2537 Χριστοῦ
1277 2468 1439 2537 μόνον
1486 2468 1707 2536 γένεσιν
1730 2484 1745 2500 ⁸
1788 2469 1923 2524 διότι
1962 2470 2027 2523 τὸ

460 2558 753 2628 κεφάλαιον
770 2559 872 2631 τῆς
893 2559 1208 2630 οἰκονομίας
1246 2558 1405 2613 τοῦτό
1434 2561 1604 2617 ἔστιν.

529 2734 604 2788 Τδ
669 2733 896 2807 Ἰησοῦς,
952 2736 1156 2808 Σωτὴρ
1205 2739 1566 2811 ἑρμηνεύεται
1629 2742 1697 2812 τῇ
1763 2740 2035 2814 Ἐϐραίων

462 2829 633 2898 φωνῇ.
1898 2872 1899 2875 η

533 2917 703 2973 Πόθεν
722 2917 964 2989 δηλονότι
990 2919 1097 2973 άπὸ
1123 2920 1222 2991 τῆς
1252 2920 1345 2975 τοῦ
1372 2922 1537 2978 Δαὸὶδ
1566 2918 1633 2994 ἦν
1663 2926 1889 2993 γενεᾶς;
1935 2927 2030 2982 Ἐκ

460 3008 554 3063 τοῦ
607 3009 779 3064 εἰπεῖν
828 3008 921 3063 τὸν
961 3009 1094 3064 Θεὸν
1148 3012 1284 3083 πρὸς
1341 3011 1432 3066 τὸν
1479 3013 1717 3087 Γαϐριὴλ
1772 3017 2031 3071 ἀπελθεῖν

463 3101 597 3173 πρὸς
633 3102 733 3173 τὴν
773 3102 1043 3170 παρθένον
1088 3104 1578 3176 μεμνηστευμένην
1607 3107 1761 3179 ἀνδρὶ
1785 3104 1829 3176 ᾦ
1854 3108 2026 3178 ὄνομα

471 3193 669 3265 Ἰωσὴφ
716 3194 777 3259 ἐξ
802 3194 952 3248 οῐκου
991 3194 1087 3248 καὶ
1139 3196 1375 3268 πατριᾶς
1420 3196 1619 3251 Δαϐίδ·
1667 3199 1883 3252 ἐκέλευε
1911 3199 1968 3253 δὲ
2002 3201 2032 3253 ό

459 3285 621 3357 νόμος
655 3288 731 3359 μὴ
755 3288 812 3354 ἐξ
835 3286 1001 3359 ἄλλης
1032 3288 1203 3360 φυλῆς
1220 3288 1542 3358 λαμϐάνειν,
1574 3289 1689 3343 ἀλλ’
1717 3294 1782 3344 ἐκ
1823 3291 1924 3360 τῆς
1951 3292 2032 3343 oi-

462 3375 583 3440 κίας
606 3391 620 3406 ·
652 3376 777 3431 ὅθεν
810 3372 878 3449 ἦν
903 3379 933 3431 ό
969 3378 1169 3449 Ἰωσὴφ
1217 3378 1283 3432 ἐκ
1313 3378 1497 3444 Δαόὶδ,
1528 3379 1622 3433 καὶ
1670 3381 1705 3451 η
1735 3382 1922 3453 Μαρία
1966 3384 2032 3435 ὲκ

460 3468 643 3525 Δαδίίδ.

531 3562 630 3615 Διὰ
656 3561 709 3615 τί
740 3561 1011 3633 μέμνηται
1036 3562 1135 3633 τῆς
1156 3563 1473 3635 παρανόμου
1509 3564 1707 3635 μίξεως
1734 3565 1829 3621 τοῦ
1867 3566 2034 3621 Ἰούδα

462 3652 557 3705 καὶ
583 3652 681 3722 τῆς
711 3652 943 3724 Θάμαρ;
975 3653 1286 3725 Θαυμάζων
1313 3658 1341 3709 6
1385 3655 1779 3729 εύαγγελιστὴς
1809 3659 1903 3711 καὶ
1933 3659 2033 3729 τὴν

460 3743 554 3799 τού
587 3743 722 3798 Θεοῦ
746 3746 957 3809 δεικνὺς
986 3746 1415 3818 φιλανθρωπίαν,
1464 3749 1548 3803 ὅτι
1592 3749 1694 3803 οὐκ
1752 3748 2034 3819 ἀπηξίωσε

466 3838 741 3903 τοιούτους
794 3839 937 3910 ἔχειν
990 3842 1298 3911 συγγενεῖς.
1330 3842 1487 3906 Τίνος
1530 3842 1691 3915 χάριν
1724 3842 1817 3897 τοῦ
1860 3845 2035 3914 Φαρὲς

467 3929 845 4001 μνημονεύσας
873 3931 968 4001 ἀφ’
985 3923 1047 3985 οὗ
1075 3932 1166 3987 τὸν
1196 3931 1404 4003 Κύριον
1431 3934 1765 4004 γενεαλογεῖ,
1803 3935 1897 3989 καὶ
1939 3936 2034 3988 τοῦ

464 4025 613 4094 Ζαρᾶ
643 4024 967 4095 μνημονεύει
992 4041 1009 4092 ;
1041 4025 1167 4081 Ὅτι
1196 4025 1291 4079 τοῦ
1322 4028 1473 4097 Ζαρᾶ
1502 4026 1560 4080 ὲν
1588 4026 1668 4099 τῷ
1705 4028 1910 4082 τίκτειν
1935 4028 2036 4099 τὴν

464 4116 661 4187 Θάμαρ
694 4118 795 4189 τὴν
853 4120 1013 4190 χεῖρα
1064 4118 1585 4190 προεξενέγκαντος,
1611 4118 1922 4175 συνέστειλε
1972 4122 2036 4174 τὸ

466 4207 679 4261 παιδίον
708 4209 807 4279 τὴν
837 4210 1017 4280 χεῖρα,
1052 4209 1148 4263 καὶ
1180 4207 1451 4281 προῆλθεν
1472 4210 1501 4261 6
1528 4210 1725 4281 Φαρὲς,
1767 4211 1865 4265 καὶ
1906 4212 2036 4266 τότε

465 4300 494 4352 6
525 4300 677 4372 Ζαρᾶ
700 4317 715 4332 ο
746 4302 882 4373 ὅπερ
914 4301 1023 4355 τῶν
1051 4300 1146 4355 δύο
1168 4299 1316 4356 λαῶν
1332 4300 1500 4366 τύπος
1527 4297 1595 4375 ῆν
1615 4318 1629 4332 ⁸
1676 4302 1777 4374 τῆς
1805 4303 1914 4376 γάρ
1941 4322 2037 4358 πο·

466 4391 671 4457 λιτείας
697 4395 795 4464 τῆς
816 4392 1274 4466 ὲκκλησιαστικῆς
1293 4392 1352 4449 έν
1371 4394 1483 4461 τοῖς
1509 4394 1652 4450 κατὰ
1667 4394 1758 4451 τὸν
1785 4396 2038 4469 Ἁϐραάμ

467 4486 677 4556 χρόνοις
716 4485 997 4557 φανείσης,
1048 4481 1167 4541 εἶτα
1225 4489 1284 4542 έν
1312 4487 1391 4561 τῷ
1450 4488 1602 4561 μέσῳ
1657 4490 2036 4561 συσταλείσης,

466 4573 629 4650 ἦλθεν
658 4580 687 4633 ό
725 4579 1012 4645 Ἰουδαῖκὺς
1039 4579 1171 4645 λαὸς
1194 4581 1289 4635 καὶ
1308 4584 1341 4651 ἡ
1394 4582 1596 4653 νομικὴ
1626 4582 1871 4636 πολιτεία
1898 4600 1912 4614 ο
1942 4583 2039 4637 καὶ

470 4673 591 4724 τότε
619 4675 647 4726 6
674 4671 791 4737 νέος
823 4671 999 4745 ἐφάνη
1036 4672 1166 4738 λαὸς
1193 4673 1332 4745 μετά
1356 4673 1465 4728 τῶν
1492 4674 1670 4729 αὐτῶν
1695 4675 1895 4746 νόμων.
1925 4676 2035 4729 Καὶ

2048 2084 2102 2144 Α

2061 3438 2109 3494 Β

2616 2079 2848 2139 CAPUT
2893 2081 3184 2139 PRIMUM.

2200 2189 2367 2246 Vsus.
2425 2191 2477 2248 i.
2539 2189 2888 2263 Evangelium
2930 2199 3159 2245 vocatur
3206 2190 3297 2246 hic
3353 2189 3515 2255 liher,
3566 2192 3698 2261 quia

2128 2283 2499 2339 damnationis
2557 2283 2800 2339 ostendit
2864 2283 3257 2350 abolitionem,
3308 2292 3364 2338 et
3434 2283 3699 2339 caelorum

2129 2390 2358 2445 regnum
2386 2375 2701 2431 annuntiat.
2752 2374 2979 2430 Librum
3021 2375 3392 2444 generationis
3444 2387 3598 2430 Vocat
3632 2373 3701 2428 il-

2130 2463 2264 2527 lum,
2296 2465 2389 2534 qui
2422 2465 2528 2519 alia
2563 2464 2735 2520 multa
2772 2466 3019 2521 continet
3038 2473 3096 2521 et
3127 2474 3234 2520 nen
3267 2465 3447 2519 solum
3492 2465 3697 2520 Christi

2128 2554 2583 2625 generationem;
2632 2556 2996 2626 quamobrem
3026 2562 3195 2627 caput
3239 2555 3387 2611 istud
3441 2556 3700 2610 incarna-

2132 2645 2295 2702 tionis
2322 2654 2428 2702 est.

2203 2734 2315 2790 Vox
2357 2735 2541 2804 Jesus,
2596 2734 2848 2791 Salvator
2892 2736 3150 2793 hebraica
3201 2736 3385 2809 lingua
3432 2736 3702 2808 interpre-

2132 2836 2298 2883 tatur.

2201 2918 2355 2976 Unde
2377 2919 2658 2976 evidenter
2691 2917 2793 2974 iuit
2825 2935 2892 2975 ex
2944 2920 3157 2976 semine
3206 2920 3416 2975 David?
3473 2920 3553 2975 Ex
3589 2920 3697 2975 hoc

2129 3012 2275 3082 quod
2306 3012 2438 3067 dicit
2469 3011 2638 3067 Deum
2673 3010 2892 3068 misisse
2929 3010 3149 3067 Gabriel
3182 3012 3249 3068 ad
3297 3012 3561 3083 virginem
3600 3014 3697 3068 de-

2132 3114 2449 3175 sponsatam
2480 3104 2600 3159 viro
2638 3105 2727 3159 cui
2778 3118 2976 3159 nomen
3010 3113 3131 3160 erat
3160 3102 3391 3176 Joscph,
3417 3105 3484 3161 de
3536 3106 3702 3160 domo

2131 3205 2185 3251 et
2214 3198 2386 3266 patria
2425 3196 2618 3252 David.
2648 3196 2884 3253 Jubcbat
2913 3206 3093 3252 autem
3126 3198 3211 3253 lex
3242 3213 3309 3252 ne
3336 3213 3402 3253 ex
3428 3198 3553 3252 aliis
3586 3199 3696 3251 tri-

2134 3288 2313 3343 bubus
2346 3289 2630 3345 ducerent.
2659 3288 2755 3344 sed
2794 3303 2861 3343 ex
2910 3289 3101 3344 eadem
3147 3289 3350 3355 domo;
3395 3290 3537 3345 unde
3584 3297 3704 3345 erat

2131 3377 2331 3451 Joseph
2362 3394 2424 3433 ex
2456 3378 2650 3447 David,
2684 3380 2853 3437 Maria
2875 3395 3095 3454 quoque
3115 3394 3181 3435 ex
3214 3378 3405 3435 David.

2190 3567 2370 3640 rens.
2398 3570 2452 3628 3.
2486 3566 2669 3637 Quare
2694 3569 2940 3626 iliicitam
2978 3577 3249 3625 memorat
3279 3567 3537 3623 unionem
3561 3568 3701 3623 Juda

2131 3670 2187 3717 et
2209 3660 2452 3716 Thamar
2473 3662 2497 3716 i
2526 3662 2819 3718 Admirans
2840 3662 3176 3733 evangelista
3208 3670 3263 3718 et
3288 3660 3382 3715 Dei
3408 3661 3706 3716 ostendens

2132 3768 2376 3807 amorem
2420 3754 2475 3808 in
2506 3753 2776 3822 homines,
2808 3754 2953 3826 quod
2982 3769 3091 3810 nou
3131 3752 3463 3825 dedignatus
3505 3761 3588 3806 est
3623 3760 3707 3811 ta-

2134 3845 2213 3899 les
2244 3844 2442 3920 habere
2470 3856 2745 3917 parentes.
2773 3847 2952 3914 Quam
2978 3847 3048 3903 ob
3070 3861 3293 3902 causam
3319 3846 3523 3899 Phares
3551 3861 3702 3899 cmu-

2134 3951 2446 3990 mcmorans
2466 3952 2497 3990 a
2528 3952 2640 4007 quo
2660 3935 2926 3994 Dominus
2950 3936 3100 3993 ducit
3123 3938 3482 4008 genelogiam.
3509 3934 3704 3990 Zaram

2133 4028 2300 4081 etiam
2353 4028 2662 4082 memorat?
2725 4028 2866 4096 Quia
2922 4029 3086 4096 Zara,
3137 4032 3387 4101 pariente
3441 4028 3702 4091 Thamar,

2134 4132 2260 4172 cum
2290 4133 2513 4172 manum
2567 4117 2716 4175 foras
2777 4121 3115 4191 protulisset,
3176 4122 3318 4176 hanc
3366 4122 3618 4184 retraxit,
3650 4130 3707 4173 et

2137 4211 2399 4282 processit
2430 4211 2660 4277 Phares,
2703 4220 2760 4269 et
2815 4214 3012 4270 deinde
3045 4213 3225 4279 Zara;
3271 4215 3417 4284 quod
3468 4214 3705 4270 duorum

2137 4304 2462 4374 populorum
2500 4303 2669 4375 ligura
2696 4314 2837 4362 erat.
2868 4306 3007 4360 Nam
3057 4320 3180 4361 cum
3218 4306 3450 4361 Abrahae
3494 4314 3707 4375 tempo-

2137 4396 2289 4451 ribus
2311 4396 2680 4453 ecclesiastica
2712 4398 2975 4470 viguisset
3006 4397 3353 4469 gubernatio.
3402 4398 3709 4468 deindeque

2137 4501 2167 4541 e
2199 4486 2380 4542 medio
2416 4487 2629 4543 sublata
2656 4486 2874 4556 fuisset,
2912 4489 3061 4544 venit
3119 4486 3432 4543 Judaeorum
3467 4488 3704 4558 pepulus

2136 4588 2191 4633 et
2217 4579 2348 4649 legis
2381 4580 2723 4649 gubernatio,
2756 4590 2810 4636 et
2858 4590 2987 4635 tunc
3020 4596 3195 4636 novus
3247 4582 3499 4650 apparuit
3533 4596 3706 4650 pupu-

2138 4670 2224 4725 lus
2253 4687 2375 4725 cum
2410 4671 2618 4742 legibus
2645 4672 2871 4728 eisdem.
2908 4671 2975 4725 Et
3009 4672 3076 4727 de
3103 4670 3248 4727 Ruth
3288 4672 3593 4741 alienigena
3624 4673 3706 4726 lo-

468 4767 569 4837 τῆς
608 4766 761 4822 Ῥούθ
792 4767 848 4820 δὲ
870 4767 967 4838 τῆς
998 4766 1297 4837 ἀλλοφύλου
1330 4765 1623 4836 μέμνηται,
1662 4767 1745 4820 ὅτι
1780 4767 2033 4838 καθάπερ

2137 4762 2344 4832 quitur,
2373 4764 2499 4833 quia
2531 4763 2676 4819 sicut
2712 4763 2860 4818 illam
2916 4770 2970 4818 et
3008 4764 3313 4817 mendicum
3354 4775 3408 4818 et
3449 4765 3711 4834 alienige-

470 4860 682 4932 ἐκείνης
712 4859 807 4915 καὶ
855 4859 1076 4931 πτωχῆς
1118 4858 1212 4913 καὶ
1242 4856 1539 4925 ἀλλοφύλου
1566 4856 1730 4925 οῠσης
1760 4861 1788 4913 6
1815 4859 1947 4923 Βοὺζ
1974 4860 2037 4912 ού

474 4954 897 5026 κατεφρόνησεν,
927 4951 1050 5007 οὔτε
1082 4951 1181 5023 τὴν
1214 4951 1533 5019 δυσγένειαν
1562 4950 1904 5016 ἐϐδελύξατο,
1939 4953 2036 5006 καὶ

470 5044 759 5114 όΧριστὸς
811 5043 911 5115 τὴν
964 5042 1288 5114 Ἐκκλησίαν
1330 5043 1621 5114 δεξάμενος
1671 5045 1771 5098 οὐκ
1821 5045 2041 5101 ἐϐδελύ-

470 5136 621 5202 ξατο.
978 5199 986 5207 ,
1270 5156 1275 5159 ·

537 5228 676 5291 Τοὺς
692 5228 841 5299 τρεῖς
874 5226 1189 5299 παρέδραμε
1216 5226 1449 5296 βασιλεῖς
1471 5226 1547 5288 ὡς
1576 5229 1777 5292 κακούς
1800 5244 1814 5259 ·
1844 5228 2037 5283 ἔστιδὲ

480 5318 749 5390 Ὀχοζίας,
802 5320 893 5374 καὶ
940 5319 1111 5385 Ἱωάς,
1172 5321 1267 5375 καὶ
1327 5320 1620 5391 Ἀμεσίας·
1654 5320 1775 5383 ἔθος
1817 5320 1925 5391 γὰρ
1968 5323 2034 5392 τῇ

470 5411 658 5481 Γραφῇ
709 5411 835 5475 τοὺς
877 5409 976 5465 ούκ
1008 5410 1191 5475 ἀξίους
1230 5412 1447 5481 μνήμης
1468 5410 1921 5482 καταλιμπάνειν,
1959 5411 2037 5475 ὼς

471 5501 567 5555 καὶ
594 5500 798 5570 Μωσῆς
826 5500 885 5553 ὲν
911 5502 1029 5564 ταῖς
1051 5500 1325 5568 εὐλογίαις
1348 5500 1442 5553 τοῦ
1467 5500 1711 5570 Συμεών.

540 5592 640 5645 Διὰ
668 5592 719 5643 τί
750 5588 903 5644 εἶπεν
934 5591 1127 5663 Ἰωσὴφ
1152 5592 1243 5645 τὸν
1267 5592 1433 5661 ἄνδρα
1464 5594 1716 5663 Μαρίασ;
1745 5596 1861 5649 Ἵνα
1884 5595 2034 5667 δείξῃ

470 5684 549 5738 ὅτι
584 5676 653 5735 δι’
678 5683 843 5738 αὐτὸν
875 5686 963 5737 καὶ
1012 5684 1214 5756 ταύτην
1242 5685 1662 5759 ἐγενεαλόγησεν
1682 5702 1696 5719 ’
1726 5688 1867 5743 κατὰ
1925 5687 2033 5759 γὰρ

474 5775 642 5845 φυλὰς
672 5776 766 5831 καὶ
796 5777 1107 5847 συγγενείας
1138 5777 1460 5849 ἑλάμόωνον.

2138 4871 2262 4909 nam
2304 4853 2447 4909 Βυοι
2486 4871 2593 4909 non
2644 4855 2913 4925 despexit,
2949 4871 3126 4926 neque
3178 4855 3547 4910 inﬁrmitatem
3587 4857 3708 4926 ejus

2137 4946 2446 5011 abhorruit,
2480 4944 2733 5001 Christus
2761 4947 2928 5002 etiam
2961 4946 3267 5003 Ecclesiam
3315 4947 3563 5017 accipere
3599 4963 3706 5002 nou

2136 5038 2447 5093 abhorruit.

2218 5223 2385 5280 Vsus.
2420 5223 2506 5278 ii.
2540 5222 2677 5279 Tres
2704 5223 2828 5279 illos
2867 5224 3057 5279 ieviter
3100 5224 3282 5295 attigit
3311 5238 3465 5293 reges
3500 5232 3559 5276 ut
3589 5240 3708 5277 ma-

2146 5318 2227 5372 los
2251 5333 2265 5381 ;
2291 5324 2418 5371 sunt
2452 5330 2581 5371 vero
2619 5314 2913 5381 Ochozias,
2943 5312 3096 5381 Joas,
3168 5322 3223 5368 et
3279 5312 3552 5368 Amesias.
3595 5311 3711 5368 Mos

2142 5410 2287 5464 enim
2319 5418 2403 5464 est
2434 5408 2731 5479 Scriptura:
2762 5408 3019 5478 indignos
3045 5406 3311 5462 memoria
3342 5405 3622 5472 omittere,
3651 5415 3712 5461 ut

2143 5502 2353 5572 Moyses
2377 5501 2433 5554 in
2467 5499 2939 5556 benedictionibus
2968 5499 3212 5556 Simeon.

2211 5592 2375 5647 Vens.
2410 5594 2495 5647 i6.
2537 5592 2719 5659 Quare
2748 5591 2885 5647 dixit
2921 5590 3124 5661 Ioseph
3174 5591 3350 5648 virum
3384 5590 3611 5647 Marire?
3636 5588 3710 5646 Ut

2141 5684 2451 5741 ostenderet
2486 5699 2578 5754 per
2639 5682 2837 5754 Ioseph
2868 5683 3235 5755 genealogiam
3274 5682 3455 5741 Maria:
3507 5701 3707 5754 genea-

2141 5777 2281 5845 giam
2308 5774 2490 5830 datam
2523 5790 2681 5841 esse;
2736 5794 2861 5833 nam
2897 5775 3200 5835 secundum
3254 5777 3425 5835 tribus
3484 5785 3540 5834 et
3576 5792 3708 5834 con-

2143 5866 2536 5938 sanguinitate:
2581 5869 2877 5928 nubebant.
