4026 6562
386 352 535 467 itm

1098 376 1486 471 OPUSCU‘LA
1523 408 2151 471 SCRIPTURISTICA
2190 409 2532 471 meeum
2570 408 2876 469 maris.

3484 408 3622 470 1080

468 514 633 572 Vsus.
668 515 752 574 l7.
781 515 908 573 ideo
938 516 1188 573 meminit
1218 516 1448 574 Abrahae
1488 526 1543 574 et
1582 516 1771 581 David,
1816 517 1962 590 quod

2133 518 2233 573 Διὰ
2255 518 2412 573 τοῦτο
2433 519 2837 589 ἐμνημόνευσεν
2878 514 3127 587 Ἀϐραὰμ
3151 516 3245 570 καὶ
3272 516 3458 584 Δασιδ,
3492 517 3628 571 διότι

394 608 461 662 ad
497 608 620 662 illos
657 608 799 664 datae
840 617 999 664 erant
1038 608 1431 679 promissiones
1463 609 1610 664 circa
1650 610 1954 665 Christum.

469 698 761 755 Duodecim
818 715 1031 771 ponens
1083 701 1485 767 generationes,
1542 700 1956 770 quattuordecim

397 790 555 854 dixit,
597 791 722 860 quia
753 800 968 862 tempus
1022 792 1353 861 captivitatis
1407 792 1547 847 intra
1579 793 1960 863 generationes

397 882 703 949 ordinavit;
738 882 915 938 adhuc
941 893 1121 938 autem
1159 884 1337 953 ipsum
1373 882 1649 939 Christum
1698 882 1838 937 intra
1864 898 1957 954 ge-

396 974 711 1028 nerationes
746 976 906 1030 nobis
936 983 1325 1030 eonnu‘merat.

467 1063 631 1117 Vens.
663 1062 750 1118 l8.
778 1062 895 1119 Non
937 1065 1075 1119 dixit
1122 1064 1438 1134 priusquam
1469 1063 1759 1119 duceretur
1785 1064 1874 1119 illa
1905 1063 1961 1120 in

394 1152 643 1218 domum,
672 1155 765 1209 sed
803 1156 1121 1225 priusquam
1176 1158 1552 1220 convenirent,
1583 1157 1709 1225 quia
1734 1170 1843 1210 non
1878 1156 1962 1210 1³0-

395 1246 474 1298 ris
507 1260 538 1299 a
573 1246 691 1299 viro
732 1256 890 1301 erant
944 1248 1292 1316 desponsata
1344 1248 1521 1302 aetatis
1549 1248 1809 1318 imparis;
1848 1248 1957 1304 hoc

394 1344 577 1389 autem
600 1335 827 1392 dixitne
860 1337 952 1392 det
1009 1337 1395 1408 suspicionem.
1421 1339 1595 1406 Quam
1620 1339 1690 1395 ob
1735 1354 1957 1395 causam

395 1442 503 1481 non
537 1436 663 1482 ante
692 1428 1163 1498 desponsationem
1195 1433 1441 1501 concepit
1470 1431 1494 1484 ?
1521 1429 1597 1486 Ne
1624 1443 1840 1501 pareret
1869 1448 1961 1487 su-

397 1518 699 1585 spicionem
738 1519 884 1589 quod
944 1518 1147 1575 factum
1204 1532 1343 1587 erat,
1382 1538 1506 1579 cum
1560 1538 1668 1578 non
1702 1530 1848 1581 esset
1880 1523 1961 1578 vir

400 1607 612 1663 zelosns
644 1616 698 1662 ct
723 1609 844 1662 ideo
870 1608 1097 1665 Mariam
1133 1610 1455 1668 observans.

468 1717 631 1774 Vens.
668 1719 753 1781 l9.
798 1720 1111 1777 Secundum
1147 1724 1317 1795 legem
1349 1740 1453 1779 non
1484 1726 1751 1797 castigare
1781 1742 1961 1797 neque

398 1810 541 1865 hanc
564 1812 615 1865 in
663 1813 971 1881 exemplum
1030 1816 1160 1869 dare
1211 1816 1420 1880 volens,
1464 1818 1633 1870 voluit
1690 1818 1961 1873 dimittere

2062 608 2195 679 πρὸς
2224 609 2417 672 αὐτοὺς
2446 605 2586 680 ἦσαν
2619 609 2674 661 αί
2696 606 3019 674 ἐπαγγελίαι
3048 606 3178 677 περὶ
3202 606 3469 676 Χριστοῦ.

2129 700 2347 756 Δώδεκα
2375 700 2487 763 θεὶς
2516 698 3149 770 γενεὰς,δεκατέσσαρας
3176 692 3353 762 εἶπεν,
3383 699 3518 753 διότι
3537 702 3625 756 κώ

2058 789 2152 844 τὸν
2184 791 2374 861 χρόνον
2398 792 2497 861 τῆς
2525 789 2902 861 αἰχμαλωσίας
2935 789 3017 853 είς
3050 789 3243 857 γενεὰν
3271 790 3463 855 ἔταξεν
3484 809 3499 823 ⁸
3548 793 3629 847 ἔτι

2059 878 2116 932 δὲ
2140 880 2231 934 καὶ
2260 880 2424 934 αὐτὸν
2460 879 2551 933 τὸν
2582 878 2815 952 Χριστὸν
2838 878 2919 942 εἰς
2955 878 3149 947 γενεάν
3179 880 3466 937 συνάπτων
3497 883 3629 953 ἡμῖν

2060 970 2241 1027 αὐτόν.

2136 1062 2253 1116 Οὐκ
2276 1059 2450 1128 εἶπεν,
2482 1060 2614 1133 πρὶν
2642 1059 2675 1132 ἢ
2710 1061 2942 1133 ἀχθῆναι
2975 1061 3147 1133 αὐτὴν
3177 1062 3259 1126 εἷς
3290 1062 3389 1133 τὴν
3427 1062 3627 1128 οἰκίαν,

2059 1151 2218 1219 ἀλλὰ,
2245 1154 2373 1225 πρὶν
2406 1153 2440 1225 ἢ
2469 1153 2744 1207 συνελθεῖν
2782 1152 3001 1219 αὐτοὺς,
3022 1154 3110 1207 διὰ
3134 1154 3197 1207 τὸ
3248 1154 3326 1225 μὴ
3353 1155 3458 1221 έξω
3486 1154 3627 1211 εἶναι

2058 1246 2166 1302 τῶν
2193 1247 2401 1319 ἀνδρῶν
2447 1247 2547 1312 τὰς
2581 1248 3066 1318 μεμνηστευμένας
3107 1247 3433 1316 άνηλίκους⁸
3470 1248 3628 1302 τοῦτο

2058 1339 2117 1392 δὲ
2146 1334 2297 1393 εἶπεν
2323 1339 2412 1394 διά
2445 1339 2503 1392 τὸ
2542 1338 2617 1409 μὴ
2659 1337 2841 1391 δοῦναι
2871 1338 3128 1408 ὑποψίαν.
3190 1339 3346 1401 Τίνος
3375 1340 3535 1410 χάριν
3564 1340 3626 1392 οὑ

2060 1431 2167 1500 πρὸ
2194 1431 2293 1501 τῆς
2319 1431 2612 1502 μνηστείας
2635 1429 2959 1494 συνέλαϐεν;
2986 1430 3104 1483 ἰνα
3132 1430 3207 1500 μὴ
3270 1430 3399 1504 δόξῃ
3426 1431 3629 1500 ὑποψία

2060 1524 2120 1579 τὸ
2152 1523 2392 1592 γεγονὸς,
2456 1522 2557 1576 οὐκ
2601 1521 2753 1585 ὄντος
2800 1519 2894 1577 τοῦ
2930 1520 3359 1592 ζηλοτυποῦντος
3412 1522 3505 1575 καὶ
3539 1522 3629 1575 διά

2058 1613 2217 1670 τοῦτο
2248 1612 2633 1683 φυλάσσοντος.

2130 1724 2288 1780 Κατὰ
2312 1725 2405 1779 τὸν
2432 1724 2593 1794 νόμον
2620 1722 2683 1775 οὐ
2714 1721 2939 1776 κολάσαι
2968 1720 3086 1773 οὐδὲ
3120 1718 3624 1790 παραδειγματὼαι

2060 1817 2230 1888 αὐτὴν
2272 1816 2595 1887 βουλόμενος
2650 1812 2918 1883 ἐϐουλήθη
2950 1810 3221 1865 ἀπολῦσαι
3270 1812 3440 1881 αὑτήν
3464 1828 3479 1842 ⁸
3511 1826 3623 1863 κω-

395 1917 537 1957 cam.
569 1900 892 1957 Prohibetur
916 1912 1096 1960 autem
1139 1906 1208 1962 ab
1237 1907 1466 1977 angelo;
1499 1909 1637 1962 adeo
1666 1920 1781 1963 erat
1813 1910 1960 1966 mitis

2068 1882 2245 1964 λύεται
2271 1882 2326 1962 δὲ
2358 1882 2448 1962 ὐπλ
2475 1905 2707 1975 ἀγγέλου
2734 1920 2750 1936 ⁸
2794 1882 3049 1957 τοσοῦτον
3086 1898 3154 1974 ἦν
3181 1903 3387 1973 ἥμερος
3413 1901 3507 1955 καὶ
3538 1919 3625 1969 φι-

396 2002 452 2047 et
478 1993 696 2064 sapiens
723 1995 947 2066 Joseph.
972 1995 1050 2052 Ad
1086 1997 1507 2059 ministrantium
1563 2000 1636 2055 illi
1669 2014 1789 2067 post
1828 2016 1956 2071 par-

399 2092 536 2145 tum,
588 2084 813 2140 evidens
862 2094 942 2141 est
985 2087 1131 2156 quod
1180 2088 1453 2144 adductus
1483 2089 1555 2145 sit
1603 2088 1802 2160 Jusepit
1856 2090 1961 2146 hoc

395 2173 663 2244 prodigio.

466 2263 630 2321 Vens.
668 2265 759 2322 20.
797 2267 908 2323 Cur
930 2285 1036 2325 non
1072 2272 1217 2328 clara
1260 2272 1381 2330 luce
1418 2274 1570 2333 visus
1596 2286 1683 2332 est
1734 2278 1960 2348 angelus

394 2349 617 2421 Joscph,
652 2354 743 2409 sed
775 2368 870 2425 per
889 2360 1196 2415 somnium?
1215 2362 1355 2430 Quia
1377 2378 1483 2420 non
1505 2376 1623 2423 erat
1648 2367 1960 2426 incredulus

398 2453 455 2496 ut
488 2454 733 2512 pastores
762 2457 815 2503 et
848 2450 1161 2509 Zacharias.

467 2534 579 2589 Cur
608 2539 823 2593 vocavit
871 2540 1022 2596 illum
1052 2545 1276 2615 angelus
1315 2548 1484 2604 lilium
1519 2549 1689 2607 David
1718 2552 1743 2607 1
1776 2550 1962 2609 Revo-

396 2639 526 2769 flare
575 2626 649 2682 illi
688 2630 924 2700 volebat,
960 2634 1107 2691 unde
1142 2636 1375 2699 debebat
1411 2640 1664 2700 Christus
1695 2645 1958 2719 Originem

438 2730 623 2769 ueere.

438 2730 623 2774 ueere.

467 2834 579 2891 Cur
614 2838 752 2893 dixit
792 2842 1060 2914 conjugem
1109 2850 1302 2905 tuam?
1335 2847 1490 2916 Quod
1539 2865 1649 2907 non
1695 2862 1814 2908 erat
1845 2853 1961 2908 vioc

398 2925 530 2981 lata.
579 2927 878 3003 Conjngem
922 2945 1103 2992 autem
1150 2937 1294 2994 illam
1348 2950 1507 2998 vocat
1552 2943 1624 2999 ob
1658 2944 1963 3016 deSponsa-

399 3016 629 3083 tionem,
662 3021 823 3077 sicuti
862 3032 915 3078 et
944 3040 1044 3082 nos
1066 3044 1280 3097 generos
1309 3029 1546 3092 dicimus
1575 3034 1662 3089 vel
1690 3046 1817 3093 ante
1860 3050 1961 3090 nu.

397 3107 540 3175 ptias
572 3109 929 3181 desponsates
955 3116 1102 3171 tiliae.

470 3196 636 3256 Vens.
669 3202 759 3257 21.
788 3202 902 3259 Non
939 3207 1096 3275 dixit,
1141 3208 1325 3265 Pariet
1351 3211 1478 3278 tibi;
1514 3227 1622 3268 non
1658 3223 1780 3268 erat
1818 3214 1962 3272 enim
1992 3232 2034 3291 ο

399 3289 548 3346 illius
576 3309 795 3362 semen;
824 3297 918 3352 sed
948 3300 1124 3369 pariet
1144 3302 1348 3357 mundo
1368 3303 1653 3362 evidenter
1675 3307 1961 3373 universo;

398 3383 549 3437 addit
573 3387 718 3440 enim
746 3405 760 3441 :
800 3387 921 3453 Ipse
948 3392 1149 3446 salvum
1181 3393 1337 3464 faciet
1360 3396 1610 3465 populum
1641 3414 1816 3453 suum.

471 3476 581 3529 Cur
608 3478 777 3545 dixit,
817 3480 1038 3538 Vocabis
1069 3502 1254 3540 nomen
1284 3486 1397 3555 ejus
1434 3486 1617 3542 Iesum
1639 3493 1665 3547 ?
1704 3489 1779 3545 Ne
1814 3492 1965 3547 illum

402 3566 610 3621 faceret
651 3568 720 3622 ab
763 3570 941 3626 eiiicio
980 3574 1150 3641 patris
1182 3576 1443 3631 alienum.
1482 3576 1634 3634 Licet
1661 3580 1807 3635 enim
1842 3590 1967 3638 tuns

405 3658 551 3713 iilins
580 3674 688 3715 non
721 3662 813 3726 sit,
844 3663 1043 3734 inquit,
1084 3666 1176 3721 sed
1211 3683 1333 3739 qua:
1359 3669 1530 3740 patris
1560 3680 1689 3729 sunt
1724 3688 1874 3745 ages,
1901 3689 1968 3731 eo

401 3750 549 3818 quod
583 3766 691 3807 non
724 3753 799 3809 sit
826 3770 857 3809 e
886 3755 1266 3815 fornicatione.

476 3857 640 3917 Vens.
670 3862 760 3920 22.
788 3862 1025 3938 Angelus
1074 3867 1207 3923 dicit
1237 3869 1381 3925 istud
1411 3887 1425 3924 :
1462 3869 1579 3926 lloc
1600 3884 1776 3935 autem
1802 3885 1969 3935 totum

404 3948 606 4018 factum
660 3963 737 4007 est
791 3965 849 4010 ut
901 3958 1279 4028 adimpleretur
1314 3962 1456 4033 quod
1504 3962 1705 4025 dictum
1757 3976 1831 4021 est
1902 3968 1967 4027 ab

402 4041 589 4110 Isaia;
627 4062 735 4102 non
777 4059 958 4104 autem
986 4054 1339 4125 evangelista.

476 4137 642 4195 Vens.
676 4140 765 4195 25.
803 4139 858 4197 Si
884 4143 1006 4211 quis
1030 4145 1229 4202 dixerit
1258 4162 1365 4203 non
1401 4146 1607 4207 dixisse
1633 4147 1824 4206 Isaiam
1860 4150 1964 4211 vir-

402 4228 586 4298 ginem
640 4230 733 4285 sed
794 4234 1067 4303 puellam;
1124 4236 1275 4301 prius
1328 4240 1549 4315 quidem
1613 4240 1795 4298 ferunt
1870 4240 1973 4297 Se-

403 4323 683 4391 ptuaginta
715 4323 799 4378 his
844 4328 1088 4397 quinque
1115 4330 1521 4386 numerosiores
1554 4338 1609 4387 et
1636 4332 1970 4395 veraciores,

404 4422 592 4482 utpote
662 4418 964 4476 scribentes
1042 4432 1169 4477 ante
1258 4424 1616 4492 patrationem
1693 4425 1971 4495 mysterii;

2062 1999 2286 2069 λόσοφος
2339 1998 2367 2050 6
2414 1996 2636 2066 Ἰωσήφ.
2698 1994 2772 2047 Τδ
2816 1992 3137 2064 θεραπεύειν
3160 1990 3329 2062 αὐτὴν
3365 1990 3502 2061 μετὰ
3536 1991 3629 2044 τὸν

2063 2089 2242 2153 τόκον,
2272 2086 2493 2157 εὔδηλον
2530 2086 2605 2149 ὡς
2638 2084 2866 2154 ἐπείσθη
2897 2082 2973 2152 τῷ
3003 2081 3242 2153 θαύματι
3266 2083 3297 2135 6
3333 2080 3555 2151 Ἰωσήφ.

2136 2267 2234 2322 Διὰ
2263 2266 2395 2321 τιού
2435 2264 2682 2335 φανερῶς
2739 2260 2894 2333 ὤφθη
2948 2262 2977 2315 6
3017 2260 3249 2330 ἄγγελος
3274 2260 3353 2332 τῷ
3405 2261 3625 2331 Ἰωσὴφ,

2065 2359 2200 2413 ἀλλὰ
2221 2358 2341 2411 κατ’
2370 2357 2535 2427 δναρς
2576 2354 2697 2408 Ὀτι
2728 2352 2829 2407 οὐκ
2855 2349 2924 2425 ἦν
2952 2352 3199 2408 ἀπιστῶν
3234 2352 3312 2417 ὡς
3348 2353 3399 2407 οἱ
3429 2353 3627 2423 ποιμέ-

2064 2467 2155 2515 νες
2186 2452 2279 2504 καὶ
2308 2451 2336 2502 6
2363 2448 2659 2519 Ζαχαρίας.

2133 2542 2234 2595 Διὰ
2249 2541 2303 2594 τί
2332 2537 2486 2592 εἶπεν
2520 2539 2684 2593 αὐτὸν
2710 2540 2739 2593 ό
2770 2536 2999 2607 ἄγγελος
3052 2536 3170 2590 υίδν
3227 2536 3432 2603 Aesis;
3476 2535 3629 2590 Ἀνα-

2069 2632 2268 2703 μνῆσαι
2316 2630 2478 2685 αὐτὸν
2530 2630 2850 2703 βουλόμενος
2872 2668 2890 2697 ,
2917 2628 3040 2683 ὅθεν
3078 2627 3301 2699 ἔμελλεν
3325 2628 3354 2681 6
3396 2628 3630 2698 Χριστὸς

2064 2722 2368 2777 τίκτεσθαι.

2136 2832 2235 2887 Διά
2258 2834 2310 2888 τί
2335 2828 2508 2901 εἶπεν,
2546 2834 2666 2902 Τὴν
2690 2831 2947 2903 γυναῖκά
2974 2847 3128 2896 σου;
3157 2830 3246 2894 Ὠς
3276 2829 3352 2901 μὴ
3371 2828 3628 2900 διεφθαρο

2070 2924 2236 2994 μένης
2256 2941 2274 2959 ⁸
2306 2927 2539 2995 γυναῖκα
2571 2926 2627 2979 δὲ
2658 2925 2827 2996 αὐτὴν
2853 2924 3010 2979 καλεῖ
3049 2922 3157 2977 ἀπὸ
3181 2921 3281 2990 τῆς
3311 2923 3627 2993 μνηστείας,

2067 3016 2257 3089 ὥσπερ
2285 3019 2378 3072 καὶ
2407 3019 2567 3090 ἡμεῖς
2586 3017 2881 3088 γαμϐροὺς
2898 3018 3131 3087 λέγομεν
3151 3014 3249 3069 καὶ
3276 3015 3381 3086 πρὸ
3412 3013 3504 3068 τοῦ
3530 3013 3628 3082 γά-

2073 3123 2174 3177 μου
2210 3110 2336 3171 τοὺς
2362 3108 2799 3179 μνηστευθέντας
2826 3110 2891 3179 τῇ
2923 3106 3178 3178 θυγατρί.

2138 3200 2253 3254 Οὐκ
2285 3197 2701 3265 εἷπεν,Τέξεταί
2720 3217 2802 3254 σοι
2827 3215 2842 3230 ⁸
2864 3199 2925 3253 οὐ
2952 3202 3061 3267 γὰρ
3084 3195 3152 3270 ἦν
3183 3197 3350 3254 αὐτοῦ
3386 3196 3629 3267 σπέρμα⁸

2068 3291 2226 3357 ἀλλὰ,
2258 3290 2515 3357 Τέξεται,
2538 3291 2616 3361 τῷ
2648 3290 2838 3361 κόσμῳ
2866 3291 3028 3343 παντὶ
3050 3290 3292 3361 δηλονότι
3313 3307 3330 3323 ⁸
3354 3288 3468 3361 ἔχει
3499 3288 3629 3359 γάρ·

2066 3384 2260 3450 Αὐτὸς
2292 3383 2475 3437 σώσει
2505 3383 2613 3436 τὸν
2637 3382 2793 3437 λαὸν
2810 3382 3020 3438 αὐτοῦ.

2137 3475 2235 3528 Διὰ
2257 3476 2309 3528 τί
2332 3471 2506 3541 εἶπεν,
2536 3474 2830 3540 Καλέσεις
2846 3474 2913 3528 τὸ
2934 3474 3121 3544 ὄνομα
3136 3473 3323 3528 αὐτοῦ
3350 3470 3633 3540 Ἰησοῦν-ς

2068 3567 2183 3620 Οὐκ
2214 3566 2495 3637 ἀλλότριον
2539 3563 2711 3618 ποιῶν
2758 3564 2921 3619 αὐτὸν
2946 3566 3044 3635 τῆς
3088 3564 3384 3628 διακονίας.
3433 3564 3493 3615 Ei
3526 3562 3633 3631 γὰρ

2067 3663 2161 3715 xui.
2192 3660 2267 3731 μὴ
2291 3659 2380 3724 σὸς
2402 3662 2430 3714 ό
2448 3660 2623 3725 τόκος,
2651 3660 2833 3729 φησὶν,
2861 3659 2995 3712 άλλᾶ
3056 3659 3124 3713 τά
3155 3659 3356 3730 πατρὸς
3386 3656 3635 3730 πράξεις.

2067 3752 2158 3806 διὰ
2184 3753 2243 3805 τὸ
2274 3752 2348 3823 μὴ
2386 3752 2493 3806 ἀπὸ
2530 3754 2776 3822 μοιχείας
2802 3747 2964 3806 εἶναι.

2153 3867 2211 3919 '0
2263 3864 2493 3938 ἄγγελος
2526 3864 2674 3936 λέγει
2706 3864 2789 3930 τὸ,
2844 3863 3023 3918 Τοῦτο
3074 3862 3143 3917 δὲ
3201 3863 3349 3917 ὅλον
3389 3863 3634 3933 γέγονεν

2069 3959 2169 4013 ἵνα
2212 3956 2497 4028 πληρωθῇ
2525 3959 2592 4009 τὸ
2634 3956 2823 4025 ῥηθὲν
2853 3955 2989 4027 ὑπὸ⁵
3006 3956 3244 4011 Ἡσαΐου
3266 3972 3279 3985 ⁸
3307 3954 3423 4009 ἁλλ’
3458 3956 3579 4025 οὐχὶ
3607 3956 3636 4007 ό

2072 4050 2491 4121 εὐαγγελιστής.

2153 4144 2278 4198 Ἐάν
2304 4161 2387 4207 τις
2434 4143 2565 4215 λέγῃ
2598 4143 2679 4195 ὅτι
2727 4140 2827 4195 οὐκ
2877 4134 3030 4199 εἶπεν
3080 4140 3304 4201 Ἡσαΐας
3335 4137 3627 4208 παρθένον,

2071 4233 2208 4292 ἀλλὰ
2265 4232 2501 4297 νεάνιδα,
2560 4230 2776 4301 πρῶτον
2827 4229 2927 4301 μὲν
2977 4230 3027 4289 οἱ
3076 4229 3473 4300 Ἑϐδομήκοντα
3526 4228 3635 4279 τῶν

2073 4326 2232 4381 πέντε
2287 4324 2528 4387 πλείονες
2582 4324 2677 4381 καὶ
2728 4321 3189 4393 ἀνυποπτότεροι·
3240 4321 3346 4390 πρὸ
3395 4320 3504 4390 γὰρ
3541 4318 3640 4388 τῆς

2073 4415 2342 4484 διαμάχης
2372 4412 2465 4466 τοῦ
2495 4415 2792 4485 μυστηρίου
2814 4430 2828 4444 ⁸
2860 4414 3051 4469 ἔπειτα
3088 4414 3148 4465 τὸ
3176 4414 3507 4477 νεανίσκοι,
3532 4412 3623 4465 καὶ

404 4505 600 4563 deinde
630 4510 859 4579 puellas,
890 4512 1131 4582 virgines
1165 4513 1439 4578 dicemus;
1473 4524 1547 4577 et,
1569 4513 1629 4569 Si
1665 4515 1967 4568 clamaverit

2076 4505 2358 4574 παρθένοι
2388 4504 2615 4579 λέξομεν
2634 4521 2650 4536 ⁸
2699 4505 2792 4558 καὶ
2828 4505 2910 4570 τὸ,
2952 4504 3093 4560 Ἐὰν
3112 4502 3318 4570 βοήσῃ
3345 4504 3383 4570 ἡ
3416 4502 3639 4567 νεᾶνις.

404 4596 602 4669 puella,
630 4573 703 4651 ile
750 4573 958 4670 virgine
979 4573 1243 4669 “loquitur
1293 4573 1543 4672 Moyses;
1572 4604 1696 4672 quia
1753 4603 1967 4659 sciebat

2079 4573 2208 4666 περὶ
2238 4573 2710 4666 παρθένουγλέγων
2742 4598 2771 4653 6
2800 4597 3003 4666 Μωσῆς
3027 4612 3041 4627 ⁸
3082 4595 3221 4649 ὥστε
3272 4588 3413 4648 οἶδεν
3440 4595 3500 4647 τὸ
3542 4595 3641 4663 τῆς

407 4688 599 4752 puellae
624 4703 823 4743 nomen
862 4706 959 4760 pro
985 4692 1195 4760 virgine
1222 4696 1498 4761 usurpari.
1526 4693 1581 4747 Si
1628 4710 1657 4746 e
1679 4704 1976 4749 consuetu-

405 4778 533 4829 dine
605 4778 836 4832 debebat
879 4780 1126 4848 geuerari
1182 4780 1325 4849 quod
1390 4796 1420 4839 a
1498 4781 1757 4856 propheta
1829 4798 1973 4837 nun-

408 4867 597 4920 tiatum
623 4878 762 4933 erat,
794 4870 924 4941 quid
964 4871 1377 4941 signiﬁcationis
1407 4872 1569 4930 habet
1597 4874 1739 4940 quod
1766 4874 1971 4928 dictum

406 4957 529 5011 est?
572 4954 719 5014 Nihil
761 4971 939 5030 certe;
976 4963 1235 5034 denique,
1272 4980 1376 5019 non
1416 4964 1469 5019 in
1502 4965 1756 5033 Ezechia,
1792 4966 1886 5025 sed
1918 4968 1972 5022 in

406 5048 631 5107 Christo
658 5054 1009 5125 adimpletum
1034 5064 1139 5112 est.

477 5166 707 5241 Ohjiciet
733 5167 953 5229 Iudaeus
981 5186 1080 5226 cur
1110 5186 1216 5225 non
1254 5180 1481 5227 vocatus
1528 5172 1599 5228 sit
1627 5172 1969 5239 Emmanuel,

411 5270 465 5317 ut
501 5262 766 5332 propheta
818 5263 973 5326 dixit,
1030 5263 1123 5318 sed
1175 5260 1337 5323 Jesus
1398 5264 1689 5319 Christus?
1739 5267 1973 5321 Audiant

408 5354 725 5423 prophetam
748 5370 853 5407 non
891 5354 1115 5421 dixisse,
1146 5354 1399 5422 Vocahis,
1429 5356 1544 5420 sed,
1583 5356 1844 5411 Vocabnnt
1875 5375 1973 5428 pn-

409 5445 558 5513 pnii;
597 5445 715 5500 hzec
747 5455 830 5499 est
853 5461 1034 5505 rerum
1070 5447 1298 5506 istarum
1329 5448 1596 5515 expositio
1622 5468 1635 5503 :
1660 5450 1786 5519 quia
1820 5451 1972 5507 vide-

407 5536 541 5591 hunt
585 5534 753 5590 Deum
808 5550 933 5590 cum
982 5536 1319 5594 hominibus.
1366 5538 1481 5597 illos
1530 5546 1711 5595 autem
1760 5540 1846 5597 ille
1886 5552 1971 5597 est

406 5626 703 5697 Scriptura;
748 5626 851 5681 hoc
886 5642 984 5696 pro
1024 5628 1340 5685 nominibus
1366 5629 1663 5697 adhibere;
1702 5638 1782 5694 ut,
1827 5629 1967 5689 Voca

406 5733 589 5772 nomen
621 5718 771 5787 ejus:
804 5718 923 5773 Cito
947 5722 1156 5791 spolia;
1184 5720 1421 5776 celeriter
1454 5730 1601 5776 vasta
1626 5738 1645 5776 :
1672 5724 1843 5793 genito
1876 5723 1969 5775 illo

404 5812 628 5869 vastatio
658 5812 958 5885 prwdarum
998 5815 1141 5887 facta
1191 5825 1308 5885 est;
1355 5826 1408 5875 ct
1457 5824 1516 5873 ut
1562 5816 1693 5877 illud
1731 5832 1968 5890 quoque.

2078 4689 2315 4753 νεάνιδος
2361 4689 2532 4759 ὄνομα
2558 4690 2653 4742 ἐπὶ
2688 4689 2787 4758 τῆς
2836 4688 3108 4759 παρθένου
3156 4688 3430 4756 λέγεσθαι.
3468 4687 3532 4741 Ei
3578 4688 3639 4738 ἐκ

2077 4769 2308 4852 νομίμου
2365 4780 2588 4850 ἔμελλεν
2656 4778 2951 4848 γεννᾶσθαι
3010 4779 3073 4839 τὸ
3137 4779 3637 4857 προφητευόμενον,

2076 4876 2228 4926 ποῖον
2260 4876 2482 4942 σημεῖον
2504 4868 2571 4944 ἦν
2599 4872 2658 4925 τὸ
2685 4871 2871 4941 λεχθέν
2895 4889 2909 4937 ;
2936 4870 3073 4925 Οὐδὲ
3107 4874 3275 4925 ποῖον·
3304 4871 3511 4936 λοιπὸν,
3542 4871 3642 4923 οὐκ

2076 4967 2169 5025 ἐπὶ
2205 4965 2283 5038 τῷ
2319 4965 2559 5038 Ἐζεκίᾳ,
2597 4964 2712 5019 ἀλλ’
2759 4964 2852 5025 ἐπὶ
2880 4964 2957 5035 τῷ
3002 4964 3223 5037 Χριστῷ
3256 4963 3638 5035 πεπλήρωται.

2159 5176 2450 5247 Ἀπορήσει
2492 5174 2739 5237 Ἰουδαῖος
2790 5171 2879 5226 διὰ
2932 5172 2987 5225 τί
3014 5172 3113 5225 οὐκ
3160 5169 3362 5241 ἐκλήθη
3423 5172 3639 5241 Ἐμμα-

2075 5269 2259 5340 νουὴλ,
2288 5269 2360 5332 ὡς
2385 5269 2412 5320 6
2446 5267 2737 5337 προφήτης
2760 5260 2935 5330 εἶπεν,
2963 5264 3097 5318 ἀλλὰ
3132 5263 3341 5333 Ἰησοῦς
3363 5264 3598 5333 Χριστός
3623 5279 3638 5328 ;

2088 5361 2503 5419 Ἀκουσάτωσαν
2524 5359 2605 5411 ὅτι
2621 5358 2719 5411 οὐκ
2749 5354 2927 5421 εἶπεν,
2961 5356 3247 5420 Καλέσεις,
3272 5354 3429 5419 ἀλλὰ,
3454 5353 3643 5407 Καλέ·

2074 5470 2301 5509 σουσιν
2345 5453 2395 5505 οἱ
2434 5450 2615 5520 ὀχλοι⁸
2658 5449 2935 5504 τουτέστιν
2974 5436 3145 5517 ἡτῶν
3187 5447 3525 5516 πραγμάτων
3550 5446 3644 5496 ἔκ-

2076 5547 2266 5609 ϐασις⁸
2290 5544 2373 5597 ὅτι
2426 5540 2647 5611 ὄψονται
2689 5540 2823 5593 Θεὸν
2872 5539 3011 5608 μετὰ
3044 5534 3349 5607 ἀνθρώπων
3373 5553 3388 5566 ⁸
3430 5536 3549 5597 ἒθος
3585 5535 3643 5586 δὲ

2073 5635 2229 5689 τοῦτο
2252 5635 2317 5704 τῇ
2358 5632 2547 5703 Γραφῇ
2594 5628 2716 5682 ἀντὶ
2772 5628 3050 5698 ὀνομάτων
3080 5626 3282 5679 τιθέναι
3304 5639 3318 5652 ⁸
3352 5618 3484 5686 οἷον,
3522 5622 3640 5683 Κά-

2072 5729 2262 5780 λεσον
2337 5725 2401 5777 τὸ
2467 5722 2655 5785 ὄνομα
2707 5720 2915 5783 αὑτοῦ,
2977 5716 3203 5787 Ταχέως
3252 5717 3640 5769 σκύλευσωη

2074 5817 2259 5883 ὀξέως
2278 5815 2720 5887 προιλ⁸ὀμευσον⁸
2748 5810 3134 5882 γεννηθέντος
3151 5807 3341 5867 αὐτοῦ
3362 5804 3643 5877 προνομῇ
