4026 6576
305 425 434 490 1081

1285 420 1607 483 ΞΟΗΟῘᾸΑ
1647 418 1942 481 VETERA
1982 416 2062 477 IN
2096 415 2564 476 MATTHrEUM.

3396 406 3535 475 1082

301 540 553 592 σκύλων
572 533 815 603 ἐγένετο
833 546 849 564 ⁸
882 532 976 587 καὶ
1005 530 1081 596 ὡς
1114 533 1196 597 τὸ,
1224 531 1285 587 Ἡ
1311 533 1487 597 πόλις
1508 531 1866 598 κληθήσεται

1982 527 2117 592 Urbs
2159 527 2429 582 vocabitur
2460 526 2583 580 urbs
2611 525 2864 593 justitiw,
2913 525 3214 589 metropolis
3252 525 3455 595 ﬁdelis;
3483 533 3540 581 et

300 630 477 694 πόλις
537 626 950 692 δικαιοσύνης,
996 627 1369 695 μητρόπολις
1399 622 1587 693 πιστή
1612 640 1627 655 ο
1682 623 1863 677 καίτοι

303 720 536 791 μείνασα
567 717 852 771 καλεῖσθαι
890 717 1267 788 Ἱεροσόλυμα.

370 808 465 871 Τὸ,
509 809 631 861 Οὐκ
677 805 1007 876 ἐγίνωσκεν
1033 805 1230 873 αὐτὴν
1272 804 1383 870 ἕως
1429 799 1502 860 οὗ
1545 802 1713 856 ἔτεκε
1762 800 1872 856 τὸν

300 902 438 955 υιὸν
455 897 647 966 αὐτῆς
664 899 771 951 τὸν
789 898 1186 965 πρωτότοκον,
1217 897 1276 950 οὐ
1299 895 1572 949 δείκνυσιν
1597 896 1678 949 ὅτι
1707 894 1871 965 ἐσχάι

305 1007 410 1053 τως
436 989 576 1052 ἔγνω
604 989 775 1058 αὐτήν
798 1000 817 1018 ο
863 987 924 1040 τὸ
957 986 1086 1058 γάρ,
1120 986 1253 1054 ἓως,
1312 987 1372 1040 οὐ
1410 987 1639 1041 πάντοτε
1681 987 1868 1057 χρόνον

301 1081 460 1136 ἄλλον
482 1080 651 1150 ζητεῖ,
684 1079 822 1134 ἀλλὰ
849 1079 1112 1142 πολλάκις
1141 1081 1223 1142 είς
1254 1078 1313 1133 τὺ
1342 1078 1590 1149 διηνεκὲς
1614 1078 1869 1149 εὑρίσκε-

299 1188 420 1225 ται·
447 1171 524 1235 ὡς
556 1171 635 1235 τὸ,
671 1170 781 1225 Kal
820 1171 933 1239 οὐχ
958 1169 1342 1239 ὑπέστρεψεν
1360 1173 1394 1225 ό
1416 1171 1601 1239 κόραξ
1620 1173 1707 1236 είς
1753 1171 1871 1237 τὴν

300 1262 552 1315 κιϐωτὸν
597 1261 710 1328 ἕως
755 1257 827 1317 οὖ
857 1261 1157 1330 ἐξηράνθη
1211 1264 1251 1332 η
1298 1262 1377 1333 γῆ
1400 1279 1416 1295 ο
1455 1262 1631 1316 καίτοι
1660 1279 1723 1331 γε
1747 1263 1868 1316 οὐδὲ

303 1352 441 1420 μετὰ
477 1348 651 1403 ταῦτα
690 1350 1034 1422 ὑπέστρεψεο
1070 1352 1170 1405 καὶ¹
1218 1350 1405 1417 πάλιν,
1451 1352 1762 1407 Ἀνατελεῐ
1796 1352 1867 1406 ἐν

299 1440 430 1506 ταῖς
453 1439 699 1509 ἡμέραις
712 1441 900 1496 αὐτοῦ
922 1441 1300 1512 δικαιοσύνη,
1323 1443 1424 1499 καὶ
1447 1443 1684 1513 πλῆθος
1708 1442 1868 1512 sipri-

299 1548 434 1603 νης,
473 1531 585 1598 ἕως
641 1528 713 1590 οὗ
760 1532 1159 1602 άνταναιρεθῇ
1199 1534 1238 1602 ἡ
1277 1534 1549 1605 σελήνη·
1602 1534 1760 1589 τοῦτο
1809 1534 1867 1587 δέ

300 1618 454 1675 εἶπεν
481 1624 541 1676 οὐ
575 1622 748 1695 πέρας
773 1625 951 1689 διδοὺς
979 1624 1056 1696 τῷ
1082 1625 1233 1697 καλῷ
1253 1627 1428 1697 τούτῳ
1446 1625 1584 1696 φωτί
1607 1643 1623 1657 ·
1650 1625 1864 1679 τέθεικε

298 1712 357 1765 δέ
383 1712 464 1778 τὸ,
496 1713 631 1780 ἕως,
661 1714 748 1769 ’ίνα
777 1717 937 1787 μόνον
969 1717 1232 1789 μάθωμεν
1262 1717 1325 1771 τὸ
1370 1719 1477 1790 πρὸ
1527 1718 1635 1771 τῶν
1659 1719 1867 1772 ὠδίνων

300 1805 611 1875 ἀνέπαφον·
638 1808 781 1863 τὰδὲ
804 1809 942 1881 μετά
982 1808 1150 1863 ταῦτα
1196 1811 1329 1881 ἡμῖν
1364 1793 1620 1864 κατέλιπε
1670 1809 1862 1863 συλλο-

1971 633 2095 674 cum
2118 628 2444 689 exspectans
2478 625 2707 672 vocatur
2732 614 3059 672 Jerusalem.

2036 797 2200 854 Vens.
2220 799 2312 853 24.
2343 798 2501 863 lllud,
2528 796 2648 851 Non
2679 797 3017 868 cognoscebat
3045 814 3160 851 eam
3189 797 3351 851 donec
3382 814 3544 867 pepe-

1968 894 2037 946 rit
2066 892 2241 961 ﬁlium
2285 907 2441 944 suum
2474 891 2902 960 primogenitum.
2959 890 3186 944 minime
3232 891 3435 944 indicat
3474 890 3538 943 il-

1974 983 2087 1038 lum
2122 983 2316 1038 ultimo
2347 983 2493 1036 illam
2530 982 2873 1052 cognovisse.
2906 980 3021 1035 Vox
3052 982 3197 1036 enim
3229 982 3395 1036 donec
3428 996 3536 1036 non

1968 1089 2185 1144 semper
2232 1074 2380 1128 aliud
2430 1072 2495 1127 ad
2549 1083 2761 1142 tempus
2808 1087 2867 1128 se
2901 1072 3093 1138 refert,
3123 1070 3220 1126 sed
3264 1086 3407 1141 saepe
3437 1086 3538 1140 pro

1967 1175 2231 1235 perpetuo
2277 1164 2581 1230 invenitur;
2629 1172 2690 1218 ut
2730 1162 2859 1216 illud
2903 1161 3111 1225 etiam,
3138 1158 3261 1214 Non
3303 1176 3539 1213 reversus

1968 1266 2044 1312 est
2074 1272 2258 1309 corvus
2290 1256 2344 1309 in
2381 1272 2561 1309 arcam
2592 1254 2989 1319 donecsiccata
3017 1262 3095 1306 est
3136 1261 3315 1317 terra;
3345 1265 3540 1319 nempe

1970 1364 2079 1403 non
2113 1356 2301 1416 postea
2333 1362 2587 1401 reversus
2617 1356 2700 1399 est
2729 1364 2743 1400 :
2776 1353 2831 1399 et
2860 1344 3084 1410 iterum,
3120 1341 3306 1412 Surget
3339 1342 3395 1395 in
3425 1342 3541 1394 die‘

1968 1443 2061 1494 bus
2093 1439 2206 1508 ejus
2262 1438 2504 1507 justitiu,
2571 1448 2620 1491 et
2686 1436 2969 1490 multitudo
3032 1434 3181 1503 pacis
3232 1438 3394 1487 donec
3445 1433 3539 1486 de-

1967 1540 2208 1584 struatur
2260 1530 2424 1593 luna;
2474 1529 2575 1583 hoe
2612 1537 2794 1583 autem
2844 1526 2985 1580 dixit
3033 1541 3140 1579 non
3191 1524 3352 1579 linem
3400 1524 3539 1579 dans

1968 1625 2199 1695 pulchro
2246 1624 2339 1677 illo
2388 1622 2603 1685 lumini,
2641 1620 2822 1691 posuit
2870 1634 2997 1674 vero
3027 1620 3189 1673 donec
3238 1613 3297 1672 ut
3339 1617 3540 1673 intelli-

1968 1733 2161 1785 gamus
2194 1716 2370 1770 solum
2418 1714 2714 1769 ﬁrmiorem
2761 1710 3225 1767 commotionibus
3270 1710 3541 1765 stabilita-

1969 1819 2101 1863 tem.
2149 1808 2241 1862 llla
2274 1822 2404 1861 vero
2435 1805 2655 1860 tandem
2702 1802 2864 1858 nobis
2915 1801 3131 1872 reliquit
3162 1799 3529 1871 conjicienda,

299 1898 567 1968 γίζεσθαι,
589 1900 672 1954 ὅτι
695 1901 793 1973 τὴν
820 1899 993 1966 οὕτως
1018 1903 1359 1973 γεννήσασαν
1382 1904 1481 1956 οὐκ
1508 1903 1574 1958 ἂν
1607 1903 1866 1972 ὑπέμεινε

1970 1899 2196 1970 loseph,
2226 1914 2352 1955 cum
2386 1898 2568 1968 justus
2610 1904 2775 1969 esset,
2806 1896 2948 1949 hanc
2980 1903 3103 1965 post
3128 1892 3290 1948 talem
3322 1901 3537 1962 partum

299 1990 500 2059 γνῶναι
530 1990 739 2056 δίκαιος
767 1990 843 2047 ὢν
869 1994 897 2046 ὁ
942 1993 1163 2063 Ἰωσήφ.
1189 1994 1314 2058 Πῶς
1343 1994 1561 2064 ἀδελφοὶ
1611 1993 1704 2048 τοῦ
1732 1995 1865 2064 Χρι-

301 2080 429 2135 στοῦ
462 2081 707 2152 λέγονται
737 2086 787 2139 el
816 2085 943 2156 περὶ
976 2086 1260 2154 Ἰάκωϐον;
1302 2086 1392 2151 Ὠς
1411 2088 1504 2141 καὶ
1542 2085 1738 2156 Ἰωσὴφ
1768 2087 1866 2155 τῆς

298 2173 517 2243 Μαρίας
547 2174 688 2246 ἀνήρ
710 2191 727 2207 ·
758 2176 970 2231 ἐκείνου
998 2178 1107 2249 γὰρ
1132 2173 1273 2250 ἦσαν
1295 2179 1481 2241 παῖδες
1505 2179 1568 2232 ἐκ
1597 2178 1867 2250 προτέρας

299 2264 590 2332 γυναικός’
621 2266 710 2322 διὰ
757 2268 850 2323 τὸν
898 2269 1232 2342 καλούμενον
1267 2263 1360 2325 οὖν
1414 2270 1648 2342 πατέρα,
1688 2271 1784 2324 καὶ
1813 2271 1863 2323 οἱ

297 2353 395 2408 τοῦ
430 2356 635 2427 πατρὸς
655 2358 797 2426 υἱοὶ,
813 2359 1055 2430 ἀδελφοί.

894 2451 1145 2505 ΚΕΦΑΛ.
1194 2449 1267 2504 B'.

369 2542 476 2597 Τὸν
504 2540 694 2613 χρόνον
724 2541 965 2614 Ἡρώδου
992 2541 1139 2611 λέγει
1156 2559 1170 2574 ⁸
1201 2542 1335 2597 διότι
1358 2543 1451 2597 καὶ
1474 2541 1658 2614 ἕτερος
1698 2538 1863 2614 Ἦρὼσ

299 2633 396 2706 δης
428 2634 668 2703 λέγεται,
691 2632 752 2698 ὃς
781 2632 990 2688 ἀνεῖλεν
1010 2633 1101 2687 τὸν
1141 2626 1473 2705 Πρόδρομον.

372 2728 511 2792 Τοὺς
542 2729 748 2799 μάγους
797 2729 878 2792 είς
933 2728 1153 2799 ἔλεγχον
1202 2727 1312 2781 τῶν
1353 2726 1623 2781 Ἰουδαίων
1665 2728 1865 2799 ἤνεγκε

298 2822 695 2894 προσκυνῆσαι,
725 2822 812 2875 ἴνα
865 2820 1016 2891 παρὰ
1047 2820 1340 2892 βαρϐάρων
1391 2820 1634 2890 μάθωσιν
1683 2819 1720 2874 ἂ
1762 2823 1865 2874 οὐκ

299 2915 491 2986 ἤθελον
524 2913 713 2984 μαθεῖν
750 2910 859 2966 ἀπὸ
882 2911 1180 2982 προφητῶν
1216 2911 1266 2964 οἱ
1303 2909 1561 2967 Ἰουδαῖοι.

369 3007 447 3060 Οὐ
478 3006 547 3059 δι’
586 3003 819 3074 ἀγγέλου
868 3005 995 3067 τοὺς
1058 3003 1267 3074 μάγους
1309 3002 1557 3073 ἤνεγκεν,
1592 3001 1725 3057 ἀλλὰ
1775 3002 1866 3057 διά

300 3097 409 3152 τῶν
461 3097 705 3169 συνήθων
758 3097 1036 3167 ἀστέρων’
1079 3094 1181 3151 κᾶν
1234 3096 1343 3166 γὰρ
1399 3095 1627 3165 ἄγγελος
1669 3091 1759 3167 ἦν,
1790 3095 1867 3160 ὡς

1975 2008 2318 2065 cognoscere
2328 2007 2435 2046 non
2451 1991 2801 2047 sustinuisse.
2823 1990 3111 2056 Quomodo
3127 1987 3322 2044 fratres
3336 1986 3541 2042 Christi

1968 2087 2229 2141 dicuntur
2269 2083 2509 2140 Jacobus
2564 2091 2619 2139 et
2666 2084 2790 2137 alii?
2845 2082 3000 2148 Quod
3052 2080 3255 2151 Ioseph
3305 2080 3386 2135 vir
3422 2087 3540 2135 erat

1964 2177 2184 2243 Mariae;
2216 2176 2349 2245 ejus
2376 2175 2519 2230 enim
2572 2185 2727 2230 erant
2753 2174 2848 2228 lilii
2885 2189 2915 2229 e
2946 2174 3125 2243 priore
3163 2172 3390 2227 muliere
3418 2186 3542 2227 sus-

1966 2269 2140 2339 cepti;
2181 2284 2304 2324 cum
2341 2283 2473 2337 ergo
2528 2267 2618 2322 ille
2645 2276 2796 2336 pater
2821 2266 3024 2321 Christi
3050 2265 3343 2329 diceretur,
3370 2265 3542 2335 patris

1963 2376 2184 2432 quoque
2218 2360 2336 2426 lilii,
2360 2358 2565 2415 Christi
2592 2358 2788 2413 fratres
2808 2358 3151 2413 dicebantur.

2586 2447 2814 2503 CAPUT
2855 2450 2922 2502 ll.

2037 2541 2201 2598 Vens.
2235 2542 2285 2599 1.
2306 2541 2369 2596 In
2391 2540 2574 2595 diebus
2610 2540 2833 2593 Herodis
2862 2539 3014 2605 dicit,
3039 2538 3166 2609 quia
3191 2538 3330 2594 alius
3354 2538 3498 2594 Hero
3518 2567 3531 2579 -

1964 2633 2061 2689 des
2086 2642 2404 2687 numeratur
2434 2631 2526 2701 qui
2556 2628 2955 2685 Przecursorem
2987 2629 3231 2684 abstulit.

2036 2723 2223 2794 Magos
2256 2724 2307 2777 in
2337 2721 2655 2777 .lud:eorum
2680 2721 3188 2775 condemnationem
3221 2717 3539 2774 adoravisse

1967 2817 2105 2872 dixit
2130 2826 2268 2871 utet
2303 2814 2553 2869 Barbaris
2574 2812 2993 2881 diseantquode
3018 2810 3300 2880 prophetis
3330 2811 3540 2866 discere

1966 2908 2253 2963 noluerant
2290 2906 2486 2960 Judaei.

2039 2999 2200 3054 Vsus.
2241 2998 2296 3051 2.
2329 2996 2443 3050 Non
2479 3011 2574 3065 per
2619 2994 2865 3064 angelum
2921 2990 3105 3064 Magos
3150 2990 3385 3045 monitos
3418 3004 3541 3044 esse

1968 3098 2177 3151 narrat,
2208 3090 2300 3142 sed
2333 3102 2426 3156 per
2457 3085 2646 3140 solitas
2688 3085 2796 3169 illis
2829 3083 3055 3149 stellas;
3105 3081 3265 3136 etiam
3314 3080 3358 3134 si
3390 3080 3537 3134 enim

298 3189 477 3258 ἀστὴρ
515 3187 806 3243 ἐδείκνυτο.
866 3188 925 3241 'U
960 3188 1135 3260 ἀστὴρ
1172 3189 1201 3242 ό
1253 3188 1462 3257 φανεὶς,
1501 3187 1728 3258 δύναμίς
1781 3203 1865 3250 τις

1972 3181 2198 3251 angelus
2246 3179 2463 3248 fuisset,
2503 3186 2562 3232 ut
2593 3178 2748 3232 Stella
2780 3176 3050 3246 apparuit.
3084 3172 3248 3254 Stella
3286 3173 3387 3229 ista
3416 3188 3538 3243 qua:

298 3277 368 3353 ἦν
401 3282 631 3352 ἀόρατος
698 3282 779 3346 είς
821 3281 1026 3352 ταύτην
1071 3280 1392 3352 φαινόμενος
1443 3281 1543 3353 τὴν
1568 3282 1691 3351 ὄψιν
1715 3297 1731 3314 ο
1771 3283 1865 3335 καὶ

300 3375 409 3444 γὰρ
435 3374 541 3428 are
566 3375 770 3447 ἄρκτου
801 3376 881 3438 είς
910 3373 1258 3446 μεσημϐρίαν
1284 3374 1535 3444 ἐφαίνετο
1554 3391 1567 3405 ·
1586 3374 1730 3429 οὕτω
1759 3376 1865 3446 γὰρ

300 3466 335 3535 ἡ
367 3464 696 3535 Παλαιστίνη
730 3465 867 3535 πρὸς
902 3464 1001 3534 τὴν
1040 3462 1280 3533 Περσίδα
1335 3466 1556 3517 κεῖται·
1614 3462 1867 3535 δεύτερον

301 3554 396 3608 καὶ
428 3555 510 3608 ὅτι
540 3555 597 3609 ἐν
634 3554 957 3626 μεσημϐρίᾳ
990 3554 1261 3624 ἐφαίνετο,
1293 3554 1392 3608 οὐκ
1419 3550 1487 3625 ἦν
1510 3556 1685 3627 ἀστήρ
1709 3573 1724 3588 ·
1750 3556 1868 3627 τρί-

298 3663 390 3698 τον
418 3644 525 3700 ἀπὸ
579 3645 673 3699 τοῦ
708 3645 993 3715 φαίνεσθαι
1030 3646 1126 3701 καὶ
1176 3645 1545 3717 κρύπτεσθαιο
1606 3647 1867 3719 τέταρτον

298 3732 409 3786 ἀπὸ
459 3732 553 3786 τοῦ
593 3732 743 3787 κάτω
775 3728 950 3788 εἶναι·
986 3734 1035 3786 εί
1069 3733 1178 3805 γάρ
1222 3735 1334 3789 ἄνω
1362 3729 1451 3806 ἦν,
1492 3734 1592 3789 οὐκ
1640 3736 1866 3807 ἠρκεῖτο

299 3823 432 3894 ὕψος
463 3825 659 3897 μικρὸν
684 3825 849 3881 τόπον
878 3827 1306 3899 χαρακτηρίσαι.

372 4008 467 4073 Τὸ,
507 4010 625 4062 Οὐκ
660 4008 932 4075 ἐκλείψει
953 4008 1257 4076 ἄρχωνέξ
1296 4009 1491 4064 Ἰούδα
1511 4009 1653 4064 οὐδὲ
1683 4011 1867 4080 ἡγού-

300 4115 471 4165 ιιενος
505 4097 573 4150 ἐκ
604 4094 719 4150 τῶν
753 4096 961 4166 μηρῶν
1012 4097 1222 4159 αὐτοῦ.
1252 4098 1365 4163 ἕως
1385 4097 1462 4152 ἂν
1478 4099 1627 4167 ἔλθῃ
1659 4098 1690 4152 ὃ
1714 4100 1865 4153 ἀπό-

300 4188 631 4256 κειται,.κ(ιί
678 4190 857 4255 αὐτὸς
908 4188 1240 4257 προσδοκία
1269 4189 1481 4257 ἐθνῶν,
1533 4191 1708 4254 οὕτως
1750 4191 1870 4243 λύε-

297 4301 387 4339 ται
416 4299 431 4313 ο
483 4281 725 4353 Ἡρώδης
784 4282 1078 4351 ἀλλόφυλος
1131 4281 1229 4348 ὣν,
1317 4284 1413 4337 καὶ
1464 4284 1623 4337 τοῦτο
1678 4283 1866 4352 λέγει·

312 4378 621 4442 Ἐξέλιπον
647 4376 754 4444 γὰρ
768 4378 821 4429 ol
855 4376 1128 4431 Ἰουδαῖοι
1156 4375 1320 4445 ἔχειν
1338 4377 1655 4447 ἄρχοντας.

369 4468 469 4521 Διά
494 4467 545 4521 τί
578 4466 941 4539 ἐρωτηθέντες
979 4468 1131 4538 παρὰ
1152 4468 1242 4521 τοῦ
1279 4468 1539 4538 βασιλέως,
1568 4464 1722 4521 εἶπον
1767 4468 1867 4539 τὴν

1969 3280 2085 3333 visa
2113 3286 2217 3343 est,
2255 3288 2495 3347 potestas
2541 3284 2658 3332 erat
2703 3274 2950 3345 qumdam
3002 3273 3295 3327 invisibilis
3338 3272 3391 3326 in
3437 3272 3542 3326 hoc

1970 3378 2194 3441 aspectu
2236 3384 2538 3440 apparens;
2596 3383 2722 3444 nam
2770 3383 2799 3420 a
2850 3365 3223 3435 septentrione
3264 3364 3330 3418 ad
3385 3365 3541 3418 meri-

1970 3461 2112 3516 diem
2151 3461 2264 3517 visa
2291 3470 2400 3527 est;
2429 3460 2508 3515 sic
2538 3460 2683 3515 enim
2715 3458 3002 3512 Palaestina
3027 3457 3093 3511 ad
3119 3455 3394 3512 Persidem
3434 3457 3539 3512 sita

1968 3557 2087 3613 est;
2120 3550 2363 3604 secundo
2410 3547 2538 3616 quia
2571 3546 2622 3599 in
2674 3546 2902 3601 meridie
2937 3547 3053 3601 visa
3100 3554 3202 3608 est,
3246 3547 3398 3601 stella
3428 3562 3537 3599 non

1969 3646 2115 3701 erat;
2149 3636 2310 3689 tertio
2361 3637 2490 3706 quia
2519 3633 2806 3689 videbatur
2823 3643 2876 3689 et
2905 3636 3278 3689 oceultabatut
3300 3650 3316 3701 ;
3342 3643 3538 3704 quarto

1970 3725 2098 3796 quia
2146 3726 2199 3780 in
2236 3735 2388 3796 parte
2434 3726 2561 3781 coeli
2599 3724 2857 3781 interiore
2889 3734 3026 3781 erat.
3076 3725 3131 3780 Si
3175 3726 3320 3781 enim
3358 3726 3411 3780 in
3448 3742 3541 3781 su-

1969 3819 2182 3890 periore
2206 3817 2417 3882 fuisset,
2450 3834 2558 3874 non
2580 3818 2849 3889 potuisset
2874 3827 3021 3873 tanta
3047 3818 3279 3874 altitudo
3312 3835 3538 3891 parvum

1972 3911 2149 3965 locum
2175 3911 2433 3966 indiCare.

2041 4001 2207 4057 Vens.
2238 4002 2291 4057 6.
2328 4001 2485 4069 illud,
2536 4001 2658 4056 Non
2697 4003 2971 4072 auferetur
2995 4013 3256 4069 sceptrum
3284 4004 3348 4058 de
3367 4002 3537 4065 Iuda.

1969 4100 2019 4146 ct
2048 4093 2159 4144 dua:
2194 4094 2258 4146 de
2298 4093 2495 4162 femore
2540 4093 2676 4162 ejus,
2721 4095 2884 4148 donec
2916 4095 3088 4148 veniat
3134 4096 3224 4165 qui
3255 4096 3540 4150 mittendus

1969 4197 2069 4253 est,
2112 4199 2160 4241 et
2206 4190 2316 4257 ipse
2340 4190 2668 4258 exspectatio
2702 4190 2958 4259 gentium,
2994 4190 3066 4245 ita
3112 4191 3386 4245 solvitur:
3436 4191 3541 4245 He-

1972 4281 2134 4335 rodes
2178 4281 2484 4350 alienigena
2528 4290 2668 4347 erat,
2712 4289 2766 4335 et
2816 4280 2949 4335 illud
2996 4281 3167 4336 dicit:
3198 4279 3540 4337 Cessaverant

1970 4372 2106 4425 enim
2134 4371 2313 4427 ludwi
2342 4389 2479 4444 reges
2506 4372 2711 4429 habere.

2047 4460 2228 4527 Quare
2283 4463 2600 4533 interrogati
2649 4479 2676 4515 a
2729 4477 2854 4533 rege
2894 4461 3152 4517 dixerunt
3197 4462 3537 4532 prophetiam

305 4536 640 4630 προφητείαν
686 4558 789 4621 ἕως
815 4560 896 4621 τὸ,
931 4536 1212 4629 ﬂorum-ei
1242 4536 1346 4613 τόν
1387 4563 1543 4615 λαόν
1596 4578 1716 4629 μου
1764 4536 1866 4615 τόν

1976 4567 2148 4621 usque
2180 4552 2305 4617 huc,
2342 4536 2527 4605 Pascet
2558 4552 2806 4621 pOpulum
2837 4568 3007 4605 meum
3036 4550 3225 4615 Israel,
3261 4568 3364 4606 non
3393 4552 3515 4621 adje

318 4651 586 4719 Ἰσραὴλ,
617 4650 677 4703 οὐ
700 4650 1045 4721 προσέθηκαν
1077 4650 1152 4714 δὲ,
1190 4651 1296 4704 Καὶ
1319 4651 1519 4715 ἔξοδοι
1554 4652 1745 4706 αὐτοῦ
1803 4652 1873 4717 ἐξ

304 4743 540 4813 ἡμερῶν
556 4743 801 4812 αἰῶνος;
828 4744 979 4799 Ἐπεὶ
999 4746 1135 4815 πρὸς
1166 4743 1323 4815 χάριν
1355 4745 1447 4797 καὶ
1480 4744 1872 4811 κολακεύοντες

304 4839 546 4893 ἐλάλουν.

376 4930 477 4983 Διά
502 4930 555 4983 τί
583 4931 708 4995 τοὺς
765 4933 968 5002 μάγους
1014 4932 1168 4984 καλεῖ
1215 4929 1454 5000 Ἡρώδης
1492 4930 1670 5001 λάθρα
1702 4946 1717 4995 ;
1748 4930 1871 4984 ’Ότι

305 5020 522 5089 ἐνόμιζε
558 5021 684 5083 τοὺς
731 5021 1014 5083 Ἰουδαίους
1057 5020 1317 5091 κήδεσθαι
1369 5020 1462 5073 τοῦ
1498 5021 1710 5074 παιδίου
1748 5038 1761 5051 ·
1789 5019 1869 5073 ἔτι

250 5154 253 5157 .
301 5110 362 5164 δὲ
393 5111 488 5163 καὶ
510 5111 721 5165 ἀνελεῖν
747 5114 1014 5184 ἐπιχειρεί
1049 5114 1113 5166 τὸ
1147 5112 1357 5181 τεχθέν.

374 5201 448 5254 Οὐ
483 5200 574 5254 τὸν
603 5203 792 5271 χρόνον
810 5201 904 5255 τοῦ
925 5202 1158 5265 παιδίου,
1177 5201 1414 5255 ἀλλὰτοῦ
1441 5203 1667 5274 ἀστέρος
1692 5203 1868 5276 ζητεῖ,

303 5294 368 5349 ἐκ
400 5292 598 5362 πολλῆς
630 5295 946 5365 περιουσίας
972 5295 1030 5348 τὸ
1071 5296 1304 5366 πρᾶγμα
1332 5295 1585 5364 ἐρευνῶν.

377 5385 500 5448 Πῶς
519 5384 609 5438 τοῦ
635 5386 820 5439 Λουκᾶ
847 5387 905 5438 ἐν
927 5387 1099 5457 φάτνῃ
1132 5386 1379 5454 λέγοντος
1411 5385 1643 5451 κεῖσθαι,
1669 5388 1696 5439 ὁ
1718 5388 1870 5441 Ματα-

304 5476 455 5539 θαῑος
488 5476 580 5530 ἐπὶ
632 5476 740 5530 τῶν
776 5477 1017 5545 γονάτων
1057 5478 1155 5547 τῆς
1197 5478 1403 5547 μητρὸς
1430 5476 1615 5546 λέγει;
1645 5478 1765 5549 Χρὴ
1812 5479 1868 5532 δὲ

305 5572 467 5632 νοεῖν,
503 5570 582 5623 ὅτι
610 5571 917 5641 γεννήσασα
947 5570 1034 5625 διὰ
1067 5571 1127 5623 τὸ
1154 5570 1229 5641 μὴ
1261 5567 1402 5624 εἶναι
1448 5570 1615 5624 τόπον
1652 5569 1740 5624 διὰ
1765 5570 1866 5641 τὴν

305 5664 415 5715 ἀπὸ
431 5665 528 5732 τῆς
548 5664 871 5736 ἀπογραφῆς
894 5663 1121 5734 πληθὺν,
1151 5664 1426 5719 ἀνέκλινεν
1455 5666 1513 5720 ἐν
1542 5665 1605 5738 τῇ
1664 5664 1865 5735 φάτνῃ,

307 5748 423 5808 εἶτα
458 5753 552 5810 καὶ
583 5754 672 5811 ἐπὶ
698 5754 803 5807 τῶν
825 5753 1065 5833 γονάτων
1098 5753 1324 5813 ἀνεῖλεν.

1974 4653 2169 4699 cerunt
2193 4654 2397 4708 autem,
2430 4642 2497 4696 Et
2522 4659 2760 4712 egressus
2784 4644 2897 4712 ejus
2916 4644 3156 4699 a~diebus
3186 4644 3539 4698 azternitatis?

1974 4735 2110 4801 Quia
2138 4737 2476 4806 gratulantes
2506 4743 2561 4791 et
2590 4736 2879 4792 adulantes
2907 4736 3292 4806 loquebantur.

2043 4922 2206 4979 Vens.
2233 4924 2285 4978 7.
2319 4922 2498 4990 Quare
2525 4924 2663 4978 clam
2702 4925 2888 4994 Magos
2917 4934 3075 4978 vocat
3100 4923 3380 4982 Herodes?
3401 4927 3540 4994 Quia

1971 5018 2189 5087 putabat
2224 5015 2443 5070 Jndmos
2471 5017 2538 5071 de
2568 5033 2737 5086 puero
2769 5031 2983 5083 curare,
3019 5017 3199 5072 adhuc
3238 5028 3415 5073 autem
3444 5037 3540 5075 auc

1970 5107 2116 5163 ferre
2147 5108 2512 5160 meditabatur
2544 5108 2858 5175 parvulum.

2039 5200 2154 5253 Non
2210 5199 2364 5268 pueri
2414 5207 2650 5268 tempus,
2697 5199 2791 5255 sed
2836 5200 3028 5267 stellat,
3061 5199 3309 5270 inquirit,
3351 5213 3538 5268 super-

1916 5354 1921 5357 _
1970 5308 2136 5360 vaene
2164 5307 2278 5345 rem
2319 5291 2635 5358 explorans.

2040 5383 2205 5438 Vens.
2230 5384 2314 5437 lt.
2333 5382 2638 5449 Quomodo,
2662 5383 2805 5439 Luca
2828 5384 3038 5439 dicente
3058 5398 3285 5454 puerum
3319 5382 3371 5435 in
3402 5394 3535 5451 pra:-

1971 5476 2122 5545 sepio
2138 5473 2412 5535 reclinari,
2430 5473 2713 5527 Matthmus
2740 5475 2793 5528 in
2812 5476 3000 5531 matris
3016 5475 3245 5545 genibus
3269 5473 3434 5528 fuisse
3452 5473 3540 5527 di-

1969 5569 2083 5624 cit‘l
2114 5567 2428 5622 Putandum
2458 5577 2558 5629 est,
2591 5566 2755 5634 quod,
2793 5582 2917 5621 cum
2962 5582 3067 5621 non
3109 5576 3251 5622 esset
3279 5568 3436 5621 locus
3467 5566 3540 5620 ob

1972 5662 2370 5716 multitudinem
2404 5659 2471 5714 ad
2500 5658 2919 5727 descriptionem
2964 5658 3274 5724 adductam,
3304 5660 3537 5714 reclina-

1971 5754 2109 5804 verit
2140 5767 2263 5805 eum
2290 5750 2342 5806 in
2386 5747 2671 5822 prmsepio,
2689 5748 2886 5805 deinde
2912 5748 2965 5803 in
2998 5749 3227 5821 genibus
3255 5764 3379 5807 eum
3416 5765 3540 5807 sus-

1971 5842 2174 5903 tulerit,
