  <div class='ocr_page' id='page_1' title='image "/cluster/home/n/w/nwhite01/storage/ocr_20150623/106/hvd.32044051727071/553.png"; bbox 0 0 4026 6558; ppageno 0'>
   <div class='ocr_carea' id='block_1_1' title="bbox 564 408 701 476">
    <p class='ocr_par' dir='ltr' id='par_1_1' title="bbox 564 408 701 476">
     <span class='ocr_line' id='line_1_1' title="bbox 564 408 701 476; baseline 0.015 -2"><span class='ocrx_word' id='word_1_1' title='bbox 564 408 701 476; x_wconf 75' lang='grc'><strong>1083</strong></span> 
     </span>
    </p>
   </div>
   <div class='ocr_carea' id='block_1_2' title="bbox 1262 416 3062 493">
    <p class='ocr_par' dir='ltr' id='par_1_2' title="bbox 1262 416 3062 493">
     <span class='ocr_line' id='line_1_2' title="bbox 1262 416 3062 493; baseline 0.009 -17"><span class='ocrx_word' id='word_1_2' title='bbox 1262 416 1654 480; x_wconf 83' lang='lat' dir='ltr'><strong>OPUSCULA</strong></span> <span class='ocrx_word' id='word_1_3' title='bbox 1695 420 2325 485; x_wconf 77' lang='lat' dir='ltr'><strong>SCRIPTURISTICA</strong></span> <span class='ocrx_word' id='word_1_4' title='bbox 2365 426 2715 489; x_wconf 66' lang='lat' dir='ltr'><strong>INCERTE</strong></span> <span class='ocrx_word' id='word_1_5' title='bbox 2755 426 3062 493; x_wconf 72' lang='grc' dir='ltr'><strong>ᾹΞΤΑΤΙΞ.</strong></span> 
     </span>
    </p>
   </div>
   <div class='ocr_carea' id='block_1_3' title="bbox 3661 424 3811 491">
    <p class='ocr_par' dir='ltr' id='par_1_3' title="bbox 3661 424 3811 491">
     <span class='ocr_line' id='line_1_3' title="bbox 3661 424 3811 491; baseline -0.02 -1"><span class='ocrx_word' id='word_1_6' title='bbox 3661 424 3811 491; x_wconf 61' lang='grc' dir='ltr'>ιοςι</span> 
     </span>
    </p>
   </div>
   <div class='ocr_carea' id='block_1_4' title="bbox 629 517 2137 609">
    <p class='ocr_par' dir='ltr' id='par_1_4' title="bbox 629 517 2126 595">
     <span class='ocr_line' id='line_1_4' title="bbox 629 517 2126 595; baseline 0.009 -24"><span class='ocrx_word' id='word_1_7' title='bbox 629 517 769 584; x_wconf 90' lang='lat' dir='ltr'><strong>Quid</strong></span> <span class='ocrx_word' id='word_1_8' title='bbox 799 517 967 589; x_wconf 80' lang='lat' dir='ltr'><strong>Magis</strong></span> <span class='ocrx_word' id='word_1_9' title='bbox 984 521 1254 589; x_wconf 76' lang='lat' dir='ltr'><strong>persuasit</strong></span> <span class='ocrx_word' id='word_1_10' title='bbox 1273 534 1330 577; x_wconf 92' lang='lat' dir='ltr'><strong>ut</strong></span> <span class='ocrx_word' id='word_1_11' title='bbox 1354 524 1502 579; x_wconf 87' lang='lat' dir='ltr'><strong>illum</strong></span> <span class='ocrx_word' id='word_1_12' title='bbox 1527 527 1849 583; x_wconf 81' lang='lat' dir='ltr'><strong>adorarent?</strong></span> <span class='ocrx_word' id='word_1_13' title='bbox 1869 528 2126 595; x_wconf 62' lang='lat' dir='ltr'><strong>Quaedam</strong></span> 
     </span>
    </p>
   </div>
   <div class='ocr_carea' id='block_1_5' title="bbox 2243 517 3804 609">
    <p class='ocr_par' dir='ltr' id='par_1_5' title="bbox 2302 535 3804 609">
     <span class='ocr_line' id='line_1_5' title="bbox 2302 535 3804 609; baseline 0.001 -21"><span class='ocrx_word' id='word_1_14' title='bbox 2302 535 2368 588; x_wconf 84' lang='grc' dir='ltr'>τί</span> <span class='ocrx_word' id='word_1_15' title='bbox 2394 536 2453 589; x_wconf 77' lang='grc' dir='ltr'><strong>τὸ</strong></span> <span class='ocrx_word' id='word_1_16' title='bbox 2488 539 2681 592; x_wconf 77' lang='grc' dir='ltr'>πεῖσαν</span> <span class='ocrx_word' id='word_1_17' title='bbox 2716 539 2843 602; x_wconf 76' lang='grc' dir='ltr'>τοὺς</span> <span class='ocrx_word' id='word_1_18' title='bbox 2896 540 3101 609; x_wconf 79' lang='grc' dir='ltr'><strong>μάγους</strong></span> <span class='ocrx_word' id='word_1_19' title='bbox 3143 536 3525 609; x_wconf 80' lang='grc' dir='ltr'>προσκυνῆσαι</span> <span class='ocrx_word' id='word_1_20' title='bbox 3588 538 3804 603; x_wconf 78' lang='grc' dir='ltr'>αὒτόν;</span> 
     </span>
    </p>
   </div>
   <div class='ocr_carea' id='block_1_6' title="bbox 561 608 1593 688">
    <p class='ocr_par' dir='ltr' id='par_1_6' title="bbox 561 608 1593 688">
     <span class='ocr_line' id='line_1_6' title="bbox 561 608 1593 688; baseline 0.01 -24"><span class='ocrx_word' id='word_1_21' title='bbox 561 608 656 665; x_wconf 83' lang='lat' dir='ltr'><strong>Dei</strong></span> <span class='ocrx_word' id='word_1_22' title='bbox 686 610 944 667; x_wconf 76' lang='lat' dir='ltr'><strong>revelatio</strong></span> <span class='ocrx_word' id='word_1_23' title='bbox 972 622 1027 668; x_wconf 85' lang='lat' dir='ltr'><strong>et</strong></span> <span class='ocrx_word' id='word_1_24' title='bbox 1050 614 1219 670; x_wconf 78' lang='lat' dir='ltr'><strong>stella:</strong></span> <span class='ocrx_word' id='word_1_25' title='bbox 1256 618 1593 688; x_wconf 79' lang='lat' dir='ltr'><strong>prodigium.</strong></span> 
     </span>
    </p>
   </div>
   <div class='ocr_carea' id='block_1_7' title="bbox 632 790 2129 871">
    <p class='ocr_par' dir='ltr' id='par_1_7' title="bbox 632 790 2129 871">
     <span class='ocr_line' id='line_1_7' title="bbox 632 790 2129 871; baseline 0.013 -26"><span class='ocrx_word' id='word_1_26' title='bbox 632 790 848 866; x_wconf 77' lang='lat' dir='ltr'><strong>Myrrha</strong></span> <span class='ocrx_word' id='word_1_27' title='bbox 879 804 933 850; x_wconf 91' lang='lat' dir='ltr'><strong>et</strong></span> <span class='ocrx_word' id='word_1_28' title='bbox 960 795 1244 854; x_wconf 79' lang='lat' dir='ltr'><strong>incensum</strong></span> <span class='ocrx_word' id='word_1_29' title='bbox 1281 799 1421 856; x_wconf 91' lang='lat' dir='ltr'><strong>dona</strong></span> <span class='ocrx_word' id='word_1_30' title='bbox 1445 800 1535 857; x_wconf 81' lang='lat' dir='ltr'><strong>Dei</strong></span> <span class='ocrx_word' id='word_1_31' title='bbox 1563 813 1718 871; x_wconf 89' lang='lat' dir='ltr'><strong>sunt;</strong></span> <span class='ocrx_word' id='word_1_32' title='bbox 1737 804 1916 862; x_wconf 89' lang='lat' dir='ltr'><strong>adhuc</strong></span> <span class='ocrx_word' id='word_1_33' title='bbox 1946 815 2129 863; x_wconf 83' lang='lat' dir='ltr'><strong>autem</strong></span> 
     </span>
    </p>
   </div>
   <div class='ocr_carea' id='block_1_8' title="bbox 560 881 2133 963">
    <p class='ocr_par' dir='ltr' id='par_1_8' title="bbox 560 881 2133 963">
     <span class='ocr_line' id='line_1_8' title="bbox 560 881 2133 963; baseline 0.012 -25"><span class='ocrx_word' id='word_1_34' title='bbox 560 899 591 938; x_wconf 87' lang='lat' dir='ltr'><strong>a</strong></span> <span class='ocrx_word' id='word_1_35' title='bbox 622 881 935 943; x_wconf 67' lang='lat' dir='ltr'><strong>Iudaeorum</strong></span> <span class='ocrx_word' id='word_1_36' title='bbox 966 892 1217 947; x_wconf 75' lang='lat' dir='ltr'><strong>crassitie</strong></span> <span class='ocrx_word' id='word_1_37' title='bbox 1254 893 1412 963; x_wconf 86' lang='lat' dir='ltr'><strong>longe</strong></span> <span class='ocrx_word' id='word_1_38' title='bbox 1434 904 1609 961; x_wconf 87' lang='lat' dir='ltr'><strong>erant,</strong></span> <span class='ocrx_word' id='word_1_39' title='bbox 1665 912 1771 951; x_wconf 92' lang='lat' dir='ltr'><strong>non</strong></span> <span class='ocrx_word' id='word_1_40' title='bbox 1820 899 1965 954; x_wconf 90' lang='lat' dir='ltr'><strong>enim</strong></span> <span class='ocrx_word' id='word_1_41' title='bbox 1999 916 2133 957; x_wconf 88' lang='lat' dir='ltr'><strong>oves</strong></span> 
     </span>
    </p>
   </div>
   <div class='ocr_carea' id='block_1_9' title="bbox 560 977 1306 1037">
    <p class='ocr_par' dir='ltr' id='par_1_9' title="bbox 560 977 1306 1037">
     <span class='ocr_line' id='line_1_9' title="bbox 560 977 1306 1037; baseline 0.008 -5"><span class='ocrx_word' id='word_1_42' title='bbox 560 986 656 1032; x_wconf 86' lang='lat' dir='ltr'><strong>aut</strong></span> <span class='ocrx_word' id='word_1_43' title='bbox 682 977 847 1035; x_wconf 80' lang='lat' dir='ltr'><strong>boves</strong></span> <span class='ocrx_word' id='word_1_44' title='bbox 868 980 1306 1037; x_wconf 85' lang='lat' dir='ltr'><strong>immolaverunt.</strong></span> 
     </span>
    </p>
   </div>
   <div class='ocr_carea' id='block_1_10' title="bbox 639 1068 2135 1152">
    <p class='ocr_par' dir='ltr' id='par_1_10' title="bbox 639 1068 2135 1152">
     <span class='ocr_line' id='line_1_10' title="bbox 639 1068 2135 1152; baseline 0.01 -29"><span class='ocrx_word' id='word_1_45' title='bbox 639 1068 800 1124; x_wconf 74' lang='lat' dir='ltr'><strong>Vens.</strong></span> <span class='ocrx_word' id='word_1_46' title='bbox 834 1070 1048 1126; x_wconf 75' lang='lat' dir='ltr'><strong>l3.Cur</strong></span> <span class='ocrx_word' id='word_1_47' title='bbox 1071 1072 1234 1127; x_wconf 89' lang='lat' dir='ltr'><strong>claris</strong></span> <span class='ocrx_word' id='word_1_48' title='bbox 1265 1075 1446 1130; x_wconf 84' lang='lat' dir='ltr'><strong>verbis</strong></span> <span class='ocrx_word' id='word_1_49' title='bbox 1468 1078 1696 1149; x_wconf 78' lang='lat' dir='ltr'><strong>angelus</strong></span> <span class='ocrx_word' id='word_1_50' title='bbox 1728 1078 1896 1145; x_wconf 83' lang='lat' dir='ltr'><strong>dicit,</strong></span> <span class='ocrx_word' id='word_1_51' title='bbox 1945 1082 2135 1152; x_wconf 80' lang='lat' dir='ltr'><strong>Accipe</strong></span> 
     </span>
    </p>
   </div>
   <div class='ocr_carea' id='block_1_11' title="bbox 563 1165 2133 1241">
    <p class='ocr_par' dir='ltr' id='par_1_11' title="bbox 563 1165 2133 1241">
     <span class='ocr_line' id='line_1_11' title="bbox 563 1165 2133 1241; baseline 0.01 -30"><span class='ocrx_word' id='word_1_52' title='bbox 563 1174 781 1228; x_wconf 81' lang='lat' dir='ltr'><strong>puerum</strong></span> <span class='ocrx_word' id='word_1_53' title='bbox 798 1172 846 1216; x_wconf 84' lang='lat' dir='ltr'><strong>et</strong></span> <span class='ocrx_word' id='word_1_54' title='bbox 869 1172 1087 1217; x_wconf 79' lang='lat' dir='ltr'><strong>matrem</strong></span> <span class='ocrx_word' id='word_1_55' title='bbox 1106 1165 1220 1233; x_wconf 77' lang='lat' dir='ltr'><strong>ejus</strong></span> <span class='ocrx_word' id='word_1_56' title='bbox 1237 1181 1259 1230; x_wconf 89' lang='lat'><strong><em>;</em></strong></span> <span class='ocrx_word' id='word_1_57' title='bbox 1277 1176 1331 1220; x_wconf 89' lang='lat' dir='ltr'><strong>et</strong></span> <span class='ocrx_word' id='word_1_58' title='bbox 1355 1182 1458 1222; x_wconf 92' lang='lat' dir='ltr'><strong>non</strong></span> <span class='ocrx_word' id='word_1_59' title='bbox 1481 1167 1641 1233; x_wconf 78' lang='lat' dir='ltr'><strong>dixit,</strong></span> <span class='ocrx_word' id='word_1_60' title='bbox 1658 1172 1943 1241; x_wconf 88' lang='lat' dir='ltr'><strong>conjugem</strong></span> <span class='ocrx_word' id='word_1_61' title='bbox 1962 1182 2133 1241; x_wconf 87' lang='lat' dir='ltr'><strong>tuam,</strong></span> 
     </span>
    </p>
   </div>
   <div class='ocr_carea' id='block_1_12' title="bbox 566 1254 2133 1337">
    <p class='ocr_par' dir='ltr' id='par_1_12' title="bbox 566 1254 2133 1337">
     <span class='ocr_line' id='line_1_12' title="bbox 566 1254 2133 1337; baseline 0.011 -33"><span class='ocrx_word' id='word_1_62' title='bbox 566 1262 624 1306; x_wconf 91' lang='lat' dir='ltr'><strong>ut</strong></span> <span class='ocrx_word' id='word_1_63' title='bbox 654 1254 805 1323; x_wconf 90' lang='lat' dir='ltr'><strong>prius</strong></span> <span class='ocrx_word' id='word_1_64' title='bbox 834 1254 857 1308; x_wconf 81' lang='lat'><strong>?</strong></span> <span class='ocrx_word' id='word_1_65' title='bbox 887 1254 1025 1322; x_wconf 92' lang='lat' dir='ltr'><strong>Quia</strong></span> <span class='ocrx_word' id='word_1_66' title='bbox 1053 1258 1231 1314; x_wconf 83' lang='lat' dir='ltr'><strong>soluta</strong></span> <span class='ocrx_word' id='word_1_67' title='bbox 1261 1267 1378 1314; x_wconf 88' lang='lat' dir='ltr'><strong>erat</strong></span> <span class='ocrx_word' id='word_1_68' title='bbox 1401 1262 1663 1331; x_wconf 82' lang='lat' dir='ltr'><strong>suspicio,</strong></span> <span class='ocrx_word' id='word_1_69' title='bbox 1695 1272 1749 1319; x_wconf 87' lang='lat' dir='ltr'><strong>et</strong></span> <span class='ocrx_word' id='word_1_70' title='bbox 1792 1265 1950 1319; x_wconf 82' lang='lat' dir='ltr'><strong>tidem</strong></span> <span class='ocrx_word' id='word_1_71' title='bbox 1992 1280 2133 1337; x_wconf 70' lang='lat' dir='ltr'><strong>pra:-</strong></span> 
     </span>
    </p>
   </div>
   <div class='ocr_carea' id='block_1_13' title="bbox 564 1342 1007 1417">
    <p class='ocr_par' dir='ltr' id='par_1_13' title="bbox 564 1342 1007 1417">
     <span class='ocr_line' id='line_1_13' title="bbox 564 1342 1007 1417; baseline 0.011 -20"><span class='ocrx_word' id='word_1_72' title='bbox 564 1343 756 1399; x_wconf 84' lang='lat' dir='ltr'><strong>buerat</strong></span> <span class='ocrx_word' id='word_1_73' title='bbox 783 1342 1007 1417; x_wconf 84' lang='lat' dir='ltr'><strong>Joseph.</strong></span> 
     </span>
    </p>
   </div>
   <div class='ocr_carea' id='block_1_14' title="bbox 635 1433 2136 1514">
    <p class='ocr_par' dir='ltr' id='par_1_14' title="bbox 635 1433 2136 1514">
     <span class='ocr_line' id='line_1_14' title="bbox 635 1433 2136 1514; baseline 0.011 -27"><span class='ocrx_word' id='word_1_74' title='bbox 635 1433 1252 1512; x_wconf 64' lang='lat' dir='ltr'><strong>Vens.15.EuEgypto</strong></span> <span class='ocrx_word' id='word_1_75' title='bbox 1291 1446 1655 1514; x_wconf 76' lang='lat' dir='ltr'><strong>vocavi/ilium</strong></span> <span class='ocrx_word' id='word_1_76' title='bbox 1673 1463 1862 1514; x_wconf 82' lang='lat' dir='ltr'><strong>meum,</strong></span> <span class='ocrx_word' id='word_1_77' title='bbox 1890 1448 1944 1504; x_wconf 89' lang='lat' dir='ltr'><strong>in</strong></span> <span class='ocrx_word' id='word_1_78' title='bbox 1980 1446 2136 1505; x_wconf 80' lang='lat' dir='ltr'><strong>Citri-</strong></span> 
     </span>
    </p>
   </div>
   <div class='ocr_carea' id='block_1_15' title="bbox 564 1529 2135 1612">
    <p class='ocr_par' dir='ltr' id='par_1_15' title="bbox 564 1529 2135 1612">
     <span class='ocr_line' id='line_1_15' title="bbox 564 1529 2135 1612; baseline 0.009 -28"><span class='ocrx_word' id='word_1_79' title='bbox 564 1538 709 1584; x_wconf 86' lang='lat' dir='ltr'><strong>stum</strong></span> <span class='ocrx_word' id='word_1_80' title='bbox 737 1529 937 1587; x_wconf 89' lang='lat' dir='ltr'><strong>dictum</strong></span> <span class='ocrx_word' id='word_1_81' title='bbox 955 1531 1142 1590; x_wconf 81' lang='lat' dir='ltr'><strong>fult.Si</strong></span> <span class='ocrx_word' id='word_1_82' title='bbox 1160 1551 1288 1591; x_wconf 88' lang='lat' dir='ltr'><strong>vero</strong></span> <span class='ocrx_word' id='word_1_83' title='bbox 1314 1537 1379 1593; x_wconf 91' lang='lat' dir='ltr'><strong>de</strong></span> <span class='ocrx_word' id='word_1_84' title='bbox 1402 1536 1711 1594; x_wconf 74' lang='lat' dir='ltr'><strong>Judzeorum</strong></span> <span class='ocrx_word' id='word_1_85' title='bbox 1739 1556 1959 1612; x_wconf 89' lang='lat' dir='ltr'><strong>egressu</strong></span> <span class='ocrx_word' id='word_1_86' title='bbox 1993 1541 2135 1598; x_wconf 89' lang='lat' dir='ltr'><strong>istud</strong></span> 
     </span>
    </p>
   </div>
   <div class='ocr_carea' id='block_1_16' title="bbox 565 1618 2137 1699">
    <p class='ocr_par' dir='ltr' id='par_1_16' title="bbox 565 1618 2137 1699">
     <span class='ocr_line' id='line_1_16' title="bbox 565 1618 2137 1699; baseline 0.01 -29"><span class='ocrx_word' id='word_1_87' title='bbox 565 1618 786 1687; x_wconf 82' lang='lat' dir='ltr'><strong>quidam</strong></span> <span class='ocrx_word' id='word_1_88' title='bbox 835 1620 1163 1693; x_wconf 86' lang='lat' dir='ltr'><strong>intelligunt,</strong></span> <span class='ocrx_word' id='word_1_89' title='bbox 1215 1626 1400 1681; x_wconf 84' lang='lat' dir='ltr'><strong>dicere</strong></span> <span class='ocrx_word' id='word_1_90' title='bbox 1450 1643 1747 1697; x_wconf 85' lang='lat' dir='ltr'><strong>possumus</strong></span> <span class='ocrx_word' id='word_1_91' title='bbox 1785 1631 1956 1699; x_wconf 78' lang='lat' dir='ltr'><strong>legem</strong></span> <span class='ocrx_word' id='word_1_92' title='bbox 1997 1634 2137 1687; x_wconf 87' lang='lat' dir='ltr'><strong>hanc</strong></span> 
     </span>
    </p>
   </div>
   <div class='ocr_carea' id='block_1_17' title="bbox 570 1709 2137 1786">
    <p class='ocr_par' dir='ltr' id='par_1_17' title="bbox 570 1709 2137 1786">
     <span class='ocr_line' id='line_1_17' title="bbox 570 1709 2137 1786; baseline 0.013 -28"><span class='ocrx_word' id='word_1_93' title='bbox 570 1709 872 1779; x_wconf 64' lang='lat' dir='ltr'><strong>prophetiae</strong></span> <span class='ocrx_word' id='word_1_94' title='bbox 893 1726 1034 1779; x_wconf 88' lang='lat' dir='ltr'><strong>esse,</strong></span> <span class='ocrx_word' id='word_1_95' title='bbox 1070 1723 1129 1771; x_wconf 92' lang='lat' dir='ltr'><strong>ut</strong></span> <span class='ocrx_word' id='word_1_96' title='bbox 1158 1730 1301 1785; x_wconf 67' lang='lat' dir='ltr'><strong>saepe</strong></span> <span class='ocrx_word' id='word_1_97' title='bbox 1334 1718 1480 1786; x_wconf 90' lang='lat' dir='ltr'><strong>quod</strong></span> <span class='ocrx_word' id='word_1_98' title='bbox 1506 1720 1571 1774; x_wconf 90' lang='lat' dir='ltr'><strong>de</strong></span> <span class='ocrx_word' id='word_1_99' title='bbox 1590 1719 1713 1775; x_wconf 87' lang='lat' dir='ltr'><strong>aliis</strong></span> <span class='ocrx_word' id='word_1_100' title='bbox 1738 1721 1942 1776; x_wconf 87' lang='lat' dir='ltr'><strong>dictum</strong></span> <span class='ocrx_word' id='word_1_101' title='bbox 1968 1731 2051 1777; x_wconf 91' lang='lat' dir='ltr'><strong>est</strong></span> <span class='ocrx_word' id='word_1_102' title='bbox 2067 1724 2137 1778; x_wconf 88' lang='lat' dir='ltr'><strong>ab</strong></span> 
     </span>
    </p>
   </div>
   <div class='ocr_carea' id='block_1_18' title="bbox 565 1800 2136 1879">
    <p class='ocr_par' dir='ltr' id='par_1_18' title="bbox 565 1800 2136 1879">
     <span class='ocr_line' id='line_1_18' title="bbox 565 1800 2136 1879; baseline 0.01 -27"><span class='ocrx_word' id='word_1_103' title='bbox 565 1800 689 1855; x_wconf 90' lang='lat' dir='ltr'><strong>aliis</strong></span> <span class='ocrx_word' id='word_1_104' title='bbox 727 1804 1069 1874; x_wconf 82' lang='lat' dir='ltr'><strong>compleatur</strong></span> <span class='ocrx_word' id='word_1_105' title='bbox 1099 1823 1112 1860; x_wconf 93' lang='lat'><strong>:</strong></span> <span class='ocrx_word' id='word_1_106' title='bbox 1142 1807 1301 1878; x_wconf 85' lang='lat' dir='ltr'><strong>quale</strong></span> <span class='ocrx_word' id='word_1_107' title='bbox 1345 1818 1428 1863; x_wconf 92' lang='lat' dir='ltr'><strong>est</strong></span> <span class='ocrx_word' id='word_1_108' title='bbox 1462 1808 1609 1879; x_wconf 88' lang='lat' dir='ltr'><strong>quod</strong></span> <span class='ocrx_word' id='word_1_109' title='bbox 1649 1810 1714 1864; x_wconf 90' lang='lat' dir='ltr'><strong>de</strong></span> <span class='ocrx_word' id='word_1_110' title='bbox 1759 1809 1978 1866; x_wconf 87' lang='lat' dir='ltr'><strong>Simeou</strong></span> <span class='ocrx_word' id='word_1_111' title='bbox 2019 1812 2136 1867; x_wconf 87' lang='lat' dir='ltr'><strong>dic-</strong></span> 
     </span>
    </p>
   </div>
   <div class='ocr_carea' id='block_1_19' title="bbox 565 1893 2140 1971">
    <p class='ocr_par' dir='ltr' id='par_1_19' title="bbox 565 1893 2140 1971">
     <span class='ocr_line' id='line_1_19' title="bbox 565 1893 2140 1971; baseline 0.009 -25"><span class='ocrx_word' id='word_1_112' title='bbox 565 1902 681 1947; x_wconf 85' lang='lat' dir='ltr'><strong>tum</strong></span> <span class='ocrx_word' id='word_1_113' title='bbox 728 1893 862 1959; x_wconf 81' lang='lat' dir='ltr'><strong>fuit,</strong></span> <span class='ocrx_word' id='word_1_114' title='bbox 902 1896 1143 1952; x_wconf 79' lang='lat' dir='ltr'><strong>Dividam</strong></span> <span class='ocrx_word' id='word_1_115' title='bbox 1168 1914 1275 1965; x_wconf 78' lang='lat' dir='ltr'><strong>eos,</strong></span> <span class='ocrx_word' id='word_1_116' title='bbox 1311 1900 1361 1954; x_wconf 91' lang='lat' dir='ltr'><strong>in</strong></span> <span class='ocrx_word' id='word_1_117' title='bbox 1404 1901 1637 1971; x_wconf 79' lang='lat' dir='ltr'><strong>posteris</strong></span> <span class='ocrx_word' id='word_1_118' title='bbox 1682 1901 1884 1958; x_wconf 80' lang='lat' dir='ltr'><strong>factum</strong></span> <span class='ocrx_word' id='word_1_119' title='bbox 1927 1905 2059 1969; x_wconf 88' lang='lat' dir='ltr'><strong>est;&#39;</strong></span> <span class='ocrx_word' id='word_1_120' title='bbox 2088 1914 2140 1960; x_wconf 83' lang='lat' dir='ltr'><strong>et</strong></span> 
     </span>
    </p>
   </div>
   <div class='ocr_carea' id='block_1_20' title="bbox 564 1984 2140 2056">
    <p class='ocr_par' dir='ltr' id='par_1_20' title="bbox 564 1984 2140 2056">
     <span class='ocr_line' id='line_1_20' title="bbox 564 1984 2140 2056; baseline 0.008 -18"><span class='ocrx_word' id='word_1_121' title='bbox 564 1984 709 2054; x_wconf 88' lang='lat' dir='ltr'><strong>quod</strong></span> <span class='ocrx_word' id='word_1_122' title='bbox 746 1986 813 2041; x_wconf 88' lang='lat' dir='ltr'><strong>de</strong></span> <span class='ocrx_word' id='word_1_123' title='bbox 843 1986 1103 2043; x_wconf 82' lang='lat' dir='ltr'><strong>Chanaan</strong></span> <span class='ocrx_word' id='word_1_124' title='bbox 1138 2004 1168 2043; x_wconf 87' lang='lat' dir='ltr'><strong>a</strong></span> <span class='ocrx_word' id='word_1_125' title='bbox 1194 1986 1307 2045; x_wconf 82' lang='lat' dir='ltr'><strong>Noe</strong></span> <span class='ocrx_word' id='word_1_126' title='bbox 1340 1990 1547 2046; x_wconf 91' lang='lat' dir='ltr'><strong>dictum</strong></span> <span class='ocrx_word' id='word_1_127' title='bbox 1587 2002 1691 2056; x_wconf 86' lang='lat' dir='ltr'><strong>est,</strong></span> <span class='ocrx_word' id='word_1_128' title='bbox 1722 1994 1774 2047; x_wconf 91' lang='lat' dir='ltr'><strong>in</strong></span> <span class='ocrx_word' id='word_1_129' title='bbox 1806 1992 2140 2051; x_wconf 86' lang='lat' dir='ltr'><strong>Gabaonitas</strong></span> 
     </span>
    </p>
   </div>
   <div class='ocr_carea' id='block_1_21' title="bbox 564 2078 2141 2151">
    <p class='ocr_par' dir='ltr' id='par_1_21' title="bbox 564 2078 2141 2151">
     <span class='ocr_line' id='line_1_21' title="bbox 564 2078 2141 2151; baseline 0.009 -23"><span class='ocrx_word' id='word_1_130' title='bbox 564 2086 813 2145; x_wconf 87' lang='lat' dir='ltr'><strong>posteros</strong></span> <span class='ocrx_word' id='word_1_131' title='bbox 850 2078 970 2149; x_wconf 86' lang='lat' dir='ltr'><strong>ejus</strong></span> <span class='ocrx_word' id='word_1_132' title='bbox 1009 2079 1288 2151; x_wconf 88' lang='lat' dir='ltr'><strong>impletum</strong></span> <span class='ocrx_word' id='word_1_133' title='bbox 1317 2094 1428 2148; x_wconf 85' lang='lat' dir='ltr'><strong>est;</strong></span> <span class='ocrx_word' id='word_1_134' title='bbox 1461 2094 1513 2139; x_wconf 88' lang='lat' dir='ltr'><strong>et</strong></span> <span class='ocrx_word' id='word_1_135' title='bbox 1544 2085 1697 2151; x_wconf 85' lang='lat' dir='ltr'><strong>illud,</strong></span> <span class='ocrx_word' id='word_1_136' title='bbox 1730 2084 1857 2141; x_wconf 79' lang='lat' dir='ltr'><strong>Esto</strong></span> <span class='ocrx_word' id='word_1_137' title='bbox 1894 2086 2141 2142; x_wconf 74' lang='lat' dir='ltr'><strong>dominus</strong></span> 
     </span>
    </p>
   </div>
   <div class='ocr_carea' id='block_1_22' title="bbox 562 2166 1726 2247">
    <p class='ocr_par' dir='ltr' id='par_1_22' title="bbox 562 2166 1726 2247">
     <span class='ocr_line' id='line_1_22' title="bbox 562 2166 1726 2247; baseline 0.009 -26"><span class='ocrx_word' id='word_1_138' title='bbox 562 2166 749 2239; x_wconf 77' lang='lat' dir='ltr'><strong>fratris</strong></span> <span class='ocrx_word' id='word_1_139' title='bbox 765 2171 863 2239; x_wconf 86' lang='lat' dir='ltr'><strong>tui,</strong></span> <span class='ocrx_word' id='word_1_140' title='bbox 891 2170 1011 2243; x_wconf 88' lang='lat' dir='ltr'><strong>ejus</strong></span> <span class='ocrx_word' id='word_1_141' title='bbox 1034 2173 1221 2231; x_wconf 91' lang='lat' dir='ltr'><strong>sobole</strong></span> <span class='ocrx_word' id='word_1_142' title='bbox 1258 2176 1586 2247; x_wconf 83' lang='lat' dir='ltr'><strong>completum</strong></span> <span class='ocrx_word' id='word_1_143' title='bbox 1618 2186 1726 2234; x_wconf 91' lang='lat' dir='ltr'><strong>est.</strong></span> 
     </span>
    </p>
   </div>
   <div class='ocr_carea' id='block_1_23' title="bbox 637 2353 2142 2439">
    <p class='ocr_par' dir='ltr' id='par_1_23' title="bbox 637 2353 2142 2439">
     <span class='ocr_line' id='line_1_23' title="bbox 637 2353 2142 2439; baseline 0.01 -31"><span class='ocrx_word' id='word_1_144' title='bbox 637 2353 799 2411; x_wconf 73' lang='lat' dir='ltr'><strong>Vens.</strong></span> <span class='ocrx_word' id='word_1_145' title='bbox 828 2357 923 2413; x_wconf 74' lang='lat'><strong>‘25.</strong></span> <span class='ocrx_word' id='word_1_146' title='bbox 946 2357 1241 2418; x_wconf 63' lang='lat' dir='ltr'><strong>Nazara’us</strong></span> <span class='ocrx_word' id='word_1_147' title='bbox 1264 2366 1706 2438; x_wconf 82' lang='lat' dir='ltr'><strong>vocabilur,quod</strong></span> <span class='ocrx_word' id='word_1_148' title='bbox 1743 2368 1811 2422; x_wconf 85' lang='lat' dir='ltr'><strong>ab</strong></span> <span class='ocrx_word' id='word_1_149' title='bbox 1844 2369 2036 2439; x_wconf 80' lang='lat' dir='ltr'><strong>angelo</strong></span> <span class='ocrx_word' id='word_1_150' title='bbox 2060 2368 2142 2423; x_wconf 87' lang='lat' dir='ltr'><strong>di-</strong></span> 
     </span>
    </p>
   </div>
   <div class='ocr_carea' id='block_1_24' title="bbox 564 2454 2135 2523">
    <p class='ocr_par' dir='ltr' id='par_1_24' title="bbox 564 2454 2135 2523">
     <span class='ocr_line' id='line_1_24' title="bbox 564 2454 2135 2523; baseline 0.011 -25"><span class='ocrx_word' id='word_1_151' title='bbox 564 2454 711 2499; x_wconf 90' lang='lat' dir='ltr'><strong>ctum</strong></span> <span class='ocrx_word' id='word_1_152' title='bbox 744 2458 847 2515; x_wconf 88' lang='lat' dir='ltr'><strong>est,</strong></span> <span class='ocrx_word' id='word_1_153' title='bbox 879 2454 1248 2521; x_wconf 84' lang='lat' dir='ltr'><strong>propheticum</strong></span> <span class='ocrx_word' id='word_1_154' title='bbox 1283 2469 1393 2523; x_wconf 86' lang='lat' dir='ltr'><strong>est;</strong></span> <span class='ocrx_word' id='word_1_155' title='bbox 1425 2461 1525 2513; x_wconf 85' lang='lat' dir='ltr'><strong>etsi</strong></span> <span class='ocrx_word' id='word_1_156' title='bbox 1564 2476 1671 2515; x_wconf 90' lang='lat' dir='ltr'><strong>non</strong></span> <span class='ocrx_word' id='word_1_157' title='bbox 1711 2461 2017 2514; x_wconf 88' lang='lat' dir='ltr'><strong>inveniatur</strong></span> <span class='ocrx_word' id='word_1_158' title='bbox 2047 2460 2135 2515; x_wconf 85' lang='lat' dir='ltr'><strong>ubi</strong></span> 
     </span>
    </p>
   </div>
   <div class='ocr_carea' id='block_1_25' title="bbox 566 2533 2138 2621">
    <p class='ocr_par' dir='ltr' id='par_1_25' title="bbox 566 2533 2138 2621">
     <span class='ocr_line' id='line_1_25' title="bbox 566 2533 2138 2621; baseline 0.013 -33"><span class='ocrx_word' id='word_1_159' title='bbox 566 2533 808 2605; x_wconf 88' lang='lat' dir='ltr'><strong>dictum;</strong></span> <span class='ocrx_word' id='word_1_160' title='bbox 854 2544 1012 2598; x_wconf 90' lang='lat' dir='ltr'><strong>multi</strong></span> <span class='ocrx_word' id='word_1_161' title='bbox 1043 2546 1186 2601; x_wconf 85' lang='lat' dir='ltr'><strong>enim</strong></span> <span class='ocrx_word' id='word_1_162' title='bbox 1235 2550 1678 2621; x_wconf 82' lang='lat' dir='ltr'><strong>prepheticorum</strong></span> <span class='ocrx_word' id='word_1_163' title='bbox 1729 2568 2042 2609; x_wconf 78' lang='lat' dir='ltr'><strong>sermonum</strong></span> <span class='ocrx_word' id='word_1_164' title='bbox 2085 2554 2138 2609; x_wconf 94' lang='lat' dir='ltr'><strong>in</strong></span> 
     </span>
    </p>
   </div>
   <div class='ocr_carea' id='block_1_26' title="bbox 569 2630 1267 2699">
    <p class='ocr_par' dir='ltr' id='par_1_26' title="bbox 569 2630 1267 2699">
     <span class='ocr_line' id='line_1_26' title="bbox 569 2630 1267 2699; baseline 0.02 -17"><span class='ocrx_word' id='word_1_165' title='bbox 569 2630 883 2699; x_wconf 75' lang='lat' dir='ltr'><strong>captivitate</strong></span> <span class='ocrx_word' id='word_1_166' title='bbox 902 2636 1091 2694; x_wconf 89' lang='lat' dir='ltr'><strong>amissi</strong></span> <span class='ocrx_word' id='word_1_167' title='bbox 1118 2648 1267 2695; x_wconf 88' lang='lat' dir='ltr'><strong>sunt.</strong></span> 
     </span>
    </p>
   </div>
   <div class='ocr_carea' id='block_1_27' title="bbox 1192 2786 1538 2847">
    <p class='ocr_par' dir='ltr' id='par_1_27' title="bbox 1192 2786 1538 2847">
     <span class='ocr_line' id='line_1_27' title="bbox 1192 2786 1538 2847; baseline 0.014 -5"><span class='ocrx_word' id='word_1_168' title='bbox 1192 2786 1417 2847; x_wconf 81' lang='lat' dir='ltr'><strong>CAPUT</strong></span> <span class='ocrx_word' id='word_1_169' title='bbox 1448 2790 1538 2847; x_wconf 82' lang='lat' dir='ltr'><strong>Ill.</strong></span> 
     </span>
    </p>
   </div>
   <div class='ocr_carea' id='block_1_28' title="bbox 645 2903 2139 2989">
    <p class='ocr_par' dir='ltr' id='par_1_28' title="bbox 645 2903 2139 2989">
     <span class='ocr_line' id='line_1_28' title="bbox 645 2903 2139 2989; baseline 0.012 -30"><span class='ocrx_word' id='word_1_170' title='bbox 645 2903 801 2963; x_wconf 73' lang='lat' dir='ltr'><strong>Vens.</strong></span> <span class='ocrx_word' id='word_1_171' title='bbox 837 2909 888 2966; x_wconf 83' lang='grc'><strong>1.</strong></span> <span class='ocrx_word' id='word_1_172' title='bbox 910 2909 1139 2978; x_wconf 85' lang='lat' dir='ltr'><strong>Quando</strong></span> <span class='ocrx_word' id='word_1_173' title='bbox 1166 2913 1296 2969; x_wconf 91' lang='lat' dir='ltr'><strong>dicit</strong></span> <span class='ocrx_word' id='word_1_174' title='bbox 1334 2918 1692 2989; x_wconf 88' lang='lat' dir='ltr'><strong>evangelista,</strong></span> <span class='ocrx_word' id='word_1_175' title='bbox 1730 2916 1794 2973; x_wconf 85' lang='lat' dir='ltr'><strong>In</strong></span> <span class='ocrx_word' id='word_1_176' title='bbox 1814 2920 1997 2975; x_wconf 77' lang='lat' dir='ltr'><strong>diebus</strong></span> <span class='ocrx_word' id='word_1_177' title='bbox 2030 2920 2139 2977; x_wconf 80' lang='lat' dir='ltr'><strong>illis</strong></span> 
     </span>
    </p>
   </div>
   <div class='ocr_carea' id='block_1_29' title="bbox 565 2996 2139 3078">
    <p class='ocr_par' dir='ltr' id='par_1_29' title="bbox 565 2996 2139 3078">
     <span class='ocr_line' id='line_1_29' title="bbox 565 2996 2139 3078; baseline 0.014 -31"><span class='ocrx_word' id='word_1_178' title='bbox 565 2997 704 3050; x_wconf 77' lang='lat' dir='ltr'><strong>venit</strong></span> <span class='ocrx_word' id='word_1_179' title='bbox 735 2996 989 3067; x_wconf 77' lang='lat' dir='ltr'><strong>Joannes,</strong></span> <span class='ocrx_word' id='word_1_180' title='bbox 1022 3018 1126 3058; x_wconf 91' lang='lat' dir='ltr'><strong>non</strong></span> <span class='ocrx_word' id='word_1_181' title='bbox 1159 3014 1270 3059; x_wconf 93' lang='lat' dir='ltr'><strong>tum</strong></span> <span class='ocrx_word' id='word_1_182' title='bbox 1301 3021 1422 3060; x_wconf 91' lang='lat' dir='ltr'><strong>eum</strong></span> <span class='ocrx_word' id='word_1_183' title='bbox 1452 3024 1586 3078; x_wconf 88' lang='lat' dir='ltr'><strong>puer</strong></span> <span class='ocrx_word' id='word_1_184' title='bbox 1603 3020 1721 3065; x_wconf 90' lang='lat' dir='ltr'><strong>crat</strong></span> <span class='ocrx_word' id='word_1_185' title='bbox 1740 3010 2009 3076; x_wconf 85' lang='lat' dir='ltr'><strong>Christus,</strong></span> <span class='ocrx_word' id='word_1_186' title='bbox 2037 3014 2139 3069; x_wconf 87' lang='lat' dir='ltr'><strong>hoc</strong></span> 
     </span>
    </p>
   </div>
   <div class='ocr_carea' id='block_1_30' title="bbox 566 3087 2136 3167">
    <p class='ocr_par' dir='ltr' id='par_1_30' title="bbox 566 3087 2136 3167">
     <span class='ocr_line' id='line_1_30' title="bbox 566 3087 2136 3167; baseline 0.012 -29"><span class='ocrx_word' id='word_1_187' title='bbox 566 3087 734 3142; x_wconf 88' lang='lat' dir='ltr'><strong>dicit:</strong></span> <span class='ocrx_word' id='word_1_188' title='bbox 783 3106 907 3144; x_wconf 89' lang='lat' dir='ltr'><strong>nam</strong></span> <span class='ocrx_word' id='word_1_189' title='bbox 960 3101 1083 3163; x_wconf 88' lang='lat' dir='ltr'><strong>post</strong></span> <span class='ocrx_word' id='word_1_190' title='bbox 1135 3110 1310 3152; x_wconf 87' lang='lat' dir='ltr'><strong>annos</strong></span> <span class='ocrx_word' id='word_1_191' title='bbox 1337 3098 1555 3167; x_wconf 82' lang='lat' dir='ltr'><strong>triginta</strong></span> <span class='ocrx_word' id='word_1_192' title='bbox 1602 3101 1817 3157; x_wconf 85' lang='lat' dir='ltr'><strong>venisse</strong></span> <span class='ocrx_word' id='word_1_193' title='bbox 1872 3101 2136 3157; x_wconf 82' lang='lat' dir='ltr'><strong>Joannem</strong></span> 
     </span>
    </p>
   </div>
   <div class='ocr_carea' id='block_1_31' title="bbox 568 3180 2207 3291">
    <p class='ocr_par' dir='ltr' id='par_1_31' title="bbox 568 3180 2207 3291">
     <span class='ocr_line' id='line_1_31' title="bbox 568 3180 2207 3291; baseline 0.013 -58"><span class='ocrx_word' id='word_1_194' title='bbox 568 3180 743 3237; x_wconf 87' lang='lat' dir='ltr'><strong>Lucas</strong></span> <span class='ocrx_word' id='word_1_195' title='bbox 783 3192 1045 3253; x_wconf 86' lang='lat' dir='ltr'><strong>testatur;</strong></span> <span class='ocrx_word' id='word_1_196' title='bbox 1078 3190 1173 3244; x_wconf 90' lang='lat' dir='ltr'><strong>sed</strong></span> <span class='ocrx_word' id='word_1_197' title='bbox 1224 3189 1520 3262; x_wconf 73' lang='lat' dir='ltr'><strong>Scriptura:</strong></span> <span class='ocrx_word' id='word_1_198' title='bbox 1572 3210 1691 3251; x_wconf 90' lang='lat' dir='ltr'><strong>mos</strong></span> <span class='ocrx_word' id='word_1_199' title='bbox 1751 3207 1835 3252; x_wconf 89' lang='lat' dir='ltr'><strong>est</strong></span> <span class='ocrx_word' id='word_1_200' title='bbox 1883 3198 2026 3252; x_wconf 85' lang='lat' dir='ltr'><strong>talis.</strong></span> <span class='ocrx_word' id='word_1_201' title='bbox 2074 3208 2135 3254; x_wconf 94' lang='lat' dir='ltr'><strong>ut</strong></span> <span class='ocrx_word' id='word_1_202' title='bbox 2164 3235 2207 3291; x_wconf 62' lang='grc' dir='ltr'>α</span> 
     </span>
    </p>
   </div>
   <div class='ocr_carea' id='block_1_32' title="bbox 566 3274 2137 3359">
    <p class='ocr_par' dir='ltr' id='par_1_32' title="bbox 566 3274 2137 3359">
     <span class='ocr_line' id='line_1_32' title="bbox 566 3274 2137 3359; baseline 0.014 -33"><span class='ocrx_word' id='word_1_203' title='bbox 566 3274 784 3342; x_wconf 85' lang='lat' dir='ltr'><strong>quando</strong></span> <span class='ocrx_word' id='word_1_204' title='bbox 798 3274 1052 3334; x_wconf 89' lang='lat' dir='ltr'><strong>Christus</strong></span> <span class='ocrx_word' id='word_1_205' title='bbox 1070 3280 1122 3335; x_wconf 90' lang='lat' dir='ltr'><strong>in</strong></span> <span class='ocrx_word' id='word_1_206' title='bbox 1146 3292 1328 3357; x_wconf 87' lang='lat' dir='ltr'><strong>monte</strong></span> <span class='ocrx_word' id='word_1_207' title='bbox 1343 3284 1622 3355; x_wconf 84' lang='lat' dir='ltr'><strong>discipulis</strong></span> <span class='ocrx_word' id='word_1_208' title='bbox 1639 3288 1879 3359; x_wconf 83' lang='lat' dir='ltr'><strong>loquitur</strong></span> <span class='ocrx_word' id='word_1_209' title='bbox 1896 3291 1961 3345; x_wconf 81' lang='lat' dir='ltr'><strong>(le</strong></span> <span class='ocrx_word' id='word_1_210' title='bbox 1982 3306 2137 3347; x_wconf 86' lang='lat' dir='ltr'><strong>ever-</strong></span> 
     </span>
    </p>
   </div>
   <div class='ocr_carea' id='block_1_33' title="bbox 568 3366 2139 3442">
    <p class='ocr_par' dir='ltr' id='par_1_33' title="bbox 568 3366 2139 3442">
     <span class='ocr_line' id='line_1_33' title="bbox 568 3366 2139 3442; baseline 0.013 -22"><span class='ocrx_word' id='word_1_211' title='bbox 568 3366 723 3422; x_wconf 88' lang='lat' dir='ltr'><strong>sione</strong></span> <span class='ocrx_word' id='word_1_212' title='bbox 751 3367 925 3435; x_wconf 86' lang='lat' dir='ltr'><strong>nrbis,</strong></span> <span class='ocrx_word' id='word_1_213' title='bbox 946 3380 998 3424; x_wconf 92' lang='lat' dir='ltr'><strong>et</strong></span> <span class='ocrx_word' id='word_1_214' title='bbox 1025 3371 1089 3426; x_wconf 83' lang='lat' dir='ltr'><strong>de</strong></span> <span class='ocrx_word' id='word_1_215' title='bbox 1118 3374 1413 3442; x_wconf 66' lang='lat' dir='ltr'><strong>praphetim</strong></span> <span class='ocrx_word' id='word_1_216' title='bbox 1442 3378 1828 3442; x_wconf 82' lang='lat' dir='ltr'><strong>adimplctione</strong></span> <span class='ocrx_word' id='word_1_217' title='bbox 1858 3382 2139 3440; x_wconf 88' lang='lat' dir='ltr'><strong>locuturus</strong></span> 
     </span>
    </p>
   </div>
   <div class='ocr_carea' id='block_1_34' title="bbox 564 3457 2140 3542">
    <p class='ocr_par' dir='ltr' id='par_1_34' title="bbox 564 3457 2140 3542">
     <span class='ocr_line' id='line_1_34' title="bbox 564 3457 2140 3542; baseline 0.013 -33"><span class='ocrx_word' id='word_1_218' title='bbox 564 3457 783 3526; x_wconf 78' lang='lat' dir='ltr'><strong>adjecit,</strong></span> <span class='ocrx_word' id='word_1_219' title='bbox 808 3458 961 3516; x_wconf 90' lang='lat' dir='ltr'><strong>Tunc</strong></span> <span class='ocrx_word' id='word_1_220' title='bbox 986 3462 1099 3518; x_wconf 53' lang='lat' dir='ltr'><strong>haec</strong></span> <span class='ocrx_word' id='word_1_221' title='bbox 1117 3472 1170 3518; x_wconf 90' lang='lat' dir='ltr'><strong>et</strong></span> <span class='ocrx_word' id='word_1_222' title='bbox 1197 3464 1284 3520; x_wconf 91' lang='lat' dir='ltr'><strong>illa</strong></span> <span class='ocrx_word' id='word_1_223' title='bbox 1302 3480 1478 3522; x_wconf 87' lang='lat' dir='ltr'><strong>erunt.</strong></span> <span class='ocrx_word' id='word_1_224' title='bbox 1499 3468 1738 3542; x_wconf 81' lang='lat' dir='ltr'><strong>Triginta</strong></span> <span class='ocrx_word' id='word_1_225' title='bbox 1773 3489 1946 3527; x_wconf 85' lang='lat' dir='ltr'><strong>annos</strong></span> <span class='ocrx_word' id='word_1_226' title='bbox 1982 3484 2140 3529; x_wconf 87' lang='lat' dir='ltr'><strong>natus</strong></span> 
     </span>
    </p>
   </div>
   <div class='ocr_carea' id='block_1_35' title="bbox 564 3545 2141 3634">
    <p class='ocr_par' dir='ltr' id='par_1_35' title="bbox 564 3545 2141 3634">
     <span class='ocr_line' id='line_1_35' title="bbox 564 3545 2141 3634; baseline 0.014 -34"><span class='ocrx_word' id='word_1_227' title='bbox 564 3545 689 3601; x_wconf 76' lang='lat' dir='ltr'><strong>ideo</strong></span> <span class='ocrx_word' id='word_1_228' title='bbox 724 3551 1048 3620; x_wconf 85' lang='lat' dir='ltr'><strong>baptizatur,</strong></span> <span class='ocrx_word' id='word_1_229' title='bbox 1089 3565 1147 3609; x_wconf 92' lang='lat' dir='ltr'><strong>ut</strong></span> <span class='ocrx_word' id='word_1_230' title='bbox 1190 3556 1462 3627; x_wconf 81' lang='lat' dir='ltr'><strong>perfectus</strong></span> <span class='ocrx_word' id='word_1_231' title='bbox 1492 3576 1613 3615; x_wconf 86' lang='lat' dir='ltr'><strong>cum</strong></span> <span class='ocrx_word' id='word_1_232' title='bbox 1643 3562 1735 3629; x_wconf 90' lang='lat' dir='ltr'><strong>sit,</strong></span> <span class='ocrx_word' id='word_1_233' title='bbox 1765 3563 1999 3634; x_wconf 82' lang='lat' dir='ltr'><strong>perfecta</strong></span> <span class='ocrx_word' id='word_1_234' title='bbox 2030 3574 2141 3621; x_wconf 83' lang='lat' dir='ltr'><strong>tra-</strong></span> 
     </span>
    </p>
   </div>
   <div class='ocr_carea' id='block_1_36' title="bbox 568 3636 1008 3697">
    <p class='ocr_par' dir='ltr' id='par_1_36' title="bbox 568 3636 1008 3697">
     <span class='ocr_line' id='line_1_36' title="bbox 568 3636 1008 3697; baseline 0.016 -7"><span class='ocrx_word' id='word_1_235' title='bbox 568 3636 704 3693; x_wconf 87' lang='lat' dir='ltr'><strong>dens</strong></span> <span class='ocrx_word' id='word_1_236' title='bbox 731 3642 1008 3697; x_wconf 86' lang='lat' dir='ltr'><strong>credatur.</strong></span> 
     </span>
    </p>
   </div>
   <div class='ocr_carea' id='block_1_37' title="bbox 642 3819 2137 3907">
    <p class='ocr_par' dir='ltr' id='par_1_37' title="bbox 642 3819 2137 3907">
     <span class='ocr_line' id='line_1_37' title="bbox 642 3819 2137 3907; baseline 0.011 -32"><span class='ocrx_word' id='word_1_237' title='bbox 642 3819 806 3878; x_wconf 74' lang='lat' dir='ltr'><strong>Vens.</strong></span> <span class='ocrx_word' id='word_1_238' title='bbox 833 3824 889 3880; x_wconf 75' lang='lat'><strong>2.</strong></span> <span class='ocrx_word' id='word_1_239' title='bbox 931 3824 1089 3894; x_wconf 84' lang='lat' dir='ltr'><strong>Illud,</strong></span> <span class='ocrx_word' id='word_1_240' title='bbox 1116 3827 1564 3902; x_wconf 78' lang='lat' dir='ltr'><strong>Appropinquaeit</strong></span> <span class='ocrx_word' id='word_1_241' title='bbox 1613 3849 1828 3907; x_wconf 80' lang='lat' dir='ltr'><strong>regnum</strong></span> <span class='ocrx_word' id='word_1_242' title='bbox 1862 3836 2137 3903; x_wconf 80' lang='lat' dir='ltr'><strong>caelorum,</strong></span> 
     </span>
    </p>
   </div>
   <div class='ocr_carea' id='block_1_38' title="bbox 568 3911 2135 3987">
    <p class='ocr_par' dir='ltr' id='par_1_38' title="bbox 568 3911 2135 3987">
     <span class='ocr_line' id='line_1_38' title="bbox 568 3911 2135 3987; baseline 0.01 -20"><span class='ocrx_word' id='word_1_243' title='bbox 568 3911 639 3967; x_wconf 91' lang='lat' dir='ltr'><strong>ob</strong></span> <span class='ocrx_word' id='word_1_244' title='bbox 663 3913 806 3970; x_wconf 84' lang='lat' dir='ltr'><strong>illius</strong></span> <span class='ocrx_word' id='word_1_245' title='bbox 823 3918 1166 3986; x_wconf 68' lang='lat' dir='ltr'><strong>pra-sentiam</strong></span> <span class='ocrx_word' id='word_1_246' title='bbox 1189 3920 1354 3987; x_wconf 89' lang='lat' dir='ltr'><strong>dicit;</strong></span> <span class='ocrx_word' id='word_1_247' title='bbox 1381 3939 1471 3978; x_wconf 84' lang='lat' dir='ltr'><strong>rex</strong></span> <span class='ocrx_word' id='word_1_248' title='bbox 1503 3923 1648 3979; x_wconf 88' lang='lat' dir='ltr'><strong>enim</strong></span> <span class='ocrx_word' id='word_1_249' title='bbox 1681 3926 1946 3981; x_wconf 74' lang='lat' dir='ltr'><strong>cmlorum</strong></span> <span class='ocrx_word' id='word_1_250' title='bbox 1995 3938 2135 3982; x_wconf 88' lang='lat' dir='ltr'><strong>erat.</strong></span> 
     </span>
    </p>
   </div>
   <div class='ocr_carea' id='block_1_39' title="bbox 637 4092 2138 4173">
    <p class='ocr_par' dir='ltr' id='par_1_39' title="bbox 637 4092 2138 4173">
     <span class='ocr_line' id='line_1_39' title="bbox 637 4092 2138 4173; baseline 0.012 -26"><span class='ocrx_word' id='word_1_251' title='bbox 637 4092 803 4149; x_wconf 69' lang='lat' dir='ltr'><strong>Vens.</strong></span> <span class='ocrx_word' id='word_1_252' title='bbox 833 4095 883 4152; x_wconf 87' lang='grc'><strong>7.</strong></span> <span class='ocrx_word' id='word_1_253' title='bbox 904 4096 1127 4156; x_wconf 86' lang='lat' dir='ltr'><strong>Dicente</strong></span> <span class='ocrx_word' id='word_1_254' title='bbox 1148 4103 1479 4173; x_wconf 86' lang='lat' dir='ltr'><strong>evangelista</strong></span> <span class='ocrx_word' id='word_1_255' title='bbox 1518 4106 1583 4161; x_wconf 89' lang='lat' dir='ltr'><strong>de</strong></span> <span class='ocrx_word' id='word_1_256' title='bbox 1611 4102 1897 4163; x_wconf 67' lang='lat' dir='ltr'><strong>Pliarismis</strong></span> <span class='ocrx_word' id='word_1_257' title='bbox 1923 4116 1976 4160; x_wconf 81' lang='lat' dir='ltr'><strong>et</strong></span> <span class='ocrx_word' id='word_1_258' title='bbox 2000 4108 2138 4164; x_wconf 86' lang='lat' dir='ltr'><strong>Sad-</strong></span> 
     </span>
    </p>
   </div>
   <div class='ocr_carea' id='block_1_40' title="bbox 566 4184 2137 4270">
    <p class='ocr_par' dir='ltr' id='par_1_40' title="bbox 566 4184 2137 4270">
     <span class='ocr_line' id='line_1_40' title="bbox 566 4184 2137 4270; baseline 0.008 -30"><span class='ocrx_word' id='word_1_259' title='bbox 566 4184 771 4244; x_wconf 74' lang='lat' dir='ltr'><strong>ducaeis</strong></span> <span class='ocrx_word' id='word_1_260' title='bbox 791 4190 933 4258; x_wconf 84' lang='lat' dir='ltr'><strong>quod</strong></span> <span class='ocrx_word' id='word_1_261' title='bbox 981 4193 1227 4249; x_wconf 83' lang='lat' dir='ltr'><strong>venirent</strong></span> <span class='ocrx_word' id='word_1_262' title='bbox 1260 4205 1319 4249; x_wconf 91' lang='lat' dir='ltr'><strong>ut</strong></span> <span class='ocrx_word' id='word_1_263' title='bbox 1345 4196 1747 4265; x_wconf 83' lang='lat' dir='ltr'><strong>baptizarentur</strong></span> <span class='ocrx_word' id='word_1_264' title='bbox 1789 4199 1857 4253; x_wconf 89' lang='lat' dir='ltr'><strong>ab</strong></span> <span class='ocrx_word' id='word_1_265' title='bbox 1887 4215 1973 4263; x_wconf 83' lang='lat' dir='ltr'><strong>eo.</strong></span> <span class='ocrx_word' id='word_1_266' title='bbox 1998 4216 2137 4270; x_wconf 87' lang='lat' dir='ltr'><strong>quo-</strong></span> 
     </span>
    </p>
   </div>
   <div class='ocr_carea' id='block_1_41' title="bbox 566 4278 2136 4343">
    <p class='ocr_par' dir='ltr' id='par_1_41' title="bbox 566 4278 2136 4343">
     <span class='ocr_line' id='line_1_41' title="bbox 566 4278 2136 4343; baseline 0.006 -10"><span class='ocrx_word' id='word_1_267' title='bbox 566 4278 728 4333; x_wconf 88' lang='lat' dir='ltr'><strong>modo</strong></span> <span class='ocrx_word' id='word_1_268' title='bbox 757 4278 1007 4337; x_wconf 88' lang='lat' dir='ltr'><strong>Christus</strong></span> <span class='ocrx_word' id='word_1_269' title='bbox 1038 4283 1170 4339; x_wconf 74' lang='lat' dir='ltr'><strong>dicit</strong></span> <span class='ocrx_word' id='word_1_270' title='bbox 1229 4286 1351 4341; x_wconf 92' lang='lat' dir='ltr'><strong>illos</strong></span> <span class='ocrx_word' id='word_1_271' title='bbox 1397 4284 1593 4341; x_wconf 88' lang='lat' dir='ltr'><strong>Joanni</strong></span> <span class='ocrx_word' id='word_1_272' title='bbox 1624 4303 1730 4341; x_wconf 92' lang='lat' dir='ltr'><strong>non</strong></span> <span class='ocrx_word' id='word_1_273' title='bbox 1797 4291 2136 4343; x_wconf 85' lang='lat' dir='ltr'><strong>credidisse?</strong></span> 
     </span>
    </p>
   </div>
   <div class='ocr_carea' id='block_1_42' title="bbox 565 4369 2135 4448">
    <p class='ocr_par' dir='ltr' id='par_1_42' title="bbox 565 4369 2135 4448">
     <span class='ocr_line' id='line_1_42' title="bbox 565 4369 2135 4448; baseline 0.007 -24"><span class='ocrx_word' id='word_1_274' title='bbox 565 4369 705 4436; x_wconf 86' lang='lat' dir='ltr'><strong>Quia</strong></span> <span class='ocrx_word' id='word_1_275' title='bbox 729 4375 950 4429; x_wconf 87' lang='lat' dir='ltr'><strong>credere</strong></span> <span class='ocrx_word' id='word_1_276' title='bbox 1010 4392 1117 4430; x_wconf 86' lang='lat' dir='ltr'><strong>non</strong></span> <span class='ocrx_word' id='word_1_277' title='bbox 1151 4389 1293 4444; x_wconf 88' lang='lat' dir='ltr'><strong>erat,</strong></span> <span class='ocrx_word' id='word_1_278' title='bbox 1323 4379 1469 4445; x_wconf 91' lang='lat' dir='ltr'><strong>quod</strong></span> <span class='ocrx_word' id='word_1_279' title='bbox 1498 4381 1566 4431; x_wconf 84' lang='lat' dir='ltr'><strong>ab</strong></span> <span class='ocrx_word' id='word_1_280' title='bbox 1598 4380 1690 4433; x_wconf 84' lang='lat' dir='ltr'><strong>illo</strong></span> <span class='ocrx_word' id='word_1_281' title='bbox 1735 4381 2135 4448; x_wconf 64' lang='lat' dir='ltr'><strong>praedicabatur</strong></span> 
     </span>
    </p>
   </div>
   <div class='ocr_carea' id='block_1_43' title="bbox 565 4464 2134 4540">
    <p class='ocr_par' dir='ltr' id='par_1_43' title="bbox 565 4464 2134 4540">
     <span class='ocr_line' id='line_1_43' title="bbox 565 4464 2134 4540; baseline 0.006 -24"><span class='ocrx_word' id='word_1_282' title='bbox 565 4478 674 4516; x_wconf 87' lang='lat' dir='ltr'><strong>nun</strong></span> <span class='ocrx_word' id='word_1_283' title='bbox 711 4465 977 4534; x_wconf 86' lang='lat' dir='ltr'><strong>accipere.</strong></span> <span class='ocrx_word' id='word_1_284' title='bbox 1008 4464 1248 4524; x_wconf 78' lang='lat' dir='ltr'><strong>Joannes</strong></span> <span class='ocrx_word' id='word_1_285' title='bbox 1280 4471 1426 4524; x_wconf 91' lang='lat' dir='ltr'><strong>enim</strong></span> <span class='ocrx_word' id='word_1_286' title='bbox 1453 4469 1623 4524; x_wconf 79' lang='lat' dir='ltr'><strong>dixit:</strong></span> <span class='ocrx_word' id='word_1_287' title='bbox 1658 4469 1797 4524; x_wconf 84' lang='lat' dir='ltr'><strong>Ecce</strong></span> <span class='ocrx_word' id='word_1_288' title='bbox 1829 4472 2009 4540; x_wconf 79' lang='lat' dir='ltr'><strong>Agnus</strong></span> <span class='ocrx_word' id='word_1_289' title='bbox 2039 4472 2134 4526; x_wconf 84' lang='lat' dir='ltr'><strong>Dei</strong></span> 
     </span>
    </p>
   </div>
   <div class='ocr_carea' id='block_1_44' title="bbox 563 4554 1345 4626">
    <p class='ocr_par' dir='ltr' id='par_1_44' title="bbox 563 4554 1345 4626">
     <span class='ocr_line' id='line_1_44' title="bbox 563 4554 1345 4626; baseline 0.01 -19"><span class='ocrx_word' id='word_1_290' title='bbox 563 4554 655 4625; x_wconf 81' lang='lat' dir='ltr'><strong>qui</strong></span> <span class='ocrx_word' id='word_1_291' title='bbox 680 4556 819 4619; x_wconf 82' lang='lat' dir='ltr'><strong>tollit</strong></span> <span class='ocrx_word' id='word_1_292' title='bbox 847 4568 1119 4626; x_wconf 80' lang='lat' dir='ltr'><strong>peccatum</strong></span> <span class='ocrx_word' id='word_1_293' title='bbox 1142 4561 1345 4615; x_wconf 86' lang='lat' dir='ltr'><strong>mundi.</strong></span> 
     </span>
    </p>
   </div>
   <div class='ocr_carea' id='block_1_45' title="bbox 632 4738 2129 4818">
    <p class='ocr_par' dir='ltr' id='par_1_45' title="bbox 632 4738 2129 4818">
     <span class='ocr_line' id='line_1_45' title="bbox 632 4738 2129 4818; baseline 0.006 -22"><span class='ocrx_word' id='word_1_294' title='bbox 632 4738 800 4796; x_wconf 68' lang='lat' dir='ltr'><strong>Vens.</strong></span> <span class='ocrx_word' id='word_1_295' title='bbox 833 4739 919 4797; x_wconf 63' lang='lat' dir='ltr'><strong>li.</strong></span> <span class='ocrx_word' id='word_1_296' title='bbox 955 4741 1119 4811; x_wconf 77' lang='lat' dir='ltr'><strong>Cujus</strong></span> <span class='ocrx_word' id='word_1_297' title='bbox 1145 4743 1493 4796; x_wconf 77' lang='lat' dir='ltr'><strong>vontilnbrum</strong></span> <span class='ocrx_word' id='word_1_298' title='bbox 1523 4745 1578 4798; x_wconf 78' lang='lat' dir='ltr'><strong>in</strong></span> <span class='ocrx_word' id='word_1_299' title='bbox 1621 4761 1777 4799; x_wconf 86' lang='lat' dir='ltr'><strong>manu</strong></span> <span class='ocrx_word' id='word_1_300' title='bbox 1805 4747 1939 4816; x_wconf 79' lang='lat' dir='ltr'><strong>ejus,</strong></span> <span class='ocrx_word' id='word_1_301' title='bbox 1979 4749 2129 4818; x_wconf 91' lang='lat' dir='ltr'><strong>judi-</strong></span> 
     </span>
    </p>
   </div>
   <div class='ocr_carea' id='block_1_46' title="bbox 564 4832 2128 4908">
    <p class='ocr_par' dir='ltr' id='par_1_46' title="bbox 564 4832 2128 4908">
     <span class='ocr_line' id='line_1_46' title="bbox 564 4832 2128 4908; baseline 0.006 -20"><span class='ocrx_word' id='word_1_302' title='bbox 564 4846 682 4888; x_wconf 87' lang='lat' dir='ltr'><strong>cem</strong></span> <span class='ocrx_word' id='word_1_303' title='bbox 734 4832 884 4886; x_wconf 90' lang='lat' dir='ltr'><strong>illum</strong></span> <span class='ocrx_word' id='word_1_304' title='bbox 917 4847 1037 4887; x_wconf 78' lang='lat' dir='ltr'><strong>esse</strong></span> <span class='ocrx_word' id='word_1_305' title='bbox 1072 4833 1363 4902; x_wconf 83' lang='lat' dir='ltr'><strong>signiﬁcat,</strong></span> <span class='ocrx_word' id='word_1_306' title='bbox 1390 4834 1791 4891; x_wconf 89' lang='lat' dir='ltr'><strong>discernentem</strong></span> <span class='ocrx_word' id='word_1_307' title='bbox 1846 4839 2023 4908; x_wconf 88' lang='lat' dir='ltr'><strong>justos</strong></span> <span class='ocrx_word' id='word_1_308' title='bbox 2074 4852 2128 4897; x_wconf 85' lang='lat' dir='ltr'><strong>et</strong></span> 
     </span>
    </p>
   </div>
   <div class='ocr_carea' id='block_1_47' title="bbox 562 4922 2128 5001">
    <p class='ocr_par' dir='ltr' id='par_1_47' title="bbox 562 4922 2128 5001">
     <span class='ocr_line' id='line_1_47' title="bbox 562 4922 2128 5001; baseline 0.007 -24"><span class='ocrx_word' id='word_1_309' title='bbox 562 4933 902 5001; x_wconf 76' lang='lat' dir='ltr'><strong>peccatores;</strong></span> <span class='ocrx_word' id='word_1_310' title='bbox 940 4922 1080 4992; x_wconf 86' lang='lat' dir='ltr'><strong>ignis</strong></span> <span class='ocrx_word' id='word_1_311' title='bbox 1139 4933 1318 4980; x_wconf 88' lang='lat' dir='ltr'><strong>autem</strong></span> <span class='ocrx_word' id='word_1_312' title='bbox 1371 4926 1825 4997; x_wconf 82' lang='lat' dir='ltr'><strong>inexstingnibilis</strong></span> <span class='ocrx_word' id='word_1_313' title='bbox 1866 4943 2128 4988; x_wconf 60' lang='lat' dir='ltr'><strong>aeternum</strong></span> 
     </span>
    </p>
   </div>
   <div class='ocr_carea' id='block_1_48' title="bbox 561 5016 1153 5088">
    <p class='ocr_par' dir='ltr' id='par_1_48' title="bbox 561 5016 1153 5088">
     <span class='ocr_line' id='line_1_48' title="bbox 561 5016 1153 5088; baseline -0.002 -16"><span class='ocrx_word' id='word_1_314' title='bbox 561 5017 888 5088; x_wconf 85' lang='lat' dir='ltr'><strong>supplicium</strong></span> <span class='ocrx_word' id='word_1_315' title='bbox 930 5016 1153 5072; x_wconf 88' lang='lat' dir='ltr'><strong>indicat.</strong></span> 
     </span>
    </p>
   </div>
   <div class='ocr_carea' id='block_1_49' title="bbox 632 5105 2129 5175">
    <p class='ocr_par' dir='ltr' id='par_1_49' title="bbox 632 5105 2129 5175">
     <span class='ocr_line' id='line_1_49' title="bbox 632 5105 2129 5175; baseline 0.005 -12"><span class='ocrx_word' id='word_1_316' title='bbox 632 5106 797 5163; x_wconf 73' lang='lat' dir='ltr'><strong>Vens.</strong></span> <span class='ocrx_word' id='word_1_317' title='bbox 837 5107 924 5162; x_wconf 73' lang='grc' dir='ltr'><strong>Η.</strong></span> <span class='ocrx_word' id='word_1_318' title='bbox 959 5105 1193 5162; x_wconf 84' lang='lat' dir='ltr'><strong>Joannes</strong></span> <span class='ocrx_word' id='word_1_319' title='bbox 1219 5107 1453 5175; x_wconf 88' lang='lat' dir='ltr'><strong>primum</strong></span> <span class='ocrx_word' id='word_1_320' title='bbox 1490 5107 1677 5163; x_wconf 78' lang='lat' dir='ltr'><strong>nolens</strong></span> <span class='ocrx_word' id='word_1_321' title='bbox 1698 5108 1974 5166; x_wconf 85' lang='lat' dir='ltr'><strong>Christum</strong></span> <span class='ocrx_word' id='word_1_322' title='bbox 2009 5129 2037 5168; x_wconf 91' lang='lat' dir='ltr'><strong>a</strong></span> <span class='ocrx_word' id='word_1_323' title='bbox 2070 5131 2129 5171; x_wconf 91' lang='lat' dir='ltr'><strong>se</strong></span> 
     </span>
    </p>
   </div>
   <div class='ocr_carea' id='block_1_50' title="bbox 562 5197 2129 5270">
    <p class='ocr_par' dir='ltr' id='par_1_50' title="bbox 562 5197 2129 5270">
     <span class='ocr_line' id='line_1_50' title="bbox 562 5197 2129 5270; baseline 0.004 -16"><span class='ocrx_word' id='word_1_324' title='bbox 562 5199 849 5270; x_wconf 78' lang='lat' dir='ltr'><strong>baptizari,</strong></span> <span class='ocrx_word' id='word_1_325' title='bbox 900 5206 1088 5269; x_wconf 89' lang='lat' dir='ltr'><strong>postea</strong></span> <span class='ocrx_word' id='word_1_326' title='bbox 1136 5197 1463 5268; x_wconf 83' lang='lat' dir='ltr'><strong>baptizavit;</strong></span> <span class='ocrx_word' id='word_1_327' title='bbox 1507 5200 1810 5257; x_wconf 89' lang='lat' dir='ltr'><strong>obstinatus</strong></span> <span class='ocrx_word' id='word_1_328' title='bbox 1866 5204 2129 5260; x_wconf 85' lang='lat' dir='ltr'><strong>immode—</strong></span> 
     </span>
    </p>
   </div>
   <div class='ocr_carea' id='block_1_51' title="bbox 562 5288 2130 5361">
    <p class='ocr_par' dir='ltr' id='par_1_51' title="bbox 562 5288 2130 5361">
     <span class='ocr_line' id='line_1_51' title="bbox 562 5288 2130 5361; baseline 0.005 -16"><span class='ocrx_word' id='word_1_329' title='bbox 562 5301 680 5345; x_wconf 89' lang='lat' dir='ltr'><strong>rate</strong></span> <span class='ocrx_word' id='word_1_330' title='bbox 704 5304 811 5344; x_wconf 91' lang='lat' dir='ltr'><strong>non</strong></span> <span class='ocrx_word' id='word_1_331' title='bbox 843 5288 964 5352; x_wconf 78' lang='lat' dir='ltr'><strong>fuit,</strong></span> <span class='ocrx_word' id='word_1_332' title='bbox 995 5288 1088 5342; x_wconf 80' lang='lat' dir='ltr'><strong>sed</strong></span> <span class='ocrx_word' id='word_1_333' title='bbox 1126 5298 1179 5344; x_wconf 91' lang='lat' dir='ltr'><strong>et</strong></span> <span class='ocrx_word' id='word_1_334' title='bbox 1219 5289 1592 5356; x_wconf 86' lang='lat' dir='ltr'><strong>indignitatem</strong></span> <span class='ocrx_word' id='word_1_335' title='bbox 1627 5294 1881 5361; x_wconf 77' lang='lat' dir='ltr'><strong>os:endit,</strong></span> <span class='ocrx_word' id='word_1_336' title='bbox 1912 5307 1965 5349; x_wconf 89' lang='lat' dir='ltr'><strong>et</strong></span> <span class='ocrx_word' id='word_1_337' title='bbox 1999 5296 2130 5353; x_wconf 84' lang='lat' dir='ltr'><strong>ohe-</strong></span> 
     </span>
    </p>
   </div>
   <div class='ocr_carea' id='block_1_52' title="bbox 562 5379 1090 5450">
    <p class='ocr_par' dir='ltr' id='par_1_52' title="bbox 562 5379 1090 5450">
     <span class='ocr_line' id='line_1_52' title="bbox 562 5379 1090 5450; baseline -0.006 -11"><span class='ocrx_word' id='word_1_338' title='bbox 562 5382 821 5439; x_wconf 88' lang='lat' dir='ltr'><strong>dientiam</strong></span> <span class='ocrx_word' id='word_1_339' title='bbox 841 5379 1090 5450; x_wconf 57' lang='lat' dir='ltr'><strong>praebuit.</strong></span> 
     </span>
    </p>
   </div>
   <div class='ocr_carea' id='block_1_53' title="bbox 631 5468 2128 5547">
    <p class='ocr_par' dir='ltr' id='par_1_53' title="bbox 631 5468 2128 5547">
     <span class='ocr_line' id='line_1_53' title="bbox 631 5468 2128 5547; baseline 0.005 -22"><span class='ocrx_word' id='word_1_340' title='bbox 631 5471 799 5527; x_wconf 75' lang='lat' dir='ltr'><strong>Vens.</strong></span> <span class='ocrx_word' id='word_1_341' title='bbox 842 5471 928 5526; x_wconf 87' lang='lat' dir='ltr'><strong>l5.</strong></span> <span class='ocrx_word' id='word_1_342' title='bbox 958 5469 1115 5535; x_wconf 78' lang='lat' dir='ltr'><strong>Illud,</strong></span> <span class='ocrx_word' id='word_1_343' title='bbox 1154 5468 1279 5525; x_wconf 82' lang='lat' dir='ltr'><strong>Sine</strong></span> <span class='ocrx_word' id='word_1_344' title='bbox 1320 5471 1493 5535; x_wconf 84' lang='lat' dir='ltr'><strong>modo,</strong></span> <span class='ocrx_word' id='word_1_345' title='bbox 1520 5471 1805 5541; x_wconf 75' lang='lat' dir='ltr'><strong>signiﬁcat,</strong></span> <span class='ocrx_word' id='word_1_346' title='bbox 1839 5473 1956 5531; x_wconf 82' lang='lat' dir='ltr'><strong>Non</strong></span> <span class='ocrx_word' id='word_1_347' title='bbox 2005 5492 2128 5547; x_wconf 88' lang='lat' dir='ltr'><strong>per-</strong></span> 
     </span>
    </p>
   </div>
   <div class='ocr_carea' id='block_1_54' title="bbox 562 5560 2125 5639">
    <p class='ocr_par' dir='ltr' id='par_1_54' title="bbox 562 5560 2125 5639">
     <span class='ocr_line' id='line_1_54' title="bbox 562 5560 2125 5639; baseline 0.003 -20"><span class='ocrx_word' id='word_1_348' title='bbox 562 5573 727 5635; x_wconf 88' lang='lat' dir='ltr'><strong>petuo</strong></span> <span class='ocrx_word' id='word_1_349' title='bbox 760 5563 813 5616; x_wconf 91' lang='lat' dir='ltr'><strong>in</strong></span> <span class='ocrx_word' id='word_1_350' title='bbox 848 5561 932 5616; x_wconf 85' lang='lat' dir='ltr'><strong>his</strong></span> <span class='ocrx_word' id='word_1_351' title='bbox 966 5576 1053 5615; x_wconf 90' lang='lat' dir='ltr'><strong>me</strong></span> <span class='ocrx_word' id='word_1_352' title='bbox 1087 5560 1317 5621; x_wconf 82' lang='lat' dir='ltr'><strong>videbis,</strong></span> <span class='ocrx_word' id='word_1_353' title='bbox 1341 5562 1433 5616; x_wconf 86' lang='lat' dir='ltr'><strong>sed</strong></span> <span class='ocrx_word' id='word_1_354' title='bbox 1464 5561 1672 5618; x_wconf 76' lang='lat' dir='ltr'><strong>videbis</strong></span> <span class='ocrx_word' id='word_1_355' title='bbox 1696 5579 1781 5620; x_wconf 85' lang='lat' dir='ltr'><strong>tne</strong></span> <span class='ocrx_word' id='word_1_356' title='bbox 1804 5564 1856 5619; x_wconf 92' lang='lat' dir='ltr'><strong>in</strong></span> <span class='ocrx_word' id='word_1_357' title='bbox 1885 5566 1970 5623; x_wconf 89' lang='lat' dir='ltr'><strong>his</strong></span> <span class='ocrx_word' id='word_1_358' title='bbox 2003 5584 2125 5639; x_wconf 73' lang='lat' dir='ltr'><strong>qua:</strong></span> 
     </span>
    </p>
   </div>
   <div class='ocr_carea' id='block_1_55' title="bbox 563 5654 1536 5726">
    <p class='ocr_par' dir='ltr' id='par_1_55' title="bbox 563 5654 1536 5726">
     <span class='ocr_line' id='line_1_55' title="bbox 563 5654 1536 5726; baseline -0.004 -14"><span class='ocrx_word' id='word_1_359' title='bbox 563 5655 741 5724; x_wconf 88' lang='lat' dir='ltr'><strong>cupis,</strong></span> <span class='ocrx_word' id='word_1_360' title='bbox 768 5654 987 5726; x_wconf 81' lang='lat' dir='ltr'><strong>quando</strong></span> <span class='ocrx_word' id='word_1_361' title='bbox 1020 5654 1140 5724; x_wconf 83' lang='lat' dir='ltr'><strong>ejus</strong></span> <span class='ocrx_word' id='word_1_362' title='bbox 1165 5654 1269 5709; x_wconf 86' lang='lat' dir='ltr'><strong>erit</strong></span> <span class='ocrx_word' id='word_1_363' title='bbox 1300 5665 1536 5725; x_wconf 81' lang='lat' dir='ltr'><strong>tempus.</strong></span> 
     </span>
    </p>
   </div>
   <div class='ocr_carea' id='block_1_56' title="bbox 632 5742 2121 5817">
    <p class='ocr_par' dir='ltr' id='par_1_56' title="bbox 632 5742 2121 5817">
     <span class='ocr_line' id='line_1_56' title="bbox 632 5742 2121 5817; baseline 0.005 -21"><span class='ocrx_word' id='word_1_364' title='bbox 632 5742 798 5799; x_wconf 71' lang='lat' dir='ltr'><strong>Vens.</strong></span> <span class='ocrx_word' id='word_1_365' title='bbox 836 5743 921 5801; x_wconf 79' lang='grc'><strong>16.</strong></span> <span class='ocrx_word' id='word_1_366' title='bbox 951 5744 1132 5812; x_wconf 82' lang='lat' dir='ltr'><strong>Quare</strong></span> <span class='ocrx_word' id='word_1_367' title='bbox 1164 5744 1403 5815; x_wconf 86' lang='lat' dir='ltr'><strong>Spiritus</strong></span> <span class='ocrx_word' id='word_1_368' title='bbox 1438 5746 1490 5800; x_wconf 90' lang='lat' dir='ltr'><strong>in</strong></span> <span class='ocrx_word' id='word_1_369' title='bbox 1532 5747 1796 5802; x_wconf 64' lang='lat' dir='ltr'><strong>columba:</strong></span> <span class='ocrx_word' id='word_1_370' title='bbox 1825 5749 2007 5817; x_wconf 84' lang='lat' dir='ltr'><strong>specie</strong></span> <span class='ocrx_word' id='word_1_371' title='bbox 2038 5753 2121 5803; x_wconf 83' lang='lat' dir='ltr'><strong>vi-</strong></span> 
     </span>
    </p>
   </div>
   <div class='ocr_carea' id='block_1_57' title="bbox 564 5838 2124 5911">
    <p class='ocr_par' dir='ltr' id='par_1_57' title="bbox 564 5838 2124 5911">
     <span class='ocr_line' id='line_1_57' title="bbox 564 5838 2124 5911; baseline 0.005 -20"><span class='ocrx_word' id='word_1_372' title='bbox 564 5838 718 5893; x_wconf 74' lang='lat' dir='ltr'><strong>detur</strong></span> <span class='ocrx_word' id='word_1_373' title='bbox 740 5840 762 5893; x_wconf 87' lang='lat'><strong>?</strong></span> <span class='ocrx_word' id='word_1_374' title='bbox 784 5838 919 5907; x_wconf 81' lang='lat' dir='ltr'><strong>Quia</strong></span> <span class='ocrx_word' id='word_1_375' title='bbox 960 5842 1089 5897; x_wconf 84' lang='lat' dir='ltr'><strong>mite</strong></span> <span class='ocrx_word' id='word_1_376' title='bbox 1125 5850 1204 5897; x_wconf 84' lang='lat' dir='ltr'><strong>est</strong></span> <span class='ocrx_word' id='word_1_377' title='bbox 1234 5840 1438 5895; x_wconf 84' lang='lat' dir='ltr'><strong>animal</strong></span> <span class='ocrx_word' id='word_1_378' title='bbox 1460 5850 1509 5895; x_wconf 87' lang='lat' dir='ltr'><strong>et</strong></span> <span class='ocrx_word' id='word_1_379' title='bbox 1541 5855 1756 5910; x_wconf 84' lang='lat' dir='ltr'><strong>purum.</strong></span> <span class='ocrx_word' id='word_1_380' title='bbox 1789 5840 1921 5894; x_wconf 89' lang='lat' dir='ltr'><strong>Cum</strong></span> <span class='ocrx_word' id='word_1_381' title='bbox 1960 5841 2124 5911; x_wconf 77' lang='lat' dir='ltr'><strong>igitur</strong></span> 
     </span>
    </p>
   </div>
   <div class='ocr_carea' id='block_1_58' title="bbox 2240 625 3813 701">
    <p class='ocr_par' dir='ltr' id='par_1_58' title="bbox 2240 625 3813 701">
     <span class='ocr_line' id='line_1_58' title="bbox 2240 625 3813 701; baseline 0.001 -22"><span class='ocrx_word' id='word_1_382' title='bbox 2240 625 2307 679; x_wconf 85' lang='grc' dir='ltr'><strong>Ἤ</strong></span> <span class='ocrx_word' id='word_1_383' title='bbox 2341 628 2495 697; x_wconf 69' lang='grc' dir='ltr'>παρὰ</span> <span class='ocrx_word' id='word_1_384' title='bbox 2530 628 2623 683; x_wconf 84' lang='grc' dir='ltr'><strong>τοῦ</strong></span> <span class='ocrx_word' id='word_1_385' title='bbox 2669 629 2809 684; x_wconf 81' lang='grc' dir='ltr'>Θεοῦ</span> <span class='ocrx_word' id='word_1_386' title='bbox 2851 629 3115 701; x_wconf 71' lang='grc' dir='ltr'>ελλαμψις</span> <span class='ocrx_word' id='word_1_387' title='bbox 3159 632 3254 684; x_wconf 75' lang='grc' dir='ltr'>καὶ</span> <span class='ocrx_word' id='word_1_388' title='bbox 3312 630 3373 682; x_wconf 75' lang='grc' dir='ltr'>τὸ</span> <span class='ocrx_word' id='word_1_389' title='bbox 3418 628 3513 683; x_wconf 82' lang='grc' dir='ltr'>τοῦ</span> <span class='ocrx_word' id='word_1_390' title='bbox 3570 627 3813 699; x_wconf 78' lang='grc' dir='ltr'><strong>ἀστέρος</strong></span> 
     </span>
    </p>
   </div>
   <div class='ocr_carea' id='block_1_59' title="bbox 2230 718 2489 783">
    <p class='ocr_par' dir='ltr' id='par_1_59' title="bbox 2230 718 2489 783">
     <span class='ocr_line' id='line_1_59' title="bbox 2230 718 2489 783; baseline 0.008 -12"><span class='ocrx_word' id='word_1_391' title='bbox 2230 718 2489 783; x_wconf 71' lang='grc' dir='ltr'>ἐξαίσιον.</span> 
     </span>
    </p>
   </div>
   <div class='ocr_carea' id='block_1_60' title="bbox 2310 808 3811 884">
    <p class='ocr_par' dir='ltr' id='par_1_60' title="bbox 2310 808 3811 884">
     <span class='ocr_line' id='line_1_60' title="bbox 2310 808 3811 884; baseline -0.002 -19"><span class='ocrx_word' id='word_1_392' title='bbox 2310 810 2378 865; x_wconf 83' lang='grc' dir='ltr'><strong>Ἦ</strong></span> <span class='ocrx_word' id='word_1_393' title='bbox 2407 811 2623 883; x_wconf 79' lang='grc' dir='ltr'><strong>σμύρνα</strong></span> <span class='ocrx_word' id='word_1_394' title='bbox 2668 812 2762 868; x_wconf 82' lang='grc' dir='ltr'>καὶ</span> <span class='ocrx_word' id='word_1_395' title='bbox 2812 816 2841 869; x_wconf 87' lang='grc' dir='ltr'><strong>ό</strong></span> <span class='ocrx_word' id='word_1_396' title='bbox 2878 812 3179 877; x_wconf 76' lang='grc' dir='ltr'>λιϐανωτὸς</span> <span class='ocrx_word' id='word_1_397' title='bbox 3229 812 3379 884; x_wconf 82' lang='grc' dir='ltr'>δῶρα</span> <span class='ocrx_word' id='word_1_398' title='bbox 3433 808 3570 866; x_wconf 77' lang='grc' dir='ltr'>Θεοῦ</span> <span class='ocrx_word' id='word_1_399' title='bbox 3620 812 3811 864; x_wconf 76' lang='grc' dir='ltr'>εἰσιν·</span> 
     </span>
    </p>
   </div>
   <div class='ocr_carea' id='block_1_61' title="bbox 2231 898 3812 976">
    <p class='ocr_par' dir='ltr' id='par_1_61' title="bbox 2231 898 3812 976">
     <span class='ocr_line' id='line_1_61' title="bbox 2231 898 3812 976; baseline 0.009 -22"><span class='ocrx_word' id='word_1_400' title='bbox 2231 898 2313 955; x_wconf 79' lang='grc' dir='ltr'>ἔτι</span> <span class='ocrx_word' id='word_1_401' title='bbox 2340 900 2398 955; x_wconf 73' lang='grc' dir='ltr'>δὲ</span> <span class='ocrx_word' id='word_1_402' title='bbox 2420 904 2515 957; x_wconf 79' lang='grc' dir='ltr'>καὶ</span> <span class='ocrx_word' id='word_1_403' title='bbox 2538 904 2636 974; x_wconf 85' lang='grc' dir='ltr'><strong>τῆς</strong></span> <span class='ocrx_word' id='word_1_404' title='bbox 2675 903 2977 975; x_wconf 77' lang='grc' dir='ltr'><strong>Ἰουδαϊκῆς</strong></span> <span class='ocrx_word' id='word_1_405' title='bbox 3003 902 3313 976; x_wconf 74' lang='grc' dir='ltr'>παχύτητος</span> <span class='ocrx_word' id='word_1_406' title='bbox 3332 902 3525 975; x_wconf 67' lang='grc' dir='ltr'>πόρῤω</span> <span class='ocrx_word' id='word_1_407' title='bbox 3550 918 3567 934; x_wconf 89' lang='grc'>⁶</span> <span class='ocrx_word' id='word_1_408' title='bbox 3594 901 3657 955; x_wconf 71' lang='grc' dir='ltr'><strong>οὗ</strong></span> <span class='ocrx_word' id='word_1_409' title='bbox 3694 900 3812 970; x_wconf 74' lang='grc' dir='ltr'><strong>γὰρ</strong></span> 
     </span>
    </p>
   </div>
   <div class='ocr_carea' id='block_1_62' title="bbox 2232 994 3018 1067">
    <p class='ocr_par' dir='ltr' id='par_1_62' title="bbox 2232 994 3018 1067">
     <span class='ocr_line' id='line_1_62' title="bbox 2232 994 3018 1067; baseline 0.005 -19"><span class='ocrx_word' id='word_1_410' title='bbox 2232 994 2484 1066; x_wconf 85' lang='grc' dir='ltr'>πρόϐατα</span> <span class='ocrx_word' id='word_1_411' title='bbox 2511 997 2602 1051; x_wconf 80' lang='grc' dir='ltr'>καὶ</span> <span class='ocrx_word' id='word_1_412' title='bbox 2638 996 2768 1067; x_wconf 80' lang='grc' dir='ltr'>βόας</span> <span class='ocrx_word' id='word_1_413' title='bbox 2801 997 3018 1053; x_wconf 67' lang='grc' dir='ltr'>ἔθυσαν.</span> 
     </span>
    </p>
   </div>
   <div class='ocr_carea' id='block_1_63' title="bbox 2302 1084 3814 1159">
    <p class='ocr_par' dir='ltr' id='par_1_63' title="bbox 2302 1084 3814 1159">
     <span class='ocr_line' id='line_1_63' title="bbox 2302 1084 3814 1159; baseline -0.001 -20"><span class='ocrx_word' id='word_1_414' title='bbox 2302 1085 2399 1141; x_wconf 83' lang='grc' dir='ltr'>Διά</span> <span class='ocrx_word' id='word_1_415' title='bbox 2426 1085 2479 1140; x_wconf 90' lang='grc' dir='ltr'><strong>τί</strong></span> <span class='ocrx_word' id='word_1_416' title='bbox 2526 1087 2729 1159; x_wconf 81' lang='grc' dir='ltr'>ἀρτίως</span> <span class='ocrx_word' id='word_1_417' title='bbox 2768 1090 2798 1143; x_wconf 84' lang='grc' dir='ltr'><strong>δ</strong></span> <span class='ocrx_word' id='word_1_418' title='bbox 2852 1088 3084 1158; x_wconf 72' lang='grc' dir='ltr'>ἄγγελος</span> <span class='ocrx_word' id='word_1_419' title='bbox 3133 1087 3281 1158; x_wconf 78' lang='grc' dir='ltr'>λέγει</span> <span class='ocrx_word' id='word_1_420' title='bbox 3313 1102 3331 1119; x_wconf 82' lang='grc'>⁶</span> <span class='ocrx_word' id='word_1_421' title='bbox 3366 1085 3681 1156; x_wconf 69' lang='grc' dir='ltr'>Παράλαϐε</span> <span class='ocrx_word' id='word_1_422' title='bbox 3742 1084 3814 1137; x_wconf 77' lang='grc' dir='ltr'>τὸ</span> 
     </span>
    </p>
   </div>
   <div class='ocr_carea' id='block_1_64' title="bbox 2233 1172 3809 1250">
    <p class='ocr_par' dir='ltr' id='par_1_64' title="bbox 2233 1172 3809 1250">
     <span class='ocr_line' id='line_1_64' title="bbox 2233 1172 3809 1250; baseline -0.003 -19"><span class='ocrx_word' id='word_1_423' title='bbox 2233 1178 2476 1232; x_wconf 74' lang='grc' dir='ltr'>παιδίον</span> <span class='ocrx_word' id='word_1_424' title='bbox 2514 1179 2612 1233; x_wconf 80' lang='grc' dir='ltr'><strong>καί</strong></span> <span class='ocrx_word' id='word_1_425' title='bbox 2661 1180 2777 1249; x_wconf 77' lang='grc' dir='ltr'><strong>τὴν</strong></span> <span class='ocrx_word' id='word_1_426' title='bbox 2814 1180 3046 1250; x_wconf 80' lang='grc' dir='ltr'>μητέρα</span> <span class='ocrx_word' id='word_1_427' title='bbox 3093 1180 3304 1245; x_wconf 79' lang='grc' dir='ltr'>αὑτοῦ,</span> <span class='ocrx_word' id='word_1_428' title='bbox 3337 1178 3427 1233; x_wconf 80' lang='grc' dir='ltr'>καὶ</span> <span class='ocrx_word' id='word_1_429' title='bbox 3476 1180 3576 1233; x_wconf 84' lang='grc' dir='ltr'>οὐκ</span> <span class='ocrx_word' id='word_1_430' title='bbox 3624 1172 3809 1239; x_wconf 76' lang='grc' dir='ltr'>εἶπεν,</span> 
     </span>
    </p>
   </div>
   <div class='ocr_carea' id='block_1_65' title="bbox 2234 1268 3809 1344">
    <p class='ocr_par' dir='ltr' id='par_1_65' title="bbox 2234 1268 3809 1344">
     <span class='ocr_line' id='line_1_65' title="bbox 2234 1268 3809 1344; baseline 0.011 -23"><span class='ocrx_word' id='word_1_431' title='bbox 2234 1269 2347 1340; x_wconf 76' lang='grc' dir='ltr'><strong>Τὴν</strong></span> <span class='ocrx_word' id='word_1_432' title='bbox 2370 1271 2606 1338; x_wconf 79' lang='grc' dir='ltr'>γυναῖκά</span> <span class='ocrx_word' id='word_1_433' title='bbox 2654 1288 2773 1337; x_wconf 88' lang='grc' dir='ltr'>σου,</span> <span class='ocrx_word' id='word_1_434' title='bbox 2816 1272 2892 1335; x_wconf 76' lang='grc' dir='ltr'><strong>ὡς</strong></span> <span class='ocrx_word' id='word_1_435' title='bbox 2941 1271 3245 1344; x_wconf 85' lang='grc' dir='ltr'>πρότερον;</span> <span class='ocrx_word' id='word_1_436' title='bbox 3284 1268 3505 1342; x_wconf 73' lang='grc' dir='ltr'>Ἐπειδὴ</span> <span class='ocrx_word' id='word_1_437' title='bbox 3542 1268 3713 1338; x_wconf 71' lang='grc' dir='ltr'><strong>ὲλῦθη</strong></span> <span class='ocrx_word' id='word_1_438' title='bbox 3772 1268 3809 1337; x_wconf 70' lang='grc' dir='ltr'>ἡ</span> 
     </span>
    </p>
   </div>
   <div class='ocr_carea' id='block_1_66' title="bbox 2232 1360 3200 1434">
    <p class='ocr_par' dir='ltr' id='par_1_66' title="bbox 2232 1360 3200 1434">
     <span class='ocr_line' id='line_1_66' title="bbox 2232 1360 3200 1434; baseline 0.003 -21"><span class='ocrx_word' id='word_1_439' title='bbox 2232 1360 2461 1429; x_wconf 78' lang='grc' dir='ltr'>ὑποψία,</span> <span class='ocrx_word' id='word_1_440' title='bbox 2488 1361 2584 1414; x_wconf 78' lang='grc' dir='ltr'>καὶ</span> <span class='ocrx_word' id='word_1_441' title='bbox 2610 1361 2885 1434; x_wconf 79' lang='grc' dir='ltr'>ὲπιστώθη</span> <span class='ocrx_word' id='word_1_442' title='bbox 2907 1362 2936 1416; x_wconf 84' lang='grc' dir='ltr'><strong>ό</strong></span> <span class='ocrx_word' id='word_1_443' title='bbox 2973 1361 3200 1432; x_wconf 78' lang='grc' dir='ltr'>Ἰωσήφ.</span> 
     </span>
    </p>
   </div>
   <div class='ocr_carea' id='block_1_67' title="bbox 2317 1449 3813 1522">
    <p class='ocr_par' dir='ltr' id='par_1_67' title="bbox 2317 1449 3813 1522">
     <span class='ocr_line' id='line_1_67' title="bbox 2317 1449 3813 1522; baseline -0.003 -16"><span class='ocrx_word' id='word_1_444' title='bbox 2317 1450 2421 1515; x_wconf 81' lang='grc' dir='ltr'><strong>Ἐξ</strong></span> <span class='ocrx_word' id='word_1_445' title='bbox 2435 1452 2745 1522; x_wconf 74' lang='grc' dir='ltr'><strong>Αἰγύπτου</strong></span> <span class='ocrx_word' id='word_1_446' title='bbox 2760 1450 3026 1507; x_wconf 70' lang='grc' dir='ltr'>ἐκάλεσα</span> <span class='ocrx_word' id='word_1_447' title='bbox 3050 1452 3158 1507; x_wconf 77' lang='grc' dir='ltr'><strong>τὸν</strong></span> <span class='ocrx_word' id='word_1_448' title='bbox 3180 1452 3318 1507; x_wconf 73' lang='grc' dir='ltr'>υἱόν</span> <span class='ocrx_word' id='word_1_449' title='bbox 3368 1469 3483 1517; x_wconf 69' lang='grc' dir='ltr'><strong>μου</strong></span> <span class='ocrx_word' id='word_1_450' title='bbox 3508 1466 3523 1482; x_wconf 88' lang='grc'><strong>·</strong></span> <span class='ocrx_word' id='word_1_451' title='bbox 3560 1450 3641 1515; x_wconf 75' lang='grc' dir='ltr'>εἰς</span> <span class='ocrx_word' id='word_1_452' title='bbox 3671 1449 3813 1519; x_wconf 80' lang='grc' dir='ltr'>Χρι-</span> 
     </span>
    </p>
   </div>
   <div class='ocr_carea' id='block_1_68' title="bbox 2238 1541 3811 1615">
    <p class='ocr_par' dir='ltr' id='par_1_68' title="bbox 2238 1541 3811 1615">
     <span class='ocr_line' id='line_1_68' title="bbox 2238 1541 3811 1615; baseline -0.002 -19"><span class='ocrx_word' id='word_1_453' title='bbox 2238 1541 2360 1598; x_wconf 85' lang='grc' dir='ltr'>στόν</span> <span class='ocrx_word' id='word_1_454' title='bbox 2392 1544 2543 1597; x_wconf 68' lang='grc' dir='ltr'>ἐστιν</span> <span class='ocrx_word' id='word_1_455' title='bbox 2579 1560 2595 1576; x_wconf 78' lang='lat'><strong><em>°</em></strong></span> <span class='ocrx_word' id='word_1_456' title='bbox 2627 1544 2676 1598; x_wconf 75' lang='lat' dir='ltr'><strong>sl</strong></span> <span class='ocrx_word' id='word_1_457' title='bbox 2703 1543 2760 1598; x_wconf 75' lang='grc' dir='ltr'><strong>δι</strong></span> <span class='ocrx_word' id='word_1_458' title='bbox 2813 1544 2908 1599; x_wconf 71' lang='grc' dir='ltr'><strong>ἐπὶ</strong></span> <span class='ocrx_word' id='word_1_459' title='bbox 2956 1544 3056 1615; x_wconf 73' lang='grc' dir='ltr'>τῆς</span> <span class='ocrx_word' id='word_1_460' title='bbox 3084 1542 3270 1611; x_wconf 73' lang='grc' dir='ltr'>ἐξόδου</span> <span class='ocrx_word' id='word_1_461' title='bbox 3317 1542 3475 1598; x_wconf 78' lang='grc' dir='ltr'>τοῦτο</span> <span class='ocrx_word' id='word_1_462' title='bbox 3530 1541 3811 1611; x_wconf 73' lang='grc' dir='ltr'>λέγουσιν,</span> 
     </span>
    </p>
   </div>
   <div class='ocr_carea' id='block_1_69' title="bbox 2237 1633 3814 1708">
    <p class='ocr_par' dir='ltr' id='par_1_69' title="bbox 2237 1633 3814 1708">
     <span class='ocr_line' id='line_1_69' title="bbox 2237 1633 3814 1708; baseline -0.002 -19"><span class='ocrx_word' id='word_1_463' title='bbox 2237 1635 2485 1707; x_wconf 69' lang='grc' dir='ltr'>εἴποιμεν</span> <span class='ocrx_word' id='word_1_464' title='bbox 2546 1638 2628 1691; x_wconf 78' lang='grc' dir='ltr'>ὅτι</span> <span class='ocrx_word' id='word_1_465' title='bbox 2682 1638 2779 1693; x_wconf 76' lang='grc' dir='ltr'>καὶ</span> <span class='ocrx_word' id='word_1_466' title='bbox 2820 1635 2980 1691; x_wconf 81' lang='grc' dir='ltr'>τοῦτο</span> <span class='ocrx_word' id='word_1_467' title='bbox 3017 1635 3355 1708; x_wconf 79' lang='grc' dir='ltr'><strong>προφητείας</strong></span> <span class='ocrx_word' id='word_1_468' title='bbox 3380 1633 3547 1705; x_wconf 79' lang='grc' dir='ltr'>νόμος</span> <span class='ocrx_word' id='word_1_469' title='bbox 3568 1634 3689 1688; x_wconf 68' lang='grc' dir='ltr'>ἐστὶ</span> <span class='ocrx_word' id='word_1_470' title='bbox 3751 1633 3814 1686; x_wconf 74' lang='grc' dir='ltr'>τὸ</span> 
     </span>
    </p>
   </div>
   <div class='ocr_carea' id='block_1_70' title="bbox 2238 1723 3815 1802">
    <p class='ocr_par' dir='ltr' id='par_1_70' title="bbox 2238 1723 3815 1802">
     <span class='ocr_line' id='line_1_70' title="bbox 2238 1723 3815 1802; baseline -0.004 -18"><span class='ocrx_word' id='word_1_471' title='bbox 2238 1729 2500 1794; x_wconf 78' lang='grc' dir='ltr'><strong>πολλάκις</strong></span> <span class='ocrx_word' id='word_1_472' title='bbox 2540 1730 2631 1785; x_wconf 63' lang='grc' dir='ltr'><strong>ἐπ’</strong></span> <span class='ocrx_word' id='word_1_473' title='bbox 2672 1729 2850 1786; x_wconf 74' lang='grc' dir='ltr'>ἄλλων</span> <span class='ocrx_word' id='word_1_474' title='bbox 2878 1728 3173 1802; x_wconf 77' lang='grc' dir='ltr'>λεγόμενον</span> <span class='ocrx_word' id='word_1_475' title='bbox 3197 1726 3536 1800; x_wconf 77' lang='grc' dir='ltr'>πληροῦσθαι</span> <span class='ocrx_word' id='word_1_476' title='bbox 3562 1723 3651 1794; x_wconf 72' lang='grc' dir='ltr'><strong>ἐφ’</strong></span> <span class='ocrx_word' id='word_1_477' title='bbox 3695 1725 3815 1777; x_wconf 76' lang='grc' dir='ltr'><strong>ἑτέ-</strong></span> 
     </span>
    </p>
   </div>
   <div class='ocr_carea' id='block_1_71' title="bbox 2244 1813 3816 1893">
    <p class='ocr_par' dir='ltr' id='par_1_71' title="bbox 2244 1813 3816 1893">
     <span class='ocr_line' id='line_1_71' title="bbox 2244 1813 3816 1893; baseline -0.005 -17"><span class='ocrx_word' id='word_1_478' title='bbox 2244 1839 2354 1893; x_wconf 87' lang='grc' dir='ltr'>ρων</span> <span class='ocrx_word' id='word_1_479' title='bbox 2390 1839 2404 1855; x_wconf 73' lang='grc' dir='ltr'><strong>ο</strong></span> <span class='ocrx_word' id='word_1_480' title='bbox 2436 1818 2548 1876; x_wconf 72' lang='grc' dir='ltr'>οἷον</span> <span class='ocrx_word' id='word_1_481' title='bbox 2570 1819 2632 1876; x_wconf 83' lang='grc' dir='ltr'><strong>τδ</strong></span> <span class='ocrx_word' id='word_1_482' title='bbox 2654 1822 2748 1877; x_wconf 73' lang='grc' dir='ltr'><strong>ἐπὶ</strong></span> <span class='ocrx_word' id='word_1_483' title='bbox 2782 1819 2875 1877; x_wconf 78' lang='grc' dir='ltr'><strong>τοῦ</strong></span> <span class='ocrx_word' id='word_1_484' title='bbox 2912 1818 3126 1892; x_wconf 86' lang='grc' dir='ltr'>Σιμεὼν</span> <span class='ocrx_word' id='word_1_485' title='bbox 3146 1818 3354 1891; x_wconf 65' lang='grc' dir='ltr'>λεχθὲν,</span> <span class='ocrx_word' id='word_1_486' title='bbox 3383 1818 3467 1874; x_wconf 83' lang='grc' dir='ltr'>ὅτι</span> <span class='ocrx_word' id='word_1_487' title='bbox 3522 1813 3816 1887; x_wconf 75' lang='grc' dir='ltr'>Διαμερτῶ</span> 
     </span>
    </p>
   </div>
   <div class='ocr_carea' id='block_1_72' title="bbox 2244 1905 3821 1983">
    <p class='ocr_par' dir='ltr' id='par_1_72' title="bbox 2244 1905 3821 1983">
     <span class='ocr_line' id='line_1_72' title="bbox 2244 1905 3821 1983; baseline -0.004 -17"><span class='ocrx_word' id='word_1_488' title='bbox 2244 1912 2486 1979; x_wconf 81' lang='grc' dir='ltr'>αὐτοὺς,</span> <span class='ocrx_word' id='word_1_489' title='bbox 2522 1914 2743 1983; x_wconf 84' lang='grc' dir='ltr'>γέγονεν</span> <span class='ocrx_word' id='word_1_490' title='bbox 2771 1913 2865 1968; x_wconf 72' lang='grc' dir='ltr'><strong>ἐπὶ</strong></span> <span class='ocrx_word' id='word_1_491' title='bbox 2905 1912 3014 1968; x_wconf 84' lang='grc' dir='ltr'><strong>τῶν</strong></span> <span class='ocrx_word' id='word_1_492' title='bbox 3043 1911 3287 1982; x_wconf 67' lang='grc' dir='ltr'>ἐκγόνων</span> <span class='ocrx_word' id='word_1_493' title='bbox 3310 1927 3327 1945; x_wconf 78' lang='grc' dir='ltr'><strong>ο</strong></span> <span class='ocrx_word' id='word_1_494' title='bbox 3356 1911 3449 1966; x_wconf 72' lang='grc' dir='ltr'>καὶ</span> <span class='ocrx_word' id='word_1_495' title='bbox 3481 1909 3543 1963; x_wconf 82' lang='grc' dir='ltr'><strong>τδ</strong></span> <span class='ocrx_word' id='word_1_496' title='bbox 3576 1909 3672 1962; x_wconf 67' lang='grc' dir='ltr'><strong>επὶ</strong></span> <span class='ocrx_word' id='word_1_497' title='bbox 3717 1905 3821 1960; x_wconf 76' lang='grc' dir='ltr'>τοῦ</span> 
     </span>
    </p>
   </div>
   <div class='ocr_carea' id='block_1_73' title="bbox 2246 2000 3819 2078">
    <p class='ocr_par' dir='ltr' id='par_1_73' title="bbox 2246 2000 3819 2078">
     <span class='ocr_line' id='line_1_73' title="bbox 2246 2000 3819 2078; baseline -0.003 -20"><span class='ocrx_word' id='word_1_498' title='bbox 2246 2004 2468 2059; x_wconf 78' lang='grc' dir='ltr'>Χαναὰν</span> <span class='ocrx_word' id='word_1_499' title='bbox 2490 2006 2640 2077; x_wconf 79' lang='grc' dir='ltr'>παρὰ</span> <span class='ocrx_word' id='word_1_500' title='bbox 2675 2004 2770 2060; x_wconf 76' lang='grc' dir='ltr'>τοῦ</span> <span class='ocrx_word' id='word_1_501' title='bbox 2792 2005 2916 2060; x_wconf 83' lang='grc' dir='ltr'>Νῶε</span> <span class='ocrx_word' id='word_1_502' title='bbox 2940 2005 3152 2078; x_wconf 76' lang='grc' dir='ltr'>λεχθὲν,</span> <span class='ocrx_word' id='word_1_503' title='bbox 3186 2004 3269 2068; x_wconf 75' lang='grc' dir='ltr'><strong>εἰς</strong></span> <span class='ocrx_word' id='word_1_504' title='bbox 3308 2003 3435 2068; x_wconf 77' lang='grc' dir='ltr'>τοὺς</span> <span class='ocrx_word' id='word_1_505' title='bbox 3461 2000 3819 2062; x_wconf 78' lang='grc' dir='ltr'>Γαϐαωνίτας</span> 
     </span>
    </p>
   </div>
   <div class='ocr_carea' id='block_1_74' title="bbox 2245 2093 3821 2167">
    <p class='ocr_par' dir='ltr' id='par_1_74' title="bbox 2245 2093 3821 2167">
     <span class='ocr_line' id='line_1_74' title="bbox 2245 2093 3821 2167; baseline -0.003 -17"><span class='ocrx_word' id='word_1_506' title='bbox 2245 2096 2370 2159; x_wconf 73' lang='grc' dir='ltr'>τοὺς</span> <span class='ocrx_word' id='word_1_507' title='bbox 2404 2095 2660 2164; x_wconf 75' lang='grc' dir='ltr'>ἐκγόνους</span> <span class='ocrx_word' id='word_1_508' title='bbox 2685 2096 2849 2152; x_wconf 77' lang='grc' dir='ltr'>αὐτοῦ</span> <span class='ocrx_word' id='word_1_509' title='bbox 2882 2097 3041 2167; x_wconf 67' lang='grc' dir='ltr'>ἐξέϐη</span> <span class='ocrx_word' id='word_1_510' title='bbox 3077 2112 3091 2128; x_wconf 79' lang='grc' dir='ltr'><strong>ο</strong></span> <span class='ocrx_word' id='word_1_511' title='bbox 3121 2096 3216 2151; x_wconf 78' lang='grc' dir='ltr'>καὶ</span> <span class='ocrx_word' id='word_1_512' title='bbox 3243 2093 3336 2163; x_wconf 58' lang='grc' dir='ltr'>τι,</span> <span class='ocrx_word' id='word_1_513' title='bbox 3388 2093 3578 2148; x_wconf 77' lang='grc' dir='ltr'>Γὶνου</span> <span class='ocrx_word' id='word_1_514' title='bbox 3609 2093 3821 2160; x_wconf 81' lang='grc' dir='ltr'>κύριος</span> 
     </span>
    </p>
   </div>
   <div class='ocr_carea' id='block_1_75' title="bbox 2246 2182 3820 2258">
    <p class='ocr_par' dir='ltr' id='par_1_75' title="bbox 2246 2182 3820 2258">
     <span class='ocr_line' id='line_1_75' title="bbox 2246 2182 3820 2258; baseline -0.005 -16"><span class='ocrx_word' id='word_1_515' title='bbox 2246 2187 2351 2242; x_wconf 83' lang='grc' dir='ltr'>τοῦ</span> <span class='ocrx_word' id='word_1_516' title='bbox 2402 2186 2671 2258; x_wconf 70' lang='grc' dir='ltr'>ἀδελφοῦ</span> <span class='ocrx_word' id='word_1_517' title='bbox 2731 2203 2871 2256; x_wconf 84' lang='grc' dir='ltr'>σου,</span> <span class='ocrx_word' id='word_1_518' title='bbox 2926 2188 3019 2242; x_wconf 68' lang='grc' dir='ltr'><strong>ἐπὶ</strong></span> <span class='ocrx_word' id='word_1_519' title='bbox 3076 2188 3204 2252; x_wconf 73' lang='grc' dir='ltr'>τοὺς</span> <span class='ocrx_word' id='word_1_520' title='bbox 3267 2183 3570 2255; x_wconf 79' lang='grc' dir='ltr'>ἀπογόνους</span> <span class='ocrx_word' id='word_1_521' title='bbox 3618 2182 3820 2237; x_wconf 75' lang='grc' dir='ltr'>τούτου</span> 
     </span>
    </p>
   </div>
   <div class='ocr_carea' id='block_1_76' title="bbox 2246 2276 2987 2349">
    <p class='ocr_par' dir='ltr' id='par_1_76' title="bbox 2246 2276 2987 2349">
     <span class='ocr_line' id='line_1_76' title="bbox 2246 2276 2987 2349; baseline 0.012 -21"><span class='ocrx_word' id='word_1_522' title='bbox 2246 2276 2429 2349; x_wconf 71' lang='grc' dir='ltr'><strong>ἐξέϐη.</strong></span> <span class='ocrx_word' id='word_1_523' title='bbox 2986 2334 2987 2337; x_wconf 44' lang='grc' dir='ltr'><strong>η</strong></span> 
     </span>
    </p>
   </div>
   <div class='ocr_carea' id='block_1_77' title="bbox 2318 2362 3820 2439">
    <p class='ocr_par' dir='ltr' id='par_1_77' title="bbox 2318 2362 3820 2439">
     <span class='ocr_line' id='line_1_77' title="bbox 2318 2362 3820 2439; baseline -0.004 -19"><span class='ocrx_word' id='word_1_524' title='bbox 2318 2368 2412 2433; x_wconf 82' lang='grc' dir='ltr'><strong>Τὸ,</strong></span> <span class='ocrx_word' id='word_1_525' title='bbox 2472 2368 2805 2437; x_wconf 79' lang='grc' dir='ltr'>Ναζωραῖος</span> <span class='ocrx_word' id='word_1_526' title='bbox 2848 2366 3234 2437; x_wconf 73' lang='grc' dir='ltr'>κληθήσεται,</span> <span class='ocrx_word' id='word_1_527' title='bbox 3274 2366 3424 2439; x_wconf 85' lang='grc' dir='ltr'><strong>παρά</strong></span> <span class='ocrx_word' id='word_1_528' title='bbox 3450 2364 3544 2419; x_wconf 82' lang='grc' dir='ltr'>τοῦ</span> <span class='ocrx_word' id='word_1_529' title='bbox 3579 2362 3820 2433; x_wconf 75' lang='grc' dir='ltr'><strong>ἀγγέλου</strong></span> 
     </span>
    </p>
   </div>
   <div class='ocr_carea' id='block_1_78' title="bbox 2247 2451 3821 2530">
    <p class='ocr_par' dir='ltr' id='par_1_78' title="bbox 2247 2451 3821 2530">
     <span class='ocr_line' id='line_1_78' title="bbox 2247 2451 3821 2530; baseline -0.008 -13"><span class='ocrx_word' id='word_1_530' title='bbox 2247 2459 2557 2530; x_wconf 75' lang='grc' dir='ltr'>εἰρημένον,</span> <span class='ocrx_word' id='word_1_531' title='bbox 2581 2460 2918 2529; x_wconf 82' lang='grc' dir='ltr'>προφητικόν</span> <span class='ocrx_word' id='word_1_532' title='bbox 2963 2459 3078 2511; x_wconf 74' lang='grc' dir='ltr'>ἔστι</span> <span class='ocrx_word' id='word_1_533' title='bbox 3104 2473 3121 2489; x_wconf 78' lang='grc'><strong>⁸</strong></span> <span class='ocrx_word' id='word_1_534' title='bbox 3153 2457 3258 2511; x_wconf 79' lang='grc' dir='ltr'>κᾶν</span> <span class='ocrx_word' id='word_1_535' title='bbox 3306 2458 3404 2527; x_wconf 84' lang='grc' dir='ltr'><strong>οὐχ</strong></span> <span class='ocrx_word' id='word_1_536' title='bbox 3447 2454 3682 2526; x_wconf 76' lang='grc' dir='ltr'>εὕρηται</span> <span class='ocrx_word' id='word_1_537' title='bbox 3715 2451 3821 2504; x_wconf 81' lang='grc' dir='ltr'>ποῦ</span> 
     </span>
    </p>
   </div>
   <div class='ocr_carea' id='block_1_79' title="bbox 2244 2544 3825 2621">
    <p class='ocr_par' dir='ltr' id='par_1_79' title="bbox 2244 2544 3825 2621">
     <span class='ocr_line' id='line_1_79' title="bbox 2244 2544 3825 2621; baseline -0.003 -21"><span class='ocrx_word' id='word_1_538' title='bbox 2244 2548 2495 2603; x_wconf 78' lang='grc' dir='ltr'>λέλεκται</span> <span class='ocrx_word' id='word_1_539' title='bbox 2521 2565 2539 2581; x_wconf 78' lang='grc' dir='ltr'><strong>ο</strong></span> <span class='ocrx_word' id='word_1_540' title='bbox 2566 2550 2739 2603; x_wconf 81' lang='grc' dir='ltr'>πολλὰ</span> <span class='ocrx_word' id='word_1_541' title='bbox 2762 2548 2871 2621; x_wconf 84' lang='grc' dir='ltr'><strong>γὰρ</strong></span> <span class='ocrx_word' id='word_1_542' title='bbox 2898 2548 3007 2602; x_wconf 84' lang='grc' dir='ltr'><strong>τῶν</strong></span> <span class='ocrx_word' id='word_1_543' title='bbox 3036 2547 3394 2619; x_wconf 75' lang='grc' dir='ltr'>προφητικῶν</span> <span class='ocrx_word' id='word_1_544' title='bbox 3443 2544 3729 2617; x_wconf 73' lang='grc' dir='ltr'>ἠφανίσθη</span> <span class='ocrx_word' id='word_1_545' title='bbox 3760 2544 3825 2597; x_wconf 71' lang='grc' dir='ltr'>ἐν</span> 
     </span>
    </p>
   </div>
   <div class='ocr_carea' id='block_1_80' title="bbox 2243 2642 2707 2713">
    <p class='ocr_par' dir='ltr' id='par_1_80' title="bbox 2243 2642 2707 2713">
     <span class='ocr_line' id='line_1_80' title="bbox 2243 2642 2707 2713; baseline 0.004 -18"><span class='ocrx_word' id='word_1_546' title='bbox 2243 2644 2312 2713; x_wconf 78' lang='grc' dir='ltr'>τῇ</span> <span class='ocrx_word' id='word_1_547' title='bbox 2342 2642 2707 2713; x_wconf 79' lang='grc' dir='ltr'>αἰχμαλωσίᾳ.</span> 
     </span>
    </p>
   </div>
   <div class='ocr_carea' id='block_1_81' title="bbox 2847 2782 3208 2841">
    <p class='ocr_par' dir='ltr' id='par_1_81' title="bbox 2847 2782 3208 2841">
     <span class='ocr_line' id='line_1_81' title="bbox 2847 2782 3208 2841; baseline -0.006 0"><span class='ocrx_word' id='word_1_548' title='bbox 2847 2784 3098 2841; x_wconf 71' lang='grc' dir='ltr'><strong>ΚΕΦΑΔ.</strong></span> <span class='ocrx_word' id='word_1_549' title='bbox 3130 2782 3208 2839; x_wconf 78' lang='lat' dir='ltr'><strong>I&quot;.</strong></span> 
     </span>
    </p>
   </div>
   <div class='ocr_carea' id='block_1_82' title="bbox 2318 2909 3820 2984">
    <p class='ocr_par' dir='ltr' id='par_1_82' title="bbox 2318 2909 3820 2984">
     <span class='ocr_line' id='line_1_82' title="bbox 2318 2909 3820 2984; baseline -0.007 -14"><span class='ocrx_word' id='word_1_550' title='bbox 2318 2916 2392 2970; x_wconf 84' lang='grc' dir='ltr'>Τδ</span> <span class='ocrx_word' id='word_1_551' title='bbox 2430 2916 2609 2984; x_wconf 80' lang='grc' dir='ltr'>λέγειν</span> <span class='ocrx_word' id='word_1_552' title='bbox 2641 2913 2736 2971; x_wconf 61' lang='grc' dir='ltr'><strong>τὸν</strong></span> <span class='ocrx_word' id='word_1_553' title='bbox 2764 2913 3172 2983; x_wconf 76' lang='grc' dir='ltr'>εὐαγγελιοτὴν,</span> <span class='ocrx_word' id='word_1_554' title='bbox 3238 2911 3344 2967; x_wconf 75' lang='grc' dir='ltr'><em>Ἐν</em></span> <span class='ocrx_word' id='word_1_555' title='bbox 3397 2910 3527 2977; x_wconf 71' lang='grc' dir='ltr'>ταῖς</span> <span class='ocrx_word' id='word_1_556' title='bbox 3564 2909 3820 2978; x_wconf 73' lang='grc' dir='ltr'>ἡμέραις</span> 
     </span>
    </p>
   </div>
   <div class='ocr_carea' id='block_1_83' title="bbox 2245 3000 3816 3075">
    <p class='ocr_par' dir='ltr' id='par_1_83' title="bbox 2245 3000 3816 3075">
     <span class='ocr_line' id='line_1_83' title="bbox 2245 3000 3816 3075; baseline -0.007 -13"><span class='ocrx_word' id='word_1_557' title='bbox 2245 3008 2503 3073; x_wconf 80' lang='grc' dir='ltr'><strong>ἐκείναις</strong></span> <span class='ocrx_word' id='word_1_558' title='bbox 2535 3006 2921 3075; x_wconf 65' lang='grc' dir='ltr'>παραγίνεται</span> <span class='ocrx_word' id='word_1_559' title='bbox 2972 3008 3005 3059; x_wconf 87' lang='grc' dir='ltr'><strong>ό</strong></span> <span class='ocrx_word' id='word_1_560' title='bbox 3070 3003 3372 3071; x_wconf 79' lang='grc' dir='ltr'><strong>Ἰωάννης,</strong></span> <span class='ocrx_word' id='word_1_561' title='bbox 3398 3002 3496 3071; x_wconf 83' lang='grc' dir='ltr'><strong>οὐχ</strong></span> <span class='ocrx_word' id='word_1_562' title='bbox 3524 3001 3616 3054; x_wconf 81' lang='grc' dir='ltr'>ὅτε</span> <span class='ocrx_word' id='word_1_563' title='bbox 3680 3000 3816 3062; x_wconf 76' lang='grc' dir='ltr'>παῖς</span> 
     </span>
    </p>
   </div>
   <div class='ocr_carea' id='block_1_84' title="bbox 2243 3091 3820 3170">
    <p class='ocr_par' dir='ltr' id='par_1_84' title="bbox 2243 3091 3820 3170">
     <span class='ocr_line' id='line_1_84' title="bbox 2243 3091 3820 3170; baseline -0.006 -17"><span class='ocrx_word' id='word_1_564' title='bbox 2243 3094 2314 3170; x_wconf 79' lang='grc' dir='ltr'>ἦν</span> <span class='ocrx_word' id='word_1_565' title='bbox 2346 3102 2374 3153; x_wconf 84' lang='grc' dir='ltr'>ὁ</span> <span class='ocrx_word' id='word_1_566' title='bbox 2402 3098 2637 3169; x_wconf 79' lang='grc' dir='ltr'>Χριστὸς</span> <span class='ocrx_word' id='word_1_567' title='bbox 2673 3097 2832 3151; x_wconf 83' lang='grc' dir='ltr'>τοῦτο</span> <span class='ocrx_word' id='word_1_568' title='bbox 2855 3098 3003 3167; x_wconf 85' lang='grc' dir='ltr'>λέγει</span> <span class='ocrx_word' id='word_1_569' title='bbox 3035 3112 3047 3127; x_wconf 72' lang='grc' dir='ltr'><strong>ο</strong></span> <span class='ocrx_word' id='word_1_570' title='bbox 3087 3095 3224 3167; x_wconf 86' lang='grc' dir='ltr'><strong>μετά</strong></span> <span class='ocrx_word' id='word_1_571' title='bbox 3246 3095 3353 3166; x_wconf 77' lang='grc' dir='ltr'>γὰρ</span> <span class='ocrx_word' id='word_1_572' title='bbox 3381 3093 3477 3163; x_wconf 75' lang='grc' dir='ltr'>ιτη</span> <span class='ocrx_word' id='word_1_573' title='bbox 3514 3091 3820 3162; x_wconf 80' lang='grc' dir='ltr'>τριάκοντα</span> 
     </span>
    </p>
   </div>
   <div class='ocr_carea' id='block_1_85' title="bbox 2245 3181 3821 3260">
    <p class='ocr_par' dir='ltr' id='par_1_85' title="bbox 2245 3181 3821 3260">
     <span class='ocr_line' id='line_1_85' title="bbox 2245 3181 3821 3260; baseline -0.007 -14"><span class='ocrx_word' id='word_1_574' title='bbox 2245 3191 2417 3246; x_wconf 74' lang='grc' dir='ltr'>ιλθεῖν</span> <span class='ocrx_word' id='word_1_575' title='bbox 2444 3191 2540 3244; x_wconf 84' lang='grc' dir='ltr'>τὸν</span> <span class='ocrx_word' id='word_1_576' title='bbox 2582 3190 2835 3260; x_wconf 77' lang='grc' dir='ltr'>Ἰωάννην</span> <span class='ocrx_word' id='word_1_577' title='bbox 2857 3188 2886 3241; x_wconf 80' lang='grc' dir='ltr'><strong>δ</strong></span> <span class='ocrx_word' id='word_1_578' title='bbox 2934 3189 3147 3251; x_wconf 74' lang='grc' dir='ltr'>Λουκᾶς</span> <span class='ocrx_word' id='word_1_579' title='bbox 3179 3187 3447 3258; x_wconf 82' lang='grc' dir='ltr'>μαρτυρεῖ</span> <span class='ocrx_word' id='word_1_580' title='bbox 3475 3200 3490 3214; x_wconf 92' lang='grc'><strong>·</strong></span> <span class='ocrx_word' id='word_1_581' title='bbox 3542 3183 3664 3238; x_wconf 80' lang='grc' dir='ltr'>ἀλλ’</span> <span class='ocrx_word' id='word_1_582' title='bbox 3698 3181 3821 3243; x_wconf 77' lang='grc' dir='ltr'>ἔθος</span> 
     </span>
    </p>
   </div>
   <div class='ocr_carea' id='block_1_86' title="bbox 2244 3274 3821 3354">
    <p class='ocr_par' dir='ltr' id='par_1_86' title="bbox 2244 3274 3821 3354">
     <span class='ocr_line' id='line_1_86' title="bbox 2244 3274 3821 3354; baseline -0.008 -18"><span class='ocrx_word' id='word_1_583' title='bbox 2244 3282 2519 3354; x_wconf 81' lang='grc' dir='ltr'>Γραφικὸν</span> <span class='ocrx_word' id='word_1_584' title='bbox 2554 3281 2797 3334; x_wconf 82' lang='grc' dir='ltr'>τοιοῦτόν</span> <span class='ocrx_word' id='word_1_585' title='bbox 2841 3280 2959 3332; x_wconf 68' lang='grc' dir='ltr'>ἐστι</span> <span class='ocrx_word' id='word_1_586' title='bbox 3001 3279 3177 3342; x_wconf 81' lang='grc' dir='ltr'>τοῦτο,</span> <span class='ocrx_word' id='word_1_587' title='bbox 3210 3276 3238 3330; x_wconf 82' lang='grc' dir='ltr'><strong>δ</strong></span> <span class='ocrx_word' id='word_1_588' title='bbox 3268 3276 3361 3329; x_wconf 77' lang='grc' dir='ltr'>καὶ</span> <span class='ocrx_word' id='word_1_589' title='bbox 3398 3278 3425 3328; x_wconf 77' lang='grc' dir='ltr'>ὁ</span> <span class='ocrx_word' id='word_1_590' title='bbox 3465 3274 3711 3344; x_wconf 76' lang='grc' dir='ltr'>Χριστὸς</span> <span class='ocrx_word' id='word_1_591' title='bbox 3740 3274 3821 3335; x_wconf 78' lang='grc' dir='ltr'>εἰς</span> 
     </span>
    </p>
   </div>
   <div class='ocr_carea' id='block_1_87' title="bbox 2241 3366 3818 3444">
    <p class='ocr_par' dir='ltr' id='par_1_87' title="bbox 2241 3366 3818 3444">
     <span class='ocr_line' id='line_1_87' title="bbox 2241 3366 3818 3444; baseline -0.007 -16"><span class='ocrx_word' id='word_1_592' title='bbox 2241 3375 2303 3428; x_wconf 86' lang='grc' dir='ltr'>τὸ</span> <span class='ocrx_word' id='word_1_593' title='bbox 2340 3375 2467 3444; x_wconf 76' lang='grc' dir='ltr'>ὅρος</span> <span class='ocrx_word' id='word_1_594' title='bbox 2512 3375 2624 3435; x_wconf 78' lang='grc' dir='ltr'>τοῖς</span> <span class='ocrx_word' id='word_1_595' title='bbox 2659 3371 2928 3442; x_wconf 73' lang='grc' dir='ltr'>μαθηταῖς</span> <span class='ocrx_word' id='word_1_596' title='bbox 2956 3370 3104 3439; x_wconf 86' lang='grc' dir='ltr'>λέγει</span> <span class='ocrx_word' id='word_1_597' title='bbox 3147 3368 3273 3439; x_wconf 74' lang='grc' dir='ltr'>περὶ</span> <span class='ocrx_word' id='word_1_598' title='bbox 3321 3370 3420 3438; x_wconf 72' lang='grc' dir='ltr'><strong>της</strong></span> <span class='ocrx_word' id='word_1_599' title='bbox 3448 3366 3818 3433; x_wconf 81' lang='grc' dir='ltr'>κατασκαφῆς</span> 
     </span>
    </p>
   </div>
   <div class='ocr_carea' id='block_1_88' title="bbox 2242 3456 3815 3537">
    <p class='ocr_par' dir='ltr' id='par_1_88' title="bbox 2242 3456 3815 3537">
     <span class='ocr_line' id='line_1_88' title="bbox 2242 3456 3815 3537; baseline -0.008 -16"><span class='ocrx_word' id='word_1_600' title='bbox 2242 3468 2340 3537; x_wconf 83' lang='grc' dir='ltr'>τῆς</span> <span class='ocrx_word' id='word_1_601' title='bbox 2378 3466 2584 3527; x_wconf 87' lang='grc' dir='ltr'>πόλεως</span> <span class='ocrx_word' id='word_1_602' title='bbox 2612 3479 2627 3495; x_wconf 78' lang='grc' dir='ltr'><strong>ο</strong></span> <span class='ocrx_word' id='word_1_603' title='bbox 2656 3463 2749 3517; x_wconf 82' lang='grc' dir='ltr'>καὶ</span> <span class='ocrx_word' id='word_1_604' title='bbox 2777 3462 2985 3533; x_wconf 68' lang='grc' dir='ltr'>μέλλων</span> <span class='ocrx_word' id='word_1_605' title='bbox 3001 3477 3066 3515; x_wconf 83' lang='grc' dir='ltr'><strong>πε</strong></span> <span class='ocrx_word' id='word_1_606' title='bbox 3075 3460 3131 3532; x_wconf 65' lang='lat' dir='ltr'><strong>pl</strong></span> <span class='ocrx_word' id='word_1_607' title='bbox 3159 3461 3256 3529; x_wconf 83' lang='grc' dir='ltr'>τῆς</span> <span class='ocrx_word' id='word_1_608' title='bbox 3280 3457 3589 3521; x_wconf 75' lang='grc' dir='ltr'>συντελείας</span> <span class='ocrx_word' id='word_1_609' title='bbox 3611 3456 3815 3524; x_wconf 74' lang='grc' dir='ltr'>λέγειν,</span> 
     </span>
    </p>
   </div>
   <div class='ocr_carea' id='block_1_89' title="bbox 2241 3549 3819 3630">
    <p class='ocr_par' dir='ltr' id='par_1_89' title="bbox 2241 3549 3819 3630">
     <span class='ocr_line' id='line_1_89' title="bbox 2241 3549 3819 3630; baseline -0.007 -18"><span class='ocrx_word' id='word_1_610' title='bbox 2241 3560 2511 3630; x_wconf 73' lang='grc' dir='ltr'>ἐπήγαγε,</span> <span class='ocrx_word' id='word_1_611' title='bbox 2542 3558 2674 3611; x_wconf 78' lang='grc' dir='ltr'>Τότε</span> <span class='ocrx_word' id='word_1_612' title='bbox 2711 3558 2779 3611; x_wconf 79' lang='grc' dir='ltr'><strong>τὰ</strong></span> <span class='ocrx_word' id='word_1_613' title='bbox 2823 3556 2920 3608; x_wconf 72' lang='grc' dir='ltr'>καὶ</span> <span class='ocrx_word' id='word_1_614' title='bbox 2951 3554 3021 3608; x_wconf 83' lang='grc' dir='ltr'><strong>τὰ</strong></span> <span class='ocrx_word' id='word_1_615' title='bbox 3051 3553 3224 3606; x_wconf 77' lang='grc' dir='ltr'>ἔσται.</span> <span class='ocrx_word' id='word_1_616' title='bbox 3251 3550 3694 3621; x_wconf 81' lang='grc' dir='ltr'>Τριακονταέτης</span> <span class='ocrx_word' id='word_1_617' title='bbox 3730 3549 3819 3603; x_wconf 82' lang='grc' dir='ltr'><strong>διά</strong></span> 
     </span>
    </p>
   </div>
   <div class='ocr_carea' id='block_1_90' title="bbox 2240 3640 3819 3720">
    <p class='ocr_par' dir='ltr' id='par_1_90' title="bbox 2240 3640 3819 3720">
     <span class='ocr_line' id='line_1_90' title="bbox 2240 3640 3819 3720; baseline -0.007 -16"><span class='ocrx_word' id='word_1_618' title='bbox 2240 3651 2398 3704; x_wconf 76' lang='grc' dir='ltr'>τοῦτο</span> <span class='ocrx_word' id='word_1_619' title='bbox 2429 3648 2769 3720; x_wconf 74' lang='grc' dir='ltr'>βαπτίζεται,</span> <span class='ocrx_word' id='word_1_620' title='bbox 2799 3647 2888 3701; x_wconf 83' lang='grc' dir='ltr'>ἶνα</span> <span class='ocrx_word' id='word_1_621' title='bbox 2920 3645 3124 3709; x_wconf 69' lang='grc' dir='ltr'>τέλειος</span> <span class='ocrx_word' id='word_1_622' title='bbox 3172 3643 3268 3709; x_wconf 77' lang='grc' dir='ltr'>ὢν,</span> <span class='ocrx_word' id='word_1_623' title='bbox 3298 3642 3580 3713; x_wconf 74' lang='grc' dir='ltr'>παραδοὺς</span> <span class='ocrx_word' id='word_1_624' title='bbox 3608 3640 3681 3694; x_wconf 76' lang='grc' dir='ltr'>τὰ</span> <span class='ocrx_word' id='word_1_625' title='bbox 3729 3642 3819 3694; x_wconf 79' lang='grc' dir='ltr'><strong>τέ-</strong></span> 
     </span>
    </p>
   </div>
   <div class='ocr_carea' id='block_1_91' title="bbox 2241 3741 2677 3811">
    <p class='ocr_par' dir='ltr' id='par_1_91' title="bbox 2241 3741 2677 3811">
     <span class='ocr_line' id='line_1_91' title="bbox 2241 3741 2677 3811; baseline 0.002 -18"><span class='ocrx_word' id='word_1_626' title='bbox 2241 3741 2358 3796; x_wconf 87' lang='grc' dir='ltr'>λεια</span> <span class='ocrx_word' id='word_1_627' title='bbox 2390 3741 2677 3811; x_wconf 74' lang='grc' dir='ltr'>πιστευθῇ.</span> 
     </span>
    </p>
   </div>
   <div class='ocr_carea' id='block_1_92' title="bbox 2311 3824 3820 3903">
    <p class='ocr_par' dir='ltr' id='par_1_92' title="bbox 2311 3824 3820 3903">
     <span class='ocr_line' id='line_1_92' title="bbox 2311 3824 3820 3903; baseline -0.007 -15"><span class='ocrx_word' id='word_1_628' title='bbox 2311 3834 2404 3897; x_wconf 85' lang='grc' dir='ltr'><strong>Τὺ.</strong></span> <span class='ocrx_word' id='word_1_629' title='bbox 2436 3835 2717 3903; x_wconf 70' lang='grc' dir='ltr'>’Ἤγγικεν</span> <span class='ocrx_word' id='word_1_630' title='bbox 2753 3831 2793 3899; x_wconf 79' lang='grc' dir='ltr'><strong>ἠ</strong></span> <span class='ocrx_word' id='word_1_631' title='bbox 2838 3830 3128 3897; x_wconf 75' lang='grc' dir='ltr'>βασιλεία</span> <span class='ocrx_word' id='word_1_632' title='bbox 3175 3827 3293 3882; x_wconf 78' lang='grc' dir='ltr'><strong>τῶν</strong></span> <span class='ocrx_word' id='word_1_633' title='bbox 3349 3825 3649 3897; x_wconf 80' lang='grc' dir='ltr'>οὐρανῶν,</span> <span class='ocrx_word' id='word_1_634' title='bbox 3688 3824 3820 3892; x_wconf 73' lang='grc' dir='ltr'>περὶ</span> 
     </span>
    </p>
   </div>
   <div class='ocr_carea' id='block_1_93' title="bbox 2240 3918 3810 3997">
    <p class='ocr_par' dir='ltr' id='par_1_93' title="bbox 2240 3918 3810 3997">
     <span class='ocr_line' id='line_1_93' title="bbox 2240 3918 3810 3997; baseline -0.006 -17"><span class='ocrx_word' id='word_1_635' title='bbox 2240 3926 2341 3997; x_wconf 86' lang='grc' dir='ltr'>τῆς</span> <span class='ocrx_word' id='word_1_636' title='bbox 2387 3926 2507 3979; x_wconf 75' lang='grc' dir='ltr'>τότε</span> <span class='ocrx_word' id='word_1_637' title='bbox 2538 3924 2837 3995; x_wconf 81' lang='grc' dir='ltr'>παρουσίας</span> <span class='ocrx_word' id='word_1_638' title='bbox 2858 3920 3024 3977; x_wconf 81' lang='grc' dir='ltr'>αὑτοῦ</span> <span class='ocrx_word' id='word_1_639' title='bbox 3052 3920 3198 3990; x_wconf 83' lang='grc' dir='ltr'>λέγει</span> <span class='ocrx_word' id='word_1_640' title='bbox 3229 3936 3243 3951; x_wconf 78' lang='grc' dir='ltr'><strong>ο</strong></span> <span class='ocrx_word' id='word_1_641' title='bbox 3277 3918 3529 3990; x_wconf 85' lang='grc' dir='ltr'>βασιλεὺς</span> <span class='ocrx_word' id='word_1_642' title='bbox 3559 3920 3672 3990; x_wconf 72' lang='grc' dir='ltr'><strong>γὰρ</strong></span> <span class='ocrx_word' id='word_1_643' title='bbox 3716 3919 3810 3972; x_wconf 79' lang='grc' dir='ltr'><strong>οὐ-</strong></span> 
     </span>
    </p>
   </div>
   <div class='ocr_carea' id='block_1_94' title="bbox 2243 4015 2544 4092">
    <p class='ocr_par' dir='ltr' id='par_1_94' title="bbox 2243 4015 2544 4092">
     <span class='ocr_line' id='line_1_94' title="bbox 2243 4015 2544 4092; baseline -0.003 -19"><span class='ocrx_word' id='word_1_644' title='bbox 2243 4020 2425 4091; x_wconf 66' lang='grc' dir='ltr'>ράνιος</span> <span class='ocrx_word' id='word_1_645' title='bbox 2455 4015 2544 4092; x_wconf 75' lang='grc' dir='ltr'><strong>ἦν.</strong></span> 
     </span>
    </p>
   </div>
   <div class='ocr_carea' id='block_1_95' title="bbox 2310 4101 3815 4179">
    <p class='ocr_par' dir='ltr' id='par_1_95' title="bbox 2310 4101 3815 4179">
     <span class='ocr_line' id='line_1_95' title="bbox 2310 4101 3815 4179; baseline -0.009 -12"><span class='ocrx_word' id='word_1_646' title='bbox 2310 4112 2417 4167; x_wconf 75' lang='grc' dir='ltr'><strong>Τοῦ</strong></span> <span class='ocrx_word' id='word_1_647' title='bbox 2475 4106 2857 4179; x_wconf 80' lang='grc' dir='ltr'>εὐαγγελιστοῦ</span> <span class='ocrx_word' id='word_1_648' title='bbox 2899 4106 3148 4174; x_wconf 77' lang='grc' dir='ltr'>λέγοντος</span> <span class='ocrx_word' id='word_1_649' title='bbox 3176 4106 3304 4176; x_wconf 77' lang='grc' dir='ltr'>περὶ</span> <span class='ocrx_word' id='word_1_650' title='bbox 3333 4104 3443 4158; x_wconf 80' lang='grc' dir='ltr'><strong>τῶν</strong></span> <span class='ocrx_word' id='word_1_651' title='bbox 3490 4101 3815 4173; x_wconf 70' lang='grc' dir='ltr'>Φαρισαίων</span> 
     </span>
    </p>
   </div>
   <div class='ocr_carea' id='block_1_96' title="bbox 2239 4192 3816 4264">
    <p class='ocr_par' dir='ltr' id='par_1_96' title="bbox 2239 4192 3816 4264">
     <span class='ocr_line' id='line_1_96' title="bbox 2239 4192 3816 4264; baseline -0.008 -6"><span class='ocrx_word' id='word_1_652' title='bbox 2239 4204 2332 4258; x_wconf 75' lang='grc' dir='ltr'>καὶ</span> <span class='ocrx_word' id='word_1_653' title='bbox 2360 4202 2467 4257; x_wconf 81' lang='grc' dir='ltr'><strong>τῶν</strong></span> <span class='ocrx_word' id='word_1_654' title='bbox 2503 4199 2873 4256; x_wconf 74' lang='grc' dir='ltr'>Σαδδουκαίων</span> <span class='ocrx_word' id='word_1_655' title='bbox 2893 4199 2971 4251; x_wconf 79' lang='grc' dir='ltr'><strong>ὅτι</strong></span> <span class='ocrx_word' id='word_1_656' title='bbox 2998 4192 3202 4250; x_wconf 83' lang='grc' dir='ltr'>Ἦλθον</span> <span class='ocrx_word' id='word_1_657' title='bbox 3226 4198 3305 4259; x_wconf 83' lang='grc' dir='ltr'><strong>είς</strong></span> <span class='ocrx_word' id='word_1_658' title='bbox 3332 4196 3392 4248; x_wconf 79' lang='grc' dir='ltr'>τὸ</span> <span class='ocrx_word' id='word_1_659' title='bbox 3444 4193 3816 4264; x_wconf 79' lang='grc' dir='ltr'>βαπτισθῆναι</span> 
     </span>
    </p>
   </div>
   <div class='ocr_carea' id='block_1_97' title="bbox 2240 4286 3815 4359">
    <p class='ocr_par' dir='ltr' id='par_1_97' title="bbox 2240 4286 3815 4359">
     <span class='ocr_line' id='line_1_97' title="bbox 2240 4286 3815 4359; baseline -0.008 -11"><span class='ocrx_word' id='word_1_660' title='bbox 2240 4294 2335 4348; x_wconf 82' lang='grc' dir='ltr'>ὑπ’</span> <span class='ocrx_word' id='word_1_661' title='bbox 2364 4293 2549 4357; x_wconf 79' lang='grc' dir='ltr'>αὑτοῦ,</span> <span class='ocrx_word' id='word_1_662' title='bbox 2584 4292 2701 4355; x_wconf 75' lang='grc' dir='ltr'><strong>πῶς</strong></span> <span class='ocrx_word' id='word_1_663' title='bbox 2742 4294 2769 4344; x_wconf 83' lang='grc' dir='ltr'>ὁ</span> <span class='ocrx_word' id='word_1_664' title='bbox 2798 4288 3030 4359; x_wconf 73' lang='grc' dir='ltr'>Χριστὸς</span> <span class='ocrx_word' id='word_1_665' title='bbox 3062 4288 3206 4356; x_wconf 77' lang='grc' dir='ltr'>λέγει</span> <span class='ocrx_word' id='word_1_666' title='bbox 3251 4288 3333 4341; x_wconf 81' lang='grc' dir='ltr'>ὅτι</span> <span class='ocrx_word' id='word_1_667' title='bbox 3357 4286 3457 4339; x_wconf 79' lang='grc' dir='ltr'>οὐκ</span> <span class='ocrx_word' id='word_1_668' title='bbox 3479 4286 3815 4337; x_wconf 69' lang='grc' dir='ltr'>ἐπίστευσαν</span> 
     </span>
    </p>
   </div>
   <div class='ocr_carea' id='block_1_98' title="bbox 2251 4374 3819 4453">
    <p class='ocr_par' dir='ltr' id='par_1_98' title="bbox 2251 4374 3819 4453">
     <span class='ocr_line' id='line_1_98' title="bbox 2251 4374 3819 4453; baseline -0.006 -17"><span class='ocrx_word' id='word_1_669' title='bbox 2251 4382 2511 4453; x_wconf 72' lang='grc' dir='ltr'>Ἰωάννης</span> <span class='ocrx_word' id='word_1_670' title='bbox 2546 4382 2671 4435; x_wconf 84' lang='grc' dir='ltr'>Ὅτι</span> <span class='ocrx_word' id='word_1_671' title='bbox 2713 4380 2814 4434; x_wconf 84' lang='grc' dir='ltr'>οὐκ</span> <span class='ocrx_word' id='word_1_672' title='bbox 2866 4374 2935 4448; x_wconf 77' lang='grc' dir='ltr'><strong>ἧν</strong></span> <span class='ocrx_word' id='word_1_673' title='bbox 2974 4376 3132 4431; x_wconf 82' lang='grc' dir='ltr'>τοῦτο</span> <span class='ocrx_word' id='word_1_674' title='bbox 3166 4376 3476 4442; x_wconf 78' lang='grc' dir='ltr'>πιστεῦσαι,</span> <span class='ocrx_word' id='word_1_675' title='bbox 3504 4375 3569 4427; x_wconf 78' lang='grc' dir='ltr'>τὸ</span> <span class='ocrx_word' id='word_1_676' title='bbox 3598 4374 3693 4427; x_wconf 76' lang='grc' dir='ltr'>τὸν</span> <span class='ocrx_word' id='word_1_677' title='bbox 3717 4391 3819 4444; x_wconf 84' lang='grc' dir='ltr'>κη-</span> 
     </span>
    </p>
   </div>
   <div class='ocr_carea' id='block_1_99' title="bbox 2241 4464 3815 4544">
    <p class='ocr_par' dir='ltr' id='par_1_99' title="bbox 2241 4464 3815 4544">
     <span class='ocr_line' id='line_1_99' title="bbox 2241 4464 3815 4544; baseline -0.006 -18"><span class='ocrx_word' id='word_1_678' title='bbox 2241 4474 2567 4544; x_wconf 84' lang='grc' dir='ltr'>ρυττόμενον</span> <span class='ocrx_word' id='word_1_679' title='bbox 2630 4473 2721 4526; x_wconf 85' lang='grc' dir='ltr'><strong>ὑπ’</strong></span> <span class='ocrx_word' id='word_1_680' title='bbox 2781 4469 2945 4526; x_wconf 80' lang='grc' dir='ltr'>αὐτοῦ</span> <span class='ocrx_word' id='word_1_681' title='bbox 3012 4469 3087 4540; x_wconf 82' lang='grc' dir='ltr'>μὴ</span> <span class='ocrx_word' id='word_1_682' title='bbox 3144 4467 3437 4534; x_wconf 79' lang='grc' dir='ltr'>δέξασθαι·</span> <span class='ocrx_word' id='word_1_683' title='bbox 3493 4464 3655 4519; x_wconf 72' lang='grc' dir='ltr'>εἶπεν</span> <span class='ocrx_word' id='word_1_684' title='bbox 3706 4466 3815 4535; x_wconf 79' lang='grc' dir='ltr'>γὰρ</span> 
     </span>
    </p>
   </div>
   <div class='ocr_carea' id='block_1_100' title="bbox 2158 4557 3816 4633">
    <p class='ocr_par' dir='ltr' id='par_1_100' title="bbox 2158 4557 3816 4633">
     <span class='ocr_line' id='line_1_100' title="bbox 2158 4557 3816 4633; baseline -0.004 -16"><span class='ocrx_word' id='word_1_685' title='bbox 2158 4564 2209 4624; x_wconf 79' lang='grc' dir='ltr'>ι)</span> <span class='ocrx_word' id='word_1_686' title='bbox 2235 4564 2458 4627; x_wconf 79' lang='grc' dir='ltr'>ἐκεῖνος·</span> <span class='ocrx_word' id='word_1_687' title='bbox 2500 4564 2604 4620; x_wconf 81' lang='grc' dir='ltr'><strong>ἰδὲ</strong></span> <span class='ocrx_word' id='word_1_688' title='bbox 2630 4567 2663 4619; x_wconf 78' lang='grc' dir='ltr'><em>ὁ</em></span> <span class='ocrx_word' id='word_1_689' title='bbox 2698 4562 2905 4633; x_wconf 80' lang='grc' dir='ltr'>Ἀμνὸς</span> <span class='ocrx_word' id='word_1_690' title='bbox 2924 4559 3031 4615; x_wconf 82' lang='grc' dir='ltr'>τοῦ</span> <span class='ocrx_word' id='word_1_691' title='bbox 3050 4560 3196 4615; x_wconf 82' lang='grc' dir='ltr'>Θεοῦ</span> <span class='ocrx_word' id='word_1_692' title='bbox 3214 4562 3248 4614; x_wconf 84' lang='grc' dir='ltr'><strong>ό</strong></span> <span class='ocrx_word' id='word_1_693' title='bbox 3268 4559 3454 4629; x_wconf 77' lang='grc' dir='ltr'>αἴρων</span> <span class='ocrx_word' id='word_1_694' title='bbox 3487 4557 3606 4626; x_wconf 78' lang='grc' dir='ltr'><strong>τὴν</strong></span> <span class='ocrx_word' id='word_1_695' title='bbox 3624 4558 3816 4626; x_wconf 78' lang='grc' dir='ltr'>ἀμαρ-</span> 
     </span>
    </p>
   </div>
   <div class='ocr_carea' id='block_1_101' title="bbox 2238 4654 2770 4726">
    <p class='ocr_par' dir='ltr' id='par_1_101' title="bbox 2238 4654 2770 4726">
     <span class='ocr_line' id='line_1_101' title="bbox 2238 4654 2770 4726; baseline -0.006 -16"><span class='ocrx_word' id='word_1_696' title='bbox 2238 4658 2374 4710; x_wconf 80' lang='grc' dir='ltr'><strong>τίαν</strong></span> <span class='ocrx_word' id='word_1_697' title='bbox 2393 4654 2498 4710; x_wconf 85' lang='grc' dir='ltr'>τοῦ</span> <span class='ocrx_word' id='word_1_698' title='bbox 2516 4658 2770 4726; x_wconf 84' lang='grc' dir='ltr'>κόσμου.</span> 
     </span>
    </p>
   </div>
   <div class='ocr_carea' id='block_1_102' title="bbox 2312 4739 3811 4815">
    <p class='ocr_par' dir='ltr' id='par_1_102' title="bbox 2312 4739 3811 4815">
     <span class='ocr_line' id='line_1_102' title="bbox 2312 4739 3811 4815; baseline -0.007 -14"><span class='ocrx_word' id='word_1_699' title='bbox 2312 4744 2475 4804; x_wconf 79' lang='grc' dir='ltr'><strong>Οὗτὸ</strong></span> <span class='ocrx_word' id='word_1_700' title='bbox 2505 4748 2698 4802; x_wconf 81' lang='grc' dir='ltr'>πτύον</span> <span class='ocrx_word' id='word_1_701' title='bbox 2717 4746 2788 4801; x_wconf 78' lang='grc' dir='ltr'><strong>ἐν</strong></span> <span class='ocrx_word' id='word_1_702' title='bbox 2802 4744 2876 4814; x_wconf 74' lang='grc' dir='ltr'>τῇ</span> <span class='ocrx_word' id='word_1_703' title='bbox 2900 4744 3052 4815; x_wconf 77' lang='grc' dir='ltr'>χειρὶ</span> <span class='ocrx_word' id='word_1_704' title='bbox 3082 4743 3290 4808; x_wconf 77' lang='grc' dir='ltr'>αὐτοῦ,</span> <span class='ocrx_word' id='word_1_705' title='bbox 3328 4743 3387 4796; x_wconf 69' lang='grc' dir='ltr'><strong>τδ</strong></span> <span class='ocrx_word' id='word_1_706' title='bbox 3409 4740 3606 4814; x_wconf 76' lang='grc' dir='ltr'>κριτὴν</span> <span class='ocrx_word' id='word_1_707' title='bbox 3646 4739 3811 4794; x_wconf 72' lang='grc' dir='ltr'>αὐτὸν</span> 
     </span>
    </p>
   </div>
   <div class='ocr_carea' id='block_1_103' title="bbox 2238 4828 3810 4905">
    <p class='ocr_par' dir='ltr' id='par_1_103' title="bbox 2238 4828 3810 4905">
     <span class='ocr_line' id='line_1_103' title="bbox 2238 4828 3810 4905; baseline -0.004 -18"><span class='ocrx_word' id='word_1_708' title='bbox 2238 4829 2378 4887; x_wconf 73' lang='grc' dir='ltr'>εἶναι</span> <span class='ocrx_word' id='word_1_709' title='bbox 2414 4835 2690 4905; x_wconf 84' lang='grc' dir='ltr'>σημαίνει,</span> <span class='ocrx_word' id='word_1_710' title='bbox 2724 4834 3119 4903; x_wconf 75' lang='grc' dir='ltr'>διαχωρίζοντα</span> <span class='ocrx_word' id='word_1_711' title='bbox 3142 4832 3269 4894; x_wconf 82' lang='grc' dir='ltr'>τοὺς</span> <span class='ocrx_word' id='word_1_712' title='bbox 3290 4831 3534 4893; x_wconf 82' lang='grc' dir='ltr'>δικαίους</span> <span class='ocrx_word' id='word_1_713' title='bbox 3559 4828 3659 4882; x_wconf 76' lang='grc' dir='ltr'><strong>καὶ</strong></span> <span class='ocrx_word' id='word_1_714' title='bbox 3684 4828 3810 4888; x_wconf 77' lang='grc' dir='ltr'>τοὺς</span> 
     </span>
    </p>
   </div>
   <div class='ocr_carea' id='block_1_104' title="bbox 2237 4920 3810 4997">
    <p class='ocr_par' dir='ltr' id='par_1_104' title="bbox 2237 4920 3810 4997">
     <span class='ocr_line' id='line_1_104' title="bbox 2237 4920 3810 4997; baseline -0.003 -19"><span class='ocrx_word' id='word_1_715' title='bbox 2237 4925 2595 4996; x_wconf 80' lang='grc' dir='ltr'>ἁμαρτωλούς</span> <span class='ocrx_word' id='word_1_716' title='bbox 2625 4941 2641 4959; x_wconf 79' lang='grc' dir='ltr'><strong><em>ο</em></strong></span> <span class='ocrx_word' id='word_1_717' title='bbox 2673 4925 2783 4997; x_wconf 82' lang='grc' dir='ltr'>πῦρ</span> <span class='ocrx_word' id='word_1_718' title='bbox 2814 4924 2872 4977; x_wconf 77' lang='grc' dir='ltr'>δὲ</span> <span class='ocrx_word' id='word_1_719' title='bbox 2905 4924 3189 4989; x_wconf 76' lang='grc' dir='ltr'>ἄσϐεστον,</span> <span class='ocrx_word' id='word_1_720' title='bbox 3212 4923 3311 4993; x_wconf 80' lang='grc' dir='ltr'>τὴν</span> <span class='ocrx_word' id='word_1_721' title='bbox 3340 4920 3612 4978; x_wconf 79' lang='grc' dir='ltr'>ἀθάνατον</span> <span class='ocrx_word' id='word_1_722' title='bbox 3638 4937 3810 4989; x_wconf 86' lang='grc' dir='ltr'>τιμω-</span> 
     </span>
    </p>
   </div>
   <div class='ocr_carea' id='block_1_105' title="bbox 2239 5016 2561 5087">
    <p class='ocr_par' dir='ltr' id='par_1_105' title="bbox 2239 5016 2561 5087">
     <span class='ocr_line' id='line_1_105' title="bbox 2239 5016 2561 5087; baseline 0 -18"><span class='ocrx_word' id='word_1_723' title='bbox 2239 5020 2363 5087; x_wconf 80' lang='grc' dir='ltr'>ρίαν</span> <span class='ocrx_word' id='word_1_724' title='bbox 2391 5016 2561 5085; x_wconf 74' lang='grc' dir='ltr'>λέγει.</span> 
     </span>
    </p>
   </div>
   <div class='ocr_carea' id='block_1_106' title="bbox 2320 5098 3810 5177">
    <p class='ocr_par' dir='ltr' id='par_1_106' title="bbox 2320 5098 3810 5177">
     <span class='ocr_line' id='line_1_106' title="bbox 2320 5098 3810 5177; baseline -0.007 -16"><span class='ocrx_word' id='word_1_725' title='bbox 2320 5108 2571 5177; x_wconf 83' lang='grc' dir='ltr'>Ἰωάννης</span> <span class='ocrx_word' id='word_1_726' title='bbox 2617 5106 2883 5177; x_wconf 82' lang='grc' dir='ltr'>πρότερον</span> <span class='ocrx_word' id='word_1_727' title='bbox 2930 5103 3243 5158; x_wconf 82' lang='grc' dir='ltr'>διακωλύων</span> <span class='ocrx_word' id='word_1_728' title='bbox 3287 5101 3379 5155; x_wconf 75' lang='grc' dir='ltr'>τὸν</span> <span class='ocrx_word' id='word_1_729' title='bbox 3429 5100 3669 5173; x_wconf 79' lang='grc' dir='ltr'>Χριστὸν</span> <span class='ocrx_word' id='word_1_730' title='bbox 3717 5098 3810 5167; x_wconf 82' lang='grc' dir='ltr'><strong>βα-</strong></span> 
     </span>
    </p>
   </div>
   <div class='ocr_carea' id='block_1_107' title="bbox 2236 5188 3813 5270">
    <p class='ocr_par' dir='ltr' id='par_1_107' title="bbox 2236 5188 3813 5270">
     <span class='ocr_line' id='line_1_107' title="bbox 2236 5188 3813 5270; baseline -0.005 -17"><span class='ocrx_word' id='word_1_731' title='bbox 2236 5200 2530 5270; x_wconf 83' lang='grc' dir='ltr'>πτισθῆναι</span> <span class='ocrx_word' id='word_1_732' title='bbox 2559 5199 2651 5252; x_wconf 82' lang='grc' dir='ltr'><strong>ὑπ’</strong></span> <span class='ocrx_word' id='word_1_733' title='bbox 2686 5198 2874 5261; x_wconf 81' lang='grc' dir='ltr'>αὐτοῦ,</span> <span class='ocrx_word' id='word_1_734' title='bbox 2936 5197 3164 5268; x_wconf 80' lang='grc' dir='ltr'>ὓστερον</span> <span class='ocrx_word' id='word_1_735' title='bbox 3206 5195 3504 5249; x_wconf 71' lang='grc' dir='ltr'>ἐϐάπτισεν</span> <span class='ocrx_word' id='word_1_736' title='bbox 3531 5210 3549 5225; x_wconf 74' lang='grc' dir='ltr'><strong>ο</strong></span> <span class='ocrx_word' id='word_1_737' title='bbox 3587 5194 3692 5246; x_wconf 78' lang='grc' dir='ltr'><strong>οὐκ</strong></span> <span class='ocrx_word' id='word_1_738' title='bbox 3741 5188 3813 5262; x_wconf 80' lang='grc' dir='ltr'>ἦν</span> 
     </span>
    </p>
   </div>
   <div class='ocr_carea' id='block_1_108' title="bbox 2233 5283 3813 5361">
    <p class='ocr_par' dir='ltr' id='par_1_108' title="bbox 2233 5283 3813 5361">
     <span class='ocr_line' id='line_1_108' title="bbox 2233 5283 3813 5361; baseline -0.006 -16"><span class='ocrx_word' id='word_1_739' title='bbox 2233 5293 2491 5361; x_wconf 79' lang='grc' dir='ltr'>ἀμέτρως</span> <span class='ocrx_word' id='word_1_740' title='bbox 2512 5289 2830 5359; x_wconf 76' lang='grc' dir='ltr'>φιλόνεικος,</span> <span class='ocrx_word' id='word_1_741' title='bbox 2862 5287 2998 5342; x_wconf 85' lang='grc' dir='ltr'><strong>ἀλλά</strong></span> <span class='ocrx_word' id='word_1_742' title='bbox 3019 5286 3195 5342; x_wconf 77' lang='grc' dir='ltr'>καὶτὸ</span> <span class='ocrx_word' id='word_1_743' title='bbox 3232 5286 3455 5353; x_wconf 77' lang='grc' dir='ltr'>ἀνάξιον</span> <span class='ocrx_word' id='word_1_744' title='bbox 3481 5283 3680 5350; x_wconf 77' lang='grc' dir='ltr'>ἔδειξε,</span> <span class='ocrx_word' id='word_1_745' title='bbox 3716 5284 3813 5337; x_wconf 68' lang='grc' dir='ltr'>καὶ</span> 
     </span>
    </p>
   </div>
   <div class='ocr_carea' id='block_1_109' title="bbox 2234 5379 2893 5451">
    <p class='ocr_par' dir='ltr' id='par_1_109' title="bbox 2234 5379 2893 5451">
     <span class='ocr_line' id='line_1_109' title="bbox 2234 5379 2893 5451; baseline -0.003 -16"><span class='ocrx_word' id='word_1_746' title='bbox 2234 5384 2332 5451; x_wconf 79' lang='grc' dir='ltr'>τὴν</span> <span class='ocrx_word' id='word_1_747' title='bbox 2356 5380 2602 5451; x_wconf 76' lang='grc' dir='ltr'>ὑπακοὴν</span> <span class='ocrx_word' id='word_1_748' title='bbox 2627 5379 2893 5433; x_wconf 72' lang='grc' dir='ltr'>ἐτέλεσεν.</span> 
     </span>
    </p>
   </div>
   <div class='ocr_carea' id='block_1_110' title="bbox 2305 5462 3815 5538">
    <p class='ocr_par' dir='ltr' id='par_1_110' title="bbox 2305 5462 3815 5538">
     <span class='ocr_line' id='line_1_110' title="bbox 2305 5462 3815 5538; baseline -0.004 -15"><span class='ocrx_word' id='word_1_749' title='bbox 2305 5470 2400 5533; x_wconf 80' lang='grc' dir='ltr'><strong>Τὸ,</strong></span> <span class='ocrx_word' id='word_1_750' title='bbox 2444 5471 2618 5538; x_wconf 68' lang='grc' dir='ltr'>Ἄφες</span> <span class='ocrx_word' id='word_1_751' title='bbox 2651 5466 2803 5536; x_wconf 83' lang='grc' dir='ltr'>ἄρτι,</span> <span class='ocrx_word' id='word_1_752' title='bbox 2822 5467 2992 5538; x_wconf 74' lang='grc' dir='ltr'>δηλοῖ,</span> <span class='ocrx_word' id='word_1_753' title='bbox 3028 5468 3111 5521; x_wconf 80' lang='grc' dir='ltr'>ὅτι</span> <span class='ocrx_word' id='word_1_754' title='bbox 3142 5466 3219 5520; x_wconf 85' lang='grc' dir='ltr'><strong>Οὐ</strong></span> <span class='ocrx_word' id='word_1_755' title='bbox 3271 5464 3538 5535; x_wconf 82' lang='grc' dir='ltr'>διηνεκῶς</span> <span class='ocrx_word' id='word_1_756' title='bbox 3578 5466 3639 5517; x_wconf 78' lang='grc' dir='ltr'>ὲν</span> <span class='ocrx_word' id='word_1_757' title='bbox 3687 5462 3815 5517; x_wconf 82' lang='grc' dir='ltr'>τού·-</span> 
     </span>
    </p>
   </div>
   <div class='ocr_carea' id='block_1_111' title="bbox 2232 5554 3819 5632">
    <p class='ocr_par' dir='ltr' id='par_1_111' title="bbox 2232 5554 3819 5632">
     <span class='ocr_line' id='line_1_111' title="bbox 2232 5554 3819 5632; baseline -0.004 -17"><span class='ocrx_word' id='word_1_758' title='bbox 2232 5579 2346 5625; x_wconf 90' lang='grc' dir='ltr'>τοις</span> <span class='ocrx_word' id='word_1_759' title='bbox 2365 5578 2432 5632; x_wconf 87' lang='grc' dir='ltr'><strong>με</strong></span> <span class='ocrx_word' id='word_1_760' title='bbox 2472 5561 2613 5630; x_wconf 74' lang='grc' dir='ltr'>δψει,</span> <span class='ocrx_word' id='word_1_761' title='bbox 2637 5559 2750 5613; x_wconf 78' lang='grc' dir='ltr'>ἀλλ’</span> <span class='ocrx_word' id='word_1_762' title='bbox 2778 5558 2897 5627; x_wconf 73' lang='grc' dir='ltr'>ὄψει</span> <span class='ocrx_word' id='word_1_763' title='bbox 2926 5576 2993 5629; x_wconf 80' lang='grc' dir='ltr'><strong>με</strong></span> <span class='ocrx_word' id='word_1_764' title='bbox 3025 5562 3084 5612; x_wconf 74' lang='grc' dir='ltr'>ὲν</span> <span class='ocrx_word' id='word_1_765' title='bbox 3117 5554 3199 5622; x_wconf 79' lang='grc' dir='ltr'>οἷς</span> <span class='ocrx_word' id='word_1_766' title='bbox 3222 5557 3537 5627; x_wconf 79' lang='grc' dir='ltr'>ἐπιθυμεῖς,</span> <span class='ocrx_word' id='word_1_767' title='bbox 3572 5557 3665 5609; x_wconf 82' lang='grc' dir='ltr'>ὅτε</span> <span class='ocrx_word' id='word_1_768' title='bbox 3691 5554 3819 5609; x_wconf 82' lang='grc' dir='ltr'><strong>τοὺ-</strong></span> 
     </span>
    </p>
   </div>
   <div class='ocr_carea' id='block_1_112' title="bbox 2231 5652 2558 5724">
    <p class='ocr_par' dir='ltr' id='par_1_112' title="bbox 2231 5652 2558 5724">
     <span class='ocr_line' id='line_1_112' title="bbox 2231 5652 2558 5724; baseline -0.009 -16"><span class='ocrx_word' id='word_1_769' title='bbox 2231 5672 2326 5708; x_wconf 84' lang='grc' dir='ltr'><strong>του</strong></span> <span class='ocrx_word' id='word_1_770' title='bbox 2345 5652 2558 5724; x_wconf 80' lang='grc' dir='ltr'>καιρός.</span> 
     </span>
    </p>
   </div>
   <div class='ocr_carea' id='block_1_113' title="bbox 2304 5738 3817 5811">
    <p class='ocr_par' dir='ltr' id='par_1_113' title="bbox 2304 5738 3817 5811">
     <span class='ocr_line' id='line_1_113' title="bbox 2304 5738 3817 5811; baseline -0.005 -13"><span class='ocrx_word' id='word_1_771' title='bbox 2304 5748 2404 5798; x_wconf 65' lang='grc' dir='ltr'>Διιι</span> <span class='ocrx_word' id='word_1_772' title='bbox 2440 5745 2494 5797; x_wconf 79' lang='grc' dir='ltr'><strong>τί</strong></span> <span class='ocrx_word' id='word_1_773' title='bbox 2530 5742 2592 5797; x_wconf 79' lang='grc' dir='ltr'>τὸ</span> <span class='ocrx_word' id='word_1_774' title='bbox 2622 5742 2844 5811; x_wconf 77' lang='grc' dir='ltr'>Πνεῦμα</span> <span class='ocrx_word' id='word_1_775' title='bbox 2876 5742 2934 5793; x_wconf 80' lang='grc' dir='ltr'>ὲν</span> <span class='ocrx_word' id='word_1_776' title='bbox 2963 5738 3097 5793; x_wconf 82' lang='grc' dir='ltr'>εἴδει</span> <span class='ocrx_word' id='word_1_777' title='bbox 3136 5740 3471 5810; x_wconf 76' lang='grc' dir='ltr'>περιστερᾶς</span> <span class='ocrx_word' id='word_1_778' title='bbox 3518 5740 3817 5807; x_wconf 71' lang='grc' dir='ltr'>φαίνεταις</span> 
     </span>
    </p>
   </div>
   <div class='ocr_carea' id='block_1_114' title="bbox 2236 5834 3822 5909">
    <p class='ocr_par' dir='ltr' id='par_1_114' title="bbox 2236 5834 3822 5909">
     <span class='ocr_line' id='line_1_114' title="bbox 2236 5834 3822 5909; baseline -0.006 -13"><span class='ocrx_word' id='word_1_779' title='bbox 2236 5845 2355 5895; x_wconf 70' lang='grc' dir='ltr'>Ὅτι</span> <span class='ocrx_word' id='word_1_780' title='bbox 2389 5842 2594 5909; x_wconf 71' lang='grc' dir='ltr'>ἥμερον</span> <span class='ocrx_word' id='word_1_781' title='bbox 2620 5837 2677 5891; x_wconf 80' lang='grc' dir='ltr'>τὸ</span> <span class='ocrx_word' id='word_1_782' title='bbox 2706 5836 2841 5902; x_wconf 74' lang='grc' dir='ltr'>ζῶον</span> <span class='ocrx_word' id='word_1_783' title='bbox 2872 5836 2961 5889; x_wconf 65' lang='grc' dir='ltr'>καὶ</span> <span class='ocrx_word' id='word_1_784' title='bbox 2996 5834 3231 5905; x_wconf 78' lang='grc' dir='ltr'>καθαρόν</span> <span class='ocrx_word' id='word_1_785' title='bbox 3255 5851 3267 5861; x_wconf 73' lang='grc'><strong><em>⁸</em></strong></span> <span class='ocrx_word' id='word_1_786' title='bbox 3298 5834 3418 5887; x_wconf 72' lang='grc' dir='ltr'>ἐπεὶ</span> <span class='ocrx_word' id='word_1_787' title='bbox 3447 5834 3542 5887; x_wconf 71' lang='grc' dir='ltr'>οὖν</span> <span class='ocrx_word' id='word_1_788' title='bbox 3570 5835 3631 5888; x_wconf 70' lang='grc' dir='ltr'>τὸ</span> <span class='ocrx_word' id='word_1_789' title='bbox 3664 5836 3822 5890; x_wconf 74' lang='grc' dir='ltr'>ἆνιον</span> 
     </span>
    </p>
   </div>
  </div>
