4026 6590
372 426 511 492 1085

1357 434 1678 497 SCHOLIA
1712 439 2008 503 VETERA
2049 444 2134 508 IN
2174 447 2645 511 M.\TTH:EUM.

3477 453 3616 520 1086

373 541 604 613 Πνεῦμα
664 541 974 614 πραότητός
1023 544 1142 599 ἐστι
1190 545 1431 618 πνεῦμα,
1464 550 1556 604 διὰ
1592 552 1751 606 τούτο
1801 556 1944 609 οὕτω

2050 571 2275 619 sanctus
2339 564 2580 634 Spiritus
2614 567 3050 624 mansuetudinis
3078 576 3164 625 est
3210 568 3455 638 spiritus,
3492 572 3617 627 ideo

368 633 616 703 φαίνεται
652 651 667 667 ·
700 635 795 689 καὶ
824 636 912 692 διὰ
939 636 1000 691 τὸ
1048 637 1502 707 εὐαγγελίσασθαι
1530 642 1629 715 τὴν
1681 646 1940 716 Περιστε-

368 727 472 797 ρᾶν
501 726 600 797 τὴν
620 726 774 782 λύσιν
794 728 886 783 τοῦ
908 731 1294 804 κατακλυσμοῦ
1324 748 1339 764 ⁶
1377 735 1474 788 καὶ
1503 735 1612 807 γὰρ
1636 736 1696 790 τὸ
1719 737 1940 809 πνεῦμα

367 817 522 871 λύσιν
547 819 656 874 τῶν
679 822 865 876 κακῶν
886 824 1019 895 ἡμῖν
1072 824 1248 897 ῆγαγε
1284 842 1301 860 ·
1331 827 1621 896 γινώσκειν
1650 830 1706 883 δὲ
1750 831 1831 885 δεῖ
1857 832 1940 886 ὅτι

365 911 450 975 ού,
469 910 656 976 Φύσει,
690 909 867 979 εἶπεν,
897 915 1035 983 ἀλλ’,
1066 918 1170 972 Ἐν
1194 917 1340 973 εῖδει
1367 921 1743 989 περιστερᾶς,
1769 923 1856 978 διὰ
1880 925 1942 977 τὸ

371 1002 639 1070 ραγδαίως
666 1004 761 1057 καὶ
786 1006 1063 1075 φωτεινῶς
1109 1010 1535 1081 κατεληλυθέναι
1564 1028 1579 1042 ⁸
1601 1015 1660 1067 ἐν
1687 1013 1818 1068 εῖδει
1838 1015 1932 1070 οὖν

371 1098 698 1167 περιστερᾶς
722 1098 754 1168 ἡ
788 1099 1107 1167 κατάϐασις,
1137 1101 1253 1156 ἀλλ’
1314 1104 1435 1174 οὐχὶ
1459 1105 1639 1177 μορφὴ
1671 1103 1820 1173 ζῴου⁴

440 1186 536 1239 Δια
560 1186 719 1240 τοῦτο
743 1187 924 1259 ἔμεινε
972 1192 1033 1244 τὸ
1063 1193 1289 1264 Πνεῦμα
1311 1195 1405 1247 ἐπὶ
1445 1195 1537 1249 τὸν
1568 1197 1825 1267 Χριστὸν,
1857 1198 1945 1254 ἵνα

372 1276 405 1344 ἡ
433 1276 637 1329 ἄνωθεν
667 1279 821 1348 φωνὴ
856 1280 981 1351 περὶ
1005 1280 1195 1335 τούτου
1236 1282 1491 1355 νομισοῇ,
1521 1283 1657 1338 ἀλλὰ
1696 1285 1772 1358 μὴ
1801 1286 1931 1358 περὶ

385 1367 653 1424 Ἰωάννου.

993 1482 1249 1537 ΚΕΦᾹΔ.
1274 1480 1346 1538 Δ’.

449 1587 588 1641 Τότε
619 1586 876 1657 ἀνήχθη,
905 1589 1093 1660 φησιν,
1134 1591 1254 1646 ὑπὸ
1284 1592 1390 1647 τοῦ
1418 1594 1767 1663 Πνεύματος
1815 1609 1945 1651 πει-

368 1677 672 1747 ρασθῆναι
694 1695 708 1708 ⁶
740 1680 846 1732 ὑπὸ
874 1680 968 1733 τοῦ
1000 1681 1163 1749 ἁγίου
1197 1684 1514 1755 Πνεύματος
1540 1686 1690 1756 λέγει
1718 1702 1736 1721 ο
1778 1689 1944 1743 πάλιν

375 1772 457 1832 τὸ,
483 1772 637 1836 τότε,
665 1771 765 1825 οὐκ
794 1772 956 1836 εὐθὺς
988 1772 1348 1843 λαμδάνεται,
1382 1776 1496 1830 ἀλλ’
1522 1778 1645 1833 ἀντὶ
1684 1778 1802 1845 τοῦ,
1832 1780 1945 1843 τοῖς

375 1864 592 1931 καιροῖς
614 1862 859 1925 ἐκείνοις.

448 1955 767 2027 Πειράζεται
790 1955 882 2010 καὶ
918 1957 998 2021 εἲς
1031 1956 1235 2029 ἔρημον
1263 1957 1519 2029 ἀνάγεται
1545 1960 1643 2015 καὶ
1672 1959 1943 2033 νηστεύει,

375 2043 550 2109 διδοὺς
594 2045 761 2101 τύπον
787 2049 921 2119 ἡμῖν
965 2052 1218 2123 νηστείας
1262 2053 1357 2108 καὶ
1410 2055 1689 2128 ὑπομονῆς
1749 2074 1946 2131 πειρα-

381 2153 566 2209 σμων.
1917 2193 1921 2196 ,

450 2229 618 2283 Πόθεν
644 2231 793 2300 λέγει
816 2234 1056 2299 ἀκούσας
1072 2237 1100 2290 ὁ
1131 2236 1378 2301 διάϐολος
1401 2240 1480 2306 τὸ,
1506 2241 1574 2294 Ei
1609 2244 1744 2309 Υἱὸς
1763 2239 1820 2299 εἳ
1837 2243 1945 2300 τοῦ

379 2321 563 2389 Θεοῦ;
594 2325 686 2376 καὶ
732 2325 829 2395 τῆς
875 2325 1085 2382 ἄνωθεν
1123 2330 1310 2398 φωνῆς
1338 2331 1537 2402 ἤκουσε
1564 2335 1658 2388 τοῦ
1699 2336 1945 2392 Ἰωάννου

376 2412 534 2467 τοῦτο
562 2412 814 2483 λέγοντος
848 2433 862 2448 ·
889 2417 938 2469 εί
969 2417 1027 2470 δὲ
1074 2417 1392 2487 ἀμφέϐαλλε
1438 2421 1670 2492 πότερον
1714 2425 1763 2477 εί
1799 2424 1948 2480 ἐστιν

378 2502 506 2568 Υίδς
543 2504 636 2558 τοῦ
676 2506 811 2560 Θεοῦ
838 2505 871 2576 ἤ
910 2507 1010 2559 οὐκ
1038 2506 1205 2573 ἔστιν,
1241 2509 1328 2563 διὰ
1357 2509 1417 2562 τὸ
1447 2512 1702 2584 πεινῆσαι
1752 2513 1850 2567 καὶ
1880 2514 1948 2567 τὰ

375 2596 476 2665 τῆς
504 2596 821 2666 σωματικῆς
856 2596 1116 2666 ἐνδημίας
1136 2598 1421 2666 πράττειν.

448 2687 557 2742 Τοῦ
585 2688 770 2742 Λουκᾶ
803 2689 1056 2760 λέγοντος
1075 2691 1157 2745 ὅτι
1184 2691 1363 2746 πάντα
1400 2694 1711 2765 πειρασμὸν
1761 2694 1948 2767 ἐκίνη-

378 2794 491 2846 σεν,
521 2780 804 2852 νοήσωμεν
830 2780 910 2847 ὡς
952 2780 1022 2838 τὰ
1070 2784 1342 2851 κεφάλαια
1374 2785 1484 2839 τῶν
1512 2788 1835 2859 πειρασμῶν
1867 2807 1951 2845 κι-

376 2874 663 2943 νήσαντος,
704 2873 877 2939 οὕτως
907 2872 1062 2930 εἶπεν
1097 2892 1112 2907 ·
1144 2875 1214 2929 τὰ
1243 2877 1353 2948 γὰρ
1384 2878 1601 2948 χείρονα
1627 2879 1735 2932 τῶν
1766 2883 1950 2952 ἁμαρ-

377 2964 633 3035 Ιπημάτων
665 2969 1076 3040 γαστριμαργία
1102 2968 1220 3023 ἐστὶ
1247 2970 1341 3024 καὶ
1378 2970 1652 3039 κενοδοξία
1666 2974 1759 3027 καὶ
1775 2973 1952 3045 ἀπλη-

380 3056 505 3109 στία
529 3074 634 3129 χρη
644 3059 852 3128 μάτων.

448 3149 547 3203 Δια
574 3149 733 3204 τοῦτο
762 3151 997 3216 ἀκούσας
1028 3152 1058 3206 ὁ
1124 3153 1333 3226 Ἰησοῦς
1362 3154 1446 3209 ὅτι
1508 3155 1762 3228 Ἰωάννης
1814 3173 1949 3229 παρ-

2044 655 2166 710 talis
2191 656 2438 722 videtur,
2479 667 2533 712 et
2559 660 2689 727 quia
2729 661 2999 716 nuntiavit
3036 661 3289 717 columba
3323 662 3485 718 linem
3527 664 3617 719 tli-

2041 746 2204 813 luvii;
2236 749 2438 804 etenim
2472 749 2709 820 Spiritus
2740 751 2897 807 nobis
2928 752 3196 808 malorum
3222 754 3387 809 linem
3410 756 3613 812 attulit.

2039 837 2381 909 Cognoscere
2402 851 2580 896 autem
2602 850 2816 912 oportet
2847 858 2954 898 non
2984 853 3256 911 naturam,
3276 846 3370 901 sed
3392 846 3616 915 speciem

2042 931 2302 987 columba
2334 932 2563 998 dixisse,
2602 934 2744 1005 quod
2766 935 2953 1004 rapide
2986 944 3039 990 et
3069 935 3351 1005 splendide
3384 936 3615 993 descen-

2041 1024 2152 1092 dit;
2184 1025 2238 1080 in
2272 1027 2455 1096 specie
2476 1027 2641 1098 igitur
2698 1027 2962 1083 columbae
3006 1028 3303 1084 descensus
3342 1028 3468 1096 fuit,
3501 1044 3611 1084 non

2040 1126 2224 1172 autem
2252 1119 2510 1175 animalis
2546 1117 2747 1175 forma.

2113 1206 2196 1263 Ob
2218 1208 2322 1264 hoc
2353 1210 2554 1265 mansit
2608 1210 2844 1280 Spiritus
2880 1226 3045 1280 super
3079 1210 3381 1272 Christum.
3406 1219 3470 1267 ut
3521 1224 3618 1263 vo-

2044 1314 2161 1353 cem
2193 1300 2261 1355 de
2304 1301 2443 1356 coelo
2474 1301 2540 1356 ad
2592 1302 2741 1356 illum
2772 1303 3034 1358 directam
3068 1305 3393 1373 putaverint,
3422 1310 3479 1357 et
3501 1314 3611 1356 non

2040 1389 2111 1443 ad
2131 1388 2423 1444 Joannem.

2648 1500 2873 1558 CAPUT
2924 1500 3014 1558 IV.

2118 1599 2283 1660 Vens.
2314 1601 2367 1658 1.
2404 1600 2550 1658 Tunc
2565 1604 2752 1659 ductus
2778 1617 2877 1668 est,
2904 1607 3105 1676 inquit,
3133 1624 3165 1661 a
3196 1607 3389 1677 spiritu
3421 1614 3476 1662 ut
3495 1616 3611 1663 ten-

2049 1709 2274 1765 taretur,
2301 1698 2352 1754 id
2412 1708 2499 1754 est
2535 1714 2564 1754 a
2611 1710 2801 1756 sancto
2834 1700 3062 1771 Spiritu.
3092 1703 3292 1756 lterum
3330 1718 3432 1756 vox
3468 1711 3613 1766 tunc,

2048 1806 2154 1845 non
2185 1789 2472 1846 confestim
2503 1791 2793 1862 significat,
2827 1791 2922 1848 sed
2970 1806 3091 1863 pro,
3122 1792 3231 1849 illis
3258 1791 3612 1863 temporibus,

1980 1899 2026 1956 Β
2053 1883 2307 1940 sumitur.

2116 1972 2458 2037 Tentatur,ct
2484 1970 2539 2026 in
2559 1970 2835 2028 desertum
2861 1972 3078 2029 ducitur
3096 1982 3171 2041 ,et
3194 1975 3426 2047 jejunat,
3459 1974 3617 2030 nobis

2046 2066 2293 2137 praebens
2335 2062 2644 2134 exemplum
2674 2063 2869 2135 jejunii
2912 2074 2964 2121 et
3003 2066 3359 2121 tentationum
3399 2067 3613 2137 patien-

2049 2157 2156 2212 tias.

2120 2248 2287 2304 Vens.
2347 2251 2399 2305 3.
2429 2248 2609 2316 Quare
2646 2248 2777 2304 dicit
2799 2286 2816 2312 ,
2850 2263 2972 2304 cum
3032 2248 3287 2315 audierit,
3317 2247 3565 2305 diabolus
3596 2264 3615 2305 :

2049 2338 2111 2395 Si
2139 2337 2315 2392 Filius
2354 2339 2447 2392 Dei
2481 2355 2533 2392 es
2553 2341 2578 2395 ?
2599 2348 2651 2393 et
2682 2353 2869 2393 vocem
2901 2338 3074 2393 audiit
3127 2355 3157 2393 e
3204 2340 3358 2393 cwlis
3388 2337 3621 2395 Joannis

2048 2430 2179 2485 illud
2213 2429 2475 2496 dicentis;
2506 2430 2609 2483 etsi
2654 2444 2781 2483 vero
2820 2428 3032 2483 dubitet
3079 2445 3146 2483 au
3198 2427 3370 2483 Filius
3419 2429 3491 2483 sit
3524 2429 3618 2484 Dei

2048 2536 2241 2585 necne,
2270 2528 2490 2590 propter
2514 2519 2659 2590 quod
2683 2520 2854 2575 esurit
2869 2529 2923 2575 et
2939 2520 3251 2590 corporales
3269 2520 3623 2575 necessitates

2048 2613 2351 2681 experitur.

2118 2702 2282 2758 Vsns.
2316 2704 2369 2758 4.
2412 2702 2558 2758 Luca
2595 2701 2812 2757 dicente
2842 2700 2988 2771 quod
3017 2714 3232 2755 omnem
3265 2699 3619 2755 tentationem

2050 2804 2509 2861 consummasset,
2543 2795 2955 2865 intelligendum
2989 2806 3070 2849 est
3088 2794 3238 2848 illum
3272 2794 3341 2849 de
3365 2811 3621 2849 consum-

2049 2887 2288 2941 matione
2326 2887 2720 2956 praecipuarum
2747 2887 3107 2941 tentationum
3132 2886 3205 2940 ita
3234 2886 3439 2942 dixisse
3456 2903 3473 2954 ;
3490 2902 3619 2942 nam

2050 2977 2289 3047 pessima
2318 2985 2664 3047 peccatorum
2684 2987 2812 3033 sunt
2838 2978 2987 3048 gula,
3008 2993 3147 3033 vana
3177 2978 3371 3051 gloria,
3394 2990 3446 3034 ct
3470 2979 3623 3035 inex-

2050 3066 2194 3137 pleta
2222 3066 2517 3137 cupiditas.

2123 3158 2294 3214 Vens.
2327 3159 2412 3213 l2.
2445 3157 2570 3214 ldeo
2599 3157 2826 3214 audiens
2849 3156 3005 3215 Jesus
3034 3157 3297 3215 Joannem
3342 3159 3602 3213 traditum

375 3240 555 3313 εδόθη,
579 3241 926 3315 ἀνεχώρησεν
943 3247 1021 3309 είς
1042 3246 1141 3316 τὴν
1172 3247 1486 3311 Γαλιλαίαν,
1510 3250 1659 3321 ἡμᾶς
1680 3248 1947 3303 παιδεύων

2052 3262 2193 3317 esse,
2229 3251 2459 3307 secessit
2498 3250 2551 3305 in
2591 3250 2966 3312 Galilaeam.nt
2999 3266 3099 3306 nos
3119 3250 3340 3306 doceret
3367 3250 3623 3305 tentatio-

378 3333 602 3403 φεύγειν
631 3336 758 3399 τοὺς
786 3336 1158 3409 επειρασμούς
1185 3353 1200 3371 ο
1236 3338 1297 3391 οὐ
1330 3339 1440 3409 γὰρ
1484 3339 1741 3411 ἔγκλημα
1771 3341 1831 3394 τὸ
1872 3342 1948 3414 μὴ

378 3426 591 3498 ῥίπτειν
612 3426 803 3480 ἑαυτὸν
836 3427 919 3491 εἰς
964 3430 1327 3499 πειρασμοὺς,
1350 3430 1485 3484 ἀλλὰ
1541 3432 1604 3484 τὸ
1639 3433 1949 3503 ἐμπεσόντα

378 3518 456 3588 μὴ
493 3518 684 3588 στῆναι
726 3521 989 3587 γενναίως
1025 3536 1042 3553 ο
1074 3519 1157 3574 ἔτι
1187 3521 1244 3575 δέ
1269 3522 1364 3576 καὶ
1410 3522 1541 3586 τοὺς
1573 3523 1935 3589 διδασκάλους

373 3610 477 3679 τῆς
522 3612 848 3683 οἰκουμένης
901 3612 1181 3684 ζωγρῆσαι
1220 3613 1485 3682 σπεύδων,
1521 3614 1571 3669 οἳ
1630 3616 1810 3669 ἐκεῖσε
1870 3615 1949 3670 δι-

375 3696 590 3768 έτριϐον
611 3716 625 3732 ·
646 3698 728 3753 ἐτι
742 3699 799 3754 δέ
820 3699 913 3754 καὶ
931 3699 1267 3771 προφητείαν
1286 3702 1524 3773 πληρῶνο
1542 3704 1606 3761 Ἠ
1628 3707 1948 3772 Γαλιλαία,

373 3794 531 3863 φησὶ,
555 3793 675 3848 τῶν
699 3793 912 3863 ἐθνῶν,
944 3798 977 3851 ό
1004 3795 1158 3865 λαὸς
1190 3799 1225 3853 ὁ
1253 3796 1590 3868 καθήμενος
1623 3798 1693 3854 ἐν
1719 3800 1946 3869 σκότει,

375 3884 545 3941 ιδέτω
573 3882 701 3955 φῶς
721 3884 898 3959 μέτα.

445 3977 655 4050 Πέτρου
684 3978 777 4033 καὶ
819 3978 1071 4050 ’Δνδριου
1084 3978 1281 4052 κλῆσις
1301 3980 1529 4054 δευτέρα
1553 3977 1624 4054 ἦν
1652 3984 1720 4055 ἣν
1750 3985 1949 4039 ὁΜατ-

374 4072 527 4138 θαϊος
550 4073 700 4143 λέγει
725 4088 740 4103 ⁸
765 4076 795 4129 δ
826 4076 925 4146 μὲν
956 4074 1065 4146 γὰρ
1112 4074 1367 4147 Ἰωάννης
1409 4078 1594 4146 φησὶν,
1644 4078 1728 4131 δτι
1778 4077 1949 4132 Οὔπω

377 4167 665 4240 βληθέντος
694 4169 753 4222 ἐν
780 4172 845 4242 τῇ
879 4169 1093 4242 φυλακῇ
1138 4167 1232 4222 τοῦ
1271 4168 1519 4223 Ἰωάννου
1580 4169 1892 4243 προσῆλθον
1928 4188 1945 4205 ·

377 4264 613 4320 ἐνταῦθα
639 4264 695 4318 δὲ
724 4266 863 4335 μετὰ
884 4264 947 4319 τὸ
994 4264 1330 4337 ἐμϐληθῆναι
1366 4264 1526 4320 αὐτόν
1559 4281 1574 4298 ·
1612 4267 1772 4319 κακεί
1804 4265 1950 4336 μὲνὸ

386 4357 646 4430 Ἀνδρέας
662 4356 816 4413 καλεῖ
833 4359 924 4413 τὸν
949 4359 1175 4433 Πέτρον,
1203 4358 1437 4416 ἐνταῦθα
1465 4359 1525 4415 δὲ
1555 4359 1899 4432 ἀμφοτέρους
1920 4361 1950 4414 δ

376 4449 610 4521 Χριστός
642 4465 662 4483 ο
688 4450 828 4505 ὥστε
864 4450 1115 4524 δεύτερον
1140 4448 1304 4525 ἦλθον
1365 4451 1502 4524 πρὸς
1541 4446 1799 4524 Χριστόν.
1850 4452 1951 4507 Δια

375 4545 430 4641 τί
454 4546 728 4641 μετατὴν
765 4544 1235 4641 πρώτην-κλῆσιν,
1267 4546 1348 4641 εἰς
1364 4547 1468 4641 τὴν
1513 4547 1720 4641 οἰκείαν
1749 4547 1945 4641 τέχνην
1971 4581 2026 4641 D

377 4633 682 4707 ἐπανῆλθον
710 4636 899 4703 πάλινς
927 4634 1028 4690 Διὰ
1047 4635 1108 4690 τὸ
1131 4634 1223 4690 τὸν
1262 4635 1513 4707 Ἰωάννην
1541 4637 1620 4700 είς
1664 4635 1948 4706 δεσμωτή-

381 4742 499 4797 ριον
544 4724 802 4780 εἰσελθεῖν
832 4742 848 4759 ο
902 4724 1038 4790 τέως
1091 4724 1452 4796 συγχυθέντες
1505 4721 1803 4795 εἴρχθησαν
1851 4724 1948 4778 τοῦ

386 4816 619 4874 σκοποῦ.

463 4907 552 4962 Ἐν
577 4910 695 4972 ταῖς
733 4908 977 4981 πρώταις
999 4907 1318 4981 θεραπείαις
1345 4904 1456 4961 τῶν
1475 4906 1649 4979 ὄχλων
1678 4908 1767 4963 διὰ
1793 4909 1852 4963 τὸ
1875 4908 1951 4982 μὴ

383 5002 578 5069 πεῖραν
600 4999 887 5054 δεδωκέναι
915 5002 1014 5071 τῆς
1038 4998 1201 5053 αὑτοῦ
1242 4998 1526 5070 δυνάμεως
1553 5014 1567 5028 '
1600 4999 1775 5063 ἄλλως
1812 5016 1872 5052 τε
1894 4999 1952 5053 δέ

383 5090 479 5144 καὶ
506 5088 568 5143 τὸ
593 5090 781 5160 πόῤῥω
806 5090 1003 5154 αὐτοὺς
1036 5089 1292 5163 ἔρχεσθαι
1321 5089 1561 5145 ἐδείκνυε
1598 5089 1698 5162 τὴν
1732 5089 1945 5146 πίστιν.

978 5198 1229 5254 ΚΕΦΑΛ.
1274 5196 1352 5253 E'.

467 5313 610 5380 Τοὺς
637 5312 859 5382 ὄχλους
882 5312 1025 5367 ὶδὼν
1048 5310 1231 5380 ἀνέϐη
1244 5312 1329 5379 είς
1347 5314 1421 5367 τὰ
1447 5312 1574 5381 ὅρη.
1609 5314 1708 5368 Διὰ
1734 5315 1821 5380 τίς
1854 5315 1953 5368 Διά

388 5405 449 5457 τὸ
468 5403 785 5474 ἀφιλότιμον
818 5402 911 5456 καὶ
934 5400 1285 5472 ἀκόμπαστον
1313 5400 1582 5455 παιδεύων
1604 5402 1637 5474 ἠ
1646 5402 1754 5473 μᾶς
1785 5402 1952 5473 μηδὲν

386 5496 524 5568 πρὸς
551 5496 808 5560 ἐπίδειξιν
835 5497 1030 5551 ποιεῖν.

454 5587 555 5641 Διὰ
578 5588 633 5642 τί
660 5589 999 5659 πρόσκειται,
1021 5589 1105 5643 ὅτι
1147 5588 1421 5656 Ἀνοίξας
1435 5587 1502 5643 τὸ
1536 5590 1731 5658 στόμα
1769 5587 1953 5643 αὐτοῦ

386 5679 709 5735 ἐδίδασκεν
736 5682 994 5747 αὐτούς;
1032 5681 1149 5735 Ἵνα
1195 5680 1457 5751 μάθωμεν
1507 5681 1588 5735 ὅτι
1641 5682 1736 5735 καὶ
1784 5680 1954 5749 σιγῶν

388 5771 668 5826 ἐπαίδευεν
697 5773 915 5838 αὐτοὺς,
944 5773 1056 5826 ἁλλ’
1084 5774 1146 5827 ού
1172 5773 1350 5828 λαλῶν
1379 5773 1561 5840 μόνον.

464 5866 577 5918 θύκ
611 5867 664 5920 ἐν
697 5867 846 5932 τάξει
900 5867 1269 5939 παραινέσεως
1301 5867 1338 5938 ἢ.
1377 5865 1683 5939 συμϐουλῆς
1735 5865 1951 5933 εἰσάγει

2051 3358 2149 3399 nes
2189 3342 2395 3412 fugere.
2439 3340 2558 3396 Non
2605 3342 2753 3397 enim
2796 3342 2954 3412 culpa
3001 3352 3086 3397 est
3135 3342 3376 3412 seipsum
3407 3356 3516 3396 non
3562 3339 3621 3396 in

2051 3436 2382 3489 teutationes
2439 3432 2734 3502 conjicere,
2762 3432 2857 3487 sed
2887 3432 2976 3486 ubi
3008 3431 3270 3488 inciditur
3330 3445 3441 3486 non
3476 3440 3625 3487 stare

2049 3526 2302 3581 viriliter.
2332 3524 2527 3580 Adhuc
2566 3534 2745 3579 autem
2774 3523 3067 3593 magistros
3091 3523 3240 3579 orbis
3270 3524 3361 3594 qui
3406 3523 3495 3580 hic
3529 3524 3629 3578 de-

2049 3616 2272 3688 gebant,
2304 3613 2370 3669 ad
2402 3628 2460 3670 se
2482 3612 2754 3669 adducere
2781 3628 2982 3669 curans
3011 3630 3029 3682 ;
3073 3614 3411 3684 prophetiam
3459 3611 3622 3668 etiam

2050 3706 2351 3777 implebat:
2388 3702 2637 3770 Galilaza,
2665 3703 2864 3773 inquit,
2896 3704 3148 3773 gentium,
3184 3702 3407 3773 populus
3432 3702 3523 3774 qui
3544 3716 3625 3757 sco

2048 3799 2204 3854 debat
2235 3799 2291 3855 in
2326 3799 2575 3865 tenebris,
2602 3798 2735 3852 vidit
2762 3795 2930 3852 lucem
2956 3810 3225 3868 magnam.

2119 3989 2285 4044 Vens.
2320 3987 2410 4043 19.
2457 3985 2601 4042 Petri
2630 3997 2681 4042 et
2709 3984 2942 4042 Andreae
2972 3983 3187 4038 vocatio
3235 3984 3475 4041 secunda
3522 3980 3631 4039 fuit

2049 4096 2213 4152 quam
2274 4079 2561 4134 Matthzeus
2616 4078 2767 4133 dicit.
2801 4077 2938 4133 Nam
2978 4077 3224 4134 Joannes
3275 4084 3466 4131 narrat
3529 4088 3630 4132 eos

2048 4168 2291 4223 nondum
2328 4166 2382 4221 in
2420 4179 2691 4221 carcerem
2734 4180 2905 4221 misso
2958 4163 3167 4222 Joanne
3194 4174 3410 4222 secutos
3468 4177 3628 4234 esse;

2050 4259 2140 4314 hic
2163 4268 2344 4313 autem
2367 4268 2487 4328 post
2507 4257 2656 4313 illius
2686 4271 2965 4314 carcerem
2996 4260 3216 4314 dicitur.
3251 4257 3368 4313 [llic
3404 4255 3627 4328 quidem

2048 4352 2293 4408 Andreas
2348 4351 2566 4407 Petrum
2622 4360 2801 4418 vocat,
2850 4351 2939 4408 hic
2995 4361 3178 4408 autem
3228 4351 3423 4406 ambos
3467 4357 3629 4405 vocat

2048 4444 2323 4511 Christus,
2378 4443 2453 4498 ita
2503 4451 2564 4497 ut
2614 4442 2856 4500 secundo
2904 4444 2972 4499 ad
3016 4444 3296 4500 Christum
3356 4442 3626 4498 venerint.

2050 4535 2181 4602 Cur,
2195 4544 2317 4606 post
2343 4535 2571 4605 primam
2601 4536 2965 4603 vocationem,
2998 4536 3065 4591 ad
3095 4550 3248 4591 suam
3282 4545 3451 4591 artem
3468 4548 3631 4589 exer-

2052 4628 2276 4685 cendam
2308 4626 2507 4682 reversi
2543 4636 2672 4682 sunt
2701 4627 2935 4682 iterum?
2961 4627 3099 4694 Quia
3135 4626 3376 4684 Joannes
3433 4628 3487 4681 in
3529 4640 3630 4680 cu-

2052 4722 2284 4778 stodiam
2313 4720 2591 4789 conjectus
2617 4718 2816 4783 fuerat,
2856 4728 2987 4775 tunc
3015 4718 3332 4775 conturbati
3367 4734 3395 4772 a
3424 4728 3628 4788 propo-

2052 4813 2158 4869 sito
2178 4811 2418 4867 deterriti
2449 4819 2626 4867 erant.

2121 4900 2289 4958 Vens.
2318 4901 2411 4958 25.
2461 4901 2520 4957 In
2572 4902 2764 4973 primis
2798 4902 3081 4958 turbarum
3132 4899 3533 4966 sanationibus,
3557 4912 3630 4955 ne

2053 4999 2308 5068 probaret
2335 5012 2491 5053 suam
2516 4998 2854 5066 potentiam;
2890 4996 3048 5051 aliter
3105 5003 3289 5049 autem
3348 4993 3427 5048 illi
3495 5006 3625 5048 cum

2053 5089 2210 5158 longe
2240 5100 2600 5160 sequerentur
2627 5090 2787 5143 [idem
2824 5087 3211 5143 ostendebant.

2682 5194 2910 5253 CAPUT
2942 5194 3005 5250 V.

2124 5307 2289 5365 Vens.
2326 5309 2375 5362 l.
2400 5307 2588 5362 Viden:
2613 5309 2794 5362 turbas
2810 5307 3042 5362 ascendit
3058 5307 3115 5360 in
3139 5313 3386 5360 montem.
3408 5300 3628 5369 Quare?

2018 5468 2021 5469 γ
2055 5399 2127 5456 Ut
2154 5415 2249 5471 per
2269 5400 2413 5454 hanc
2442 5398 2620 5455 laudis
2654 5410 2711 5454 et
2736 5399 3007 5454 facundiae
3023 5398 3343 5469 despectum
3397 5395 3617 5451 doceret

2056 5507 2158 5546 nos
2182 5491 2315 5545 nihil
2343 5492 2408 5544 ad
2442 5489 2865 5545 ostentationem
2892 5488 3095 5544 facere.

2127 5583 2291 5639 Vens.
2321 5586 2376 5637 2.
2400 5582 2509 5637 Cur
2547 5582 2785 5647 additur,
2826 5580 3074 5648 Aperiens
3120 5595 3177 5634 os
3216 5593 3371 5634 suum
3410 5574 3624 5629 docebat

2054 5677 2173 5731 cos?
2193 5675 2259 5731 Ut
2284 5674 2561 5731 discamus
2580 5674 2661 5728 vel
2690 5673 2939 5727 silentem
2963 5672 3086 5727 illos
3124 5670 3399 5735 docuisse,
3432 5676 3486 5723 et
3513 5682 3624 5722 non

2056 5769 2366 5835 loquentem
2400 5766 2583 5821 modo.

2124 5862 2241 5918 Non
2302 5857 2699 5916 exhortationis
2771 5865 2866 5910 aut
2924 5852 3138 5911 consilii
3196 5851 3615 5924 dispositionem
