4026 6600
438 440 576 504 M37

1141 440 1527 503 OPUSCULA
1565 436 2193 501 SCRIPTURISTICA
2232 437 2576 498 INCERTJE
2617 435 2922 496 ΛΞΤΑΊῚΒ.

3535 430 3674 495 1033

435 559 685 622 sequitur
743 557 797 611 in
844 556 1113 623 docemlo,
1162 557 1255 611 sed
1302 557 1703 612 beatitudinum
1759 556 1997 625 disposi—

2128 554 2200 626 ὴν
2224 555 2463 627 διδαχὴν,
2492 556 2607 610 ἀλλ’
2628 558 2687 610 ὲν
2719 553 2866 621 τάξει
2883 551 3236 625 μακαρισμοῦ
3259 551 3601 623 ἀνεπαχθέστ
3612 570 3669 603 ε-

440 650 588 704 tione
614 650 859 719 pervium
894 650 1067 720 magis
1092 664 1397 705 sermonem
1429 649 1575 704 facit.

510 737 677 793 Vens.
700 739 754 793 5.
784 738 1056 810 Pauperes
1080 739 1275 809 spiritu
1313 740 1546 794 humiles
1572 738 1864 809 signiﬁcat,
1895 735 2007 805 spi-

440 828 604 883 ritum
628 828 700 882 ihi
729 844 826 899 pro
856 829 1040 883 anima
1064 844 1323 897 sumens;
1351 838 1406 883 ct
1449 830 1541 899 qui
1581 831 1743 883 verba
1794 829 1883 883 Dei
1920 844 2009 882 re-

442 929 730 986 Verentur;
762 931 965 989 quanta
999 920 1145 975 enim
1175 920 1315 974 mala
1360 920 1413 974 in
1445 920 1705 975 mundum
1743 936 1809 975 ex
1844 929 2011 975 teme-

441 1011 601 1065 ritate
635 1012 991 1081 proveniunt!

512 1099 681 1157 Vens.
738 1104 790 1157 4.
824 1102 1108 1159 Contraria
1133 1110 1301 1173 agunt
1335 1103 1426 1173 qui
1454 1102 1644 1175 lugent
1675 1102 1764 1159 his
1794 1119 1915 1174 qua!
1943 1119 2010 1158 ex

445 1195 756 1249 temeritate
802 1195 1151 1265 proveniunt,
1188 1207 1246 1249 ut
1283 1194 1486 1251 dicitur
1538 1196 1591 1249 in
1627 1196 1801 1266 prima
1838 1195 2013 1250 beati-

408 1278 412 1283 ’
445 1284 655 1338 tudine.
1554 1328 1557 1331 .

514 1374 679 1430 Vens.
714 1376 764 1429 5.
800 1374 955 1431 Miles
992 1375 1397 1431 haereditabunt
1437 1386 1668 1444 terram;
1700 1377 1829 1432 dum
1881 1392 2017 1431 cen-

446 1477 632 1520 sentur
661 1467 729 1521 ob
761 1469 1232 1522 mansuetudinem
1259 1470 1443 1525 omnia
1477 1469 1799 1539 perdidisse,
1840 1470 2013 1523 haere-

445 1557 621 1611 ditare
642 1558 757 1628 ipse
780 1559 1085 1627 pollicetur,
1114 1569 1315 1615 terram
1352 1579 1459 1615 non
1490 1562 1635 1615 illam
1652 1562 2013 1631 superiorem,

446 1648 540 1701 Sed
562 1648 742 1711 istam,
765 1649 817 1702 in
836 1666 967 1719 pace
992 1651 1221 1706 vivendo
1237 1663 1289 1706 et
1310 1654 1664 1707 necessitates
1678 1653 2012 1722 accipiendo.

449 1736 700 1791 Docendo
721 1739 961 1793 caelestia
980 1741 1264 1809 pollicetur
1289 1752 1342 1795 et
1370 1741 1652 1806 inferiora,
1682 1758 1805 1796 cum
1833 1742 1964 1796 dicit
1997 1759 2011 1796 :

450 1828 684 1890 Qumrite
706 1831 937 1898 primum
960 1848 1174 1901 regnum
1201 1832 1316 1893 Dei,
1341 1842 1389 1886 et
1412 1833 1521 1886 Iure
1541 1834 1718 1887 omnia
1758 1834 2017 1899 adjicien-

2110 665 2203 720 ρον
2221 648 2390 702 ποιῶν
2424 650 2513 703 τὸν
2538 649 2717 719 λόγον.

2180 739 2436 807 Πτωχοὺς
2481 739 2559 810 τῷ
2622 738 2895 809 πνεύματι
2951 737 3078 799 τοὺς
3137 735 3423 797 ταπεινοὺς
3489 733 3675 801 λέγει,

2110 829 2327 900 πνεῦμα
2352 826 2585 883 ἐνταῦθα
2610 829 2706 902 τὴν
2725 829 2902 900 ψυχὴν
2921 828 3095 897 λέγων
3116 843 3130 859 ο
3156 826 3283 890 τοὺς
3302 826 3368 877 τὰ
3400 824 3555 893 λόγια
3582 823 3679 877 τοῦ

2109 923 2245 976 Θεοῦ
2286 924 2729 993 κατεπτηχόταςι
2761 924 2860 977 ὅσα
2895 922 3004 992 γάρ
3042 920 3188 975 κακά
3216 922 3295 983 εἰς
3335 918 3425 973 τὸν
3462 918 3578 989 βίον
3620 916 3682 981 ἐξ

2113 1013 2367 1076 ἀπονοίας
2393 1014 2665 1085 ἔρχονται.

2194 1106 2454 1159 Ἐναντίοι
2488 1108 2627 1160 εἰσιν
2674 1105 2725 1160 οἱ
2777 1105 3103 1169 πενθοῦντες
3151 1103 3262 1157 τῶν
3312 1104 3373 1169 ἐξ
3420 1102 3685 1165 ἀπονοίας

2114 1199 2426 1271 ἐρχομένων
2450 1198 2545 1253 τοῦ
2578 1199 2795 1273 πρώτου
2828 1197 3180 1271 μακαρισμοῦ

2187 1386 2248 1439 Οἱ
2282 1385 2477 1456 πραεῖς
2506 1382 3006 1455 κληρονομήσουσιν
3048 1379 3147 1451 τὴν
3176 1379 3282 1448 γῆν
3304 1394 3323 1410 ⁸
3363 1377 3549 1445 ἐπειδὴ
3596 1392 3687 1429 νο-

2124 1475 2373 1546 μίζονται
2398 1473 2486 1525 διὰ
2516 1473 2613 1543 τὴν
2652 1474 2937 1543 πραότητα
2969 1470 3147 1523 πάντα
3177 1468 3460 1525 ἀπολέσαι.
3490 1467 3691 1533 κληρο-

2117 1563 2351 1632 νομῆσαι
2395 1562 2559 1625 αὐτὸς
2609 1560 2985 1629 ὑπισχνεῖταιο
3034 1559 3137 1627 γῆν
3189 1556 3246 1610 δὲ
3302 1557 3362 1610 οὐ
3410 1555 3509 1625 τὴν
3552 1556 3687 1615 ἄνω,

2118 1653 2256 1707 ἀλλά
2289 1651 2516 1723 ταύτην,
2549 1651 2610 1704 τὺ
2639 1652 2697 1703 ἐν
2746 1648 2939 1720 εἰρήνῃ
2994 1647 3207 1716 διάγειν
3239 1647 3334 1700 καὶ
3386 1644 3568 1697 λαόεῖν
3617 1642 3691 1695 τὰ

2117 1745 2322 1807 δέοντα,
2358 1743 2521 1813 φημί.
2550 1742 2830 1795 Διδάσκων
2863 1740 2959 1793 καὶ
2987 1739 3055 1793 τά
3095 1738 3320 1808 οὐράνια
3350 1737 3691 1805 ὑπισχνεῖται

2120 1836 2216 1889 καὶ
2239 1834 2310 1888 τά
2333 1835 2503 1899 κάτω,
2533 1833 2621 1887 διὰ
2648 1831 2742 1885 τοῦ
2773 1833 2953 1900 λέγειν
2973 1847 2988 1863 ο
3032 1829 3270 1896 Ζητεῖτε
3306 1826 3539 1894 πρῶτον
3577 1824 3695 1889 τὴν

450 1930 538 1971 tur
555 1896 730 1986 vobis;
761 1932 812 1975 et
831 1923 959 1977 alibi
992 1896 1109 1978 :vSi
1133 1926 1250 1994 quis
1285 1926 1546 1979 dimiserit
1576 1927 1781 1995 aliquid
1802 1896 2015 1995 propter

2128 1927 2446 1991 βασιλείαν
2472 1925 2576 1979 τοῦ
2623 1922 2793 1988 Θεοῦ,
2831 1922 2928 1977 καὶ
2977 1921 3163 1975 ταῦτα
3190 1919 3387 1973 πάντα
3436 1932 3694 1985 προστε-

448 2028 548 2078 me,
574 2014 870 2083 centuplum
897 2017 1113 2085 accipiet
1143 2026 1191 2070 et
1218 2019 1380 2071 vitam
1415 2027 1664 2072 a'ternam
1695 2017 2014 2087 possidebit,

517 2286 684 2343 Vens.
721 2288 772 2343 6.
793 2286 931 2345 Ante
968 2291 1581 2357 misericordes,beatos
1605 2292 1738 2348 dicit
1764 2293 1855 2363 qui
1887 2308 2017 2349 esu-

450 2379 600 2432 rium
630 2390 683 2434 et
713 2384 904 2437 sitiunt
924 2382 1218 2451 justitiam.
1252 2384 1469 2449 Quare?
1501 2384 1638 2451 Quia
1666 2401 1771 2440 non
1800 2402 1868 2441 ex
1896 2387 2009 2442 vio-

450 2468 613 2523 lvntia
637 2484 845 2539 oportet
876 2474 1143 2528 misereri.

526 2558 688 2615 Vens.
718 2563 770 2616 8.
805 2562 1038 2617 Mundos
1073 2566 1236 2618 corde
1257 2566 1408 2629 dicit,
1440 2577 1533 2619 aut
1560 2568 1652 2633 qui
1681 2568 1733 2621 in
1765 2569 2019 2625 castitate

450 2648 677 2718 degunt.
719 2663 812 2707 aut
850 2654 942 2722 qui
979 2656 1272 2723 perfectam
1334 2657 1589 2712 virtutem
1640 2659 1817 2727 adepti
1868 2671 2017 2715 sntit.

454 2740 555 2797 Isti
577 2744 740 2797 Deum
763 2747 1036 2808 videbunt;
1066 2748 1330 2802 visionem
1366 2748 1453 2803 hic
1500 2765 1721 2812 vocans,
1750 2760 2018 2820 quantum

453 2832 662 2888 homini
684 2836 941 2904 possibile
973 2844 1058 2893 est
1093 2838 1276 2895 videre
1297 2840 1570 2895 invisibile
1592 2845 1835 2896 omnimn
1866 2844 2020 2913 prin-

452 2924 681 2994 cipium.

526 3014 690 3071 Vens.
720 3016 775 3072 9.
814 3015 1079 3074 Pacilicos
1108 3019 1261 3086 dicit,
1285 3021 1376 3090 qui
1401 3037 1508 3075 non
1536 3023 1712 3078 solum
1744 3024 1887 3078 inter
1918 3040 2023 3094 pu-

449 3116 703 3179 gnantes,
727 3109 820 3162 sed
849 3110 1011 3163 etiam
1038 3111 1180 3166 inter
1205 3112 1409 3167 divisos
1430 3129 1615 3182 pacem
1643 3125 2019 3184 componunt;

452 3196 632 3249 adhuc
698 3208 880 3251 autem
930 3209 982 3252 et
1014 3200 1106 3269 qui
1152 3216 1351 3269 corpus
1384 3216 1542 3255 suum
1576 3202 1627 3255 in
1656 3205 1895 3257 animam
1938 3220 2021 3259 re-

454 3290 652 3346 bellare
683 3307 789 3346 non
823 3290 1029 3356 sinunt,
1064 3294 1155 3346 sed
1187 3308 1387 3363 corpus
1418 3294 1612 3349 auium
1640 3310 1734 3364 per
1762 3298 2018 3351 virtutem

454 3382 804 3438 submittunt.

524 3471 693 3529 Vens.
732 3475 815 3528 l0.
845 3473 1146 3531 Ostendens
1192 3492 1298 3531 non
1334 3493 1548 3548 semper
1579 3495 1769 3550 pacem
1822 3482 2026 3536 bonum

453 3580 606 3631 esse,
662 3570 873 3624 addidit
907 3588 921 3625 :
959 3570 1112 3625 Beati
1152 3574 1243 3639 qui
1295 3577 1709 3642 persecutionem
1754 3578 2033 3647 patiuntur

378 3665 385 3671 '
450 3670 665 3728 propter
678 3660 975 3729 justitiam.

534 3752 701 3807 Vens.
738 3755 827 3808 ll.
865 3754 1060 3811 Beatos
1087 3756 1273 3814 dicens
1298 3759 1389 3830 qui
1432 3760 1715 3816 maledicta
1779 3762 2030 3838 audiunt,

456 3844 596 3899 duas
627 3844 1007 3902 distinctiones
1033 3848 1237 3917 posuit,
1268 3852 1486 3919 quando
1517 3862 1733 3921 propter
1765 3854 1955 3918 Deum,
1979 3868 2034 3913 et

453 3939 676 4008 quando
708 3938 989 3993 mendacia
1024 3948 1155 3996 sunt
1182 3957 1304 4010 qua:
1332 3943 1607 3998 dicuntur.
1645 3945 1700 4000 Si
1731 3962 1874 4001 enim
1918 3949 2033 4006 haec

457 4045 566 4085 non
599 4030 801 4098 adsint,
828 4046 936 4085 non
968 4032 1143 4087 solum
1174 4048 1277 4087 non
1304 4035 1514 4099 beatus,
1543 4038 1634 4092 sed
1669 4039 1833 4095 etiam
1868 4042 2033 4097 miser

456 4122 665 4192 estqui
709 4123 956 4179 convicia
1013 4123 1233 4196 patitur.
1299 4125 1356 4180 In
1413 4129 1538 4185 aliis
1605 4130 2032 4189 beatitudinihus

458 4214 669 4284 absque
702 4215 1054 4273 distinctione
1092 4218 1483 4276 beatitudinem
1525 4223 1812 4292 exposuit,
1845 4225 1938 4280 sed
1976 4226 2029 4279 in

460 4306 649 4362 ultima
688 4308 924 4363 ostendit
954 4309 1095 4364 hanc
1138 4324 1260 4364 esse
1305 4312 1553 4366 omnium
1605 4315 1836 4369 maxime
1871 4316 2035 4383 parti-

457 4399 700 4454 cularem
736 4407 789 4451 et
830 4400 1181 4469 prrrcipuam.
1226 4400 1352 4458 Hmc
1397 4420 1522 4467 vox,
1552 4403 1780 4472 Propter
1814 4422 1913 4467 me,
1950 4406 2034 4458 di-

459 4490 601 4544 citur
626 4489 824 4546 abillo.
844 4490 929 4544 hic
947 4489 1262 4561 dignitatem
1296 4509 1448 4547 suam
1470 4494 1797 4548 insinuante.
1833 4474 2033 4564 δίειμί

2122 2020 2367 2088 θήσεται
2416 2018 2588 2088 ὑμῖν·
2632 2016 2728 2070 καὶ
2756 2015 2938 2081 πάλιν,
2978 2016 3184 2079 Ὅστις
3214 2010 3452 2079 ἀφῆκεν
3489 2007 3697 2063 ὁτιοῦν

2122 2112 2330 2166 ἕνεκεν
2379 2109 2547 2178 ἐμοῦ,
2603 2106 3199 2162 ἑκατονταπλασίονα
3246 2102 3528 2170 λήψεται,
3594 2099 3696 2153 καὶ

2124 2203 2278 2270 ζωὴν
2297 2202 2536 2256 αἰώνιον
2558 2197 3023 2269 κληρονομήσει.

2199 2293 2314 2364 Πρὸ
2337 2293 2447 2345 τῶν
2474 2291 2781 2362 ἑλεημόνων
2815 2288 3111 2359 μακαρίζει
3128 2286 3254 2351 τοὺς
3280 2286 3576 2345 πεινῶντας
3601 2283 3701 2336 καὶ

2123 2387 2389 2457 διψῶντας
2420 2383 2519 2455 τὴν
2545 2380 2908 2452 δικαιοσύνην.
2928 2382 3025 2433 Διά
3057 2378 3138 2445 τι,
3166 2379 3288 2431 Ὂτι
3309 2377 3410 2431 οὐκ
3430 2377 3487 2443 ἐξ
3514 2376 3700 2447 ἀρπα-

2125 2481 2233 2551 γῆς
2268 2478 2349 2532 δεῖ
2381 2477 2574 2530 ἐλεεῖν.

2198 2567 2489 2637 Καθαροὺς
2529 2566 2594 2634 τῇ
2623 2562 2822 2635 καρδίᾳ
2852 2562 3023 2631 λέγει,
3054 2562 3087 2633 ἦ
3132 2561 3256 2624 τοὺς
3286 2561 3343 2614 ὲν
3376 2558 3698 2630 σωφροσύνῃ

2125 2656 2501 2727 διάγοντας,ἦ
2552 2656 2679 2718 τοῦς
2733 2654 2973 2723 παντελῆ
3043 2653 3244 2724 ἀρετὴν
3300 2651 3697 2721 κεκτημένους.

2118 2750 2295 2806 Αὐτοὶ
2321 2748 2429 2801 τὸν
2458 2744 2606 2799 Θεὸν
2652 2744 2941 2812 ὄψονται·
2977 2743 3099 2812 δψιν
3130 2742 3361 2796 ἐνταῦθα
3390 2741 3570 2797 καλῶν
3598 2743 3701 2811 τὴν

2125 2841 2203 2905 ὡς
2226 2839 2372 2892 ἐστιν
2397 2833 2672 2906 ἀνθρώπῳ
2706 2832 2932 2888 δυνατὸν
2969 2832 3098 2885 ἰδεῖν
3130 2832 3227 2902 τὴν
3272 2832 3501 2903 ἀόρατον
3523 2832 3702 2886 ἀπάν-

2125 2953 2234 2988 των
2268 2935 2463 3006 ἀρχήν.

2199 3027 2591 3097 Εἰρηνοποιοὺς
2614 3026 2785 3092 λέγει,
2812 3025 2872 3079 οὐ
2902 3024 3063 3097 μόνον
3089 3022 3216 3085 τοὺς
3239 3016 3700 3089 διαμαχομένους,

2127 3118 2267 3172 ἀλλά
2304 3120 2398 3172 καὶ
2433 3120 2560 3183 τοὺς
2592 3118 2983 3182 στασιάζοντας
3015 3113 3267 3185 ἀλλήλοις
3299 3106 3706 3180 εἰρηνοποιοῦν·

2126 3226 2224 3271 τας
2250 3226 2262 3239 ·
2303 3208 2386 3262 ἔτι
2427 3209 2484 3263 δὲ
2531 3209 2785 3270 καὶτοὺς
2817 3209 2877 3259 τὸ
2921 3206 3130 3261 ἑαυτῶν
3166 3205 3325 3275 σῶμα
3376 3201 3450 3273 μὴ
3505 3197 3701 3262 κατεξ-

2133 3301 2455 3355 ανίστασθαι
2473 3302 2572 3371 τῆς
2596 3302 2775 3371 ψυχῆς
2802 3299 3112 3363 ποιοῦντας,
3133 3296 3267 3350 ἀλλὰ
3295 3292 3617 3351 δουλοῦντας
3642 3288 3704 3343 τὸ

2136 3393 2293 3462 σῶμα
2324 3392 2391 3445 δι’
2424 3392 2625 3463 ἀρετῆς
2657 3395 2722 3463 τῇ
2756 3393 2926 3461 ψυχῇ.

2204 3483 2473 3537 Δεικνύων
2505 3485 2588 3536 ὅτι
2620 3484 2679 3536 οὐ
2730 3480 3012 3552 παντττχοῦ
3052 3482 3085 3548 ή
3131 3480 3319 3549 εἰρήνη
3367 3476 3554 3542 καλὸν,
3601 3476 3703 3527 ἐπ-

2134 3576 2311 3647 ήγαγε
2340 3592 2355 3607 ο
2388 3575 2681 3646 Μακάριοι
2730 3580 2785 3631 ol
2818 3574 3196 3646 δεδιωγμένοι
3232 3572 3442 3627 ἕνεκεν
3485 3569 3707 3623 δικαιο-

2133 3670 2356 3737 σύνης.

2208 3761 2548 3833 Μακαρίζων
2592 3762 2720 3825 τοὺς
2773 3761 2960 3825 κακῶς
3000 3758 3317 3822 ἀκούοντας.
3350 3758 3443 3811 δύο
3493 3754 3707 3808 τέθεικε

2134 3854 2467 3924 διορισμοὺς,
2498 3853 2576 3907 ὅτ’
2610 3854 2675 3907 ἂν
2704 3853 2790 3907 διά
2822 3854 2978 3917 Θεὸν,
3033 3855 3128 3906 καὶ
3172 3852 3249 3907 ὅτ’
3281 3850 3346 3904 ἂν
3378 3849 3550 3919 ψευδῆ
3605 3840 3705 3898 ὦσι

2134 3946 2204 4001 τά
2231 3946 2527 4016 λεγόμενα·
2560 3946 2609 3999 εἰ
2644 3946 2753 4018 γὰρ
2804 3945 2878 4017 μή
2920 3945 3090 3999 ταῦτα
3118 3947 3319 4016 προσῇ,
3355 3943 3418 3996 οὐ
3451 3940 3614 4010 μόνον
3645 3939 3704 3991 οῦ

2138 4038 2430 4108 μακάριος,
2481 4036 2618 4091 ἀλλά
2651 4037 2744 4090 καὶ
2788 4036 2971 4099 ἄθλιός
3006 4036 3151 4087 ἐστιν
3183 4035 3211 4086 6
3253 4030 3707 4102 κωμῳδούμενος.

2146 4128 2272 4183 Ἐπὶ
2303 4129 2409 4183 τῶν
2440 4129 2617 4184 ἄλλων
2653 4128 3019 4199 μακαρισμῶν
3053 4126 3372 4195 ἀδιορίστως
3401 4122 3619 4176 τέθεικε
3648 4120 3708 4172 τὸ

2138 4222 2446 4294 μακάριονο
2491 4221 2583 4275 ἐπὶ
2612 4221 2669 4274 δὲ
2701 4218 2794 4274 τοῦ
2843 4219 3094 4289 ἐσχάτου,
3149 4217 3348 4283 ἔδειξεν
3397 4216 3479 4267 ὅτι
3527 4211 3708 4266 αὐτῶν

2139 4314 2372 4383 μάλιστα
2420 4314 2579 4367 τοῦτό
2622 4314 2770 4366 ἐστιν
2826 4311 2955 4365 ἴδιον
2994 4310 3088 4364 καὶ
3138 4308 3454 4379 ἐξαίρετονο
3509 4305 3573 4358 τὸ
3627 4304 3708 4367 δὲ,

2138 4405 2392 4458 Ἕνεκεν
2427 4405 2594 4474 ἐμοῦ,
2643 4406 2877 4476 εἴρηται,
2908 4404 2969 4455 τὸ
3015 4403 3177 4456 αὐτοῦ
3220 4400 3437 4469 ἀξίωμα
3470 4396 3711 4451 ἐνταῦθα

2137 4494 2527 4563 αἰνιττόμενος.
2555 4489 2647 4557 Εἷς
2693 4493 2787 4545 τοῦ
2815 4493 2932 4556 ἑνὸς
2960 4492 3141 4562 ἔχεται
3184 4489 3530 4561 μακαρισμός
3554 4503 3569 4518 ·
3597 4481 3710 4540 οἷον

460 4581 526 4636 la:
550 4585 857 4653 exsingulis
872 4585 1110 4654 pendent
1152 4584 1516 4639 beatitudines
1548 4583 2024 4652 :SCiIiCttl,pallp_el

2140 4585 2167 4637 6
2207 4584 2423 4654 πτωχὸς
2452 4585 2529 4656 τῷ
2568 4584 2863 4654 πνεύματι,
2895 4584 2990 4638 καὶ
3018 4583 3270 4653 πενθήσει
3296 4580 3675 4650 ἁμαρτήματα
3694 4594 3710 4605 ·

461 4675 656 4742 spiritu
690 4686 911 4744 peccata
955 4675 1189 4744 lugebit;
1224 4676 1314 4742 qui
1362 4675 1506 4743 luget
1545 4673 1695 4729 mitis
1724 4674 1854 4741 erit;
1888 4675 2037 4729 mitis

458 4764 642 4833 justus
666 4765 803 4829 erit;
829 4764 1036 4833 justus,
1059 4764 1405 4830 misericors;
1429 4773 1483 4818 et
1513 4764 1849 4828 misericors,
1879 4782 2038 4821 mun-

464 4856 568 4910 dus
595 4855 787 4922 corde;
822 4856 924 4911 iste
974 4864 1154 4910 autem
1199 4855 1459 4924 paciﬁcus
1492 4856 1628 4920 erit;
1659 4855 1751 4925 qui
1792 4857 1915 4912 talia
1949 4859 2036 4913 in-

464 4946 661 5013 stituit,
694 4949 761 5002 ad
794 4948 1035 5019 pericula
1063 4957 1148 5004 est
1178 4957 1418 5019 paratus,
1446 4956 1501 5003 et
1529 4946 1620 5002 ille
1649 4964 1756 5004 non
1796 4951 2038 5007 turbabi-

466 5047 555 5095 tur
589 5039 871 5095 maledicta
901 5039 1150 5095 audiens.

538 5132 702 5188 Vens.
739 5131 824 5188 l2.
857 5134 966 5187 Cur
1008 5132 1165 5198 dixit,
1213 5132 1503 5203 Pr0pltetas
1533 5135 1626 5205 qui
1673 5136 1888 5205 [uerunt
1916 5150 2036 5193 ante

466 5228 603 5282 vos?
656 5225 907 5280 Ostendit
949 5224 1031 5281 sic
1086 5226 1382 5295 prophetas
1431 5243 1652 5298 quoque
1711 5242 1837 5284 esse
1886 5230 2035 5301 ipsos

465 5317 767 5387 apostolos.

546 5410 711 5464 Vens.
746 5409 832 5462 l3.
866 5408 1131 5472 Dicendo,
1156 5408 1262 5464 Vos
1300 5411 1425 5466 estis
1449 5411 1529 5465 sal
1557 5419 1728 5477 teme,
1761 5413 2037 5483 signiﬁca—

2135 4677 2164 4729 6
2195 4676 2430 4739 πενθῶν,
2466 4678 2557 4730 καὶ
2582 4680 2757 4749 πρᾶος
2799 4676 2980 4729 ἔσται*
3013 4678 3040 4730 6
3073 4676 3267 4747 πρᾶος,
3292 4674 3500 4733 δίκαιος
3520 4687 3534 4700 ⁸
3562 4674 3591 4725 6
3626 4670 3708 4723 6i-

2136 4784 2312 4833 καιος,
2339 4768 2586 4838 ἐλεήμων
2608 4786 2623 4801 ο
2645 4770 2672 4822 6
2691 4768 2938 4838 ἐλεήμων
2964 4768 3056 4821 καὶ
3071 4766 3306 4838 καθαρὸς
3332 4764 3428 4834 τὴν
3453 4762 3704 4831 καρδίαν·

2138 4859 2167 4912 6
2198 4857 2260 4911 δὲ
2291 4860 2531 4922 τοιοῦτος
2562 4861 2661 4931 ἤδη
2700 4861 2795 4913 καὶ
2828 4857 3199 4930 εἰρηνοποιόςο
3229 4859 3256 4910 6
3283 4858 3337 4909 δὲ
3362 4854 3533 4908 ταῦτα
3571 4870 3706 4905 κατ-

2096 4938 2101 4941 ’
2134 4951 2402 5023 ορθώσας,
2427 4953 2520 5006 καὶ
2544 4954 2677 5023 πρὸς
2724 4952 2999 5014 κινδύνους
3020 4952 3234 5019 ἕτοιμος
3255 4966 3269 4980 ·
3295 4948 3323 5001 6
3347 4948 3404 5001 δὲ
3437 4946 3706 5009 τοιοῦτος,

2137 5043 2197 5097 οὐ
2240 5044 2647 5115 ταραχοήσεται
2672 5042 2910 5106 ἀκούσας
2942 5042 3149 5105 κακῶς.

2208 5136 2305 5188 Διά
2337 5136 2389 5188 τί
2430 5131 2611 5196 εἶπεν,
2652 5134 2796 5199 Τοὺς
2838 5134 3147 5203 προφήτας
3172 5132 3312 5198 τοὺς
3344 5132 3460 5199 πρὸ
3492 5127 3662 5199 ὑμῶν
3690 5144 3711 5193 ,'

2138 5227 2362 5289 Δεικνὺς
2397 5227 2479 5279 ὅτι
2512 5225 2606 5279 καὶ
2627 5224 2782 5279 αὐτοὶ
2813 5224 3089 5294 προφῆται
3113 5225 3218 5277 εἰσι
3247 5224 3295 5276 οἱ
3320 5221 3633 5276 ἀπόστολοι.

2225 5414 2314 5468 Ἕν
2353 5411 2433 5483 τῷ
2462 5411 2657 5472 εἰπεῖν,
2701 5406 2900 5478 ’Υμεῖς
2946 5406 3085 5460 ἐστε
3116 5403 3183 5457 τὸ
3228 5403 3381 5467 ἅλας
3423 5400 3536 5469 τῆς
3567 5398 3707 5471 τῆς.

470 5502 549 5553 vit
599 5509 916 5570 corruptam
958 5515 1090 5556 esse
1144 5500 1428 5556 hominum
1484 5512 1749 5558 naturam.
1788 5502 2024 5559 Ostendit

2142 5506 2309 5571 ἔδειξε
2343 5503 2749 5557 κατασαπεῖσαν
2778 5499 2875 5567 τὴν
2915 5496 3075 5565 φύσιν
3102 5495 3210 5548 τῶν
3234 5493 3540 5562 ἀνθρώπων
3564 5507 3577 5520 ·
3609 5492 3713 5560 δη-

475 5602 657 5646 autem
690 5608 783 5646 eos
815 5594 1004 5647 ﬁrmos
1051 5609 1175 5649 esse
1205 5593 1424 5659 debere,
1474 5609 1581 5649 non
1614 5595 1943 5662 adulatores,
1982 5605 2041 5652 ut

476 5687 767 5751 magistros
796 5696 849 5741 et
882 5689 1158 5757 apostolos
1188 5687 1361 5742 decet.

550 5775 661 5829 Cur
692 5776 843 5843 dicit,
883 5777 940 5833 Si
994 5778 1078 5832 sul
1132 5779 1442 5832 evanuerit?
1494 5775 1664 5843 Quasi
1713 5776 1961 5842 dixisset,
1994 5777 2039 5832 si

482 5867 720 5939 patiatur
760 5881 813 5925 et
838 5870 1133 5943 insipidum
1174 5872 1264 5927 liat
1302 5889 1317 5926 :
1355 5872 1405 5927 id
1436 5880 1541 5937 cst,
1581 5871 1626 5927 si
1662 5885 1756 5926 vos
1792 5871 2033 5927 adulato-

2141 5599 2225 5652 λοϊ
2254 5597 2311 5649 δὲ
2342 5594 2439 5649 καὶ
2463 5594 2523 5647 τὸ
2551 5594 2749 5661 στυφδν
2777 5590 2978 5652 αὐτῶν,
3007 5588 3121 5642 ἀλλ’
3150 5588 3211 5640 οὐ
3235 5584 3652 5649 κολακευτικὸν,
3683 5585 3713 5637 ὃ

2144 5687 2241 5742 καὶ
2274 5683 2655 5738 διδασκαλικόν
2692 5683 2809 5734 ἐστι
2844 5680 2940 5733 καὶ
2970 5678 3345 5733 ἀποπολικὸν.

2215 5777 2281 5830 Τί
2310 5775 2480 5843 λέγει,
2524 5775 2665 5827 Ἐὰν
2722 5775 2788 5825 τὸ
2832 5772 2983 5836 ἅλας
3034 5768 3349 5837 μωρανθῇ
3404 5769 3552 5822 Ἀντ“ι
3586 5767 3710 5832 τοῦ,

2157 5868 2284 5925 Ἐὰν
2317 5866 2463 5938 πάθῃ
2505 5864 2599 5919 καὶ
2632 5863 2989 5935 ἀνενέργητον
3040 5860 3295 5933 γένηται·
3332 5860 3522 5932 ἤγουν,
3582 5860 3712 5915 Ἐάν
