  <div class='ocr_page' id='page_1' title='image "/cluster/home/n/w/nwhite01/storage/ocr_20150623/106/hvd.32044051727071/556.png"; bbox 0 0 4026 6584; ppageno 0'>
   <div class='ocr_carea' id='block_1_1' title="bbox 348 323 513 424">
    <p class='ocr_par' dir='ltr' id='par_1_1' title="bbox 348 323 513 424">
     <span class='ocr_line' id='line_1_1' title="bbox 348 323 513 424; baseline -0.012 -1"><span class='ocrx_word' id='word_1_1' title='bbox 348 323 513 424; x_wconf 65' lang='grc' dir='ltr'>ιοεςι</span> 
     </span>
    </p>
   </div>
   <div class='ocr_carea' id='block_1_2' title="bbox 1333 352 2630 421">
    <p class='ocr_par' dir='ltr' id='par_1_2' title="bbox 1333 352 2630 421">
     <span class='ocr_line' id='line_1_2' title="bbox 1333 352 2630 421; baseline 0.002 -1"><span class='ocrx_word' id='word_1_2' title='bbox 1333 356 1653 420; x_wconf 79' lang='lat' dir='ltr'><strong>SCHOLIA</strong></span> <span class='ocrx_word' id='word_1_3' title='bbox 1693 352 1992 418; x_wconf 80' lang='lat' dir='ltr'><strong>VETERA</strong></span> <span class='ocrx_word' id='word_1_4' title='bbox 2034 352 2112 413; x_wconf 80' lang='lat' dir='ltr'><strong>IN</strong></span> <span class='ocrx_word' id='word_1_5' title='bbox 2156 356 2630 421; x_wconf 77' lang='lat' dir='ltr'><strong>MATTIl/EUM.</strong></span> 
     </span>
    </p>
   </div>
   <div class='ocr_carea' id='block_1_3' title="bbox 3455 365 3592 426">
    <p class='ocr_par' dir='ltr' id='par_1_3' title="bbox 3455 365 3592 426">
     <span class='ocr_line' id='line_1_3' title="bbox 3455 365 3592 426; baseline 0.015 -2"><span class='ocrx_word' id='word_1_6' title='bbox 3455 365 3592 426; x_wconf 79' lang='grc' dir='ltr'><strong>10Γο</strong></span> 
     </span>
    </p>
   </div>
   <div class='ocr_carea' id='block_1_4' title="bbox 348 466 1906 546">
    <p class='ocr_par' dir='ltr' id='par_1_4' title="bbox 348 466 1897 538">
     <span class='ocr_line' id='line_1_4' title="bbox 348 466 1897 538; baseline -0.003 -16"><span class='ocrx_word' id='word_1_7' title='bbox 348 469 508 538; x_wconf 80' lang='grc' dir='ltr'>ὑμεῖς</span> <span class='ocrx_word' id='word_1_8' title='bbox 537 466 790 532; x_wconf 82' lang='grc' dir='ltr'>κόλακες,</span> <span class='ocrx_word' id='word_1_9' title='bbox 821 466 939 523; x_wconf 76' lang='grc' dir='ltr'>ἀλλ’</span> <span class='ocrx_word' id='word_1_10' title='bbox 984 469 1083 524; x_wconf 80' lang='grc' dir='ltr'><strong>οὐκ</strong></span> <span class='ocrx_word' id='word_1_11' title='bbox 1115 468 1254 536; x_wconf 77' lang='grc' dir='ltr'>ἄξιοι</span> <span class='ocrx_word' id='word_1_12' title='bbox 1293 470 1604 525; x_wconf 76' lang='grc' dir='ltr'>διδάσκοι).οι</span> <span class='ocrx_word' id='word_1_13' title='bbox 1665 467 1897 537; x_wconf 74' lang='grc' dir='ltr'>γένησθε</span> 
     </span>
    </p>
   </div>
   <div class='ocr_carea' id='block_1_5' title="bbox 2008 466 3593 546">
    <p class='ocr_par' dir='ltr' id='par_1_5' title="bbox 2028 469 3593 546">
     <span class='ocr_line' id='line_1_5' title="bbox 2028 469 3593 546; baseline 0.01 -29"><span class='ocrx_word' id='word_1_14' title='bbox 2028 480 2136 531; x_wconf 89' lang='lat' dir='ltr'><strong>res,</strong></span> <span class='ocrx_word' id='word_1_15' title='bbox 2188 479 2243 523; x_wconf 90' lang='lat' dir='ltr'><strong>et</strong></span> <span class='ocrx_word' id='word_1_16' title='bbox 2289 486 2398 526; x_wconf 94' lang='lat' dir='ltr'><strong>non</strong></span> <span class='ocrx_word' id='word_1_17' title='bbox 2453 472 2603 540; x_wconf 85' lang='lat' dir='ltr'><strong>digni</strong></span> <span class='ocrx_word' id='word_1_18' title='bbox 2635 471 2880 542; x_wconf 72' lang='lat' dir='ltr'><strong>magistri</strong></span> <span class='ocrx_word' id='word_1_19' title='bbox 2930 469 3056 526; x_wconf 81' lang='lat' dir='ltr'><strong>facti</strong></span> <span class='ocrx_word' id='word_1_20' title='bbox 3114 470 3349 539; x_wconf 82' lang='lat' dir='ltr'><strong>fueritis,</strong></span> <span class='ocrx_word' id='word_1_21' title='bbox 3399 473 3451 528; x_wconf 92' lang='lat' dir='ltr'><strong>in</strong></span> <span class='ocrx_word' id='word_1_22' title='bbox 3483 494 3593 546; x_wconf 82' lang='lat' dir='ltr'><strong>quo</strong></span> 
     </span>
    </p>
   </div>
   <div class='ocr_carea' id='block_1_6' title="bbox 345 559 1919 632">
    <p class='ocr_par' dir='ltr' id='par_1_6' title="bbox 345 559 1919 632">
     <span class='ocr_line' id='line_1_6' title="bbox 345 559 1919 632; baseline -0.002 -19"><span class='ocrx_word' id='word_1_23' title='bbox 345 561 405 613; x_wconf 76' lang='grc' dir='ltr'>ἐν</span> <span class='ocrx_word' id='word_1_24' title='bbox 424 560 530 612; x_wconf 88' lang='grc' dir='ltr'>τίνι</span> <span class='ocrx_word' id='word_1_25' title='bbox 560 559 622 612; x_wconf 82' lang='grc' dir='ltr'><strong>τὸ</strong></span> <span class='ocrx_word' id='word_1_26' title='bbox 654 561 977 614; x_wconf 78' lang='grc' dir='ltr'>κατασαπὲν</span> <span class='ocrx_word' id='word_1_27' title='bbox 1023 562 1132 616; x_wconf 86' lang='grc' dir='ltr'><strong>τῶν</strong></span> <span class='ocrx_word' id='word_1_28' title='bbox 1179 561 1483 632; x_wconf 79' lang='grc' dir='ltr'>ἀνθρώπων</span> <span class='ocrx_word' id='word_1_29' title='bbox 1532 560 1919 630; x_wconf 79' lang='grc' dir='ltr'>ἁλισθήσεται;</span> 
     </span>
    </p>
   </div>
   <div class='ocr_carea' id='block_1_7' title="bbox 415 650 1921 724">
    <p class='ocr_par' dir='ltr' id='par_1_7' title="bbox 415 650 1921 724">
     <span class='ocr_line' id='line_1_7' title="bbox 415 650 1921 724; baseline -0.001 -20"><span class='ocrx_word' id='word_1_30' title='bbox 415 651 536 715; x_wconf 76' lang='grc' dir='ltr'>Φῶς</span> <span class='ocrx_word' id='word_1_31' title='bbox 561 652 721 705; x_wconf 70' lang='grc' dir='ltr'>καλεῖ</span> <span class='ocrx_word' id='word_1_32' title='bbox 749 652 968 718; x_wconf 75' lang='grc' dir='ltr'>αὐτοὺς,</span> <span class='ocrx_word' id='word_1_33' title='bbox 997 653 1073 717; x_wconf 83' lang='grc' dir='ltr'>ὡς</span> <span class='ocrx_word' id='word_1_34' title='bbox 1094 653 1195 724; x_wconf 78' lang='grc' dir='ltr'><strong>τῆς</strong></span> <span class='ocrx_word' id='word_1_35' title='bbox 1225 652 1504 715; x_wconf 70' lang='grc' dir='ltr'>εὐσεϐείας</span> <span class='ocrx_word' id='word_1_36' title='bbox 1527 650 1921 721; x_wconf 78' lang='grc' dir='ltr'>καταλάμψαν-</span> 
     </span>
    </p>
   </div>
   <div class='ocr_carea' id='block_1_8' title="bbox 345 742 1085 814">
    <p class='ocr_par' dir='ltr' id='par_1_8' title="bbox 345 742 1085 814">
     <span class='ocr_line' id='line_1_8' title="bbox 345 742 1085 814; baseline 0.005 -18"><span class='ocrx_word' id='word_1_37' title='bbox 345 759 446 807; x_wconf 83' lang='grc' dir='ltr'><strong>τας</strong></span> <span class='ocrx_word' id='word_1_38' title='bbox 476 743 536 797; x_wconf 78' lang='grc' dir='ltr'>τὸ</span> <span class='ocrx_word' id='word_1_39' title='bbox 570 742 686 812; x_wconf 86' lang='grc' dir='ltr'>φῶς</span> <span class='ocrx_word' id='word_1_40' title='bbox 711 743 805 796; x_wconf 75' lang='grc' dir='ltr'>ἐπὶ</span> <span class='ocrx_word' id='word_1_41' title='bbox 838 747 934 814; x_wconf 82' lang='grc' dir='ltr'>τῆς</span> <span class='ocrx_word' id='word_1_42' title='bbox 959 745 1085 814; x_wconf 80' lang='grc' dir='ltr'>γῆς.</span> 
     </span>
    </p>
   </div>
   <div class='ocr_carea' id='block_1_9' title="bbox 303 853 1921 924">
    <p class='ocr_par' dir='ltr' id='par_1_9' title="bbox 303 853 1921 924">
     <span class='ocr_line' id='line_1_9' title="bbox 303 853 1921 924; baseline -0.002 -16"><span class='ocrx_word' id='word_1_43' title='bbox 303 856 329 899; x_wconf 79' lang='grc'>.⁴</span> <span class='ocrx_word' id='word_1_44' title='bbox 414 855 509 918; x_wconf 88' lang='grc' dir='ltr'><strong>Τὸ,</strong></span> <span class='ocrx_word' id='word_1_45' title='bbox 548 856 630 908; x_wconf 84' lang='grc' dir='ltr'>ού</span> <span class='ocrx_word' id='word_1_46' title='bbox 666 854 917 908; x_wconf 81' lang='grc' dir='ltr'>δύναται</span> <span class='ocrx_word' id='word_1_47' title='bbox 975 858 1155 920; x_wconf 78' lang='grc' dir='ltr'>πόλις</span> <span class='ocrx_word' id='word_1_48' title='bbox 1201 854 1489 924; x_wconf 75' lang='grc' dir='ltr'>κρυϐῆναι</span> <span class='ocrx_word' id='word_1_49' title='bbox 1514 853 1713 908; x_wconf 76' lang='grc' dir='ltr'>ἐπάνω</span> <span class='ocrx_word' id='word_1_50' title='bbox 1745 853 1921 920; x_wconf 81' lang='grc' dir='ltr'>ὅρους</span> 
     </span>
    </p>
   </div>
   <div class='ocr_carea' id='block_1_10' title="bbox 342 947 1922 1022">
    <p class='ocr_par' dir='ltr' id='par_1_10' title="bbox 342 947 1922 1022">
     <span class='ocr_line' id='line_1_10' title="bbox 342 947 1922 1022; baseline -0.001 -22"><span class='ocrx_word' id='word_1_51' title='bbox 342 949 617 1016; x_wconf 76' lang='grc' dir='ltr'><strong>κειμένη·</strong></span> <span class='ocrx_word' id='word_1_52' title='bbox 643 951 736 1001; x_wconf 72' lang='grc' dir='ltr'><strong>καὶ</strong></span> <span class='ocrx_word' id='word_1_53' title='bbox 762 948 846 1010; x_wconf 86' lang='grc' dir='ltr'><strong>τὺ,</strong></span> <span class='ocrx_word' id='word_1_54' title='bbox 875 950 958 1001; x_wconf 86' lang='grc' dir='ltr'><strong>Οὺ</strong></span> <span class='ocrx_word' id='word_1_55' title='bbox 989 949 1230 1022; x_wconf 72' lang='grc' dir='ltr'>καίουσι</span> <span class='ocrx_word' id='word_1_56' title='bbox 1262 950 1495 1019; x_wconf 76' lang='grc' dir='ltr'>λύχνον</span> <span class='ocrx_word' id='word_1_57' title='bbox 1517 948 1612 1000; x_wconf 78' lang='grc' dir='ltr'>καὶ</span> <span class='ocrx_word' id='word_1_58' title='bbox 1643 947 1922 1016; x_wconf 23' lang='grc' dir='ltr'>,τιθέασιν</span> 
     </span>
    </p>
   </div>
   <div class='ocr_carea' id='block_1_11' title="bbox 341 1028 1919 1108">
    <p class='ocr_par' dir='ltr' id='par_1_11' title="bbox 341 1028 1919 1108">
     <span class='ocr_line' id='line_1_11' title="bbox 341 1028 1919 1108; baseline -0.004 -14"><span class='ocrx_word' id='word_1_59' title='bbox 341 1040 465 1094; x_wconf 82' lang='grc' dir='ltr'><strong>ὑπὸ</strong></span> <span class='ocrx_word' id='word_1_60' title='bbox 485 1041 592 1092; x_wconf 82' lang='grc' dir='ltr'><strong>τὸν</strong></span> <span class='ocrx_word' id='word_1_61' title='bbox 622 1039 858 1107; x_wconf 82' lang='grc' dir='ltr'>μόδιον,</span> <span class='ocrx_word' id='word_1_62' title='bbox 895 1040 1035 1092; x_wconf 76' lang='grc' dir='ltr'><strong>ἀλλ’</strong></span> <span class='ocrx_word' id='word_1_63' title='bbox 1069 1028 1170 1092; x_wconf 78' lang='grc' dir='ltr'><strong>ἐπὶ</strong></span> <span class='ocrx_word' id='word_1_64' title='bbox 1212 1040 1328 1106; x_wconf 77' lang='grc' dir='ltr'><strong>τὴν</strong></span> <span class='ocrx_word' id='word_1_65' title='bbox 1353 1039 1638 1108; x_wconf 76' lang='grc' dir='ltr'><strong>λυχνίαν,</strong></span> <span class='ocrx_word' id='word_1_66' title='bbox 1668 1038 1730 1090; x_wconf 81' lang='grc' dir='ltr'><strong>τὸ</strong></span> <span class='ocrx_word' id='word_1_67' title='bbox 1764 1054 1919 1090; x_wconf 75' lang='grc' dir='ltr'>καταα</span> 
     </span>
    </p>
   </div>
   <div class='ocr_carea' id='block_1_12' title="bbox 345 1129 1918 1201">
    <p class='ocr_par' dir='ltr' id='par_1_12' title="bbox 345 1129 1918 1201">
     <span class='ocr_line' id='line_1_12' title="bbox 345 1129 1918 1201; baseline -0.003 -17"><span class='ocrx_word' id='word_1_68' title='bbox 345 1132 513 1200; x_wconf 83' lang='grc' dir='ltr'>φανές</span> <span class='ocrx_word' id='word_1_69' title='bbox 547 1129 913 1201; x_wconf 79' lang='grc' dir='ltr'>αὐτῶν.δηλοῖ</span> <span class='ocrx_word' id='word_1_70' title='bbox 935 1145 948 1161; x_wconf 91' lang='grc'><strong>·</strong></span> <span class='ocrx_word' id='word_1_71' title='bbox 984 1131 1074 1184; x_wconf 68' lang='grc' dir='ltr'>καὶ</span> <span class='ocrx_word' id='word_1_72' title='bbox 1101 1131 1184 1183; x_wconf 83' lang='grc' dir='ltr'><strong>ὅτι</strong></span> <span class='ocrx_word' id='word_1_73' title='bbox 1218 1130 1478 1184; x_wconf 83' lang='grc' dir='ltr'>ἀδύνατον</span> <span class='ocrx_word' id='word_1_74' title='bbox 1506 1130 1566 1182; x_wconf 82' lang='grc' dir='ltr'>τὸ</span> <span class='ocrx_word' id='word_1_75' title='bbox 1599 1129 1918 1199; x_wconf 82' lang='grc' dir='ltr'><strong>κηρύγμασι</strong></span> 
     </span>
    </p>
   </div>
   <div class='ocr_carea' id='block_1_13' title="bbox 343 1225 658 1294">
    <p class='ocr_par' dir='ltr' id='par_1_13' title="bbox 343 1225 658 1294">
     <span class='ocr_line' id='line_1_13' title="bbox 343 1225 658 1294; baseline -0.003 -16"><span class='ocrx_word' id='word_1_76' title='bbox 343 1225 658 1294; x_wconf 73' lang='grc' dir='ltr'>γεγηθέναι.</span> 
     </span>
    </p>
   </div>
   <div class='ocr_carea' id='block_1_14' title="bbox 417 1311 1920 1386">
    <p class='ocr_par' dir='ltr' id='par_1_14' title="bbox 417 1311 1920 1386">
     <span class='ocr_line' id='line_1_14' title="bbox 417 1311 1920 1386; baseline -0.003 -17"><span class='ocrx_word' id='word_1_77' title='bbox 417 1318 482 1368; x_wconf 84' lang='lat' dir='ltr'><strong>Al.</strong></span> <span class='ocrx_word' id='word_1_78' title='bbox 519 1315 732 1368; x_wconf 82' lang='grc' dir='ltr'>ἐντολαὶ</span> <span class='ocrx_word' id='word_1_79' title='bbox 759 1312 854 1366; x_wconf 66' lang='grc' dir='ltr'>τοῦ</span> <span class='ocrx_word' id='word_1_80' title='bbox 889 1313 1130 1386; x_wconf 80' lang='grc' dir='ltr'>Χριστοῦ</span> <span class='ocrx_word' id='word_1_81' title='bbox 1163 1314 1223 1366; x_wconf 77' lang='grc' dir='ltr'><strong>οὐ</strong></span> <span class='ocrx_word' id='word_1_82' title='bbox 1252 1313 1348 1367; x_wconf 81' lang='grc' dir='ltr'>τοῦ</span> <span class='ocrx_word' id='word_1_83' title='bbox 1384 1315 1550 1384; x_wconf 83' lang='grc' dir='ltr'>νόμου</span> <span class='ocrx_word' id='word_1_84' title='bbox 1595 1313 1736 1366; x_wconf 71' lang='grc' dir='ltr'>εἰσὶν</span> <span class='ocrx_word' id='word_1_85' title='bbox 1773 1311 1920 1365; x_wconf 88' lang='grc' dir='ltr'>ἀναί-</span> 
     </span>
    </p>
   </div>
   <div class='ocr_carea' id='block_1_15' title="bbox 345 1403 1914 1480">
    <p class='ocr_par' dir='ltr' id='par_1_15' title="bbox 345 1403 1914 1480">
     <span class='ocr_line' id='line_1_15' title="bbox 345 1403 1914 1480; baseline -0.003 -20"><span class='ocrx_word' id='word_1_86' title='bbox 345 1425 518 1480; x_wconf 87' lang='grc' dir='ltr'>ρεσις,</span> <span class='ocrx_word' id='word_1_87' title='bbox 541 1407 676 1460; x_wconf 77' lang='grc' dir='ltr'>ἀλλὰ</span> <span class='ocrx_word' id='word_1_88' title='bbox 698 1406 981 1477; x_wconf 80' lang='grc' dir='ltr'><strong>πλήρωσις</strong></span> <span class='ocrx_word' id='word_1_89' title='bbox 1022 1406 1335 1477; x_wconf 84' lang='grc' dir='ltr'>τελειοτέρα</span> <span class='ocrx_word' id='word_1_90' title='bbox 1363 1407 1456 1460; x_wconf 82' lang='grc' dir='ltr'>καὶ</span> <span class='ocrx_word' id='word_1_91' title='bbox 1491 1406 1763 1474; x_wconf 80' lang='grc' dir='ltr'>ἀσφάλεια</span> <span class='ocrx_word' id='word_1_92' title='bbox 1782 1418 1796 1432; x_wconf 82' lang='grc'><strong>·</strong></span> <span class='ocrx_word' id='word_1_93' title='bbox 1819 1403 1914 1456; x_wconf 86' lang='grc' dir='ltr'>τοῦ</span> 
     </span>
    </p>
   </div>
   <div class='ocr_carea' id='block_1_16' title="bbox 337 1496 1912 1570">
    <p class='ocr_par' dir='ltr' id='par_1_16' title="bbox 337 1496 1912 1570">
     <span class='ocr_line' id='line_1_16' title="bbox 337 1496 1912 1570; baseline -0.001 -19"><span class='ocrx_word' id='word_1_94' title='bbox 337 1500 450 1570; x_wconf 83' lang='grc' dir='ltr'>γὰρ</span> <span class='ocrx_word' id='word_1_95' title='bbox 490 1500 564 1570; x_wconf 81' lang='grc' dir='ltr'>μὴ</span> <span class='ocrx_word' id='word_1_96' title='bbox 595 1497 843 1569; x_wconf 84' lang='grc' dir='ltr'>φονεύειν</span> <span class='ocrx_word' id='word_1_97' title='bbox 872 1499 971 1552; x_wconf 80' lang='grc' dir='ltr'><strong>οὐκ</strong></span> <span class='ocrx_word' id='word_1_98' title='bbox 999 1499 1277 1569; x_wconf 85' lang='grc' dir='ltr'>ἀναίρεσις</span> <span class='ocrx_word' id='word_1_99' title='bbox 1310 1499 1371 1552; x_wconf 75' lang='grc' dir='ltr'>τὸ</span> <span class='ocrx_word' id='word_1_100' title='bbox 1417 1498 1551 1569; x_wconf 82' lang='grc' dir='ltr'>μηδὲ</span> <span class='ocrx_word' id='word_1_101' title='bbox 1575 1496 1912 1568; x_wconf 83' lang='grc' dir='ltr'>ὀργίζεσθαι,</span> 
     </span>
    </p>
   </div>
   <div class='ocr_carea' id='block_1_17' title="bbox 337 1586 1914 1658">
    <p class='ocr_par' dir='ltr' id='par_1_17' title="bbox 337 1586 1914 1658">
     <span class='ocr_line' id='line_1_17' title="bbox 337 1586 1914 1658; baseline -0.003 -14"><span class='ocrx_word' id='word_1_102' title='bbox 337 1589 458 1644; x_wconf 81' lang='grc' dir='ltr'>ἀλλ’</span> <span class='ocrx_word' id='word_1_103' title='bbox 482 1588 754 1658; x_wconf 78' lang='grc' dir='ltr'>ἀσφάλεια</span> <span class='ocrx_word' id='word_1_104' title='bbox 778 1604 794 1618; x_wconf 88' lang='grc'><strong>·</strong></span> <span class='ocrx_word' id='word_1_105' title='bbox 819 1588 963 1642; x_wconf 79' lang='grc' dir='ltr'>οὕτω</span> <span class='ocrx_word' id='word_1_106' title='bbox 991 1588 1048 1642; x_wconf 83' lang='grc' dir='ltr'>δὲ</span> <span class='ocrx_word' id='word_1_107' title='bbox 1073 1590 1166 1642; x_wconf 75' lang='grc' dir='ltr'><strong>καὶ</strong></span> <span class='ocrx_word' id='word_1_108' title='bbox 1200 1588 1292 1642; x_wconf 80' lang='grc' dir='ltr'><strong>ἐπὶ</strong></span> <span class='ocrx_word' id='word_1_109' title='bbox 1316 1588 1423 1640; x_wconf 87' lang='grc' dir='ltr'><strong>τῶν</strong></span> <span class='ocrx_word' id='word_1_110' title='bbox 1449 1586 1622 1642; x_wconf 82' lang='grc' dir='ltr'>ἄλλων</span> <span class='ocrx_word' id='word_1_111' title='bbox 1634 1588 1914 1640; x_wconf 82' lang='grc' dir='ltr'>ἁπάντων.</span> 
     </span>
    </p>
   </div>
   <div class='ocr_carea' id='block_1_18' title="bbox 424 1676 1915 1748">
    <p class='ocr_par' dir='ltr' id='par_1_18' title="bbox 424 1676 1915 1748">
     <span class='ocr_line' id='line_1_18' title="bbox 424 1676 1915 1748; baseline -0.001 -16"><span class='ocrx_word' id='word_1_112' title='bbox 424 1679 512 1732; x_wconf 84' lang='grc' dir='ltr'><strong>Ἐν</strong></span> <span class='ocrx_word' id='word_1_113' title='bbox 541 1677 619 1748; x_wconf 80' lang='grc' dir='ltr'>τῷ</span> <span class='ocrx_word' id='word_1_114' title='bbox 651 1679 847 1744; x_wconf 76' lang='grc' dir='ltr'>εἰπεῖν,</span> <span class='ocrx_word' id='word_1_115' title='bbox 891 1679 1102 1744; x_wconf 80' lang='grc' dir='ltr'>Ὅστις</span> <span class='ocrx_word' id='word_1_116' title='bbox 1136 1679 1312 1732; x_wconf 71' lang='grc' dir='ltr'>λύσει</span> <span class='ocrx_word' id='word_1_117' title='bbox 1344 1679 1487 1745; x_wconf 80' lang='grc' dir='ltr'>μίαν</span> <span class='ocrx_word' id='word_1_118' title='bbox 1514 1677 1634 1730; x_wconf 81' lang='grc' dir='ltr'><strong>τῶν</strong></span> <span class='ocrx_word' id='word_1_119' title='bbox 1655 1676 1915 1731; x_wconf 69' lang='grc' dir='ltr'>ἐντολῶν</span> 
     </span>
    </p>
   </div>
   <div class='ocr_carea' id='block_1_19' title="bbox 336 1766 1907 1842">
    <p class='ocr_par' dir='ltr' id='par_1_19' title="bbox 336 1766 1907 1842">
     <span class='ocr_line' id='line_1_19' title="bbox 336 1766 1907 1842; baseline -0.003 -18"><span class='ocrx_word' id='word_1_120' title='bbox 336 1773 583 1835; x_wconf 76' lang='grc' dir='ltr'>τούτων,</span> <span class='ocrx_word' id='word_1_121' title='bbox 609 1771 673 1824; x_wconf 75' lang='grc' dir='ltr'>οὗ</span> <span class='ocrx_word' id='word_1_122' title='bbox 704 1771 832 1842; x_wconf 74' lang='grc' dir='ltr'>περὶ</span> <span class='ocrx_word' id='word_1_123' title='bbox 858 1771 966 1824; x_wconf 86' lang='grc' dir='ltr'><strong>τῶν</strong></span> <span class='ocrx_word' id='word_1_124' title='bbox 989 1770 1235 1824; x_wconf 85' lang='grc' dir='ltr'>παλαιῶν</span> <span class='ocrx_word' id='word_1_125' title='bbox 1267 1771 1516 1840; x_wconf 78' lang='grc' dir='ltr'><strong>νομίμων</strong></span> <span class='ocrx_word' id='word_1_126' title='bbox 1546 1769 1704 1823; x_wconf 80' lang='grc' dir='ltr'>τοῦτο</span> <span class='ocrx_word' id='word_1_127' title='bbox 1735 1766 1907 1834; x_wconf 83' lang='grc' dir='ltr'>εἶπεν,</span> 
     </span>
    </p>
   </div>
   <div class='ocr_carea' id='block_1_20' title="bbox 303 1862 1910 1937">
    <p class='ocr_par' dir='ltr' id='par_1_20' title="bbox 303 1862 1910 1937">
     <span class='ocr_line' id='line_1_20' title="bbox 303 1862 1910 1937; baseline -0.001 -20"><span class='ocrx_word' id='word_1_128' title='bbox 303 1935 306 1937; x_wconf 9' lang='grc' dir='ltr'><strong>Α</strong></span> <span class='ocrx_word' id='word_1_129' title='bbox 338 1863 475 1917; x_wconf 78' lang='grc' dir='ltr'>ἀλλὰ</span> <span class='ocrx_word' id='word_1_130' title='bbox 517 1864 647 1935; x_wconf 76' lang='grc' dir='ltr'>περὶ</span> <span class='ocrx_word' id='word_1_131' title='bbox 691 1865 791 1933; x_wconf 85' lang='grc' dir='ltr'>τῆς</span> <span class='ocrx_word' id='word_1_132' title='bbox 837 1863 1080 1934; x_wconf 83' lang='grc' dir='ltr'>χάριτος.</span> <span class='ocrx_word' id='word_1_133' title='bbox 1109 1864 1208 1916; x_wconf 75' lang='grc' dir='ltr'><strong>Διά</strong></span> <span class='ocrx_word' id='word_1_134' title='bbox 1235 1863 1288 1916; x_wconf 87' lang='grc' dir='ltr'><strong>τί</strong></span> <span class='ocrx_word' id='word_1_135' title='bbox 1319 1864 1478 1916; x_wconf 84' lang='grc' dir='ltr'>καλεῖ</span> <span class='ocrx_word' id='word_1_136' title='bbox 1497 1862 1784 1932; x_wconf 71' lang='grc' dir='ltr'><strong>ἐλαχίστας</strong></span> <span class='ocrx_word' id='word_1_137' title='bbox 1812 1863 1910 1926; x_wconf 78' lang='grc' dir='ltr'><strong>τὰς</strong></span> 
     </span>
    </p>
   </div>
   <div class='ocr_carea' id='block_1_21' title="bbox 336 1953 1910 2028">
    <p class='ocr_par' dir='ltr' id='par_1_21' title="bbox 336 1953 1910 2028">
     <span class='ocr_line' id='line_1_21' title="bbox 336 1953 1910 2028; baseline 0 -20"><span class='ocrx_word' id='word_1_138' title='bbox 336 1955 557 2019; x_wconf 78' lang='grc' dir='ltr'>ἐντολὰς</span> <span class='ocrx_word' id='word_1_139' title='bbox 590 1955 814 2019; x_wconf 81' lang='grc' dir='ltr'>ταύτας,</span> <span class='ocrx_word' id='word_1_140' title='bbox 859 1956 1045 2009; x_wconf 82' lang='grc' dir='ltr'>καίτοι</span> <span class='ocrx_word' id='word_1_141' title='bbox 1093 1956 1341 2026; x_wconf 79' lang='grc' dir='ltr'><strong>μεγάλας</strong></span> <span class='ocrx_word' id='word_1_142' title='bbox 1385 1953 1587 2019; x_wconf 71' lang='grc' dir='ltr'>οὕσαςς</span> <span class='ocrx_word' id='word_1_143' title='bbox 1635 1954 1910 2028; x_wconf 81' lang='grc' dir='ltr'>Παιδεύων</span> 
     </span>
    </p>
   </div>
   <div class='ocr_carea' id='block_1_22' title="bbox 339 2045 1906 2119">
    <p class='ocr_par' dir='ltr' id='par_1_22' title="bbox 339 2045 1906 2119">
     <span class='ocr_line' id='line_1_22' title="bbox 339 2045 1906 2119; baseline 0.002 -20"><span class='ocrx_word' id='word_1_144' title='bbox 339 2046 487 2115; x_wconf 79' lang='grc' dir='ltr'>ἡμᾶς</span> <span class='ocrx_word' id='word_1_145' title='bbox 516 2046 602 2100; x_wconf 77' lang='grc' dir='ltr'><strong>ἵνα</strong></span> <span class='ocrx_word' id='word_1_146' title='bbox 636 2047 725 2100; x_wconf 81' lang='grc' dir='ltr'><strong>ὅτε</strong></span> <span class='ocrx_word' id='word_1_147' title='bbox 759 2045 1110 2118; x_wconf 67' lang='grc' dir='ltr'>διδάσκομεν,</span> <span class='ocrx_word' id='word_1_148' title='bbox 1139 2046 1215 2118; x_wconf 85' lang='grc' dir='ltr'>μὴ</span> <span class='ocrx_word' id='word_1_149' title='bbox 1247 2046 1474 2116; x_wconf 75' lang='grc' dir='ltr'>ύψῶμέν</span> <span class='ocrx_word' id='word_1_150' title='bbox 1504 2046 1602 2118; x_wconf 79' lang='grc' dir='ltr'>τὴν</span> <span class='ocrx_word' id='word_1_151' title='bbox 1632 2048 1906 2119; x_wconf 78' lang='grc' dir='ltr'><strong>ἡμετέραν</strong></span> 
     </span>
    </p>
   </div>
   <div class='ocr_carea' id='block_1_23' title="bbox 333 2138 578 2208">
    <p class='ocr_par' dir='ltr' id='par_1_23' title="bbox 333 2138 578 2208">
     <span class='ocr_line' id='line_1_23' title="bbox 333 2138 578 2208; baseline 0.012 -17"><span class='ocrx_word' id='word_1_152' title='bbox 333 2138 578 2208; x_wconf 81' lang='grc' dir='ltr'>διδαχὴν.</span> 
     </span>
    </p>
   </div>
   <div class='ocr_carea' id='block_1_24' title="bbox 405 2229 1908 2302">
    <p class='ocr_par' dir='ltr' id='par_1_24' title="bbox 405 2229 1908 2302">
     <span class='ocr_line' id='line_1_24' title="bbox 405 2229 1908 2302; baseline 0.003 -19"><span class='ocrx_word' id='word_1_153' title='bbox 405 2229 612 2295; x_wconf 72' lang='grc' dir='ltr'>Εἰπὼν,</span> <span class='ocrx_word' id='word_1_154' title='bbox 652 2231 735 2286; x_wconf 81' lang='grc' dir='ltr'><strong>ὅτι</strong></span> <span class='ocrx_word' id='word_1_155' title='bbox 777 2230 1137 2300; x_wconf 67' lang='grc' dir='ltr'>Ἐλάχιστος</span> <span class='ocrx_word' id='word_1_156' title='bbox 1161 2231 1231 2286; x_wconf 74' lang='grc' dir='ltr'>ἐν</span> <span class='ocrx_word' id='word_1_157' title='bbox 1257 2233 1332 2301; x_wconf 80' lang='grc' dir='ltr'>τῇ</span> <span class='ocrx_word' id='word_1_158' title='bbox 1352 2235 1640 2302; x_wconf 70' lang='grc' dir='ltr'>βασιλείᾳ</span> <span class='ocrx_word' id='word_1_159' title='bbox 1661 2233 1780 2288; x_wconf 79' lang='grc' dir='ltr'>τῶν</span> <span class='ocrx_word' id='word_1_160' title='bbox 1804 2235 1908 2288; x_wconf 76' lang='grc' dir='ltr'><strong>οὐ·</strong></span> 
     </span>
    </p>
   </div>
   <div class='ocr_carea' id='block_1_25' title="bbox 330 2321 1908 2395">
    <p class='ocr_par' dir='ltr' id='par_1_25' title="bbox 330 2321 1908 2395">
     <span class='ocr_line' id='line_1_25' title="bbox 330 2321 1908 2395; baseline 0.001 -19"><span class='ocrx_word' id='word_1_161' title='bbox 330 2321 538 2392; x_wconf 59' lang='grc' dir='ltr'>φανῶν</span> <span class='ocrx_word' id='word_1_162' title='bbox 579 2322 970 2390; x_wconf 69' lang='grc' dir='ltr'>κληθήσεται,</span> <span class='ocrx_word' id='word_1_163' title='bbox 1001 2324 1276 2395; x_wconf 79' lang='grc' dir='ltr'><strong>ἐσήμανεν</strong></span> <span class='ocrx_word' id='word_1_164' title='bbox 1312 2325 1394 2379; x_wconf 87' lang='grc' dir='ltr'>ὃτι</span> <span class='ocrx_word' id='word_1_165' title='bbox 1429 2328 1508 2390; x_wconf 83' lang='grc' dir='ltr'><strong>είς</strong></span> <span class='ocrx_word' id='word_1_166' title='bbox 1553 2329 1776 2395; x_wconf 81' lang='grc' dir='ltr'><em>γέενναν</em></span> <span class='ocrx_word' id='word_1_167' title='bbox 1816 2325 1908 2380; x_wconf 77' lang='grc' dir='ltr'>καὶ</span> 
     </span>
    </p>
   </div>
   <div class='ocr_carea' id='block_1_26' title="bbox 334 2414 1908 2488">
    <p class='ocr_par' dir='ltr' id='par_1_26' title="bbox 334 2414 1908 2488">
     <span class='ocr_line' id='line_1_26' title="bbox 334 2414 1908 2488; baseline 0.002 -19"><span class='ocrx_word' id='word_1_168' title='bbox 334 2415 558 2469; x_wconf 81' lang='grc' dir='ltr'>κόλασιν</span> <span class='ocrx_word' id='word_1_169' title='bbox 615 2415 839 2469; x_wconf 76' lang='grc' dir='ltr'>αἰώνιον</span> <span class='ocrx_word' id='word_1_170' title='bbox 914 2414 1277 2469; x_wconf 82' lang='grc' dir='ltr'>ἀπελεύσεται</span> <span class='ocrx_word' id='word_1_171' title='bbox 1303 2455 1320 2482; x_wconf 91' lang='grc'><strong>,</strong></span> <span class='ocrx_word' id='word_1_172' title='bbox 1377 2416 1699 2488; x_wconf 83' lang='grc' dir='ltr'><strong>ἀνεπαχθῶς</strong></span> <span class='ocrx_word' id='word_1_173' title='bbox 1750 2417 1908 2472; x_wconf 77' lang='grc' dir='ltr'>τοῦτο</span> 
     </span>
    </p>
   </div>
   <div class='ocr_carea' id='block_1_27' title="bbox 333 2507 594 2576">
    <p class='ocr_par' dir='ltr' id='par_1_27' title="bbox 333 2507 594 2576">
     <span class='ocr_line' id='line_1_27' title="bbox 333 2507 594 2576; baseline 0.008 -15"><span class='ocrx_word' id='word_1_174' title='bbox 333 2508 380 2561; x_wconf 82' lang='grc' dir='ltr'><strong>εί</strong></span> <span class='ocrx_word' id='word_1_175' title='bbox 387 2507 594 2576; x_wconf 80' lang='grc' dir='ltr'>ρηκώς.</span> 
     </span>
    </p>
   </div>
   <div class='ocr_carea' id='block_1_28' title="bbox 405 2601 1905 2675">
    <p class='ocr_par' dir='ltr' id='par_1_28' title="bbox 405 2601 1905 2675">
     <span class='ocr_line' id='line_1_28' title="bbox 405 2601 1905 2675; baseline 0.003 -20"><span class='ocrx_word' id='word_1_176' title='bbox 405 2603 471 2655; x_wconf 84' lang='grc' dir='ltr'>Τί</span> <span class='ocrx_word' id='word_1_177' title='bbox 503 2603 654 2672; x_wconf 82' lang='grc' dir='ltr'>λέγει</span> <span class='ocrx_word' id='word_1_178' title='bbox 683 2602 766 2670; x_wconf 80' lang='grc' dir='ltr'>τὸ,</span> <span class='ocrx_word' id='word_1_179' title='bbox 817 2601 963 2658; x_wconf 82' lang='grc' dir='ltr'><strong>Ἐὰν</strong></span> <span class='ocrx_word' id='word_1_180' title='bbox 989 2601 1074 2672; x_wconf 86' lang='grc' dir='ltr'>μὴ</span> <span class='ocrx_word' id='word_1_181' title='bbox 1119 2605 1502 2673; x_wconf 80' lang='grc' dir='ltr'>περισσεύσῃ</span> <span class='ocrx_word' id='word_1_182' title='bbox 1547 2604 1905 2675; x_wconf 78' lang='grc' dir='ltr'><strong>δικαιοσύνη</strong></span> 
     </span>
    </p>
   </div>
   <div class='ocr_carea' id='block_1_29' title="bbox 331 2691 1907 2765">
    <p class='ocr_par' dir='ltr' id='par_1_29' title="bbox 331 2691 1907 2765">
     <span class='ocr_line' id='line_1_29' title="bbox 331 2691 1907 2765; baseline 0.001 -17"><span class='ocrx_word' id='word_1_183' title='bbox 331 2692 502 2760; x_wconf 81' lang='grc' dir='ltr'>ὑμῶν</span> <span class='ocrx_word' id='word_1_184' title='bbox 534 2693 725 2748; x_wconf 75' lang='grc' dir='ltr'><em>πλέον</em></span> <span class='ocrx_word' id='word_1_185' title='bbox 759 2691 881 2746; x_wconf 81' lang='grc' dir='ltr'><strong>τῶν</strong></span> <span class='ocrx_word' id='word_1_186' title='bbox 930 2695 1334 2762; x_wconf 81' lang='grc' dir='ltr'>Γριιμματέων</span> <span class='ocrx_word' id='word_1_187' title='bbox 1381 2695 1480 2749; x_wconf 78' lang='grc' dir='ltr'>καὶ</span> <span class='ocrx_word' id='word_1_188' title='bbox 1536 2697 1874 2765; x_wconf 81' lang='grc' dir='ltr'>Φαρισαίων</span> <span class='ocrx_word' id='word_1_189' title='bbox 1887 2711 1907 2760; x_wconf 82' lang='grc'><strong><em>;</em></strong></span> 
     </span>
    </p>
   </div>
   <div class='ocr_carea' id='block_1_30' title="bbox 335 2783 1906 2858">
    <p class='ocr_par' dir='ltr' id='par_1_30' title="bbox 335 2783 1906 2858">
     <span class='ocr_line' id='line_1_30' title="bbox 335 2783 1906 2858; baseline 0.001 -20"><span class='ocrx_word' id='word_1_190' title='bbox 335 2785 508 2839; x_wconf 82' lang='grc' dir='ltr'>Τοῦτό</span> <span class='ocrx_word' id='word_1_191' title='bbox 530 2787 699 2852; x_wconf 83' lang='grc' dir='ltr'>ἐστιν,</span> <span class='ocrx_word' id='word_1_192' title='bbox 752 2783 881 2840; x_wconf 80' lang='grc' dir='ltr'><strong>Ἐὰν</strong></span> <span class='ocrx_word' id='word_1_193' title='bbox 918 2785 993 2857; x_wconf 85' lang='grc' dir='ltr'><strong>μὴ</strong></span> <span class='ocrx_word' id='word_1_194' title='bbox 1027 2784 1169 2858; x_wconf 80' lang='grc' dir='ltr'>ὑπὲρ</span> <span class='ocrx_word' id='word_1_195' title='bbox 1213 2787 1314 2850; x_wconf 84' lang='grc' dir='ltr'>τὰς</span> <span class='ocrx_word' id='word_1_196' title='bbox 1347 2786 1578 2851; x_wconf 83' lang='grc' dir='ltr'><strong>δεκάτας</strong></span> <span class='ocrx_word' id='word_1_197' title='bbox 1631 2787 1906 2858; x_wconf 81' lang='grc' dir='ltr'><strong>παρέχητε</strong></span> 
     </span>
    </p>
   </div>
   <div class='ocr_carea' id='block_1_31' title="bbox 331 2875 771 2946">
    <p class='ocr_par' dir='ltr' id='par_1_31' title="bbox 331 2875 771 2946">
     <span class='ocr_line' id='line_1_31' title="bbox 331 2875 771 2946; baseline 0.009 -18"><span class='ocrx_word' id='word_1_198' title='bbox 331 2877 443 2938; x_wconf 82' lang='grc' dir='ltr'>τοῖς</span> <span class='ocrx_word' id='word_1_199' title='bbox 473 2875 771 2946; x_wconf 81' lang='grc' dir='ltr'>δεομένοις.</span> 
     </span>
    </p>
   </div>
   <div class='ocr_carea' id='block_1_32' title="bbox 406 2985 1907 3059">
    <p class='ocr_par' dir='ltr' id='par_1_32' title="bbox 406 2985 1907 3059">
     <span class='ocr_line' id='line_1_32' title="bbox 406 2985 1907 3059; baseline 0.003 -22"><span class='ocrx_word' id='word_1_200' title='bbox 406 2985 559 3038; x_wconf 76' lang='grc' dir='ltr'>Ποῖόν</span> <span class='ocrx_word' id='word_1_201' title='bbox 587 2987 732 3040; x_wconf 84' lang='grc' dir='ltr'>ἐστιν</span> <span class='ocrx_word' id='word_1_202' title='bbox 760 2986 788 3041; x_wconf 82' lang='grc' dir='ltr'><strong>δ</strong></span> <span class='ocrx_word' id='word_1_203' title='bbox 809 2987 958 3056; x_wconf 82' lang='grc' dir='ltr'>λέγει</span> <span class='ocrx_word' id='word_1_204' title='bbox 1000 2986 1284 3059; x_wconf 76' lang='grc' dir='ltr'>περισσὸν,</span> <span class='ocrx_word' id='word_1_205' title='bbox 1315 2985 1342 3040; x_wconf 80' lang='grc' dir='ltr'><strong>ὃ</strong></span> <span class='ocrx_word' id='word_1_206' title='bbox 1371 2987 1477 3041; x_wconf 83' lang='grc' dir='ltr'>ἔδει</span> <span class='ocrx_word' id='word_1_207' title='bbox 1521 2987 1648 3050; x_wconf 81' lang='grc' dir='ltr'>τοὺς</span> <span class='ocrx_word' id='word_1_208' title='bbox 1674 2987 1907 3041; x_wconf 81' lang='grc' dir='ltr'>ἀποστό-</span> 
     </span>
    </p>
   </div>
   <div class='ocr_carea' id='block_1_33' title="bbox 332 3075 1905 3149">
    <p class='ocr_par' dir='ltr' id='par_1_33' title="bbox 332 3075 1905 3149">
     <span class='ocr_line' id='line_1_33' title="bbox 332 3075 1905 3149; baseline -0.001 -21"><span class='ocrx_word' id='word_1_209' title='bbox 332 3075 458 3140; x_wconf 85' lang='grc' dir='ltr'>λους</span> <span class='ocrx_word' id='word_1_210' title='bbox 477 3077 584 3128; x_wconf 85' lang='grc' dir='ltr'><strong>τῶν</strong></span> <span class='ocrx_word' id='word_1_211' title='bbox 607 3077 918 3148; x_wconf 81' lang='grc' dir='ltr'>Φαρισαίων</span> <span class='ocrx_word' id='word_1_212' title='bbox 934 3075 1284 3149; x_wconf 81' lang='grc' dir='ltr'>περισσεύειν</span> <span class='ocrx_word' id='word_1_213' title='bbox 1308 3091 1323 3142; x_wconf 91' lang='grc'>;</span> <span class='ocrx_word' id='word_1_214' title='bbox 1361 3075 1619 3128; x_wconf 85' lang='grc' dir='ltr'>Ἐκείνων</span> <span class='ocrx_word' id='word_1_215' title='bbox 1631 3076 1722 3128; x_wconf 75' lang='grc' dir='ltr'>τὸν</span> <span class='ocrx_word' id='word_1_216' title='bbox 1741 3075 1905 3145; x_wconf 80' lang='grc' dir='ltr'>νόμον</span> 
     </span>
    </p>
   </div>
   <div class='ocr_carea' id='block_1_34' title="bbox 2024 556 2917 633">
    <p class='ocr_par' dir='ltr' id='par_1_34' title="bbox 2024 556 2917 633">
     <span class='ocr_line' id='line_1_34' title="bbox 2024 556 2917 633; baseline 0.008 -23"><span class='ocrx_word' id='word_1_217' title='bbox 2024 556 2310 614; x_wconf 84' lang='lat' dir='ltr'><strong>hominum</strong></span> <span class='ocrx_word' id='word_1_218' title='bbox 2350 564 2626 633; x_wconf 72' lang='lat' dir='ltr'><strong>corruptio</strong></span> <span class='ocrx_word' id='word_1_219' title='bbox 2652 564 2917 619; x_wconf 84' lang='lat' dir='ltr'><strong>salietur?</strong></span> 
     </span>
    </p>
   </div>
   <div class='ocr_carea' id='block_1_35' title="bbox 2096 647 3590 724">
    <p class='ocr_par' dir='ltr' id='par_1_35' title="bbox 2096 647 3590 724">
     <span class='ocr_line' id='line_1_35' title="bbox 2096 647 3590 724; baseline 0.009 -24"><span class='ocrx_word' id='word_1_220' title='bbox 2096 647 2265 703; x_wconf 74' lang='lat' dir='ltr'><strong>Vens.</strong></span> <span class='ocrx_word' id='word_1_221' title='bbox 2301 649 2390 703; x_wconf 76' lang='grc'><strong>14.</strong></span> <span class='ocrx_word' id='word_1_222' title='bbox 2421 649 2620 705; x_wconf 86' lang='lat' dir='ltr'><strong>Lucem</strong></span> <span class='ocrx_word' id='word_1_223' title='bbox 2657 653 2757 706; x_wconf 88' lang='lat' dir='ltr'><strong>hos</strong></span> <span class='ocrx_word' id='word_1_224' title='bbox 2807 661 2983 718; x_wconf 82' lang='lat' dir='ltr'><strong>vocat,</strong></span> <span class='ocrx_word' id='word_1_225' title='bbox 3033 661 3086 707; x_wconf 85' lang='grc' dir='ltr'><strong>ιιι</strong></span> <span class='ocrx_word' id='word_1_226' title='bbox 3149 655 3368 724; x_wconf 81' lang='lat' dir='ltr'><strong>pietatis</strong></span> <span class='ocrx_word' id='word_1_227' title='bbox 3415 657 3590 713; x_wconf 82' lang='lat' dir='ltr'><strong>lucem</strong></span> 
     </span>
    </p>
   </div>
   <div class='ocr_carea' id='block_1_36' title="bbox 2022 735 2721 799">
    <p class='ocr_par' dir='ltr' id='par_1_36' title="bbox 2022 735 2721 799">
     <span class='ocr_line' id='line_1_36' title="bbox 2022 735 2721 799; baseline 0.013 -9"><span class='ocrx_word' id='word_1_228' title='bbox 2022 735 2390 796; x_wconf 80' lang='lat' dir='ltr'><strong>diﬂ&#39;undcntes</strong></span> <span class='ocrx_word' id='word_1_229' title='bbox 2417 744 2468 794; x_wconf 93' lang='lat' dir='ltr'><strong>in</strong></span> <span class='ocrx_word' id='word_1_230' title='bbox 2498 752 2721 799; x_wconf 90' lang='lat' dir='ltr'><strong>terram.</strong></span> 
     </span>
    </p>
   </div>
   <div class='ocr_carea' id='block_1_37' title="bbox 2094 848 3593 926">
    <p class='ocr_par' dir='ltr' id='par_1_37' title="bbox 2094 848 3593 926">
     <span class='ocr_line' id='line_1_37' title="bbox 2094 848 3593 926; baseline 0.006 -25"><span class='ocrx_word' id='word_1_231' title='bbox 2094 848 2252 916; x_wconf 89' lang='lat' dir='ltr'><strong>Illud,</strong></span> <span class='ocrx_word' id='word_1_232' title='bbox 2319 850 2444 906; x_wconf 86' lang='lat' dir='ltr'><strong>Non</strong></span> <span class='ocrx_word' id='word_1_233' title='bbox 2485 863 2652 922; x_wconf 85' lang='lat' dir='ltr'><strong>potest</strong></span> <span class='ocrx_word' id='word_1_234' title='bbox 2687 855 2871 908; x_wconf 80' lang='lat' dir='ltr'><strong>ciuitas</strong></span> <span class='ocrx_word' id='word_1_235' title='bbox 2899 856 3146 910; x_wconf 78' lang='lat' dir='ltr'><strong>abscondi</strong></span> <span class='ocrx_word' id='word_1_236' title='bbox 3171 875 3332 926; x_wconf 79' lang='lat' dir='ltr'><strong>supra</strong></span> <span class='ocrx_word' id='word_1_237' title='bbox 3367 869 3593 911; x_wconf 74' lang='lat' dir='ltr'><strong>montmn</strong></span> 
     </span>
    </p>
   </div>
   <div class='ocr_carea' id='block_1_38' title="bbox 2019 942 3591 1020">
    <p class='ocr_par' dir='ltr' id='par_1_38' title="bbox 2019 942 3591 1020">
     <span class='ocr_line' id='line_1_38' title="bbox 2019 942 3591 1020; baseline 0.008 -28"><span class='ocrx_word' id='word_1_238' title='bbox 2019 942 2232 1008; x_wconf 84' lang='lat' dir='ltr'><strong>posita;</strong></span> <span class='ocrx_word' id='word_1_239' title='bbox 2281 953 2357 1009; x_wconf 87' lang='lat' dir='ltr'><strong>et,</strong></span> <span class='ocrx_word' id='word_1_240' title='bbox 2412 944 2594 1016; x_wconf 84' lang='lat' dir='ltr'><strong><em>Neque</em></strong></span> <span class='ocrx_word' id='word_1_241' title='bbox 2651 948 2940 1000; x_wconf 83' lang='lat' dir='ltr'><strong>accendunt</strong></span> <span class='ocrx_word' id='word_1_242' title='bbox 2973 949 3242 1002; x_wconf 81' lang='lat' dir='ltr'><strong>lucernam</strong></span> <span class='ocrx_word' id='word_1_243' title='bbox 3295 962 3342 1004; x_wconf 87' lang='lat' dir='ltr'><strong>et</strong></span> <span class='ocrx_word' id='word_1_244' title='bbox 3391 963 3591 1020; x_wconf 85' lang='lat' dir='ltr'><strong>ponunt</strong></span> 
     </span>
    </p>
   </div>
   <div class='ocr_carea' id='block_1_39' title="bbox 2020 1031 3588 1108">
    <p class='ocr_par' dir='ltr' id='par_1_39' title="bbox 2020 1031 3588 1108">
     <span class='ocr_line' id='line_1_39' title="bbox 2020 1031 3588 1108; baseline 0.008 -26"><span class='ocrx_word' id='word_1_245' title='bbox 2020 1045 2136 1082; x_wconf 89' lang='lat' dir='ltr'><strong>eam</strong></span> <span class='ocrx_word' id='word_1_246' title='bbox 2179 1031 2273 1085; x_wconf 94' lang='lat' dir='ltr'><strong>sub</strong></span> <span class='ocrx_word' id='word_1_247' title='bbox 2316 1035 2512 1098; x_wconf 85' lang='lat' dir='ltr'><strong>modio,</strong></span> <span class='ocrx_word' id='word_1_248' title='bbox 2548 1036 2639 1089; x_wconf 86' lang='lat' dir='ltr'><strong>sed</strong></span> <span class='ocrx_word' id='word_1_249' title='bbox 2679 1054 2834 1108; x_wconf 76' lang='lat' dir='ltr'><strong>sitper</strong></span> <span class='ocrx_word' id='word_1_250' title='bbox 2869 1037 3263 1104; x_wconf 75' lang='lat' dir='ltr'><strong>candelabrum,</strong></span> <span class='ocrx_word' id='word_1_251' title='bbox 3294 1043 3588 1094; x_wconf 79' lang='lat' dir='ltr'><strong>claritatem</strong></span> 
     </span>
    </p>
   </div>
   <div class='ocr_carea' id='block_1_40' title="bbox 2021 1123 3593 1199">
    <p class='ocr_par' dir='ltr' id='par_1_40' title="bbox 2021 1123 3593 1199">
     <span class='ocr_line' id='line_1_40' title="bbox 2021 1123 3593 1199; baseline 0.008 -27"><span class='ocrx_word' id='word_1_252' title='bbox 2021 1133 2213 1174; x_wconf 90' lang='lat' dir='ltr'><strong>eorum</strong></span> <span class='ocrx_word' id='word_1_253' title='bbox 2246 1123 2557 1193; x_wconf 77' lang='lat' dir='ltr'><strong>signiﬁcat;</strong></span> <span class='ocrx_word' id='word_1_254' title='bbox 2593 1136 2648 1181; x_wconf 87' lang='lat' dir='ltr'><strong>et</strong></span> <span class='ocrx_word' id='word_1_255' title='bbox 2687 1127 2830 1196; x_wconf 85' lang='lat' dir='ltr'><strong>quod</strong></span> <span class='ocrx_word' id='word_1_256' title='bbox 2862 1128 3204 1197; x_wconf 75' lang='lat' dir='ltr'><strong>impossibile</strong></span> <span class='ocrx_word' id='word_1_257' title='bbox 3231 1127 3303 1184; x_wconf 86' lang='lat' dir='ltr'><strong>sit</strong></span> <span class='ocrx_word' id='word_1_258' title='bbox 3329 1131 3593 1199; x_wconf 68' lang='lat' dir='ltr'><strong>prtedica-</strong></span> 
     </span>
    </p>
   </div>
   <div class='ocr_carea' id='block_1_41' title="bbox 2022 1209 2554 1282">
    <p class='ocr_par' dir='ltr' id='par_1_41' title="bbox 2022 1209 2554 1282">
     <span class='ocr_line' id='line_1_41' title="bbox 2022 1209 2554 1282; baseline 0.013 -20"><span class='ocrx_word' id='word_1_259' title='bbox 2022 1209 2268 1266; x_wconf 75' lang='lat' dir='ltr'><strong>tionibus</strong></span> <span class='ocrx_word' id='word_1_260' title='bbox 2299 1214 2554 1282; x_wconf 82' lang='lat' dir='ltr'><strong>gaudere.</strong></span> 
     </span>
    </p>
   </div>
   <div class='ocr_carea' id='block_1_42' title="bbox 2081 1297 3588 1377">
    <p class='ocr_par' dir='ltr' id='par_1_42' title="bbox 2081 1297 3588 1377">
     <span class='ocr_line' id='line_1_42' title="bbox 2081 1297 3588 1377; baseline 0.006 -25"><span class='ocrx_word' id='word_1_261' title='bbox 2081 1297 2248 1356; x_wconf 70' lang='lat' dir='ltr'><strong>Vens.</strong></span> <span class='ocrx_word' id='word_1_262' title='bbox 2279 1302 2370 1356; x_wconf 76' lang='lat' dir='ltr'><strong>i7.</strong></span> <span class='ocrx_word' id='word_1_263' title='bbox 2402 1302 2654 1360; x_wconf 83' lang='lat' dir='ltr'><strong>Mandata</strong></span> <span class='ocrx_word' id='word_1_264' title='bbox 2683 1306 2886 1362; x_wconf 86' lang='lat' dir='ltr'><strong>Christi</strong></span> <span class='ocrx_word' id='word_1_265' title='bbox 2917 1307 3051 1377; x_wconf 82' lang='lat' dir='ltr'><strong>legis</strong></span> <span class='ocrx_word' id='word_1_266' title='bbox 3073 1322 3179 1362; x_wconf 89' lang='lat' dir='ltr'><strong>non</strong></span> <span class='ocrx_word' id='word_1_267' title='bbox 3204 1316 3332 1362; x_wconf 91' lang='lat' dir='ltr'><strong>sunt</strong></span> <span class='ocrx_word' id='word_1_268' title='bbox 3364 1305 3588 1371; x_wconf 89' lang='lat' dir='ltr'><strong>ablatio,</strong></span> 
     </span>
    </p>
   </div>
   <div class='ocr_carea' id='block_1_43' title="bbox 2020 1391 3586 1466">
    <p class='ocr_par' dir='ltr' id='par_1_43' title="bbox 2020 1391 3586 1466">
     <span class='ocr_line' id='line_1_43' title="bbox 2020 1391 3586 1466; baseline 0.005 -22"><span class='ocrx_word' id='word_1_269' title='bbox 2020 1391 2116 1446; x_wconf 90' lang='lat' dir='ltr'><strong>sed</strong></span> <span class='ocrx_word' id='word_1_270' title='bbox 2152 1393 2396 1462; x_wconf 89' lang='lat' dir='ltr'><strong>impletio</strong></span> <span class='ocrx_word' id='word_1_271' title='bbox 2431 1397 2724 1466; x_wconf 82' lang='lat' dir='ltr'><strong>perfectior</strong></span> <span class='ocrx_word' id='word_1_272' title='bbox 2768 1409 2820 1454; x_wconf 92' lang='lat' dir='ltr'><strong>et</strong></span> <span class='ocrx_word' id='word_1_273' title='bbox 2852 1401 3220 1455; x_wconf 81' lang='lat' dir='ltr'><strong>conﬁrmatio.</strong></span> <span class='ocrx_word' id='word_1_274' title='bbox 3253 1398 3410 1466; x_wconf 76' lang='lat' dir='ltr'><strong>Nam,</strong></span> <span class='ocrx_word' id='word_1_275' title='bbox 3463 1398 3586 1452; x_wconf 84' lang='lat' dir='ltr'><strong>Non</strong></span> 
     </span>
    </p>
   </div>
   <div class='ocr_carea' id='block_1_44' title="bbox 2020 1485 3588 1559">
    <p class='ocr_par' dir='ltr' id='par_1_44' title="bbox 2020 1485 3588 1559">
     <span class='ocr_line' id='line_1_44' title="bbox 2020 1485 3588 1559; baseline 0.006 -23"><span class='ocrx_word' id='word_1_276' title='bbox 2020 1485 2246 1550; x_wconf 75' lang='lat' dir='ltr'><strong>occides,</strong></span> <span class='ocrx_word' id='word_1_277' title='bbox 2279 1500 2389 1540; x_wconf 88' lang='lat' dir='ltr'><strong>non</strong></span> <span class='ocrx_word' id='word_1_278' title='bbox 2445 1486 2694 1542; x_wconf 78' lang='lat' dir='ltr'><strong>aufertur</strong></span> <span class='ocrx_word' id='word_1_279' title='bbox 2738 1506 2834 1559; x_wconf 87' lang='lat' dir='ltr'><strong>per</strong></span> <span class='ocrx_word' id='word_1_280' title='bbox 2867 1491 2988 1555; x_wconf 90' lang='lat' dir='ltr'><strong>hoc,</strong></span> <span class='ocrx_word' id='word_1_281' title='bbox 3043 1490 3166 1544; x_wconf 90' lang='lat' dir='ltr'><strong>Non</strong></span> <span class='ocrx_word' id='word_1_282' title='bbox 3194 1492 3460 1554; x_wconf 86' lang='lat' dir='ltr'><strong>irasceris,</strong></span> <span class='ocrx_word' id='word_1_283' title='bbox 3493 1491 3588 1546; x_wconf 85' lang='lat' dir='ltr'><strong>sed</strong></span> 
     </span>
    </p>
   </div>
   <div class='ocr_carea' id='block_1_45' title="bbox 2018 1573 3244 1644">
    <p class='ocr_par' dir='ltr' id='par_1_45' title="bbox 2018 1573 3244 1644">
     <span class='ocr_line' id='line_1_45' title="bbox 2018 1573 3244 1644; baseline 0.005 -14"><span class='ocrx_word' id='word_1_284' title='bbox 2018 1573 2405 1644; x_wconf 79' lang='lat' dir='ltr'><strong>conﬁrmatur;</strong></span> <span class='ocrx_word' id='word_1_285' title='bbox 2439 1588 2492 1633; x_wconf 88' lang='lat' dir='ltr'><strong>et</strong></span> <span class='ocrx_word' id='word_1_286' title='bbox 2521 1580 2600 1635; x_wconf 90' lang='lat' dir='ltr'><strong>sic</strong></span> <span class='ocrx_word' id='word_1_287' title='bbox 2629 1582 2684 1634; x_wconf 88' lang='lat' dir='ltr'><strong>iu</strong></span> <span class='ocrx_word' id='word_1_288' title='bbox 2711 1583 2970 1638; x_wconf 89' lang='lat' dir='ltr'><strong>omnibus</strong></span> <span class='ocrx_word' id='word_1_289' title='bbox 3001 1585 3244 1638; x_wconf 64' lang='lat' dir='ltr'><strong>caeteris.</strong></span> 
     </span>
    </p>
   </div>
   <div class='ocr_carea' id='block_1_46' title="bbox 2093 1667 3585 1738">
    <p class='ocr_par' dir='ltr' id='par_1_46' title="bbox 2093 1667 3585 1738">
     <span class='ocr_line' id='line_1_46' title="bbox 2093 1667 3585 1738; baseline 0.003 -17"><span class='ocrx_word' id='word_1_290' title='bbox 2093 1667 2254 1722; x_wconf 74' lang='lat' dir='ltr'><strong>Vens.</strong></span> <span class='ocrx_word' id='word_1_291' title='bbox 2298 1670 2386 1725; x_wconf 77' lang='lat' dir='ltr'><strong>l9.</strong></span> <span class='ocrx_word' id='word_1_292' title='bbox 2443 1670 2702 1736; x_wconf 88' lang='lat' dir='ltr'><strong>Dicemlo,</strong></span> <span class='ocrx_word' id='word_1_293' title='bbox 2738 1672 2844 1738; x_wconf 84' lang='lat' dir='ltr'><strong>Qui</strong></span> <span class='ocrx_word' id='word_1_294' title='bbox 2872 1673 3086 1728; x_wconf 85' lang='lat' dir='ltr'><strong>solverit</strong></span> <span class='ocrx_word' id='word_1_295' title='bbox 3127 1692 3288 1729; x_wconf 88' lang='lat' dir='ltr'><strong>unum</strong></span> <span class='ocrx_word' id='word_1_296' title='bbox 3329 1671 3394 1728; x_wconf 84' lang='lat' dir='ltr'><strong>de</strong></span> <span class='ocrx_word' id='word_1_297' title='bbox 3430 1690 3585 1726; x_wconf 88' lang='lat' dir='ltr'><strong>man-</strong></span> 
     </span>
    </p>
   </div>
   <div class='ocr_carea' id='block_1_47' title="bbox 2017 1756 3583 1834">
    <p class='ocr_par' dir='ltr' id='par_1_47' title="bbox 2017 1756 3583 1834">
     <span class='ocr_line' id='line_1_47' title="bbox 2017 1756 3583 1834; baseline 0.004 -25"><span class='ocrx_word' id='word_1_298' title='bbox 2017 1756 2159 1811; x_wconf 87' lang='lat' dir='ltr'><strong>datis</strong></span> <span class='ocrx_word' id='word_1_299' title='bbox 2209 1760 2346 1824; x_wconf 85' lang='lat' dir='ltr'><strong>istis,</strong></span> <span class='ocrx_word' id='word_1_300' title='bbox 2407 1777 2512 1815; x_wconf 90' lang='lat' dir='ltr'><strong>non</strong></span> <span class='ocrx_word' id='word_1_301' title='bbox 2559 1761 2627 1816; x_wconf 89' lang='lat' dir='ltr'><strong>de</strong></span> <span class='ocrx_word' id='word_1_302' title='bbox 2663 1764 2941 1817; x_wconf 83' lang='lat' dir='ltr'><strong>veteribus</strong></span> <span class='ocrx_word' id='word_1_303' title='bbox 2993 1765 3266 1818; x_wconf 86' lang='lat' dir='ltr'><strong>mandatis</strong></span> <span class='ocrx_word' id='word_1_304' title='bbox 3319 1764 3583 1834; x_wconf 83' lang='lat' dir='ltr'><strong>loquitur,</strong></span> 
     </span>
    </p>
   </div>
   <div class='ocr_carea' id='block_1_48' title="bbox 2017 1850 3586 1920">
    <p class='ocr_par' dir='ltr' id='par_1_48' title="bbox 2017 1850 3586 1920">
     <span class='ocr_line' id='line_1_48' title="bbox 2017 1850 3586 1920; baseline 0.001 -16"><span class='ocrx_word' id='word_1_305' title='bbox 2017 1850 2110 1904; x_wconf 87' lang='lat' dir='ltr'><strong>sed</strong></span> <span class='ocrx_word' id='word_1_306' title='bbox 2144 1852 2211 1905; x_wconf 89' lang='lat' dir='ltr'><strong>de</strong></span> <span class='ocrx_word' id='word_1_307' title='bbox 2263 1853 2449 1920; x_wconf 72' lang='lat' dir='ltr'><strong>gratia:</strong></span> <span class='ocrx_word' id='word_1_308' title='bbox 2482 1854 2777 1909; x_wconf 83' lang='lat' dir='ltr'><strong>mandatis.</strong></span> <span class='ocrx_word' id='word_1_309' title='bbox 2819 1854 2932 1910; x_wconf 89' lang='lat' dir='ltr'><strong>Cur</strong></span> <span class='ocrx_word' id='word_1_310' title='bbox 2967 1865 3126 1910; x_wconf 91' lang='lat' dir='ltr'><strong>vocat</strong></span> <span class='ocrx_word' id='word_1_311' title='bbox 3170 1856 3393 1910; x_wconf 90' lang='lat' dir='ltr'><strong>minima</strong></span> <span class='ocrx_word' id='word_1_312' title='bbox 3429 1869 3586 1908; x_wconf 88' lang='lat' dir='ltr'><strong>man-</strong></span> 
     </span>
    </p>
   </div>
   <div class='ocr_carea' id='block_1_49' title="bbox 2012 1940 3584 2016">
    <p class='ocr_par' dir='ltr' id='par_1_49' title="bbox 2012 1940 3584 2016">
     <span class='ocr_line' id='line_1_49' title="bbox 2012 1940 3584 2016; baseline 0.004 -22"><span class='ocrx_word' id='word_1_313' title='bbox 2012 1940 2139 1994; x_wconf 87' lang='lat' dir='ltr'><strong>data</strong></span> <span class='ocrx_word' id='word_1_314' title='bbox 2167 1942 2295 2006; x_wconf 88' lang='lat' dir='ltr'><strong>ista,</strong></span> <span class='ocrx_word' id='word_1_315' title='bbox 2328 1942 2458 1997; x_wconf 88' lang='lat' dir='ltr'><strong>licet</strong></span> <span class='ocrx_word' id='word_1_316' title='bbox 2483 1959 2678 2014; x_wconf 78' lang='lat' dir='ltr'><strong>magna</strong></span> <span class='ocrx_word' id='word_1_317' title='bbox 2711 1944 2860 2001; x_wconf 82' lang='lat' dir='ltr'><strong>sint?</strong></span> <span class='ocrx_word' id='word_1_318' title='bbox 2884 1944 3096 2001; x_wconf 87' lang='lat' dir='ltr'><strong>Docens</strong></span> <span class='ocrx_word' id='word_1_319' title='bbox 3127 1961 3228 2000; x_wconf 92' lang='lat' dir='ltr'><strong>nos</strong></span> <span class='ocrx_word' id='word_1_320' title='bbox 3250 1961 3336 2013; x_wconf 89' lang='lat' dir='ltr'><strong>ne,</strong></span> <span class='ocrx_word' id='word_1_321' title='bbox 3363 1945 3584 2016; x_wconf 86' lang='lat' dir='ltr'><strong>quando</strong></span> 
     </span>
    </p>
   </div>
   <div class='ocr_carea' id='block_1_50' title="bbox 2010 2035 3287 2104">
    <p class='ocr_par' dir='ltr' id='par_1_50' title="bbox 2010 2035 3287 2104">
     <span class='ocr_line' id='line_1_50' title="bbox 2010 2035 3287 2104; baseline 0.005 -15"><span class='ocrx_word' id='word_1_322' title='bbox 2010 2035 2295 2104; x_wconf 81' lang='lat' dir='ltr'><strong>docemus,</strong></span> <span class='ocrx_word' id='word_1_323' title='bbox 2324 2038 2654 2095; x_wconf 79' lang='lat' dir='ltr'><strong>extollamus</strong></span> <span class='ocrx_word' id='word_1_324' title='bbox 2683 2050 2931 2095; x_wconf 81' lang='lat' dir='ltr'><strong>nostram</strong></span> <span class='ocrx_word' id='word_1_325' title='bbox 2957 2039 3287 2096; x_wconf 88' lang='lat' dir='ltr'><strong>doctrinam.</strong></span> 
     </span>
    </p>
   </div>
   <div class='ocr_carea' id='block_1_51' title="bbox 2081 2221 3580 2294">
    <p class='ocr_par' dir='ltr' id='par_1_51' title="bbox 2081 2221 3580 2294">
     <span class='ocr_line' id='line_1_51' title="bbox 2081 2221 3580 2294; baseline 0.001 -20"><span class='ocrx_word' id='word_1_326' title='bbox 2081 2221 2298 2290; x_wconf 88' lang='lat' dir='ltr'><strong>Dicens,</strong></span> <span class='ocrx_word' id='word_1_327' title='bbox 2329 2223 2474 2293; x_wconf 91' lang='lat' dir='ltr'><strong>quod</strong></span> <span class='ocrx_word' id='word_1_328' title='bbox 2487 2222 2741 2278; x_wconf 72' lang='lat' dir='ltr'><strong>Minimus</strong></span> <span class='ocrx_word' id='word_1_329' title='bbox 2764 2225 3033 2279; x_wconf 83' lang='lat' dir='ltr'><strong>vocabitur</strong></span> <span class='ocrx_word' id='word_1_330' title='bbox 3052 2225 3107 2279; x_wconf 87' lang='lat' dir='ltr'><strong>in</strong></span> <span class='ocrx_word' id='word_1_331' title='bbox 3131 2241 3283 2294; x_wconf 89' lang='lat' dir='ltr'><strong>regno</strong></span> <span class='ocrx_word' id='word_1_332' title='bbox 3309 2228 3580 2292; x_wconf 67' lang='lat' dir='ltr'><strong>calorum,</strong></span> 
     </span>
    </p>
   </div>
   <div class='ocr_carea' id='block_1_52' title="bbox 2011 2312 3575 2386">
    <p class='ocr_par' dir='ltr' id='par_1_52' title="bbox 2011 2312 3575 2386">
     <span class='ocr_line' id='line_1_52' title="bbox 2011 2312 3575 2386; baseline 0.001 -18"><span class='ocrx_word' id='word_1_333' title='bbox 2011 2312 2342 2382; x_wconf 77' lang='lat' dir='ltr'><strong>signiﬁcavit</strong></span> <span class='ocrx_word' id='word_1_334' title='bbox 2371 2315 2426 2368; x_wconf 92' lang='lat' dir='ltr'><strong>in</strong></span> <span class='ocrx_word' id='word_1_335' title='bbox 2461 2315 2767 2386; x_wconf 83' lang='lat' dir='ltr'><strong>gehennam</strong></span> <span class='ocrx_word' id='word_1_336' title='bbox 2789 2325 2843 2370; x_wconf 90' lang='lat' dir='ltr'><strong>et</strong></span> <span class='ocrx_word' id='word_1_337' title='bbox 2873 2324 3131 2370; x_wconf 66' lang='lat' dir='ltr'><strong>aeternam</strong></span> <span class='ocrx_word' id='word_1_338' title='bbox 3165 2315 3575 2370; x_wconf 83' lang='lat' dir='ltr'><strong>damnationem</strong></span> 
     </span>
    </p>
   </div>
   <div class='ocr_carea' id='block_1_53' title="bbox 2010 2402 3438 2473">
    <p class='ocr_par' dir='ltr' id='par_1_53' title="bbox 2010 2402 3438 2473">
     <span class='ocr_line' id='line_1_53' title="bbox 2010 2402 3438 2473; baseline 0.002 -17"><span class='ocrx_word' id='word_1_339' title='bbox 2010 2402 2468 2473; x_wconf 58' lang='lat' dir='ltr'><strong>praecipitandum</strong></span> <span class='ocrx_word' id='word_1_340' title='bbox 2504 2403 2643 2470; x_wconf 78' lang='lat' dir='ltr'><strong>fore,</strong></span> <span class='ocrx_word' id='word_1_341' title='bbox 2674 2404 2793 2460; x_wconf 90' lang='lat' dir='ltr'><strong>sine</strong></span> <span class='ocrx_word' id='word_1_342' title='bbox 2817 2405 2984 2460; x_wconf 93' lang='lat' dir='ltr'><strong>dubio</strong></span> <span class='ocrx_word' id='word_1_343' title='bbox 3022 2405 3164 2460; x_wconf 89' lang='lat' dir='ltr'><strong>istud</strong></span> <span class='ocrx_word' id='word_1_344' title='bbox 3197 2405 3438 2460; x_wconf 86' lang='lat' dir='ltr'><strong>locutus.</strong></span> 
     </span>
    </p>
   </div>
   <div class='ocr_carea' id='block_1_54' title="bbox 2084 2584 3581 2657">
    <p class='ocr_par' dir='ltr' id='par_1_54' title="bbox 2084 2584 3581 2657">
     <span class='ocr_line' id='line_1_54' title="bbox 2084 2584 3581 2657; baseline 0.001 -17"><span class='ocrx_word' id='word_1_345' title='bbox 2084 2584 2254 2642; x_wconf 70' lang='lat' dir='ltr'><strong>Vsus.</strong></span> <span class='ocrx_word' id='word_1_346' title='bbox 2289 2586 2380 2642; x_wconf 76' lang='lat'><strong>‘20.</strong></span> <span class='ocrx_word' id='word_1_347' title='bbox 2431 2585 2572 2654; x_wconf 85' lang='lat' dir='ltr'><strong>Quid</strong></span> <span class='ocrx_word' id='word_1_348' title='bbox 2625 2586 2778 2652; x_wconf 88' lang='lat' dir='ltr'><strong>dicit,</strong></span> <span class='ocrx_word' id='word_1_349' title='bbox 2818 2586 2946 2642; x_wconf 85' lang='lat' dir='ltr'><strong>Nisi</strong></span> <span class='ocrx_word' id='word_1_350' title='bbox 2981 2586 3325 2642; x_wconf 75' lang='lat' dir='ltr'><strong>abundaverit</strong></span> <span class='ocrx_word' id='word_1_351' title='bbox 3363 2587 3581 2657; x_wconf 86' lang='lat' dir='ltr'><strong>justitia</strong></span> 
     </span>
    </p>
   </div>
   <div class='ocr_carea' id='block_1_55' title="bbox 2009 2679 3577 2750">
    <p class='ocr_par' dir='ltr' id='par_1_55' title="bbox 2009 2679 3577 2750">
     <span class='ocr_line' id='line_1_55' title="bbox 2009 2679 3577 2750; baseline 0.003 -18"><span class='ocrx_word' id='word_1_352' title='bbox 2009 2687 2178 2733; x_wconf 76' lang='lat' dir='ltr'><strong>vestra</strong></span> <span class='ocrx_word' id='word_1_353' title='bbox 2231 2679 2349 2747; x_wconf 85' lang='lat' dir='ltr'><strong>plus</strong></span> <span class='ocrx_word' id='word_1_354' title='bbox 2388 2697 2546 2750; x_wconf 87' lang='lat' dir='ltr'><strong>quam</strong></span> <span class='ocrx_word' id='word_1_355' title='bbox 2591 2679 2902 2735; x_wconf 85' lang='lat' dir='ltr'><strong>Scribarum</strong></span> <span class='ocrx_word' id='word_1_356' title='bbox 2933 2690 2982 2734; x_wconf 88' lang='lat' dir='ltr'><strong>et</strong></span> <span class='ocrx_word' id='word_1_357' title='bbox 3039 2680 3470 2736; x_wconf 60' lang='lat' dir='ltr'><strong>Pharisaeorum?</strong></span> <span class='ocrx_word' id='word_1_358' title='bbox 3522 2682 3577 2736; x_wconf 87' lang='lat' dir='ltr'><strong>Id</strong></span> 
     </span>
    </p>
   </div>
   <div class='ocr_carea' id='block_1_56' title="bbox 2007 2767 3580 2842">
    <p class='ocr_par' dir='ltr' id='par_1_56' title="bbox 2007 2767 3580 2842">
     <span class='ocr_line' id='line_1_56' title="bbox 2007 2767 3580 2842; baseline 0.001 -19"><span class='ocrx_word' id='word_1_359' title='bbox 2007 2780 2113 2834; x_wconf 87' lang='lat' dir='ltr'><strong>est,</strong></span> <span class='ocrx_word' id='word_1_360' title='bbox 2143 2767 2259 2824; x_wconf 86' lang='lat' dir='ltr'><strong>Nisi</strong></span> <span class='ocrx_word' id='word_1_361' title='bbox 2297 2769 2533 2840; x_wconf 87' lang='lat' dir='ltr'><strong>amplius</strong></span> <span class='ocrx_word' id='word_1_362' title='bbox 2557 2785 2724 2840; x_wconf 81' lang='lat' dir='ltr'><strong>quant</strong></span> <span class='ocrx_word' id='word_1_363' title='bbox 2759 2770 3004 2825; x_wconf 88' lang='lat' dir='ltr'><strong>decimas</strong></span> <span class='ocrx_word' id='word_1_364' title='bbox 3033 2769 3404 2840; x_wconf 88' lang='lat' dir='ltr'><strong>indigentibus</strong></span> <span class='ocrx_word' id='word_1_365' title='bbox 3439 2788 3580 2842; x_wconf 77' lang='lat' dir='ltr'><strong>pra:-</strong></span> 
     </span>
    </p>
   </div>
   <div class='ocr_carea' id='block_1_57' title="bbox 2007 2857 2256 2914">
    <p class='ocr_par' dir='ltr' id='par_1_57' title="bbox 2007 2857 2256 2914">
     <span class='ocr_line' id='line_1_57' title="bbox 2007 2857 2256 2914; baseline 0 0"><span class='ocrx_word' id='word_1_366' title='bbox 2007 2857 2256 2914; x_wconf 86' lang='lat' dir='ltr'><strong>bueritis.</strong></span> 
     </span>
    </p>
   </div>
   <div class='ocr_carea' id='block_1_58' title="bbox 2079 2966 3577 3038">
    <p class='ocr_par' dir='ltr' id='par_1_58' title="bbox 2079 2966 3577 3038">
     <span class='ocr_line' id='line_1_58' title="bbox 2079 2966 3577 3038; baseline 0.002 -19"><span class='ocrx_word' id='word_1_367' title='bbox 2079 2966 2267 3032; x_wconf 84' lang='lat' dir='ltr'><strong>Qualis</strong></span> <span class='ocrx_word' id='word_1_368' title='bbox 2300 2978 2384 3022; x_wconf 86' lang='lat' dir='ltr'><strong>est</strong></span> <span class='ocrx_word' id='word_1_369' title='bbox 2413 2968 2514 3023; x_wconf 89' lang='lat' dir='ltr'><strong>ista</strong></span> <span class='ocrx_word' id='word_1_370' title='bbox 2541 2966 2915 3033; x_wconf 87' lang='lat' dir='ltr'><strong>abundantia,</strong></span> <span class='ocrx_word' id='word_1_371' title='bbox 2952 2981 3063 3035; x_wconf 87' lang='lat' dir='ltr'><strong>qua</strong></span> <span class='ocrx_word' id='word_1_372' title='bbox 3098 2976 3312 3036; x_wconf 82' lang='lat' dir='ltr'><strong>Oportet</strong></span> <span class='ocrx_word' id='word_1_373' title='bbox 3353 2978 3577 3038; x_wconf 82' lang='lat' dir='ltr'><strong>aposto-</strong></span> 
     </span>
    </p>
   </div>
   <div class='ocr_carea' id='block_1_59' title="bbox 2009 3055 3579 3137">
    <p class='ocr_par' dir='ltr' id='par_1_59' title="bbox 2009 3055 3579 3137">
     <span class='ocr_line' id='line_1_59' title="bbox 2009 3055 3579 3137; baseline 0 -25"><span class='ocrx_word' id='word_1_374' title='bbox 2009 3057 2093 3114; x_wconf 90' lang='lat' dir='ltr'><strong>los</strong></span> <span class='ocrx_word' id='word_1_375' title='bbox 2125 3073 2289 3128; x_wconf 84' lang='lat' dir='ltr'><strong>supra</strong></span> <span class='ocrx_word' id='word_1_376' title='bbox 2319 3058 2628 3137; x_wconf 67' lang='lat' dir='ltr'><strong>Phariszeos</strong></span> <span class='ocrx_word' id='word_1_377' title='bbox 2659 3055 2980 3112; x_wconf 87' lang='lat' dir='ltr'><strong>abundare?</strong></span> <span class='ocrx_word' id='word_1_378' title='bbox 3014 3056 3108 3114; x_wconf 85' lang='lat' dir='ltr'><strong>llis</strong></span> <span class='ocrx_word' id='word_1_379' title='bbox 3145 3057 3316 3125; x_wconf 76' lang='lat' dir='ltr'><strong>legem</strong></span> <span class='ocrx_word' id='word_1_380' title='bbox 3355 3073 3579 3112; x_wconf 81' lang='lat' dir='ltr'><strong>servan-</strong></span> 
     </span>
    </p>
   </div>
   <div class='ocr_carea' id='block_1_60' title="bbox 332 3139 1906 3240">
    <p class='ocr_par' dir='ltr' id='par_1_60' title="bbox 332 3139 1898 3240">
     <span class='ocr_line' id='line_1_60' title="bbox 332 3139 1898 3240; baseline 0.001 -23"><span class='ocrx_word' id='word_1_381' title='bbox 332 3139 713 3238; x_wconf 78' lang='grc' dir='ltr'>φυλαττόντων</span> <span class='ocrx_word' id='word_1_382' title='bbox 747 3168 842 3222; x_wconf 76' lang='grc' dir='ltr'>τοῦ</span> <span class='ocrx_word' id='word_1_383' title='bbox 881 3169 955 3240; x_wconf 83' lang='grc' dir='ltr'>μὴ</span> <span class='ocrx_word' id='word_1_384' title='bbox 985 3139 1468 3240; x_wconf 36' lang='grc' dir='ltr'>μοιχεῦσαιξοῦτοι</span> <span class='ocrx_word' id='word_1_385' title='bbox 1515 3166 1601 3218; x_wconf 77' lang='grc' dir='ltr'>ἵνα</span> <span class='ocrx_word' id='word_1_386' title='bbox 1639 3165 1773 3236; x_wconf 83' lang='grc' dir='ltr'>μηδὲ</span> <span class='ocrx_word' id='word_1_387' title='bbox 1805 3139 1898 3236; x_wconf 74' lang='grc' dir='ltr'>ἐμι</span> 
     </span>
    </p>
   </div>
   <div class='ocr_carea' id='block_1_61' title="bbox 2008 3139 3578 3240">
    <p class='ocr_par' dir='ltr' id='par_1_61' title="bbox 2013 3139 3578 3230">
     <span class='ocr_line' id='line_1_61' title="bbox 2013 3139 3578 3230; baseline 0.001 -28"><span class='ocrx_word' id='word_1_388' title='bbox 2013 3150 2158 3206; x_wconf 88' lang='lat' dir='ltr'><strong>tihus</strong></span> <span class='ocrx_word' id='word_1_389' title='bbox 2189 3167 2294 3204; x_wconf 90' lang='lat' dir='ltr'><strong>non</strong></span> <span class='ocrx_word' id='word_1_390' title='bbox 2325 3139 2588 3230; x_wconf 82' lang='lat' dir='ltr'><strong>fornicari</strong></span> <span class='ocrx_word' id='word_1_391' title='bbox 2614 3150 3020 3220; x_wconf 84' lang='lat' dir='ltr'><strong>prohibentem,</strong></span> <span class='ocrx_word' id='word_1_392' title='bbox 3055 3148 3132 3202; x_wconf 82' lang='lat' dir='ltr'><strong>illi</strong></span> <span class='ocrx_word' id='word_1_393' title='bbox 3165 3165 3231 3203; x_wconf 89' lang='lat' dir='ltr'><strong>ne</strong></span> <span class='ocrx_word' id='word_1_394' title='bbox 3263 3150 3578 3204; x_wconf 85' lang='lat' dir='ltr'><strong>intueantur</strong></span> 
     </span>
    </p>
   </div>
   <div class='ocr_carea' id='block_1_62' title="bbox 332 3257 1902 3331">
    <p class='ocr_par' dir='ltr' id='par_1_62' title="bbox 332 3257 1902 3331">
     <span class='ocr_line' id='line_1_62' title="bbox 332 3257 1902 3331; baseline 0 -19"><span class='ocrx_word' id='word_1_395' title='bbox 332 3259 569 3329; x_wconf 71' lang='grc' dir='ltr'>ὅλὲψωσι</span> <span class='ocrx_word' id='word_1_396' title='bbox 616 3259 753 3331; x_wconf 78' lang='grc' dir='ltr'>πρὸς</span> <span class='ocrx_word' id='word_1_397' title='bbox 792 3260 1088 3330; x_wconf 75' lang='grc' dir='ltr'><strong>ἐπιθυμίαν</strong></span> <span class='ocrx_word' id='word_1_398' title='bbox 1111 3278 1126 3292; x_wconf 78' lang='grc' dir='ltr'><strong>ο</strong></span> <span class='ocrx_word' id='word_1_399' title='bbox 1161 3259 1385 3313; x_wconf 81' lang='grc' dir='ltr'><strong>ἐκείνων</strong></span> <span class='ocrx_word' id='word_1_400' title='bbox 1433 3258 1506 3329; x_wconf 85' lang='grc' dir='ltr'>μὴ</span> <span class='ocrx_word' id='word_1_401' title='bbox 1547 3257 1902 3326; x_wconf 84' lang='grc' dir='ltr'><strong>φονευόντων,</strong></span> 
     </span>
    </p>
   </div>
   <div class='ocr_carea' id='block_1_63' title="bbox 331 3346 1604 3425">
    <p class='ocr_par' dir='ltr' id='par_1_63' title="bbox 331 3346 1604 3425">
     <span class='ocr_line' id='line_1_63' title="bbox 331 3346 1604 3425; baseline -0.001 -19"><span class='ocrx_word' id='word_1_402' title='bbox 331 3346 478 3407; x_wconf 63' lang='grc' dir='ltr'>οὖτοι</span> <span class='ocrx_word' id='word_1_403' title='bbox 507 3353 596 3407; x_wconf 81' lang='grc' dir='ltr'>ἵνα</span> <span class='ocrx_word' id='word_1_404' title='bbox 636 3352 713 3424; x_wconf 79' lang='grc' dir='ltr'>μὴ</span> <span class='ocrx_word' id='word_1_405' title='bbox 741 3352 1068 3425; x_wconf 88' lang='grc' dir='ltr'>ὀργισθῶσι,</span> <span class='ocrx_word' id='word_1_406' title='bbox 1117 3352 1209 3405; x_wconf 80' lang='grc' dir='ltr'>καὶ</span> <span class='ocrx_word' id='word_1_407' title='bbox 1234 3350 1399 3405; x_wconf 83' lang='grc' dir='ltr'>τᾶλλα</span> <span class='ocrx_word' id='word_1_408' title='bbox 1425 3351 1604 3421; x_wconf 85' lang='grc' dir='ltr'>ὃμοια.</span> 
     </span>
    </p>
   </div>
   <div class='ocr_carea' id='block_1_64' title="bbox 401 3457 1903 3533">
    <p class='ocr_par' dir='ltr' id='par_1_64' title="bbox 401 3457 1903 3533">
     <span class='ocr_line' id='line_1_64' title="bbox 401 3457 1903 3533; baseline -0.002 -18"><span class='ocrx_word' id='word_1_409' title='bbox 401 3460 524 3533; x_wconf 74' lang='grc' dir='ltr'>Χρὴ</span> <span class='ocrx_word' id='word_1_410' title='bbox 557 3461 762 3516; x_wconf 76' lang='grc' dir='ltr'>εἰδέναι</span> <span class='ocrx_word' id='word_1_411' title='bbox 795 3462 877 3516; x_wconf 81' lang='grc' dir='ltr'>ὅτι</span> <span class='ocrx_word' id='word_1_412' title='bbox 911 3459 1191 3531; x_wconf 88' lang='grc' dir='ltr'>βασιλείαν</span> <span class='ocrx_word' id='word_1_413' title='bbox 1246 3458 1490 3530; x_wconf 83' lang='grc' dir='ltr'>οὐρανῶν</span> <span class='ocrx_word' id='word_1_414' title='bbox 1533 3459 1592 3512; x_wconf 78' lang='grc' dir='ltr'>οὗ</span> <span class='ocrx_word' id='word_1_415' title='bbox 1638 3457 1736 3531; x_wconf 82' lang='grc' dir='ltr'><strong>τὴν</strong></span> <span class='ocrx_word' id='word_1_416' title='bbox 1765 3457 1903 3513; x_wconf 81' lang='grc' dir='ltr'><strong>ἀπό·</strong></span> 
     </span>
    </p>
   </div>
   <div class='ocr_carea' id='block_1_65' title="bbox 333 3550 1906 3625">
    <p class='ocr_par' dir='ltr' id='par_1_65' title="bbox 333 3550 1906 3625">
     <span class='ocr_line' id='line_1_65' title="bbox 333 3550 1906 3625; baseline 0.001 -20"><span class='ocrx_word' id='word_1_417' title='bbox 333 3553 527 3606; x_wconf 88' lang='grc' dir='ltr'>λαυσιν</span> <span class='ocrx_word' id='word_1_418' title='bbox 549 3553 698 3622; x_wconf 80' lang='grc' dir='ltr'>λέγει</span> <span class='ocrx_word' id='word_1_419' title='bbox 717 3553 901 3625; x_wconf 86' lang='grc' dir='ltr'>μόνον,</span> <span class='ocrx_word' id='word_1_420' title='bbox 930 3551 1065 3607; x_wconf 82' lang='grc' dir='ltr'>ἀλλὰ</span> <span class='ocrx_word' id='word_1_421' title='bbox 1090 3552 1184 3607; x_wconf 80' lang='grc' dir='ltr'>καὶ</span> <span class='ocrx_word' id='word_1_422' title='bbox 1209 3552 1301 3605; x_wconf 75' lang='grc' dir='ltr'>τὸν</span> <span class='ocrx_word' id='word_1_423' title='bbox 1327 3553 1518 3623; x_wconf 78' lang='grc' dir='ltr'>καιρὸν</span> <span class='ocrx_word' id='word_1_424' title='bbox 1548 3554 1647 3621; x_wconf 75' lang='grc' dir='ltr'><strong>τῆς</strong></span> <span class='ocrx_word' id='word_1_425' title='bbox 1672 3550 1906 3606; x_wconf 81' lang='grc' dir='ltr'>ἀναστά-</span> 
     </span>
    </p>
   </div>
   <div class='ocr_carea' id='block_1_66' title="bbox 335 3641 1902 3716">
    <p class='ocr_par' dir='ltr' id='par_1_66' title="bbox 335 3641 1902 3716">
     <span class='ocr_line' id='line_1_66' title="bbox 335 3641 1902 3716; baseline -0.001 -22"><span class='ocrx_word' id='word_1_426' title='bbox 335 3660 388 3695; x_wconf 85' lang='grc' dir='ltr'><strong>σε</strong></span> <span class='ocrx_word' id='word_1_427' title='bbox 403 3661 495 3710; x_wconf 88' lang='grc' dir='ltr'><strong>ως,</strong></span> <span class='ocrx_word' id='word_1_428' title='bbox 527 3643 620 3697; x_wconf 78' lang='grc' dir='ltr'><strong>καὶ</strong></span> <span class='ocrx_word' id='word_1_429' title='bbox 639 3642 738 3715; x_wconf 82' lang='grc' dir='ltr'>τὴν</span> <span class='ocrx_word' id='word_1_430' title='bbox 760 3643 1068 3716; x_wconf 85' lang='grc' dir='ltr'>παρουσίαν</span> <span class='ocrx_word' id='word_1_431' title='bbox 1091 3643 1308 3713; x_wconf 84' lang='grc' dir='ltr'>ἐκείνην</span> <span class='ocrx_word' id='word_1_432' title='bbox 1329 3643 1427 3712; x_wconf 84' lang='grc' dir='ltr'><strong>τὴν</strong></span> <span class='ocrx_word' id='word_1_433' title='bbox 1451 3641 1689 3713; x_wconf 72' lang='grc' dir='ltr'>φοϐεράν</span> <span class='ocrx_word' id='word_1_434' title='bbox 1708 3657 1722 3670; x_wconf 90' lang='grc'><strong>·</strong></span> <span class='ocrx_word' id='word_1_435' title='bbox 1754 3641 1902 3714; x_wconf 68' lang='grc' dir='ltr'>ἐστιν</span> 
     </span>
    </p>
   </div>
   <div class='ocr_carea' id='block_1_67' title="bbox 329 3735 1902 3808">
    <p class='ocr_par' dir='ltr' id='par_1_67' title="bbox 329 3735 1902 3808">
     <span class='ocr_line' id='line_1_67' title="bbox 329 3735 1902 3808; baseline 0.001 -19"><span class='ocrx_word' id='word_1_436' title='bbox 329 3736 420 3790; x_wconf 84' lang='grc' dir='ltr'>ὅτε</span> <span class='ocrx_word' id='word_1_437' title='bbox 451 3737 546 3790; x_wconf 66' lang='grc' dir='ltr'><strong>καὶ</strong></span> <span class='ocrx_word' id='word_1_438' title='bbox 581 3735 876 3808; x_wconf 75' lang='grc' dir='ltr'>ἐπιδημίαν</span> <span class='ocrx_word' id='word_1_439' title='bbox 907 3736 1076 3791; x_wconf 78' lang='grc' dir='ltr'>αὐτοῦ</span> <span class='ocrx_word' id='word_1_440' title='bbox 1108 3753 1122 3766; x_wconf 89' lang='grc'><strong>·</strong></span> <span class='ocrx_word' id='word_1_441' title='bbox 1165 3735 1300 3808; x_wconf 79' lang='grc' dir='ltr'>πρὸς</span> <span class='ocrx_word' id='word_1_442' title='bbox 1332 3735 1422 3789; x_wconf 77' lang='grc' dir='ltr'>οὖν</span> <span class='ocrx_word' id='word_1_443' title='bbox 1459 3735 1552 3789; x_wconf 80' lang='grc' dir='ltr'>τοῦ</span> <span class='ocrx_word' id='word_1_444' title='bbox 1578 3735 1778 3808; x_wconf 86' lang='grc' dir='ltr'>χωρίου</span> <span class='ocrx_word' id='word_1_445' title='bbox 1812 3735 1902 3790; x_wconf 81' lang='grc' dir='ltr'><strong>τὸν</strong></span> 
     </span>
    </p>
   </div>
   <div class='ocr_carea' id='block_1_68' title="bbox 330 3826 927 3898">
    <p class='ocr_par' dir='ltr' id='par_1_68' title="bbox 330 3826 927 3898">
     <span class='ocr_line' id='line_1_68' title="bbox 330 3826 927 3898; baseline 0.003 -19"><span class='ocrx_word' id='word_1_446' title='bbox 330 3826 476 3890; x_wconf 83' lang='grc' dir='ltr'>νοῦν,</span> <span class='ocrx_word' id='word_1_447' title='bbox 509 3826 618 3879; x_wconf 84' lang='grc' dir='ltr'>νόει</span> <span class='ocrx_word' id='word_1_448' title='bbox 650 3827 712 3880; x_wconf 84' lang='grc' dir='ltr'><strong>τὸ</strong></span> <span class='ocrx_word' id='word_1_449' title='bbox 737 3826 927 3898; x_wconf 78' lang='grc' dir='ltr'>ὄνομα.</span> 
     </span>
    </p>
   </div>
   <div class='ocr_carea' id='block_1_69' title="bbox 414 3918 1901 3991">
    <p class='ocr_par' dir='ltr' id='par_1_69' title="bbox 414 3918 1901 3991">
     <span class='ocr_line' id='line_1_69' title="bbox 414 3918 1901 3991; baseline 0.001 -18"><span class='ocrx_word' id='word_1_450' title='bbox 414 3919 478 3973; x_wconf 87' lang='lat'><strong>&#39;0</strong></span> <span class='ocrx_word' id='word_1_451' title='bbox 501 3918 694 3989; x_wconf 57' lang='grc' dir='ltr'>λέγων</span> <span class='ocrx_word' id='word_1_452' title='bbox 716 3919 824 3974; x_wconf 83' lang='grc' dir='ltr'><strong>τὸν</strong></span> <span class='ocrx_word' id='word_1_453' title='bbox 840 3919 1110 3990; x_wconf 70' lang='grc' dir='ltr'><strong>ἀδελφὸν</strong></span> <span class='ocrx_word' id='word_1_454' title='bbox 1133 3918 1321 3974; x_wconf 75' lang='grc' dir='ltr'>αὐτοῦ</span> <span class='ocrx_word' id='word_1_455' title='bbox 1337 3918 1515 3987; x_wconf 73' lang='grc' dir='ltr'>ρακὰ.</span> <span class='ocrx_word' id='word_1_456' title='bbox 1551 3919 1623 3972; x_wconf 81' lang='grc' dir='ltr'><strong>Οὐ</strong></span> <span class='ocrx_word' id='word_1_457' title='bbox 1659 3921 1901 3991; x_wconf 78' lang='grc' dir='ltr'>μεγάλης</span> 
     </span>
    </p>
   </div>
   <div class='ocr_carea' id='block_1_70' title="bbox 331 4009 1900 4082">
    <p class='ocr_par' dir='ltr' id='par_1_70' title="bbox 331 4009 1900 4082">
     <span class='ocr_line' id='line_1_70' title="bbox 331 4009 1900 4082; baseline -0.001 -19"><span class='ocrx_word' id='word_1_458' title='bbox 331 4010 481 4065; x_wconf 70' lang='grc' dir='ltr'>ἐστὶν</span> <span class='ocrx_word' id='word_1_459' title='bbox 526 4009 736 4080; x_wconf 80' lang='grc' dir='ltr'>ὓὸρεως</span> <span class='ocrx_word' id='word_1_460' title='bbox 777 4010 839 4064; x_wconf 79' lang='grc' dir='ltr'>τὸ</span> <span class='ocrx_word' id='word_1_461' title='bbox 875 4011 1048 4082; x_wconf 78' lang='grc' dir='ltr'>ῥῆμα,</span> <span class='ocrx_word' id='word_1_462' title='bbox 1093 4009 1228 4064; x_wconf 80' lang='grc' dir='ltr'>ἀλλὰ</span> <span class='ocrx_word' id='word_1_463' title='bbox 1281 4011 1770 4080; x_wconf 75' lang='grc' dir='ltr'>καταφρονήσεως·</span> <span class='ocrx_word' id='word_1_464' title='bbox 1803 4027 1900 4080; x_wconf 86' lang='grc' dir='ltr'>ση-</span> 
     </span>
    </p>
   </div>
   <div class='ocr_carea' id='block_1_71' title="bbox 336 4100 1899 4175">
    <p class='ocr_par' dir='ltr' id='par_1_71' title="bbox 336 4100 1899 4175">
     <span class='ocr_line' id='line_1_71' title="bbox 336 4100 1899 4175; baseline -0.002 -17"><span class='ocrx_word' id='word_1_465' title='bbox 336 4104 609 4174; x_wconf 84' lang='grc' dir='ltr'>μαίνειδέ</span> <span class='ocrx_word' id='word_1_466' title='bbox 660 4102 799 4170; x_wconf 86' lang='grc' dir='ltr'><strong>σῦς,</strong></span> <span class='ocrx_word' id='word_1_467' title='bbox 855 4105 922 4174; x_wconf 78' lang='grc' dir='ltr'>τῇ</span> <span class='ocrx_word' id='word_1_468' title='bbox 976 4103 1164 4175; x_wconf 84' lang='grc' dir='ltr'>Σύρων</span> <span class='ocrx_word' id='word_1_469' title='bbox 1215 4100 1470 4174; x_wconf 81' lang='grc' dir='ltr'>γλώττῃ·</span> <span class='ocrx_word' id='word_1_470' title='bbox 1526 4101 1677 4156; x_wconf 75' lang='grc' dir='ltr'>ἄλλοι</span> <span class='ocrx_word' id='word_1_471' title='bbox 1714 4103 1770 4155; x_wconf 76' lang='grc' dir='ltr'>δὲ</span> <span class='ocrx_word' id='word_1_472' title='bbox 1818 4102 1899 4170; x_wconf 80' lang='grc' dir='ltr'><strong>τὸ,</strong></span> 
     </span>
    </p>
   </div>
   <div class='ocr_carea' id='block_1_72' title="bbox 330 4193 1680 4267">
    <p class='ocr_par' dir='ltr' id='par_1_72' title="bbox 330 4193 1680 4267">
     <span class='ocr_line' id='line_1_72' title="bbox 330 4193 1680 4267; baseline -0.001 -19"><span class='ocrx_word' id='word_1_473' title='bbox 330 4195 786 4267; x_wconf 81' lang='grc' dir='ltr'>διαρερηγμένος,</span> <span class='ocrx_word' id='word_1_474' title='bbox 814 4195 842 4248; x_wconf 87' lang='grc' dir='ltr'><strong>ὃ</strong></span> <span class='ocrx_word' id='word_1_475' title='bbox 876 4196 992 4249; x_wconf 81' lang='grc' dir='ltr'>ἐστι</span> <span class='ocrx_word' id='word_1_476' title='bbox 1025 4194 1373 4266; x_wconf 77' lang='grc' dir='ltr'>ρακοστὸλος,</span> <span class='ocrx_word' id='word_1_477' title='bbox 1406 4193 1680 4261; x_wconf 80' lang='grc' dir='ltr'>λέγουσιν.</span> 
     </span>
    </p>
   </div>
   <div class='ocr_carea' id='block_1_73' title="bbox 403 4302 1900 4373">
    <p class='ocr_par' dir='ltr' id='par_1_73' title="bbox 403 4302 1900 4373">
     <span class='ocr_line' id='line_1_73' title="bbox 403 4302 1900 4373; baseline 0 -15"><span class='ocrx_word' id='word_1_478' title='bbox 403 4305 660 4373; x_wconf 82' lang='grc' dir='ltr'>Ἔνοχος</span> <span class='ocrx_word' id='word_1_479' title='bbox 687 4305 857 4359; x_wconf 73' lang='grc' dir='ltr'>ἔσται</span> <span class='ocrx_word' id='word_1_480' title='bbox 887 4303 968 4370; x_wconf 84' lang='grc' dir='ltr'>τῷ</span> <span class='ocrx_word' id='word_1_481' title='bbox 997 4303 1295 4372; x_wconf 77' lang='grc' dir='ltr'>συνεδρίῳ</span> <span class='ocrx_word' id='word_1_482' title='bbox 1314 4319 1328 4334; x_wconf 91' lang='grc'><strong>·</strong></span> <span class='ocrx_word' id='word_1_483' title='bbox 1361 4303 1422 4357; x_wconf 84' lang='grc' dir='ltr'><strong>τὸ</strong></span> <span class='ocrx_word' id='word_1_484' title='bbox 1475 4302 1582 4356; x_wconf 88' lang='grc' dir='ltr'><strong>τῶν</strong></span> <span class='ocrx_word' id='word_1_485' title='bbox 1627 4303 1900 4358; x_wconf 83' lang='grc' dir='ltr'>Ἰουδαίων</span> 
     </span>
    </p>
   </div>
   <div class='ocr_carea' id='block_1_74' title="bbox 328 4395 1901 4469">
    <p class='ocr_par' dir='ltr' id='par_1_74' title="bbox 328 4395 1901 4469">
     <span class='ocr_line' id='line_1_74' title="bbox 328 4395 1901 4469; baseline 0.008 -20"><span class='ocrx_word' id='word_1_486' title='bbox 328 4395 676 4467; x_wconf 79' lang='grc' dir='ltr'>δικαστήριον</span> <span class='ocrx_word' id='word_1_487' title='bbox 719 4396 903 4465; x_wconf 83' lang='grc' dir='ltr'>λέγει·</span> <span class='ocrx_word' id='word_1_488' title='bbox 950 4396 1162 4449; x_wconf 82' lang='grc' dir='ltr'>τέθεικε</span> <span class='ocrx_word' id='word_1_489' title='bbox 1206 4396 1264 4449; x_wconf 85' lang='grc' dir='ltr'>δὲ</span> <span class='ocrx_word' id='word_1_490' title='bbox 1311 4395 1463 4460; x_wconf 78' lang='grc' dir='ltr'>αὐτὸ,</span> <span class='ocrx_word' id='word_1_491' title='bbox 1515 4395 1604 4450; x_wconf 80' lang='grc' dir='ltr'><strong>ἵνα</strong></span> <span class='ocrx_word' id='word_1_492' title='bbox 1653 4395 1730 4468; x_wconf 81' lang='grc' dir='ltr'>μὴ</span> <span class='ocrx_word' id='word_1_493' title='bbox 1775 4396 1901 4469; x_wconf 68' lang='grc' dir='ltr'>δόξῃ</span> 
     </span>
    </p>
   </div>
   <div class='ocr_carea' id='block_1_75' title="bbox 331 4488 1407 4559">
    <p class='ocr_par' dir='ltr' id='par_1_75' title="bbox 331 4488 1407 4559">
     <span class='ocr_line' id='line_1_75' title="bbox 331 4488 1407 4559; baseline 0 -17"><span class='ocrx_word' id='word_1_494' title='bbox 331 4488 610 4559; x_wconf 84' lang='grc' dir='ltr'>πανταχοῦ</span> <span class='ocrx_word' id='word_1_495' title='bbox 638 4488 872 4556; x_wconf 76' lang='grc' dir='ltr'>ξενίζειν</span> <span class='ocrx_word' id='word_1_496' title='bbox 909 4489 1005 4543; x_wconf 63' lang='grc' dir='ltr'><strong>καὶ¹</strong></span> <span class='ocrx_word' id='word_1_497' title='bbox 1040 4488 1407 4558; x_wconf 81' lang='grc' dir='ltr'>καινοτομεῖν.</span> 
     </span>
    </p>
   </div>
   <div class='ocr_carea' id='block_1_76' title="bbox 412 4576 1896 4649">
    <p class='ocr_par' dir='ltr' id='par_1_76' title="bbox 412 4576 1896 4649">
     <span class='ocr_line' id='line_1_76' title="bbox 412 4576 1896 4649; baseline -0.002 -16"><span class='ocrx_word' id='word_1_498' title='bbox 412 4581 467 4633; x_wconf 84' lang='lat'><strong>&#39;0</strong></span> <span class='ocrx_word' id='word_1_499' title='bbox 493 4580 687 4649; x_wconf 71' lang='grc' dir='ltr'>λέγων</span> <span class='ocrx_word' id='word_1_500' title='bbox 707 4578 815 4634; x_wconf 84' lang='grc' dir='ltr'><strong>τὸν</strong></span> <span class='ocrx_word' id='word_1_501' title='bbox 834 4578 1104 4648; x_wconf 67' lang='grc' dir='ltr'>ἀδελφὸν</span> <span class='ocrx_word' id='word_1_502' title='bbox 1128 4579 1313 4633; x_wconf 82' lang='grc' dir='ltr'>αὐτοῦ</span> <span class='ocrx_word' id='word_1_503' title='bbox 1340 4579 1558 4648; x_wconf 81' lang='grc' dir='ltr'>μωρόν.</span> <span class='ocrx_word' id='word_1_504' title='bbox 1576 4577 1735 4642; x_wconf 83' lang='grc' dir='ltr'>Τινὲς</span> <span class='ocrx_word' id='word_1_505' title='bbox 1776 4576 1896 4630; x_wconf 80' lang='grc' dir='ltr'>ἐνό-</span> 
     </span>
    </p>
   </div>
   <div class='ocr_carea' id='block_1_77' title="bbox 335 4669 1902 4742">
    <p class='ocr_par' dir='ltr' id='par_1_77' title="bbox 335 4669 1902 4742">
     <span class='ocr_line' id='line_1_77' title="bbox 335 4669 1902 4742; baseline -0.002 -17"><span class='ocrx_word' id='word_1_506' title='bbox 335 4687 500 4742; x_wconf 87' lang='grc' dir='ltr'>μισαν</span> <span class='ocrx_word' id='word_1_507' title='bbox 525 4672 608 4725; x_wconf 86' lang='grc' dir='ltr'>ὅτι</span> <span class='ocrx_word' id='word_1_508' title='bbox 643 4671 835 4742; x_wconf 89' lang='grc' dir='ltr'>μικρόν</span> <span class='ocrx_word' id='word_1_509' title='bbox 866 4673 1004 4736; x_wconf 82' lang='grc' dir='ltr'>ἐστι,</span> <span class='ocrx_word' id='word_1_510' title='bbox 1036 4670 1130 4724; x_wconf 72' lang='grc' dir='ltr'><strong>καὶ</strong></span> <span class='ocrx_word' id='word_1_511' title='bbox 1150 4670 1234 4723; x_wconf 82' lang='grc' dir='ltr'>ὅτι</span> <span class='ocrx_word' id='word_1_512' title='bbox 1267 4671 1393 4741; x_wconf 77' lang='grc' dir='ltr'>περὶ</span> <span class='ocrx_word' id='word_1_513' title='bbox 1431 4669 1630 4740; x_wconf 79' lang='grc' dir='ltr'>μικροῦ</span> <span class='ocrx_word' id='word_1_514' title='bbox 1657 4669 1902 4739; x_wconf 80' lang='grc' dir='ltr'>ῥήματος</span> 
     </span>
    </p>
   </div>
   <div class='ocr_carea' id='block_1_78' title="bbox 336 4759 1901 4837">
    <p class='ocr_par' dir='ltr' id='par_1_78' title="bbox 336 4759 1901 4837">
     <span class='ocr_line' id='line_1_78' title="bbox 336 4759 1901 4837; baseline -0.003 -19"><span class='ocrx_word' id='word_1_515' title='bbox 336 4766 546 4837; x_wconf 80' lang='grc' dir='ltr'>μεγάλη</span> <span class='ocrx_word' id='word_1_516' title='bbox 573 4767 724 4818; x_wconf 78' lang='grc' dir='ltr'>ἐστὶν</span> <span class='ocrx_word' id='word_1_517' title='bbox 773 4766 806 4835; x_wconf 78' lang='grc' dir='ltr'><strong>ἡ</strong></span> <span class='ocrx_word' id='word_1_518' title='bbox 835 4762 1073 4834; x_wconf 85' lang='grc' dir='ltr'>τιμωρία</span> <span class='ocrx_word' id='word_1_519' title='bbox 1093 4778 1108 4793; x_wconf 84' lang='grc'><strong>·</strong></span> <span class='ocrx_word' id='word_1_520' title='bbox 1137 4763 1238 4815; x_wconf 79' lang='grc' dir='ltr'><strong>οὐκ</strong></span> <span class='ocrx_word' id='word_1_521' title='bbox 1259 4761 1435 4814; x_wconf 75' lang='grc' dir='ltr'>οἴδασι</span> <span class='ocrx_word' id='word_1_522' title='bbox 1461 4759 1516 4813; x_wconf 85' lang='grc' dir='ltr'><strong>δέ</strong></span> <span class='ocrx_word' id='word_1_523' title='bbox 1543 4761 1592 4812; x_wconf 81' lang='grc' dir='ltr'>οἱ</span> <span class='ocrx_word' id='word_1_524' title='bbox 1623 4760 1783 4813; x_wconf 84' lang='grc' dir='ltr'>τοῦτο</span> <span class='ocrx_word' id='word_1_525' title='bbox 1811 4759 1901 4813; x_wconf 81' lang='grc' dir='ltr'>λέ-</span> 
     </span>
    </p>
   </div>
   <div class='ocr_carea' id='block_1_79' title="bbox 330 4853 1902 4926">
    <p class='ocr_par' dir='ltr' id='par_1_79' title="bbox 330 4853 1902 4926">
     <span class='ocr_line' id='line_1_79' title="bbox 330 4853 1902 4926; baseline 0.001 -17"><span class='ocrx_word' id='word_1_526' title='bbox 330 4874 541 4926; x_wconf 81' lang='grc' dir='ltr'>γοντες,</span> <span class='ocrx_word' id='word_1_527' title='bbox 567 4859 648 4912; x_wconf 83' lang='grc' dir='ltr'>ὃτι</span> <span class='ocrx_word' id='word_1_528' title='bbox 698 4856 766 4910; x_wconf 79' lang='grc' dir='ltr'>τὰ</span> <span class='ocrx_word' id='word_1_529' title='bbox 795 4856 1009 4925; x_wconf 80' lang='grc' dir='ltr'>μεγάλα</span> <span class='ocrx_word' id='word_1_530' title='bbox 1052 4854 1160 4908; x_wconf 86' lang='grc' dir='ltr'><strong>τῶν</strong></span> <span class='ocrx_word' id='word_1_531' title='bbox 1192 4855 1378 4908; x_wconf 83' lang='grc' dir='ltr'>κακῶν</span> <span class='ocrx_word' id='word_1_532' title='bbox 1408 4853 1517 4906; x_wconf 81' lang='grc' dir='ltr'><strong>ἀπὸ</strong></span> <span class='ocrx_word' id='word_1_533' title='bbox 1551 4855 1761 4923; x_wconf 84' lang='grc' dir='ltr'>μικρῶν</span> <span class='ocrx_word' id='word_1_534' title='bbox 1805 4855 1902 4922; x_wconf 79' lang='grc' dir='ltr'>ρη-</span> 
     </span>
    </p>
   </div>
   <div class='ocr_carea' id='block_1_80' title="bbox 336 4943 1899 5018">
    <p class='ocr_par' dir='ltr' id='par_1_80' title="bbox 336 4943 1899 5018">
     <span class='ocr_line' id='line_1_80' title="bbox 336 4943 1899 5018; baseline -0.004 -16"><span class='ocrx_word' id='word_1_535' title='bbox 336 4949 523 5017; x_wconf 69' lang='grc' dir='ltr'>μᾶτων</span> <span class='ocrx_word' id='word_1_536' title='bbox 554 4948 738 5018; x_wconf 79' lang='grc' dir='ltr'>ἔχουσι</span> <span class='ocrx_word' id='word_1_537' title='bbox 776 4947 876 5015; x_wconf 76' lang='grc' dir='ltr'>τὴν</span> <span class='ocrx_word' id='word_1_538' title='bbox 906 4949 1082 5018; x_wconf 82' lang='grc' dir='ltr'>ἀρχήν</span> <span class='ocrx_word' id='word_1_539' title='bbox 1102 4960 1118 4975; x_wconf 87' lang='grc'>⁶</span> <span class='ocrx_word' id='word_1_540' title='bbox 1175 4945 1321 5015; x_wconf 84' lang='grc' dir='ltr'>μέγα</span> <span class='ocrx_word' id='word_1_541' title='bbox 1350 4944 1406 4997; x_wconf 79' lang='grc' dir='ltr'><strong>δέ</strong></span> <span class='ocrx_word' id='word_1_542' title='bbox 1439 4945 1553 4996; x_wconf 82' lang='grc' dir='ltr'>ἐστι</span> <span class='ocrx_word' id='word_1_543' title='bbox 1582 4945 1676 4996; x_wconf 75' lang='grc' dir='ltr'>καὶ</span> <span class='ocrx_word' id='word_1_544' title='bbox 1707 4943 1864 4996; x_wconf 81' lang='grc' dir='ltr'>τοῦτο</span> <span class='ocrx_word' id='word_1_545' title='bbox 1883 4958 1899 4973; x_wconf 94' lang='grc'><strong>·</strong></span> 
     </span>
    </p>
   </div>
   <div class='ocr_carea' id='block_1_81' title="bbox 331 5029 1902 5110">
    <p class='ocr_par' dir='ltr' id='par_1_81' title="bbox 331 5029 1902 5110">
     <span class='ocr_line' id='line_1_81' title="bbox 331 5029 1902 5110; baseline -0.007 -17"><span class='ocrx_word' id='word_1_546' title='bbox 331 5033 377 5107; x_wconf 82' lang='grc' dir='ltr'><strong>ᾧ</strong></span> <span class='ocrx_word' id='word_1_547' title='bbox 404 5040 513 5110; x_wconf 86' lang='grc' dir='ltr'>γὰρ</span> <span class='ocrx_word' id='word_1_548' title='bbox 537 5038 648 5091; x_wconf 90' lang='grc' dir='ltr'><strong>τῶν</strong></span> <span class='ocrx_word' id='word_1_549' title='bbox 676 5037 886 5105; x_wconf 82' lang='grc' dir='ltr'>ἀλόγων</span> <span class='ocrx_word' id='word_1_550' title='bbox 913 5036 1276 5106; x_wconf 81' lang='grc' dir='ltr'>διεστήκαμεν</span> <span class='ocrx_word' id='word_1_551' title='bbox 1302 5033 1467 5106; x_wconf 68' lang='grc' dir='ltr'>ἤγουν</span> <span class='ocrx_word' id='word_1_552' title='bbox 1501 5030 1578 5101; x_wconf 81' lang='grc' dir='ltr'>τῷ</span> <span class='ocrx_word' id='word_1_553' title='bbox 1610 5033 1707 5100; x_wconf 79' lang='grc' dir='ltr'><strong>νῷ,</strong></span> <span class='ocrx_word' id='word_1_554' title='bbox 1744 5029 1902 5084; x_wconf 81' lang='grc' dir='ltr'>τοῦτο</span> 
     </span>
    </p>
   </div>
   <div class='ocr_carea' id='block_1_82' title="bbox 331 5122 1618 5201">
    <p class='ocr_par' dir='ltr' id='par_1_82' title="bbox 331 5122 1618 5201">
     <span class='ocr_line' id='line_1_82' title="bbox 331 5122 1618 5201; baseline -0.006 -17"><span class='ocrx_word' id='word_1_555' title='bbox 331 5132 592 5201; x_wconf 78' lang='grc' dir='ltr'>ἐστέρησε</span> <span class='ocrx_word' id='word_1_556' title='bbox 616 5130 704 5182; x_wconf 80' lang='grc' dir='ltr'><strong>τὸν</strong></span> <span class='ocrx_word' id='word_1_557' title='bbox 738 5128 966 5198; x_wconf 76' lang='grc' dir='ltr'>ἀδελφὸν</span> <span class='ocrx_word' id='word_1_558' title='bbox 995 5129 1054 5182; x_wconf 81' lang='grc' dir='ltr'><strong>ἐν</strong></span> <span class='ocrx_word' id='word_1_559' title='bbox 1081 5126 1159 5196; x_wconf 83' lang='grc' dir='ltr'>τῷ</span> <span class='ocrx_word' id='word_1_560' title='bbox 1189 5127 1361 5178; x_wconf 84' lang='grc' dir='ltr'>εἰπεῖν</span> <span class='ocrx_word' id='word_1_561' title='bbox 1385 5141 1397 5154; x_wconf 92' lang='grc'><strong>·</strong></span> <span class='ocrx_word' id='word_1_562' title='bbox 1431 5122 1618 5194; x_wconf 81' lang='grc' dir='ltr'>Μωρέ.</span> 
     </span>
    </p>
   </div>
   <div class='ocr_carea' id='block_1_83' title="bbox 404 5222 1900 5302">
    <p class='ocr_par' dir='ltr' id='par_1_83' title="bbox 404 5222 1900 5302">
     <span class='ocr_line' id='line_1_83' title="bbox 404 5222 1900 5302; baseline -0.007 -10"><span class='ocrx_word' id='word_1_563' title='bbox 404 5240 500 5302; x_wconf 82' lang='grc' dir='ltr'><strong>Τὸ,</strong></span> <span class='ocrx_word' id='word_1_564' title='bbox 530 5241 685 5292; x_wconf 76' lang='grc' dir='ltr'>ἰσθι</span> <span class='ocrx_word' id='word_1_565' title='bbox 724 5235 954 5292; x_wconf 79' lang='grc' dir='ltr'>εὐνοῶν</span> <span class='ocrx_word' id='word_1_566' title='bbox 992 5234 1072 5300; x_wconf 81' lang='grc' dir='ltr'><strong>τῷ</strong></span> <span class='ocrx_word' id='word_1_567' title='bbox 1109 5232 1389 5299; x_wconf 81' lang='grc' dir='ltr'>ἀντιδίκῳ</span> <span class='ocrx_word' id='word_1_568' title='bbox 1431 5222 1580 5295; x_wconf 77' lang='grc' dir='ltr'>σου,</span> <span class='ocrx_word' id='word_1_569' title='bbox 1618 5231 1746 5301; x_wconf 76' lang='grc' dir='ltr'>περὶ</span> <span class='ocrx_word' id='word_1_570' title='bbox 1790 5229 1900 5283; x_wconf 81' lang='grc' dir='ltr'><strong>τῶν</strong></span> 
     </span>
    </p>
   </div>
   <div class='ocr_carea' id='block_1_84' title="bbox 335 5321 1898 5395">
    <p class='ocr_par' dir='ltr' id='par_1_84' title="bbox 335 5321 1898 5395">
     <span class='ocr_line' id='line_1_84' title="bbox 335 5321 1898 5395; baseline -0.007 -11"><span class='ocrx_word' id='word_1_571' title='bbox 335 5330 571 5384; x_wconf 79' lang='grc' dir='ltr'>ἐνταῦθα</span> <span class='ocrx_word' id='word_1_572' title='bbox 606 5328 880 5382; x_wconf 87' lang='grc' dir='ltr'>δικαστῶν</span> <span class='ocrx_word' id='word_1_573' title='bbox 914 5328 1006 5380; x_wconf 72' lang='grc' dir='ltr'>καὶ</span> <span class='ocrx_word' id='word_1_574' title='bbox 1031 5325 1131 5395; x_wconf 84' lang='grc' dir='ltr'>τῆς</span> <span class='ocrx_word' id='word_1_575' title='bbox 1167 5326 1260 5378; x_wconf 75' lang='grc' dir='ltr'><strong>ἐπὶ</strong></span> <span class='ocrx_word' id='word_1_576' title='bbox 1308 5323 1370 5376; x_wconf 78' lang='grc' dir='ltr'>τὸ</span> <span class='ocrx_word' id='word_1_577' title='bbox 1396 5325 1748 5392; x_wconf 77' lang='grc' dir='ltr'>δικαστήριον</span> <span class='ocrx_word' id='word_1_578' title='bbox 1777 5321 1898 5374; x_wconf 81' lang='grc' dir='ltr'>ὀδοῦ</span> 
     </span>
    </p>
   </div>
   <div class='ocr_carea' id='block_1_85' title="bbox 334 5415 1900 5492">
    <p class='ocr_par' dir='ltr' id='par_1_85' title="bbox 334 5415 1900 5492">
     <span class='ocr_line' id='line_1_85' title="bbox 334 5415 1900 5492; baseline -0.006 -16"><span class='ocrx_word' id='word_1_579' title='bbox 334 5426 505 5489; x_wconf 75' lang='grc' dir='ltr'>λέγει.</span> <span class='ocrx_word' id='word_1_580' title='bbox 537 5420 945 5492; x_wconf 83' lang='grc' dir='ltr'>Καταλλάγηθι,</span> <span class='ocrx_word' id='word_1_581' title='bbox 979 5419 1132 5490; x_wconf 74' lang='grc' dir='ltr'>φησὶ,</span> <span class='ocrx_word' id='word_1_582' title='bbox 1168 5419 1275 5488; x_wconf 83' lang='grc' dir='ltr'><strong>πρὸ</strong></span> <span class='ocrx_word' id='word_1_583' title='bbox 1307 5418 1406 5488; x_wconf 82' lang='grc' dir='ltr'><strong>τῆς</strong></span> <span class='ocrx_word' id='word_1_584' title='bbox 1440 5419 1519 5480; x_wconf 81' lang='grc' dir='ltr'>εἰς</span> <span class='ocrx_word' id='word_1_585' title='bbox 1550 5415 1900 5484; x_wconf 82' lang='grc' dir='ltr'>δικαστήριον</span> 
     </span>
    </p>
   </div>
   <div class='ocr_carea' id='block_1_86' title="bbox 333 5499 1899 5584">
    <p class='ocr_par' dir='ltr' id='par_1_86' title="bbox 333 5499 1899 5584">
     <span class='ocr_line' id='line_1_86' title="bbox 333 5499 1899 5584; baseline -0.008 -15"><span class='ocrx_word' id='word_1_586' title='bbox 333 5499 475 5580; x_wconf 77' lang='grc' dir='ltr'>ὁδοῦ,</span> <span class='ocrx_word' id='word_1_587' title='bbox 524 5516 618 5568; x_wconf 72' lang='grc' dir='ltr'><strong>καὶ</strong></span> <span class='ocrx_word' id='word_1_588' title='bbox 648 5514 946 5584; x_wconf 81' lang='grc' dir='ltr'>καταδέχου</span> <span class='ocrx_word' id='word_1_589' title='bbox 983 5509 1183 5584; x_wconf 83' lang='grc' dir='ltr'>μᾶλλον</span> <span class='ocrx_word' id='word_1_590' title='bbox 1224 5509 1564 5564; x_wconf 78' lang='grc' dir='ltr'>ἀδικεῖσθαι·</span> <span class='ocrx_word' id='word_1_591' title='bbox 1600 5506 1757 5561; x_wconf 82' lang='grc' dir='ltr'>τοῦτό</span> <span class='ocrx_word' id='word_1_592' title='bbox 1783 5508 1899 5558; x_wconf 79' lang='grc' dir='ltr'>ἐστι</span> 
     </span>
    </p>
   </div>
   <div class='ocr_carea' id='block_1_87' title="bbox 331 5607 667 5661">
    <p class='ocr_par' dir='ltr' id='par_1_87' title="bbox 331 5607 667 5661">
     <span class='ocr_line' id='line_1_87' title="bbox 331 5607 667 5661; baseline 0 0"><span class='ocrx_word' id='word_1_593' title='bbox 331 5608 394 5661; x_wconf 79' lang='grc' dir='ltr'><strong>τὸ</strong></span> <span class='ocrx_word' id='word_1_594' title='bbox 419 5607 667 5661; x_wconf 78' lang='grc' dir='ltr'>εὐνοῶν.</span> 
     </span>
    </p>
   </div>
   <div class='ocr_carea' id='block_1_88' title="bbox 410 5686 1899 5767">
    <p class='ocr_par' dir='ltr' id='par_1_88' title="bbox 410 5686 1899 5767">
     <span class='ocr_line' id='line_1_88' title="bbox 410 5686 1899 5767; baseline -0.006 -14"><span class='ocrx_word' id='word_1_595' title='bbox 410 5701 508 5766; x_wconf 79' lang='grc' dir='ltr'>Ὃς</span> <span class='ocrx_word' id='word_1_596' title='bbox 539 5699 616 5752; x_wconf 86' lang='grc' dir='ltr'><strong>ἂν</strong></span> <span class='ocrx_word' id='word_1_597' title='bbox 648 5698 919 5767; x_wconf 68' lang='grc' dir='ltr'><strong>ἐμϐλέψῃ</strong></span> <span class='ocrx_word' id='word_1_598' title='bbox 949 5695 1098 5765; x_wconf 74' lang='grc' dir='ltr'>πρὸς</span> <span class='ocrx_word' id='word_1_599' title='bbox 1119 5696 1187 5751; x_wconf 87' lang='grc' dir='ltr'>τὸ</span> <span class='ocrx_word' id='word_1_600' title='bbox 1219 5692 1605 5764; x_wconf 76' lang='grc' dir='ltr'>ἐπιθυμῆσαι.</span> <span class='ocrx_word' id='word_1_601' title='bbox 1631 5692 1745 5745; x_wconf 80' lang='grc' dir='ltr'><strong>Οὐκ</strong></span> <span class='ocrx_word' id='word_1_602' title='bbox 1777 5686 1899 5744; x_wconf 78' lang='grc' dir='ltr'>εἷπε</span> 
     </span>
    </p>
   </div>
   <div class='ocr_carea' id='block_1_89' title="bbox 336 5784 1897 5861">
    <p class='ocr_par' dir='ltr' id='par_1_89' title="bbox 336 5784 1897 5861">
     <span class='ocr_line' id='line_1_89' title="bbox 336 5784 1897 5861; baseline -0.006 -16"><span class='ocrx_word' id='word_1_603' title='bbox 336 5791 433 5861; x_wconf 76' lang='grc' dir='ltr'>τὴν</span> <span class='ocrx_word' id='word_1_604' title='bbox 465 5792 648 5857; x_wconf 81' lang='grc' dir='ltr'>ἁπλῶς</span> <span class='ocrx_word' id='word_1_605' title='bbox 690 5791 1021 5846; x_wconf 70' lang='grc' dir='ltr'>ἐπιθυμίαν·</span> <span class='ocrx_word' id='word_1_606' title='bbox 1069 5787 1226 5843; x_wconf 78' lang='grc' dir='ltr'>τοῦτο</span> <span class='ocrx_word' id='word_1_607' title='bbox 1273 5788 1382 5853; x_wconf 65' lang='grc' dir='ltr'><strong>γὰρ</strong></span> <span class='ocrx_word' id='word_1_608' title='bbox 1432 5786 1524 5841; x_wconf 77' lang='grc' dir='ltr'><strong>καὶ</strong></span> <span class='ocrx_word' id='word_1_609' title='bbox 1574 5786 1624 5839; x_wconf 79' lang='grc' dir='ltr'>οἱ</span> <span class='ocrx_word' id='word_1_610' title='bbox 1657 5785 1714 5838; x_wconf 81' lang='grc' dir='ltr'><strong>ἐν</strong></span> <span class='ocrx_word' id='word_1_611' title='bbox 1747 5784 1897 5838; x_wconf 76' lang='grc' dir='ltr'>ὄοεσι</span> 
     </span>
    </p>
   </div>
   <div class='ocr_carea' id='block_1_90' title="bbox 2006 3227 3576 3312">
    <p class='ocr_par' dir='ltr' id='par_1_90' title="bbox 2006 3227 3576 3312">
     <span class='ocr_line' id='line_1_90' title="bbox 2006 3227 3576 3312; baseline 0.001 -16"><span class='ocrx_word' id='word_1_612' title='bbox 2006 3241 2074 3296; x_wconf 89' lang='lat' dir='ltr'><strong>ad</strong></span> <span class='ocrx_word' id='word_1_613' title='bbox 2101 3227 2640 3312; x_wconf 82' lang='lat' dir='ltr'><strong>concupiscendum;</strong></span> <span class='ocrx_word' id='word_1_614' title='bbox 2681 3243 2768 3295; x_wconf 90' lang='lat' dir='ltr'><strong>his</strong></span> <span class='ocrx_word' id='word_1_615' title='bbox 2818 3255 2927 3310; x_wconf 87' lang='lat' dir='ltr'><strong>non</strong></span> <span class='ocrx_word' id='word_1_616' title='bbox 2961 3240 3359 3306; x_wconf 86' lang='lat' dir='ltr'><strong>occidentibus,</strong></span> <span class='ocrx_word' id='word_1_617' title='bbox 3389 3241 3466 3295; x_wconf 93' lang='lat' dir='ltr'><strong>illi</strong></span> <span class='ocrx_word' id='word_1_618' title='bbox 3506 3257 3576 3297; x_wconf 86' lang='lat' dir='ltr'><strong>ne</strong></span> 
     </span>
    </p>
   </div>
   <div class='ocr_carea' id='block_1_91' title="bbox 2005 3329 2980 3401">
    <p class='ocr_par' dir='ltr' id='par_1_91' title="bbox 2005 3329 2980 3401">
     <span class='ocr_line' id='line_1_91' title="bbox 2005 3329 2980 3401; baseline -0.001 -12"><span class='ocrx_word' id='word_1_619' title='bbox 2005 3334 2352 3401; x_wconf 87' lang='lat' dir='ltr'><strong>irascantur;</strong></span> <span class='ocrx_word' id='word_1_620' title='bbox 2382 3345 2437 3390; x_wconf 88' lang='lat' dir='ltr'><strong>et</strong></span> <span class='ocrx_word' id='word_1_621' title='bbox 2469 3342 2668 3390; x_wconf 66' lang='lat' dir='ltr'><strong>cmtcra</strong></span> <span class='ocrx_word' id='word_1_622' title='bbox 2703 3329 2980 3392; x_wconf 65' lang='lat' dir='ltr'><strong>similiter.</strong></span> 
     </span>
    </p>
   </div>
   <div class='ocr_carea' id='block_1_92' title="bbox 2075 3439 3572 3512">
    <p class='ocr_par' dir='ltr' id='par_1_92' title="bbox 2075 3439 3572 3512">
     <span class='ocr_line' id='line_1_92' title="bbox 2075 3439 3572 3512; baseline 0 -16"><span class='ocrx_word' id='word_1_623' title='bbox 2075 3439 2304 3512; x_wconf 87' lang='lat' dir='ltr'><strong>Oportet</strong></span> <span class='ocrx_word' id='word_1_624' title='bbox 2327 3442 2469 3497; x_wconf 88' lang='lat' dir='ltr'><strong>scire</strong></span> <span class='ocrx_word' id='word_1_625' title='bbox 2505 3441 2654 3511; x_wconf 89' lang='lat' dir='ltr'><strong>quod</strong></span> <span class='ocrx_word' id='word_1_626' title='bbox 2688 3456 2915 3511; x_wconf 83' lang='lat' dir='ltr'><strong>regnum</strong></span> <span class='ocrx_word' id='word_1_627' title='bbox 2957 3439 3220 3496; x_wconf 66' lang='lat' dir='ltr'><strong>caelorum</strong></span> <span class='ocrx_word' id='word_1_628' title='bbox 3257 3455 3364 3494; x_wconf 91' lang='lat' dir='ltr'><strong>non</strong></span> <span class='ocrx_word' id='word_1_629' title='bbox 3392 3442 3572 3496; x_wconf 87' lang='lat' dir='ltr'><strong>solum</strong></span> 
     </span>
    </p>
   </div>
   <div class='ocr_carea' id='block_1_93' title="bbox 2004 3533 3576 3607">
    <p class='ocr_par' dir='ltr' id='par_1_93' title="bbox 2004 3533 3576 3607">
     <span class='ocr_line' id='line_1_93' title="bbox 2004 3533 3576 3607; baseline 0.001 -19"><span class='ocrx_word' id='word_1_630' title='bbox 2004 3536 2192 3607; x_wconf 83' lang='lat' dir='ltr'><strong>gloriae</strong></span> <span class='ocrx_word' id='word_1_631' title='bbox 2227 3533 2541 3589; x_wconf 77' lang='lat' dir='ltr'><strong>fruitionem</strong></span> <span class='ocrx_word' id='word_1_632' title='bbox 2599 3535 2820 3602; x_wconf 89' lang='lat' dir='ltr'><strong>indicet,</strong></span> <span class='ocrx_word' id='word_1_633' title='bbox 2879 3534 2973 3589; x_wconf 89' lang='lat' dir='ltr'><strong>sed</strong></span> <span class='ocrx_word' id='word_1_634' title='bbox 3005 3534 3169 3588; x_wconf 89' lang='lat' dir='ltr'><strong>etiam</strong></span> <span class='ocrx_word' id='word_1_635' title='bbox 3223 3543 3438 3604; x_wconf 85' lang='lat' dir='ltr'><strong>tempus</strong></span> <span class='ocrx_word' id='word_1_636' title='bbox 3486 3549 3576 3589; x_wconf 81' lang='lat' dir='ltr'><strong>re—</strong></span> 
     </span>
    </p>
   </div>
   <div class='ocr_carea' id='block_1_94' title="bbox 2004 3627 3390 3695">
    <p class='ocr_par' dir='ltr' id='par_1_94' title="bbox 2004 3627 3390 3695">
     <span class='ocr_line' id='line_1_94' title="bbox 2004 3627 3390 3695; baseline -0.001 -11"><span class='ocrx_word' id='word_1_637' title='bbox 2004 3629 2383 3695; x_wconf 90' lang='lat' dir='ltr'><strong>surrectionis,</strong></span> <span class='ocrx_word' id='word_1_638' title='bbox 2415 3638 2470 3685; x_wconf 84' lang='lat' dir='ltr'><strong>et</strong></span> <span class='ocrx_word' id='word_1_639' title='bbox 2497 3627 2788 3684; x_wconf 82' lang='lat' dir='ltr'><strong>adventum</strong></span> <span class='ocrx_word' id='word_1_640' title='bbox 2824 3628 3002 3692; x_wconf 90' lang='lat' dir='ltr'><strong>illum,</strong></span> <span class='ocrx_word' id='word_1_641' title='bbox 3027 3634 3390 3684; x_wconf 87' lang='lat' dir='ltr'><strong>tremendum.</strong></span> 
     </span>
    </p>
   </div>
   <div class='ocr_carea' id='block_1_95' title="bbox 2072 3903 3576 3975">
    <p class='ocr_par' dir='ltr' id='par_1_95' title="bbox 2072 3903 3576 3975">
     <span class='ocr_line' id='line_1_95' title="bbox 2072 3903 3576 3975; baseline 0 -13"><span class='ocrx_word' id='word_1_642' title='bbox 2072 3907 2240 3964; x_wconf 69' lang='lat' dir='ltr'><strong>Vens.</strong></span> <span class='ocrx_word' id='word_1_643' title='bbox 2271 3907 2360 3962; x_wconf 71' lang='lat'><strong>22.</strong></span> <span class='ocrx_word' id='word_1_644' title='bbox 2401 3906 2505 3973; x_wconf 84' lang='lat' dir='ltr'><strong>Qui</strong></span> <span class='ocrx_word' id='word_1_645' title='bbox 2532 3906 2727 3960; x_wconf 77' lang='lat' dir='ltr'><strong>dixerit</strong></span> <span class='ocrx_word' id='word_1_646' title='bbox 2783 3905 2944 3975; x_wconf 84' lang='lat' dir='ltr'><strong>fratri</strong></span> <span class='ocrx_word' id='word_1_647' title='bbox 2989 3921 3086 3959; x_wconf 88' lang='lat' dir='ltr'><strong>suo</strong></span> <span class='ocrx_word' id='word_1_648' title='bbox 3123 3921 3269 3960; x_wconf 75' lang='lat' dir='ltr'><strong>rata.</strong></span> <span class='ocrx_word' id='word_1_649' title='bbox 3303 3903 3420 3960; x_wconf 85' lang='lat' dir='ltr'><strong>Non</strong></span> <span class='ocrx_word' id='word_1_650' title='bbox 3456 3923 3576 3962; x_wconf 87' lang='lat' dir='ltr'><strong>ma-</strong></span> 
     </span>
    </p>
   </div>
   <div class='ocr_carea' id='block_1_96' title="bbox 2003 3999 3574 4070">
    <p class='ocr_par' dir='ltr' id='par_1_96' title="bbox 2003 3999 3574 4070">
     <span class='ocr_line' id='line_1_96' title="bbox 2003 3999 3574 4070; baseline 0 -18"><span class='ocrx_word' id='word_1_651' title='bbox 2003 4016 2120 4070; x_wconf 72' lang='lat' dir='ltr'><strong>gnte</strong></span> <span class='ocrx_word' id='word_1_652' title='bbox 2155 4000 2372 4068; x_wconf 63' lang='lat' dir='ltr'><strong>injuria:</strong></span> <span class='ocrx_word' id='word_1_653' title='bbox 2419 4014 2523 4052; x_wconf 67' lang='lat' dir='ltr'><strong>vos</strong></span> <span class='ocrx_word' id='word_1_654' title='bbox 2573 4009 2678 4060; x_wconf 86' lang='lat' dir='ltr'><strong>est,</strong></span> <span class='ocrx_word' id='word_1_655' title='bbox 2713 3999 2806 4052; x_wconf 86' lang='lat' dir='ltr'><strong>sed</strong></span> <span class='ocrx_word' id='word_1_656' title='bbox 2847 4006 3227 4065; x_wconf 82' lang='lat' dir='ltr'><strong>contemptus;</strong></span> <span class='ocrx_word' id='word_1_657' title='bbox 3286 4013 3438 4051; x_wconf 88' lang='lat' dir='ltr'><strong>suem</strong></span> <span class='ocrx_word' id='word_1_658' title='bbox 3499 3999 3574 4053; x_wconf 80' lang='lat' dir='ltr'><strong>si-</strong></span> 
     </span>
    </p>
   </div>
   <div class='ocr_carea' id='block_1_97' title="bbox 2003 4088 3570 4163">
    <p class='ocr_par' dir='ltr' id='par_1_97' title="bbox 2003 4088 3570 4163">
     <span class='ocr_line' id='line_1_97' title="bbox 2003 4088 3570 4163; baseline -0.001 -19"><span class='ocrx_word' id='word_1_659' title='bbox 2003 4091 2245 4163; x_wconf 79' lang='lat' dir='ltr'><strong>gniﬁcat,</strong></span> <span class='ocrx_word' id='word_1_660' title='bbox 2282 4091 2504 4160; x_wconf 69' lang='lat' dir='ltr'><strong>Syriaca</strong></span> <span class='ocrx_word' id='word_1_661' title='bbox 2548 4091 2766 4157; x_wconf 79' lang='lat' dir='ltr'><strong>lingua;</strong></span> <span class='ocrx_word' id='word_1_662' title='bbox 2803 4089 2892 4142; x_wconf 87' lang='lat' dir='ltr'><strong>alii</strong></span> <span class='ocrx_word' id='word_1_663' title='bbox 2957 4099 3135 4141; x_wconf 72' lang='lat' dir='ltr'><strong>autem</strong></span> <span class='ocrx_word' id='word_1_664' title='bbox 3191 4088 3570 4158; x_wconf 78' lang='lat' dir='ltr'><strong>dilaceratutn,</strong></span> 
     </span>
    </p>
   </div>
   <div class='ocr_carea' id='block_1_98' title="bbox 2003 4180 3102 4252">
    <p class='ocr_par' dir='ltr' id='par_1_98' title="bbox 2003 4180 3102 4252">
     <span class='ocr_line' id='line_1_98' title="bbox 2003 4180 3102 4252; baseline -0.005 -14"><span class='ocrx_word' id='word_1_665' title='bbox 2003 4185 2106 4238; x_wconf 92' lang='lat' dir='ltr'><strong>hoc</strong></span> <span class='ocrx_word' id='word_1_666' title='bbox 2140 4192 2244 4249; x_wconf 88' lang='lat' dir='ltr'><strong>est,</strong></span> <span class='ocrx_word' id='word_1_667' title='bbox 2279 4195 2614 4252; x_wconf 82' lang='lat' dir='ltr'><strong>pannosum,</strong></span> <span class='ocrx_word' id='word_1_668' title='bbox 2651 4180 3102 4248; x_wconf 85' lang='lat' dir='ltr'><strong>interpretantur.</strong></span> 
     </span>
    </p>
   </div>
   <div class='ocr_carea' id='block_1_99' title="bbox 2077 4285 3568 4357">
    <p class='ocr_par' dir='ltr' id='par_1_99' title="bbox 2077 4285 3568 4357">
     <span class='ocr_line' id='line_1_99' title="bbox 2077 4285 3568 4357; baseline -0.003 -12"><span class='ocrx_word' id='word_1_669' title='bbox 2077 4292 2214 4346; x_wconf 84' lang='lat' dir='ltr'><strong>Reus</strong></span> <span class='ocrx_word' id='word_1_670' title='bbox 2267 4291 2364 4343; x_wconf 86' lang='lat' dir='ltr'><strong>erit</strong></span> <span class='ocrx_word' id='word_1_671' title='bbox 2407 4289 2654 4342; x_wconf 78' lang='grc' dir='ltr'>εοιιειιιυ.</span> <span class='ocrx_word' id='word_1_672' title='bbox 2708 4285 3018 4341; x_wconf 69' lang='lat' dir='ltr'><strong>Judmorum</strong></span> <span class='ocrx_word' id='word_1_673' title='bbox 3073 4286 3331 4357; x_wconf 83' lang='lat' dir='ltr'><strong>jndieiale</strong></span> <span class='ocrx_word' id='word_1_674' title='bbox 3391 4285 3568 4340; x_wconf 79' lang='lat' dir='ltr'><strong>forum</strong></span> 
     </span>
    </p>
   </div>
   <div class='ocr_carea' id='block_1_100' title="bbox 2003 4381 3570 4450">
    <p class='ocr_par' dir='ltr' id='par_1_100' title="bbox 2003 4381 3570 4450">
     <span class='ocr_line' id='line_1_100' title="bbox 2003 4381 3570 4450; baseline -0.004 -10"><span class='ocrx_word' id='word_1_675' title='bbox 2003 4387 2171 4450; x_wconf 88' lang='lat' dir='ltr'><strong>dicit;</strong></span> <span class='ocrx_word' id='word_1_676' title='bbox 2210 4386 2314 4438; x_wconf 85' lang='lat' dir='ltr'><strong>hoc</strong></span> <span class='ocrx_word' id='word_1_677' title='bbox 2361 4393 2539 4438; x_wconf 87' lang='lat' dir='ltr'><strong>autem</strong></span> <span class='ocrx_word' id='word_1_678' title='bbox 2607 4381 2874 4442; x_wconf 85' lang='lat' dir='ltr'><strong>adhibuit,</strong></span> <span class='ocrx_word' id='word_1_679' title='bbox 2915 4396 2982 4433; x_wconf 85' lang='lat' dir='ltr'><strong>ne</strong></span> <span class='ocrx_word' id='word_1_680' title='bbox 3035 4381 3281 4435; x_wconf 83' lang='lat' dir='ltr'><strong>videatur</strong></span> <span class='ocrx_word' id='word_1_681' title='bbox 3344 4382 3570 4434; x_wconf 85' lang='lat' dir='ltr'><strong>omnino</strong></span> 
     </span>
    </p>
   </div>
   <div class='ocr_carea' id='block_1_101' title="bbox 1922 4483 3100 4558">
    <p class='ocr_par' dir='ltr' id='par_1_101' title="bbox 1922 4483 3100 4558">
     <span class='ocr_line' id='line_1_101' title="bbox 1922 4483 3100 4558; baseline -0.005 -27"><span class='ocrx_word' id='word_1_682' title='bbox 1922 4499 1975 4558; x_wconf 74' lang='grc' dir='ltr'><strong>Ι)</strong></span> <span class='ocrx_word' id='word_1_683' title='bbox 2007 4485 2296 4530; x_wconf 78' lang='lat' dir='ltr'><strong>extraneos</strong></span> <span class='ocrx_word' id='word_1_684' title='bbox 2326 4483 2380 4529; x_wconf 85' lang='lat' dir='ltr'><strong>et</strong></span> <span class='ocrx_word' id='word_1_685' title='bbox 2411 4488 2580 4528; x_wconf 90' lang='lat' dir='ltr'><strong>novos</strong></span> <span class='ocrx_word' id='word_1_686' title='bbox 2610 4487 2789 4526; x_wconf 87' lang='lat' dir='ltr'><strong>morcs</strong></span> <span class='ocrx_word' id='word_1_687' title='bbox 2815 4486 3100 4540; x_wconf 89' lang='lat' dir='ltr'><strong>usurpare.</strong></span> 
     </span>
    </p>
   </div>
   <div class='ocr_carea' id='block_1_102' title="bbox 2069 4560 3573 4634">
    <p class='ocr_par' dir='ltr' id='par_1_102' title="bbox 2069 4560 3573 4634">
     <span class='ocr_line' id='line_1_102' title="bbox 2069 4560 3573 4634; baseline -0.001 -15"><span class='ocrx_word' id='word_1_688' title='bbox 2069 4566 2174 4634; x_wconf 86' lang='lat' dir='ltr'><strong>Qui</strong></span> <span class='ocrx_word' id='word_1_689' title='bbox 2205 4567 2396 4620; x_wconf 72' lang='lat' dir='ltr'><strong>dixerit</strong></span> <span class='ocrx_word' id='word_1_690' title='bbox 2430 4564 2589 4632; x_wconf 77' lang='lat' dir='ltr'><strong>fratri</strong></span> <span class='ocrx_word' id='word_1_691' title='bbox 2617 4580 2736 4626; x_wconf 88' lang='lat' dir='ltr'><strong>suo,</strong></span> <span class='ocrx_word' id='word_1_692' title='bbox 2762 4561 2951 4616; x_wconf 81' lang='lat' dir='ltr'><strong>Fatue.</strong></span> <span class='ocrx_word' id='word_1_693' title='bbox 2977 4560 3209 4627; x_wconf 86' lang='lat' dir='ltr'><strong>Quidam</strong></span> <span class='ocrx_word' id='word_1_694' title='bbox 3242 4574 3573 4632; x_wconf 79' lang='lat' dir='ltr'><strong>putaverunt</strong></span> 
     </span>
    </p>
   </div>
   <div class='ocr_carea' id='block_1_103' title="bbox 2000 4653 3568 4729">
    <p class='ocr_par' dir='ltr' id='par_1_103' title="bbox 2000 4653 3568 4729">
     <span class='ocr_line' id='line_1_103' title="bbox 2000 4653 3568 4729; baseline -0.003 -16"><span class='ocrx_word' id='word_1_695' title='bbox 2000 4659 2133 4714; x_wconf 87' lang='lat' dir='ltr'><strong>illud</strong></span> <span class='ocrx_word' id='word_1_696' title='bbox 2175 4674 2405 4729; x_wconf 83' lang='lat' dir='ltr'><strong>parvum</strong></span> <span class='ocrx_word' id='word_1_697' title='bbox 2432 4671 2574 4721; x_wconf 87' lang='lat' dir='ltr'><strong>esse,</strong></span> <span class='ocrx_word' id='word_1_698' title='bbox 2605 4663 2660 4709; x_wconf 81' lang='lat' dir='ltr'><strong>et</strong></span> <span class='ocrx_word' id='word_1_699' title='bbox 2682 4654 2749 4708; x_wconf 85' lang='lat' dir='ltr'><strong>de</strong></span> <span class='ocrx_word' id='word_1_700' title='bbox 2779 4668 2944 4724; x_wconf 89' lang='lat' dir='ltr'><strong>parva</strong></span> <span class='ocrx_word' id='word_1_701' title='bbox 2973 4653 3298 4709; x_wconf 86' lang='lat' dir='ltr'><strong>contumelia</strong></span> <span class='ocrx_word' id='word_1_702' title='bbox 3319 4670 3568 4725; x_wconf 82' lang='lat' dir='ltr'><strong>magnam</strong></span> 
     </span>
    </p>
   </div>
   <div class='ocr_carea' id='block_1_104' title="bbox 2001 4745 3567 4820">
    <p class='ocr_par' dir='ltr' id='par_1_104' title="bbox 2001 4745 3567 4820">
     <span class='ocr_line' id='line_1_104' title="bbox 2001 4745 3567 4820; baseline -0.003 -14"><span class='ocrx_word' id='word_1_703' title='bbox 2001 4766 2126 4806; x_wconf 87' lang='lat' dir='ltr'><strong>esse</strong></span> <span class='ocrx_word' id='word_1_704' title='bbox 2156 4750 2538 4820; x_wconf 89' lang='lat' dir='ltr'><strong>puuitionem;</strong></span> <span class='ocrx_word' id='word_1_705' title='bbox 2573 4761 2679 4801; x_wconf 93' lang='lat' dir='ltr'><strong>non</strong></span> <span class='ocrx_word' id='word_1_706' title='bbox 2712 4755 2893 4799; x_wconf 89' lang='lat' dir='ltr'><strong>autem</strong></span> <span class='ocrx_word' id='word_1_707' title='bbox 2930 4747 3108 4801; x_wconf 89' lang='lat' dir='ltr'><strong>sciunt</strong></span> <span class='ocrx_word' id='word_1_708' title='bbox 3143 4745 3269 4799; x_wconf 89' lang='lat' dir='ltr'><strong>talia</strong></span> <span class='ocrx_word' id='word_1_709' title='bbox 3304 4747 3567 4812; x_wconf 68' lang='lat' dir='ltr'><strong>dicentes,</strong></span> 
     </span>
    </p>
   </div>
   <div class='ocr_carea' id='block_1_105' title="bbox 2003 4838 3569 4914">
    <p class='ocr_par' dir='ltr' id='par_1_105' title="bbox 2003 4838 3569 4914">
     <span class='ocr_line' id='line_1_105' title="bbox 2003 4838 3569 4914; baseline -0.001 -16"><span class='ocrx_word' id='word_1_710' title='bbox 2003 4859 2200 4914; x_wconf 77' lang='lat' dir='ltr'><strong>magna</strong></span> <span class='ocrx_word' id='word_1_711' title='bbox 2251 4844 2389 4897; x_wconf 79' lang='lat' dir='ltr'><strong>inala</strong></span> <span class='ocrx_word' id='word_1_712' title='bbox 2436 4857 2465 4896; x_wconf 91' lang='lat' dir='ltr'><strong>a</strong></span> <span class='ocrx_word' id='word_1_713' title='bbox 2497 4843 2686 4910; x_wconf 80' lang='lat' dir='ltr'><strong>parvis</strong></span> <span class='ocrx_word' id='word_1_714' title='bbox 2744 4839 2908 4894; x_wconf 88' lang='lat' dir='ltr'><strong>rebus</strong></span> <span class='ocrx_word' id='word_1_715' title='bbox 2961 4838 3286 4908; x_wconf 84' lang='lat' dir='ltr'><strong>principium</strong></span> <span class='ocrx_word' id='word_1_716' title='bbox 3346 4839 3569 4896; x_wconf 74' lang='lat' dir='ltr'><strong>habere.</strong></span> 
     </span>
    </p>
   </div>
   <div class='ocr_carea' id='block_1_106' title="bbox 2003 4923 3570 5003">
    <p class='ocr_par' dir='ltr' id='par_1_106' title="bbox 2003 4923 3570 5003">
     <span class='ocr_line' id='line_1_106' title="bbox 2003 4923 3570 5003; baseline -0.004 -13"><span class='ocrx_word' id='word_1_717' title='bbox 2003 4935 2153 4991; x_wconf 82' lang='lat' dir='ltr'><strong>Istud</strong></span> <span class='ocrx_word' id='word_1_718' title='bbox 2181 4950 2312 4990; x_wconf 90' lang='lat' dir='ltr'><strong>vero</strong></span> <span class='ocrx_word' id='word_1_719' title='bbox 2351 4950 2611 5003; x_wconf 89' lang='lat' dir='ltr'><strong>magnum</strong></span> <span class='ocrx_word' id='word_1_720' title='bbox 2641 4923 2763 4997; x_wconf 86' lang='lat' dir='ltr'><strong>est;</strong></span> <span class='ocrx_word' id='word_1_721' title='bbox 2795 4947 2905 5002; x_wconf 89' lang='lat' dir='ltr'><strong>quo</strong></span> <span class='ocrx_word' id='word_1_722' title='bbox 2931 4931 3075 4986; x_wconf 85' lang='lat' dir='ltr'><strong>enim</strong></span> <span class='ocrx_word' id='word_1_723' title='bbox 3104 4931 3173 4984; x_wconf 90' lang='lat' dir='ltr'><strong>ab</strong></span> <span class='ocrx_word' id='word_1_724' title='bbox 3219 4931 3570 4985; x_wconf 85' lang='lat' dir='ltr'><strong>irrationabi-</strong></span> 
     </span>
    </p>
   </div>
   <div class='ocr_carea' id='block_1_107' title="bbox 2001 5013 3570 5090">
    <p class='ocr_par' dir='ltr' id='par_1_107' title="bbox 2001 5013 3570 5090">
     <span class='ocr_line' id='line_1_107' title="bbox 2001 5013 3570 5090; baseline -0.003 -7"><span class='ocrx_word' id='word_1_725' title='bbox 2001 5030 2146 5085; x_wconf 90' lang='lat' dir='ltr'><strong>libus</strong></span> <span class='ocrx_word' id='word_1_726' title='bbox 2177 5027 2502 5090; x_wconf 77' lang='lat' dir='ltr'><strong>diﬂ‘erimus,</strong></span> <span class='ocrx_word' id='word_1_727' title='bbox 2541 5026 2592 5079; x_wconf 91' lang='lat' dir='ltr'><strong>id</strong></span> <span class='ocrx_word' id='word_1_728' title='bbox 2625 5035 2729 5089; x_wconf 88' lang='lat' dir='ltr'><strong>est,</strong></span> <span class='ocrx_word' id='word_1_729' title='bbox 2779 5033 2990 5090; x_wconf 88' lang='lat' dir='ltr'><strong>mente,</strong></span> <span class='ocrx_word' id='word_1_730' title='bbox 3022 5025 3126 5080; x_wconf 92' lang='lat' dir='ltr'><strong>hoc</strong></span> <span class='ocrx_word' id='word_1_731' title='bbox 3183 5021 3404 5076; x_wconf 80' lang='lat' dir='ltr'><strong>fratrem</strong></span> <span class='ocrx_word' id='word_1_732' title='bbox 3451 5013 3570 5078; x_wconf 75' lang='lat' dir='ltr'><strong>fru-</strong></span> 
     </span>
    </p>
   </div>
   <div class='ocr_carea' id='block_1_108' title="bbox 2003 5117 2705 5183">
    <p class='ocr_par' dir='ltr' id='par_1_108' title="bbox 2003 5117 2705 5183">
     <span class='ocr_line' id='line_1_108' title="bbox 2003 5117 2705 5183; baseline -0.007 -5"><span class='ocrx_word' id='word_1_733' title='bbox 2003 5120 2198 5178; x_wconf 84' lang='lat' dir='ltr'><strong>stravit</strong></span> <span class='ocrx_word' id='word_1_734' title='bbox 2230 5119 2482 5183; x_wconf 88' lang='lat' dir='ltr'><strong>dicendo,</strong></span> <span class='ocrx_word' id='word_1_735' title='bbox 2516 5117 2705 5173; x_wconf 82' lang='lat' dir='ltr'><strong>Fatue.</strong></span> 
     </span>
    </p>
   </div>
   <div class='ocr_carea' id='block_1_109' title="bbox 2078 5224 3567 5295">
    <p class='ocr_par' dir='ltr' id='par_1_109' title="bbox 2078 5224 3567 5295">
     <span class='ocr_line' id='line_1_109' title="bbox 2078 5224 3567 5295; baseline -0.005 -12"><span class='ocrx_word' id='word_1_736' title='bbox 2078 5231 2242 5285; x_wconf 70' lang='lat' dir='ltr'><strong>Vsus.</strong></span> <span class='ocrx_word' id='word_1_737' title='bbox 2263 5228 2354 5283; x_wconf 68' lang='lat'><strong>25.</strong></span> <span class='ocrx_word' id='word_1_738' title='bbox 2383 5226 2511 5280; x_wconf 86' lang='lat' dir='ltr'><strong>Esto</strong></span> <span class='ocrx_word' id='word_1_739' title='bbox 2534 5228 2863 5280; x_wconf 81' lang='lat' dir='ltr'><strong>consentiens</strong></span> <span class='ocrx_word' id='word_1_740' title='bbox 2888 5224 3187 5280; x_wconf 74' lang='lat' dir='ltr'><strong>adversario</strong></span> <span class='ocrx_word' id='word_1_741' title='bbox 3213 5233 3321 5284; x_wconf 85' lang='lat' dir='ltr'><strong>tuo.</strong></span> <span class='ocrx_word' id='word_1_742' title='bbox 3345 5232 3567 5295; x_wconf 86' lang='lat' dir='ltr'><strong>propter</strong></span> 
     </span>
    </p>
   </div>
   <div class='ocr_carea' id='block_1_110' title="bbox 1997 5313 3568 5393">
    <p class='ocr_par' dir='ltr' id='par_1_110' title="bbox 1997 5313 3568 5393">
     <span class='ocr_line' id='line_1_110' title="bbox 1997 5313 3568 5393; baseline -0.005 -18"><span class='ocrx_word' id='word_1_743' title='bbox 1997 5321 2218 5393; x_wconf 84' lang='lat' dir='ltr'><strong>judices</strong></span> <span class='ocrx_word' id='word_1_744' title='bbox 2243 5318 2338 5388; x_wconf 87' lang='lat' dir='ltr'><strong>qni</strong></span> <span class='ocrx_word' id='word_1_745' title='bbox 2373 5317 2482 5373; x_wconf 88' lang='lat' dir='ltr'><strong>illic</strong></span> <span class='ocrx_word' id='word_1_746' title='bbox 2518 5327 2647 5372; x_wconf 84' lang='lat' dir='ltr'><strong>sunt</strong></span> <span class='ocrx_word' id='word_1_747' title='bbox 2678 5325 2733 5370; x_wconf 87' lang='lat' dir='ltr'><strong>et</strong></span> <span class='ocrx_word' id='word_1_748' title='bbox 2779 5317 2923 5370; x_wconf 83' lang='lat' dir='ltr'><strong>viam</strong></span> <span class='ocrx_word' id='word_1_749' title='bbox 2971 5317 3289 5383; x_wconf 85' lang='lat' dir='ltr'><strong>tribunalis;</strong></span> <span class='ocrx_word' id='word_1_750' title='bbox 3328 5313 3568 5369; x_wconf 79' lang='lat' dir='ltr'><strong>reconci-</strong></span> 
     </span>
    </p>
   </div>
   <div class='ocr_carea' id='block_1_111' title="bbox 2004 5404 3568 5478">
    <p class='ocr_par' dir='ltr' id='par_1_111' title="bbox 2004 5404 3568 5478">
     <span class='ocr_line' id='line_1_111' title="bbox 2004 5404 3568 5478; baseline -0.006 -13"><span class='ocrx_word' id='word_1_751' title='bbox 2004 5413 2160 5474; x_wconf 89' lang='lat' dir='ltr'><strong>liare,</strong></span> <span class='ocrx_word' id='word_1_752' title='bbox 2197 5408 2396 5478; x_wconf 90' lang='lat' dir='ltr'><strong>inquit,</strong></span> <span class='ocrx_word' id='word_1_753' title='bbox 2439 5415 2566 5461; x_wconf 86' lang='lat' dir='ltr'><strong>ante</strong></span> <span class='ocrx_word' id='word_1_754' title='bbox 2605 5407 2744 5460; x_wconf 86' lang='lat' dir='ltr'><strong>viam</strong></span> <span class='ocrx_word' id='word_1_755' title='bbox 2783 5405 3092 5472; x_wconf 72' lang='lat' dir='ltr'><strong>tribunalis,</strong></span> <span class='ocrx_word' id='word_1_756' title='bbox 3124 5416 3177 5461; x_wconf 88' lang='lat' dir='ltr'><strong>et</strong></span> <span class='ocrx_word' id='word_1_757' title='bbox 3223 5404 3433 5460; x_wconf 87' lang='lat' dir='ltr'><strong>sustine</strong></span> <span class='ocrx_word' id='word_1_758' title='bbox 3472 5418 3568 5474; x_wconf 82' lang='lat' dir='ltr'><strong>po-</strong></span> 
     </span>
    </p>
   </div>
   <div class='ocr_carea' id='block_1_112' title="bbox 2013 5497 3462 5573">
    <p class='ocr_par' dir='ltr' id='par_1_112' title="bbox 2013 5497 3462 5573">
     <span class='ocr_line' id='line_1_112' title="bbox 2013 5497 3462 5573; baseline -0.008 -12"><span class='ocrx_word' id='word_1_759' title='bbox 2013 5506 2126 5561; x_wconf 89' lang='lat' dir='ltr'><strong>tius</strong></span> <span class='ocrx_word' id='word_1_760' title='bbox 2157 5502 2360 5573; x_wconf 82' lang='lat' dir='ltr'><strong>injuria</strong></span> <span class='ocrx_word' id='word_1_761' title='bbox 2395 5498 2598 5572; x_wconf 90' lang='lat' dir='ltr'><strong>plecti;</strong></span> <span class='ocrx_word' id='word_1_762' title='bbox 2637 5498 2741 5553; x_wconf 84' lang='lat' dir='ltr'><strong>hoc</strong></span> <span class='ocrx_word' id='word_1_763' title='bbox 2766 5498 2911 5552; x_wconf 86' lang='lat' dir='ltr'><strong>enim</strong></span> <span class='ocrx_word' id='word_1_764' title='bbox 2937 5506 3096 5552; x_wconf 88' lang='lat' dir='ltr'><strong>sonat</strong></span> <span class='ocrx_word' id='word_1_765' title='bbox 3115 5497 3462 5551; x_wconf 86' lang='lat' dir='ltr'><strong>consentiens.</strong></span> 
     </span>
    </p>
   </div>
   <div class='ocr_carea' id='block_1_113' title="bbox 2076 5672 3567 5746">
    <p class='ocr_par' dir='ltr' id='par_1_113' title="bbox 2076 5672 3567 5746">
     <span class='ocr_line' id='line_1_113' title="bbox 2076 5672 3567 5746; baseline -0.007 -8"><span class='ocrx_word' id='word_1_766' title='bbox 2076 5684 2246 5740; x_wconf 71' lang='lat' dir='ltr'><strong>Vsus.</strong></span> <span class='ocrx_word' id='word_1_767' title='bbox 2286 5681 2378 5738; x_wconf 71' lang='lat'><strong>28.</strong></span> <span class='ocrx_word' id='word_1_768' title='bbox 2421 5679 2525 5745; x_wconf 83' lang='lat' dir='ltr'><strong>Qui</strong></span> <span class='ocrx_word' id='word_1_769' title='bbox 2567 5678 2750 5733; x_wconf 84' lang='lat' dir='ltr'><strong>uiderit</strong></span> <span class='ocrx_word' id='word_1_770' title='bbox 2801 5677 2871 5730; x_wconf 88' lang='lat' dir='ltr'><strong>ad</strong></span> <span class='ocrx_word' id='word_1_771' title='bbox 2911 5679 3398 5746; x_wconf 83' lang='lat' dir='ltr'><strong>concupiscendum.</strong></span> <span class='ocrx_word' id='word_1_772' title='bbox 3449 5672 3567 5729; x_wconf 81' lang='lat' dir='ltr'><strong>Non</strong></span> 
     </span>
    </p>
   </div>
   <div class='ocr_carea' id='block_1_114' title="bbox 2005 5765 3568 5841">
    <p class='ocr_par' dir='ltr' id='par_1_114' title="bbox 2005 5765 3568 5841">
     <span class='ocr_line' id='line_1_114' title="bbox 2005 5765 3568 5841; baseline -0.01 -5"><span class='ocrx_word' id='word_1_773' title='bbox 2005 5779 2143 5836; x_wconf 72' lang='lat' dir='ltr'><strong>dixit</strong></span> <span class='ocrx_word' id='word_1_774' title='bbox 2169 5773 2492 5841; x_wconf 77' lang='lat' dir='ltr'><strong>simpliciter</strong></span> <span class='ocrx_word' id='word_1_775' title='bbox 2521 5767 3020 5838; x_wconf 82' lang='lat' dir='ltr'><strong>concupiscentiam</strong></span> <span class='ocrx_word' id='word_1_776' title='bbox 3044 5784 3058 5830; x_wconf 87' lang='lat'><strong>;</strong></span> <span class='ocrx_word' id='word_1_777' title='bbox 3085 5783 3206 5822; x_wconf 81' lang='lat' dir='ltr'><strong>nam</strong></span> <span class='ocrx_word' id='word_1_778' title='bbox 3237 5780 3290 5824; x_wconf 91' lang='lat' dir='ltr'><strong>et</strong></span> <span class='ocrx_word' id='word_1_779' title='bbox 3315 5767 3448 5822; x_wconf 93' lang='lat' dir='ltr'><strong>illud</strong></span> <span class='ocrx_word' id='word_1_780' title='bbox 3474 5765 3568 5840; x_wconf 89' lang='lat' dir='ltr'><strong>qui</strong></span> 
     </span>
    </p>
   </div>
  </div>
