4060 6590
477 353 611 419 1031

1183 350 1575 411 OPUSCULA
1616 347 2244 411 SCRIPTURISTICA
2284 346 2631 408 INCERTE
2669 348 2983 413 ΑΞΤΑΤΙΞ.

3576 352 3715 417 1092

479 472 529 525 in
566 465 850 522 inmitibus
879 462 1069 518 vivunt
1103 460 1506 531 experiuntur;
1538 460 1629 515 sed
1663 460 1806 515 intra
1838 475 1896 515 se
1918 475 2037 514 con-

2156 459 2454 527 πάσχουσι·
2489 458 2624 511 ἀλλὰ
2652 457 2713 512 τὸ
2741 459 2921 530 ἑαυτῷ
2951 458 3051 531 τὴν
3096 458 3394 532 ἐπιθυμίαν
3438 461 3715 535 συλλέγειν

476 559 871 628 cupiscentiam
926 556 1107 608 fovere
1140 562 1483 625 peramanter
1526 569 1590 606 ex
1624 553 1850 622 pulchra
1885 552 2041 606 facie.

545 649 710 704 Vens.
738 648 829 703 99.
880 645 938 701 Si
966 646 1149 699 oculus
1180 656 1299 697 tuus
1331 655 1420 696 aut
1459 660 1647 698 manus
1696 652 1787 696 tua
1820 644 2045 695 scanda-

475 741 712 792 lizarerit
751 749 821 791 te.
859 736 980 791 Non
1004 735 1071 789 de
1111 735 1374 789 membris
1409 734 1669 803 loquitur,
1694 732 1784 787 sed
1818 735 1882 787 de
1909 731 2046 785 ami-

475 836 555 887 cis
583 832 674 902 qui
708 831 867 886 nobis
904 830 975 886 ob
1016 829 1437 884 familiaritatem
1472 826 1840 881 membrorum
1870 824 2043 879 instar

477 925 763 977 uninntur.
800 921 1182 978 Scandalizare
1232 930 1414 975 autem
1465 920 1615 981 dicit,
1650 918 1717 971 ad
1758 928 2041 987 peccatum

474 1018 736 1071 excitare.
1271 1053 1277 1057 ς

547 1107 713 1164 Vens.
744 1108 836 1163 ⁸51.
867 1107 1005 1175 Quid
1030 1113 1115 1161 cst
1146 1103 1299 1165 illud,
1333 1101 1426 1155 Det
1456 1104 1503 1156 ei
1531 1101 1765 1155 libellum
1796 1102 2043 1170 repudii"?

475 1209 529 1255 et
579 1200 936 1270 quamobrem
999 1196 1130 1250 illud
1183 1194 1453 1248 dabatur?
1496 1191 1573 1249 Ne
1606 1193 1801 1248 iterum
1845 1191 2041 1248 reverti

474 1293 641 1362 possit
667 1291 735 1345 ad
765 1289 963 1343 virum.
988 1285 1083 1342 lllo
1104 1286 1247 1340 enim
1287 1285 1597 1351 mulierem,
1625 1295 1679 1340 et
1721 1284 1812 1338 illa
1856 1284 2037 1337 virum

469 1379 792 1448 accipiente,
827 1376 873 1431 si
903 1391 1097 1430 rursus
1130 1375 1416 1442 retroitur,
1452 1390 1647 1445 magna
1674 1375 1824 1429 nasci
1856 1381 2043 1444 posset

473 1479 569 1525 aut
594 1468 879 1523 inimicitia
907 1477 1000 1521 aut
1034 1464 1306 1523 confusio.
1355 1466 1725 1522 Constitutum
1774 1475 1859 1521 est
1912 1479 2043 1519 vero

471 1560 638 1625 istud,
673 1560 723 1613 id
746 1567 831 1613 est
858 1558 996 1614 solvi
1028 1559 1462 1625 matrimonium,
1492 1575 1562 1613 ne
1592 1573 1816 1614 exesam
1845 1556 2042 1612 mulie-

472 1666 583 1705 rem
612 1650 830 1718 occidat
860 1650 943 1705 vir
968 1664 1175 1705 veneno
1209 1657 1303 1704 aut
1340 1648 1451 1703 alio
1490 1648 1636 1704 dolo.

2152 553 2218 603 ὲκ
2252 550 2359 603 τῶν
2388 550 2608 621 ὡραίων
2643 551 2870 621 μορφῶν
2899 551 3245 621 ιπιτηδείως.

2234 639 2370 693 Ἐὰν
2414 639 2786 709 σκανδαλίζῃ
2837 655 2912 695 σε
2948 643 2982 694 ὁ
3035 641 3343 711 ὀφθαλμός
3371 658 3490 696 σου
3526 643 3622 697 καὶ
3673 644 3714 712 ἠ

2147 732 2276 800 χείρ
2302 746 2439 786 σου.
2482 733 2556 785 Ui;
2603 734 2733 803 περὶ
2765 733 2943 802 μελῶν
2985 733 3164 802 λέγει,
3202 732 3340 788 ἀλλά
3380 735 3513 805 περὶ
3541 734 3713 803 φίλων

2147 823 2204 875 ἐν
2236 822 2392 888 τάξει
2422 823 2517 876 καὶ
2548 824 2845 893 οἰκειότητι
2885 823 3065 894 μελῶν
3092 824 3262 878 ὄντων
3297 825 3433 894 πρὸς
3466 827 3612 894 ἡμᾶς
3641 826 3708 878 δι’

2146 912 2458 983 οἰκειότητα
2480 930 2494 945 ·
2528 912 2901 978 σκανδαλίζειν
2922 915 2981 969 δὲ
3000 914 3169 985 λέγει,
3197 916 3258 969 τὸ
3282 916 3418 987 πρὸς
3440 917 3714 988 ἁμαρτίαν

2145 1005 2431 1074 ἐρεθίζειν.

2214 1099 2279 1151 Τί
2323 1100 2440 1152 ἐστι
2495 1098 2576 1161 τὸ,
2626 1097 2784 1153 Δότω
2824 1097 2981 1166 αὐτῇ
3018 1099 3262 1162 ,βιϐλίον
3297 1099 3712 1166 ἀποστασίου;

2146 1190 2239 1241 καὶ
2272 1188 2363 1242 διὰ
2394 1188 2448 1241 τί
2485 1188 2641 1242 τοῦτο
2672 1189 2910 1253 ἐδίδοτος
2944 1188 3063 1243 Ἵνα
3092 1188 3165 1258 μὴ
3198 1188 3357 1242 πάλιν
3390 1190 3711 1260 ὲπανακάμ-

2148 1295 2307 1331 πτειν
2350 1276 2578 1331 δύναται
2628 1277 2767 1349 πρὸς
2797 1277 2890 1330 τὸν
2940 1277 3139 1348 ἄνδρα’
3188 1278 3396 1332 ἐκείνου
3449 1279 3558 1350 γάρ
3608 1296 3711 1348 γυ-

2144 1371 2330 1435 ναῖκα,
2368 1367 2464 1422 καὶ
2514 1368 2731 1439 ὲκείνης
2780 1368 2950 1441 ἄνδρα
2995 1368 3399 1440 λαμϐανούσης,
3446 1370 3496 1423 εί
3550 1370 3710 1425 πάλιν

2147 1460 2483 1531 ὑπέστρεφε,
2537 1459 2707 1531 πολλὴ
2742 1459 2810 1514 ἂν
2864 1461 2899 1530 ἠ
2945 1459 3115 1531 ἔχθρα
3160 1460 3256 1513 καὶ⁸
3304 1460 3565 1531 σύγχυσις
3610 1455 3709 1532 ἦν’

2147 1554 2511 1622 συνεχωρεῖτο
2546 1550 2601 1606 δὲ
2634 1552 2813 1620 τοῦτο,
2848 1551 3017 1622 ἠγουν
3046 1550 3107 1605 τὸ
3135 1550 3360 1605 λύεσθαι
3389 1552 3480 1606 τὸν
3512 1552 3711 1622 γάμον,

2147 1645 2234 1697 ἵνα
2273 1643 2396 1714 μὴὸ
2434 1644 2610 1714 μισῶν
2633 1644 2935 1717 ἀποκτείνῃ
2959 1646 3061 1715 τὴν
3095 1643 3435 1715 μισουμένην
3480 1643 3516 1716 ἢ
3564 1660 3703 1715 (pap-

2148 1735 2309 1807 μάκῳ
2338 1735 2370 1805 ἢ
2401 1735 2547 1806 an...
2570 1735 2725 1806 δόλῳ.

544 1832 712 1890 Vens.
739 1834 828 1889 '52.
866 1832 969 1889 Per
1002 1833 1116 1888 hazc
1145 1831 1332 1895 verba,
1367 1829 1476 1897 Qui
1516 1831 1795 1887 dimissam
1827 1833 2037 1886 duxerit

2152 1802 2161 1804 ἡ
2217 1802 2319 1881 me
2339 1802 2434 1879 τοῦ
2475 1802 2807 1895 είπείνξύς
2842 1828 2956 1884 ἐὰν
2974 1828 3439 1899 ἀπολελυμένην
3467 1831 3710 1901 γαμήσῃ

470 1924 778 1989 mwchatur,
807 1924 961 1993 jubet
985 1923 1270 1977 mulierem
1307 1924 1388 1977 vel
1413 1923 1636 1977 invitam
1667 1924 2033 1978 continentem

2151 1918 2443 1988 μοιχᾶται,
2486 1919 2759 1992 ποιεῖτὴν
2792 1923 3025 1990 γυναῖκα
3076 1920 3172 1975 καὶ
3228 1922 3467 1976 ἄκουσαν
3501 1938 3717 1993 σωφρο-

471 2032 623 2081 esse;
658 2032 752 2085 per
793 2015 884 2068 illa
919 2023 1101 2069 autem
1124 2054 1139 2079 ,
1177 2014 1282 2079 Qui
1310 2015 1574 2069 dimiserit
1606 2031 1820 2069 uxorem
1860 2034 2033 2081 suam,

466 2117 682 2176 excepta
708 2108 1087 2176 fornicationis
1116 2124 1298 2169 causa,
1331 2107 1459 2175 facit
1490 2124 1605 2161 eam
1632 2108 1897 2175 maechari,
1927 2124 2039 2163 me-

472 2211 584 2255 tum
617 2199 733 2255 viro
764 2198 942 2271 injicit
974 2215 1043 2255 ne
1074 2214 1195 2256 eam
1224 2201 1483 2258 dimittat.

541 2388 705 2446 Vens.
741 2391 832 2449 '53.
879 2389 998 2447 Non
1052 2391 1231 2446 solum
1287 2390 1567 2462 periurare
1614 2392 1885 2463 prohibet,
1942 2391 2034 2447 sed

466 2483 633 2537 etiam
670 2492 861 2538 contra
906 2483 1187 2538 veritatem
1235 2484 1462 2553 jurarc;
1496 2501 1601 2539 non
1654 2488 1830 2540 solum
1867 2486 2032 2549 istud,

467 2574 562 2629 sed
595 2591 701 2628 non
734 2574 860 2629 licet
889 2590 984 2646 per
1006 2584 1317 2629 creatorum
1347 2575 1658 2645 quodquam
1684 2576 1890 2645 iurare,
1928 2592 2037 2630 non

467 2667 616 2721 enim
645 2666 805 2722 nobis
837 2665 1067 2721 meliora
1092 2676 1252 2732 sunt;
1290 2665 1484 2737 iurans
1526 2681 1653 2721 vero
1695 2682 1793 2737 per
1843 2666 2035 2722 melius

465 2758 728 2828 quiddam
745 2758 917 2827 jurat.

544 2848 704 2903 Vens.
745 2849 833 2904 59.
866 2846 985 2904 Non
1017 2860 1272 2905 resistere
1302 2848 1467 2915 malo,
1500 2850 1586 2904 hic
1614 2866 1720 2904 non
1759 2850 2033 2907 diabolum

469 2939 671 2994 malum
703 2938 999 3008 signiﬁcat,
1030 2940 1125 2993 sed
1151 2939 1351 2994 malum
1391 2941 1636 2996 fratrem.
1664 2941 1817 3007 Quod
1852 2952 2034 2997 autem

466 3030 621 3097 dicit,
651 3030 757 3085 tale
790 3038 872 3087 cst
904 3048 920 3084 :
954 3030 1067 3085 Non
1104 3032 1329 3086 reddere
1356 3033 1558 3087 malum
1588 3049 1687 3104 pro
1732 3034 1901 3099 malo,
1941 3035 2034 3090 sed

2146 2015 2257 2065 νεῖν
2277 2026 2291 2041 ·
2331 2012 2421 2066 διά
2449 2012 2504 2066 δὲ
2540 2015 2636 2067 τοῦ
2671 2014 2871 2079 εἰπεῖν,
2910 2017 3007 2081 “Oc
3040 2014 3118 2069 ἂν
3146 2014 3436 2084 ἀπολύσῃ
3468 2013 3585 2083 τὴν
3608 2034 3715 2083 τυ-

2144 2105 2322 2159 ναῖκα
2350 2105 2539 2160 αὑτοῦ
2560 2107 2859 2176 παρεκτὸς
2876 2109 3064 2176 λόγου
3089 2108 3393 2174 πορνείας,
3428 2108 3587 2161 ποιεῖ
3610 2109 3716 2162 αὐ-

2145 2196 2260 2266 τὴν
2279 2197 2628 2267 μοιχᾶσθαι,
2657 2198 2896 2269 ἔμφοὸον
2921 2199 3297 2270 ἀπεργάζεται
3319 2199 3413 2255 τὸν
3436 2199 3605 2270 ἄνδρα
3626 2201 3713 2254 ἵνα

2147 2288 2224 2360 μὴ
2253 2288 2502 2360 ἀπολύσῃ
2528 2289 2720 2360 αὐτήν.

2218 2384 2293 2437 Oi:
2328 2385 2489 2455 μόνον
2531 2386 2591 2438 τὸ
2621 2388 2904 2459 ἐπιορκεῖν
2945 2385 3166 2453 κωλύει,
3201 2386 3337 2443 ἀλλὰ
3380 2385 3477 2443 καὶ
3514 2387 3574 2442 τὸ
3621 2388 3712 2441 ἐπ’

2146 2474 2410 2545 ἀληθέσιν
2438 2476 2662 2546 ὀμνύειν
2686 2493 2699 2507 ·
2732 2479 2827 2532 καὶ
2851 2478 2910 2531 οὐ
2947 2479 3107 2549 μόνον
3133 2480 3314 2545 τοῦτο,
3342 2479 3457 2533 ἀλλ’
3484 2479 3605 2533 οὐδὲ
3630 2478 3714 2543 εἷς

2144 2585 2198 2621 τι
2253 2568 2362 2622 τῶν
2390 2570 2704 2640 κτισμάτων
2731 2570 2951 2641 ὀμνύειν
2997 2572 3109 2626 δεῖο
3139 2572 3261 2627 οὑδὶ
3285 2573 3394 2643 γὰρ
3426 2572 3712 2642 κρείττονα

2144 2659 2303 2731 ἡμῶν
2321 2677 2337 2692 ο
2380 2663 2409 2714 ὁ
2432 2661 2489 2715 δὲ
2513 2662 2749 2732 ὀμνύων,
2776 2662 2919 2719 κατὰ
2940 2662 3037 2718 τοῦ
3060 2665 3370 2736 κρείττονος
3392 2664 3605 2735 ὀμνύει.

2214 2848 2290 2903 Τὸ
2344 2848 2419 2920 μὴ
2459 2848 2780 2918 ἀντιστῆναι
2812 2846 2889 2919 τῷ
2939 2846 3185 2920 πονηρῷ,
3208 2848 3271 2901 ού
3306 2846 3399 2902 τὸν
3451 2847 3695 2903 διάϐολον

2145 2938 2296 3008 λέγει
2324 2940 2561 3012 πονηρὸν
2600 2939 2859 3005 ἐνταῦθα,
2885 2939 3021 2994 ἀλλὰ
3051 2939 3143 2993 τὸν
3175 2941 3413 3010 πονηρὸν
3444 2940 3672 3011 ἀδελφόν
3691 2957 3705 2972 ο

2142 3031 2171 3084 ὃ
2202 3032 2259 3085 δὲ
2305 3031 2476 3099 λέγει,
2537 3031 2779 3086 τοιοῦτόν
2829 3032 2982 3085 ἐστι*
3030 3030 3123 3107 Mi;
3177 3032 3492 3088 ἀντιδιδόναι
3543 3034 3713 3088 κακὸν
3788 3103 3793 3107 θ

469 3139 529 3177 se
564 3124 805 3192 praebere
831 3121 1017 3193 potius
1047 3121 1113 3177 ad
1147 3124 1350 3178 malum
1403 3124 1718 3194 patiendum
1750 3140 1913 3196 quam
1963 3124 2037 3179 fa-

2151 3124 2267 3177 ἀντὶ
2315 3124 2512 3190 κακοῦ,
2540 3124 2674 3179 ἀλλὰ
2706 3125 2969 3196 παρέχειν
2999 3124 3196 3187 αὐτοὺς
3233 3124 3433 3197 μᾶλλον
3481 3127 3713 3197 πάσχειν

470 3212 749 3268 ciendum.

534 3303 702 3358 Vens.
733 3303 821 3358 40.
855 3302 923 3357 Ei
960 3303 1188 3374 quivult
1240 3315 1411 3359 tecum
1447 3305 1657 3375 judicio
1704 3304 2039 3370 contendere,

466 3398 672 3451 dimitte
717 3398 767 3451 ei
800 3407 861 3451 et
906 3398 1127 3467 pallium
1158 3411 1342 3463 tuum;
1392 3400 1575 3464 idest,
1619 3400 1674 3453 Si
1705 3400 1770 3454 ad
1804 3399 2041 3454 tribunal

468 3490 695 3542 traxerit
750 3499 824 3551 te,
862 3504 969 3543 non
1027 3490 1205 3544 solum
1254 3504 1377 3561 qna:
1404 3491 1608 3561 expetit
1644 3494 1905 3560 concede,
1945 3492 2039 3549 sed

465 3579 630 3633 etiam
660 3578 886 3648 pallium
919 3586 1097 3636 tuum.

548 3668 708 3721 Vens.
743 3667 831 3721 42.
862 3668 977 3722 Non
1010 3668 1328 3724 indistincte
1353 3668 1531 3724 danda
1555 3681 1639 3725 est
1667 3670 2038 3743 elcemosyna,

2145 3213 2333 3277 κακῶς
2364 3215 2398 3285 ἦ
2425 3218 2620 3269 ποιεῖν.

2220 3305 2303 3370 Τῷ
2325 3304 2561 3360 θέλοντι
2589 3305 2863 3375 κριθῆναι
2882 3307 3034 3379 μετά
3065 3308 3204 3375 σοῦ,
3227 3307 3334 3375 δὸς
3366 3306 3463 3365 και
3486 3307 3552 3361 τὸ
3578 3307 3711 3378 lyd-

2141 3397 2273 3452 τιόν
2298 3415 2415 3454 σου
2434 3415 2449 3431 ·
2481 3400 2780 3463 τουτέστιν,
2817 3400 2940 3453 Ἐάν
2966 3402 3047 3464 είς
3077 3400 3430 3473 δικαστήριον
3457 3401 3592 3471 ἕλκῃ
3626 3417 3709 3465 σε,

2147 3485 2222 3560 μὴ
2250 3487 2412 3555 μόνον
2440 3487 2475 3544 ἂ
2502 3488 2657 3559 ζητεῖ
2687 3489 2853 3557 δίδου,
2884 3488 3019 3544 ἀλλά
3049 3490 3145 3544 καὶ⁵
3176 3490 3237 3544 τὸ
3273 3487 3485 3562 ἱμάτιόν
3518 3509 3635 3547 σου.

2218 3675 2334 3748 Οὐχ
2357 3676 2543 3741 ἁπλῶς
2569 3675 2752 3732 δοῦναι
2791 3676 2938 3731 ἐστιν
2968 3675 3360 3751 ἑλεημοσύνης,
3384 3677 3520 3732 ἀλλὰ
3546 3679 3607 3734 τὸ
3635 3680 3713 3747 ὡς

469 3759 562 3814 sed
593 3768 648 3812 ut
688 3768 900 3829 oportet
943 3760 1125 3816 danda
1156 3770 1274 3817 cst'
1310 3761 1364 3816 id
1426 3772 1533 3828 est,
1582 3763 1726 3834 quod
1756 3778 1788 3818 a
1827 3772 2037 3834 petente

2151 3768 2251 3841 χρὴ
2301 3768 2522 3824 δοῦναι·
2566 3771 2595 3824 ὃ
2643 3771 2759 3824 ἐστι
2796 3769 2857 3824 τὸ
2906 3768 3236 3841 ζητούμενον
3282 3771 3436 3844 παρὰ
3485 3772 3577 3826 τοῦ
3611 3773 3712 3846 ζη-

467 3851 766 3921 expetitur.

1067 3975 1299 4034 CAPUT
1332 3976 1420 4035 Vl.

538 4103 686 4160 Vens
736 4109 787 4161 7.
824 4105 1005 4161 Nolite
1028 4108 1253 4161 multum
1278 4107 1443 4178 loqui,
1477 4108 1528 4164 id
1552 4119 1654 4177 est,
1681 4110 1846 4167 nolite
1871 4128 1901 4168 a
1934 4112 2041 4169 Deo

468 4214 575 4251 non
610 4198 990 4252 convenientia
1031 4207 1235 4268 petere.
1264 4199 1452 4255 Vidua:
1483 4203 1793 4272 exemplum
1838 4205 2037 4259 durum

465 4286 736 4341 flectentis
770 4288 1148 4357 magistratum
1203 4293 1611 4362 perseverantia
1657 4292 2035 4363 “agitationis;

464 4385 519 4429 et
554 4377 674 4445 ejus
702 4378 794 4446 qui
836 4379 902 4433 ad
942 4381 1178 4436 amicum
1234 4382 1558 4452 intempesta
1605 4394 1763 4438 nocte
1799 4384 2034 4448 dcwnit,

2139 3859 2379 3923 τοῦντος.

2726 3987 2983 4044 nassa.
3026 3992 3117 4058 cr.

2212 4113 2305 4179 Τὸ,
2337 4112 2433 4181 Μὴ
2456 4113 2901 4183 βαττολογεῖτε,
2940 4117 3098 4169 τοῦτό
3143 4118 3280 4183 ἐστι,
3316 4118 3383 4172 τά
3429 4119 3504 4189 μὴ
3536 4137 3711 4191 προτο

2141 4206 2343 4273 ήκοντα
2362 4204 2437 4275 μὴ
2450 4206 2621 4257 αἰτεῖν
2636 4207 2783 4275 παρὰ
2796 4205 2936 4277 Θεῷ.
2962 4207 3035 4259 Τὸ
3053 4208 3150 4277 τῆς
3162 4211 3336 4280 χήρας
3359 4212 3711 4282 παράδειγμα

2140 4293 2240 4362 τῆς
2285 4293 2378 4346 τὸν
2424 4293 2574 4363 ὠμὸν
2616 4294 2916 4365 καμψάσης
2956 4297 3190 4368 ἄρχοντα
3238 4302 3302 4370 τῇ
3339 4303 3589 4372 συνεχείᾳ
3610 4304 3714 4370 τῆς

2140 4385 2473 4447 ἐντεύξεωςο
2508 4386 2605 4440 καὶ
2655 4386 2715 4441 τὸ
2748 4388 2892 4441 κατὰ
2936 4390 3028 4443 τὸν
3068 4391 3223 4459 φίλον
3272 4392 3367 4445 τὸν
3410 4395 3553 4465 ἀωρὶ
3595 4396 3711 4469 τῶν

464 4480 521 4521 et
554 4468 914 4525 dormientem
943 4486 973 4526 a
1004 4472 1146 4527 lecto
1189 4488 1414 4544 surgere
1445 4474 1612 4545 cogit,
1642 4485 1867 4528 monent
1912 4489 2032 4537 nos,

2151 4475 2356 4528 νυκτῶν
2398 4474 2643 4545 ἐλθόντα,
2697 4481 2793 4535 καὶ
2823 4481 2916 4535 τὸν
2969 4482 3299 4537 καθεύδοντα
3329 4486 3425 4538 καὶ
3472 4487 3582 4539 ἀπὸ
3609 4468 3717 4556 τῆς

467 4567 528 4611 ιιι
579 4574 990 4627 perseveremus
1027 4574 1344 4619 constantes
1395 4563 1451 4617 in
1512 4564 1874 4628 orationibus,
1925 4580 2032 4619 non

464 4658 647 4703 autem
682 4651 916 4707 multum
952 4651 1261 4723 loquentes.

532 4835 695 4891 Vens.
743 4837 799 4894 9.
857 4834 1233 4905 Sancti/iectur
1282 4853 1471 4890 nomen
1504 4846 1686 4900 tuum,
1745 4840 2032 4909 significat,

464 4927 820 4983 Gloril‘tcetur
871 4943 967 4998 per
1009 4928 1174 4981 vitam
1207 4940 1475 4992 nosti-am,
1527 4940 1585 4984 ut
1616 4947 1806 4985 omnes
1832 4932 1923 5001 qui
1956 4934 2034 4987 vi-

467 5018 649 5072 derint
677 5034 800 5081 nos,
834 5028 885 5073 te
915 5017 1243 5088 gloriﬁcent,
1274 5019 1474 5088 inquit,
1508 5021 1637 5091 quia
1669 5021 1749 5078 sic
1784 5038 1882 5078 nos
1905 5038 2032 5078 Con-

463 5111 664 5163 versati
692 5108 985 5165 fuerimus.

425 5202 439 5251 ί
535 5199 703 5256 Vens.
724 5200 814 5255 10.
842 5201 1102 5255 Adveuiat
1128 5218 1343 5272 regnum
1364 5210 1533 5268 tuum,
1560 5205 1852 5273 significat,
1879 5214 2036 5261 terra:

463 5305 573 5345 non
609 5305 669 5346 se
716 5289 960 5345 detineat
992 5291 1085 5362 qui
1132 5300 1413 5363 precatur,
1450 5294 1545 5348 sed
1587 5295 1839 5365 exquirat
1872 5298 2035 5352 caele-

465 5382 570 5435 stia
606 5381 770 5434 bona.
1006 5442 1012 5449 .

525 5471 654 5525 Fiat
712 5472 955 5526 uoluntas
1003 5481 1118 5538 tua,
1173 5474 1445 5543 precantis
1480 5486 1602 5531 est:
1660 5476 1727 5533 Ut
1774 5476 2035 5532 obediunt

461 5562 663 5633 angeli,
693 5577 795 5619 nos
823 5579 1044 5633 quoque
1074 5566 1297 5622 obedire
1325 5567 1494 5623 cﬂice.

529 5743 694 5802 Vens.
732 5746 814 5804 Il.
870 5746 1443 5821 Supersubstautialem
1495 5770 1721 5823 panem,
1763 5756 2029 5825 quotidia-

2142 4565 2330 4635 κλίνης
2373 4568 2704 4635 ἀναστάντα,
2736 4574 3103 4643 μιμνήσκεται
3138 4575 3223 4627 ἵνα
3253 4578 3718 4648 προσεδρεύωμεν

2139 4662 2679 4730 προσκαρτεροῦντες
2715 4663 2815 4732 μὲν
2841 4664 2900 4717 ὲν
2926 4667 3045 4729 ταῖς
3090 4667 3301 4737 εὐχαῖς,
3333 4668 3408 4739 μὴ
3452 4669 3720 4738 βατταλο-

2138 4748 2363 4816 γοῦντες
2384 4750 2460 4803 δέ.

2206 4837 2301 4899 Τὸ,
2368 4839 2732 4908 Ἁγιασθήτω
2774 4845 2841 4897 τὸ
2867 4844 3054 4914 ὄνομά
3081 4863 3220 4911 σου,
3251 4848 3400 4918 δηλοί
3426 4850 3509 4914 τὸ,
3541 4851 3723 4917 A051-

2147 4929 2330 4997 σθήτω
2350 4931 2439 4985 διὰ
2470 4934 2572 5003 τῆς
2600 4936 2873 5007 ἡμετέρας
2908 4938 3077 5011 ζωῆς,
3124 4942 3209 4994 ἵνα
3242 4943 3444 5007 πάντες
3470 4945 3725 5013 δρῶντες

2137 5021 2306 5090 ἡμᾶς,
2333 5020 2597 5086 δοξάσωσί
2624 5040 2704 5093 σε,
2730 5028 2916 5097 φησὶν,
2939 5029 3020 5082 ὅτι
3048 5029 3220 5094 οὕτως
3243 5030 3724 5102 πεπολιτεύμεϐα.

2207 5203 2302 5266 Τὸ,
2344 5205 2598 5260 Ἔλθέτω
2644 5208 2684 5275 ἡ
2709 5208 3001 5273 ,βασιλειά
3044 5226 3184 5274 σου,
3234 5213 3491 5282 σημαίνει
3543 5213 3606 5265 τὸ
3634 5216 3737 5284 μὴ

2139 5296 2525 5367 προσηλῶσθαι
2570 5301 2638 5369 τῇ
2671 5303 2742 5370 γῇ
2782 5300 2875 5354 τὸν
2906 5302 3219 5374 εὐχόμενον,
3245 5304 3382 5358 άλλά
3411 5304 3602 5375 ζητεῖν
3641 5312 3742 5362 τὰ.

2136 5389 2349 5443 ὲκεῖοεν
2377 5390 2576 5457 ἀγαθά.

2208 5482 2303 5546 Τὸ,
2334 5482 2652 5550 Γενηθήτω
2682 5482 2751 5538 τὸ
2779 5484 3009 5555 θέλημὰ
3033 5503 3172 5551 σου,
3205 5488 3501 5558 εὐχομένου
3535 5490 3745 5548 ἐστιν.

2146 5574 2237 5637 Ὦς
2285 5574 2601 5629 ὑπείκουσιν
2652 5578 2702 5630 oi
2731 5579 2976 5646 ἄγγελοι,
3037 5579 3335 5635 ὑπακούειν
3390 5582 3488 5636 καὶ
3533 5584 3742 5652 ἡμᾶς,

2142 5684 2211 5735 φη
2221 5666 2295 5730 si,
2325 5672 2765 5737 παρασκεύασον.

2222 5758 2568 5814 Ἐπιούσιον
2598 5760 2800 5829 ἄρτον,
2827 5762 2918 5815 τὸν
2953 5764 3227 5833 ἐφήμερον
3252 5763 3401 5831 λέγει
3430 5764 3466 5836 ἢ
3492 5764 3584 5819 τὸν
3612 5767 3755 5821 ἐπὶ
