4060 6586
303 341 439 408 1093

1279 338 1604 400 SCHOLIA
1644 338 1942 401 νΕΤΕιιΑ
1982 337 2059 399 ΙΝ
2105 340 2579 403 MATTIUEUM.

3396 345 3537 407 1095

298 454 365 524 τῇ
396 449 587 523 αὔριον
615 448 893 519 διδόμενον
913 460 929 479 ·
962 446 1011 499 0i
1038 443 1094 499 δὲ
1137 444 1199 497 τὸ
1226 445 1388 515 σῶμα
1411 444 1647 517 Χριστοῦ
1679 444 1869 515 λέγου-

1973 461 2102 500 ιιιιιη
2134 456 2292 502 sonat
2321 457 2415 503 aut
2447 449 2541 520 qui
2582 448 2635 504 in
2668 447 2967 505 crastinum
3002 448 3182 505 datur.
3221 449 3323 504 Alii
3356 464 3534 507 autem

300 559 407 610 σιν,
442 542 518 606 ὡς
542 542 609 612 τῇ
636 538 795 611 οὐσίᾳ
823 537 978 610 ἡμῶν
1019 536 1419 608 συμϐάλλοντα.

369 725 471 789 Τὸ,
508 724 608 791 Μὴ
637 721 990 793 εἰσενέγκῃς
1014 718 1171 790 ἡμᾶς
1201 722 1291 787 είς
1328 718 1683 789 πειρασμὸν,
1714 717 1869 791 εὔχε-

304 819 430 873 σθαι
460 816 721 879 διδάσκει,
752 817 827 886 μὴ
846 814 1137 885 έπιπηδᾷν,
1167 812 1304 868 άλλά
1332 812 1714 885 παραιτεῖσθαι
1744 813 1869 877 τοὺς

304 908 522 977 ἀγῶνας
545 924 558 938 ⁸
594 907 849 969 ἐλθόντας
873 906 931 959 δὲ
964 906 1354 976 ἀναδέχεσθαι·
1402 906 1490 959 ἵνα
1529 906 1623 958 καὶ
1656 905 1715 958 τὸ
1740 905 1872 959 άκε-

302 998 513 1063 νὸδοξον
539 1015 633 1051 και
658 1003 720 1051 τὸ
749 999 996 1065 γενναῖον
1020 994 1439 1066 ὲπιδειξὼμεθα.

373 1090 468 1155 Τδ,
503 1089 783 1158 ’Λλειψαι
823 1105 939 1143 σου
972 1088 1036 1141 τὸ
1066 1088 1411 1155 πρόσωπον,
1454 1084 1515 1138 οὐ
1559 1082 1870 1147 κελεύοντός

303 1182 453 1236 ἔστιν
472 1180 739 1249 ἀλείφειν,
765 1179 901 1234 ἀλλὰ
928 1178 1345 1249 νομοθετοῦντος
1370 1179 1623 1230 τοσοῦτον
1647 1176 1869 1247 κρύϐειν

303 1273 519 1337 ἑαυτὸν,
570 1271 711 1326 ὥστε
755 1271 1036 1335 παντελῶς
1067 1270 1375 1337 λανθάνειν,
1414 1269 1606 1342 ὥσπερ
1650 1270 1777 1333 τοὺς
1811 1271 1869 1325 έν

303 1363 613 1437 εὐφροσύνῃ
642 1362 1050 1435 ἀλειφομένους.

386 1456 449 1510 '0
469 1457 719 1526 λύχνος,
742 1454 848 1511 τοῦ
870 1452 1141 1525 σώματός
1164 1452 1336 1510 ἐστιν
1363 1457 1396 1510 d
1424 1452 1871 1525 ὀφθαλμὸς-,ἀῶ

303 1547 375 1600 τὰ
401 1545 548 1616 ἑξῆς.
587 1548 653 1598 ὐ
704 1544 853 1613 λέγει
900 1543 1141 1597 τοιοῦτόν
1167 1544 1335 1607 ἐστιν,
1377 1545 1461 1597 δτι
1488 1544 1623 1614 ὅπερ
1662 1543 1809 1595 ἐστὶν
1842 1543 1871 1597 ὀ

302 1637 581 1708 ὀφθαλμὸς
610 1637 690 1709 τῷ
710 1638 944 1707 σώματι,
974 1635 1131 1690 τοῦτο
1157 1637 1186 1688 ὁ
1218 1634 1342 1697 νοῦς
1372 1636 1440 1709 τῇ
1469 1634 1615 1707 ψυχῇ
1636 1654 1647 1667 ·
1681 1635 1869 1706 ὥσπερ

302 1727 399 1785 οὖν
427 1729 577 1783 οὐδὲν
598 1729 789 1801 ὄφελος
818 1728 898 1800 τῷ
928 1728 1139 1799 σώματι
1176 1726 1254 1799 τῷ
1280 1726 1355 1799 μὴ
1392 1728 1665 1796 βλέποντι,
1696 1726 1869 1789 οὕτως

1968 536 2182 594 Christi
2232 554 2432 611 corpus
2479 540 2813 611 intelligunt,
2867 550 2927 597 ut
2975 542 3295 598 substantia:
3339 554 3536 600 nostra:

1965 629 2358 687 coadunatutn.

2036 720 2201 776 Vsus.
2240 722 2324 777 i5.
2354 719 2435 777 Ne
2458 738 2553 776 nos
2583 722 2804 778 inducas
2847 725 2902 780 in
2931 729 3294 793 tentationem,
3322 727 3535 799 precari

1967 811 2148 877 docet,
2185 827 2252 867 ne
2283 813 2496 869 irruaut
2550 813 2603 868 in
2658 831 2780 883 nos,
2812 817 2905 872 sed
2965 828 3280 875 avertantur
3332 820 3535 889 ιιι-ωηο,

1970 907 2486 974 supervenientibus
2528 919 2709 961 autem
2745 916 2804 963 ut
2835 908 3191 977 resistamus;
3230 912 3410 984 itaque
3439 926 3538 966 nec

1970 1010 2111 1050 vane
2136 997 2358 1066 gloriosi
2390 1014 2489 1053 nec
2521 1000 2783 1056 socordes
2814 999 3179 1056 inveniamur.

2044 1086 2210 1142 Vens.
2244 1089 2329 1144 i7.
2367 1090 2523 1157 Illud,
2565 1089 2780 1146 Faciem
2815 1101 2961 1145 tuam
2997 1109 3151 1163 ungo,
3198 1106 3304 1147 non
3334 1108 3539 1163 prmce-

1970 1186 2122 1245 ptum
2153 1188 2237 1234 est
2275 1183 2534 1250 ungendi,
2562 1182 2655 1237 sed
2687 1183 2997 1237 occultandi
3036 1199 3096 1239 sc
3134 1184 3229 1238 tali
3265 1185 3449 1251 modo,
3480 1192 3541 1238 ut

1971 1268 2201 1324 omnino
2232 1271 2459 1338 lateant,
2486 1282 2744 1343 tanquam
2776 1272 2832 1328 in
2866 1274 3064 1345 gaudio
3099 1273 3265 1329 uncti.

2042 1447 2328 1506 γειιε.ἓὶ.
2366 1448 2607 1505 Lucerna
2656 1452 2887 1523 corporis
2928 1462 3007 1508 est
3061 1453 3263 1522 oculus,
3314 1461 3367 1509 et
3418 1468 3540 1525 quae

1972 1550 2300 1611 sequuntur.
2345 1542 2501 1607 Quod
2544 1544 2697 1606 dicit,
2739 1543 2845 1599 tale
2866 1554 2949 1599 est
2987 1562 3002 1598 :
3046 1544 3196 1612 Quod
3230 1546 3420 1600 oculus
3455 1556 3539 1602 est

1970 1633 2210 1703 corpori,
2244 1634 2373 1688 illud
2415 1643 2499 1689 est
2525 1634 2722 1688 animae
2767 1649 2956 1701 meus;
2988 1644 3046 1689 ut
3087 1649 3218 1705 ergo
3249 1636 3381 1689 nihil
3411 1651 3541 1705 pro-

1970 1724 2088 1779 dest
2120 1740 2316 1794 corpus
2347 1726 2467 1779 visu
2492 1740 2706 1789 carens,
2742 1726 2815 1779 ita
2845 1726 2936 1795 qui
2960 1727 3349 1779 conscientiam
3379 1726 3541 1781 habet

302 1819 381 1891 τῷ
407 1822 777 1891 έσκοτισμένῳ
808 1820 907 1892 τὴν
934 1819 1170 1874 διάνοιαν
1200 1817 1587 1872 ὲπιτεθόλωται
1625 1819 1659 1889 ἡ
1680 1814 1867 1871 ἐντεῦ-

1971 1816 2211 1871 tenehris
2275 1817 2597 1883 involutam,
2656 1817 2804 1871 illius
2863 1816 2989 1870 inde
3046 1817 3226 1870 omnis
3266 1816 3375 1868 vita
3418 1831 3541 1869 cor-

304 1913 396 1968 θεν
425 1917 575 1965 πᾶσα
608 1912 744 1982 ζωή.

374 2002 498 2062 Πῶς
528 1999 745 2070 νοητέον
773 1999 854 2062 τὸ,
911 1998 1114 2065 Οὐδεὶς
1161 1998 1412 2053 δύναται
1460 1998 1603 2053 δυσὶ
1642 1998 1868 2067 κυρίοις

304 2086 654 2150 δουλεύειη
703 2085 807 2139 Δύο
836 2087 961 2151 τοὺς
999 2087 1216 2141 ἐναντία
1264 2088 1649 2151 ἐπιτάττοντας
1688 2087 1864 2156 λέγει·

306 2178 373 2231 ἂν
405 2176 511 2247 γὰρ
539 2178 614 2247 μὴ
635 2175 791 2229 τοῦτο
819 2176 924 2245 εἴη,
955 2178 1076 2230 οὐδὲ
1108 2176 1200 2230 δύο
1247 2180 1313 2232 ἂν
1349 2175 1478 2245 εἷεν,
1508 2178 1623 2232 ἀλλ’
1653 2172 1764 2241 εἷς·
1792 2179 1869 2242 ὡς

301 2270 384 2338 τὸ,
413 2269 521 2325 Καὶ
550 2270 657 2339 γὰρ
684 2270 791 2323 τοῦ
838 2270 1112 2341 πλήθους
1140 2268 1260 2325 τῶν
1300 2270 1755 2326 πιστευσάντων
1790 2266 1871 2342 ἦν

304 2365 343 2432 ἡ
383 2362 554 2432 ψυχὴ
589 2362 716 2431 μία-

375 2455 629 2524 Μαμωνᾶ
657 2454 747 2507 τὸν
782 2453 1009 2509 πλοῦτον
1038 2453 1208 2525 λέγει,
1240 2454 1353 2509 ἀλλ’
1387 2454 1448 2508 οὑ
1474 2453 1564 2509 τὸν
1600 2453 1868 2519 διάϐολον,

308 2546 383 2611 ὡς
418 2548 466 2599 οἰ
501 2546 685 2599 πολλοὶ
714 2546 985 2615 λέγουσιν.

374 2638 473 2706 Μὴ
519 2637 927 2707 μεριμνήσητε
973 2635 1049 2706 τῇ
1087 2635 1262 2707 ψυχῇ
1303 2636 1469 2707 ὑμῶν
1512 2638 1570 2691 τί
1608 2635 1869 2708 φάγητε·

304 2731 447 2787 κατὰ
472 2732 567 2801 τὴν
597 2729 781 2800 κοινὴν
814 2729 1102 2800 συνήθειαν
1138 2729 1285 2799 λέγει
1314 2731 1408 2783 καὶ
1438 2728 1505 2783 τά
1534 2727 1704 2782 πολλὰ
1732 2726 1873 2798 βρὼο

308 2839 486 2894 ματα·
534 2821 705 2877 ταῦτα
754 2821 862 2894 γὰρ
918 2821 1055 2892 μετὰ
1096 2823 1401 2893 μερίμνης·
1437 2823 1470 2893 ἢ
1516 2821 1657 2875 κατὰ
1694 2819 1872 2891 ψυχὴν

305 2914 454 2983 λέγει
490 2914 565 2985 μὴ
594 2912 818 2969 τοιαῦτα
859 2912 1167 2983 φροντίζειν
1188 2929 1203 2944 ·
1252 2912 1393 2966 ὥστε
1423 2913 1561 2965 κατᾶ
1590 2911 1873 2964 διάστασιν

303 3005 701 3073 ἀναγνωστέον,
729 3004 777 3056 εἱ
809 3002 982 3068 οὕτως
1017 3007 1157 3057 νοεῖν
1189 3003 1439 3075 θέλοιμεν
1457 3020 1472 3035 ·
1500 3004 1594 3059 καὶ
1618 3000 1873 3073 στίζομεν

303 3102 384 3165 εἰς
412 3098 509 3170 τὴν
538 3097 717 3169 ψυχὴν
739 3138 755 3166 ,
782 3092 900 3150 εἶτα
930 3096 1231 3168 ἀρξόμεθα.

385 3283 755 3356 Ἔμϐλέψατε
775 3284 863 3351 εις
887 3281 960 3337 τὰ
986 3281 1229 3337 πετεινὰ
1245 3281 1352 3337 τοῦ
1373 3282 1655 3350 οὐρανοῦ,
1679 3282 1769 3338 ὅτι
1793 3284 1867 3339 οὐ

301 3382 658 3447 σπείρουσι·
696 3376 857 3431 τοῦτο
889 3376 945 3431 δὲ
985 3376 1135 3445 λέγει
1164 3375 1264 3445 οὐχ
1304 3375 1393 3429 ἴνα
1424 3376 1498 3448 μὴ
1530 3374 1864 3446 σπείρωμεν,

301 3474 418 3529 ἀλλ’
445 3473 532 3525 ῐνα
563 3471 638 3542 μὴ
673 3469 1114 3541 μικροψυχῶμεν.

377 3567 495 3618 Ἵνα
527 3564 658 3636 εἴπῃ
678 3564 759 3616 ὅτι
788 3564 821 3631 ἡ
841 3561 927 3614 ἐπ’
963 3562 1134 3631 αὐτῆς
1163 3558 1415 3631 ἐργασία,
1450 3561 1655 3631 μυρίων
1685 3560 1868 3614 κόπων

302 3659 401 3710 καὶ
460 3656 637 3708 πόνων
708 3654 945 3723 ὑπάρχει
1005 3652 1285 3722 πρόξενος.
1356 3653 1463 3705 Καὶ
1528 3652 1739 3717 άλλως·
1797 3654 1865 3707 Τὸ

298 3748 556 3817 ἀρκετὸν
602 3746 676 3815 τῇ
736 3747 922 3816 ἡμέρᾳ
956 3744 993 3812 ἡ
1038 3746 1216 3797 κακία
1281 3742 1511 3811 αὐτῆς,
1576 3744 1637 3797 οὐ
1696 3760 1868 3811 πονη-

304 3843 427 3913 ρίαν
460 3840 672 3913 ήμέρας
702 3840 873 3909 λέγει,
897 3838 1033 3893 ἀλλὰ
1061 3838 1156 3891 τὸν
1181 3836 1341 3891 πόνον
1370 3838 1464 3889 καὶ
1490 3834 1587 3907 τὴν
1613 3836 1867 3908 φροντίδα

302 3934 337 4004 ἡ
347 3931 485 4003 μῶν.

894 4058 1143 4114 ΚΕΦΑΛ.
1197 4057 1271 4112 Ζ’.

372 4189 499 4253 Πῶς
528 4187 750 4258 νοητέον
778 4184 863 4249 τὸ,
896 4183 994 4253 Μὴ
1042 4182 1299 4251 κρίνετε,
1348 4181 1448 4234 ἵνα
1471 4179 1555 4251 μὴ
1584 4178 1866 4247 κριθῆτε;

304 4283 478 4336 Τοῦτο
502 4280 675 4348 λέγει,
705 4278 791 4331 ἴνα
834 4276 909 4348 μὴ
937 4278 964 4330 ὀ
995 4274 1208 4346 μυρίων
1249 4272 1434 4343 γέμων
1488 4273 1695 4337 κακῶν,
1728 4272 1868 4341 ὑπὲρ

308 4374 519 4448 μικρῶν
547 4390 706 4425 τινων
729 4368 1013 4441 ἁμαρτιῶν
1058 4368 1215 4422 ἄλλον
1250 4366 1519 4441 ὀνειδίζῃ·
1548 4367 1628 4420 διὸ
1650 4366 1744 4418 καὶ
1765 4366 1865 4418 ἐπ-

305 4469 484 4539 ήγαγε
514 4464 643 4536 περὶ
676 4462 772 4516 τοῦ
804 4462 1070 4531 κάρφους.

378 4645 441 4699 Τί
474 4642 727 4709 ,ϐλέπεις
753 4640 819 4695 τὸ
851 4637 1078 4708 κάρφος
1111 4637 1177 4691 τὸ
1206 4637 1269 4690 ἐν
1309 4635 1389 4703 τῷ
1428 4636 1712 4708 ὀφθαλμῷ
1760 4655 1869 4693 του

302 4730 571 4802 ἀδελφοῦ
601 4745 718 4785 σου
738 4746 757 4796 ;
780 4728 873 4783 καὶ
896 4729 964 4781 τά
988 4726 1135 4796 ἑξῆς.
1166 4724 1356 4778 Πολλοὶ
1376 4724 1430 4777 δὲ
1454 4725 1610 4779 τοῦτο
1637 4726 1870 4779 ποιοῦσι·

302 4829 399 4882 καὶ
436 4826 531 4879 ἐὰν
566 4823 719 4876 ἴδωσι
769 4820 964 4892 μικρὸν
1017 4820 1279 4887 πταῖσμα,
1318 4816 1520 4881 εὐθέως
1568 4818 1869 4889 ἐλέγχουσι,

301 4919 374 4973 τά
416 4918 649 4988 μέγιστα
696 4912 852 4967 αὐτοὶ
882 4911 1097 4982 ἔχοντες
1139 4909 1480 4978 πταίσματα.
1520 4909 1870 4979 Διορθοῦσθαι

302 5010 398 5065 οὖν
450 5007 578 5078 χρὴ,
614 5003 750 5059 ἀλλὰ
786 5003 862 5074 μὴ
911 5002 986 5064 ὡς
1030 4998 1321 5071 πολεμίους
1377 4999 1648 5071 ἐλέγχειν,
1691 5002 1784 5053 καὶ
1814 5001 1870 5054 ἐν

304 5102 418 5161 τοῖς
474 5098 677 5167 ἑτέρων
729 5091 1122 5164 ἁμαρτήμασιν
1185 5089 1453 5160 ὑπάρχειν
1528 5089 1725 5159 πικρὸν
1775 5088 1871 5143 καὶ

305 5189 628 5260 ὑποκριτήν.

376 5282 475 5350 Μὴ
505 5280 653 5333 δῶτε
679 5279 747 5333 τὸ
778 5276 949 5347 ἄγόν
974 5275 1099 5341 τοῖς
1115 5274 1284 5340 κυσί,
1316 5276 1406 5327 καὶ
1426 5274 1493 5327 τὰ
1513 5274 1658 5343 ἑξῆς.
1688 5274 1872 5338 Κύνας

301 5374 431 5436 τοὺς
461 5374 518 5425 ἐν
554 5368 777 5439 ἀσεϐείᾳ
805 5365 1015 5430 ζῶντάς
1046 5380 1179 5436 φησι
1198 5380 1213 5395 ·
1247 5363 1324 5434 μὴ
1348 5364 1687 5434 μεταδιδόναι
1709 5363 1870 5433 λόγου

302 5464 585 5527 εὐσεϐείας
618 5462 787 5529 λέγει.

376 5560 561 5629 Χοῖροι
594 5559 643 5611 oi
682 5558 739 5611 ἐν
771 5555 846 5625 τῷ
877 5554 975 5625 τῆς
1008 5550 1283 5623 ἁμαρτίας
1337 5548 1582 5621 βορϐόρῳ
1626 5548 1874 5618 ἑγκυλιό-

306 5671 483 5727 μενοι.

376 5747 449 5801 Τὸ
480 5747 560 5812 δὲ,
593 5748 726 5804 Ἵνα
745 5746 828 5817 μὴ
857 5740 1222 5812 στραφέντες
1248 5738 1519 5808 ῥήξωσιν
1554 5737 1724 5808 ὑμᾶς,
1751 5740 1872 5793 ἀντὶ

1969 1910 2269 1978 rumpitur.

2047 1999 2214 2055 Vens.
2251 1999 2345 2055 24.
2378 1998 2667 2066 Quomodo
2711 1998 3139 2067 intelligendum,
3174 1995 3340 2052 Nemo
3373 2007 3542 2069 potest

1968 2093 2172 2146 duobus
2223 2093 2456 2146 dominis
2496 2093 2729 2147 servire?
2767 2092 2911 2145 Duos
2963 2092 3238 2144 contraria
3287 2091 3540 2160 jllltL‘LlCS

1968 2187 2137 2253 dicit;
2172 2186 2215 2241 si
2252 2186 2396 2239 enim
2422 2185 2472 2240 id
2513 2199 2619 2238 non
2655 2184 3013 2256 contingeret,
3047 2196 3155 2235 non
3196 2182 3303 2235 duo
3328 2193 3537 2246 essent,

1969 2280 2063 2335 sed
2118 2295 2309 2334 unus:
2349 2290 2407 2333 ut
2456 2279 2510 2331 in
2559 2278 2665 2332 isto
2723 2278 2879 2341 loco,
2910 2274 3117 2328 Etenim
3171 2273 3531 2329 multitudinis

1970 2370 2292 2423 credentium
2324 2380 2437 2423 erat
2468 2368 2647 2421 anima
2678 2384 2807 2420 una.

2042 2460 2351 2515 Mammona
2398 2460 2616 2515 divitias
2671 2468 2851 2526 sonat,
2894 2468 2946 2515 et
2986 2475 3092 2513 non
3137 2458 3441 2524 diabolum,
3485 2467 3541 2509 ut

1972 2549 2126 2605 mulli
2158 2550 2369 2605 dicunt.

2046 2640 2208 2697 Vsus.
2241 2641 2333 2698 25.
2388 2640 2470 2696 Ne
2504 2642 2731 2696 solliciti
2771 2642 2885 2696 sitis
2939 2641 3132 2695 anith
3184 2647 3367 2694 vestra:
3416 2639 3545 2710 quid

1972 2736 2324 2791 manducetis.
2358 2733 2515 2790 Cit-ca
2548 2750 2894 2789 communem
2921 2733 3376 2788 consuetudinem
3410 2732 3543 2784 dicit

1971 2834 2026 2880 et
2068 2826 2237 2881 multa
2288 2826 2580 2891 alimenta;
2637 2828 2751 2880 lucc
2800 2826 2947 2880 enim
2987 2840 3110 2879 cum
3175 2824 3544 2878 sollicitudine

1973 2926 2136 2982 sunt;
2163 2925 2256 2970 aut
2289 2918 2435 2972 circa
2477 2918 2715 2970 animam
2748 2932 2854 2971 non
2884 2916 2950 2970 de
2976 2915 3180 2969 talibus
3207 2928 3439 2977 curare;
3470 2913 3542 2965 ita

1976 3019 2036 3064 ut
2065 3008 2369 3079 separando
2417 3010 2703 3079 legendum
2738 3011 2831 3073 sit,
2864 3008 2909 3063 si
2952 3007 3023 3060 ita
3056 3006 3357 3074 intelligere
3387 3007 3543 3057 volu-

1897 3124 1941 3183 ο
1978 3117 2120 3166 mus,
2150 3109 2201 3155 et
2232 3110 2493 3171 punctutu
2522 3100 2575 3153 in
2609 3100 2848 3154 animam
2874 3097 3150 3168 ponimus,
3186 3094 3384 3151 deinde
3412 3092 3542 3147 inci-

1974 3208 2178 3265 pimus.

2055 3284 2216 3341 Vens.
2251 3282 2343 3340 9.6.
2370 3282 2628 3352 Respicite
2682 3279 2923 3337 volatilia
2970 3279 3107 3343 coeli,
3158 3277 3407 3349 quoniam
3439 3292 3544 3331 non

1973 3387 2175 3434 serunt.
2202 3377 2315 3433 lloc
2346 3386 2525 3433 autem
2555 3378 2687 3432 dicit
2718 3384 2903 3432 nonut
2930 3389 3037 3430 non
3068 3372 3421 3437 seminemus,
3447 3369 3544 3425 sed

1976 3485 2044 3525 ne
2076 3470 2263 3523 animo
2292 3468 2638 3523 deﬁciamus.

2054 3564 2218 3619 Vsus.
2244 3564 2331 3618 34.
2351 3562 2516 3628 Quasi
2546 3561 2771 3624 diceret,
2796 3559 2847 3613 in
2874 3558 2976 3612 hac
3006 3556 3092 3611 die
3116 3569 3213 3609 sua
3244 3561 3325 3607 est
3352 3565 3542 3619 opera,

1975 3657 2222 3711 laborum
2254 3656 2545 3710 multorum
2581 3664 2633 3707 et
2658 3653 3001 3721 negotiorum
3029 3663 3213 3702 causa.
3248 3642 3312 3698 Et
3336 3644 3493 3697 aliter
3522 3658 3539 3694 :

1977 3749 2181 3820 Sufﬁcit
2216 3749 2324 3802 diei
2361 3747 2569 3801 malitia
2607 3762 2731 3811 sua,
2778 3759 2885 3796 non
2923 3740 3181 3795 malitiam
3221 3737 3328 3792 diei
3370 3734 3541 3801 audit,

1974 3841 2073 3898 sed
2096 3842 2340 3897 laborem
2376 3848 2621 3896 nostrum
2654 3844 2711 3892 et
2734 3834 3179 3893 sollicitudinem.

2566 4050 2796 4108 CAPUT
2836 4046 2950 4104 VII.

2050 4179 2214 4237 Vnus.
2260 4178 2311 4233 Ι.
2344 4175 2630 4243 Quomodo
2670 4171 3097 4241 intelligendum,
3135 4168 3255 4223 Non
3299 4168 3541 4237 jndicote

1977 4285 2033 4328 ut
2077 4291 2179 4329 non
2214 4269 2577 4343 judiccmini?
2612 4270 2727 4322 Iloc
2772 4265 2923 4329 dicit,
2958 4275 3017 4318 ut
3043 4264 3134 4333 qui
3173 4263 3358 4316 multis
3406 4278 3541 4314 one-

1978 4380 2133 4422 ratur
2174 4365 2370 4433 culpis,
2404 4369 2619 4432 propter
2665 4359 2809 4413 leves
2838 4357 3098 4427 quasdam
3150 4355 3336 4423 culpas
3369 4354 3537 4407 alium

1898 4475 1943 4531 ι)
1980 4473 2085 4511 non
2155 4456 2471 4527 impugnet;
2542 4453 2663 4506 ideo
2712 4447 3062 4521 prosequitur
3106 4450 3172 4503 de
3220 4447 3429 4501 festuca
3459 4448 3539 4500 lo-

2013 4565 2168 4600 IICIIS.

2013 4565 2043 4600 ιι
2154 4586 2168 4600 .

1971 4565 2005 4619 q
2050 4563 2215 4691 illis.
2235 4637 2288 4691 5.
2325 4634 2464 4701 Quid
2494 4635 2634 4688 vides
2658 4633 2915 4702 festucam
2948 4631 3003 4683 in
3034 4628 3185 4683 oculo
3220 4629 3402 4701 fratris
3432 4630 3508 4681 tui
3520 4626 3543 4681 τ

1974 4742 2029 4787 et
2060 4731 2288 4801 reliqua.
2342 4728 2494 4783 Multi
2529 4736 2711 4782 autem
2754 4725 2858 4778 hoc
2897 4731 3097 4794 agunt;
3145 4730 3200 4777 et
3230 4724 3273 4775 si
3308 4722 3542 4774 viderint

1972 4824 2146 4878 levem
2196 4823 2433 4891 culpant,
2490 4820 2743 4873 incusare
2792 4816 3072 4878 festinant,
3131 4813 3396 4867 maximas
3439 4812 3539 4880 ipsi

1975 4915 2166 4984 culpas
2191 4914 2472 4967 habentes.
2496 4911 2781 4980 Cornigere
2810 4924 2939 4977 ergo
2970 4921 3069 4960 nos
3094 4914 3330 4975 Oportet,
3364 4917 3539 4972 neque

1973 5016 2031 5059 ut
2063 5006 2317 5059 inimicos
2357 5004 2677 5072 impugnare
2726 5015 2903 5069 neque
2930 5000 2984 5053 in
3015 4998 3247 5052 aliorum
3298 4997 3538 5065 peccatis

1970 5094 2200 5149 acerbos
2238 5107 2360 5148 esse
2385 5100 2437 5147 et
2465 5092 2794 5163 hypocritas.

2047 5284 2213 5341 Vens.
2245 5282 2296 5337 6.
2331 5281 2511 5336 Nolite
2543 5282 2672 5334 dare
2720 5288 2961 5333 sanctum
3001 5278 3257 5339 canibus;
3312 5286 3364 5331 et
3411 5276 3540 5329 reli-

1972 5395 2101 5450 qua.
2129 5376 2304 5430 Canes
2336 5374 2426 5443 qui
2472 5372 2523 5426 in
2573 5371 2850 5441 impietate
2885 5370 3088 5439 degunt
3135 5374 3313 5434 vol-at,
3354 5367 3541 5421 docet-

1974 5487 2081 5542 que
2112 5484 2220 5523 non
2254 5467 2337 5521 his
2368 5464 2620 5518 tradatur
2650 5463 2794 5516 verbi
2836 5462 3047 5530 religio.

2046 5560 2201 5615 Porci
2239 5566 2387 5623 sunt,
2420 5556 2510 5627 qui
2549 5556 2601 5608 in
2638 5553 2843 5625 peccati
2879 5550 3164 5605 volutabra
3193 5556 3536 5618 merguntur.

2043 5740 2177 5798 Illud
2214 5746 2418 5803 autem,
2458 5734 2536 5790 Nc
2574 5735 2808 5787 (Ottt'erst'
2842 5734 3147 5801 dirumpunt
3183 5747 3291 5794 ros,
3322 5729 3543 5791 ponitur
