4026 6564
521 357 662 423 1095

1232 357 1626 419 OPUSCULA
1666 356 2296 418 SCRIP‘I‘URISTICA
2335 355 2681 417 INCERTE
2720 357 3020 418 .ET.\TIS.

3622 358 3753 422 1036

515 489 635 542 pro,
665 471 744 529 Ne
778 472 1011 544 primum
1048 470 1391 538 simulantes,
1425 470 1619 526 deinde
1641 486 1740 526 vos
1766 479 1819 525 et
1850 480 2081 525 vestram

2190 468 2305 535 τοῦ,
2348 469 2463 523 ’Ὶνα
2497 469 2571 542 μὴ
2620 470 2884 539 πρότερον
2924 468 3338 538 ὑποκριθέντες,
3388 469 3612 543 ὕστερον
3663 475 3756 525 καὶ

511 566 813 621 doctrinam
848 564 1143 619 invideant.

587 654 750 711 Vens.
786 655 835 708 ’1.
869 653 981 710 Cur
1013 661 1258 723 petentes
1284 666 1393 707 non
1423 652 1745 722 accipimus,
1772 662 1824 706 et
1848 666 2083 721 prteser-

513 748 608 800 tim
661 747 877 815 quando
929 745 1231 816 spiritualia
1291 745 1568 816 petimus?
1622 744 1758 810 Quia
1812 760 1917 798 non
1955 758 2079 797 cum

513 839 679 891 multa
714 839 760 892 vi
793 838 1059 907 pulsasti;
1097 845 1193 891 aut
1257 837 1481 891 omnino
1522 836 1774 907 indignus
1804 852 1863 889 es
1892 850 2080 889 eorum

511 945 632 1000 quae
671 930 896 999 petiisti,
932 938 1028 984 aut
1057 928 1201 999 quod
1232 930 1483 983 celeriter
1510 937 1690 998 petere
1723 927 1972 981 cessasti.

589 1019 750 1075 Vens.
812 1022 901 1075 i4.
941 1020 1224 1086 Quomodo
1280 1031 1566 1089 angustam
1621 1029 1829 1087 portam
1886 1026 1941 1071 et
1996 1032 2085 1071 ar-

512 1124 653 1168 etam
706 1123 886 1179 vocat,
923 1127 1049 1167 cum
1098 1112 1150 1165 in
1202 1112 1309 1164 alio
1334 1111 1453 1164 loco
1488 1112 1633 1164 dicat
1677 1110 1865 1180 jugum
1922 1124 2081 1161 suum

513 1220 677 1258 snare
714 1212 768 1257 et
815 1219 956 1257 onus
1011 1202 1160 1258 leve?
1208 1202 1505 1273 Gregorius
1556 1203 1707 1272 prius
1756 1203 1822 1258 de
1876 1203 2085 1269 labore,

513 1295 781 1363 posterius
811 1294 876 1347 de
906 1308 1001 1363 spe
1032 1293 1443 1363 interpretatur.
1486 1292 1723 1348 Joannes
1754 1306 1933 1349 autem
1998 1310 2086 1348 so-

512 1386 662 1440 brios
691 1400 790 1439 nos
822 1401 941 1440 esse
963 1385 1121 1455 jubet
1151 1394 1205 1439 et
1235 1386 1446 1455 vigiles,
1482 1395 1537 1440 et
1566 1387 1767 1441 excitat
1798 1390 2085 1458 cogitatio-

511 1492 609 1531 nes
640 1486 876 1541 nostras,
917 1492 985 1530 ne
1022 1486 1277 1546 tanquam
1314 1476 1530 1531 facilem
1571 1494 1946 1547 aspernemur,
1989 1479 2085 1534 sed

512 1579 774 1640 tanquam
802 1581 1099 1638 angustam
1131 1571 1361 1625 viriliter
1400 1572 1802 1641 aggrediamur.

583 1659 751 1714 Vens.
770 1662 861 1713 2|.
886 1659 1007 1713 Non
1035 1662 1203 1714 omnis
1232 1662 1321 1731 qui
1344 1661 1471 1715 dicit
1514 1644 1662 1729 mihi,
1698 1662 1941 1725 Domine,
1978 1661 2083 1716 Do-

514 1753 674 1812 mine.
724 1752 945 1805 intrabit
991 1754 1045 1806 in
1076 1770 1291 1823 regnum
1350 1753 1622 1818 malorum,
1679 1755 1769 1807 sed
1814 1756 1902 1825 qui
1953 1756 2083 1824 facit

2186 562 2331 632 ὑμᾶς
2365 565 2457 616 καὶ
2488 563 2586 634 τὴν
2615 563 2834 633 διδαχὴν
2865 562 3293 633 κωμῳδήσωσιν.

2253 654 2352 707 Διά
2382 654 2435 707 τί
2464 654 2736 717 αἰτοῦντες
2759 656 2820 707 οὐ
2847 655 3195 724 λαμϐάνομεν
3222 696 3237 720 ,
3260 654 3355 708 καὶ
3374 656 3609 726 μάλιστα
3630 658 3757 711 ὅταν

2184 742 2533 812 πνευματικά
2563 744 2803 813 αἰτῶμεν
2830 760 2843 806 ;
2874 744 2997 796 Ὀτι
3026 745 3087 796 οὐ
3121 744 3258 812 μετά
3294 745 3529 807 σπουδῆς
3553 745 3753 814 πολλῆς

2185 834 2472 904 ἐκρουσας·
2495 836 2524 904 ἢ
2548 836 2763 898 πάντως
2789 835 3007 900 ἀνάξιος
3027 836 3100 888 ῶν
3124 836 3351 907 ᾔτησας,
3378 836 3411 907 ἢ
3440 836 3520 889 ὅτι
3545 838 3756 907 ταχέως

2184 926 2428 996 ἀπέστης
2466 927 2806 997 αἰτούμενος.

2254 1017 2378 1080 Πῶς
2413 1019 2603 1088 στενὴν
2628 1018 2726 1089 τὴν
2752 1018 2925 1089 πύλην
2953 1019 3043 1073 καὶ
3068 1020 3434 1090 τεθλιμμένην
3462 1019 3666 1085 καλῶν,
3695 1019 3751 1071 ἓν

2183 1111 2326 1182 ἄλλῳ
2360 1110 2507 1179 λέγει
2539 1112 2630 1165 τὸν
2654 1112 2817 1179 ζυγὸν
2856 1112 3019 1166 αὑτοῦ
3050 1115 3281 1184 χρηστὸν
3318 1113 3412 1166 καὶ
3445 1114 3505 1166 τδ
3533 1113 3753 1183 φορτίον

2184 1202 2453 1272 ἐλαφρόν;
2492 1204 2550 1257 Ὀ
2584 1205 2682 1275 μὲν
2708 1205 3009 1276 Γρηγόριος
3038 1205 3097 1258 τὸ
3127 1206 3226 1276 μὲν
3252 1205 3339 1258 διὰ
3365 1205 3454 1258 τὸν
3485 1207 3666 1266 πόνον,
3693 1205 3751 1256 τὸ

2182 1294 2239 1346 δὲ
2273 1293 2360 1346 διά
2390 1294 2489 1364 τὴν
2530 1295 2719 1348 ἐλπίδα
2750 1292 2925 1350 εἶπεν.
2966 1296 3220 1367 Ἰωάννης
3245 1297 3299 1349 δὲ
3320 1339 3332 1358 ,
3367 1300 3557 1365 νήφειν
3606 1300 3754 1368 ἡμᾶς

2186 1385 2621 1454 παρασκευάζων
2646 1386 2739 1438 καὶ
2764 1386 3143 1456 ἐγρηγορέναι,
3176 1386 3269 1439 καὶ
3295 1385 3576 1455 διεγείρων
3597 1388 3754 1456 ἡμῶν

2183 1476 2251 1529 τὰ
2287 1478 2630 1546 φρονήματα,
2663 1478 2747 1531 ἴνα
2781 1477 2855 1547 μὴ
2880 1477 2956 1541 ώς
2980 1478 3201 1531 εὐκόλου
3232 1481 3751 1550 καταφρονήσωμεν,

2184 1566 2299 1620 ἀλλ’
2333 1568 2406 1629 ώς
2431 1570 2645 1637 στενῆς,
2670 1568 3046 1639 ἀντεχώμεθα.

2256 1659 2349 1724 Τὸ,
2391 1662 2471 1714 Οὐ
2504 1658 2625 1727 πᾶς
2669 1663 2702 1714 ὁ
2735 1660 2932 1729 ,λέγων
2956 1678 3080 1731 μοι,
3122 1661 3327 1729 Κύριε,
3370 1661 3575 1729 Κύριε,
3632 1664 3756 1715 εισ-

2185 1749 2499 1802 ελεύσεται
2523 1752 2605 1815 εις
2634 1750 2749 1817 τὴν
2761 1750 3093 1814 βασιλείαν
3114 1749 3231 1802 τῶν
3248 1749 3539 1817 οὐρανῶν,
3564 1750 3701 1803 ἀλλ’
3722 1750 3755 1802 ὁ

511 1844 833 1897 voluntatem
910 1862 1101 1898 meam.
1176 1845 1341 1911 Quasi
1402 1846 1648 1911 diceret,
1712 1845 1829 1899 Non
1888 1849 2081 1901 sntlieit

2188 1840 2375 1893 ποιῶν
2424 1840 2491 1893 τὸ
2545 1841 2774 1910 θέλημά
2826 1859 2983 1910 μου,
3041 1841 3159 1895 ἀντὶ
3216 1840 3347 1907 τοῦ,
3396 1842 3471 1893 Οὐ
3524 1842 3606 1893 δεῖ
3655 1842 3754 1911 μό-

511 1946 718 1991 tantum
753 1936 911 1993 tidem
972 1937 1207 2006 habere,
1247 1937 1341 1994 sed
1367 1947 1421 1993 et
1454 1955 1618 2009 opera
1701 1940 1787 2008 pia
1840 1940 2087 2010 proferre

507 2038 741 2098 Oportet.

583 2117 749 2174 Vens.
781 2117 869 2173 29..
934 2119 1047 2174 Etsi
1104 2120 1249 2174 enim
1304 2120 1549 2191 prodigia
1606 2122 1774 2175 multa
1833 2120 2083 2187 iecerint,

508 2209 705 2278 inquit,
744 2209 868 2263 Non
893 2212 1009 2263 novi
1048 2227 1159 2264 vos.
1190 2210 1276 2265 Fit
1307 2222 1485 2265 autem
1534 2212 1636 2266 hoc
1670 2228 1700 2267 a
1754 2212 1870 2267 sola
1912 2214 2083 2282 gratia

510 2301 902 2356 benevolentia:
950 2301 1070 2371 ejus
1119 2304 1213 2372 qui
1249 2303 1430 2370 dedit;
1487 2304 1629 2359 unde
1657 2314 1711 2359 et
1750 2304 2077 2359 condemna-

512 2391 657 2445 tione
705 2401 831 2446 sunt
877 2392 1047 2462 digni.
1085 2394 1405 2464 Magnopere
1440 2396 1512 2449 ita
1546 2397 1794 2450 honorati
1824 2406 1883 2450 ut
1915 2397 2081 2450 vitam

512 2495 716 2537 rectam
748 2486 1154 2553 proﬁterentur,
1190 2487 1385 2555 ingrati
1424 2487 1548 2541 facti
1602 2497 1732 2543 sunt
1760 2498 1812 2543 et
1847 2489 2077 2543 insensi-

512 2574 689 2641 biles;
755 2584 854 2631 aut
897 2588 1118 2647 propter
1160 2579 1478 2633 adeuntium
1520 2580 1676 2634 ﬁdem
1719 2579 1920 2635 factum
1960 2591 2082 2647 est;

512 2680 619 2719 non
649 2666 793 2719 enim
833 2675 938 2732 est,
963 2676 1019 2721 ut
1046 2668 1137 2721 alii
1184 2669 1635 2741 interpretantur,
1669 2672 1813 2741 quod
1845 2671 2080 2741 primum

510 2757 729 2827 quidem
754 2758 824 2811 ob
861 2761 1027 2814 vitam
1076 2769 1279 2816 rectam
1330 2763 1610 2819 miraculis
1666 2764 1917 2819 honorati
1962 2765 2081 2818 tue-

512 2847 643 2910 rint,
686 2860 878 2919 postea
908 2860 1088 2907 autem
1152 2865 1469 2923 peccatores
1523 2853 1651 2911 facti
1685 2855 2083 2911 condemnandi

508 2938 640 2994 sint.

1089 3067 1314 3126 CAPUT
1348 3070 1484 3126 VlIl.

2188 1950 2277 1987 νον
2322 1932 2503 1987 πίστιν
2551 1934 2725 2004 ἔχειν,
2777 1934 2914 1989 ἀλλά
2961 1938 3055 1990 καὶ
3097 1934 3232 2006 ἔργα
3270 1933 3466 2003 εὐσεϐῆ
3518 1931 3760 2004 προϐάλ-

2188 2024 2396 2078 λεσθαι.

2259 2118 2378 2171 Κᾶν
2411 2117 2520 2188 γάρ
2553 2119 2774 2189 σημεῖα,
2810 2120 2963 2189 φησὶ,
2994 2118 3163 2172 πολλά
3194 2118 3441 2181 ποιῶσιν,
3478 2118 3600 2170 Οὐκ
3622 2111 3756 2168 οἶδα

2188 2210 2343 2280 ὑμᾶς
2367 2228 2379 2241 ·
2412 2211 2621 2279 γίνεται
2654 2213 2709 2266 δὲ
2744 2211 2901 2265 τοῦτο
2929 2212 3036 2265 ἀπὸ
3069 2213 3289 2283 χάριτος
3330 2210 3497 2280 μόνης
3523 2208 3622 2277 τῆς
3656 2206 3751 2258 τοῦ

2186 2303 2482 2367 δεδωκότος
2529 2304 2771 2374 δωρεᾶς·
2822 2304 2944 2357 ὅθεν
2984 2305 3075 2357 καὶ
3106 2302 3201 2357 τοῦ
3252 2300 3573 2366 κολάζεσθαὶ
3612 2302 3752 2351 εἰσιν

2187 2393 2358 2459 ἄξιοι·
2402 2396 2657 2465 περιττὸν
2712 2395 2883 2459 οὕτως
2930 2394 3252 2467 τιμηθέντες
3303 2395 3389 2447 ἵνα
3440 2392 3555 2463 βίον
3593 2391 3754 2461 όρθὺν

2187 2485 2580 2550 ἐπιδείξωνται,
2619 2485 2933 2557 ἀγνώμονες
2964 2485 3251 2555 γεγόνασιν
3284 2486 3379 2538 καὶ
3412 2482 3751 2551 ἀναίσθητον

2187 2577 2220 2647 ἢ
2254 2578 2343 2630 διὰ
2386 2579 2486 2648 τὴν
2529 2578 2638 2632 τῶν
2670 2578 3122 2650 προσερχομένων
3162 2578 3342 2630 πίστιν
3367 2591 3382 2605 θ
3412 2576 3471 2627 οὗ
3512 2574 3645 2642 γὰρ,
3676 2571 3754 2635 ώς

2186 2667 2365 2737 ἐτεροι
2414 2668 2705 2733 ὑπέλαϐον,
2742 2670 2918 2735 ἐστιν,
2950 2670 3032 2722 ὄτι
3072 2669 3336 2741 πρότερον
3374 2667 3471 2737 μὲν
3498 2666 3565 2718 δι’
3594 2665 3755 2735 ὀρθὸν

2188 2757 2301 2828 βίον
2355 2759 2917 2833 ἐθαυματούργησαν,
2974 2760 3199 2833 ὕστερον
3232 2760 3289 2813 δὲ
3335 2758 3756 2829 ἁμαρτήσαντες

2187 2850 2701 2922 κατακριθήσονται.

2774 3072 3021 3125 ΚΕΦΔΛ.
3084 3072 3166 3127 ﬂ'.

579 3187 745 3245 Vens.
799 3192 853 3247 5.
898 3192 1069 3263 Cujus
1116 3194 1195 3250 rei
1248 3211 1416 3251 causa
1473 3198 1748 3268 leprosum
1807 3202 2081 3258 mundans

2258 3200 2417 3262 Τίνος
2463 3199 2622 3270 χάριν
2657 3199 2935 3271 καθαίρων
2980 3199 3072 3253 τὸν
3116 3198 3316 3271 λεπρὺν
3344 3197 3487 3268 λόγῳ
3512 3198 3750 3267 ἐπέθηκε

509 3282 675 3337 verbo
714 3300 935 3339 manum
957 3288 1211 3342 extendit
1238 3290 1262 3342 Ἰ
1294 3289 1363 3343 Ut
1409 3292 1721 3348 ostenderet
1747 3308 1807 3349 se
1836 3310 1943 3349 non
1980 3295 2081 3364 legi

457 3416 483 3439 ι
510 3373 761 3436 subesse,
801 3376 893 3430 sed
914 3392 1169 3447 prmesse,
1196 3389 1250 3435 et
1280 3382 1416 3436 nihil
1461 3399 1597 3452 puro
1634 3385 1909 3455 impurum
1935 3404 2080 3442 esse.

508 3464 590 3520 Ob
623 3466 724 3522 hoc
759 3467 988 3523 Elisaeus
1030 3468 1273 3527 Naaman
1307 3488 1414 3529 non
1463 3476 1617 3542 vidit,
1677 3494 1903 3535 servans
1952 3480 2084 3552 legis

516 3554 775 3626 rigorem,
806 3559 967 3631 cujus
991 3575 1184 3620 servus
1213 3575 1354 3632 erat,
1380 3582 1490 3622 non
1518 3568 1799 3626 dominus.

583 3740 755 3797 Vens.
788 3744 842 3799 4.
877 3743 1163 3811 Quomodo
1213 3748 1301 3805 hic
1344 3748 1541 3821 jubens
1586 3762 1643 3809 ut
1697 3755 1898 3810 nemini
1938 3757 2084 3813 dit-at

511 3836 862 3899 miraculum,
903 3838 1041 3894 alias
1082 3848 1142 3895 ut
1176 3841 1363 3897 dicant
1404 3843 1598 3913 jubet?
1629 3844 1726 3900 llic
1766 3848 1982 3911 quidem
2025 3860 2083 3904 ut

510 3929 643 3980 vitet
669 3928 1025 3995 jactationem
1053 3940 1107 3987 et
1148 3948 1343 3988 vanam
1372 3935 1640 4006 gloriam;
1674 3937 1785 3993 illic
1813 3948 1991 3995 autent
2024 3951 2083 3996 ut

513 4034 611 4072 nos
643 4029 827 4089 gratos
858 4021 1025 4078 laciat
1057 4025 1305 4081 videntes
1332 4037 1384 4083 et
1421 4038 1666 4085 curatos.

582 4111 761 4177 Quare
804 4114 972 4185 legem
1025 4118 1188 4173 modo
1227 4122 1537 4189 conﬁrmat,
1571 4124 1716 4179 velut
1759 4140 1883 4181 cum
1924 4125 2079 4193 dicit,

515 4202 741 4260 Ostende
774 4217 821 4261 te
852 4211 1137 4278 sacerdoti,
1172 4215 1333 4269 modo
1371 4216 1551 4284 solvit,
1586 4226 1662 4282 ut,
1703 4217 1845 4273 Tolle
1884 4220 2079 4289 graba-

2186 3292 2284 3363 τὴν
2317 3294 2507 3361 χεῖρα;
2545 3293 2663 3345 ’Ὶνα
2694 3292 2842 3364 δείξῃ
2871 3294 2952 3345 ὅτι
2980 3292 3075 3361 οὐχ
3118 3291 3400 3344 ὑπόκειται
3434 3292 3607 3361 νόμῳ,
3630 3288 3752 3345 ἀλλ’

2187 3383 2481 3446 ἐπίκειται,
2515 3384 2610 3437 καὶ
2642 3384 2724 3435 ὅτι
2747 3382 2825 3451 τῷ
2852 3380 3075 3451 καθαρῷ
3107 3381 3258 3433 οὐδὲν
3298 3380 3602 3450 ἀκάθαρτον
3623 3396 3637 3411 ’
3663 3379 3753 3432 διά

2185 3476 2343 3530 τοῦτο
2408 3476 2712 3538 Ἐλισσαῖος
2767 3474 2887 3528 οὖδέ
2937 3472 3082 3545 ἐώρα
3132 3473 3222 3525 τὸν
3258 3470 3516 3540 Νεεμάν.
3563 3470 3751 3540 τηρῶν

2185 3567 2277 3620 τοῦ
2332 3568 2496 3639 νόμου
2534 3568 2633 3639 τὴν
2684 3566 2991 3639 ἀκρίϐειαν,
3040 3566 3123 3619 ὅτι
3157 3564 3340 3629 δοῦλος
3390 3559 3481 3635 ἦν,
3521 3564 3639 3618 ἀλλ’
3686 3564 3748 3616 οὐ

2185 3657 2472 3727 δεσπότης.

2257 3750 2381 3813 Πῶς
2412 3745 2513 3803 ὧδε
2543 3749 2782 3803 κελεύων
2815 3748 3005 3820 μηδενὶ
3053 3750 3225 3801 εἰπεῖν
3253 3747 3314 3800 τὸ
3351 3745 3556 3815 θαῦμα,
3586 3744 3752 3799 ἀλλα-

2184 3842 2282 3913 χοῦ
2334 3842 2548 3895 κελεύει
2597 3843 2807 3907 εἰπεῖν;
2851 3836 2978 3893 Ὧδε
3034 3842 3133 3911 μὲν
3169 3840 3258 3894 διά
3290 3839 3350 3892 τὸ
3397 3840 3752 3909 ἀκόμπαστον

2182 3935 2279 3989 καὶ
2315 3933 2661 3999 ἀκενόδοξον,
2712 3934 2828 3987 ἐκεῖ
2862 3932 2917 3985 δὲ
2964 3932 3051 3985 διὰ
3091 3930 3151 3985 τὸ
3194 3930 3545 4000 εὐγνώμονας
3602 3930 3750 3999 ἡμᾶς

2183 4021 2321 4079 εἶναι
2354 4028 2479 4089 τοὺς
2507 4025 2747 4096 ὁρῶντας
2776 4026 2868 4077 καὶ
2898 4024 3167 4086 ίαθέντας.

2258 4119 2359 4172 Διά
2385 4118 2439 4172 τί
2469 4119 2599 4170 ποτὲ
2631 4117 2727 4187 μὲν
2761 4116 2960 4187 ἐκύρου
2988 4116 3079 4169 τὸν
3118 4115 3301 4185 νόμον,
3332 4113 3406 4177 ώς
3433 4112 3514 4176 τὸ,
3543 4110 3753 4175 Δεῖξον

2184 4213 2401 4266 ἑαυτὸν
2430 4211 2509 4275 τῷ
2538 4210 2714 4279 ἱερεῖ·
2743 4210 2873 4261 ποτὲ
2924 4209 2980 4261 δέ
3032 4208 3262 4277 ἀναιρεῖ,
3300 4206 3377 4269 ώς
3420 4201 3608 4272 'Apar
3643 4204 3753 4255 τὸν

511 4304 621 4346 (mn
667 4305 812 4350 tuum
842 4309 891 4353 et
927 4303 1162 4367 ambula,
1208 4306 1259 4359 in
1308 4304 1545 4365 Sabbato
1584 4310 1689 4364 tale
1718 4312 1924 4379 agens?
1968 4310 2081 4366 Hoc

2185 4302 2514 4369 κράὸϐατόν
2543 4318 2659 4354 σου
2708 4299 2803 4351 καὶ
2845 4298 3171 4366 περιπάτει,
3212 4298 3269 4348 ἐν
3304 4295 3559 4364 σαεδάτῳ
3593 4294 3753 4345 τοῦτο

510 4383 728 4449 quidem
771 4396 829 4439 ut
858 4392 1045 4457 gratia:
1078 4390 1250 4461 legem
1302 4395 1650 4463 introducat,
1689 4398 1819 4452 illud
1865 4414 1994 4453 vero
2023 4409 2081 4453 ut

2185 4390 2388 4455 ποιῶνς
2420 4390 2590 4442 Τοῦτο
2621 4389 2720 4459 μὲν
2748 4389 3004 4441 ὁδοποιῶν
3032 4388 3098 4440 τὰ
3122 4388 3223 4457 τῆς
3246 4386 3487 4457 χάριτος,
3513 4385 3674 4438 τοῦτο
3693 4385 3751 4437 δὲ

512 4467 827 4527 ειυιιιιξοιυιη
880 4491 1071 4533 contra
1100 4496 1159 4535 se
1187 4482 1473 4538 audaciam
1508 4496 1563 4540 et
1592 4484 1831 4541 furorem
1882 4488 2080 4541 identi-

2185 4483 2285 4551 τὴν
2314 4482 2435 4534 κατ’
2468 4484 2634 4535 αὐτοῦ
2673 4482 2781 4535 τῶν
2843 4481 3109 4534 Ἰουδαίων
3156 4480 3361 4550 τόλμαν
3404 4479 3498 4531 καὶ
3547 4477 3751 4548 μανίαν

509 4562 631 4615 dent
666 4574 945 4635 temperet.

2185 4574 2319 4633 τέως
2348 4574 2632 4644 κοιμίζων.

584 4652 748 4708 Vens.
777 4658 827 4711 8.
884 4658 1166 4728 Centurio,
1217 4667 1371 4732 quia
1421 4666 1675 4723 Matthaeo
1722 4678 2078 4737 memoratur,

2271 4664 2329 4718 '0
2379 4666 2775 4737 ἑκατόνταρχος
2814 4666 2842 4718 ό
2889 4664 3037 4737 παρά
3089 4663 3351 4734 Ματθαίῳ
3413 4659 3741 4733 μνημονευό·

512 4745 653 4835 idem
683 4758 757 4802 est
789 4765 852 4804 ac
880 4751 970 4806 ille
1000 4756 1095 4823 qui
1144 4760 1288 4825 apud
1340 4759 1583 4829 Lucam;
1635 4761 1730 4831 qui
1780 4777 1908 4817 vero
1934 4766 2078 4835 apud

2186 4776 2346 4829 μενος
2371 4802 2384 4826 ,
2413 4761 2441 4813 ὁ
2486 4759 2650 4823 αὐτός
2701 4762 2848 4813 ἐστιν
2879 4762 2906 4813 ὁ
2937 4758 3408 4830 μνημονευόμενος
3465 4754 3615 4824 παρὰ
3672 4751 3751 4820 τῷ

509 4832 773 4894 Joannem
805 4846 1055 4900 centurio
1082 4847 1220 4902 alter
1251 4858 1354 4904 est.
1970 4832 1987 4835 —

2185 4849 2395 4922 Λουκᾷ·
2431 4852 2459 4904 ὁ
2491 4850 2547 4903 δὲ
2576 4852 2726 4921 παρά
2750 4850 2826 4922 τῷ
2872 4851 3089 4922 Ἰωάννῃ
3120 4850 3509 4921 ἑκατόνταρχος
3552 4852 3741 4921 ἕτερός

2422 4482 2435 4501 ν
2475 4484 2630 4503 -.ομ-ξ’
2676 4482 2781 4503 -Ρν--
2843 4484 2857 4503 ἱ

2179 4943 2353 4998 ἐστιν.

585 5023 750 5087 Vens.
802 5032 889 5087 16.
934 5033 1251 5091 Morborum
1287 5035 1537 5107 plerique
1560 5050 1588 5091 a
1617 5040 1855 5109 peccatis
1893 5042 2080 5100 oriun-

2250 5035 2331 5089 Τά
2363 5035 2583 5090 πλείονα
2607 5036 2714 5091 τῶν
2738 5038 3060 5110 νοσημάτων
3089 5038 3198 5092 ἀπὸ
3226 5039 3637 5109 ἁμαρτημάτων
3664 5037 3747 5107 γί-

512 5124 621 5173 tur.

2185 5146 2348 5183 νεται.

588 5210 748 5268 Vens.
772 5216 882 5272 Cur
908 5217 1177 5274 dicentem
1206 5220 1476 5289 Scribam,
1515 5223 1718 5296 Sequar
1741 5237 1787 5282 te
1822 5244 2078 5295 quocum-

2248 5218 2349 5273 Διά
2379 5222 2433 5274 τί
2460 5221 2539 5292 τῷ
2567 5222 2773 5275 είπὸντι
2800 5220 2970 5291 αὐτῷ,
3014 5219 3434 5284 Ἀκολουθήσω
3464 5235 3562 5271 σοι
3592 5218 3748 5271 ὅπου

511 5318 608 5369 que
650 5306 793 5368 ieris,
830 5322 936 5361 non
967 5311 1222 5379 excepit?
1252 5311 1407 5379 Quod
1435 5318 1659 5385 putabat
1708 5319 2078 5373 curationibus

2185 5314 2288 5367 ἐὰν
2315 5314 2569 5383 ἀπέρχῃ,
2624 5314 2723 5366 οὐκ
2773 5313 3030 5380 ἐδέξατος
3074 5314 3195 5367 Ὅτι
3249 5312 3496 5381 ἐνόμιζεν
3532 5315 3595 5365 ἐκ
3636 5312 3747 5364 τῶν

511 5394 810 5463 ditescere;
855 5399 1017 5453 verba
1063 5411 1242 5457 autent
1292 5406 1412 5476 ejus
1448 5423 1556 5463 non
1604 5412 1903 5465 aversantis
1930 5420 2076 5477 sunt,

2185 5408 2379 5461 ξάσεων
2409 5406 2880 5479 χρηματίζεσθαι·
2914 5407 3085 5461 ταῦτα
3113 5408 3168 5459 δέ
3204 5410 3272 5460 τὰ
3302 5408 3519 5477 ῥήματα
3553 5406 3654 5459 οὐκ
3676 5401 3745 5476 ἦν

510 5487 602 5542 sed
637 5490 1108 5558 reprehendentis.

2185 5500 2650 5570 ἀποτρεπομένου,
2684 5498 2800 5552 ἀλλ’
2831 5499 3160 5569 ἐλέγχοντος.

585 5578 753 5636 Vens.
785 5583 876 5638 2|.
907 5586 1011 5651 Qui
1036 5587 1192 5655 dicit,
1232 5589 1489 5647 Permitte
1522 5592 1932 5656 milti,Domine,
1963 5594 2078 5663 pri-

2260 5593 2319 5645 Ὀ
2342 5593 2531 5655 εἰπὼν,
2550 5591 2909 5661 Ἐπίτρεψόν
2922 5608 3047 5660 μοι,
3079 5592 3275 5658 Κύριε,
3308 5589 3543 5658 πρῶτον
3561 5590 3733 5644 (irrel-

512 5686 653 5725 mum
686 5674 780 5739 ire,
811 5684 857 5728 ct
882 5678 1100 5745 sepelire
1122 5691 1325 5749 patrem
1357 5699 1547 5747 meum,
1574 5692 1826 5753 acceptus
1858 5685 2075 5753 quidem

2185 5684 2305 5739 θεῖν
2339 5685 2436 5737 καὶ
2477 5686 2663 5752 θάψαι
2696 5684 2803 5738 τὸν
2852 5684 3077 5752 πατέρα
3109 5701 3250 5752 μου,
3297 5682 3568 5753 ἀπεδέχθη
3620 5682 3742 5750 μὲν,

512 5777 615 5832 cst,
655 5767 749 5823 sed
775 5783 882 5826 non
936 5773 1271 5843 permissus;
1314 5775 1407 5833 scd
1437 5775 1607 5833 audiit
1638 5794 1653 5830 :
1686 5776 1900 5831 Dimitte
1936 5793 2075 5830 mor-

2185 5778 2281 5831 οὐκ
2340 5777 2624 5848 ἐπετράπη
2682 5776 2775 5829 δέ’
2842 5776 2960 5832 ἀλλ’
3015 5776 3280 5846 ἡκουσεν·
3352 5776 3529 5843 Ἄφες
3600 5772 3734 5838 τοὺς
