4026 6588
293 350 428 411 ιοεη

1277 344 1601 407 SCHOLIA
1638 343 1932 408 VETERA
1977 342 2056 403 IN
2097 342 2562 408 ΜΛΤΤΗίΕυΜ.

3389 348 3526 414 1093

290 464 543 532 νεκροὺς
589 463 774 531 θάψαι
809 462 947 529 τοὺς
1002 462 1231 517 ἑαυτῶν
1271 464 1524 531 νεκρούς
1549 478 1561 491 ⁸
1600 461 1763 529 ἔδειξε
1798 463 1855 516 δὲ

1974 474 2074 517 nos
2107 465 2325 532 sepclire
2354 473 2587 516 mortuas
2622 479 2765 517 suos.
2808 459 3057 519 Ostendit
3097 474 3275 520 autem
3302 480 3396 537 per
3424 471 3526 523 hoc

290 556 379 609 διὰ
410 553 603 607 τούτου
631 554 714 607 ὄτι
742 556 770 605 ὁ
793 554 963 605 εἰπὼν
989 549 1056 624 ἦν
1081 554 1268 615 πιστὸς
1287 595 1302 619 ,
1342 553 1371 607 ὀ
1396 553 1453 606 δὲ
1487 552 1650 607 αὐτοῦ
1678 554 1857 624 πατὴρ

292 644 357 718 ἦν
408 650 472 698 ὲκ
524 645 632 698 τῶν
692 645 973 698 ἀπίστωνθ
1023 645 1114 700 διὰ
1168 644 1535 718 τοῦτονεῖπεν
1593 646 1856 718 νεκρούς*

294 736 531 793 ἐκώλυσε
579 736 635 789 δὲ
686 734 849 788 αὐτὸν
888 734 949 790 οὐ
1002 738 1100 806 τὴν
1149 737 1228 801 εἰς
1276 736 1402 802 τοὺς
1463 736 1860 806 γεγεννηκότας

298 828 456 899 τιμὴν
496 828 736 893 κωλύων,
766 827 899 880 ἀλλὰ
935 829 1009 898 μὴ
1050 830 1319 899 προτιμᾷν
1349 833 1522 881 ταῦτα
1565 828 1673 882 τῶν
1701 828 1862 900 οὐρα-

295 922 443 976 νίων.

381 1010 700 1065 Ἐκάθευδεν
732 1012 759 1065 ὁ
799 1008 1003 1081 Κύριος
1046 1010 1407 1082 οἰκονομικῶς
1441 1012 1499 1063 ὲν
1541 1010 1616 1080 τῷ
1669 1010 1858 1080 πλοίῳ,

293 1104 396 1155 οὒκ
433 1102 643 1169 ἀγνοῶν
670 1100 730 1152 τὸ
772 1101 965 1169 μέλλον
1013 1101 1281 1169 γίνεσθαι,
1322 1102 1421 1154 οὐκ
1459 1101 1736 1154 ἀδυνατῶν
1763 1102 1861 1171 τὴν

295 1196 520 1263 εἰρήνην
550 1192 849 1263 βραϐεῦσαι
873 1208 886 1220 ·
911 1191 1071 1257 εἰδὼς
1093 1193 1147 1244 δὲ
1171 1192 1467 1263 μέλλουσαν
1496 1194 1861 1261 ταράσσεσθαι

301 1284 403 1353 τὴν
465 1284 760 1345 θάλασσαν,
814 1281 953 1335 κατὰ
988 1282 1081 1336 δύο
1119 1284 1298 1346 αἰτίας
1334 1283 1609 1346 ἐκάθευδε,
1644 1286 1729 1337 ἵνα
1770 1286 1864 1337 καὶ

293 1376 356 1428 τὸ
409 1374 605 1445 σαθρὸν
660 1375 760 1441 τῆς
812 1375 1184 1443 ὀλιγοπιστίας
1237 1376 1342 1427 τῶν
1384 1376 1641 1445 μαθητῶν
1689 1378 1745 1428 ἐν
1786 1376 1864 1448 τῷ

297 1466 524 1536 χειμῶνι
574 1464 843 1537 διελέγξῃ.
873 1464 1055 1519 καὶτὸ
1082 1466 1305 1518 δυνατὸν
1341 1468 1438 1536 τῆς
1476 1467 1727 1537 θεότητος
1767 1468 1860 1520 αὺ-

296 1558 389 1612 τοῦ
422 1558 666 1628 ἐναργῶς
697 1557 1057 1627 ἐπιδείξηται.

371 1650 476 1701 Τὸν
507 1649 669 1718 φόϐον
700 1650 759 1702 οὐ
785 1650 845 1701 τὸ
870 1650 979 1703 τῶν
1012 1650 1335 1721 πειρασμῶν
1377 1651 1518 1723 μέγα
1551 1652 1863 1721 ἐργάζεται,

299 1740 439 1794 ἀλλὰ
474 1742 532 1792 τὸ
576 1744 673 1810 τῆς
702 1742 941 1805 διανοίας
984 1742 1181 1811 σαθρὸν
1206 1758 1219 1771 °
1270 1743 1357 1798 διὰ
1412 1744 1566 1797 τοῦτο
1596 1747 1867 1816 συγχωρεῖ

298 1833 735 1899 κλυδωνίζεσθαι,
774 1833 861 1886 ἴνα
900 1836 1104 1905 ποιήσῃ
1145 1834 1239 1889 καὶ
1272 1836 1469 1899 αὐτοὺς
1521 1840 1868 1909 πιστοτέρους

296 1923 383 1977 διὰ
409 1924 499 1977 τοῦ
529 1922 805 1992 θαύματος
825 1939 841 1954 °
875 1924 935 1976 οὐ
967 1925 1077 1994 γὰρ
1104 1923 1275 1987 οὕτως
1305 1925 1373 1979 τά
1406 1926 1512 1979 τῶν
1541 1927 1716 1980 ἄλλων
1740 1927 1870 1982 θαύ-

300 2032 469 2085 ματα,
502 2016 623 2069 ὅσον
652 2017 719 2068 τὰ
748 2016 839 2070 ἐπ’
871 2016 1104 2079 ἐκείνοις
1134 2016 1406 2087 διήγειρεν
1436 2018 1658 2082 αὐτούς.

372 2198 435 2250 Τί
470 2200 584 2250 ἐστι
614 2197 673 2250 τὸ
695 2197 988 2267 λεγόμενον
1035 2198 1139 2252 ὑπὸ
1167 2197 1275 2253 τῶν
1312 2199 1604 2270 δαιμόνων,
1656 2195 1870 2270 'deec

301 2292 416 2359 πρὸ
466 2290 673 2358 καιροῦ
715 2290 1053 2354 βασανίσαι
1079 2288 1275 2360 ήμᾶω
1322 2292 1590 2361 Ἀοράτως
1630 2294 1736 2347 ἀπὸ
1771 2298 1872 2365 τῆς

301 2381 469 2435 αὑτοῦ
501 2382 804 2451 παρουσίας
868 2382 1170 2452 ἐπάσχοντο
1198 2384 1246 2436 οί
1276 2382 1526 2453 δαίμονες
1550 2400 1564 2414 ’
1601 2385 1713 2454 πρὸ
1742 2404 1871 2442 και-

293 2472 408 2543 ροῦ
442 2473 497 2525 δὲ
528 2474 797 2542 λέγουσιν,
832 2474 906 2536 ὡς
953 2474 1152 2538 εἰδότες
1190 2475 1270 2529 ὅτι
1323 2476 1574 2544 μέλλουσι
1607 2478 1700 2533 καί
1737 2495 1869 2533 ποτε

305 2566 657 2635 κολασθῆναι.
693 2567 758 2621 Al
793 2566 962 2637 ψυχαὶ
1000 2567 1106 2621 τῶν
1143 2567 1371 2623 δικαίων
1408 2569 1466 2621 ἐν
1496 2571 1638 2640 χειρὶ
1690 2569 1827 2624 Θεοῦ
1851 2585 1870 2604 ο

305 2656 445 2709 αἰδὲ
480 2655 585 2709 τῶν
638 2656 851 2711 ἀσεϐῶν
898 2658 996 2710 οὐκ
1026 2658 1085 2711 ἐν
1124 2660 1423 2729 μνήμασιν,
1468 2657 1544 2722 ὡς
1582 2660 1631 2711 oi
1683 2658 1872 2718 πολλοὶ

303 2746 573 2816 λέγουσιν,
606 2749 721 2801 ἀλλ’
754 2749 1001 2801 ἐντεῦθεν
1051 2749 1252 2811 εὐθέως
1283 2748 1586 2816 ἀπάγονται
1606 2765 1618 2778 ⁸
1654 2752 1746 2805 καὶ
1774 2751 1871 2822 δῆ-

304 2840 394 2892 λον
424 2840 530 2892 ἀπὸ
560 2838 653 2893 τοῦ
689 2839 942 2911 Λαζάρου
977 2840 1072 2895 καὶ
1104 2839 1200 2894 τοῦ
1242 2839 1500 2895 πλουσίου
1526 2855 1541 2870 ο
1578 2841 1673 2895 καὶ
1704 2841 1871 2896 ἀλλα-

305 2931 426 3001 χοῦ,
482 2930 751 3001 Σήμερον
795 2931 910 2999 τὴν
940 2931 1151 3000 ψυχήν
1195 2946 1312 2985 σου
1347 2930 1707 2985 ἀπαιτοῦσιν
1753 2930 1871 2988 ἀπὸ

304 3022 443 3076 σοῦ.
498 3026 607 3094 Οὐχ
654 3018 762 3076 οἷόν
792 3041 852 3077 τε
898 3020 990 3077 οὖν
1040 3022 1220 3095 ψυχὴν
1271 3020 1589 3089 ἐξελθοῦσαν
1640 3022 1872 3077 ἐνταῦθα

309 3113 632 3177 πλανᾶσθαι,
666 3114 699 3186 ή
731 3116 789 3167 ἐν
827 3115 970 3186 άέρι,
1014 3115 1088 3181 ὼς
1120 3115 1402 3182 λέγουσιν,
1461 3108 1620 3178 εἶναι,
1672 3112 1783 3169 ἀλλ’
1813 3117 1871 3169 ὲν

306 3200 632 3272 ὡρισμένοις
665 3205 869 3266 τόποις.

390 3293 700 3363 ’Υπήκουσε
728 3294 855 3358 τοὺς
885 3294 1145 3365 δαίμονας
1168 3295 1195 3348 ὁ
1224 3294 1424 3367 Κύριος
1444 3300 1537 3353 καὶ
1560 3298 1636 3359 εἰς
1661 3296 1872 3366 χοίρους

306 3390 671 3460 ἀπεπέμψατο
721 3391 941 3459 αὐτοὺς,
982 3391 1196 3463 πρῶτον
1229 3392 1326 3463 μὲν
1356 3393 1442 3446 ἵνα
1476 3392 1623 3465 δείξῃ
1655 3392 1735 3447 ὅτι
1756 3391 1875 3447 οὐδὲ

310 3483 450 3537 κατὰ
475 3481 674 3553 χοίρων
700 3483 910 3550 ἔχουσιν
934 3482 1200 3550 ἐξουσίαν,
1225 3484 1300 3555 μή
1325 3501 1377 3536 τι
1405 3500 1468 3551 γε
1498 3485 1638 3537 κατὰ
1667 3479 1876 3556 ἀνθρώ-

311 3591 431 3627 πων
456 3589 470 3602 ·
504 3574 697 3626 ἔπειτα
725 3574 810 3626 ῐνα
840 3574 890 3625 oi
924 3574 1049 3636 τοὺς
1088 3575 1285 3640 τόπους
1312 3573 1590 3638 οἰκοῦντες
1625 3572 1873 3647 μάθωσιν

309 3666 472 3719 αὐτὸν
503 3667 650 3728 ὅστις
709 3661 812 3738 ἦν’
865 3665 1084 3718 ἄπιστοι
1119 3665 1226 3737 γὰρ
1272 3661 1439 3738 ἦσαν’
1473 3664 1568 3719 καὶ
1608 3665 1875 3719 δείκνυται

311 3758 469 3812 τοῦτο
500 3760 563 3813 ἑκ
591 3757 682 3811 τοῦ
719 3758 900 3828 λέγειν
946 3757 1168 3823 αὐτοὺς,
1193 3757 1275 3811 ὅτι
1309 3758 1563 3813 Ἀπελθε
1594 3756 1711 3813 ἀπὸ
1758 3755 1877 3811 τῶν

310 3852 491 3918 ὁρίων
541 3848 731 3918 ἡμῶν.
794 3851 894 3902 Διά
924 3848 1081 3902 τοῦτο
1112 3848 1167 3902 δὲ
1198 3850 1323 3911 τοὺς
1353 3849 1567 3920 χοίρους
1598 3848 1804 3901 ἀνεῖλον
1826 3847 1876 3901 οι

309 3942 580 4011 δαίμονες,
610 3941 693 3995 ἵνα
727 3942 847 4005 τοὺς
870 3938 1279 4011 ἁνθρὼπουςείς
1296 3940 1533 4011 ἀθυμίαν
1563 3938 1838 4007 ἐμϐάλωσι
1858 3954 1872 3968 ⁸

313 4031 586 4101 πανταχοῦ
620 4032 726 4102 γὰρ
760 4029 1040 4100 χαίρουσιν
1080 4032 1170 4082 ἐπὶ
1199 4032 1316 4092 ταῖς
1357 4030 1661 4098 συμφοραῖς
1699 4028 1875 4097 ήμῶν.

910 4154 1135 4209 ΚΕΦΑΛ
1147 4196 1160 4209 .
1205 4153 1282 4207 Θ’.

396 4285 461 4338 'll
520 4285 616 4354 μὲν
660 4283 908 4353 Βηθλεὲμ
955 4283 1185 4353 ἤνεγκεν
1249 4281 1411 4334 αὑτὸν
1474 4280 1877 4351 παροδευὼιτων

311 4377 421 4431 τῶν
492 4377 727 4445 γονέων·
782 4377 816 4444 ἠ
868 4375 925 4426 δὲ
996 4372 1249 4447 Ναζαρὲθ
1328 4371 1589 4446 ἔθρεψενο
1669 4370 1878 4425 ἐκεῖθεν

1895 1798 1942 1858 Β

1962 555 2113 609 illum
2146 554 2240 624 qui
2285 553 2503 608 dicebat
2555 556 2865 609 credentem
2921 555 3112 622 fuisse,
3150 567 3357 626 putrem
3400 576 3527 614 vero

1961 645 2079 715 ejus
2108 662 2139 701 e
2175 662 2283 700 non
2334 645 2701 702 credentibus.
2753 646 2881 701 Ideo
2934 647 3064 702 dicit
3114 664 3209 702 cos
3259 630 3531 705 mortuos.

1963 736 2250 794 Prohibuit
2314 746 2497 791 autem
2538 752 2686 803 eum,
2740 754 2845 791 non
2903 740 3160 793 honorent
3196 740 3247 794 in
3279 752 3531 809 parentes

1966 840 2172 897 vetans,
2207 830 2299 886 sed
2333 845 2401 885 ne
2436 829 2525 884 illa
2554 828 2869 885 coelestibus
2899 830 3210 886 anteferret.

2035 1016 2198 1075 Vens.
2235 1016 2323 1075 24.
2359 1016 2669 1074 Dormiehat
2705 1016 2965 1071 Dominus
2993 1032 3020 1068 ιι
3048 1017 3325 1086 proposito
3354 1017 3406 1071 in
3436 1035 3532 1073 na-

1964 1110 2162 1173 vicula,
2218 1125 2323 1164 non
2363 1108 2622 1179 ignorans
2658 1108 2802 1177 quod
2853 1108 2966 1163 ﬁeri
3018 1109 3271 1175 debebat,
3321 1119 3375 1165 et
3424 1126 3531 1163 non

1964 1199 2141 1271 impar
2172 1215 2357 1275 pacem
2387 1201 2767 1268 componendi.
2790 1198 2978 1258 Sciens
3011 1211 3188 1257 autem
3220 1203 3531 1273 agitandum

1964 1305 2088 1346 esse
2137 1306 2309 1355 mare,
2349 1292 2419 1345 ob
2448 1307 2646 1351 causas
2679 1293 2819 1349 duas
2847 1293 3175 1359 dormiebat,
3205 1306 3261 1350 ut
3288 1295 3536 1349 debilitas

1966 1382 2101 1437 levis
2130 1382 2524 1451 discipulorum
2568 1384 2689 1437 lidei
2720 1384 2772 1438 in
2804 1394 3123 1458 tempestate
3169 1385 3531 1441 confundere-

1967 1484 2084 1535 tur,
2133 1483 2186 1527 et
2229 1475 2469 1543 potentia
2531 1460 2833 1531 divinitatis
2886 1476 3005 1546 ejus
3047 1478 3221 1545 palam
3282 1479 3538 1531 ostende—

1968 1578 2139 1620 I‘Cllli‘.

2042 1660 2205 1716 Vens.
2244 1661 2335 1717 25.
2374 1658 2647 1716 Timorem
2681 1676 2790 1717 non
2821 1659 3137 1729 magnitudo
3175 1662 3533 1714 tcntationuni

1970 1752 2118 1820 facit,
2143 1753 2236 1808 sed
2269 1752 2466 1809 mentis
2490 1752 2839 1811 imbecillitas
2873 1771 2885 1806 :
2914 1751 3035 1807 ideo
3061 1752 3314 1806 ﬂuctibus
3340 1752 3535 1823 agitari

1970 1860 2027 1902 se
2057 1844 2340 1913 permittit,
2375 1852 2434 1898 ut
2459 1858 2552 1899 eos
2576 1844 2862 1899 credentes
2893 1843 3061 1911 magis
3090 1858 3183 1912 per
3208 1843 3535 1898 miraculum

1969 1936 2203 2002 elliciat;
2254 1952 2359 1992 non
2401 1937 2544 1991 enim
2598 1945 2806 1993 tantum
2848 1944 3058 2005 patrata
3099 1935 3153 1991 in
3192 1935 3316 1991 aliis
3371 1935 3539 1988 mira-

1968 2030 2111 2092 cula,
2164 2037 2429 2100 quantum
2464 2028 2515 2083 in
2563 2028 2697 2096 ipsis
2750 2035 2901 2101 gesta
2957 2026 3055 2081 hos
3098 2026 3340 2084 excitare
3380 2034 3537 2096 pote-

1971 2127 2113 2173 rant.

2044 2209 2208 2265 Vsus.
2251 2210 2343 2266 29.
2376 2210 2515 2279 Quid
2541 2220 2626 2267 est
2654 2211 2798 2285 quod
2826 2225 2855 2266 a
2885 2209 3170 2265 daemoniis
3198 2209 3400 2267 dictum
3431 2219 3535 2277 est,

1980 2301 2179 2356 Venisti
2228 2312 2347 2356 ante
2381 2312 2579 2371 tempus
2626 2312 2863 2374 torquere
2897 2302 3028 2355 nos?
3077 2300 3427 2357 lnvisihiliter
3463 2318 3534 2355 ex

1970 2392 2093 2463 ejus
2123 2392 2410 2463 praesentia
2441 2391 2709 2446 dmmonia
2740 2390 3125 2463 patiebantur;
3168 2400 3293 2444 ante
3324 2400 3538 2461 tempus

1971 2484 2178 2546 dicunt,
2236 2485 2418 2560 sciunt
2465 2500 2524 2540 se
2566 2483 2696 2537 olim
2756 2481 3010 2550 castigari
3063 2481 3279 2537 debere.
3332 2481 3540 2535 Animae

1966 2574 2240 2645 justorum
2290 2576 2343 2630 in
2382 2590 2547 2629 manu
2594 2573 2711 2640 Dei,
2768 2573 3058 2642 impiorum
3110 2580 3294 2627 autem
3345 2571 3540 2627 animm

1971 2681 2079 2722 non
2124 2667 2177 2723 in
2230 2667 2621 2733 monumentis,
2673 2675 2730 2718 ut
2774 2665 2955 2731 plures
3005 2665 3214 2731 dicunt,
3271 2665 3362 2720 sed
3416 2663 3540 2719 inde

1971 2756 2256 2812 cmifestim
2289 2757 2642 2821 auferuntur;
2678 2765 2730 2811 et
2760 2764 2902 2825 patet
2934 2754 2987 2808 in
3013 2754 3222 2809 Lazaro
3246 2763 3300 2810 et
3328 2754 3536 2821 divite;

1971 2856 2024 2902 et
2055 2848 2212 2911 alias,
2260 2845 2434 2902 Hodie
2486 2849 2723 2901 animam
2782 2856 2928 2900 tuam
2981 2856 3204 2916 repetent
3234 2864 3265 2901 a
3298 2857 3366 2901 te.
3414 2845 3533 2900 Non

1972 2939 2233 3013 possibile
2265 2950 2346 2996 est
2394 2938 2558 3010 igitur
2600 2939 2838 2993 animam
2878 2952 3149 3007 egressam
3192 2938 3278 2992 hic
3324 2953 3533 3002 errare,

1972 3042 2065 3089 aut
2095 3032 2149 3087 in
2188 3046 2334 3099 aere,
2370 3039 2430 3087 ut
2467 3031 2677 3094 dicunt,
2727 3042 2870 3095 esse,
2896 3028 2991 3084 sed
3032 3028 3086 3083 in
3118 3028 3251 3083 loris
3280 3027 3538 3086 determi-

1899 3149 1941 3206 (ς
1977 3126 2141 3179 natis.

2048 3308 2211 3365 Vens.
2244 3303 2333 3359 52.
2362 3301 2652 3360 Exaudivit
2674 3300 2935 3357 Dominus
2961 3300 3234 3357 daemones
3256 3310 3310 3355 et
3332 3301 3382 3354 in
3412 3315 3537 3373 por-

1975 3415 2072 3457 cos
2104 3398 2375 3465 immisit;
2410 3396 2587 3469 primo
2615 3395 2834 3471 quidem
2872 3407 2930 3449 ut
2958 3394 3267 3450 ostenderet
3300 3409 3394 3449 eos
3430 3410 3535 3448 non

1972 3493 2031 3550 in
2057 3505 2249 3561 porcus
2274 3498 2588 3563 potesratom
2616 3488 2841 3553 habere,
2874 3501 3049 3556 neque
3079 3486 3241 3541 ullam
3280 3487 3330 3539 in
3361 3487 3538 3541 homi-

1976 3598 2107 3649 nes;
2128 3581 2327 3637 deinde
2353 3580 2666 3637 utlncnrutu
2701 3578 2891 3637 incola:
2919 3579 3190 3635 discerent
3213 3579 3336 3647 quis
3357 3587 3535 3641 esset;

1974 3688 2083 3733 non
2121 3674 2405 3731 credentes
2441 3671 2585 3727 enim
2615 3678 2793 3727 erant.
2833 3671 2899 3727 Et
2926 3669 3128 3725 indicat
3154 3670 3227 3733 id,
3268 3669 3417 3738 quod
3448 3669 3537 3722 isri

1974 3768 2184 3830 dicunt,
2213 3774 2273 3820 ut
2321 3764 2578 3821 transiret
2608 3779 2637 3818 a
2668 3763 2869 3819 finibus
2908 3776 3118 3817 eorum.
3175 3761 3302 3815 Ideo
3344 3776 3538 3829 porcos

1975 3859 2316 3918 abstulerunt
2346 3857 2641 3920 daemones,
2666 3865 2725 3911 ut
2754 3855 3000 3913 homines
3026 3855 3077 3911 in
3109 3853 3537 3923 desperationem

1978 3948 2313 4016 cnnjiccrent
2338 3962 2354 4001 :
2382 3960 2505 4003 nam
2538 3961 2752 4018 semper
2782 3945 2837 4004 in
2873 3945 3079 4003 nostris
3124 3945 3539 4021 adversitatibus

1978 4038 2232 4106 gaudent.

2573 4156 2803 4212 CAPUT
2849 4157 2940 4212 IX.

2046 4288 2206 4344 Vens.
2243 4289 2294 4343 l.
2325 4286 2598 4343 Bethleem
2632 4287 2846 4357 quidem
2881 4286 3088 4358 peperit
3116 4301 3263 4353 eum,
3304 4285 3542 4356 parenti-

1980 4382 2082 4438 bus
2111 4383 2211 4436 iter
2243 4380 2597 4445 facientibus;
2623 4378 2889 4433 Nazareth
2916 4393 3045 4431 vero
3075 4378 3350 4443 educavit,
3413 4378 3539 4431 inde

314 4472 424 4541 γάρ
469 4472 515 4522 οἱ
571 4470 782 4536 γονείςο
822 4470 855 4538 ή
895 4466 951 4519 δὲ
996 4467 1370 4538 Καπερναοὺμ
1428 4462 1572 4536 εἶχεν
1625 4464 1872 4519 οίκοῦντα

1979 4473 2125 4527 enim
2153 4480 2309 4526 erant
2334 4479 2620 4540 parentes;
2648 4479 2701 4523 ct
2732 4467 3112 4538 Capharnaum
3150 4468 3382 4521 incolum
3417 4482 3539 4519 eunt

313 4563 593 4633 διηνεκῶς.

398 4656 456 4706 '0
492 4655 589 4724 μὲν
620 4651 894 4715 Ματθαῖος
934 4649 1061 4719 περὶ
1102 4648 1193 4702 τοῦ
1225 4647 1591 4718 παραλυτικοῦ
1624 4647 1772 4715 λέγει
1797 4646 1877 4699 ὅτι

316 4747 654 4819 προσέφερον
713 4743 873 4796 αὐτόν
894 4758 906 4771 ·
942 4744 990 4793 οἱ
1020 4742 1076 4794 δὲ
1106 4740 1255 4795 ἄλλοι
1302 4744 1383 4794 ὅτι
1417 4742 1511 4793 καί
1539 4738 1635 4810 τήν
1682 4740 1880 4808 στέγην

317 4840 660 4907 διατεμόντες
701 4834 952 4904 καθῆκαν
1007 4833 1188 4885 αὐτόν.
1248 4830 1445 4901 Ἀληθῆ
1496 4829 1587 4883 οὖν
1633 4830 1700 4883 τὰ
1748 4829 1877 4882 δύοο

317 4936 531 5005 πρῶτον
568 4933 665 5005 μὲν
698 4930 1105 4999 ἀπεστέγασαν,
1141 4923 1259 4980 εἶτα
1301 4924 1535 4994 πλήθους
1582 4922 1728 4985 ὄντος
1754 4921 1881 4992 περὶ

320 5029 503 5092 αὑτὸν,
530 5027 936 5097 προσήνεγκαν.

391 5120 683 5181 Εἱπόντων,
722 5118 817 5181 Τίς
852 5114 1103 5166 δύναται
1131 5106 1367 5177 ἀφιέναι
1400 5106 1685 5175 ἁμαρτίας
1714 5105 1763 5157 εὶ
1792 5103 1879 5175 μὴ

313 5212 498 5282 μόνως
529 5213 560 5263 ό
592 5210 766 5273 Θθός;
794 5205 953 5269 αὐτὸς
984 5203 1195 5264 δεικνὺς
1227 5199 1365 5251 κατὰ
1392 5198 1482 5251 τὸν
1513 5197 1664 5264 λόγον
1704 5195 1882 5249 αὐτῶν

317 5307 396 5357 ὃτι
419 5304 549 5365 Θεὸς
580 5304 715 5365 ἐστι,
745 5299 891 5367 λέγει
914 5313 927 5327 ·
959 5296 1017 5348 Τί
1039 5294 1209 5349 ἐστιν
1226 5289 1648 5357 εὐκολώτερον,
1672 5289 1880 5355 εἰπεῖν,

314 5395 651 5487 ’Ἀφέωνταί
685 5409 821 5455 σου,
874 5389 911 5458 ἦ
939 5387 1149 5449 εἰπεῖν,
1192 5380 1367 5453 Ἀρον
1406 5383 1513 5435 τὸν
1557 5383 1885 5449 κράϐαττόν

323 5506 441 5543 σου
473 5488 570 5541 καί
605 5483 949 5554 περιπάτει;
986 5481 1051 5533 ’0
1079 5479 1134 5533 δὲ
1168 5477 1338 5544 λέγει,
1373 5474 1610 5529 τοιοῦτόν
1640 5475 1754 5525 ἐστι
1775 5491 1789 5505 ο
1818 5473 1883 5525 Τί

321 5582 467 5636 δοκεῖ
494 5578 712 5633 εὔκολον
743 5578 871 5646 ὑμῖν
897 5570 1056 5633 εῖναι,
1088 5572 1148 5623 τὸ
1178 5569 1396 5639 σφίγξαι
1422 5564 1879 5638 παραλελυμένον,

318 5674 354 5745 ἢ
388 5671 562 5742 ψυχῆς
608 5668 976 5740 ἁμαρτήματα
1022 5662 1217 5727 λῦσαι;
1248 5658 1482 5729 Εὔδηλον
1522 5660 1601 5711 ὅτι
1635 5658 1886 5728 ἁμαρτή-

324 5781 471 5839 ματα
494 5763 672 5817 λῦσαι.
714 5757 854 5813 Ἀλλ’
888 5755 1074 5825 ἐπειδὴ
1098 5754 1159 5809 τὸ
1188 5754 1286 5822 μὲν
1305 5751 1525 5824 ἀφανὲς,
1551 5750 1610 5803 τὸ
1638 5751 1690 5802 δὲ
1718 5766 1884 5819 φανε-

635 5854 903 5917 ΡΑτιιοι..
948 5852 1067 5913 (in.
1096 5847 1250 5910 CV1.

1981 4563 2170 4619 habuit
2198 4571 2479 4631 perpetuo.

2054 4653 2217 4709 Vens.
2252 4653 2308 4707 2.
2342 4652 2626 4706 Mutthatus
2657 4651 2721 4704 de
2765 4648 3063 4721 paralytico
3109 4648 3241 4703 dicit
3287 4650 3429 4719 quod
3463 4646 3547 4700 oi-

1982 4747 2228 4803 l'erehant
2258 4761 2381 4801 eum
2409 4762 2423 4809 ;
2454 4744 2545 4799 alii
2578 4754 2758 4798 autem
2812 4742 2953 4810 quod
2994 4749 3192 4795 lectum
3233 4753 3545 4810 rumpentes

1980 4839 2130 4897 illum
2160 4834 2499 4909 proferrent;
2535 4849 2722 4888 verum
2778 4832 2940 4903 igitur
2971 4842 3053 4886 est
3084 4841 3407 4905 utrumque;
3438 4834 3546 4901 pri-

1983 4943 2130 4984 tnum
2162 4926 2381 4997 quidem
2423 4942 2519 4993 per
2550 4933 2749 4982 teetum
2786 4923 3144 4987 demiserunt,
3175 4922 3391 4987 deinde,
3422 4938 3545 4975 cum

1982 5019 2273 5075 multitudo
2299 5018 2452 5086 juxta
2487 5015 2671 5073 Jesum
2711 5027 2877 5078 esset,
2926 5016 3261 5071 obtulerunt.

2056 5107 2219 5161 Vens.
2266 5108 2319 5161 5.
2350 5106 2664 5160 Dicentibus
2716 5107 2843 5169 illis,
2887 5104 3018 5172 Quis
3072 5114 3240 5177 potest
3288 5106 3549 5158 remittere

1982 5209 2193 5271 peccata
2226 5200 2325 5253 nisi
2357 5200 2499 5254 solus
2530 5198 2709 5252 Deus?
2743 5199 2856 5271 ipse
2889 5199 3181 5254 ostendens
3207 5213 3270 5253 ex
3308 5196 3545 5266 ipsorum

1985 5309 2235 5350 sermone
2271 5308 2329 5349 se
2358 5290 2523 5347 Deum
2557 5306 2698 5357 esse,
2735 5291 2903 5345 dicit:
2940 5288 3079 5356 Quid
3108 5298 3185 5342 est
3215 5286 3428 5358 facilius
3459 5288 3546 5338 di-

1986 5402 2117 5449 cere,
2151 5384 2504 5437 Dimittuntur
2553 5382 2667 5447 tibi,
2708 5398 2777 5434 an
2811 5380 3006 5447 dicere,
3066 5378 3211 5434 Tolle
3265 5378 3547 5449 grabatum

1988 5484 2133 5529 tuum
2163 5485 2209 5525 et
2241 5471 2494 5525 ambula?
2528 5470 2680 5537 Quod
2713 5481 2894 5524 autem
2928 5470 3081 5535 dicit,
3112 5469 3218 5524 tale
3254 5478 3373 5523 est:
3406 5467 3550 5534 Ouid

1987 5550 2199 5620 videtur
2230 5563 2385 5618 vobis
2414 5560 2571 5618 facile
2600 5576 2741 5626 esse,
2776 5561 3135 5633 paralyticum
3164 5560 3456 5633 stringere,
3482 5576 3550 5615 an

1988 5658 2183 5712 animae
2210 5664 2428 5725 peccata
2456 5653 2703 5709 solvere?
2731 5650 3041 5725 Patetquod
3067 5664 3287 5724 peccata
3316 5656 3552 5711 solvere.

1992 5749 2096 5807 Sed
2128 5748 2385 5819 quoniam
2439 5752 2540 5803 hoc
2567 5746 2784 5819 quidem
2839 5746 3131 5812 invisibile,
3184 5744 3316 5802 illud
3372 5759 3553 5801 autem

3089 5840 3171 5905 35
