4026 6558
415 381 441 411 ο
540 346 675 414 1099

1257 342 1645 424 OBUSCUIA
1693 341 2317 403 SCRlPTUlllSTICA
2354 342 2701 406 INCERT/E
2736 345 3041 407 lETATIS.

3632 351 3769 407 lt'JU

533 462 743 521 visibile
788 472 889 528 est,
927 460 1190 517 minorem
1225 478 1337 528 rem
1375 477 1608 532 expono,
1643 472 1701 516 ut
1736 462 1907 530 iunior
1934 470 1984 513 et
2021 460 2072 513 in

2212 461 2327 531 ρδν,
2361 463 2693 533 προστίθημι
2713 464 2774 517 τὺ
2802 463 3248 533 καταδεέστερον,
3269 463 3355 517 ἵνα
3383 461 3442 515 τὸ
3468 461 3649 533 μεῖζον
3677 463 3773 515 καὶ

534 557 759 613 visibilis
786 555 1061 610 credatur.

600 646 766 702 Vens.
798 648 850 702 9.
884 644 1209 702 insidiantes
1241 647 1455 713 evitans
1488 661 1597 701 non
1629 655 1872 700 moratur
1906 644 2096 698 iisdem

532 737 686 805 locis,
722 739 813 793 sed
849 736 1161 809 frequenter
1204 740 1496 804 immutat,
1546 738 1730 793 odium
1774 746 1831 791 ut
1882 735 2097 791 facilius

530 831 891 977 “axz.de
927 917 1215 975 Mattheus
1251 918 1574 989 publicanus
1597 959 1611 984 ,
1653 916 1744 988 qui
1775 926 1828 971 et
1860 931 2094 987 evange-

528 1014 674 1078 .ista,
706 1012 959 1081 ingressu
986 1010 1187 1066 Christi
1214 1011 1539 1074 honoratus,
1561 1022 1754 1063 omnes
1773 1007 2094 1077 publicanos

528 1103 867 1160 convocavit.

599 1193 767 1249 Vens.
800 1194 887 1246 15.
927 1191 1052 1245 Ideo
1082 1189 1272 1245 dicunt
1314 1187 1574 1243 Pharisaei
1605 1187 1889 1257 discipulis
1923 1204 1937 1242 :
1972 1186 2094 1241 Ma-

528 1284 687 1353 gister
712 1290 877 1336 uester
907 1282 1106 1333 amicus
1132 1278 1535 1346 publicanorum
1559 1287 1609 1333 et
1636 1288 1966 1348 peccatorum
1992 1286 2090 1343 est,

526 1376 765 1432 volentes
787 1382 1030 1429 avertere
1056 1372 1176 1427 illos
1198 1372 1267 1427 ab
1292 1386 1378 1427 eo.

595 1557 760 1614 Vens.
798 1557 884 1612 Η.
930 1557 1110 1622 Quare
1148 1554 1378 1610 Joannis
1423 1554 1725 1625 discipulos
1769 1555 2091 1625 ohjicienles

524 1652 665 1721 quod
695 1650 814 1720 ejus
854 1648 1107 1718 discipuli
1144 1661 1252 1701 non
1288 1645 1639 1717 jejunarent,
1681 1660 1788 1700 non
1823 1647 2093 1716 vituperat

526 1750 585 1796 ut
611 1757 746 1795 vane
777 1741 1066 1812 gloriosos,
1103 1739 1194 1794 sed
1218 1738 1404 1807 sponsi
1423 1738 1730 1806 exemplum
1764 1737 1873 1793 illis
1903 1738 2091 1793 allert?

2206 553 2408 621 ἀφανὲς
2437 554 2721 625 πιστευθῇ.

2288 643 2580 698 Ἐκκλίνων
2609 646 2737 708 τοὺς
2767 642 3235 707 ἐπιϐουλεύοντας,
3260 642 3359 696 οὐκ
3384 642 3628 711 ἐπιμένει
3660 642 3773 704 τοῖς

2204 736 2411 799 τόποις,
2446 735 2582 789 ἀλλά
2616 736 2786 807 συχνὰ
2822 735 3230 807 μετανίσταται,
3262 734 3438 797 διδοὺς
3466 732 3775 804 ὑποχωρεῖν

2204 827 2297 882 τὸν
2322 827 2539 897 φθόνον.

2289 916 2346 969 '0
2378 917 2655 979 Ματθαῖος
2680 915 2917 988 τελώνης
2941 956 2956 980 ,
2983 915 3043 977 ὃς
3090 914 3186 969 καὶ
3214 910 3608 980 εύαγγελιστής
3637 910 3774 964 καλ-

2201 1008 2573 1080 λωπιζόμενος
2590 1012 2655 1080 τῇ
2678 1008 2867 1079 εἰσόδῳ
2883 1006 3141 1081 Χριστοῦ,
3163 1006 3369 1069 πάντας
3384 1003 3511 1065 τοὺς
3532 1002 3774 1066 τελώνας

2203 1102 2579 1156 συνεκάλεσεν.

2270 1193 2369 1246 Διά
2411 1193 2569 1247 τοῦτο
2613 1193 2864 1261 λέγουσιν
2906 1194 2956 1247 οί
3001 1193 3283 1264 Φαρισαῖοι
3316 1193 3432 1255 τοῖς
3468 1190 3772 1262 μαθηταῖς,

2200 1284 2281 1337 ὅτι
2308 1284 2361 1336 '0
2382 1282 2751 1350 διδάσκαλος
2778 1284 2947 1353 ὑμῶν
2968 1285 3148 1353 φίλος
3166 1282 3439 1337 τελωνῶν
3459 1284 3557 1337 καί
3584 1285 3774 1352 ἁμαρ-

2198 1374 2402 1429 τωλῶν
2420 1375 2912 1448 ἔστιλβουλόμενοι
2939 1376 3297 1447 ἀποχωρῆσαι
3324 1376 3522 1439 αὐτοὺς
3545 1376 3640 1429 ἀπ’
3672 1374 3774 1427 :6-

2198 1482 2313 1518 του.

2271 1553 2429 1618 Τίνος
2452 1553 2640 1609 ἕνεκεν
2666 1557 2792 1618 τοὺς
2834 1557 3079 1613 Ἰωάννου
3113 1555 3363 1627 μαθητὰς
3402 1554 3770 1624 ἐγκαλοῦντας

2196 1645 2278 1699 ὅτι
2313 1647 2553 1718 μαθηταὶ
2587 1647 2749 1701 αὐτοῦ
2781 1648 2843 1700 ού
2873 1647 3257 1720 νηστεύουσιν,
3296 1648 3396 1702 ούκ
3434 1649 3664 1718 ἐπιτιμᾷ
3693 1647 3772 1709 ὡς

2198 1734 2527 1800 κενοδόξους,
2554 1735 2688 1789 ἀλλά
2716 1736 2952 1806 νυμφίου
2980 1740 3282 1808 μέμνηται;
3308 1738 3423 1791 Ούκ
3449 1737 3681 1807 ἐπιτιμᾷ
3703 1734 3772 1789 δι’

523 1832 642 1888 Νοιι
672 1835 943 1903 vituperat
986 1847 1082 1902 per
1121 1829 1635 1896 mansuetudinem;
1669 1844 1929 1901 sponsum
1964 1845 2078 1886 verc

2194 1826 2534 1878 ἐπιείκειαν·
2588 1828 2824 1895 νυμφίου
2878 1826 2934 1880 δὲ
2998 1828 3271 1898 μέμνηται
3333 1827 3772 1898 ἀναμιμνήσκων

522 1924 796 1995 proponit,
822 1922 928 1977 illis
952 1922 1004 1975 in
1030 1921 1345 1976 memoriam
1370 1934 1634 1975 revocans
1651 1919 1880 1975 Joannis
1905 1922 2088 1988 verba,

524 2031 649 2071 cum
702 2014 840 2068 dixit
886 2028 899 2064 :
938 2011 1042 2076 Qui
1076 2026 1322 2079 sponsam
1351 2010 1503 2063 liabet
1539 2025 1761 2079 sponsus
1801 2020 1902 2065 est.
1934 2011 2090 2077 Quod

522 2116 700 2161 autem
732 2103 864 2159 dicit
896 2102 1002 2157 tale
1033 2112 1118 2158 est
1151 2120 1166 2158 :
1210 2100 1451 2170 Tempus
1485 2116 1662 2155 meum
1694 2110 1749 2156 et
1786 2117 1919 2157 mete
1968 2104 2091 2159 vita:

521 2208 757 2269 tempus,
809 2195 1009 2251 hetitiac
1039 2204 1123 2251 est
1173 2195 1282 2250 illis
1332 2193 1588 2261 occasio;
1644 2193 1860 2250 venient
1907 2206 2086 2251 autem

520 2292 637 2346 dies
674 2288 893 2361 quando
924 2288 992 2342 ab
1024 2288 1129 2342 illis
1163 2285 1443 2340 auferetur
1476 2301 1732 2357 sponsus.

590 2380 759 2436 Vens.
810 2380 897 2434 l6.
948 2377 1091 2444 Quid
1138 2388 1222 2434 cst
1253 2377 1397 2446 quod
1441 2378 1593 2446 dicit,
1642 2379 1810 2433 Nemo
1852 2381 2087 2434 immittit

520 2472 919 2523 commissuram
964 2469 1127 2537 panni
1180 2467 1326 2520 rudis
1384 2467 1438 2519 in
1484 2469 1847 2521 vestimentum
1896 2472 2087 2525 cetus?

520 2561 771 2618 Ostendit
798 2576 905 2616 non
942 2560 1118 2615 factos
1155 2574 1275 2614 esse
1310 2558 1517 2613 validos
1544 2560 1721 2615 adhuc
1749 2560 2082 2630 discipulos;

519 2664 576 2710 ct
610 2654 685 2709 ita
733 2654 789 2707 in
843 2654 1131 2724 praesentia
1176 2651 1352 2706 obviis
1397 2663 1503 2704 non
1557 2659 1766 2720 oportet
1804 2652 2085 2723 imponere

518 2752 785 2814 praecepta
821 2756 1080 2797 onerosa.

587 2832 757 2889 Vens.
792 2834 875 2887 l7.
908 2831 1069 2888 Utres
1102 2841 1157 2888 et
1189 2834 1374 2889 vinum
1408 2834 1684 2906 proponit,
1724 2832 1985 2904 quoniam
2017 2833 2083 2888 de

517 2924 641 2995 gula
690 2938 869 2979 sermo
904 2932 1059 2991 erat;
1091 2922 1210 2978 ideo
1240 2924 1308 2978 ab
1356 2926 1547 2981 iisdem
1586 2926 1752 2981 sumit
1792 2924 2039 2995 exempla
2065 2964 2081 2989 ,

514 3024 569 3070 et
592 3014 739 3084 quod
764 3014 897 3067 nihil
919 3023 1197 3069 austerum
1224 3016 1515 3085 praecipere
1537 3021 1779 3085 oporteat
1801 3029 1900 3071 nec
1921 3029 2082 3085 grave

514 3107 602 3163 his
632 3106 723 3179 qui
755 3106 1038 3178 incipiunt.

2192 1917 2387 1979 αὐτοὺς
2415 1917 2525 1969 τῶν
2566 1918 2812 1975 Ἰωάννου
2849 1919 3148 1989 ῥημάτων,
3194 1920 3260 1972 δι’
3307 1912 3383 1973 ὧν
3422 1919 3609 1987 ἐλεγεν
3632 1933 3648 1949 ’
3707 1918 3772 1971 '0

2190 2007 2347 2076 ἔχων
2368 2009 2484 2076 τὴν
2506 2008 2753 2078 νύμφην
2778 2011 3038 2079 νυμφίος
3064 2010 3255 2065 ἐστιν’
3285 2010 3314 2064 ὃ
3350 2010 3407 2063 δὲ
3435 2010 3586 2078 λέγει
3609 2050 3624 2073 ,
3656 2025 3771 2062 τοι·

2188 2098 2345 2153 οῦτόν
2386 2102 2555 2154 ἐστιν’
2596 2101 2654 2154 Ὀ
2682 2103 2873 2173 καιρὸς
2901 2103 2929 2155 6
2975 2102 3106 2174 ἐμὸς
3132 2103 3227 2157 καὶ
3254 2103 3359 2173 τῆς
3394 2102 3531 2173 ἐμῆς
3562 2102 3769 2169 διαγω-

2188 2190 2311 2262 γῆς,
2348 2194 2523 2263 χαρᾶς
2572 2193 2720 2245 ἐστιν
2760 2194 2940 2257 αὐτοῖς
2992 2195 3292 2260 ὑπόθεσις
3341 2195 3657 2248 ἐλεύσονται
3706 2192 3767 2247 δὲ

2188 2284 2389 2354 ήμέραι
2434 2285 2561 2337 ὅταν
2590 2284 2687 2337 ἀπ’
2720 2286 2898 2340 αὐτῶν
2925 2287 3065 2358 ἀρθῇ
3100 2288 3127 2341 6
3160 2288 3415 2358 νυμφίος.

2258 2378 2325 2430 Τί
2355 2378 2504 2432 ἐστιν
2526 2378 2555 2431 ὃ
2586 2379 2755 2448 λέγει,
2782 2380 2863 2433 ὅτι
2890 2378 3100 2445 Οὐδείς
3129 2380 3438 2434 ἐπιϐάλλει
3459 2379 3765 2447 ἐπίϐλημα

2178 2468 2401 2536 ῥάκους
2439 2470 2711 2540 ἀγνάφου
2749 2470 2847 2523 ἐπί
2887 2469 3094 2540 ίματίῳ
3140 2468 3407 2536 παλαιῶς
3440 2470 3633 2539 Δηλῶν
3680 2472 3763 2523 ὅτι

2186 2560 2339 2614 οὔπω
2387 2563 2675 2629 γεγόνασιν
2714 2561 2927 2633 ἰσχυροὶ
2969 2564 3017 2615 οἱ
3056 2562 3317 2633 μαθηταίο
3350 2560 3492 2615 οὕτω
3530 2561 3589 2614 δέ
3633 2562 3764 2630 ἄρτι

2185 2652 2561 2723 διακειμένους
2586 2694 2600 2719 ,
2636 2653 2695 2706 ού
2732 2653 2839 2725 χρὴ
2909 2653 3215 2708 ἐπιτιθέναι
3265 2655 3617 2725 ἐπιτάγματα
3662 2653 3763 2724 βα-

2187 2758 2404 2813 ρουντα.

2264 2833 2471 2887 Ἀσκῶν
2501 2834 2773 2905 μέμνηται
2804 2837 2900 2889 καὶ
2927 2835 3072 2890 οἴνου
3096 2873 3112 2900 ,
3149 2833 3336 2905 ἐπειδὴ
3362 2834 3491 2903 περὶ
3521 2852 3760 2904 γαστρι-

2186 2926 2425 2995 μαργίας
2455 2922 2522 2998 ἦν
2547 2928 2576 2980 6
2603 2928 2780 2997 λόγος’
2815 2928 2903 2982 διά
2931 2927 3087 2981 τοῦτο
3117 2926 3225 2981 ἀπὸ
3259 2927 3367 2979 τῶν
3392 2926 3580 2980 αὐτῶν
3610 2926 3761 2996 λαμ-

2182 3015 2333 3069 ϐάνει
2370 3018 2437 3070 τά
2468 3018 2842 3088 ὑποδείγματα
2869 3032 2884 3048 ⁸
2918 3020 3013 3071 καὶ
3044 3018 3126 3071 δτι
3165 3016 3319 3070 οὐδὲν
3341 3016 3613 3089 αὐστηρὸν
3641 3019 3760 3072 sa:-

2179 3108 2393 3161 τάττειν
2412 3108 2516 3179 χρή
2547 3110 2643 3162 καὶ
2670 3109 2835 3180 βάρος
2865 3108 2987 3182 ἔχον
3018 3110 3135 3175 τοῖς
3169 3108 3512 3181 ἀρχομένοις.

590 3160 752 3255 veris.
792 3160 883 3253 20:
944 3199 1055 3254 Cur
1103 3214 1210 3255 non
1240 3198 1413 3270 palam
1449 3197 1872 3256 lmmorrhoissa
1894 3199 2078 3254 venit?

2257 3160 2379 3251 m
2402 3160 2461 3252 ξε
2506 3160 2601 3272 in,
2631 3160 2879 3272 ages.
2894 3160 2962 3274 Ἃ]
2998 3160 3369 3274 ancipitia-.3;
3389 3160 3565 3272 ita...
3594 3217 3609 3265 ;
3667 3202 3760 3265 Ὠς

502 3293 671 3361 Quod
714 3292 985 3362 impuram
1027 3305 1145 3347 esse
1179 3308 1237 3346 se
1283 3293 1505 3363 putabat
1547 3291 1617 3346 ob
1654 3292 1892 3361 ﬂuxum;
1920 3301 2083 3363 atque

464 3383 676 3455 ,etiam
696 3381 837 3451 quod
853 3381 1261 3436 convenientem
1280 3396 1384 3435 non
1407 3381 1642 3437 habebat
1661 3382 1728 3437 de
1746 3382 1838 3437 illo
1865 3383 2080 3452 opinio-

502 3488 660 3539 ~nem,
695 3486 819 3526 nam
855 3472 1020 3526 latere
1052 3486 1157 3527 non
1201 3480 1462 3541 putasset.
1488 3472 1581 3528 llle
1615 3482 1797 3528 autem
1827 3488 1937 3528 non
1962 3488 2081 3543 per-

512 3562 664 3618 misit
688 3577 807 3617 eam
834 3561 1022 3623 latere.
1047 3571 1099 3615 ut
1132 3560 1365 3630 primum
1388 3562 1641 3617 timorem
1667 3562 1785 3630 ejus
1813 3564 2076 3630 solveret;

512 3653 753 3709 secundo
786 3662 845 3705 ut
865 3651 1166 3721 corrigeret
1198 3666 1339 3720 eam,
1371 3653 1629 3723 quoniam
1663 3654 1832 3710 latere
1854 3663 2078 3724 putave-

498 3752 631 3809 orat;
658 3743 907 3797 tertio-ut
932 3741 1094 3796 ﬁdem
1132 3741 1251 3812 ejus
1290 3743 1566 3813 publicam
1604 3742 1841 3810 iaceret;
1881 3754 2076 3814 quarto

508 3842 798 3900 autem,ut
819 3832 1307 3904 archisynagogum
1336 3834 1647 3890 credentem
1676 3833 1911 3890 eliceret
1931 3836 2074 3891 circa

508 3923 1145 3991 resurrectionemtilim;
1182 3939 1307 3981 nam
1342 3934 1473 3982 tunc
1497 3926 1647 3982 illum
1674 3926 1779 3983 iste
1809 3927 2073 3997 implora-

498 4016 624 4072 bat.

575 4109 738 4165 Vens.
777 4108 867 4165 22.
911 4107 990 4165 Ne
1036 4108 1212 4166 latens
1257 4108 1685 4181 angustiaretur,
1722 4118 1779 4167 et
1808 4119 1866 4166 ut
1911 4110 2071 4167 ﬁdem

503 4201 778 4271 publicam
805 4201 1043 4269 laceret;
1077 4210 1132 4257 et
1159 4203 1411 4258 morbum
1441 4202 1804 4272 comprimere
1827 4216 1935 4257 non
1965 4202 2071 4256 mi-

504 4301 608 4341 nus
641 4295 723 4341 est
751 4302 912 4356 quam
945 4289 1282 4358 perspicere.

573 4377 739 4435 Vens.
770 4378 861 4433 2'5.
894 4379 978 4433 .De
1013 4380 1329 4435 tibicinibus
1360 4380 1415 4434 in
1445 4368 1617 4436 domo.
1652 4380 2067 4450 archisynagogi

2186 3287 2494 3363 ἀκάθαρτος
2527 3289 2666 3345 εἶναι
2693 3291 2990 3363 νομίζουσα
3009 3291 3097 3347 διὰ
3120 3292 3219 3363 τὴν
3247 3290 3431 3364 ῥύσιν·
3460 3290 3541 3344 ἐτι
3570 3290 3629 3344 δὲ
3662 3290 3759 3343 καὶ

2182 3381 2281 3451 τὴν
2316 3383 2697 3454 προσήκουσαν
2733 3384 2860 3453 περὶ
2892 3383 3058 3439 αὑτοῦ
3090 3383 3165 3455 μὴ
3190 3384 3387 3455 ἔχουσα
3414 3385 3599 3449 δόξαν,
3632 3383 3756 3437 ἐπεὶ

2181 3473 2280 3524 οὐκ
2309 3473 2375 3525 ἂν
2412 3473 2627 3543 ἐνόμισε
2658 3472 2942 3528 λανθάνειν
2965 3489 2980 3506 θ
3017 3473 3117 3527 ούκ
3144 3474 3323 3542 ἀφῆκε
3351 3473 3405 3526 δὲ
3451 3473 3627 3541 αὐτὴν
3656 3472 3755 3525 λαο

2181 3562 2312 3630 θεῖν,
2342 3564 2428 3617 ἵνα
2452 3565 2669 3635 πρῶτον
2689 3565 2787 3635 μὲν
2807 3565 2943 3637 λύσῃ
2971 3566 3141 3635 αὐτῆς
3168 3566 3258 3619 τὸν
3290 3564 3473 3633 φόϐονο
3493 3563 3752 3635 δεύτερον

2181 3654 2269 3708 ἵνα
2294 3654 2654 3727 διορθώσηται
2682 3656 2908 3727 ταύτην,
2941 3656 3132 3727 ἐπειδὴ
3169 3656 3387 3726 ἐνόμισε
3419 3655 3711 3709 λανθάνειν
3733 3671 3749 3688 ·

2178 3745 2361 3815 τρίτον
2402 3748 2489 3801 ῐνα
2521 3750 2621 3818 τὴν
2660 3749 2845 3802 πίστιν
2882 3748 3051 3819 αὐτῆς
3086 3747 3453 3820 δημοσιεύσῃ·
3485 3748 3750 3817 τέταρτον

2175 3834 2232 3888 δὲ
2269 3835 2356 3889 ίνα
2384 3836 2479 3891 καὶ
2519 3836 2611 3889 τὸν
2656 3837 3109 3907 ἀρχισυνάγωγον
3158 3837 3349 3890 πιστὸν
3384 3837 3593 3909 ποιήσῃ
3622 3835 3749 3906 περὶ

2174 3930 2274 4003 τήν
2299 3932 2592 3986 ἀνάστασιν
2618 3932 2711 3986 τοῦ
2733 3932 2941 3995 παιδός·
2967 3932 3089 3986 τότε
3112 3930 3219 4003 γάρ
3238 3931 3403 3985 αὐτὸν
3426 3932 3635 4001 ἐζήτει.

2152 4096 2159 4117 ἶ
2245 4112 2361 4167 Ἵνα
2389 4112 2463 4183 μὴ
2496 4112 2707 4183 ἀγωνιᾷ
2756 4111 3086 4181 κεκλοφυῖα,
3120 4109 3213 4165 καὶ
3254 4110 3341 4163 ἵνα
3382 4108 3744 4181 δημιοσιεύσῃ

2170 4202 2268 4271 τήν
2302 4202 2484 4255 πίστιν
2507 4218 2522 4233 ·
2561 4203 2653 4255 καὶ
2683 4201 2745 4254 τὸ
2783 4201 2976 4272 στῆσαι
3005 4201 3062 4253 δὲ
3106 4199 3204 4270 τὴν
3233 4200 3406 4267 νόσον,
3434 4199 3538 4252 ούκ
3572 4199 3735 4253 ἐλατ-

2169 4311 2261 4345 τον
2288 4294 2380 4347 τοῦ
2407 4294 2598 4364 νοῆσαί
2620 4296 2789 4347 ἐστιν.

2252 4382 2528 4454 Ἐμνήσθη
2561 4384 2670 4438 τῶν
2702 4383 2953 4453 αὐλητῶν
2977 4383 3035 4437 ἐν
3061 4381 3139 4453 τῷ
3163 4380 3619 4453 ἀρχισυναγώγῳ,
3651 4383 3738 4434 ἵνα

499 4478 853 4534 memoratur,
887 4480 945 4523 ut
975 4470 1027 4522 in
1062 4470 1164 4523 hoc
1190 4485 1408 4539 quoque
1436 4470 1613 4540 palam
1636 4470 1957 4525 ostendatur
1981 4485 2067 4523 ar-

2182 4474 2266 4526 καὶ
2308 4476 2367 4527 ἐν
2407 4475 2585 4547 τούτῳ
2619 4476 2954 4547 δημοσιεύσῃ
2988 4475 3087 4547 τὴν
3120 4474 3228 4528 τῶν
3268 4474 3737 4543 ἀρχισυναγώγων

496 4560 991 4630 chisynagogornm
1025 4560 1258 4615 insania.

568 4648 958 4702 Lanientantes
988 4657 1042 4701 ct
1073 4647 1324 4703 tibicines
1356 4661 1388 4701 a
1424 4651 1587 4703 domo
1614 4647 1842 4717 expulit.
1881 4656 1939 4702 ut
1978 4648 2064 4703 in-

495 4738 687 4807 dignos
728 4737 820 4807 qui
878 4736 1124 4791 miraculi
1169 4747 1335 4792 testes
1390 4744 1592 4793 essent.
1664 4735 1722 4791 In
1786 4738 1949 4794 domo
1976 4755 2063 4794 ar-

495 4828 847 4899 chisynagogi
874 4827 1023 4883 foras
1049 4843 1239 4883 omnes
1273 4827 1477 4893 emisit,
1511 4838 1564 4882 et
1592 4829 1887 4899 discipulos
1917 4832 2061 4888 solos

494 4916 714 4973 admisit
765 4918 831 4971 ad
887 4916 1195 4989 prodigium
1231 4915 1565 4983 videndum;
1617 4918 1819 4975 docens
1856 4936 1955 4977 nos
2002 4930 2062 4975 ut

494 5009 719 5080 gloriam
751 5026 873 5081 quae
906 5026 936 5065 a
965 5010 1151 5064 multis
1195 5009 1345 5065 venit
1368 5008 1605 5065 vitemus
1629 5048 1644 5075 ,
1676 5019 1730 5065 et
1759 5010 2057 5082 discipulos

491 5103 677 5157 animo
715 5102 984 5158 ﬁrmiores
1023 5100 1251 5156 faciens.

566 5194 729 5251 Vens.
764 5194 854 5249 24.
894 5193 1018 5247 Non
1063 5200 1274 5245 mortua
1326 5200 1405 5246 est
1443 5192 1653 5261 puella,
1702 5194 1791 5247 sed
1835 5195 2050 5251 dormit.

487 5286 795 5345 Ostendunt
834 5287 951 5342 haec
979 5284 1144 5340 verba
1190 5292 1421 5340 mortem
1451 5299 1561 5341 non
1599 5298 1721 5342 esse
1758 5302 1903 5343 nunc
1935 5304 2051 5343 me-

488 5380 767 5434 tuendam.

558 5470 862 5540 ldcojubet
906 5477 967 5523 ut
993 5466 1072 5522 illi
1118 5466 1274 5522 detur
1303 5468 1668 5538 manducare,
1701 5485 1768 5527 ne
1802 5470 2050 5527 videatur

486 5558 829 5632 phantasiam
853 5576 973 5617 esse
992 5560 1137 5632 quod
1170 5560 1372 5617 factum
1399 5569 1499 5617 est.
1525 5560 1783 5632 (Pertinet
1815 5562 1879 5619 ad
1904 5561 2045 5617 Mar-

484 5670 631 5720 cum,
660 5670 709 5721 ν,
736 5654 849 5727 45.)

554 5740 720 5801 Vens.
759 5745 849 5802 27.
905 5744 1091 5805 Cmcos
1139 5747 1364 5804 attrahit
1398 5746 1734 5814 clamantes,
1787 5762 1894 5803 non
1945 5764 2041 5819 per

2169 4564 2378 4619 ἄνοιαν.

2235 4656 2372 4720 Τοὺς
2420 4656 2751 4729 θρηνοῦντας
2809 4658 2904 4711 καὶ
2949 4657 3246 4721 αὐλοῦντας
3290 4656 3394 4722 ἔξω
3423 4657 3526 4727 τῆς
3554 4658 3733 4720 οἰκίας

2163 4742 2445 4812 ἐξέϐαλεν,
2479 4748 2554 4811 ὡς
2588 4748 2840 4815 ἀναξίους
2873 4749 3070 4812 αὐτοὺς
3095 4748 3188 4802 τοῦ
3223 4747 3498 4818 θαύματος
3528 4750 3730 4818 κρίνων

2161 4833 2320 4891 εἶναι.
2362 4838 2484 4893 Ἐπὶ
2515 4838 2609 4892 τοῦ
2631 4839 3084 4910 ἀρχισυναγώγου
3115 4839 3292 4893 πάντα
3321 4839 3574 4904 ἐξέϐαλεν
3598 4841 3724 4904 ἔξω,

2159 4926 2285 4990 τοὺς
2310 4928 2366 4981 δὲ
2403 4927 2653 4997 μαθητάς
2678 4928 2871 4997 μόνους
2903 4930 3219 4999 εἰσήνεγκεν
3250 4931 3381 5000 όρᾷν
3409 4930 3471 4981 τὸ
3505 4929 3723 4998 Θαῦμα·

2157 5019 2422 5073 διδάσκων
2462 5022 2608 5090 ἡμᾶς
2638 5020 2737 5090 τὴν
2768 5022 2917 5091 παρὰ
2947 5021 3056 5074 τῶν
3087 5019 3296 5073 πολλῶν
3339 5020 3723 5089 διακρούεσθαι

2155 5109 2333 5175 δόξαν,
2364 5111 2491 5173 τοὺς
2525 5108 2770 5181 μαθητὰς
2800 5110 2857 5163 δὲ
2888 5110 3324 5180 προθυμοτέρους
3353 5110 3546 5164 ποιῶν.

2232 5201 2326 5268 Τὸ,
2366 5203 2448 5255 Οὐ
2482 5200 2793 5268 τέθνηκεν,
2828 5200 2991 5255 ἀλλὰ
3024 5200 3296 5255 καθεύδει
3316 5240 3330 5264 ,
3362 5200 3541 5268 λέγειν
3566 5240 3581 5265 ,
3613 5200 3723 5254 δει-

2153 5293 2305 5348 κνύει
2334 5294 2416 5346 ὅτι
2450 5292 2512 5344 ού
2540 5291 2769 5362 φοϐερὸς
2806 5292 2835 5345 6
2867 5290 3094 5355 θάνατος
3126 5292 3234 5348 ἀπὸ
3264 5290 3358 5344 τοῦ
3388 5290 3506 5348 νῦν.

2225 5476 2323 5533 Διά
2348 5475 2510 5530 τοῦτο
2552 5473 2764 5527 κελεύει
2803 5473 2940 5547 αὐτῇ
2971 5475 3189 5545 δοθῆναι
3233 5475 3463 5543 φαγεῖν,
3508 5474 3603 5531 ἵνα
3647 5475 3723 5550 μὴ

2148 5567 2277 5640 δόξῃ
2313 5568 2580 5639 φαντασία
2621 5563 2758 5621 εῖναι
2792 5570 2852 5621 τὸ
2883 5569 3267 5639 γεγενημένον.

2219 5751 2359 5815 Τοὺς
2385 5750 2620 5820 τυφλοὺς
2656 5750 2919 5821 παρέλκει
2952 5751 3275 5821 κράζοντας,
3309 5751 3369 5805 ού
3397 5749 3719 5816 κενοδοξών,
