4026 6576
285 350 418 417 1101

1274 351 1594 413 SCHOLIA
1634 349 1931 411 VETERA
1972 347 2049 407 ΙΝ
2088 344 2555 406 ΜΑΤΤΗΛΞΠΜ.
2624 336 2635 343 ’

3379 345 3516 412 1102

279 464 397 517 ἀλλ’
421 464 507 519 ἵνα
529 462 679 537 δείξῃ
700 464 760 517 τὺ
787 463 984 518 πιστὸν
1000 462 1201 518 αὐτῶν.
1227 464 1545 534 Κατηγορία
1574 464 1850 518 Ἰουδαίων

1981 475 2158 519 ranam
2185 459 2435 529 gloriam,
2469 460 2563 513 sed
2594 457 2659 512 ad
2692 456 3080 516 ostendendam
3111 473 3300 514 eorum
3332 459 3513 517 ﬁdem.

282 556 377 609 καὶ
411 554 570 608 τοῦτο
610 551 700 626 ἦν.
735 555 797 608 τὸ
841 556 901 622 ἐξ
934 556 1106 625 ἀκοῆς
1144 556 1313 627 μόνης
1343 556 1528 625 ζητεῖν
1562 554 1661 625 τὴν
1709 557 1852 608 ίασιν

279 650 393 709 τοῖς
425 647 646 717 τυφλοῖς
670 664 683 677 ⁸
720 648 922 718 ἢκουον
952 647 1060 719 γὰρ
1108 647 1238 718 περὶ
1264 648 1359 701 τοῦ
1398 646 1634 718 Χριστοῦ
1675 646 1817 701 οὕτω
1836 664 1847 676 ·

282 739 482 793 ἐκεῖνοι
511 738 567 793 δὲ
601 740 696 794 καὶ
722 740 951 793 ἔϐλεπον
983 740 1079 795 xui.
1107 741 1208 794 οὐκ
1236 741 1545 794 ἐπίστευον.

352 919 479 972 Υίὸν
513 920 677 974 Δαϐὶδ
705 922 754 974 οί
783 920 975 991 τυφλοὶ
1006 922 1253 986 ἐκάλουν,
1278 922 1414 979 διότι
1439 924 1606 996 τιμῆς
1630 922 1771 982 εἶναι
1796 928 1856 980 τὸ

282 1008 455 1080 ὄνομα
489 1010 686 1065 ἐδόκει.

358 1103 628 1171 Δευτέραν
661 1102 927 1173 ἐρώτησιν
962 1106 1229 1175 προσάγει
1257 1108 1397 1178 πρὸς
1426 1107 1649 1173 αὐτοὺς,
1677 1110 1736 1162 ού
1765 1109 1854 1162 δο-

286 1194 558 1263 ξομανῶν,
613 1195 748 1249 ἀλλά
802 1198 1120 1263 σπουδάζων
1172 1200 1508 1254 ίκετεύεσθαι
1559 1202 1853 1265 πολλάκις⁸

288 1286 376 1337 ἵνα
405 1286 481 1356 μὴ
513 1286 711 1358 νομίσῃ
743 1305 823 1348 τις
856 1288 1045 1343 τοῦτον
1074 1289 1149 1353 ὼς
1180 1290 1463 1359 φιλότιμον
1498 1294 1629 1348 ὅντα
1653 1295 1855 1365 ἐπιπη-

286 1376 382 1448 δᾷν
415 1380 527 1441 τοῖς
559 1376 850 1448 θαύμασιν.

363 1471 492 1522 Ὅτε
522 1471 582 1523 τὸ
618 1471 802 1542 μεῖζον
832 1473 995 1528 αὐτὸν
1019 1474 1280 1529 ἐκάλεσαν
1307 1474 1477 1545 ὄνομα
1498 1475 1721 1546 ᾐτοῦντο
1744 1477 1857 1532 Κύ-

292 1578 430 1633 ριον,
457 1563 577 1616 τότε
621 1565 764 1617 tam
795 1565 1013 1632 αὐτοὺς,
1073 1566 1432 1638 ἐφελκόμενος
1464 1568 1542 1632 είς
1578 1567 1734 1623 τοῦτο
1771 1586 1861 1625 πι-

290 1652 504 1706 στεύειν
532 1654 657 1716 τοὺς
690 1655 1006 1720 ἀκούοντας.

362 1746 739 1815 Παραγγέλλει
795 1748 984 1819 μηδενὶ
1036 1750 1213 1803 εἰπεῖν
1262 1750 1352 1805 διά
1396 1752 1458 1805 τὸ
1509 1751 1715 1823 ἄτυφον
1768 1756 1860 1808 καὶ

290 1837 623 1903 ἀκενόδοξον.

375 1930 440 1982 Ἦ
486 1930 761 1999 κὼφευσις
800 1932 902 1987 οὐκ
942 1928 1011 2004 ἧν
1039 1935 1245 2006 φυσικὴ
1284 1935 1560 2005 ἀσθένεια,
1610 1938 1747 1993 ἀλλὰ
1796 1940 1861 1993 ἐκ

290 2019 545 2091 δαίμονος
575 2021 893 2094 ἐπιϐουλῆς.

884 2152 1134 2209 ΚΕΦΔΛ.
1210 2154 1266 2207 ι’.

363 2280 462 2332 Διά
494 2279 546 2333 τί
574 2279 791 2351 Σίμωνα
826 2280 973 2351 λέγει
1018 2282 1109 2337 τὸν
1156 2283 1449 2355 λεγόμενον
1496 2286 1737 2358 Πέτρονς
1770 2292 1865 2341 και

290 2371 382 2427 διὰ
422 2374 476 2426 τί
535 2372 791 2429 Ἰάκωϐον
835 2376 929 2429 τὸν
984 2375 1246 2448 Ἀλφέους
1278 2378 1405 2433 Ὀτι
1445 2374 1516 2451 ἦν
1562 2382 1657 2436 καὶ⁵
1704 2382 1866 2446 ἀλλος

295 2466 479 2536 Σίμων
514 2466 608 2521 καὶ
628 2467 786 2532 ἄλλος
830 2468 1104 2533 Ἰάκωϐος.

370 2560 488 2613 Ἷνα
523 2559 597 2630 μὴ
637 2559 951 2631 ὲπαρθῶσιν
997 2562 1103 2617 ὑπὸ
1133 2563 1244 2618 τῶν
1283 2564 1586 2635 γινομένων
1632 2566 1726 2622 ὑπ’
1765 2569 1867 2622 αύ-

296 2650 407 2704 τῶν
434 2650 729 2722 θαυμάτων
748 2692 763 2718 ,
793 2647 948 2706 εἶπεν
972 2668 987 2686 ο
1033 2654 1264 2724 Διφεὰν
1307 2655 1552 2711 ἐλάϐετε
1577 2695 1593 2723 ,
1642 2657 1871 2728 δωρεὰν

297 2745 456 2801 δότε.

376 2835 441 2890 Τί
466 2837 574 2909 γάρ
600 2838 633 2909 ἡ
664 2838 857 2910 ῥάϐδος
885 2837 1087 2892 κωλύει
1113 2841 1251 2912 πρὸς
1279 2841 1340 2895 τὸ
1364 2842 1625 2913 κήρυγμα
1647 2860 1661 2909 ;
1683 2844 1716 2915 ἢ
1741 2845 1872 2901 ποία

303 2929 545 3001 ἁμαρτία
572 2926 639 3001 ἦν
666 2931 701 3001 η
727 2929 827 3000 τῆς
858 2931 1053 3003 ῥάϐδου
1084 2932 1387 3004 κράτησις;
1430 2934 1592 2988 Ἀλλά
1615 2935 1674 2988 τὸ
1695 2937 1871 3006 τραχὺ

303 3025 405 3095 τῆς
454 3022 703 3085 παιδείας
750 3025 817 3094 τῇ
868 3023 1050 3095 ῥάϐδῳ
1101 3024 1488 3096 παρεικάζων,
1536 3027 1873 3098 ἀπαγορεύει

1955 551 2353 608 Condemnatio
2378 549 2690 604 .Iudteorutn
2726 550 2775 604 id
2805 564 3021 621 quoque
3048 561 3164 605 erat
3188 593 3203 617 ,
3229 552 3370 621 quod
3398 554 3519 608 solo

1955 644 2144 698 auditu
2192 652 2497 714 qua-rcrent
2541 641 2876 696 curationem
2926 644 3077 698 casei.
3123 644 3215 699 Sic
3257 646 3401 700 enim
3451 646 3520 701 de

1954 736 2176 792 Christo
2207 735 2524 801 audierant;
2562 733 2639 788 illi
2664 742 2843 788 autem
2876 735 3131 790 videbant
3163 745 3219 792 et
3248 753 3358 792 non
3402 753 3520 794 cre-

1955 828 2173 883 dobant.

2027 920 2224 975 Filium
2250 920 2419 976 David
2440 918 2569 976 catci
2591 918 2880 988 vocabant,
2903 920 3033 990 quia
3065 921 3292 978 honoris
3322 939 3519 980 nomen

1955 1026 2077 1066 esse
2104 1011 2403 1065 videbatur.

2025 1100 2190 1156 Vens.
2221 1102 2310 1155 28.
2345 1102 2649 1157 Secundam
2682 1101 3158 1174 interrogationem
3196 1102 3264 1158 ad
3308 1105 3410 1160 hos
3436 1104 3522 1158 di-

1959 1193 2103 1263 rigit,
2133 1207 2238 1247 non
2262 1194 2716 1263 perjaetantiam,
2742 1193 2835 1248 sed
2865 1193 3052 1249 volens
3074 1195 3275 1265 saepius
3307 1196 3521 1264 rogati;

1960 1302 2027 1341 ne
2050 1286 2176 1356 quis
2206 1297 2358 1357 putet
2392 1287 2546 1343 illum
2570 1287 2641 1342 ob
2670 1286 2850 1344 laudis
2878 1288 3229 1344 ambitionem
3261 1290 3524 1345 miracula

1962 1387 2202 1449 patrare.

2033 1470 2261 1536 Quando
2289 1470 2480 1540 majori
2504 1470 2656 1525 illum
2680 1479 2945 1527 vocarunt
2965 1474 3204 1539 nomine,
3236 1472 3524 1529 Dominum

1960 1562 2352 1633 supplicantes,
2388 1572 2518 1617 tunc
2539 1577 2635 1618 eos
2662 1572 2839 1630 curat,
2858 1563 3124 1620 adductus
3152 1564 3217 1619 ad
3246 1565 3298 1620 id
3320 1576 3380 1620 ut
3407 1581 3529 1620 cre-

1959 1658 2147 1713 derent
2168 1657 2473 1713 audientes.

2028 1748 2196 1803 Vens.
2228 1750 2317 1804 50.
2352 1749 2603 1821 Pra‘cipit
2636 1751 2843 1806 nemini
2873 1751 3057 1807 dicant
3084 1767 3180 1822 per
3206 1753 3528 1808 modestiam

1893 1819 1936 1875 Β
1962 1845 2018 1894 et
2040 1854 2190 1893 value
2219 1840 2405 1909 gloria:
2436 1819 2798 1897 aversionem.

2039 1929 2203 1986 Vens.
2235 1931 2322 1986 '52.
2360 1931 2648 1989 Mutismus
2679 1950 2784 1989 non
2818 1933 3104 1991 inﬁrmitas
3131 1945 3249 1992 erat
3281 1935 3529 2007 physica,

1964 2023 2058 2080 sed
2091 2039 2121 2081 e
2153 2025 2416 2081 daemonis
2444 2026 2679 2082 artiﬁcio
2708 2026 3004 2083 oriebatur.

2580 2151 2810 2208 CAPUT
2844 2152 2909 2209 Χ.

2041 2279 2205 2335 Vens.
2235 2280 2290 2334 2.
2316 2280 2427 2336 Cur
2459 2278 2738 2335 Simonem
2763 2289 2940 2345 vocat,
2970 2281 3062 2350 qui
3082 2281 3281 2335 dicitur
3304 2280 3533 2338 Petrus?

1965 2380 2022 2427 et
2050 2387 2149 2427 cur
2175 2369 2435 2426 Iacobum
2470 2371 2713 2442 Alphei?
2746 2371 2883 2437 Quia
2918 2372 3056 2427 alter
3087 2381 3207 2429 erat
3246 2373 3437 2432 Simon
3477 2386 3536 2433 et

1970 2463 2107 2518 alter
2129 2460 2392 2517 Iacobus.

2041 2553 2209 2611 Vens.
2257 2554 2312 2610 8.
2360 2554 2438 2610 Ne
2485 2553 2830 2611 lucrifaciant
2866 2570 2930 2611 cx
2980 2556 3261 2614 miraculis
3292 2558 3362 2614 ab
3404 2559 3541 2633 ipsis

1970 2653 2221 2722 patratis,
2252 2650 2386 2708 dicit
2413 2670 2428 2706 :
2465 2651 2646 2709 Gratis
2689 2655 2986 2725 accepistis,
3017 2657 3188 2728 gratis
3216 2657 3358 2713 date.

2050 2837 2211 2894 Vens.
2259 2838 2346 2891 10.
2391 2838 2531 2904 Quid
2580 2838 2724 2894 enim
2773 2839 2978 2909 virgam
3032 2850 3176 2895 vetat
3225 2841 3425 2897 habere
3472 2842 3542 2897 ad

1973 2927 2442 2998 praedicationem,
2462 2937 2557 2981 aut
2572 2943 2691 2997 qua:
2710 2928 2867 2996 culpa
2887 2938 3029 2984 esset
3049 2930 3212 2999 virgae
3236 2931 3546 3001 possessio?

1976 3018 2198 3076 Scilicet
2251 3035 2496 3074 severam
2553 3019 2955 3074 institutionem
2999 3020 3164 3091 virgae
3218 3022 3541 3088 conferens.

303 3116 442 3179 τέως
480 3113 556 3185 τῷ
606 3112 826 3186 σκληρῷ
865 3115 963 3184 τῆς
1012 3115 1261 3181 παιδείας
1313 3116 1389 3187 μὴ
1434 3118 1670 3187 χρᾶσθαι
1722 3119 1873 3192 παρά

1981 3112 2226 3182 prohibet
2250 3126 2317 3167 ne
2341 3121 2558 3167 austera
2584 3111 2924 3167 institutione
2948 3121 3171 3167 utantur
3193 3113 3247 3167 in
3275 3113 3544 3183 principio

303 3207 404 3280 τὴν
432 3208 605 3281 ἀρχὴν
631 3210 731 3281 τῆς
764 3208 1134 3272 διδασκαλίας
1167 3208 1249 3261 ὅτι
1275 3208 1333 3262 δὲ
1364 3209 1459 3262 ἐπὶ
1490 3209 1685 3279 ῥάϐδου
1726 3209 1871 3281 λαμ-

306 3299 527 3355 ϐάνεται
573 3300 633 3353 τὸ
674 3300 945 3371 αὐστηρὸν
984 3299 1084 3369 τῆς
1129 3299 1412 3366 παιδείας,
1468 3303 1873 3371 μαρτυρησάτω

308 3408 400 3462 μοι
430 3389 663 3456 Παῦλοςο
697 3390 937 3453 ἀκούσας
971 3391 1081 3463 γὰρ
1118 3392 1176 3444 ὲν
1218 3391 1469 3462 Κορίνθῳ
1512 3394 1661 3455 τινὰς
1693 3394 1876 3466 ἀμαρ-

305 3485 615 3556 τήσαντας,
661 3485 865 3555 γράφει
912 3483 1123 3553 λέγων·
1178 3485 1240 3538 Τί
1282 3482 1520 3551 θάλπῃ
1565 3486 1635 3539 ἐν
1676 3486 1877 3555 ῥάϐδῳ

298 3577 465 3645 ,ἔλθω
490 3578 641 3647 πρὸς
667 3576 844 3648 ὑμᾶς,
884 3579 923 3647 ἢ
950 3578 1021 3632 ἐν
1045 3576 1251 3647 ἀγάπῃ
1283 3577 1578 3647 πνεύματί
1606 3594 1671 3632 τε
1695 3579 1877 3647 πραό-

307 3686 521 3738 τητοςς
550 3671 649 3724 Διά
671 3671 830 3724 τοῦτο
856 3672 952 3725 καὶ
982 3671 1010 3723 ό
1032 3668 1236 3740 Κύριος
1258 3669 1386 3732 τοὺς
1416 3668 1612 3722 νεωστὶ
1642 3671 1877 3741 προσελ-

312 3764 507 3827 θόντας
556 3763 707 3835 αὐτῷ
759 3762 1119 3833 ἀνθρώπους,
1169 3762 1231 3815 οὺ
1282 3763 1547 3833 πρότερον
1598 3763 1881 3834 νηστεύειν

310 3854 631 3925 ἐπιτρέπει,
668 3852 805 3907 ἀλλά
841 3852 1106 3923 πρότερον
1141 3852 1423 3905 πιστεύειν
1464 3852 1561 3905 καὶ
1609 3852 1734 3905 τότε
1780 3871 1877 3924 νη-

313 3945 545 4000 στεύεινο
589 3945 710 3998 ὅθεν
741 3942 1141 4014 ἐγκαλούμενος
1173 3943 1280 3997 ὑπὸ
1312 3942 1421 3997 τῶν
1450 3942 1761 4013 Φαρισαίων
1791 3944 1880 3997 διὰ

311 4037 366 4091 τί
389 4038 441 4090 οί
486 4035 729 4090 Ἰωάννου
764 4033 1007 4106 μαθηταὶ
1038 4034 1360 4105 νηστεύουσι
1380 4071 1397 4097 ,
1431 4032 1758 4104 προσφόρως
1787 4032 1882 4086 καὶ

315 4127 663 4199 ἁρμοζόντως
692 4124 1048 4197 ἀποκρίνεται
1078 4123 1254 4191 λέγων
1276 4139 1292 4155 ⁸
1330 4121 1543 4189 Οὐδείς
1570 4121 1882 4176 ἐπιϐάλλει

318 4220 618 4288 ἐπίϐλημα
633 4215 863 4285 ῥάκους
892 4212 1167 4285 ἀγνάφου
1194 4210 1292 4266 ἐπὶ
1314 4212 1522 4283 ἱματίῳ
1553 4210 1806 4275 παλαιῷ·
1831 4212 1886 4264 εί

316 4311 386 4365 δὲ
403 4310 489 4381 μή
511 4326 597 4380 γε,
623 4309 836 4363 πλεῖον
857 4306 1091 4378 σχίσμα
1112 4306 1354 4376 γίνεται.
1370 4304 1609 4375 Ἰμάτιον
1631 4302 1881 4371 παλαιὸν,

317 4404 411 4456 τὸν
432 4404 489 4456 ὲν
509 4404 578 4471 τῇ
602 4400 917 4471 παλαιότητι
942 4397 1310 4469 παραϐάσεως
1330 4396 1427 4450 τοῦ
1442 4395 1674 4469 ἀρχαίου
1712 4394 1883 4465 Ἀδὰμ

1978 3202 2402 3276 praedicationis.
2435 3201 2591 3270 Quod
2618 3212 2800 3258 autem
2832 3202 2885 3257 in
2919 3202 3068 3272 virga
3100 3204 3361 3260 severitas
3387 3203 3545 3260 insti-

1979 3294 2209 3351 tutionis
2239 3294 2632 3358 adumbretur,
2666 3294 2821 3349 testis
2869 3293 3003 3348 mihi
3050 3293 3123 3349 sit
3154 3292 3393 3361 Paulus;
3442 3310 3545 3348 au-

1978 3389 2135 3445 diens
2184 3388 2328 3444 enim
2381 3387 2646 3459 quosdam
2691 3386 2938 3443 Corinthi
2972 3387 3318 3459 peccavisse,
3353 3387 3547 3444 scribit

1980 3476 2169 3532 dicens
2202 3494 2216 3530 :
2252 3475 2391 3541 Quid
2419 3474 2621 3531 vultis?
2644 3477 2699 3529 in
2719 3476 2865 3546 virga
2894 3478 3098 3531 veniam
3132 3477 3200 3530 ad
3225 3494 3334 3543 vos,
3356 3488 3446 3532 aut
3493 3478 3548 3531 in

1981 3567 2241 3622 charitate
2264 3576 2312 3621 et
2339 3567 2531 3636 spiritu
2558 3568 2976 3621 mansuetudinis
2996 3569 3022 3621 ?
3045 3568 3127 3622 οι)
3150 3584 3269 3623 eam
3299 3584 3409 3621 rem
3442 3567 3548 3622 Do-

1982 3658 2168 3713 minus
2204 3658 2454 3713 homines
2482 3658 2657 3728 prima
2683 3659 2800 3713 vice
2834 3660 2900 3713 ad
2930 3659 3081 3713 illum
3127 3660 3411 3723 adeuntes,
3439 3676 3549 3714 non

1981 3752 2217 3823 primum
2236 3749 2484 3820 jejunare
2506 3750 2776 3815 hortatur,
2792 3750 2883 3806 sed
2906 3751 3080 3822 primo
3101 3750 3340 3815 credere,
3360 3751 3555 3808 deinde

1979 3844 2248 3915 jejuuare.
2282 3843 2435 3898 Unde
2462 3842 2830 3913 interrogatus
2868 3858 2896 3897 a
2925 3842 3217 3899 Pharisteis
3252 3859 3352 3899 cur
3382 3841 3549 3899 Joan—

1985 3936 2074 3990 nis
2104 3935 2357 4005 discipuli
2392 3936 2671 4005 jejuncnt,
2707 3950 3002 4005 congruam
3042 3944 3098 3990 et
3141 3936 3551 3991 convenientem

1985 4028 2399 4094 responsionem
2431 4028 2771 4083 datdieendo
2801 4025 3004 4082 :Nemo
3040 4028 3276 4081 immittit
3303 4030 3552 4083 commic-

1984 4134 2167 4173 suram
2204 4119 2369 4188 panni
2402 4119 2549 4172 rudis
2574 4120 2631 4172 in
2663 4119 3021 4173 vestimentum
3047 4128 3188 4173 vetus
3210 4134 3229 4183 ,'
3252 4120 3331 4173 sin
3357 4130 3556 4186 autent,

1984 4210 2133 4280 pejor
2166 4212 2399 4265 scissura
2420 4210 2502 4281 ﬁt.
2532 4209 2634 4266 Per
2662 4211 3041 4265 vestimentum
3069 4221 3244 4278 vetus,
3275 4211 3555 4268 hominem

1987 4302 2043 4358 in
2075 4310 2347 4358 vetustate
2375 4301 2832 4373 transgressionis
2861 4301 3069 4371 antiqui
3100 4302 3272 4357 Adam
3313 4303 3555 4372 genitum

1987 4392 2296 4464 signiﬁcat;
2333 4408 2427 4463 per
2460 4406 2661 4447 novum
2701 4399 2883 4446 autem
2915 4406 3156 4461 pannum
3178 4431 3194 4457 ,
3226 4407 3418 4449 recens
3452 4394 3557 4450 ista

317 4494 644 4565 γεννηθέντα
671 4492 956 4562 ἄνθρωπον
1001 4490 1152 4558 λέγει
1179 4505 1195 4521 ο
1240 4488 1428 4543 καινὸν
1466 4487 1526 4540 δὲ
1562 4486 1770 4558 ῥάκος,
1822 4484 1876 4539 τί

1983 4486 2182 4558 jejunii
2210 4485 2545 4555 praedicatio.
2577 4483 2636 4538 Si
2677 4484 2823 4540 enim
2871 4484 3112 4541 volueris
3142 4485 3262 4540 seni
3306 4485 3451 4541 facto
3502 4485 3556 4540 iu

318 4586 512 4657 νεαρὸν
551 4586 807 4656 κήρυγμα
834 4583 934 4653 τῆς
967 4581 1223 4653 νηστείας
1242 4597 1257 4612 ⁸
1289 4580 1386 4633 ἐὰν
1414 4579 1523 4650 γὰρ
1553 4578 1784 4648 θελήσῃς
1806 4576 1887 4647 τῷ

321 4678 687 4732 παλαιωθέντι
714 4678 772 4729 ὲν
796 4677 861 4746 τῇ
896 4673 1141 4745 ἁμαρτίᾳ
1172 4671 1395 4740 ’Έλληνι
1418 4669 1633 4740 πρῶτον
1663 4665 1888 4721 ἐπιϐάλ-

321 4769 437 4823 λειν
473 4770 533 4823 τὸ
564 4768 756 4839 νεαρὸν
791 4767 1050 4837 κήρυγμα
1076 4766 1174 4836 τῆς
1207 4762 1482 4833 νηστείας,
1516 4760 1678 4813 πλέον
1707 4758 1888 4829 σχίζε-

323 4881 412 4917 ται
441 4864 587 4934 ηπερ
618 4861 970 4926 συνάπτεται,
996 4858 1158 4912 πλέον
1189 4854 1485 4928 χωρίζεται
1516 4853 1618 4924 τῆς
1658 4851 1887 4922 Ἐκκλη-

326 4956 468 5020 σίας.

389 5049 483 5115 Τὸ,
525 5047 717 5113 Ἄξιος
766 5045 1019 5115 ἐργάτης
1065 5042 1173 5097 τοῦ
1205 5039 1427 5110 μισθοῦ
1471 5038 1688 5104 αὐτοῦ,
1718 5037 1808 5091 διά
1830 5037 1891 5090 τὸ

323 5141 389 5193 ἐκ
411 5139 519 5193 τῶν
550 5138 695 5192 ἰδίων
720 5134 980 5208 μαθητῶν
1016 5132 1334 5205 τρέφεσθαι*
1372 5128 1521 5198 λέγει
1548 5127 1657 5198 γὰρ
1693 5126 1891 5190 αὐτοὺς

325 5232 451 5295 τοὺς
489 5230 821 5291 ἀποστόλους
850 5225 1112 5297 δηλονότι.

407 5324 468 5378 [ὸ
516 5322 593 5393 μὴ
629 5322 805 5375 οἰκίαν
852 5319 913 5386 ἐξ
953 5318 1130 5380 οἰκίας
1170 5312 1441 5384 ἀμείϐειν,
1478 5311 1642 5365 ἓνεκα
1683 5308 1777 5363 τοῦ
1817 5311 1891 5381 μὴ

322 5416 636 5484 δοξομανεῖν
678 5416 923 5483 εἴρηται,
954 5408 1107 5481 ἢτοῦ
1153 5407 1229 5478 μὴ
1258 5402 1547 5457 λυπεῖσθαι
1585 5401 1675 5455 τὸν
1721 5418 1893 5454 κατα-

325 5507 562 5577 λιμπανό
569 5522 749 5576 μενον.

409 5598 483 5652 Τὸ
512 5595 857 5649 ἐκτινάσσειν
905 5591 998 5644 τὸν
1037 5585 1313 5658 κονιορτὸν
1350 5583 1460 5637 τῶν
1495 5581 1671 5636 ποδῶν
1718 5580 1896 5634 αὐτῶν

330 5689 663 5744 ἐπετέτακτο
716 5686 811 5739 καὶ
850 5684 1149 5755 ἐπράττετο
1197 5679 1416 5743 αὐτοῖς,
1452 5676 1486 5746 ἢ
1534 5674 1675 5729 ὥστε
1726 5674 1897 5741 δεῖξαι

333 5780 501 5852 μηδὲν
533 5778 720 5835 λαϐεῖν
750 5775 945 5840 αὐτοὺς
980 5775 1111 5845 παρ’
1141 5770 1319 5828 αὐτῶν
1348 5768 1484 5841 μηδὲ
1515 5764 1799 5837 βούλεσθαι
1819 5782 1833 5799 ο
1861 5763 1897 5834 ἢ

1990 4579 2228 4648 peccatis
2261 4576 2451 4633 Grteco
2492 4578 2726 4647 primum
2774 4576 2999 4647 injicere
3045 4586 3321 4633 recentem
3362 4577 3559 4648 jejunii

1990 4670 2455 4740 praedicationem,
2482 4668 2751 4726 scinditur
2779 4667 2960 4740 magis
2978 4683 3144 4739 quam
3177 4671 3558 4738 committitur,

1992 4758 2276 4829 magisque
2308 4758 2377 4813 ab
2413 4757 2653 4814 Ecclesia
2682 4764 2986 4813 atnovetur.

2063 5035 2222 5100 Illud,
2248 5034 2447 5104 Dignus
2476 5043 2551 5088 est
2591 5033 2863 5102 operarius
2907 5031 3021 5087 cibo
3053 5048 3169 5098 suo,
3208 5046 3482 5103 quemque
3531 5050 3562 5087 a

1995 5127 2111 5181 suis
2143 5124 2426 5194 discipulis
2460 5124 2697 5193 propriis
2722 5124 2973 5178 alemlum
3001 5138 3124 5178 esse
3159 5120 3400 5188 indicat;
3433 5123 3564 5176 dicit

1994 5218 2139 5272 enim
2173 5217 2274 5271 hos
2316 5215 2591 5284 apostolos
2625 5215 2822 5284 palam.

2067 5308 2232 5362 Vens.
2277 5307 2360 5361 ιε.
2405 5306 2485 5360 Ne
2511 5306 2730 5361 domum
2782 5306 2946 5361 domo
2981 5315 3191 5361 mutent
3240 5315 3443 5368 monet.
3500 5315 3563 5360 ut

1997 5417 2105 5455 non
2135 5398 2451 5469 iactantiam
2491 5397 2818 5461 exhibeant,
2847 5405 2941 5451 aut
2971 5413 3079 5452 non
3122 5398 3303 5452 doleat
3330 5399 3420 5467 qui
3468 5414 3559 5453 re-

1997 5493 2158 5548 lictus
2183 5500 2347 5546 esset.

2069 5581 2234 5636 Vens.
2268 5580 2354 5633 M.
2380 5578 2647 5632 Excutere
2678 5576 2950 5646 pulverem
2979 5575 3046 5630 de
3069 5577 3296 5646 pedibus
3320 5576 3581 5647 ipsorum.

1998 5673 2334 5745 praecipitur,
2349 5680 2404 5725 et
2428 5677 2713 5725 exercetur
2733 5668 2799 5722 ab
2818 5668 2918 5731 eis,
2937 5668 3053 5722 sive
3079 5667 3146 5722 ad
3168 5668 3562 5723 ostendendmn

2000 5782 2096 5825 eos
2118 5764 2253 5821 nihil
2278 5762 2383 5820 sibi
2416 5760 2663 5832 accipere
2691 5774 2755 5816 ex
2778 5760 2884 5815 illis
2903 5759 3057 5826 velle,
3082 5760 3197 5816 sive
3221 5768 3279 5815 ut
3309 5761 3381 5818 sit
3408 5760 3565 5818 testi-
