4026 6574
299 399 443 466 1105

289 512 580 582 νενοσηκὸς
626 515 735 570 ἀπὸ
786 519 876 573 τοῦ
916 522 1272 597 ὑγιαίνοντος,

288 601 397 654 ἀπὸ
425 604 519 656 τοῦ
549 607 917 677 εἰρηνεύοντος
942 616 1111 685 λέγει.
1413 673 1420 681 .

243 677 293 723 ⁸
359 697 452 764 Τὸ,
496 700 558 753 Ὀ
587 703 782 770 φιλῶν
809 677 1054 780 πατέρα,
1086 716 1178 770 καὶ
1198 720 1267 773 τὰ
1292 721 1439 794 ἑξῆς,
1479 725 1637 781 τοῦτο
1680 730 1849 799 λέγει·

285 787 416 842 ὅταν
454 793 614 847 πλέον
652 797 752 866 τῆς
792 800 1013 873 ἀγάπης
1061 809 1154 861 τοῦ
1218 787 1487 869 Θεοῦ-καὶ
1538 818 1647 872 τῶν
1683 787 1849 878 αὑτοῦ

284 880 535 937 ὃντολῶν.
559 885 772 952 Λουκᾶς
800 890 967 960 λέγει,
1000 897 1081 950 ὄτι
1111 902 1184 954 Εἴ
1210 920 1296 970 τις
1323 907 1558 976 ἔρχεται
1590 915 1740 980 πρός
1752 932 1848 985 με,

284 972 382 1023 καὶ
419 976 490 1028 οὐ
529 979 703 1044 μισεῖ
744 980 850 1035 τὸν
903 989 1130 1058 πατέρα
1170 997 1378 1063 αὐτοῦ,
1433 1001 1555 1056 ἀντὶ
1598 1006 1692 1059 τοῦ
1724 1009 1853 1064 άπι-

284 1065 539 1131 στοῦντος
572 1070 666 1124 τοῦ
717 1079 923 1149 πατρὸς
968 1083 1151 1137 αὑτοῦ·
1197 1088 1230 1159 ἢ
1278 1092 1354 1161 μὴ
1381 1092 1615 1150 ἀπίστου
1663 1100 1838 1167 ὄντος,

280 1155 639 1263 άωιτοῦντος
666 1166 724 1220 δὲ
766 1171 927 1226 πλέον
957 1177 1133 1245 φιλεῖν
1180 1155 1352 1237 uitibu-
1393 1187 1533 1261 ὑπὲρ
1589 1155 1843 1263 Χριστὸνζ

278 1244 377 1311 δεῖ,
410 1253 569 1320 φησὶ,
604 1255 795 1313 τοῦτον
822 1244 1285 1337 ἀποστρέφεσθαι.

351 1341 444 1405 Τὸ,
477 1343 686 1415 Ὅστις
714 1353 787 1406 οὐ
802 1354 1090 1419 βαστάζει
1119 1362 1226 1416 τὸν
1254 1369 1522 1435 σταυρὸν
1542 1373 1727 1430 αὐτοῦ
1749 1378 1846 1431 καὶ

280 1428 606 1527 ακολουθεῖ
631 1459 756 1508 μοι,
789 1445 949 1503 τοῦτο
975 1450 1143 1521 δηλοῖ,
1192 1455 1257 1508 τὸ
1291 1428 1423 1527 πρὸς
1458 1428 1846 1521 θάνατον

281 1520 555 1624 ἑτοίμους·
589 1531 665 1595 ὡς
688 1534 782 1588 ἐπὶ
813 1540 951 1594 πολὺ
989 1544 1097 1615 γὰρ
1125 1547 1153 1598 ὁ
1191 1548 1302 1600 τῶν
1329 1520 1578 1608 παλαιῶν
1614 1557 1844 1624 Θάνατος

277 1609 363 1665 διὰ
394 1622 623 1689 σταυροῦ
666 1620 753 1694 ἦν,
778 1629 854 1692 ὡς
890 1631 984 1685 νῦν
1001 1634 1088 1687 διὰ
1116 1636 1321 1706 ξίφους.

351 1707 443 1773 Τὸ,
482 1710 541 1763 '0
563 1716 754 1782 εὑρὼν
796 1719 912 1789 τὴν
943 1725 1156 1794 ψυχὴν
1201 1732 1411 1799 αὑτοῦ,
1446 1736 1567 1790 ἀντὶ
1622 1738 1740 1805 τοῦ,
1785 1741 1843 1794 '0

278 1798 451 1866 φιλῶν
487 1804 654 1875 αὐτὴν
686 1810 742 1861 ὲν
765 1810 997 1881 ἡδοναῖς,
1040 1818 1208 1887 λέγει.
1289 1852 1292 1856 λ

1271 425 1591 490 SCHOLIA
1625 434 1919 499 VETERA
1961 443 2043 505 IN
2085 447 2550 516 MATTHAZUM.

3387 475 3523 539 1106

1320 536 1414 590 καὶ
1470 541 1529 593 τὸ
1561 546 1834 611 στασιάζοι

1955 553 2106 620 Quod
2151 564 2397 618 morbum
2433 568 2594 624 infert
2625 586 2720 641 pro
2745 586 2986 644 curante,
3016 581 3159 648 quod
3224 584 3525 642 rebellatio-

1958 661 2077 703 nem
2111 654 2313 707 excitat
2344 672 2439 726 pro
2469 662 2786 729 paciﬁcante
2818 669 2969 724 dicit.

2026 739 2182 797 Vsus.
2221 746 2309 800 57.
2345 747 2501 816 Illud,
2545 753 2650 818 Qui
2703 770 2846 811 autat
2883 770 3105 828 patrem,
3155 775 3284 831 ctc.,
3349 768 3520 822 inter-

1953 836 2235 895 pretamur
2282 835 2376 902 ita,
2428 842 2646 907 quando
2691 847 2863 914 magis
2895 862 3039 905 amat
3079 867 3240 921 quam
3274 855 3440 911 Deum
3468 868 3517 911 cl

1953 922 2071 991 ejus
2109 927 2380 982 mandata.
2427 931 2598 990 Lucas
2635 935 2782 1002 dicit,
2829 941 2971 1011 quod
3016 940 3076 997 Si
3117 947 3232 1014 quis
3288 949 3419 1000 venit
3451 948 3518 1001 ad

1953 1025 2033 1065 me
2067 1025 2114 1067 et
2154 1031 2255 1070 non
2280 1020 2386 1073 odit
2413 1034 2616 1090 patrem
2676 1045 2850 1094 suum,
2881 1030 2935 1085 id
2969 1040 3053 1088 est
3093 1047 3297 1104 patrem
3354 1054 3513 1093 suum

1953 1103 2241 1161 infidelem.
2271 1108 2326 1164 Si
2355 1128 2481 1167 vero
2511 1131 2615 1170 non
2645 1118 2877 1178 infidelis
2912 1134 3015 1188 est,
3057 1103 3111 1180 et
3134 1128 3303 1197 exigit
3342 1133 3514 1185 amari

1951 1194 2122 1257 magis
2154 1210 2315 1265 quam
2348 1199 2647 1271 Christum,
2690 1218 2918 1278 oportet,
2961 1213 3155 1284 inquit,
3179 1194 3324 1271 illum
3359 1234 3516 1274 aver-
3572 1220 3575 1221 ⁷

1951 1296 2080 1339 san.

2023 1374 2183 1431 Vens.
2217 1379 2304 1435 38.
2340 1383 2445 1446 Qui
2475 1402 2575 1440 non
2606 1392 2791 1457 accipit
2839 1410 3042 1449 crucem
3065 1410 3216 1451 suam
3264 1409 3312 1453 et
3341 1404 3516 1471 sequi-

1950 1474 2035 1517 tur
2059 1483 2156 1531 me,
2211 1475 2446 1529 ostendit
2478 1479 2547 1532 ad
2593 1488 2821 1536 mortem
2873 1494 3094 1553 paratos
3147 1504 3269 1545 esse
3299 1492 3513 1548 debere.

1947 1554 2017 1612 Ut
2041 1560 2183 1615 enim
2247 1567 2562 1637 plerumque
2609 1572 2912 1641 priscorum
2968 1591 3115 1634 mors
3150 1596 3246 1650 per
3295 1598 3512 1640 crucem

1945 1659 2081 1708 erat.
2117 1667 2260 1709 nunc
2288 1671 2382 1724 per
2404 1660 2662 1727 gladium.

2018 1739 2183 1796 Vsus.
2214 1745 2300 1799 57.
2333 1746 2437 1811 Qui
2469 1750 2659 1804 invenit
2705 1755 2939 1809 animam
2979 1774 3149 1825 suam,
3184 1760 3321 1816 idem
3340 1773 3421 1818 est
3449 1780 3512 1820 ac

1944 1831 2036 1899 qui
2071 1844 2215 1888 amat
2247 1852 2369 1892 eam
2396 1840 2446 1893 in
2484 1844 2875 1911 voluptatibus.

349 1890 442 1953 Τὸν
483 1893 820 1967 Ἀπολέσας
844 1904 960 1972 τὴν
978 1910 1190 1978 ψυχὴν
1209 1916 1414 1982 αὑτοῦ,
1452 1919 1570 1973 ἀντὶ
1599 1922 1714 1987 τοῦ,
1744 1923 1834 1976 Διὰ

349 1981 506 2017 υᾶ-ηιη
547 1991 826 2017 --.-..o-\-
862 1997 913 2017 __-
960 1998 984 2017 εξ
1086 2002 1101 2017 κ
1128 2003 1139 2017 ο

1963 1890 1975 1899 _
2258 1890 2291 1892 μ
2336 1890 2364 1891 η
2496 1890 2875 1911 πίννη-...πω

2017 1921 2121 1988 Qui
2156 1928 2441 1994 perdiderit
2490 1937 2720 1989 animam
2777 1950 2945 2005 suum,
3004 1943 3141 1997 idem
3174 1956 3257 2001 cst
3290 1961 3354 2001 ac
3413 1952 3507 2017 qui

277 1979 507 2036 Θανάτου
546 1991 826 2060 στερηθεὶς
855 1997 1046 2067 αὐτῆς,
1085 2002 1252 2071 λέγει.

348 2074 438 2138 Τὸ,
482 2077 534 2129 '0
557 2078 880 2153 δεχόμενος
926 2093 1241 2163 προφήτην
1267 2101 1354 2166 εἰς
1385 2102 1571 2171 ὄνομα
1608 2110 1840 2175 προφή-

274 2180 380 2217 του
403 2168 501 2220 καὶ
522 2170 774 2235 δικαίου.
796 2180 1016 2246 μισθὸν
1031 2188 1341 2255 προφήτου
1374 2194 1652 2263 λήψεται.
1676 2198 1834 2253 τοῦτο

272 2247 441 2344 λέγει,
467 2254 527 2306 τὸ
548 2257 621 2327 μὴ
647 2259 735 2313 διά
768 2262 1031 2339 βιωτικὴν
1069 2247 1835 2344 ⁷στεροστασίανδέξασθαι

272 2340 380 2398 τὸν,
431 2345 565 2400 ἀλλά
616 2349 751 2405 διότι
807 2361 1094 2433 προφήτης
1130 2340 1312 2433 Ὗὲστὶν,
1356 2371 1388 2439 ἢ
1449 2340 1581 2427 διότι
1630 2376 1839 2442 δίκαιός

272 2434 410 2488 ἐστι·
444 2439 509 2491 τι
540 2440 615 2505 δὲ,
647 2446 884 2534 Μισρὸν
914 2454 1223 2521 προφήτου
1245 2434 1522 2528 λήψεται,
1550 2467 1643 2518 καὶ
1665 2434 1836 2534 ἄλλως

273 2524 388 2578 ἔστι
414 2529 622 2599 νοῆσαι·
658 2535 712 2605 ἦ,
744 2532 854 2593 οἷον
897 2543 1058 2608 abab;
1098 2549 1127 2601 ό
1160 2524 1445 2623 προφήτης
1479 2557 1660 2624 μέλλοι
1692 2524 1829 2631 λαμζ

272 2615 456 2670 ὅάνειν
492 2625 705 2691 μισθόν·
732 2634 1018 2706 προφήτην
1044 2638 1102 2691 δὲ
1140 2615 1352 2712 νοησεις
1529 2649 1621 2703 τὸν
1644 2615 1833 2721 ψευδο-

271 2712 576 2781 προφήτην.

272 2812 277 2813 ⁷
342 2802 414 2853 Τὸ
449 2808 706 2877 ποτήριον
733 2814 827 2867 τοῦ
870 2816 1059 2884 ὓδατος
1084 2824 1185 2876 τοῦ
1203 2826 1434 2898 ψυχροῦ,
1464 2831 1653 2886 τούτου
1675 2838 1834 2908 χάριν

273 2889 323 2908 Μ
537 2899 558 2908 ,
724 2903 734 2908 -
816 2906 834 2908 Α

1217 2889 1226 2895 .
1423 2889 1430 2892 -
1676 2889 1704 2905 ι.
1751 2889 1761 2908 .
1793 2889 1821 2891 ~

268 2889 505 2961 δέχεται,
537 2899 622 2952 ἵνα
654 2903 876 2959 καὶτῶν
917 2913 1165 2983 πενήτων
1196 2918 1295 2988 τὴν
1326 2922 1578 2995 ἀφορμὴν
1601 2928 1829 2999 ἐκκόψῃ,

269 2983 342 3045 ὡς
377 2985 596 3045 δύναται
636 2999 918 3070 παρέχειν,
950 3006 1042 3058 καὶ
1071 3008 1169 3078 τὴν
1200 3014 1520 3084 προαίρεσιν
1565 3020 1831 3095 γυμνώσῃ

270 3091 468 3136 αυτων.

848 3221 1098 3280 ΚΕΦΑΛ.
1136 3226 1237 3284 IA'.

341 3333 438 3385 Atii
464 3335 641 3401 τοῦτο,
680 3344 819 3409 μετὰ
850 3344 909 3397 τὸ
952 3346 1157 3415 διδάξαι
1209 3354 1333 3417 τοὺς
1392 3358 1657 3430 μαθητάς,
1708 3383 1836 3435 μετ-

271 3423 392 3490 έϐη,
454 3431 635 3498 φησὶν,
677 3434 883 3489 ἐκεῖθεν
939 3439 1112 3504 διδοὺς
1156 3444 1336 3513 χώραν
1380 3450 1562 3516 αὐτοῖς
1627 3456 1828 3511 ἰᾶσθαι·

271 3521 536 3589 παρόντος
574 3524 683 3596 γὰρ
725 3529 909 3597 αὐτοῦ,
972 3534 1145 3600 οὐδεὶς
1205 3538 1271 3593 ἂν
1324 3543 1552 3609 ἐκείνοις
1600 3548 1832 3621 ἠθέλησε

272 3614 587 3681 προσελθεῖν
620 3618 754 3688 πρὸς
782 3620 837 3673 θε
849 3625 1100 3693 ραπείαν.

340 3707 438 3759 Διά
468 3706 797 3778 ζηλοτυπίαν
844 3716 1090 3773 Ἰωάννου
1133 3722 1388 3795 μαθητῶν
1432 3729 1570 3799 πρὸς
1600 3733 1832 3802 Χριστὸν

270 3796 484 3864 ἐγένετο
507 3802 538 3872 ή
558 3803 828 3877 ἀποστολὴ
856 3811 1004 3880 παρὰ
1046 3812 1318 3868 Ἰωάννου·
1349 3820 1443 3872 καὶ
1468 3796 1528 3873 τὸ
1560 3796 1832 3893 ἐρωτῆσαι

270 3891 434 3943 αὐτὸν
456 3894 538 3957 τίς
575 3891 663 3965 ἦν·
699 3895 842 3969 εἶχον
873 3904 981 3971 γᾰρ
1018 3904 1108 3957 τὸν
1155 3907 1255 3976 μὲν
1284 3911 1521 3978 Χριστὸν
1553 3913 1705 3982 ψιλὸν
1726 3891 1832 3969 άν-

269 3982 506 4052 θρωπον,
535 3988 626 4042 τὸν
655 3990 711 4043 δὲ
762 3992 1012 4062 Ἰωάννην
1048 3997 1332 4066 κρείττονα
1365 4004 1397 4073 ἦ
1446 4006 1585 4057 κατὰ
1613 4006 1828 4079 ἄνθρω-

270 4093 390 4129 πον·
418 4078 542 4132 ἐπεὶ
578 4083 678 4135 οὐκ
721 4084 1014 4152 ἐγίνωσκεν
1067 4089 1258 4144 ἑαυτὸν
1302 4096 1701 4164 παρεχόμενον,
1744 4100 1831 4154 ἵνα

270 4172 527 4246 ὠφελήσῃ
554 4176 769 4240 αὐτούς·
805 4178 997 4231 τούτου
1047 4180 1206 4252 χάριν
1233 4183 1443 4255 πέμπει
1480 4188 1639 4258 δῆθεν
1670 4191 1832 4255 αὐτὸς

273 4265 485 4333 μαθεῖν,
528 4267 592 4321 ἵν’
647 4269 842 4323 ἐκεῖνοι
875 4272 1138 4340 μάθωσιν·
1174 4273 1297 4328 οὔτε
1349 4277 1457 4348 γὰρ
1504 4280 1563 4333 τὸ
1611 4283 1832 4353 σιγῆσαι

283 4357 534 4428 Ἰωάννην
571 4362 698 4431 περὶ
725 4364 914 4416 τούτου
956 4365 1138 4430 καλὸν,
1189 4366 1313 4420 οὔτε
1340 4370 1400 4422 τὸ
1449 4374 1643 4438 εἰπεῖν,
1696 4377 1832 4430 Μεί-

268 4448 380 4509 (tur
404 4453 522 4519 μού
565 4453 722 4518 ἐστι,
759 4455 1181 4521 δυσαποστάτως
1221 4458 1435 4529 ἔχοντες
1470 4467 1605 4535 πρὸς
1649 4467 1832 4523 Ἰωάν-

1948 2025 2117 2069 morte
2154 2032 2216 2070 ea
2242 2021 2481 2088 privatus
2496 2038 2596 2081 est.

2015 2102 2181 2159 Vsus.
2207 2106 2295 2162 61.
2329 2110 2434 2176 Qui
2484 2119 2669 2185 recipit
2716 2123 3018 2191 prop/telam
3048 2126 3100 2178 in
3156 2129 3361 2183 nomine
3389 2147 3510 2197 pro—

1941 2195 2110 2262 pheta:
2135 2208 2183 2253 et
2202 2201 2360 2270 justi,
2398 2210 2680 2262 mercedem
2718 2214 2981 2281 propheta:
3030 2219 3271 2287 accipiet,
3306 2221 3355 2275 id
3389 2195 3512 2289 est,

1942 2303 2047 2343 non
2105 2304 2325 2364 propter
2388 2306 2701 2355 terrestrem
2762 2315 3067 2374 respectum
3153 2314 3367 2383 recipit.
3416 2317 3508 2369 sed

1939 2381 2065 2449 quia
2099 2386 2356 2453 propheta
2407 2398 2499 2444 aut
2536 2392 2719 2460 justus
2763 2406 2863 2464 csr;
2918 2402 3197 2456 mercedem
3250 2381 3510 2474 prop/tetra

1939 2474 2177 2543 accipiet,
2195 2486 2247 2531 et
2277 2479 2433 2535 aliter
2462 2481 2864 2555 intelligendum
2888 2501 2970 2545 est
3004 2503 3129 2547 :aut
3157 2496 3314 2551 talem
3342 2514 3504 2568 quam

1939 2564 2052 2632 ipse
2083 2568 2341 2637 propheta
2383 2578 2689 2631 mercedem
2712 2581 2957 2650 accipere
2991 2584 3242 2654 deberet;
3276 2564 3507 2660 prophe-

1939 2662 2045 2708 tam
2116 2669 2295 2713 autem
2327 2661 2591 2735 intelliges
2621 2678 2668 2721 et
2695 2674 3243 2745 pseudoprophetam.

2008 2741 2171 2799 Vsus.
2198 2744 2287 2799 42.
2316 2749 2551 2805 Calicem
2582 2770 2735 2824 aqua:
2774 2757 2986 2829 frigida:
3005 2741 3324 2821 mercedem
3354 2768 3503 2822 acci-

1935 2833 2032 2901 pit,
2101 2846 2161 2888 ut
2224 2852 2524 2908 pauperum
2571 2848 2846 2903 miseriam
2904 2855 3187 2925 exstirpet,
3241 2868 3506 2927 quantum

1935 2938 2189 2993 precstare
2244 2942 2438 2999 potest,
2462 2943 2515 2989 ct
2540 2950 2731 2993 eorum
2759 2943 3086 3001 voluntatem
3126 2949 3434 3018 patefaciat.

2532 3254 2757 3321 CAPUT
2800 3258 2891 3314 ΧΙ.

2009 3370 2172 3428 Vsus.
2199 3375 2247 3429 1.
2280 3375 2404 3433 Ideo
2435 3390 2718 3451 postquam
2754 3385 3048 3456 discipulos
3099 3406 3232 3446 suos
3287 3394 3505 3453 docuis-

1937 3470 2038 3527 set,
2064 3466 2259 3519 transit
2294 3466 2439 3531 inde,
2467 3470 2661 3539 inquit,
2694 3474 2799 3530 illis
2832 3477 3009 3532 locum
3043 3481 3241 3536 cedens
3265 3493 3324 3537 ut
3344 3501 3502 3540 cura-

1935 3564 2090 3622 rent;
2132 3566 2394 3625 praesente
2433 3562 2579 3616 enim
2607 3578 2693 3629 eo,
2726 3581 2885 3622 nemo
2920 3569 3042 3627 illos
3070 3574 3328 3631 voluisset
3356 3577 3506 3632 adire

1936 3647 1986 3701 in
2013 3650 2370 3706 curationem.
3402 3672 3405 3675 ’

2005 3738 2170 3795 Vens.
2192 3742 2244 3795 2.
2282 3743 2382 3799 Per
2412 3747 2732 3820 zelotypiam
2763 3752 3155 3824 discipulorum
3185 3756 3413 3815 Joannis
3439 3763 3503 3817 ad

1932 3829 2212 3888 Christum
2248 3833 2392 3891 facta
2417 3851 2499 3892 est
2527 3854 2555 3893 a
2581 3838 2790 3897 Joanne
2816 3844 3025 3906 missio,
3065 3848 3131 3900 ad
3165 3848 3503 3919 interrogan-

1935 3926 2059 3978 dum
2084 3940 2205 3980 eum
2257 3928 2377 3996 quis
2406 3939 2569 3984 esset.
2626 3932 2912 3989 llabebant
2940 3937 3083 3990 enim
3147 3939 3419 3994 Christum
3445 3951 3505 3995 ut

1898 4027 2141 4067 'merum
2187 4015 2487 4084 hominem,
2534 4020 2794 4079 Joannem
2845 4042 2974 4081 vero
3026 4028 3284 4095 majorem
3338 4047 3502 4099 quam

1933 4106 2232 4160 secundum
2264 4108 2563 4165 hominem.
2594 4112 2729 4168 Cum
2757 4131 2866 4170 non
2895 4134 2953 4174 sc
2972 4130 3294 4190 coguoseret
3315 4132 3502 4192 aptum

1933 4195 2002 4248 ad
2030 4196 2318 4253 utilitatem
2363 4201 2494 4270 ipsis
2555 4208 2939 4273 praestandam,
2984 4209 3104 4265 ideo
3155 4212 3500 4283 mittitquasi

1934 4285 2131 4356 utipse
2156 4288 2351 4357 discat,
2387 4293 2565 4363 reipsa
2621 4306 2680 4351 ut
2731 4298 2837 4367 ipsi
2866 4300 3097 4355 discant.
3127 4302 3241 4357 Non
3265 4306 3409 4358 enim
3454 4308 3501 4360 si

1931 4374 2166 4434 Joannes
2218 4379 2286 4434 de
2337 4381 2430 4437 illo
2476 4384 2687 4440 silucrit
2737 4387 2937 4443 bonum
2975 4390 3186 4457 fuisset,
3240 4409 3416 4463 neque
3454 4396 3501 4450 si

1931 4465 2147 4533 dixerit,
2165 4468 2545 4539 Majormeest,
2565 4476 2618 4530 in
2663 4477 2932 4534 Joannem
2960 4481 3145 4538 ﬁdeles
3161 4499 3219 4538 se
3233 4485 3502 4539 ostendis-

268 4558 386 4611 νην·
419 4542 506 4594 διὰ
538 4543 696 4597 τοῦτο
741 4547 834 4599 καὶ
879 4545 1144 4600 ἐλθόντων
1182 4549 1361 4606 αὐτῶν
1385 4554 1619 4609 ἐνώπιον
1645 4558 1827 4615 αὐτῶν

1938 4567 2075 4614 scut.
2098 4558 2221 4616 Ideo
2250 4564 2592 4622 venientibus
2620 4568 2748 4635 illis,
2788 4586 2972 4626 coram
3017 4575 3235 4631 morbos
3264 4579 3499 4634 sanavit.

268 4632 660 4703 ἐθεράπευσεν.

338 4724 437 4777 Διὰ
464 4725 558 4778 τοῦ
586 4729 777 4791 εἰπεῖν,
816 4731 1119 4799 Μακάριος
1168 4734 1234 4800 ὃς
1284 4738 1355 4789 οὐ
1408 4742 1837 4814 σκανδαλισθῇ

266 4818 337 4870 ἐν
372 4818 522 4885 ἐμοὶ,
552 4819 718 4884 ἔδειξε
748 4821 827 4874 ὃτι
861 4824 954 4875 καὶ
986 4824 1053 4879 τά
1098 4827 1384 4899 άπόρῤητα
1430 4825 1537 4883 οἶδε
1568 4832 1676 4887 τῶν
1700 4835 1830 4888 άπι-

270 4910 557 4965 στούντων.

343 5002 441 5055 Διὰ
476 5005 537 5056 τὸ
577 5004 650 5076 μὴ
677 5006 1017 5061 ὑποπτεῦσαι
1054 5011 1181 5072 τοὺς
1217 5010 1410 5082 ὄχλους
1438 5013 1519 5068 ὅτι
1565 5017 1830 5088 πρότερον

276 5096 567 5165 μαρτυρῶν
602 5100 629 5150 ὁ
673 5098 918 5170 Ἰωάννης
975 5103 1104 5172 περὶ
1149 5103 1241 5156 τοῦ
1299 5106 1560 5175 Χριστοῦ,
1600 5106 1828 5179 ὕστερον

268 5186 469 5256 ἐρωτᾷ,
493 5187 554 5240 Ei
584 5190 647 5242 σὺ
678 5185 758 5242 εἶ·
798 5191 990 5244 τούτου
1029 5193 1188 5266 χάριν
1218 5195 1362 5264 λέγει
1395 5200 1699 5254 ἀκουόντων
1722 5203 1829 5256 τῶν

264 5276 458 5345 ὄχλων·
500 5282 542 5332 Τ
538 5280 559 5331 ί
578 5280 859 5350 ἐξήλθετε
885 5282 1032 5336 ἰδεῖν
1046 5287 1132 5350 εἰς
1154 5286 1267 5354 τὴν
1286 5288 1543 5355 ἓρημον;
1563 5291 1832 5361 κάλαμον

268 5365 387 5418 ὑπὸ
406 5366 654 5436 ἀνέμου;
686 5372 777 5423 καὶ
802 5372 868 5424 τὰ
890 5373 1040 5441 ἑξῆς·
1064 5374 1222 5429 τοῦτο
1251 5378 1308 5430 δὲ
1329 5378 1477 5446 λέγει
1502 5380 1583 5434 ὅτι
1614 5382 1831 5454 ὲδραῖός

270 5458 409 5525 ἐστι,
447 5460 541 5513 καὶ
572 5461 671 5513 οὐκ
694 5462 1006 5532 εὐρίπιστος
1034 5465 1108 5529 ὡς
1142 5468 1405 5538 κάλαμος.

340 5643 773 5711 Περισσότερὸν
822 5645 973 5700 ἐστιν
1018 5650 1351 5718 προφήτου,
1382 5651 1467 5703 ὅτι
1514 5653 1682 5720 ἐγγύς
1714 5654 1829 5710 ἐστι

272 5732 366 5785 τοῦ
394 5737 870 5806 προφητευομένου
898 5738 991 5792 καὶ
1015 5741 1319 5811 πρόδρομος
1336 5743 1523 5798 αὐτοῦ.
1547 5746 1613 5798 υἱ
1648 5744 1831 5815 λέγον-

275 5839 364 5886 τες
383 5825 539 5879 αὐτὸν
567 5826 639 5895 μὴ
664 5826 885 5896 μείζονα
908 5825 1043 5886 εἶναι
1078 5833 1368 5902 προφητῶν
1396 5833 1470 5898 ὡς
1508 5835 1825 5907 ἀγνοοῦντα,

2006 4740 2170 4795 Vens.
2205 4743 2258 4798 6.
2296 4745 2549 4811 Dicenda,
2610 4750 2804 4804 Beatus
2826 4754 2916 4823 qui
2953 4772 3056 4808 non
3106 4758 3502 4813 scandalizatus

1935 4832 2092 4900 fuerit
2115 4836 2168 4888 in
2200 4853 2296 4904 me,
2317 4843 2553 4895 ostendit
2578 4858 2634 4898 se
2665 4859 2868 4900 arcana
2896 4862 3117 4917 quoque
3135 4864 3241 4904 non
3274 4852 3503 4905 creden-

1935 4923 2067 4977 tium
2091 4926 2251 4980 scire.

2004 5013 2167 5070 Vens.
2200 5018 2253 5069 7.
2288 5018 2363 5073 Nc
2390 5021 2444 5073 in
2489 5024 2851 5092 suspicionem
2887 5028 3061 5083 turbis
3095 5029 3316 5094 incidat,
3357 5034 3501 5101 quod

1932 5103 2170 5162 Joannes
2228 5110 2460 5177 primum
2511 5116 2879 5173 testimonium
2934 5121 3072 5175 dans
3142 5122 3209 5177 de
3255 5124 3498 5189 Christo,

1934 5206 2120 5265 postea
2176 5198 2521 5270 interrogat:
2588 5208 2669 5260 An
2723 5217 2779 5262 tu
2833 5226 2892 5265 es
2919 5211 3204 5268 Christus?
3252 5214 3371 5270 ideo
3404 5232 3503 5271 au-

1934 5286 2208 5344 dientibus
2277 5292 2453 5347 turbis
2504 5295 2657 5361 dicit,
2717 5299 2862 5363 Quid
2904 5303 3089 5358 existis
3142 5304 3195 5358 in
3240 5305 3501 5361 desertum

1936 5379 2133 5436 videre?
2166 5383 2478 5439 arundinem
2537 5398 2681 5443 vento
2710 5393 2991 5461 agitatam?
3030 5407 3083 5450 et
3115 5396 3344 5467 reliqua.
3392 5399 3501 5456 Hoc

1934 5480 2114 5525 autem
2162 5473 2313 5541 dicit,
2362 5476 2489 5545 quia
2524 5479 2719 5536 ﬁrmus
2752 5492 2918 5540 estet
2966 5500 3072 5541 non
3108 5497 3269 5545 vento
3303 5492 3504 5550 cedens

1936 5574 1996 5618 ut
2023 5566 2232 5620 arundo

2008 5654 2169 5711 Vens.
2214 5660 2264 5712 7.
2307 5658 2431 5714 Plus
2494 5679 2651 5730 quant
2704 5668 2955 5734 prop/tcta
2991 5682 3092 5737 est,
3131 5676 3257 5744 quia
3292 5678 3505 5736 vicinus

1935 5759 2018 5803 est
2065 5750 2421 5819 prophetizati
2466 5764 2519 5808 ct
2586 5756 2732 5812 illius
2799 5774 3119 5828 praecursor.
3161 5766 3263 5832 Qui
3313 5770 3505 5827 dicunt

1936 5841 2088 5895 illum
2139 5856 2242 5898 non
2286 5845 2540 5914 majorem
2571 5863 2690 5904 esse
2734 5850 3009 5920 prophetis
3032 5862 3087 5909 ut
3132 5856 3498 5930 ignorantem,
