4060 6576
511 398 643 468 110⁸1

1222 401 1618 466 OPUSCULA
1652 403 2286 467 SCRIPTURISTICA
2323 405 2676 467 INCERTE
2718 406 3025 468 ETATIS.

3608 401 3750 472 1108

512 509 763 565 nesciunt
801 508 947 579 quod
1009 508 1214 566 dicunt.
1248 510 1365 566 Non
1423 512 1569 571 enim
1625 514 1936 584 ignorabat,
1991 515 2083 570 sed

2190 515 2289 570 οὐκ
2317 516 2492 570 οἴδασι
2540 516 2595 571 τί
2642 517 2910 585 λέγουσιν·
2953 514 3014 569 οὐ
3046 513 3156 585 γὰρ
3206 513 3413 584 ἠγνόει,
3472 512 3611 568 ἀλλα
3661 514 3751 567 δια

511 612 732 674 propter
759 602 1059 673 discipulos
1085 602 1189 659 hoc
1220 604 1393 660 ﬁnxit.
1414 606 1678 662 Praeterea
1700 606 1872 661 multo
1912 607 2083 677 major

513 694 945 765 prophetizatum
973 694 1132 753 vidit.
1214 725 1218 730 -

573 785 1191 856 Cognoscebatioannes
1209 799 1458 861 oportere
1471 790 1744 847 Christum
1764 792 1895 859 pati;
1909 807 2085 862 quan-

514 876 585 930 do
604 878 747 931 cnim
776 878 903 933 dicit
920 895 1041 934 eum
1062 880 1271 950 Agnum
1302 881 1394 949 qui
1417 881 1552 936 tollit
1573 892 1852 950 peccatum
1874 881 2082 947 mundi,

517 969 621 1024 hoc
647 985 741 1039 per
769 971 1090 1028 allusionem
1114 973 1375 1043 loquitur;
1394 984 1444 1027 et
1468 988 1591 1026 cum
1617 971 1771 1037 dicit,
1793 973 1845 1025 in
1877 971 2083 1041 Spiritu

515 1078 607 1116 vos
642 1061 952 1130 baptizabit,
990 1064 1181 1119 alludit
1219 1065 1285 1117 ad
1315 1078 1378 1117 ea
1419 1079 1541 1133 quae
1570 1072 1694 1133 post
1729 1064 2084 1121 resurrectio-

476 1154 638 1208 ‘nen:
664 1155 716 1208 in
738 1155 1059 1211 Pentecoste
1092 1156 1231 1210 facta
1271 1164 1419 1211 sunt.

586 1247 751 1302 Vens.
783 1250 870 1303 il.
908 1248 1028 1301 Non
1054 1250 1284 1302 surrexit
1316 1249 1490 1317 major
1508 1247 1716 1304 Joanne
1758 1249 1896 1304 inter
1930 1260 2083 1304 natos

514 1338 817 1403 mulierum,
838 1336 1110 1407 praeterito
1142 1337 1210 1392 de
1240 1345 1481 1407 tempore
1507 1347 1736 1405 est,non
1770 1338 1986 1405 futuro;
2015 1354 2085 1395 ne

510 1431 637 1500 quis
662 1428 970 1499 suspicetur
1001 1428 1085 1484 vel
1131 1429 1395 1499 apostolis
1418 1432 1512 1498 qui
1560 1429 1873 1496 succedent,
1910 1429 2084 1499 majo-

510 1534 600 1574 res
621 1533 743 1576 esse
774 1519 867 1591 qui
909 1520 1299 1591 praeterieram,
1332 1520 1400 1577 de
1444 1520 1537 1576 illo
1589 1530 1797 1578 tantum
1838 1537 2081 1593 pronun-

581 1703 845 1761 Minorem
906 1706 1198 1777 quemdam
1248 1706 1480 1765 dicendo
1552 1707 1787 1779 aliquem
1850 1706 2079 1772 Joanne,

510 1796 750 1867 seipsum
812 1798 1078 1853 minorem
1131 1798 1377 1869 designat
1468 1802 1766 1856 secundum
1842 1810 2079 1869 tempus,

2186 606 2312 669 τοὺς
2346 606 2613 679 μαθητάς*
2666 607 2853 661 ἔπειτα
2888 605 3012 659 usi"
3012 623 3088 659 ων
3113 605 3224 675 ὅσῳ
3265 604 3478 658 καὶτὸν
3531 619 3749 676 προφη-

2186 698 2477 769 τευόμενον
2504 696 2667 755 εἶδεν.

2271 791 2599 859 Ἐγίνωσκεν
2638 792 2892 862 Ἰωάννης
2918 792 3001 845 ὅτι
3030 792 3113 845 δεῖ
3150 790 3346 844 παθεῖν
3365 789 3458 842 τὸν
3488 787 3748 859 Χριστόνο

2186 882 2317 935 ὅταν
2350 882 2459 955 γὰρ
2488 882 2623 956 λέγῃ
2660 884 2822 937 αὑτὸν
2858 882 3057 953 Ἀμνδν
3088 882 3311 952 αἴροντα
3342 881 3444 951 τὴν
3469 878 3754 949 ἁμαρτίαν

2185 973 2279 1027 τοῦ
2308 974 2539 1045 κόσμου,
2569 974 2727 1029 τοῦτο
2767 975 3141 1045 αἰνιττόμενος
3186 974 3357 1042 λέγει·
3408 972 3506 1027 καὶ
3531 972 3614 1036 τὸ,
3652 972 3755 1025 Ἔν·

2186 1067 2483 1137 Πνεύματι
2499 1068 2786 1133 βαπτίσει
2814 1067 2984 1136 ὑμᾶς,
3018 1082 3088 1119 τα
3116 1064 3255 1136 μετά
3298 1064 3399 1119 τὴν
3454 1063 3754 1119 ἀνάστασιν

2184 1156 2272 1211 διὰ
2307 1159 2403 1229 τὴν
2442 1160 2822 1229 Πεντηκοστὴν
2848 1160 3169 1213 αἰνίττεται.

2254 1250 2350 1316 Τὸ,
2385 1253 2507 1306 Οὐκ
2538 1252 2847 1321 ἐγήγερται
2871 1250 3081 1320 μείζων
3117 1247 3401 1305 Ἰωάννου
3425 1244 3497 1301 ἐν
3536 1260 3753 1313 reﬁn-

2183 1341 2310 1409 τοῖς
2326 1343 2647 1412 γυναικῶν,
2678 1341 3113 1414 παρεληλυθότος
3139 1342 3257 1396 ἐστὶ
3283 1340 3500 1411 χρόνου,
3531 1338 3592 1391 οὐ
3625 1334 3758 1406 μέλ·

2184 1434 2392 1499 λοντοςο
2417 1435 2503 1489 ἵνα
2528 1435 2605 1506 μή
2646 1452 2730 1497 τις
2752 1434 3069 1509 ὑποπτεύσῃ
3101 1432 3196 1487 καὶ
3248 1432 3356 1486 τῶν
3385 1430 3522 1502 μετά
3577 1427 3758 1482 ταῦτα

2184 1526 2499 1581 ἀποστόλων
2549 1525 2865 1597 κρείττονας
2924 1519 3065 1579 εἶναι
3095 1525 3223 1589 τοὺς
3277 1521 3754 1595 παρεληλυθότας,

2184 1616 2464 1689 συγκρίνει
2494 1618 2654 1688 μόνον
2677 1618 2813 1688 πρὸς
2831 1617 3013 1674 αὐτόν.

2252 1713 2327 1766 Τὸ
2360 1714 2684 1786 μικρότερον
2703 1713 2885 1781 λέγειν
2905 1711 3028 1766 τινὰ
3070 1710 3339 1773 Ἰωάννου,
3374 1708 3567 1763 ἑαυτὸν
3601 1704 3757 1774 λέγει

2189 1804 2511 1875 μικρότερον
2540 1804 2683 1859 κατά
2716 1805 2808 1858 τὸν
2855 1804 3065 1874 χρόνον,
3109 1801 3430 1873 μικρότερον
3482 1799 3625 1852 κατά
3652 1796 3756 1867 τὴν

512 1886 779 1941 minorem
848 1888 1150 1945 secundum
1218 1889 1513 1944 multorum
1582 1889 1917 1960 opinionem.
1970 1888 2083 1943 Hoc

2190 1871 2302 1950 τῶν
2327 1871 2539 1950 πολλῶν
2573 1896 2748 1963 δόξαν·
2780 1871 2939 1949 codro
2964 1895 3019 1949 δὲ
3042 1871 3190 1961 λέγει
3217 1871 3360 1963 μετά
3379 1892 3442 1944 τὸ
3468 1888 3756 1959 ἐγκωμιά-

510 1988 688 2033 autem
711 1978 842 2035 dicit
887 1987 1179 2050 postquam
1219 1980 1371 2034 illum
1427 1980 1747 2043 laudaverit.
1774 1996 1842 2035 ne
1873 1980 2081 2050 magni-

512 2070 646 2125 tudo
691 2080 748 2125 ct
809 2070 1027 2126 insolita
1078 2071 1297 2127 laudum
1370 2072 1667 2142 propositio
1737 2071 2087 2143 principalem

511 2162 664 2217 illum
693 2164 963 2228 ostendat,
998 2163 1080 2217 vel
1113 2163 1231 2233 ipso
1261 2164 1517 2219 laudante
1537 2164 1775 2221 Christo.

583 2250 749 2307 Vens.
794 2253 880 2309 12.
942 2252 1245 2320 Quodnam'
1280 2253 1412 2309 dicit
1462 2254 1714 2323 regnum?
1773 2253 1959 2312 Fidem
2031 2256 2087 2311 in

512 2342 665 2397 illum
693 2361 707 2397 :
733 2343 847 2411 ipse
870 2344 1016 2398 enim
1052 2352 1173 2398 erat
1198 2344 1465 2398 cat-lorum
1503 2359 1621 2400 rex.

584 2433 830 2504 Regnum
885 2436 1150 2489 cmlorum
1179 2450 1302 2491 esse
1350 2436 1517 2506 aliqui
1554 2435 1744 2492 dicunt
1796 2436 2083 2507 dignorum

513 2524 569 2580 in
601 2527 755 2582 caelis
786 2528 1292 2593 conversationem;
1320 2528 1411 2582 alii
1434 2536 1614 2582 autem
1654 2529 1885 2584 similem
1918 2544 2086 2599 ange-

514 2615 583 2669 lis
635 2617 966 2671 salvatorum
1020 2616 1401 2680 morationem;
1453 2615 1545 2671 alii
1578 2616 1844 2671 visionem
1914 2617 2087 2687 ipsam

513 2706 709 2762 divina:
735 2706 1177 2777 pulchritudinis,
1208 2707 1565 2763 similitudine
1589 2707 1830 2764 caelestis
1858 2706 2085 2761 indutis.

512 2799 831 2855 Consonant
858 2808 1034 2853 autem
1071 2814 1282 2865 revera,
1313 2808 1372 2854 ut
1403 2799 1534 2853 mihi
1556 2799 1789 2865 videtur,
1822 2805 1937 2854 tres
1968 2798 2087 2853 ista:

512 2892 579 2944 de
608 2891 710 2945 hnc
739 2891 1055 2959 opiniones;
1088 2891 1287 2960 cuique
1306 2892 1452 2947 enim
1479 2890 1548 2945 ad
1595 2891 1901 2961 analogiam
1939 2891 2087 2948 illius

512 2984 568 3037 in
606 2983 713 3037 illis
731 2993 812 3037 est
838 2983 1020 3055 quoad
1068 2983 1229 3055 quale
1254 2992 1308 3039 et
1335 2991 1603 3055 quantum
1630 2981 1879 3055 iustitiae,
1900 2982 2085 3039 futura

510 3086 593 3132 cst
624 3077 821 3145 gratia.

582 3267 747 3322 Vens.
783 3266 871 3324 ἰοί.
929 3266 1086 3334 Illud,
1114 3264 1233 3336 Ipse
1260 3274 1338 3321 est
1392 3264 1541 3320 Elias
1569 3266 1659 3336 qui
1682 3274 1929 3321 venturus
1978 3276 2079 3333 est,

514 3376 621 3415 non
653 3359 831 3415 solum
870 3358 1096 3429 intelligi
1122 3357 1284 3413 debet
1336 3357 1483 3429 quod
1518 3356 1609 3413 hic
1644 3358 1711 3413 de
1738 3373 1849 3429 quo
1874 3360 2081 3415 dictum

510 3461 595 3507 est
622 3460 885 3507 venturus
915 3450 1005 3514 sit,
1027 3449 1122 3504 sed
1146 3448 1291 3520 quod
1318 3448 1461 3505 sicut
1488 3446 1727 3506 Joannes
1780 3466 2084 3521 precursor

512 3541 617 3597 fuit
637 3543 841 3613 prioris
877 3541 1081 3599 Christi
1112 3542 1402 3604 adventus.
1432 3542 1507 3597 ita
1558 3542 1705 3597 Elias
1763 3544 2082 3613 posterioris

512 3634 731 3691 futurus
759 3634 852 3690 sit.

582 3724 748 3782 Vens.
773 3727 856 3782 15.
881 3724 987 3792 Qui
1004 3726 1154 3782 habet
1180 3743 1333 3781 aures
1347 3725 1599 3781 audiendi
1620 3725 1830 3782 audiat.
1850 3726 1976 3784 Vult
1988 3743 2084 3799 per

514 3816 630 3871 huc
666 3816 828 3871 verba
863 3816 1104 3871 excitare
1128 3815 1462 3871 audientium
1494 3824 1755 3883 mentem,
1787 3825 1842 3873 et
1876 3817 2085 3875 idcirco

512 3924 610 3979 per
636 3908 925 3977 parabolas
960 3910 1222 3980 loquitur.

584 3999 747 4056 Vens.
783 4002 869 4057 i6.
897 4001 1191 4059 Ceriniiuus
1223 4014 1273 4063 et
1306 4023 1407 4061 non
1432 4006 1710 4069 saltastis;
1751 4003 1894 4060 istud
1921 4016 2083 4058 nemo

512 4103 573 4148 ut
599 4094 954 4164 improprium
1008 4097 1277 4169 accipiat;
1307 4114 1432 4154 nam
1484 4099 1551 4154 ad
1591 4097 1928 4168 assignatum
1959 4110 2087 4151 sen-

513 4201 633 4241 sum
664 4186 813 4241 dicit.

584 4276 749 4333 Vans.
783 4279 865 4334 l8.
892 4278 1073 4351 Neque
1092 4282 1420 4337 mundurans
1444 4296 1603 4353 neque
1632 4280 1835 4344 bibens;
1865 4277 2086 4333 eviden-

514 4378 597 4422 ter
622 4383 839 4424 carnem
874 4386 975 4427 uec
1038 4372 1255 4439 vinum;
1310 4373 1427 4428 sine
1457 4371 1667 4428 ceteris
1700 4370 1847 4426 enim
1904 4369 2087 4422 vivere

514 4477 622 4515 non
646 4462 930 4531 potuisset.

2197 2005 2287 2041 σαι
2320 1988 2503 2041 αὐτόν’
2536 1988 2622 2041 ἴνα
2654 1987 2731 2057 μὴ
2778 1988 2813 2057 ἠ
2834 1985 3111 2055 ὑπερϐολὴ
3158 1985 3251 2037 καί
3279 1983 3609 2053 ἀσύγκριτος
3643 1980 3759 2033 τῶν

2191 2080 2484 2149 ἐγκωμίων
2536 2078 2838 2149 παράθεσις
2894 2077 3173 2146 ὶξαίρετον
3217 2074 3381 2129 αὑτὸν
3432 2072 3606 2143 δείξῃ,
3658 2072 3758 2125 καὶ

2188 2171 2354 2225 αὑτοῦ
2383 2170 2477 2225 τοῦ
2508 2171 2856 2233 ἐπαινοῦντος
2879 2169 3137 2240 Χριστοῦ.

2258 2262 2393 2315 Τίνα
2413 2260 2589 2330 λέγων
2626 2260 2904 2329 βασιλείαν
2928 2275 2943 2323 ;
2975 2260 3086 2329 Τὴν
3106 2257 3289 2311 πίστιν
3315 2256 3415 2327 τὴν
3451 2255 3532 2319 εἰς
3562 2255 3752 2309 αὐτόν·

2188 2347 2343 2417 οὗτος
2370 2353 2479 2423 γὰρ
2500 2355 2527 2405 ὁ
2552 2352 2803 2422 οὐράνιος
2842 2350 3116 2421 βασιλεύς.

2258 2446 2371 2516 Τὴν
2396 2443 2671 2515 βασιλείαν
2707 2444 2815 2496 τῶν
2872 2442 3120 2512 οὐρανῶν
3158 2435 3299 2495 εἷναί
3345 2456 3493 2502 τινες
3530 2438 3753 2505 λέγουσι

2185 2537 2285 2608 τὴν
2311 2536 2367 2589 ιν
2390 2534 2636 2606 οὐρανοῖς
2664 2532 2773 2586 τῶν
2808 2530 2974 2597 ἀξίων
3009 2530 3307 2599 διαγωγήνο
3353 2528 3533 2596 ἕτεροι
3561 2526 3621 2579 δὲ
3650 2526 3754 2595 τὴν

2187 2627 2378 2696 ὁμοίαν
2403 2627 2515 2688 τοῖς
2548 2624 2801 2692 ἀγγέλοις
2848 2621 2962 2675 τῶν
2990 2620 3314 2690 σωζομένων
3379 2618 3716 2672 κατάστασιν
3736 2633 3752 2648 ·

2187 2718 2336 2775 ἄλλοι
2365 2718 2421 2772 δὲ
2449 2716 2510 2770 τὸ
2542 2712 2683 2780 εἶδος
2730 2715 2863 2768 αὐτὸ
2893 2713 2995 2783 τῆς
3016 2713 3204 2783 θεῖκῆς
3255 2712 3614 2783 ὼραιότητος,
3641 2710 3756 2762 τῶν

2188 2810 2535 2881 φορεσάντων
2567 2806 2664 2877 τὴν
2696 2806 2880 2859 εἰκόνα
2925 2803 3019 2857 τοῦ
3053 2802 3401 2870 ἐπουρανίου.
3452 2801 3755 2867 Συνάγουσι

2186 2903 2243 2955 δὲ
2269 2905 2333 2973 τῇ
2356 2900 2607 2971 ἀληθεία,
2644 2898 2786 2952 κατὰ
2816 2897 2877 2951 τὸ
2922 2896 3047 2967 ἐμοὶ
3096 2895 3308 2958 δακοῦν,
3346 2895 3441 2947 καὶ
3495 2893 3551 2945 αί
3600 2894 3755 2963 τρεῖς

2188 2990 2318 3057 περί
2344 2990 2533 3044 τούτου
2561 2989 2711 3055 δόξαι
2735 3004 2749 3020 ·
2787 2986 3003 3056 ἑκάστῳ
3029 2985 3137 3055 γὰρ
3167 2983 3309 3037 κατά
3333 2984 3432 3052 τὴν
3455 2980 3755 3047 ἀναλογίαν

2186 3084 2283 3153 τῆς
2308 3083 2367 3135 ὲν
2397 3082 2579 3143 αὐτοῖς
2617 3079 2758 3133 κατά
2787 3078 2847 3133 τὸ
2884 3078 3037 3131 ποιόν
3083 3094 3142 3130 τε
3196 3077 3290 3129 καί
3324 3074 3489 3128 ποσὸν
3540 3073 3754 3127 δικαιο-

2111 3215 2154 3273 c
2189 3172 2375 3243 σύνης,
2407 3173 2440 3241 ἡ
2474 3171 2738 3241 μέλλουσα
2754 3170 2934 3241 χάρις.

2252 3267 2347 3329 Τὸ,
2400 3264 2591 3330 Αὐτός
2624 3264 2798 3319 ἐστιν
2842 3262 3047 3328 Ἠλίας
3085 3263 3117 3315 ὀ
3143 3260 3389 3331 μέλιωνι
3442 3260 3753 3327 ἔρχεσθέίι,

2181 3358 2243 3413 οὐ
2279 3358 2438 3429 μόνον
2467 3357 2641 3411 νοοῖτο
2671 3356 2755 3410 ὅτι
2796 3355 2825 3407 ὁ
2852 3353 3066 3425 λεχθεὶς
3110 3352 3451 3411 ἐλεύσεσθαι,
3485 3350 3600 3404 ἀλλ’
3643 3350 3754 3411 ὅτι,

2184 3450 2369 3521 φησὶν,
2430 3448 2619 3518 ῶσπερ
2703 3446 2957 3515 Ἰωάννης
3026 3444 3333 3515 πρόδρομος
3386 3441 3578 3510 γέγονε
3653 3438 3755 3506 τῆς

2184 3540 2408 3611 πρώτης
2438 3538 2603 3593 αὐτοῦ
2632 3537 2953 3610 παρουσίας,
3001 3536 3175 3600 οὕτως
3241 3534 3429 3596 Ἠλίας
3480 3534 3579 3603 τῆς
3626 3530 3751 3582 δευο

2181 3630 2347 3703 τέρας
2384 3630 2559 3684 ἔσται.

2253 3723 2348 3789 Τδ,
2393 3722 2457 3777 Ὀ
2478 3724 2635 3791 ἔχων
2653 3737 2777 3776 ωτα
2804 3732 3071 3781 ακουειν,
3102 3715 3388 3778 ἀκουέτω,
3426 3712 3758 3783 βουλομένου

2188 3816 2306 3872 ἐστὶ
2327 3796 2608 3886 διεγεῖραι.
2625 3814 2726 3883 τὴν
2755 3811 2982 3881 γνώμην
3001 3808 3110 3863 τῶν
3140 3808 3451 3863 ἀκουόντων
3472 3823 3487 3838 ·
3526 3806 3623 3859 καὶ
3666 3804 3760 3858 διὰ

2185 3906 2345 3963 τοῦτο
2366 3904 2780 3975 αἰνιγματωδῶς
2805 3903 3078 3971 λέγοντος.

2256 4002 2350 4065 Τὸ,
2388 4000 2779 4067 Ηύλήσαμεν,
2829 3995 2930 4049 καί
2979 3997 3091 4049 οὐκ
3128 3993 3509 4061 ὠρχήσασθε,
3566 3988 3762 4059 μηδεὶς

2184 4094 2261 4159 ὡς
2312 4094 2667 4162 κακέμφατον
2718 4088 3047 4159 ὲπιλάὁηται
3075 4104 3089 4118 ·
3121 4086 3195 4150 ὡς
3228 4086 3364 4157 πρὸς
3414 4082 3603 4137 ἰδιῶτα
3645 4080 3761 4153 γὰρ

2185 4188 2334 4257 λέγει
2361 4185 2507 4239 νοῦν.

2256 4279 2419 4345 Μήτι
2448 4278 2687 4339 ἐσθίων,
2713 4274 2866 4344 μήτε
2898 4274 3109 4337 πίνων,
3154 4270 3355 4341 δηλαδη
3387 4272 3527 4340 κρέα
3559 4268 3652 4322 καὶ
3679 4260 3761 4320 οἷ-

2186 4384 2277 4422 νον
2302 4382 2316 4396 ’
2345 4366 2470 4419 ἄνευ
2502 4365 2611 4437 γὰρ
2640 4364 2751 4417 τῶν
2778 4363 2955 4417 ἀλλων
2986 4360 3085 4433 ζῇν
3115 4362 3217 4415 οὐκ
3246 4359 3498 4431 ἠδύνατο.

589 4552 733 4609 Vens
756 4555 840 4610 l9.
868 4555 1176 4625 Justiﬁcata
1201 4564 1277 4610 est
1307 4556 1565 4623 sapientia
1586 4571 1618 4607 a
1643 4553 1769 4622 ﬁliis
1795 4552 1925 4616 suis;
1973 4550 2079 4605 hoc

2255 4550 2350 4615 Τὸ,
2380 4550 2434 4601 Ἐ
2438 4548 2720 4616 δικαιώθη
2738 4548 2775 4614 ή
2803 4547 2990 4617 σοφία
3015 4545 3132 4600 ἀπὸ
3152 4543 3271 4599 τῶν
3293 4545 3520 4598 τέκνων
3537 4542 3756 4608 αὐτῆς,

514 4643 666 4709 dicit,
698 4646 827 4714 quia
852 4645 897 4699 si
941 4660 1049 4699 non
1078 4644 1412 4700 crediderint
1454 4644 1647 4707 Judaei,
1677 4656 1903 4713 arguere
1930 4641 2079 4695 illum

515 4748 624 4787 non
654 4734 735 4788 eis
758 4733 902 4788 licet.
950 4732 1161 4789 Etenim
1183 4734 1365 4788 omnia
1392 4749 1491 4805 pro
1516 4748 1614 4789 sua
1636 4740 1786 4800 parte
1818 4729 2079 4800 implevit,

514 4826 587 4877 ita
621 4834 679 4878 ut
722 4826 806 4879 vel
868 4824 1239 4895 imprudenter
1310 4840 1370 4879 se
1413 4838 1597 4892 gerere
1651 4821 1956 4876 volentibus
2013 4836 2083 4876 ne

517 4917 769 4970 umbram
835 4916 1055 4982 quidem
1140 4913 1446 4969 aversionis
1495 4911 1789 4983 reliquerit.
1851 4911 1983 4966 Nam
2032 4912 2080 4967 si

512 5006 686 5061 Judaei
721 5020 827 5060 non
850 5005 1176 5061 crediderint
1203 5005 1257 5059 in
1278 5003 1577 5065 Christum,
1613 5018 1718 5057 non
1743 5001 1844 5057 fuit
1866 5012 2080 5074 propter

510 5097 738 5151 Joannis
764 5097 1036 5169 jejunium
1070 5104 1126 5151 et
1168 5095 1469 5150 silvestrem
1514 5094 1701 5160 vitam,
1732 5111 1908 5165 neque
1958 5112 2083 5165 pro-

515 5199 634 5258 pter
656 5189 970 5245 communis
998 5188 1124 5242 viue
1166 5187 1617 5242 consuetudinem
1664 5196 1719 5241 et
1758 5186 2077 5242 familiarem

512 5282 983 5335 conversationem
1042 5278 1256 5333 Domini
1313 5280 1457 5333 illius
1498 5280 1862 5335 Christizscd
1916 5280 2083 5347 igitur

516 5374 605 5427 hic
622 5374 714 5441 qui
740 5372 923 5427 omnia
949 5373 1222 5442 sapienter
1247 5372 1574 5443 complebat,
1616 5372 1749 5425 nihil
1779 5372 2081 5428 omittendo

515 5480 706 5519 eorum
762 5478 883 5533 qua
942 5462 1297 5518 conferebant
1331 5464 1398 5519 ad
1452 5478 1642 5519 eorum
1704 5464 1989 5519 utilitatem
2025 5474 2082 5520 et

514 5556 763 5621 salutem,
796 5556 864 5609 ab
892 5554 975 5609 eis
1023 5554 1415 5610 condemnatus
1441 5566 1558 5621 est;
1583 5563 1638 5610 et
1691 5556 1826 5609 nihil
1856 5559 2082 5612 omnino

512 5647 714 5701 habent
736 5662 843 5715 quo
870 5647 1019 5701 illum
1061 5655 1438 5717 arguant,nam
1479 5648 1662 5702 omnia
1689 5665 1785 5718 pro
1806 5666 1903 5703 sua
1933 5661 2085 5718 parte

513 5738 772 5806 Implevit,
795 5754 859 5793 ne
877 5740 1121 5794 umbram
1149 5741 1365 5811 quidem
1380 5741 1461 5797 cis
1483 5741 1799 5811 ignorantia:
1828 5752 1881 5796 et
1903 5742 2082 5813 ingra-

514 5830 756 5886 ltludinis
794 5831 1122 5901 relinquens.

2185 4640 2345 4695 τοῦτο
2394 4639 2565 4708 λέγει,
2614 4640 2695 4691 ὅτι
2754 4639 2804 4690 εἰ
2839 4639 2933 4690 καί
2970 4637 3070 4690 οὐκ
3101 4636 3428 4689 ἐπίστευσαν
3484 4634 3758 4695 Ἰουδαῖοι,

2184 4727 2437 4796 ἐγκαλεῖν
2489 4727 2587 4778 οὐκ
2624 4726 2839 4797 ἔχουσιν
2872 4725 3020 4795 αὐτῷ
3051 4742 3063 4755 ·
3120 4724 3215 4779 καὶ
3277 4725 3385 4793 γὰρ
3455 4725 3526 4777 τα
3578 4723 3759 4776 αὑτοῦ

2186 4821 2363 4873 πάντα
2396 4821 2733 4889 ἐπλήρωσεν
2770 4818 2909 4871 ῶστε
2943 4821 3055 4881 τοῖς
3086 4820 3462 4887 ἀναισχυντεῖν
3491 4816 3763 4886 βουλομὲο

2184 4929 2314 4975 νοις,
2346 4912 2466 4964 οὐδὲ
2496 4912 2654 4963 σκιὰν
2685 4912 3003 4963 καταλιπεῖν
3023 4909 3298 4978 ἀφορμῆςο
3335 4908 3428 4961 καὶ
3454 4908 3561 4979 γὰρ
3587 4908 3636 4959 εἰ
3661 4908 3765 4959 καὶ

2186 5005 2262 5075 μὴ
2304 5004 2548 5057 Ἰουδαῖοι
2581 5003 2905 5057 ἐπίστευσαν
2954 5004 3035 5065 εἰς
3072 5001 3163 5054 τὸν
3197 4999 3452 5070 Χριστὸν,
3491 5000 3631 5069 μήτε
3663 4998 3767 5052 διὰ

2182 5098 2282 5165 τῆς
2331 5094 2577 5149 Ἰωάννου
2611 5095 2865 5163 νηστείας
2892 5094 2985 5146 καὶ
3009 5092 3103 5146 τοῦ
3132 5091 3401 5163 ὲρημικοῦ
3431 5090 3570 5159 βίου,
3615 5090 3767 5159 μηδὲ

2182 5189 2271 5242 διὰ
2325 5190 2424 5257 τῆς
2456 5187 2935 5256 συγκαταϐατικῆς
2993 5186 3204 5255 διαίτης
3268 5184 3362 5236 καὶ
3401 5182 3768 5251 οἰκονομικῆς

2184 5280 2457 5340 πολιτείας
2510 5278 2673 5331 αὐτοῦ
2714 5276 2809 5329 τοῦ
2852 5276 3123 5329 Δεσπότου
3166 5273 3426 5344 Χριστοῦο
3487 5272 3606 5326 ἀλλ’
3655 5270 3771 5325 οὖν

2185 5372 2347 5433 αὐτὸς
2377 5371 2405 5421 ὁ
2442 5368 2621 5422 πάντα
2656 5369 2835 5436 σοφῶς
2900 5368 3136 5419 ἐκτελῶν
3183 5366 3262 5434 τῷ
3292 5366 3457 5435 μηδὲν
3518 5364 3775 5434 παραλι-

2188 5465 2307 5516 πεῖν
2366 5461 2476 5514 τῶν
2530 5460 2928 5513 συντελούντων
2978 5459 3057 5522 εἰς
3106 5458 3291 5526 ὄνησιν
3332 5458 3427 5510 καὶ
3472 5452 3771 5525 σωτηρίαν

2184 5556 2383 5615 αὐτῶν,
2428 5552 2717 5622 ἐδικαιώθη
2767 5551 2862 5605 ἀπ’
2914 5551 3114 5605 αὐτῶν
3173 5550 3269 5602 καὶ
3300 5548 3483 5603 οὐκέτι
3563 5546 3777 5603 λοιπὸν

2181 5646 2396 5715 ἔχουσιν
2425 5642 2573 5713 αὐτῷ
2604 5659 2655 5694 τι
2684 5642 2956 5709 ἐγκαλεῖν·
2992 5641 3167 5693 πάντα
3225 5640 3334 5709 γὰρ
3368 5638 3779 5709 ὲξεπλήρωσεν

2184 5741 2249 5791 τὰ
2279 5737 2469 5799 αὐτοῦ,
2515 5736 2649 5805 μηδὲ
2686 5736 2845 5789 σκιὰν
2877 5736 3057 5799 αὺτοῖς
3106 5733 3500 5803 ἀννωιιοσυνης
3539 5732 3574 5803 ἢ
3608 5733 3775 5805 ἀχα-

2190 5830 2397 5900 ριστίας
2419 5826 2746 5883 καταλιπών.
