4060 6554
328 408 469 478 1109

1308 406 1631 469 SCHOLIA
1668 406 1972 472 VETERA
2004 406 2084 468 IN
2120 405 2590 467 MATTIIEUM.

3445 401 3584 461 1110

399 522 495 587 T6,
555 517 1056 590 Ἐξομολογοῦμαί
1129 531 1251 584 σοι,
1306 519 1521 589 Πάτερ,
1582 522 1707 576 ἀντὶ
1776 520 1895 587 τοῦ,

2072 521 2238 578 Vens.
2274 522 2364 577 25.
2401 520 2666 589 Conﬁteor
2699 518 2817 583 tibi,
2854 516 3035 579 Pater,
3069 527 3189 585 pro.
3229 512 3447 567 Gratias
3479 527 3583 583 ago

288 611 653 689 ἦιιῖὐχαριστῶ
716 630 820 676 σοι,
856 615 1056 666 κεῖται·
1115 612 1199 666 ὅτι
1238 613 1326 676 Ἃ,
1384 613 1541 684 φησὶ,
1593 615 1750 683 σοφοὶ
1800 615 1904 668 οὐκ

331 708 596 777 ἔγνωσαν,
626 708 801 775 νήπιοι
822 706 995 759 ταῦτα
1016 704 1281 773 ἔγνωσαν,
1314 705 1485 775 ἤγουν
1510 708 1560 759 οἱ
1584 706 1900 762 ἀπόστολοι.

403 797 496 863 Τὸ,
567 796 836 857 Ἐγένετο
896 794 1143 849 εὐδοκία
1198 794 1545 862 ἔμπροσθέν
1590 811 1731 862 σου,
1782 793 1905 848 ἀντὶ

332 889 449 952 τοῦ,
493 886 695 957 ’Πρεσέ
735 903 841 951 σοι,
875 888 1074 941 κεῖται.

406 979 610 1035 Πάντα
641 996 739 1047 μοι
767 977 1065 1048 παρεδόθη
1090 979 1211 1035 ὑπὸ
1236 978 1345 1035 τοῦ
1378 978 1625 1049 Πατρός,
1655 978 1901 1048 λέγεται,

336 1070 421 1124 ἵνα
458 1069 534 1141 μὴ
564 1068 806 1132 ἀντίθεος
837 1068 1090 1140 νομισθῇ.

936 1214 1187 1269 ΚΕΦΑΛ.
1219 1211 1320 1268 IB'.

288 1328 289 1331 η
405 1339 654 1410 Οὓδαμοῦ
679 1339 926 1408 φαίνεται
950 1338 1091 1392 λύων
1123 1338 1183 1392 τὸ
1204 1338 1482 1393 Σίδεκτον
1504 1339 1676 1408 χωρὶς
1700 1337 1905 1402 αἰτίας,

337 1435 423 1488 ἵνα
451 1432 659 1487 καὶτὸν
685 1432 848 1502 νόμον
877 1431 1189 1500 ἀναπαύσῃ,
1222 1430 1461 1493 καὶτοὺς
1507 1429 1794 1493 Ἰουδαίους
1830 1429 1907 1499 μὴ

337 1525 516 1595 πλήξῃ
535 1566 549 1586 ,
580 1524 675 1577 καὶ
704 1524 771 1576 τᾶ.
805 1521 1059 1592 θαύματα
1091 1520 1303 1591 τελέσῃ.

408 1616 575 1669 Ὅταν
610 1615 686 1685 μὴ
725 1612 1073 1682 ὲγκαλῆταιό
1116 1608 1454 1682 πεποιηκὼς,
1486 1611 1651 1681 νόμος
1697 1611 1911 1680 γίνεται

336 1705 372 1773 ἡ
423 1702 690 1771 ἀπολογία
740 1701 834 1755 τοῦ
880 1700 1248 1771 τολμήματος·
1308 1701 1468 1754 τοῦτο
1494 1700 1553 1755 δὲ
1607 1701 1741 1771 πρὸς
1786 1702 1912 1765 τοὺς

337 1799 533 1868 ἀρτονς
555 1797 654 1865 τῆς
678 1794 987 1865 προθέσεως
1012 1796 1210 1848 νοεῖται
1234 1791 1330 1857 οὓς
1354 1792 1524 1863 ἔφαγε
1549 1793 1735 1848 Δαδίδ.

2002 615 2122 679 tibi,
2156 614 2464 679 adhibetur,
2509 612 2634 682 quia
2676 626 2797 680 quae
2841 609 3115 679 sapientes
3154 621 3263 661 non
3313 620 3587 675 cognove-

2003 714 2154 767 runt.
2183 705 2390 777 parvuli
2413 711 2803 773 cognoverunt,
2844 701 2895 754 id
2917 708 3002 754 est
3029 697 3280 768 apostoli.

2074 799 2241 853 Vens.
2264 798 2356 852 26.
2392 797 2547 860 Illud,
2605 793 2727 849 Fuit
2756 794 3014 863 placitum
3041 800 3162 846 ante
3191 802 3259 854 te,
3302 805 3421 860 pro.
3455 788 3575 858 pla-

2005 891 2119 949 cuit
2147 890 2268 953 tibi,
2303 888 2619 960 apponitur.

2076 981 2241 1036 Vens.
2263 981 2353 1035 27.
2391 979 2582 1035 Omnia
2611 977 2737 1031 milii
2767 974 2969 1029 tradita
2998 981 3139 1041 sunt.
3174 989 3207 1026 a
3230 970 3413 1038 Patre,
3443 969 3581 1025 dici-

2008 1084 2118 1141 tur,
2160 1089 2225 1130 ne
2258 1072 2351 1129 Dei
2373 1070 2717 1128 adversarius
2740 1076 3041 1138 reputetur.

2602 1211 2828 1270 CAPUT
2865 1210 2982 1266 XII.

2006 1343 2045 1416 ζ
2079 1343 2244 1398 Vens.
2279 1342 2330 1395 l.
2358 1338 2557 1394 Nullibi
2610 1338 2853 1394 cernitur
2875 1336 3175 1391 Sabbatum
3222 1332 3442 1389 solvens
3461 1330 3581 1387 sine

2009 1451 2197 1500 causa,
2229 1442 2289 1488 ut
2311 1434 2480 1503 legem
2509 1446 2724 1485 cessare
2746 1429 2929 1496 iaciat,
2953 1426 3245 1484 ctiudzeos
3269 1441 3376 1480 non
3396 1425 3577 1490 laedat,

2010 1533 2063 1582 et
2096 1524 2355 1580 miracula
2391 1524 2657 1593 perlieiat.

2078 1615 2243 1671 Vens.
2282 1615 2334 1669 6.
2374 1614 2602 1681 Quando
2660 1610 3075 1681 reprehenditur
3104 1610 3185 1666 sic
3230 1612 3432 1680 egisse,
3492 1607 3577 1661 lex

2012 1710 2072 1764 lit
2106 1706 2351 1778 apologia
2398 1707 2518 1776 ejus
2572 1703 2845 1769 audaciae;
2890 1704 2992 1757 hoc
3034 1711 3213 1757 autem
3262 1698 3583 1769 intelligitur

2010 1803 2080 1858 de
2110 1801 2338 1871 panibus
2358 1796 2750 1869 propositionis
2776 1810 2916 1866 quos
2953 1793 3118 1848 David
3145 1791 3404 1849 comedit.

421 1887 509 1940 ’Ev
548 1887 657 1956 γὰρ
698 1887 809 1947 τοῖς
845 1884 1086 1937 Σά66ασι
1118 1884 1320 1947 παντὸς
1352 1884 1515 1955 ἔργον
1544 1886 1909 1957 χειροκμήτου

2083 1895 2249 1951 Vens.
2279 1895 2333 1951 5.
2369 1892 2504 1948 Nam
2543 1893 2598 1948 in
2624 1889 3069 1956 Sabbatis,omui
3117 1902 3379 1943 manuum
3420 1898 3585 1955 opere

339 1978 753 2048 κεκωλυμένου,
797 1976 953 2030 αὐτοὶ
982 1978 1041 2030 ὲν
1070 1974 1149 2046 τῷ
1178 1975 1309 2046 ἱερῷ
1338 1976 1388 2029 οί
1446 1976 1613 2047 ἱερεῖς
1660 1974 1912 2042 ὲξυλοκὸ-

341 2090 502 2136 πουν,
538 2071 634 2123 καὶ
666 2070 776 2141 πῦρ
808 2065 984 2143 ἦπτον
1016 2069 1112 2123 καὶ
1133 2068 1522 2139 ὲκρεανόμουν.

408 2164 509 2216 Διά
536 2161 723 2215 τούτου
778 2161 876 2233 τὴν
922 2160 1088 2215 αὑτοῦ
1118 2162 1272 2231 ἰσχὺν
1302 2160 1395 2214 καὶ
1447 2160 1755 2231 πραότητα,
1815 2162 1912 2215 καὶ

338 2255 447 2309 τῶν
489 2255 757 2308 Ἰουδαίων
786 2254 849 2307 τὸ
884 2253 1108 2317 ἀσθενὲς
1142 2253 1476 2324 ὑπογράφει.
1522 2253 1604 2306 ὅτι
1637 2253 1713 2317 ὡς
1735 2255 1909 2307 κάλα-

344 2347 441 2418 μδς
470 2349 585 2401 ἐστι
627 2346 1083 2417 συντετριμμένος
1122 2343 1351 2397 ἐνώπιον
1381 2343 1569 2409 αὐτοῦ,
1604 2344 1657 2395 εί
1690 2361 1754 2412 γε
1788 2343 1913 2415 βού-

339 2437 484 2492 λοιτο
513 2438 709 2501 αὐτοὺς
744 2437 1040 2505 ἀφανίσαι·
1075 2434 1212 2487 ἀλλὰ
1262 2434 1399 2497 τέως
1429 2435 1488 2487 οὐ
1523 2434 1756 2502 κατάγει
1815 2434 1912 2487 αύ-

338 2530 497 2594 τούς·
537 2532 630 2584 καὶ
661 2530 803 2593 λίνος
824 2530 880 2583 δὲ
912 2530 1211 2600 τυφόμενος
1239 2527 1453 2598 ὁϐυμδς
1481 2526 1661 2582 αὐτῶν
1690 2528 1718 2580 6
1745 2528 1912 2581 ἀκατ-

338 2624 563 2693 άσχετος
583 2621 843 2693 δηλωθείη
875 2622 959 2676 ἄν.

424 2715 482 2767 Ὀ
510 2714 710 2781 τυφλὸς
742 2715 836 2767 καὶ
875 2712 1057 2783 κωφὸς
1087 2713 1152 2766 ἐκ
1185 2710 1280 2765 τοῦ
1309 2711 1561 2782 δαίμονος
1591 2711 1749 2766 τοῦτο
1773 2712 1910 2766 ἔπαιε

342 2806 436 2859 οον
455 2821 469 2836 ·
499 2805 614 2858 ἀλλ’
640 2810 667 2859 6
699 2806 933 2876 Χριστὸς
984 2806 1064 2868 είς
1106 2805 1169 2858 τὸ
1192 2803 1357 2857 αὑτὸν
1393 2803 1545 2870 ἰδεῖν,
1569 2804 1666 2857 καὶ
1690 2805 1761 2857 τά
1786 2805 1913 2857 ἐαυ-

347 2895 443 2949 τοῦ
478 2896 731 2961 ἀκοῦσαι,
755 2896 1055 2966 ὀμμάτωσε
1081 2894 1177 2948 καὶ
1200 2892 1435 2947 ἀκοῦσαι
1464 2892 1908 2964 παρεσκεύασεν·

343 2986 376 3058 ἢ
408 2988 487 3050 είς
514 2987 909 3058 τοδοξασθῆναι
938 2985 1195 3058 Χριστόν.

413 3085 477 3137 Οἱ
503 3085 789 3138 ἀπόστολοι
815 3084 1079 3155 δηλονότι.

2010 1987 2308 2060 prohibito,
2363 1984 2467 2055 ipsi
2518 1984 2572 2039 in
2618 1983 2822 2053 templo
2873 1980 3185 2037 sacerdotes
3232 1979 3438 2048 lignum
3490 1990 3580 2031 se-

2011 2088 2161 2143 cant,
2211 2079 2389 2149 ignem
2451 2076 2767 2139 incendunt.
2808 2081 2863 2130 et
2908 2086 3102 2127 carnes
3134 2071 3403 2126 dividunt.

2080 2169 2248 2225 Vens.
2308 2168 2399 2222 20.
2432 2169 2536 2224 Per
2576 2168 2677 2222 hoc
2731 2166 2899 2221 robur
2930 2164 3077 2218 illius
3094 2171 3149 2218 et
3191 2160 3580 2228 mansuetudo,

2009 2270 2064 2318 et
2094 2259 2403 2315 Judaeorum
2434 2259 2684 2314 debilitas
2723 2258 3103 2321 adumbratur,
3156 2254 3283 2323 quia
3322 2262 3380 2308 ut
3408 2268 3581 2307 arun-

2011 2355 2081 2409 do
2131 2363 2386 2424 quassata
2434 2367 2620 2407 coram
2687 2351 2780 2404 illo
2845 2357 2992 2414 sunt,
3060 2347 3106 2402 si
3164 2346 3403 2400 voluerit
3457 2346 3586 2399 illos

2010 2446 2307 2507 destruere,
2372 2443 2466 2497 scd
2529 2442 2691 2497 modo
2748 2456 2857 2495 non
2917 2441 3039 2495 illos
3100 2438 3308 2509 dejicit.
3385 2437 3581 2491 Linum

2011 2546 2191 2590 autem
2259 2534 2564 2605 fumigans,
2642 2548 2737 2588 cor
2796 2547 2988 2587 eorum
3049 2530 3286 2586 indocile
3352 2527 3581 2599 intelligi

2010 2635 2221 2696 posset.

2084 2715 2250 2771 Vens.
2308 2716 2400 2770 22.
2465 2714 2657 2769 Caecus
2721 2721 2777 2768 et
2834 2720 3021 2767 mutus
3077 2726 3107 2766 a
3166 2712 3414 2767 daemone
3472 2710 3589 2765 hazc

2011 2810 2354 2880 patiebatur;
2398 2808 2492 2864 sed
2522 2807 2799 2872 Christus,
2853 2814 2914 2861 ut
2963 2804 3240 2860 videretur
3269 2814 3323 2859 et
3369 2802 3591 2857 audire-

2015 2908 2103 2953 tur
2128 2899 2198 2954 ab
2242 2914 2332 2965 eo,
2380 2900 2556 2953 visum
2613 2907 2667 2952 et
2710 2897 2960 2952 auditum
3012 2896 3061 2952 ei
3116 2894 3386 2966 praestitit,
3417 2891 3500 2947 vel
3529 2899 3588 2946 ut

2010 2992 2287 3049 Christum
2329 2992 2741 3062 gloriﬁcaretur.

2083 3085 2250 3142 Vens.
2300 3086 2389 3139 27.
2444 3085 2691 3155 Apostoli
2722 3082 3028 3139 evidenter.

426 3173 771 3244 Ἐλέγχοντες
837 3175 989 3244 ὑμῶν
1056 3174 1158 3245 τὴν
1216 3174 1476 3229 ἀπιστίαν
1537 3174 1634 3230 καὶ
1707 3173 1909 3246 θριαμ-

2084 3176 2532 3233 Condemnanles
2590 3184 2833 3232 vestram
2893 3171 3333 3229 incredulitatem
3389 3177 3445 3224 et
3515 3166 3584 3223 de

345 3263 615 3327 δεύοντες.

413 3352 526 3421 οὐχ
553 3352 585 3421 ἡ
614 3350 860 3422 δευτέρα,
892 3351 1007 3405 ἀλλ’
1043 3353 1075 3423 ἡ
1111 3350 1324 3424 πρώτη,
1364 3354 1451 3421 ἐφ’
1548 3354 1761 3425 χαίρειν
1791 3354 1913 3409 δέον

345 3444 440 3497 καὶ
466 3446 745 3515 ἀνυμνεϊν,
776 3445 933 3515 ὑμεῖς
962 3444 1247 3515 ὀργίζεσθε
1278 3446 1371 3498 καὶ
1392 3445 1733 3502 διαϐάλλετε.

414 3626 512 3691 Τὸ,
559 3626 692 3681 Ἐὰν
718 3625 806 3695 μὴ
860 3625 1026 3695 δήσῃ
1060 3627 1167 3681 τὸν
1197 3627 1471 3695 ἰσχυρὸν,
1536 3628 1627 3681 τὸν
1692 3629 1915 3700 ἰσχυρὸν

344 3717 493 3787 λέγει
521 3718 611 3771 τὸν
646 3718 908 3784 διάϐολον,
938 3718 1036 3771 οὐκ
1086 3719 1151 3772 ἐκ
1173 3718 1273 3790 τῆς
1322 3719 1487 3774 αὑτοῦ
1522 3720 1761 3790 φύσεως,
1796 3722 1912 3776 ἀλλ’

346 3813 413 3868 ἐκ
442 3814 542 3883 τῆς
569 3814 841 3884 ἡμετέρας
868 3812 1151 3884 ἀμελείας.

433 3904 497 3959 '0
522 3905 609 3974 μὴ
647 3904 732 3957 ὢν
750 3904 878 3973 μετ’
915 3905 1082 3973 ἐμοῦ,
1126 3905 1254 3957 κατ’
1284 3904 1430 3973 ἐμοῦ
1476 3904 1668 3969 ἐστιν,
1710 3907 1914 3960 σκοπὸν

347 3997 461 4068 ἔχει
490 3996 748 4062 τοιοῦτον,
777 3997 860 4050 ὅτι
904 3994 1045 4064 Ἐγὼ
1093 3995 1193 4065 μὲν
1225 3996 1425 4065 ἀρετὴν
1461 3995 1722 4063 διδάσκω,
1775 3998 1826 4050 οί
1857 3998 1915 4051 δὲ

347 4090 601 4160 δαίμονες
630 4089 697 4152 τὰ
740 4087 958 4141 ἐναντία
1005 4087 1236 4151 τούτοις.
1281 4086 1405 4149 Πῶς
1459 4081 1554 4140 οῦν
1595 4088 1624 4141 6
1680 4087 1755 4157 μὴ
1798 4090 1915 4158 μετ’

349 4180 483 4251 ἐμοῦ
514 4180 613 4243 ὢν,
642 4180 765 4249 ἐμοὶ
789 4178 1163 4249 συμπράττειν
1190 4177 1409 4247 ἔμελλεν
1432 4190 1449 4241 ;

432 4271 904 4349 Ἀπροςρασίστως·
937 4269 1095 4325 τοῦτο
1140 4269 1297 4339 δῆλον
1322 4270 1705 4339 ἀμετανοήτων
1730 4268 1919 4338 μενόν-

351 4380 455 4421 των
486 4365 794 4433 ἑκατέρων·
838 4365 885 4417 εἰ
919 4363 982 4434 δή
1012 4379 1078 4430 γε
1110 4361 1268 4427 ἀξίαν
1289 4362 1391 4432 τῆς
1424 4361 1697 4432 ἁμαρτίας
1744 4363 1917 4431 μετά·

350 4472 499 4509 νοιαν
528 4455 907 4519 ὲπιδείξαιντο,
946 4454 1311 4525 ἀφεθήσεται·
1367 4456 1395 4507 6
1442 4454 1541 4523 μὲν
1566 4452 1663 4525 τὴν
1696 4453 1917 4523 ἐκείνην

2016 3269 2169 3324 vobis
2199 3268 2619 3338 triumphantes.

2085 3359 2254 3417 Vens.
2310 3359 2403 3414 28.
2453 3357 2569 3413 Non
2598 3358 2919 3424 secundum,
2946 3356 3043 3415 sed
3092 3355 3325 3427 primum
3358 3365 3586 3423 regnum

2016 3454 2071 3509 in
2116 3468 2227 3523 quo
2273 3450 2445 3506 laetari
2493 3458 2707 3520 oportet
2749 3460 2804 3505 et
2852 3457 3093 3514 cantare,
3142 3462 3238 3503 vos
3286 3440 3587 3500 irascimini

2014 3554 2069 3600 et
2089 3544 2319 3614 rejicitis

2087 3634 2250 3690 Vens.
2306 3635 2397 3689 29.
2450 3633 2568 3688 Nisi
2607 3636 2756 3703 prius
2792 3633 3094 3704 alligaverit
3136 3631 3354 3701 fortem;
3392 3629 3585 3698 fortem

2014 3725 2291 3781 diabolum
2320 3724 2544 3790 indicat,
2575 3739 2684 3779 non
2711 3738 2777 3779 ex
2804 3722 2924 3795 ejus
2941 3731 3162 3788 natura,
3181 3721 3275 3777 sed
3302 3735 3366 3775 ex
3402 3726 3587 3773 nostra

2016 3816 2367 3887 negligentia.

2089 3906 2253 3964 Vens.
2314 3908 2405 3963 50.
2458 3906 2563 3973 Qui
2620 3923 2722 3961 non
2777 3915 2852 3960 est
2886 3920 3087 3959 mecum
3133 3913 3317 3958 contra
3360 3916 3441 3954 me
3484 3909 3590 3962 est,

2018 3996 2179 4051 talem
2208 3996 2369 4051 habet
2397 3996 2853 4067 signiﬁcationem
2889 4013 2902 4048 :
2939 3995 3049 4063 Ego
3080 3992 3297 4061 quidem
3331 3991 3587 4044 virtutem

2017 4087 2208 4150 doceo,
2256 4086 2533 4141 daemones
2559 4101 2686 4141 vero
2710 4085 3013 4140 contraria.
3067 4082 3355 4149 Quoniolo
3424 4079 3590 4147 igitur

2018 4178 2110 4248 qui
2142 4194 2249 4231 non
2279 4186 2364 4232 est
2392 4192 2629 4241 mecum,
2689 4190 2906 4231 mecum
2941 4174 3155 4245 operari
3190 4171 3449 4226 deberet?

2090 4270 2255 4326 Vens.
2315 4267 2646 4339 51.Alisque
2699 4265 3255 4332 excusatione;illud
3307 4263 3591 4318 evidenter

2019 4363 2149 4419 dum
2180 4371 2474 4433 utrumque
2508 4363 2629 4416 sine
2654 4359 2977 4431 poenitentia
3008 4355 3357 4422 remanserit;
3390 4356 3433 4409 si
3461 4368 3591 4407 vero

2020 4455 2238 4522 dignam
2260 4454 2465 4524 peccati
2486 4452 2859 4525 pmnitentiam
2873 4450 3239 4513 exbibueriut,
3266 4449 3588 4509 remittetur;

347 4547 507 4617 δίκην
547 4548 611 4618 ἢν
642 4547 734 4599 καὶ
766 4546 1014 4599 ὑπέτεινε
1052 4545 1221 4615 μόνην
1244 4561 1259 4575 ·
1290 4546 1319 4599 6
1346 4544 1403 4599 δὲ
1457 4543 1524 4608 ἃς
1556 4539 1756 4614 ὦφλεν,
1816 4546 1915 4615 τήν

2021 4544 2099 4599 illi
2131 4543 2352 4614 quidem
2402 4558 2619 4614 pinnam
2654 4543 2707 4597 in
2736 4558 2900 4613 quam
2936 4542 3110 4597 solam
3149 4540 3409 4607 incurrit;
3466 4538 3591 4593 huic

350 4657 411 4693 τε
445 4638 678 4694 ἐνταῦθα
704 4639 798 4692 καὶ
819 4638 918 4708 τὴν
948 4636 1183 4691 ἐκεῖθεν.

436 4824 797 4895 ’Λφεϐήσεται
850 4825 962 4885 τοῖς
991 4820 1358 4893 ἀνθρώποιςή
1398 4824 1478 4887 εἰς
1504 4822 1599 4875 τὸν
1646 4822 1775 4875 Υίδν
1823 4822 1919 4877 τοῦ

354 4917 645 4987 ἀνθρώπου
677 4916 921 4986 ἁμαρτία
949 4917 1007 4968 ὲν
1042 4914 1121 4985 τῷ
1148 4914 1243 4968 νῦν
1282 4915 1441 4968 αἰῶνι
1466 4931 1480 4946 ·
1517 4916 1611 4968 καὶ
1638 4916 1699 4969 οὐ
1737 4915 1922 4969 τίσου-

357 5029 440 5066 σιν
481 5010 619 5083 ὑπὲρ
650 5010 818 5080 αὐτῆς
852 5009 1087 5064 ἐνταῦθα
1125 5009 1302 5080 δίκην,
1339 5010 1396 5061 ὲν
1430 5008 1615 5078 μέντοι
1676 5008 1754 5079 τῷ
1793 5009 1924 5077 μέλ-

355 5098 502 5152 λοντι
543 5097 892 5151 ἀποτίσουσιν
912 5112 928 5129 ·
981 5098 1014 5168 ή
1042 5097 1085 5150 δ’
1120 5098 1198 5160 είς
1231 5096 1292 5149 τδ
1323 5096 1547 5167 Πνεῦμα
1578 5097 1921 5167 βλασφημία,

355 5191 479 5245 οὔτε
508 5192 565 5244 ὲν
595 5190 673 5256 τῷ
704 5191 797 5244 νῦν
830 5189 954 5244 οὔτε
1008 5193 1066 5244 ὲν
1116 5188 1195 5261 τῷ
1248 5188 1493 5259 μέλλοντι
1550 5189 1922 5261 ἀφεθήσεται·

358 5284 452 5338 καὶ
474 5283 579 5354 γὰρ
604 5284 701 5353 ὅλη
730 5283 878 5336 ἐστὶν
909 5283 942 5352 ή
974 5281 1198 5350 τοιαύτη
1235 5279 1505 5349 ἁμαρτία.

429 5376 521 5446 Τῷ
551 5375 961 5446 βλασφημοῦντι
1022 5374 1102 5436 εἰς
1163 5373 1224 5426 τὸ
1257 5372 1479 5442 Πνεῦμα
1524 5372 1624 5426 ούκ
1658 5371 1929 5443 ἀφεθήσε-

358 5482 488 5521 ται·
521 5465 680 5518 τοῦτο
703 5466 759 5519 δὲ
790 5465 935 5532 λέγει
986 5462 1114 5532 περὶ
1144 5462 1237 5516 τοῦ
1271 5462 1430 5530 ἁγίου
1457 5461 1776 5531 Πνεύματος
1831 5460 1929 5514 καὶ

359 5558 467 5611 τῶν
500 5557 742 5628 σημείων
786 5550 859 5610 ὧν
887 5556 1061 5609 ὲποίει
1084 5572 1100 5588 ·
1160 5555 1222 5607 τὸ
1278 5555 1356 5619 δὲ,
1410 5556 1531 5608 Οὐκ
1560 5554 1931 5623 ἀφεθήσεται

359 5650 498 5703 οὔτε
521 5649 590 5702 ἐν
618 5647 697 5714 τῷ
728 5648 844 5703 νῦν
876 5648 1012 5702 οὔτε
1060 5646 1131 5701 ἐν
1185 5644 1262 5712 τῷ
1309 5645 1619 5716 μέλλοντι,
1679 5647 1793 5709 τοῖς
1855 5644 1931 5717 μὴ

363 5741 704 5813 μετανοοῦσι,
738 5741 859 5809 λέγε
869 5760 907 5794 ι.

436 5831 530 5894 Τὸ.
563 5834 638 5887 Ἢ
662 5832 953 5901 ποιήσατε
1003 5831 1069 5887 τὸ
1102 5830 1355 5902 δένδρον
1377 5830 1637 5900 σαπρὸν,
1670 5830 1768 5886 καὶ
1823 5831 1930 5886 τὸν

2021 4644 2204 4692 autem
2239 4651 2378 4707 quas
2405 4635 2655 4702 debebat,
2680 4649 2899 4706 penam
2930 4634 2983 4689 in
3015 4634 3121 4690 hoc
3158 4632 3381 4699 saeculo,
3402 4639 3456 4686 et
3477 4644 3591 4701 pm-

2021 4742 2148 4783 nam
2185 4727 2238 4781 in
2274 4726 2477 4783 futuro.

2097 4818 2421 4873 Remittetur
2443 4818 2755 4875 hominibus
2774 4818 2826 4873 in
2843 4815 3297 4874 Filium-hominis
3310 4823 3590 4885 peccatum

2023 4910 2078 4964 in
2109 4910 2215 4965 hoc
2248 4911 2503 4979 prmsenti
2539 4912 2775 4976 saeculo;
2807 4920 2863 4965 et
2891 4924 3219 4979 non-pcenas
3257 4908 3325 4962 de
3370 4908 3462 4961 illo
3494 4907 3584 4961 hic

2023 5001 2197 5065 luent,
2226 5001 2280 5055 in
2318 5001 2503 5057 futuro
2536 5018 2668 5057 vero
2717 5004 2962 5067 solvent;
3015 5000 3351 5071 blasphemia
3405 5008 3588 5054 autem

2026 5094 2081 5148 in
2134 5092 2419 5163 Spiritum,
2457 5108 2635 5164 neque
2684 5094 2737 5147 in
2786 5093 3039 5162 praesenti
3087 5108 3262 5161 neque
3298 5092 3349 5145 in
3402 5090 3589 5145 futuro

2024 5186 2355 5250 remittetur;
2403 5185 2601 5239 etenim
2665 5184 2978 5239 universum
3014 5191 3099 5238 est
3147 5182 3254 5238 tale
3284 5191 3591 5252 peccatum.

2100 5369 2499 5441 Blasphemanti
2531 5370 2583 5423 in
2646 5368 2911 5439 Spiritum
2952 5382 3061 5423 non
3110 5366 3446 5421 remittetur.
3480 5362 3593 5421 lloc

2028 5472 2209 5519 autem
2240 5463 2369 5518 dicit
2407 5462 2474 5516 de
2504 5470 2695 5516 sancto
2727 5461 2934 5531 Spiritu
2969 5459 3233 5531 etesignis
3267 5474 3392 5528 qua:
3422 5457 3592 5514 facio-

2030 5554 2138 5608 bat.
2212 5553 2445 5607 Dicendo
2499 5567 2670 5606 vero:
2711 5550 2836 5606 Non
2891 5551 3186 5604 remittetur
3214 5564 3376 5617 neque
3400 5548 3593 5603 fil/306

2028 5647 2222 5701 saeculo
2270 5661 2429 5715 neque
2465 5647 2519 5699 in
2559 5645 2760 5715 futuro,
2810 5643 2878 5699 de
2932 5658 3042 5699 non
3078 5640 3469 5712 pmnitentibus
3517 5640 3592 5699 lo-

2032 5738 2238 5808 quitur.

2104 5827 2267 5885 Vsns.
2302 5827 2389 5883 '53.
2444 5826 2599 5898 Illud,
2637 5828 2739 5883 Aut
2791 5829 2951 5897 facite
3000 5828 3237 5888 arborem
3266 5830 3485 5895 malum.
3540 5837 3591 5886 et
