4026 6572
518 394 656 461 1215

1220 396 1614 463 OPUSCULA
1648 403 2285 466 SCRIPTURISTICA
2324 404 2677 467 INCERTB
2714 407 3027 470 IETATIS.

3625 405 3763 474 1116

584 512 752 568 Vens.
795 514 886 569 55.
929 512 1113 567 Simile
1139 523 1216 568 est
1254 532 1471 585 regnum
1507 517 1600 571 Dei
1632 520 1909 588 fermento,
1947 520 2078 589 quod

2262 520 2364 583 Τὸ,
2408 520 2605 590 Ὁμοία
2645 521 2822 575 ἐστὶν
2850 521 2888 589 ἡ
2928 521 3221 587 βασιλεία
3265 521 3373 578 τοῦ
3405 524 3557 579 Θεοῦ
3593 526 3763 597 ζύμῃ,

514 607 773 673 accipiens
822 607 1010 659 mulier
1060 607 1334 660 abscondit
1376 610 1430 661 in
1467 610 1661 678 farina:
1708 613 1842 665 satis
1874 614 2077 678 tribus,

514 700 674 751 donec
706 698 1076 766 fermentatum
1112 711 1185 751 est
1220 708 1411 752 totum.
1453 699 1801 755 Fermentum
1835 701 2079 757 divinum

512 792 737 843 vet-hum
786 792 839 843 in
872 792 1134 859 apostolis
1170 801 1273 855 est,
1307 792 1449 860 quod
1502 802 1748 862 penetrat
1784 808 1880 863 per
1922 809 2078 848 suam

512 883 764 936 virtutem
820 883 1133 939 universum
1187 884 1483 948 muttdum,
1549 886 1693 939 velut
1749 885 2076 940 fermentum

515 995 605 1049 per
654 996 807 1033 suam
842 982 949 1034 vim
988 981 1243 1035 farinam.
1280 982 1406 1035 Tria
1452 991 1591 1046 sata,
1640 998 1737 1051 pro
1774 983 1959 1037 multis
1994 984 2079 1037 di-

511 1082 751 1136 cuntur;
784 1088 881 1141 pro
916 1072 1264 1126 multitudine
1296 1074 1439 1125 enim
1476 1073 1619 1127 hunc
1650 1089 1937 1128 numerum
1986 1091 2078 1129 su-

513 1176 659 1213 mere
694 1161 971 1230 Scriptura
1003 1162 1216 1229 suevit;
1247 1163 1339 1216 sed
1371 1163 1534 1217 etiam
1564 1165 1757 1228 emori,
1794 1175 1888 1219 ut:
1929 1186 1947 1218 ι
1974 1164 2079 1220 Ter

512 1250 651 1303 beati
685 1250 873 1303 Danai.
913 1270 932 1301 ι

586 1340 743 1395 Vens.
794 1342 882 1395 36.
940 1342 1075 1397 Cum
1135 1342 1190 1397 in
1254 1345 1533 1413 parabolis
1584 1346 1911 1415 loquebatur
1962 1348 2078 1415 eis,

510 1433 861 1501 interrogans
890 1433 955 1486 ad
1008 1449 1103 1487 eos
1154 1450 1213 1487 se
1256 1435 1525 1505 dirigebat
1553 1453 1568 1502 ;
1599 1453 1722 1491 eum
1762 1438 1946 1493 nullus
1991 1440 2076 1493 in-

510 1533 835 1591 terrogaret,
870 1524 1153 1578 dimittens
1180 1539 1275 1580 eos
1308 1527 1458 1581 abiit.

579 1617 691 1670 Cur
735 1617 800 1670 ad
851 1616 1003 1670 illum
1050 1617 1254 1671 adeunt
1302 1633 1424 1672 cum
1473 1620 1719 1674 libertate
1774 1631 2078 1689 quaerentes

508 1706 929 1775 explicationem
992 1708 1264 1776 parabolae
1332 1710 1710 1764 zizaniorum?
1765 1713 1903 1777 Quia
1962 1715 2075 1783 jam

510 1798 795 1853 audierant
829 1817 842 1853 :
890 1797 1043 1852 Vobis
1070 1801 1253 1853 datum
1290 1811 1368 1854 est
1410 1804 1593 1855 audire
1627 1806 1877 1873 mysteria
1910 1808 2075 1875 regni.

2185 611 2266 680 ἢν
2309 614 2585 668 λαϐοῦσα
2643 616 2799 685 γυνὴ
2855 615 3127 685 ἔκρυψεν
3165 618 3254 682 είς
3300 619 3562 686 ἀλεύρου
3608 621 3763 675 σάτα

2185 707 2336 775 τρία,
2363 708 2472 773 ἕως
2499 703 2571 763 οὗ
2606 707 2869 777 ἐζυμώθη
2908 708 3076 762 ὅλον.
3117 708 3273 779 Ζύμη
3306 708 3336 761 ὁ
3373 709 3515 773 θεῖος
3549 711 3709 780 λόγος
3736 716 3765 767 ό

2184 798 2245 849 ὲν
2271 799 2383 859 τοῖς
2423 797 2762 859 ἀποστόλοις,
2795 798 2824 850 ὁ
2865 798 3210 867 μεταστήσας
3259 798 3398 865 πρὸς
3430 798 3529 869 τὴν
3563 801 3762 853 ἑαυτοῦ

2185 888 2415 959 δύναμιν
2454 888 2545 941 τὸν
2589 891 2767 942 πάντα
2818 889 3059 958 κόσμον·
3103 887 3296 959 ῶσπερ
3350 892 3383 959 ἡ
3425 890 3572 962 ζύμη
3626 892 3765 962 πρὸς

2184 983 2282 1053 τὴν
2323 983 2523 1052 έαυτῆς
2565 983 2717 1051 ἰσχὺν
2767 982 2828 1034 τὸ
2866 981 3128 1052 ἄλευρον·
3180 982 3309 1053 τρία
3358 982 3415 1035 δὲ
3460 984 3635 1048 σάτα,
3693 986 3761 1037 τὰ

2186 1072 2355 1125 πολλὰ
2389 1072 2575 1140 λέγει·
2628 1073 2719 1126 ἐπὶ
2759 1072 2995 1144 πλήθους
3046 1072 3155 1143 γὰρ
3202 1074 3295 1125 τὸν
3334 1074 3564 1143 ἀριθμὸν
3608 1074 3761 1127 τόνδε

2184 1164 2478 1233 λαμϐάνειν
2528 1166 2561 1234 ή
2597 1164 2786 1234 Γραφὴ
2836 1166 3083 1233 πέφυκε·
3127 1164 3264 1218 ἀλλά
3297 1165 3390 1218 καὶ
3421 1168 3471 1218 oi
3514 1165 3641 1230 ἔξω,
3686 1165 3763 1228 ὡς

2184 1256 2264 1322 τὸ,
2301 1276 2319 1307 ι
2356 1257 2747 1327 Τρισμάκαρες
2776 1256 2991 1310 Δαναοί.
3035 1275 3054 1309 ι

2255 1348 2379 1400 Ὀτι
2418 1350 2474 1399 ἐν
2516 1346 2852 1417 παραϐολαῖς
2890 1346 3069 1399 ἐλάλει
3107 1346 3324 1408 αὐτοῖς,
3362 1347 3441 1409 εἰς
3488 1348 3760 1416 ὲρωτησιν

2184 1439 2381 1503 αὐτοὺς
2415 1439 2889 1509 προτρεπόμενος·
2919 1438 3106 1509 ἐπειδὴ
3139 1438 3197 1491 δὲ
3235 1438 3411 1502 οὐδεὶς
3440 1438 3754 1509 ἠρώτησεν,

2182 1531 2343 1601 ἀφεὶς
2377 1531 2575 1594 αὐτοὺς
2604 1530 2866 1601 ἀπῆλθεν.

2250 1622 2347 1676 Διά
2378 1623 2428 1675 τί
2455 1622 2764 1694 προσῆλθον
2788 1620 2937 1692 αὐτῷ
2965 1622 3102 1693 μετά
3125 1622 3437 1696 παρρησίας
3466 1623 3757 1694 ζητοῦντες

2181 1712 2281 1784 τὴν
2319 1713 2472 1767 λύσιν
2505 1714 2604 1784 τῆς
2651 1713 2966 1785 παραϐολῆς
3006 1714 3116 1767 τῶν
3155 1714 3450 1781 ζιζανίωνς
3496 1717 3617 1769 Ὀτι
3654 1717 3755 1785 ήδη

2186 1806 2448 1875 ἤκουσαν·
2488 1804 2663 1875 ’Υμῖν
2691 1804 2926 1859 δέδοται
2949 1806 3195 1860 ἀκούειν
3225 1806 3297 1860 τὰ
3320 1806 3625 1875 μυστήρια
3648 1807 3757 1875 τῆς

511 1890 578 1944 Et
599 1905 696 1945 cur
728 1890 780 1944 in
812 1891 1127 1960 particulari
1166 1894 1548 1962 interrogant?
1573 1894 1863 1967 Non.un
1892 1900 2078 1953 multi-

2180 1896 2503 1961 βασιλείας
2529 1911 2541 1923 '
2575 1896 2670 1949 καὶ
2696 1895 2784 1949 διὰ
2812 1895 2864 1948 τί
2895 1896 3017 1949 κατ’
3056 1894 3191 1949 ίδίαν
3222 1894 3538 1965 ὲρωτῶσινς
3573 1896 3648 1949 Οὐ
3678 1896 3755 1963 τῷ

510 1981 683 2035 tudini
736 1980 1048 2046 inviderint,
1088 1983 1180 2037 sed
1232 1994 1289 2038 nt
1331 1986 1536 2041 Christi
1582 1988 1753 2057 legem
1800 2001 2080 2046 servarent

511 2074 743 2127 dicentis
779 2074 904 2129 aliis
940 2090 1045 2128 non
1078 2091 1199 2131 esse
1237 2076 1445 2133 datum.
1483 2078 1767 2150 Tanquam
1807 2082 1875 2137 de
1901 2092 2081 2138 extra-

512 2180 614 2219 nea
656 2165 831 2234 magis
864 2165 1199 2221 zizaniorum
1240 2170 1501 2238 parabola
1536 2171 1897 2244 interrogant,
1925 2191 2081 2241 para-

510 2256 668 2311 bolas
693 2271 821 2310 vero
846 2256 1051 2327 sinapis
1077 2270 1132 2313 et
1153 2258 1401 2314 fermenti
1435 2265 1874 2331 prmtermittunt.
1906 2265 2081 2336 Opor-

512 2357 590 2402 tet
637 2349 778 2402 scire
812 2350 957 2417 quod
997 2352 1439 2420 quandoquidem
1487 2356 1741 2419 seminat,
1775 2371 1869 2424 per
1908 2373 1966 2412 se
1996 2374 2081 2412 se-

512 2442 720 2507 minat;
754 2442 885 2495 dicit
914 2442 1093 2497 enim:
1124 2442 1227 2507 Qui
1253 2446 1476 2498 seminat
1505 2446 1693 2499 bonum
1709 2465 1877 2502 semen
1904 2448 2079 2503 Filius

512 2541 589 2586 est
624 2532 884 2595 hominis;
927 2533 1150 2601 quando
1197 2543 1381 2588 autem
1425 2537 1692 2605 castigat,
1729 2554 1822 2608 per
1862 2540 2081 2610 angelus

515 2623 648 2677 illud
678 2622 827 2678 facit.
854 2623 1105 2678 Ostendit
1131 2624 1209 2679 sic
1238 2625 1622 2697 benignitatem
1650 2628 1703 2682 in
1736 2630 2077 2698 seminando,

516 2716 567 2769 id
606 2725 689 2769 est
734 2716 786 2768 in
819 2716 1195 2785 praedicando,
1233 2726 1287 2772 et
1328 2732 1357 2771 a
1392 2719 1570 2788 poenis
1614 2721 1895 2778 sumendis
1927 2738 2081 2778 aver-

513 2807 746 2863 sionem.

585 2896 751 2952 Vens.
801 2899 889 2953 57.
924 2898 1057 2963 Cur,
1098 2902 1298 2957 amotis
1342 2903 1539 2966 turbis,
1559 2903 1857 2974 discipulos
1890 2908 1943 2961 in
1986 2923 2083 2978 pa-

511 2991 717 3046 raholis
758 2992 1098 3063 alloquitur?
1147 2994 1418 3061 Quoniam
1468 2998 1827 3067 sapientiores
1870 3016 1933 3055 ex
1966 3001 2079 3072 jam

510 3082 672 3137 dictis
701 3084 972 3152 parabolis
1006 3086 1133 3140 facti
1162 3097 1339 3141 erant.

583 3172 746 3272 Vens.
898 3176 953 3272 In
981 3178 1565 3272 supplicio-sumendo.
1590 3180 1864 3238 Memento
1894 3192 2075 3239 autem
2107 3213 2152 3272 α

512 3264 658 3335 quod
688 3266 741 3319 in
773 3264 1046 3321 Abraham
1080 3276 1132 3321 et
1165 3266 1467 3325 Sodomitis
1493 3270 1635 3326 idem
1666 3272 1873 3327 fecerit.

584 3355 751 3411 Vens.
796 3356 887 3411 45.
937 3357 1117 3425 Quare
1160 3360 1296 3416 alias
1339 3360 1473 3428 justi
1518 3362 1862 3418 adducuntur
1897 3364 2079 3433 primi.

510 3447 601 3501 hic
662 3457 843 3502 autem
891 3460 1176 3521 postquam
1227 3452 1548 3523 praecipitati
1598 3462 1728 3508 sunt
1764 3465 2082 3525 peccatores

510 3538 564 3592 in
605 3540 1140 3610 condemnationem,
1191 3553 1322 3599 tunc
1370 3545 1501 3613 iusti
1552 3545 1867 3616 fulgebunt?
1898 3550 2081 3604 Addu-

509 3639 712 3683 euntur
751 3632 913 3701 primi
963 3634 1099 3702 justi
1142 3636 1380 3691 venienti
1415 3638 1635 3692 Christo
1664 3639 1880 3693 obviam
1913 3640 2077 3709 ituri;

509 3728 726 3775 astante
780 3732 961 3779 autem
997 3725 1091 3780 illo
1128 3735 1183 3780 et
1220 3728 1435 3784 traditis
1477 3730 1545 3785 ad
1594 3731 1921 3801 supplicium
1954 3748 2081 3803 pec-

509 3812 807 3881 catoribus,
843 3824 971 3873 tunc
996 3820 1048 3873 ln
1074 3835 1299 3891 regnum
1328 3821 1593 3878 cmlorum
1624 3823 1830 3879 intrant
1851 3823 2007 3895 justi.

590 4004 751 4060 Vens.
782 4004 872 4060 45.
911 4004 1195 4076 Hargarita
1226 4007 1464 4077 pretiosa
1502 4024 1533 4063 a
1574 4008 1711 4064 mari
1742 4018 1845 4075 est,
1875 4018 1931 4065 et
1958 4025 2077 4065 ma-

512 4098 600 4169 gni
638 4096 793 4168 pretii
845 4096 1148 4153 aestimatur
1203 4098 1276 4155 ob
1328 4099 1703 4156 difﬁcultatem
1742 4102 2075 4159 inveniendi.

509 4186 628 4242 Non
680 4201 863 4243 escam
918 4187 1140 4257 prabet,
1195 4188 1287 4244 sed
1329 4188 1690 4259 iactantiam;
1748 4208 1857 4247 non
1917 4202 2079 4262 potus

505 4278 900 4350 iucunditatem
954 4278 1194 4349 praebet,
1258 4279 1353 4333 sed
1412 4282 1705 4336 multarum
1766 4282 2076 4337 divitiarum

510 4370 736 4437 famam,
776 4370 1087 4440 superbiam
1128 4370 1533 4439 producentem.
1574 4372 1771 4427 Eadem
1817 4373 1951 4429 levis
1995 4382 2079 4428 est

508 4463 800 4533 ponderis;
863 4477 1136 4531 parvaque
1184 4478 1308 4517 cum
1367 4462 1474 4527 sit,
1527 4478 1722 4532 magna
1761 4472 1974 4531 potest,
2024 4474 2081 4518 et

2184 1988 2377 2059 πλήθει
2413 1988 2832 2059 βασκαίνοντες,
2878 1987 3015 2042 ἀλλά
3043 1987 3134 2040 τὸν
3174 1987 3337 2057 νόμον
3382 1986 3620 2057 Χριστοῦ
3652 2005 3756 2057 φυ-

2179 2082 2465 2145 λάττοντες
2514 2082 2604 2135 τὸν
2658 2081 2905 2149 λέγοντα,
2948 2080 3238 2143 ὃτιαύτοῖς
3275 2080 3337 2132 οὐ
3372 2079 3601 2133 δέδοται.
3669 2080 3756 2144 Ὠς

2179 2174 2488 2243 δεινοτέρας
2513 2171 2680 2237 οὔσης
2701 2174 2802 2242 τῆς
2832 2172 2938 2225 τῶν
2970 2170 3225 2237 ζιζανίων
3256 2172 3597 2244 παραϐολῆς,
3622 2173 3757 2226 ταύ-

2180 2282 2281 2335 την
2310 2262 2591 2335 ἐρωτῶσι·
2624 2264 2723 2334 τὴν
2754 2264 2811 2317 δὲ
2846 2261 2941 2317 τοῦ
2980 2263 3254 2326 σινάπεως
3298 2264 3394 2316 καὶ
3439 2263 3541 2333 τῆς
3576 2262 3755 2331 ζύμης

2182 2361 2459 2430 παρῆκαν.
2495 2356 2617 2429 Χρὴ
2648 2358 2869 2421 εἰδέναι,
2916 2357 3000 2409 ὅτι
3032 2356 3119 2409 ὅτε
3139 2357 3235 2425 μὲν
3256 2355 3493 2424 σπείρει,
3524 2354 3593 2407 δι’
3631 2355 3757 2406 eau-

2177 2448 2274 2504 τοῦ
2328 2449 2582 2519 σπείρει·
2637 2448 2784 2517 λέγει
2826 2448 2935 2517 γάρ
2964 2464 2978 2479 ·
3041 2447 3104 2499 Ὀ
3148 2446 3413 2513 σπείρων
3450 2447 3517 2499 τὸ
3562 2447 3755 2499 καλὸν

2181 2540 2439 2609 σπέρμα,
2474 2538 2653 2593 ἐστιν
2692 2542 2724 2592 d
2767 2539 2902 2604 Υἱὸς
2934 2537 3040 2591 τοῦ
3075 2536 3392 2604 ἀνθρώπου
3419 2554 3432 2567 ·
3458 2537 3545 2589 ὅτε
3569 2535 3627 2589 δὲ
3661 2553 3755 2588 κο-

2181 2631 2355 2697 λάζει,
2387 2628 2475 2684 διά
2506 2629 2613 2681 τῶν
2648 2629 2898 2697 ἀγγέλων
2922 2626 3081 2681 τοῦτο
3115 2629 3287 2679 ποιεῖ·
3316 2625 3489 2684 οὕτως
3513 2624 3752 2678 δείκνυσι

2183 2721 2277 2775 καὶ
2331 2722 2432 2792 τὴν
2480 2719 2891 2790 φιλανθρωπίαν
2931 2719 2990 2772 ὲν
3024 2717 3102 2787 τῷ
3158 2716 3422 2788 σπείρειν,
3463 2716 3633 2786 ἧγουν
3674 2715 3752 2786 τῷ

2182 2811 2478 2872 διδάσκειν,
2507 2812 2601 2865 καὶ
2627 2811 2689 2863 τὸ
2719 2810 2856 2881 πρὸς
2882 2808 3154 2879 τιμωρίαν
3188 2807 3643 2878 ἠλλοτριωμένον.

2258 2902 2360 2955 Διά
2378 2902 2451 2967 τί,
2482 2900 2958 2972 ἀναχωρησάντων
2990 2900 3098 2953 τῶν
3128 2898 3320 2968 ὄχλων,
3340 2899 3450 2960 τοῖς
3482 2897 3751 2967 μαθηταῖς

2182 2996 2240 3048 ἐν
2276 2994 2611 3065 παραϐολαῖς
2638 2993 2942 3061 διαλέγεται
2964 3010 2977 3057 ;
3002 2991 3220 3061 Ἐπειδὴ
3240 2991 3534 3062 σοφώτεροι
3556 2992 3621 3043 ὲκ
3648 2989 3751 3042 τῶν

2183 3089 2489 3159 εἰρημένων
2531 3087 2630 3157 ήδη
2670 3085 2994 3156 παραϐολῶν
3027 3084 3298 3152 ἐγένοντο.

2215 3178 2232 3197 ⁹
2266 3181 2354 3234 Ἐν
2410 3180 2489 3249 τῷ
2538 3178 2787 3241 κολάζειν
2813 3194 2827 3209 ·
2868 3176 3139 3247 μνήσθητι
3182 3175 3239 3229 δὲ
3268 3175 3350 3227 ὅτι
3400 3173 3496 3226 καὶ
3534 3172 3627 3226 ἐπὶ
3660 3170 3750 3225 τοῦ

2195 3270 2445 3341 Ἀϐραὰμ
2477 3270 2573 3325 καὶ
2603 3270 2712 3324 τῶν
2742 3267 3047 3339 Σοδομιτῶν
3074 3266 3232 3320 τοῦτο
3268 3268 3431 3319 ποιεῖ.

2253 3364 2410 3427 Τίνος
2436 3364 2595 3434 χάριν
2627 3361 2857 3431 ἀλλαχοῦ
2892 3363 2940 3414 οἱ
2976 3360 3173 3413 δίκαιοι
3213 3358 3551 3430 ἀρπάζονται
3599 3356 3750 3427 πρῶ-

2179 3474 2283 3523 τοι,
2309 3455 2405 3509 νῦν
2431 3455 2487 3509 δὲ
2511 3456 2593 3509 ὅτι
2630 3455 2770 3525 μετά
2792 3454 2853 3507 τὸ
2884 3451 3223 3522 ἐμϐληθῆναι
3249 3449 3375 3512 τοὺς
3398 3447 3752 3518 ἁμαρτωλοὺς

2181 3548 2263 3611 είς
2302 3546 2523 3600 κόλασιν
2548 3584 2563 3609 ,
2599 3545 2721 3598 τότε
2768 3544 2817 3596 oi
2852 3543 3054 3597 δίκαιοι
3089 3539 3494 3610 ἐκλάμψουσιν;
3548 3538 3752 3610 Ἀρπά-

2181 3641 2362 3705 ζονται
2398 3638 2496 3709 μὲν
2534 3637 2741 3707 πρῶτοι
2772 3638 2820 3690 οἱ
2850 3636 3049 3690 δίκαιοι
3080 3633 3377 3705 ἐρχομένου
3407 3632 3645 3703 Χριστοῦ
3674 3632 3752 3696 εἰς

2180 3732 2483 3801 ἀπάντησιν
2501 3743 2517 3758 ·
2551 3727 2996 3799 παραγενομένου
3025 3727 3081 3780 δὲ
3109 3724 3272 3780 αὑτοῦ
3296 3723 3391 3778 καὶ
3418 3724 3751 3793 παραδοθὲν⁹

2180 3839 2287 3875 των
2316 3822 2397 3885 είς
2420 3821 2641 3875 κόλασιν
2667 3819 2776 3874 τῶν
2806 3818 3169 3890 ἁμαρτωλῶν,
3200 3815 3323 3870 τότε
3359 3817 3438 3879 είς
3474 3815 3751 3886 βασιλείαν

2179 3912 2423 3984 οὐρανῶν
2450 3912 2782 3983 ἀπέρχονται
2813 3912 2863 3963 οι
2893 3909 3113 3964 δίκαιοι.

2265 4004 2324 4059 '0
2353 4004 2697 4076 μαργαρίτης
2728 4003 2756 4056 ό
2793 4000 2972 4072 τίμιος
3001 4001 3149 4055 ἐστιν
3176 4002 3284 4056 ἀπὸ
3314 4000 3614 4069 θαλάσσης,
3652 3996 3749 4052 καὶ

2180 4094 2381 4159 πολλῆς
2431 4095 2599 4164 τιμῆς
2644 4092 2793 4156 ἄξιός
2845 4093 2991 4145 ἐστιν
3030 4091 3118 4145 διὰ
3158 4092 3220 4145 τὸ
3270 4091 3615 4161 δυσεύρετον.
3671 4089 3744 4143 οὐ

2180 4189 2409 4259 παρέχει
2448 4186 2671 4257 βρῶσιν,
2707 4184 2841 4238 ἀλλά
2880 4184 3174 4253 καύχημα·
3224 4184 3285 4237 οὐ
3314 4184 3542 4254 παρέχει
3582 4181 3745 4235 ποτοῦ

2179 4280 2498 4342 ἀπόλαυσιν,
2547 4275 2661 4331 ἀλλ’
2709 4275 2951 4342 εὐδοξίαν
2986 4274 3196 4327 πολλῶν
3225 4274 3523 4344 χρημάτων
3558 4271 3745 4325 ποιοῦ-

2182 4386 2281 4422 σαν
2320 4368 2485 4435 ὄγκον
2509 4383 2523 4397 ·
2568 4362 2722 4431 οὗτος
2749 4367 2793 4420 δ’
2824 4367 3170 4436 ἐπικουφίζει
3198 4366 3261 4419 τὸ
3306 4366 3493 4436 βάρος.
3531 4365 3746 4434 Βραχὺς

2180 4460 2255 4513 ῶν
2296 4460 2506 4530 μεγάλα
2539 4460 2764 4514 δύναται
2785 4476 2798 4491 ·
2831 4460 2926 4514 καὶ
2954 4459 3216 4528 σύντομος
3249 4461 3328 4521 εἰς
3357 4459 3417 4511 τὸ
3443 4457 3745 4527 βασταχθῆο

508 4555 731 4621 ρταιοίεο
766 4552 831 4606 ad
865 4553 1373 4621 transportandum,
1414 4563 1467 4607 et
1508 4553 1726 4607 mobilis
1758 4554 1824 4607 ad
1861 4565 2070 4608 restau-

2181 4568 2301 4615 ναι,
2360 4552 2454 4605 καὶ
2499 4552 2861 4622 εὐμετάθετος
2908 4552 2987 4614 είς
3031 4551 3503 4614 ἀποκατάστασιν,
3546 4546 3743 4618 ῥαδίως

507 4645 737 4697 randum
797 4643 850 4697 in
891 4643 1070 4697 locum
1128 4658 1312 4705 suum,
1369 4644 1528 4699 facile
1579 4644 1967 4708 absconditur,
2022 4655 2075 4700 et

506 4734 721 4787 diﬂicile
776 4735 1073 4788 invenitur.
1124 4734 1199 4788 Ita
1246 4744 1331 4789 est
1368 4750 1594 4803 regnum
1646 4735 1946 4800 caelorum;
1999 4735 2074 4791 ita

505 4835 588 4879 cst
628 4823 770 4878 Deus
822 4822 1054 4878 Verbum
1106 4824 1159 4878 in
1202 4840 1370 4895 parvo
1404 4840 1651 4894 magnam
1693 4825 1945 4880 virtutem
1989 4826 2074 4881 in-

504 4915 669 4970 dnhie
729 4914 1047 4985 possidens;
1106 4930 1214 4969 non
1271 4915 1544 4985 profertur
1589 4916 1655 4970 ad
1706 4931 1926 4981 escam,
1965 4932 2071 4970 non

504 5007 651 5061 enim
691 5015 776 5061 est
821 5016 1299 5072 momentaneum;
1358 5021 1464 5060 non
1504 5015 1587 5060 est
1636 5006 1963 5077 pauperibus
2018 5007 2070 5061 in

507 5113 699 5162 usum,
754 5096 847 5152 sed
898 5099 949 5151 in
996 5098 1309 5168 cognitione
1354 5096 1615 5152 divitibus
1668 5099 1721 5151 in
1773 5098 2074 5166 possessio-

505 5205 670 5255 nem;
728 5188 911 5243 nullus
946 5204 1069 5243 cum
1116 5189 1317 5243 habere
1370 5196 1551 5258 potest
1597 5188 1795 5242 virtute
1827 5189 2072 5259 indigen-

506 5284 678 5347 tium;
756 5281 1119 5351 perfectorum
1174 5295 1304 5335 vero
1360 5280 1652 5349 acquisitio
1712 5281 1787 5335 fit.
1848 5280 1916 5333 Et
1956 5290 2071 5349 post

506 5392 698 5445 pauca.
750 5374 1040 5443 Margarita
1096 5374 1235 5443 lapis
1271 5382 1356 5430 est
1398 5388 1428 5428 e
1470 5373 1727 5427 carnibus
1761 5383 1938 5438 ortus,
1978 5374 2072 5443 qui

509 5481 703 5534 nempe
764 5480 829 5519 ex
889 5465 1086 5519 ostreis
1142 5465 1387 5533 provenit
1437 5484 1451 5519 :
1491 5466 1613 5534 quis
1659 5480 1785 5535 ergo
1831 5466 2073 5520 crederet

509 5558 679 5612 Deum
711 5571 929 5625 quoque
958 5572 989 5610 e
1014 5572 1179 5611 carne
1210 5558 1483 5611 hominem
1524 5571 1706 5611 natum
1736 5557 1894 5612 esse?
1918 5557 2069 5611 Illam

509 5663 617 5701 non
659 5646 988 5701 concharum
1042 5648 1220 5702 coitus
1271 5646 1550 5716 producit.
1598 5646 1692 5700 sed
1741 5644 1973 5714 fulguris
2018 5654 2072 5700 et

509 5755 665 5809 aquae
692 5737 1033 5803 commistio;
1072 5738 1145 5793 ita
1184 5748 1237 5792 et
1273 5737 1527 5792 Christus
1562 5746 1857 5806 conceptus
1891 5746 1975 5791 est
2016 5737 2068 5791 in

513 5830 754 5905 Virgine,
799 5844 865 5887 ex
901 5829 1218 5901 operatione
1256 5828 1493 5901 Spiritus
1533 5827 1727 5892 sancti,
1770 5828 2070 5898 producen-

2177 4641 2500 4713 κρύπτεται,
2541 4642 2635 4696 καὶ
2667 4640 2939 4704 δυσκόλως
2984 4640 3315 4709 εὑρίσκεται.
3373 4637 3562 4699 Οὕτως
3594 4636 3740 4689 ἐστὶν

2175 4734 2209 4804 ὴ
2238 4733 2483 4803 βασιλεία
2535 4734 2644 4786 τῶν
2692 4732 2940 4802 οὐρανῶν
2966 4748 2979 4764 ·
3014 4731 3185 4793 οὕτως
3230 4730 3377 4782 ἐστὶν
3413 4733 3441 4781 ὁ
3477 4728 3612 4790 Θεὸς
3642 4726 3738 4780 Δό-

2175 4838 2290 4889 γος,
2339 4824 2397 4874 ὲν
2437 4822 2631 4892 βραχεί
2681 4821 2881 4890 πολλὴν
2925 4820 3155 4889 δύναμιν
3209 4819 3478 4890 περιέχων
3532 4817 3737 4885 σαφῶς.

2176 4913 2250 4965 Οὐ
2277 4912 2562 4983 πρόκειται
2593 4914 2672 4974 είς
2700 4911 2901 4983 βρῶσιν
2920 4928 2934 4943 ·
2962 4912 3022 4963 οὐ
3048 4912 3156 4981 γάρ
3188 4912 3334 4963 ἔστιν
3366 4910 3697 4978 πρόσκαιρος
3719 4923 3734 4937 ·

2173 5005 2274 5057 οὐκ
2310 5005 2454 5057 ἐστιν
2490 5004 2736 5074 πενήτων
2789 5003 3004 5073 χρῆσις,
3048 5004 3183 5057 ἀλλά
3214 5003 3323 5055 τῶν
3366 5000 3737 5055 πλουτούντων

2173 5096 2232 5148 ὲν
2259 5094 2456 5163 γνώσει
2492 5096 2525 5163 ἠ
2557 5092 2863 5163 κατάληψις
2886 5110 2900 5124 ·
2926 5094 3101 5156 οὐδεὶς
3132 5092 3292 5146 αὑτὸν
3330 5092 3474 5161 ἔχειν
3515 5092 3738 5145 δύναται

2174 5186 2281 5239 τῶν
2330 5186 2560 5255 πτωχῶν
2595 5187 2651 5237 ὲν
2689 5187 2889 5256 ἀρετῇ·
2934 5184 3154 5237 τελείων
3192 5184 3248 5236 δὲ
3280 5184 3467 5253 κτῆμα
3504 5182 3731 5250 γίνεται.

2175 5277 2283 5331 Kal
2305 5278 2431 5345 μετ’
2460 5278 2633 5345 ὀλίγα
2652 5292 2665 5307 ·
2702 5276 2761 5330 '0
2794 5276 3139 5346 μαργαρίτης
3162 5276 3306 5338 λίθος
3336 5275 3482 5327 ἐστὶν
3516 5274 3579 5326 ὲκ
3610 5290 3738 5340 σαρ-

2174 5368 2286 5422 κῶν
2315 5368 2622 5437 γενόμενος,
2654 5368 2735 5421 ὅτι
2766 5370 2831 5421 ὲκ
2864 5368 2970 5420 τῶν
2998 5368 3233 5437 ὀστρέων
3267 5365 3611 5436 προέρχεται.
3644 5364 3735 5425 Τίς

2173 5457 2265 5514 οὖν
2316 5459 2390 5529 μὴ
2448 5458 2789 5512 πιστεύσειεν
2844 5461 2927 5512 ὅτι
2967 5460 3061 5513 καὶ
3089 5458 3220 5521 Θεὸς
3256 5459 3320 5510 ὲκ
3362 5456 3612 5525 σώματος
3641 5454 3737 5509 ἀν-

2175 5552 2390 5621 θρωπος
2447 5552 2800 5622 γεγέννηται;
2850 5554 3055 5604 ἐκεῖνον
3110 5551 3209 5619 οὐχ
3252 5551 3284 5619 ή
3331 5548 3588 5602 συνουσία
3632 5546 3737 5600 τῶν

2175 5645 2385 5713 κόγχων
2419 5644 2663 5714 συνιστᾷ,
2694 5642 2809 5696 ἀλλ’
2842 5645 2874 5713 ἡ
2905 5643 3005 5711 τῆς
3034 5641 3320 5711 ἀστραπῆς
3360 5643 3455 5693 καὶ
3481 5640 3575 5692 τοῦ
3606 5637 3737 5692 ὕδα-

2174 5753 2264 5799 τος
2304 5735 2637 5807 σύγκρασις·
2675 5734 2844 5796 οὕτως
2872 5735 2966 5787 καὶ
3003 5734 3032 5785 ὁ
3074 5732 3307 5803 Χριστὸς
3340 5730 3646 5800 συνελήφθη
3678 5731 3736 5781 ὲν

2174 5830 2241 5899 τῇ
2294 5826 2551 5898 Παρθένῳ
2600 5828 2663 5880 ἐκ
2693 5825 2788 5897 τῆς
2838 5826 3030 5897 ἡδονῆς
3064 5824 3157 5879 τοῦ
3202 5822 3357 5893 ἁγίου
3398 5820 3735 5893 Πνεύματος,
