4060 6554
490 388 631 453 1119

1194 388 1585 451 OPUSCUEA
1618 391 2245 456 SCRIPTURISTICA
2282 393 2632 457 INCERTAZ
2668 394 2977 454 ETATIS.

3589 393 3727 461 1120

490 504 636 555 niam
699 509 761 555 ut
802 498 1011 555 homini
1053 498 1234 555 adhuc
1267 502 1346 555 illi
1385 501 1763 570 adhmrebant;
1807 505 1926 559 ideo
1977 521 2055 561 re-

2163 505 2293 575 πρὸς
2333 507 2552 567 αὐτοὺς,
2586 504 2772 575 ἐπειδὴ
2811 504 2887 567 ὡς
2929 501 3198 573 ἀνθρώπῳ
3246 507 3530 576 προσεῖχον
3581 509 3730 579 αὐτῷ

491 594 759 661 spondent
792 610 804 649 :
839 591 959 645 Non
998 592 1244 645 habemus
1271 594 1373 646 nisi
1399 595 1624 663 quinque
1656 610 1814 662 panes
1844 606 1892 649 et
1926 597 2059 650 duos

488 688 673 753 pisces.

566 777 732 831 Vsus.
767 778 852 831 19.
895 775 1043 841 Haec,
1071 793 1235 846 super
1260 776 1447 832 fenum
1474 793 1666 834 omnes
1688 778 2056 844 discumbere,

492 881 546 924 et
588 884 814 924 securos
873 884 1017 931 esse,
1057 867 1204 938 quod
1255 869 1385 921 nihil
1423 869 1595 936 magis
1646 883 1844 935 panum
1877 878 1929 921 et
1975 869 2057 936 pi-

491 960 668 1015 scium
702 959 890 1014 datum
916 961 1040 1022 erit,
1077 970 1131 1015 et
1162 975 1436 1029 apponere
1471 960 1559 1012 illa
1597 960 1931 1021 communia,
1956 959 2059 1014 hu-

494 1054 802 1116 militatem,
837 1054 1223 1122 aequalitatem,
1266 1064 1322 1107 et
1366 1053 1773 1116 abstinentiam,
1805 1052 1907 1107 hoc
1939 1053 2059 1107 solo

493 1144 638 1213 quod
671 1145 850 1199 omnia
885 1154 1012 1199 sunt
1044 1144 1349 1199 communia
1385 1143 1702 1197 edocebant.

563 1236 673 1290 Cur
719 1237 931 1305 aspexit
983 1236 1035 1289 in
1068 1236 1266 1290 caelum
1314 1245 1366 1288 et
1413 1236 1723 1289 benedixit?
1772 1234 1842 1289 Ut
1878 1246 2063 1292 esten-

494 1327 647 1381 deret
694 1341 751 1381 se
779 1342 809 1379 a
849 1326 1006 1380 Patre
1039 1343 1181 1393 esse,
1228 1336 1275 1381 et
1327 1327 1392 1380 ad
1452 1344 1696 1381 mensam
1749 1329 2061 1385 accedendo

493 1429 749 1487 Oportere
781 1435 967 1488 preces
997 1429 1050 1473 et
1082 1420 1379 1490 gratiarum
1416 1422 1660 1475 actiones
1692 1422 1759 1475 ad
1790 1422 1938 1477 illum
1966 1426 2057 1494 qui

494 1522 677 1561 eseam
703 1509 906 1576 praebet
934 1509 1191 1577 dirigere.

564 1594 680 1649 Non
714 1597 842 1651 facit
880 1614 910 1652 e
952 1615 1060 1652 non
1095 1600 1513 1665 exsistentibus,
1552 1600 1645 1655 sed
1689 1616 1752 1655 ex
1790 1600 2061 1657 exsisten-

494 1687 641 1741 tibus
663 1690 915 1758 panibus,
963 1692 1257 1747 occludeus
1297 1691 1591 1746 Marcionis
1635 1702 1689 1746 et
1740 1693 2061 1749 Manichaee.

496 1797 617 1836 rum
665 1798 728 1839 os
766 1788 1093 1841 creationem
1139 1787 1213 1841 illi
1256 1789 1610 1842 abnuentium
1650 1806 1664 1842 :
1725 1791 1886 1844 simul
1933 1793 2060 1861 quia

2160 596 2271 648 ἔτι·
2316 595 2396 648 διὸ
2457 597 2551 648 καὶ
2604 595 2885 662 λέγουσιν·
2945 595 3067 649 Οὐκ
3102 594 3321 664 ἔχομεν
3349 598 3399 650 εί
3429 599 3515 667 μὴ
3551 598 3729 654 πέντε

2158 685 2375 753 ἄρτους
2405 685 2501 738 καὶ
2524 684 2632 737 δύο
2659 685 2886 751 ἰχθύας.

2231 776 2304 828 Τὸ
2345 776 2436 828 ἐπὶ
2493 775 2737 837 στιϐάδος
2800 776 2997 838 αὐτοὺς
3048 775 3353 839 ἀνακλῖναι,
3413 776 3599 830 καὶτὸ
3648 779 3728 841 είς

2160 867 2341 921 ἄδειαν
2371 862 2533 928 εἶναι,
2570 867 2736 937 μηδὲν
2769 867 2927 919 πλέον
2957 866 3137 935 ἄρτων
3165 866 3347 920 δοῦναι
3378 869 3473 921 καὶ
3501 870 3561 921 τὸ
3591 886 3727 940 προ-

2162 961 2331 1014 θεῖναι
2370 960 2510 1012 αὺτὰ
2564 959 2745 1022 κοινὰ,
2798 960 3301 1029 ταπεινοφροσύνην
3330 962 3421 1013 καὶ
3449 964 3507 1013 τὸ
3546 962 3727 1031 ὅμοιον

2161 1052 2255 1105 καὶ
2285 1052 2398 1105 ῐσον
2422 1053 2515 1104 καὶ
2544 1053 2886 1121 ἐγκράτειαν,
2912 1051 2987 1121 τῷ
3014 1052 3169 1105 κοινὰ
3193 1048 3331 1107 εἶναι
3364 1055 3542 1108 πάντα
3572 1051 3733 1108 irrat-

2159 1143 2329 1198 δευεν.

2231 1237 2387 1299 Τίνος
2420 1236 2578 1306 χάριν
2612 1236 2902 1307 ἀνέδλεψεν
2947 1238 3028 1300 είς
3064 1238 3158 1291 τὸν
3191 1238 3422 1309 οὐρανὸν
3454 1239 3547 1292 καὶ
3581 1239 3735 1291 εὐλό-

2162 1342 2329 1397 γησεν
2352 1350 2365 1395 ;
2392 1332 2505 1382 Ἵνα
2533 1329 2681 1401 δείξῃ
2710 1332 2791 1382 ὅτι
2824 1330 2931 1382 ἀπὸ
2956 1330 3050 1383 τοῦ
3078 1330 3287 1401 Πατρός
3311 1334 3497 1393 ἐστιν’
3530 1333 3623 1384 καὶ
3647 1334 3731 1385 ὅτι

2164 1419 2467 1488 ἁπτόμενος
2492 1421 2766 1490 τραπέζης
2798 1422 2901 1491 χρὴ
2937 1422 3355 1492 προσεύχεσθαι,
3378 1423 3456 1491 τῷ
3481 1423 3581 1493 τὴν
3602 1438 3733 1493 τρο-

2165 1509 2269 1578 φὴν
2296 1510 2585 1580 παρέχοντι
2608 1510 3072 1581 εὐχαριστοῦντες.

2235 1601 2308 1651 Οὐ
2344 1604 2488 1653 ποιεῖ
2512 1603 2573 1653 ὲκ
2604 1602 2677 1671 μὴ
2701 1603 2870 1655 ὄντων
2899 1603 3016 1655 ἀλλ’
3043 1603 3101 1667 ἐξ
3130 1602 3297 1657 ὄντων
3328 1604 3453 1666 τοὺς
3497 1604 3732 1673 ἄρτους,

2165 1691 2490 1762 ὲμφράττων
2516 1692 2575 1744 τὸ
2602 1694 2926 1764 Μαρκίωνος
2950 1696 3044 1747 καὶ¹
3072 1693 3389 1763 Μανιχαίων
3426 1694 3601 1763 στόμα
3621 1694 3733 1746 τῶν

2165 1782 2261 1852 τὴν
2308 1784 2484 1837 κτίσιν
2532 1784 2953 1854 ἀλλοτριούντων
2998 1783 3193 1838 αὐτοῦ’
3252 1786 3367 1854 ἅμα
3420 1786 3501 1838 ὅτι
3541 1785 3634 1837 καὶ
3663 1784 3734 1837 τὰ

496 1886 618 1943 quae
651 1876 901 1931 videntur
928 1893 1092 1947 opera
1120 1879 1266 1935 illius
1293 1889 1439 1945 sunt,
1467 1889 1522 1933 et
1556 1882 1667 1948 ipse
1686 1858 2056 1953 quiloquitur;

2164 1874 2416 1945 ὁρώμενα
2467 1875 2602 1944 ἔργα
2664 1876 2826 1929 αὑτοῦ
2878 1879 3059 1930 ἐστιν’
3110 1877 3202 1929 καὶ
3254 1877 3413 1940 αὐτὸς
3453 1879 3482 1930 ὀ
3532 1875 3731 1929 εἰπών’

496 1964 705 2019 Educet
732 1984 898 2036 aquas
923 1969 1220 2037 inferiores.

567 2055 733 2112 Vens.
768 2059 857 2114 20.
894 2059 1005 2114 Cur
1029 2061 1192 2129 jussit
1225 2078 1514 2132 superesse
1556 2080 1722 2133 panes
1769 2075 1822 2120 et
1858 2082 2058 2136 panum

494 2148 840 2219 fragmenta?
889 2150 965 2206 Ne
1020 2162 1305 2222 putaretur
1351 2157 1691 2223 phantasiam
1746 2174 1867 2213 esse
1916 2159 2061 2228 quod

496 2240 699 2293 factum
750 2252 890 2301 erat,
921 2243 1015 2297 sed
1061 2246 1380 2313 probaretur
1407 2262 1500 2315 per
1545 2249 1858 2316 superantia
1889 2259 1953 2309 et
1978 2249 2065 2304 die

493 2331 731 2385 crastino
757 2332 985 2388 videnda
1013 2344 1066 2388 et
1095 2337 1445 2404 comedenda,
1474 2337 1604 2391 illusl
1637 2353 1825 2393 rerum
1848 2354 1991 2395 esse.

570 2517 730 2571 Vens.
761 2517 849 2571 21.
882 2517 937 2571 In
974 2518 1189 2573 deserto
1219 2520 1348 2574 facit
1379 2536 1581 2589 panum
1616 2524 1961 2589 miraculum,
1996 2539 2064 2578 ne

496 2609 784 2662 videantur
802 2627 832 2664 e
863 2626 998 2680 pago
1024 2627 1190 2679 panes
1215 2615 1513 2673 sumpsisse
1536 2632 1549 2679 ;
1582 2626 1633 2667 et
1661 2617 1792 2669 hora
1818 2617 2063 2685 ejusdem

498 2716 661 2754 causa
694 2702 930 2756 indicata
961 2702 1061 2755 fuit
1093 2723 1106 2758 :
1141 2704 1272 2758 Sero
1299 2705 1410 2773 jam
1441 2715 1580 2767 erat,
1612 2706 1822 2761 dicunt.

568 2792 730 2848 Vens.
794 2794 884 2850 22.
927 2794 1053 2849 Post
1092 2796 1414 2849 miraculum
1477 2798 1764 2852 confestim
1812 2802 1862 2853 in
1914 2802 2064 2855 navi-

496 2882 680 2937 culam
733 2884 1002 2946 ascendit,
1055 2886 1257 2940 docens
1304 2902 1412 2939 non
1466 2888 1536 2941 ob
1568 2902 1779 2941 .vanam
1835 2890 2062 2960 gloriam

498 2976 685 3029 turbas
715 2976 931 3031 trahere
954 2986 1075 3046 post
1104 2992 1184 3039 se,
1216 2980 1338 3032 vani
1366 2979 1598 3033 nominis
1629 2982 1824 3047 gratia.

568 3065 797 3121 Tantum
836 3070 1103 3123 admirata
1152 3078 1235 3123 est
1264 3072 1448 3135 turba,
1489 3083 1551 3124 ut
1580 3088 1757 3141 regem
1794 3074 2067 3128 voluerint

2177 1966 2536 2037 ‘Elfarurérw
2564 1966 2635 2021 τὰ
2660 1968 2847 2021 ὕδατα
2875 1967 3111 2035 ἑρπετά.

2234 2059 2332 2111 Διὰ
2382 2059 2434 2111 τί
2477 2059 2757 2112 ἐκέλευσεν
2807 2059 3161 2131 περισσεῦσαι
3190 2059 3388 2131 ἄρτους
3427 2059 3520 2112 καὶ
3552 2060 3735 2129 ἄρτων

2164 2150 2480 2221 κλάσματας
2519 2151 2634 2204 Ἵνα
2684 2152 2758 2222 μὴ
2792 2154 3017 2222 νομισῡῇ
3063 2152 3333 2221 φαντασία
3379 2151 3438 2204 τὸ
3473 2150 3731 2219 γεγονὸς,

2165 2243 2279 2296 ἀλλ’
2326 2244 2555 2314 ἐλεγχθῇ
2608 2247 2671 2298 ὲκ
2722 2246 2829 2299 τῶν
2867 2247 3138 2315 περιττῶν
3183 2246 3276 2299 καὶ
3324 2246 3618 2315 ὁρωμένων
3652 2247 3735 2307 είς

2164 2337 2262 2405 τὴν
2319 2335 2506 2405 αὔριον
2563 2337 2658 2389 καὶ
2724 2338 3076 2407 ἐσθιομένων,
3149 2339 3233 2389 ὅτι
3283 2338 3510 2389 κάκεῖνα
3557 2334 3737 2404 ἀληθῆ

2162 2423 2325 2498 ἦσαν.

2245 2520 2342 2574 Ἐν
2385 2522 2577 2593 ἐρήμῳ
2625 2524 2768 2574 ποιεῖ
2814 2522 2874 2575 τὸ
2924 2522 3033 2575 τῶν
3081 2522 3261 2593 ἄρτων
3300 2521 3503 2591 θαῦμα,
3539 2522 3625 2573 ἵνα
3657 2520 3733 2590 μὴ

2164 2611 2385 2676 δόξωσιν
2432 2614 2537 2666 ἀπὸ
2585 2615 2777 2683 κώμης
2824 2613 3006 2667 λαϐεῖν
3043 2616 3274 2684 ἄρτους·
3326 2616 3419 2667 καὶ
3464 2614 3645 2684 ὴῶρα
3676 2613 3735 2666 δὲ

2164 2705 2253 2756 διὰ
2283 2704 2441 2757 τοῦτο
2474 2706 2735 2775 ἐδηλώθη.
2778 2707 2903 2775 Ὀψὲ
2930 2707 3035 2775 γὰρ
3064 2703 3152 2777 ἦν,
3183 2705 3367 2775 φησιν.

2234 2797 2390 2848 Μετὰ
2431 2798 2490 2849 τί)
2528 2796 2709 2865 θαῦμα
2749 2796 2907 2859 εὐθὺς
2936 2796 3182 2865 ἐμϐαίνει
3211 2798 3291 2858 εἰς
3319 2795 3378 2847 τὸ
3414 2793 3616 2857 πλοῖον,
3650 2792 3730 2845 δι·

2164 2886 2379 2941 δάσκων
2413 2888 2487 2958 μὴ
2523 2892 2586 2941 ὲκ
2630 2889 2939 2955 κενοδοξίας
2968 2888 3249 2958 ἐπισύρειν
3288 2887 3499 2957 ὄχλους,
3530 2885 3730 2955 ὀνόμα-

2164 2989 2253 3041 τος
2283 2979 2467 3033 ἕνεκεν
2500 2982 2677 3035 κενοῦ.

2236 3071 2499 3124 Τοσοῦτον
2529 3070 2837 3142 ἐθαύμασεν
2864 3072 2893 3124 ὀ
2923 3072 3096 3143 ὄχλος,
3130 3072 3213 3125 ὅτι
3244 3070 3337 3123 καὶ
3364 3068 3589 3138 βασιλέα
3618 3067 3733 3120 €0.13-

496 3158 649 3213 illum
701 3160 918 3227 facere;
970 3170 1208 3216 attamen
1270 3163 1323 3217 in
1381 3164 1503 3217 aliis
1545 3165 1825 3220 miraculis
1871 3166 2059 3221 nullibi

2167 3162 2336 3231 λησαν
2368 3164 2586 3231 ποιῆσαι
2625 3165 2813 3217 αὐτόν·
2849 3164 3024 3217 καίτοι
3052 3178 3114 3231 γε
3146 3163 3238 3215 ἐπὶ
3264 3162 3370 3215 τῶν
3402 3162 3580 3215 ἄλλων
3604 3161 3734 3213 Θαυ-

496 3251 639 3304 idem
670 3253 914 3323 conligit.

572 3342 735 3400 Vens.
766 3346 852 3399 21η.
888 3344 1070 3401 Primo
1112 3346 1279 3401 ﬂuctu
1301 3345 1521 3415 jactatis
1553 3347 1845 3401 auxiliatur
1876 3364 1903 3400 a
1942 3364 2065 3417 pro.

496 3437 705 3507 posito;
748 3452 873 3491 mox
918 3446 1097 3491 autem
1133 3438 1260 3491 sinit
1307 3437 1504 3505 jactari
1550 3438 1605 3491 in
1644 3438 1813 3492 maris
1862 3440 2060 3503 medio,

500 3530 772 3584 sustinere
799 3529 921 3583 illos
943 3528 1186 3584 docens:
1220 3545 1327 3582 non
1369 3529 1652 3583 confestim
1691 3538 1869 3582 autem
1912 3531 2066 3585 adve-

504 3622 602 3684 nit,
661 3637 922 3676 exercens
955 3637 1049 3677 eos
1083 3623 1148 3675 ad
1186 3622 1446 3693 majorem
1500 3622 1671 3691 ipsius
1705 3622 2061 3687 desiderium,

498 3720 553 3762 et
608 3724 836 3763 mouens
902 3724 970 3764 ne
1022 3711 1271 3783 celeriter
1326 3722 1643 3782 exspectent
1696 3712 2063 3783 periculorum

498 3800 900 3857 liberationem.
1078 3776 1109 3804 θ

578 3890 741 3947 Vens.
774 3892 864 3947 28.
899 3893 1008 3947 Cur
1047 3910 1155 3948 non
1181 3894 1315 3948 dixit
1344 3893 1555 3957 Petrus,
1585 3892 1721 3948 Jube
1754 3908 1841 3947 me
1872 3894 2065 3947 amba-

496 3982 610 4037 Iare
636 3998 798 4052 super
826 3999 1015 4052 aquas,
1058 3986 1173 4048 sed,
1208 3984 1343 4038 Jube
1373 4001 1453 4038 me
1488 3986 1557 4037 ad
1590 3998 1636 4037 te
1684 3985 1897 4038 ventre?
1926 3985 2065 4049 Quia

498 4075 650 4143 prius
680 4089 747 4129 ex
779 4076 1164 4141 ostentatione,
1197 4075 1471 4145 posterius
1518 4085 1699 4130 autem
1735 4090 1766 4130 e
1798 4074 2065 4130 charitate

495 4177 601 4222 CSI.

568 4259 733 4317 Vens.
785 4262 871 4316 '50.
925 4260 1036 4317 Cur
1081 4277 1203 4317 cum
1258 4260 1597 4332 permisisset
1633 4260 1816 4314 venire
1852 4259 1918 4313 ad
1970 4274 2061 4323 se,

499 4367 640 4421 aqua
698 4352 865 4422 mergi
904 4352 1143 4408 dimisit?
1177 4351 1253 4405 Eo
1287 4352 1431 4422 quod
1460 4352 1660 4406 ardens
1686 4361 1802 4405 erat
1829 4359 1883 4404 et
1910 4348 2066 4401 adni-

496 4452 637 4505 tens,
668 4460 772 4498 non
807 4444 1118 4513 prohibuit;
1146 4444 1238 4498 sed
1265 4444 1427 4497 rebus
1454 4443 1783 4511 persuadere
1810 4438 2062 4507 suscipit,

2171 3252 2357 3323 μάτων
2385 3254 2622 3322 οὐδαμοῦ
2650 3255 2807 3308 τοῦτο
2835 3258 3174 3325 ποιήσαντες.

2238 3346 2309 3397 Τὸ
2366 3346 2578 3415 πρῶτον
2630 3347 3111 3419 κλυδωνιζομένοις
3165 3348 3352 3419 βοηθεῖ
3400 3347 3459 3412 ἐξ
3488 3346 3733 3414 ἑτοίμου,

2164 3432 2290 3505 ἄρτι
2337 3434 2397 3489 δὲ
2449 3435 2513 3507 ἐᾷ
2563 3437 2984 3502 κλυδωνίζεσοαι
3050 3440 3213 3507 μέσον
3268 3438 3367 3505 τῆς
3419 3436 3735 3503 θαλάσσης,

2167 3528 2459 3598 ὑπομένειν
2498 3528 2763 3583 διδάσκων
2790 3528 3017 3593 αὐτούς’
3052 3530 3151 3583 οὐκ
3184 3528 3345 3591 εὐθὺς
3384 3528 3439 3579 δὲ
3472 3527 3736 3596 παρίστα-

2163 3632 2277 3677 ται,
2306 3618 2600 3687 γυμνάζων
2629 3619 2825 3681 αὐτοὺς
2859 3622 2937 3682 εἰς
2978 3618 3274 3687 ἐπιθυμίαν
3301 3617 3464 3670 αὐτοῦ
3491 3616 3731 3686 μείζονα,

2165 3710 2261 3762 καὶ
2286 3711 2552 3763 παιδεύων
2577 3710 2652 3782 μὴ
2679 3713 2886 3781 ταχέως
2909 3711 3060 3765 λύσιν
3082 3712 3359 3781 ἐπιζητεῖν
3390 3710 3495 3763 τῶν
3525 3708 3729 3771 δεινῶν.

2236 3896 2332 3947 Διὰ
2381 3896 2431 3947 τί
2478 3902 2577 3947 οὐκ
2618 3896 2773 3949 εἶπεν
2832 3896 3054 3966 Πέτρος,
3088 3894 3358 3947 Κέλευσόν
3391 3910 3479 3964 μοι
3518 3893 3734 3963 βαδίσαι

2164 3986 2257 4039 ἐπὶ
2302 3986 2371 4039 τὰ
2393 3987 2581 4047 ὕδατα,
2608 3988 2764 4050 ἀλλὰ,
2812 3987 3048 4041 Ἐνίθεῖν
3096 3988 3247 4053 πρὸς
3281 3986 3384 4049 σέ;
3425 3986 3645 4057 Ἐπειδὴ
3675 3987 3735 4040 τὸ

2167 4078 2269 4149 μὲν
2300 4079 2609 4144 ἐπιδείξεως
2638 4075 2726 4151 ἦν,
2757 4078 2913 4133 τοῦτο
2941 4080 3000 4132 δὲ
3035 4079 3270 4149 ἀγάπης.

2236 4284 2332 4320 Δια
2374 4282 2425 4317 τ.
2459 4266 2756 4336 ἐπιτρέψας
2807 4265 2978 4320 εΑΟεϊν
3016 4267 3149 4338 πρὸς
3182 4266 3362 4332 αὐτὸν,
3392 4265 3607 4334 ἀφῆκεν
3635 4283 3735 4317 κα-

2164 4360 2605 4423 ταποντίζεσθαις
2655 4357 2752 4411 Διὰ
2779 4357 2834 4411 δὲ
2863 4360 2970 4411 τῶν
3010 4358 3348 4428 πραγμάτων
3378 4356 3584 4411 πείθειν
3612 4360 3730 4409 ἐπι-

2168 4454 2342 4523 χειρεῖ
2366 4451 2440 4513 ὡς
2481 4452 2541 4504 οὐ
2569 4451 2793 4505 δυνατὸν
2822 4450 2993 4512 οὕτως
3027 4452 3176 4504 οὐδέν
3204 4452 3351 4505 ἐστιν
3382 4451 3442 4504 τὸ
3470 4445 3610 4504 εἶναι
3642 4452 3731 4519 ὲγο

495 4552 603 4590 non
635 4537 704 4589 ita
735 4536 991 4605 possibile
1017 4552 1137 4591 esse
1167 4550 1335 4605 prope
1362 4535 1638 4590 Christum
1671 4547 1814 4597 esse,
1843 4530 2060 4600 quando

2169 4544 2269 4613 γὺς
2295 4542 2387 4597 τοῦ
2416 4542 2650 4614 Χριστοῦ
2679 4544 2815 4596 ὅπου
2847 4542 2946 4596 οὐκ
2973 4542 3052 4596 ἔνι
3082 4543 3283 4606 πίστις.

495 4643 602 4682 non
638 4631 788 4683 adest
818 4627 970 4683 fides.

566 4719 732 4775 Vens.
766 4720 854 4773 51.
890 4718 1019 4784 Cur,
1046 4729 1334 4789 antequam
1358 4729 1544 4774 ventos
1574 4716 1808 4781 sedaret,
1840 4725 2060 4768 manum

490 4812 884 4882 apprehendit?
929 4811 998 4868 Ut
1030 4813 1342 4868 ostenderet
1386 4812 1536 4865 illum
1572 4826 1678 4864 non
1706 4825 1736 4863 a
1768 4805 2061 4875 tranquillo

490 4905 757 4959 salvatum
785 4918 928 4969 esse,
958 4904 1049 4958 sed
1080 4920 1107 4958 a
1142 4903 1358 4958 Christo
1386 4903 1527 4973 ipso.

561 4995 811 5053 Ostendit
865 4999 1011 5068 quod
1060 4995 1174 5052 Nisi
1235 5012 1342 5050 non
1401 4995 1727 5050 credidisses
1778 4995 2054 5061 dubitans,

492 5102 600 5142 non
627 5102 848 5145 eversus
880 5103 1031 5144 esses
1058 5104 1072 5142 :
1115 5087 1237 5142 ideo
1267 5096 1425 5142 vento
1456 5084 1639 5151 ﬂante,
1679 5087 1829 5141 illum
1860 5101 2057 5157 apprc-

492 5179 682 5235 hendit
709 5191 762 5237 et
789 5181 1070 5236 ambulare
1096 5177 1243 5236 fecit.

1084 5324 1308 5381 CAPUT
1344 5324 1461 5382 XV.

562 5454 729 5511 Vens.
763 5456 813 5511 1.
844 5454 1023 5521 Quare
1057 5454 1205 5508 illum
1233 5454 1581 5525 alloquuntur
1608 5454 1813 5510 Scriba?
1837 5464 1889 5510 et
1914 5453 2056 5509 Phao

490 5550 634 5607 risaei
666 5550 735 5604 ab
767 5547 1197 5619 Hierosolymis?
1219 5548 1298 5603 Ad
1331 5549 1465 5602 iram
1497 5548 1646 5603 illum
1682 5550 1920 5604 excitare
1955 5565 2054 5603 vo-

491 5639 685 5703 lentes,
726 5638 853 5695 utsi
903 5639 1149 5695 seniores
1189 5640 1594 5709 contempserit,
1641 5640 1792 5693 illum
1827 5655 2052 5696 accusa-

491 5741 633 5787 rent.

565 5824 725 5879 Vens.
758 5824 811 5879 2.
852 5823 963 5881 Cur
996 5826 1396 5883 manducabant
1435 5825 1597 5882 illotis
1631 5824 1877 5880 manibus
1913 5840 2042 5893 apo«

2234 4728 2333 4782 Διὰ
2357 4729 2409 4782 τί
2437 4729 2564 4799 πρὶν
2598 4728 2720 4791 τοὺς
2746 4727 2978 4798 ἀνέμους
3008 4728 3234 4793 παῦσαι,
3267 4728 3364 4798 τῆς
3392 4726 3575 4797 χειρὸς
3606 4727 3727 4781 ἐλά-

2162 4819 2317 4887 ϐετος
2379 4822 2493 4874 Ἵνα
2536 4822 2683 4893 δείξῃ
2735 4823 2817 4875 ὅτι
2860 4824 2958 4892 οὐχ
3008 4823 3038 4890 ἡ
3098 4820 3305 4891 γαλήνη
3356 4822 3578 4880 ἔσωσεν,
3614 4819 3727 4874 ἀλλ’

2161 4914 2343 4976 αὐτός.

2231 5005 2507 5057 Δείκνυσιν
2550 5003 2627 5067 ὡς
2669 5006 2752 5058 ὅτι
2779 5007 2827 5058 εἰ
2883 5006 2955 5075 μὴ
3003 5004 3312 5074 ἠπίστησας
3359 5003 3636 5067 διστάσας,
3666 5004 3728 5055 οὐ

2160 5096 2533 5168 περιετράπης
2560 5096 2652 5149 ἄν’
2678 5096 2767 5149 διὰ
2794 5095 2951 5149 τοῦτο
2981 5096 3076 5149 καὶ
3098 5096 3191 5149 τοῦ
3219 5096 3423 5166 ἀνέμου
3455 5096 3727 5161 πνέοντος,

2159 5186 2453 5240 ἐπελάϐετο
2485 5186 2650 5240 αὐτοῦ
2681 5188 2774 5240 καὶ
2804 5189 3028 5257 ἐποίησε
3058 5188 3397 5242 περιπατεῖν.

2749 5333 2794 5386 Κ
2806 5333 2998 5385 ΕΦᾹΛ.
3039 5331 3116 5385 IE'

2228 5458 2384 5521 Τίνος
2414 5458 2597 5509 ἕνεκεν
2632 5456 2970 5524 διαλέγονται
3005 5456 3153 5526 αὑτῴ
3184 5456 3234 5508 οἱ
3282 5456 3388 5507 ἀπὸ
3434 5453 3727 5527 Ἱεροσολύ-

2160 5566 2276 5622 μων
2308 5549 2658 5621 Γραμματεῖς
2705 5549 2800 5602 καὶ
2848 5550 3166 5618 Φαρισαῖοις
3223 5548 3317 5610 Εἰς
3359 5548 3529 5619 ὀργὴν
3564 5548 3729 5601 αὑτὸν

2158 5641 2379 5711 κινῆσαι
2411 5640 2738 5711 βουλόμενοι,
2776 5641 2863 5692 ἴνα
2885 5640 3041 5711 εἴπερ
3067 5639 3411 5704 ὲξουδενὼσει
3441 5641 3568 5702 τοὺς
3593 5656 3726 5711 πρε-

2160 5730 2451 5801 σϐυτέρους
2472 5771 2486 5793 ,
2525 5732 2973 5801 κατηγορήσωσιν
3008 5729 3174 5783 αὐτοῦ

2232 5824 2327 5878 Διὰ
2354 5824 2406 5877 τί
2438 5824 2621 5893 ἤσθιον
2672 5823 2915 5886 ἀνίπτοις
2964 5824 3150 5894 χερσὶν
3180 5826 3225 5876 οἱ
3264 5822 3576 5889 ἀπόστολοε;
3611 5822 3724 5875 Οὐκ
