4026 6578
304 404 436 472 1121

1288 407 1609 467 SCHOLIA
1647 409 1943 468 VETERA
1987 410 2069 470 IN
2109 411 2573 474 ΜΛἸὝΠᾹΞΠΜ.

3405 420 3546 485 “22

299 518 707 591 ἐπιτηδεύοντες
758 519 852 571 καί
890 518 965 581 ὡς
1018 520 1182 588 νόμον
1238 518 1453 589 ἔχοντες
1496 520 1675 585 τοῦτο,
1729 521 1865 574 ἀλλὰ

1971 523 2135 576 stoli?
2168 522 2279 576 Non
2309 523 2672 579 observabant
2701 541 2876 596 neque
2905 540 2963 584 ut
3000 530 3170 601 legem
3203 531 3345 586 istud
3377 533 3546 591 habeo

301 612 645 683 παρορῶντες
671 627 684 641 ’
718 610 843 664 οὔτε
886 611 946 664 τὸ
981 610 1055 682 μὴ
1081 612 1367 667 νίπτεσθαί
1398 630 1451 666 τι
1486 613 1719 683 ἔχοντες,
1749 613 1868 666 ἀλλ’

298 706 373 767 ὥς
400 704 608 772 ἔτυχεν,
641 703 900 772 ἑκάτερον
933 703 1215 769 ποιοῦντες

379 905 436 957 Ὀ
473 903 707 973 Χριστος
734 904 793 957 ού
824 904 969 972 λέγει
1004 904 1084 957 ὅτι
1120 904 1299 967 καλῶς
1334 905 1576 957 ποιοῦσιν
1602 904 1633 975 ἢ
1658 904 1863 967 κακῶς·

296 996 453 1049 τοῦτο
490 996 588 1065 μὲν
614 997 698 1048 ἵνα
735 999 809 1064 μὴ
843 997 967 1058 τοὺς
1011 996 1338 1060 ἀποστόλους
1360 998 1420 1048 τὸ
1451 996 1672 1049 ἄνιπτον
1703 1014 1862 1066 νομο-

298 1089 498 1157 θετήσῃ
532 1088 623 1140 καὶ
670 1087 888 1155 θρασεῖς
941 1089 1175 1158 ποιήσῃο
1237 1088 1396 1142 τοῦτο
1444 1089 1498 1142 δὲ
1540 1089 1626 1141 ἵνα
1663 1088 1737 1159 μὴ
1781 1090 1868 1142 τὸν

296 1178 404 1229 τῶν
432 1176 813 1247 πρεσόυτὲρων
841 1177 1003 1247 νόμον
1038 1178 1331 1249 βεϐαιώσῃ,
1365 1181 1490 1241 τοὺς
1525 1180 1867 1250 βαπτισμοὺς

294 1265 440 1337 λέγω
486 1270 577 1321 καὶ
610 1270 707 1333 τὰς
738 1270 944 1339 νίιῖμεις⁸
981 1272 1098 1323 οὐδὲ
1145 1275 1441 1342 κατηγορεῖ
1488 1273 1593 1325 τῶν
1633 1273 1870 1344 πρεσϐυ-

296 1362 469 1430 τέρων
490 1360 562 1422 ὡς
588 1360 939 1430 πκρανόμων,
966 1361 1078 1413 ἀλλ’
1100 1361 1184 1430 ἐφ’
1213 1360 1296 1413 ἓτε
1307 1378 1396 1433 ρον
1419 1360 1678 1436 ἐρώτημα
1705 1381 1870 1434 μετα-

295 1454 496 1506 ϐαίνει.

370 1546 434 1596 Τί
478 1547 641 1607 ἐστιν,
708 1547 810 1611 Ὃς
854 1545 930 1597 ἂν
983 1545 1120 1611 εἴπῃ
1149 1544 1225 1609 τῷ
1262 1546 1436 1612 πατρὶ
1472 1545 1509 1614 ἢ
1558 1544 1631 1613 τῇ
1655 1548 1861 1616 μητρὶ,

306 1636 501 1704 Δῶρον
528 1637 558 1690 ὃ
604 1638 680 1691 ἂν
728 1639 797 1702 ἐξ
848 1639 992 1707 ἐμοῦ
1043 1638 1376 1707 ὠφεληθῇς,
1425 1641 1496 1692 οὐ
1528 1643 1613 1708 μὴ
1649 1641 1867 1708 τιμήσῃ

297 1730 402 1783 τὸν
430 1730 652 1797 πατέρα
684 1731 869 1783 αὐτοῦ
896 1731 931 1798 ἢ
967 1730 1082 1797 τὴν
1110 1731 1332 1798 μητέρα
1363 1730 1588 1788 (terei);
1617 1730 1868 1784 Τοιοῦτόν

298 1820 478 1872 ἐστιν·
528 1822 881 1873 Ἐπαίδευσαν
929 1821 1055 1884 τοὺς
1094 1821 1247 1884 νέους
1298 1821 1578 1884 εὐσεϐείας
1628 1825 1865 1894 σχήματι

295 1928 438 1964 κατα
450 1913 661 1980 φρονεῖν
698 1911 804 1962 τῶν
848 1911 1047 1977 γονέων
1073 1926 1085 1938 ⁸
1122 1907 1231 1962 οἷον
1263 1910 1417 1973 εἴτις
1445 1908 1596 1965 εἶπεν
1625 1914 1701 1983 τῷ
1727 1914 1826 1983 υἱῷ
1847 1956 1860 1978 ,

298 2004 394 2065 Δός
447 2020 534 2072 μοι
582 2002 642 2054 τὸ
671 2002 938 2075 πρόϐατον
965 2002 1125 2055 τοῦτο
1152 2002 1179 2054 ὃ
1210 2002 1374 2072 ἔχεις,
1403 2003 1434 2072 ἢ
1464 2004 1554 2056 τδν
1590 2008 1804 2075 μόσχον,
1832 2005 1862 2077 ἢ

296 2096 424 2149 ἄλλο
455 2113 529 2157 τι,
556 2095 738 2161 ἔλεγεν
770 2095 906 2163 πρὸς
937 2094 1025 2146 τὸν
1048 2095 1260 2164 πατέρα
1281 2096 1307 2146 ὁ
1333 2094 1443 2155 υἱός
1465 2111 1480 2127 ο
1516 2096 1695 2165 Δῶρόν
1721 2097 1865 2148 ἐστιν

295 2184 373 2255 τῷ
405 2185 520 2255 Θεῷ
565 2184 719 2237 τοῦτο
748 2184 775 2238 ὃ
821 2184 992 2247 θέλεις
1026 2185 1082 2251 ἐξ
1114 2184 1245 2254 ἐμοῦ
1280 2184 1651 2254 ὠφεληθῆναι,
1686 2186 1775 2238 καὶ
1803 2186 1863 2237 οὐ

296 2275 529 2346 δύναμαι
558 2274 737 2329 δοῦναί
766 2293 847 2328 σοι
870 2276 1002 2329 αὐτό
1022 2291 1035 2305 '
1071 2275 1165 2327 καὶ
1193 2274 1409 2327 διπλοῦν
1438 2276 1643 2343 ἐγίνετο
1675 2276 1864 2328 κακόν·

297 2369 420 2421 οὔτε
454 2370 559 2439 γὰρ
608 2368 685 2440 τῷ
727 2368 845 2439 Θεῷ
901 2370 1197 2438 προσῆγον,
1254 2369 1345 2420 καὶ
1394 2370 1517 2431 τοὺς
1550 2370 1740 2436 γονέας
1770 2369 1865 2421 τοῦ

297 2459 627 2529 ζητουμένου
651 2461 874 2530 ὀνόματι
903 2462 1001 2530 τῆς
1036 2461 1349 2532 προσφορᾶς
1383 2463 1739 2530 ἀπεστέρουν,
1775 2460 1866 2515 ἄλ-

296 2555 387 2607 λον
415 2556 478 2607 δι’
513 2555 672 2609 ἄλλου
723 2555 1056 2625 ὑϐρίζοντες,
1102 2556 1233 2607 Θεὸν
1285 2556 1372 2607 διὰ
1412 2560 1605 2625 γονεῖς,
1642 2558 1735 2608 καὶ
1776 2574 1868 2624 γο-

296 2650 408 2710 νεῖς
456 2646 540 2700 διὰ
589 2647 754 2700 Θεόν·
801 2647 969 2709 οὔτως
1018 2646 1281 2717 ἐντρέψας
1316 2649 1541 2712 αὐτοὺς,
1604 2648 1738 2719 πρὸς
1775 2650 1865 2703 τὶν

299 2741 455 2811 ὄχλον
489 2742 723 2793 ποιεῖται
754 2741 844 2791 τὸν
878 2740 1057 2806 λόγον.

369 2832 467 2884 Διά
516 2831 564 2883 τί
595 2831 703 2883 τῶν
732 2831 1046 2884 ἀποστόλων
1094 2830 1356 2883 εἰπόντων
1386 2832 1465 2883 ὅτι
1508 2832 1554 2883 οἱ
1586 2833 1866 2901 Φαρισαῖοι

298 2922 817 2991 ἐσκανδαλίσθησαν,
849 2919 1003 2975 εἶπεν
1033 2924 1213 2985 αὐτὸς,
1250 2924 1454 2991 Ἅφετε
1484 2924 1736 2987 αὐτούς·
1768 2926 1864 2978 ἀλ-

298 3014 463 3085 λαχοῦ
509 3015 565 3068 δὲ
614 3016 860 3083 φαίνεται
914 3015 1101 3067 εἰπών·
1137 3016 1270 3068 Ἵνα
1303 3014 1370 3066 δὲ
1409 3013 1493 3082 μὴ
1536 3015 1867 3070 σκανδαλί-

299 3121 500 3174 σωμεν
527 3105 785 3171 αὐτοὺς;
825 3105 951 3156 "Uti.
996 3105 1109 3157 ἔστι
1140 3105 1329 3176 καιρός
1352 3121 1366 3134 ·
1401 3104 1491 3156 καὶ
1526 3102 1663 3157 οἶδεν
1706 3108 1869 3170 αὐτὸς

1972 617 2122 680 bant,
2160 615 2252 669 sed
2295 631 2485 685 parum
2518 619 2823 684 curabant;
2868 637 3040 691 neque
3066 640 3171 678 non
3229 625 3392 679 lavari
3437 624 3540 678 ali-

1970 706 2100 776 quid
2150 707 2450 774 habebant,
2501 710 2593 765 sed
2624 721 2684 766 ut
2733 713 3078 785 contingebat
3127 725 3417 787 utrumque
3457 716 3538 770 fa-

1971 800 2205 855 ciebant.

2046 908 2205 965 Vens.
2246 911 2298 965 5.
2343 911 2591 969 Christus
2640 928 2748 968 non
2792 912 2923 969 dicit
2960 927 3055 969 eos
3104 915 3240 970 bene
3272 925 3363 971 aut
3394 918 3534 971 male

1971 1015 2161 1069 agere;
2194 1001 2342 1070 prius
2373 1004 2612 1071 quidem,
2648 1019 2713 1057 ne
2742 1004 3003 1074 apostolis
3035 1006 3203 1073 legem
3237 1007 3397 1062 faciat
3427 1025 3535 1061 non

1972 1089 2138 1143 lavari
2188 1100 2238 1146 et
2273 1093 2504 1149 audaces
2548 1095 2772 1162 elﬁciat;
2819 1099 3090 1167 posterius
3124 1107 3326 1162 autem,
3363 1115 3429 1153 ne
3456 1116 3542 1153 se-

1971 1184 2187 1236 niorum
2237 1185 2407 1256 legem
2458 1190 2764 1253 conﬁrmet,
2812 1191 3118 1247 ablutiones
3154 1192 3276 1246 dico
3306 1200 3358 1246 et
3393 1193 3543 1247 lava-

1973 1273 2166 1327 tiones.
2212 1275 2325 1329 Non
2376 1287 2597 1333 accusat
2651 1281 2895 1337 seniores
2946 1290 3007 1335 ut
3050 1283 3183 1353 legis
3226 1283 3541 1349 violatores,

1970 1366 2065 1419 sed
2092 1366 2157 1419 ad
2189 1367 2346 1421 aliam
2381 1370 2860 1438 interrogationem
2890 1375 3103 1431 transit.

2045 1550 2206 1605 Vens.
2243 1552 2296 1605 5.
2335 1554 2471 1618 Quid
2503 1564 2585 1609 est
2617 1555 2783 1623 illud,
2825 1556 3128 1629 Quicunque
3166 1558 3359 1612 dixerit
3402 1562 3544 1628 patri

1970 1652 2057 1691 aut
2083 1641 2242 1692 matri
2275 1657 2293 1695 :
2325 1640 2515 1694 Munus
2561 1644 2699 1711 quod
2731 1654 2806 1697 est
2843 1660 2905 1697 ex
2936 1661 3034 1707 me,
3074 1646 3166 1698 tibi
3195 1647 3459 1714 proderit;
3491 1657 3541 1699 et

1973 1744 2075 1779 non
2130 1728 2497 1796 Itonoriﬁcabit
2542 1742 2738 1797 patrem
2784 1748 2932 1783 suam
2975 1742 3066 1785 aut
3104 1745 3319 1785 matrem
3350 1734 3543 1786 suam?

1970 1819 2047 1872 lta
2082 1819 2441 1889 intelligitur:
2486 1821 2825 1877 lnstrnebant
2853 1823 3077 1893 juvenes
3111 1826 3326 1894 pietatis
3365 1827 3543 1894 Specie

1968 1921 2317 1966 contemnere
2366 1922 2647 1981 parentes;
2682 1913 2752 1966 ita
2794 1924 2871 1978 ut,
2902 1916 2946 1968 si
2971 1917 3093 1985 quis
3143 1916 3346 1971 diceret
3386 1918 3538 1971 lilio:

1966 2000 2041 2053 Da
2076 2004 2206 2055 mihi
2249 2004 2387 2057 bane
2432 2019 2586 2057 ovem
2621 2020 2783 2073 quam
2832 2006 2997 2059 habes
3050 2015 3142 2060 aut
3174 2006 3398 2060 vitulam
3447 2017 3541 2061 aut

1967 2091 2113 2144 aliud
2147 2093 2297 2161 quid,
2333 2093 2683 2161 responderet
2715 2096 2852 2163 patri
2885 2096 3050 2149 ﬁlius:
3092 2095 3287 2151 Munus
3317 2104 3399 2150 est
3432 2095 3539 2149 Deo

1968 2182 2098 2237 illud
2134 2184 2278 2251 quod
2318 2185 2396 2236 vis
2429 2192 2486 2237 ut
2522 2200 2585 2238 ex
2620 2201 2704 2238 me
2746 2187 2841 2239 tibi
2875 2188 3062 2255 prosit,
3094 2195 3147 2242 et
3178 2204 3279 2242 non
3314 2204 3535 2257 possunt

1968 2273 2100 2327 illud
2130 2275 2261 2327 dare
2292 2275 2415 2341 tibi;
2450 2285 2501 2329 et
2534 2275 2729 2345 duplex
2769 2277 2972 2330 malum
3003 2288 3185 2347 ageret
3214 2299 3228 2332 :
3270 2295 3393 2333 nam
3428 2296 3535 2333 non

1969 2363 2077 2417 Deo
2106 2365 2427 2430 oﬂerebant,
2452 2377 2502 2421 et
2533 2377 2782 2436 parentes
2815 2370 3087 2436 postulato
3126 2370 3414 2424 oblationis
3440 2388 3540 2425 ne-

1966 2453 2113 2506 mine
2140 2455 2445 2523 privabant,
2473 2473 2639 2509 unum
2670 2473 2763 2527 per
2786 2458 2949 2511 alium
2982 2458 3337 2523 oﬂendentes,
3372 2459 3535 2512 Deum

1967 2563 2061 2618 per
2100 2558 2376 2619 parentes,
2408 2559 2461 2603 et
2512 2559 2765 2619 parentes
2800 2566 2894 2620 per
2926 2550 3117 2606 Deum.
3152 2550 3243 2608 Sic
3287 2552 3539 2623 linquens

1967 2654 2079 2705 eos,
2108 2644 2173 2693 ad
2209 2640 2419 2693 turbam
2452 2655 2763 2695 sermonem
2795 2640 3000 2712 dirigit.

2040 2818 2203 2874 Vens.
2244 2820 2331 2874 12.
2372 2820 2480 2874 Cur
2516 2822 2776 2889 apostolis
2827 2823 3131 2879 dicentibus
3167 2830 3307 2895 quod
3347 2829 3537 2886 Phart~

1967 2910 2059 2963 seei
2092 2910 2440 2963 scamlalizati
2477 2912 2607 2973 sint,
2644 2913 2817 2979 inquit
2850 2913 2937 2967 ille
2970 2932 2981 2967 :
3022 2913 3187 2968 Sinite
3222 2918 3375 2982 illos;
3406 2921 3536 2976 alibi

1969 3012 2149 3054 autem
2198 3002 2471 3055 invenitur
2520 3002 2708 3056 dicens
2760 3022 2772 3057 :
2830 3002 2911 3056 Ne
2941 3004 3058 3058 illos
3083 3010 3538 3067 scandalizemus?

1969 3092 2104 3157 Quia
2150 3102 2527 3163 opportumtas
2580 3095 2841 3164 postulat,
2893 3109 2946 3150 et
2991 3099 3093 3151 scit
3126 3099 3213 3154 ille
3258 3118 3536 3172 nunquam

301 3198 430 3253 πότε
487 3197 560 3270 μὴ
601 3200 992 3269 καταφρονεῖν
1029 3198 1132 3269 χρὴ
1182 3198 1363 3270 μέντοι
1407 3199 1556 3269 ὀρᾷν.
1604 3198 1698 3252 καὶ
1741 3200 1866 3252 ὅταν

1971 3196 2335 3241 contemnere.
2375 3185 2597 3257 Oportet
2635 3198 2811 3243 tamen
2851 3191 3055 3257 videre,
3100 3197 3393 3263 etquando
3427 3214 3537 3249 me-

301 3288 533 3355 εὺλόγως
567 3289 1060 3351 σκανδαλίζωνται,
1107 3291 1313 3359 ταχέως
1355 3290 1550 3351 αὐτοὺς
1584 3289 1864 3358 διορθοῦν·

299 3382 427 3433 ὅταν
456 3380 511 3432 δὲ
538 3380 766 3448 ἀλόγως,
802 3383 882 3442 εἰς
910 3378 1060 3431 οὐδὲν
1090 3379 1248 3431 τοῦτο
1273 3379 1604 3447 λογίζεσθαι.

370 3488 467 3541 Διὰ
494 3488 544 3543 τί
570 3490 649 3551 εἰς
692 3489 807 3540 ὁδὸν
842 3486 1009 3541 ἐθνῶν
1048 3487 1170 3551 τοὺς
1200 3488 1448 3557 μαθητὰς
1488 3489 1562 3558 μὴ
1592 3486 1865 3553 ἀπελθεῖν,

299 3584 460 3646 αὐτὸς
526 3585 775 3652 φαίνεται
815 3586 893 3646 εἰς
932 3584 999 3637 τὰ
1066 3584 1205 3653 μέρη
1258 3582 1435 3652 Τύρου
1494 3585 1586 3636 καὶ
1634 3584 1860 3648 Σιδῶνος

299 3673 504 3739 ἑλθών;
544 3673 641 3726 Διὰ
658 3674 783 3736 τοὺς
831 3673 1115 3736 Ἰουδαίους
1149 3673 1495 3742 διδαχθέντας
1526 3677 1617 3728 καὶ
1652 3676 1726 3745 μὴ
1776 3694 1870 3729 πε-

301 3765 678 3831 πιστευκότας,
707 3768 818 3824 τοῖς
859 3765 1065 3819 ἔθνεσιν
1090 3765 1296 3833 ἀνοῖξαι
1325 3765 1492 3837 θύραν
1513 3766 1615 3839 ὀδῷ
1642 3769 1866 3838 προϐαί-

301 3876 433 3911 νων.

372 3952 527 4014 Τίνος
543 3951 726 4003 ἕνεκεν
741 3949 932 4013 εἰπὼν,
949 3951 1253 4021 κραζούσης
1269 3952 1361 4020 τῆς
1379 3950 1709 4012 Χαναναίας,
1727 3950 1871 4020 πρῶο

298 4060 390 4096 τον
411 4042 510 4112 μὲν
539 4043 635 4096 οὐκ
657 4043 1076 4113 απεκρίθηαύτῇ
1091 4043 1267 4109 λόγον,
1288 4044 1373 4095 ὅτε
1391 4044 1443 4096 δὲ
1459 4043 1550 4097 καὶ
1572 4044 1865 4111 ἀπεκρίθη.

298 4134 504 4202 ἄπορόν
546 4151 599 4185 τι
646 4133 916 4204 ἀπεκρίθη
963 4134 1130 4203 auri];
1163 4134 1260 4186 Διὰ
1294 4136 1388 4203 τῆς
1430 4134 1586 4201 σιγῆς
1619 4136 1711 4186 καὶ
1760 4134 1869 4185 τῶν

299 4225 555 4277 τοιούτων
618 4223 790 4292 λόγων
840 4223 1186 4277 ἐκκαλεῖσθαι
1230 4226 1323 4277 καὶ
1378 4224 1546 4289 δεῖξαι
1622 4225 1699 4294 τῷ
1756 4223 1870 4294 λαῷ

296 4318 358 4368 τὸ
405 4315 682 4386 πρόθυμον
730 4316 898 4385 αὐτῆς
928 4315 1227 4388 βουληθεὶς,
1255 4315 1328 4379 ὡς
1362 4315 1750 4386 προγινώσκων
1781 4315 1869 4368 τὸν

298 4409 499 4477 θερμὸν
525 4408 694 4477 θυμόν
715 4408 903 4477 αὐτῆς.

372 4504 469 4557 Διὰ
520 4504 592 4568 τί,
637 4502 942 4575 κραζούσης
974 4502 1166 4571 αὐτῆς,
1201 4503 1246 4555 οἱ
1279 4501 1565 4555 ἀπόστολοι
1594 4502 1864 4566 εἰπόντες,

310 4596 657 4649 Ἀπόλυσον
700 4594 916 4661 αὐτὴν,
966 4595 1065 4664 οὐχ
1115 4593 1555 4663 ύπηκούσθησαν,
1610 4595 1726 4647 ἀλλ’
1778 4595 1865 4649 ὅτε

298 4686 437 4757 αὑτὴ
470 4687 639 4739 πολλά
681 4686 909 4755 ὲδεὴθη;
940 4687 1063 4740 "Ott
1105 4686 1349 4756 βούλεται
1380 4689 1504 4749 τοὺς
1535 4686 1868 4751 ὑπευθύνους

298 4776 500 4839 αὐτοὺς
540 4776 679 4848 ὑπὲρ
710 4776 912 4840 αὐτῶν,
947 4775 1062 4828 ἀλλ’
1100 4776 1197 4845 οὐχ
1243 4776 1460 4845 ἐτέρους
1496 4776 1698 4844 μᾶλλον
1729 4776 1866 4844 ὑπὲρ

297 4869 524 4924 ἐκείνων
553 4869 787 4923 δέεσθαι.

370 4978 470 5031 Διὰ
498 4977 550 5030 τί
578 4980 642 5048 τῇ
678 4978 775 5047 μὲν
810 4978 1093 5049 Χαναναία
1138 4977 1417 5049 κραζούσῃ
1450 4978 1600 5046 μόλις
1626 4978 1871 5048 ὑπήκου-

298 5087 413 5134 σεν,
461 5074 573 5133 τοῖς
600 5071 655 5123 δὲ
704 5069 1016 5123 ἀνελθοῦσιν
1042 5071 1121 5132 εἰς
1163 5070 1225 5122 τὸ
1259 5070 1384 5139 ὅρος
1416 5069 1616 5131 εὐθέως
1648 5069 1722 5138 μὴ
1750 5069 1870 5139 δεη-

260 5206 269 5210 -
298 5160 502 5225 θεῖσιν;
541 5159 651 5229 Οὐχ
694 5159 775 5214 ὃτι
812 5158 1103 5229 κρείσσονα
1131 5158 1311 5213 πίστιν
1336 5156 1501 5229 εἶχον,
1524 5158 1638 5211 ἀλλ’
1668 5159 1753 5211 ἵνα
1782 5160 1870 5212 ὲκ-

297 5249 441 5323 κόψῃ
464 5255 560 5321 τὴν
603 5252 873 5319 πρόφασιν
891 5267 904 5281 ’
950 5250 1058 5320 ὅσῳ
1087 5252 1195 5321 γὰρ
1223 5251 1286 5305 ἄν
1321 5269 1406 5313 τις
1440 5251 1623 5321 μεῖξον
1646 5250 1867 5320 εὐεργε-

296 5341 461 5411 τῆται
513 5340 767 5398 τοσοῦτον
821 5341 1145 5407 ὑπεύθυνος,
1207 5341 1281 5412 μὴ
1331 5341 1562 5413 θελήσας
1615 5341 1868 5409 γενέσθαι

300 5435 525 5505 βελτίων
557 5436 615 5487 ὲα
627 5435 772 5488 υτοῦ.

374 5544 440 5595 Τί
497 5543 693 5613 δήποτε
753 5545 954 5615 ἀρτίως
1012 5544 1113 5596 οὐκ
1165 5537 1337 5603 εἷπον.
1403 5541 1695 5595 Ἀπόλυσον
1745 5540 1870 5603 τοὺς

302 5637 509 5708 όχλους,
543 5637 591 5689 οἱ
624 5636 935 5697 ἀπόστολοι,
968 5635 1259 5690 καὶταῦτα
1288 5634 1454 5707 τριῶν
1484 5634 1869 5704 παρελθουσῶν

302 5730 556 5801 ἡμερῶνς
596 5729 813 5800 Ἐπειδὴ
852 5732 916 5781 ὲκ
960 5730 1067 5782 τῶν
1106 5729 1386 5798 προτέρων
1415 5728 1594 5795 ἄρτων
1640 5728 1733 5777 καὶ
1774 5723 1869 5779 τοῦ

301 5821 511 5877 ἐκεῖθεν
551 5822 826 5893 θαύματος
868 5822 1104 5892 βελτίους
1137 5822 1403 5889 ἐγένοντο,
1439 5820 1527 5874 διὰ
1558 5818 1717 5873 τοῦτο
1750 5818 1870 5872 οὐδὲ

1972 3277 2074 3328 rite
2117 3278 2571 3345 scandalizentur,
2605 3279 2853 3334 celeriter
2893 3296 2985 3337 eos
3028 3284 3283 3351 relevare,
3318 3289 3536 3355 quando

1970 3376 2147 3421 autem
2176 3368 2467 3432 immerito,
2505 3384 2599 3440 pro
2630 3371 2800 3423 nihilo
2831 3372 2880 3425 id
2914 3383 3181 3444 reputare.

2043 3476 2206 3533 Vens.
2241 3479 2329 3533 2i.
2367 3479 2496 3548 Cur,
2544 3496 2667 3534 cum
2713 3479 2909 3536 dixerit
2953 3482 3241 3553 discipulis
3269 3500 3376 3540 non
3412 3498 3536 3542 eant

1969 3571 2034 3624 ad
2067 3572 2205 3625 viam
2239 3571 2500 3642 gentium,
2530 3572 2645 3641 ipse
2678 3573 2888 3627 videtur
2915 3575 2968 3627 in
3000 3586 3180 3643 partes
3212 3576 3334 3648 Tyri
3365 3590 3418 3632 et
3452 3580 3535 3633 Si-

1968 3663 2125 3717 donis
2175 3663 2288 3717 ire?
2323 3661 2551 3732 Pr0pter
2578 3663 2790 3718 Julianus
2820 3664 3044 3720 edoctus
3086 3679 3138 3720 et
3169 3684 3275 3723 non
3312 3672 3538 3725 creden-

1970 3767 2072 3821 tes,
2105 3756 2357 3825 gentibus
2381 3756 2604 3824 januam
2641 3758 2854 3826 aperire
2888 3757 2991 3812 hoc
3027 3759 3223 3815 itinere
3257 3760 3465 3831 incipit.

2045 3940 2206 3996 Vens.
2275 3942 2364 3997 ‘23.
2432 3942 2600 4011 Cujus
2648 3958 2835 4006 causa,
2890 3943 3157 3999 clamante
3190 3943 3533 4011 Cbananaea,

1970 4034 2145 4101 primo
2173 4035 2387 4101 quidem
2424 4050 2527 4087 non
2564 4034 2841 4102 respondit
2872 4035 2946 4089 illi
2978 4035 3240 4099 verbum;
3273 4052 3394 4090 eum
3437 4054 3533 4089 au-

1968 4132 2075 4176 tem
2112 4124 2409 4193 respondit,
2440 4125 2635 4178 durum
2682 4125 2953 4192 quoddam
2988 4125 3059 4181 illi
3100 4126 3537 4194 respondit?Per

1970 4214 2245 4271 silentium
2297 4225 2352 4270 et
2397 4216 2523 4270 talia
2574 4218 2739 4273 verba
2767 4217 3002 4273 excitare
3035 4229 3088 4273 et
3127 4220 3325 4286 populo
3352 4228 3537 4273 osten-

1970 4308 2097 4365 dere
2125 4307 2243 4375 ejus
2273 4306 2522 4365 ardorem
2561 4307 2792 4370 volebat,
2830 4317 2886 4363 ut
2927 4323 3271 4375 praenoscens
3319 4309 3532 4366 ferren-

1972 4410 2075 4455 tem
2107 4399 2224 4464 ejus
2260 4398 2525 4451 animmn.
2804 4428 2816 4454 ν,

2041 4492 2170 4553 Cur,
2226 4491 2493 4545 clamante
2552 4490 2663 4552 illa,
2713 4490 2947 4559 apostoli
2998 4491 3261 4553 dicentes,
3322 4491 3537 4545 Dimitte

1967 4599 2102 4648 eam,
2133 4599 2238 4639 non
2257 4583 2502 4640 exauditi
2533 4592 2680 4649 sunt,
2700 4583 2793 4638 sed
2824 4584 3039 4654 quando
3063 4584 3153 4638 illa
3188 4585 3412 4638 multum
3446 4601 3535 4636 ro-

1970 4678 2153 4746 gavit?
2203 4676 2340 4742 Quia
2397 4678 2511 4732 vult
2560 4678 2680 4731 illos
2707 4676 2774 4732 de
2801 4692 2860 4731 se
2886 4678 3116 4731 invicem
3153 4678 3289 4732 bene
3317 4678 3536 4740 mereri,

1962 4770 2061 4827 sed
2085 4787 2192 4824 non
2216 4770 2351 4826 alios
2382 4771 2553 4842 magis
2584 4786 2679 4841 pro
2718 4772 2841 4824 aliis
2866 4785 3077 4840 rogare.

2039 4976 2150 5030 Cur
2197 4983 2521 5029 clamantem
2562 4974 2923 5028 Cbananaeam
2971 4987 3111 5039 aegre
3152 4972 3444 5032 exaudivit.
3486 4981 3539 5025 et

1972 5068 2070 5121 hos
2105 5066 2196 5136 qui
2223 5066 2275 5119 in
2304 5077 2538 5119 montem
2566 5065 2925 5119 ascenderant
2950 5063 3237 5119 rounfestim
3263 5062 3539 5116 exaudivit

1970 5158 2052 5213 vel
2083 5174 2188 5212 non
2238 5155 2529 5226 rogantes?
2565 5154 2681 5208 Non
2725 5155 2851 5223 quia
2884 5154 3142 5223 majorem
3180 5153 3340 5207 [idem
3372 5153 3539 5204 habe-

1972 5252 2126 5315 bant,
2159 5250 2249 5304 sed
2284 5258 2339 5302 ut
2388 5248 2792 5302 excusationem
2843 5248 3126 5302 adimeret.
3156 5246 3290 5300 Nam
3332 5253 3540 5316 quanto

1972 5342 2149 5411 majus
2199 5340 2396 5411 aliquis
2438 5340 2760 5395 benelicinm
2805 5340 3022 5408 accipit,
3057 5348 3205 5394 tanto
3236 5338 3293 5391 tit
3318 5338 3540 5407 majoris

1971 5434 2204 5490 debitor.

2042 5546 2213 5600 Vsus.
2253 5544 2342 5599 52.
2381 5543 2518 5611 Quid
2546 5543 2830 5599 confestim
2866 5559 2972 5599 non
2999 5545 3252 5599 dixerunt
3284 5543 3536 5614 apostoli,

1972 5638 2193 5693 Dimitte
2226 5637 2434 5700 turbas,
2471 5637 2561 5691 sed
2594 5653 2716 5690 cum
2744 5637 2856 5705 jam
2893 5636 3226 5691 et'lluxissent
3256 5638 3367 5691 dies
3396 5637 3542 5690 tres?

1972 5729 2112 5796 Quia
2158 5745 2221 5783 ex
2271 5744 2469 5797 panum
2522 5728 2712 5800 priori,
2740 5737 2793 5782 et
2826 5728 3017 5782 existo
3061 5728 3343 5797 posteriori
3377 5730 3543 5781 mira-

1974 5821 2099 5875 culo
2126 5819 2381 5875 meliores
2429 5818 2555 5873 lacti
2608 5826 2800 5882 erant;
2858 5817 2979 5871 ideo
3024 5831 3129 5871 non
3177 5816 3366 5871 dicunt
3396 5816 3540 5882 quod
