4060 6564
540 365 676 430 1123

1242 360 1629 425 OPUSCULA
1671 356 2305 419 SCRIPTURISTICA
2346 358 2695 422 INCERTJ‘Z
2732 362 3038 425 IETATIS.

3651 362 3783 430 ιιξι

536 480 589 534 in
632 492 873 549 quinque
925 475 1176 549 panibus,
1235 475 1375 542 Quid
1437 476 1552 530 haec
1606 481 1736 529 sunt
1788 472 1926 527 inter
1986 481 2107 526 tan-

2224 470 2462 539 λέγουσιν
2506 472 2641 544 ὅπερ
2694 473 2790 527 ἐπὶ
2843 472 2953 527 τῶν
3005 472 3164 527 πέντε
3219 473 3421 545 ἀρτων,
3466 476 3549 530 ὅτι
3590 478 3693 531 Καὶ
3726 479 3784 533 τί

536 583 621 627 tos
636 572 659 626 ί

612 664 776 720 Vens.
799 665 889 718 ει.
913 661 1296 733 Apostolorum
1316 660 1669 731 temperantia
1692 676 1756 713 ex
1782 659 1885 712 hoc
1906 656 2105 720 elucet,

533 754 677 824 quod
725 764 832 808 tam
866 752 1020 807 multi
1063 753 1166 807 viri
1213 768 1337 808 cum
1369 762 1571 816 essent,
1611 752 1662 805 in
1692 751 1869 805 aliena
1915 759 1969 804 et
2010 749 2107 803 dc-

535 856 677 901 serta
710 854 876 909 terra,
907 844 1149 916 quinque
1176 860 1344 915 panes
1377 844 1554 898 solum
1578 843 1872 895 habebant.

606 934 773 991 Vens.
824 937 913 992 57.
971 937 1081 991 Cur
1139 938 1192 990 in
1242 935 1485 1005 quinque
1543 932 1785 987 millibus
1844 931 2105 995 virorum,

536 1041 732 1099 pneter
783 1031 1038 1085 mulieres
1068 1038 1121 1083 et
1166 1044 1387 1099 pueros,
1437 1026 1724 1082 duodecim
1752 1025 1969 1095 eophini
2013 1040 2109 1079 su-

539 1136 863 1190 peraverunt
907 1138 969 1176 ex
1011 1122 1251 1191 quinque
1282 1119 1532 1190 panibus,
1580 1119 1665 1173 hic
1711 1134 1840 1172 vero
1888 1120 1938 1171 in
1980 1132 2111 1186 qua-

540 1226 665 1266 tuor
702 1214 963 1277 millibus,
997 1229 1027 1267 e
1073 1221 1281 1282 septem
1329 1212 1563 1280 panibus
1616 1219 1821 1279 septem
1876 1209 2113 1279 spor-tae?

539 1304 833 1357 Dicendum
881 1318 1016 1358 sane
1069 1313 1157 1357 est
1214 1312 1429 1373 spm'tas
1485 1302 1651 1356 fuisse
1706 1302 1954 1371 Cophinis
1998 1316 2113 1354 ma-

538 1393 719 1460 jores;
765 1410 830 1446 ne
855 1393 1141 1461 {equalitas
1184 1395 1237 1447 in
1282 1394 1446 1449 simili
1485 1394 1751 1447 miraculo
1782 1393 1835 1446 itt
1880 1392 2112 1446 oblivio-

542 1500 662 1536 nem
711 1499 803 1537 eos
852 1484 1077 1539 inducat
1110 1488 1295 1549 unius,
1347 1485 1604 1540 dill‘erens
1651 1486 1827 1540 factus
1875 1492 1957 1540 est
2012 1500 2115 1537 nu-

542 1592 725 1630 merus
754 1592 942 1629 eorum
968 1592 1088 1646 quae
1124 1586 1534 1648 superaverant.

617 1666 781 1723 Vens.
817 1668 908 1724 59.
938 1668 1018 1724 0b
1044 1669 1095 1723 id
1124 1669 1403 1723 dimittens
1432 1685 1546 1733 eos,
1573 1669 1624 1722 in
1650 1668 1953 1722 navictmm
1985 1682 2116 1721 eon-

540 1763 769 1826 scendit,
805 1777 869 1816 ne
893 1763 1042 1816 illum
1078 1771 1441 1832 sequerentur
1476 1779 1490 1816 :
1522 1762 1722 1817 etenim
1750 1761 2001 1815 volebant
2030 1774 2114 1814 re-

2212 562 2399 617 ταῦτὰ
2424 564 2595 617 ἐστιν
2621 567 2709 631 εἰς
2736 566 3097 631 τοσούτους;

2282 656 2357 709 Τὸ
2404 658 2671 729 ἐγκρατὲς
2716 658 2824 713 τῶν
2859 659 3176 714 ἀποστόλων
3206 660 3299 714 καὶ
3334 662 3399 713 ἐκ
3435 662 3625 714 τούτου
3672 661 3785 714 δεί-

2212 765 2427 815 κνυται,
2471 751 2552 804 ὅτι
2597 753 2867 805 τοσούτων
2896 752 3067 806 ὄντων
3117 753 3326 825 ἀνδρῶν
3362 755 3453 807 ἐπὶ
3496 754 3653 825 ξὲνης
3690 755 3786 808 καὶ

2209 842 2468 913 ἐρημίας,
2500 842 2657 896 πέντε
2681 846 2877 915 ἄρτους
2911 845 3069 914 μόνον
3099 840 3261 915 εἶχον.

2280 932 2378 985 Διὰ
2404 933 2455 985 τί
2483 934 2574 986 ἐπὶ
2612 935 2710 1003 μὲν
2735 936 2845 989 τῶν
2873 935 3328 1006 πεντακισχιλίων
3354 936 3583 1007 ἀνδρῶν,
3613 936 3787 1007 χωρὶς

2208 1023 2352 1092 λέγω
2377 1026 2655 1091 γυναικῶν
2689 1028 2783 1080 καὶ
2810 1028 3059 1093 παιδίων,
3084 1027 3290 1081 δώδεκα
3320 1028 3527 1095 κόφινοι
3564 1028 3787 1099 περιέσ-

2213 1133 2410 1170 σευσαν
2444 1118 2604 1170 πέντε
2644 1118 2821 1184 ἄρτων
2852 1119 3044 1179 ὄντων,
3072 1118 3304 1173 ἐνταῦθα
3342 1118 3399 1171 δὲ
3431 1136 3785 1189 τετρακισχι-

2211 1204 2339 1257 λίων
2386 1206 2574 1273 ὄντων,
2628 1210 2721 1261 καὶ
2768 1209 2905 1263 ἐπτά
2953 1210 3135 1280 ἀρτων
3182 1209 3322 1263 έπτά
3377 1210 3665 1281 σπυρίδεςς
3714 1209 3785 1264 “ll

2212 1300 2390 1354 τοίνυν
2433 1302 2580 1356 ἔστιν
2632 1305 2808 1357 εἰπεῖν
2859 1306 2941 1357 ὃτι
2989 1306 3045 1358 αἱ
3084 1305 3338 1376 σπυρίδες
3388 1305 3496 1359 τῶν
3548 1305 3789 1375 κοφίνων

2217 1389 2432 1460 μείζους
2453 1388 2615 1463 ἦσαν,
2647 1394 2735 1447 ἵνα
2758 1394 2833 1464 μὴ
2857 1396 2889 1465 ἡ
2921 1394 3105 1465 ἰσότης
3133 1395 3226 1447 τοῦ
3253 1395 3483 1464 σημείου
3510 1397 3588 1458 εἰς
3616 1394 3790 1465 λήθην

2214 1482 2411 1547 αὐτοὺς
2441 1485 2655 1559 ἐμϐάλῃ
2682 1484 2774 1538 τοῦ
2810 1485 2927 1549 ἐνὸς
2958 1485 3212 1557 διάφορος
3242 1486 3464 1554 γέγονεν
3495 1486 3523 1537 ὁ
3554 1483 3792 1556 ἀριθμὸς

2214 1594 2282 1630 πε
2292 1580 2714 1648 ρισσευσάντων.

2284 1672 2384 1725 Διά
2428 1671 2584 1725 τοῦτο
2626 1672 2784 1740 ἀφεὶς
2816 1671 3038 1737 αὐτοὺς,
3068 1672 3147 1739 εἰς
3188 1671 3369 1724 πλοῖον
3398 1670 3664 1741 εἰσῆλθεν,
3703 1671 3794 1723 ἵνα

2219 1766 2294 1836 μὴ
2325 1766 2767 1836 ἀκολουθήσωσιν
2791 1765 2937 1837 αὑτῷ
2958 1783 2973 1797 ·
3002 1765 3097 1818 καὶ
3140 1764 3249 1836 γὰρ
3277 1764 3468 1835 ηθελον
3500 1765 3662 1818 αὐτὸν
3692 1763 3797 1835 βα-

545 1867 664 1920 getn
692 1868 815 1908 eum
848 1853 1058 1919 facere;
1088 1853 1300 1925 fugiens
1331 1854 1493 1924 igitur
1520 1853 1908 1909 dominationis
1938 1851 2113 1907 ambi-

2224 1856 2372 1910 σιλέα
2404 1856 2647 1926 ποιῆσαι.
2685 1856 2908 1923 Φεύγων
2946 1852 3039 1911 οὖν
3079 1856 3173 1910 καὶ
3212 1856 3311 1927 τῆς
3343 1854 3654 1925 τυραννίδος
3692 1854 3797 1927 τὴν

544 1946 767 2008 tionem,
803 1944 925 2002 illos
948 1945 1180 2000 dimisit.

1118 2084 1348 2143 CAPUT
1397 2086 1534 2142 XVI.

615 2212 781 2269 Vens.
824 2212 873 2267 i.
906 2211 1078 2278 Quale
1123 2212 1338 2283 signum
1384 2228 1414 2268 e
1453 2212 1594 2269 cmlo
1625 2222 1814 2284 petunt
1839 2228 1869 2269 a
1903 2213 2119 2269 Christo

539 2300 848 2362 Pharisaei?
879 2302 949 2359 Ut
989 2304 1158 2358 solem
1201 2304 1461 2367 detineat,
1502 2315 1595 2358 aut
1630 2305 1814 2359 lunam
1861 2306 2117 2371 refrenet,

544 2403 638 2446 aut
698 2392 926 2447 fulmina
976 2394 1211 2457 emittat,
1250 2403 1344 2449 aut
1392 2410 1573 2449 aerem
1611 2396 1910 2463 perturbet,
1969 2396 2113 2467 quod

545 2485 708 2537 etiam
742 2485 928 2537 datum
956 2494 1074 2552 est;
1120 2483 1269 2538 aliud
1298 2485 1443 2539 enim
1490 2499 1730 2554 prtesens
1764 2495 1845 2540 est
1879 2498 2116 2555 tempus,

549 2579 695 2633 aliud
728 2578 926 2634 futura:
956 2580 1062 2635 diei
1098 2589 1332 2651 tempus.
1386 2582 1607 2650 quando
1663 2581 1765 2636 ista
1824 2581 1973 2637 ﬁent.
2007 2582 2121 2653 Ego

552 2680 734 2725 autem
776 2670 901 2726 dico
936 2672 1085 2724 illum
1123 2670 1374 2740 quamvis
1416 2687 1525 2726 non
1569 2672 2024 2742 obtemperaverit
2057 2674 2121 2728 iis

556 2771 817 2831 tanquam
888 2762 1356 2833 praecipientibus,
1410 2773 1685 2833 postremo
1712 2764 2017 2818 Ostendisse
2061 2779 2121 2819 se

546 2847 727 2906 facere
761 2852 846 2906 illa
880 2868 1058 2922 posse.
1087 2852 1179 2906 Sol
1205 2852 1349 2907 enim
1372 2863 1425 2907 et
1458 2853 1585 2907 luna
1611 2853 1950 2908 obtcnebrati
1970 2864 2119 2919 sunt,

549 2953 604 2998 et
632 2954 837 2998 tremor
881 2953 1041 2999 terra:
1099 2943 1281 2999 factus
1329 2953 1433 3011 est,
1480 2954 1531 2999 et
1584 2946 1636 2999 in
1700 2946 1901 3015 templo
1943 2946 2120 3000 velum

551 3034 785 3089 scissum
820 3044 923 3090 est.
956 3035 1171 3089 Accidit
1204 3044 1388 3090 autem
1418 3036 1550 3090 solis
1585 3035 1830 3091 defectus
1884 3052 1993 3089 nun
2026 3051 2114 3089 ra-

553 3126 701 3180 tione
726 3126 996 3181 naturalis
1024 3127 1266 3197 eclipsis,
1296 3128 1391 3183 sed
1421 3127 1628 3181 ratione
1650 3127 1925 3196 potentias.

621 3214 788 3271 Vens.
824 3218 877 3272 5.
914 3216 1235 3289 Hypocritas
1265 3232 1359 3272 eos
1407 3225 1585 3281 vocat,
1619 3217 1747 3286 quia
1775 3216 1879 3270 alia
1903 3216 2120 3286 quidem

550 3309 941 3378 loquebantur,
976 3310 1081 3363 alia
1109 3324 1237 3365 vero
1269 3309 1577 3365 sentiebant
1602 3325 1616 3362 :
1638 3307 1710 3362 0h
1742 3307 1880 3362 hanc
1902 3324 2122 3362 causam

552 3417 658 3455 non
690 3400 904 3469 signqu
936 3401 1119 3466 dedit;
1155 3416 1261 3455 non
1287 3401 1433 3455 enim
1481 3400 1549 3454 ad
1597 3400 1928 3455 credendum
1984 3409 2126 3469 pete-

550 3492 701 3557 bant,
722 3494 816 3547 sed
834 3491 902 3546 ad
932 3492 1081 3547 illum
1109 3491 1430 3561 capiendum
1455 3508 1472 3557 ;
1504 3506 1629 3546 cum
1659 3492 1810 3545 nullo
1837 3493 1997 3544 modo
2028 3492 2125 3545 dc-

551 3583 693 3639 derit
722 3599 848 3639 cum
884 3592 1083 3653 potest,
1113 3586 1204 3654 qui
1228 3584 1362 3638 dicit
1382 3584 1709 3638 Chananaaae
1741 3601 1755 3638 :
1792 3582 1912 3636 Non
1943 3594 2016 3637 est
2043 3584 2127 3637 bo-

555 3691 681 3728 num
711 3692 915 3729 sumere
964 3692 1151 3745 panem
1201 3676 1460 3745 ﬁliorum,
1520 3684 1570 3728 et
1630 3675 1838 3727 mittere
1878 3675 2125 3739 canibus;

549 3779 760 3824 etcum
808 3768 899 3822 illo
923 3768 1158 3829 dicente,
1195 3765 1421 3836 Signum
1466 3763 1621 3819 Iona:
1671 3767 1933 3834 propheta:
1985 3767 2125 3818 vobis

551 3859 787 3924 dabitur,
818 3873 925 3913 non
961 3859 1293 3928 interrogent
1321 3855 1603 3928 quodnam
1637 3856 1775 3911 forte
1803 3866 1968 3911 esset.
2000 3857 2123 3912 Ideo

552 3948 645 4003 ille
673 3948 875 4002 relictis
907 3948 1013 4003 illis
1045 3948 1201 4002 abiit.

628 4035 797 4092 Vens.
823 4036 876 4092 6.
910 4036 1098 4091 Cavete
1143 4054 1175 4091 ο
1206 4036 1460 4108 fermento
1490 4034 1908 4103 Pharisaeorum,
1941 4035 1993 4090 id
2021 4045 2123 4105 est,

554 4127 623 4183 ab
655 4142 846 4183 eorum
876 4129 1148 4184 doctrina.

628 4217 794 4275 Vens.
821 4216 877 4272 8.
905 4216 1049 4284 Quid
1092 4218 1326 4273 intendit
1351 4216 1542 4272 dicens
1577 4215 1864 4286 apostolis,
1902 4213 2127 4268 Modica

552 4310 675 4381 ﬁdei
694 4313 720 4366 ἲ
742 4310 870 4366 Illos
898 4310 1172 4383 objurgat,
1200 4326 1310 4366 non
1337 4310 1484 4365 enim
1532 4308 1732 4377 ubique
1762 4306 2125 4362 mansuetudo

557 4402 757 4457 bonum
791 4409 898 4457 est.

2220 1945 2475 2017 ὑποψίαν,
2500 1944 2710 2016 ἀφῆκεν
2732 1944 2950 2008 αὐτούς.

2784 2090 3040 2144 non.
3091 2091 3209 2157 ις’.

2296 2219 2453 2273 Ποῖον
2506 2219 2729 2288 σημεῖον
2782 2217 2842 2283 ἐξ
2873 2216 3105 2289 οὐρανοῦ
3140 2214 3395 2287 ζητοῦσιν
3436 2215 3485 2268 οί
3509 2216 3803 2286 Φαρισαῖοι

2220 2308 2309 2361 τὸν
2340 2308 2607 2379 Χριστόν;
2642 2307 2759 2360 Ἵνα
2793 2308 2967 2378 στήσῃ
3008 2305 3097 2357 τὸν
3142 2305 3313 2374 ἥλιον,
3346 2302 3379 2371 ἦ
3423 2303 3520 2372 τὴν
3565 2302 3802 2371 σελήνην

2220 2396 2518 2469 χαλινώσῃ,
2550 2396 2582 2465 ἢ
2618 2394 2922 2465 κεραυνοὺς
2964 2392 3294 2463 κατενέγκῃ,
3326 2390 3359 2461 ἧ
3390 2390 3482 2443 τὸν
3521 2391 3659 2460 ἀέρα
3692 2406 3799 2459 μεο

2223 2489 2458 2561 ταϐἀλῃ,
2485 2490 2512 2542 ὃ
2535 2490 2628 2541 καὶ
2665 2488 2876 2542 δέδοται
2896 2500 2910 2515 ⁸
2944 2485 3101 2548 ἀλλος
3126 2485 3232 2555 γὰρ
3264 2485 3292 2537 ό
3332 2483 3424 2535 νῦν
3453 2482 3663 2552 καιρὸς,
3699 2480 3802 2533 aut

2220 2582 2377 2644 ἄλλος
2403 2583 2430 2633 ὁ
2452 2584 2551 2652 τῆς
2576 2578 2875 2650 μελλούσης
2902 2576 3134 2647 ἡμέρας,
3165 2576 3253 2627 ὅτε
3273 2572 3444 2627 ταῦτα
3473 2574 3764 2643 γενήσεται
3781 2584 3801 2603 ο

2221 2674 2332 2741 ἐγὼ
2370 2672 2426 2725 δέ
2476 2671 2619 2741 ιρημι
2666 2670 2747 2723 ὅτι
2781 2668 2882 2723 κᾶν
2928 2666 3003 2739 μὴ
3050 2665 3211 2727 εὐθὺς
3264 2665 3569 2735 ὑπήκουσεν
3617 2663 3803 2716 αὐτῶν

2221 2763 2412 2833 ὥσπερ
2451 2761 2921 2833 προστασσόντων,
2958 2758 3183 2829 ὕστερον
3228 2758 3425 2821 ἔδειξεν
3454 2758 3536 2809 ὅτι
3570 2756 3805 2809 δύναται

2224 2856 2424 2909 ποιεῖν·
2452 2853 2604 2923 ἥλιος
2629 2851 2735 2921 γὰρ
2758 2851 2853 2904 καὶ
2881 2850 3077 2920 σελήνη
3108 2848 3419 2919 ἐσκοτίσθη,
3448 2848 3541 2901 καὶ
3575 2849 3805 2917 σεισμὸς

2223 2946 2435 3014 γέγονε·
2469 2946 2562 2997 καὶ
2600 2944 2658 2997 τδ
2688 2946 2745 2997 ἐν
2791 2941 2870 3013 τῷ
2900 2942 3031 3013 ἱερῷ
3061 2942 3461 3012 καταπέτασμα
3487 2940 3799 3010 διεσχίσθη·

2221 3037 2416 3104 γέγονε
2462 3035 2519 3087 δὲ
2563 3034 2623 3087 τὸ
2652 3033 2746 3087 τοῦ
2797 3033 2947 3105 ἡλίου
2998 3033 3171 3097 πάθος
3208 3033 3271 3085 οὗ
3316 3031 3458 3103 λόγῳ
3501 3032 3805 3099 ἐκλείψεως

2150 3177 2195 3237 C
2229 3126 2487 3197 φυσικῆς,
2522 3124 2659 3179 ἀλλά
2686 3124 2828 3195 λόγῳ
2858 3123 3158 3193 δυνάμεως.

2310 3216 2639 3289 Ὑποκριτάς
2682 3217 2738 3269 δέ
2784 3216 2981 3279 αὐτοὺς
3014 3216 3170 3269 καλεῖ
3200 3215 3282 3269 ὃτι
3330 3215 3493 3285 ἔτερα
3538 3213 3639 3285 μὲν
3672 3213 3803 3266 ἑλά-

2223 3310 2367 3375 λουν,
2398 3310 2560 3381 ἕτερα
2585 3309 2644 3362 δὲ
2679 3308 2958 3382 ἐφρόνουν·
2995 3308 3083 3361 διὰ
3118 3308 3274 3361 τοῦτο
3306 3307 3424 3361 οὐδὲ.
3454 3307 3657 3359 δέδωκε
3698 3324 3804 3375 ση-

2226 3405 2395 3473 μεῖον·
2428 3402 2489 3455 οὐ
2528 3401 2637 3471 γὰρ
2676 3400 2764 3454 διὰ
2790 3401 2851 3453 τὸ
2884 3399 3175 3453 πιστεῦσαι
3213 3399 3462 3469 ἐζήτουν,
3498 3399 3614 3451 ἀλλ’
3655 3398 3800 3451 ὥστε

2224 3494 2575 3548 ἐπιλαϐέσθαι
2605 3491 2794 3546 αὑτοῦ·
2827 3494 2948 3545 ἐπεὶ
2978 3492 3097 3555 πῶς
3129 3493 3193 3545 ἂν
3226 3492 3325 3543 οὐκ
3350 3492 3552 3545 ἔδωκεν
3580 3494 3609 3545 ὁ
3638 3492 3803 3545 δυνά-

2226 3603 2405 3657 μενος,
2436 3586 2465 3638 ὀ
2496 3588 2563 3656 τῇ
2590 3584 2872 3656 Χαναναία
2899 3584 3098 3652 λέγων,
3133 3585 3253 3638 Οὐκ
3282 3584 3414 3637 ἔστι
3447 3585 3641 3637 καλὸν
3686 3588 3801 3637 .lu-

2224 3677 2349 3730 ϐεῖν
2384 3675 2503 3729 τῶν
2530 3675 2756 3729 τέκνων
2784 3678 2891 3729 τὸν
2928 3676 3113 3745 ἄρτον
3147 3677 3243 3729 καὶ
3298 3676 3505 3730 δοῦναι
3539 3677 3665 3741 τοῖς
3694 3694 3804 3731 κυ-

2222 3769 2478 3837 ναρίοις-ς
2508 3768 2600 3820 καὶ
2631 3769 2711 3821 ὅτι
2738 3769 2983 3832 είπόντος
3015 3768 3201 3831 αὐτοῦ,
3243 3769 3312 3823 Τὸ
3340 3768 3595 3837 σημεῖον
3630 3768 3806 3823 Ἰωνᾶ

2223 3857 2332 3911 τοῦ
2376 3856 2683 3926 προφήτου
2726 3858 3045 3927 δοθήσεται
3077 3859 3242 3927 ὑμῖν,
3288 3860 3388 3911 οὐκ
3434 3858 3715 3927 ἐρωτῶσι)
3750 3858 3806 3910 τί

2225 3967 2357 4004 ποτε
2390 3946 2479 4021 ἦν·
2507 3950 2595 4004 διὰ
2622 3949 2784 4004 τοῦτο
2810 3952 2905 4005 καὶ
2921 3952 3083 4014 αὐτὸς
3110 3953 3270 4021 ἀφεὶς
3299 3952 3496 4012 αὐτοὺς
3527 3952 3800 4021 ἀπῆλθεν.

2293 4041 2385 4105 Τὸ,
2424 4042 2759 4111 Προσέχετε
2794 4042 2913 4097 ἀπὸ
2943 4042 3054 4111 τῆς
3079 4041 3261 4111 ζύμης
3298 4041 3416 4096 τῶν
3440 4045 3803 4112 Φαρισαίων,

2224 4132 2333 4187 ἀπὸ
2364 4132 2463 4201 τῆς
2492 4132 2843 4196 διδασκαλίας
2880 4133 3061 4187 αὐτῶν
3098 4133 3265 4203 λέγει.

2294 4222 2360 4275 Τί
2391 4224 2669 4294 οἰκονομεῖ
2697 4226 2754 4276 ἐν
2784 4222 2862 4295 τῷ
2890 4223 3075 4292 λέγειν
3119 4226 3230 4287 τοῖς
3258 4224 3600 4289 ἀποστόλοις,
3650 4227 3805 4280 Ὀλι-

2225 4317 2537 4387 γόπιστοις
2604 4317 2866 4387 Ἐπιτιμᾷ
2908 4314 3125 4380 αὐτούς·
3182 4318 3243 4369 οὐ
3292 4318 3404 4388 γάρ
3430 4319 3710 4388 πανταχοῦ
3768 4320 3802 4389 ἡ

2226 4407 2468 4477 πραότης
2496 4406 2678 4461 καλόν.

634 4491 797 4547 Vens.
828 4490 915 4545 15.
940 4490 1051 4545 Cur
1079 4491 1383 4545 (Imsaream
1421 4487 1657 4557 Philippi
1704 4486 1999 4542 deveniens
2046 4485 2122 4539 in-

2298 4497 2398 4551 Διά
2445 4500 2495 4551 τί
2543 4501 2620 4564 είς
2670 4500 3008 4571 Καισάρειαν
3041 4502 3137 4572 τὴν
3187 4501 3450 4555 Φιλίππου
3503 4502 3805 4571 ἐπαγαγὼν

556 4592 797 4652 terrogat
821 4596 919 4636 eos
952 4599 965 4634 :
1001 4581 1169 4645 Quem
1196 4597 1277 4634 me
1308 4581 1487 4633 dicunt
1532 4578 1765 4630 homines
1812 4578 1958 4631 esse?
1990 4575 2127 4641 Quia

554 4675 742 4742 procul
768 4682 924 4728 erant
954 4672 1083 4726 illia
1109 4669 1309 4725 Iudaeis
1346 4678 1401 4724 et
1437 4683 1627 4723 eorum
1667 4667 2126 4738 aggressionibus.

555 4764 651 4817 Est
672 4771 850 4817 autem
874 4762 981 4816 alia
1003 4762 1246 4817 Caesarea
1272 4759 1566 4815 Stratonis.
1595 4758 1726 4813 Post
1744 4758 1912 4812 multa
1951 4766 2128 4812 autem

556 4856 820 4911 miracula
861 4856 1187 4923 interrogat;
1229 4862 1284 4907 ct
1331 4867 1437 4905 non
1479 4850 1805 4919 interrogat,
1843 4848 2013 4915 Quem
2043 4864 2130 4904 me

554 4946 742 5001 dicunt
773 4945 1015 5000 Scriba?
1060 4944 1151 4999 sed
1184 4940 1930 5011 innoxiipepulisententiatn
1956 4952 2129 5010 rogat.

556 5037 757 5091 Filium
781 5046 961 5092 autem
992 5036 1228 5091 hominis
1264 5048 1405 5100 saepe
1444 5048 1502 5087 se
1532 5032 1689 5093 dicit.
1726 5031 1912 5086 volens
1947 5031 2129 5086 incar-

560 5128 836 5183 nationem
868 5135 1113 5197 patenter
1140 5123 1419 5194 cognosci.

641 5310 799 5365 Vens.
840 5308 1250 5369 t6.Attendite,
1297 5322 1501 5375 (ιυιεδο,
1546 5308 1612 5363 ad
1657 5308 1765 5363 vim
1817 5308 2128 5363 verborum.

560 5402 664 5458 Ubi
702 5404 844 5456 enim
872 5401 1108 5454 aliorum
1145 5400 1460 5454 sciscitatus
1494 5410 1577 5454 est
1621 5402 1928 5469 epiniunes,
1976 5403 2131 5455 adhi-

558 5496 677 5551 buit
719 5494 839 5548 Filii
887 5492 1126 5547 hominis
1164 5507 1399 5545 nomen:
1428 5491 1591 5557 Quem
1627 5493 1793 5559 enim,
1824 5494 2020 5563 inquit,
2047 5494 2133 5546 di-

559 5597 683 5641 cunt
713 5586 949 5640 homines
977 5602 1087 5639 esse
1109 5585 1311 5639 Filium
1341 5584 1611 5637 hominis?
1647 5584 1745 5638 Ubi
1777 5597 1959 5641 autem
2014 5586 2134 5640 illo-

560 5698 681 5735 rum
713 5682 1039 5736 sententiam
1060 5681 1329 5751 exposcit,
1362 5697 1468 5735 non
1495 5680 1719 5735 adhibet
1743 5680 1866 5736 Filii
1896 5682 2135 5737 hominis

559 5785 780 5827 nomen.
804 5769 944 5838 Quid
964 5772 1130 5828 vero?
1160 5770 1263 5826 Vos
1298 5781 1496 5836 autem,
1518 5786 1667 5839 quem
1698 5787 1775 5824 me
1793 5787 1902 5826 esse
1930 5772 2136 5828 dicitis?

2232 4589 2427 4653 αὐτοὺς
2464 4591 2662 4662 ἐρωτᾷ.
2700 4592 2839 4645 Τίνα
2874 4608 2951 4660 με
2979 4591 3270 4662 λέγουσιν
3307 4597 3361 4647 οι
3393 4594 3689 4663 ἄνθρωποι
3720 4597 3806 4649 εἷο

2232 4699 2366 4747 ναις
2422 4682 2510 4746 Ὠς
2552 4683 2769 4754 μακράν
2812 4684 2991 4737 αὐτῶν
3024 4685 3193 4739 όντων
3236 4686 3344 4739 τῶν
3396 4686 3668 4741 Ἰουδαίων
3709 4690 3808 4741 καὶ

2231 4775 2328 4844 τῆς
2360 4775 2615 4843 ἀγωνίας·
2666 4774 2782 4828 ἐστι
2816 4776 2874 4829 δὲ
2919 4778 3012 4830 καὶ
3042 4776 3176 4845 ἀλλη
3214 4777 3524 4848 Καισάρεια
3557 4781 3589 4848 ἠ
3623 4781 3805 4849 Στρά-

2231 4883 2419 4931 τωνος·
2484 4868 2620 4937 μετὰ
2660 4866 2831 4921 πολλὰ
2882 4867 2939 4919 δὲ
2988 4867 3244 4939 θαύματα
3292 4870 3491 4940 ἐρωτᾷ·
3552 4870 3650 4922 καὶ
3703 4871 3809 4924 οὐκ

2233 4959 2434 5030 ἐρωτᾷ,
2457 4958 2591 5013 Τίνα
2604 4975 2671 5028 με
2694 4958 2942 5027 λέγουσιν
2961 4960 3009 5012 oi
3034 4961 3405 5031 Γραμματεῖς,
3425 4960 3559 5014 ἀλλά
3572 4962 3668 5014 τοῦ
3679 4963 3809 5015 ἀδε-

2232 5052 2433 5109 κάστου
2456 5052 2693 5121 πλήθους
2714 5052 2816 5122 τὴν
2842 5051 3089 5122 γνώμην·
3120 5054 3247 5108 Υίὸν
3276 5054 3333 5106 δὲ
3358 5053 3648 5125 ἀνθρώπου
3674 5057 3812 5108 ἐαυ-

2232 5143 2323 5193 τὸν
2363 5141 2622 5204 πολλάκις
2652 5141 2820 5211 λέγει,
2855 5142 3179 5213 βουλόμενος
3208 5144 3306 5210 τὴν
3338 5145 3651 5214 οἰκονομίαν
3676 5148 3813 5217 ὁμο-

2234 5232 2448 5301 λογείσθ
2457 5251 2532 5289 αι.

2305 5325 2631 5395 Προσέχετε,
2678 5326 2999 5396 παρακαλῶ,
3056 5330 3121 5398 τῇ
3152 5327 3380 5398 δυνάμει
3430 5329 3540 5384 τῶν
3582 5331 3813 5396 λέξεων·

2233 5414 2367 5467 ὅπου
2404 5414 2501 5483 μὲν
2529 5416 2637 5484 γὰρ
2683 5416 2781 5478 τὰς
2816 5417 3017 5486 ἐτέρων
3046 5418 3358 5488 ἀπήντησεν
3402 5419 3582 5486 δόξας,
3632 5438 3818 5492 προσ-

2236 5505 2399 5574 έθηκε
2430 5505 2520 5558 τὸν
2565 5504 2691 5557 Υἱδν
2722 5504 2815 5557 τοῦ
2848 5503 3157 5574 ἀνθρώπου.
3197 5506 3335 5562 Τίνα
3365 5507 3473 5577 γάρ
3490 5525 3589 5576 με,
3618 5511 3818 5578 φησὶν,

2234 5596 2520 5664 λέγουσιν
2549 5597 2602 5648 οι
2640 5594 2935 5663 ἅνθρωποι
2970 5591 3122 5649 εἶναι
3148 5596 3253 5650 τὸν
3287 5600 3422 5652 ﬂor
3452 5597 3560 5652 τοῦ
3585 5601 3814 5668 ἀνθρώ-

2236 5699 2387 5751 που;
2441 5686 2615 5739 Ὅπου
2664 5686 2719 5738 δὲ
2768 5685 2867 5756 τὴν
2905 5687 3086 5741 αὐτῶν
3133 5688 3316 5759 κρίσιν
3367 5690 3587 5759 ἐζήτει,
3624 5692 3820 5746 οὐκέτι

2241 5775 2582 5847 προσέθηκεν
2618 5775 2706 5831 τὸν
2728 5775 2854 5829 Υίὸν
2881 5776 2974 5831 τοῦ
2998 5776 3309 5848 ἀνθρώπου·
3338 5780 3470 5834 ἀλλά
3498 5780 3573 5847 τίς
3613 5780 3819 5848 Ὑμεῖς
