4026 6574
279 399 421 465 1125

1270 398 1587 460 SCHOLIA
1636 402 1934 462 VETERA
1968 403 2051 464 IN
2089 404 2562 467 MATTH/EUM.

3378 414 3515 481 1126

272 512 341 565 δὲ
356 513 489 565 τίνα
511 529 588 580 με
607 511 813 582 λέγετε
840 507 1029 575 sirm;
1061 512 1124 563 Οἱ
1162 512 1259 581 μὲν
1290 514 1399 582 γὰρ
1441 512 1613 579 ἄλλοι,
1652 516 1836 586 φησὶν,

1947 516 2048 571 Alii
2076 518 2242 584 enim,
2270 520 2423 587 dicit,
2456 521 2706 578 homines
2734 523 2899 579 [ilium
2920 524 3120 598 Joseph
3150 544 3236 585 me
3264 544 3386 587 esse
3412 549 3514 602 pu-
3574 535 3581 541 ’

270 604 549 675 ἅνθρωποι
588 602 701 655 υἱόν
761 620 827 672 με
889 601 1205 671 νομίζουσιν
1260 596 1403 655 εἶναι
1457 601 1549 654 τοῦ
1620 604 1839 675 Ἰωσὴφ,

272 695 388 748 υἱὸν
419 692 730 763 ἀνθρώπου,
766 694 859 747 καὶ
891 693 1051 746 πλέον
1079 692 1252 745 οὐδέν·
1281 693 1342 746 ού
1374 694 1483 763 γὰρ
1516 693 1710 747 ἔλαϐόν
1741 712 1842 766 μου

272 792 463 861 πεῖραν
494 787 760 858 τοσαύτην
787 789 883 857 τῆς
907 788 1091 859 θεῖκῆς
1119 806 1218 858 μου
1243 788 1513 854 ἐξουσίας⁹
1542 787 1656 843 ἀλλ’
1685 789 1845 858 ὑμεῖς

270 884 317 935 οί
339 881 615 946 λαϐόντες,
645 880 765 932 τίνα
802 897 867 949 με
898 880 1084 947 λέγετε
1114 876 1284 943 εἶναι;
1325 879 1386 931 οὐ
1416 879 1562 946 λέγω
1595 879 1686 932 τὸν
1715 880 1844 932 Υίδν

269 971 364 1025 τοῦ
391 971 700 1042 ἀνθρώπου,
735 971 822 1024 ἵνα
850 969 923 1041 μὴ
952 970 1088 1040 πρὸς
1115 969 1216 1040 τὴν
1246 969 1386 1040 ἐμὴν
1414 970 1691 1039 ἀπόφασιν
1718 970 1845 1042 δρά-

275 1078 431 1132 μητεο
465 1063 523 1115 οὐ
555 1063 697 1130 λέγω
730 1063 891 1115 πάλιν
924 1060 1015 1114 τὸν
1050 1061 1177 1114 Υίδν
1209 1060 1304 1113 τοῦ
1333 1060 1491 1127 Θεοῦ,
1522 1060 1607 1113 ἵνα
1637 1063 1710 1132 μὴ
1744 1060 1843 1133 τὴν

272 1156 424 1223 ὑμῶν
451 1155 627 1224 ψῆρον
652 1154 902 1225 ἀρπὰσω·
954 1152 1106 1205 οὐδὲν
1152 1152 1391 1222 ἐμαυτὸν
1425 1152 1520 1206 νῦν
1567 1169 1631 1221 γε
1669 1153 1841 1206 καλῶα

270 1246 340 1298 τὰ
384 1247 684 1315 πράγματα
724 1244 883 1315 μόνον
918 1245 1047 1313 ὑμῖν
1093 1243 1413 1315 χειραγωγά
1458 1244 1558 1314 τῆς
1609 1243 1842 1315 ἀποκρί-

271 1355 406 1401 σεως
433 1339 660 1394 δέδωκα.

340 1430 461 1481 ’Ὁτι
497 1428 579 1482 Σὺ
608 1424 665 1481 εἴ
692 1431 725 1482 ό
747 1428 1002 1497 Χριστὸς
1026 1431 1060 1482 ό
1085 1428 1220 1495 Υἱὸς
1250 1428 1356 1483 τοῦ
1384 1428 1532 1483 Θεοῦ
1570 1429 1677 1484 τοῦ
1704 1428 1841 1491 (iitr-

267 1538 390 1587 τος,
439 1520 585 1589 λέγει
632 1522 855 1592 Πέτρος
892 1522 1021 1575 Υἱὺν
1067 1522 1204 1575 Θεοῦ
1245 1521 1419 1590 λέγων
1454 1522 1708 1593 καθαρῶς
1745 1524 1842 1576 καὶ

265 1612 330 1664 ὲκ
357 1610 457 1681 τῆς
482 1610 644 1663 αὑτοῦ
671 1611 882 1676 οὐσίας,
918 1610 1034 1665 ἀλλ’
1065 1612 1187 1681 οὐχὶ
1238 1611 1313 1675 ὡς
1357 1613 1405 1665 οἱ
1440 1613 1499 1664 ἐν
1521 1611 1599 1681 τῷ
1646 1612 1838 1682 πλοίῳ,

266 1703 386 1755 οὐδὲ
415 1702 489 1767 ὡς
516 1703 544 1755 ὁ
573 1702 868 1773 Ναθαναὴλ
895 1704 991 1756 ἕνα
1015 1704 1124 1756 τῶν
1151 1702 1383 1769 πολλῶν,
1415 1704 1552 1757 ἀλλὰ
1578 1704 1838 1774 γνησίως*

266 1792 353 1845 διὰ
378 1793 537 1846 τοῦτο
581 1794 672 1845 καὶ
706 1794 787 1855 τὸ,
824 1796 946 1862 Βίιρ
1003 1792 1193 1860 Ἰωνᾶ,
1221 1792 1396 1861 λέγει,
1426 1794 1549 1847 εἰιντλ⁵
1580 1793 1697 1861 τοῦ,
1732 1793 1837 1847 υίέο

1951 617 2085 673 tant,
2114 610 2284 665 tilium
2318 612 2560 668 hominis
2612 624 2667 670 et
2707 617 2842 670 nihil
2894 622 3159 689 amplius;
3202 636 3310 677 non
3368 626 3512 679 enim

1949 708 2154 754 tantam
2185 717 2215 755 a
2264 718 2350 757 mc
2387 714 2715 774 receperunt
2748 708 3123 777 probationem
3159 712 3355 768 divinae
3381 730 3516 770 meae

1945 794 2251 860 potestatis.
2273 793 2377 850 Sed
2398 811 2493 850 vos
2518 796 2611 867 qui
2641 800 2944 868 recepistis,
2972 817 3133 870 quem
3159 820 3243 857 me
3269 820 3391 860 esse
3417 807 3504 860 di-

1946 884 2099 938 citis?
2136 883 2254 939 Non
2295 886 2417 941 dico
2442 888 2612 942 tilium
2639 888 2897 955 hominis,
2923 906 2988 944 ne
3023 894 3089 946 ad
3138 909 3317 947 meam
3348 911 3512 963 appa-

1946 977 2177 1029 rentiam
2202 979 2528 1046 recurratis;
2557 995 2664 1034 non
2687 980 2811 1035 dico
2831 997 3050 1036 rursum
3080 983 3275 1038 Filium
3308 985 3422 1050 Dei,
3446 1001 3513 1040 ne

1946 1076 2189 1122 vestrum
2242 1068 2562 1140 suifragium
2616 1076 2968 1142 praeveniam.
3024 1075 3170 1129 Nihil
3227 1092 3315 1131 me
3370 1093 3515 1132 nime

1944 1174 2115 1225 voco;
2157 1177 2242 1217 res
2290 1171 2498 1219 tantum
2549 1165 2704 1220 vobis
2748 1166 3079 1222 sententiam
3132 1182 3513 1237 promoventes

1945 1250 2087 1305 dedi.

2009 1437 2163 1504 Quod
2198 1438 2390 1494 Petrus
2440 1440 2591 1508 dicit,
2644 1440 2721 1494 Tu
2775 1459 2827 1496 εδ
2871 1443 3134 1509 Christus,
3192 1442 3365 1497 Filius
3420 1444 3513 1498 Dei

1943 1532 2081 1597 riri;
2114 1531 2310 1586 Filium
2347 1532 2441 1587 Dei
2493 1542 2653 1587 vocat
2702 1535 2914 1604 proprie
2958 1544 3013 1589 et
3056 1550 3121 1589 ex
3162 1551 3259 1590 sua
3295 1546 3511 1600 natura,

1944 1621 2039 1677 sed
2066 1637 2173 1675 non
2207 1630 2268 1677 ut
2291 1622 2365 1676 illi
2400 1622 2494 1693 qui
2525 1633 2683 1677 erant
2714 1624 2766 1677 in
2811 1624 3047 1693 navigio,
3084 1640 3260 1694 neque
3304 1636 3363 1680 ut
3407 1623 3515 1679 Na-

1944 1713 2160 1768 thanael
2202 1730 2372 1770 unum
2394 1728 2423 1769 e
2453 1714 2662 1781 multis,
2692 1714 2784 1769 sed
2815 1715 3112 1785 legitimum
3142 1715 3358 1769 Filium.
3386 1713 3513 1769 Ideo

1943 1813 1997 1859 et
2020 1804 2273 1861 Christus
2301 1806 2434 1860 dicit
2471 1824 2485 1860 :
2517 1806 2629 1860 Bar
2668 1806 2833 1872 Iona,
2872 1816 2923 1861 et
2962 1823 3067 1860 non
3108 1806 3257 1862 Iona:
3287 1807 3386 1872 ﬁli,
3417 1812 3509 1861 Os-

266 1882 463 1954 δηλῶν,
491 1886 574 1940 ὃτι
610 1886 697 1950 Ὧς
727 1886 792 1939 σὺ
847 1886 942 1939 τοῦ
989 1887 1145 1941 Ἰωνᾶ
1175 1885 1358 1956 φύσει,
1400 1885 1570 1949 οὕτως
1600 1884 1711 1956 ἐγὼ
1745 1884 1836 1940 τοῦ

1946 1897 2172 1952 tendens
2193 1898 2362 1968 quod,
2389 1898 2543 1952 Sicut
2571 1906 2627 1952 tu
2678 1896 2829 1952 Joua:
2873 1907 3067 1951 natura
3114 1913 3173 1952 es
3211 1897 3375 1963 iihus,
3424 1897 3507 1952 sic

265 1975 400 2029 Θεοῦ
429 1978 541 2047 εἰμι
573 1977 719 2041 Υἱός.

350 2068 721 2139 Ἀπορούντων
781 2069 889 2124 τῶν
951 2070 1211 2142 μαθητῶν
1270 2071 1543 2143 καὶπρὸς
1614 2071 1843 2135 ἑαυτοὺς

264 2159 408 2225 εἰκὸς
440 2162 612 2216 ταῦτα
651 2164 918 2232 λεγόντων
938 2181 951 2194 ο
989 2164 1118 2217 Υἱὸν
1164 2164 1329 2217 αὑτὸν
1358 2163 1493 2217 Θεοῦ
1526 2164 1730 2235 Πέτρος
1759 2166 1840 2216 εί·-

263 2250 403 2317 πὼν,
455 2254 839 2325 μακαρίςεται.
890 2254 1093 2323 Μάρθα
1131 2255 1296 2307 πάλιν
1338 2255 1437 2324 οὐχ
1485 2254 1619 2307 Υἱὸν
1675 2253 1840 2308 αὑτὸν

264 2337 418 2393 εἶπεν
446 2342 615 2407 Θεοῦ;
666 2345 771 2398 Ναὶ
819 2346 950 2415 γὰρ,
1006 2347 1202 2413 Κύριε,
1253 2347 1439 2416 φησὶν,
1491 2345 1606 2415 ἐγὼ
1662 2347 1841 2400 πεπίο

262 2448 487 2487 στευκα
524 2434 611 2489 ὅτι
642 2436 721 2489 σὺ
748 2434 805 2490 εἷ
847 2440 879 2490 ό
923 2438 1176 2506 Χριστὸς
1206 2441 1239 2491 ό
1289 2438 1416 2505 Υἱὸς
1455 2440 1559 2492 τοῦ
1593 2440 1760 2503 Θεοῦ,
1807 2442 1841 2494 ό

260 2529 347 2592 εὶς
382 2528 489 2581 τὸν
513 2530 744 2598 κόσμον
768 2530 1109 2599 ἐρχόμενος.
1150 2530 1214 2581 Τί
1245 2529 1338 2582 οῦν
1380 2531 1564 2600 ἐκείνη
1597 2548 1840 2602 μακαρι-

264 2620 418 2687 σμῶν
447 2619 545 2671 οὐκ
576 2618 779 2689 ἠξιώθη
820 2620 1001 2686 τινῶν,
1045 2620 1182 2674 ἀλλά
1213 2622 1417 2692 Πέτρος
1450 2622 1525 2685 ὣς
1566 2640 1619 2675 τι
1651 2622 1838 2676 καινὸν

263 2706 435 2761 εἰπὼν
468 2712 867 2781 μακαρίςεται;
901 2712 1061 2781 ἡμεῖς
1104 2712 1270 2765 πάλιν
1311 2713 1616 2783 συμφώνως
1650 2715 1735 2766 ὅτε
1770 2719 1835 2785 τῇ

264 2800 510 2873 θαλάσσῃ
539 2805 634 2855 καὶ
673 2806 784 2865 τοῖς
825 2803 1045 2872 ἀνέμοις
1082 2804 1441 2876 ἐπετίμησεν,
1472 2805 1569 2875 οὐχ
1598 2805 1672 2869 ὡς
1710 2807 1838 2861 Τίον

262 2893 397 2947 Θεοῦ
430 2895 592 2947 αὑτὸν
622 2899 928 2965 προσεκυνή
942 2913 1111 2965 ταμεν
1146 2898 1241 2949 κα)⁸
1279 2898 1419 2967 μετά
1464 2899 1645 2968 φωνῆς
1678 2900 1837 2970 ἐϐοή-

264 3003 458 3055 σαμεν,
504 2985 767 3053 Ἀληθῶς
813 2986 960 3039 Θεοῦ
1009 2989 1143 3051 Υἱὸς
1176 2985 1267 3051 ei;
1306 2988 1393 3041 διὰ
1441 2989 1491 3040 τί
1534 2990 1837 3060 μακαρίους

262 3080 410 3149 ἡμᾶς
432 3079 529 3131 οὐκ
556 3078 815 3132 ἐκάλεσεν
841 3081 961 3132 τότε
988 3095 1001 3148 ;
1040 3080 1223 3133 Ταῦτα
1252 3081 1361 3133 τῶν
1395 3082 1650 3152 μαθητῶν
1684 3082 1839 3135 ἐνθυ-

264 3169 568 3240 μουμένων,
609 3173 636 3223 ὁ
676 3172 953 3243 Δεσπότης
1004 3174 1199 3239 ἐπάγει
1230 3187 1244 3202 ⁸
1278 3174 1399 3241 Bap
1443 3171 1630 3238 Ἰωνᾶ,
1682 3191 1838 3226 τουτ-

266 3261 437 3326 έστιν,
464 3262 559 3314 Υἱὲ
593 3262 685 3314 τοῦ
725 3264 900 3318 Ἰωνᾶ.
951 3265 1035 3326 Ὠς
1058 3264 1328 3335 ἐκήρυξας
1352 3266 1459 3337 γάρ
1506 3282 1629 3335 μου,
1672 3266 1829 3336 φησὶ,

260 3354 350 3404 τὸν
384 3354 624 3423 Πατέρα,
656 3354 800 3406 οὕτω
838 3353 993 3422 κάγὼ
1024 3354 1278 3424 κηρύττω
1310 3373 1404 3406 σου
1451 3355 1543 3407 τὸν
1593 3357 1828 3426 πατέρα·

263 3444 339 3516 μὴ
365 3448 582 3516 χρῄζων
612 3447 710 3516 μὲν
743 3447 836 3499 τοῦ
866 3447 959 3499 σοῦ
990 3445 1366 3517 μνημονεῦσαι
1398 3448 1623 3518 πατρὸς,
1664 3447 1832 3512 δεῖξαι

258 3537 317 3589 δὲ
342 3539 666 3607 βουλόμενος
689 3539 750 3592 τὸ
776 3538 1077 3609 ταυτοφυὲς
1102 3539 1239 3608 ἐμοῦ
1263 3541 1357 3593 καὶ
1384 3540 1615 3609 Πατρός·
1647 3541 1833 3593 εἰκόνα

263 3626 342 3691 σὲ,
363 3629 457 3680 καὶ
486 3630 575 3680 τὸν
602 3631 692 3683 σὺν
724 3632 958 3701 πατέρα,
986 3630 1119 3701 ἐμοῦ
1142 3632 1345 3684 καὶτοῦ
1374 3633 1581 3702 Πατρος
1607 3633 1832 3704 προστί-

262 3719 398 3787 θημι
428 3718 544 3772 νῦν·
584 3724 648 3773 ἐκ
674 3721 779 3773 τῶν
814 3722 933 3775 καθ’
965 3724 1110 3793 ὑμᾶς
1141 3724 1564 3793 μανθανέτωσαν
1594 3725 1832 3790 ἅπαντες

264 3810 393 3863 Υἱοῦ
438 3813 529 3863 καὶ
576 3813 788 3883 Πατρὸς
821 3815 919 3883 τὴν
966 3817 1294 3884 ταυτότητα.
1355 3820 1451 3867 Ὃν
1494 3817 1601 3885 γὰρ
1633 3817 1832 3885 τρόπον

259 3903 443 3972 ὅμοιος
470 3903 534 3955 σὺ
563 3902 640 3973 τῷ
706 3904 860 3974 ’ῐωνᾷ
888 3906 1029 3958 κατὰ
1074 3905 1255 3974 φύσιν,
1294 3905 1466 3968 οὓτως
1508 3906 1690 3976 ὅμοιος
1720 3906 1831 3976 ἐγὼ

259 3994 340 4064 τῷ
374 3996 544 4066 Πατρὶ
566 3995 687 4050 κατ’
716 3996 924 4050 οὐσίαν·
961 3997 1037 4060 ὡς
1061 3999 1160 4051 οὐκ
1203 3995 1253 4050 εἷ
1290 3999 1351 4051 σὺ
1387 4000 1591 4068 κτίσμα
1622 3999 1715 4052 τοῦ
1754 4004 1832 4053 οἰ-

262 4084 413 4139 )ἰίου
445 4086 673 4157 πατρὸς,
701 4087 836 4139 ἀλλὰ
862 4087 1127 4156 γέννημα,
1149 4086 1319 4148 οὕτως
1345 4088 1467 4140 οὐδὲ
1494 4088 1604 4156 ἐγὼ
1625 4090 1833 4159 κτίσμα

262 4176 360 4229 τοῦ
398 4176 631 4249 Πατρὸς,
667 4178 799 4231 ἀλλὰ
833 4179 1101 4248 γέννημα·
1130 4178 1194 4231 σὺ
1212 4176 1524 4249 ἀνθρώπου,
1561 4181 1671 4250 ἐγὼ
1699 4183 1832 4247 Θεὸς

262 4270 328 4322 ἐκ
351 4269 508 4322 Θεοῦ·
542 4271 606 4323 σὺ
649 4272 974 4342 γεγέννησαι
1028 4272 1092 4324 ἐκ
1138 4272 1406 4335 τοιούτου,
1462 4271 1574 4339 ἐγὼ
1603 4272 1718 4340 φῶς
1767 4275 1832 4327 ἐκ

263 4361 460 4433 φωτός*
492 4364 555 4417 σὺ
589 4365 771 4434 ὅμοιος
801 4364 861 4427 te
888 4364 1094 4433 ὁμοίου,
1128 4362 1283 4431 κάγὼ
1311 4364 1495 4433 ὅμοιος
1530 4364 1586 4429 ἐξ
1622 4365 1828 4434 ὁμοίου⁶

261 4453 351 4507 διὰ
373 4453 533 4506 τοῦτο
565 4452 856 4524 μακαρίζω
877 4454 970 4507 τὸν
1006 4454 1230 4524 Πέτρον,
1263 4454 1344 4507 ὃτι
1376 4470 1481 4525 περ
1515 4455 1611 4523 οὐχ
1642 4452 1832 4526 ὥσπερ

1939 2005 2042 2059 ego
2078 1990 2171 2044 Dei
2194 2006 2314 2044 sum
2347 1989 2541 2042 Filius.

2020 2076 2187 2133 Vens.
2242 2080 2331 2132 17.
2383 2078 2776 2134 llaesitantihus
2841 2078 3146 2148 discipulis,
3187 2087 3242 2132 et
3282 2077 3422 2130 intra
3452 2090 3511 2132 se

1942 2171 2314 2227 verisimiliter
2348 2171 2477 2226 talia
2516 2171 2824 2226 dicentibus
2865 2170 3101 2225 :Petrus
3135 2171 3285 2224 illum
3312 2169 3509 2224 Filiqu

1942 2265 2036 2319 Dei
2080 2278 2284 2317 vocans
2332 2263 2527 2317 beatus
2571 2261 2802 2316 dicitur.
2845 2260 3054 2315 Martha
3095 2261 3292 2315 iterum
3330 2276 3511 2315 nonne

1941 2356 2138 2410 Filium
2176 2353 2268 2408 Dei
2287 2354 2436 2407 illum
2465 2368 2588 2407 esse
2612 2351 2785 2405 dixit?
2814 2350 2913 2417 Ita;
2945 2367 3068 2405 nam
3093 2353 3246 2418 dicit,
3270 2351 3507 2417 Domine,

1940 2465 2033 2517 ego
2063 2446 2267 2501 credidi
2296 2447 2420 2515 quia
2457 2455 2512 2497 tu
2549 2461 2602 2497 es
2632 2443 2899 2505 Christus,
2949 2443 3117 2496 Filius
3168 2443 3283 2510 Dei,
3328 2444 3416 2511 qui
3453 2443 3509 2495 in

1939 2540 2078 2592 Itum:
2109 2537 2361 2591 mundum
2390 2537 2601 2601 renisti,
2632 2534 2760 2605 quid
2798 2550 2926 2604 ergo
2951 2535 3041 2588 illa
3075 2549 3181 2587 non
3219 2535 3375 2588 beata
3399 2535 3509 2587 dici

1941 2633 2100 2701 digna
2135 2632 2353 2684 inventa
2406 2641 2511 2691 est,
2570 2643 2694 2683 cum
2747 2628 2965 2692 Petrus,
2998 2642 3095 2682 ceu
3142 2627 3345 2697 aliquid
3383 2626 3510 2682 novi

1939 2726 2148 2790 dicens,
2178 2725 2367 2779 beatus
2395 2722 2758 2793 praedicatur?
2790 2719 2901 2776 Nos
2934 2736 3148 2791 quoque
3179 2721 3511 2773 unanimiter

1944 2816 2167 2888 quando
2196 2816 2332 2868 mari
2365 2824 2418 2868 et
2460 2813 2635 2866 ventis
2668 2811 2976 2881 imperavit,
3008 2824 3189 2863 nonne
3223 2817 3282 2861 ut
3308 2807 3507 2862 Filium

1940 2908 2034 2961 Dei
2068 2907 2216 2960 illum
2246 2901 2599 2959 adoravimus
2629 2910 2682 2954 et
2708 2915 2837 2955 voce
2870 2913 3065 2966 magna
3101 2897 3458 2951 clamavimus
3489 2912 3505 2949 :

1953 2999 2078 3055 Vere
2114 2998 2287 3052 Filius
2319 2997 2412 3050 Dei
2436 3012 2488 3049 es
2509 2999 2534 3050 7
2556 2994 2667 3049 Cur
2706 2994 2894 3047 beatos
2921 3008 3020 3046 nos
3052 3006 3159 3044 non
3187 2999 3314 3045 tunc
3338 3004 3505 3044 voca-

1936 3094 2048 3147 vit?
2077 3091 2230 3145 Talia
2254 3088 2538 3156 discipulis
2560 3085 2948 3154 cogitantibus,
2985 3082 3247 3136 Dominus
3278 3081 3464 3150 adjicit
3489 3098 3506 3136 :

1940 3183 2049 3237 Bar
2083 3182 2243 3246 Jona,
2277 3180 2327 3233 id
2358 3187 2462 3239 est,
2515 3177 2587 3230 lili
2623 3175 2796 3241 Jonar,
2850 3182 2910 3227 ut
2937 3174 3262 3243 praedicasti,
3310 3172 3507 3243 inquit,

1941 3290 2120 3329 meum
2157 3270 2393 3335 Patrem,
2439 3270 2517 3323 sic
2563 3282 2663 3337 ego
2703 3281 2922 3335 quoque
2965 3263 3201 3335 praedico
3236 3272 3387 3317 tuum
3413 3278 3510 3333 pa-

1940 3374 2112 3430 trem;
2166 3379 2271 3417 nou
2322 3361 2540 3431 quidem
2597 3374 2817 3414 necesse
2855 3358 3060 3412 habens
3117 3365 3268 3410 tuum
3297 3368 3505 3424 patrem

1940 3469 2267 3518 memorare,
2300 3455 2391 3509 sed
2423 3454 2614 3508 volens
2639 3452 2926 3507 ostendere
2956 3464 3300 3504 communem
3331 3447 3432 3502 mei
3454 3456 3510 3501 et

1939 3546 2116 3602 Patris
2149 3555 2421 3609 naturam,
2451 3561 2595 3600 nunc
2622 3554 2675 3599 et
2709 3552 2915 3613 patrem
2948 3551 3101 3595 tuum
3133 3548 3191 3594 ut
3215 3539 3505 3609 imaginem

1941 3638 2044 3691 mei
2070 3647 2123 3691 et
2163 3635 2338 3690 Patris
2356 3637 2457 3689 mei
2486 3648 2727 3705 propono
2754 3649 2768 3695 ;
2796 3648 2825 3687 e
2851 3633 3050 3700 quibus
3077 3629 3377 3684 secundum
3409 3641 3509 3681 vos

1938 3730 2149 3784 discant
2178 3742 2369 3781 omnes
2396 3726 2572 3779 Patris
2600 3734 2649 3778 et
2686 3722 2804 3776 Filii
2826 3710 3033 3776 natura:
3065 3720 3508 3776 similitudinem.

1936 3819 2070 3873 Nam
2084 3834 2190 3889 quo
2211 3819 2370 3872 modo
2388 3818 2648 3871 siinilislu
2665 3814 2886 3869 Jonaees
2901 3814 3202 3869 secundum
3227 3820 3504 3873 naturam,

1941 3915 2020 3967 sic
2052 3928 2151 3981 ego
2185 3912 2382 3965 similis
2415 3908 2695 3964 sumPatri
2716 3907 3015 3963 secundum
3037 3905 3509 3967 substantiam;ut

1939 4012 1994 4057 tu
2010 4017 2116 4056 non
2148 4017 2206 4056 es
2220 4010 2456 4065 creatus,
2482 4000 2576 4055 sed
2600 3984 2855 4070 genitusa
2874 4000 3091 4069 proprio
3112 4008 3286 4069 patre,
3312 4000 3384 4053 ita
3406 4012 3508 4068 ego

1939 4111 2045 4152 non
2072 4104 2292 4150 creatus
2320 4108 2440 4147 sum
2471 4108 2500 4145 a
2527 4088 2716 4158 Patre,
2742 4092 2836 4147 sed
2880 4091 3127 4159 seruitus;
3167 4099 3223 4144 tu
3252 4090 3416 4144 homo
3440 4092 3508 4143 de

1938 4187 2176 4249 homine,
2198 4200 2299 4256 ego
2329 4183 2473 4238 Deus
2502 4184 2569 4238 de
2596 4181 2745 4250 Deo;
2772 4184 2829 4236 tu‘
2854 4182 3069 4251 genitus
3090 4196 3150 4235 es
3177 4182 3242 4236 de
3265 4180 3379 4244 tali,
3404 4195 3507 4251 ego

1936 4276 2117 4330 lumen
2139 4274 2205 4328 de
2234 4273 2471 4337 lumine;
2498 4281 2552 4325 tu
2571 4271 2766 4325 similis
2780 4269 2847 4323 de
2869 4268 3055 4333 simili,
3080 4284 3179 4339 ego
3200 4284 3417 4339 quoque
3432 4269 3508 4323 si-

1938 4368 2081 4422 milis
2096 4367 2161 4421 de
2178 4364 2365 4419 simili.
2380 4364 2462 4418 0b
2480 4364 2620 4417 hanc
2640 4377 2864 4416 causam
2883 4362 3098 4416 beatum
3117 4361 3244 4415 dico
3267 4359 3505 4426 Petrum,

1938 4460 2065 4528 quia
2100 4473 2207 4511 non
2237 4465 2296 4509 ut
2318 4455 2500 4509 caeteri
2531 4456 2779 4508 homines
2816 4452 3013 4507 Filium
3059 4452 3149 4507 Dei
3180 4469 3265 4507 me
3290 4453 3506 4523 procla-

260 4548 311 4599 οί
333 4546 510 4599 λοιποὶ
533 4546 641 4599 τῶν
665 4547 760 4599 ἀνθ
771 4546 965 4615 ρώπων
994 4547 1120 4599 Υίον
1137 4563 1203 4615 με
1222 4545 1355 4599 Θεοῦ
1383 4545 1830 4617 προσηγόρευσαν

1941 4558 2226 4604 maverunt
2255 4552 2554 4603 secundum
2578 4547 2919 4618 gratiam,ita
2945 4544 3161 4611 Petrus,
3190 4546 3283 4600 sed
3310 4556 3366 4600 ut
3392 4548 3507 4616 ipse

262 4639 403 4692 κατὰ
417 4639 484 4710 χά
495 4656 597 4710 ριν,
618 4640 758 4691 οὕτω
779 4642 806 4691 ὁ
831 4640 1054 4711 Πέτρος
1072 4638 1186 4692 ἀλλ’
1213 4639 1287 4700 ὡς
1313 4639 1472 4701 αὐτὸς
1487 4639 1702 4709 ἀληθῶς
1722 4641 1837 4705 υίὸς

259 4734 357 4785 τοῦ
371 4732 572 4786 οἰκείου
597 4733 801 4804 πατρὸς
818 4733 989 4796 οῦτως
1011 4733 1135 4785 Υἱόν
1158 4750 1223 4802 με
1236 4732 1411 4802 ἀληθῆ
1434 4736 1725 4803 προσεῖπεν
1740 4734 1833 4787 τοῦ

259 4826 421 4879 Θεοῦ·
436 4826 510 4887 ὠς
532 4826 691 4888 αὐτὸς
701 4827 874 4896 ἀρχὴν
902 4825 1040 4895 ἔχων
1053 4825 1110 4890 ὲξ
1128 4825 1297 4895 ἀρχὴν
1320 4825 1529 4894 ἔχοντος
1546 4826 1836 4896 ἐγεννήθη,

258 4919 433 4981 οὕτως
460 4918 695 4989 ἀναρχόν
726 4935 793 4989 με
825 4918 952 4971 Υίὸν
979 4918 1216 4988 ἀνάρχου
1242 4918 1451 4987 Πατρὸς
1480 4918 1835 4989 ἀνεκήρυξεν·

260 5011 338 5073 ὡς
368 5011 527 5072 αὐτὸς
548 5010 739 5082 θνητὸς
767 5013 831 5065 ὲκ
856 5011 1050 5080 θνητοῦ
1069 5053 1085 5077 ,
1109 5010 1280 5072 οὕτως
1315 5012 1585 5064 ἀθάνατόν
1615 5027 1679 5079 με
1710 5010 1837 5062 Υίὸν

261 5102 323 5168 ἐξ
355 5103 622 5157 ἀθανάτου
671 5104 881 5174 [ἰατρὸς
908 5103 1279 5175 ὡμολόγησεψ
1310 5104 1401 5157 διὰ
1434 5103 1591 5156 τοῦτο
1625 5107 1732 5174 γάρ
1768 5119 1835 5173 με

261 5191 390 5245 Υίδν
418 5191 511 5245 τοῦ
534 5191 668 5246 Θεοῦ
698 5193 791 5246 τοῦ
820 5193 1018 5258 ζῶντος
1051 5196 1513 5267 προσηγόρευσεν·
1547 5196 1575 5247 ὁ
1604 5196 1711 5265 γὰρ
1739 5193 1833 5246 τοῦ

261 5283 464 5347 ζῶντος
497 5284 617 5347 Υἱὸς
643 5283 751 5348 ζῶν
782 5286 867 5338 καὶ
902 5285 1087 5348 αὐτὸς,
1119 5286 1388 5355 ἀτρέπτου
1430 5286 1641 5354 Πατρδς
1672 5285 1836 5355 ἄτρεα

263 5391 399 5436 πτος
444 5374 660 5437 πάντως
698 5375 844 5438 Υἱός·
878 5375 1056 5428 ἔοικεν
1089 5377 1174 5427 ἀεὶ
1219 5376 1359 5428 κατὰ
1415 5376 1595 5427 πάντα
1624 5375 1702 5443 τῷ
1743 5391 1837 5441 γε-

263 5463 547 5532 γεννηκότι
576 5463 635 5515 τὸ
668 5464 934 5534 γέννημαο
969 5466 1063 5517 καὶ
1091 5464 1262 5526 οὕτως
1292 5464 1561 5518 ἀθάνατόν
1602 5482 1668 5534 με
1702 5465 1835 5517 Θεὸν

262 5553 533 5611 ἀθανάτου
585 5557 677 5608 καὶ
718 5556 916 5619 ζῶντος
962 5558 1090 5609 Υἱὸν
1134 5558 1598 5627 προσηγόρευσεν·
1646 5556 1836 5626 ὅτιπερ

268 5648 406 5717 μετά
438 5648 630 5717 μικρὸν
664 5649 728 5700 ἀν
758 5649 966 5721 ἀκούσῃ
996 5648 1224 5701 θάνατον
1254 5652 1348 5700 καὶ
1378 5648 1635 5717 σταυρὸν,
1674 5648 1836 5711 εὐθὺς

264 5742 541 5810 ναρκὴσας
572 5738 742 5811 βοήσῃ
782 5739 974 5808 λέγων·
1007 5739 1204 5806 Ἵλεώς
1251 5756 1371 5805 σοι,
1416 5741 1612 5808 Κύριε,
1649 5741 1720 5793 οὐ
1749 5741 1833 5809 μὴ

264 5830 435 5884 ἔσται
470 5845 567 5890 σοι
598 5832 788 5886 τοῦτο.
827 5831 995 5886 Οὔπω
1042 5832 1148 5901 γὰρ
1178 5832 1317 5901 ἔγνω
1348 5833 1444 5901 τῆς
1484 5833 1685 5901 σαρκός
1725 5849 1830 5900 μου

1938 4658 2061 4695 vere
2094 4643 2237 4695 lilius
2273 4649 2355 4694 est
2382 4638 2585 4709 proprii
2624 4638 2819 4707 patris,
2848 4638 2921 4690 ita
2965 4636 3160 4689 Filium
3200 4654 3284 4690 me
3316 4652 3503 4690 verum

1938 4735 2250 4807 priedicavit
2292 4732 2419 4798 Dei;
2466 4740 2527 4785 ut
2560 4730 2677 4799 ipse
2700 4728 2913 4781 initium
2950 4728 3156 4781 habens
3183 4743 3247 4780 ex
3278 4728 3508 4781 habente

1938 4829 2151 4882 initium
2187 4826 2402 4896 genitus
2427 4833 2529 4887 est,
2565 4823 2638 4877 ita
2684 4833 2949 4876 aeternum
2975 4835 3059 4873 me
3088 4817 3286 4873 Filium
3318 4820 3505 4874 aeterni

1940 4919 2116 4974 Patris
2148 4917 2535 4989 proclamavit;
2568 4924 2628 4970 ut
2665 4917 2781 4984 ipse
2806 4914 3050 4967 mortalis
3073 4913 3139 4966 de
3170 4914 3405 4975 mortali,
3433 4914 3505 4966 ita

1942 5007 2305 5063 immortalem
2333 5021 2419 5059 me
2436 5003 2631 5057 Filium
2651 5006 2717 5058 de
2743 5004 3034 5057 immortali
3050 5002 3505 5057 Patreconiessus

1939 5110 2051 5165 est;
2090 5104 2208 5152 ideo
2231 5098 2375 5150 enim
2402 5112 2488 5149 me
2512 5094 2709 5149 Filium
2730 5094 2823 5148 Dei
2847 5095 2950 5148 vivi
2974 5095 3348 5165 proclamavit.
3366 5092 3502 5146 Nam

1940 5195 2047 5247 vivi
2078 5191 2251 5245 Patris
2287 5190 2458 5243 Filius
2500 5189 2654 5241 vivus
2679 5196 2735 5242 et
2765 5187 2904 5252 ipse,
2933 5187 3293 5241 immutabilis
3324 5185 3502 5238 Patris

1939 5282 2293 5337 immutabilis
2318 5281 2545 5333 omnino
2595 5278 2785 5333 Filius.
2844 5278 3051 5332 Similis
3098 5292 3309 5346 semper
3334 5286 3419 5331 est
3447 5277 3499 5328 in

1938 5375 2193 5429 omnibus
2237 5372 2471 5443 genitori
2505 5371 2762 5441 genitus;
2812 5379 2864 5423 et
2897 5370 2967 5424 ita
3017 5371 3380 5424 immortalem
3417 5384 3503 5423 me

1940 5470 2106 5521 Deum
2140 5463 2465 5518 immortalis
2481 5462 2655 5517 etvivi
2682 5460 2880 5515 Filium
2914 5461 3247 5531 praedicavit.
3279 5460 3434 5528 Quod
3454 5462 3500 5516 si

1938 5560 2087 5614 brevi
2119 5555 2349 5610 audierit
2378 5563 2606 5607 mortem
2633 5562 2685 5605 et
2707 5551 3247 5616 crueem,eonl’estim
3274 5563 3501 5621 stupens

1937 5648 2193 5705 clamabit
2213 5646 2398 5700 dicens
2418 5661 2431 5697 :
2455 5638 2600 5696 Absit
2621 5652 2736 5706 ate,
2768 5643 3006 5703 Domine,
3032 5644 3244 5695 nouerit
3272 5644 3499 5699 tibi/ioc.

1938 5739 2189 5794 Nondum
2223 5738 2371 5791 enim
2395 5735 2758 5804 cognoscebat
2783 5734 2964 5788 carnis
3000 5749 3131 5787 meae
3160 5736 3498 5802 passionem,

1940 5840 1993 5888 et
2021 5839 2241 5901 propter
2272 5828 2378 5885 hoe
2418 5826 2841 5898 increpationem
2887 5839 2916 5877 a
2955 5839 3039 5879 me
3067 5824 3326 5895 recipiet;
3362 5842 3501 5881 non-
