4026 6570
546 386 678 450 “Q7

1260 377 1652 440 OPUSCULA
1693 371 2323 436 SCRIPTURISTICA
2363 367 2714 431 INCERTIE
2745 366 3053 427 ZETATIS.

3654 357 3787 421 1128

545 503 676 556 dum
712 494 1001 551 consilium
1032 489 1209 545 Patris
1241 486 1621 558 cegnoscebat,
1660 485 1750 540 sed
1783 485 1856 538 ita
1887 483 2112 537 immor-

2230 478 2277 533 ιδ
2306 477 2496 540 πάθος·
2533 475 2627 530 καὶ
2649 474 2738 527 διὰ
2762 473 2918 526 τοῦτο
2943 476 3042 542 τὴν
3071 469 3387 540 ἐπιτίμησῑν
3413 486 3518 538 μου
3547 467 3767 537 δέξηται

548 591 709 648 talem
771 585 940 641 Deum
995 598 1080 638 me
1129 580 1430 651 cognoscit.
1472 579 1595 634 Ideo
1646 577 1714 631 de
1773 589 1938 631 carne
1989 587 2112 630 mea

548 681 853 752 passionem
903 676 1213 744 ambiguam
1241 673 1424 735 habet,
1449 687 1555 726 non
1583 669 1727 724 enim
1771 676 1926 738 putat
1956 665 2115 720 indu-

549 781 790 828 mentum
818 769 984 826 vitam
1021 768 1258 823 induens
1302 779 1462 836 posse
1515 778 1542 816 a
1596 769 1769 817 morte
1823 757 2112 828 possideri.

548 862 630 916 Ob
659 877 775 916 eam
810 875 923 914 rem
954 859 1029 914 illi
1060 873 1188 926 ergo
1225 856 1334 911 dixi
1372 873 1384 908 :
1419 853 1609 908 Beatus
1655 867 1732 912 es.
1804 848 1987 904 Simon
2014 846 2121 900 Bar

545 954 725 1018 Jona;
765 951 1147 1022 cogitationem
1180 946 1326 1004 Petri
1369 945 1668 1016 explicans,
1719 943 1827 995 vim
1883 949 2122 1010 paternae

551 1044 900 1101 revelationis
927 1056 1209 1112 exponens
1249 1039 1414 1094 :Ideo
1465 1036 1656 1092 beatus
1682 1049 1764 1098 es,
1795 1034 1921 1104 quia
1975 1031 2121 1088 sicut

551 1149 609 1193 tu
633 1137 779 1193 ﬁlius
804 1135 977 1202 Jonas,
1003 1135 1076 1188 ita
1100 1143 1153 1186 et
1179 1146 1263 1200 me
1290 1128 1486 1184 Filium
1520 1126 1822 1198 przedicasti
1847 1125 2043 1190 Patris,
2067 1132 2122 1181 et

550 1232 760 1301 primus
788 1224 1173 1298 evangelizasti
1206 1238 1380 1277 meam
1412 1221 1705 1291 originem,
1751 1217 1895 1288 quod
1927 1231 2121 1286 nempe

549 1322 746 1376 Filium
783 1319 941 1373 Pater
975 1317 1208 1372 similem
1260 1314 1363 1369 sibi
1416 1312 1713 1368 secundum
1760 1309 2120 1364 substantiam

549 1407 753 1480 genuit.
780 1404 896 1458 Non
915 1399 1601 1471 dixitsi:npliciter,1f’atcr,
1625 1407 1740 1462 aut,
1765 1395 1867 1462 Qui
1887 1396 1940 1448 in
1968 1394 2121 1448 cmlis

550 1507 655 1559 est.
689 1496 806 1561 sed,
842 1496 1006 1548 Pater
1062 1509 1228 1559 meus,
1273 1507 1361 1545 me
1390 1506 1417 1546 ε
1445 1489 1724 1544 creatione
1757 1485 2023 1540 eximens.
2059 1482 2122 1536 Et

549 1590 934 1660 particular-em
965 1585 1064 1640 mei
1097 1584 1286 1639 dicens
1308 1581 1546 1643 Patrem,
1582 1581 1836 1646 Patrem;
1860 1575 2120 1646 quoniam

551 1681 697 1736 enim
728 1689 780 1736 et
809 1678 1092 1733 hominum
1131 1673 1290 1729 Pater
1316 1675 1457 1728 Deus
1495 1669 1812 1725 nominatus
1836 1677 1958 1723 est:
1989 1666 2122 1721 dicit

553 1775 697 1827 enim
750 1752 1006 1840 propheta
1052 1783 1066 1821 :
1119 1765 1308 1820 Nonne
1374 1764 1535 1818 Pater
1592 1761 1825 1815 omnium
1885 1768 2120 1816 nostrum

2221 569 2378 625 οὔπω
2434 569 2532 638 τὴν
2591 566 2900 638 οἰκονομίαν
2949 564 3091 632 ἔγνω
3147 562 3247 634 τὴν
3306 560 3622 631 πατρικὴν,
3679 557 3794 613 ἀλλ’

2219 661 2396 725 οὕτως
2457 658 2726 714 ἀθάνατόν
2783 673 2853 728 με
2922 653 3180 724 γινώσκει
3238 653 3390 706 Θεόν·
3445 654 3634 721 ὅτιπερ
3701 651 3798 702 καὶ

2221 755 2351 824 περὶ
2383 754 2480 823 τῆς
2510 750 2713 820 σαρκὸς
2742 749 2842 818 τῆς
2874 748 3015 818 ἐμῆς
3041 745 3341 816 ἀμφίϐολον
3369 744 3481 815 ἔχει
3511 744 3570 796 τὸ
3599 740 3794 804 πάθος·

2220 847 2281 899 ού
2312 847 2419 917 γὰρ
2475 844 2687 914 νομίζει
2751 844 2848 909 τὴν
2899 840 3005 894 ὑπὸ
3052 839 3197 908 ζωῆς
3249 837 3556 909 φερομένην
3603 832 3801 901 στολὴν

2221 938 2481 992 δύνασθαι
2520 937 2734 1006 θανάτῳ
2765 932 3100 1006 κρατεῖσθαιο
3133 931 3220 984 διὰ
3265 929 3424 982 τοῦτο
3452 927 3588 998 πρὸς
3636 925 3805 978 αὑτὸν

2221 1028 2374 1087 είπον
2406 1032 2549 1103 ἐγώ·
2580 1029 2882 1098 Μακάριος
2929 1023 3001 1094 εἷ,
3054 1028 3251 1096 Σίμων
3284 1026 3406 1094 βὰρ
3462 1020 3649 1078 Ἰωνᾶ·
3705 1019 3807 1091 τὴν

2221 1123 2432 1179 ἔννοιαν
2464 1123 2829 1193 ἐξηγούμενος
2869 1120 3098 1188 Πέτρου,
3150 1118 3248 1189 τὴν
3293 1116 3523 1186 δύναμιν
3565 1116 3666 1182 τῆς
3698 1127 3806 1164 πα-

2219 1217 2414 1288 τρικῆς
2449 1212 2846 1282 ἀποκαλύψεως
2872 1209 3117 1281 φράζων·
3146 1209 3233 1262 διὰ
3261 1207 3415 1261 τοῦτο
3435 1205 3704 1278 μακάριος
3733 1197 3808 1263 εί,

2221 1313 2411 1380 ὅτιπερ
2450 1309 2524 1369 ὡς
2583 1309 2647 1361 σὺ
2699 1308 2810 1368 υίὸς
2863 1302 2957 1358 τοῦ
3021 1303 3212 1366 Ἰωνᾶ,
3265 1299 3438 1363 οὕτως
3473 1298 3618 1368 κάμὲ
3671 1297 3808 1350 Tios

2223 1399 2670 1474 προσηγόρευσας
2693 1395 2785 1450 τοῦ
2820 1393 3051 1468 Πατρδς,
3084 1393 3178 1446 καὶ
3211 1391 3425 1460 πρῶτος
3464 1385 3813 1457 εύηγγελίσω

2217 1497 2320 1564 τὴν
2348 1493 2548 1548 κτίσιν·
2585 1491 2776 1560 ὅτιπερ
2810 1488 2939 1540 Υίὸν
2967 1490 2995 1540 ὁ
3026 1484 3212 1556 Πατὴρ
3255 1486 3443 1555 ὅμοιον
3481 1479 3630 1549 αὑτῷ
3682 1477 3810 1530 κατ’

2221 1585 2411 1642 οὐσίαν
2441 1584 2719 1652 ἐγέννησε.
2759 1583 2872 1634 Οὐκ
2918 1575 3070 1632 εἶπεν
3099 1577 3283 1640 ἁπλῶς
3311 1594 3325 1608 ·
3369 1576 3426 1627 '0
3468 1574 3661 1644 Πατὴρ
3691 1572 3720 1624 6
3750 1571 3810 1624 ὲν

2220 1681 2330 1740 τοῖς
2357 1677 2625 1748 οὐρανοῖς,
2651 1675 2790 1742 ἀλλ’,
2839 1673 2889 1728 '0
2915 1671 3113 1740 Πατήρ
3132 1688 3273 1741 μου,
3302 1667 3611 1738 ὑπεξαίρων
3641 1665 3813 1734 ἐμαυ-

2223 1770 2313 1823 τὸν
2343 1770 2439 1838 τῆς
2473 1769 2724 1828 κτίσεως’
2762 1765 2854 1819 καὶ
2909 1763 3041 1819 ἴδιόν
3081 1780 3183 1833 μου
3216 1762 3393 1828 λέγων
3427 1757 3678 1825 Πατέρα,
3716 1759 3811 1806 τὸν

555 1858 740 1911 Deus?
772 1857 898 1910 Ideo
932 1854 1314 1924 particularem
1364 1851 1471 1905 mei
1515 1849 1727 1905 Patrem
1773 1848 2116 1920 compellari,

2230 1863 2462 1932 Πατέρα.
2510 1860 2730 1930 Ἐπειδὴ
2757 1858 2863 1930 γὰρ
2902 1858 2997 1914 καί⁵
3044 1855 3350 1926 ἀνθρώπων
3381 1853 3575 1920 Πατὴρ
3615 1850 3646 1901 6
3677 1847 3812 1908 Θεὸς

554 1956 808 2014 tanquam
858 1943 1072 1999 Patrem
1125 1960 1231 1998 non
1277 1943 1576 1999 secundum
1634 1940 1884 2012 gratiam,
1917 1939 2010 1996 sed
2038 1955 2124 1994 se-

555 2041 794 2094 cundum
831 2047 1104 2093 naturam.

629 2305 790 2362 Vens.
850 2306 936 2361 18.
983 2304 1282 2376 Resipisco.
1345 2305 1494 2368 Arie,
1528 2314 1583 2359 et
1647 2305 1810 2374 paulo
1853 2320 1885 2361 a
1942 2304 2124 2360 furore

558 2414 782 2468 quiesce
817 2417 828 2450 :
859 2398 1148 2467 mgna-cis
1184 2396 1356 2450 l’alris
1391 2396 1712 2467 potentiam,
1747 2396 1866 2450 vide
1905 2405 1958 2450 et
2002 2394 2122 2449 Filii

558 2491 940 2547 auctoritatem
981 2529 995 2554 ,
1034 2487 1100 2542 Et
1152 2506 1244 2558 ego
1290 2489 1408 2541 dico
1453 2490 1569 2542 tibi.
1611 2489 1676 2541 Et
1719 2503 1820 2558 ego
1855 2507 1868 2542 :
1898 2496 1955 2542 ut
1999 2504 2123 2542 cum

559 2581 887 2636 auctoritate
911 2580 1170 2634 revelavit
1203 2580 1382 2647 Pater,
1419 2581 1491 2634 ita
1522 2589 1576 2634 et
1609 2595 1708 2647 ego
1740 2595 1866 2634 cum
1889 2582 2127 2634 auctori-

561 2683 670 2728 tate
706 2673 891 2726 revelo
932 2672 1226 2740 meipsum.
1260 2669 1328 2726 Et
1360 2688 1452 2742 ego
1481 2672 1599 2725 dico
1652 2671 1770 2737 tibi,
1816 2672 1917 2726 istc
1969 2671 2124 2736 dixit,

564 2781 672 2818 non
706 2762 860 2816 illud.
901 2761 967 2815 Et
997 2778 1097 2831 ego
1128 2763 1252 2816 dico
1288 2763 1380 2816 libi
1413 2763 1542 2817 illud
1570 2763 1696 2831 quia
1726 2771 1780 2816 tu
1806 2777 1864 2816 es
1893 2763 2126 2816 Petrus:

558 2866 618 2909 ιιι
657 2853 966 2925 ριάξάίειιειί
1003 2854 1070 2908 de
1112 2870 1198 2908 me
1228 2855 1506 2924 propriam
1541 2865 1594 2908 et
1627 2854 1838 2908 (inuam
1873 2855 2128 2908 divinita-

557 2956 692 3013 tem,
743 2947 823 2999 ita
865 2957 921 3000 et
956 2960 1057 3015 ego
1089 2947 1324 3015 praedico
1363 2955 1466 2999 tua:
1508 2944 1871 3001 confessionis
1905 2945 2130 2999 firmita-

557 3049 690 3096 tem.
733 3038 811 3094 Ex
840 3039 922 3094 his
950 3054 1068 3110 qua:
1098 3039 1310 3106 dixisti,
1345 3039 1764 3112 appellationem
1809 3036 2017 3110 accipe.

631 3222 801 3292 Super
852 3233 986 3278 hanc
1038 3235 1240 3294 petram
1290 3225 1561 3294 aediﬁcabo
1619 3223 1910 3279 Ecclesium
1939 3240 2126 3288 meam,

561 3316 615 3370 in
642 3315 986 3372 confessione
1005 3317 1402 3385 dicitzpctram
1427 3327 1606 3370 autem
1643 3317 1777 3370 dicit
1811 3319 1940 3386 quia
1975 3316 2130 3369 lirma

562 3416 647 3460 est
672 3406 799 3459 talis
834 3405 1000 3473 ﬁdes;
1055 3406 1353 3461 Ecclesium
1403 3420 1530 3461 vero
1571 3415 1729 3462 vocat
1784 3407 1912 3474 quia
1974 3406 2131 3460 multi

563 3496 787 3549 credere
816 3494 1037 3548 debent.

634 3586 774 3652 Quid
811 3585 976 3649 dicis,
1025 3585 1193 3640 Arie?
1223 3586 1351 3656 quid
1382 3587 1542 3652 dicis,
1580 3585 1887 3640 Eunomie?
1930 3585 2131 3654 Afdiﬁ-

563 3677 691 3731 rabo
737 3676 1031 3731 Ecclesium
1071 3695 1261 3742 nteant,
1299 3680 1476 3748 inquit
1509 3680 1808 3744 Christus;
1835 3693 1940 3733 non
1965 3679 2127 3743 dixit,

567 3767 873 3824 Aidiftcabo
911 3769 1089 3825 Patris
1127 3769 1454 3827 Ecclesiam.
1508 3769 1704 3826 Noscis
1752 3772 2131 3824 auctoritatem

567 3859 711 3924 Filii,
751 3860 932 3914 nom-is
961 3870 1288 3930 potestatem
1320 3860 1558 3928 Domini,
1589 3875 1716 3914 ecce
1751 3860 1918 3914 Filius
1950 3859 2134 3913 Eccle-

566 3953 700 4004 siam
745 3949 990 4020 possidet
1042 3952 1213 4005 solus.
1268 3951 1341 4004 Da
1386 3951 1523 4004 tnihi
1577 3949 1754 4005 Patris
1791 3948 2129 4014 Ecelesiam;

566 4057 756 4098 exsors
776 4051 860 4097 est
881 4041 1136 4097 Ecclesia?
1161 4041 1345 4105 Pater,
1372 4043 1630 4097 exclusus
1657 4047 1724 4094 ab
1750 4041 1988 4096 Ecclesia
2028 4041 2130 4094 Pa-

568 4147 681 4201 ter;
716 4136 819 4190 nisi
846 4153 950 4189 una
988 4137 1060 4190 sit
1084 4136 1390 4190 substantia
1417 4134 1595 4190 Patris
1626 4146 1678 4190 et
1706 4135 1860 4202 Filii;
1887 4150 1993 4188 non
2036 4132 2133 4190 Ec-

566 4229 732 4283 clesia
775 4244 879 4282 una
919 4227 1100 4282 Patris
1127 4236 1181 4281 et
1210 4227 1330 4281 Filii
1359 4236 1464 4294 est,
1497 4228 1771 4297 quomodo
1798 4226 1918 4282 Filii
1947 4227 2134 4280 Eccle-

567 4321 663 4373 siae
689 4320 1040 4389 participabit
1091 4317 1289 4372 Pater?
1345 4319 1623 4385 Attamen,
1667 4319 1712 4372 si
1749 4317 1976 4371 inferior
2004 4318 2135 4370 sub-

567 4413 766 4466 stantia
815 4421 960 4465 esset
991 4409 1162 4463 Filius
1202 4419 1256 4462 et
1298 4409 1633 4462 auctoritate
1656 4409 1924 4476 privatus,
1955 4421 2136 4458 nonne

2224 1951 2748 2022 tb\aottd{sro(}.éyst
2813 1952 2912 2019 γὰρ
2969 1948 2997 1999 6
3042 1948 3346 2018 προφήτηςο
3402 1943 3548 2010 οὐχί
3607 1938 3814 2006 [latim

2225 2047 2468 2098 πάντων
2498 2043 2676 2110 ’ἡμῶν
2711 2045 2743 2097 ό
2774 2040 2999 2108 Θεός;),
3053 2040 3141 2093 διὰ
3191 2037 3350 2090 τοῦτο
3383 2035 3516 2088 ἴδιόν
3565 2049 3672 2102 μου
3704 2032 3816 2082 Ila.

2229 2138 2365 2204 τέρα
2399 2137 2695 2205 προσεῖπον
2742 2133 2831 2186 τὸν
2869 2130 3022 2192 Θεὸν,
3055 2129 3130 2192 ὡς
3155 2129 3286 2182 ὄντα
3321 2126 3562 2196 Πατέρα,
3599 2125 3706 2194 οὐχ
3740 2120 3814 2182 ὡς

2228 2227 2371 2280 κατὰ
2399 2228 2556 2295 χάριν
2595 2223 2835 2293 Πατέρα,
2863 2221 2978 2276 ἀλλ’
3003 2221 3076 2284 ὡς
3107 2219 3247 2273 κατὰ
3282 2218 3468 2288 φύσιν.

2329 2319 2538 2388 Νῆψον,
2569 2319 2777 2386 ’Ᾱρειε,
2811 2318 2907 2368 καὶ
2933 2315 3127 2385 μικρὸν
3157 2317 3258 2382 τῆς
3283 2311 3480 2382 μανίας
3511 2303 3811 2373 ἀπόστηθι’

2228 2407 2364 2474 εἶδες
2406 2409 2614 2480 Πατρδς
2666 2405 2934 2473 ἐξουσίαν·
2969 2405 3134 2474 βλέπε
3167 2403 3262 2457 καὶ
3309 2400 3440 2456 Υίοῦ
3493 2398 3811 2453 αὑθεντὶαν.

2227 2503 2398 2570 Κάγὼ
2439 2502 2505 2555 δέ
2546 2518 2645 2554 σοι
2703 2502 2878 2568 λέγω.
2948 2496 3136 2567 Κάγώ.
3195 2496 3282 2558 Ὠς
3348 2491 3488 2564 μετὰ
3523 2487 3815 2549 αὐθεντίας

2227 2592 2576 2658 ἀπεκάλυψεν
2609 2592 2636 2643 ὁ
2676 2590 2886 2660 Πατὴρ,
2940 2587 3114 2650 οὕτως
3165 2586 3321 2653 κάγὼ
3356 2585 3475 2652 μετ’
3512 2579 3813 2639 αὐθεντίας

2228 2683 2598 2738 ἀποκαλύπτει)
2637 2681 2695 2733 τὸ
2893 2678 3063 2748 Κάγὼ
3101 2678 3170 2732 δέ
3223 2693 3325 2732 σοι
3373 2675 3554 2745 λέγω,
3604 2673 3817 2730 ἐκεῖνος

2229 2772 2401 2840 εἶπεν,
2431 2776 2491 2827 ού
2531 2774 2709 2828 τοῦτο·
2748 2772 2902 2839 κάγὼ
2932 2772 2988 2825 δέ
3029 2788 3111 2823 σοι
3157 2771 3302 2835 λέγω
3334 2767 3509 2829 τοῦτο,
3546 2766 3632 2818 ὅτι
3669 2764 3735 2815 σὺ
3769 2765 3819 2822 εἴ

2230 2866 2455 2936 Πέτρος
2490 2863 2564 2926 ὡς
2616 2861 2889 2932 ἐκήρυξάς
2937 2877 3040 2930 μου
3089 2859 3150 2912 τὸ
3206 2858 3336 2911 ἴδιον
3385 2856 3480 2909 καὶ
3512 2854 3814 2908 ἀσάλευτον

2229 2960 2325 3024 τῆς
2374 2950 2647 3025 θεότητοξ,
2698 2951 2869 3016 οὕτως
2922 2951 3078 3020 κάγὼ
3135 2949 3393 3022 κηρύττω
3441 2964 3538 3000 σου
3597 2945 3664 2997 τὸ
3717 2942 3811 3009 τῆς

2229 3049 2515 3119 ὁμολογίας
2541 3045 2855 3099 ἁτάλευτον·
2892 3044 2950 3109 ἐξ
2974 3037 3048 3097 ὧν
3074 3039 3254 3106 εἴπας,
3300 3041 3398 3112 τὴν
3429 3035 3811 3108 προσηγορίαν

2236 3141 2483 3210 κομίζου.

2315 3234 2386 3284 Τὺ
2429 3230 2559 3285 Ἐπί
2595 3231 2779 3294 ταύτῃ
2800 3232 2984 3296 πέτρᾳ
3005 3225 3376 3296 οἰκοδομήσω
3393 3241 3515 3293 μου
3543 3221 3666 3286 τὴν
3700 3219 3816 3269 Ἐκ-

2239 3325 2528 3389 κλησιάν,
2551 3325 2728 3396 ἐπἰτῇ
2763 3321 3020 3394 ὁμολογίᾳ
3038 3321 3205 3387 λέγει’
3239 3319 3447 3387 πέτραν
3464 3315 3525 3369 δὲ
3560 3310 3816 3380 λέγειδιὰ

2238 3417 2299 3468 τὸ
2327 3418 2558 3486 στερρὰν
2605 3412 2748 3469 εἶναι
2779 3417 2876 3486 τὴν
2919 3413 3172 3483 τοιαύτην
3205 3410 3408 3462 πίστιν·
3475 3404 3812 3473 Ἐκκλησίαν

2238 3506 2294 3558 δὲ
2325 3502 2476 3558 εἶπεν
2503 3508 2586 3560 ὅτι
2618 3506 2801 3561 πολλοὶ
2833 3504 3120 3574 μέλλουσιν
3153 3499 3401 3554 πιστεύει

2310 3597 2373 3649 Τί
2421 3598 2619 3665 λέγεις,
2654 3598 2876 3668 ’Λρειες
2922 3595 2973 3648 τί
3011 3594 3210 3661 λέγεις,
3260 3590 3530 3658 navews;
3568 3583 3814 3638 Οἰκοδο-

2233 3687 2409 3756 μήσω
2429 3705 2546 3756 μου
2589 3688 2701 3754 τὴν
2756 3687 3144 3753 Ἐκκλησίαν,
3171 3677 3324 3734 εἶπεν
3355 3682 3382 3732 6
3414 3678 3680 3747 Χριστός-ο
3717 3675 3817 3725 οὐκ

2239 3777 2411 3832 εἶπενο
2469 3779 2818 3849 Οἰκοδομήσω
2856 3780 2953 3846 τὴν
3001 3776 3095 3830 τοῦ
3162 3773 3372 3841 Πατρὺς
3453 3769 3817 3837 Ἐκκλησίαν.

2241 3865 2394 3930 Εἶδες
2453 3868 2740 3920 αύθεντίαν
2800 3866 2951 3930 Υίοῦ,
3013 3862 3152 3926 εἶδες
3209 3862 3458 3927 ἐξουσίαν
3515 3859 3820 3910 Δεσπότου-

2243 3961 2350 4013 ίδου
2379 3963 2406 4014 6
2437 3961 2561 4023 Υἱὸς
2604 3960 2928 4030 Ἐκκλησίαν
2960 3959 3220 4026 κέκτηται
3258 3957 3438 4025 μόνος
3472 3951 3560 4013 δός
3600 3969 3698 4019 μοι
3728 3948 3823 4017 τὴν

2239 4053 2332 4105 τοῦ
2349 4053 2553 4123 Πατρὸς
2571 4051 2912 4120 Ἐκκλησίαν·
2936 4049 3157 4118 ἄμοιρος
3179 4049 3207 4099 6
3233 4045 3420 4113 Πατὴρ
3457 4039 3823 4109 Ἑκκλησίας’

2239 4145 2504 4215 ἀκτήμων
2556 4145 2583 4195 ὁ
2628 4141 2815 4210 Πατὴρ
2873 4137 3218 4206 Ἐκκλησίας”
3269 4137 3318 4187 εί
3380 4135 3453 4202 μὴ
3508 4133 3612 4202 μία
3663 4129 3823 4201 οὐσία

2242 4236 2451 4304 Πατρὺς
2485 4235 2579 4286 καὶ
2621 4232 2771 4296 Υίοῦ,
2823 4230 2942 4283 οὐδὲ
2985 4228 3289 4298 Ἐκκλησία
3327 4225 3428 4295 μία
3461 4225 3684 4293 Πατρὺς
3730 4222 3824 4273 καὶ

2247 4324 2398 4388 Υίοῦ,
2432 4327 2546 4387 πῶς
2581 4321 2709 4376 Υίοῦ
2755 4323 3074 4390 κοινωνήσει
3116 4321 3183 4388 τῇ
3229 4315 3530 4385 Ἐκκλησία
3583 4314 3822 4380 [la-nio;

2243 4413 2434 4465 Καίτοι
2458 4416 2504 4464 εί
2529 4412 2840 4477 ὑπεξούσιος
2864 4405 2930 4480 ἦν
2954 4413 2981 4462 6
3007 4408 3132 4472 Υἱὸς
3155 4409 3248 4460 καὶ
3273 4391 3481 4474 γυμνὸς
3502 4405 3824 4464 αὑθεντξας,

566 4502 758 4556 debuit
793 4502 976 4554 dicere
1003 4516 1018 4552 :
1054 4498 1362 4555 Edilicabo
1396 4498 1577 4553 Patris
1610 4497 1944 4551 Ecclesiam?
1973 4495 2126 4550 Vides

2241 4503 2341 4554 οὐκ
2393 4503 2620 4573 ὤφειλεν
2658 4504 2828 4555 εἰπεῖν
2859 4519 2871 4532 ·
2912 4501 3264 4570 Οἰκοδομὴσω
3309 4500 3410 4568 τὴν
3453 4497 3550 4549 τοῦ
3609 4496 3826 4566 [ἰατρὸς

568 4602 650 4655 ut,
684 4591 728 4646 si
760 4592 884 4659 quis
919 4591 1102 4642 verbis
1153 4591 1374 4652 haereat,
1411 4603 1586 4656 neque
1625 4603 1754 4641 snas
1784 4587 2138 4655 cogitationes

567 4688 852 4750 sequatur,
887 4679 938 4730 in
967 4677 1292 4745 prwcipitia,
1313 4677 1456 4730 sicut
1473 4686 1550 4741 tu,
1573 4684 1626 4728 et
1654 4675 1705 4727 in
1727 4675 1952 4744 abyssos
1972 4677 2135 4729 cadit.

641 4860 822 4916 Porta:
847 4861 1006 4930 inferi
1048 4877 1149 4914 non
1183 4860 1539 4928 praevalebunt
1592 4860 1838 4913 adversus
1882 4877 2020 4928 eam,
2070 4862 2137 4916 de

569 4955 862 5016 mortibus,
890 4960 949 5008 ut
969 4953 1190 5021 opinor,
1210 4951 1342 5004 dicit
1370 4952 1534 5004 illatis
1559 4953 1626 5004 ab
1659 4951 1923 5005 haereticis
1945 4961 1998 5005 et
2023 4952 2138 5004 ido-

568 5047 787 5102 lolatris
843 5044 1186 5100 credentium
1217 5043 1563 5110 corporibus,
1615 5058 1788 5112 neque
1836 5042 2136 5097 valentibus

569 5139 775 5194 aliquid
812 5137 1016 5200 facere,
1061 5143 1155 5187 aut
1184 5134 1446 5186 adversus
1487 5148 1580 5187 eos
1608 5135 2041 5204 praevalentibus.

640 5318 808 5374 Vsus.
838 5316 925 5370 19.
955 5315 1069 5370 Cur
1097 5315 1252 5381 dicit,
1284 5313 1354 5368 Et
1384 5331 1478 5386 ego
1520 5315 1612 5369 tibi
1639 5315 1775 5369 dabo
1799 5317 1964 5372 claves
1992 5321 2135 5388 regni

569 5407 864 5464 caelorum?
898 5405 1144 5459 Similem
1177 5421 1235 5460 se
1273 5405 1419 5462 Patri
1461 5407 1772 5460 ostendens.
1800 5405 1868 5460 Ut
1901 5410 2018 5472 iste,
2048 5408 2134 5460 di-

569 5502 664 5562 cit,
697 5497 848 5551 dedit
883 5496 1087 5550 donum
1131 5496 1501 5554 confessionis
1547 5498 1732 5565 istius,
1761 5500 1841 5554 sic
1877 5515 1976 5568 ego
2021 5502 2133 5554 sol-

579 5591 737 5643 vendi
769 5601 821 5644 et
854 5589 1055 5662 ligandi
1088 5589 1290 5645 donum
1331 5609 1346 5644 :
1390 5607 1499 5646 non
1545 5592 1691 5646 enim
1725 5592 1858 5646 dixit
1898 5609 1912 5646 :
1951 5593 2134 5648 Advo-

574 5695 704 5733 cans
733 5681 894 5735 dabo.

650 5768 810 5828 Vsus.
838 5771 926 5830 2|.
957 5773 1166 5830 Exinde
1192 5778 1345 5834 cteoit
1375 5776 1534 5833 Iesus
1567 5778 1838 5834 ostendere
1861 5778 1974 5832 illis
2003 5779 2130 5835 auia

2252 4592 2607 4663 Ἐκκλησίανς
2655 4593 2814 4662 Ὁρᾷς
2843 4590 2916 4653 ὼς
2953 4589 3006 4642 εί
3042 4606 3124 4654 τις
3154 4587 3397 4643 δουλεύει
3421 4589 3542 4652 ταῖς
3585 4585 3826 4654 λέξεσιν,

2239 4686 2328 4736 καὶ
2373 4687 2448 4756 μὴ
2479 4690 2589 4748 τοῖς
2643 4684 3018 4753 ἐνθυμήμασιν
3067 4683 3283 4746 ἕπεται,
3337 4680 3474 4751 πρὸς
3510 4680 3824 4750 κρημνοὺς,

2239 4776 2488 4846 καθάπερ
2519 4777 2607 4839 σὺ,
2639 4776 2828 4827 πίπτει
2859 4775 2952 4826 καὶ
2983 4772 3252 4844 βάραθρα.

2319 4867 2414 4932 Τὸ,
2446 4868 2637 4920 Πύλαι
2671 4865 2818 4934 ᾄδοι)
2860 4866 2930 4919 οὐ
2978 4864 3468 4931 κατισχύσουσιν
3497 4859 3721 4929 αὐτῆς,
3753 4860 3825 4922 ὡς

2237 4956 2502 5026 ἠγοῦμαι,
2532 4957 2657 5017 τοὺς
2690 4954 2954 5014 θανάτους
2983 4951 3131 5019 λέγει
3153 4954 3279 5014 τοὺς
3309 4951 3398 5004 διὰ
3417 4953 3528 5003 τῶν
3554 4952 3825 5019 αἱρέσεων

2237 5050 2331 5102 καὶ
2365 5047 2762 5117 εἰδωλολατρῶν
2798 5045 3230 5114 ἐπιφερομένους
3261 5046 3354 5097 ὲπὶ
3384 5042 3495 5096 τῶν
3533 5043 3824 5094 πιστευόν-

2236 5156 2344 5191 των
2393 5139 2460 5191 τὰ
2507 5137 2753 5206 σώματα,
2782 5136 2875 5188 καὶ
2917 5135 2992 5203 μὴ
3042 5135 3381 5205 ίσχυσάντων
3415 5151 3468 5185 τι
3515 5132 3755 5201 ποιῆσαι
3793 5131 3824 5198 ἢ

2239 5234 2558 5302 κατισχῦσαι
2590 5232 2785 5286 αὐτῶν.

2324 5322 2424 5376 Διά
2469 5325 2520 5374 τί
2570 5323 2739 5389 λέγει,
2781 5323 2887 5377 Kal
2932 5321 3049 5394 ἐγὼ
3097 5319 3165 5376 δέ
3210 5337 3311 5374 σοι
3350 5318 3462 5384 τὰς
3509 5315 3689 5383 κλεῖς
3725 5314 3826 5368 τοῦ

2237 5413 2537 5484 cupas-of);
2577 5415 2800 5482 Ὅμοιον
2839 5414 3031 5466 ἑαυτὸν
3078 5413 3294 5476 δεικνὺς
3334 5409 3414 5480 τῷ
3461 5410 3670 5481 Πατρί.
3739 5407 3827 5467 Ὦς

2237 5508 2464 5567 ἐκεῖνος.
2497 5504 2680 5572 φησὶν.
2704 5504 2870 5555 ἔδωκε
2899 5505 2959 5555 τὸ
2997 5503 3244 5572 χάρισμα
3272 5501 3374 5569 τῆς
3399 5501 3668 5568 γνώσεως
3704 5499 3827 5550 ταύ-

2235 5616 2353 5668 της,
2375 5597 2545 5658 οὕτως
2575 5594 2682 5662 ἐγὼ
2708 5597 2766 5647 τὸ
2797 5596 2940 5648 λύειν
2969 5597 3062 5648 καί⁵
3085 5595 3328 5665 δεσμεῑνο
3360 5595 3466 5646 οὐκ
3497 5591 3665 5646 εἶπεν
3697 5594 3824 5662 γάρ’

2237 5687 2626 5758 Παρακαὶέσας
2655 5686 2828 5740 δώσω.

2321 5777 2461 5830 Ἀπὸ
2492 5777 2618 5829 τότε
2653 5777 2868 5844 ἡδί-ξατο
2900 5781 2931 5832 ό
2975 5777 3217 5846 Ἰησοῦς
3258 5777 3577 5834 δεικνύειν
3623 5777 3827 5838 αὐτοῖς
