4026 6568
292 308 428 374 Ηὲίὶ

1282 304 1605 367 SCIIOLIA
1648 305 1943 365 VETERA
1988 304 2068 365 IN
2111 304 2576 373 ΜΛΤΤΙΙᾸΞΗΜ.

3405 300 3539 365 1130

290 426 377 479 ὅτι
411 420 504 474 δεῖ
546 419 733 473 αὐτὸν
768 416 968 472 πολλὰ
1017 416 1249 470 παθεῖν.
1314 417 1446 469 Ἀπὸ
1493 415 1638 480 τότε,
1698 415 1863 479 πότε;

1977 426 2171 485 oportet
2207 433 2326 470 eum
2352 416 2522 470 multa
2553 416 2668 484 pati
2702 428 2720 469 :
2749 413 2993 485 quando,
3036 412 3274 468 exinde?
3307 410 3541 480 Quando

291 517 421 570 Ὅτε
453 511 655 583 ἔπηξεν
690 513 748 564 ὲν
782 511 966 574 αὐτοῖς
992 509 1053 562 τὸ
1093 509 1269 578 δόγμα
1299 508 1360 561 τὸ
1390 508 1570 578 ὀρθόν·
1619 507 1869 577 ἐνόμιζον

291 607 397 677 γάρ
429 603 609 673 πολλῷ
641 602 849 673 βέλτιον
874 601 935 654 τὸ
969 601 1044 671 μὴ
1076 602 1368 655 ἀποθανεῖν
1397 599 1584 654 αὐτόν.

382 700 478 763 Τὸ,
550 692 1019 764 Ἀπαρνησάσθω
1082 694 1320 759 ἑαυτὸν,
1384 691 1626 746 τοιοῦτόν
1696 692 1863 743 ἐστιν·

291 792 525 863 Ὠσπερ,
554 790 739 861 φησιν,
776 788 964 855 ἑτέρου
996 786 1359 857 τυπτομένου,
1394 786 1427 856 ἢ
1461 786 1561 854 τὴν
1625 786 1719 837 ἐπὶ
1762 784 1863 836 Θα-

291 888 437 955 νίτῳ
483 885 754 955 ἀγομένου
802 885 837 956 ἢ
874 881 1291 952 μαστιζομένου,
1349 882 1449 933 οὐκ
1493 880 1579 933 ἀεὶ
1599 879 1869 949 παριστάο

296 981 455 1052 μεθα,
483 979 544 1031 οὐ
582 974 908 1048 βοηοοῦμεν,
953 975 1014 1029 οὺ
1049 973 1246 1043 πάσχει
1293 990 1346 1027 τι
1381 972 1518 1043 πρὸς
1550 971 1712 1024 αὐτὸν
1743 987 1870 1022 τοσ-

293 1072 450 1127 οῦτον
498 1072 527 1124 6
556 1071 722 1142 ὁρῶν,
748 1069 891 1125 οὕτω
918 1069 1039 1122 οὐδὲ
1085 1069 1170 1137 ἐφ’
1206 1066 1439 1129 ἑαυτῶν,
1493 1063 1597 1118 κᾶν
1628 1062 1867 1116 ἐλαυνώ-

296 1165 459 1235 μεθα,
488 1163 590 1217 κᾶν
620 1162 965 1233 Θνήσκωμεν,
994 1159 1074 1213 δεῖ
1107 1161 1253 1231 ἡμᾶς
1288 1156 1482 1214 πολλοῦ
1510 1156 1670 1225 λόγον
1700 1157 1869 1208 ποιεῖ-

295 1258 419 1311 σθαι
443 1256 673 1312 τούτων.

363 1350 457 1414 Τὸ,
521 1348 731 1416 Ἂράτω
777 1347 886 1401 τὸν
934 1345 1204 1414 σταυρὸν
1233 1344 1420 1399 αὑτοῦ
1466 1344 1564 1398 καί
1611 1343 1870 1397 ἀκολου·

295 1443 464 1497 Οείτω
491 1459 615 1512 μοι,
656 1440 746 1494 τὸν
773 1440 1001 1494 θάνατον
1031 1438 1202 1506 λέγει,
1237 1439 1330 1490 καὶ⁵
1361 1436 1591 1490 θάνατον
1626 1434 1717 1489 τὸν
1772 1435 1869 1487 ἑπ-

296 1551 381 1588 ονε
391 1534 609 1588 ίδιστον.

381 1626 475 1691 Τὸ,
528 1628 633 1691 Ὃς
683 1624 759 1679 ἂν
792 1624 939 1691 θέλῃ
994 1621 1109 1690 τὴν
1157 1621 1373 1690 ψυχὴν
1423 1619 1609 1674 αὑτοῦ
1651 1619 1867 1684 σῶσαι,

296 1716 591 1771 ἀπολέσει
627 1716 847 1783 αὐτὴν,
877 1715 1007 1785 περὶ
1033 1714 1132 1782 τῆς
1162 1714 1314 1783 παρὰ
1344 1712 1405 1766 τὸ
1449 1712 1564 1765 δέον
1595 1712 1869 1782 σωτηρίας

1973 512 2089 575 lixit
2121 510 2171 563 in
2206 509 2287 564 eis
2316 508 2517 579 dogma
2555 517 2806 574 rectum;
2841 506 3105 578 putabant
3160 508 3309 562 enim
3365 507 3543 561 nmlto

1971 600 2168 655 melius
2194 614 2315 655 esse
2350 600 2503 654 illum
2533 616 2642 656 non
2671 601 2834 655 mori.

2046 690 2214 747 Vens.
2248 693 2335 747 26.
2374 690 2537 754 Illud,
2591 693 2823 763 Abneget
2868 692 3226 761 semetipsum,
3264 691 3370 745 tale
3409 699 3492 745 est
3524 706 3539 742 :

1973 784 2148 847 Sicut,
2171 783 2367 853 inquit,
2388 783 2543 838 alteri
2568 799 2851 853 percusso,
2889 784 3067 839 autad
3088 793 3319 838 mortem
3352 784 3545 844 ducto,

1972 888 2064 931 aut
2096 876 2388 945 ﬂagellato,
2417 892 2525 930 non
2559 891 2775 943 semper
2797 875 3197 939 succurrimus,
3224 892 3332 929 non
3364 875 3546 942 opitu-

1973 970 2172 1033 lamur,
2220 983 2331 1024 non
2376 967 2559 1022 omnis
2600 968 2693 1037 qui
2731 967 2877 1020 videt
2912 966 3039 1020 talia
3072 966 3274 1035 patitur
3304 980 3401 1034 pro
3429 966 3547 1027 illo,

1972 1062 2054 1117 sic
2074 1076 2246 1132 neque
2277 1075 2379 1117 nos
2410 1062 2462 1115 in
2498 1060 2680 1125 nobis,
2709 1060 2835 1116 licet
2864 1060 3228 1128 expellamur,
3260 1058 3387 1113 licet
3423 1073 3546 1112 mo-

1973 1154 2204 1219 riamur,
2238 1161 2455 1223 oportet
2485 1152 2641 1207 multi
2678 1151 2857 1207 facere
2892 1153 3041 1207 talia.

2051 1340 2222 1394 Tollat
2253 1356 2463 1394 crucem
2486 1356 2640 1395 suam
2676 1351 2725 1394 et
2756 1350 3011 1410 sequatur
3045 1355 3144 1405 me,
3196 1348 3425 1395 mortem
3462 1339 3552 1392 in.

1975 1432 2190 1502 telligit,
2218 1440 2273 1485 et
2302 1440 2537 1487 mortem
2574 1433 3059 1488 contumeliosam.

2053 1616 2222 1673 Vens.
2261 1616 2352 1671 25.
2391 1615 2495 1682 Qui
2534 1616 2759 1671 voluerit
2790 1621 3026 1671 animum
3050 1635 3200 1672 suam
3236 1618 3436 1672 salvam
3462 1619 3551 1685 {a-

1976 1719 2114 1773 cere,
2149 1708 2328 1778 perdet
2345 1725 2484 1774 eam,
2522 1709 2589 1765 de.
2619 1710 2795 1764 salute
2824 1712 2877 1763 in
2902 1710 3083 1764 cilicio
3116 1711 3443 1779 compleudo
3466 1713 3550 1764 dia

296 1809 466 1876 λέγει,
488 1806 585 1877 τὴν
619 1808 681 1859 ὲκ
718 1777 842 1861 τῖον-
861 1777 1125 1861 κινδύνων
1153 1777 1424 1876 διαιρυγὴν
1463 1777 1869 1860 ἀπώλειαν-κα-

1977 1801 2071 1864 cit,
2113 1801 2479 1871 periculorum
2516 1800 2698 1871 l'ugam
2737 1802 3096 1872 perditionem
3130 1817 3371 1869 vocans;
3423 1812 3481 1855 ut
3520 1816 3551 1857 e

294 1899 425 1953 λῶν·
452 1900 642 1969 ὥσπερ
669 1900 763 1953 καὶ
790 1899 1099 1953 τούναντίον
1136 1897 1432 1969 σωτηρίαν,
1470 1899 1571 1966 τὴν
1610 1895 1873 1951 δοκοῦσαν

295 1990 595 2045 ἀπώλειαν.

373 2083 471 2148 T6,
506 2082 644 2137 Εἰσί
694 2098 854 2146 τινες
898 2081 1016 2135 τῶν
1047 2076 1164 2135 ὦδε
1196 2080 1539 2149 ἑστηκότων
1573 2080 1631 2135 οἳ
1674 2082 1745 2135 οὐ
1786 2080 1873 2149 μὴ

297 2176 628 2248 γεύσωνται
655 2176 918 2229 θανάτου
947 2174 1059 2241 ἓως
1083 2175 1159 2228 ἂν
1202 2174 1416 2227 ἴδωσιν
1441 2173 1551 2228 τὸν
1604 2173 1741 2226 Υίὸν
1767 2173 1873 2227 τοῦ

295 2268 612 2338 ἀνθρώπου
646 2266 974 2337 ἐρχόμενον
1001 2268 1071 2321 ἐν
1112 2266 1186 2335 τῇ
1215 2267 1505 2335 ,ϐασιλείᾳ
1535 2265 1742 2329 αὑτοῦ,
1776 2266 1873 2336 βα-

297 2362 501 2415 σιλείαν
551 2360 717 2415 αὐτοῦ
769 2360 944 2428 λέγων
992 2360 1091 2430 τὴν
1161 2360 1606 2430 μεταμόρφωσιν,
1662 2357 1724 2411 οὗ
1778 2358 1875 2429 τὴν

296 2452 588 2522 ἀνάληψιν,
621 2450 695 2514 ὡς
719 2451 982 2522 ἠγοῦμαι·
1011 2445 1113 2505 ὦδε
1152 2450 1282 2520 γὰρ,
1318 2449 1482 2513 τινὲς,
1512 2450 1628 2502 ἐκεῖ
1654 2448 1710 2502 δὲ
1742 2449 1876 2503 πάνυ

296 2563 411 2611 τες.
456 2547 565 2602 Kal
606 2547 809 2613 ἄλλως
836 2562 849 2576 ·
874 2546 1052 2599 Εἱσίν
1105 2561 1261 2610 τινες
1317 2543 1436 2596 τῶν
1468 2542 1582 2596 ὧδε
1626 2542 1874 2610 ἑστηκό-

296 2653 437 2704 των,
468 2639 563 2691 καὶ
611 2637 757 2708 ἑξῆς·
798 2636 889 2690 διὰ
936 2636 1026 2689 τὸν
1080 2636 1287 2707 Πέτρον
1320 2636 1416 2690 καὶ
1479 2636 1732 2690 Ἰάκωϐον
1784 2635 1876 2689 καὶ

307 2728 564 2799 Ἰωάννην
596 2728 778 2801 φησίν·
813 2721 958 2783 οὗτοι
984 2728 1091 2800 γὰρ
1117 2729 1173 2780 ἐν
1196 2731 1261 2797 τῇ
1291 2725 1713 2799 μεταμορφώσει
1740 2745 1874 2795 συμο

299 2820 750 2892 παρελήφθησαν,
785 2822 851 2893 ἣν
881 2821 1037 2876 καλεί
1060 2820 1338 2892 βασιλείαν
1366 2819 1556 2873 αὐτοῦ·
1602 2819 1675 2883 ὡς
1702 2819 1876 2889 ἐκφή-

299 2930 471 2967 νασαν
516 2913 615 2983 τῆς
663 2913 911 2980 ἐξουσίας
956 2913 1020 2966 τὸ
1064 2914 1292 2981 άφατον,
1334 2910 1429 2964 καὶ
1470 2914 1567 2980 τῆς
1613 2910 1748 2982 πρὸς
1785 2911 1877 2963 τὸν

302 3002 521 3073 Πατέρα
556 3003 912 3073 γνησιὸτητος
954 3003 1015 3056 τὸ
1044 3002 1270 3074 σφοδρὸν
1301 3002 1394 3055 καὶ
1432 3002 1874 3071 ἀπαράλλακτον·

1977 1894 2256 1949 contrario
2278 1893 2508 1950 salutem
2539 1894 2688 1960 dicit,
2719 1896 2864 1965 quod
2908 1896 3120 1951 videtur
3152 1896 3408 1965 perditio.

2056 2077 2218 2147 Vens.
2252 2079 2341 2135 98.
2371 2078 2509 2135 Sunt
2542 2081 2759 2151 quidam
2791 2082 2855 2137 de
2902 2084 2987 2137 hic
3030 2084 3296 2138 stantibus
3328 2086 3417 2156 qui
3450 2103 3553 2140 non

1975 2172 2261 2241 gustabunt
2291 2184 2530 2242 mortem,
2552 2173 2716 2228 donec
2741 2176 2948 2229 videant
2975 2174 3176 2231 Filium
3209 2178 3435 2233 hominis
3466 2195 3555 2233 ve-

1978 2262 2199 2314 nientem
2228 2261 2281 2313 in
2315 2277 2472 2330 regno
2526 2278 2660 2327 suo;
2708 2278 2934 2333 regnum
2993 2281 3153 2321 suum
3206 2266 3339 2322 dicit
3396 2283 3551 2322 suam

1979 2354 2537 2424 transligurationem,
2598 2370 2706 2410 non
2758 2357 3160 2423 ascensionem,
3221 2365 3280 2412 ut
3316 2360 3553 2429 opinor;

1977 2461 2101 2501 nam
2126 2446 2273 2501 illam
2300 2447 2524 2517 quidam
2558 2447 2837 2513 videbunt,
2877 2450 3016 2505 hanc
3038 2466 3166 2507 vero
3196 2467 3408 2508 omnes.
3436 2456 3556 2507 Ali-

1978 2548 2059 2598 ter
2088 2556 2100 2593 :
2132 2537 2267 2595 Sunt
2300 2541 2517 2608 quidam
2550 2540 2614 2593 de
2648 2541 2731 2593 hic
2764 2544 3043 2608 stantibus,
3097 2552 3229 2611 etc.;
3265 2544 3332 2601 de
3370 2546 3557 2612 Petro,

1977 2632 2179 2687 Jacobo
2208 2630 2490 2688 etJoaune
2523 2634 2802 2703 loquitur;
2833 2635 2886 2689 hi
2925 2637 3069 2691 enim
3113 2637 3165 2691 in
3205 2641 3559 2711 transﬁgura-

1981 2726 2125 2779 tione
2151 2740 2276 2781 cum
2306 2725 2397 2779 illo
2439 2727 2710 2793 assumpti
2748 2737 2899 2792 sunt,
2935 2745 3100 2798 quam
3132 2740 3289 2786 vocat
3327 2747 3552 2803 regnum

1979 2833 2177 2882 suum;
2210 2816 2370 2886 Quasi
2398 2816 2840 2873 manifestautem
2870 2824 3173 2890 potentiam
3204 2823 3326 2892 ejus
3358 2826 3554 2879 inetl‘u-

1980 2908 2161 2973 bilem,
2199 2917 2253 2963 et
2278 2907 2534 2962 unionem
2563 2922 2687 2965 cum
2719 2907 2881 2963 Patre
2915 2910 3222 2967 mirabilem
3264 2922 3317 2966 et
3344 2914 3557 2969 incom~

1980 2998 2300 3069 parabilem.
2335 2999 2391 3053 lu
2440 2999 2531 3054 illa
2555 2999 2701 3055 enim
2728 3002 2955 3056 secundi
2985 3002 3067 3057 sui
3096 3004 3362 3061 adventus
3390 3008 3556 3076 majv-

300 3098 356 3148 ἔν
385 3098 522 3167 αὐτῇ
549 3097 657 3168 γὰρ
682 3098 777 3151 καὶ
807 3098 906 3167 τῆς
941 3098 1203 3168 δευτέρας
1253 3096 1422 3150 αὐτοῦ
1468 3098 1772 3166 παρουσίας
1816 3095 1874 3148 τὸ

1988 3102 2185 3150 statem
2216 3104 2272 3148 et
2296 3101 2565 3148 terrorem
2620 3094 3006 3163 subostendit;
3045 3098 3369 3167 praeludium
3405 3100 3557 3157 illam

300 3187 518 3258 ἀξίωμα
544 3190 637 3242 καὶ
679 3189 741 3241 τὸ
772 3190 999 3262 φρικτὸν
1039 3188 1378 3261 ὑπεδήλωσε·
1418 3190 1703 3259 προοίμιον
1741 3189 1875 3243 ταύ-

302 3298 402 3351 την
431 3282 668 3353 ἐκείνης,
694 3284 787 3336 καὶ
812 3278 922 3337 οἷον
952 3281 1242 3353 βεϐαίωσιν
1271 3282 1664 3353 ἐνδειξάμενος.

868 3394 1121 3450 ΚΕΦΔΛ.
1177 3396 1277 3451 ΙΖ’.

378 3507 484 3561 Καὶ
512 3508 642 3576 μεθ’
694 3509 913 3576 ἡμέρας
955 3507 1025 3573 ἓξ
1056 3510 1503 3580 παραλαμϐάνει
1558 3514 1591 3566 ό
1639 3510 1878 3580 Ἰησοῦς

300 3600 411 3652 τὸν
445 3600 670 3668 Πέτρον
699 3600 796 3653 καὶ
834 3600 941 3654 τὸν
978 3600 1255 3656 Ἰάκωϐον
1287 3604 1386 3657 καί
1434 3602 1740 3671 Ἰωάννην,
1784 3602 1879 3656 καὶ

302 3698 369 3747 τὶ
403 3693 549 3765 ὲξῆς,
595 3696 653 3748 ὲν
686 3694 765 3765 τῷ
795 3693 1312 3765 μεταμορφοῦσθαι·
1360 3695 1517 3759 ἄλλος
1542 3695 1600 3748 δὲ
1644 3695 1875 3764 εὐαγγε-

302 3786 487 3855 luti};
526 3786 648 3856 μεθ’
678 3786 889 3858 ἡμέρας
915 3785 1059 3839 ὀκτὼ
1089 3786 1263 3855 λέγει,
1294 3788 1393 3840 οὐκ
1442 3786 1876 3857 ἐναντιούμενος,

302 3878 439 3930 ἀλλὰ
470 3878 565 3947 τὴν
592 3878 681 3931 ὅτε
716 3878 1037 3947 ἐφθέγξατο,
1080 3883 1172 3933 καὶ
1216 3880 1317 3951 τὴν
1356 3882 1446 3934 ὅτε
1491 3882 1768 3951 ἀνήγαγεν
1802 3882 1878 3933 εἰ·

300 3968 443 4020 πῶν·
470 3970 497 4022 6
523 3968 579 4021 δὲ
608 3967 707 4030 τὰς
735 3967 823 4021 διὰ
857 3970 1025 4039 μέσου
1057 3972 1227 4039 μόνας
1265 3969 1508 4041 εἴρηκεν.

368 4061 469 4113 Διὰ
514 4062 566 4114 τί
605 4061 731 4124 τοὺς
771 4062 919 4132 τρεῖς
956 4061 1154 4131 μόνους
1198 4061 1467 4133 λαμϐάνει
1513 4063 1592 4126 είς
1636 4062 1696 4116 τὸ
1729 4062 1874 4133 δρος;

314 4151 402 4214 Ὠς
442 4152 769 4223 ἀξιωτέρους
817 4153 913 4206 καί⁵
961 4152 1167 4223 σφόδρα
1206 4152 1517 4221 φιλοῦντας·
1561 4154 1656 4207 καὶ
1697 4153 1802 4225 γὰρ
1848 4154 1877 4206 6

304 4246 508 4317 Πέτρος
556 4246 757 4317 σφόδρα
807 4246 981 4315 ἐφίλει
1023 4245 1205 4298 αὐτόν·
1270 4246 1522 4317 Ἰωάννης
1566 4246 1622 4299 δὲ
1670 4246 1734 4299 ἐκ
1783 4245 1876 4299 τοῦ

306 4334 513 4409 σφόδρα
542 4338 836 4407 φιλεῖσθαι·
863 4338 1120 4402 Ἰάκωϐος
1164 4338 1220 4391 δὲ
1264 4338 1370 4391 ἀπδ
1400 4338 1499 4408 τῆς
1530 4338 1878 4409 ἀποκρίσεως

303 4429 404 4496 τῆς
434 4430 571 4499 μετά
599 4430 693 4482 τοῦ
737 4430 963 4499 ἀδελφοῦ
996 4425 1064 4502 ἦς
1109 4430 1407 4504 ἀπεκρίθη,
1453 4431 1535 4485 ὅτι
1566 4431 1876 4499 Δυνάμεθα

305 4520 464 4573 πιεῖν
493 4523 557 4574 τὸ
599 4521 903 4588 ποτήριον.

374 4613 447 4665 T6
478 4613 799 4682 φαινόμενον
838 4614 952 4682 φῶς
990 4614 1132 4685 ὑπὲρ
1160 4614 1311 4685 ἥλιον
1340 4611 1427 4687 ἦν·
1462 4612 1612 4669 εἶπεν
1648 4616 1703 4669 δὲ
1732 4619 1758 4670 6
1789 4618 1877 4670 εὑο

303 4705 631 4777 αγγελιστὴς
658 4706 731 4769 ὡς
755 4707 783 4759 6
810 4706 981 4776 ἥλιος,
1006 4708 1193 4777 ἐπειδὴ
1220 4707 1281 4760 τὸ
1311 4709 1509 4778 ἄστρον
1530 4710 1687 4762 τοῦτο
1718 4711 1877 4779 μόνον

303 4800 578 4869 γνύφιμάν
613 4799 759 4851 ἐστιν
803 4799 861 4850 ὲν
900 4799 1171 4869 ὑπερϐολῇ
1209 4798 1413 4867 φωτός.
1448 4800 1655 4863 Λευκὸς
1695 4796 1761 4871 ἦν
1803 4801 1877 4865 ὡς

306 4890 459 4962 χιών·
488 4892 587 4944 οὐκ
610 4890 716 4961 ἔχω
743 4890 910 4960 ἄλλην
937 4890 1066 4960 ὓλην
1093 4891 1575 4963 λευκοτέραν.“οτι
1603 4896 1710 4963 γὰρ
1740 4894 1877 4965 ὑπὲρ

303 4985 457 5055 ἥλιον
494 4984 765 5055 ἔλαμψεν,
800 4984 907 5038 ἀπὸ
939 4983 1031 5037 τοῦ
1062 4984 1186 5055 ἑξῆς
1207 4984 1480 5039 δείκνυται
1501 5025 1514 5048 ,
1549 4986 1658 5040 Καὶ
1684 4987 1879 5041 ἔπεσον

303 5078 481 5147 χαμαὶ
518 5077 568 5128 οί
614 5075 888 5147 μαθηταί·
918 5078 966 5130 εί
1013 5077 1068 5131 δὲ
1109 5077 1183 5140 ὡς
1212 5077 1241 5129 6
1286 5077 1437 5148 ἥλιος
1488 5076 1749 5148 ἔλαμψεν,
1778 5081 1879 5133 οὐκ

306 5170 537 5222 ἔπιπτον
581 5168 631 5221 oi.
680 5168 951 5240 μαθηταί·
985 5169 1133 5239 ἦλιον
1178 5170 1299 5239 γὰρς
1333 5169 1559 5223 ἔϐλεπον
1590 5170 1714 5223 καθ’
1746 5170 1879 5240 ἠμέ-

310 5277 409 5331 ραν
453 5259 547 5312 καὶ
591 5260 689 5313 οὐκ
735 5259 999 5313 ἔπιπτον·
1041 5259 1157 5313 ἀλλ’
1190 5260 1379 5334 ἐπειδὴ
1408 5261 1550 5332 ὑπὲρ
1593 5262 1685 5314 τὸν
1725 5262 1877 5333 ἥλιον

305 5355 570 5425 ἔλαμψεν,
601 5355 694 5407 καὶ
725 5354 865 5423 ὑπὲρ
898 5352 991 5423 τὴν
1012 5352 1188 5422 χιόνα,
1217 5354 1306 5407 διὰ
1334 5352 1492 5407 τοῦτο
1522 5354 1597 5426 μὴ
1618 5354 1877 5425 φέροντες

302 5448 404 5516 τὴν
450 5447 770 5515 λαμπηδόνα
810 5446 1129 5498 κατέπεσον.
1174 5441 1312 5496 Εἰπέ
1358 5461 1445 5515 μοι
1489 5440 1611 5511 οὖν,
1640 5447 1875 5514 εὐαγγεο

304 5541 487 5605 λιστά,
524 5541 662 5611 ὑπὲρ
701 5540 791 5592 τὸν
820 5539 969 5609 ἥλιον
1014 5537 1244 5608 ἔλαμψε,
1274 5538 1366 5591 καὶ
1410 5538 1473 5592 σὺ
1510 5538 1687 5607 λέγεις
1731 5540 1807 5603 ὡς
1850 5540 1877 5592 6

305 5634 457 5704 ἦλιος
485 5650 499 5697 ;
526 5633 652 5685 Ναί·
676 5631 951 5702 γνὼριμὸν
978 5649 1059 5684 σοι
1090 5631 1228 5683 Θέλω
1256 5629 1483 5701 ποιῆσαι
1516 5632 1578 5684 τὸ
1608 5631 1743 5701 φῶς·
1775 5632 1877 5685 οὐκ

307 5724 418 5797 ἔχω
448 5724 575 5778 ἄλλο
603 5725 828 5794 ἄστρον·
867 5710 964 5776 οὐκ
998 5723 1106 5793 ἔχω
1136 5721 1302 5794 ἀλλην
1328 5722 1534 5791 εἰκόνα,
1560 5723 1654 5797 τὴν
1682 5727 1738 5780 ἐν
1764 5727 1877 5790 τοῖς

627 5821 891 5883 Ρλτιιοι.
938 5821 1052 5881 Gn.
1099 5822 1249 5884 CVI.

1983 3186 2171 3258 hujus,
2198 3195 2252 3242 et
2283 3187 2443 3257 quasi
2474 3187 2947 3246 continuationem
2979 3206 3316 3262 proponens.

2560 3396 2790 3453 CAPUT
2813 3397 2975 3453 XVII.

2054 3506 2216 3561 Vens.
2259 3508 2309 3563 1.
2348 3507 2412 3561 Et
2461 3518 2577 3577 post
2616 3511 2727 3564 dies
2753 3527 2845 3564 sex
2880 3515 3099 3565 assumit
3128 3510 3284 3568 Jcsus
3313 3512 3555 3580 Petrum,

1981 3612 2028 3652 et
2054 3599 2332 3666 .laeobum,
2352 3613 2397 3655 et
2424 3599 2707 3667 Joannem,
2728 3616 2779 3658 et
2803 3606 3034 3675 reliqua,
3057 3614 3110 3660 et
3138 3608 3559 3678 transﬁguratus

1981 3703 2086 3748 est.
2116 3694 2271 3749 Alius
2299 3704 2478 3749 autem
2511 3697 2846 3767 evangelista
2879 3707 3004 3767 post
3059 3698 3176 3754 dies
3224 3709 3349 3755 octo
3401 3701 3556 3764 dicit,

1983 3802 2088 3839 non
2126 3786 2402 3841 contraria
2433 3786 2647 3854 dicens,
2680 3788 2774 3844 sed
2803 3790 2945 3843 diem
2987 3806 3098 3860 quo
3125 3791 3342 3849 locutus
3365 3804 3468 3856 est,
3502 3804 3558 3848 et

1980 3878 2122 3931 diem
2180 3894 2291 3949 quo
2339 3880 2506 3934 subiit
2549 3880 2602 3935 in
2640 3890 2878 3936 montem
2914 3883 3221 3953 azljiciens;
3276 3883 3377 3939 iste
3430 3901 3561 3940 vero

1982 3970 2129 4025 Solos
2160 3970 2277 4025 dies
2308 3969 2661 4027 intermedios
2692 3973 2847 4027 dixit.

2052 4060 2161 4115 Cur
2192 4071 2302 4118 tres
2330 4064 2477 4119 solos
2526 4066 2695 4120 sumit
2743 4067 2795 4120 in
2837 4077 3080 4123 montem
3123 4070 3451 4126 subiturus?
3490 4071 3561 4127 Ut

1981 4154 2261 4224 digniores
2290 4166 2344 4212 et
2372 4158 2530 4214 valde
2564 4159 2715 4213 illiilli
2774 4169 3044 4216 amantes.
3100 4160 3313 4218 Etenim
3362 4166 3559 4219 Petrus

1982 4246 2215 4299 multum
2258 4246 2409 4301 illum
2445 4248 2737 4319 diligebat;
2773 4249 3013 4325 Joannes
3066 4255 3296 4310 multum
3341 4257 3409 4311 ab
3466 4259 3559 4311 illo

1982 4337 2343 4407 diligebatur;
2393 4339 2631 4397 Jacobus
2665 4353 2869 4406 autent,
2923 4346 2993 4401 ob
3032 4363 3354 4416 responsum
3407 4354 3554 4420 quod

1909 4457 1955 4517 ο
1983 4446 2104 4485 cum
2138 4431 2305 4487 fratre
2343 4435 2720 4504 responderat,
2759 4435 3051 4495 Possumus
3091 4440 3264 4497 bibere
3310 4444 3552 4499 calicem.

2051 4619 2218 4677 Vens.
2248 4622 2302 4676 2.
2340 4624 2695 4693 Resplcnduit
2725 4626 3257 4701 faciesmagisquam
3294 4635 3557 4700 sol;dicit

1979 4724 2161 4769 autem
2194 4717 2525 4786 evangelista
2552 4718 2695 4773 sicut
2718 4719 2821 4783 sol,
2842 4721 3099 4789 quoniam
3119 4725 3272 4779 sidus
3297 4726 3436 4781 istud
3460 4714 3561 4783 so-I

1982 4807 2094 4862 lum
2116 4810 2427 4881 exemplum
2475 4821 2556 4866 est
2590 4812 3222 4881 splemlidissimazlucis.
3257 4818 3389 4873 Allia
3414 4822 3558 4876 sicut

1982 4900 2112 4967 nix;
2146 4917 2252 4956 non
2278 4919 2444 4957 nosco
2477 4903 2637 4958 aliam
2668 4907 2952 4961 materiam
2980 4908 3161 4963 albam
3183 4914 3374 4983 magis.
3396 4914 3553 4981 QUttd

1981 5002 2163 5047 autem
2186 4994 2358 5063 magis
2374 5008 2538 5065 quam
2565 4995 2647 5049 sol
2682 4998 3037 5067 resplenduit,
3056 5007 3337 5072 sequentia
3366 5016 3553 5061 osten-

1981 5081 2120 5136 dunt
2152 5099 2165 5133 :
2200 5081 2513 5136 ceciderunt
2553 5083 2606 5137 in
2636 5094 2832 5140 terram
2863 5088 3135 5159 discipuli.
3169 5092 3225 5145 Si
3256 5108 3382 5148 vero
3410 5098 3553 5150 sicut

1982 5171 2066 5227 sol
2096 5171 2548 5241 respleuduisset,
2582 5190 2689 5229 non
2723 5178 3346 5252 cecidissentdiscipuli;
3378 5188 3550 5241 solem

1980 5267 2125 5320 enim
2154 5264 2386 5333 singulis
2416 5265 2611 5322 diebus
2638 5268 2894 5325 videbant
2918 5282 2970 5327 et
2994 5289 3100 5329 non
3126 5278 3421 5343 cadebant;
3455 5282 3547 5333 sed

1980 5356 2241 5426 quoniam
2267 5355 2443 5424 magis
2466 5370 2629 5424 quam
2655 5357 2734 5411 sol
2752 5361 3173 5429 resplenduit,et
3194 5366 3367 5435 magis
3384 5381 3548 5435 quam

1982 5448 2241 5514 nix,ideo
2279 5463 2386 5501 non
2420 5448 2760 5505 sustinentes
2795 5453 3147 5521 splendorem
3215 5460 3547 5513 crcideruut.

1981 5540 2077 5594 Dic
2100 5540 2231 5593 mihi
2253 5539 2441 5609 igitur,
2458 5539 2814 5609 evangelista,
2835 5544 3180 5615 magisquam
3203 5548 3282 5601 sol
3304 5547 3551 5618 resplen-

1981 5635 2102 5689 duit
2128 5650 2228 5690 cur
2258 5642 2313 5687 tu
2342 5632 2485 5686 dicis
2512 5633 2654 5686 sicut
2676 5633 3124 5704 sol?Exemplum
3157 5638 3251 5692 tibi
3274 5638 3393 5693 volo
3420 5638 3552 5691 dare

1980 5729 2139 5795 lucis,
2183 5742 2290 5782 non
2328 5727 2501 5781 habeo
2529 5725 2681 5780 sidus
2711 5727 2885 5794 aliud,
2936 5743 3041 5781 non
3076 5729 3249 5784 habeo
3271 5731 3431 5786 aliam
3470 5731 3548 5786 si-

3118 5825 3195 5883 3G
