4060 6556
486 313 615 377 1131

1189 312 1582 374 OPUSCULA
1624 311 2258 374 SCRIPTURISTICA
2304 307 2650 374 INCERT/E
2684 314 2992 378 l‘ETATIS.

3609 313 3744 380 1132

487 431 852 489 militudinem
909 445 1030 501 qua:
1076 428 1129 483 in
1167 428 1441 484 sideribus
1494 427 1858 497 principatum
1919 429 2060 483 obti-

2170 428 2386 499 ἄστροις
2429 429 2840 500 βασιλεύουσαν·
2875 433 3082 501 ταύτην
3113 425 3265 484 εἷπον
3298 428 3382 482 ἵνα
3419 428 3495 501 μὴ
3538 434 3602 501 τῇ
3653 433 3743 484 εὑ-

481 535 627 586 neat,
661 528 761 578 hae
793 537 923 576 usus
951 536 1096 583 sum,
1156 534 1224 574 ne
1272 518 1423 572 verbi
1466 528 1706 588 egestate
1739 518 2058 574 detinearis.

556 618 717 670 Vens.
754 615 805 667 5.
861 611 970 667 Cur
1003 609 1150 666 Elias
1180 618 1235 664 et
1267 609 1482 680 Moyses
1513 609 1568 663 in
1616 609 1853 664 medium
1889 607 2061 662 addu-

481 703 715 762 cuntur?
746 703 953 766 Primo,
986 709 1044 756 ut
1073 701 1457 758 ostenderetur
1485 700 1614 772 quia
1642 715 1749 754 non
1784 699 1927 753 Elias
1954 708 2058 766 cst,

482 812 541 853 ut
567 798 703 859 dixi,
731 811 911 866 neque
928 795 1176 865 Moyses;
1201 794 1464 856 secundo,
1489 808 1557 848 ne
1575 793 1627 846 in
1651 792 1758 846 illis
1773 795 1839 846 de
1858 792 2061 860 quibus

484 891 634 944 illum
666 889 972 960 arguebant
1017 897 1075 942 ut
1119 887 1250 959 legis
1289 887 1603 942 violatorem
1632 924 1646 947 ,
1679 885 2062 940 ostenderetur

483 984 611 1052 quia
660 982 891 1038 mendax
930 989 1014 1038 est
1056 999 1070 1035 :
1108 995 1217 1036 non
1261 980 1407 1034 enim
1448 993 1572 1032 cum
1619 976 1712 1031 illo
1752 977 2060 1031 conversati

489 1073 766 1140 fuissent;
803 1073 982 1140 tertio,
1016 1081 1077 1126 ut
1100 1072 1316 1126 discant
1348 1084 1472 1125 eum
1511 1067 1706 1123 mortis
1733 1076 1785 1122 et
1815 1068 1938 1123 vitae
1965 1082 2062 1138 po-

484 1175 732 1221 testatem
771 1165 1003 1230 habere,
1029 1163 1121 1234 qui
1155 1175 1350 1231 nempe
1382 1161 1532 1215 illum
1568 1159 1796 1232 profert,
1829 1167 1883 1216 et
1916 1160 2061 1214 hunc

485 1261 736 1316 suscitat.
768 1258 907 1325 Quid
934 1271 1064 1311 vero
1088 1254 1338 1310 dicebant
1366 1253 1594 1323 gloriam
1621 1267 1786 1323 quam
1819 1253 2061 1322 comple-

484 1364 642 1408 turus
675 1361 793 1406 erat
825 1351 877 1403 in
906 1347 1250 1403 Jerusalem?
1275 1346 1328 1401 Id
1353 1355 1457 1412 est,
1487 1344 1800 1416 passionem
1834 1341 1977 1414 ejus,
2008 1349 2061 1396 et

483 1460 725 1510 crucem,
756 1452 809 1498 et
842 1440 1325 1508 resurrectionem,
1358 1449 1410 1495 et
1436 1439 1657 1495 similia.

549 1539 715 1593 Vens.
750 1539 802 1592 4.
835 1536 946 1591 Cur
967 1535 1097 1590 dicit
1129 1533 1347 1598 Petrus,
1371 1533 1578 1587 Bonum
1607 1541 1683 1586 est
1717 1547 1810 1586 nos
1841 1531 1926 1584 hic
1950 1544 2062 1584 esse

479 1635 534 1686 iu
580 1631 906 1686 solitudine?
941 1628 1078 1696 Quia
1129 1627 1385 1682 audiebat
1444 1625 1768 1680 tradendum
1817 1637 1940 1678 esse
1993 1620 2060 1674 ad

482 1733 715 1780 mortem
753 1723 1037 1779 Christum
1067 1737 1082 1776 :
1118 1729 1171 1776 et
1198 1718 1328 1776 illud
1362 1717 1542 1773 Lucas
1574 1715 1869 1772 ostendens
1905 1712 2056 1780 dicit,

485 1817 736 1874 Nescieus
766 1816 892 1887 quid
923 1814 1138 1869 diceret.

553 1910 718 1966 Vens.
758 1909 810 1964 5.
855 1906 968 1961 Vox
1003 1909 1065 1960 de
1102 1906 1268 1970 nube,
1299 1905 1425 1976 quia
1459 1904 1539 1960 sic
1579 1901 1725 1958 Deus
1758 1914 2062 1971 cognosce-

481 2006 673 2071 batur;
709 2000 884 2056 lucida
913 2009 1092 2055 autem
1133 1998 1306 2053 nubes
1330 2039 1344 2064 ,
1380 1997 1506 2068 quia
1535 1995 1714 2051 timeri
1750 2011 1856 2050 non
1908 1994 2059 2049 vole-

481 2099 591 2151 bat.
628 2095 728 2150 Ubi
756 2094 900 2148 enim
929 2102 1128 2157 metus,
1156 2092 1226 2146 ibi
1265 2091 1556 2147 tenebrosa
1586 2098 1668 2146 est
1697 2089 1895 2155 nubes,
1921 2095 1979 2142 ut
2005 2087 2058 2141 in

481 2198 668 2245 monte
701 2188 852 2243 Sina.
881 2187 1008 2242 Ideo
1035 2193 1323 2256 postquam
1352 2184 1751 2250 disparuissent
1771 2184 1987 2253 Moyses
2008 2189 2062 2236 et

484 2283 662 2347 Elias,
696 2290 826 2336 tunc
860 2279 918 2333 fit
951 2293 1076 2340 vox,
1118 2291 1186 2331 ne
1226 2275 1294 2330 de
1340 2275 1556 2330 illorum
1611 2273 1830 2343 aliquo,
1867 2271 1962 2328 sed
1993 2270 2062 2325 de

483 2373 707 2428 Christo
734 2371 1068 2440 intelligatur
1101 2383 1203 2423 vox
1236 2381 1359 2437 qua:
1389 2366 1572 2421 audita
1600 2375 1704 2421 est.

552 2465 670 2520 Non
700 2463 978 2519 Christum
1016 2460 1193 2516 solum
1235 2459 1452 2530 operuit
1503 2458 1712 2522 nubes,
1748 2456 1842 2512 sed
1889 2454 2058 2511 etiam

482 2555 801 2629 discipulos,
833 2570 899 2611 ne
943 2562 1232 2626 putaretur
1261 2551 1519 2608 Christus
1563 2564 1753 2606 vocem
1786 2547 2058 2604 emisisse.

552 2739 716 2805 Illud,
754 2737 816 2792 In
847 2753 948 2808 quo
982 2733 1278 2804 complacui
1299 2775 1314 2799 ,
1347 2731 1490 2786 idem
1539 2739 1699 2786 sonat
1729 2743 1814 2793 ac,
1851 2725 1908 2782 In
1952 2741 2062 2798 quo

482 2835 728 2906 quiesco.
758 2832 1016 2886 Additum
1044 2838 1127 2883 est
1153 2837 1358 2893 autent,
1391 2824 1555 2879 Illum
1583 2823 1784 2888 audite,
1819 2837 1908 2888 ne,
1936 2821 2062 2876 licet

481 2928 833 2996 cruciligatur
854 2965 869 2991 ,
897 2921 1154 2977 deficiant
1189 2919 1393 2974 animo.

554 3019 722 3074 Vsus.
759 3019 810 3073 6.
849 3016 980 3078 Cur,
1025 3011 1248 3083 quando
1288 3011 1341 3065 in
1396 3009 1721 3080 baptismate
1777 3022 1879 3061 vox
1919 3005 2059 3060 facta

2161 520 2345 592 τελείᾳ
2375 521 2474 591 τῆς
2501 521 2700 588 λέξεως
2727 523 3114 595 ἐναπομείνῃς.

2233 615 2331 668 Διά
2360 615 2411 667 τί
2455 615 2640 679 Ἢλίας
2670 617 2764 669 καὶ
2798 616 3006 687 Μωσῆς
3034 619 3112 681 είς
3141 617 3305 689 μέσον
3331 621 3556 688 ἅγεται;
3584 619 3744 689 11ρῶ-

2161 723 2253 759 τον
2282 705 2382 776 μὲν
2416 706 2504 761 ἵνα
2537 707 2686 780 δείξῃ
2723 707 2805 761 ὅτι
2839 706 2966 762 οὔτε
3008 709 3198 773 Ἠλίας
3235 712 3384 764 ἐστὶν
3416 711 3490 769 ὠς
3521 711 3740 779 ἔλεγον,

2161 798 2284 852 οὔτε
2329 798 2537 868 Μωσῆς
2558 819 2570 831 ·
2607 799 2860 869 δεύτερον
2883 840 2897 863 ,
2928 800 3014 853 ἵνα
3066 802 3142 871 μὴ
3186 802 3314 874 περὶ
3344 795 3420 856 ὧν
3453 801 3744 854 ἐνεκάλουν

2163 890 2312 962 αὐτῷ
2349 891 2424 954 ὡς
2454 891 2778 963 παρανόμῳ,
2813 891 2962 964 δείξῃ
2992 894 3074 946 ὅτι
3113 892 3306 962 ψεῦδός
3340 895 3510 946 ἐστιν·
3544 893 3606 946 οὒ
3635 897 3744 963 γὰρ

2162 982 2228 1036 ἂν
2259 982 2594 1053 συνωμίλουν
2616 1001 2628 1014 ·
2657 984 2840 1056 τρίτον
2865 985 2951 1039 ἵνα
2981 985 3228 1055 μάθωσιν
3260 986 3342 1038 ὅτι
3378 985 3473 1038 καὶ
3505 983 3741 1038 θανάτου

2163 1073 2256 1129 καὶ
2288 1073 2432 1145 ζωῆς
2464 1074 2710 1139 ἐξουσίαν
2740 1076 2872 1146 ἔχει,
2898 1075 2990 1128 τόν
3019 1076 3116 1146 μὲν
3140 1076 3401 1144 ἐνεγκὼν,
3423 1076 3516 1130 τὸν
3538 1076 3594 1128 δὲ
3617 1077 3747 1128 ἀνα-

2165 1166 2387 1238 στήσαςο
2423 1167 2475 1219 τί
2517 1166 2572 1220 δέ
2609 1167 2930 1223 συνελάλουν
2957 1169 3055 1237 τὴν
3087 1168 3246 1235 δόξαν
3275 1169 3342 1240 ἢν
3378 1167 3571 1237 ἔμελλε
3610 1165 3746 1235 πλη-

2166 1258 2295 1330 ροῦν
2333 1260 2390 1314 ἐν
2430 1258 2821 1331 ’1ερουσαλήμ;
2875 1261 3170 1315 Τουτέστιν
3215 1261 3276 1315 τὸ
3311 1260 3481 1324 πάθος
3513 1261 3608 1314 καὶ
3651 1259 3746 1312 τὸν

2165 1350 2417 1421 σταυρὸν,
2449 1353 2544 1406 καὶ
2565 1352 2660 1424 τὴν
2689 1353 3006 1420 ἀνάστασιν,
3032 1354 3127 1408 καὶ
3153 1353 3220 1407 τὰ
3254 1354 3436 1425 ὃμοια.

2233 1539 2331 1592 Διά
2360 1537 2412 1592 τί
2436 1537 2583 1606 λέγει
2617 1539 2645 1592 6
2677 1538 2880 1609 Πέτρος
2903 1580 2917 1602 ,
2941 1537 3142 1592 Καλὸν
3171 1534 3329 1606 ἡμᾶς
3347 1529 3464 1590 ὧδε
3483 1531 3637 1591 εἷναι
3657 1538 3747 1603 είς

2164 1632 2450 1702 ἐρημίαν;
2497 1633 2596 1686 Διά
2654 1631 2713 1686 τδ
2759 1631 2989 1685 ἀκοῦσαι
3043 1632 3124 1684 ὅτι
3175 1630 3616 1701 παραδοθήσεται
3665 1633 3747 1694 είς

2165 1722 2392 1778 θάνατον
2418 1725 2445 1777 6
2478 1721 2710 1795 Χριστός
2732 1739 2746 1754 ·
2773 1721 2869 1776 καὶ⁸
2897 1720 3056 1775 τοῦτο
3086 1723 3303 1784 Λουκᾶς
3354 1720 3530 1791 δηλῶν
3558 1719 3747 1789 ἔλεγεν

2089 1778 2135 1836 Β
2167 1816 2270 1883 ὅτι,
2296 1819 2360 1870 ει
2392 1817 2490 1870 και
2510 1778 2594 1886 {ut
2621 1778 2749 1886 ᾗδὲι
2768 1816 2826 1870 τι
2840 1815 3071 1869 ἐλάλει.

2249 1909 2386 1964 Ἀπὸ
2408 1909 2671 1978 νεφέλης
2695 1908 2754 1962 δὲ
2801 1910 2839 1976 ἡ
2863 1907 3033 1978 φωνὴ
3054 1948 3068 1972 ,
3095 1908 3175 1961 ὅτι
3205 1907 3378 1970 οὕτως
3413 1906 3680 1960 όπτὰνετο
3701 1895 3747 1958 ’ό

2164 1999 2327 2063 Θεόςο
2358 1998 2595 2069 φωτεινὴ
2618 1998 2672 2050 δὲ
2703 1998 2784 2051 ὅτι
2813 1999 2875 2051 οὑ
2904 1997 3138 2068 φοϐῆσαι
3163 1996 3434 2050 ἐϐούλετοο
3467 1996 3604 2050 ὅπου
3635 1995 3746 2066 γὰρ

2164 2093 2385 2164 ἀπειλὴ,
2418 2093 2536 2146 ἐκεῖ
2560 2090 2830 2162 σκοτεινὴ,
2864 2090 3052 2160 ὥσπερ
3079 2092 3136 2144 ἐν
3162 2091 3290 2160 Σινᾷ
3309 2090 3446 2160 ὄρει·
3471 2090 3558 2144 διὰ
3589 2088 3750 2142 τοῦτο

2169 2187 2308 2259 μετά
2329 2187 2390 2240 τὸ
2417 2187 2644 2255 ἀφανεῖς
2672 2183 2927 2254 γενέσθαι
2959 2184 3048 2239 τόν
3081 2184 3138 2237 τε
3173 2182 3376 2238 Μωσέα
3403 2182 3496 2235 καὶ
3532 2181 3743 2245 Ἠλίαν,

2163 2280 2286 2333 τότε
2324 2279 2533 2348 γίνεται
2568 2281 2601 2350 ἡ
2637 2278 2808 2349 φωνὴ,
2842 2279 2927 2331 ἵνα
2966 2278 3041 2348 μὴ
3075 2277 3163 2330 ἐπ’
3207 2275 3392 2331 αὐτῶν
3421 2292 3588 2338 τινος,
3629 2274 3748 2328 ἀλλ’

2164 2373 2258 2426 ἐπὶ
2295 2372 2530 2444 Χριστὸν
2557 2372 2780 2442 λογισθῇ
2817 2373 2850 2442 ἡ
2886 2371 3037 2441 φωνὴ
3070 2373 3103 2440 ή
3133 2369 3424 2440 ἐρχομένη.

2237 2465 2313 2518 Οὐ
2363 2465 2454 2517 τὸν
2483 2465 2719 2536 Χριστὸν
2757 2463 2917 2536 μόνον
2949 2460 3220 2515 ὑπέλαϐεν
3267 2461 3297 2530 ἡ
3343 2459 3578 2530 νεφέλη,
3613 2458 3750 2512 ἀλλά

2165 2556 2262 2610 καὶ
2308 2556 2433 2618 τοὺς
2490 2533 2767 2626 μαθητὰς,
2819 2533 2906 2607 ῐνᾶ
2960 2552 3036 2624 μὴ
3089 2550 3322 2622 νομισθῇ
3370 2552 3454 2606 ὅτι
3508 2550 3750 2620 Χριστὸς

2165 2649 2380 2720 ἀφῆκεν
2407 2649 2507 2720 τὴν
2543 2649 2750 2719 φωνήν.

2237 2744 2340 2810 Τὸ,
2389 2743 2492 2798 ‘Er
2521 2737 2570 2812 ᾧ
2602 2742 2925 2811 εὐδόκησα,
2951 2743 3072 2796 ἀντὶ
3105 2740 3221 2808 τοῦ,
3270 2741 3359 2794 Ἐν
3398 2734 3442 2810 ᾧ
3468 2739 3749 2796 ἀναπαύο-

2171 2853 2292 2907 μαι,
2331 2837 2500 2908 δηλοῐο
2537 2834 2832 2907 προσέθετο
2878 2837 2933 2888 δὲ
2977 2834 3072 2900 τὸ,
3104 2833 3303 2889 Αὐτοῦ
3334 2833 3619 2900 ἀκούετε,
3659 2834 3746 2886 ἵνα

2167 2929 2272 2983 κᾶν
2303 2927 2612 3000 σταυρωθῇ,
2645 2928 2721 3000 μὴ
2756 2927 3173 2999 ρᾳθυμήσωσιν.

2238 3023 2336 3076 Διὰ
2361 3022 2414 3074 τί
2445 3022 2537 3074 ἐπὶ
2567 3021 2657 3074 τοῦ
2696 3021 3071 3092 βαπτίσματος
3097 3021 3197 3091 τῆς
3231 3021 3418 3092 φωνῆς
3445 3021 3750 3090 γενομένης

484 3122 591 3178 est,
627 3127 734 3165 uou
761 3107 1100 3168 ceciderunt,
1139 3104 1227 3158 hic
1257 3109 1440 3156 autem
1475 3099 1616 3155 istud
1649 3097 1892 3153 accidit?
1922 3095 2059 3162 Quia

2170 3111 2227 3164 οὐ
2276 3113 2608 3176 κατέπεσον,
2661 3105 2763 3164 ὧδε
2812 3110 2868 3163 δὲ
2907 3109 3069 3163 τοῦτο
3122 3111 3465 3180 πάσχουσιν;
3527 3108 3750 3178 Ἐπειδὴ

482 3208 534 3260 in
563 3204 889 3276 baptismate
923 3199 1083 3254 turba
1109 3205 1248 3262 erat,
1278 3196 1368 3250 hic
1396 3208 1523 3248 vero
1554 3196 1831 3248 desertum
1857 3199 1911 3244 et
1942 3189 2062 3243 alti-

483 3299 634 3361 tudo,
660 3295 870 3364 solique
901 3300 1058 3347 erant
1085 3305 1180 3360 per
1216 3287 1594 3351 solitudinem,
1622 3293 1678 3340 et
1717 3292 1842 3338 ante
1871 3282 2062 3338 oculos

483 3391 777 3462 splendens
803 3387 1108 3457 prodigium
1140 3383 1278 3438 lucis
1307 3380 1618 3452 purissima:
1647 3387 1700 3434 et
1739 3377 1914 3433 nubes
1962 3377 2064 3431 hos

484 3484 588 3536 tale
619 3479 852 3550 experiri
889 3477 1038 3532 facit.

560 3574 719 3629 Vens.
761 3572 814 3626 7.
860 3570 999 3638 Quid
1052 3579 1168 3633 est,
1207 3567 1425 3623 Gravati
1473 3574 1624 3619 erant
1667 3563 1887 3618 somno?
1925 3562 2063 3629 Quia

483 3683 680 3736 magno
717 3663 1138 3735 possidchaulur
1172 3670 1424 3731 stupore;
1461 3657 1561 3711 hoc
1584 3664 1765 3710 autem
1795 3670 1824 3708 a
1853 3654 2066 3708 visione

482 3761 572 3813 illa
601 3757 934 3811 miraculosa
972 3752 1270 3808 oriebatur.

554 3849 722 3904 Vens.
756 3850 809 3903 9.
847 3848 958 3901 Cur
996 3846 1130 3900 dicit
1190 3843 1395 3898 nemini
1432 3843 1618 3897 dicant
1649 3841 1821 3895 donec
1854 3855 1882 3894 a
1919 3853 2064 3894 mor-

484 3942 590 3996 tuis
620 3938 913 4008 resurgat?
953 3935 1094 4003 Quia
1130 3945 1335 4005 quanto
1377 3932 1586 4002 majora
1636 3931 1780 3985 dii-ta
1811 3929 2064 3994 fuissent,

488 4045 638 4090 tanto
677 4029 880 4085 invidia
919 4039 973 4083 et
999 4026 1379 4082 incredulitate
1436 4025 1749 4078 laborantes
1799 4023 1888 4076 illa
1925 4036 2067 4092 {egre

487 4127 660 4195 magis
681 4132 900 4193 accepta
927 4120 1284 4184 habuissent;
1311 4117 1404 4172 sed
1437 4126 1555 4188 post
1582 4115 2066 4180 resurrectionem,

482 4235 513 4273 e
548 4216 726 4272 medio
761 4215 944 4269 ablato
973 4213 1066 4268 illo
1095 4227 1259 4283 quem
1287 4211 1542 4277 oderint,
1579 4219 1634 4264 et
1661 4208 1925 4279 apostolis
1955 4207 2067 4278 jam

486 4310 857 4372 credentibus,
891 4307 1063 4362 turba:
1087 4305 1461 4376 apostolorum
1492 4302 1758 4357 miracula
1781 4308 2069 4356 cernentes

486 4406 709 4461 credere
741 4411 1014 4473 poterunt.

559 4497 724 4554 Vsus.
761 4497 846 4550 10.
883 4497 1363 4564 lnterrogaverunt
1405 4507 1529 4546 eum
1564 4489 1817 4558 discipuli
1856 4507 1869 4542 :
1923 4487 2064 4553 Quid
2093 4490 2146 4549 Ι)

487 4590 687 4645 Scabra
717 4590 921 4653 dicunt,
947 4588 1083 4657 quod
1117 4584 1292 4638 Etiam
1326 4591 1561 4652 oporteat
1593 4581 1821 4648 primum
1854 4577 2069 4632 venire!

485 4695 536 4735 et
572 4681 713 4734 unde
743 4680 844 4734 hoc
871 4677 1164 4732 dicebant?
1193 4674 1488 4729 Obtiuebat
1522 4673 1609 4725 hic
1639 4685 1823 4725 sermo
1853 4679 1908 4721 et
1939 4682 2067 4736 pro-

489 4775 762 4828 ferebatur
801 4773 940 4825 male
988 4768 1298 4823 intellectus
1338 4781 1366 4818 a
1417 4763 1647 4826 Scribis,
1701 4771 1839 4815 utet
1875 4759 1964 4828 qui
2001 4758 2069 4813 de

487 4866 708 4918 Christo
746 4870 923 4915 erant.
955 4857 1168 4913 Veritas
1204 4867 1383 4910 autem
1414 4869 1472 4910 se
1508 4855 1580 4908 ita
1619 4853 1883 4917 habebat;
1917 4850 2066 4905 Scri-

493 4967 666 5026 ptura:
706 4954 926 5023 quidem
979 4957 1118 5006 duos
1168 4956 1473 5004 memorant
1523 4944 1728 5000 Christi
1761 4944 2064 5008 adventus,

492 5051 632 5102 hanc
656 5058 709 5102 et
739 5046 998 5109 futuram,
1033 5056 1087 5098 et
1121 5042 1398 5113 propheta:
1443 5038 1733 5106 utriusque.
1762 5051 2067 5107 praecurso-

491 5157 604 5196 icm
639 5141 808 5195 tiliam
838 5139 1080 5194 futurum
1107 5151 1228 5191 esse
1251 5136 1460 5191 dicunt.
1487 5131 1621 5186 Nam
1649 5132 1811 5186 unius
1831 5129 2069 5187 Joannes

493 5235 593 5290 fuit
641 5248 967 5304 praecursor,
1004 5247 1164 5300 quem
1214 5229 1388 5283 Eliam
1443 5237 1602 5281 vocat
1649 5226 1921 5290 Christus,
1960 5241 2068 5279 non

491 5329 637 5397 quod
668 5328 738 5380 sit
762 5326 928 5389 Elias,
961 5324 1053 5378 scd
1081 5322 1226 5390 quod
1261 5320 1625 5374 ministerium
1654 5318 1780 5372 Elia-
1803 5319 2064 5388 implevit.

495 5421 700 5476 Scriba:
753 5418 918 5487 igitur
969 5416 1084 5470 haec
1135 5414 1566 5478 confundentes,
1625 5413 1847 5467 secundi
1900 5412 2070 5465 solius

493 5513 828 5567 mentionem
870 5509 1178 5573 faciebant;
1217 5508 1307 5562 ille
1345 5518 1526 5563 autem
1565 5508 1695 5563 dicit
1724 5508 1788 5561 ad
1829 5508 2071 5575 discipu-

495 5608 577 5660 los
607 5624 620 5660 :
655 5603 801 5658 Elius
830 5603 1037 5672 quidem
1068 5603 1203 5655 venit
1234 5611 1279 5654 et
1314 5602 1549 5656 restituet
1577 5602 1773 5654 omnia.
1808 5599 1940 5666 Qua-
1964 5615 2071 5653 om-

499 5697 624 5750 nia?
646 5700 777 5762 Qua
801 5693 1062 5765 propheta
1094 5694 1308 5748 dicebat
1337 5694 1636 5763 praesertim
1671 5711 1684 5746 :
1725 5691 1962 5756 Mittam,
1991 5691 2070 5743 in-

496 5793 634 5859 quit,
669 5789 912 5860 angelum
946 5805 1138 5855 meum,
1164 5796 1216 5844 et
1249 5788 1472 5858 reliqua.
1509 5788 1570 5840 Et
1599 5786 1703 5840 hoc
1736 5786 1824 5840 flet
1853 5784 2070 5855 quando

2167 3204 2284 3256 ἐκεῖ
2319 3201 2416 3271 μέν
2456 3201 2610 3272 ὄχλος
2630 3242 2643 3266 ,
2677 3195 2777 3256 ὧδε
2808 3201 2863 3254 δὲ
2894 3200 3100 3274 ἔρημος
3140 3201 3234 3254 καὶ
3279 3200 3410 3269 ὕψος
3433 3242 3447 3266 ,
3476 3201 3571 3256 καὶ
3598 3202 3750 3272 μόνοι

2170 3294 2287 3364 μεθ’
2315 3293 2569 3364 ἡσυχίας,
2597 3293 2691 3345 καὶ
2721 3291 2780 3344 τὸ
2814 3292 3097 3362 γινόμενον
3135 3291 3254 3345 κατ’
3275 3291 3590 3360 ὀφθαλμοὺς
3625 3308 3750 3360 ept-

2166 3387 2296 3444 κτὸν
2331 3386 2446 3456 φῶς
2478 3385 2717 3457 ἄκρατον
2759 3386 2855 3438 καὶ
2885 3384 3081 3455 νεφέλη
3104 3428 3117 3451 ,
3161 3384 3306 3456 ἅπερ
3356 3384 3515 3438 τοῦτο
3555 3384 3750 3436 παθεῖν

2167 3479 2364 3534 ἐποίει.

2237 3572 2302 3623 Τί
2351 3573 2500 3624 ἐστιν
2549 3570 2640 3636 τὸ,
2705 3568 3102 3638 Βεσαρημένοι
3153 3564 3314 3639 ἦσαν
3369 3570 3573 3635 ﬂare);
3624 3569 3749 3623 Ὅτι

2169 3664 2347 3737 πολλῷ
2399 3665 2717 3734 κατείχοντο
2756 3665 2944 3734 κὰρῳο
2978 3663 3138 3716 τοῦτο
3181 3664 3237 3716 δὲ
3271 3664 3378 3717 ἀπὸ
3425 3663 3526 3734 τῆς
3570 3664 3750 3734 ὅψεως

2167 3755 2382 3826 ἐκείνης
2411 3755 2507 3825 τῆς
2532 3753 2850 3824 θαυμαστῆς
2878 3748 2944 3824 ἦν
2969 3755 3356 3824 γεγενημένον.

2240 3849 2339 3902 Διά
2377 3847 2430 3900 τί
2481 3847 2632 3914 λέγει
2687 3845 2877 3916 μηδενὶ
2930 3847 3103 3900 εἰπεῖν
3161 3848 3265 3909 έως
3309 3846 3376 3900 ἂν
3419 3848 3483 3899 ἐκ
3539 3847 3752 3917 νεκρῶν

2169 3940 2374 4010 ἀναστῇ
2399 3956 2413 4004 ;
2460 3937 2679 4006 Ἐπειδὴ
2713 3937 2822 4004 ὅσῳ
2851 3935 3072 4007 μείζονα
3097 3937 3316 4004 ἐλέγετο
3341 3978 3357 4003 ,
3391 3936 3646 3989 τοσοῦτον
3672 3939 3753 4001 εἰς

2171 4031 2366 4102 φθόνον
2391 4031 2484 4083 καὶ
2505 4028 2762 4082 ἀπιστίαν
2785 4028 2956 4092 ὄντες,
2976 4028 3392 4097 δυσπαραδεκτα
3418 4023 3564 4097 εἶχον
3587 4029 3748 4082 αὑτά·

2174 4127 2313 4197 μετά
2343 4125 2398 4177 δέ
2425 4124 2525 4194 τὴν
2549 4123 2868 4183 ἀνάστασιν,
2888 4121 2952 4174 ἐκ
2982 4121 3149 4190 μέσου
3180 4120 3276 4190 μὲν
3299 4121 3328 4174 ό
3360 4119 3730 4190 φθονούμενος

2171 4221 2267 4274 καὶ.
2317 4221 2364 4271 οἱ
2401 4219 2498 4288 μὲν
2543 4217 2831 4270 ἀπόστολοι
2861 4215 2958 4286 ήδη
2989 4213 3371 4279 πιστεύοντες,
3407 4215 3453 4266 ei
3496 4214 3554 4267 δέ
3603 4214 3752 4283 ὄχλοι

2171 4314 2240 4366 τὰ
2289 4311 2436 4381 παρά
2476 4309 2585 4362 τῶν
2625 4308 2939 4363 ἀποστόλων
2968 4307 3222 4378 θαύματα
3263 4306 3497 4378 ὁρῶντες
3531 4307 3754 4360 πιστεύ-

2174 4421 2321 4457 σειαν
2347 4403 2432 4456 ἄν.

2255 4492 2649 4564 Ἐπηρώτησαν
2670 4492 2833 4547 αὑτὸν
2851 4493 2900 4544 οἱ
2928 4492 3189 4563 μαθηταὶ,
3212 4491 3293 4546 ὅτι
3313 4496 3380 4546 Ol
3398 4505 3755 4562 ’γραμματεις

2173 4587 2462 4656 λέγουσιν
2522 4589 2732 4644 Ἠλίαν
2782 4587 2876 4640 δεῖ
2913 4587 3108 4641 ἐλθεῖν
3152 4587 3407 4656 πρῶτον
3447 4590 3541 4640 καλ
3589 4587 3754 4640 πόθεν

2175 4679 2332 4733 τοῦτο
2361 4679 2576 4748 ἕλεγον;
2612 4680 2867 4751 Ἐκράτει
2897 4680 2995 4750 μέν
3022 4681 3049 4731 6
3081 4679 3240 4748 λόγος
3270 4681 3364 4733 καὶ
3392 4679 3754 4750 περιεφέρετο

2175 4771 2361 4835 κακῶς
2383 4770 2670 4841 νοούμενος
2704 4772 2856 4843 παρά
2873 4770 2981 4825 τῶν
3009 4771 3412 4844 Γραμματέων⁸
3443 4771 3634 4842 ὥσπερ
3659 4774 3754 4824 καὶ

2174 4866 2222 4916 οἱ
2255 4864 2383 4934 περὶ
2414 4862 2506 4915 τοῦ
2541 4862 2798 4934 Χριστοῦο
2843 4865 2876 4934 ἡ
2924 4863 2981 4915 δέ
3016 4863 3246 4932 ἀλήθεια
3277 4864 3389 4934 ἔχει
3439 4863 3612 4925 οὕτως
3640 4881 3652 4893 ·
3691 4864 3753 4917 Αἰ

2179 4958 2277 5029 μὲν
2327 4958 2560 5026 Γραφαὶ,
2586 4957 2678 5012 δύο
2721 4958 2939 5026 λέγουσι
2990 4957 3296 5029 παρουσίας
3346 4955 3438 5010 τοῦ
3482 4956 3756 5026 Χριστοῦ,

2176 5051 2382 5123 ταύτην
2402 5053 2614 5123 καὶ-τὴν
2644 5053 2966 5122 μέλλουσανο
2998 5053 3090 5106 καὶ
3113 5055 3160 5106 οἱ
3183 5051 3459 5123 προφῆται
3485 5053 3751 5122 ἑκατέρας

2177 5143 2485 5214 πρόδρομον
2525 5144 2613 5196 τὸν
2665 5144 2852 5198 Ἠλίαν
2902 5145 3123 5198 ἔσεσθαι
3168 5145 3450 5212 λέγουσιν’
3504 5144 3603 5213 τῆς
3644 5145 3754 5214 γὰρ

2175 5234 2341 5304 ἄλλης
2380 5238 2408 5287 6
2450 5236 2702 5305 Ἰωάννης
2736 5237 2978 5304 ἐγίνετο,
3008 5237 3066 5289 ὃν
3101 5239 3193 5290 καὶ
3240 5237 3427 5289 Ἠλίαν
3458 5239 3486 5290 6
3519 5237 3752 5307 Χριστὸς

2178 5327 2354 5391 καλεῖ,
2383 5329 2481 5380 οὐκ
2504 5331 2688 5399 ἐπειδὴ
2731 5330 2918 5393 Ἠλίας
2945 5326 3035 5401 ἦν,
3066 5331 3180 5384 ἀλλ’
3215 5331 3406 5400 ἐπειδὴ
3433 5332 3533 5401 τὴν
3568 5330 3752 5383 διακο-

2179 5419 2298 5472 νίαν
2320 5420 2637 5490 ἐπλήρωσεν
2675 5422 2882 5475 Ἡλίουο
2914 5426 2961 5476 οἱ
2992 5425 3344 5494 Γραμματεῖς
3374 5423 3468 5476 οὖν
3503 5423 3756 5492 συγχέονο

2177 5528 2266 5574 τες
2295 5511 2465 5564 ταῦτα
2486 5555 2500 5578 ,
2532 5514 2628 5583 τῆς
2665 5514 2922 5585 δευτέρας
2959 5519 3329 5585 ἐμνημόνευον
3364 5518 3532 5586 μόνης
3553 5533 3567 5546 ·
3595 5515 3756 5577 αὐτὸς

2177 5602 2233 5654 δέ
2270 5619 2402 5672 φησι
2451 5605 2583 5676 πρὸς
2625 5606 2751 5668 τοὺς
2792 5605 3062 5675 μαθητάςο
3127 5606 3328 5672 Ἠλίας
3372 5607 3491 5675 μὲν
3521 5607 3757 5674 ἔρχεται

2179 5696 2273 5747 καὶ
2307 5695 2798 5764 ἀποκαταστήσει
2832 5700 3050 5754 πάντα.
3095 5700 3228 5752 Ποῖα
3274 5701 3482 5764 nciam;
3520 5700 3704 5768 Ἀπερ
3731 5699 3760 5750 6

2181 5789 2464 5860 προφήτης
2495 5791 2642 5859 ἔλεγε
2672 5793 2837 5862 μάλα·
2885 5793 3248 5860 Ἀποστελῶ,
3283 5793 3437 5863 φησι,
3469 5792 3573 5844 τὸν
3594 5792 3759 5860 ἄγγε-
