4026 6572
379 360 517 428 H33

1365 328 1682 424 scnous
1728 362 2023 424 verum
2066 360 2139 421 IN
2187 360 2654 421 ιιΑΤτΗΑευιι.

3479 340 3615 425 113i

380 480 488 533 λόν
505 495 645 545 μου,
686 478 777 531 καὶ
828 478 894 531 τὰ
946 477 1092 547 ἑξῆς·
1137 477 1229 531 καὶ
1260 476 1415 531 τοῦτο
1446 480 1736 550 γενήσεται
1768 478 1844 533 ὅτ’
1876 478 1941 534 ἂν

2047 478 2302 548 reliquias
2339 476 2503 533 Israel
2548 475 2746 532 salvari
2773 476 3035 541 voluerit,
3067 491 3134 531 ne
3164 476 3378 546 penitus
3404 476 3616 547 disper-

383 576 443 623 τὰ
472 569 1011 639 ἐγκαταλελειμμένα
1036 569 1131 623 τοῦ
1166 568 1381 641 Ἰσραὴλ
1411 569 1657 640 βούλεται
1682 572 1940 642 σωθῆναι,

378 659 462 713 ίνα
509 660 584 728 μὴ
616 659 786 729 ἄρδην
836 659 1146 713 ἀπόλωνται
1201 661 1281 723 εἰς
1327 660 1427 729 τὴν
1465 660 1723 731 δευτέραν
1777 661 1940 715 αὐτοῦ

377 751 676 821 παρουσίαν
702 766 715 780 ·
741 751 867 804 ὅταν
905 748 999 804 οὖν
1045 751 1199 821 λέγῃ,
1232 751 1313 803 ὅτι
1350 750 1557 817 Ἠλίας
1587 750 1819 821 ἔρχεται
1842 752 1942 809 καί

377 839 885 907 ἀποκαταστήσει,
913 840 1039 909 περὶ
1077 838 1172 893 τοῦ
1211 842 1269 892 ὲν
1301 843 1366 911 τῇ
1401 841 1627 911 δευτέρα
1672 842 1943 913 παρουσίᾳ

377 931 542 1000 λέγει·
574 931 758 985 ὅτ”ἂν
799 932 856 986 δὲ
909 933 1043 1005 λέγῃ
1079 933 1107 985 ό
1148 931 1356 1001 μέλλων
1404 931 1659 1002 ἔρχεσθαι
1718 932 1939 998 Ἠλίας,

378 1016 566 1086 Οὗτός
607 1020 798 1082 ἐστιν,
844 1019 980 1074 κατά
1026 1020 1117 1075 τὸν
1157 1021 1358 1093 τρόπον
1402 1022 1501 1093 τῆς
1542 1019 1817 1086 διακονίας
1852 1022 1942 1077 τὸν

386 1112 636 1181 Ἰωάννην
669 1112 855 1165 Ἠλίαν
875 1113 1052 1168 καλεῖ.

444 1202 550 1257 Τοῦ
583 1202 1042 1275 σεληνιαζομένου
1074 1208 1102 1261 ό
1134 1210 1319 1280 πατὴρ
1360 1209 1564 1281 σφόδρα
1596 1206 1665 1282 ἦν
1692 1210 1939 1276 ἄπιστος·

374 1297 648 1350 ἐδείκνυτο
670 1298 725 1351 δὲ
754 1298 910 1351 τοῦτο
933 1297 997 1351 ἐκ
1016 1315 1073 1352 τε
1092 1298 1186 1353 τοῦ
1212 1302 1386 1355 εἰπεῖν
1415 1303 1553 1373 πρὸς
1574 1304 1665 1358 τὸν
1682 1304 1939 1377 Χριστόν·

379 1389 423 1442 Ε
426 1392 445 1443 ί
464 1389 744 1452 δύνασαι,
762 1389 1103 1457 βοήθησον.

445 1500 544 1552 Διὰ
570 1500 621 1552 τί
647 1499 928 1570 μέμφεται
957 1503 1072 1565 τοῖς
1100 1501 1439 1571 ἀποστόλοις,
1467 1504 1515 1558 εί
1544 1504 1770 1571 ἄπιστός
1794 1505 1941 1559 ἐστιν

374 1592 452 1645 ότι
480 1590 572 1643 τὸν
596 1591 709 1645 υἱὸν
736 1592 901 1646 αὑτοῦ
923 1593 983 1645 οὺ
1013 1592 1479 1662 τεθεραπεύκασιν
1502 1612 1516 1661 ;
1552 1596 1778 1660 Δεικνὺς
1799 1597 1882 1650 ὅτι
1908 1596 1941 1667 ἡ

378 1683 588 1756 μεγάλη
637 1686 822 1749 πίστις
870 1686 969 1739 καὶ
1011 1686 1194 1740 τελεία
1237 1687 1408 1759 ἀρετὴ
1443 1688 1553 1742 τῶν
1596 1688 1939 1761 θαυματουρο

377 1775 614 1845 γούντων
649 1776 875 1831 δύναται
910 1778 1004 1831 καὶ
1041 1779 1213 1849 χωρὶς
1248 1778 1484 1843 πίστεως
1508 1778 1615 1834 τῶν
1641 1779 1942 1851 θεραπευο-

379 1836 557 1940 μένων
608 1870 872 1942 ἐνεργεῖν.
901 1836 1108 1939 ’Ὠσπερ
1129 1836 1243 1941 ’γάρ
1273 1871 1306 1941 ἡ
1341 1836 1522 1934 πίστις
1565 1870 1672 1924 τῶν
1705 1836 1942 1942 προσερ-
1975 1836 2016 1895 Β

373 1961 614 2033 χομένων
665 1962 759 2015 καὶ
790 1963 919 2034 παρ’
970 1962 1269 2017 ἐλαττόνων
1314 1962 1583 2035 λαμϐάνει
1629 1964 1729 2036 τὴν
1762 1965 1939 2031 ίασιν,

372 2052 446 2116 ὡς
475 2052 567 2106 ἐπὶ
593 2052 687 2106 τοῦ
718 2052 1017 2126 Κορνηλίου
1042 2072 1055 2083 ·
1089 2053 1265 2119 οὕτως
1291 2054 1397 2108 τῶν
1428 2055 1725 2110 ποιούντων
1754 2054 1821 2109 τὰ
1846 2071 1943 2126 ση-

378 2147 507 2215 μεῖα
541 2146 779 2217 ἦρκεσεν
815 2148 848 2218 ἡ
883 2144 1115 2217 δύναμις
1144 2148 1239 2201 καὶ
1291 2148 1366 2219 μὴ
1392 2148 1753 2203 πιστευόντων
1780 2148 1943 2203 τινῶν

369 2238 446 2303 ὡς
484 2239 579 2292 επὶ
611 2237 705 2292 τοῦ
761 2238 1097 2293 Ἐλισσαίου·
1132 2240 1216 2293 ὅτι
1259 2240 1471 2304 οὐδενὸς
1518 2241 1940 2307 πιστεύσαντος,

370 2330 563 2401 νεκρὸς
589 2331 810 2401 ἀνέστη·
839 2330 945 2404 χρὴ
969 2331 1025 2384 δὲ
1055 2332 1255 2387 εἰδέναι
1284 2333 1434 2403 ὅμως
1460 2333 1543 2387 ὅτι
1572 2333 1633 2387 οὐ
1664 2333 1865 2397 πάντες
1890 2333 1942 2386 oi

374 2423 613 2493 μαθηταὶ
661 2423 967 2494 ἡσθένησαν
1010 2426 1080 2496 τῇ
1112 2425 1331 2479 πίστει·
1359 2426 1409 2478 oi
1454 2424 1562 2496 γὰρ
1614 2424 1797 2479 στύλοι
1840 2424 1943 2479 οὐκ

370 2506 511 2584 ἦσαν
538 2516 671 2569 ἐκεῖ.

445 2605 544 2659 Δια
572 2606 624 2659 τί
667 2601 844 2675 εἶπεν,
886 2604 962 2662 Ὦ
996 2606 1172 2677 γενεὰ
1204 2607 1459 2675 ἄπιστος
1493 2608 1592 2662 καὶ
1629 2609 1941 2681 διεστραμο

366 2699 520 2770 μένη
540 2700 561 2752 .'
604 2699 820 2771 Ἐπειδή
855 2700 882 2751 ό
912 2700 1142 2763 ἄπιστος
1171 2700 1310 2772 ἀνὴρ
1345 2695 1500 2765 οὗτος
1531 2701 1624 2755 ἐπὶ
1657 2701 1750 2756 τοῦ
1784 2702 1941 2773 όχλου

371 2788 689 2860 ἐντυγχάνει
733 2789 875 2844 κατὰ
927 2789 1038 2843 τῶν
1101 2789 1400 2861 μαθητῶν·
1467 2790 1789 2863 βουλόμενος
1849 2793 1944 2848 οὖν

370 2880 675 2947 ἀπαλλάξαι
726 2881 969 2946 ἐκείνους
1027 2882 1127 2952 μὲν
1184 2882 1568 2953 ἐγκλήματος,
1627 2885 1836 2939 ἐκεῖνον
1885 2886 1941 2941 δὲ

372 2974 603 3047 ὕϐρεως,
634 2975 719 3028 ἵνα
751 2976 826 3046 μὴ
856 2974 1172 3045 ὲξαπορήσῃ
1197 3016 1212 3039 ,
1243 2976 1628 3028 κοινοποιεῖται
1666 2976 1756 3030 τὸν
1788 2975 1945 3045 λόγον

368 3064 651 3137 ἀληθεύων
670 3064 765 3118 καὶ
789 3065 918 3135 περὶ
948 3064 1057 3117 τῶν
1087 3064 1284 3119 ἄλλων·
1317 3066 1463 3129 εἰκὸς
1491 3064 1600 3137 γὰρ
1623 3061 1692 3139 ἦν
1717 3067 1944 3132 πολλοὺς

368 3156 478 3209 τῶν
502 3157 784 3227 παρόντων
811 3155 1286 3229 σκανδαλισθῆναι.

378 3334 379 3339 η
442 3266 535 3333 Τὸ,
567 3268 714 3333 Ἕως
756 3267 902 3321 πότε
930 3266 1144 3336 ἔσομαι
1168 3266 1298 3336 μεθ’
1321 3267 1521 3337 ὑμῶν;
1549 3267 1818 3323 δείκνυσιν
1861 3268 1942 3324 ὅτι

368 3356 647 3429 ἡσπάζετο
683 3358 776 3413 τὸν
808 3360 1064 3425 θάνατον,
1096 3359 1192 3412 καὶ
1224 3359 1389 3430 βάρος
1427 3355 1568 3414 εἶναι
1600 3358 1661 3413 τὸ
1695 3360 1814 3432 μετ’
1846 3362 1943 3415 αύ-

366 3453 475 3506 τῶν
504 3452 798 3520 ἐλογίζετο.

451 3564 538 3627 Ὦς
565 3564 763 3617 κόκκον
787 3562 1061 3627 σινάπεως
1088 3563 1188 3634 τὴν
1221 3563 1405 3616 πίστιν
1434 3562 1604 3632 λέγει,
1628 3563 1841 3628 δεικνὺς
1860 3565 1941 3618 ὅτι

368 3656 429 3709 τὸ
469 3655 747 3725 ἐλάχιστον
774 3655 872 3724 τῆς
899 3656 1131 3725 γνησίας
1178 3655 1415 3719 πίστεως
1450 3656 1545 3709 καὶ
1585 3656 1688 3726 ὅρη
1721 3655 1942 3711 δύναται

370 3747 721 3820 μεταθεῖναι·
774 3750 823 3801 εί
870 3748 927 3802 δὲ
978 3750 1076 3803 καὶ
1125 3746 1366 3818 οὐδαμοῦ
1404 3746 1507 3819 ὅρη
1543 3747 1842 3820 μετετέθη,
1881 3747 1942 3804 τὸ

366 3840 581 3909 ἐγεῖραι
615 3840 840 3911 νεκροὺς
867 3839 967 3892 οὐκ
997 3838 1239 3891 ἔλαττον.

441 3948 614 4002 Πόθεν
647 3947 717 4000 τά
747 3947 1017 4017 δίδραχμα
1051 3946 1328 4011 ἐτελεῖτο;
1368 3947 1496 3999 Ὅτε
1522 3949 1591 4001 τὰ
1620 3949 1942 4018 πρωτότοκα

367 4042 479 4096 τῶν
526 4040 838 4108 Αἰγυπτίων
881 4038 1203 4093 ἀπέκτεινεν
1246 4040 1274 4092 ὁ
1304 4038 1469 4103 Θεὸς,
1505 4040 1627 4095 τότε
1667 4040 1767 4111 τὴν
1809 4042 1941 4095 Λευῒ

369 4134 543 4205 φυλὴν
574 4135 688 4187 ἀντ’
725 4134 905 4187 αὐτῶν
935 4132 1148 4186 ἔλαϐεν.
1184 4126 1318 4185 Εἶτα
1340 4132 1524 4202 ἐπειδὴ
1556 4132 1662 4186 τῶν
1687 4149 1800 4204 παρ
1826 4136 1937 4187 ’Λὶ-

371 4226 622 4293 γυπτίοις
645 4223 1007 4296 πρωτοτόκων
1035 4224 1274 4279 ἐλάττων
1298 4219 1365 4293 ἦν
1395 4226 1423 4278 ό
1452 4224 1551 4294 τῆς
1584 4226 1755 4298 φυλῆς
1782 4227 1940 4299 ἀριθ-

375 4314 473 4384 μὸς
502 4354 517 4378 ,
547 4314 671 4369 ἀντὶ
698 4313 807 4366 τῶν
850 4313 1145 4367 λειπόντων
1187 4314 1265 4377 εἰς
1299 4313 1391 4367 τὸν
1438 4313 1706 4385 ἀριθμὸν,
1755 4316 1940 4369 σίκλον

369 4407 659 4460 ἐκέλευσεν
690 4405 1069 4476 εἰσενεχθῆναι
1093 4419 1106 4434 ⁶
1140 4404 1199 4472 ἐξ
1247 4404 1457 4458 ἐκείνου
1492 4400 1586 4458 οὖν
1626 4404 1745 4470 ἔθος
1776 4407 1939 4478 ὲκρά·

2044 570 2245 624 dantur
2298 569 2350 624 in
2396 569 2637 624 secundo
2674 569 2795 638 ejus
2837 568 3093 624 adventu.
3125 566 3261 624 Cum
3305 583 3435 639 ergo
3483 569 3616 624 dicit

2043 662 2171 732 quia
2206 661 2355 715 Elias
2387 662 2522 716 venit
2549 669 2598 715 et
2624 662 2972 729 restituet,de
2991 663 3094 718 hoc
3114 660 3257 732 quod
3284 662 3339 715 in
3373 662 3616 717 secundo

2044 751 2277 806 adventu
2311 750 2400 806 ﬁet
2420 751 2685 821 loquitur.
2709 750 2844 805 Cum
2874 760 3053 806 autem
3078 751 3212 806 dicit
3239 750 3329 821 qui
3355 758 3614 805 venturus

2044 851 2128 897 est
2159 843 2308 900 Elias
2342 860 2357 898 :
2402 842 2509 898 Iste
2534 853 2643 911 est,
2686 843 2986 900 secundum
3018 843 3285 899 rationem
3324 842 3615 898 ministerii

2043 933 2307 991 Joannem
2336 934 2509 991 Etiam
2540 942 2717 995 vocat.

2105 1211 2269 1267 Vsus.
2316 1210 2400 1266 14.
2451 1209 2700 1266 Lttnatici
2737 1220 2889 1283 pater
2933 1211 3085 1266 valde
3116 1210 3430 1267 incredulus
3461 1219 3611 1277 erat;

2043 1305 2190 1377 quod
2216 1305 2539 1360 ostendebat
2566 1305 2798 1360 dicendo
2826 1304 3047 1361 Christo
3101 1323 3114 1360 :
3149 1304 3210 1361 Si
3250 1315 3393 1374 potes
3415 1348 3428 1372 ,
3468 1322 3614 1375 opem

2044 1398 2144 1467 fer.

2115 1506 2282 1566 Vens.
2310 1508 2396 1564 l5.
2421 1508 2531 1564 Cur
2559 1509 2737 1580 arguit
2767 1508 3064 1579 apostolos,
3090 1508 3134 1564 si
3161 1507 3473 1563 incredulus
3504 1517 3609 1574 est,

2043 1600 2187 1671 quod
2219 1599 2388 1655 lilium
2420 1615 2580 1655 suum
2620 1616 2728 1654 non
2772 1600 3118 1655 curaverint?
3148 1596 3454 1656 Ostendens
3490 1616 3611 1655 ma-

2044 1708 2204 1763 gnam
2236 1690 2392 1747 ﬁdem
2440 1699 2493 1746 et
2528 1690 2821 1761 perfectam
2860 1691 3114 1746 virtutem
3168 1690 3431 1746 miracula
3479 1706 3611 1760 cpe-

2044 1783 2282 1837 rantium
2315 1797 2473 1853 posse
2502 1781 2585 1836 vel
2626 1782 2832 1853 absque
2861 1782 2965 1838 lide
2992 1798 3183 1837 eorum
3214 1782 3307 1853 qui
3349 1793 3613 1836 curantur

2043 1875 2245 1929 valere.
2273 1875 2424 1931 Sicut
2444 1874 2588 1931 enim
2621 1876 2752 1930 lides
2779 1874 3151 1931 accedentium
3179 1876 3262 1931 vel
3289 1877 3356 1931 ab
3387 1872 3611 1930 inferio-

2046 1963 2195 2020 ribus
2216 1964 2413 2036 accipit
2442 1966 2806 2032 curationem,
2848 1976 2906 2021 ut
2951 1967 3005 2022 in
3037 1966 3294 2022 Cornelio
3318 2009 3334 2035 ,
3369 1968 3443 2023 ita
3484 1984 3614 2039 ope-

2043 2056 2278 2110 rantium
2310 2054 2462 2126 signa
2501 2055 2701 2126 proluit
2744 2057 2828 2113 vis
2867 2057 2950 2112 vel
2996 2058 3323 2129 quibusdam
3355 2074 3459 2114 non
3490 2074 3614 2114 crc-

2045 2144 2316 2213 dentibus,
2352 2156 2411 2202 ut
2444 2146 2498 2202 in
2528 2144 2746 2215 Elisaeo,
2777 2147 2926 2218 quia,
2968 2149 3117 2204 nullo
3149 2147 3425 2214 credente,
3463 2165 3614 2205 mor-

2044 2243 2171 2291 tuus
2201 2237 2470 2294 excitatus
2504 2248 2607 2294 est.
2639 2237 2863 2310 Oportet
2884 2250 3065 2295 autem
3091 2240 3233 2295 scire
3256 2241 3615 2298 nihilominus

2045 2343 2151 2383 non
2190 2344 2381 2385 omnes
2409 2329 2709 2400 discipulos
2752 2330 2995 2387 inﬁrmos
3040 2330 3209 2387 fuisse
3252 2331 3306 2387 in
3346 2332 3481 2399 ﬁde;
3528 2349 3616 2389 coo

2044 2419 2245 2475 lumnze
2274 2421 2419 2477 enim
2447 2437 2552 2478 non
2579 2421 2651 2477 ibi
2691 2430 2866 2478 erant.

2113 2606 2281 2662 Vsus.
2314 2606 2401 2663 16.
2427 2606 2539 2663 Cur
2572 2606 2730 2675 dixit,
2763 2606 2806 2663 0
2826 2609 3092 2678 generatio
3119 2609 3391 2663 incredula
3417 2620 3463 2665 et
3494 2604 3615 2681 per-

2045 2716 2191 2754 versa
2213 2700 2233 2753 .'
2266 2698 2400 2766 Quia
2440 2698 2753 2756 incredulus
2781 2700 2864 2755 vir
2895 2701 2997 2756 iste
3019 2702 3074 2756 in
3105 2702 3262 2757 turba
3296 2704 3617 2759 versabatur

2045 2800 2234 2846 contra
2257 2791 2578 2860 discipulos.
2605 2790 2807 2848 Volens
2830 2808 2959 2864 ergo
2981 2796 3219 2849 eximere
3244 2795 3362 2850 illos
3387 2810 3415 2849 a
3431 2796 3613 2865 culpa,

2047 2882 2189 2935 hunc
2211 2888 2393 2935 autem
2430 2895 2461 2934 a
2489 2880 2820 2935 contumelia
2842 2922 2858 2947 ,
2889 2896 2957 2937 ne
2989 2881 3332 2951 desperaret,
3363 2896 3614 2936 commu-

2047 2988 2169 3025 nem
2197 2970 2326 3026 facit
2354 2987 2687 3037 sermonem,
2716 2986 2843 3027 vera
2877 2988 3094 3042 quoque
3125 2970 3311 3028 dicens
3342 2973 3407 3028 de
3441 2973 3563 3028 aliis
3596 2991 3611 3029 :

2046 3061 2341 3117 verisimile
2368 3061 2514 3116 enim
2552 3069 2671 3117 erat
2715 3062 2918 3118 multos
2963 3063 3312 3132 praesentium
3345 3065 3616 3119 seandalio

2047 3162 2196 3209 13105
2229 3168 2372 3210 esse.

2116 3260 2271 3331 Illud,
2300 3262 2582 3334 Quousque
2603 3278 2691 3317 ero
2721 3262 2983 3316 vobiscum
3006 3263 3030 3316 ,ν
3053 3262 3291 3318 ostendit
3321 3279 3442 3319 cum
3476 3282 3616 3320 tuor-

2044 3364 2149 3410 tcm
2180 3354 2490 3424 amplexum
2524 3370 2667 3419 esse.
2704 3363 2756 3410 ct
2786 3354 3022 3425 graviter
3052 3353 3194 3410 ferre
3224 3356 3367 3425 quod
3403 3373 3525 3411 cum
3556 3359 3614 3413 il-

2043 3448 2112 3503 lis
2141 3454 2282 3502 erat.

2117 3553 2280 3611 Vens.
2314 3555 2398 3610 l9.
2441 3553 2506 3610 Ut
2535 3568 2769 3624 granum
2800 3553 3008 3624 sinapis
3049 3554 3208 3610 ﬁdem
3239 3555 3370 3611 dicit
3390 3597 3404 3622 ,
3433 3568 3618 3612 OSten-

2042 3647 2180 3704 dens
2212 3648 2294 3702 vel
2328 3648 2614 3703 minimum
2648 3665 2790 3704 vera:
2821 3649 2944 3704 lidei
2992 3659 3206 3706 montes
3251 3666 3414 3721 posse
3448 3660 3619 3709 trans.

2043 3739 2217 3805 ferre;
2254 3741 2301 3796 si
2329 3756 2459 3796 vero
2489 3756 2759 3812 nusquam
2793 3752 3005 3798 montes
3038 3743 3414 3809 transtulerit,
3450 3747 3618 3801 susci-

2044 3840 2161 3887 tare
2182 3840 2427 3888 mortuos
2452 3847 2562 3887 non
2595 3831 2825 3889 inferius
2851 3843 2957 3888 est.

2110 3939 2275 3997 Vens.
2323 3942 2413 3997 2'5.
2447 3941 2629 4008 Quare
2659 3943 2976 3998 didrachma
3017 3944 3366 4001 solvebatur?
3390 3944 3618 4011 Quando

2043 4031 2399 4102 primogenita
2433 4030 2812 4104 Egyptiorum
2852 4036 3109 4090 mactavit
3134 4035 3290 4103 _Dens
3312 4078 3325 4101 ,
3357 4046 3488 4091 tunc
3517 4038 3617 4093 tri-

2042 4124 2169 4178 bum
2198 4122 2326 4177 Levi
2362 4136 2461 4193 pro
2494 4124 2602 4180 illis
2632 4127 2958 4196 assumpsit.
2981 4128 3189 4184 Deinde
3222 4130 3481 4199 quoniam
3507 4133 3619 4202 pri-

2044 4215 2330 4285 mogenitis
2372 4215 2748 4287 Egyptiorum
2802 4218 3030 4276 inferior
3067 4232 3185 4277 erat
3218 4223 3395 4278 tribus
3426 4240 3620 4279 nume~

2042 4320 2169 4372 rus,
2204 4322 2300 4376 pro
2340 4307 2718 4364 deﬁcientibus
2749 4324 2778 4364 a
2816 4325 3080 4377 numero,
3135 4313 3327 4369 siclum
3363 4316 3620 4385 praecepit

2042 4397 2278 4452 conferri
2309 4415 2322 4451 :
2353 4414 2419 4453 ex
2466 4399 2573 4454 hoc
2604 4399 2769 4471 igitur
2801 4417 2919 4457 mos
2947 4403 3185 4459 obtinuit
3225 4407 3618 4477 primogenitos

368 4520 533 4574 τησεν
564 4501 635 4555 τὰ
663 4500 987 4574 πρωτότοκα
1016 4499 1110 4554 τὸν
1149 4500 1312 4571 φόρον
1335 4500 1523 4555 τοῦτον
1548 4501 1838 4573 εἰσφέρειν.
1874 4504 1936 4557 Οἱ

2045 4489 2191 4545 hunc
2225 4491 2491 4547 tributum
2522 4493 2756 4548 solvere.
2788 4491 2893 4560 Qui
2916 4496 3234 4551 didrachma
3261 4498 3521 4569 colligunt
3547 4499 3615 4555 ad

367 4593 437 4645 τὰ
472 4593 742 4663 δίδραχμα
771 4591 1141 4663 λαμϐάνοντες
1174 4589 1252 4660 τῷ
1288 4591 1479 4663 Πέτρῳ
1507 4594 1937 4664 προσέρχονται·

368 4683 629 4747 ἐπιεικῶς
662 4684 719 4737 δὲ
744 4683 934 4753 ἐπειδὴ
964 4684 1240 4752 ἀπένεμον
1264 4681 1413 4752 αὐτῷ
1438 4684 1561 4737 τινὰ
1589 4684 1721 4738 αίδὼ
1751 4685 1838 4741 διὰ
1874 4686 1940 4740 τά

369 4779 593 4847 σημεῖα.

452 4865 533 4937 [ᾧ
587 4865 811 4937 Χριστῷ
860 4867 954 4919 καὶ
1009 4867 1202 4936 Πέτρῳ
1254 4863 1329 4927 ὡς
1377 4868 1741 4937 πρωτοτόκοις
1791 4868 1942 4923 οὖσιν

365 4957 682 5012 ἀπαιτείται
702 4957 762 5010 τὸ
791 4957 1105 5030 δίδραχμον.

441 5069 515 5121 Τὸ
543 5067 726 5136 λέγειν
756 5069 848 5122 τὸν
883 5069 1139 5139 Χριστὸν,
1197 5071 1258 5125 Τί
1295 5087 1395 5125 σοι
1423 5070 1605 5136 δοκεῖ,
1637 5071 1844 5141 Σίμωνε
1884 5074 1940 5125 ol

359 5160 647 5226 ,βασιλεῖς
684 5159 796 5228 τῆς
826 5159 940 5229 τῆς
977 5161 1097 5215 ἀπὸ
1140 5162 1319 5216 τίνων
1347 5162 1769 5230 λαμϐάνουσιν
1794 5162 1938 5231 τέλη

366 5252 405 5319 ἢ
443 5251 715 5320 κῆνσον;
743 5253 989 5307 τοιοῦτον
1017 5253 1130 5324 εχει
1167 5255 1259 5307 τὸν
1287 5254 1432 5307 νοῦν·
1479 5254 1817 5325 Ἐλεύθερος,
1838 5272 1940 5324 φη·

368 5347 477 5410 σὶν,
510 5347 627 5416 εἰμὶ
651 5345 745 5399 τοῦ
773 5345 957 5400 δοῦναι
985 5347 1202 5416 κῆνσον·
1237 5348 1285 5399 εί
1312 5347 1419 5418 γὰρ
1447 5347 1686 5417 βασιλεῖς
1712 5347 1808 5419 τῆς
1837 5347 1940 5417 γῆς

362 5440 426 5493 ού
455 5440 606 5508 παρὰ
652 5438 761 5491 τῶν
791 5438 924 5492 υἱῶν
954 5438 1134 5493 αὐτῶν
1164 5439 1231 5492 λα
1242 5438 1539 5508 μόάνουσιν
1559 5481 1573 5503 ,
1609 5438 1744 5492 ἀλλὰ
1790 5439 1941 5509 παρὰ

361 5533 473 5586 τῶν
502 5533 821 5604 ἀρχομένων
848 5547 862 5560 ·
893 5533 955 5585 οὐ
979 5532 1157 5596 δώσω,
1189 5531 1377 5600 φησὶν,
1407 5530 1535 5599 ἐγὼ,
1569 5530 1667 5583 οὐκ
1697 5529 1939 5597 ἐπιγείου

366 5626 633 5696 βασιλέως
656 5665 671 5688 ,
699 5624 835 5678 ἀλλὰ
856 5624 953 5678 τοῦ
983 5625 1092 5679 τῶν
1118 5624 1364 5696 οὐρανῶν
1390 5622 1465 5678 ὣν
1510 5623 1623 5685 υἱὸς
1652 5621 1936 5693 βασιλέως.

436 5716 512 5769 Τὸ
536 5718 840 5787 προειπεῖν,
859 5716 941 5769 ότι
962 5716 1261 5784 Εὑρήσεις
1282 5715 1550 5784 στατῆρα
1574 5714 1643 5767 ἐν
1660 5712 1736 5778 τῷ
1757 5713 1935 5780 ίχθὺϊ,

366 5809 463 5862 καὶ
493 5807 560 5861 τὸ
578 5807 828 5875 ιπρώτως
861 5807 952 5860 τὸν
984 5808 1136 5876 ἰχθὺν
1174 5809 1464 5879 ἐμπεσεῖν,
1501 5807 1589 5860 καὶ
1621 5805 1809 5877 ὥσπερ
1841 5804 1937 5873 ἄγ-

2043 4580 2263 4636 Petrum
2312 4584 2615 4652 accedunt;
2657 4585 3031 4643 verisimiliter
3081 4600 3265 4644 autem
3307 4590 3619 4647 tribuebant

2047 4673 2125 4729 illi
2156 4674 2431 4744 quoddam
2458 4678 2784 4749 obsequium
2816 4689 3034 4749 propter
3063 4680 3240 4748 signa.

2115 4859 2159 4913 Α
2186 4859 2406 4916 Christo
2437 4871 2487 4914 et
2523 4861 2721 4925 Petro,
2754 4872 3011 4930 tanquam
3047 4860 3453 4932 primogenitis,
3491 4866 3620 4935 peti-

2044 4959 2133 5005 tur
2160 4951 2499 5007 didrachma.

2112 5058 2277 5116 Vens.
2310 5061 2401 5115 24.
2425 5060 2584 5128 Quod
2611 5065 2744 5119 dicit
2779 5064 3056 5134 Christus,
3087 5067 3231 5134 Quid
3264 5069 3360 5121 tibi
3386 5068 3613 5131 videtur,

2045 5151 2276 5207 Simon?
2307 5169 2449 5222 reges
2481 5165 2634 5209 terra:
2671 5172 2701 5209 a
2732 5157 2919 5226 quibus
2949 5160 3214 5229 accipiunt
3254 5160 3505 5212 tributum
3538 5160 3615 5213 vel

2043 5246 2294 5298 censum?
2341 5250 2413 5300 ita
2454 5245 2677 5319 intelligi
2713 5248 2875 5304 debet
2927 5267 2940 5303 :
2984 5248 3145 5306 Liber
3191 5265 3334 5313 sum,
3384 5248 3537 5315 dicit,
3582 5263 3613 5302 a

2042 5337 2225 5392 dando
2249 5352 2417 5392 censu
2444 5355 2460 5402 ;
2487 5338 2532 5392 si
2568 5339 2712 5393 enim
2749 5355 2903 5410 reges
2941 5350 3101 5398 terra:
3134 5358 3165 5399 a
3200 5342 3327 5399 tlliis
3354 5341 3469 5397 suis
3506 5356 3614 5396 non

2042 5432 2353 5502 accipiunt,
2387 5431 2481 5486 Sed
2507 5445 2535 5484 a
2581 5431 2850 5500 subditis,
2886 5448 2996 5490 non
3035 5450 3137 5508 ego
3162 5478 3176 5501 ,
3208 5435 3411 5508 inquit,
3443 5432 3612 5498 dabo.

2044 5540 2166 5578 cum
2192 5538 2297 5578 non
2327 5524 2604 5580 terrestris
2640 5528 2783 5595 regis
2806 5568 2821 5591 ,
2854 5529 2945 5582 sed
2976 5531 3238 5585 calorum
3280 5530 3421 5601 regis
3447 5528 3616 5585 Filius

2043 5620 2167 5672 sim.

2120 5706 2284 5762 Vnus.
2325 5709 2414 5762 26.
2459 5707 2756 5764 Praedicare
2798 5711 2938 5779 quod
2983 5712 3215 5767 Invenies
3264 5724 3520 5769 stateram
3561 5714 3612 5767 in

2042 5803 2203 5872 pisce,
2239 5812 2291 5856 et
2337 5801 2513 5872 primo
2561 5800 2612 5855 in
2650 5802 2847 5870 piscem
2900 5803 3156 5871 incidere,
3191 5814 3244 5860 et
3293 5816 3351 5860 ut
3396 5807 3614 5862 hamum
