4060 6576
435 312 575 383 H35

1132 316 1526 379 OPUSCULA
1561 314 2194 378 SCRIPTURISTICA
2240 317 2590 379 INCERT/E
2630 319 2938 411 [ΕΤᾼΤΙΞ.

3543 320 3679 386 1136

428 451 613 492 vocem
644 450 795 491 suam
843 434 897 491 in
942 433 1197 507 abyssum
1246 431 1484 499 mittere,
1522 447 1731 503 magna:
1764 431 2000 487 admirac

2109 448 2331 502 κιστρον
2375 433 2470 485 τὸν
2504 431 2660 501 λόγον
2704 433 2871 485 αὑτοῦ
2927 432 3006 496 εἰς
3046 431 3147 503 τὴν
3198 432 3434 487 ἄὸυσσον
3474 434 3678 501 ἐλθεῖν,

428 530 592 586 tionis
620 530 838 600 dignum
869 539 974 585 est.

1003 668 1232 727 CAPUT
1262 667 1447 725 XVIII.

498 803 661 857 Vens.
704 803 748 855 l.
793 802 907 856 Cur
962 801 1180 865 dicitur,
1227 797 1292 853 In
1342 800 1438 855 illa
1487 800 1619 854 hora
1675 809 2001 855 accesserunt

425 894 671 964 discipuli
697 894 765 947 ad
790 891 976 947 Iesum
1003 892 1232 945 dicentes
1260 908 1278 946 :
1308 891 1461 958 Quis,
1485 900 1662 960 putas,
1692 890 1865 961 major
1886 893 2004 946 est?

426 987 565 1053 Quia
603 987 895 1041 humanum
930 984 1266 1049 sentiebant;
1300 998 1422 1037 nam
1469 985 1879 1053 praebonoratus
1920 994 2002 1040 est

425 1078 619 1133 Petrus
658 1086 717 1132 ut
764 1076 1181 1147 primogenitus;
1226 1075 1426 1128 etenim
1480 1088 1623 1128 unus
1670 1089 1701 1128 e
1748 1075 1998 1138 duobus,

424 1170 689 1226 Iacobum
736 1180 788 1224 et
820 1166 1082 1224 Joannem
1133 1168 1276 1229 dico,
1327 1166 1719 1235 primogenitus
1763 1174 1912 1232 erat;
1947 1174 1999 1219 ct

427 1263 577 1317 nullo
613 1263 775 1315 modo
804 1260 910 1314 tale
957 1259 1159 1328 aliquid
1203 1257 1327 1312 fecit
1360 1258 1412 1311 in
1446 1258 1573 1313 illis.
1610 1259 2000 1313 Erubescentes

423 1368 555 1422 ergo
589 1351 743 1405 fateri
791 1349 934 1419 quod
974 1348 1305 1411 sentiebant,
1351 1364 1457 1401 non
1503 1349 1694 1402 dicunt
1742 1349 1996 1420 quidem,

422 1444 534 1499 Cur
568 1444 717 1497 illum
773 1440 1161 1513 prmbonoras?
1208 1440 1300 1495 sed
1343 1440 1779 1505 indi-terminate,
1828 1440 1997 1495 inter-

420 1542 637 1606 rogant,
676 1533 805 1600 Quis
849 1533 1021 1600 major
1071 1536 1190 1590 est?
1225 1533 1674 1603 Quandoquidem
1736 1544 1845 1588 tres
1875 1534 1997 1589 illos

422 1627 679 1681 videbant
700 1625 1096 1696 prmbonorari,
1129 1624 1263 1678 nihil
1294 1634 1620 1691 senserunt;
1648 1628 1864 1695 quando
1896 1642 1993 1680 au-

422 1728 531 1775 tem
565 1720 714 1774 illum
745 1720 945 1785 solum,
972 1719 1291 1787 doluerunt;
1326 1733 1429 1773 non
1460 1719 1635 1773 solum
1664 1728 1840 1773 autem
1870 1735 1996 1788 pro-

2105 522 2346 592 μεγὰλου
2382 522 2660 595 θαύματος
2683 522 2856 588 ἀξιον.

2685 676 2937 729 ΚΕΦᾹΔ.
2993 677 3097 733 Ill'.

2176 800 2275 855 Διά
2305 802 2357 855 τί
2390 801 2645 871 λέγεται,
2694 805 2798 857 Ἐν
2829 803 2902 871 τῇ
2932 802 3051 870 ὥρᾳ
3096 801 3300 869 ἐκείνη
3331 801 3684 870 προσῆλθον

2103 894 2157 944 οἱ
2178 894 2435 961 μαθηταὶ
2478 892 2558 959 τῷ
2610 894 2814 960 Ἰησοῦ
2845 895 3129 963 λέγοντες
3151 934 3166 957 ,
3204 895 3298 958 Τίς
3337 893 3449 960 ἄρα
3469 895 3681 963 μείζων

2102 983 2314 1050 ἐστ[ν;
2376 985 2594 1057 Ἐπειδὴ
2627 986 2827 1039 ἔπαθον
2870 984 3248 1056 ἀνθρώπινον,
3291 986 3412 1038 ἐπεὶ
3459 1004 3678 1057 προετι-

2106 1075 2255 1145 μήθη
2290 1078 2318 1128 ὁ
2355 1077 2561 1147 Πέτρος
2593 1077 2669 1140 ὡς
2704 1078 3049 1147 πρωτότοκος
3073 1094 3087 1108 ⁸
3138 1078 3236 1131 καλ⁵
3283 1078 3393 1147 γάρ
3449 1075 3530 1142 εἷς
3568 1080 3678 1131 τῶν

2101 1168 2215 1235 δύο,
2261 1169 2520 1233 Ἰάκωϐος
2561 1171 2658 1223 καὶ
2701 1169 2971 1240 Ἰωάννης,
2999 1173 3162 1241 λέγω,
3207 1174 3551 1244 πρωτότοκος
3584 1169 3673 1244 ἦν·

2103 1263 2197 1315 καὶ
2247 1262 2500 1332 οὐδαμῶς
2551 1281 2603 1315 τι
2648 1264 2893 1317 τοιοῦτον
2951 1266 3209 1337 ἐποίησεν
3259 1266 3399 1337 ὑπὲρ
3454 1267 3672 1322 αὐτῶν.

2102 1354 2493 1424 Αίσχυνόμενοι
2541 1351 2635 1407 οὖν
2676 1355 2815 1428 ὅπερ
2845 1356 3046 1410 ἔπαθον
3083 1356 3448 1428 ὁμολογῆσαι,
3494 1360 3555 1411 οὐ
3585 1359 3674 1411 λέ-

2100 1462 2257 1514 γουσι
2297 1446 2419 1515 μὲν,
2446 1448 2527 1499 ὅτι
2553 1448 2651 1501 Διά
2680 1447 2735 1501 τί
2764 1448 2954 1502 τοῦτον
2982 1452 3287 1522 προτιμᾷς;
3323 1452 3589 1523 ἀορίστως
3618 1452 3675 1505 δὲ

2101 1535 2346 1607 ἐρωτῶσι
2372 1555 2384 1568 ·
2430 1538 2523 1604 Τίς
2571 1537 2786 1608 μείζων
2830 1539 3030 1607 ἑστίη
3067 1542 3196 1594 Ὅτε
3248 1542 3348 1612 μὲν
3392 1542 3500 1613 γὰρ
3548 1545 3676 1607 τοὺς

2100 1632 2250 1699 τρεῖς
2296 1624 2435 1683 εἶδον
2484 1632 2936 1703 προτιμωμένους
2962 1674 2978 1700 ,
3013 1634 3167 1687 οὐδὲν
3218 1634 3453 1689 ἔπαθονο
3488 1636 3577 1688 ὅτε
3615 1637 3673 1688 δὲ

2103 1721 2291 1775 τοῦτον
2327 1723 2509 1793 μόνον,
2541 1722 2805 1793 ἡλγησαν·
2833 1725 2927 1778 καὶ
2953 1726 3013 1778 οὐ
3045 1725 3206 1797 μόνον
3238 1726 3326 1781 διὰ
3348 1727 3527 1794 τοῦτο,
3558 1728 3674 1781 ἀλλ’

422 1823 541 1884 pter
572 1815 709 1879 hoc,
760 1813 852 1869 sed
881 1813 1043 1867 etiam
1085 1811 1209 1882 quia
1241 1812 1426 1865 claves
1465 1810 1694 1880 accepit,
1729 1819 1781 1864 et
1806 1811 1996 1867 beatus

2100 1812 2181 1866 ὅτι
2207 1813 2301 1866 καὶ
2327 1815 2424 1873 τὰς
2453 1812 2600 1876 κλεῖς
2631 1812 2812 1876 ἔλαϐε,
2848 1814 2937 1867 καὶ
2972 1814 3339 1886 ἐμακαρίσθη·
3374 1814 3434 1867 τὸ
3462 1814 3517 1867 δὲ
3552 1832 3676 1867 παι-

420 1906 599 1959 dictus
626 1913 730 1960 cst.
776 1903 1065 1957 Parvulum
1103 1902 1314 1963 statuit,
1346 1902 1639 1955 ostendens
1679 1901 1822 1972 quod
1859 1902 1999 1956 invi-

421 1998 589 2061 diam,
633 2012 828 2051 vanam
877 1995 1131 2066 gloriam,
1174 2002 1229 2049 et
1268 1994 1507 2065 primum
1548 1995 1729 2048 locum
1776 1994 1995 2061 sectari,

420 2092 505 2146 isti
550 2089 865 2145 indiﬂ‘erens
894 2090 983 2155 sit,
1012 2098 1065 2144 et
1092 2088 1367 2143 contraria
1395 2096 1445 2143 ct
1478 2093 1712 2144 honores
1744 2087 1998 2145 similiter

420 2182 519 2236 ista
529 2199 579 2236 m
613 2193 883 2252 reputare.

493 2274 661 2332 Vsus.
694 2275 746 2331 5.
808 2275 914 2342 Qui
956 2276 1241 2346 susceperit
1284 2273 1565 2345 parvulum
1599 2276 1757 2331 talem
1803 2276 1855 2330 in
1900 2293 1997 2330 no-

421 2370 559 2422 mine
587 2383 722 2432 meo,
754 2384 835 2421 me
858 2367 1099 2437 suscipit,
1146 2366 1417 2436 signiﬁcat
1446 2382 1538 2421 eos
1573 2382 1681 2422 non
1711 2367 1884 2422 solum
1916 2367 1999 2420 iu~

423 2462 618 2515 noxios
662 2474 785 2514 esse
822 2458 1039 2525 debere,
1092 2460 1184 2513 sed
1233 2460 1396 2512 etiam
1450 2458 1583 2513 tales
1628 2474 1753 2512 cum
1792 2458 1998 2511 honore

421 2554 722 2624 suscipere,
753 2551 986 2614 scilicet,
1018 2550 1118 2605 bos
1149 2549 1243 2620 qui
1274 2551 1426 2620 parvi
1461 2550 1786 2620 pendentur,
1823 2548 1997 2621 negli-

422 2655 626 2716 gunlur
646 2654 700 2700 et
722 2650 1166 2699 contemnuntur.

445 2732 449 2736 ’
497 2733 664 2791 Vens.
700 2734 753 2790 7.
792 2731 1016 2787 Necesse
1040 2741 1119 2786 est
1164 2742 1220 2786 ut
1254 2733 1465 2787 veniant
1494 2730 1784 2797 scandala;
1818 2730 1869 2785 id
1912 2730 1996 2784 di-

422 2828 598 2883 cendo
630 2842 738 2881 non
772 2825 1075 2881 libertatem
1132 2824 1422 2879 voluntatis
1461 2823 1728 2895 cujusque
1772 2823 1994 2888 ademit,

423 2920 519 2978 sed
559 2918 705 2989 quod
748 2932 961 2988 semper
984 2915 1054 2971 ab
1088 2914 1399 2971 hominibus
1432 2930 1665 2987 nequam
1715 2915 1998 2986 continget

421 3012 682 3086 pra‘dicit.

492 3106 660 3163 Vsus.
692 3105 745 3160 8.
785 3103 1047 3170 Dicendo,
1098 3102 1158 3159 Si
1198 3120 1388 3159 manus
1442 3112 1555 3171 tua,
1586 3101 1665 3157 vel
1711 3119 1800 3172 pes
1851 3111 1992 3165 tuus,

422 3210 515 3255 aut
566 3199 747 3255 oculus
784 3207 905 3252 tuus
955 3197 1290 3252 scandalizat
1334 3206 1400 3264 te,
1429 3196 1629 3267 projice
1655 3212 1774 3250 eum
1805 3195 1899 3250 abs
1924 3204 1992 3263 te,

420 3291 657 3346 amicum
718 3287 897 3343 innuit
933 3286 1028 3359 qui
1072 3289 1441 3341 membrorum
1495 3286 1671 3342 instar
1702 3286 1773 3340 ob
1804 3285 1997 3340 amici-

421 3382 553 3437 tiam
583 3387 665 3435 est
692 3378 936 3449 quidem,
974 3376 1071 3433 sed
1100 3377 1194 3449 qui
1223 3376 1289 3431 ad
1317 3376 1657 3447 spiritualem
1706 3375 1993 3431 utilitatem

422 3490 530 3529 non
562 3472 793 3529 confert.

492 3565 656 3622 Vsus.
689 3565 777 3622 10.
810 3564 913 3632 Qui
944 3570 1071 3619 sunt
1096 3562 1304 3634 pusilli.
1342 3576 1482 3633 quos
1514 3576 1621 3617 non
1649 3571 1998 3618 contemnere

421 3659 706 3731 praecipit?
739 3657 1033 3729 Pauperes,
1067 3656 1351 3727 incogniti,
1384 3655 1688 3726 simplices.

497 3753 713 3819 Diceus,
781 3751 956 3822 angeli
1003 3766 1227 3812 eorum,
1263 3748 1502 3804 ostendit
1561 3763 1751 3803 omnes
1799 3747 1999 3802 habere

423 3843 645 3915 angelos
675 3860 690 3898 :
719 3842 971 3907 dicendo,
1014 3841 1201 3895 Vident
1229 3840 1419 3911 [aciem
1442 3839 1627 3895 Patris
1652 3840 1751 3893 mei
1780 3847 1999 3910 propter

423 3950 677 4006 magnam
710 3935 1013 3990 libertatem
1047 3942 1102 3989 et
1145 3936 1411 3989 honorem
1449 3948 1559 4004 quo
1608 3931 1887 3999 fruuntur,
1920 3933 2000 3989 sic

423 4027 685 4096 loquitur.

494 4120 667 4176 Vens.
727 4117 815 4175 16.
855 4117 966 4174 Cur
1002 4118 1164 4184 dicit,
1218 4117 1279 4173 Si
1311 4117 1599 4187 peccaverit
1640 4118 1696 4171 in
1747 4126 1794 4170 te
1834 4117 2000 4185 frater

424 4223 573 4276 tuus,
604 4219 659 4267 et
681 4210 929 4281 reliqua?
978 4209 1127 4265 Inter
1152 4208 1295 4265 duos
1318 4207 1414 4262 θαι
1444 4207 1741 4278 correptio,
1774 4222 1841 4261 ne
1868 4221 2000 4262 eru-

424 4307 613 4363 bescat
642 4314 954 4375 correptus,
982 4311 1037 4361 et
1064 4300 1482 4359 inemendalibis
1514 4299 1626 4355 ﬁat.

495 4485 613 4540 Non
644 4485 797 4540 ducit
823 4483 1145 4556 amigentem
1169 4481 1235 4537 ad
1256 4480 1534 4543 amictum,
1565 4477 1659 4534 sed
1683 4477 1801 4532 vice
1820 4491 1998 4540 versa,
2025 4463 2080 4523 D

420 4580 694 4651 quoniam
731 4578 823 4633 ille
871 4578 965 4649 qui
1015 4576 1344 4646 iniustitiam
1380 4571 1507 4626 fecit
1555 4586 1663 4625 non
1698 4568 1857 4623 facile
1905 4583 2000 4622 ve-

426 4674 572 4728 niret
622 4680 844 4744 propter
896 4670 1191 4736 ruborem;
1246 4667 1369 4723 ideo
1402 4666 1470 4721 ad
1503 4664 1651 4720 hunc
1699 4664 1853 4718 illum
1900 4661 2001 4718 ad-

425 4765 669 4908 duilliis.
708 4852 796 4909 49.
829 4850 971 4918 Quid
998 4857 1082 4905 est
1107 4847 1252 4920 quod
1298 4846 1522 4912 ἀίείίυνν
1554 4845 1615 4901 δέ
1640 4847 1743 4901 ά¹⁴⁰
1771 4861 1835 4900 ex
1859 4844 2000 4900 "om

430 4945 787 5000 consenserint
815 4956 971 5009 super
996 4948 1214 5005 terram,
1236 4940 1298 4992 de
1318 4938 1461 4991 omni
1479 4953 1533 4991 re
1555 4953 1714 5007 quam
1733 4938 1999 5007 petierint,

427 5039 521 5107 ﬁet
577 5036 726 5091 illis?
770 5037 844 5091 De
889 5033 1216 5105 quibusnam
1268 5031 1401 5086 dicit
1462 5030 1609 5084 duo?
1652 5029 1724 5085 De
1774 5029 1858 5084 bis
1904 5029 1998 5099 qui

430 5128 729 5199 angelicam
786 5126 952 5181 vitam
1013 5123 1251 5189 ducunt;
1305 5130 1510 5192 quanta
1557 5122 1703 5176 enim
1737 5122 1823 5177 isti
1875 5138 2000 5177 cum

424 5219 790 5287 unanimitate
853 5214 1113 5290 petierint
1180 5228 1308 5285 erga
1365 5214 1720 5286 proximum,
1788 5214 2001 5271 obtine-

426 5313 585 5368 bunt.

426 5468 430 5475 λ
499 5404 663 5461 Vens.
707 5403 799 5459 22.
844 5400 1153 5472 Septuagies
1204 5400 1414 5471 septies,
1468 5415 1576 5456 non
1623 5417 1724 5473 pro
1774 5418 2002 5459 numero

430 5500 691 5564 sumitur,
722 5496 815 5552 sed
847 5509 946 5566 pro
970 5494 1260 5550 innumero
1293 5512 1307 5549 :
1340 5504 1397 5551 ut
1431 5495 1633 5557 dicitur
1664 5495 1853 5552 decem
1877 5498 2002 5553 mil-

427 5590 523 5652 lia,
556 5599 615 5644 ut
646 5587 851 5643 sterilis
885 5585 1094 5657 peperit
1126 5595 1352 5657 septem,
1386 5585 1438 5640 id
1473 5596 1575 5654 est,
1611 5588 1835 5644 multos.

503 5683 666 5737 Vens.
697 5679 786 5735 24.
827 5678 1030 5734 Decem-
1053 5679 1222 5734 millia
1260 5680 1459 5734 talenta
1515 5695 1639 5750 quae
1670 5679 1815 5735 Deus
1840 5680 2005 5736 remi-

426 5773 522 5841 sit,
552 5782 606 5831 et
636 5782 855 5831 centum
895 5787 1017 5844 quae
1065 5788 1257 5830 servus
1287 5787 1396 5830 non
1430 5774 1659 5840 remisit,
1692 5772 1786 5831 Dei
1821 5773 2004 5830 indul-

2097 1904 2207 1957 δίον
2230 1903 2526 1968 ὑπέδειξεν,
2551 1904 2767 1967 δεικνὺς
2790 1907 2869 1960 ὅτι
2895 1905 3092 1974 φθόνου
3126 1906 3219 1960 καὶ
3247 1906 3551 1970 κενοδοξίας
3578 1906 3673 1958 καὶ

2097 1993 2302 2046 τούτων
2340 1993 2626 2064 πρωτείων
2678 1996 2854 2072 ὲρᾷνη
2882 1995 3225 2067 ἀναισθήτως
3276 1995 3391 2067 ἔχει
3415 2037 3430 2062 ,
3468 1998 3561 2050 καὶ
3602 1997 3673 2049 τὰ

2099 2085 2317 2139 ἐναντία
2347 2085 2442 2138 καὶ
2469 2084 2537 2137 τά
2563 2084 2720 2156 τίμια
2747 2085 2946 2156 ὁμοίως
2973 2085 3267 2154 λογίζεται.

2167 2270 2260 2337 Τὸ,
2301 2271 2406 2335 Ὃς
2434 2270 2543 2324 ἐὰν
2589 2269 2831 2339 δέξηται
2872 2270 3119 2325 παιδίον
3168 2271 3401 2325 τοιοῦτο
3444 2270 3543 2325 ἐπὶ
3589 2272 3669 2337 τῷ

2098 2362 2345 2431 ὀνόματί
2384 2380 2526 2431 μου,
2563 2362 2669 2432 ἐμὲ
2697 2362 2954 2432 δέχεται,
3013 2364 3270 2436 σημαίνει
3302 2366 3382 2419 ὅτι
3414 2366 3475 2418 οὐ
3512 2367 3670 2437 μόνον

2097 2454 2341 2515 ἀκάκους
2388 2453 2469 2507 δεῖ
2519 2450 2677 2519 εἶναι,
2714 2455 2848 2509 ἀλλά
2878 2455 2973 2509 καὶ
3022 2455 3299 2520 τοιούτους
3340 2458 3506 2527 τιμᾷν
3537 2458 3671 2523 δέει,

2097 2545 2458 2617 ἀμερίμνους,
2509 2547 2665 2618 φησὶ,
2716 2548 2810 2602 καὶ
2847 2547 3071 2619 ἀμελεῖς
3120 2549 3215 2603 καὶ
3261 2549 3672 2620 εὐκαταςερονή-

2095 2655 2243 2702 τους.

2167 2734 2260 2801 Τὸ,
2310 2734 2571 2805 Ἀνάγκη
2601 2735 2802 2791 ἐλθεῖν
2827 2738 2899 2791 τὰ
2930 2736 3268 2803 σκάνδαλα,
3306 2738 3507 2806 λέγειν,
3525 2736 3585 2790 οὐ
3608 2736 3669 2789 τδ

2097 2826 2418 2898 αὐθαίρετον
2447 2828 2548 2897 τῆς
2597 2828 2911 2901 ἐλευθερίας
2960 2830 3191 2884 ἑκάστου
3248 2831 3478 2894 ἀνεῖλεν,
3534 2830 3667 2884 ἀλλά

2096 2920 2156 2973 τὸ
2191 2921 2409 2984 πάντως
2447 2921 2705 2992 ἐσόμενον
2745 2922 2851 2975 ὑπὸ
2899 2922 3152 2993 πονηρῶν
3202 2922 3504 2996 ἀνθρώπων
3538 2941 3670 2994 προ-

2098 3010 2268 3080 λέγει.

2171 3101 2390 3170 Εἰπὼν,
2464 3105 2601 3159 Ἐὰν
2645 3105 2683 3174 ἦ
2732 3109 2860 3175 χείρ
2922 3121 3039 3160 σου
3085 3107 3121 3177 ἢ
3164 3109 3199 3161 ὁ
3240 3108 3395 3173 ποῦς
3460 3123 3578 3161 σου
3628 3107 3666 3176 ἢ

2099 3197 2132 3250 ὁ
2164 3196 2471 3266 ὀφθαλμός
2492 3212 2608 3252 σου
2636 3197 3019 3267 σκανδαλίσῃ
3052 3215 3144 3262 σε,
3170 3198 3330 3263 ,βάλε
3350 3198 3536 3253 αὐτόν
3552 3199 3670 3252 ἀπὸ

2098 3288 2237 3355 σοῦ,
2281 3288 2433 3357 φίλον
2476 3288 2624 3359 λέγει
2672 3289 2765 3343 τὸν
2808 3291 2866 3342 ὲν
2908 3290 3060 3358 τάξει
3110 3291 3305 3363 μέλους
3354 3290 3441 3345 διὰ
3489 3290 3670 3359 φιλίαν

2098 3377 2227 3433 ὄντα
2261 3380 2382 3452 μὲν,
2422 3382 2502 3445 είς
2529 3381 2585 3434 δὲ
2618 3380 2857 3453 ψυχικὴν
2890 3381 3161 3453 ὠφέλειαν
3199 3384 3297 3455 οὐχ
3336 3382 3671 3455 ὑπάρχοντα.

2170 3564 2325 3627 Τίνες
2348 3563 2486 3619 εἰσὶν
2513 3564 2562 3617 oi
2586 3564 2791 3636 μικροὶ,
2817 3561 2899 3629 οἷς
2921 3564 2997 3638 μὴ
3018 3569 3379 3637 καταφρονεῖν
3402 3570 3676 3640 προστάσ-

2101 3673 2184 3712 σει
2213 3675 2228 3724 ;
2267 3658 2331 3710 0t
2366 3658 2594 3727 πτωχοὶ,
2622 3658 2673 3711 οἱ
2711 3658 3003 3728 ἄγνωστοι,
3032 3662 3080 3714 οἱ
3108 3659 3367 3725 εὐτελεῖς.

2171 3748 2377 3815 Εἰπὼν,
2428 3751 2494 3803 οι
2523 3748 2763 3819 ἄγγελοι
2814 3748 3035 3815 αὐτῶν,
3082 3751 3282 3818 ἔδειξεν
3334 3754 3418 3806 ὅτι
3474 3755 3674 3820 πάντες

2101 3839 2369 3909 ἀγγέλους
2417 3838 2632 3911 ἔχουσιν
2656 3858 2671 3874 ο
2704 3841 2765 3895 τὸ
2792 3842 2848 3895 δὲ
2881 3841 3080 3911 λέγειν,
3112 3844 3196 3896 ὅτι
3222 3845 3569 3899 Βλέπουσιν
3606 3847 3676 3901 τὸ

2100 3932 2427 4001 πρόσωπον
2450 3930 2559 3986 τοῦ
2579 3935 2809 4002 Πατρός
2828 3951 2972 4003 μου,
2999 3935 3087 3989 διὰ
3106 3936 3203 4008 τὴν
3231 3937 3432 4010 πολλὴν
3460 3941 3675 4011 παρρη-

2103 4023 2225 4078 σίαν
2258 4023 2356 4078 καὶ
2382 4024 2548 4096 τιμὴν
2578 4024 2647 4096 ἢν
2676 4025 2887 4095 ἔχουσιν
2913 4026 3083 4094 λέγει.

2172 4116 2273 4170 Διά
2302 4117 2355 4170 τί
2387 4116 2557 4186 λέγει,
2588 4118 2669 4171 ὅτι
2709 4118 2843 4171 Ἐὰν
2873 4118 3190 4189 ἁμαρτήσῃ
3218 4122 3305 4187 εις
3347 4121 3423 4174 σὲ
3445 4126 3478 4176 ὀ
3505 4122 3676 4176 ἀδελ-

2102 4210 2217 4278 φός
2250 4224 2389 4273 σου,
2436 4210 2531 4263 καὶ
2565 4210 2634 4263 τὰ
2670 4209 2833 4280 ἐξῆς;
2881 4211 3101 4276 Μεταξὺ
3137 4212 3229 4265 δύο
3282 4214 3536 4281 γενέσθαι
3583 4215 3675 4267 τὸν

2103 4300 2345 4371 ἔλεγχον,
2373 4301 2459 4354 ἵνα
2491 4302 2566 4373 μὴ
2582 4303 2846 4374 αἰσχυνθῇ
2873 4304 2900 4356 ὀ
2923 4302 3297 4375 ἐλεγχόμενος,
3316 4306 3410 4358 καὶ
3431 4306 3676 4378 δυσδιόρο

2105 4392 2275 4455 θωτος
2308 4393 2555 4462 γένηται.

2179 4485 2292 4537 Οὐκ
2308 4485 2431 4553 ἄγει
2459 4486 2549 4539 τὸν
2577 4486 2895 4560 λυπήσαντα
2925 4488 3060 4563 πρὸς
3081 4490 3172 4545 τὸν
3188 4490 3520 4563 λυπηθέντα,
3538 4494 3675 4547 ἀλλά

2100 4575 2290 4630 τοῦτον
2320 4579 2459 4649 πρὸς
2491 4580 2721 4648 ἐκεῖνον,
2746 4582 2935 4654 ιπειδὴ
2958 4586 2985 4637 ὁ
3008 4582 3284 4654 ⁴ι’λδικηκὼις
3310 4586 3409 4639 οὐκ
3437 4585 3674 4649 εὐκόλως

2102 4670 2169 4724 ἂν
2199 4669 2341 4723 ἔλθοι
2369 4670 2755 4743 αίσχυνόμενος
2774 4691 2789 4707 ’
2822 4675 2911 4729 διὰ
2936 4678 3095 4733 τοῦτο
3122 4679 3257 4750 πρὸς
3288 4681 3517 4747 ἐκεῖνον,
3548 4681 3674 4735 τοῦ·

2102 4776 2195 4814 ⁴εον
2225 4758 2396 4815 ἕλκει.

2172 4855 2237 4908 Τί
2265 4856 2411 4909 ἐστιν
2447 4856 2507 4909 τὸ
2540 4856 2854 4930 λεγόμενον,
2886 4862 2967 4916 ὅτι
2994 4864 3111 4917 Δύο
3165 4863 3325 4934 ὑμῶν
3354 4865 3463 4919 ἐὰν
3519 4880 3677 4935 συμ-

2101 4948 2472 5018 φωνήσωσιν
2507 4950 2607 5004 ἐπὶ
2664 4950 2772 5021 τῆς
2823 4952 2955 5023 γῆς,
2995 4955 3129 5024 περὶ
3160 4958 3385 5022 παντὸς
3412 4958 3675 5028 aptium.

2101 5058 2206 5108 τος
2232 5037 2303 5097 οὗ
2333 5039 2410 5095 ἂν
2451 5043 2836 5111 αἰτήσωνται,
2889 5048 3209 5118 γενήσεται
3253 5050 3493 5117 αὑτοῑς;
3541 5054 3678 5121 Περὶ

2105 5134 2273 5187 ποίων
2319 5134 2468 5203 λέγει
2518 5134 2644 5203 δύος
2697 5138 2830 5209 Περὶ
2879 5140 2988 5193 τῶν
3036 5140 3334 5213 ἀγγελικὴν
3400 5143 3678 5197 πολιτείαν

2104 5223 2365 5294 ἑχόντων·
2401 5225 2503 5280 ὅσα
2534 5226 2642 5300 γὰρ
2668 5227 2734 5282 ἂν
2767 5222 2913 5285 οὗτοι
2947 5231 3085 5301 μετά
3114 5234 3367 5302 ὁμονοίας
3405 5235 3678 5305 αἰτήσων-

2100 5332 2192 5370 ται
2224 5316 2354 5387 περὶ
2388 5315 2481 5370 τοῦ
2519 5318 2768 5390 πλησίον,
2796 5321 3198 5389 ἐπι-τεύξονται.

2178 5408 2271 5473 Τὸ,
2311 5405 2756 5477 Ἐϐδομήκοντα
2776 5411 2872 5465 καί
2902 5413 3052 5466 ἑπτὰ
3072 5454 3088 5479 ,
3118 5415 3218 5467 οὐκ
3242 5413 3479 5485 ἀριθμὸν
3507 5415 3679 5488 δηλοῖ,

2103 5498 2240 5553 ἀλλά
2266 5499 2326 5553 τὸ
2358 5501 2590 5573 ἄπειρον
2611 5518 2625 5531 ·
2659 5502 2847 5576 ὥσπερ
2880 5506 2959 5570 ea,
3012 5507 3200 5579 μυρία,
3240 5510 3333 5561 καὶ
3360 5506 3548 5581 ὥσπερ
3595 5508 3678 5575 τὸ,

2105 5593 2315 5663 Ere/"pa
2367 5594 2575 5649 ἔτεκεν
2612 5596 2784 5661 ἑπτὰ,
2820 5598 2942 5652 ἀντὶ
2977 5598 3093 5666 τοῦ,
3130 5600 3320 5656 πολλά.

2180 5684 2263 5737 Τὰ
2295 5687 2463 5757 μυρία
2509 5686 2747 5743 τάλαντα
2777 5687 2812 5742 ἃ
2837 5690 2864 5742 ὁ
2889 5688 3023 5753 Θεὸς
3053 5690 3302 5763 ἀφῆκεν,
3321 5692 3417 5747 καὶ
3444 5692 3511 5745 τὰ
3544 5693 3678 5745 ἑκα-

2106 5777 2195 5833 τδν
2224 5777 2259 5832 ἀ
2288 5778 2316 5831 ὁ
2338 5778 2522 5845 δοῦλος
2550 5780 2650 5836 οὐκ
2693 5780 2925 5853 ἀφῆκεν,
2958 5782 3055 5856 τὴν
3104 5784 3551 5859 ὑπερϐάλλουσαν
3583 5784 3679 5840 τοῦ
