4060 6672
408 519 543 584 1137

1396 524 1719 585 SCHOLIA
1760 526 2057 587 VETERA
2100 527 2180 586 IN
2225 527 2694 588 MA’I‘TIIJEUM.

3518 532 3655 593 U38

405 629 541 683 Θεοῦ
581 629 930 703 συγχώρησιν
961 632 1058 685 καὶ
1106 634 1492 706 μακροθυμίαν
1526 638 1663 707 πρὸς
1705 637 1805 704 τὴν
1840 639 1981 709 ἡμε-

2086 640 2321 710 gcntiam
2364 649 2419 694 ct
2457 640 2923 708 longanimitatem
2976 651 3177 698 nostrae
3226 640 3663 712 pusillanimitali

405 720 569 791 τέραν
598 721 964 791 μικροψυχίαν
1001 723 1303 777 δείκνυσιν*
1334 726 1428 779 ὄτι·
1445 727 1652 790 ἐκεῖνος
1701 726 1799 797 μὲν
1842 728 1980 799 ἄμε-

405 828 511 882 τρα
536 816 813 884 συγχωρεῖ
855 813 1034 884 (τοῦτο
1080 815 1189 886 γάρ
1220 817 1336 869 ἐστι
1376 816 1454 881 τὸ,
1482 818 1715 887 μυρία)·
1738 820 1902 890 ἡμεῖς
1924 818 1980 872 δέ

405 900 526 953 οὐδέ
571 901 639 955 τά
687 902 969 974 άριθμητὰ
1022 904 1450 977 συγχωροῦμεν⁹
1505 906 1749 960 δείκνυσι
1796 908 1853 961 δὲ
1892 908 1981 963 διά

406 992 597 1046 τούτου
649 994 816 1049 πόσον
863 995 998 1061 Θεὸς
1042 997 1184 1067 ὑπὲρ
1234 997 1522 1070 ἄνθρωπόν
1573 999 1722 1052 ἐστιν
1775 999 1978 1069 ἀγαθὸς

408 1085 502 1138 καὶ
533 1084 938 1158 φιλάνθρωπος.

481 1177 586 1229 Σὺν
616 1176 695 1248 τῷ
728 1178 996 1247 ὀφείλοντι
1022 1180 1088 1233 τὰ
1119 1180 1287 1251 μυρία
1308 1180 1545 1235 τάλαντα
1573 1183 1661 1238 διὰ
1687 1183 1741 1237 τί
1764 1183 1859 1238 καὶ
1881 1183 1983 1251 τὴν

409 1267 574 1321 αὐτοῦ
623 1272 861 1337 γυναῖκα
891 1272 987 1325 καὶ
1015 1272 1084 1325 τά
1118 1272 1306 1326 παιδία
1335 1274 1639 1329 διακελεύει
1667 1274 1979 1348 πραθῆναι;

408 1358 519 1428 Οὐχ
552 1359 629 1422 ὡς
650 1359 821 1429 ὠμὸς,
857 1360 973 1415 ἀλλ’
1006 1363 1092 1417 ἵνα
1122 1363 1287 1417 αὑτὸν
1319 1366 1395 1429 είς
1446 1366 1726 1436 ἱκετηρίαν
1755 1366 1982 1436 ἀγαγὼν

409 1449 762 1523 συγχωρήσῃ,
790 1451 888 1521 οὐχ
922 1452 1008 1505 ἵνα
1042 1452 1226 1525 πραθῇ
1246 1470 1262 1485 ·
1296 1456 1344 1508 εἰ
1373 1454 1480 1527 γάρ
1504 1456 1592 1510 διὰ
1622 1457 1684 1510 τὸ
1707 1457 1981 1528 πραθῆναι

406 1538 564 1592 τοῦτο
596 1541 791 1608 ἐποίει,
823 1543 923 1597 ούκ
941 1542 1007 1597 ἂν
1031 1546 1327 1617 συνεχώρει
1345 1561 1361 1577 ·
1401 1547 1463 1601 ού
1496 1551 1770 1620 συγχωρεῖ
1794 1550 1850 1603 δὲ
1876 1551 1983 1620 πρὸ

406 1630 504 1696 τῆς
532 1628 881 1698 ἀποφάσεως,
924 1632 1011 1687 ίνα
1051 1634 1215 1688 αὑτὸν
1257 1635 1533 1709 ἐλευθεροῖ
1573 1638 1979 1710 ὀφειλημάτων,

408 1719 496 1775 ἴνα
521 1722 772 1788 κάκεῖνες
800 1724 889 1779 τὸν
918 1726 1206 1798 ὁμόδουλον
1240 1730 1595 1803 συγχωρήσῃ.

1008 1973 1261 2029 ΚΕΦΔΛ.
1287 1973 1389 2029 ΙΘ’.

491 2097 548 2153 '0
595 2100 829 2171 Χριστὸς
882 2102 1236 2174 ἐρωτώμενος
1262 2103 1387 2158 οὕτε
1442 2104 1530 2159 ἀεὶ
1565 2106 1714 2175 σιγᾷ,
1767 2106 1854 2159 ἵνα
1904 2106 1979 2178 μὴ

407 2191 704 2260 νομίσωσιν
728 2191 1036 2260 λανθάνειν,
1090 2195 1214 2249 οὔτε
1244 2197 1331 2250 άεὶ
1360 2195 1575 2267 ἐλέγχει
1604 2195 1692 2250 ἵνα
1714 2197 1985 2270 παιδεύσῃ

406 2283 470 2334 ἐκ
503 2280 596 2335 1:06
629 2282 854 2355 ἡμέρως
902 2283 1091 2357 φέρειν
1121 2285 1309 2352 αὐτὸν,
1364 2285 1653 2351 κάκείνους
1681 2287 1743 2341 τὸ
1775 2290 1983 2361 μακρό⁴

406 2374 470 2427 θυ
480 2392 601 2445 μον.

478 2464 543 2516 Τί
565 2464 715 2537 δηλοῖ
737 2465 820 2531 τὸ,
852 2469 920 2522 El
945 2467 1133 2536 οὕτως
1161 2468 1334 2524 ἐστίν
1354 2471 1392 2540 ἠ
1429 2472 1591 2526 αίτία
1618 2470 1725 2527 τοῦ
1755 2471 1981 2541 ἀνθρώ-

404 2570 523 2610 που
536 2559 685 2627 μετὰ
708 2558 817 2629 τῆς
847 2563 1131 2631 γυναικός
1152 2580 1173 2629 ;
1196 2563 1370 2617 Τοῦτο
1394 2564 1566 2634 λέγει,
1596 2566 1677 2619 ὅτι
1701 2566 1801 2620 Διὰ
1824 2565 1983 2618 τοῦτο

408 2649 654 2723 συνήφθη
690 2653 774 2706 ἵνα
802 2653 861 2708 ἓν
892 2647 1024 2708 ὦσιν
1044 2671 1056 2685 ·
1089 2656 1122 2728 ἢ
1158 2657 1357 2721 ἐκεῖνο,
1386 2657 1471 2711 ὅτι
1510 2657 1574 2713 Ei
1598 2657 1776 2712 αίτίαν
1816 2657 1984 2729 λήψε-

406 2758 497 2795 ται
526 2743 619 2796 καὶ
649 2749 956 2817 παρανομεῖ
980 2748 1010 2799 ὁ
1031 2748 1171 2819 ἀνὴρ
1204 2749 1294 2803 ἐπὶ
1330 2749 1541 2814 τούτοις
1575 2749 1856 2806 ἐκϐάλλων
1881 2751 1983 2823 τὴν

406 2838 660 2901 γυναῖκα,
696 2839 1025 2910 κουφότερόν
1065 2842 1211 2894 ἐστιν
1257 2840 1461 2913 μᾶλλον
1489 2842 1627 2912 πρὸς
1668 2842 1973 2914 ἐπιθυμίαν

409 2925 677 2997 μάχεσθαι
722 2929 957 2998 φύσεως,
992 2931 1026 3003 ἢ
1062 2933 1199 3004 πρὸς
1246 2936 1484 3003 γυναῖκα
1548 2935 1819 3006 πονηράν.
1870 2934 1983 2991 Καὶ

406 3017 708 3091 ἄλλωςζΕί
733 3020 907 3087 οὕτως
938 3024 1088 3077 ἐστὶν
1122 3026 1156 3095 ἡ
1186 3025 1334 3079 αἰτία
1359 3025 1453 3079 τοῦ
1504 3026 1796 3098 ἀνθρώπου
1842 3028 1983 3098 μετὰ

407 3113 504 3181 τῆς
526 3113 804 3181 γυναικὸς,
840 3117 1115 3171 τουτέστιν
1144 3119 1190 3172 εί
1221 3118 1309 3173 διὰ
1332 3118 1492 3173 τοῦτο
1513 3120 1789 3190 συνήφθη,
1811 3120 1898 3173 ἴνα
1922 3121 1981 3173 ἐν

407 3195 562 3268 ὦσιν,
596 3204 690 3257 καὶ
734 3206 1094 3261 άδιάσπαστοι
1138 3207 1374 3279 μένωσιν
1416 3211 1546 3282 παρ’
1573 3211 1695 3265 ὅλον
1727 3211 1817 3265 τὸν
1845 3210 1982 3281 βίον,

408 3293 510 3346 κᾶν
541 3296 792 3368 μοχθηρὰ
838 3297 959 3353 λίαν
991 3301 1084 3353 καὶ
1115 3299 1388 3373 θηριώδης
1421 3304 1454 3373 η
1481 3304 1641 3373 γυνὴ,
1673 3303 1735 3356 οὐ
1770 3304 1979 3373 συμφέ-

2085 739 2345 803 praestare
2381 733 2643 788 ostendit.
2688 730 2824 787 Nam
2868 734 2955 788 ille
2985 734 3199 805 quidem
3236 733 3656 790 innumerabilia

2084 822 2333 884 remittit.
2366 823 2415 878 id
2447 824 2591 879 enim
2628 834 2791 881 sonat
2822 826 3011 881 decem
3060 826 3272 893 millia;
3322 842 3424 882 nos
3475 834 3656 882 autem

2083 929 2152 970 ne
2189 915 2552 970 numerabilia
2579 916 2800 985 quidem
2829 917 3180 973 remittimus.
3206 916 3309 974 Per
3340 920 3444 974 hoc
3473 927 3659 972 osten-

2083 1006 2233 1061 ditur
2281 1017 2549 1077 quuntum
2588 1007 2733 1064 Deus
2770 1024 2882 1080 pra:
2925 1006 3241 1065 hominibus
3286 1009 3464 1066 bonus
3506 1008 3577 1065 sit
3605 1018 3660 1064 et

2082 1098 2375 1169 benignus.

2156 1189 2292 1247 Cum
2333 1190 2426 1246 illo
2454 1192 2550 1262 qui
2595 1191 2831 1247 debebat
2873 1192 3061 1249 decem
3099 1187 3269 1247 millia
3302 1190 3524 1255 talenta,
3559 1205 3661 1246 cur

2084 1281 2233 1337 illius
2304 1282 2586 1338 mulierem
2619 1285 2689 1346 {et
2738 1285 2879 1341 ﬁlios
2920 1283 3223 1340 venundari
3275 1283 3480 1354 jussit?
3538 1281 3660 1338 Non

2085 1380 2346 1441 tanquam
2404 1373 2647 1428 crudelis
2673 1375 2766 1439 sit,
2818 1374 2913 1429 sed
2955 1383 3015 1429 ut
3044 1375 3197 1429 illum
3234 1373 3301 1429 ad
3340 1373 3659 1444 supplican-

2085 1461 2212 1515 dum
2244 1460 2525 1517 adducens
2558 1463 2634 1517 illi
2680 1464 2947 1533 ignoscat,
2986 1480 3096 1519 non
3136 1473 3195 1519 ut
3220 1463 3558 1530 vendantur;
3610 1462 3659 1517 si

2083 1552 2229 1607 enim
2269 1563 2328 1607 ut
2362 1553 2669 1608 vendantur
2718 1554 2823 1609 hoc
2870 1555 3111 1621 fecisset,
3163 1570 3272 1611 non
3328 1555 3654 1628 ignosceret.

2083 1642 2206 1696 Non
2239 1642 2476 1713 ignoscit
2525 1652 2708 1699 autem
2741 1654 3036 1716 antequam
3076 1647 3343 1701 rationem
3375 1655 3563 1717 ponat,
3599 1653 3659 1698 ut

2083 1734 2237 1789 illum
2293 1735 2488 1793 liberet
2529 1752 2560 1793 a
2591 1737 2828 1806 debitis,
2871 1747 2926 1794 et
2974 1747 3034 1794 ut
3079 1738 3173 1793 ille
3224 1751 3492 1795 conservo
3557 1750 3658 1793 suo

2083 1827 2350 1898 ignoscat.

2671 1974 2901 2033 CAPUT
2929 1975 3072 2031 XIX.

2153 2091 2320 2151 Vens.
2355 2096 2410 2153 4.
2458 2096 2713 2155 Christus
2755 2115 2881 2155 cum
2930 2101 3319 2172 interrogatur,
3366 2115 3476 2156 non
3512 2116 3659 2158 sem-

2082 2204 2179 2259 per
2211 2198 2374 2257 tacet,
2407 2207 2478 2246 ne
2513 2192 2766 2263 ignorare
2823 2202 3075 2265 putetur;
3107 2209 3215 2249 non
3265 2209 3481 2265 semper
3520 2210 3659 2251 con-.

2082 2280 2281 2349 fundit,
2314 2293 2372 2337 ut
2406 2281 2623 2350 doceat,
2649 2284 2875 2351 ferendo
2898 2287 3016 2358 ipse
3057 2301 3183 2343 cum
3216 2286 3656 2350 mansuetudine,

2081 2384 2138 2429 et
2168 2373 2317 2444 ipsos
2348 2376 2843 2447 longanimitatem.
2997 2379 3040 2411 ⁵

2153 2466 2319 2523 Vsus.
2351 2468 2438 2524 10.
2469 2469 2610 2535 Quid
2656 2469 2896 2526 ostendit
2945 2470 3115 2534 istud,
3148 2470 3208 2526 Si
3256 2473 3334 2524 ita
3362 2479 3440 2525 est
3493 2486 3659 2525 causa

2081 2559 2308 2613 hominis
2338 2576 2456 2613 cum
2486 2562 2689 2615 uxore?
2722 2570 2825 2617 etc.
2880 2560 3088 2617 Dicitur
3139 2560 3288 2617 istud
3311 2604 3326 2630 ,
3366 2562 3513 2632 quod
3564 2577 3662 2632 per

2083 2650 2188 2705 hoc
2208 2650 2537 2720 coujunctus
2567 2653 2640 2707 sit
2674 2662 2734 2708 ut
2763 2669 2932 2708 unum
2949 2654 3099 2719 sint;
3132 2652 3407 2719 autillud,
3439 2653 3585 2723 quod
3614 2654 3662 2708 si

2082 2750 2375 2798 accusatus
2430 2740 2633 2809 fuerit,
2666 2752 2723 2798 et
2772 2742 2942 2815 legem
3003 2743 3291 2799 violaverit
3341 2745 3426 2798 vir
3471 2744 3524 2798 in
3574 2743 3662 2798 his

2083 2849 2309 2891 uxorem
2334 2835 2685 2899 dimittenda,
2722 2836 2880 2907 longe
2907 2838 3083 2894 levius
3124 2838 3196 2895 sit
3228 2846 3419 2893 contra
3451 2847 3663 2893 natura:

2083 2928 2582 2999 concupiscentiam
2614 2944 2858 3001 pugnare
2890 2946 3054 3000 quam
3082 2942 3276 2987 contra
3306 2930 3507 2985 malam
3542 2945 3635 2985 mu

2086 3023 2296 3077 lierem.
2348 3022 2410 3078 Et
2464 3022 2667 3077 aliter:
2698 3022 2746 3078 si
2785 3022 2858 3077 ita
2900 3031 2984 3079 est
3033 3038 3203 3080 causa
3255 3023 3493 3078 hominis
3534 3037 3661 3078 cum

2085 3130 2276 3181 uxore,
2314 3114 2365 3170 id
2397 3123 2483 3170 est
2509 3113 2555 3169 si
2595 3129 2693 3186 per
2738 3115 2841 3171 hoc
2887 3116 3218 3186 conjunctus
3264 3124 3349 3171 est
3397 3122 3457 3169 ut
3490 3130 3661 3170 unum

2084 3206 2214 3273 sint,
2248 3215 2303 3261 et
2354 3206 2751 3277 inseparabiles
2805 3217 3031 3263 manent
3092 3224 3191 3279 per
3245 3217 3421 3263 totam
3471 3208 3668 3274 vitam,

2085 3298 2185 3353 etsi
2217 3313 2472 3368 perversa
2504 3306 2558 3353 et
2592 3298 2828 3368 maligna
2876 3298 3110 3353 multum
3165 3298 3331 3353 fuerit
3363 3313 3517 3363 uxor.
3553 3312 3662 3353 non

409 3404 513 3457 ρει,
550 3390 644 3441 καὶ
673 3390 822 3460 ἑξῆς.
860 3393 930 3445 Ἢ
964 3394 1059 3446 καὶ⁵
1087 3394 1261 3458 οὕτως
1283 3410 1299 3426 ο
1332 3395 1395 3448 Ei
1429 3395 1607 3449 αἰτίαν
1636 3395 1867 3467 λήψεται
1889 3397 1984 3451 καὶ

2088 3393 2327 3461 expedit,
2358 3399 2465 3446 etc.
2502 3390 2598 3446 Vel
2634 3391 2710 3447 ita
2748 3409 2762 3446 :
2793 3392 2838 3446 si
2872 3399 3168 3447 accusatus
3206 3391 3373 3446 fuerit
3400 3401 3454 3446 et
3484 3391 3659 3460 legem

410 3483 769 3551 παρανομεῖὸ
792 3483 930 3557 ἀνὴρ
955 3484 1049 3537 ἐπὶ⁵
1065 3484 1273 3551 τούτοις
1302 3486 1581 3542 ἐκϐάλλων
1607 3488 1702 3558 τὴν
1723 3491 1982 3556 γυναῖκα,

404 3570 466 3623 ού
500 3572 769 3643 συμφέρει
797 3575 1081 3645 γαμῆσαι·
1121 3579 1457 3649 κουφότερον
1485 3580 1596 3649 γὰρ
1624 3580 1761 3652 πρὸς
1792 3581 1987 3636 ἐπιθυ..

409 3662 540 3731 μίαν
591 3664 864 3734 μάχεσθαι
917 3668 1012 3721 καὶ
1051 3668 1190 3738 πρὸς
1242 3669 1455 3734 ἑαυτὸν,
1493 3670 1525 3740 ἢ
1562 3672 1698 3739 πρὸς
1747 3677 1985 3741 γυναῖκα

405 3755 649 3825 πονηράν
681 3756 776 3810 καὶ
811 3757 1013 3826 πολλῆς
1044 3760 1318 3830 γέμουσαν
1367 3763 1772 3833 ἀναισχυντίας.

476 3844 633 3909 Τίνος
678 3845 868 3901 ἕνεκεν
906 3850 959 3902 οῖ
1010 3851 1254 3922 μαθηταὶ
1321 3854 1629 3908 άπεσόϐουν
1677 3854 1747 3909 τὰ
1796 3855 1985 3912 παιδία

405 3938 551 4010 ἅπερ
579 3944 922 4015 προσηνέχθη
949 3946 1099 4017 αύτῷ
1124 3948 1214 4000 ἐπὶ
1236 3949 1314 4019 τῷ
1337 3948 1601 4015 εὔξασθαι
1630 3952 1845 4017 αύτοῖς;
1879 3951 1983 4003 T6-

408 4050 509 4100 φου
559 4034 745 4089 ἕνεκεν
770 4054 785 4069 °
824 4039 987 4103 αὐτὸς
1020 4040 1078 4094 δέ
1104 4040 1371 4096 διδάσκων
1417 4045 1616 4108 αὐτοὺς
1670 4046 1985 4117 μετριάζειν

409 4126 504 4178 καὶ
532 4127 698 4197 τῦφον
747 4134 1106 4199 καταπατεῖν,
1138 4134 1407 4205 λαμϐάνει
1437 4136 1532 4189 καὶ
1569 4138 1984 4205 ἐναγκαλίζεται

410 4216 504 4267 καὶ
535 4218 925 4289 προσεύχεται·
968 4222 1062 4276 καὶ
1106 4222 1370 4289 διδάσκει,
1404 4224 1490 4277 ἵνα
1519 4225 1556 4278 ἃ.
1589 4228 1653 4297 τῇ
1686 4226 1846 4295 φύσει
1870 4226 1985 4298 ἔχει

407 4305 477 4360 τὰ
496 4309 705 4379 παιδία,
736 4313 804 4384 τῇ
834 4314 1155 4385 προαιρέσει
1186 4314 1555 4389 ἐργαζώμεθα
1584 4319 1769 4390 ἡμεῖς.

479 4493 586 4546 Τὸν
634 4493 1003 4565 προσελθόντα
1062 4496 1344 4552 νεανίσκον
1377 4497 1454 4570 τῷ
1484 4498 1709 4571 Χριστῷ
1763 4498 1858 4554 καὶ
1903 4501 1983 4553 εί-

410 4584 601 4637 πόντα·
654 4586 992 4642 Διδάσκαλε
1028 4587 1231 4658 ἀγαθὲ,
1284 4589 1430 4654 τινὲς
1480 4590 1580 4661 μὲν
1629 4590 1705 4655 ώς
1750 4589 1985 4645 ὕπουλον

2087 3482 2371 3539 violaverit
2398 3484 2483 3538 vir
2513 3483 2565 3537 in
2593 3484 2680 3539 bis
2715 3498 2940 3538 uxorem
2971 3482 3316 3548 dimittendo,
3348 3497 3456 3538 non
3499 3497 3661 3551 expe-

2086 3574 2165 3630 dit
2192 3574 2427 3642 nubere;
2458 3575 2629 3631 levius
2659 3574 2802 3629 enim
2832 3582 2916 3630 est
2941 3584 3133 3630 contra
3164 3573 3665 3645 concupiscentiam

2085 3682 2329 3737 pugnare
2357 3674 2413 3720 et
2444 3674 2637 3721 contra
2665 3667 2929 3737 seipsum,
2960 3681 3124 3735 quam
3154 3675 3344 3721 contra
3375 3665 3664 3720 mulierem

2086 3758 2284 3811 malam
2323 3765 2377 3811 et
2407 3756 2747 3828 impudentia
2779 3757 2948 3813 multa
2990 3756 3272 3813 refertam.

2156 3847 2325 3905 Vens.
2358 3849 2446 3906 15.
2473 3849 2646 3916 Quam
2677 3849 2746 3905 ob
2765 3865 2991 3905 causam
3018 3849 3275 3918 discipuli
3308 3848 3665 3920 increpabant

2085 3942 2345 4011 parvulos
2376 3942 2469 4011 qui
2501 3942 2567 3997 ad
2610 3942 2764 3997 illum
2800 3941 3169 3997 afferebantur
3200 3951 3260 3997 ut
3284 3941 3392 3997 illis
3442 3953 3623 3997 oraret
3642 3944 3671 3999 ?.

2088 4032 2373 4102 Superbiae
2408 4048 2597 4088 causa.
2626 4032 2720 4088 llle
2748 4042 2932 4087 autem
2973 4034 3176 4088 docens
3204 4048 3299 4088 eos
3329 4033 3664 4089 moderatio-

2085 4139 2210 4178 nem
2258 4133 2311 4178 et
2356 4124 2630 4191 superbiae
2661 4132 3063 4194 contemptum,
3122 4125 3381 4194 parvulos
3437 4126 3680 4194 excipiv,_

2085 4231 2283 4271 manus
2343 4215 2576 4284 imponit
2625 4226 2681 4271 et
2713 4218 2793 4271 eis
2850 4227 3008 4283 orat;
3078 4217 3239 4271 docet
3311 4216 3522 4284 etiam,
3603 4229 3665 4273 ut

2085 4322 2210 4373 nos,
2246 4309 2391 4379 quod
2427 4317 2621 4363 natura
2653 4309 2869 4380 parvuli
2918 4318 3068 4374 sunt,
3123 4309 3428 4365 intentione
3456 4309 3662 4366 eﬂicia-

2086 4416 2230 4455 mur.

2160 4489 2321 4548 Vens.
2357 4492 2443 4547 16.
2470 4493 2829 4550 Accedentem
2854 4493 2921 4549 ad
2945 4492 3223 4549 Christum
3255 4493 3661 4550 adolescentem

2084 4593 2140 4639 et
2167 4584 2438 4639 (licentem
2469 4602 2484 4640 :
2514 4585 2771 4657 Magister
2799 4590 2951 4651 bone,
2998 4587 3223 4655 quidam
3256 4596 3317 4643 ut
3345 4587 3665 4643 dissimula.-

408 4677 819 4740 διαϐάλλουσιν.
869 4680 982 4750 ἐγὼ
1013 4680 1071 4734 δὲ
1112 4682 1411 4752 χρημάτων
1464 4681 1649 4737 δοῦλον
1719 4683 1978 4755 μόνον.ού

2088 4683 2202 4729 tum
2242 4676 2695 4746 reprehendunt;
2730 4692 2833 4749 ego
2860 4687 3045 4733 autem
3096 4678 3413 4735 divitiarum
3442 4695 3669 4735 servum

410 4770 863 4841 παραιτησαίμην
892 4774 1066 4825 εἰπεῖν
1086 4787 1100 4802 ⁸
1137 4772 1327 4844 ἐπειδὴ
1357 4774 1453 4827 καὶ
1475 4776 1502 4826 ό
1529 4774 1763 4845 Χριστὸς
1804 4775 1984 4844 τοιοῆο

409 4880 503 4915 τον
546 4865 711 4919 αὐτὸν
761 4866 890 4920 ὄντα
938 4866 1175 4937 ῆλεγξεο
1225 4867 1348 4920 ἐπεὶ
1401 4868 1494 4921 καὶ
1543 4869 1771 4939 Μάρκος
1811 4870 1984 4939 λέγει,

424 4956 758 5027 Ἐμόλέψας
778 4958 938 5024 αὐτῷ
966 4954 1097 5013 οἷον
1118 4959 1438 5029 ἠγάπησεν
1460 4962 1647 5014 αὐτόν
1671 4979 1681 4990 ·
1707 4962 1802 5015 καὶ
1829 4963 1912 5017 ὅτι
1938 4964 1987 5016 εί

412 5049 570 5102 τοῦτο
609 5046 677 5121 ἦν
700 5090 716 5116 ,
774 5051 1042 5123 ἐδήλωσεν
1090 5052 1157 5105 ἂν
1190 5052 1353 5115 αὐτὸς
1379 5054 1408 5106 ό
1447 5053 1839 5125 εύαγγελιστὴς
1864 5096 1877 5118 ,
1913 5054 1988 5121 ώς

413 5139 507 5191 ἐπὶ
532 5140 626 5193 τοῦ
660 5141 886 5212 νομικοῦ
910 5143 1003 5194 καὶ
1028 5142 1121 5195 ἐπὶ
1145 5142 1254 5195 τῶν
1276 5142 1450 5197 ἄλλων
1472 5159 1488 5174 ⁸
1523 5143 1617 5197 καὶ
1646 5145 1695 5197 εί
1719 5145 1875 5198 τοῦτο
1896 5141 1986 5218 ἦν,

412 5230 514 5282 οὐκ
558 5230 771 5300 ἀπῆλθε
823 5231 1197 5303 λυπούμενος·
1233 5232 1327 5285 καὶ
1378 5232 1703 5305 ἐλεγχθῆναι
1740 5233 1797 5287 δὲ
1841 5230 1987 5306 εἶχεν

420 5322 697 5391 πειράζων
725 5322 801 5386 ὡς
832 5323 931 5376 καὶ
956 5323 1006 5375 οί
1040 5321 1210 5377 ἄλλοι.

488 5413 612 5476 Πῶς
634 5414 850 5483 νοητέον
877 5413 958 5479 τὸ,
983 5413 1193 5479 Οὐδείς
1223 5413 1447 5484 ἀγαθὸς
1465 5416 1517 5469 εί
1532 5414 1618 5486 μὴ
1642 5411 1729 5482 εἷς
1750 5418 1783 5471 ό
1805 5417 1986 5483 Θεός;

418 5507 493 5577 μή
534 5522 662 5559 ποτε
693 5505 748 5559 δὲ
780 5507 874 5559 καὶ
901 5507 1092 5559 ἐαυτὸν
1125 5506 1378 5561 ἐκϐάλλει
1415 5507 1512 5561 τοῦ
1557 5505 1698 5564 εἶναι
1740 5490 1986 5580 άγαθόνς

417 5599 641 5669 Πρῶτον
672 5599 771 5670 μὲν
799 5600 898 5671 οὐχ
924 5600 1006 5654 ὅτι
1039 5599 1140 5653 ούκ
1180 5599 1294 5653 ἐστι
1321 5616 1404 5663 τις
1434 5599 1735 5671 ἀνθρώπων
1763 5599 1990 5670 ἀγαθὸς,

415 5693 576 5746 τοῦτο
613 5692 784 5761 λέγει,
814 5692 948 5746 ἀλλὰ
980 5691 1346 5763 παραϐάλλων
1377 5691 1476 5763 τὴν
1500 5691 1594 5745 τοῦ
1616 5691 1752 5745 Θεοῦ
1783 5692 1991 5761 ἁγαθόο

417 5804 558 5858 τητα
585 5789 725 5858 πρὸς
754 5789 902 5858 ἡμᾶς
929 5802 943 5818 '
986 5787 1175 5840 ἔπειτα
1195 5787 1252 5840 δέ
1278 5788 1380 5841 οὐκ
1410 5782 1584 5851 εἶπεν,
1608 5781 1707 5841 ὃτί
1731 5787 1846 5841 Οὐκ
1874 5789 1993 5859 εἰμὶ

418 5878 646 5945 ἀγαθὸς,
667 5878 781 5930 ἀλλ’
800 5877 1031 5943 Ὀὐδείς
1046 5877 1143 5930 ἀνθ
1153 5876 1371 5949 ρώπων,
1400 5877 1590 5947 ἐπειδὴ
1614 5877 1690 5941 ώς
1717 5876 1993 5950 ἀνθρώπῳ

423 5971 573 6041 αὐτῷ
614 5970 785 6039 ψιλῶς
818 5968 1088 6043 προσῆλθε
1110 5987 1123 6001 ·
1163 5969 1324 6023 τοῦτο
1362 5970 1508 6040 λέγει
1548 5968 1708 6042 δῆθεν
1740 5970 1833 6024 καὶ
1862 5970 1993 6043 περὶ

2091 4770 2472 4825 tantummodo
2499 4784 2604 4824 non
2634 4770 2918 4825 abnuerim
2951 4770 3135 4826 dicere
3167 4789 3179 4825 :
3214 4772 3475 4840 quoniam
3504 4770 3665 4826 Chri~

2091 4870 2210 4916 stus
2237 4862 2398 4915 talem
2435 4860 2587 4916 illum
2617 4875 2739 4916 esse
2769 4863 3162 4929 pronuntiavit.
3196 4861 3333 4917 Nam
3368 4871 3423 4918 et
3445 4864 3666 4921 Marcus

2090 4953 2244 5017 dicit,
2294 4951 2518 5007 Intuens
2572 4968 2691 5006 eum
2736 4953 2924 5007 dilexit
2970 4971 3109 5009 eum.
3148 4954 3213 5008 Et
3247 4956 3292 5010 si
3327 4956 3459 5012 illud
3504 4957 3665 5023 foret,

2091 5043 2443 5116 patefecisset
2489 5044 2603 5113 ipse
2649 5046 3006 5115 evangelista,
3038 5055 3097 5100 ut
3133 5047 3187 5100 in
3223 5047 3356 5119 legis
3401 5050 3578 5119 perito
3612 5062 3667 5104 et

2091 5137 2246 5202 aliis;
2271 5136 2315 5189 si
2344 5135 2478 5189 illud
2515 5135 2672 5199 foret,
2704 5152 2811 5190 non
2844 5137 3071 5193 abiisset
3096 5139 3304 5204 tristis;
3334 5148 3389 5194 et
3417 5144 3665 5197 accusari

2093 5230 2383 5285 meruisset
2416 5237 2477 5285 ut
2504 5237 2745 5295 tentatur
2776 5231 2923 5286 velut
2958 5231 3180 5302 quidam
3222 5234 3339 5290 alii.

2164 5412 2332 5467 Vsus.
2368 5411 2454 5466 17.
2484 5409 2772 5478 Quomodo
2816 5410 3254 5483 intelligendum,
3288 5412 3459 5471 Nemo
3501 5417 3665 5473 bonus

2094 5506 2199 5560 nisi
2254 5504 2399 5559 totus
2432 5502 2617 5557 Deus?
2650 5518 2834 5558 nonne
2876 5503 3129 5560 fortassis
3159 5506 3228 5561 de
3256 5520 3316 5562 se
3353 5506 3473 5577 ipso
3506 5522 3668 5578 negat

2091 5613 2215 5653 esse
2258 5612 2316 5652 se
2354 5594 2603 5651 bonum?
2667 5594 2914 5650 Primum
2968 5596 3213 5666 quidem,
3246 5613 3353 5653 non
3393 5599 3541 5669 quod
3596 5603 3671 5657 sit

2094 5690 2278 5744 nullus
2310 5688 2474 5742 homo
2503 5687 2706 5751 bonus,
2741 5688 2845 5743 hoc
2879 5688 3031 5754 dicit,
3066 5690 3161 5744 sed
3195 5688 3410 5746 confert
3442 5689 3534 5748 Dei
3566 5693 3667 5750 bo-

2095 5782 2323 5837 nitatem
2356 5794 2481 5836 cum
2537 5789 2726 5835 nostra
2755 5796 2771 5847 ;
2808 5779 3004 5836 deinde
3037 5796 3145 5835 non
3176 5782 3332 5850 dixit,
3385 5782 3505 5841 Non
3544 5802 3668 5841 sum

2096 5875 2296 5940 bonus,
2336 5874 2431 5929 sed
2483 5886 2646 5928 nemo
2700 5871 3008 5939 hominum,
3056 5876 3317 5944 quoniam
3375 5877 3476 5933 iste
3508 5887 3568 5934 ut
3600 5880 3669 5934 ad

2097 5968 2373 6026 hominem
2424 5980 2637 6024 merum
2679 5965 2745 6022 ad
2787 5965 2941 6021 illum
2991 5979 3315 6027 accesserat.
3366 5969 3481 6028 Hoc
3524 5964 3700 6029 dixit'
