4026 6582
421 456 561 525 1139

1130 450 1523 520 OPUSCULA
1564 460 2201 522 SCRIPTURISTICA
2244 461 2595 523 INCERTA“.
2634 460 2945 525 ETATIS.

3535 460 3669 528 1140

419 558 645 631 εαιιοίΙε
674 573 855 643 seipso
887 588 1125 645 quoque.
1165 573 1304 629 illud
1336 583 1540 639 autem,
1588 574 1709 641 Vos,
1734 576 1854 630 licet
1879 576 1990 631 sitia

2103 576 2335 631 ἐαυεοῦ·
2374 579 2584 633 τοιοῦτο
2620 578 2675 634 δὲ
2711 579 2825 645 καὶ,
2874 579 2944 632 El
2983 576 3151 647 ὑμεῖς
3202 577 3453 647 πονηροὶ
3502 579 3665 648 ὄντες

418 666 582 732 mali,
638 668 804 720 nouis
865 665 998 719 bona
1052 666 1210 731 dare,
1259 682 1367 721 non
1422 668 1669 722 omnium
1728 668 1994 724 malitiam

418 759 621 830 arguit,
652 760 745 815 sed
778 759 1061 816 hominum
1117 760 1417 819 bonitatem
1455 777 1580 818 cum
1615 760 1707 817 Dei
1752 760 1997 818 bonitate

421 847 653 905 c0ttfert.

489 939 654 997 Vens.
690 942 783 997 23.
816 943 927 998 Cur
956 944 1021 999 ad
1054 944 1355 1014 discipulos
1382 944 1634 1015 loquens,
1666 959 1791 1000 cum
1830 945 1996 1000 abiis-

418 1047 499 1092 set
532 1036 624 1104 qui
658 1036 1107 1107 interrogaverat,
1158 1038 1411 1093 Christus
1443 1038 1574 1093 dicit
1601 1038 1680 1092 eis
1712 1053 1819 1093 non
1850 1047 1998 1094 certe

420 1130 701 1197 divitibus,
758 1131 887 1202 quia
936 1131 1089 1189 dives
1124 1130 1343 1187 dillicile
1399 1131 1625 1187 intrabit
1662 1131 1716 1187 in
1770 1146 1992 1203 regnum

420 1220 557 1277 Dei?
613 1220 680 1276 Ut
734 1231 980 1277 moneret
1028 1237 1125 1278 eos
1192 1238 1304 1277 non
1368 1232 1743 1295 paupertatem
1796 1225 1993 1279 erube-

418 1328 592 1367 scere.

492 1421 655 1476 Vens.
684 1422 775 1479 25.
808 1424 946 1479 Cum
1001 1439 1274 1496 pauperes
1323 1436 1530 1490 essent,
1588 1428 1865 1497 quomodo
1914 1426 1997 1481 di-

418 1524 572 1582 cunt,
623 1514 756 1582 Qui:
810 1532 933 1588 ergo
986 1521 1176 1590 poterit
1227 1520 1402 1573 salvus
1452 1520 1619 1575 esse?
1668 1518 1807 1591 Erga
1859 1520 1997 1576 alios

419 1603 693 1671 homines,
770 1624 966 1678 nempe
1026 1609 1275 1667 dolentes
1315 1619 1577 1681 tauquam
1633 1625 1761 1681 erga
1798 1620 1996 1667 semet-

419 1698 590 1764 ipsos.

491 1789 657 1846 Vnus.
691 1791 779 1846 28.
818 1792 1077 1848 Sedebitis
1127 1810 1284 1863 super
1317 1794 1461 1848 sedes
1494 1794 1790 1861 duodecim,
1850 1796 1991 1852 idem

417 1888 501 1934 est
553 1896 617 1936 ac
669 1880 1273 1951 Congloril‘icabimini;
1308 1882 1640 1953 judicanles,
1708 1899 1807 1953 pro
1856 1900 1991 1940 con-

419 1973 758 2029 demnantes.
808 1972 925 2029 Non
975 1975 1121 2030 enim
1160 1986 1306 2031 certe
1347 1976 1561 2045 iudices
1600 1992 1724 2032 esse
1755 1977 1988 2046 debent;

418 2078 545 2119 nam
612 2066 664 2119 iu
720 2066 1237 2123 condemnationem
1308 2069 1619 2124 concivium
1668 2079 1850 2135 erunt,
1900 2072 1992 2141 qui

415 2157 792 2214 crediderunt.

486 2269 644 2327 Vsus.
681 2273 769 2326 ἓξ).
822 2271 929 2339 Qui
958 2272 1230 2345 reliquerit
1280 2290 1524 2343 uxorem,
1581 2287 1712 2343 etc.,
1750 2294 1858 2333 non
1909 2280 1993 2334 di-

416 2363 656 2417 vortium
686 2365 755 2420 ah
779 2350 1330 2432 uxoribus‘inducit,
1373 2368 1469 2423 sed
1504 2370 1684 2425 simile
1713 2381 1795 2426 est
1843 2371 1992 2438 huic,

416 2457 521 2520 Qui
574 2460 744 2526 perdit
796 2459 1031 2513 animum
1072 2476 1248 2526 suam,
1290 2461 1516 2516 inveniet
1554 2478 1707 2529 eam;
1736 2465 1875 2518 utin
1910 2464 1994 2519 his

414 2564 536 2617 qua:
583 2550 967 2620 persequimur
1019 2551 1336 2623 religionem
1378 2568 1489 2624 pra!
1525 2568 1718 2621 uxore,
1748 2556 1914 2611 domo
1938 2565 1993 2611 et

414 2642 609 2696 amicis
639 2641 1029 2711 praeferamus;
1070 2646 1154 2700 vel
1199 2645 1422 2715 quando
1450 2660 1589 2701 uxor
1616 2646 1849 2703 infidelis
1886 2658 1991 2716 est,

413 2739 509 2784 aut
554 2733 651 2797 vir,
705 2740 835 2789 tunc
864 2734 935 2790 ob
968 2735 1288 2801 religionem
1346 2736 1643 2793 divortium
1680 2739 1758 2805 fit,
1804 2740 1849 2795 si
1884 2756 1990 2795 non

415 2835 592 2894 potest
627 2827 716 2881 illa
744 2828 1051 2884 emendari.
1092 2830 1170 2885 lta
1204 2830 1401 2885 Paulus
1448 2831 1624 2887 dixit:
1657 2831 1718 2888 Si
1756 2834 1991 2904 inﬁdelis

411 2927 713 2989 separatur,
749 2932 1047 2990 separetur.

482 3109 648 3166 Vnus.
679 3112 767 3168 '50.
802 3112 962 3167 Multi
990 3123 1144 3168 erant
1175 3116 1464 3180 novissimi,
1508 3116 1704 3184 primi;
1734 3122 1782 3171 et
1807 3115 1988 3187 primi,

411 3204 703 3271 novissimi,
740 3205 808 3260 de
834 3204 1038 3262 Iudaeis
1066 3214 1120 3261 et
1145 3207 1381 3263 ethnicis
1415 3206 1634 3262 dicitur.

1010 3355 1240 3413 CAPUT
1288 3357 1403 3415 XX.

482 3496 648 3553 V‘eus.
678 3499 728 3552 ‘I.
762 3497 835 3554 De
865 3500 1133 3570 operariis
1164 3499 1465 3570 intelligere
1489 3510 1728 3573 oportet,
1770 3501 1985 3557 vineam

410 3604 535 3645 esse
591 3590 809 3646 virtutis
860 3593 1276 3659 operationem;
1337 3605 1555 3664 tempus
1628 3594 1985 3664 operationis,

412 3682 555 3736 hanc
588 3689 910 3751 praesentem
941 3683 1105 3738 vitam
1132 3701 1146 3750 ;
1198 3685 1481 3755 operarios
1510 3695 1689 3741 autem
1718 3686 1985 3752 diversos,

2098 668 2298 723 οἴδατε
2325 676 2336 733 ξ
2360 668 2612 733 διδόναι,
2653 670 2714 724 οὐ
2764 672 2982 725 πάντων
3036 669 3304 740 πονηρίαν
3352 674 3668 742 κατηγορεῖ,

2097 761 2232 815 ἀλλὰ
2264 763 2361 833 τὴν
2390 762 2446 815 ἐν
2474 761 2782 833 ἀνθρώποις
2807 761 3123 834 ἀγαθότητα
3154 764 3221 834 τῇ
3245 759 3344 815 τοῦ
3369 760 3506 816 Θεοῦ
3528 762 3668 831 άγα-

2100 850 2284 923 θότητι
2316 871 2390 905 πα
2398 853 2699 924 ραὸάλλων.

2169 943 2266 997 Διὰ
2294 942 2347 996 τί
2372 943 2508 1014 πρὸς
2538 943 2664 1007 τοὺς
2715 942 2985 1014 μαθητάς,
3035 943 3362 1010 ἀπελθόντος
3386 943 3481 998 τοῦ
3517 945 3671 1016 ἐρω-

2097 1034 2381 1107 τήσαντος,
2418 1037 2447 1089 ὁ
2475 1035 2708 1107 Χριστὸς
2750 1035 2900 1105 λέγει
2945 1035 3221 1101 πλουσίοις
3269 1037 3343 1108 μὴ
3370 1037 3513 1099 οὖσι.
3551 1035 3673 1101 πῶς

2096 1125 2371 1191 δυσκόλως
2421 1126 2675 1192 πλούσιος
2723 1127 3092 1182 εἰσελεύσεται
3122 1128 3202 1191 είς
3251 1129 3350 1199 τὴν
3392 1126 3672 1198 βασιλείαν

2096 1217 2192 1273 τοῦ
2249 1219 2423 1287 Θεοῦ;
2496 1219 2773 1275 Παιδεόων
2841 1220 3039 1285 αὐτοὺς
3088 1219 3165 1291 μὴ
3200 1220 3566 1291 ,αίσχύνεσθαι
3601 1222 3670 1292 τῇ

2097 1311 2281 1383 πενίᾳ.

2179 1420 2331 1475 Ἐπεί
2364 1422 2594 1492 πένητες
2633 1416 2797 1495 ἦσαν,
2828 1422 2946 1488 πῶς
2975 1423 3246 1493 λέγουσιν,
3302 1424 3399 1491 Τίς
3429 1424 3547 1494 ἄρα
3570 1424 3671 1478 δύ-

2095 1530 2269 1569 ναται
2306 1515 2616 1584 σωθῆναι;
2666 1516 2839 1588 ’Υπὲρ
2887 1517 2997 1572 τῶν
3024 1516 3201 1571 ἄλλων
3245 1516 3549 1590 ἀνθρώπων
3574 1517 3673 1571 άλ-

2095 1604 2321 1674 γοῧντες
2350 1600 2425 1671 ὦς
2450 1606 2591 1678 ὑπὲρ
2621 1607 2824 1662 αὐτῶν.

2164 1790 2259 1857 Τὸ,
2290 1789 2644 1857 Καθήσεσθε
2674 1791 2772 1845 ἐπὶ
2818 1790 3046 1846 δώδεκα
3084 1794 3333 1861 θρόνων,
3384 1793 3507 1848 ἀντὶ
3550 1795 3672 1859 τοῦ,

2096 1882 2597 1954 Συνδοξασθήσεσθε
2628 1897 2642 1913 ’
2690 1883 2752 1937 τὸ
2793 1884 2850 1937 δὲ
2873 1926 2890 1952 ,
2960 1886 3313 1954 κρ’νοντες,
3366 1886 3486 1939 ἀντὶ
3533 1885 3629 1939 τοῦ
3653 1927 3671 1953 ,

2095 1976 2516 2048 κατακρίνοντες
2542 1994 2556 2009 ο
2588 1978 2649 2031 οὐ
2672 1978 2781 2049 γάρ
2812 1978 2877 2049 δὴ
2900 1979 3155 2032 δικασταὶ
3186 1978 3477 2049 μέλλουσιν
3501 1975 3671 2035 εἶναι’

2098 2069 2179 2131 είς
2212 2068 2319 2140 γάρ
2370 2070 2697 2142 κατάκρισιν
2725 2069 2834 2124 τῶν
2880 2069 3169 2141 ὁμοφύλων
3196 2073 3245 2124 oi
3276 2070 3674 2137 πιστεύσαντες

2096 2159 2329 2215 ἔσονται.

2166 2273 2260 2339 Τὸ,
2296 2274 2508 2341 Ὅστις
2561 2275 2800 2346 ἀφῆκεν
2840 2280 3114 2349 γυναῖκα,
3150 2281 3183 2352 ἢ
3218 2281 3335 2335 τόδε
3372 2283 3404 2357 ἢ
3439 2283 3576 2350 τόδε,
3609 2283 3672 2335 οὐ

2095 2364 2368 2433 διάζευξιν
2415 2368 2625 2437 εἰσάγει
2654 2370 2762 2422 τῶν
2797 2371 3098 2441 γυναικῶν,
3132 2372 3246 2426 ἀλλ’
3297 2374 3482 2444 ὅμοιόν
3524 2377 3673 2428 ἐστιν

2093 2452 2192 2525 τῷ,
2233 2455 2298 2508 '0
2326 2455 2633 2522 ἀπολέσας
2668 2457 2780 2525 τὴν
2811 2459 3025 2528 ψυχὴν
3049 2460 3258 2525 αὑτοῦ,
3288 2461 3535 2531 εὑρήσει
3563 2464 3673 2516 aiio

2093 2545 2246 2613 τήν·
2289 2548 2376 2601 ἶνα
2410 2550 2768 2621 προτιμῶμεν
2815 2552 2874 2604 ἐν
2916 2555 3030 2617 τοῖς
3071 2553 3333 2625 διωγμοῖς
3378 2553 3477 2626 τὴν
3518 2554 3672 2607 εὑσέ·

2094 2636 2270 2701 σειαν,
2321 2640 2461 2710 ὑπὲρ
2500 2644 2737 2709 γυναῖκα
2767 2644 2861 2696 καὶ
2895 2642 3074 2709 οίκίας
3109 2646 3204 2698 καὶ
3243 2645 3429 2714 φίλους
3454 2645 3672 2718 ’ῆόταν

2094 2730 2233 2802 γυνὴ
2257 2732 2485 2796 ἄπιστός
2510 2734 2659 2787 ἐστιν
2679 2734 2712 2803 ἢ
2732 2734 2891 2805 ἀνὴρ,
2919 2735 3039 2790 τότε
3063 2736 3133 2789 δι’
3155 2737 3441 2790 εὐσέϐειαν
3464 2738 3669 2803 διαζεύ-

2094 2836 2307 2889 γνυττιι,
2338 2822 2388 2873 εί
2416 2823 2492 2892 μὴ
2520 2821 2747 2877 δύναται
2775 2823 3066 2896 διορθῶσαι
3098 2826 3194 2880 καὶ
3242 2826 3413 2897 αὐτήν
3434 2840 3450 2856 ·
3491 2824 3671 2889 καθὼς

2095 2912 2189 2966 καλ⁸
2210 2912 2421 2978 Παῦλος
2450 2915 2638 2985 ἔλεγεν
2664 2932 2678 2947 ·
2708 2917 2755 2969 εί
2786 2916 2842 2970 δέ
2865 2917 2892 2969 ό
2918 2916 3147 2983 ἄπιστος
3171 2918 3484 2989 χωρίζεται,
3511 2935 3669 2990 χωρι-

2095 3004 2291 3069 ζέσθω.

2164 3098 2259 3162 Τὸ,
2292 3100 2514 3154 Πολλοί
2547 3099 2791 3155 ἔσονται
2818 3103 3088 3172 ἔσχατοι,
3116 3102 3333 3172 πρῶτοι
3355 3118 3369 3134 ·
3396 3104 3495 3158 καί
3524 3104 3669 3173 πρῶ-

2094 3207 2206 3259 τοι,
2237 3192 2509 3261 ἔσχατοι,
2560 3193 2848 3259 Ἰουδαίους
2882 3196 2977 3250 καὶ
3016 3196 3263 3263 ἐθνικοὺς
3289 3196 3461 3267 λέγει.

2696 3340 2951 3397 ΚΕΦΑΛ.
2983 3338 3068 3398 ις’.

2166 3487 2303 3559 Περὶ
2358 3486 2468 3541 τῶν
2513 3486 2763 3560 ἐργατῶν
2818 3486 2926 3561 χρὴ
2981 3490 3157 3554 νοεῖν,
3204 3488 3512 3560 ἀμπελῶνα
3572 3490 3671 3560 τὴν

2093 3579 2360 3650 ἐργασίαν
2401 3578 2501 3651 τῆς
2553 3580 2795 3653 ἀρετῆς’
2852 3579 3047 3652 χρόνον
3099 3583 3197 3653 τῆς
3239 3583 3525 3653 ἐργασίας,
3578 3584 3672 3636 τὸν

2093 3671 2339 3741 παρόντα
2373 3671 2489 3741 βίον
2513 3687 2527 3703 ⁸
2557 3671 2797 3740 ἐργάτας
2822 3670 2877 3724 δὲ
2902 3670 3219 3742 διαφόρους,
3243 3673 3371 3737 τοὺς
3401 3676 3459 3726 ἐν
3482 3674 3673 3743 eme-

414 3769 665 3824 homines
709 3771 1050 3826 diversarum
1092 3782 1332 3828 aetatum.
1377 3773 1530 3839 Quod
1584 3784 1765 3829 autem
1817 3773 1985 3845 aliqui

2098 3778 2209 3833 ροις
2234 3760 2476 3831 ἡλικίαις
2499 3777 2513 3791 ·
2545 3762 2608 3814 τὸ
2636 3761 2692 3815 δέ
2723 3761 2965 3831 εἰσάγειν
3002 3762 3376 3833 γογγύζοντάς
3406 3781 3584 3828 τινας,
3606 3765 3670 3818 οὐ

412 3871 821 3918 murmurantes
877 3862 1224 3929 inducantur,
1288 3881 1398 3920 non
1454 3874 1712 3936 putemus
1765 3877 1987 3924 sanctos

2098 3853 2392 3925 νομίσομεν
2436 3853 2623 3923 ἁγίους
2671 3854 2885 3923 φθονεῖν
2912 3854 3158 3910 ἐκεῖθενο
3198 3854 3415 3927 καθαρά
3458 3858 3566 3929 γάρ
3604 3859 3672 3911 τὰ

410 3954 669 4011 invidiam
700 3956 809 4011 illic
856 3958 1179 4027 concipere;
1218 3973 1340 4013 nam
1394 3958 1503 4013 illic
1548 3960 1729 4015 omnia
1784 3960 1984 4016 invidia

2098 3946 2304 3999 ἐκεῖθεν
2356 3945 2585 4014 φθόνου’
2636 3945 2773 3999 ἀλλὰ
2816 3947 2887 4000 τά
2940 3948 3039 4017 τῆς
3091 3946 3409 4018 παραδολῆς
3454 3948 3514 4001 οὐ
3565 3948 3672 4021 χρὴ

410 4058 620 4106 curent.
667 4048 770 4105 Sed
823 4066 931 4105 non
976 4067 1167 4107 omnes
1209 4052 1480 4123 parabolae
1516 4064 1699 4124 partes
1726 4054 1985 4125 explicari

2098 4039 2275 4093 πάντα
2313 4039 2527 4109 ζητείνο
2578 4038 2864 4110 παραϐολὴ
2917 4040 3024 4111 γάρ
3056 4041 3234 4094 ἐστιν’
3286 4041 3355 4093 τά
3376 4040 3433 4094 δὲ
3462 4042 3670 4093 συντεί-

409 4142 629 4205 debent,
683 4143 937 4213 parabola
977 4144 1122 4198 enim
1163 4152 1277 4211 est;
1316 4146 1406 4201 sed
1461 4160 1583 4216 quae
1645 4146 1875 4201 tendunt
1920 4148 1985 4202 ad

2098 4149 2251 4186 νοντα
2308 4133 2447 4202 πρὸς
2500 4132 2702 4185 σκοπὸν
2759 4132 2920 4203 μόνον
2986 4131 3284 4203 δρέπεσθαι
3337 4133 3430 4186 τὸν
3475 4133 3671 4202 φθόνον

409 4238 702 4303 optandum
729 4237 1011 4307 proposito
1039 4237 1297 4293 invidiam
1340 4238 1419 4293 vel
1456 4250 1835 4311 exaggeratam
1868 4241 1988 4310 ejus

2098 4225 2188 4279 καὶ
2230 4226 2309 4288 είς
2366 4223 2677 4296 ὑπερϐολὴν
2726 4221 2818 4277 τοῦ
2874 4224 3331 4296 εὐεργετηθέντος
3402 4226 3613 4294 εἰσάγει
3644 4227 3671 4279 ό

411 4327 503 4397 qui
535 4328 859 4384 beneﬁcium
898 4329 1131 4401 accepit,
1161 4330 1507 4386 solummodo
1547 4331 1755 4387 inducit
1786 4347 1985 4389 sermo.

483 4436 709 4494 Vineam
737 4437 828 4495 Dei
855 4449 1123 4511 praecepta
1166 4449 1219 4496 et
1245 4455 1344 4496 sua
1369 4442 1624 4497 mandata
1656 4442 1821 4510 dicit;
1848 4451 1990 4505 tem-

407 4548 511 4602 pus
528 4534 882 4604 operationis,
896 4543 1218 4604 praesentem
1243 4534 1430 4600 vitam;
1447 4535 1732 4605 operarios
1746 4535 1991 4590 diversos

411 4634 636 4680 vocatos
658 4624 725 4679 ad
750 4624 1001 4678 mandata
1030 4624 1300 4692 implenda
1324 4624 1471 4679 circa
1491 4623 1729 4689 tertiam,
1754 4632 1989 4684 sextam,

416 4732 617 4770 nonam
658 4724 713 4769 et
758 4715 1101 4770 undecimam
1134 4715 1348 4779 horam,
1382 4714 1633 4770 homines
1668 4716 1722 4771 in
1758 4714 1993 4774 diversis

412 4806 663 4862 aetatibus
692 4804 1014 4862 accedentes
1048 4816 1097 4860 et
1127 4806 1409 4876 praemium
1444 4805 1808 4874 acquirentes.

490 4988 658 5046 VERS.
697 4992 749 5045 '5.
801 4989 956 5057 Quod
1012 4998 1271 5045 vocentur
1312 4987 1495 5051 tertia,
1535 4998 1709 5053 sexta,
1752 4998 1805 5044 et
1850 5003 1988 5043 nona

415 5085 571 5148 hora,
623 5099 730 5139 non
781 5081 1192 5156 praeiudicantis
1242 5090 1327 5136 est
1381 5080 1602 5150 injuste,
1642 5081 1733 5136 sed
1789 5096 1991 5152 cogno-

415 5179 619 5234 scentis
671 5176 816 5247 quod
846 5177 901 5232 hi
938 5176 1169 5231 debeant
1222 5173 1325 5244 ipsi
1369 5173 1769 5244 obtemperare.
1803 5172 1896 5231 Sic
1935 5185 1991 5231 et

415 5271 618 5327 Paulus
647 5285 755 5325 non
799 5270 853 5323 in
898 5267 1067 5322 initiis
1097 5266 1201 5321 fuit
1227 5274 1472 5324 vocatus.
1499 5267 1592 5320 sed
1638 5266 1860 5335 quando
1890 5266 1984 5322 deo

413 5362 533 5415 buit
567 5359 809 5415 obedire.
850 5356 1007 5422 Quod
1063 5363 1243 5411 autem
1304 5355 1536 5411 voluerit
1597 5354 1650 5410 in
1722 5356 1988 5427 principio

415 5452 744 5516 conducere,
776 5449 907 5504 dicit
938 5448 1101 5504 etiam
1131 5445 1410 5516 parabola,
1438 5447 1565 5516 quia
1603 5447 1739 5503 exiit
1777 5450 1988 5507 condu-

413 5560 573 5611 cere;
607 5553 660 5597 et
693 5544 836 5613 quod
888 5542 991 5597 iste
1028 5540 1260 5595 voluerit
1311 5542 1540 5597 conduci
1565 5582 1581 5609 ,
1636 5541 1790 5609 dicit,
1828 5558 1988 5599 nemo

413 5652 515 5691 nos
543 5632 828 5691 conduxit.

483 5742 647 5797 Vsus.
688 5741 769 5796 16.
820 5739 974 5806 Quod
1002 5738 1289 5794 confestim
1339 5747 1463 5811 post
1499 5740 1816 5809 parabolam
1847 5740 1985 5796 dici-

410 5844 521 5899 tur,
549 5834 630 5890 sic
651 5841 811 5889 erunt
831 5831 1115 5897 novissimi
1142 5830 1324 5902 primi,
1353 5845 1459 5888 non
1490 5832 1749 5888 admirari
1772 5840 1990 5902 oportet

410 5938 667 6005 tanquam
695 5940 803 5982 nco
844 5940 908 5980 ex
938 5922 1195 5997 parabola
1224 5937 1600 5995 consequens,
1652 5923 1743 5980 sed
1788 5924 1986 5980 intellio

2093 4318 2271 4386 λόγος.

2177 4426 2502 4497 Ἀμπελῶνα
2538 4428 2609 4482 τὰ
2660 4429 3011 4500 ἐπιτάγματα
3055 4428 3152 4483 τοῦ
3192 4428 3329 4483 Θεοῦ
3380 4428 3533 4498 λέγει
3575 4445 3669 4484 και

2094 4517 2192 4582 τὰς
2240 4517 2461 4582 ἐντολάς
2508 4519 2949 4593 αὐτοῦ-χρόνον
2990 4521 3046 4575 δὲ
3089 4520 3186 4589 τῆς
3238 4519 3524 4592 ἐργασίας,
3578 4519 3669 4573 τὸν

2098 4610 2340 4679 παρόντα
2376 4608 2521 4680 βίον
2570 4610 2812 4683 ἐργάτας
2859 4611 2915 4666 δὲ
2965 4612 3256 4684 διαφόρους
3304 4611 3668 4682 καλουμένους

2096 4701 2188 4754 ἐπὶ
2219 4702 2286 4755 τά
2318 4703 2715 4773 προστάγματα
2743 4704 2867 4775 περὶ
2890 4705 3078 4778 τρίτην
3103 4708 3195 4758 καὶ
3214 4705 3381 4776 ἕκτην
3406 4704 3500 4758 καὶ
3519 4704 3667 4757 ἐννά-

2096 4811 2194 4867 την
2220 4793 2367 4865 ὤραν
2393 4796 2486 4848 καὶ
2520 4796 2835 4868 ἑνδεκάτην,
2870 4800 2997 4861 τοὺς
3025 4798 3083 4852 ἐν
3108 4796 3387 4870 διαφόροις
3428 4796 3669 4868 ἡλικίαις

2096 4888 2493 4957 προσελθόντας
2522 4890 3013 4962 εὐδοκιμήσαντας.

2150 4978 2223 5031 Τὸ
2253 4978 2678 5050 προσκαλεῖσθαι
2712 4984 2802 5033 τὸν
2844 4981 2942 5050 μὲν
2984 4979 3199 5051 τρίτην,
3237 4980 3331 5033 τὸν
3366 4978 3424 5033 δὲ
3478 4980 3666 5049 ἕκτην,

2092 5070 2182 5125 τὸν
2212 5071 2270 5125 δὲ
2299 5073 2547 5143 ἐννάτην,
2571 5074 2632 5126 οὐ
2653 5073 3038 5147 προκρίνοντός
3066 5074 3213 5127 ἐστιν
3245 5072 3469 5136 ἀδίκως,
3509 5072 3648 5127 ἀλλὰ

2092 5162 2451 5231 γινώσκοντος
2492 5166 2579 5217 ὅτε
2610 5162 2833 5233 ἔμελλον
2868 5160 3177 5216 ὑπακοῦσαι
3236 5160 3386 5230 αὐτῷ
3414 5176 3427 5190 ο
3493 5157 3665 5221 οὕτως

2094 5257 2189 5310 καὶ
2239 5258 2267 5310 ό
2324 5256 2535 5319 Παῦλος
2588 5255 2689 5309 οὐκ
2736 5259 2802 5310 ἐκ
2858 5254 3162 5327 προοιμίων
3211 5252 3498 5321 ἐκέκλητο,
3549 5250 3664 5304 ἀλλ’

2091 5352 2177 5405 ὅτε
2197 5349 2418 5420 ἔμελλεν
2440 5348 2859 5420 πεισθήσεσθαι·
2891 5349 2973 5403 ὅτι
3051 5347 3108 5401 δὲ
3143 5346 3350 5409 πάντας
3380 5343 3573 5416 ἧθελεν
3610 5342 3665 5408 ἐξ

2092 5445 2265 5515 ἀρχῆς
2310 5441 2707 5514 μισθώσασθαι,
2787 5439 2935 5510 λέγει
2999 5440 3094 5493 καὶ
3141 5439 3173 5509 ἡ
3244 5434 3552 5507 παραϐολὴ,
3588 5433 3663 5485 ὅτι

2103 5535 2396 5604 Ἐξῆλθεν
2434 5534 2540 5589 τοῦ
2555 5532 3002 5604 μισθώσασθαι.
3024 5532 3115 5586 καὶ
3141 5531 3223 5585 ὃτι
3244 5532 3449 5593 ἐκεῖνος
3475 5525 3664 5598 ἤθελεν

2094 5625 2433 5699 μισθωθῆναι
2495 5626 2680 5697 λέγει’
2724 5624 2934 5691 Οὐδεὶς
2952 5623 3111 5694 ἡμᾶς
3135 5620 3530 5693 ἐμισθώσατο.

2146 5736 2221 5792 Τὸ
2266 5736 2429 5799 εὐθὺς
2478 5734 2615 5804 μετά
2662 5734 2763 5807 τὴν
2838 5732 3156 5804 παραϐολὴν
3216 5731 3533 5801 λεγόμενον,
3582 5732 3663 5785 ὅτι

2095 5830 2290 5897 Οὕτως
2306 5829 2552 5885 ἔσονται
2577 5830 2632 5885 οι
2648 5828 2897 5899 ἔσχατοι
2922 5826 3165 5898 πρῶτοι,
3186 5826 3246 5879 οὐ
3264 5827 3344 5879 δεῖ
3366 5824 3664 5895 θαυμάζειν

2092 5925 2165 5988 ὡς
2194 5922 2268 5994 μὴ
2295 5921 2658 5995 συναγόμενον
2679 5922 2744 5977 ἐκ
2764 5924 2858 5993 τῆς
2895 5916 3229 5991 παραϐολῆς,
3257 5917 3392 5974 ἀλλὰ
3424 5917 3506 5973 δεῖ
3526 5917 3661 5973 νοεῖν
