  <div class='ocr_page' id='page_1' title='image "/cluster/home/n/w/nwhite01/storage/ocr_20150623/106/hvd.32044051727071/582.png"; bbox 0 0 4060 6628; ppageno 0'>
   <div class='ocr_carea' id='block_1_1' title="bbox 380 478 512 542">
    <p class='ocr_par' dir='ltr' id='par_1_1' title="bbox 380 478 512 542">
     <span class='ocr_line' id='line_1_1' title="bbox 380 478 512 542; baseline 0.008 -1"><span class='ocrx_word' id='word_1_1' title='bbox 380 478 512 542; x_wconf 77' lang='grc'>1111</span> 
     </span>
    </p>
   </div>
   <div class='ocr_carea' id='block_1_2' title="bbox 1374 482 2663 547">
    <p class='ocr_par' dir='ltr' id='par_1_2' title="bbox 1374 482 2663 547">
     <span class='ocr_line' id='line_1_2' title="bbox 1374 482 2663 547; baseline 0.001 -3"><span class='ocrx_word' id='word_1_2' title='bbox 1374 482 1694 544; x_wconf 78' lang='lat' dir='ltr'><strong>SCHOLIA</strong></span> <span class='ocrx_word' id='word_1_3' title='bbox 1734 487 2031 547; x_wconf 81' lang='lat' dir='ltr'><strong>VETERA</strong></span> <span class='ocrx_word' id='word_1_4' title='bbox 2074 486 2151 545; x_wconf 82' lang='lat' dir='ltr'><strong>IN</strong></span> <span class='ocrx_word' id='word_1_5' title='bbox 2194 484 2663 546; x_wconf 75' lang='grc' dir='ltr'><strong>ΜΑΤΤΗᾹΞΗΜ.</strong></span> 
     </span>
    </p>
   </div>
   <div class='ocr_carea' id='block_1_3' title="bbox 3499 487 3635 553">
    <p class='ocr_par' dir='ltr' id='par_1_3' title="bbox 3499 487 3635 553">
     <span class='ocr_line' id='line_1_3' title="bbox 3499 487 3635 553; baseline -0.037 0"><span class='ocrx_word' id='word_1_6' title='bbox 3499 487 3635 553; x_wconf 68' lang='grc'>1142</span> 
     </span>
    </p>
   </div>
   <div class='ocr_carea' id='block_1_4' title="bbox 378 588 1969 669">
    <p class='ocr_par' dir='ltr' id='par_1_4' title="bbox 378 588 1955 669">
     <span class='ocr_line' id='line_1_4' title="bbox 378 588 1955 669; baseline 0.005 -25"><span class='ocrx_word' id='word_1_7' title='bbox 378 594 458 644; x_wconf 83' lang='grc' dir='ltr'><strong>δτι</strong></span> <span class='ocrx_word' id='word_1_8' title='bbox 480 591 671 662; x_wconf 81' lang='grc' dir='ltr'>ὥσπερ</span> <span class='ocrx_word' id='word_1_9' title='bbox 688 588 842 644; x_wconf 80' lang='grc' dir='ltr'>τοῦτο</span> <span class='ocrx_word' id='word_1_10' title='bbox 872 590 1315 665; x_wconf 74' lang='grc' dir='ltr'>συνέόη,”φησὶν,</span> <span class='ocrx_word' id='word_1_11' title='bbox 1342 593 1511 659; x_wconf 81' lang='grc' dir='ltr'>οὕτως</span> <span class='ocrx_word' id='word_1_12' title='bbox 1540 598 1763 651; x_wconf 71' lang='grc' dir='ltr'>κάκεῖνο</span> <span class='ocrx_word' id='word_1_13' title='bbox 1796 600 1955 669; x_wconf 82' lang='grc' dir='ltr'>γενή-</span> 
     </span>
    </p>
   </div>
   <div class='ocr_carea' id='block_1_5' title="bbox 2072 588 3638 669">
    <p class='ocr_par' dir='ltr' id='par_1_5' title="bbox 2072 594 3638 669">
     <span class='ocr_line' id='line_1_5' title="bbox 2072 594 3638 669; baseline 0.002 -19"><span class='ocrx_word' id='word_1_14' title='bbox 2072 612 2187 668; x_wconf 67' lang='lat' dir='ltr'><strong>gere</strong></span> <span class='ocrx_word' id='word_1_15' title='bbox 2237 595 2386 666; x_wconf 85' lang='lat' dir='ltr'><strong>quia,</strong></span> <span class='ocrx_word' id='word_1_16' title='bbox 2419 595 2561 651; x_wconf 99' lang='lat' dir='ltr'><strong>sicut</strong></span> <span class='ocrx_word' id='word_1_17' title='bbox 2595 594 2728 650; x_wconf 90' lang='lat' dir='ltr'><strong>illud</strong></span> <span class='ocrx_word' id='word_1_18' title='bbox 2759 594 2979 661; x_wconf 89' lang='lat' dir='ltr'><strong>accidit,</strong></span> <span class='ocrx_word' id='word_1_19' title='bbox 3027 596 3108 652; x_wconf 84' lang='lat' dir='ltr'><strong>sic</strong></span> <span class='ocrx_word' id='word_1_20' title='bbox 3158 604 3210 652; x_wconf 91' lang='lat' dir='ltr'><strong>et</strong></span> <span class='ocrx_word' id='word_1_21' title='bbox 3257 596 3360 651; x_wconf 88' lang='lat' dir='ltr'><strong>hoc</strong></span> <span class='ocrx_word' id='word_1_22' title='bbox 3418 612 3638 669; x_wconf 79' lang='lat' dir='ltr'><strong>quoque</strong></span> 
     </span>
    </p>
   </div>
   <div class='ocr_carea' id='block_1_6' title="bbox 380 700 553 737">
    <p class='ocr_par' dir='ltr' id='par_1_6' title="bbox 380 700 553 737">
     <span class='ocr_line' id='line_1_6' title="bbox 380 700 553 737; baseline 0.006 -1"><span class='ocrx_word' id='word_1_23' title='bbox 380 700 553 737; x_wconf 89' lang='grc' dir='ltr'>σεται.</span> 
     </span>
    </p>
   </div>
   <div class='ocr_carea' id='block_1_7' title="bbox 446 770 1957 853">
    <p class='ocr_par' dir='ltr' id='par_1_7' title="bbox 446 770 1957 853">
     <span class='ocr_line' id='line_1_7' title="bbox 446 770 1957 853; baseline 0.005 -26"><span class='ocrx_word' id='word_1_24' title='bbox 446 773 566 845; x_wconf 78' lang='grc' dir='ltr'><strong>Χρὴ</strong></span> <span class='ocrx_word' id='word_1_25' title='bbox 597 773 799 829; x_wconf 76' lang='grc' dir='ltr'>εἰδέναι</span> <span class='ocrx_word' id='word_1_26' title='bbox 860 775 944 829; x_wconf 84' lang='grc' dir='ltr'>ὃτι</span> <span class='ocrx_word' id='word_1_27' title='bbox 969 776 1026 830; x_wconf 83' lang='grc' dir='ltr'><strong>αί</strong></span> <span class='ocrx_word' id='word_1_28' title='bbox 1074 776 1382 849; x_wconf 75' lang='grc' dir='ltr'>παραδολαὶ</span> <span class='ocrx_word' id='word_1_29' title='bbox 1416 770 1576 835; x_wconf 75' lang='grc' dir='ltr'>αὗται</span> <span class='ocrx_word' id='word_1_30' title='bbox 1631 776 1744 835; x_wconf 71' lang='grc' dir='ltr'>οἷον</span> <span class='ocrx_word' id='word_1_31' title='bbox 1777 783 1810 853; x_wconf 87' lang='grc' dir='ltr'><strong>ή</strong></span> <span class='ocrx_word' id='word_1_32' title='bbox 1846 781 1957 835; x_wconf 86' lang='grc' dir='ltr'><strong>τῶν</strong></span> 
     </span>
    </p>
   </div>
   <div class='ocr_carea' id='block_1_8' title="bbox 380 864 1955 944">
    <p class='ocr_par' dir='ltr' id='par_1_8' title="bbox 380 864 1955 944">
     <span class='ocr_line' id='line_1_8' title="bbox 380 864 1955 944; baseline 0.007 -27"><span class='ocrx_word' id='word_1_33' title='bbox 380 864 688 935; x_wconf 81' lang='grc' dir='ltr'>παρθένων,</span> <span class='ocrx_word' id='word_1_34' title='bbox 716 866 750 937; x_wconf 86' lang='grc' dir='ltr'><strong>ή</strong></span> <span class='ocrx_word' id='word_1_35' title='bbox 782 866 879 938; x_wconf 82' lang='grc' dir='ltr'>τῆς</span> <span class='ocrx_word' id='word_1_36' title='bbox 905 868 1166 940; x_wconf 81' lang='grc' dir='ltr'><strong>σαγήνης,</strong></span> <span class='ocrx_word' id='word_1_37' title='bbox 1225 870 1258 940; x_wconf 82' lang='grc' dir='ltr'><strong>ή</strong></span> <span class='ocrx_word' id='word_1_38' title='bbox 1309 870 1417 925; x_wconf 82' lang='grc' dir='ltr'><strong>τῶν</strong></span> <span class='ocrx_word' id='word_1_39' title='bbox 1471 871 1747 940; x_wconf 78' lang='grc' dir='ltr'><strong>ἀκανθῶν,</strong></span> <span class='ocrx_word' id='word_1_40' title='bbox 1795 875 1827 944; x_wconf 91' lang='grc' dir='ltr'><strong>ή</strong></span> <span class='ocrx_word' id='word_1_41' title='bbox 1859 872 1955 928; x_wconf 81' lang='grc' dir='ltr'>τοῦ</span> 
     </span>
    </p>
   </div>
   <div class='ocr_carea' id='block_1_9' title="bbox 380 955 1958 1040">
    <p class='ocr_par' dir='ltr' id='par_1_9' title="bbox 380 955 1958 1040">
     <span class='ocr_line' id='line_1_9' title="bbox 380 955 1958 1040; baseline 0.009 -32"><span class='ocrx_word' id='word_1_42' title='bbox 380 955 596 1024; x_wconf 80' lang='grc' dir='ltr'><strong>δένδρου</strong></span> <span class='ocrx_word' id='word_1_43' title='bbox 642 955 738 1011; x_wconf 82' lang='grc' dir='ltr'>τοῦ</span> <span class='ocrx_word' id='word_1_44' title='bbox 781 957 1055 1031; x_wconf 80' lang='grc' dir='ltr'><strong>ἀκάρπου,</strong></span> <span class='ocrx_word' id='word_1_45' title='bbox 1087 961 1187 1032; x_wconf 80' lang='grc' dir='ltr'>τὴν</span> <span class='ocrx_word' id='word_1_46' title='bbox 1217 962 1326 1017; x_wconf 81' lang='grc' dir='ltr'><strong>ἀπὸ</strong></span> <span class='ocrx_word' id='word_1_47' title='bbox 1370 964 1479 1019; x_wconf 82' lang='grc' dir='ltr'><strong>τῶν</strong></span> <span class='ocrx_word' id='word_1_48' title='bbox 1522 964 1699 1037; x_wconf 79' lang='grc' dir='ltr'>ἔργων</span> <span class='ocrx_word' id='word_1_49' title='bbox 1754 967 1958 1040; x_wconf 81' lang='grc' dir='ltr'>ἀρετὴν</span> 
     </span>
    </p>
   </div>
   <div class='ocr_carea' id='block_1_10' title="bbox 380 1047 750 1119">
    <p class='ocr_par' dir='ltr' id='par_1_10' title="bbox 380 1047 750 1119">
     <span class='ocr_line' id='line_1_10' title="bbox 380 1047 750 1119; baseline 0.008 -18"><span class='ocrx_word' id='word_1_50' title='bbox 380 1047 750 1119; x_wconf 75' lang='grc' dir='ltr'>ἐπιζητοῦσιν.</span> 
     </span>
    </p>
   </div>
   <div class='ocr_carea' id='block_1_11' title="bbox 449 1162 1958 1239">
    <p class='ocr_par' dir='ltr' id='par_1_11' title="bbox 449 1162 1958 1239">
     <span class='ocr_line' id='line_1_11' title="bbox 449 1162 1958 1239; baseline 0.01 -25"><span class='ocrx_word' id='word_1_51' title='bbox 449 1162 548 1217; x_wconf 83' lang='grc' dir='ltr'>Διὰ</span> <span class='ocrx_word' id='word_1_52' title='bbox 572 1162 627 1216; x_wconf 85' lang='grc' dir='ltr'><strong>τί</strong></span> <span class='ocrx_word' id='word_1_53' title='bbox 664 1164 806 1234; x_wconf 79' lang='grc' dir='ltr'>μετὰ</span> <span class='ocrx_word' id='word_1_54' title='bbox 834 1165 1104 1237; x_wconf 82' lang='grc' dir='ltr'><strong>τοσαύτης</strong></span> <span class='ocrx_word' id='word_1_55' title='bbox 1161 1171 1481 1239; x_wconf 82' lang='grc' dir='ltr'><strong>περιουσίας</strong></span> <span class='ocrx_word' id='word_1_56' title='bbox 1532 1171 1627 1226; x_wconf 82' lang='grc' dir='ltr'>νῦν</span> <span class='ocrx_word' id='word_1_57' title='bbox 1686 1174 1958 1229; x_wconf 79' lang='grc' dir='ltr'>έπιὸαίνει</span> 
     </span>
    </p>
   </div>
   <div class='ocr_carea' id='block_1_12' title="bbox 382 1252 1956 1337">
    <p class='ocr_par' dir='ltr' id='par_1_12' title="bbox 382 1252 1956 1337">
     <span class='ocr_line' id='line_1_12' title="bbox 382 1252 1956 1337; baseline 0.009 -32"><span class='ocrx_word' id='word_1_58' title='bbox 382 1255 491 1317; x_wconf 77' lang='grc' dir='ltr'>τοῖς</span> <span class='ocrx_word' id='word_1_59' title='bbox 529 1252 957 1328; x_wconf 83' lang='grc' dir='ltr'>Ἰεροσολύμοις;</span> <span class='ocrx_word' id='word_1_60' title='bbox 992 1258 1155 1331; x_wconf 10' lang='grc' dir='ltr'>,Ἐπεὶ</span> <span class='ocrx_word' id='word_1_61' title='bbox 1199 1258 1323 1315; x_wconf 86' lang='grc' dir='ltr'>τότε</span> <span class='ocrx_word' id='word_1_62' title='bbox 1386 1263 1485 1333; x_wconf 76' lang='grc' dir='ltr'>μὲν</span> <span class='ocrx_word' id='word_1_63' title='bbox 1562 1265 1830 1336; x_wconf 86' lang='grc' dir='ltr'>προοίμια</span> <span class='ocrx_word' id='word_1_64' title='bbox 1886 1261 1956 1337; x_wconf 78' lang='grc' dir='ltr'><strong>ἦν</strong></span> 
     </span>
    </p>
   </div>
   <div class='ocr_carea' id='block_1_13' title="bbox 383 1346 1959 1431">
    <p class='ocr_par' dir='ltr' id='par_1_13' title="bbox 383 1346 1959 1431">
     <span class='ocr_line' id='line_1_13' title="bbox 383 1346 1959 1431; baseline 0.011 -34"><span class='ocrx_word' id='word_1_65' title='bbox 383 1346 716 1417; x_wconf 76' lang='grc' dir='ltr'>οἰκονομίας,</span> <span class='ocrx_word' id='word_1_66' title='bbox 740 1348 835 1403; x_wconf 82' lang='grc' dir='ltr'><strong>νῦν</strong></span> <span class='ocrx_word' id='word_1_67' title='bbox 882 1350 939 1403; x_wconf 79' lang='grc' dir='ltr'>δὲ</span> <span class='ocrx_word' id='word_1_68' title='bbox 961 1351 1051 1404; x_wconf 83' lang='grc' dir='ltr'>ὅτε</span> <span class='ocrx_word' id='word_1_69' title='bbox 1078 1350 1178 1422; x_wconf 86' lang='grc' dir='ltr'>τῆς</span> <span class='ocrx_word' id='word_1_70' title='bbox 1203 1353 1369 1407; x_wconf 80' lang='grc' dir='ltr'>αὑτοῦ</span> <span class='ocrx_word' id='word_1_71' title='bbox 1416 1355 1702 1426; x_wconf 82' lang='grc' dir='ltr'>δυνάμεως</span> <span class='ocrx_word' id='word_1_72' title='bbox 1761 1360 1959 1431; x_wconf 82' lang='grc' dir='ltr'>πεῖραν</span> 
     </span>
    </p>
   </div>
   <div class='ocr_carea' id='block_1_14' title="bbox 382 1437 1961 1518">
    <p class='ocr_par' dir='ltr' id='par_1_14' title="bbox 382 1437 1961 1518">
     <span class='ocr_line' id='line_1_14' title="bbox 382 1437 1961 1518; baseline 0.011 -29"><span class='ocrx_word' id='word_1_73' title='bbox 382 1437 573 1502; x_wconf 81' lang='grc' dir='ltr'>ἔδωκε,</span> <span class='ocrx_word' id='word_1_74' title='bbox 602 1440 739 1508; x_wconf 75' lang='grc' dir='ltr'>μετὰ</span> <span class='ocrx_word' id='word_1_75' title='bbox 767 1440 1012 1505; x_wconf 89' lang='grc' dir='ltr'>πλείονος</span> <span class='ocrx_word' id='word_1_76' title='bbox 1035 1445 1394 1514; x_wconf 75' lang='grc' dir='ltr'><strong>περιφανείας</strong></span> <span class='ocrx_word' id='word_1_77' title='bbox 1423 1446 1639 1518; x_wconf 76' lang='grc' dir='ltr'>ἔρχεται</span> <span class='ocrx_word' id='word_1_78' title='bbox 1660 1464 1675 1479; x_wconf 73' lang='grc' dir='ltr'>σ</span> <span class='ocrx_word' id='word_1_79' title='bbox 1710 1451 1835 1504; x_wconf 79' lang='grc' dir='ltr'>ἐπεὶ</span> <span class='ocrx_word' id='word_1_80' title='bbox 1865 1452 1961 1505; x_wconf 79' lang='grc' dir='ltr'>καὶ</span> 
     </span>
    </p>
   </div>
   <div class='ocr_carea' id='block_1_15' title="bbox 381 1531 1961 1608">
    <p class='ocr_par' dir='ltr' id='par_1_15' title="bbox 381 1531 1961 1608">
     <span class='ocr_line' id='line_1_15' title="bbox 381 1531 1961 1608; baseline 0.009 -23"><span class='ocrx_word' id='word_1_81' title='bbox 381 1534 410 1585; x_wconf 86' lang='grc' dir='ltr'>ὀ</span> <span class='ocrx_word' id='word_1_82' title='bbox 440 1533 670 1603; x_wconf 82' lang='grc' dir='ltr'>σταυρὸς</span> <span class='ocrx_word' id='word_1_83' title='bbox 698 1535 755 1587; x_wconf 84' lang='grc' dir='ltr'><strong>ὲν</strong></span> <span class='ocrx_word' id='word_1_84' title='bbox 785 1532 978 1605; x_wconf 79' lang='grc' dir='ltr'>θύραις</span> <span class='ocrx_word' id='word_1_85' title='bbox 1010 1531 1100 1608; x_wconf 76' lang='grc' dir='ltr'><strong>ἦν,</strong></span> <span class='ocrx_word' id='word_1_86' title='bbox 1130 1537 1201 1592; x_wconf 79' lang='grc' dir='ltr'>τὰ</span> <span class='ocrx_word' id='word_1_87' title='bbox 1226 1538 1493 1608; x_wconf 82' lang='grc' dir='ltr'>μέλλοντα</span> <span class='ocrx_word' id='word_1_88' title='bbox 1540 1542 1723 1608; x_wconf 75' lang='grc' dir='ltr'>αὐτοῖς</span> <span class='ocrx_word' id='word_1_89' title='bbox 1774 1544 1961 1599; x_wconf 67' lang='grc' dir='ltr'>ἐκδαί-</span> 
     </span>
    </p>
   </div>
   <div class='ocr_carea' id='block_1_16' title="bbox 382 1625 1014 1697">
    <p class='ocr_par' dir='ltr' id='par_1_16' title="bbox 382 1625 1014 1697">
     <span class='ocr_line' id='line_1_16' title="bbox 382 1625 1014 1697; baseline 0.009 -20"><span class='ocrx_word' id='word_1_90' title='bbox 382 1639 495 1677; x_wconf 89' lang='grc' dir='ltr'>νειν</span> <span class='ocrx_word' id='word_1_91' title='bbox 545 1625 1014 1697; x_wconf 70' lang='grc' dir='ltr'>ἐπιδεικνύμενος.</span> 
     </span>
    </p>
   </div>
   <div class='ocr_carea' id='block_1_17' title="bbox 442 1713 1963 1795">
    <p class='ocr_par' dir='ltr' id='par_1_17' title="bbox 442 1713 1963 1795">
     <span class='ocr_line' id='line_1_17' title="bbox 442 1713 1963 1795; baseline 0.009 -30"><span class='ocrx_word' id='word_1_92' title='bbox 442 1714 541 1767; x_wconf 81' lang='grc' dir='ltr'>Διὰ</span> <span class='ocrx_word' id='word_1_93' title='bbox 563 1713 680 1768; x_wconf 81' lang='grc' dir='ltr'>τίοί</span> <span class='ocrx_word' id='word_1_94' title='bbox 699 1717 805 1769; x_wconf 78' lang='grc' dir='ltr'>υἱοὶ</span> <span class='ocrx_word' id='word_1_95' title='bbox 836 1716 1122 1773; x_wconf 75' lang='grc' dir='ltr'>Ζεϐεδαίου</span> <span class='ocrx_word' id='word_1_96' title='bbox 1146 1720 1448 1792; x_wconf 85' lang='grc' dir='ltr'>προσῆλθον</span> <span class='ocrx_word' id='word_1_97' title='bbox 1476 1722 1627 1794; x_wconf 83' lang='grc' dir='ltr'><strong>αὐτῷ</strong></span> <span class='ocrx_word' id='word_1_98' title='bbox 1673 1723 1804 1794; x_wconf 74' lang='grc' dir='ltr'>περὶ</span> <span class='ocrx_word' id='word_1_99' title='bbox 1830 1740 1963 1795; x_wconf 68' lang='grc' dir='ltr'>προσ</span> 
     </span>
    </p>
   </div>
   <div class='ocr_carea' id='block_1_18' title="bbox 382 1803 1962 1887">
    <p class='ocr_par' dir='ltr' id='par_1_18' title="bbox 382 1803 1962 1887">
     <span class='ocr_line' id='line_1_18' title="bbox 382 1803 1962 1887; baseline 0.008 -30"><span class='ocrx_word' id='word_1_100' title='bbox 382 1803 567 1875; x_wconf 82' lang='grc' dir='ltr'>εδρίας</span> <span class='ocrx_word' id='word_1_101' title='bbox 602 1806 1012 1877; x_wconf 71' lang='grc' dir='ltr'>διαλεγομένοις</span> <span class='ocrx_word' id='word_1_102' title='bbox 1048 1810 1291 1884; x_wconf 80' lang='grc' dir='ltr'>Ἐπειδὴ,</span> <span class='ocrx_word' id='word_1_103' title='bbox 1314 1813 1498 1877; x_wconf 83' lang='grc' dir='ltr'>καθώς</span> <span class='ocrx_word' id='word_1_104' title='bbox 1552 1832 1720 1885; x_wconf 88' lang='grc' dir='ltr'>φησιν</span> <span class='ocrx_word' id='word_1_105' title='bbox 1771 1814 1962 1887; x_wconf 72' lang='grc' dir='ltr'>ἕτερος</span> 
     </span>
    </p>
   </div>
   <div class='ocr_carea' id='block_1_19' title="bbox 383 1897 1957 1981">
    <p class='ocr_par' dir='ltr' id='par_1_19' title="bbox 383 1897 1957 1981">
     <span class='ocr_line' id='line_1_19' title="bbox 383 1897 1957 1981; baseline 0.008 -31"><span class='ocrx_word' id='word_1_106' title='bbox 383 1897 794 1971; x_wconf 78' lang='grc' dir='ltr'>εὐαγγελιστὴς,</span> <span class='ocrx_word' id='word_1_107' title='bbox 828 1901 919 1956; x_wconf 82' lang='grc' dir='ltr'><strong>διὰ</strong></span> <span class='ocrx_word' id='word_1_108' title='bbox 945 1904 1007 1957; x_wconf 83' lang='grc' dir='ltr'>τὸ</span> <span class='ocrx_word' id='word_1_109' title='bbox 1035 1904 1204 1973; x_wconf 75' lang='grc' dir='ltr'>ἐγγὺς</span> <span class='ocrx_word' id='word_1_110' title='bbox 1257 1901 1398 1962; x_wconf 80' lang='grc' dir='ltr'>εἶναι</span> <span class='ocrx_word' id='word_1_111' title='bbox 1440 1907 1541 1979; x_wconf 79' lang='grc' dir='ltr'><strong>τήν</strong></span> <span class='ocrx_word' id='word_1_112' title='bbox 1582 1908 1957 1981; x_wconf 83' lang='grc' dir='ltr'>Ἰερουσαλὴμ,</span> 
     </span>
    </p>
   </div>
   <div class='ocr_carea' id='block_1_20' title="bbox 381 1964 2033 2069">
    <p class='ocr_par' dir='ltr' id='par_1_20' title="bbox 381 1964 2033 2069">
     <span class='ocr_line' id='line_1_20' title="bbox 381 1964 2033 2069; baseline 0.007 -24"><span class='ocrx_word' id='word_1_113' title='bbox 381 1964 635 2047; x_wconf 71' lang='grc' dir='ltr'>δοκείὸτι</span> <span class='ocrx_word' id='word_1_114' title='bbox 665 1964 760 2048; x_wconf 56' lang='grc' dir='ltr'><strong>καλ</strong></span> <span class='ocrx_word' id='word_1_115' title='bbox 782 1964 824 2065; x_wconf 26' lang='grc' dir='ltr'>-ή</span> <span class='ocrx_word' id='word_1_116' title='bbox 859 1964 1300 2065; x_wconf 35' lang='grc' dir='ltr'>βασιλείαπαύτοῦ</span> <span class='ocrx_word' id='word_1_117' title='bbox 1325 1964 1507 2069; x_wconf 49' lang='grc' dir='ltr'>ἐγγύς.</span> <span class='ocrx_word' id='word_1_118' title='bbox 1527 1964 1709 2055; x_wconf 68' lang='grc' dir='ltr'>ἐστιν’</span> <span class='ocrx_word' id='word_1_119' title='bbox 1764 2003 1813 2056; x_wconf 81' lang='grc' dir='ltr'><strong>εί</strong></span> <span class='ocrx_word' id='word_1_120' title='bbox 1992 1964 2033 2020; x_wconf 76' lang='grc' dir='ltr'><strong>Β</strong></span> 
     </span>
    </p>
   </div>
   <div class='ocr_carea' id='block_1_21' title="bbox 382 2080 1959 2163">
    <p class='ocr_par' dir='ltr' id='par_1_21' title="bbox 382 2080 1959 2163">
     <span class='ocr_line' id='line_1_21' title="bbox 382 2080 1959 2163; baseline 0.009 -29"><span class='ocrx_word' id='word_1_121' title='bbox 382 2082 773 2155; x_wconf 75' lang='grc' dir='ltr'>εύσγγελιστὴς</span> <span class='ocrx_word' id='word_1_122' title='bbox 798 2080 952 2150; x_wconf 78' lang='grc' dir='ltr'>οὗτος</span> <span class='ocrx_word' id='word_1_123' title='bbox 975 2087 1105 2157; x_wconf 78' lang='grc' dir='ltr'>περὶ</span> <span class='ocrx_word' id='word_1_124' title='bbox 1134 2089 1235 2160; x_wconf 80' lang='grc' dir='ltr'>τῆς</span> <span class='ocrx_word' id='word_1_125' title='bbox 1266 2092 1473 2163; x_wconf 73' lang='grc' dir='ltr'>μητρὸς</span> <span class='ocrx_word' id='word_1_126' title='bbox 1497 2092 1676 2147; x_wconf 80' lang='grc' dir='ltr'>αὐτῶν</span> <span class='ocrx_word' id='word_1_127' title='bbox 1697 2093 1847 2163; x_wconf 82' lang='grc' dir='ltr'><strong>λέγει</strong></span> <span class='ocrx_word' id='word_1_128' title='bbox 1876 2094 1959 2148; x_wconf 83' lang='grc' dir='ltr'>ὅτι</span> 
     </span>
    </p>
   </div>
   <div class='ocr_carea' id='block_1_22' title="bbox 383 2174 1962 2254">
    <p class='ocr_par' dir='ltr' id='par_1_22' title="bbox 383 2174 1962 2254">
     <span class='ocr_line' id='line_1_22' title="bbox 383 2174 1962 2254; baseline 0.007 -27"><span class='ocrx_word' id='word_1_129' title='bbox 383 2174 517 2244; x_wconf 80' lang='grc' dir='ltr'>αὑτὴ</span> <span class='ocrx_word' id='word_1_130' title='bbox 545 2176 805 2246; x_wconf 77' lang='grc' dir='ltr'><strong>ᾐτήσατο,</strong></span> <span class='ocrx_word' id='word_1_131' title='bbox 847 2177 926 2242; x_wconf 86' lang='grc' dir='ltr'>ὡς</span> <span class='ocrx_word' id='word_1_132' title='bbox 974 2176 1035 2243; x_wconf 78' lang='grc' dir='ltr'>ἐξ</span> <span class='ocrx_word' id='word_1_133' title='bbox 1086 2179 1416 2253; x_wconf 77' lang='grc' dir='ltr'>ἀμφοτέρων</span> <span class='ocrx_word' id='word_1_134' title='bbox 1457 2183 1748 2254; x_wconf 82' lang='grc' dir='ltr'>γενόμενον</span> <span class='ocrx_word' id='word_1_135' title='bbox 1804 2184 1962 2239; x_wconf 80' lang='grc' dir='ltr'>τοῦτο</span> 
     </span>
    </p>
   </div>
   <div class='ocr_carea' id='block_1_23' title="bbox 382 2262 1960 2350">
    <p class='ocr_par' dir='ltr' id='par_1_23' title="bbox 382 2262 1960 2350">
     <span class='ocr_line' id='line_1_23' title="bbox 382 2262 1960 2350; baseline 0.01 -32"><span class='ocrx_word' id='word_1_136' title='bbox 382 2262 557 2331; x_wconf 76' lang='grc' dir='ltr'>εἶπεν,</span> <span class='ocrx_word' id='word_1_137' title='bbox 593 2268 679 2323; x_wconf 87' lang='grc' dir='ltr'>ἵνα</span> <span class='ocrx_word' id='word_1_138' title='bbox 704 2270 866 2325; x_wconf 86' lang='grc' dir='ltr'>πλέον</span> <span class='ocrx_word' id='word_1_139' title='bbox 919 2271 1254 2345; x_wconf 60' lang='grc' dir='ltr'>δυσωπηθῂΓ</span> <span class='ocrx_word' id='word_1_140' title='bbox 1305 2274 1601 2347; x_wconf 76' lang='grc' dir='ltr'>ᾐσχύνοντο</span> <span class='ocrx_word' id='word_1_141' title='bbox 1650 2279 1759 2350; x_wconf 83' lang='grc' dir='ltr'>γὰρ</span> <span class='ocrx_word' id='word_1_142' title='bbox 1810 2278 1960 2350; x_wconf 85' lang='grc' dir='ltr'>μόνοι</span> 
     </span>
    </p>
   </div>
   <div class='ocr_carea' id='block_1_24' title="bbox 385 2357 765 2430">
    <p class='ocr_par' dir='ltr' id='par_1_24' title="bbox 385 2357 765 2430">
     <span class='ocr_line' id='line_1_24' title="bbox 385 2357 765 2430; baseline 0.016 -19"><span class='ocrx_word' id='word_1_143' title='bbox 385 2357 542 2413; x_wconf 83' lang='grc' dir='ltr'>τοῦτο</span> <span class='ocrx_word' id='word_1_144' title='bbox 562 2362 765 2430; x_wconf 85' lang='grc' dir='ltr'>λέγειν.</span> 
     </span>
    </p>
   </div>
   <div class='ocr_carea' id='block_1_25' title="bbox 444 2470 1962 2547">
    <p class='ocr_par' dir='ltr' id='par_1_25' title="bbox 444 2470 1962 2547">
     <span class='ocr_line' id='line_1_25' title="bbox 444 2470 1962 2547; baseline 0.009 -25"><span class='ocrx_word' id='word_1_145' title='bbox 444 2470 519 2523; x_wconf 79' lang='grc' dir='ltr'>Τὸ</span> <span class='ocrx_word' id='word_1_146' title='bbox 550 2472 724 2526; x_wconf 77' lang='grc' dir='ltr'>εἰπεῖν</span> <span class='ocrx_word' id='word_1_147' title='bbox 755 2473 938 2540; x_wconf 81' lang='grc' dir='ltr'>αὑτὸν,</span> <span class='ocrx_word' id='word_1_148' title='bbox 992 2479 1115 2534; x_wconf 78' lang='grc' dir='ltr'><strong>Οὐκ</strong></span> <span class='ocrx_word' id='word_1_149' title='bbox 1156 2481 1356 2537; x_wconf 61' lang='lat' dir='ltr'><strong>albata</strong></span> <span class='ocrx_word' id='word_1_150' title='bbox 1382 2483 1439 2536; x_wconf 86' lang='grc' dir='ltr'><strong>τί</strong></span> <span class='ocrx_word' id='word_1_151' title='bbox 1496 2481 1775 2547; x_wconf 78' lang='grc' dir='ltr'>αἰτεῖσθε,</span> <span class='ocrx_word' id='word_1_152' title='bbox 1839 2482 1962 2536; x_wconf 75' lang='grc' dir='ltr'>ἀντὶ</span> 
     </span>
    </p>
   </div>
   <div class='ocr_carea' id='block_1_26' title="bbox 384 2563 1961 2645">
    <p class='ocr_par' dir='ltr' id='par_1_26' title="bbox 384 2563 1961 2645">
     <span class='ocr_line' id='line_1_26' title="bbox 384 2563 1961 2645; baseline 0.008 -30"><span class='ocrx_word' id='word_1_153' title='bbox 384 2563 500 2631; x_wconf 85' lang='grc' dir='ltr'>τοῦ,</span> <span class='ocrx_word' id='word_1_154' title='bbox 532 2563 685 2616; x_wconf 77' lang='grc' dir='ltr'>οὐδὲν</span> <span class='ocrx_word' id='word_1_155' title='bbox 724 2570 1114 2640; x_wconf 67' lang='grc' dir='ltr'>πνευματικὸν,</span> <span class='ocrx_word' id='word_1_156' title='bbox 1156 2573 1339 2642; x_wconf 89' lang='grc' dir='ltr'>φησίν,</span> <span class='ocrx_word' id='word_1_157' title='bbox 1374 2573 1437 2627; x_wconf 74' lang='grc' dir='ltr'><strong>Εἰ</strong></span> <span class='ocrx_word' id='word_1_158' title='bbox 1481 2573 1539 2628; x_wconf 84' lang='grc' dir='ltr'>δὲ</span> <span class='ocrx_word' id='word_1_159' title='bbox 1582 2574 1830 2645; x_wconf 74' lang='grc' dir='ltr'>καὶπερὶ</span> <span class='ocrx_word' id='word_1_160' title='bbox 1862 2574 1961 2645; x_wconf 80' lang='grc' dir='ltr'>τῆς</span> 
     </span>
    </p>
   </div>
   <div class='ocr_carea' id='block_1_27' title="bbox 385 2656 1964 2738">
    <p class='ocr_par' dir='ltr' id='par_1_27' title="bbox 385 2656 1964 2738">
     <span class='ocr_line' id='line_1_27' title="bbox 385 2656 1964 2738; baseline 0.006 -29"><span class='ocrx_word' id='word_1_161' title='bbox 385 2657 498 2710; x_wconf 81' lang='grc' dir='ltr'>ἄνω</span> <span class='ocrx_word' id='word_1_162' title='bbox 529 2656 688 2729; x_wconf 84' lang='grc' dir='ltr'>δόξης</span> <span class='ocrx_word' id='word_1_163' title='bbox 725 2659 911 2730; x_wconf 74' lang='grc' dir='ltr'>ᾔτουν,</span> <span class='ocrx_word' id='word_1_164' title='bbox 947 2662 1066 2716; x_wconf 76' lang='grc' dir='ltr'>οὐδὲ</span> <span class='ocrx_word' id='word_1_165' title='bbox 1096 2664 1266 2728; x_wconf 78' lang='grc' dir='ltr'>οὕτως</span> <span class='ocrx_word' id='word_1_166' title='bbox 1301 2664 1484 2729; x_wconf 85' lang='grc' dir='ltr'>καλῶς</span> <span class='ocrx_word' id='word_1_167' title='bbox 1531 2666 1714 2738; x_wconf 72' lang='grc' dir='ltr'>ᾔτουν.</span> <span class='ocrx_word' id='word_1_168' title='bbox 1764 2666 1877 2737; x_wconf 83' lang='grc' dir='ltr'><strong>Τὴν</strong></span> <span class='ocrx_word' id='word_1_169' title='bbox 1906 2666 1964 2719; x_wconf 82' lang='grc' dir='ltr'>δὲ</span> 
     </span>
    </p>
   </div>
   <div class='ocr_carea' id='block_1_28' title="bbox 385 2752 1963 2829">
    <p class='ocr_par' dir='ltr' id='par_1_28' title="bbox 385 2752 1963 2829">
     <span class='ocr_line' id='line_1_28' title="bbox 385 2752 1963 2829; baseline 0.009 -28"><span class='ocrx_word' id='word_1_170' title='bbox 385 2752 677 2823; x_wconf 81' lang='grc' dir='ltr'>προεδρίαν</span> <span class='ocrx_word' id='word_1_171' title='bbox 703 2756 928 2825; x_wconf 69' lang='grc' dir='ltr'>ἐζήτουν</span> <span class='ocrx_word' id='word_1_172' title='bbox 952 2756 1060 2809; x_wconf 86' lang='grc' dir='ltr'>τῶν</span> <span class='ocrx_word' id='word_1_173' title='bbox 1078 2758 1274 2826; x_wconf 74' lang='grc' dir='ltr'>ἄλλων,</span> <span class='ocrx_word' id='word_1_174' title='bbox 1298 2759 1484 2829; x_wconf 76' lang='grc' dir='ltr'>ἐπειδὴ</span> <span class='ocrx_word' id='word_1_175' title='bbox 1509 2757 1683 2826; x_wconf 72' lang='grc' dir='ltr'>εἶπεν,</span> <span class='ocrx_word' id='word_1_176' title='bbox 1708 2761 1789 2814; x_wconf 76' lang='grc' dir='ltr'>ὅτι</span> <span class='ocrx_word' id='word_1_177' title='bbox 1816 2764 1963 2815; x_wconf 79' lang='grc' dir='ltr'>Καθ-</span> 
     </span>
    </p>
   </div>
   <div class='ocr_carea' id='block_1_29' title="bbox 387 2841 1964 2920">
    <p class='ocr_par' dir='ltr' id='par_1_29' title="bbox 387 2841 1964 2920">
     <span class='ocr_line' id='line_1_29' title="bbox 387 2841 1964 2920; baseline 0.006 -26"><span class='ocrx_word' id='word_1_178' title='bbox 387 2841 574 2897; x_wconf 77' lang='grc' dir='ltr'>ιεῖσθε</span> <span class='ocrx_word' id='word_1_179' title='bbox 621 2844 721 2897; x_wconf 75' lang='grc' dir='ltr'><strong>ἐπὶ</strong></span> <span class='ocrx_word' id='word_1_180' title='bbox 749 2844 976 2900; x_wconf 80' lang='grc' dir='ltr'>δώδεκα</span> <span class='ocrx_word' id='word_1_181' title='bbox 1004 2848 1280 2915; x_wconf 82' lang='grc' dir='ltr'>θρόνους,</span> <span class='ocrx_word' id='word_1_182' title='bbox 1308 2849 1382 2919; x_wconf 83' lang='grc' dir='ltr'>μὴ</span> <span class='ocrx_word' id='word_1_183' title='bbox 1410 2850 1731 2920; x_wconf 88' lang='grc' dir='ltr'>νομίσαντες</span> <span class='ocrx_word' id='word_1_184' title='bbox 1751 2850 1833 2915; x_wconf 84' lang='grc' dir='ltr'><strong>τδ,</strong></span> <span class='ocrx_word' id='word_1_185' title='bbox 1868 2854 1964 2905; x_wconf 91' lang='grc' dir='ltr'><strong>Δο-</strong></span> 
     </span>
    </p>
   </div>
   <div class='ocr_carea' id='block_1_30' title="bbox 388 2935 1960 3013">
    <p class='ocr_par' dir='ltr' id='par_1_30' title="bbox 388 2935 1960 3013">
     <span class='ocr_line' id='line_1_30' title="bbox 388 2935 1960 3013; baseline 0.004 -25"><span class='ocrx_word' id='word_1_186' title='bbox 388 2935 746 3006; x_wconf 82' lang='grc' dir='ltr'>ξασθήσεσθε,</span> <span class='ocrx_word' id='word_1_187' title='bbox 773 2938 840 2992; x_wconf 83' lang='grc' dir='ltr'><strong>δι’</strong></span> <span class='ocrx_word' id='word_1_188' title='bbox 867 2938 1091 3012; x_wconf 77' lang='grc' dir='ltr'>ἀρετὴν,</span> <span class='ocrx_word' id='word_1_189' title='bbox 1120 2940 1256 2993; x_wconf 78' lang='grc' dir='ltr'>ἀλλὰ</span> <span class='ocrx_word' id='word_1_190' title='bbox 1280 2941 1364 3006; x_wconf 77' lang='grc' dir='ltr'>τὸ,</span> <span class='ocrx_word' id='word_1_191' title='bbox 1396 2941 1637 2995; x_wconf 82' lang='grc' dir='ltr'>Καθίσαι</span> <span class='ocrx_word' id='word_1_192' title='bbox 1657 2958 1670 2971; x_wconf 79' lang='lat'>&#39;</span> <span class='ocrx_word' id='word_1_193' title='bbox 1703 2941 1800 2996; x_wconf 64' lang='lat' dir='ltr'><strong>uati.</strong></span> <span class='ocrx_word' id='word_1_194' title='bbox 1837 2942 1960 3013; x_wconf 87' lang='grc' dir='ltr'>κρί-</span> 
     </span>
    </p>
   </div>
   <div class='ocr_carea' id='block_1_31' title="bbox 388 3030 1960 3105">
    <p class='ocr_par' dir='ltr' id='par_1_31' title="bbox 388 3030 1960 3105">
     <span class='ocr_line' id='line_1_31' title="bbox 388 3030 1960 3105; baseline 0.004 -25"><span class='ocrx_word' id='word_1_195' title='bbox 388 3044 589 3092; x_wconf 87' lang='grc' dir='ltr'>νοντες,</span> <span class='ocrx_word' id='word_1_196' title='bbox 617 3030 691 3101; x_wconf 80' lang='grc' dir='ltr'><strong>μή</strong></span> <span class='ocrx_word' id='word_1_197' title='bbox 718 3030 1008 3103; x_wconf 77' lang='grc' dir='ltr'>νοήσαντες</span> <span class='ocrx_word' id='word_1_198' title='bbox 1052 3034 1132 3099; x_wconf 81' lang='grc' dir='ltr'>τὸ,</span> <span class='ocrx_word' id='word_1_199' title='bbox 1192 3033 1650 3105; x_wconf 82' lang='grc' dir='ltr'>Κατακρίνοντες,</span> <span class='ocrx_word' id='word_1_200' title='bbox 1686 3034 1825 3088; x_wconf 73' lang='grc' dir='ltr'>ἀλλὰ</span> <span class='ocrx_word' id='word_1_201' title='bbox 1878 3035 1960 3101; x_wconf 80' lang='grc' dir='ltr'>τὸ,</span> 
     </span>
    </p>
   </div>
   <div class='ocr_carea' id='block_1_32' title="bbox 389 3118 1739 3186">
    <p class='ocr_par' dir='ltr' id='par_1_32' title="bbox 389 3118 1739 3186">
     <span class='ocr_line' id='line_1_32' title="bbox 389 3118 1739 3186; baseline 0.004 -14"><span class='ocrx_word' id='word_1_202' title='bbox 389 3119 732 3186; x_wconf 76' lang='grc' dir='ltr'>Δικάζοντες.</span> <span class='ocrx_word' id='word_1_203' title='bbox 1736 3118 1739 3121; x_wconf 63' lang='grc'><em>’</em></span> 
     </span>
    </p>
   </div>
   <div class='ocr_carea' id='block_1_33' title="bbox 2056 691 2168 747">
    <p class='ocr_par' dir='ltr' id='par_1_33' title="bbox 2056 691 2168 747">
     <span class='ocr_line' id='line_1_33' title="bbox 2056 691 2168 747; baseline -0.018 0"><span class='ocrx_word' id='word_1_204' title='bbox 2056 691 2168 747; x_wconf 83' lang='lat' dir='ltr'><strong>ﬁet.</strong></span> 
     </span>
    </p>
   </div>
   <div class='ocr_carea' id='block_1_34' title="bbox 2127 784 3640 857">
    <p class='ocr_par' dir='ltr' id='par_1_34' title="bbox 2127 784 3640 857">
     <span class='ocr_line' id='line_1_34' title="bbox 2127 784 3640 857; baseline -0.002 -16"><span class='ocrx_word' id='word_1_205' title='bbox 2127 784 2355 857; x_wconf 89' lang='lat' dir='ltr'><strong>Oportet</strong></span> <span class='ocrx_word' id='word_1_206' title='bbox 2386 784 2529 840; x_wconf 88' lang='lat' dir='ltr'><strong>scire</strong></span> <span class='ocrx_word' id='word_1_207' title='bbox 2578 784 2677 840; x_wconf 85' lang='lat' dir='ltr'><strong>bas</strong></span> <span class='ocrx_word' id='word_1_208' title='bbox 2725 785 3036 855; x_wconf 76' lang='lat' dir='ltr'><strong>parabolas,</strong></span> <span class='ocrx_word' id='word_1_209' title='bbox 3075 785 3271 856; x_wconf 81' lang='lat' dir='ltr'><strong>quales</strong></span> <span class='ocrx_word' id='word_1_210' title='bbox 3304 796 3434 842; x_wconf 86' lang='lat' dir='ltr'><strong>sunt</strong></span> <span class='ocrx_word' id='word_1_211' title='bbox 3472 784 3640 855; x_wconf 87' lang='lat' dir='ltr'><strong>virgi-</strong></span> 
     </span>
    </p>
   </div>
   <div class='ocr_carea' id='block_1_35' title="bbox 2056 875 3642 947">
    <p class='ocr_par' dir='ltr' id='par_1_35' title="bbox 2056 875 3642 947">
     <span class='ocr_line' id='line_1_35' title="bbox 2056 875 3642 947; baseline -0.002 -15"><span class='ocrx_word' id='word_1_212' title='bbox 2056 892 2212 939; x_wconf 86' lang='lat' dir='ltr'><strong>num,</strong></span> <span class='ocrx_word' id='word_1_213' title='bbox 2244 891 2480 947; x_wconf 68' lang='lat' dir='ltr'><strong>sagenze,</strong></span> <span class='ocrx_word' id='word_1_214' title='bbox 2532 875 2835 946; x_wconf 85' lang='lat' dir='ltr'><strong>spinarum,</strong></span> <span class='ocrx_word' id='word_1_215' title='bbox 2873 884 2967 930; x_wconf 91' lang='lat' dir='ltr'><strong>aut</strong></span> <span class='ocrx_word' id='word_1_216' title='bbox 2999 876 3212 932; x_wconf 86' lang='lat' dir='ltr'><strong>arboris</strong></span> <span class='ocrx_word' id='word_1_217' title='bbox 3249 876 3457 933; x_wconf 87' lang='lat' dir='ltr'><strong>sterilis</strong></span> <span class='ocrx_word' id='word_1_218' title='bbox 3480 914 3497 940; x_wconf 84' lang='lat'><strong>,</strong></span> <span class='ocrx_word' id='word_1_219' title='bbox 3526 875 3642 929; x_wconf 81' lang='lat' dir='ltr'><strong>vir-</strong></span> 
     </span>
    </p>
   </div>
   <div class='ocr_carea' id='block_1_36' title="bbox 2057 966 2884 1038">
    <p class='ocr_par' dir='ltr' id='par_1_36' title="bbox 2057 966 2884 1038">
     <span class='ocr_line' id='line_1_36' title="bbox 2057 966 2884 1038; baseline 0.002 -17"><span class='ocrx_word' id='word_1_220' title='bbox 2057 976 2228 1024; x_wconf 88' lang='lat' dir='ltr'><strong>tutem</strong></span> <span class='ocrx_word' id='word_1_221' title='bbox 2261 968 2331 1023; x_wconf 91' lang='lat' dir='ltr'><strong>ab</strong></span> <span class='ocrx_word' id='word_1_222' title='bbox 2357 966 2618 1038; x_wconf 85' lang='lat' dir='ltr'><strong>operibus</strong></span> <span class='ocrx_word' id='word_1_223' title='bbox 2648 966 2884 1038; x_wconf 87' lang='lat' dir='ltr'><strong>exigere.</strong></span> 
     </span>
    </p>
   </div>
   <div class='ocr_carea' id='block_1_37' title="bbox 2133 1169 3642 1229">
    <p class='ocr_par' dir='ltr' id='par_1_37' title="bbox 2133 1169 3642 1229">
     <span class='ocr_line' id='line_1_37' title="bbox 2133 1169 3642 1229; baseline -0.001 -2"><span class='ocrx_word' id='word_1_224' title='bbox 2133 1169 2300 1227; x_wconf 75' lang='lat' dir='ltr'><strong>Vens.</strong></span> <span class='ocrx_word' id='word_1_225' title='bbox 2338 1172 2423 1227; x_wconf 85' lang='lat' dir='ltr'><strong>l7.</strong></span> <span class='ocrx_word' id='word_1_226' title='bbox 2450 1172 2561 1229; x_wconf 87' lang='lat' dir='ltr'><strong>Cur</strong></span> <span class='ocrx_word' id='word_1_227' title='bbox 2591 1187 2712 1229; x_wconf 92' lang='lat' dir='ltr'><strong>cum</strong></span> <span class='ocrx_word' id='word_1_228' title='bbox 2748 1180 2902 1227; x_wconf 90' lang='lat' dir='ltr'><strong>tanto</strong></span> <span class='ocrx_word' id='word_1_229' title='bbox 2929 1173 3191 1228; x_wconf 81' lang='lat' dir='ltr'><strong>comitatu</strong></span> <span class='ocrx_word' id='word_1_230' title='bbox 3221 1185 3367 1225; x_wconf 89' lang='lat' dir='ltr'><strong>nunc</strong></span> <span class='ocrx_word' id='word_1_231' title='bbox 3390 1170 3642 1226; x_wconf 84' lang='lat' dir='ltr'><strong>ascendit</strong></span> 
     </span>
    </p>
   </div>
   <div class='ocr_carea' id='block_1_38' title="bbox 2060 1263 3635 1337">
    <p class='ocr_par' dir='ltr' id='par_1_38' title="bbox 2060 1263 3635 1337">
     <span class='ocr_line' id='line_1_38' title="bbox 2060 1263 3635 1337; baseline -0.001 -18"><span class='ocrx_word' id='word_1_232' title='bbox 2060 1263 2533 1337; x_wconf 78' lang='lat' dir='ltr'><strong>Hierosolymam?</strong></span> <span class='ocrx_word' id='word_1_233' title='bbox 2582 1265 2718 1321; x_wconf 88' lang='lat' dir='ltr'><strong>Cum</strong></span> <span class='ocrx_word' id='word_1_234' title='bbox 2789 1275 2920 1321; x_wconf 89' lang='lat' dir='ltr'><strong>tunc</strong></span> <span class='ocrx_word' id='word_1_235' title='bbox 2980 1264 3202 1336; x_wconf 85' lang='lat' dir='ltr'><strong>quidem</strong></span> <span class='ocrx_word' id='word_1_236' title='bbox 3262 1264 3418 1319; x_wconf 91' lang='lat' dir='ltr'><strong>initia</strong></span> <span class='ocrx_word' id='word_1_237' title='bbox 3476 1269 3635 1319; x_wconf 88' lang='lat' dir='ltr'><strong>erant</strong></span> 
     </span>
    </p>
   </div>
   <div class='ocr_carea' id='block_1_39' title="bbox 2060 1355 3639 1429">
    <p class='ocr_par' dir='ltr' id='par_1_39' title="bbox 2060 1355 3639 1429">
     <span class='ocr_line' id='line_1_39' title="bbox 2060 1355 3639 1429; baseline -0.001 -16"><span class='ocrx_word' id='word_1_238' title='bbox 2060 1358 2498 1429; x_wconf 66' lang='lat' dir='ltr'><strong>praedicationis,</strong></span> <span class='ocrx_word' id='word_1_239' title='bbox 2544 1374 2689 1415; x_wconf 90' lang='lat' dir='ltr'><strong>nunc</strong></span> <span class='ocrx_word' id='word_1_240' title='bbox 2737 1368 2957 1422; x_wconf 88' lang='lat' dir='ltr'><strong>autem,</strong></span> <span class='ocrx_word' id='word_1_241' title='bbox 3018 1373 3143 1412; x_wconf 88' lang='lat' dir='ltr'><strong>cum</strong></span> <span class='ocrx_word' id='word_1_242' title='bbox 3186 1372 3301 1412; x_wconf 77' lang='lat' dir='ltr'><strong>suze</strong></span> <span class='ocrx_word' id='word_1_243' title='bbox 3353 1355 3639 1427; x_wconf 82' lang='lat' dir='ltr'><strong>potestatis</strong></span> 
     </span>
    </p>
   </div>
   <div class='ocr_carea' id='block_1_40' title="bbox 2063 1448 3638 1520">
    <p class='ocr_par' dir='ltr' id='par_1_40' title="bbox 2063 1448 3638 1520">
     <span class='ocr_line' id='line_1_40' title="bbox 2063 1448 3638 1520; baseline -0.002 -17"><span class='ocrx_word' id='word_1_244' title='bbox 2063 1449 2416 1520; x_wconf 87' lang='lat' dir='ltr'><strong>probationes</strong></span> <span class='ocrx_word' id='word_1_245' title='bbox 2456 1449 2623 1516; x_wconf 87' lang='lat' dir='ltr'><strong>dedit,</strong></span> <span class='ocrx_word' id='word_1_246' title='bbox 2683 1465 2806 1506; x_wconf 89' lang='lat' dir='ltr'><strong>eum</strong></span> <span class='ocrx_word' id='word_1_247' title='bbox 2867 1451 3075 1520; x_wconf 89' lang='lat' dir='ltr'><strong>majore</strong></span> <span class='ocrx_word' id='word_1_248' title='bbox 3124 1448 3413 1518; x_wconf 87' lang='lat' dir='ltr'><strong>splendore</strong></span> <span class='ocrx_word' id='word_1_249' title='bbox 3462 1448 3638 1502; x_wconf 84' lang='lat' dir='ltr'><strong>venit.</strong></span> 
     </span>
    </p>
   </div>
   <div class='ocr_carea' id='block_1_41' title="bbox 2063 1539 3639 1612">
    <p class='ocr_par' dir='ltr' id='par_1_41' title="bbox 2063 1539 3639 1612">
     <span class='ocr_line' id='line_1_41' title="bbox 2063 1539 3639 1612; baseline -0.001 -17"><span class='ocrx_word' id='word_1_250' title='bbox 2063 1540 2197 1595; x_wconf 74' lang='lat' dir='ltr'><strong>Nam</strong></span> <span class='ocrx_word' id='word_1_251' title='bbox 2227 1548 2283 1594; x_wconf 92' lang='lat' dir='ltr'><strong>et</strong></span> <span class='ocrx_word' id='word_1_252' title='bbox 2311 1554 2446 1595; x_wconf 88' lang='lat' dir='ltr'><strong>crux</strong></span> <span class='ocrx_word' id='word_1_253' title='bbox 2488 1540 2734 1609; x_wconf 83' lang='lat' dir='ltr'><strong>proxima</strong></span> <span class='ocrx_word' id='word_1_254' title='bbox 2765 1550 2903 1606; x_wconf 86' lang='lat' dir='ltr'><strong>erat,</strong></span> <span class='ocrx_word' id='word_1_255' title='bbox 2937 1557 3059 1612; x_wconf 76' lang='lat' dir='ltr'><strong>quae</strong></span> <span class='ocrx_word' id='word_1_256' title='bbox 3092 1541 3198 1596; x_wconf 87' lang='lat' dir='ltr'><strong>illis</strong></span> <span class='ocrx_word' id='word_1_257' title='bbox 3224 1542 3442 1595; x_wconf 86' lang='lat' dir='ltr'><strong>evenire</strong></span> <span class='ocrx_word' id='word_1_258' title='bbox 3472 1539 3639 1595; x_wconf 89' lang='lat' dir='ltr'><strong>debe-</strong></span> 
     </span>
    </p>
   </div>
   <div class='ocr_carea' id='block_1_42' title="bbox 2062 1630 2541 1687">
    <p class='ocr_par' dir='ltr' id='par_1_42' title="bbox 2062 1630 2541 1687">
     <span class='ocr_line' id='line_1_42' title="bbox 2062 1630 2541 1687; baseline -0.006 0"><span class='ocrx_word' id='word_1_259' title='bbox 2062 1631 2196 1687; x_wconf 84' lang='lat' dir='ltr'><strong>bant</strong></span> <span class='ocrx_word' id='word_1_260' title='bbox 2225 1630 2541 1685; x_wconf 86' lang='lat' dir='ltr'><strong>ostendens.</strong></span> 
     </span>
    </p>
   </div>
   <div class='ocr_carea' id='block_1_43' title="bbox 2135 1721 3641 1779">
    <p class='ocr_par' dir='ltr' id='par_1_43' title="bbox 2135 1721 3641 1779">
     <span class='ocr_line' id='line_1_43' title="bbox 2135 1721 3641 1779; baseline -0.002 -2"><span class='ocrx_word' id='word_1_261' title='bbox 2135 1721 2295 1778; x_wconf 76' lang='lat' dir='ltr'><strong>Vsus.</strong></span> <span class='ocrx_word' id='word_1_262' title='bbox 2322 1721 2413 1777; x_wconf 72' lang='lat'><strong>20.</strong></span> <span class='ocrx_word' id='word_1_263' title='bbox 2448 1722 2562 1777; x_wconf 80' lang='lat' dir='ltr'><strong>Cur</strong></span> <span class='ocrx_word' id='word_1_264' title='bbox 2592 1722 2688 1778; x_wconf 81' lang='lat' dir='ltr'><strong>lilii</strong></span> <span class='ocrx_word' id='word_1_265' title='bbox 2716 1723 2965 1779; x_wconf 71' lang='grc' dir='ltr'><strong>Ζεὺοάεεί</strong></span> <span class='ocrx_word' id='word_1_266' title='bbox 3000 1724 3066 1779; x_wconf 90' lang='lat' dir='ltr'><strong>ad</strong></span> <span class='ocrx_word' id='word_1_267' title='bbox 3091 1724 3244 1779; x_wconf 89' lang='lat' dir='ltr'><strong>illum</strong></span> <span class='ocrx_word' id='word_1_268' title='bbox 3280 1730 3641 1778; x_wconf 86' lang='lat' dir='ltr'><strong>accesserunt</strong></span> 
     </span>
    </p>
   </div>
   <div class='ocr_carea' id='block_1_44' title="bbox 2064 1814 3641 1888">
    <p class='ocr_par' dir='ltr' id='par_1_44' title="bbox 2064 1814 3641 1888">
     <span class='ocr_line' id='line_1_44' title="bbox 2064 1814 3641 1888; baseline -0.003 -16"><span class='ocrx_word' id='word_1_269' title='bbox 2064 1817 2132 1872; x_wconf 90' lang='lat' dir='ltr'><strong>de</strong></span> <span class='ocrx_word' id='word_1_270' title='bbox 2162 1818 2568 1888; x_wconf 69' lang='lat' dir='ltr'><strong>praeeminenlia</strong></span> <span class='ocrx_word' id='word_1_271' title='bbox 2597 1818 2938 1888; x_wconf 86' lang='lat' dir='ltr'><strong>alluquentes</strong></span> <span class='ocrx_word' id='word_1_272' title='bbox 2968 1816 2992 1871; x_wconf 83' lang='lat'><strong>?</strong></span> <span class='ocrx_word' id='word_1_273' title='bbox 3028 1815 3191 1883; x_wconf 83' lang='lat' dir='ltr'><strong>Quia,</strong></span> <span class='ocrx_word' id='word_1_274' title='bbox 3223 1825 3283 1870; x_wconf 88' lang='lat' dir='ltr'><strong>ut</strong></span> <span class='ocrx_word' id='word_1_275' title='bbox 3330 1814 3466 1869; x_wconf 86' lang='lat' dir='ltr'><strong>dicit</strong></span> <span class='ocrx_word' id='word_1_276' title='bbox 3496 1814 3641 1868; x_wconf 83' lang='lat' dir='ltr'><strong>alius</strong></span> 
     </span>
    </p>
   </div>
   <div class='ocr_carea' id='block_1_45' title="bbox 2066 1905 3640 1983">
    <p class='ocr_par' dir='ltr' id='par_1_45' title="bbox 2066 1905 3640 1983">
     <span class='ocr_line' id='line_1_45' title="bbox 2066 1905 3640 1983; baseline -0.005 -18"><span class='ocrx_word' id='word_1_277' title='bbox 2066 1911 2425 1981; x_wconf 79' lang='lat' dir='ltr'><strong>evangelista,</strong></span> <span class='ocrx_word' id='word_1_278' title='bbox 2466 1912 2943 1983; x_wconf 81' lang='lat' dir='ltr'><strong>apprOpinquahat</strong></span> <span class='ocrx_word' id='word_1_279' title='bbox 2968 1906 3387 1980; x_wconf 84' lang='lat' dir='ltr'><strong>Hierosolymis,</strong></span> <span class='ocrx_word' id='word_1_280' title='bbox 3424 1905 3640 1960; x_wconf 86' lang='lat' dir='ltr'><strong>videtur</strong></span> 
     </span>
    </p>
   </div>
   <div class='ocr_carea' id='block_1_46' title="bbox 2065 1995 3644 2074">
    <p class='ocr_par' dir='ltr' id='par_1_46' title="bbox 2065 1995 3644 2074">
     <span class='ocr_line' id='line_1_46' title="bbox 2065 1995 3644 2074; baseline -0.006 -17"><span class='ocrx_word' id='word_1_281' title='bbox 2065 2002 2193 2072; x_wconf 86' lang='lat' dir='ltr'><strong>quia</strong></span> <span class='ocrx_word' id='word_1_282' title='bbox 2214 2019 2439 2074; x_wconf 77' lang='lat' dir='ltr'><strong>regnum</strong></span> <span class='ocrx_word' id='word_1_283' title='bbox 2466 2003 2587 2073; x_wconf 87' lang='lat' dir='ltr'><strong>ejus</strong></span> <span class='ocrx_word' id='word_1_284' title='bbox 2643 2017 2812 2073; x_wconf 93' lang='lat' dir='ltr'><strong>prope</strong></span> <span class='ocrx_word' id='word_1_285' title='bbox 2850 2009 2932 2056; x_wconf 88' lang='lat' dir='ltr'><strong>est</strong></span> <span class='ocrx_word' id='word_1_286' title='bbox 2970 2018 2983 2054; x_wconf 74' lang='grc' dir='ltr'>ε</span> <span class='ocrx_word' id='word_1_287' title='bbox 3036 2001 3081 2056; x_wconf 89' lang='lat' dir='ltr'><strong>si</strong></span> <span class='ocrx_word' id='word_1_288' title='bbox 3140 2014 3267 2054; x_wconf 90' lang='lat' dir='ltr'><strong>vero</strong></span> <span class='ocrx_word' id='word_1_289' title='bbox 3310 1995 3644 2067; x_wconf 85' lang='lat' dir='ltr'><strong>evangelista</strong></span> 
     </span>
    </p>
   </div>
   <div class='ocr_carea' id='block_1_47' title="bbox 2062 2087 3643 2162">
    <p class='ocr_par' dir='ltr' id='par_1_47' title="bbox 2062 2087 3643 2162">
     <span class='ocr_line' id='line_1_47' title="bbox 2062 2087 3643 2162; baseline -0.007 -13"><span class='ocrx_word' id='word_1_290' title='bbox 2062 2094 2165 2149; x_wconf 88' lang='lat' dir='ltr'><strong>iste</strong></span> <span class='ocrx_word' id='word_1_291' title='bbox 2186 2095 2253 2149; x_wconf 90' lang='lat' dir='ltr'><strong>de</strong></span> <span class='ocrx_word' id='word_1_292' title='bbox 2291 2104 2462 2150; x_wconf 86' lang='lat' dir='ltr'><strong>matre</strong></span> <span class='ocrx_word' id='word_1_293' title='bbox 2495 2110 2686 2150; x_wconf 90' lang='lat' dir='ltr'><strong>eorum</strong></span> <span class='ocrx_word' id='word_1_294' title='bbox 2712 2092 2846 2149; x_wconf 81' lang='lat' dir='ltr'><strong>dicit</strong></span> <span class='ocrx_word' id='word_1_295' title='bbox 2884 2091 3031 2162; x_wconf 90' lang='lat' dir='ltr'><strong>quod</strong></span> <span class='ocrx_word' id='word_1_296' title='bbox 3069 2092 3184 2162; x_wconf 70' lang='lat' dir='ltr'><strong>ipsa</strong></span> <span class='ocrx_word' id='word_1_297' title='bbox 3213 2088 3451 2161; x_wconf 83' lang='lat' dir='ltr'><strong>petierit,</strong></span> <span class='ocrx_word' id='word_1_298' title='bbox 3483 2087 3643 2157; x_wconf 80' lang='lat' dir='ltr'><strong>quasi</strong></span> 
     </span>
    </p>
   </div>
   <div class='ocr_carea' id='block_1_48' title="bbox 2061 2177 3646 2259">
    <p class='ocr_par' dir='ltr' id='par_1_48' title="bbox 2061 2177 3646 2259">
     <span class='ocr_line' id='line_1_48' title="bbox 2061 2177 3646 2259; baseline -0.004 -19"><span class='ocrx_word' id='word_1_299' title='bbox 2061 2200 2127 2240; x_wconf 88' lang='lat' dir='ltr'><strong>ex</strong></span> <span class='ocrx_word' id='word_1_300' title='bbox 2159 2187 2416 2259; x_wconf 90' lang='lat' dir='ltr'><strong>utrinque</strong></span> <span class='ocrx_word' id='word_1_301' title='bbox 2462 2186 2658 2242; x_wconf 82' lang='lat' dir='ltr'><strong>factam</strong></span> <span class='ocrx_word' id='word_1_302' title='bbox 2682 2202 2805 2243; x_wconf 90' lang='lat' dir='ltr'><strong>esse</strong></span> <span class='ocrx_word' id='word_1_303' title='bbox 2822 2186 3138 2257; x_wconf 90' lang='lat' dir='ltr'><strong>petitionem</strong></span> <span class='ocrx_word' id='word_1_304' title='bbox 3168 2181 3366 2246; x_wconf 88' lang='lat' dir='ltr'><strong>innuit,</strong></span> <span class='ocrx_word' id='word_1_305' title='bbox 3389 2190 3446 2235; x_wconf 93' lang='lat' dir='ltr'><strong>ut</strong></span> <span class='ocrx_word' id='word_1_306' title='bbox 3472 2177 3646 2248; x_wconf 83' lang='lat' dir='ltr'><strong>magis</strong></span> 
     </span>
    </p>
   </div>
   <div class='ocr_carea' id='block_1_49' title="bbox 2064 2272 3641 2348">
    <p class='ocr_par' dir='ltr' id='par_1_49' title="bbox 2064 2272 3641 2348">
     <span class='ocr_line' id='line_1_49' title="bbox 2064 2272 3641 2348; baseline -0.003 -17"><span class='ocrx_word' id='word_1_307' title='bbox 2064 2277 2239 2348; x_wconf 85' lang='lat' dir='ltr'><strong>turpis</strong></span> <span class='ocrx_word' id='word_1_308' title='bbox 2296 2276 2590 2345; x_wconf 84' lang='lat' dir='ltr'><strong>videatur;</strong></span> <span class='ocrx_word' id='word_1_309' title='bbox 2655 2277 2891 2347; x_wconf 85' lang='lat' dir='ltr'><strong>pudebat</strong></span> <span class='ocrx_word' id='word_1_310' title='bbox 2946 2276 3093 2331; x_wconf 88' lang='lat' dir='ltr'><strong>enim</strong></span> <span class='ocrx_word' id='word_1_311' title='bbox 3159 2274 3283 2330; x_wconf 91' lang='lat' dir='ltr'><strong>illos</strong></span> <span class='ocrx_word' id='word_1_312' title='bbox 3309 2273 3457 2328; x_wconf 90' lang='lat' dir='ltr'><strong>solos</strong></span> <span class='ocrx_word' id='word_1_313' title='bbox 3512 2272 3641 2326; x_wconf 86' lang='lat' dir='ltr'><strong>talia</strong></span> 
     </span>
    </p>
   </div>
   <div class='ocr_carea' id='block_1_50' title="bbox 2061 2371 2269 2428">
    <p class='ocr_par' dir='ltr' id='par_1_50' title="bbox 2061 2371 2269 2428">
     <span class='ocr_line' id='line_1_50' title="bbox 2061 2371 2269 2428; baseline -0.005 0"><span class='ocrx_word' id='word_1_314' title='bbox 2061 2371 2269 2428; x_wconf 89' lang='lat' dir='ltr'><strong>dicere.</strong></span> 
     </span>
    </p>
   </div>
   <div class='ocr_carea' id='block_1_51' title="bbox 2138 2478 3647 2551">
    <p class='ocr_par' dir='ltr' id='par_1_51' title="bbox 2138 2478 3647 2551">
     <span class='ocr_line' id='line_1_51' title="bbox 2138 2478 3647 2551; baseline -0.004 -13"><span class='ocrx_word' id='word_1_315' title='bbox 2138 2482 2301 2539; x_wconf 70' lang='lat' dir='ltr'><strong>Vens.</strong></span> <span class='ocrx_word' id='word_1_316' title='bbox 2327 2483 2419 2537; x_wconf 70' lang='lat'><strong>22.</strong></span> <span class='ocrx_word' id='word_1_317' title='bbox 2450 2482 2576 2539; x_wconf 72' lang='lat' dir='ltr'><strong>Haec</strong></span> <span class='ocrx_word' id='word_1_318' title='bbox 2606 2482 2793 2548; x_wconf 87' lang='lat' dir='ltr'><strong>verba,</strong></span> <span class='ocrx_word' id='word_1_319' title='bbox 2855 2481 3084 2537; x_wconf 75' lang='lat' dir='ltr'><strong>Nescitis</strong></span> <span class='ocrx_word' id='word_1_320' title='bbox 3115 2480 3239 2551; x_wconf 82' lang='lat' dir='ltr'><strong>quid</strong></span> <span class='ocrx_word' id='word_1_321' title='bbox 3271 2478 3489 2549; x_wconf 81' lang='lat' dir='ltr'><strong>petatis,</strong></span> <span class='ocrx_word' id='word_1_322' title='bbox 3524 2491 3647 2545; x_wconf 87' lang='lat' dir='ltr'><strong>pro.</strong></span> 
     </span>
    </p>
   </div>
   <div class='ocr_carea' id='block_1_52' title="bbox 2064 2569 3644 2646">
    <p class='ocr_par' dir='ltr' id='par_1_52' title="bbox 2064 2569 3644 2646">
     <span class='ocr_line' id='line_1_52' title="bbox 2064 2569 3644 2646; baseline -0.003 -17"><span class='ocrx_word' id='word_1_323' title='bbox 2064 2574 2203 2630; x_wconf 88' lang='lat' dir='ltr'><strong>nihil</strong></span> <span class='ocrx_word' id='word_1_324' title='bbox 2235 2575 2523 2646; x_wconf 83' lang='lat' dir='ltr'><strong>spirituale</strong></span> <span class='ocrx_word' id='word_1_325' title='bbox 2544 2574 2749 2645; x_wconf 88' lang='lat' dir='ltr'><strong>petitis,</strong></span> <span class='ocrx_word' id='word_1_326' title='bbox 2798 2575 3045 2630; x_wconf 82' lang='lat' dir='ltr'><strong>adhibet.</strong></span> <span class='ocrx_word' id='word_1_327' title='bbox 3085 2573 3143 2627; x_wconf 88' lang='lat' dir='ltr'><strong>Si</strong></span> <span class='ocrx_word' id='word_1_328' title='bbox 3196 2587 3326 2627; x_wconf 87' lang='lat' dir='ltr'><strong>vero</strong></span> <span class='ocrx_word' id='word_1_329' title='bbox 3350 2571 3416 2627; x_wconf 91' lang='lat' dir='ltr'><strong>de</strong></span> <span class='ocrx_word' id='word_1_330' title='bbox 3467 2569 3644 2641; x_wconf 80' lang='lat' dir='ltr'><strong>gloria</strong></span> 
     </span>
    </p>
   </div>
   <div class='ocr_carea' id='block_1_53' title="bbox 2065 2663 3647 2738">
    <p class='ocr_par' dir='ltr' id='par_1_53' title="bbox 2065 2663 3647 2738">
     <span class='ocr_line' id='line_1_53' title="bbox 2065 2663 3647 2738; baseline -0.004 -16"><span class='ocrx_word' id='word_1_331' title='bbox 2065 2668 2279 2723; x_wconf 71' lang='lat' dir='ltr'><strong>cmlesti</strong></span> <span class='ocrx_word' id='word_1_332' title='bbox 2327 2666 2671 2737; x_wconf 88' lang='lat' dir='ltr'><strong>petivissent,</strong></span> <span class='ocrx_word' id='word_1_333' title='bbox 2736 2683 2843 2723; x_wconf 89' lang='lat' dir='ltr'><strong>non</strong></span> <span class='ocrx_word' id='word_1_334' title='bbox 2897 2666 3125 2738; x_wconf 84' lang='lat' dir='ltr'><strong>pulchre</strong></span> <span class='ocrx_word' id='word_1_335' title='bbox 3169 2666 3241 2721; x_wconf 92' lang='lat' dir='ltr'><strong>ita</strong></span> <span class='ocrx_word' id='word_1_336' title='bbox 3304 2663 3647 2735; x_wconf 81' lang='lat' dir='ltr'><strong>petivissent;</strong></span> 
     </span>
    </p>
   </div>
   <div class='ocr_carea' id='block_1_54' title="bbox 2065 2752 3653 2829">
    <p class='ocr_par' dir='ltr' id='par_1_54' title="bbox 2065 2752 3653 2829">
     <span class='ocr_line' id='line_1_54' title="bbox 2065 2752 3653 2829; baseline -0.003 -18"><span class='ocrx_word' id='word_1_337' title='bbox 2065 2755 2531 2829; x_wconf 57' lang='lat' dir='ltr'><strong>praeminentium</strong></span> <span class='ocrx_word' id='word_1_338' title='bbox 2573 2768 2754 2811; x_wconf 83' lang='lat' dir='ltr'><strong>autem</strong></span> <span class='ocrx_word' id='word_1_339' title='bbox 2819 2756 3145 2826; x_wconf 78' lang='lat' dir='ltr'><strong>expetebant</strong></span> <span class='ocrx_word' id='word_1_340' title='bbox 3184 2769 3292 2824; x_wconf 70' lang='lat' dir='ltr'><strong>pra:</strong></span> <span class='ocrx_word' id='word_1_341' title='bbox 3329 2752 3473 2819; x_wconf 88' lang='lat' dir='ltr'><strong>aliis,</strong></span> <span class='ocrx_word' id='word_1_342' title='bbox 3514 2766 3653 2822; x_wconf 87' lang='lat' dir='ltr'><strong>quo-</strong></span> 
     </span>
    </p>
   </div>
   <div class='ocr_carea' id='block_1_55' title="bbox 2066 2843 3652 2915">
    <p class='ocr_par' dir='ltr' id='par_1_55' title="bbox 2066 2843 3652 2915">
     <span class='ocr_line' id='line_1_55' title="bbox 2066 2843 3652 2915; baseline -0.003 -14"><span class='ocrx_word' id='word_1_343' title='bbox 2066 2848 2213 2901; x_wconf 85' lang='lat' dir='ltr'><strong>niam</strong></span> <span class='ocrx_word' id='word_1_344' title='bbox 2237 2846 2412 2901; x_wconf 89' lang='lat' dir='ltr'><strong>dixit:</strong></span> <span class='ocrx_word' id='word_1_345' title='bbox 2436 2845 2695 2902; x_wconf 84' lang='lat' dir='ltr'><strong>Sedebitis</strong></span> <span class='ocrx_word' id='word_1_346' title='bbox 2728 2862 2884 2915; x_wconf 84' lang='lat' dir='ltr'><strong>super</strong></span> <span class='ocrx_word' id='word_1_347' title='bbox 2912 2846 3056 2900; x_wconf 88' lang='lat' dir='ltr'><strong>sedes</strong></span> <span class='ocrx_word' id='word_1_348' title='bbox 3091 2844 3389 2910; x_wconf 81' lang='lat' dir='ltr'><strong>duodecim,</strong></span> <span class='ocrx_word' id='word_1_349' title='bbox 3418 2859 3528 2898; x_wconf 88' lang='lat' dir='ltr'><strong>nou</strong></span> <span class='ocrx_word' id='word_1_350' title='bbox 3565 2843 3652 2897; x_wconf 86' lang='lat' dir='ltr'><strong>in-</strong></span> 
     </span>
    </p>
   </div>
   <div class='ocr_carea' id='block_1_56' title="bbox 2068 2933 3648 3010">
    <p class='ocr_par' dir='ltr' id='par_1_56' title="bbox 2068 2933 3648 3010">
     <span class='ocr_line' id='line_1_56' title="bbox 2068 2933 3648 3010; baseline -0.005 -15"><span class='ocrx_word' id='word_1_351' title='bbox 2068 2939 2370 3010; x_wconf 90' lang='lat' dir='ltr'><strong>lelligeutes</strong></span> <span class='ocrx_word' id='word_1_352' title='bbox 2411 2938 2567 3005; x_wconf 88' lang='lat' dir='ltr'><strong>illud,</strong></span> <span class='ocrx_word' id='word_1_353' title='bbox 2619 2937 3079 3009; x_wconf 80' lang='lat' dir='ltr'><strong>gloriﬁcahimini,</strong></span> <span class='ocrx_word' id='word_1_354' title='bbox 3110 2937 3181 2990; x_wconf 93' lang='lat' dir='ltr'><strong>oh</strong></span> <span class='ocrx_word' id='word_1_355' title='bbox 3205 2936 3490 3000; x_wconf 87' lang='lat' dir='ltr'><strong>virtutem,</strong></span> <span class='ocrx_word' id='word_1_356' title='bbox 3552 2933 3648 2990; x_wconf 81' lang='lat' dir='ltr'><strong>sed</strong></span> 
     </span>
    </p>
   </div>
   <div class='ocr_carea' id='block_1_57' title="bbox 2067 3025 3653 3100">
    <p class='ocr_par' dir='ltr' id='par_1_57' title="bbox 2067 3025 3653 3100">
     <span class='ocr_line' id='line_1_57' title="bbox 2067 3025 3653 3100; baseline -0.004 -13"><span class='ocrx_word' id='word_1_357' title='bbox 2067 3032 2138 3087; x_wconf 88' lang='lat' dir='ltr'><strong>ob</strong></span> <span class='ocrx_word' id='word_1_358' title='bbox 2169 3031 2332 3087; x_wconf 87' lang='lat' dir='ltr'><strong>altam</strong></span> <span class='ocrx_word' id='word_1_359' title='bbox 2364 3031 2546 3087; x_wconf 87' lang='lat' dir='ltr'><strong>sedem</strong></span> <span class='ocrx_word' id='word_1_360' title='bbox 2576 3048 2591 3098; x_wconf 90' lang='lat'><strong>;</strong></span> <span class='ocrx_word' id='word_1_361' title='bbox 2622 3039 2697 3099; x_wconf 90' lang='lat' dir='ltr'><strong>et,</strong></span> <span class='ocrx_word' id='word_1_362' title='bbox 2718 3030 2874 3094; x_wconf 85' lang='lat' dir='ltr'><strong>illud,</strong></span> <span class='ocrx_word' id='word_1_363' title='bbox 2910 3029 3240 3100; x_wconf 89' lang='lat' dir='ltr'><strong>judicantes,</strong></span> <span class='ocrx_word' id='word_1_364' title='bbox 3297 3044 3405 3083; x_wconf 89' lang='lat' dir='ltr'><strong>non</strong></span> <span class='ocrx_word' id='word_1_365' title='bbox 3448 3025 3653 3082; x_wconf 81' lang='lat' dir='ltr'><strong>intelli-</strong></span> 
     </span>
    </p>
   </div>
   <div class='ocr_carea' id='block_1_58' title="bbox 2068 3120 3651 3196">
    <p class='ocr_par' dir='ltr' id='par_1_58' title="bbox 2068 3120 3651 3196">
     <span class='ocr_line' id='line_1_58' title="bbox 2068 3120 3651 3196; baseline -0.004 -16"><span class='ocrx_word' id='word_1_366' title='bbox 2068 3134 2259 3196; x_wconf 86' lang='lat' dir='ltr'><strong>gentes</strong></span> <span class='ocrx_word' id='word_1_367' title='bbox 2296 3132 2355 3179; x_wconf 92' lang='lat' dir='ltr'><strong>ut</strong></span> <span class='ocrx_word' id='word_1_368' title='bbox 2384 3124 2833 3188; x_wconf 88' lang='lat' dir='ltr'><strong>condemnantes,</strong></span> <span class='ocrx_word' id='word_1_369' title='bbox 2862 3122 2956 3179; x_wconf 91' lang='lat' dir='ltr'><strong>sed</strong></span> <span class='ocrx_word' id='word_1_370' title='bbox 2989 3130 3049 3177; x_wconf 92' lang='lat' dir='ltr'><strong>ut</strong></span> <span class='ocrx_word' id='word_1_371' title='bbox 3076 3120 3347 3192; x_wconf 89' lang='lat' dir='ltr'><strong>judicium</strong></span> <span class='ocrx_word' id='word_1_372' title='bbox 3383 3133 3651 3177; x_wconf 88' lang='lat' dir='ltr'><strong>exercen-</strong></span> 
     </span>
    </p>
   </div>
   <div class='ocr_carea' id='block_1_59' title="bbox 2072 3222 2177 3270">
    <p class='ocr_par' dir='ltr' id='par_1_59' title="bbox 2072 3222 2177 3270">
     <span class='ocr_line' id='line_1_59' title="bbox 2072 3222 2177 3270; baseline 0.029 -3"><span class='ocrx_word' id='word_1_373' title='bbox 2072 3222 2177 3270; x_wconf 90' lang='lat' dir='ltr'><strong>tes.</strong></span> 
     </span>
    </p>
   </div>
   <div class='ocr_carea' id='block_1_60' title="bbox 464 3284 1969 3400">
    <p class='ocr_par' dir='ltr' id='par_1_60' title="bbox 464 3324 1962 3400">
     <span class='ocr_line' id='line_1_60' title="bbox 464 3324 1962 3400; baseline 0.005 -23"><span class='ocrx_word' id='word_1_374' title='bbox 464 3324 557 3392; x_wconf 81' lang='grc' dir='ltr'>Τὸ,</span> <span class='ocrx_word' id='word_1_375' title='bbox 596 3325 865 3380; x_wconf 83' lang='grc' dir='ltr'>Δύνασθε</span> <span class='ocrx_word' id='word_1_376' title='bbox 914 3326 982 3380; x_wconf 86' lang='grc' dir='ltr'>τὸ</span> <span class='ocrx_word' id='word_1_377' title='bbox 1043 3327 1351 3396; x_wconf 78' lang='grc' dir='ltr'>ποτήριον,</span> <span class='ocrx_word' id='word_1_378' title='bbox 1386 3329 1555 3400; x_wconf 79' lang='grc' dir='ltr'><strong>ὂέγὼ</strong></span> <span class='ocrx_word' id='word_1_379' title='bbox 1598 3329 1751 3384; x_wconf 80' lang='grc' dir='ltr'>πίνω</span> <span class='ocrx_word' id='word_1_380' title='bbox 1781 3330 1962 3397; x_wconf 81' lang='grc' dir='ltr'>πιεῖν,</span> 
     </span>
    </p>
   </div>
   <div class='ocr_carea' id='block_1_61' title="bbox 2072 3284 3655 3400">
    <p class='ocr_par' dir='ltr' id='par_1_61' title="bbox 2148 3284 3655 3395">
     <span class='ocr_line' id='line_1_61' title="bbox 2148 3284 3655 3395; baseline -0.002 -18"><span class='ocrx_word' id='word_1_381' title='bbox 2148 3322 2379 3379; x_wconf 76' lang='lat' dir='ltr'><strong>Potestis</strong></span> <span class='ocrx_word' id='word_1_382' title='bbox 2402 3325 2572 3380; x_wconf 82' lang='lat' dir='ltr'><strong>bibere</strong></span> <span class='ocrx_word' id='word_1_383' title='bbox 2602 3284 2819 3379; x_wconf 80' lang='lat' dir='ltr'><strong>culicem</strong></span> <span class='ocrx_word' id='word_1_384' title='bbox 2868 3339 3022 3395; x_wconf 84' lang='lat' dir='ltr'><strong>quem</strong></span> <span class='ocrx_word' id='word_1_385' title='bbox 3069 3339 3159 3394; x_wconf 83' lang='lat' dir='ltr'><strong>ego</strong></span> <span class='ocrx_word' id='word_1_386' title='bbox 3191 3322 3454 3376; x_wconf 84' lang='lat' dir='ltr'><strong>bibiturus</strong></span> <span class='ocrx_word' id='word_1_387' title='bbox 3497 3320 3655 3375; x_wconf 82' lang='lat' dir='ltr'><strong>sum!</strong></span> 
     </span>
    </p>
   </div>
   <div class='ocr_carea' id='block_1_62' title="bbox 390 3414 1970 3493">
    <p class='ocr_par' dir='ltr' id='par_1_62' title="bbox 390 3414 1970 3493">
     <span class='ocr_line' id='line_1_62' title="bbox 390 3414 1970 3493; baseline 0.005 -26"><span class='ocrx_word' id='word_1_388' title='bbox 390 3414 489 3478; x_wconf 86' lang='grc' dir='ltr'><strong>τὰς</strong></span> <span class='ocrx_word' id='word_1_389' title='bbox 532 3414 746 3485; x_wconf 78' lang='grc' dir='ltr'>σφαγὰς</span> <span class='ocrx_word' id='word_1_390' title='bbox 778 3415 989 3480; x_wconf 75' lang='grc' dir='ltr'>καὶτὰς</span> <span class='ocrx_word' id='word_1_391' title='bbox 1027 3416 1295 3486; x_wconf 69' lang='grc' dir='ltr'>βασάνους</span> <span class='ocrx_word' id='word_1_392' title='bbox 1349 3418 1616 3488; x_wconf 81' lang='grc' dir='ltr'>λέγεικαὶ</span> <span class='ocrx_word' id='word_1_393' title='bbox 1664 3421 1725 3474; x_wconf 84' lang='grc' dir='ltr'><strong>τὺ</strong></span> <span class='ocrx_word' id='word_1_394' title='bbox 1759 3420 1970 3493; x_wconf 77' lang='grc' dir='ltr'>μαρτύο</span> 
     </span>
    </p>
   </div>
   <div class='ocr_carea' id='block_1_63' title="bbox 392 3503 1968 3585">
    <p class='ocr_par' dir='ltr' id='par_1_63' title="bbox 392 3503 1968 3585">
     <span class='ocr_line' id='line_1_63' title="bbox 392 3503 1968 3585; baseline 0.007 -29"><span class='ocrx_word' id='word_1_395' title='bbox 392 3522 541 3576; x_wconf 79' lang='grc' dir='ltr'>ριον’</span> <span class='ocrx_word' id='word_1_396' title='bbox 582 3508 847 3578; x_wconf 72' lang='grc' dir='ltr'>ποτήριον</span> <span class='ocrx_word' id='word_1_397' title='bbox 879 3508 937 3561; x_wconf 84' lang='grc' dir='ltr'>δὲ</span> <span class='ocrx_word' id='word_1_398' title='bbox 968 3503 1123 3562; x_wconf 72' lang='grc' dir='ltr'>εἶπεν</span> <span class='ocrx_word' id='word_1_399' title='bbox 1157 3510 1312 3574; x_wconf 83' lang='grc' dir='ltr'>αὐτὸ,</span> <span class='ocrx_word' id='word_1_400' title='bbox 1375 3512 1464 3565; x_wconf 78' lang='grc' dir='ltr'><strong>ἵνα</strong></span> <span class='ocrx_word' id='word_1_401' title='bbox 1517 3512 1968 3585; x_wconf 74' lang='grc' dir='ltr'>προθυμοτέρους</span> 
     </span>
    </p>
   </div>
   <div class='ocr_carea' id='block_1_64' title="bbox 391 3596 1971 3674">
    <p class='ocr_par' dir='ltr' id='par_1_64' title="bbox 391 3596 1971 3674">
     <span class='ocr_line' id='line_1_64' title="bbox 391 3596 1971 3674; baseline 0.007 -26"><span class='ocrx_word' id='word_1_402' title='bbox 391 3598 593 3669; x_wconf 76' lang='grc' dir='ltr'>ποιήσῃ</span> <span class='ocrx_word' id='word_1_403' title='bbox 623 3596 700 3667; x_wconf 83' lang='grc' dir='ltr'>τῷ</span> <span class='ocrx_word' id='word_1_404' title='bbox 716 3596 921 3667; x_wconf 79' lang='grc' dir='ltr'><strong>εὐκόλῳ</strong></span> <span class='ocrx_word' id='word_1_405' title='bbox 938 3597 1029 3651; x_wconf 82' lang='grc' dir='ltr'>τοῦ</span> <span class='ocrx_word' id='word_1_406' title='bbox 1061 3598 1241 3667; x_wconf 85' lang='grc' dir='ltr'>λόγου,</span> <span class='ocrx_word' id='word_1_407' title='bbox 1260 3601 1351 3653; x_wconf 76' lang='grc' dir='ltr'>καὶ</span> <span class='ocrx_word' id='word_1_408' title='bbox 1375 3602 1510 3672; x_wconf 86' lang='grc' dir='ltr'>πρὸς</span> <span class='ocrx_word' id='word_1_409' title='bbox 1533 3602 1722 3659; x_wconf 80' lang='grc' dir='ltr'>ἑαυτὸν</span> <span class='ocrx_word' id='word_1_410' title='bbox 1742 3604 1971 3674; x_wconf 79' lang='grc' dir='ltr'>ὲφελκύ·</span> 
     </span>
    </p>
   </div>
   <div class='ocr_carea' id='block_1_65' title="bbox 392 3687 1970 3770">
    <p class='ocr_par' dir='ltr' id='par_1_65' title="bbox 392 3687 1970 3770">
     <span class='ocr_line' id='line_1_65' title="bbox 392 3687 1970 3770; baseline 0.01 -32"><span class='ocrx_word' id='word_1_411' title='bbox 392 3700 553 3756; x_wconf 86' lang='grc' dir='ltr'>σηται</span> <span class='ocrx_word' id='word_1_412' title='bbox 584 3703 599 3719; x_wconf 71' lang='grc' dir='ltr'><strong>ο</strong></span> <span class='ocrx_word' id='word_1_413' title='bbox 628 3688 722 3741; x_wconf 86' lang='grc' dir='ltr'>καὶ</span> <span class='ocrx_word' id='word_1_414' title='bbox 750 3687 1033 3760; x_wconf 76' lang='grc' dir='ltr'>βάπτισμα</span> <span class='ocrx_word' id='word_1_415' title='bbox 1066 3690 1122 3744; x_wconf 87' lang='grc' dir='ltr'>δὲ</span> <span class='ocrx_word' id='word_1_416' title='bbox 1146 3693 1278 3746; x_wconf 68' lang='grc' dir='ltr'>αὐτὸ</span> <span class='ocrx_word' id='word_1_417' title='bbox 1328 3694 1504 3763; x_wconf 84' lang='grc' dir='ltr'>καλεῖ,</span> <span class='ocrx_word' id='word_1_418' title='bbox 1544 3696 1620 3760; x_wconf 84' lang='grc' dir='ltr'><strong>ὡς</strong></span> <span class='ocrx_word' id='word_1_419' title='bbox 1670 3698 1970 3770; x_wconf 80' lang='grc' dir='ltr'>καθάρσιον</span> 
     </span>
    </p>
   </div>
   <div class='ocr_carea' id='block_1_66' title="bbox 391 3780 875 3852">
    <p class='ocr_par' dir='ltr' id='par_1_66' title="bbox 391 3780 875 3852">
     <span class='ocr_line' id='line_1_66' title="bbox 391 3780 875 3852; baseline 0.01 -21"><span class='ocrx_word' id='word_1_420' title='bbox 391 3780 489 3847; x_wconf 78' lang='grc' dir='ltr'>τῆς</span> <span class='ocrx_word' id='word_1_421' title='bbox 528 3780 875 3852; x_wconf 76' lang='grc' dir='ltr'>οἰκουμένης.</span> 
     </span>
    </p>
   </div>
   <div class='ocr_carea' id='block_1_67' title="bbox 444 3874 1971 3959">
    <p class='ocr_par' dir='ltr' id='par_1_67' title="bbox 444 3874 1971 3959">
     <span class='ocr_line' id='line_1_67' title="bbox 444 3874 1971 3959; baseline 0.011 -34"><span class='ocrx_word' id='word_1_422' title='bbox 444 3874 555 3926; x_wconf 79' lang='grc' dir='ltr'><strong>Καὶ</strong></span> <span class='ocrx_word' id='word_1_423' title='bbox 586 3875 699 3938; x_wconf 86' lang='grc' dir='ltr'>πῶς</span> <span class='ocrx_word' id='word_1_424' title='bbox 727 3875 894 3945; x_wconf 88' lang='grc' dir='ltr'>λέγει,</span> <span class='ocrx_word' id='word_1_425' title='bbox 919 3880 1041 3933; x_wconf 79' lang='grc' dir='ltr'><strong>Οὐκ</strong></span> <span class='ocrx_word' id='word_1_426' title='bbox 1065 3882 1239 3934; x_wconf 76' lang='grc' dir='ltr'>ἔστιν</span> <span class='ocrx_word' id='word_1_427' title='bbox 1261 3880 1409 3952; x_wconf 77' lang='grc' dir='ltr'>ἐμὸν</span> <span class='ocrx_word' id='word_1_428' title='bbox 1423 3882 1673 3949; x_wconf 83' lang='grc' dir='ltr'>δοῦναι;</span> <span class='ocrx_word' id='word_1_429' title='bbox 1708 3886 1971 3959; x_wconf 76' lang='grc' dir='ltr'>Ἐπεί-τερ</span> 
     </span>
    </p>
   </div>
   <div class='ocr_carea' id='block_1_68' title="bbox 391 3962 1971 4047">
    <p class='ocr_par' dir='ltr' id='par_1_68' title="bbox 391 3962 1971 4047">
     <span class='ocr_line' id='line_1_68' title="bbox 391 3962 1971 4047; baseline 0.01 -32"><span class='ocrx_word' id='word_1_430' title='bbox 391 3962 493 4016; x_wconf 79' lang='grc' dir='ltr'>οὐκ</span> <span class='ocrx_word' id='word_1_431' title='bbox 520 3962 665 4017; x_wconf 74' lang='grc' dir='ltr'>ἐστιν</span> <span class='ocrx_word' id='word_1_432' title='bbox 688 3964 810 4019; x_wconf 75' lang='grc' dir='ltr'>οὔτε</span> <span class='ocrx_word' id='word_1_433' title='bbox 836 3968 1045 4021; x_wconf 80' lang='grc' dir='ltr'>ἐκεῖθεν</span> <span class='ocrx_word' id='word_1_434' title='bbox 1072 3969 1294 4041; x_wconf 79' lang='grc' dir='ltr'>τοιαύτη</span> <span class='ocrx_word' id='word_1_435' title='bbox 1330 3971 1568 4045; x_wconf 83' lang='grc' dir='ltr'>καθέδρα</span> <span class='ocrx_word' id='word_1_436' title='bbox 1593 3990 1607 4003; x_wconf 72' lang='grc'><strong><em>⁸</em></strong></span> <span class='ocrx_word' id='word_1_437' title='bbox 1638 3975 1671 4047; x_wconf 77' lang='grc' dir='ltr'><strong>ἢ</strong></span> <span class='ocrx_word' id='word_1_438' title='bbox 1700 3975 1862 4046; x_wconf 81' lang='grc' dir='ltr'>δῆλον</span> <span class='ocrx_word' id='word_1_439' title='bbox 1887 3978 1971 4031; x_wconf 82' lang='grc' dir='ltr'>ὅτι</span> 
     </span>
    </p>
   </div>
   <div class='ocr_carea' id='block_1_69' title="bbox 396 4056 1972 4137">
    <p class='ocr_par' dir='ltr' id='par_1_69' title="bbox 396 4056 1972 4137">
     <span class='ocr_line' id='line_1_69' title="bbox 396 4056 1972 4137; baseline 0.011 -29"><span class='ocrx_word' id='word_1_440' title='bbox 396 4057 532 4128; x_wconf 85' lang='grc' dir='ltr'>πρὸς</span> <span class='ocrx_word' id='word_1_441' title='bbox 561 4056 657 4129; x_wconf 78' lang='grc' dir='ltr'><strong>τὴν</strong></span> <span class='ocrx_word' id='word_1_442' title='bbox 678 4060 934 4115; x_wconf 71' lang='grc' dir='ltr'>ὑπόνοιαν</span> <span class='ocrx_word' id='word_1_443' title='bbox 959 4061 1107 4130; x_wconf 85' lang='grc' dir='ltr'>λέγει</span> <span class='ocrx_word' id='word_1_444' title='bbox 1138 4065 1605 4130; x_wconf 78' lang='grc' dir='ltr'>συγκαταϐαίνων.</span> <span class='ocrx_word' id='word_1_445' title='bbox 1630 4069 1705 4121; x_wconf 80' lang='grc' dir='ltr'>Τὸ</span> <span class='ocrx_word' id='word_1_446' title='bbox 1745 4069 1827 4136; x_wconf 79' lang='grc' dir='ltr'>δὲ,</span> <span class='ocrx_word' id='word_1_447' title='bbox 1870 4065 1972 4137; x_wconf 86' lang='grc' dir='ltr'><strong>Οἷς</strong></span> 
     </span>
    </p>
   </div>
   <div class='ocr_carea' id='block_1_70' title="bbox 397 4148 1973 4229">
    <p class='ocr_par' dir='ltr' id='par_1_70' title="bbox 397 4148 1973 4229">
     <span class='ocr_line' id='line_1_70' title="bbox 397 4148 1973 4229; baseline 0.009 -27"><span class='ocrx_word' id='word_1_448' title='bbox 397 4148 772 4219; x_wconf 78' lang='grc' dir='ltr'>ἡτοίμασται,</span> <span class='ocrx_word' id='word_1_449' title='bbox 805 4154 869 4206; x_wconf 80' lang='grc' dir='ltr'>ἐκ</span> <span class='ocrx_word' id='word_1_450' title='bbox 900 4153 1009 4206; x_wconf 86' lang='grc' dir='ltr'>τῶν</span> <span class='ocrx_word' id='word_1_451' title='bbox 1035 4153 1215 4207; x_wconf 85' lang='grc' dir='ltr'>πόνων</span> <span class='ocrx_word' id='word_1_452' title='bbox 1241 4156 1334 4207; x_wconf 72' lang='grc' dir='ltr'><strong>καὶ</strong></span> <span class='ocrx_word' id='word_1_453' title='bbox 1366 4157 1474 4210; x_wconf 83' lang='grc' dir='ltr'>τῶν</span> <span class='ocrx_word' id='word_1_454' title='bbox 1501 4158 1742 4229; x_wconf 74' lang='grc' dir='ltr'>ἱδρώτων</span> <span class='ocrx_word' id='word_1_455' title='bbox 1764 4179 1778 4192; x_wconf 89' lang='grc'><strong>·</strong></span> <span class='ocrx_word' id='word_1_456' title='bbox 1814 4162 1973 4217; x_wconf 79' lang='grc' dir='ltr'>τοῦτο</span> 
     </span>
    </p>
   </div>
   <div class='ocr_carea' id='block_1_71' title="bbox 396 4242 1973 4317">
    <p class='ocr_par' dir='ltr' id='par_1_71' title="bbox 396 4242 1973 4317">
     <span class='ocr_line' id='line_1_71' title="bbox 396 4242 1973 4317; baseline 0.008 -21"><span class='ocrx_word' id='word_1_457' title='bbox 396 4242 452 4296; x_wconf 75' lang='grc' dir='ltr'>δὲ</span> <span class='ocrx_word' id='word_1_458' title='bbox 491 4244 593 4298; x_wconf 86' lang='grc' dir='ltr'>οὐκ</span> <span class='ocrx_word' id='word_1_459' title='bbox 644 4244 897 4299; x_wconf 70' lang='grc' dir='ltr'>ἐκϐάλλει</span> <span class='ocrx_word' id='word_1_460' title='bbox 927 4245 1031 4310; x_wconf 79' lang='grc' dir='ltr'><strong>ἔξω</strong></span> <span class='ocrx_word' id='word_1_461' title='bbox 1059 4247 1159 4317; x_wconf 81' lang='grc' dir='ltr'>τὴν</span> <span class='ocrx_word' id='word_1_462' title='bbox 1182 4247 1451 4314; x_wconf 78' lang='grc' dir='ltr'>ἐξουσίαν,</span> <span class='ocrx_word' id='word_1_463' title='bbox 1491 4248 1629 4305; x_wconf 77' lang='grc' dir='ltr'>ἀλλὰ</span> <span class='ocrx_word' id='word_1_464' title='bbox 1661 4251 1722 4306; x_wconf 79' lang='grc' dir='ltr'>τὸ</span> <span class='ocrx_word' id='word_1_465' title='bbox 1765 4253 1973 4309; x_wconf 91' lang='grc' dir='ltr'>δίκαιον</span> 
     </span>
    </p>
   </div>
   <div class='ocr_carea' id='block_1_72' title="bbox 398 4335 1969 4413">
    <p class='ocr_par' dir='ltr' id='par_1_72' title="bbox 398 4335 1969 4413">
     <span class='ocr_line' id='line_1_72' title="bbox 398 4335 1969 4413; baseline 0.008 -24"><span class='ocrx_word' id='word_1_466' title='bbox 398 4335 563 4389; x_wconf 82' lang='grc' dir='ltr'>αὑτοῦ</span> <span class='ocrx_word' id='word_1_467' title='bbox 604 4336 896 4393; x_wconf 87' lang='grc' dir='ltr'>δείκνυσιν.</span> <span class='ocrx_word' id='word_1_468' title='bbox 930 4340 1051 4393; x_wconf 82' lang='grc' dir='ltr'><strong>Ὀτι</strong></span> <span class='ocrx_word' id='word_1_469' title='bbox 1083 4340 1140 4392; x_wconf 82' lang='grc' dir='ltr'>δὲ</span> <span class='ocrx_word' id='word_1_470' title='bbox 1187 4341 1438 4408; x_wconf 72' lang='grc' dir='ltr'>ἐξουσίαν</span> <span class='ocrx_word' id='word_1_471' title='bbox 1493 4343 1628 4413; x_wconf 78' lang='grc' dir='ltr'>ἔχει,</span> <span class='ocrx_word' id='word_1_472' title='bbox 1688 4345 1923 4402; x_wconf 77' lang='grc' dir='ltr'>ἄκουσον</span> <span class='ocrx_word' id='word_1_473' title='bbox 1954 4363 1969 4379; x_wconf 83' lang='grc'><em>’</em></span> 
     </span>
    </p>
   </div>
   <div class='ocr_carea' id='block_1_73' title="bbox 410 4428 1974 4503">
    <p class='ocr_par' dir='ltr' id='par_1_73' title="bbox 410 4428 1974 4503">
     <span class='ocr_line' id='line_1_73' title="bbox 410 4428 1974 4503; baseline 0.005 -22"><span class='ocrx_word' id='word_1_474' title='bbox 410 4428 558 4497; x_wconf 81' lang='grc' dir='ltr'><strong>Ἐγὼ</strong></span> <span class='ocrx_word' id='word_1_475' title='bbox 593 4428 660 4483; x_wconf 81' lang='grc' dir='ltr'><strong>δέ</strong></span> <span class='ocrx_word' id='word_1_476' title='bbox 697 4446 796 4485; x_wconf 86' lang='grc' dir='ltr'><strong>σοι</strong></span> <span class='ocrx_word' id='word_1_477' title='bbox 833 4430 1006 4486; x_wconf 83' lang='grc' dir='ltr'>δώσω</span> <span class='ocrx_word' id='word_1_478' title='bbox 1034 4432 1140 4499; x_wconf 86' lang='grc' dir='ltr'>τὰς</span> <span class='ocrx_word' id='word_1_479' title='bbox 1192 4434 1359 4501; x_wconf 76' lang='grc' dir='ltr'>κλεῖς</span> <span class='ocrx_word' id='word_1_480' title='bbox 1390 4432 1509 4488; x_wconf 84' lang='grc' dir='ltr'>τῶν</span> <span class='ocrx_word' id='word_1_481' title='bbox 1534 4436 1810 4503; x_wconf 80' lang='grc' dir='ltr'>οὐρανῶν</span> <span class='ocrx_word' id='word_1_482' title='bbox 1830 4452 1843 4466; x_wconf 88' lang='grc'><strong>·</strong></span> <span class='ocrx_word' id='word_1_483' title='bbox 1879 4438 1974 4492; x_wconf 75' lang='grc' dir='ltr'>καὶ</span> 
     </span>
    </p>
   </div>
   <div class='ocr_carea' id='block_1_74' title="bbox 398 4520 1975 4603">
    <p class='ocr_par' dir='ltr' id='par_1_74' title="bbox 398 4520 1975 4603">
     <span class='ocr_line' id='line_1_74' title="bbox 398 4520 1975 4603; baseline 0.006 -30"><span class='ocrx_word' id='word_1_484' title='bbox 398 4521 426 4573; x_wconf 85' lang='grc' dir='ltr'><strong>ὁ</strong></span> <span class='ocrx_word' id='word_1_485' title='bbox 458 4520 668 4584; x_wconf 78' lang='grc' dir='ltr'>Παῦλος</span> <span class='ocrx_word' id='word_1_486' title='bbox 716 4522 772 4576; x_wconf 83' lang='grc' dir='ltr'>δὲ</span> <span class='ocrx_word' id='word_1_487' title='bbox 800 4523 942 4577; x_wconf 76' lang='grc' dir='ltr'>οὕτω</span> <span class='ocrx_word' id='word_1_488' title='bbox 963 4524 1139 4595; x_wconf 85' lang='grc' dir='ltr'>δηλῶν</span> <span class='ocrx_word' id='word_1_489' title='bbox 1169 4524 1384 4595; x_wconf 65' lang='grc' dir='ltr'>ἔλεγεν*</span> <span class='ocrx_word' id='word_1_490' title='bbox 1415 4527 1975 4603; x_wconf 51' lang='grc' dir='ltr'>Λοιπὸῃὰπόκειταί</span> 
     </span>
    </p>
   </div>
   <div class='ocr_carea' id='block_1_75' title="bbox 392 4612 1971 4686">
    <p class='ocr_par' dir='ltr' id='par_1_75' title="bbox 392 4612 1971 4686">
     <span class='ocr_line' id='line_1_75' title="bbox 392 4612 1971 4686; baseline 0.004 -21"><span class='ocrx_word' id='word_1_491' title='bbox 392 4628 493 4679; x_wconf 87' lang='grc' dir='ltr'><strong>μοι</strong></span> <span class='ocrx_word' id='word_1_492' title='bbox 531 4616 564 4666; x_wconf 86' lang='grc' dir='ltr'><em>ό</em></span> <span class='ocrx_word' id='word_1_493' title='bbox 599 4612 709 4682; x_wconf 84' lang='grc' dir='ltr'>τῆς</span> <span class='ocrx_word' id='word_1_494' title='bbox 756 4613 1145 4683; x_wconf 68' lang='grc' dir='ltr'>δικαιοσύνης</span> <span class='ocrx_word' id='word_1_495' title='bbox 1195 4616 1520 4686; x_wconf 65' lang='grc' dir='ltr'>στέφανος,</span> <span class='ocrx_word' id='word_1_496' title='bbox 1559 4618 1632 4673; x_wconf 81' lang='grc' dir='ltr'>ὃν</span> <span class='ocrx_word' id='word_1_497' title='bbox 1669 4619 1971 4674; x_wconf 79' lang='grc' dir='ltr'>ἀποδώσει</span> 
     </span>
    </p>
   </div>
   <div class='ocr_carea' id='block_1_76' title="bbox 397 4706 1976 4781">
    <p class='ocr_par' dir='ltr' id='par_1_76' title="bbox 397 4706 1976 4781">
     <span class='ocr_line' id='line_1_76' title="bbox 397 4706 1976 4781; baseline 0.006 -24"><span class='ocrx_word' id='word_1_498' title='bbox 397 4722 495 4773; x_wconf 84' lang='grc' dir='ltr'><strong>μοι</strong></span> <span class='ocrx_word' id='word_1_499' title='bbox 547 4706 784 4776; x_wconf 83' lang='grc' dir='ltr'>Κύριος,</span> <span class='ocrx_word' id='word_1_500' title='bbox 840 4708 939 4762; x_wconf 75' lang='grc' dir='ltr'>καὶ</span> <span class='ocrx_word' id='word_1_501' title='bbox 996 4706 1188 4765; x_wconf 80' lang='grc' dir='ltr'>πᾶσιν</span> <span class='ocrx_word' id='word_1_502' title='bbox 1243 4710 1363 4776; x_wconf 82' lang='grc' dir='ltr'>τοῖς</span> <span class='ocrx_word' id='word_1_503' title='bbox 1411 4710 1794 4781; x_wconf 74' lang='grc' dir='ltr'>ἠγαπηκόσιν</span> <span class='ocrx_word' id='word_1_504' title='bbox 1859 4710 1976 4779; x_wconf 80' lang='grc' dir='ltr'>τὴν</span> 
     </span>
    </p>
   </div>
   <div class='ocr_carea' id='block_1_77' title="bbox 397 4798 1001 4868">
    <p class='ocr_par' dir='ltr' id='par_1_77' title="bbox 397 4798 1001 4868">
     <span class='ocr_line' id='line_1_77' title="bbox 397 4798 1001 4868; baseline 0.008 -18"><span class='ocrx_word' id='word_1_505' title='bbox 397 4798 752 4868; x_wconf 71' lang='grc' dir='ltr'>ἐπιφάνειαν</span> <span class='ocrx_word' id='word_1_506' title='bbox 792 4800 1001 4857; x_wconf 81' lang='grc' dir='ltr'>αὐτοῦ.</span> 
     </span>
    </p>
   </div>
   <div class='ocr_carea' id='block_1_78' title="bbox 459 4914 1977 4984">
    <p class='ocr_par' dir='ltr' id='par_1_78' title="bbox 459 4914 1977 4984">
     <span class='ocr_line' id='line_1_78' title="bbox 459 4914 1977 4984; baseline 0.002 -16"><span class='ocrx_word' id='word_1_507' title='bbox 459 4916 522 4968; x_wconf 84' lang='lat' dir='ltr'><strong>El</strong></span> <span class='ocrx_word' id='word_1_508' title='bbox 562 4916 612 4968; x_wconf 78' lang='grc' dir='ltr'>οἱ</span> <span class='ocrx_word' id='word_1_509' title='bbox 661 4914 755 4969; x_wconf 91' lang='grc' dir='ltr'><strong>δύο</strong></span> <span class='ocrx_word' id='word_1_510' title='bbox 794 4916 903 4970; x_wconf 84' lang='grc' dir='ltr'>τῶν</span> <span class='ocrx_word' id='word_1_511' title='bbox 935 4917 1068 4970; x_wconf 85' lang='grc' dir='ltr'>δέκα</span> <span class='ocrx_word' id='word_1_512' title='bbox 1109 4915 1583 4984; x_wconf 80' lang='grc' dir='ltr'>κατεξανίσταντο,</span> <span class='ocrx_word' id='word_1_513' title='bbox 1629 4916 1722 4971; x_wconf 79' lang='grc' dir='ltr'>καὶ</span> <span class='ocrx_word' id='word_1_514' title='bbox 1761 4918 1812 4971; x_wconf 83' lang='grc' dir='ltr'>οι</span> <span class='ocrx_word' id='word_1_515' title='bbox 1843 4917 1977 4972; x_wconf 86' lang='grc' dir='ltr'>δέκα</span> 
     </span>
    </p>
   </div>
   <div class='ocr_carea' id='block_1_79' title="bbox 399 5008 1977 5083">
    <p class='ocr_par' dir='ltr' id='par_1_79' title="bbox 399 5008 1977 5083">
     <span class='ocr_line' id='line_1_79' title="bbox 399 5008 1977 5083; baseline 0.003 -24"><span class='ocrx_word' id='word_1_516' title='bbox 399 5008 659 5078; x_wconf 71' lang='grc' dir='ltr'>ἐφθόνουν</span> <span class='ocrx_word' id='word_1_517' title='bbox 703 5012 815 5073; x_wconf 83' lang='grc' dir='ltr'>τοῖς</span> <span class='ocrx_word' id='word_1_518' title='bbox 843 5010 1016 5076; x_wconf 75' lang='grc' dir='ltr'>δυσὶν,</span> <span class='ocrx_word' id='word_1_519' title='bbox 1062 5012 1124 5064; x_wconf 84' lang='grc' dir='ltr'>οὐ</span> <span class='ocrx_word' id='word_1_520' title='bbox 1156 5009 1261 5083; x_wconf 79' lang='grc' dir='ltr'><strong>χρὴ</strong></span> <span class='ocrx_word' id='word_1_521' title='bbox 1288 5009 1345 5065; x_wconf 83' lang='grc' dir='ltr'>δὲ</span> <span class='ocrx_word' id='word_1_522' title='bbox 1373 5009 1531 5063; x_wconf 79' lang='grc' dir='ltr'>τοῦτο</span> <span class='ocrx_word' id='word_1_523' title='bbox 1567 5012 1810 5076; x_wconf 85' lang='grc' dir='ltr'>σκοπεῖν,</span> <span class='ocrx_word' id='word_1_524' title='bbox 1841 5009 1977 5064; x_wconf 77' lang='grc' dir='ltr'>ἀλλὰ</span> 
     </span>
    </p>
   </div>
   <div class='ocr_carea' id='block_1_80' title="bbox 399 5100 1008 5157">
    <p class='ocr_par' dir='ltr' id='par_1_80' title="bbox 399 5100 1008 5157">
     <span class='ocr_line' id='line_1_80' title="bbox 399 5100 1008 5157; baseline 0.007 -4"><span class='ocrx_word' id='word_1_525' title='bbox 399 5101 466 5155; x_wconf 72' lang='grc' dir='ltr'><strong>τὰ</strong></span> <span class='ocrx_word' id='word_1_526' title='bbox 496 5100 779 5155; x_wconf 83' lang='grc' dir='ltr'>τελευταῖα</span> <span class='ocrx_word' id='word_1_527' title='bbox 808 5101 1008 5157; x_wconf 77' lang='grc' dir='ltr'>αὐτῶν.</span> 
     </span>
    </p>
   </div>
   <div class='ocr_carea' id='block_1_81' title="bbox 464 5193 1978 5265">
    <p class='ocr_par' dir='ltr' id='par_1_81' title="bbox 464 5193 1978 5265">
     <span class='ocr_line' id='line_1_81' title="bbox 464 5193 1978 5265; baseline 0.001 -18"><span class='ocrx_word' id='word_1_528' title='bbox 464 5193 565 5248; x_wconf 81' lang='grc' dir='ltr'><strong>Διά</strong></span> <span class='ocrx_word' id='word_1_529' title='bbox 597 5194 649 5247; x_wconf 85' lang='grc' dir='ltr'><strong>τί</strong></span> <span class='ocrx_word' id='word_1_530' title='bbox 704 5193 1000 5265; x_wconf 84' lang='grc' dir='ltr'>συνεχώρει</span> <span class='ocrx_word' id='word_1_531' title='bbox 1051 5193 1286 5265; x_wconf 85' lang='grc' dir='ltr'>Χριστὸς</span> <span class='ocrx_word' id='word_1_532' title='bbox 1348 5193 1796 5265; x_wconf 78' lang='grc' dir='ltr'>ἐπιστομίζεσθαι</span> <span class='ocrx_word' id='word_1_533' title='bbox 1852 5195 1978 5260; x_wconf 81' lang='grc' dir='ltr'>τοὺς</span> 
     </span>
    </p>
   </div>
   <div class='ocr_carea' id='block_1_82' title="bbox 398 5285 1973 5358">
    <p class='ocr_par' dir='ltr' id='par_1_82' title="bbox 398 5285 1973 5358">
     <span class='ocr_line' id='line_1_82' title="bbox 398 5285 1973 5358; baseline 0.001 -18"><span class='ocrx_word' id='word_1_534' title='bbox 398 5287 631 5354; x_wconf 74' lang='grc' dir='ltr'>τυφλοὺς</span> <span class='ocrx_word' id='word_1_535' title='bbox 662 5286 766 5340; x_wconf 79' lang='grc' dir='ltr'><strong>ὑπὸ</strong></span> <span class='ocrx_word' id='word_1_536' title='bbox 793 5286 885 5339; x_wconf 85' lang='grc' dir='ltr'>τοῦ</span> <span class='ocrx_word' id='word_1_537' title='bbox 912 5286 1069 5358; x_wconf 76' lang='grc' dir='ltr'>ὄχλου</span> <span class='ocrx_word' id='word_1_538' title='bbox 1095 5304 1109 5353; x_wconf 85' lang='grc'>;</span> <span class='ocrx_word' id='word_1_539' title='bbox 1140 5288 1257 5339; x_wconf 84' lang='grc' dir='ltr'>Ἵνα</span> <span class='ocrx_word' id='word_1_540' title='bbox 1280 5286 1543 5358; x_wconf 75' lang='grc' dir='ltr'>μειζόνως</span> <span class='ocrx_word' id='word_1_541' title='bbox 1567 5285 1745 5341; x_wconf 80' lang='grc' dir='ltr'>αὐτῶν</span> <span class='ocrx_word' id='word_1_542' title='bbox 1768 5288 1800 5358; x_wconf 84' lang='grc' dir='ltr'><strong>ή</strong></span> <span class='ocrx_word' id='word_1_543' title='bbox 1838 5304 1973 5358; x_wconf 75' lang='grc' dir='ltr'>προ-</span> 
     </span>
    </p>
   </div>
   <div class='ocr_carea' id='block_1_83' title="bbox 402 5377 1977 5450">
    <p class='ocr_par' dir='ltr' id='par_1_83' title="bbox 402 5377 1977 5450">
     <span class='ocr_line' id='line_1_83' title="bbox 402 5377 1977 5450; baseline 0 -17"><span class='ocrx_word' id='word_1_544' title='bbox 402 5378 571 5450; x_wconf 83' lang='grc' dir='ltr'>θυμία</span> <span class='ocrx_word' id='word_1_545' title='bbox 654 5379 909 5449; x_wconf 82' lang='grc' dir='ltr'>φαίνηται</span> <span class='ocrx_word' id='word_1_546' title='bbox 945 5396 959 5410; x_wconf 81' lang='grc'><strong>’</strong></span> <span class='ocrx_word' id='word_1_547' title='bbox 994 5380 1083 5434; x_wconf 79' lang='grc' dir='ltr'><strong>διὰ</strong></span> <span class='ocrx_word' id='word_1_548' title='bbox 1166 5377 1322 5433; x_wconf 81' lang='grc' dir='ltr'>τοῦτο</span> <span class='ocrx_word' id='word_1_549' title='bbox 1398 5378 1516 5433; x_wconf 70' lang='grc' dir='ltr'>οὐδὲ</span> <span class='ocrx_word' id='word_1_550' title='bbox 1578 5380 1759 5450; x_wconf 74' lang='grc' dir='ltr'>ἐρωτᾷ</span> <span class='ocrx_word' id='word_1_551' title='bbox 1802 5419 1819 5446; x_wconf 96' lang='grc'><strong>,</strong></span> <span class='ocrx_word' id='word_1_552' title='bbox 1877 5381 1977 5433; x_wconf 85' lang='grc' dir='ltr'><strong>Πι-</strong></span> 
     </span>
    </p>
   </div>
   <div class='ocr_carea' id='block_1_84' title="bbox 403 5470 677 5538">
    <p class='ocr_par' dir='ltr' id='par_1_84' title="bbox 403 5470 677 5538">
     <span class='ocr_line' id='line_1_84' title="bbox 403 5470 677 5538; baseline 0 -13"><span class='ocrx_word' id='word_1_553' title='bbox 403 5470 623 5525; x_wconf 77' lang='grc' dir='ltr'>στεύετε</span> <span class='ocrx_word' id='word_1_554' title='bbox 660 5486 677 5538; x_wconf 85' lang='grc'>;</span> 
     </span>
    </p>
   </div>
   <div class='ocr_carea' id='block_1_85' title="bbox 460 5580 1978 5656">
    <p class='ocr_par' dir='ltr' id='par_1_85' title="bbox 460 5580 1978 5656">
     <span class='ocr_line' id='line_1_85' title="bbox 460 5580 1978 5656; baseline 0.001 -19"><span class='ocrx_word' id='word_1_555' title='bbox 460 5583 560 5638; x_wconf 75' lang='grc' dir='ltr'>Διὰ</span> <span class='ocrx_word' id='word_1_556' title='bbox 585 5583 637 5638; x_wconf 92' lang='grc' dir='ltr'><strong>τί</strong></span> <span class='ocrx_word' id='word_1_557' title='bbox 676 5584 878 5656; x_wconf 67' lang='grc' dir='ltr'>ἐρωτᾷ,</span> <span class='ocrx_word' id='word_1_558' title='bbox 920 5583 981 5637; x_wconf 83' lang='grc' dir='ltr'>Τί</span> <span class='ocrx_word' id='word_1_559' title='bbox 1013 5584 1217 5640; x_wconf 77' lang='grc' dir='ltr'>θέλετε</span> <span class='ocrx_word' id='word_1_560' title='bbox 1266 5580 1497 5647; x_wconf 79' lang='grc' dir='ltr'>ποιήσω</span> <span class='ocrx_word' id='word_1_561' title='bbox 1520 5582 1701 5652; x_wconf 79' lang='grc' dir='ltr'>ύμῖν;</span> <span class='ocrx_word' id='word_1_562' title='bbox 1745 5583 1860 5638; x_wconf 81' lang='grc' dir='ltr'>Ἵνα</span> <span class='ocrx_word' id='word_1_563' title='bbox 1903 5585 1978 5655; x_wconf 83' lang='grc' dir='ltr'><strong>μή</strong></span> 
     </span>
    </p>
   </div>
   <div class='ocr_carea' id='block_1_86' title="bbox 400 5673 1978 5747">
    <p class='ocr_par' dir='ltr' id='par_1_86' title="bbox 400 5673 1978 5747">
     <span class='ocr_line' id='line_1_86' title="bbox 400 5673 1978 5747; baseline 0.001 -20"><span class='ocrx_word' id='word_1_564' title='bbox 400 5693 485 5740; x_wconf 73' lang='grc' dir='ltr'><strong>τις</strong></span> <span class='ocrx_word' id='word_1_565' title='bbox 506 5675 724 5747; x_wconf 78' lang='grc' dir='ltr'>νομίσῃ,</span> <span class='ocrx_word' id='word_1_566' title='bbox 755 5677 837 5730; x_wconf 83' lang='grc' dir='ltr'>ὅτι</span> <span class='ocrx_word' id='word_1_567' title='bbox 863 5675 1033 5729; x_wconf 82' lang='grc' dir='ltr'>Ἀλλα</span> <span class='ocrx_word' id='word_1_568' title='bbox 1055 5673 1400 5745; x_wconf 87' lang='grc' dir='ltr'>βουλομένοις</span> <span class='ocrx_word' id='word_1_569' title='bbox 1417 5673 1614 5738; x_wconf 80' lang='grc' dir='ltr'>λαλεῖς,</span> <span class='ocrx_word' id='word_1_570' title='bbox 1638 5675 1774 5730; x_wconf 78' lang='grc' dir='ltr'>ἄλλα</span> <span class='ocrx_word' id='word_1_571' title='bbox 1798 5675 1978 5739; x_wconf 73' lang='grc' dir='ltr'>δίδως’</span> 
     </span>
    </p>
   </div>
   <div class='ocr_carea' id='block_1_87' title="bbox 404 5766 1979 5841">
    <p class='ocr_par' dir='ltr' id='par_1_87' title="bbox 404 5766 1979 5841">
     <span class='ocr_line' id='line_1_87' title="bbox 404 5766 1979 5841; baseline -0.002 -18"><span class='ocrx_word' id='word_1_572' title='bbox 404 5771 499 5823; x_wconf 77' lang='grc' dir='ltr'>καὶ</span> <span class='ocrx_word' id='word_1_573' title='bbox 516 5771 604 5824; x_wconf 73' lang='grc' dir='ltr'>ἵνα</span> <span class='ocrx_word' id='word_1_574' title='bbox 625 5770 750 5833; x_wconf 80' lang='grc' dir='ltr'>τοὺς</span> <span class='ocrx_word' id='word_1_575' title='bbox 770 5769 964 5832; x_wconf 76' lang='grc' dir='ltr'>ἄλλους</span> <span class='ocrx_word' id='word_1_576' title='bbox 987 5769 1067 5831; x_wconf 78' lang='grc' dir='ltr'><strong>είς</strong></span> <span class='ocrx_word' id='word_1_577' title='bbox 1085 5768 1306 5839; x_wconf 78' lang='grc' dir='ltr'>μείζονα</span> <span class='ocrx_word' id='word_1_578' title='bbox 1329 5766 1493 5837; x_wconf 79' lang='grc' dir='ltr'>ζῆλον</span> <span class='ocrx_word' id='word_1_579' title='bbox 1520 5767 1727 5841; x_wconf 74' lang='grc' dir='ltr'><strong>ἀγάγῃ.</strong></span> <span class='ocrx_word' id='word_1_580' title='bbox 1748 5767 1979 5837; x_wconf 83' lang='grc' dir='ltr'>Ἕτερον</span> 
     </span>
    </p>
   </div>
   <div class='ocr_carea' id='block_1_88' title="bbox 402 5860 1981 5933">
    <p class='ocr_par' dir='ltr' id='par_1_88' title="bbox 402 5860 1981 5933">
     <span class='ocr_line' id='line_1_88' title="bbox 402 5860 1981 5933; baseline 0.001 -20"><span class='ocrx_word' id='word_1_581' title='bbox 402 5863 459 5914; x_wconf 84' lang='grc' dir='ltr'>δὲ</span> <span class='ocrx_word' id='word_1_582' title='bbox 490 5864 573 5916; x_wconf 77' lang='grc' dir='ltr'>ἵνα</span> <span class='ocrx_word' id='word_1_583' title='bbox 598 5863 747 5933; x_wconf 83' lang='grc' dir='ltr'>δείξῃ</span> <span class='ocrx_word' id='word_1_584' title='bbox 769 5862 866 5929; x_wconf 84' lang='grc' dir='ltr'>τῆς</span> <span class='ocrx_word' id='word_1_585' title='bbox 884 5861 1092 5932; x_wconf 78' lang='grc' dir='ltr'>δωρεᾶς</span> <span class='ocrx_word' id='word_1_586' title='bbox 1121 5861 1347 5924; x_wconf 82' lang='grc' dir='ltr'>δικαίως</span> <span class='ocrx_word' id='word_1_587' title='bbox 1376 5860 1771 5925; x_wconf 80' lang='grc' dir='ltr'>ἀπολαύοντας·</span> <span class='ocrx_word' id='word_1_588' title='bbox 1789 5861 1981 5932; x_wconf 81' lang='grc' dir='ltr'>ὥσπερ</span> 
     </span>
    </p>
   </div>
   <div class='ocr_carea' id='block_1_89' title="bbox 402 5952 1980 6027">
    <p class='ocr_par' dir='ltr' id='par_1_89' title="bbox 402 5952 1980 6027">
     <span class='ocr_line' id='line_1_89' title="bbox 402 5952 1980 6027; baseline 0 -18"><span class='ocrx_word' id='word_1_589' title='bbox 402 5955 496 6009; x_wconf 74' lang='grc' dir='ltr'><strong>ἐπὶ</strong></span> <span class='ocrx_word' id='word_1_590' title='bbox 526 5959 622 6026; x_wconf 77' lang='grc' dir='ltr'>τῆς</span> <span class='ocrx_word' id='word_1_591' title='bbox 654 5954 968 6019; x_wconf 79' lang='grc' dir='ltr'>Χαναναίας</span> <span class='ocrx_word' id='word_1_592' title='bbox 1022 5953 1113 6009; x_wconf 70' lang='grc' dir='ltr'>καὶ</span> <span class='ocrx_word' id='word_1_593' title='bbox 1157 5952 1251 6007; x_wconf 82' lang='grc' dir='ltr'>τοῦ</span> <span class='ocrx_word' id='word_1_594' title='bbox 1315 5954 1713 6027; x_wconf 78' lang='grc' dir='ltr'>ἑκατοντάρχου</span> <span class='ocrx_word' id='word_1_595' title='bbox 1760 5955 1980 6024; x_wconf 74' lang='grc' dir='ltr'>καὶτῆς</span> 
     </span>
    </p>
   </div>
   <div class='ocr_carea' id='block_1_90' title="bbox 2077 3413 3652 3487">
    <p class='ocr_par' dir='ltr' id='par_1_90' title="bbox 2077 3413 3652 3487">
     <span class='ocr_line' id='line_1_90' title="bbox 2077 3413 3652 3487; baseline -0.001 -17"><span class='ocrx_word' id='word_1_596' title='bbox 2077 3415 2388 3481; x_wconf 88' lang='lat' dir='ltr'><strong>violentias,</strong></span> <span class='ocrx_word' id='word_1_597' title='bbox 2418 3426 2473 3473; x_wconf 92' lang='lat' dir='ltr'><strong>et</strong></span> <span class='ocrx_word' id='word_1_598' title='bbox 2504 3417 2813 3481; x_wconf 87' lang='lat' dir='ltr'><strong>cruciatus,</strong></span> <span class='ocrx_word' id='word_1_599' title='bbox 2869 3427 2926 3472; x_wconf 93' lang='lat' dir='ltr'><strong>et</strong></span> <span class='ocrx_word' id='word_1_600' title='bbox 2975 3414 3302 3487; x_wconf 83' lang='lat' dir='ltr'><strong>martyrium</strong></span> <span class='ocrx_word' id='word_1_601' title='bbox 3358 3413 3652 3485; x_wconf 79' lang='lat' dir='ltr'><strong>signiﬁcat.</strong></span> 
     </span>
    </p>
   </div>
   <div class='ocr_carea' id='block_1_91' title="bbox 2076 3506 3666 3579">
    <p class='ocr_par' dir='ltr' id='par_1_91' title="bbox 2076 3506 3666 3579">
     <span class='ocr_line' id='line_1_91' title="bbox 2076 3506 3666 3579; baseline -0.006 -11"><span class='ocrx_word' id='word_1_602' title='bbox 2076 3512 2316 3568; x_wconf 87' lang='lat' dir='ltr'><strong>Calicem</strong></span> <span class='ocrx_word' id='word_1_603' title='bbox 2347 3521 2530 3568; x_wconf 86' lang='lat' dir='ltr'><strong>autem</strong></span> <span class='ocrx_word' id='word_1_604' title='bbox 2556 3522 2717 3567; x_wconf 89' lang='lat' dir='ltr'><strong>vocat</strong></span> <span class='ocrx_word' id='word_1_605' title='bbox 2759 3510 2929 3576; x_wconf 88' lang='lat' dir='ltr'><strong>istud,</strong></span> <span class='ocrx_word' id='word_1_606' title='bbox 2986 3517 3045 3564; x_wconf 93' lang='lat' dir='ltr'><strong>ut</strong></span> <span class='ocrx_word' id='word_1_607' title='bbox 3101 3509 3320 3565; x_wconf 88' lang='lat' dir='ltr'><strong>animos</strong></span> <span class='ocrx_word' id='word_1_608' title='bbox 3373 3506 3547 3579; x_wconf 86' lang='lat' dir='ltr'><strong>magis</strong></span> <span class='ocrx_word' id='word_1_609' title='bbox 3575 3506 3666 3562; x_wconf 84' lang='lat' dir='ltr'><strong>eis.</strong></span> 
     </span>
    </p>
   </div>
   <div class='ocr_carea' id='block_1_92' title="bbox 2078 3600 3657 3671">
    <p class='ocr_par' dir='ltr' id='par_1_92' title="bbox 2078 3600 3657 3671">
     <span class='ocr_line' id='line_1_92' title="bbox 2078 3600 3657 3671; baseline -0.002 -12"><span class='ocrx_word' id='word_1_610' title='bbox 2078 3605 2241 3660; x_wconf 88' lang='lat' dir='ltr'><strong>addat</strong></span> <span class='ocrx_word' id='word_1_611' title='bbox 2274 3605 2547 3662; x_wconf 86' lang='lat' dir='ltr'><strong>sermonis</strong></span> <span class='ocrx_word' id='word_1_612' title='bbox 2570 3605 2814 3671; x_wconf 84' lang='lat' dir='ltr'><strong>lenitate,</strong></span> <span class='ocrx_word' id='word_1_613' title='bbox 2849 3612 2905 3659; x_wconf 93' lang='lat' dir='ltr'><strong>et</strong></span> <span class='ocrx_word' id='word_1_614' title='bbox 2957 3602 3024 3658; x_wconf 89' lang='lat' dir='ltr'><strong>ad</strong></span> <span class='ocrx_word' id='word_1_615' title='bbox 3064 3619 3124 3659; x_wconf 89' lang='lat' dir='ltr'><strong>se</strong></span> <span class='ocrx_word' id='word_1_616' title='bbox 3153 3616 3251 3657; x_wconf 88' lang='lat' dir='ltr'><strong>eos</strong></span> <span class='ocrx_word' id='word_1_617' title='bbox 3289 3600 3571 3668; x_wconf 82' lang='lat' dir='ltr'><strong>attrahat;</strong></span> <span class='ocrx_word' id='word_1_618' title='bbox 3601 3606 3657 3656; x_wconf 84' lang='lat' dir='ltr'><strong>et</strong></span> 
     </span>
    </p>
   </div>
   <div class='ocr_carea' id='block_1_93' title="bbox 2078 3694 3371 3769">
    <p class='ocr_par' dir='ltr' id='par_1_93' title="bbox 2078 3694 3371 3769">
     <span class='ocr_line' id='line_1_93' title="bbox 2078 3694 3371 3769; baseline -0.004 -15"><span class='ocrx_word' id='word_1_619' title='bbox 2078 3697 2349 3769; x_wconf 86' lang='lat' dir='ltr'><strong>baptisma</strong></span> <span class='ocrx_word' id='word_1_620' title='bbox 2383 3698 2516 3754; x_wconf 91' lang='lat' dir='ltr'><strong>illud</strong></span> <span class='ocrx_word' id='word_1_621' title='bbox 2552 3707 2730 3763; x_wconf 82' lang='lat' dir='ltr'><strong>vocat,</strong></span> <span class='ocrx_word' id='word_1_622' title='bbox 2760 3696 2915 3769; x_wconf 89' lang='lat' dir='ltr'><strong>quasi</strong></span> <span class='ocrx_word' id='word_1_623' title='bbox 2944 3696 3094 3753; x_wconf 89' lang='lat' dir='ltr'><strong>orbis</strong></span> <span class='ocrx_word' id='word_1_624' title='bbox 3126 3694 3371 3752; x_wconf 86' lang='lat' dir='ltr'><strong>lustrale.</strong></span> 
     </span>
    </p>
   </div>
   <div class='ocr_carea' id='block_1_94' title="bbox 2150 3881 3660 3955">
    <p class='ocr_par' dir='ltr' id='par_1_94' title="bbox 2150 3881 3660 3955">
     <span class='ocr_line' id='line_1_94' title="bbox 2150 3881 3660 3955; baseline -0.005 -14"><span class='ocrx_word' id='word_1_625' title='bbox 2150 3886 2316 3942; x_wconf 72' lang='lat' dir='ltr'><strong>Vsus.</strong></span> <span class='ocrx_word' id='word_1_626' title='bbox 2337 3884 2428 3941; x_wconf 65' lang='grc' dir='ltr'><strong>εδ.</strong></span> <span class='ocrx_word' id='word_1_627' title='bbox 2462 3882 2527 3939; x_wconf 84' lang='lat' dir='ltr'><strong>Et</strong></span> <span class='ocrx_word' id='word_1_628' title='bbox 2548 3884 2823 3955; x_wconf 90' lang='lat' dir='ltr'><strong>quomodo</strong></span> <span class='ocrx_word' id='word_1_629' title='bbox 2860 3882 3030 3950; x_wconf 89' lang='lat' dir='ltr'><strong>dicit;</strong></span> <span class='ocrx_word' id='word_1_630' title='bbox 3061 3898 3160 3938; x_wconf 74' lang='lat' dir='ltr'><strong>non</strong></span> <span class='ocrx_word' id='word_1_631' title='bbox 3188 3890 3264 3938; x_wconf 86' lang='lat' dir='ltr'><strong>est</strong></span> <span class='ocrx_word' id='word_1_632' title='bbox 3294 3896 3464 3936; x_wconf 83' lang='lat' dir='ltr'><strong>meum</strong></span> <span class='ocrx_word' id='word_1_633' title='bbox 3489 3881 3660 3935; x_wconf 74' lang='lat' dir='ltr'><strong>dare?</strong></span> 
     </span>
    </p>
   </div>
   <div class='ocr_carea' id='block_1_95' title="bbox 2080 3969 3661 4046">
    <p class='ocr_par' dir='ltr' id='par_1_95' title="bbox 2080 3969 3661 4046">
     <span class='ocr_line' id='line_1_95' title="bbox 2080 3969 3661 4046; baseline -0.004 -16"><span class='ocrx_word' id='word_1_634' title='bbox 2080 3976 2345 4046; x_wconf 89' lang='lat' dir='ltr'><strong>siquidem</strong></span> <span class='ocrx_word' id='word_1_635' title='bbox 2381 3988 2487 4029; x_wconf 92' lang='lat' dir='ltr'><strong>nou</strong></span> <span class='ocrx_word' id='word_1_636' title='bbox 2520 3984 2605 4029; x_wconf 89' lang='lat' dir='ltr'><strong>est</strong></span> <span class='ocrx_word' id='word_1_637' title='bbox 2640 3989 2709 4028; x_wconf 90' lang='lat' dir='ltr'><strong>ne</strong></span> <span class='ocrx_word' id='word_1_638' title='bbox 2736 3973 2846 4028; x_wconf 91' lang='lat' dir='ltr'><strong>illic</strong></span> <span class='ocrx_word' id='word_1_639' title='bbox 2878 3971 3097 4043; x_wconf 88' lang='lat' dir='ltr'><strong>quidem</strong></span> <span class='ocrx_word' id='word_1_640' title='bbox 3133 3971 3258 4027; x_wconf 86' lang='lat' dir='ltr'><strong>talis</strong></span> <span class='ocrx_word' id='word_1_641' title='bbox 3305 3969 3465 4026; x_wconf 83' lang='lat' dir='ltr'><strong>sedes</strong></span> <span class='ocrx_word' id='word_1_642' title='bbox 3494 3986 3509 4035; x_wconf 88' lang='lat'><strong>;</strong></span> <span class='ocrx_word' id='word_1_643' title='bbox 3566 3978 3661 4041; x_wconf 87' lang='lat' dir='ltr'><strong>aut</strong></span> 
     </span>
    </p>
   </div>
   <div class='ocr_carea' id='block_1_96' title="bbox 2080 4060 3660 4140">
    <p class='ocr_par' dir='ltr' id='par_1_96' title="bbox 2080 4060 3660 4140">
     <span class='ocr_line' id='line_1_96' title="bbox 2080 4060 3660 4140; baseline -0.004 -19"><span class='ocrx_word' id='word_1_644' title='bbox 2080 4078 2228 4140; x_wconf 87' lang='lat' dir='ltr'><strong>patet</strong></span> <span class='ocrx_word' id='word_1_645' title='bbox 2261 4067 2417 4122; x_wconf 88' lang='lat' dir='ltr'><strong>illum</strong></span> <span class='ocrx_word' id='word_1_646' title='bbox 2469 4066 2536 4121; x_wconf 89' lang='lat' dir='ltr'><strong>ad</strong></span> <span class='ocrx_word' id='word_1_647' title='bbox 2591 4065 2904 4135; x_wconf 88' lang='lat' dir='ltr'><strong>allegoriam</strong></span> <span class='ocrx_word' id='word_1_648' title='bbox 2966 4064 3241 4135; x_wconf 89' lang='lat' dir='ltr'><strong>loquendo</strong></span> <span class='ocrx_word' id='word_1_649' title='bbox 3289 4060 3660 4120; x_wconf 85' lang='lat' dir='ltr'><strong>descendisse.</strong></span> 
     </span>
    </p>
   </div>
   <div class='ocr_carea' id='block_1_97' title="bbox 2080 4153 3657 4226">
    <p class='ocr_par' dir='ltr' id='par_1_97' title="bbox 2080 4153 3657 4226">
     <span class='ocr_line' id='line_1_97' title="bbox 2080 4153 3657 4226; baseline -0.003 -14"><span class='ocrx_word' id='word_1_650' title='bbox 2080 4158 2217 4215; x_wconf 91' lang='lat' dir='ltr'><strong>Illud</strong></span> <span class='ocrx_word' id='word_1_651' title='bbox 2280 4168 2485 4222; x_wconf 86' lang='lat' dir='ltr'><strong>autem,</strong></span> <span class='ocrx_word' id='word_1_652' title='bbox 2530 4155 2731 4223; x_wconf 83' lang='lat' dir='ltr'><strong>Quibus</strong></span> <span class='ocrx_word' id='word_1_653' title='bbox 2795 4164 3047 4226; x_wconf 86' lang='lat' dir='ltr'><strong>paratum</strong></span> <span class='ocrx_word' id='word_1_654' title='bbox 3092 4165 3190 4222; x_wconf 86' lang='lat' dir='ltr'><strong>est,</strong></span> <span class='ocrx_word' id='word_1_655' title='bbox 3248 4169 3345 4225; x_wconf 90' lang='lat' dir='ltr'><strong>per</strong></span> <span class='ocrx_word' id='word_1_656' title='bbox 3416 4153 3657 4215; x_wconf 85' lang='lat' dir='ltr'><strong>labores,</strong></span> 
     </span>
    </p>
   </div>
   <div class='ocr_carea' id='block_1_98' title="bbox 2080 4244 3660 4323">
    <p class='ocr_par' dir='ltr' id='par_1_98' title="bbox 2080 4244 3660 4323">
     <span class='ocr_line' id='line_1_98' title="bbox 2080 4244 3660 4323; baseline -0.006 -17"><span class='ocrx_word' id='word_1_657' title='bbox 2080 4260 2234 4323; x_wconf 83' lang='lat' dir='ltr'><strong>puta.</strong></span> <span class='ocrx_word' id='word_1_658' title='bbox 2265 4258 2321 4306; x_wconf 91' lang='lat' dir='ltr'><strong>et</strong></span> <span class='ocrx_word' id='word_1_659' title='bbox 2349 4248 2575 4304; x_wconf 89' lang='lat' dir='ltr'><strong>sudores</strong></span> <span class='ocrx_word' id='word_1_660' title='bbox 2604 4263 2618 4300; x_wconf 89' lang='lat'><strong>:</strong></span> <span class='ocrx_word' id='word_1_661' title='bbox 2652 4247 2758 4302; x_wconf 89' lang='lat' dir='ltr'><strong>hoc</strong></span> <span class='ocrx_word' id='word_1_662' title='bbox 2786 4261 2917 4301; x_wconf 91' lang='lat' dir='ltr'><strong>vero</strong></span> <span class='ocrx_word' id='word_1_663' title='bbox 2951 4260 3059 4299; x_wconf 90' lang='lat' dir='ltr'><strong>non</strong></span> <span class='ocrx_word' id='word_1_664' title='bbox 3121 4244 3241 4314; x_wconf 91' lang='lat' dir='ltr'><strong>ejus</strong></span> <span class='ocrx_word' id='word_1_665' title='bbox 3270 4244 3466 4298; x_wconf 80' lang='lat' dir='ltr'><strong>adimit</strong></span> <span class='ocrx_word' id='word_1_666' title='bbox 3506 4252 3660 4315; x_wconf 86' lang='lat' dir='ltr'><strong>pote-</strong></span> 
     </span>
    </p>
   </div>
   <div class='ocr_carea' id='block_1_99' title="bbox 2080 4334 3661 4411">
    <p class='ocr_par' dir='ltr' id='par_1_99' title="bbox 2080 4334 3661 4411">
     <span class='ocr_line' id='line_1_99' title="bbox 2080 4334 3661 4411; baseline -0.006 -14"><span class='ocrx_word' id='word_1_667' title='bbox 2080 4351 2298 4409; x_wconf 88' lang='lat' dir='ltr'><strong>statem,</strong></span> <span class='ocrx_word' id='word_1_668' title='bbox 2318 4340 2410 4397; x_wconf 90' lang='lat' dir='ltr'><strong>sed</strong></span> <span class='ocrx_word' id='word_1_669' title='bbox 2430 4339 2551 4411; x_wconf 86' lang='lat' dir='ltr'><strong>ejus</strong></span> <span class='ocrx_word' id='word_1_670' title='bbox 2560 4338 2832 4410; x_wconf 88' lang='lat' dir='ltr'><strong>justitiam</strong></span> <span class='ocrx_word' id='word_1_671' title='bbox 2858 4335 3078 4393; x_wconf 78' lang='lat' dir='ltr'><strong>exhibet</strong></span> <span class='ocrx_word' id='word_1_672' title='bbox 3102 4352 3116 4400; x_wconf 92' lang='lat'><strong>;</strong></span> <span class='ocrx_word' id='word_1_673' title='bbox 3150 4335 3293 4406; x_wconf 88' lang='lat' dir='ltr'><strong>quod</strong></span> <span class='ocrx_word' id='word_1_674' title='bbox 3316 4334 3463 4389; x_wconf 89' lang='lat' dir='ltr'><strong>enim</strong></span> <span class='ocrx_word' id='word_1_675' title='bbox 3505 4343 3661 4404; x_wconf 89' lang='lat' dir='ltr'><strong>pote-</strong></span> 
     </span>
    </p>
   </div>
   <div class='ocr_carea' id='block_1_100' title="bbox 2081 4423 3657 4497">
    <p class='ocr_par' dir='ltr' id='par_1_100' title="bbox 2081 4423 3657 4497">
     <span class='ocr_line' id='line_1_100' title="bbox 2081 4423 3657 4497; baseline -0.008 -8"><span class='ocrx_word' id='word_1_676' title='bbox 2081 4443 2276 4490; x_wconf 86' lang='lat' dir='ltr'><strong>statem</strong></span> <span class='ocrx_word' id='word_1_677' title='bbox 2314 4430 2527 4495; x_wconf 89' lang='lat' dir='ltr'><strong>habeat,</strong></span> <span class='ocrx_word' id='word_1_678' title='bbox 2572 4427 2695 4484; x_wconf 88' lang='lat' dir='ltr'><strong>audi</strong></span> <span class='ocrx_word' id='word_1_679' title='bbox 2734 4444 2749 4482; x_wconf 87' lang='lat'><strong>:</strong></span> <span class='ocrx_word' id='word_1_680' title='bbox 2784 4424 2898 4497; x_wconf 79' lang='lat' dir='ltr'><strong>Ego</strong></span> <span class='ocrx_word' id='word_1_681' title='bbox 2948 4435 3126 4481; x_wconf 86' lang='lat' dir='ltr'><strong>autem</strong></span> <span class='ocrx_word' id='word_1_682' title='bbox 3178 4424 3271 4478; x_wconf 84' lang='lat' dir='ltr'><strong>tibi</strong></span> <span class='ocrx_word' id='word_1_683' title='bbox 3310 4424 3449 4478; x_wconf 87' lang='lat' dir='ltr'><strong>dabo</strong></span> <span class='ocrx_word' id='word_1_684' title='bbox 3489 4423 3657 4477; x_wconf 71' lang='lat' dir='ltr'><strong>claves</strong></span> 
     </span>
    </p>
   </div>
   <div class='ocr_carea' id='block_1_101' title="bbox 2082 4509 3661 4594">
    <p class='ocr_par' dir='ltr' id='par_1_101' title="bbox 2082 4509 3661 4594">
     <span class='ocr_line' id='line_1_101' title="bbox 2082 4509 3661 4594; baseline -0.009 -17"><span class='ocrx_word' id='word_1_685' title='bbox 2082 4524 2226 4594; x_wconf 82' lang='lat' dir='ltr'><strong>regni</strong></span> <span class='ocrx_word' id='word_1_686' title='bbox 2245 4521 2492 4577; x_wconf 68' lang='lat' dir='ltr'><strong>calorum</strong></span> <span class='ocrx_word' id='word_1_687' title='bbox 2515 4537 2535 4586; x_wconf 90' lang='lat'><strong><em>;</em></strong></span> <span class='ocrx_word' id='word_1_688' title='bbox 2557 4529 2611 4574; x_wconf 90' lang='lat' dir='ltr'><strong>et</strong></span> <span class='ocrx_word' id='word_1_689' title='bbox 2635 4517 2841 4573; x_wconf 82' lang='lat' dir='ltr'><strong>Paulus</strong></span> <span class='ocrx_word' id='word_1_690' title='bbox 2863 4516 3005 4571; x_wconf 88' lang='lat' dir='ltr'><strong>idem</strong></span> <span class='ocrx_word' id='word_1_691' title='bbox 3031 4513 3280 4569; x_wconf 89' lang='lat' dir='ltr'><strong>indicans</strong></span> <span class='ocrx_word' id='word_1_692' title='bbox 3298 4512 3454 4566; x_wconf 81' lang='lat' dir='ltr'><strong>dixit:</strong></span> <span class='ocrx_word' id='word_1_693' title='bbox 3482 4509 3550 4564; x_wconf 85' lang='lat' dir='ltr'><strong>In</strong></span> <span class='ocrx_word' id='word_1_694' title='bbox 3575 4528 3661 4564; x_wconf 85' lang='lat' dir='ltr'><strong>re-</strong></span> 
     </span>
    </p>
   </div>
   <div class='ocr_carea' id='block_1_102' title="bbox 2085 4602 3659 4685">
    <p class='ocr_par' dir='ltr' id='par_1_102' title="bbox 2085 4602 3659 4685">
     <span class='ocr_line' id='line_1_102' title="bbox 2085 4602 3659 4685; baseline -0.01 -16"><span class='ocrx_word' id='word_1_695' title='bbox 2085 4615 2226 4685; x_wconf 77' lang='lat' dir='ltr'><strong>liquo</strong></span> <span class='ocrx_word' id='word_1_696' title='bbox 2254 4614 2481 4683; x_wconf 81' lang='lat' dir='ltr'><strong>reposita</strong></span> <span class='ocrx_word' id='word_1_697' title='bbox 2507 4620 2585 4666; x_wconf 82' lang='lat' dir='ltr'><strong>est</strong></span> <span class='ocrx_word' id='word_1_698' title='bbox 2604 4611 2734 4665; x_wconf 84' lang='lat' dir='ltr'><strong>mihi</strong></span> <span class='ocrx_word' id='word_1_699' title='bbox 2754 4625 2951 4664; x_wconf 82' lang='lat' dir='ltr'><strong>corona</strong></span> <span class='ocrx_word' id='word_1_700' title='bbox 2972 4607 3222 4677; x_wconf 76' lang='lat' dir='ltr'><strong>justitite,</strong></span> <span class='ocrx_word' id='word_1_701' title='bbox 3272 4620 3433 4675; x_wconf 80' lang='lat' dir='ltr'><strong>quam</strong></span> <span class='ocrx_word' id='word_1_702' title='bbox 3480 4602 3659 4657; x_wconf 73' lang='lat' dir='ltr'><strong>reddet</strong></span> 
     </span>
    </p>
   </div>
   <div class='ocr_carea' id='block_1_103' title="bbox 2081 4698 3661 4771">
    <p class='ocr_par' dir='ltr' id='par_1_103' title="bbox 2081 4698 3661 4771">
     <span class='ocr_line' id='line_1_103' title="bbox 2081 4698 3661 4771; baseline -0.007 -10"><span class='ocrx_word' id='word_1_703' title='bbox 2081 4708 2211 4761; x_wconf 84' lang='lat' dir='ltr'><strong>mihi</strong></span> <span class='ocrx_word' id='word_1_704' title='bbox 2273 4706 2549 4770; x_wconf 81' lang='lat' dir='ltr'><strong>Dominus,</strong></span> <span class='ocrx_word' id='word_1_705' title='bbox 2595 4715 2645 4758; x_wconf 86' lang='lat' dir='ltr'><strong>et</strong></span> <span class='ocrx_word' id='word_1_706' title='bbox 2689 4703 2929 4757; x_wconf 86' lang='lat' dir='ltr'><strong>omnibus</strong></span> <span class='ocrx_word' id='word_1_707' title='bbox 2965 4700 3053 4771; x_wconf 83' lang='lat' dir='ltr'><strong>qui</strong></span> <span class='ocrx_word' id='word_1_708' title='bbox 3106 4698 3337 4769; x_wconf 80' lang='lat' dir='ltr'><strong>diligunt</strong></span> <span class='ocrx_word' id='word_1_709' title='bbox 3379 4698 3661 4753; x_wconf 72' lang='lat' dir='ltr'><strong>adventum</strong></span> 
     </span>
    </p>
   </div>
   <div class='ocr_carea' id='block_1_104' title="bbox 2075 4800 2211 4869">
    <p class='ocr_par' dir='ltr' id='par_1_104' title="bbox 2075 4800 2211 4869">
     <span class='ocr_line' id='line_1_104' title="bbox 2075 4800 2211 4869; baseline 0.007 -16"><span class='ocrx_word' id='word_1_710' title='bbox 2075 4800 2211 4869; x_wconf 82' lang='lat' dir='ltr'><strong>ejus.</strong></span> 
     </span>
    </p>
   </div>
   <div class='ocr_carea' id='block_1_105' title="bbox 2152 4899 3659 4972">
    <p class='ocr_par' dir='ltr' id='par_1_105' title="bbox 2152 4899 3659 4972">
     <span class='ocr_line' id='line_1_105' title="bbox 2152 4899 3659 4972; baseline -0.003 -11"><span class='ocrx_word' id='word_1_711' title='bbox 2152 4908 2316 4963; x_wconf 74' lang='lat' dir='ltr'><strong>Vsus.</strong></span> <span class='ocrx_word' id='word_1_712' title='bbox 2344 4907 2436 4962; x_wconf 75' lang='lat'><strong>25.</strong></span> <span class='ocrx_word' id='word_1_713' title='bbox 2471 4906 2527 4961; x_wconf 90' lang='lat' dir='ltr'><strong>Si</strong></span> <span class='ocrx_word' id='word_1_714' title='bbox 2559 4905 2669 4961; x_wconf 91' lang='lat' dir='ltr'><strong>duo</strong></span> <span class='ocrx_word' id='word_1_715' title='bbox 2700 4904 2887 4960; x_wconf 88' lang='lat' dir='ltr'><strong>decem</strong></span> <span class='ocrx_word' id='word_1_716' title='bbox 2914 4900 3370 4972; x_wconf 81' lang='lat' dir='ltr'><strong>aliisinsurgunt,</strong></span> <span class='ocrx_word' id='word_1_717' title='bbox 3397 4908 3451 4955; x_wconf 87' lang='lat' dir='ltr'><strong>el</strong></span> <span class='ocrx_word' id='word_1_718' title='bbox 3470 4899 3659 4956; x_wconf 72' lang='lat' dir='ltr'><strong>decem</strong></span> 
     </span>
    </p>
   </div>
   <div class='ocr_carea' id='block_1_106' title="bbox 2079 4994 3654 5069">
    <p class='ocr_par' dir='ltr' id='par_1_106' title="bbox 2079 4994 3654 5069">
     <span class='ocr_line' id='line_1_106' title="bbox 2079 4994 3654 5069; baseline -0.006 -9"><span class='ocrx_word' id='word_1_719' title='bbox 2079 5003 2173 5060; x_wconf 86' lang='lat' dir='ltr'><strong>alii</strong></span> <span class='ocrx_word' id='word_1_720' title='bbox 2207 5004 2345 5059; x_wconf 88' lang='lat' dir='ltr'><strong>duos</strong></span> <span class='ocrx_word' id='word_1_721' title='bbox 2377 5002 2636 5067; x_wconf 89' lang='lat' dir='ltr'><strong>oderunt,</strong></span> <span class='ocrx_word' id='word_1_722' title='bbox 2679 5014 2787 5052; x_wconf 89' lang='lat' dir='ltr'><strong>non</strong></span> <span class='ocrx_word' id='word_1_723' title='bbox 2819 5005 3036 5069; x_wconf 86' lang='lat' dir='ltr'><strong>oportet</strong></span> <span class='ocrx_word' id='word_1_724' title='bbox 3085 4994 3154 5050; x_wconf 87' lang='lat' dir='ltr'><strong>ad</strong></span> <span class='ocrx_word' id='word_1_725' title='bbox 3184 4994 3315 5050; x_wconf 88' lang='lat' dir='ltr'><strong>illud</strong></span> <span class='ocrx_word' id='word_1_726' title='bbox 3344 4994 3654 5061; x_wconf 73' lang='lat' dir='ltr'><strong>attendere,</strong></span> 
     </span>
    </p>
   </div>
   <div class='ocr_carea' id='block_1_107' title="bbox 2080 5094 2779 5151">
    <p class='ocr_par' dir='ltr' id='par_1_107' title="bbox 2080 5094 2779 5151">
     <span class='ocr_line' id='line_1_107' title="bbox 2080 5094 2779 5151; baseline -0.01 0"><span class='ocrx_word' id='word_1_727' title='bbox 2080 5096 2172 5151; x_wconf 88' lang='lat' dir='ltr'><strong>seJ</strong></span> <span class='ocrx_word' id='word_1_728' title='bbox 2191 5094 2258 5148; x_wconf 90' lang='lat' dir='ltr'><strong>ad</strong></span> <span class='ocrx_word' id='word_1_729' title='bbox 2292 5107 2482 5149; x_wconf 89' lang='lat' dir='ltr'><strong>eorum</strong></span> <span class='ocrx_word' id='word_1_730' title='bbox 2514 5100 2779 5147; x_wconf 82' lang='lat' dir='ltr'><strong>extrema.</strong></span> 
     </span>
    </p>
   </div>
   <div class='ocr_carea' id='block_1_108' title="bbox 2158 5177 3658 5250">
    <p class='ocr_par' dir='ltr' id='par_1_108' title="bbox 2158 5177 3658 5250">
     <span class='ocr_line' id='line_1_108' title="bbox 2158 5177 3658 5250; baseline -0.004 -13"><span class='ocrx_word' id='word_1_731' title='bbox 2158 5182 2323 5241; x_wconf 73' lang='lat' dir='ltr'><strong>Vsus.</strong></span> <span class='ocrx_word' id='word_1_732' title='bbox 2423 5182 2511 5237; x_wconf 75' lang='lat' dir='ltr'><strong>3i.</strong></span> <span class='ocrx_word' id='word_1_733' title='bbox 2570 5180 2681 5236; x_wconf 90' lang='lat' dir='ltr'><strong>Cur</strong></span> <span class='ocrx_word' id='word_1_734' title='bbox 2734 5181 3008 5237; x_wconf 84' lang='lat' dir='ltr'><strong>consentit</strong></span> <span class='ocrx_word' id='word_1_735' title='bbox 3060 5179 3314 5237; x_wconf 83' lang='lat' dir='ltr'><strong>Christus</strong></span> <span class='ocrx_word' id='word_1_736' title='bbox 3386 5177 3658 5250; x_wconf 86' lang='lat' dir='ltr'><strong>increpari</strong></span> 
     </span>
    </p>
   </div>
   <div class='ocr_carea' id='block_1_109' title="bbox 2082 5272 3648 5345">
    <p class='ocr_par' dir='ltr' id='par_1_109' title="bbox 2082 5272 3648 5345">
     <span class='ocr_line' id='line_1_109' title="bbox 2082 5272 3648 5345; baseline -0.006 -10"><span class='ocrx_word' id='word_1_737' title='bbox 2082 5294 2257 5335; x_wconf 63' lang='lat' dir='ltr'><strong>caecos</strong></span> <span class='ocrx_word' id='word_1_738' title='bbox 2285 5292 2317 5332; x_wconf 89' lang='lat' dir='ltr'><strong>a</strong></span> <span class='ocrx_word' id='word_1_739' title='bbox 2349 5276 2510 5332; x_wconf 90' lang='lat' dir='ltr'><strong>turba</strong></span> <span class='ocrx_word' id='word_1_740' title='bbox 2546 5275 2569 5330; x_wconf 80' lang='lat'><strong>?</strong></span> <span class='ocrx_word' id='word_1_741' title='bbox 2600 5284 2660 5331; x_wconf 93' lang='lat' dir='ltr'><strong>ut</strong></span> <span class='ocrx_word' id='word_1_742' title='bbox 2698 5273 2873 5345; x_wconf 84' lang='lat' dir='ltr'><strong>magis</strong></span> <span class='ocrx_word' id='word_1_743' title='bbox 2909 5287 3101 5328; x_wconf 86' lang='lat' dir='ltr'><strong>eorum</strong></span> <span class='ocrx_word' id='word_1_744' title='bbox 3160 5272 3326 5327; x_wconf 88' lang='lat' dir='ltr'><strong>ardor</strong></span> <span class='ocrx_word' id='word_1_745' title='bbox 3361 5280 3648 5342; x_wconf 84' lang='lat' dir='ltr'><strong>appareat.</strong></span> 
     </span>
    </p>
   </div>
   <div class='ocr_carea' id='block_1_110' title="bbox 2081 5365 3011 5439">
    <p class='ocr_par' dir='ltr' id='par_1_110' title="bbox 2081 5365 3011 5439">
     <span class='ocr_line' id='line_1_110' title="bbox 2081 5365 3011 5439; baseline -0.009 -12"><span class='ocrx_word' id='word_1_746' title='bbox 2081 5371 2208 5427; x_wconf 84' lang='lat' dir='ltr'><strong>Ideo</strong></span> <span class='ocrx_word' id='word_1_747' title='bbox 2240 5385 2349 5425; x_wconf 90' lang='lat' dir='ltr'><strong>uon</strong></span> <span class='ocrx_word' id='word_1_748' title='bbox 2393 5370 2715 5439; x_wconf 85' lang='lat' dir='ltr'><strong>interrogat,</strong></span> <span class='ocrx_word' id='word_1_749' title='bbox 2745 5365 3011 5422; x_wconf 82' lang='lat' dir='ltr'><strong>creditis?</strong></span> 
     </span>
    </p>
   </div>
   <div class='ocr_carea' id='block_1_111' title="bbox 2149 5568 3659 5641">
    <p class='ocr_par' dir='ltr' id='par_1_111' title="bbox 2149 5568 3659 5641">
     <span class='ocr_line' id='line_1_111' title="bbox 2149 5568 3659 5641; baseline -0.004 -12"><span class='ocrx_word' id='word_1_750' title='bbox 2149 5575 2414 5631; x_wconf 67' lang='lat' dir='ltr'><strong>Vens.52.</strong></span> <span class='ocrx_word' id='word_1_751' title='bbox 2447 5573 2559 5629; x_wconf 91' lang='lat' dir='ltr'><strong>Cur</strong></span> <span class='ocrx_word' id='word_1_752' title='bbox 2601 5572 2939 5641; x_wconf 81' lang='lat' dir='ltr'><strong>interrogat:</strong></span> <span class='ocrx_word' id='word_1_753' title='bbox 2982 5569 3123 5636; x_wconf 77' lang='lat' dir='ltr'><strong>Quid</strong></span> <span class='ocrx_word' id='word_1_754' title='bbox 3161 5568 3320 5623; x_wconf 82' lang='lat' dir='ltr'><strong>vultis</strong></span> <span class='ocrx_word' id='word_1_755' title='bbox 3358 5580 3414 5622; x_wconf 86' lang='lat' dir='ltr'><strong>ut</strong></span> <span class='ocrx_word' id='word_1_756' title='bbox 3460 5568 3659 5639; x_wconf 73' lang='lat' dir='ltr'><strong>faciant</strong></span> 
     </span>
    </p>
   </div>
   <div class='ocr_carea' id='block_1_112' title="bbox 2084 5663 3656 5740">
    <p class='ocr_par' dir='ltr' id='par_1_112' title="bbox 2084 5663 3656 5740">
     <span class='ocr_line' id='line_1_112' title="bbox 2084 5663 3656 5740; baseline -0.006 -13"><span class='ocrx_word' id='word_1_757' title='bbox 2084 5673 2225 5728; x_wconf 80' lang='lat' dir='ltr'><strong>vobis</strong></span> <span class='ocrx_word' id='word_1_758' title='bbox 2250 5672 2276 5725; x_wconf 70' lang='grc'><strong><em>7</em></strong></span> <span class='ocrx_word' id='word_1_759' title='bbox 2306 5686 2375 5726; x_wconf 91' lang='lat' dir='ltr'><strong>ne</strong></span> <span class='ocrx_word' id='word_1_760' title='bbox 2397 5667 2523 5740; x_wconf 87' lang='lat' dir='ltr'><strong>quis</strong></span> <span class='ocrx_word' id='word_1_761' title='bbox 2548 5674 2699 5739; x_wconf 92' lang='lat' dir='ltr'><strong>putet</strong></span> <span class='ocrx_word' id='word_1_762' title='bbox 2729 5668 2860 5735; x_wconf 87' lang='lat' dir='ltr'><strong>quia</strong></span> <span class='ocrx_word' id='word_1_763' title='bbox 2890 5664 2995 5719; x_wconf 85' lang='lat' dir='ltr'><strong>alia</strong></span> <span class='ocrx_word' id='word_1_764' title='bbox 3028 5663 3337 5719; x_wconf 84' lang='lat' dir='ltr'><strong>volentibus</strong></span> <span class='ocrx_word' id='word_1_765' title='bbox 3384 5663 3656 5735; x_wconf 87' lang='lat' dir='ltr'><strong>loqueris,</strong></span> 
     </span>
    </p>
   </div>
   <div class='ocr_carea' id='block_1_113' title="bbox 2084 5753 3653 5828">
    <p class='ocr_par' dir='ltr' id='par_1_113' title="bbox 2084 5753 3653 5828">
     <span class='ocr_line' id='line_1_113' title="bbox 2084 5753 3653 5828; baseline -0.006 -8"><span class='ocrx_word' id='word_1_766' title='bbox 2084 5765 2189 5820; x_wconf 89' lang='lat' dir='ltr'><strong>alia</strong></span> <span class='ocrx_word' id='word_1_767' title='bbox 2217 5763 2317 5818; x_wconf 89' lang='lat' dir='ltr'><strong>das</strong></span> <span class='ocrx_word' id='word_1_768' title='bbox 2345 5778 2361 5828; x_wconf 86' lang='lat'><strong>;</strong></span> <span class='ocrx_word' id='word_1_769' title='bbox 2395 5768 2451 5815; x_wconf 90' lang='lat' dir='ltr'><strong>et</strong></span> <span class='ocrx_word' id='word_1_770' title='bbox 2482 5767 2542 5813; x_wconf 91' lang='lat' dir='ltr'><strong>ut</strong></span> <span class='ocrx_word' id='word_1_771' title='bbox 2565 5757 2704 5813; x_wconf 80' lang='lat' dir='ltr'><strong>alios</strong></span> <span class='ocrx_word' id='word_1_772' title='bbox 2727 5756 2780 5812; x_wconf 91' lang='lat' dir='ltr'><strong>in</strong></span> <span class='ocrx_word' id='word_1_773' title='bbox 2805 5755 3069 5826; x_wconf 83' lang='lat' dir='ltr'><strong>majorem</strong></span> <span class='ocrx_word' id='word_1_774' title='bbox 3102 5753 3362 5809; x_wconf 83' lang='lat' dir='ltr'><strong>invidiam</strong></span> <span class='ocrx_word' id='word_1_775' title='bbox 3386 5753 3608 5811; x_wconf 85' lang='lat' dir='ltr'><strong>inducat</strong></span> <span class='ocrx_word' id='word_1_776' title='bbox 3634 5774 3653 5821; x_wconf 89' lang='lat'><strong><em>;</em></strong></span> 
     </span>
    </p>
   </div>
   <div class='ocr_carea' id='block_1_114' title="bbox 2085 5849 3652 5921">
    <p class='ocr_par' dir='ltr' id='par_1_114' title="bbox 2085 5849 3652 5921">
     <span class='ocr_line' id='line_1_114' title="bbox 2085 5849 3652 5921; baseline -0.007 -2"><span class='ocrx_word' id='word_1_777' title='bbox 2085 5863 2241 5919; x_wconf 79' lang='lat' dir='ltr'><strong>aliter</strong></span> <span class='ocrx_word' id='word_1_778' title='bbox 2269 5866 2453 5914; x_wconf 86' lang='lat' dir='ltr'><strong>autem</strong></span> <span class='ocrx_word' id='word_1_779' title='bbox 2493 5863 2554 5909; x_wconf 89' lang='lat' dir='ltr'><strong>ut</strong></span> <span class='ocrx_word' id='word_1_780' title='bbox 2608 5851 2864 5907; x_wconf 87' lang='lat' dir='ltr'><strong>ostendat</strong></span> <span class='ocrx_word' id='word_1_781' title='bbox 2921 5850 3020 5907; x_wconf 85' lang='lat' dir='ltr'><strong>hos</strong></span> <span class='ocrx_word' id='word_1_782' title='bbox 3076 5849 3225 5921; x_wconf 89' lang='lat' dir='ltr'><strong>jusle</strong></span> <span class='ocrx_word' id='word_1_783' title='bbox 3276 5849 3652 5908; x_wconf 78' lang='lat' dir='ltr'><strong>benevolentia</strong></span> 
     </span>
    </p>
   </div>
   <div class='ocr_carea' id='block_1_115' title="bbox 2088 5940 3657 6013">
    <p class='ocr_par' dir='ltr' id='par_1_115' title="bbox 2088 5940 3657 6013">
     <span class='ocr_line' id='line_1_115' title="bbox 2088 5940 3657 6013; baseline -0.013 -7"><span class='ocrx_word' id='word_1_784' title='bbox 2088 5952 2349 6013; x_wconf 76' lang='lat' dir='ltr'><strong>fruentes,</strong></span> <span class='ocrx_word' id='word_1_785' title='bbox 2381 5956 2434 6000; x_wconf 90' lang='lat' dir='ltr'><strong>ul</strong></span> <span class='ocrx_word' id='word_1_786' title='bbox 2464 5944 2517 6000; x_wconf 90' lang='lat' dir='ltr'><strong>in</strong></span> <span class='ocrx_word' id='word_1_787' title='bbox 2542 5942 2874 6007; x_wconf 17' lang='lat' dir='ltr'><strong>.Chauanxa,</strong></span> <span class='ocrx_word' id='word_1_788' title='bbox 2901 5948 2953 5995; x_wconf 89' lang='lat' dir='ltr'><strong>ct</strong></span> <span class='ocrx_word' id='word_1_789' title='bbox 2980 5940 3317 6009; x_wconf 72' lang='lat' dir='ltr'><strong>centurione,</strong></span> <span class='ocrx_word' id='word_1_790' title='bbox 3348 5953 3401 6001; x_wconf 90' lang='lat' dir='ltr'><strong>et</strong></span> <span class='ocrx_word' id='word_1_791' title='bbox 3424 5943 3657 6001; x_wconf 60' lang='lat' dir='ltr'><strong>hamos-</strong></span> 
     </span>
    </p>
   </div>
  </div>
