4026 6556
480 426 619 493 1143

1200 439 1568 502 )PUSCULA
1608 442 2235 506 SCRlP'l‘UHISTlCA
2282 449 2625 511 [NCERTE
2662 453 2971 515 IETATIS.

3593 450 3729 517 1144

474 543 715 599 rhoissa.
739 543 909 617 Magis
962 557 1144 604 autem
1174 551 1332 606 istam
1365 555 1448 608 vel
1477 556 1819 610 sanationem
1870 556 2042 611 furan-

2155 561 2580 633 αἱμορροούσηςο
2617 566 2815 635 μᾶλλον
2845 566 2901 619 δέ
2928 566 3097 637 αὐτὴν
3129 566 3223 621 καὶ
3260 564 3599 619 κλέπτουσαν
3629 568 3726 637 τὴν

476 643 581 687 tutu
617 634 867 691 Christus
902 637 1092 693 ultimo
1124 642 1469 698 manifestam
1518 645 1669 700 facit.

538 724 738 781 Curita
762 728 1084 802 interrogat,
1103 731 1243 798 Quid
1271 736 1469 790 vultis?
1494 754 1601 793 non
1630 740 1775 808 quod
1807 740 2040 811 ignoret,

472 815 566 869 sed
598 826 655 877 ut
687 831 842 889 cogat
873 820 995 877 illos
1026 824 1328 893 patefacere
1370 828 1617 883 morbum
1656 840 1709 885 et
1744 833 2042 888 remedium

472 905 745 961 adhibeat.

1034 1060 1261 1116 CAPUT
1292 1062 1429 1115 XXI.

552 1181 717 1239 Vens.
753 1183 807 1241 2.
837 1186 1001 1242 Multa
1034 1189 1087 1243 in
1111 1191 1706 1259 pullo'considerantur
1736 1214 1749 1250 :
1802 1198 2043 1265 praedicit

473 1276 619 1344 quod
668 1277 966 1343 invenient,
1016 1282 1158 1351 quod
1217 1299 1323 1337 non
1380 1287 1744 1341 murmurabit
1789 1288 2045 1345 dominus

472 1366 613 1433 ejus,
644 1370 899 1437 quamvis
918 1386 1125 1442 pauper
1151 1373 1335 1442 fuerit,
1362 1377 1655 1432 terminum
1682 1379 1879 1451 jurgiis
1905 1395 2044 1450 prm-

473 1456 605 1513 bens
655 1468 709 1513 et
739 1476 846 1515 non
906 1464 1179 1531 audaciae;
1241 1467 1294 1520 in
1370 1469 1580 1523 asinam
1619 1472 1953 1532 conscendit,
1992 1482 2046 1527 et

474 1547 810 1616 prophetiam
846 1552 1109 1621 implevit,
1143 1554 1271 1624 quia
1294 1570 1403 1611 non
1460 1560 1622 1614 modo
1661 1559 1820 1615 docet
1840 1562 2042 1627 divina,

471 1637 568 1692 sed
601 1638 766 1694 etiam
802 1657 924 1711 qua:
959 1643 1196 1715 dirigere
1243 1657 1475 1717 possunt
1520 1651 1805 1706 hominum
1854 1654 2041 1707 vitam.

471 1727 576 1782 Per
606 1731 916 1786 modestiam
943 1736 1091 1790 asino
1124 1739 1295 1792 utitur
1318 1743 1407 1811 qui
1441 1743 1613 1797 solum
1638 1745 1707 1797 ad
1757 1745 2044 1799 utilitatem

467 1830 565 1885 est,
592 1822 666 1876 ita
696 1822 967 1882 debilibus
997 1828 1200 1885 docens
1253 1847 1351 1887 nos
1400 1844 1687 1890 contentos
1736 1852 1895 1901 esse;
1949 1839 2042 1892 sed

2153 654 2391 724 ἰατρείαν
2420 655 2653 725 Χριστὸς
2687 656 2854 728 δήλην
2902 656 3133 726 ἔσχατον
3167 658 3330 709 ποιεῖ.

2218 747 2318 800 Διά
2339 747 2390 800 τί
2437 746 2609 812 οὕτως
2666 751 2865 821 ἐρωτᾷ,
2911 750 2974 803 Τί
3021 748 3256 813 eum;
3314 748 3429 803 Οὐκ
3489 749 3722 818 ἀγνοῶν,

2147 836 2274 890 ἀλλ’
2297 838 2383 890 ἶνα
2430 839 2715 911 ἀναγκάσῃ
2766 841 2961 904 αὐτοὺς
3016 840 3331 912 φανερῶσαι
3357 840 3418 894 τὸ
3446 839 3603 904 ἐλκος
3630 843 3724 895 καὶ

2148 929 2309 1000 ἐπιθῇ
2344 929 2404 983 τὸ
2443 931 2737 1003 φάρμακον
2752 975 2764 987 .

2732 1076 2979 1131 ΚΕΦΔΛ.
3028 1076 3160 1133 KA'.

2206 1203 2381 1256 Πολλὰ
2404 1204 2495 1255 καὶ
2534 1203 2627 1256 ἐπὶ
2657 1204 2756 1272 τῆς
2785 1201 2967 1257 πώλου
2994 1204 3304 1273 θεωρεῖται·
3335 1204 3397 1256 τὸ
3434 1204 3722 1275 προειπεῖν

2147 1292 2587 1362 ὅτιεύρήσουσιν·
2619 1293 2681 1345 τὸ
2712 1293 2875 1346 ὃτιού
2906 1292 3171 1362 γογγύσει
3209 1295 3239 1347 ό
3279 1294 3469 1364 κύριος
3524 1291 3718 1353 αὐτοῦ,

2148 1381 2249 1436 κᾶν
2289 1384 2456 1452 πένης
2487 1384 2652 1446 ἐστὶν,
2688 1386 2886 1455 μέτρον
2936 1384 3272 1454 φιλονεικίας
3324 1386 3581 1454 παρέχων
3627 1386 3722 1437 καὶ

2147 1473 2208 1525 οὐ
2234 1472 2588 1543 θρασύτητος.
2620 1475 2709 1538 Εἰς
2740 1474 2861 1528 δνον
2905 1476 3199 1546 ἐκαθέσθη,
3232 1476 3328 1529 καὶ
3382 1476 3721 1549 προφητείαν

2149 1565 2409 1636 ἐπλήρου,
2437 1567 2518 1619 ὅτι
2534 1566 2594 1619 οὐ
2632 1567 2788 1637 μόνον
2812 1567 3048 1621 διδάσκει
3073 1570 3140 1620 τὰ
3162 1568 3301 1632 θεῖα,
3321 1567 3455 1619 ἀλλὰ
3495 1567 3592 1620 καὶ
3618 1566 3711 1619 τὸν

2147 1657 2255 1710 τῶν
2276 1655 2576 1729 ἀνθρώπων
2610 1657 2723 1727 βίον
2761 1656 3089 1728 διορθοῦται.
3122 1657 3222 1710 Διὰ
3242 1657 3340 1725 τῆς
3391 1655 3668 1718 εὐτελείας
3702 1694 3719 1717 .

2153 1748 2329 1801 Ὄνον
2348 1746 2414 1812 ὃς
2430 1748 2624 1816 μόνον
2650 1750 2737 1813 εις
2755 1748 2984 1817 χρείαν,
3013 1746 3159 1801 ἐστιν
3181 1748 3269 1800 ὅτε
3295 1746 3404 1801 τῶν
3427 1747 3721 1801 ἁσθενούνο

2149 1853 2256 1889 των
2315 1836 2556 1890 διδάσκει
2614 1838 2898 1907 εὐπορεῖν⁸
2935 1836 3050 1891 ἀλλ’
3071 1838 3170 1906 οὐχ
3198 1837 3402 1899 ἵππους
3432 1837 3527 1889 καὶ⁵
3555 1836 3719 1905 ήμιὸ-

469 1922 577 1963 non
602 1924 770 1980 equos
804 1922 857 1967 et
880 1915 1182 1979 bemiones,
1212 1920 1303 1990 qui
1334 1920 1399 1974 ad
1447 1921 1587 1976 bella
1616 1932 1779 1989 sunt;
1819 1934 1873 1979 et
1913 1941 2042 1994 pau-

2151 1946 2291 1993 νους,
2334 1930 2391 1995 ἐξ
2424 1922 2499 1982 ὧν
2525 1929 2773 2000 πόλεμοι.
2803 1930 2911 1982 Καὶ
2941 1928 3163 1998 πτωχὴν
3198 1928 3408 1999 μητέρα
3430 1927 3725 1997 {exemerat

467 2015 652 2071 perem
683 2012 910 2059 matrem
942 2005 1151 2075 habuit,
1176 2018 1229 2063 et
1263 2010 1315 2064 in
1342 2012 1602 2081 spelunca
1628 2016 1861 2083 paritur,
1894 2027 1967 2071 et
1992 2017 2047 2070 in

2154 2018 2212 2069 ἐν
2245 2017 2493 2088 σπηλαίῳ
2519 2017 2783 2085 τίκτεται,
2813 2017 2909 2071 καὶ
2929 2018 2987 2073 ἐν
3015 2016 3191 2087 φάτνῃ
3221 2016 3454 2081 τίθεται,
3484 2016 3579 2070 καὶ
3597 2032 3723 2086 κρι-

466 2094 730 2164 praesepio
759 2096 1002 2166 ponitur,
1036 2107 1089 2153 et
1140 2099 1474 2159 hordeaceos
1505 2119 1673 2174 panes
1718 2107 1961 2177 apponit,
1996 2118 2042 2165 et

2153 2109 2331 2173 θίνους
2356 2110 2724 2181 παρατίθησιν
2760 2110 2980 2181 ἄρτους,
3030 2110 3126 2163 καὶ
3166 2108 3227 2173 ἐξ
3273 2109 3479 2178 ἀγορᾶς
3529 2107 3723 2171 ἐσθίει,

467 2186 703 2240 comedit
733 2202 800 2241 ex
835 2187 978 2255 foro,
1012 2200 1065 2247 et
1101 2206 1201 2261 pro
1232 2194 1371 2250 lecto
1410 2195 1617 2251 frenum
1643 2197 1826 2263 habet,
1859 2207 1916 2253 et
1959 2216 2049 2254 ve-

466 2278 641 2333 stibus
666 2280 1007 2349 simplicibus
1030 2284 1273 2339 induitur
1299 2302 1314 2351 ;
1348 2286 1571 2342 domum
1600 2299 1781 2344 autem
1814 2304 1921 2346 non
1946 2291 2044 2344 ha-

468 2368 608 2434 buit,
640 2385 818 2440 neque
845 2388 1049 2442 equum
1109 2377 1400 2445 possidens
1435 2378 1631 2433 itinere
1675 2379 1912 2437 lassatus
1940 2392 2043 2445 est,

465 2472 521 2518 et
548 2465 823 2520 dormiens
874 2466 927 2519 in
986 2474 1129 2521 terra
1197 2468 1435 2536 jacebat,
1465 2480 1520 2526 et
1564 2471 1738 2527 dolori
1787 2475 2045 2531 terminus

466 2572 676 2627 ponens
709 2573 817 2612 non
849 2559 1183 2629 querebatur
1222 2579 1236 2628 ;
1272 2562 1353 2617 sic
1407 2564 1591 2619 omnia
1622 2581 1745 2621 esse
1797 2582 2045 2623 commu-

467 2654 558 2707 nia
614 2654 855 2724 regulam
885 2655 1240 2724 ponebat;et
1273 2657 1433 2714 talem
1467 2659 1587 2714 vita:
1640 2678 1812 2731 genus
1866 2663 2042 2733 sequi,

467 2744 684 2813 qualem
723 2743 838 2815 ipse
868 2745 1187 2812 exhibebat,
1230 2747 1537 2804 doctrinam
1562 2752 1901 2809 instituebat.

526 2835 689 2890 Vens.
728 2835 819 2893 12.
875 2835 951 2892 De
1006 2836 1295 2906 ejectione,
1350 2854 1516 2909 quam
1570 2839 1699 2897 fecit
1759 2844 2041 2910 Dominus,

463 2929 711 2982 omnium
772 2928 967 2983 horum
999 2930 1092 3000 qui
1123 2932 1430 2987 vendebant
1462 2932 1513 2987 in
1549 2934 1773 3005 templo,
1804 2933 2044 2993 Joannes

464 3035 683 3091 quoque
709 3019 851 3076 idem
884 3020 1083 3077 fecisse
1140 3033 1364 3092 narrat;
1415 3026 1508 3080 sed
1554 3026 1644 3082 ille
1675 3027 1728 3081 in
1764 3027 2042 3100 Evangelii

464 3113 641 3178 initio,
679 3113 964 3169 llatthaeus
992 3128 1174 3170 autem
1207 3116 1353 3171 circa
1413 3116 1603 3183 ﬁnem,
1655 3118 1800 3173 unde
1847 3120 2043 3175 verisi~

463 3207 593 3262 mile
627 3217 712 3262 est
750 3208 994 3263 secundo
1050 3208 1188 3263 fleri.
1216 3210 1281 3264 Et
1327 3218 1478 3279 patet
1505 3226 1536 3266 e
1598 3222 1842 3281 tempore
1899 3223 1952 3267 et
1975 3229 2041 3268 ex

463 3299 583 3370 ejus
613 3302 881 3356 sententia
918 3318 931 3356 :
976 3300 1064 3356 hic
1093 3300 1237 3356 enim
1291 3301 1608 3371 speluncam
1646 3302 1921 3358 latronum
1954 3305 2042 3359 di-

464 3394 559 3458 cit,
592 3394 703 3448 illic
729 3405 909 3449 autem
940 3394 1165 3448 domum
1203 3394 1613 3465 negotiationis.

537 3486 705 3541 Vens.
742 3486 955 3540 l6.Cur
980 3486 1172 3541 dicunt
1196 3488 1509 3542 sacerdotes
1545 3478 1703 3541 :Non
1734 3489 1890 3543 audis
1916 3491 2041 3560 quid

463 3583 556 3636 isti
578 3582 759 3635 dicunt
786 3582 811 3634 ?
842 3580 1045 3635 invidia
1086 3580 1295 3635 scilicet
1323 3580 1597 3635 sutl‘ocati.
1626 3579 1748 3636 Ideo
1775 3591 1828 3636 et
1856 3582 2043 3651 objur-

465 3686 600 3740 gans
630 3670 753 3724 illos
795 3668 1083 3739 respondet
1110 3685 1123 3720 ι
1160 3666 1349 3737 Utique
1370 3684 1388 3720 :
1425 3686 1691 3739 nunquam
1720 3669 1965 3739 legistis?
1992 3681 2041 3725 ct

466 3763 694 3832 reliqua.

542 3853 703 3910 Vens.
741 3854 825 3909 18.
853 3852 1139 3921 Quomodo
1172 3868 1329 3909 mane
1356 3853 1579 3909 esurit?
1606 3850 1747 3919 Quia
1787 3856 2043 3911 concedit

464 3947 615 4002 carni
650 3948 755 4002 hoc
801 3948 935 4019 pati.

559 4044 724 4104 Vens.
768 4046 849 4103 l9.
881 4046 995 4102 Cur
1021 4048 1302 4103 maledixit
1334 4046 1461 4102 [icui
1497 4058 1549 4103 et
1573 4047 1801 4104 siccavit
1847 4046 2040 4103 illam?

467 4136 534 4193 Ut
559 4140 801 4195 animum
855 4140 1138 4210 discipulis
1181 4140 1357 4208 daret,
1406 4148 1461 4196 et
1511 4142 1641 4212 quia
1695 4156 1801 4198 non
1864 4142 2040 4197 solum

465 4234 785 4291 benefacere
829 4251 1076 4307 possum,
1145 4237 1237 4293 sed
1278 4246 1332 4293 et
1399 4254 1591 4309 ptenas
1646 4254 1883 4295 sumere.
1930 4241 2042 4295 Cur

466 4327 625 4382 ficum
659 4328 905 4394 siccavit,
938 4338 992 4383 et
1021 4344 1128 4383 non
1163 4330 1325 4385 aliam
1379 4330 1667 4401 plantam?
1697 4329 1835 4398 Quia
1863 4331 2042 4385 humi-

463 4418 689 4473 dissima
724 4427 811 4473 est
838 4434 901 4473 ex
928 4419 1183 4475 omnibus
1215 4419 1361 4486 aliis,
1388 4428 1449 4474 ut
1482 4420 1659 4492 magis
1694 4420 2038 4475 admiraren-

463 4523 553 4567 tur
596 4510 925 4581 prodigium.

2150 2204 2243 2256 καὶ
2273 2203 2379 2257 ἀπὸ
2407 2203 2602 2273 χόρτου
2645 2202 2873 2256 στιϐάδα
2920 2203 3088 2267 ποιεῖ,
3124 2201 3220 2253 καὶ
3272 2199 3466 2269 ἱμάτια
3522 2198 3719 2267 εὐτελῆ

2149 2296 2532 2365 ἀμφιέννυται,
2574 2292 2753 2347 οἰκίαν
2796 2292 2855 2345 δὲ
2898 2292 2998 2344 οὐκ
3070 2289 3248 2360 ἔσχεν,
3292 2293 3388 2344 καὶ
3440 2288 3605 2341 ἵππον
3648 2288 3723 2359 μὴ

2149 2388 2308 2457 ἔχων,
2372 2388 2435 2440 ἐκ
2494 2386 2593 2456 τῆς
2645 2383 2952 2453 ὁδοιπορίας
2980 2383 3211 2437 ἐκοπίαο
3279 2382 3373 2436 καὶ
3449 2379 3722 2433 καθεύδων

2149 2479 2243 2532 ἐπὶ
2279 2478 2383 2549 γῆς
2412 2478 2608 2531 ἔκειτο·
2630 2479 2724 2532 καὶ
2750 2476 2924 2546 λύπης
2959 2474 3131 2545 μέτρα
3155 2474 3323 2538 τιθεὶς
3348 2474 3448 2527 οὐκ
3482 2472 3719 2544 ἐθρήνει.

2148 2568 2337 2633 Οὕτως
2360 2569 2418 2622 τὸ
2448 2570 2624 2624 πάντα
2669 2568 2826 2622 κοινὰ
2886 2562 3049 2632 εἶναι,
3114 2566 3346 2630 κανόνας
3394 2566 3580 2619 ἐτίθει·
3627 2567 3722 2618 καὶ

2148 2660 2388 2714 τοιοῦτον
2434 2662 2635 2732 τρόπον
2684 2660 2923 2724 διώκειν,
2976 2653 3088 2713 οἷον
3132 2658 3293 2721 αὐτὸς
3344 2657 3715 2726 ἐπεδείκνυτο,

2147 2755 2496 2809 διδασκαλίαν
2526 2757 2785 2810 ἐποιεῖτο.

2207 2850 2281 2901 Πε
2290 2851 2341 2917 pl
2359 2847 2452 2902 τοῦ
2474 2848 2757 2902 ἐκϐάλλειν
2778 2847 2868 2903 τὸν
2884 2846 3087 2918 Κύριον
3104 2847 3312 2909 πάντας
3330 2844 3455 2908 τούς
3472 2842 3716 2897 πωλοῦνο

2147 2960 2247 3007 τας
2284 2944 2343 2996 ἐν
2395 2943 2472 3013 τῷ
2503 2941 2652 3014 ἱερῷ,
2714 2942 2808 2995 καὶ
2848 2942 3101 3013 Ἰωάννης
3155 2940 3317 2994 αὐτὸν
3356 2939 3516 2992 τοῦτο
3569 2937 3719 3005 λέγει

2149 3033 2528 3105 πεποιηκέναι·
2566 3034 2815 3095 κάκεῖνος
2841 3032 2939 3103 μὲν
2960 3033 3018 3085 ἐν
3054 3033 3195 3102 ἀρχῇ
3222 3029 3314 3083 τοῦ
3345 3027 3676 3097 Εὐαγγελίου
3700 3044 3713 3057 '

2147 3121 2300 3191 οὗτος
2324 3127 2379 3180 δὲ
2410 3125 2543 3198 πρὸς
2573 3124 2649 3196 τῷ
2674 3125 2838 3179 τέλει.
2874 3124 3035 3179 Ὅθεν
3076 3124 3221 3186 εἰκὸς
3268 3121 3521 3191 δεύτερον
3569 3120 3718 3188 γενέ-

2150 3220 2295 3274 σθαι·
2324 3218 2417 3273 καὶ
2444 3219 2601 3290 δῆλον
2628 3219 2734 3273 ἀπὸ
2753 3218 2847 3272 τοῦ
2870 3219 3084 3291 χρόνου,
3107 3218 3199 3271 καὶ
3216 3217 3322 3270 ἀπὸ
3348 3218 3449 3286 τῆς
3476 3212 3713 3284 ἀποκρί·

2148 3328 2308 3375 σεωςο
2344 3314 2462 3365 ἐκεῖ
2484 3312 2584 3381 μέν
2612 3310 2722 3383 γὰρ
2756 3311 3023 3383 σπήλαιον
3047 3309 3198 3381 λέγει
3218 3307 3453 3382 λῃστῶν,
3488 3306 3717 3361 ἐνταῦθα

2146 3401 2201 3456 δὲ
2233 3399 2381 3455 οἷκον
2402 3401 2693 3473 ἐμπορίου.

2217 3495 2316 3548 Διά
2358 3495 2679 3561 τίλέγουσιν
2707 3493 2758 3546 ol
2806 3492 3135 3563 ίερεῖςοούκ
3166 3490 3407 3557 ἀκούεις
3451 3488 3509 3543 τί
3552 3485 3720 3546 οὗτοι

2144 3584 2462 3655 λέγουσιν;
2485 3583 2575 3655 Τῷ
2604 3584 2783 3654 φθόνῳ
2806 3584 3123 3653 πνιγόμενοι
3159 3597 3172 3610 ·
3202 3580 3283 3634 διὸ
3313 3582 3405 3633 καὶ
3444 3580 3718 3652 ἐπιπλήτ-

2145 3696 2252 3733 των
2277 3678 2473 3740 αὐτοὺς
2508 3674 2885 3747 ἀποκρίνεται·
2921 3675 3055 3730 Ναί·
3080 3673 3368 3729 οὐδέποτε
3388 3671 3718 3744 ἀνέγνωτες

2145 3771 2238 3824 καὶ
2271 3770 2338 3823 τά
2385 3769 2531 3839 ἐξῆς.
2593 3825 2600 3831 ,

2217 3862 2339 3927 Πῶς
2367 3863 2577 3933 πρωῒας
2620 3862 2811 3935 statvi;
2859 3861 2983 3916 ’Ότι
3036 3860 3385 3933 συνεχώρησε
3426 3861 3494 3932 τῇ
3552 3858 3718 3931 σαρκὶ

2145 3953 2304 4008 τοῦτο
2333 3954 2549 4009 παθεῖν.

2202 4050 2301 4103 Διὰ
2320 4048 2373 4102 τί
2399 4047 2749 4121 κατηράσατο
2776 4048 2870 4102 καὶ
2889 4047 3084 4119 ἔψυξεν
3112 4046 3211 4119 τὴν
3249 4046 3454 4117 συκῆν;
3483 4045 3718 4116 Θαρῤεἶν

2146 4142 2317 4197 ποιῶν
2339 4144 2464 4206 τοῦς
2522 4141 2791 4212 μαθητάς,
2828 4142 2922 4194 καὶ
2971 4142 3054 4194 ὅτι
3113 4141 3184 4193 Οὐ
3222 4138 3381 4210 μόνον
3408 4138 3719 4209 εὐεργετεῖν

2146 4236 2405 4305 δύναμαι,
2446 4234 2581 4288 ἀλλὰ
2619 4235 2714 4288 καὶ
2739 4232 3009 4304 τιμωρίαν
3065 4233 3399 4300 ἐπενεγκεῖν.
3422 4231 3523 4282 Διὰ
3544 4228 3595 4281 τί
3622 4228 3718 4299 τὴν

2150 4330 2318 4398 συκῆν
2346 4327 2561 4396 ἔψυξεν,
2596 4328 2689 4381 καὶ
2723 4328 2823 4380 οὐκ
2851 4324 2979 4381 ἄλλο
3001 4324 3199 4395 φυτόν;
3238 4322 3456 4393 Ἐπειδὴ
3481 4321 3719 4391 ὑγρότα-

2147 4435 2237 4470 τον
2256 4418 2364 4470 τῶν
2394 4418 2568 4472 ἄλλων
2597 4419 2764 4481 ἐστὶν,
2796 4417 2880 4471 ἵνα
2910 4413 3274 4487 θαυμαστωθῇ
3305 4410 3506 4484 μᾶλλον
3536 4410 3597 4464 τὸ
3628 4426 3715 4479 γιο

2149 4508 2207 4559 νό
2214 4525 2279 4578 με
2287 4525 2394 4562 νον.

542 4599 713 4657 Vens.
748 4602 840 4655 23.
883 4601 946 4655 In
987 4619 1089 4672 qua
1111 4611 1372 4672 potestate
1401 4604 1509 4656 hate
1533 4601 1706 4671 facis?
1735 4602 1805 4655 ita
1841 4601 2038 4655 intelli-

2214 4602 2307 4665 Τὸ,
2351 4603 2446 4655 Ἑν
2470 4603 2607 4671 ποίᾳ
2650 4602 2905 4670 ἐξουσίᾳ
2960 4599 3146 4655 ταῦτα
3197 4597 3429 4663 nou-:79;
3476 4594 3714 4649 τοιοῦτον

464 4694 698 4761 gendum
728 4699 813 4748 cst
844 4709 856 4747 :
897 4695 1183 4762 rogabant,
1214 4694 1471 4749 sacerdos
1522 4709 1646 4749 cum
1683 4709 1789 4748 non
1819 4694 1917 4753 sis,
1949 4710 2045 4749 ne-

465 4799 571 4853 que
629 4784 846 4849 doctor,
908 4799 1086 4855 neque
1152 4785 1458 4848 ordinatus,
1516 4785 1794 4855 quomodo
1836 4794 2041 4840 tantam

465 4878 795 4944 potestateml,
827 4875 1151 4931 ostendiSti?

515 4968 789 5041 Vensjﬂ‘.
816 4969 957 5037 Quid
993 4970 1154 5026 habet
1171 4969 1377 5027 Christi
1408 4967 2041 5041 responsumHlagnum

465 5062 681 5133 quidem
734 5075 819 5121 est
856 5071 909 5120 et
960 5064 1231 5120 mirabile.
1284 5063 1587 5133 Interrogat
1641 5061 1785 5116 enim
1824 5076 1919 5118 eos
1975 5062 2042 5116 de

465 5153 733 5221 Joannne,
765 5157 910 5214 unde
938 5168 1055 5212 erat
1084 5156 1204 5225 ejus
1249 5156 1558 5225 baptismus
1588 5154 1848 5210 ?.Etenim
1886 5156 1931 5210 si
1955 5155 2039 5210 di-

464 5249 695 5316 xlssent,
722 5265 787 5305 ex
810 5249 946 5316 Deo,
981 5250 1216 5304 dixisset
1246 5248 1354 5312 eis,
1382 5262 1553 5312 quare
1571 5262 1681 5301 non
1708 5246 1929 5301 creditis
1950 5246 2043 5300 ei?

465 5343 511 5397 si
547 5356 674 5397 vero
704 5341 1054 5396 dixissentex
1081 5338 1418 5405 hominibus,
1442 5339 1657 5395 turbam
1685 5338 1951 5394 timebant
1974 5354 2041 5394 ne

464 5436 533 5489 ab
593 5434 685 5487 illa
724 5432 1136 5501 lapidarentur;
1177 5446 1413 5502 magnus
1457 5432 1603 5488 enim
1632 5432 1935 5488 habebatur
1963 5431 2037 5486 illi

464 5524 721 5580 Joannes.
1278 5540 1281 5543 '

536 5614 704 5671 Vens.
734 5615 826 5672 28.
868 5614 1010 5681 Quid
1048 5614 1360 5684 significant
1386 5615 1578 5670 biduo
1602 5615 1698 5670 ﬁlii
1733 5615 1802 5671 de
1833 5616 2037 5686 quibus

467 5710 712 5779 loquitur
733 5706 1034 5763 Christus?
1060 5706 1330 5777 Populum
1390 5706 1633 5778 gentium
1667 5716 1722 5761 et
1771 5707 2038 5777 populum

466 5804 804 5868 Iudaeorum,
832 5816 899 5855 eo
947 5801 1089 5870 quod
1127 5801 1180 5856 hi
1212 5800 1433 5871 quidem
1465 5800 1636 5867 legem
1669 5800 1960 5856 audierunt
1986 5809 2041 5857 ct

466 5914 573 5953 non
591 5895 845 5953 abierunt
867 5895 919 5950 in
937 5897 1146 5953 vineam
1170 5913 1184 5964 ;
1214 5895 1289 5952 illi
1308 5905 1491 5952 autem
1525 5910 1632 5950 nou
1657 5894 1828 5963 legem
1854 5893 2041 5950 audie-

2148 4692 2261 4765 ἔχει
2291 4694 2381 4749 τὸν
2407 4695 2548 4749 νοῦν’
2578 4698 2761 4767 ἧτουν,
2779 4695 2980 4765 Ἱερεῦς
3000 4694 3075 4763 μὴ
3101 4690 3198 4755 ὢν,
3225 4690 3258 4761 ἦ
3284 4688 3603 4751 διδάσκαλος
3642 4686 3714 4758 μὴ

2146 4788 2567 4859 χειροτονηθεὶς,
2609 4788 2727 4852 πῶς
2786 4786 3056 4857 τοσαύτην
3112 4783 3360 4851 ἐξουσίαν
3414 4780 3710 4845 ἐπεδείξω;

2205 4977 2272 5031 Τί
2296 4977 2405 5047 ἔχει
2438 4977 2469 5047 ἡ
2491 4976 2727 5046 Χριστοῦ
2746 4975 3038 5046 ἀπόκρισις
3060 4971 3432 5043 ;Θαυμαστῶς
3456 4971 3591 5025 πολὺ
3624 4970 3713 5023 καὶ

2148 5072 2291 5142 μέγα
2325 5070 2493 5124 ποιῶν
2530 5085 2545 5100 ο
2574 5072 2754 5140 ἐρωτᾷ
2778 5067 2887 5139 γὰρ
2917 5068 3115 5129 αὐτοὺς
3173 5068 3303 5134 περὶ
3333 5066 3603 5127 Ἰωάννου,
3636 5064 3712 5115 ὅτι

2145 5162 2317 5215 Πόθεν
2344 5160 2508 5214 αὐτοῦ
2535 5160 2596 5213 τὸ
2650 5160 2933 5230 βάπτισμα
2971 5177 2985 5223 ;
3018 5160 3128 5213 Καὶ
3156 5158 3265 5228 γὰρ
3293 5158 3342 5210 εἰ
3384 5157 3483 5226 μὲν
3539 5151 3709 5218 εἷπον,

2156 5253 2251 5308 Ἐκ
2289 5254 2446 5319 Θεοῦ,
2471 5249 2624 5306 εἶπεν
2653 5254 2717 5306 ἄν
2742 5270 2754 5285 ·
2785 5254 2895 5307 Καὶ
2915 5252 3005 5305 διὰ
3038 5252 3091 5304 τί
3131 5252 3191 5303 οὐ
3223 5250 3511 5303 πιστεύετε
3544 5247 3709 5317 αὐτῷ·

2143 5346 2192 5399 εί
2220 5345 2278 5399 δέ
2310 5342 2484 5409 εἷπον,
2521 5344 2611 5409 Ἐξ
2640 5345 2965 5416 ἀνθρώπων,
3014 5342 3307 5411 ἐφοϐοῦντο
3354 5341 3481 5402 τοὺς
3527 5340 3711 5410 ὄχλους

2146 5432 2222 5503 μὴ
2268 5432 2687 5503 λιθοϐολήσωσιν
2737 5431 2956 5497 αὐτούς’
3018 5432 3193 5502 μέγαν
3250 5431 3361 5502 γὰρ
3420 5424 3567 5500 εἶχον
3624 5431 3712 5483 τὸν

2155 5523 2434 5594 Ἰωάννην.

2199 5617 2266 5670 Τί
2299 5616 2621 5687 σημαίνουσι
2670 5617 2737 5671 τὰ
2758 5617 2921 5671 τέκνα
2946 5617 3015 5671 τὰ
3046 5617 3138 5671 δύο
3186 5619 3315 5687 περὶ
3363 5610 3440 5670 ὧν
3498 5616 3710 5685 φησινό

2142 5708 2413 5781 Χριστός;
2443 5709 2545 5761 Τὸν
2564 5708 2693 5762 λαὸν
2729 5708 2836 5762 τῶν
2892 5709 3065 5763 ἐθνῶν
3115 5710 3212 5763 καὶ
3262 5709 3373 5761 τῶν
3420 5705 3709 5766 Ἰουδαίων.

2141 5802 2224 5855 ὅτι
2254 5802 2303 5853 ol
2338 5800 2438 5870 μὲν
2469 5801 2783 5871 ὑπήκουσαν
2814 5802 2906 5854 τὸν
2946 5803 3111 5870 νόμον
3152 5800 3247 5853 καὶ
3293 5800 3393 5853 οὐκ
3446 5798 3708 5867 ἀπῆλθον’

2144 5897 2193 5949 ul
2237 5893 2306 5963 δὲ,
2335 5896 2433 5947 οὐκ
2466 5894 2704 5965 ἤκουσαν
2736 5895 2826 5949 καὶ
2867 5894 3129 5965 ἀπῆλθον’
3163 5893 3285 5948 ὅθεν
3325 5891 3384 5944 τὸ
3438 5907 3705 5945 συνεσκιαο
