4060 6576
399 442 535 511 liii:

1380 450 1702 512 SCIIOLIA
1743 454 2036 514 VETERA
2081 456 2164 517 ΙΝ
2202 455 2672 517 MATTHEUM.

3503 455 3642 521 1146

388 562 585 630 σμένον
613 558 729 613 λύει
757 560 952 629 λέγων,
997 562 1080 615 ὅτι
1114 565 1179 616 οι
1210 563 1462 617 τελῶναι
1499 567 1596 617 καὶ
1652 568 1711 618 αἱ
1742 565 1947 634 πόρναι

2067 576 2193 620 runt
2229 576 2284 619 et
2332 565 2585 619 abierunt
2609 566 2663 619 in
2722 565 2957 621 vineam.
2988 562 3145 621 Unde
3193 564 3339 635 quod
3387 575 3639 634 opertum

384 647 761 717 προάγουσιν
796 647 953 719 ὑμᾶς
979 652 1067 715 εὶς
1104 650 1218 718 τήν
1251 650 1582 715 ,βασιλείαν
1626 653 1746 706 τῶν
1780 655 1947 722 οὐρα-

2061 668 2179 713 erat
2234 657 2409 728 aperit
2468 657 2698 719 dicens,
2748 659 2872 727 quia
2919 658 3193 727 publicani
3242 666 3293 713 et
3347 656 3641 709 meretrices

388 757 532 795 νων.

453 832 774 905 Ἄνθρωπον
795 834 1179 906 οἰκοδεσπότην
1198 834 1291 889 τὸν
1305 835 1438 890 Θεὸν
1464 836 1635 905 λέγει,
1658 837 1958 908 ἀμπελῶνα

382 925 439 978 δὲ
463 925 555 978 καὶ
577 923 736 995 ληνδν
780 924 875 979 καὶ
919 925 1129 995 πύργον
1164 926 1259 981 τὸν
1287 926 1452 997 νόμον
1486 926 1545 981 δν
1569 928 1821 996 δέδωκεν,
1862 930 1959 983 καὶ

382 1017 481 1087 τὴν
512 1017 664 1069 πόλιν
698 1017 765 1086 ἢν
808 1017 1127 1088 ἀνέστησεν,
1180 1018 1391 1072 καὶτὸν
1425 1017 1550 1071 ναὸν
1609 1019 1670 1073 δν
1712 1020 1955 1091 ἤγειρενθ

381 1106 661 1175 γεωργοὺς
679 1106 758 1170 δὲ,
785 1106 910 1171 τοὺς
940 1107 1246 1170 Ἰουδαίους·
1277 1108 1444 1161 ἔδωκε
1471 1109 1527 1162 δὲ
1553 1110 1734 1175 αὐτοῖς
1758 1109 1955 1178 φυλάσ-

382 1216 495 1251 σειν
532 1200 599 1251 τὰ
636 1198 878 1252 δοθέντα.
923 1199 996 1251 Τὸ
1030 1200 1109 1265 δὲ,
1148 1201 1558 1269 ἀπεδήμησεν,
1618 1202 1716 1271 τὴν
1758 1202 1956 1271 πολλὴν

384 1290 764 1360 μακροθυμίαν
794 1291 1073 1359 σημαίνει·
1104 1291 1297 1361 ὅτιπερ
1341 1292 1441 1344 οὑκ
1476 1292 1563 1344 ἀεὶ
1603 1292 1755 1364 παρά
1784 1294 1951 1356 πόδας

384 1383 579 1451 ἰτάγει
625 1382 725 1445 τὰς
769 1383 1058 1453 τιμωρίας.
1102 1384 1166 1436 Ol
1208 1384 1264 1437 δὲ
1310 1384 1705 1448 ἀποσταλέντες
1753 1383 1952 1449 δοῦλοι,

383 1476 432 1528 οί
466 1476 738 1545 προφῆται
769 1478 928 1529 εἰσιν·
972 1477 1185 1548 καρπὸς
1216 1477 1272 1531 δὲ
1303 1479 1336 1547 ἡ
1377 1478 1591 1549 ὑπακοὴ
1641 1476 1735 1531 τοῦ
1788 1478 1952 1548 νόμου

381 1565 548 1617 ἐστίν’
604 1565 768 1629 τὸδὲ,
826 1566 1009 1632 Ἴσως
1086 1565 1571 1635 ἐντραπήσονται
1646 1566 1753 1620 τὸν
1797 1567 1949 1632 υἱὸν,

380 1653 535 1711 εἶπεν
560 1660 659 1728 οὐχ
688 1659 765 1722 ὠς
786 1659 1020 1727 ἀγνοῶν,
1039 1659 1175 1713 ἀλλά
1198 1660 1339 1729 μέγα
1366 1658 1534 1723 δείξαι
1565 1658 1625 1713 τδ
1646 1658 1953 1730 ἁμάρτημα

380 1753 701 1821 βουλόμενος
734 1769 747 1783 ·
784 1752 891 1819 ἔξω
940 1752 997 1805 δὲ
1044 1748 1197 1805 εἶπεν
1256 1752 1337 1805 ὃτι
1398 1752 1728 1807 ἀπέκτειναν
1789 1754 1951 1806 αὑτὸν

374 1843 469 1895 τοῦ
502 1841 840 1911 ἀμπελῶνος,
876 1842 1062 1914 ἐπειδὴ
1085 1842 1192 1909 ἔξω
1231 1841 1330 1911 τῆς
1356 1841 1562 1905 πόλεως
1595 1838 1949 1913 ἐσταύρωσαν

374 1936 465 1989 τὸν
492 1935 693 2005 Κύριον
723 1934 911 2006 ἡμῶν.

444 2047 603 2101 Λίθον
638 2046 830 2100 ἑαυτὸν
865 2044 1038 2111 καλεῖ,
1079 2044 1396 2115 οίκοδόμους
1422 2044 1480 2097 δὲ
1516 2044 1644 2107 τοὺς
1690 2043 1947 2098 διδασκά-

373 2137 496 2204 λους
538 2141 645 2193 τῶν
687 2140 953 2192 Ἰουδαὲων
983 2155 1000 2172 ·
1046 2138 1507 2207 ἀπεδοκίμασαν
1539 2138 1615 2204 δὲ,
1668 2137 1837 2207 λέγει,
1889 2138 1947 2190 ἐν

373 2232 449 2300 τῷ
482 2231 664 2297 λέγειν
690 2229 904 2293 αὐτούς’
943 2232 1063 2283 Οὐκ
1096 2230 1268 2283 ἐστιν
1316 2229 1384 2282 ἐκ
1416 2228 1524 2282 τοῦ
1558 2228 1728 2293 Θεοῦ,
1769 2226 1949 2296 οὗτος

372 2322 574 2389 πλανᾷ
633 2321 741 2375 τὸν
792 2322 1063 2391 κόσμονσ
1126 2322 1265 2385 καὶ,
1305 2320 1671 2388 Σαμαρείτης
1736 2320 1944 2373 ἐστίν’

371 2413 432 2465 τὸ
460 2412 538 2477 δὲ,
596 2412 883 2482 Ἔγενήθη
912 2415 999 2477 εὶς
1028 2410 1304 2481 κεφαλὴν
1352 2413 1589 2480 γωνίας,
1629 2411 1711 2463 ὅτι
1743 2410 1813 2463 τὰ
1868 2409 1947 2463 δι-

371 2502 580 2555 εστῶτα
608 2501 735 2573 ἔθνη
772 2502 867 2557 καὶ
929 2502 1220 2565 Ἰουδαίους
1258 2502 1385 2564 τοὺς
1424 2500 1822 2563 πιστεύσαντας
1866 2500 1945 2562 είς

376 2592 433 2645 ἓν
470 2594 706 2664 συνῆψεν
726 2611 739 2624 ·
769 2594 828 2648 τὸ
849 2594 927 2659 δὲ,
957 2595 1121 2663 Παρὰ
1148 2595 1370 2661 Κυρίου
1396 2592 1631 2662 ἐγένετο
1659 2592 1811 2659 αὕτη
1847 2592 1944 2645 καὶ

370 2686 541 2739 ἐστιν
567 2688 881 2757 θαυμαστὴ
916 2688 987 2741 ἐν
1008 2685 1336 2757 ὀφθαλμοῖς
1363 2684 1550 2755 ἡμῶν,
1591 2686 1673 2739 ὅτι
1694 2684 1946 2755 ούδαμῶς

371 2776 516 2828 ἐστιν
553 2774 692 2846 αὕτη
729 2778 763 2847 ἠ
816 2776 985 2845 γωνία
1027 2776 1247 2830 ἐναντία
1297 2776 1454 2839 Θεοῦ,
1481 2775 1619 2829 ἀλλά
1669 2777 1763 2830 καὶ
1815 2776 1945 2829 θαυ-

373 2868 554 2937 μαστὴ
576 2868 705 2937 ἡμῖν
726 2883 740 2897 ’
764 2868 825 2921 τὸ
855 2868 912 2921 δὲ
933 2868 1130 2934 εἰπεῖν,
1163 2868 1246 2920 ὃτι
1278 2868 1341 2921 Ὀ
1365 2866 1573 2920 πεσὼν
1601 2867 1699 2920 ἐπὶ
1726 2868 1833 2920 τὸν
1861 2866 1945 2921 λί-

370 2964 479 3014 θον
509 2960 740 3023 τοῦτον,
761 2959 1294 3026 συνθλασθήσεται
1317 2976 1331 2990 ⁸
1368 2958 1459 3027 ἐφ’
1490 2958 1563 3012 ὃν
1588 2959 1641 3012 δ’
1674 2959 1750 3015 ἂν
1783 2960 1942 3028 πέσῃ

366 3049 652 3119 λικμήσει
694 3051 900 3129 αὑτὸν,
931 3051 1025 3104 δύο
1072 3051 1294 3122 ᾐνίξατο
1339 3052 1635 3116 ἀπωλείας,
1672 3051 1803 3122 μίαν
1848 3052 1943 3106 τοῦ

371 3142 849 3211 σκανδαλισθῆναι,
882 3143 909 3196 ὅ
948 3146 1096 3197 ἐστιν
1120 3144 1426 3215 προσκόψαι
1445 3160 1459 3173 °
1482 3144 1639 3197 τοῦτο
1663 3144 1770 3215 γὰρ
1796 3144 1946 3215 δηλοῖ

368 3230 429 3282 τδ
461 3232 643 3282 πεσεῖν
665 3231 757 3283 ἐπὶ
777 3231 869 3284 τὸν
889 3232 1035 3286 λίθον
1063 3251 1078 3264 ·
1108 3235 1301 3306 ἑτέραν
1331 3235 1387 3288 δὲ
1418 3235 1517 3305 τὴν
1544 3235 1651 3288 ἀπὸ
1676 3235 1777 3305 τῆς
1799 3235 1943 3290 ἀλώ-

372 3338 510 3385 σεως
572 3321 751 3377 αὐτῶν
780 3324 877 3378 καὶ⁵
927 3327 1213 3397 συμφορᾶς
1239 3344 1252 3358 ·
1279 3326 1367 3380 διὰ
1412 3328 1569 3380 τοῦτο
1612 3326 1668 3381 δὲ
1707 3327 1803 3381 καὶ
1847 3327 1946 3397 τὴν

370 3411 665 3466 ἀνάστασιν
688 3411 908 3483 ᾐνίξατο
941 3416 1040 3484 τὴν
1070 3415 1290 3469 ἑαυτοῦ.

944 3516 1198 3597 ΚΕΦΑΛ.
1232 3543 1367 3600 KB’.

452 3668 517 3722 Ἥ
579 3670 678 3739 μὲν
714 3668 811 3722 τοῦ
860 3669 1185 3739 ἀμπελῶνος
1232 3670 1541 3743 παραϐολὴ,
1574 3672 1643 3727 τὰ
1686 3674 1792 3745 πρὸ
1849 3676 1944 3729 τοῦ

372 3760 606 3832 σταυροῦ
636 3760 893 3831 ᾐνίξατο·
924 3761 1060 3832 αὕτη
1109 3762 1167 3815 δὲ
1215 3762 1285 3815 τά
1328 3762 1465 3832 μετὰ
1504 3763 1604 3833 τὴν
1652 3765 1948 3820 ἀνάστασιν

371 3852 538 3920 λέγει.
568 3852 749 3922 Γάμος
782 3852 816 3921 ἡ
855 3850 1289 3922 ὲνανθρώπησις,
1322 3852 1409 3906 διὰ
1442 3852 1504 3906 τὸ
1544 3856 1719 3925 χαρᾶς
1752 3856 1947 3925 γέμειν

370 3944 779 4014 πνευματικῆςο
823 3943 946 3996 ἐπεὶ
970 3946 1064 3995 καὶ
1104 3942 1340 4013 νυμφίον
1397 3942 1560 3996 αὑτὸν
1606 3945 1635 3997 ὁ
1693 3941 1947 4016 Ἰωάννης

370 4035 528 4089 καλεί
551 4051 566 4066 ο
593 4035 968 4105 κεκλημένους
996 4033 1053 4087 δὲ
1088 4032 1257 4101 λέγει,
1286 4032 1409 4085 ἐπεὶ
1438 4032 1545 4104 πρὸ
1568 4033 1764 4087 πολλοῦ
1784 4036 1947 4103 ἐκλή-

373 4126 581 4197 θησαν·
620 4126 929 4198 ἐκλήθησαν
973 4125 1030 4178 δὲ
1078 4125 1170 4178 διὰ
1195 4124 1303 4177 τῶν
1330 4124 1653 4197 προφητῶν.
1692 4126 1945 4195 ’Δριστος

370 4218 449 4283 δὲ,
476 4220 577 4290 τὴν
623 4217 824 4289 πολλὴν
860 4216 1205 4287 εὐφροσύνην
1254 4216 1363 4269 τῶν
1403 4216 1698 4287 θαυμάτων
1757 4216 1945 4285 λέγει’

369 4310 486 4365 ἀλλ’
521 4310 643 4363 οὐδὲ
676 4309 849 4372 οὓτως
879 4309 1079 4373 αὐτοὺς
1113 4308 1427 4377 ἐνέτρεψεν,
1452 4307 1569 4363 ἀλλ’
1607 4309 1815 4379 ἀγροὺς
1852 4308 1946 4361 καὶ

370 4402 444 4456 τὰ
489 4401 735 4473 παρόντα
770 4402 870 4470 τῆς
912 4399 1251 4472 εὐφροσύνης
1304 4399 1508 4472 ταύτης
1545 4399 1944 4471 προετίμησαν.

370 4496 567 4558 Ποίους
605 4495 663 4548 δὲ
696 4494 914 4556 δούλους
960 4494 1223 4564 ὕϐρισαν;
1255 4494 1393 4558 Τοὺς
1421 4494 1752 4557 ἀποστόλους
1793 4510 1807 4524 °
1852 4495 1951 4547 αὑ-

374 4591 458 4640 τοὶ
494 4588 603 4658 γάρ
633 4587 831 4649 αὐτοὺς
866 4586 1005 4657 μετὰ
1030 4588 1127 4657 τὴν
1155 4586 1451 4640 ἀνάστασιν
1488 4587 1908 4657 εὐηγγελίζοντο
1926 4602 1943 4618 ⁸

370 4682 435 4733 τὸ
478 4680 536 4733 δὲ
581 4670 794 4750 πέμψαι
834 4680 903 4733 τά
954 4678 1295 4750 στρατόπεδα
1327 4678 1492 4732 αὑτοῦ
1543 4682 1636 4734 καὶ
1686 4681 1947 4735 ἀπολέσαι

369 4774 499 4838 τοὺς
560 4776 761 4843 φονεῖς,
796 4775 890 4827 καὶ
944 4772 1044 4843 τὴν
1092 4773 1248 4826 πόλιν
1291 4772 1471 4825 αὐτῶν
1525 4773 1832 4843 ἐμπρῆσαι,
1880 4773 1949 4827 τά

372 4867 642 4937 γενόμενα
671 4867 767 4920 ἐπὶ
795 4865 1209 4919 Οὐεσπασιανοῦ
1246 4864 1418 4933 λέγει.

443 4978 508 5030 Τί
564 4979 713 5031 ἐστιν
749 4978 831 5041 τὸ,
868 4978 989 5031 Οὐκ
1025 4970 1190 5047 ἦσαν
1239 4974 1394 5039 ἄξιοι
1449 4976 1504 5028 οί
1549 4977 1951 5043 κεκλημένοι;

376 5070 549 5134 Ἔδει,
577 5070 761 5140 φησὶν,
794 5069 990 5131 αὐτοὺς
1044 5066 1180 5137 μηδὲ
1216 5065 1524 5135 κληθῆναι·
1570 5066 1685 5119 ἀλλ’
1731 5068 1818 5119 ἶνα
1870 5068 1945 5139 μὴ

372 5163 651 5233 καταλίπῃ
686 5160 879 5225 αὐτοῖς
913 5160 1208 5232 πρόφασιν,
1242 5157 1447 5229 καίπερ
1476 5155 1632 5222 εἰδὼς
1677 5158 1774 5230 τὴν
1812 5161 1945 5214 ἀπι-

375 5256 526 5309 στίαν
549 5255 749 5321 αὐτῶν,
786 5253 1053 5323 ἐπεμψεν.

446 5350 489 5401 Τ
496 5350 511 5401 ί
558 5351 707 5401 ἐστιν
739 5348 820 5413 τὸ,
869 5345 1176 5409 Ἐξέλθετε
1223 5350 1312 5408 εὶς
1359 5344 1467 5410 τὰς
1508 5345 1799 5409 πλατείας
1849 5345 1948 5399 καί

373 5442 477 5507 τὰς
506 5441 817 5505 διεξόδους
852 5438 1035 5509 ;Περὶ
1078 5439 1188 5493 τῶν
1240 5438 1410 5492 ἐθνῶν
1464 5437 1655 5506 λέγει’
1690 5438 1785 5490 καὶ
1841 5437 1950 5507 γὰρ

375 5535 477 5587 οὐκ
512 5534 571 5586 ὲν
619 5532 724 5602 ὁδῷ
761 5524 873 5584 οἷον
904 5531 963 5583 ὲν
1018 5531 1189 5600 νόμῳ,
1229 5531 1343 5583 ἀλλ’
1380 5530 1579 5595 ἔξωθεν
1636 5530 1736 5598 τῆς
1773 5529 1946 5599 ὀρθῆς

378 5624 625 5694 ὑπῆρχον
651 5622 772 5676 ὁδοῦ
798 5639 811 5652 ·
844 5622 1047 5689 ἔνδυμα
1082 5620 1138 5673 δὲ
1164 5621 1343 5691 γάμου
1373 5620 1522 5672 ἐστὶν
1559 5618 1671 5688 βίος
1693 5620 1873 5689 ὀρθός.

447 5717 543 5775 Τὸ.
587 5716 643 5769 '0
696 5716 999 5779 κλαυθμὸς
1029 5713 1126 5765 ναὶ
1165 5713 1437 5781 βρυγμὸς
1489 5710 1610 5765 τῶν
1664 5711 1948 5778 ὀδόντων,

380 5810 552 5863 ἐκεῖνό
583 5810 751 5874 ἐστιν,
781 5810 840 5861 τὸ
870 5808 950 5870 είς
986 5807 1393 5876 ἀκαρτερήτους
1433 5804 1627 5867 ὀδύνας
1656 5805 1942 5861 εἰσελθεῖν.

464 5900 682 5972 Ἐπειδὴ
736 5900 1024 5969 ἐφοϐοῦντο
1055 5899 1175 5962 τοὺς
1208 5898 1423 5968 ὄχλους,
1445 5897 1718 5968 δημοσίων
1761 5897 1947 5968 ἀδικη-

2062 751 2354 820 ρνιεσειίειιι
2385 764 2474 802 vos
2501 749 2554 801 in
2585 763 2799 818 regnum
2827 750 3099 804 caelorum.

2139 844 2305 900 Vens.
2334 843 2423 897 35.
2449 839 2737 896 Hominem
2771 850 2980 911 patrem
3013 841 3255 897 fatuiilias
3288 841 3457 895 Deum
3483 839 3638 901 dicit,

2061 934 2274 989 vineam
2300 944 2354 992 et
2384 935 2630 991 torcular
2657 943 2711 989 et
2742 941 2970 997 turrem,
3021 932 3193 1002 legem
3242 946 3405 999 quam
3466 929 3638 992 dedit,

2070 1030 2265 1083 urbem
2286 1045 2447 1099 quam
2472 1028 2777 1092 aedificavit,
2801 1036 2853 1081 et
2880 1026 3139 1095 templum
3170 1025 3313 1094 quod
3331 1023 3638 1085 exstruxit;

2062 1116 2329 1185 agricolas
2373 1127 2553 1171 autem
2607 1115 2845 1171 Judzeos.
2897 1113 3051 1169 Dedit
3079 1128 3209 1167 vero
3248 1113 3329 1169 eis
3359 1112 3641 1166 custodire

2059 1204 2200 1257 dona
2235 1220 2353 1259 sua.
2382 1206 2539 1269 lllud,
2572 1203 2849 1272 Profectus
2880 1213 2982 1268 est,
3046 1217 3303 1271 magnam
3381 1200 3638 1271 longani-

2060 1298 2303 1352 mitatem
2360 1300 2677 1369 signiﬁcat;
2731 1298 2860 1369 quia
2942 1312 3046 1351 non
3140 1311 3355 1364 semper
3429 1293 3640 1349 celeres

2060 1385 2253 1457 inﬂigit
2316 1403 2531 1457 ptenas.
2606 1387 2712 1453 Qui
2797 1388 2949 1442 missi
3037 1397 3166 1442 sunt
3248 1384 3432 1449 servi,
3512 1398 3643 1452 proo

2058 1479 2233 1549 pheta:
2313 1490 2486 1545 sunt;
2589 1479 2801 1533 fructus
2888 1488 3071 1533 autem
3103 1520 3119 1545 ,
3217 1478 3353 1549 legis
3438 1474 3638 1530 obser-

2055 1571 2198 1626 vatio
2227 1579 2330 1626 est.
2365 1570 2500 1624 lllttd
2523 1577 2729 1633 autem,
2770 1570 2906 1639 forte
2936 1572 3251 1623 verebuntur
3276 1569 3472 1638 ﬁlium,
3502 1566 3641 1621 dixit

2055 1670 2255 1716 nonut
2301 1662 2590 1733 ignorans,
2644 1658 2739 1713 sed
2791 1675 3044 1729 magnam
3104 1659 3399 1713 ostendere
3453 1658 3640 1711 volens

2055 1754 2421 1823 iniquitatem.
2447 1751 2594 1806 Dixit
2617 1759 2801 1805 autem
2842 1752 2942 1805 hos
2975 1752 3243 1805 occidisse
3276 1750 3428 1807 illum
3484 1760 3639 1803 extra

2055 1845 2291 1910 vineam,
2316 1845 2445 1915 quia
2466 1854 2622 1901 extra
2649 1842 2840 1898 urbem
2896 1842 3293 1897 crueitixerunt
3344 1840 3637 1894 Dominum

1986 1924 2027 1979 Β
2054 1944 2331 1992 nostrum.

2134 2044 2421 2101 Vens.42.
2454 2045 2715 2115 Lapidem
2779 2060 2840 2101 se
2895 2051 3075 2107 vocat,
3127 2041 3460 2097 aediﬁcantes
3524 2056 3622 2095 au-

2057 2146 2162 2192 tem
2199 2138 2452 2191 doctores
2518 2136 2856 2192 Iudaeorum.
2918 2133 3341 2202 Reprobaverttttt
3424 2140 3633 2196 autem,

2056 2228 2255 2298 inquit,
2292 2228 2562 2282 dicendo:
2599 2227 2723 2283 Non
2761 2244 2825 2281 ea:
2860 2226 2969 2280 Deo
2992 2234 3090 2291 εει,
3129 2226 3229 2278 iste
3254 2222 3455 2277 seducit
3486 2240 3639 2277 mun-

2054 2324 2311 2384 dum;et,
2340 2318 2717 2373 Samaritanus
2750 2328 2846 2373 est.
2881 2317 3017 2372 Illud
3050 2332 3213 2381 vero;
3258 2313 3458 2369 Factus
3475 2327 3551 2368 est
3581 2316 3636 2368 iu

2056 2422 2213 2481 caput
2239 2414 2598 2482 anguli,quia
2634 2421 2913 2481 separatas
2967 2419 3155 2478 gentes
3198 2415 3253 2463 et.
3296 2408 3514 2462 Judaeos
3541 2408 3634 2477 qui

2054 2504 2403 2559 crediderunt
2441 2502 2493 2556 in
2535 2518 2702 2557 unum
2732 2502 3035 2571 compegit;
3077 2501 3123 2553 Α
3147 2499 3372 2553 Domino
3422 2500 3626 2568 {actttm

2053 2607 2129 2651 est
2161 2597 2327 2660 istud,
2362 2606 2413 2651 et
2453 2607 2529 2651 est
2562 2595 2806 2650 mirabile
2835 2597 2888 2649 in
2912 2595 3079 2649 oculis
3122 2595 3343 2658 nostris,
3378 2594 3506 2664 quia
3533 2594 3637 2646 mi-

2054 2693 2202 2744 nime
2225 2690 2340 2759 ipse
2368 2700 2452 2744 est
2482 2688 2715 2759 angulus
2746 2689 3060 2743 contrarius
3086 2686 3219 2751 Deo,
3268 2688 3361 2743 sed
3394 2697 3448 2741 et
3476 2686 3635 2741 nobis

2056 2782 2452 2847 admirandus;
2512 2780 2645 2835 illud
2702 2788 2907 2845 autem,
2946 2780 3050 2844 Qui
3094 2778 3371 2848 oﬂ'enrlert't
3406 2780 3458 2831 in
3479 2779 3617 2830 hunc

2052 2874 2281 2942 lapidem
2306 2872 2607 2938 collidetur,
2636 2873 2691 2926 in
2732 2888 2887 2943 quem
2940 2870 3185 2926 ceciderit
3209 2880 3439 2926 conteret
3488 2887 3630 2934 eum,

2058 2970 2197 3026 duas
2258 2969 2437 3023 innuit
2494 2969 2850 3039 perditiones,
2890 2984 3057 3022 unam
3089 2982 3118 3022 e
3162 2967 3449 3030 seandalo,
3486 2967 3632 3036 quml

2052 3071 2136 3118 est
2162 3062 2433 3118 offendere
2462 3079 2477 3129 ;
2510 3062 2611 3117 hoc
2634 3062 2779 3116 enim
2833 3061 3040 3115 indicat
3085 3059 3361 3116 olTendcre
3392 3060 3446 3113 in
3492 3060 3632 3126 lupi-

2053 3155 2219 3221 dem;
2297 3154 2523 3208 alteram
2589 3162 2770 3208 autem
2822 3167 2887 3207 ex
2935 3153 3153 3207 illorum
3232 3152 3517 3207 obsidione
3580 3161 3633 3205 et

2054 3248 2457 3310 destructione:
2492 3263 2587 3318 per
2612 3248 2715 3304 hoc
2758 3256 2940 3303 autem
2972 3247 3137 3303 etiam
3173 3260 3328 3302 suam
3378 3261 3625 3302 resurre-

2056 3342 2296 3399 ctionem
2325 3343 2503 3398 innuit

2671 3558 2902 3615 CAPUT
2936 3558 3103 3616 XXII.

2135 3684 2307 3740 Vens.
2343 3684 2398 3740 2.
2432 3684 2617 3739 Vineae
2644 3685 2904 3753 parabola
2927 3701 3049 3754 qua:
3063 3698 3279 3740 crucem
3307 3684 3635 3739 antecedunt

2048 3779 2286 3843 iudicat;
2327 3778 2441 3833 haec
2469 3788 2649 3833 autem
2682 3794 2803 3847 quae
2836 3777 3300 3834 resurrectionem
3326 3786 3634 3846 sequuntur

2048 3871 2284 3927 nuntiat.
2312 3868 2525 3938 Nuptiae
2564 3869 2873 3925 incarnatio
2892 3876 3000 3935 est,
3028 3884 3151 3939 qua:
3186 3868 3457 3937 spirituali
3493 3884 3630 3937 gau-

2048 3963 2138 4016 dio
2167 3962 2441 4031 impletur.
2484 3962 2617 4015 Nam
2642 3972 2695 4017 et
2716 3977 2978 4032 sponsum
3004 3962 3157 4016 illum
3182 3960 3424 4015 Joannes
3450 3971 3631 4015 vocat.

2046 4053 2309 4108 luvitatos
2339 4061 2520 4107 autem
2539 4052 2693 4116 dicit,
2724 4054 2854 4123 quia
2888 4053 3217 4123 jampridem
3242 4052 3419 4107 vocati
3450 4060 3630 4105 erant.

2050 4142 2244 4199 Vocati
2297 4151 2457 4197 erant
2486 4157 2585 4212 per
2608 4144 2922 4212 prophetas.
2956 4140 3256 4194 Prandium
3301 4149 3482 4194 autem
3513 4155 3633 4194 ma—

2048 4250 2215 4306 gnum
2260 4234 2651 4289 miraculorum
2703 4232 2961 4303 gaudium
3007 4239 3208 4295 vocat;
3262 4232 3354 4285 sed
3414 4246 3523 4282 non
3559 4230 3631 4282 ita

2051 4326 2171 4382 illos
2193 4327 2483 4389 convertit,
2525 4324 2619 4379 sed
2647 4325 2805 4379 villas
2828 4339 2979 4388 suas,
3012 4323 3065 4379 id
3092 4331 3198 4385 est,
3228 4336 3466 4391 praesens
3486 4320 3631 4375 istud

2051 4418 2332 4488 gaudium,
2360 4416 2901 4487 prtetulerunt.Quos
2932 4425 3112 4471 autem
3142 4429 3334 4469 servos
3355 4424 3634 4468 contume-

2050 4510 2139 4565 liis
2168 4508 2505 4564 all‘ecerunt?
2554 4507 2891 4577 Apostolos:
2926 4507 2982 4560 bi
3016 4507 3161 4560 enim
3198 4505 3327 4561 illos
3378 4514 3503 4573 post
3541 4519 3632 4558 re-

2053 4603 2450 4658 surrectionem
2534 4602 3072 4672 evangelizaverunt.
3145 4600 3430 4654 Exercitus
3500 4614 3633 4657 suos

2055 4694 2270 4751 mittere
2318 4703 2375 4751 et
2422 4694 2653 4765 perdere
2694 4695 2997 4750 homicidas
3069 4694 3212 4758 illos.
3266 4702 3319 4748 et
3358 4692 3631 4748 civitatem

2053 4786 2272 4841 illorum
2290 4772 2644 4849 succendere,
2664 4802 2791 4856 quae
2807 4786 2910 4843 sub
2939 4783 3274 4855 Vespasiano
3290 4783 3635 4854 contigerunt

2054 4879 2322 4949 praedicit.

2124 4984 2288 5039 Vens.
2312 4984 2365 5038 8.
2398 4984 2537 5049 Quid
2564 4992 2667 5048 est,
2708 4984 2797 5053 qui
2826 4983 3035 5036 invitati
3086 4990 3262 5047 erant,
3287 4998 3390 5036 non
3412 4982 3633 5050 fuerunt

2052 5077 2246 5147 digni?
2281 5076 2643 5146 oportuisset,
2688 5075 2887 5145 inquit,
2922 5091 3018 5130 eos
3074 5090 3184 5128 non
3239 5074 3494 5139 invitari;
3531 5073 3628 5128 sed

2055 5182 2114 5225 ut
2146 5187 2252 5225 non
2288 5170 2396 5225 illis
2448 5167 2860 5223 excusationem
2920 5168 3211 5236 linqueret,
3270 5166 3401 5222 licet
3443 5170 3629 5222 θείοιο

2054 5265 2272 5319 illorum
2307 5260 2771 5321 incredulitatem,
2796 5259 2965 5314 misit.

2136 5354 2299 5410 Vens.
2327 5353 2381 5408 9.
2410 5351 2549 5419 Quid
2574 5360 2680 5415 est,
2698 5354 2779 5406 Ite
2802 5352 2868 5404 ad
2900 5349 3103 5419 plateas
3120 5359 3167 5403 et
3189 5351 3361 5405 exitus
3380 5350 3583 5403 viarum
3602 5352 3632 5403 2

2054 5448 2121 5503 de
2151 5446 2403 5517 gentibus
2441 5445 2648 5500 dictum
2682 5451 2787 5498 est.
2833 5442 3050 5498 Etenim
3088 5457 3197 5496 non
3231 5442 3284 5496 in
3335 5443 3424 5497 via
3472 5443 3632 5512 quasi

2056 5538 2113 5591 in
2134 5538 2269 5606 lege.
2292 5535 2387 5589 sed
2409 5544 2562 5587 extra
2596 5543 2801 5586 rectam
2853 5531 2996 5586 viam
3030 5530 3428 5597 versabantur;
3468 5533 3636 5587 vestis

2056 5636 2241 5682 autem
2264 5624 2526 5693 nuptialis
2555 5631 2641 5679 est
2674 5623 2780 5676 vita
2811 5632 2978 5677 recta.

2131 5715 2401 5771 “133.15.
2432 5713 2613 5768 Fletus
2634 5722 2682 5767 et
2708 5713 2907 5766 stridor
2928 5711 3458 5777 deutium,dolorum
3486 5710 3634 5766 inlo-

2053 5808 2360 5865 lerabilium
2396 5806 2732 5860 invasionem
2759 5804 3064 5871 designant.

2132 5900 2292 5955 Vens.
2330 5901 2415 5956 15.
2441 5899 2706 5967 Quoniam
2739 5897 3004 5953 timebant
3054 5900 3243 5956 turbas
3288 5899 3632 5970 publicorum

3608 4916 3611 4919 .
3639 4888 3648 4919 1
