  <div class='ocr_page' id='page_1' title='image "/cluster/home/n/w/nwhite01/storage/ocr_20150623/106/hvd.32044051727071/585.png"; bbox 0 0 4060 6554; ppageno 0'>
   <div class='ocr_carea' id='block_1_1' title="bbox 455 389 2057 465">
    <p class='ocr_par' dir='ltr' id='par_1_1' title="bbox 455 389 2057 458">
     <span class='ocr_line' id='line_1_1' title="bbox 455 389 2057 458; baseline 0.003 -8"><span class='ocrx_word' id='word_1_1' title='bbox 455 389 587 452; x_wconf 68' lang='grc'>1147</span> <span class='ocrx_word' id='word_1_2' title='bbox 1155 396 1549 456; x_wconf 68' lang='grc' dir='ltr'><strong>ΟΡΠΞΟΙῘΙΛ</strong></span> <span class='ocrx_word' id='word_1_3' title='bbox 1589 394 2057 458; x_wconf 78' lang='lat' dir='ltr'><strong>SCRIPTURIS‘</strong></span> 
     </span>
    </p>
   </div>
   <div class='ocr_carea' id='block_1_2' title="bbox 2164 389 3713 465">
    <p class='ocr_par' dir='ltr' id='par_1_2' title="bbox 2164 398 3713 465">
     <span class='ocr_line' id='line_1_2' title="bbox 2164 398 3713 465; baseline 0.004 -11"><span class='ocrx_word' id='word_1_4' title='bbox 2164 398 2222 456; x_wconf 74' lang='grc' dir='ltr'><strong>ΞΑ</strong></span> <span class='ocrx_word' id='word_1_5' title='bbox 2264 399 2613 461; x_wconf 68' lang='grc' dir='ltr'><strong>ΙΝΠΕΒΤίΕ</strong></span> <span class='ocrx_word' id='word_1_6' title='bbox 2642 400 2948 462; x_wconf 70' lang='grc' dir='ltr'><strong>ᾹΞΤΑΤΙΞ.</strong></span> <span class='ocrx_word' id='word_1_7' title='bbox 3572 400 3713 465; x_wconf 70' lang='grc'>1148</span> 
     </span>
    </p>
   </div>
   <div class='ocr_carea' id='block_1_3' title="bbox 448 506 2057 587">
    <p class='ocr_par' dir='ltr' id='par_1_3' title="bbox 448 506 2034 582">
     <span class='ocr_line' id='line_1_3' title="bbox 448 506 2034 582; baseline 0.006 -25"><span class='ocrx_word' id='word_1_8' title='bbox 448 506 482 557; x_wconf 71' lang='grc' dir='ltr'><strong>ιι</strong></span> <span class='ocrx_word' id='word_1_9' title='bbox 521 507 774 562; x_wconf 72' lang='lat' dir='ltr'><strong>lictorum</strong></span> <span class='ocrx_word' id='word_1_10' title='bbox 805 507 1029 579; x_wconf 78' lang='lat' dir='ltr'><strong>laqueos</strong></span> <span class='ocrx_word' id='word_1_11' title='bbox 1082 510 1333 566; x_wconf 86' lang='lat' dir='ltr'><strong>tendunt.</strong></span> <span class='ocrx_word' id='word_1_12' title='bbox 1377 510 1512 566; x_wconf 89' lang='lat' dir='ltr'><strong>Nam</strong></span> <span class='ocrx_word' id='word_1_13' title='bbox 1536 528 1631 582; x_wconf 90' lang='lat' dir='ltr'><strong>per</strong></span> <span class='ocrx_word' id='word_1_14' title='bbox 1659 514 2034 569; x_wconf 78' lang='lat' dir='ltr'><strong>Romanorum</strong></span> 
     </span>
    </p>
   </div>
   <div class='ocr_carea' id='block_1_4' title="bbox 2164 506 3715 587">
    <p class='ocr_par' dir='ltr' id='par_1_4' title="bbox 2164 512 3715 587">
     <span class='ocr_line' id='line_1_4' title="bbox 2164 512 3715 587; baseline 0.003 -22"><span class='ocrx_word' id='word_1_15' title='bbox 2164 512 2410 583; x_wconf 66' lang='grc' dir='ltr'>πημάτων</span> <span class='ocrx_word' id='word_1_16' title='bbox 2461 516 2698 583; x_wconf 80' lang='grc' dir='ltr'><strong>παγίδας</strong></span> <span class='ocrx_word' id='word_1_17' title='bbox 2736 516 2958 571; x_wconf 80' lang='grc' dir='ltr'><strong>ἱστῶσιν</strong></span> <span class='ocrx_word' id='word_1_18' title='bbox 2985 532 3003 550; x_wconf 78' lang='grc' dir='ltr'><strong><em>ο</em></strong></span> <span class='ocrx_word' id='word_1_19' title='bbox 3037 516 3117 579; x_wconf 90' lang='grc' dir='ltr'><strong>είς</strong></span> <span class='ocrx_word' id='word_1_20' title='bbox 3152 515 3261 587; x_wconf 82' lang='grc' dir='ltr'><strong>γάρ</strong></span> <span class='ocrx_word' id='word_1_21' title='bbox 3289 516 3389 587; x_wconf 82' lang='grc' dir='ltr'>τὴν</span> <span class='ocrx_word' id='word_1_22' title='bbox 3418 515 3528 569; x_wconf 87' lang='grc' dir='ltr'><strong>τῶν</strong></span> <span class='ocrx_word' id='word_1_23' title='bbox 3579 518 3715 570; x_wconf 83' lang='grc' dir='ltr'><strong>Ῥω·</strong></span> 
     </span>
    </p>
   </div>
   <div class='ocr_carea' id='block_1_5' title="bbox 455 598 2057 678">
    <p class='ocr_par' dir='ltr' id='par_1_5' title="bbox 455 598 2028 670">
     <span class='ocr_line' id='line_1_5' title="bbox 455 598 2028 670; baseline 0.007 -22"><span class='ocrx_word' id='word_1_24' title='bbox 455 598 741 667; x_wconf 86' lang='lat' dir='ltr'><strong>imperium</strong></span> <span class='ocrx_word' id='word_1_25' title='bbox 798 616 886 655; x_wconf 81' lang='lat' dir='ltr'><strong>res</strong></span> <span class='ocrx_word' id='word_1_26' title='bbox 930 617 1057 657; x_wconf 90' lang='lat' dir='ltr'><strong>cum</strong></span> <span class='ocrx_word' id='word_1_27' title='bbox 1111 602 1411 658; x_wconf 73' lang='lat' dir='ltr'><strong>immutatae</strong></span> <span class='ocrx_word' id='word_1_28' title='bbox 1460 606 1567 661; x_wconf 85' lang='lat' dir='ltr'><strong>illis</strong></span> <span class='ocrx_word' id='word_1_29' title='bbox 1632 615 1839 670; x_wconf 89' lang='lat' dir='ltr'><strong>essent,</strong></span> <span class='ocrx_word' id='word_1_30' title='bbox 1902 620 2028 661; x_wconf 90' lang='lat' dir='ltr'><strong>cum</strong></span> 
     </span>
    </p>
   </div>
   <div class='ocr_carea' id='block_1_6' title="bbox 2164 598 3710 678">
    <p class='ocr_par' dir='ltr' id='par_1_6' title="bbox 2164 606 3710 678">
     <span class='ocr_line' id='line_1_6' title="bbox 2164 606 3710 678; baseline 0.003 -22"><span class='ocrx_word' id='word_1_31' title='bbox 2164 606 2310 659; x_wconf 58' lang='grc' dir='ltr'>μαίων</span> <span class='ocrx_word' id='word_1_32' title='bbox 2332 606 2506 677; x_wconf 79' lang='grc' dir='ltr'>ἀρχὴν</span> <span class='ocrx_word' id='word_1_33' title='bbox 2541 607 2651 661; x_wconf 83' lang='grc' dir='ltr'><strong>τῶν</strong></span> <span class='ocrx_word' id='word_1_34' title='bbox 2688 607 3032 678; x_wconf 75' lang='grc' dir='ltr'><strong>πραγμάτων</strong></span> <span class='ocrx_word' id='word_1_35' title='bbox 3062 608 3247 670; x_wconf 79' lang='grc' dir='ltr'>αὐτοῖς</span> <span class='ocrx_word' id='word_1_36' title='bbox 3276 608 3710 677; x_wconf 76' lang='grc' dir='ltr'>μετατεθέντων,</span> 
     </span>
    </p>
   </div>
   <div class='ocr_carea' id='block_1_7' title="bbox 458 693 2057 768">
    <p class='ocr_par' dir='ltr' id='par_1_7' title="bbox 458 694 2029 767">
     <span class='ocr_line' id='line_1_7' title="bbox 458 694 2029 767; baseline 0.002 -19"><span class='ocrx_word' id='word_1_37' title='bbox 458 694 708 748; x_wconf 89' lang='lat' dir='ltr'><strong>sciebant</strong></span> <span class='ocrx_word' id='word_1_38' title='bbox 738 694 1020 750; x_wconf 78' lang='lat' dir='ltr'><strong>Thcudam</strong></span> <span class='ocrx_word' id='word_1_39' title='bbox 1047 707 1103 751; x_wconf 91' lang='lat' dir='ltr'><strong>et</strong></span> <span class='ocrx_word' id='word_1_40' title='bbox 1127 695 1322 751; x_wconf 76' lang='lat' dir='ltr'><strong>Juilam</strong></span> <span class='ocrx_word' id='word_1_41' title='bbox 1353 697 1476 752; x_wconf 90' lang='lat' dir='ltr'><strong>idco</strong></span> <span class='ocrx_word' id='word_1_42' title='bbox 1500 698 1716 754; x_wconf 89' lang='lat' dir='ltr'><strong>occisos</strong></span> <span class='ocrx_word' id='word_1_43' title='bbox 1736 714 1859 753; x_wconf 89' lang='lat' dir='ltr'><strong>esse</strong></span> <span class='ocrx_word' id='word_1_44' title='bbox 1880 697 2029 767; x_wconf 90' lang='lat' dir='ltr'><strong>quod</strong></span> 
     </span>
    </p>
   </div>
   <div class='ocr_carea' id='block_1_8' title="bbox 2164 693 3718 768">
    <p class='ocr_par' dir='ltr' id='par_1_8' title="bbox 2166 693 3718 768">
     <span class='ocr_line' id='line_1_8' title="bbox 2166 693 3718 768; baseline 0.001 -19"><span class='ocrx_word' id='word_1_45' title='bbox 2166 697 2321 768; x_wconf 78' lang='grc' dir='ltr'>πειδὴ</span> <span class='ocrx_word' id='word_1_46' title='bbox 2350 693 2489 752; x_wconf 79' lang='grc' dir='ltr'>εἶδον</span> <span class='ocrx_word' id='word_1_47' title='bbox 2526 700 2609 753; x_wconf 80' lang='grc' dir='ltr'>ὅτι</span> <span class='ocrx_word' id='word_1_48' title='bbox 2640 700 2845 763; x_wconf 80' lang='grc' dir='ltr'><strong>Θευδᾶς</strong></span> <span class='ocrx_word' id='word_1_49' title='bbox 2873 700 2967 753; x_wconf 77' lang='grc' dir='ltr'>καὶ</span> <span class='ocrx_word' id='word_1_50' title='bbox 3023 699 3225 762; x_wconf 69' lang='grc' dir='ltr'>Ἰούδας</span> <span class='ocrx_word' id='word_1_51' title='bbox 3288 700 3378 753; x_wconf 89' lang='grc' dir='ltr'><strong>διά</strong></span> <span class='ocrx_word' id='word_1_52' title='bbox 3411 699 3569 753; x_wconf 87' lang='grc' dir='ltr'>τοῦτο</span> <span class='ocrx_word' id='word_1_53' title='bbox 3610 700 3718 752; x_wconf 71' lang='grc' dir='ltr'>ἀπ.</span> 
     </span>
    </p>
   </div>
   <div class='ocr_carea' id='block_1_9' title="bbox 456 784 2057 861">
    <p class='ocr_par' dir='ltr' id='par_1_9' title="bbox 456 784 2034 853">
     <span class='ocr_line' id='line_1_9' title="bbox 456 784 2034 853; baseline 0.003 -17"><span class='ocrx_word' id='word_1_54' title='bbox 456 784 511 837; x_wconf 88' lang='lat' dir='ltr'><strong>in</strong></span> <span class='ocrx_word' id='word_1_55' title='bbox 548 784 823 842; x_wconf 82' lang='lat' dir='ltr'><strong>Romanos</strong></span> <span class='ocrx_word' id='word_1_56' title='bbox 859 787 1207 843; x_wconf 82' lang='lat' dir='ltr'><strong>rebellionem</strong></span> <span class='ocrx_word' id='word_1_57' title='bbox 1245 789 1490 843; x_wconf 73' lang='lat' dir='ltr'><strong>meditati</strong></span> <span class='ocrx_word' id='word_1_58' title='bbox 1538 788 1796 853; x_wconf 90' lang='lat' dir='ltr'><strong>fuissent,</strong></span> <span class='ocrx_word' id='word_1_59' title='bbox 1850 789 2034 844; x_wconf 82' lang='lat' dir='ltr'><strong>volue-</strong></span> 
     </span>
    </p>
   </div>
   <div class='ocr_carea' id='block_1_10' title="bbox 2164 784 3716 861">
    <p class='ocr_par' dir='ltr' id='par_1_10' title="bbox 2169 788 3716 861">
     <span class='ocr_line' id='line_1_10' title="bbox 2169 788 3716 861; baseline 0.001 -20"><span class='ocrx_word' id='word_1_60' title='bbox 2169 788 2329 843; x_wconf 87' lang='grc' dir='ltr'>θανον</span> <span class='ocrx_word' id='word_1_61' title='bbox 2354 790 2692 847; x_wconf 75' lang='grc' dir='ltr'><strong>ἀποστασίαν</strong></span> <span class='ocrx_word' id='word_1_62' title='bbox 2718 793 2783 846; x_wconf 65' lang='grc' dir='ltr'>ἐκ</span> <span class='ocrx_word' id='word_1_63' title='bbox 2814 790 3099 861; x_wconf 85' lang='grc' dir='ltr'>Ῥωμαίων</span> <span class='ocrx_word' id='word_1_64' title='bbox 3118 791 3537 861; x_wconf 79' lang='grc' dir='ltr'>μελετήσαντες,</span> <span class='ocrx_word' id='word_1_65' title='bbox 3566 788 3716 842; x_wconf 67' lang='grc' dir='ltr'>ἰδοῦ·</span> 
     </span>
    </p>
   </div>
   <div class='ocr_carea' id='block_1_11' title="bbox 457 879 2032 949">
    <p class='ocr_par' dir='ltr' id='par_1_11' title="bbox 457 879 2032 949">
     <span class='ocr_line' id='line_1_11' title="bbox 457 879 2032 949; baseline 0.004 -20"><span class='ocrx_word' id='word_1_66' title='bbox 457 888 584 931; x_wconf 87' lang='lat' dir='ltr'><strong>runt</strong></span> <span class='ocrx_word' id='word_1_67' title='bbox 609 887 663 932; x_wconf 88' lang='lat' dir='ltr'><strong>et</strong></span> <span class='ocrx_word' id='word_1_68' title='bbox 686 879 837 934; x_wconf 89' lang='lat' dir='ltr'><strong>illum</strong></span> <span class='ocrx_word' id='word_1_69' title='bbox 870 880 922 933; x_wconf 91' lang='lat' dir='ltr'><strong>in</strong></span> <span class='ocrx_word' id='word_1_70' title='bbox 951 881 1111 936; x_wconf 82' lang='lat' dir='ltr'><strong>talem</strong></span> <span class='ocrx_word' id='word_1_71' title='bbox 1142 882 1508 949; x_wconf 77' lang='lat' dir='ltr'><strong>suspicionem</strong></span> <span class='ocrx_word' id='word_1_72' title='bbox 1535 882 1824 937; x_wconf 73' lang='lat' dir='ltr'><strong>adducere.</strong></span> <span class='ocrx_word' id='word_1_73' title='bbox 1856 882 2032 947; x_wconf 86' lang='lat' dir='ltr'><strong>Quam</strong></span> 
     </span>
    </p>
   </div>
   <div class='ocr_carea' id='block_1_12' title="bbox 460 971 2037 1044">
    <p class='ocr_par' dir='ltr' id='par_1_12' title="bbox 460 971 2037 1044">
     <span class='ocr_line' id='line_1_12' title="bbox 460 971 2037 1044; baseline 0.001 -20"><span class='ocrx_word' id='word_1_74' title='bbox 460 972 529 1024; x_wconf 89' lang='lat' dir='ltr'><strong>ob</strong></span> <span class='ocrx_word' id='word_1_75' title='bbox 563 987 784 1027; x_wconf 78' lang='lat' dir='ltr'><strong>causam</strong></span> <span class='ocrx_word' id='word_1_76' title='bbox 818 989 943 1028; x_wconf 91' lang='lat' dir='ltr'><strong>cum</strong></span> <span class='ocrx_word' id='word_1_77' title='bbox 976 975 1093 1029; x_wconf 85' lang='lat' dir='ltr'><strong>suis</strong></span> <span class='ocrx_word' id='word_1_78' title='bbox 1125 971 1409 1044; x_wconf 80' lang='lat' dir='ltr'><strong>discipulis</strong></span> <span class='ocrx_word' id='word_1_79' title='bbox 1440 971 1671 1027; x_wconf 82' lang='lat' dir='ltr'><strong>Herodis</strong></span> <span class='ocrx_word' id='word_1_80' title='bbox 1702 974 1902 1027; x_wconf 85' lang='lat' dir='ltr'><strong>milites</strong></span> <span class='ocrx_word' id='word_1_81' title='bbox 1934 975 2037 1026; x_wconf 85' lang='lat' dir='ltr'><strong>iiii-</strong></span> 
     </span>
    </p>
   </div>
   <div class='ocr_carea' id='block_1_13' title="bbox 460 1064 2034 1136">
    <p class='ocr_par' dir='ltr' id='par_1_13' title="bbox 460 1064 2034 1136">
     <span class='ocr_line' id='line_1_13' title="bbox 460 1064 2034 1136; baseline 0.001 -18"><span class='ocrx_word' id='word_1_82' title='bbox 460 1073 670 1130; x_wconf 81' lang='lat' dir='ltr'><strong>serunt,</strong></span> <span class='ocrx_word' id='word_1_83' title='bbox 717 1064 986 1136; x_wconf 83' lang='lat' dir='ltr'><strong>duplicem</strong></span> <span class='ocrx_word' id='word_1_84' title='bbox 1038 1067 1239 1121; x_wconf 88' lang='lat' dir='ltr'><strong>fossam</strong></span> <span class='ocrx_word' id='word_1_85' title='bbox 1286 1065 1609 1134; x_wconf 83' lang='lat' dir='ltr'><strong>aperientes,</strong></span> <span class='ocrx_word' id='word_1_86' title='bbox 1655 1072 1713 1118; x_wconf 92' lang='lat' dir='ltr'><strong>ut</strong></span> <span class='ocrx_word' id='word_1_87' title='bbox 1741 1064 1785 1119; x_wconf 89' lang='lat' dir='ltr'><strong>si</strong></span> <span class='ocrx_word' id='word_1_88' title='bbox 1816 1064 2034 1134; x_wconf 85' lang='lat' dir='ltr'><strong>quidem</strong></span> 
     </span>
    </p>
   </div>
   <div class='ocr_carea' id='block_1_14' title="bbox 460 1154 2039 1227">
    <p class='ocr_par' dir='ltr' id='par_1_14' title="bbox 460 1154 2039 1227">
     <span class='ocr_line' id='line_1_14' title="bbox 460 1154 2039 1227; baseline 0.004 -20"><span class='ocrx_word' id='word_1_89' title='bbox 460 1170 587 1221; x_wconf 73' lang='lat' dir='ltr'><strong>erga</strong></span> <span class='ocrx_word' id='word_1_90' title='bbox 622 1154 961 1212; x_wconf 86' lang='lat' dir='ltr'><strong>IIerodianos</strong></span> <span class='ocrx_word' id='word_1_91' title='bbox 994 1157 1355 1227; x_wconf 85' lang='lat' dir='ltr'><strong>responderit.</strong></span> <span class='ocrx_word' id='word_1_92' title='bbox 1383 1154 1483 1226; x_wconf 83' lang='lat' dir='ltr'><strong>ipsi</strong></span> <span class='ocrx_word' id='word_1_93' title='bbox 1515 1156 1804 1219; x_wconf 86' lang='lat' dir='ltr'><strong>incuscnt;</strong></span> <span class='ocrx_word' id='word_1_94' title='bbox 1832 1160 1877 1214; x_wconf 87' lang='lat' dir='ltr'><strong>si</strong></span> <span class='ocrx_word' id='word_1_95' title='bbox 1909 1175 2039 1213; x_wconf 84' lang='lat' dir='ltr'><strong>vero</strong></span> 
     </span>
    </p>
   </div>
   <div class='ocr_carea' id='block_1_15' title="bbox 460 1247 2036 1317">
    <p class='ocr_par' dir='ltr' id='par_1_15' title="bbox 460 1247 2036 1317">
     <span class='ocr_line' id='line_1_15' title="bbox 460 1247 2036 1317; baseline 0 -14"><span class='ocrx_word' id='word_1_96' title='bbox 460 1262 589 1317; x_wconf 79' lang='lat' dir='ltr'><strong>erga</strong></span> <span class='ocrx_word' id='word_1_97' title='bbox 626 1248 795 1317; x_wconf 88' lang='lat' dir='ltr'><strong>ipsos,</strong></span> <span class='ocrx_word' id='word_1_98' title='bbox 833 1249 941 1303; x_wconf 86' lang='lat' dir='ltr'><strong>isti.</strong></span> <span class='ocrx_word' id='word_1_99' title='bbox 975 1248 1223 1303; x_wconf 79' lang='lat' dir='ltr'><strong>Attamen</strong></span> <span class='ocrx_word' id='word_1_100' title='bbox 1258 1247 1446 1303; x_wconf 87' lang='lat' dir='ltr'><strong>datum</strong></span> <span class='ocrx_word' id='word_1_101' title='bbox 1480 1248 1656 1303; x_wconf 82' lang='lat' dir='ltr'><strong>fuerat</strong></span> <span class='ocrx_word' id='word_1_102' title='bbox 1696 1250 2036 1313; x_wconf 84' lang='lat' dir='ltr'><strong>didraclima,</strong></span> 
     </span>
    </p>
   </div>
   <div class='ocr_carea' id='block_1_16' title="bbox 464 1337 2041 1411">
    <p class='ocr_par' dir='ltr' id='par_1_16' title="bbox 464 1337 2041 1411">
     <span class='ocr_line' id='line_1_16' title="bbox 464 1337 2041 1411; baseline 0.003 -18"><span class='ocrx_word' id='word_1_103' title='bbox 464 1341 559 1393; x_wconf 84' lang='lat' dir='ltr'><strong>sed</strong></span> <span class='ocrx_word' id='word_1_104' title='bbox 622 1340 939 1394; x_wconf 83' lang='lat' dir='ltr'><strong>nesciebant</strong></span> <span class='ocrx_word' id='word_1_105' title='bbox 990 1339 1100 1393; x_wconf 81' lang='lat' dir='ltr'><strong>isti.</strong></span> <span class='ocrx_word' id='word_1_106' title='bbox 1150 1337 1490 1411; x_wconf 83' lang='lat' dir='ltr'><strong>lnterrogant</strong></span> <span class='ocrx_word' id='word_1_107' title='bbox 1536 1349 1716 1397; x_wconf 88' lang='lat' dir='ltr'><strong>autem</strong></span> <span class='ocrx_word' id='word_1_108' title='bbox 1759 1343 1811 1395; x_wconf 91' lang='lat' dir='ltr'><strong>in</strong></span> <span class='ocrx_word' id='word_1_109' title='bbox 1860 1343 2041 1397; x_wconf 87' lang='lat' dir='ltr'><strong>medio</strong></span> 
     </span>
    </p>
   </div>
   <div class='ocr_carea' id='block_1_17' title="bbox 468 1430 2041 1499">
    <p class='ocr_par' dir='ltr' id='par_1_17' title="bbox 468 1430 2041 1499">
     <span class='ocr_line' id='line_1_17' title="bbox 468 1430 2041 1499; baseline 0.003 -16"><span class='ocrx_word' id='word_1_110' title='bbox 468 1431 659 1496; x_wconf 70' lang='lat' dir='ltr'><strong>turbae,</strong></span> <span class='ocrx_word' id='word_1_111' title='bbox 717 1432 978 1499; x_wconf 86' lang='lat' dir='ltr'><strong>majorem</strong></span> <span class='ocrx_word' id='word_1_112' title='bbox 1023 1430 1286 1487; x_wconf 86' lang='lat' dir='ltr'><strong>facientes</strong></span> <span class='ocrx_word' id='word_1_113' title='bbox 1336 1433 1793 1499; x_wconf 84' lang='lat' dir='ltr'><strong>declarationem,</strong></span> <span class='ocrx_word' id='word_1_114' title='bbox 1833 1432 2041 1489; x_wconf 76' lang='lat' dir='ltr'><strong>Scimus</strong></span> 
     </span>
    </p>
   </div>
   <div class='ocr_carea' id='block_1_18' title="bbox 464 1523 2046 1597">
    <p class='ocr_par' dir='ltr' id='par_1_18' title="bbox 464 1523 2046 1597">
     <span class='ocr_line' id='line_1_18' title="bbox 464 1523 2046 1597; baseline 0.006 -23"><span class='ocrx_word' id='word_1_115' title='bbox 464 1523 589 1590; x_wconf 82' lang='lat' dir='ltr'><strong>quia</strong></span> <span class='ocrx_word' id='word_1_116' title='bbox 614 1539 773 1576; x_wconf 75' lang='lat' dir='ltr'><strong>verax</strong></span> <span class='ocrx_word' id='word_1_117' title='bbox 798 1539 888 1588; x_wconf 79' lang='lat' dir='ltr'><strong>es;</strong></span> <span class='ocrx_word' id='word_1_118' title='bbox 924 1527 1202 1594; x_wconf 89' lang='lat' dir='ltr'><strong>quomodo</strong></span> <span class='ocrx_word' id='word_1_119' title='bbox 1234 1540 1364 1597; x_wconf 89' lang='lat' dir='ltr'><strong>ergo</strong></span> <span class='ocrx_word' id='word_1_120' title='bbox 1408 1526 1672 1583; x_wconf 82' lang='lat' dir='ltr'><strong>dicebatis</strong></span> <span class='ocrx_word' id='word_1_121' title='bbox 1715 1527 1842 1596; x_wconf 85' lang='lat' dir='ltr'><strong>q-uia</strong></span> <span class='ocrx_word' id='word_1_122' title='bbox 1882 1526 2046 1583; x_wconf 87' lang='lat' dir='ltr'><strong>sedu-</strong></span> 
     </span>
    </p>
   </div>
   <div class='ocr_carea' id='block_1_19' title="bbox 465 1617 2043 1689">
    <p class='ocr_par' dir='ltr' id='par_1_19' title="bbox 465 1617 2043 1689">
     <span class='ocr_line' id='line_1_19' title="bbox 465 1617 2043 1689; baseline 0.003 -20"><span class='ocrx_word' id='word_1_123' title='bbox 465 1624 584 1669; x_wconf 89' lang='lat' dir='ltr'><strong>ctor</strong></span> <span class='ocrx_word' id='word_1_124' title='bbox 628 1617 743 1671; x_wconf 79' lang='lat' dir='ltr'><strong>est?</strong></span> <span class='ocrx_word' id='word_1_125' title='bbox 774 1617 875 1671; x_wconf 82' lang='lat' dir='ltr'><strong>hoc</strong></span> <span class='ocrx_word' id='word_1_126' title='bbox 910 1618 1077 1687; x_wconf 75' lang='lat' dir='ltr'><strong>igitur</strong></span> <span class='ocrx_word' id='word_1_127' title='bbox 1121 1634 1217 1689; x_wconf 90' lang='lat' dir='ltr'><strong>per</strong></span> <span class='ocrx_word' id='word_1_128' title='bbox 1267 1619 1638 1674; x_wconf 83' lang='lat' dir='ltr'><strong>adulationem</strong></span> <span class='ocrx_word' id='word_1_129' title='bbox 1685 1619 1905 1684; x_wconf 86' lang='lat' dir='ltr'><strong>dicunt;</strong></span> <span class='ocrx_word' id='word_1_130' title='bbox 1937 1634 2043 1673; x_wconf 91' lang='lat' dir='ltr'><strong>non</strong></span> 
     </span>
    </p>
   </div>
   <div class='ocr_carea' id='block_1_20' title="bbox 466 1705 2049 1781">
    <p class='ocr_par' dir='ltr' id='par_1_20' title="bbox 466 1705 2049 1781">
     <span class='ocr_line' id='line_1_20' title="bbox 466 1705 2049 1781; baseline 0.005 -20"><span class='ocrx_word' id='word_1_131' title='bbox 466 1705 655 1761; x_wconf 88' lang='lat' dir='ltr'><strong>dicunt</strong></span> <span class='ocrx_word' id='word_1_132' title='bbox 680 1723 807 1763; x_wconf 75' lang='lat' dir='ltr'><strong>vero</strong></span> <span class='ocrx_word' id='word_1_133' title='bbox 826 1710 990 1765; x_wconf 89' lang='lat' dir='ltr'><strong>modo</strong></span> <span class='ocrx_word' id='word_1_134' title='bbox 1005 1711 1149 1780; x_wconf 86' lang='lat' dir='ltr'><strong>quod</strong></span> <span class='ocrx_word' id='word_1_135' title='bbox 1169 1711 1297 1765; x_wconf 87' lang='lat' dir='ltr'><strong>utile</strong></span> <span class='ocrx_word' id='word_1_136' title='bbox 1316 1720 1421 1776; x_wconf 78' lang='lat' dir='ltr'><strong>est,</strong></span> <span class='ocrx_word' id='word_1_137' title='bbox 1441 1710 1534 1766; x_wconf 85' lang='lat' dir='ltr'><strong>sed</strong></span> <span class='ocrx_word' id='word_1_138' title='bbox 1556 1711 1681 1781; x_wconf 79' lang='lat' dir='ltr'><strong>quid</strong></span> <span class='ocrx_word' id='word_1_139' title='bbox 1701 1712 1794 1765; x_wconf 81' lang='lat' dir='ltr'><strong>tibi</strong></span> <span class='ocrx_word' id='word_1_140' title='bbox 1818 1712 2049 1769; x_wconf 69' lang='lat' dir='ltr'><strong>videtur?</strong></span> 
     </span>
    </p>
   </div>
   <div class='ocr_carea' id='block_1_21' title="bbox 468 1797 2049 1872">
    <p class='ocr_par' dir='ltr' id='par_1_21' title="bbox 468 1797 2049 1872">
     <span class='ocr_line' id='line_1_21' title="bbox 468 1797 2049 1872; baseline 0.004 -22"><span class='ocrx_word' id='word_1_141' title='bbox 468 1797 751 1862; x_wconf 84' lang='lat' dir='ltr'><strong>addentes.</strong></span> <span class='ocrx_word' id='word_1_142' title='bbox 811 1817 911 1856; x_wconf 83' lang='lat' dir='ltr'><strong>non</strong></span> <span class='ocrx_word' id='word_1_143' title='bbox 955 1805 1167 1869; x_wconf 77' lang='lat' dir='ltr'><strong>respicis</strong></span> <span class='ocrx_word' id='word_1_144' title='bbox 1207 1806 1262 1857; x_wconf 81' lang='lat' dir='ltr'><strong>in</strong></span> <span class='ocrx_word' id='word_1_145' title='bbox 1292 1819 1595 1872; x_wconf 79' lang='lat' dir='ltr'><strong>personam,</strong></span> <span class='ocrx_word' id='word_1_146' title='bbox 1629 1804 1696 1857; x_wconf 88' lang='lat' dir='ltr'><strong>de</strong></span> <span class='ocrx_word' id='word_1_147' title='bbox 1733 1802 1950 1858; x_wconf 67' lang='lat' dir='ltr'><strong>Caesare</strong></span> <span class='ocrx_word' id='word_1_148' title='bbox 1994 1812 2049 1858; x_wconf 89' lang='lat' dir='ltr'><strong>et</strong></span> 
     </span>
    </p>
   </div>
   <div class='ocr_carea' id='block_1_22' title="bbox 470 1888 2049 1965">
    <p class='ocr_par' dir='ltr' id='par_1_22' title="bbox 470 1888 2049 1965">
     <span class='ocr_line' id='line_1_22' title="bbox 470 1888 2049 1965; baseline 0.006 -23"><span class='ocrx_word' id='word_1_149' title='bbox 470 1888 683 1945; x_wconf 62' lang='lat' dir='ltr'><strong>Herode</strong></span> <span class='ocrx_word' id='word_1_150' title='bbox 720 1892 986 1948; x_wconf 89' lang='lat' dir='ltr'><strong>alludunt.</strong></span> <span class='ocrx_word' id='word_1_151' title='bbox 1021 1894 1113 1948; x_wconf 90' lang='lat' dir='ltr'><strong>Ille</strong></span> <span class='ocrx_word' id='word_1_152' title='bbox 1154 1896 1319 1965; x_wconf 77' lang='lat' dir='ltr'><strong>igitur</strong></span> <span class='ocrx_word' id='word_1_153' title='bbox 1363 1895 1594 1965; x_wconf 86' lang='lat' dir='ltr'><strong>propriis</strong></span> <span class='ocrx_word' id='word_1_154' title='bbox 1632 1910 1822 1949; x_wconf 90' lang='lat' dir='ltr'><strong>eorum</strong></span> <span class='ocrx_word' id='word_1_155' title='bbox 1863 1895 2049 1951; x_wconf 88' lang='lat' dir='ltr'><strong>oribus</strong></span> 
     </span>
    </p>
   </div>
   <div class='ocr_carea' id='block_1_23' title="bbox 470 1983 2048 2057">
    <p class='ocr_par' dir='ltr' id='par_1_23' title="bbox 470 1983 2048 2057">
     <span class='ocr_line' id='line_1_23' title="bbox 470 1983 2048 2057; baseline 0.004 -22"><span class='ocrx_word' id='word_1_156' title='bbox 470 1983 657 2039; x_wconf 59' lang='lat' dir='ltr'><strong>volens</strong></span> <span class='ocrx_word' id='word_1_157' title='bbox 679 1984 800 2039; x_wconf 87' lang='lat' dir='ltr'><strong>illos</strong></span> <span class='ocrx_word' id='word_1_158' title='bbox 815 1986 1175 2041; x_wconf 87' lang='lat' dir='ltr'><strong>condemnare</strong></span> <span class='ocrx_word' id='word_1_159' title='bbox 1194 1986 1389 2055; x_wconf 79' lang='lat' dir='ltr'><strong>:Cujus</strong></span> <span class='ocrx_word' id='word_1_160' title='bbox 1409 1995 1485 2039; x_wconf 76' lang='lat' dir='ltr'><strong>est</strong></span> <span class='ocrx_word' id='word_1_161' title='bbox 1506 1987 1679 2057; x_wconf 83' lang='lat' dir='ltr'><strong>imago</strong></span> <span class='ocrx_word' id='word_1_162' title='bbox 1695 1988 1721 2041; x_wconf 76' lang='grc'><em>7</em></span> <span class='ocrx_word' id='word_1_163' title='bbox 1747 1988 1945 2057; x_wconf 90' lang='lat' dir='ltr'><strong>inquit,</strong></span> <span class='ocrx_word' id='word_1_164' title='bbox 1967 1997 2048 2055; x_wconf 78' lang='lat' dir='ltr'><strong>ut,</strong></span> 
     </span>
    </p>
   </div>
   <div class='ocr_carea' id='block_1_24' title="bbox 472 2076 2048 2150">
    <p class='ocr_par' dir='ltr' id='par_1_24' title="bbox 472 2076 2048 2150">
     <span class='ocr_line' id='line_1_24' title="bbox 472 2076 2048 2150; baseline 0.003 -21"><span class='ocrx_word' id='word_1_165' title='bbox 472 2076 580 2131; x_wconf 85' lang='lat' dir='ltr'><strong>illis</strong></span> <span class='ocrx_word' id='word_1_166' title='bbox 604 2077 987 2146; x_wconf 79' lang='lat' dir='ltr'><strong>loquentibus.’</strong></span> <span class='ocrx_word' id='word_1_167' title='bbox 1008 2093 1115 2133; x_wconf 88' lang='lat' dir='ltr'><strong>non</strong></span> <span class='ocrx_word' id='word_1_168' title='bbox 1148 2078 1396 2133; x_wconf 88' lang='lat' dir='ltr'><strong>videatur</strong></span> <span class='ocrx_word' id='word_1_169' title='bbox 1438 2080 1556 2149; x_wconf 88' lang='lat' dir='ltr'><strong>ipse</strong></span> <span class='ocrx_word' id='word_1_170' title='bbox 1587 2080 1793 2150; x_wconf 90' lang='lat' dir='ltr'><strong>aliquid</strong></span> <span class='ocrx_word' id='word_1_171' title='bbox 1822 2080 2048 2136; x_wconf 79' lang='lat' dir='ltr'><strong>dixisse.</strong></span> 
     </span>
    </p>
   </div>
   <div class='ocr_carea' id='block_1_25' title="bbox 470 2168 2049 2243">
    <p class='ocr_par' dir='ltr' id='par_1_25' title="bbox 470 2168 2049 2243">
     <span class='ocr_line' id='line_1_25' title="bbox 470 2168 2049 2243; baseline 0.003 -21"><span class='ocrx_word' id='word_1_172' title='bbox 470 2168 547 2223; x_wconf 80' lang='lat' dir='ltr'><strong>Ne</strong></span> <span class='ocrx_word' id='word_1_173' title='bbox 576 2168 739 2239; x_wconf 78' lang='lat' dir='ltr'><strong>igitur</strong></span> <span class='ocrx_word' id='word_1_174' title='bbox 768 2170 953 2225; x_wconf 86' lang='lat' dir='ltr'><strong>dicant</strong></span> <span class='ocrx_word' id='word_1_175' title='bbox 978 2172 1108 2239; x_wconf 87' lang='lat' dir='ltr'><strong>quia</strong></span> <span class='ocrx_word' id='word_1_176' title='bbox 1141 2171 1456 2226; x_wconf 82' lang='lat' dir='ltr'><strong>hominibus</strong></span> <span class='ocrx_word' id='word_1_177' title='bbox 1484 2186 1584 2227; x_wconf 90' lang='lat' dir='ltr'><strong>nos</strong></span> <span class='ocrx_word' id='word_1_178' title='bbox 1616 2172 1866 2243; x_wconf 85' lang='lat' dir='ltr'><strong>subjicis,</strong></span> <span class='ocrx_word' id='word_1_179' title='bbox 1894 2173 2049 2239; x_wconf 88' lang='lat' dir='ltr'><strong>dixit,</strong></span> 
     </span>
    </p>
   </div>
   <div class='ocr_carea' id='block_1_26' title="bbox 472 2260 2049 2336">
    <p class='ocr_par' dir='ltr' id='par_1_26' title="bbox 472 2260 2049 2336">
     <span class='ocr_line' id='line_1_26' title="bbox 472 2260 2049 2336; baseline 0.005 -23"><span class='ocrx_word' id='word_1_180' title='bbox 472 2276 593 2326; x_wconf 72' lang='lat' dir='ltr'><strong>quae</strong></span> <span class='ocrx_word' id='word_1_181' title='bbox 634 2272 763 2316; x_wconf 91' lang='lat' dir='ltr'><strong>sunt</strong></span> <span class='ocrx_word' id='word_1_182' title='bbox 794 2260 909 2327; x_wconf 87' lang='lat' dir='ltr'><strong>Dei,</strong></span> <span class='ocrx_word' id='word_1_183' title='bbox 945 2264 1070 2317; x_wconf 92' lang='lat' dir='ltr'><strong>Deo.</strong></span> <span class='ocrx_word' id='word_1_184' title='bbox 1118 2262 1243 2319; x_wconf 90' lang='lat' dir='ltr'><strong>Ideo</strong></span> <span class='ocrx_word' id='word_1_185' title='bbox 1278 2262 1481 2319; x_wconf 85' lang='lat' dir='ltr'><strong>Paulus</strong></span> <span class='ocrx_word' id='word_1_186' title='bbox 1513 2279 1734 2336; x_wconf 88' lang='lat' dir='ltr'><strong>quoque</strong></span> <span class='ocrx_word' id='word_1_187' title='bbox 1772 2283 1786 2317; x_wconf 88' lang='lat'><strong>:</strong></span> <span class='ocrx_word' id='word_1_188' title='bbox 1831 2263 2049 2331; x_wconf 75' lang='lat' dir='ltr'><strong>Solvite,</strong></span> 
     </span>
    </p>
   </div>
   <div class='ocr_carea' id='block_1_27' title="bbox 474 2351 1186 2422">
    <p class='ocr_par' dir='ltr' id='par_1_27' title="bbox 474 2351 1186 2422">
     <span class='ocr_line' id='line_1_27' title="bbox 474 2351 1186 2422; baseline 0.006 -17"><span class='ocrx_word' id='word_1_189' title='bbox 474 2351 670 2422; x_wconf 86' lang='lat' dir='ltr'><strong>inquit,</strong></span> <span class='ocrx_word' id='word_1_190' title='bbox 707 2353 954 2409; x_wconf 81' lang='lat' dir='ltr'><strong>omnibus</strong></span> <span class='ocrx_word' id='word_1_191' title='bbox 986 2354 1186 2410; x_wconf 83' lang='lat' dir='ltr'><strong>debita.</strong></span> 
     </span>
    </p>
   </div>
   <div class='ocr_carea' id='block_1_28' title="bbox 544 2535 2052 2607">
    <p class='ocr_par' dir='ltr' id='par_1_28' title="bbox 544 2535 2052 2607">
     <span class='ocr_line' id='line_1_28' title="bbox 544 2535 2052 2607; baseline 0.001 -16"><span class='ocrx_word' id='word_1_192' title='bbox 544 2535 711 2595; x_wconf 77' lang='lat' dir='ltr'><strong>Vens.</strong></span> <span class='ocrx_word' id='word_1_193' title='bbox 738 2540 829 2593; x_wconf 77' lang='lat'><strong>23.</strong></span> <span class='ocrx_word' id='word_1_194' title='bbox 866 2538 985 2593; x_wconf 88' lang='lat' dir='ltr'><strong>Duo</strong></span> <span class='ocrx_word' id='word_1_195' title='bbox 1026 2538 1260 2595; x_wconf 65' lang='lat' dir='ltr'><strong>haereses</strong></span> <span class='ocrx_word' id='word_1_196' title='bbox 1293 2546 1440 2607; x_wconf 89' lang='lat' dir='ltr'><strong>sunt,</strong></span> <span class='ocrx_word' id='word_1_197' title='bbox 1478 2555 1585 2594; x_wconf 86' lang='lat' dir='ltr'><strong>una</strong></span> <span class='ocrx_word' id='word_1_198' title='bbox 1626 2539 2052 2605; x_wconf 66' lang='lat' dir='ltr'><strong>Phariam-orum,</strong></span> 
     </span>
    </p>
   </div>
   <div class='ocr_carea' id='block_1_29' title="bbox 475 2628 2056 2701">
    <p class='ocr_par' dir='ltr' id='par_1_29' title="bbox 475 2628 2056 2701">
     <span class='ocr_line' id='line_1_29' title="bbox 475 2628 2056 2701; baseline 0.001 -17"><span class='ocrx_word' id='word_1_199' title='bbox 475 2628 642 2684; x_wconf 89' lang='lat' dir='ltr'><strong>a&#39;tcra</strong></span> <span class='ocrx_word' id='word_1_200' title='bbox 682 2628 1136 2685; x_wconf 68' lang='lat' dir='ltr'><strong>Sadilucmorum.</strong></span> <span class='ocrx_word' id='word_1_201' title='bbox 1178 2629 1462 2685; x_wconf 66' lang='lat' dir='ltr'><strong>Sadducmi</strong></span> <span class='ocrx_word' id='word_1_202' title='bbox 1504 2632 1723 2699; x_wconf 86' lang='lat' dir='ltr'><strong>quidem</strong></span> <span class='ocrx_word' id='word_1_203' title='bbox 1751 2647 1927 2701; x_wconf 88' lang='lat' dir='ltr'><strong>neque</strong></span> <span class='ocrx_word' id='word_1_204' title='bbox 1970 2647 2056 2686; x_wconf 90' lang='lat' dir='ltr'><strong>re-</strong></span> 
     </span>
    </p>
   </div>
   <div class='ocr_carea' id='block_1_30' title="bbox 477 2721 2055 2791">
    <p class='ocr_par' dir='ltr' id='par_1_30' title="bbox 477 2721 2055 2791">
     <span class='ocr_line' id='line_1_30' title="bbox 477 2721 2055 2791; baseline 0.002 -17"><span class='ocrx_word' id='word_1_205' title='bbox 477 2724 872 2776; x_wconf 85' lang='lat' dir='ltr'><strong>surrectionem</strong></span> <span class='ocrx_word' id='word_1_206' title='bbox 897 2738 1074 2791; x_wconf 86' lang='lat' dir='ltr'><strong>neque</strong></span> <span class='ocrx_word' id='word_1_207' title='bbox 1103 2722 1329 2791; x_wconf 82' lang='lat' dir='ltr'><strong>angelos</strong></span> <span class='ocrx_word' id='word_1_208' title='bbox 1356 2736 1478 2776; x_wconf 88' lang='lat' dir='ltr'><strong>esse</strong></span> <span class='ocrx_word' id='word_1_209' title='bbox 1498 2723 1727 2777; x_wconf 86' lang='lat' dir='ltr'><strong>credunt</strong></span> <span class='ocrx_word' id='word_1_210' title='bbox 1752 2739 1766 2790; x_wconf 89' lang='lat'><strong>;</strong></span> <span class='ocrx_word' id='word_1_211' title='bbox 1794 2721 2055 2777; x_wconf 60' lang='lat' dir='ltr'><strong>Pharisaei</strong></span> 
     </span>
    </p>
   </div>
   <div class='ocr_carea' id='block_1_31' title="bbox 476 2814 1304 2883">
    <p class='ocr_par' dir='ltr' id='par_1_31' title="bbox 476 2814 1304 2883">
     <span class='ocr_line' id='line_1_31' title="bbox 476 2814 1304 2883; baseline 0.001 -18"><span class='ocrx_word' id='word_1_212' title='bbox 476 2825 606 2866; x_wconf 79' lang='lat' dir='ltr'><strong>vero</strong></span> <span class='ocrx_word' id='word_1_213' title='bbox 638 2822 930 2881; x_wconf 89' lang='lat' dir='ltr'><strong>utrumque</strong></span> <span class='ocrx_word' id='word_1_214' title='bbox 958 2814 1304 2883; x_wconf 79' lang='lat' dir='ltr'><strong>profitentur.</strong></span> 
     </span>
    </p>
   </div>
   <div class='ocr_carea' id='block_1_32' title="bbox 555 2901 2055 2974">
    <p class='ocr_par' dir='ltr' id='par_1_32' title="bbox 555 2901 2055 2974">
     <span class='ocr_line' id='line_1_32' title="bbox 555 2901 2055 2974; baseline 0.001 -18"><span class='ocrx_word' id='word_1_215' title='bbox 555 2902 715 2958; x_wconf 75' lang='lat' dir='ltr'><strong>Vens.</strong></span> <span class='ocrx_word' id='word_1_216' title='bbox 744 2903 834 2958; x_wconf 80' lang='grc'><strong>55.</strong></span> <span class='ocrx_word' id='word_1_217' title='bbox 874 2903 986 2958; x_wconf 88' lang='lat' dir='ltr'><strong>Cur</strong></span> <span class='ocrx_word' id='word_1_218' title='bbox 1015 2902 1306 2959; x_wconf 72' lang='lat' dir='ltr'><strong>Mattliaeus</strong></span> <span class='ocrx_word' id='word_1_219' title='bbox 1336 2901 1471 2959; x_wconf 89' lang='lat' dir='ltr'><strong>dicit</strong></span> <span class='ocrx_word' id='word_1_220' title='bbox 1504 2903 1648 2974; x_wconf 86' lang='lat' dir='ltr'><strong>quod</strong></span> <span class='ocrx_word' id='word_1_221' title='bbox 1682 2912 1899 2960; x_wconf 88' lang='lat' dir='ltr'><strong>tentans</strong></span> <span class='ocrx_word' id='word_1_222' title='bbox 1930 2919 2055 2960; x_wconf 90' lang='lat' dir='ltr'><strong>eum</strong></span> 
     </span>
    </p>
   </div>
   <div class='ocr_carea' id='block_1_33' title="bbox 480 2994 2055 3067">
    <p class='ocr_par' dir='ltr' id='par_1_33' title="bbox 480 2994 2055 3067">
     <span class='ocr_line' id='line_1_33' title="bbox 480 2994 2055 3067; baseline 0.001 -18"><span class='ocrx_word' id='word_1_223' title='bbox 480 2995 891 3065; x_wconf 79' lang='lat' dir='ltr'><strong>interrogaverit</strong></span> <span class='ocrx_word' id='word_1_224' title='bbox 920 2997 1001 3052; x_wconf 91' lang='lat' dir='ltr'><strong>sic</strong></span> <span class='ocrx_word' id='word_1_225' title='bbox 1039 2997 1139 3051; x_wconf 88' lang='lat' dir='ltr'><strong>iste</strong></span> <span class='ocrx_word' id='word_1_226' title='bbox 1170 2996 1303 3067; x_wconf 85' lang='lat' dir='ltr'><strong>legis</strong></span> <span class='ocrx_word' id='word_1_227' title='bbox 1334 2996 1547 3061; x_wconf 88' lang='lat' dir='ltr'><strong>doctor,</strong></span> <span class='ocrx_word' id='word_1_228' title='bbox 1590 2994 1812 3052; x_wconf 80' lang='lat' dir='ltr'><strong>Marcus</strong></span> <span class='ocrx_word' id='word_1_229' title='bbox 1844 3006 2055 3063; x_wconf 91' lang='lat' dir='ltr'><strong>autem,</strong></span> 
     </span>
    </p>
   </div>
   <div class='ocr_carea' id='block_1_34' title="bbox 478 3084 2059 3158">
    <p class='ocr_par' dir='ltr' id='par_1_34' title="bbox 478 3084 2059 3158">
     <span class='ocr_line' id='line_1_34' title="bbox 478 3084 2059 3158; baseline 0.003 -19"><span class='ocrx_word' id='word_1_230' title='bbox 478 3084 623 3153; x_wconf 87' lang='lat' dir='ltr'><strong>quod</strong></span> <span class='ocrx_word' id='word_1_231' title='bbox 654 3087 842 3143; x_wconf 86' lang='lat' dir='ltr'><strong>videns</strong></span> <span class='ocrx_word' id='word_1_232' title='bbox 868 3089 1127 3158; x_wconf 88' lang='lat' dir='ltr'><strong>quoniam</strong></span> <span class='ocrx_word' id='word_1_233' title='bbox 1147 3089 1421 3158; x_wconf 87' lang='lat' dir='ltr'><strong>sapienter</strong></span> <span class='ocrx_word' id='word_1_234' title='bbox 1450 3088 1836 3157; x_wconf 83' lang='lat' dir='ltr'><strong>respondisset,</strong></span> <span class='ocrx_word' id='word_1_235' title='bbox 1859 3088 2059 3144; x_wconf 77' lang='lat' dir='ltr'><strong>dixerit</strong></span> 
     </span>
    </p>
   </div>
   <div class='ocr_carea' id='block_1_35' title="bbox 2137 880 3710 952">
    <p class='ocr_par' dir='ltr' id='par_1_35' title="bbox 2137 880 3710 952">
     <span class='ocr_line' id='line_1_35' title="bbox 2137 880 3710 952; baseline 0 -19"><span class='ocrx_word' id='word_1_236' title='bbox 2137 880 2293 934; x_wconf 90' lang='grc' dir='ltr'>λοντο</span> <span class='ocrx_word' id='word_1_237' title='bbox 2346 882 2438 933; x_wconf 80' lang='grc' dir='ltr'>καὶ</span> <span class='ocrx_word' id='word_1_238' title='bbox 2484 881 2648 934; x_wconf 79' lang='grc' dir='ltr'>αὑτὸν</span> <span class='ocrx_word' id='word_1_239' title='bbox 2698 883 2778 945; x_wconf 86' lang='grc' dir='ltr'><strong>εἰς</strong></span> <span class='ocrx_word' id='word_1_240' title='bbox 2819 881 3076 952; x_wconf 78' lang='grc' dir='ltr'><strong>τοιαύτην</strong></span> <span class='ocrx_word' id='word_1_241' title='bbox 3123 880 3362 951; x_wconf 73' lang='grc' dir='ltr'>ὑποψίαν</span> <span class='ocrx_word' id='word_1_242' title='bbox 3416 882 3663 948; x_wconf 71' lang='grc' dir='ltr'>ινεγκεῖν</span> <span class='ocrx_word' id='word_1_243' title='bbox 3695 893 3710 907; x_wconf 75' lang='grc'><em>³</em></span> 
     </span>
    </p>
   </div>
   <div class='ocr_carea' id='block_1_36' title="bbox 2134 970 3713 1045">
    <p class='ocr_par' dir='ltr' id='par_1_36' title="bbox 2134 970 3713 1045">
     <span class='ocr_line' id='line_1_36' title="bbox 2134 970 3713 1045; baseline -0.001 -19"><span class='ocrx_word' id='word_1_244' title='bbox 2134 973 2221 1027; x_wconf 66' lang='grc' dir='ltr'>διὰ</span> <span class='ocrx_word' id='word_1_245' title='bbox 2253 974 2409 1027; x_wconf 83' lang='grc' dir='ltr'>τοῦτο</span> <span class='ocrx_word' id='word_1_246' title='bbox 2446 973 2586 1044; x_wconf 84' lang='grc' dir='ltr'><strong>μετά</strong></span> <span class='ocrx_word' id='word_1_247' title='bbox 2615 973 2726 1027; x_wconf 88' lang='grc' dir='ltr'><strong>τῶν</strong></span> <span class='ocrx_word' id='word_1_248' title='bbox 2778 974 3041 1045; x_wconf 80' lang='grc' dir='ltr'><strong>μαθητῶν</strong></span> <span class='ocrx_word' id='word_1_249' title='bbox 3074 974 3256 1028; x_wconf 84' lang='grc' dir='ltr'>αὐτῶν</span> <span class='ocrx_word' id='word_1_250' title='bbox 3309 974 3404 1027; x_wconf 75' lang='grc' dir='ltr'><strong>καὶ</strong></span> <span class='ocrx_word' id='word_1_251' title='bbox 3444 973 3572 1034; x_wconf 85' lang='grc' dir='ltr'>τοὺς</span> <span class='ocrx_word' id='word_1_252' title='bbox 3616 970 3713 1024; x_wconf 83' lang='grc' dir='ltr'><strong>τοῦ</strong></span> 
     </span>
    </p>
   </div>
   <div class='ocr_carea' id='block_1_37' title="bbox 2149 1064 3715 1137">
    <p class='ocr_par' dir='ltr' id='par_1_37' title="bbox 2149 1064 3715 1137">
     <span class='ocr_line' id='line_1_37' title="bbox 2149 1064 3715 1137; baseline 0 -20"><span class='ocrx_word' id='word_1_253' title='bbox 2149 1064 2388 1135; x_wconf 81' lang='grc' dir='ltr'><strong>Ἡρώδου</strong></span> <span class='ocrx_word' id='word_1_254' title='bbox 2434 1066 2775 1137; x_wconf 82' lang='grc' dir='ltr'><strong>στρατιώτας</strong></span> <span class='ocrx_word' id='word_1_255' title='bbox 2811 1065 3089 1136; x_wconf 53' lang='lat' dir='ltr'><strong>Inepti/av,</strong></span> <span class='ocrx_word' id='word_1_256' title='bbox 3128 1065 3349 1120; x_wconf 78' lang='grc' dir='ltr'><strong>διπλοῦν</strong></span> <span class='ocrx_word' id='word_1_257' title='bbox 3390 1065 3715 1135; x_wconf 77' lang='grc' dir='ltr'>ὀρύττοντας</span> 
     </span>
    </p>
   </div>
   <div class='ocr_carea' id='block_1_38' title="bbox 2138 1156 3716 1231">
    <p class='ocr_par' dir='ltr' id='par_1_38' title="bbox 2138 1156 3716 1231">
     <span class='ocr_line' id='line_1_38' title="bbox 2138 1156 3716 1231; baseline 0 -21"><span class='ocrx_word' id='word_1_258' title='bbox 2138 1159 2227 1210; x_wconf 70' lang='grc' dir='ltr'><strong>τὸν</strong></span> <span class='ocrx_word' id='word_1_259' title='bbox 2253 1157 2465 1228; x_wconf 85' lang='grc' dir='ltr'>βόθρον,</span> <span class='ocrx_word' id='word_1_260' title='bbox 2497 1158 2583 1211; x_wconf 85' lang='grc' dir='ltr'><strong>ῖνα</strong></span> <span class='ocrx_word' id='word_1_261' title='bbox 2604 1159 2653 1211; x_wconf 86' lang='grc' dir='ltr'><strong>εί</strong></span> <span class='ocrx_word' id='word_1_262' title='bbox 2680 1160 2780 1228; x_wconf 74' lang='grc' dir='ltr'>μὲν</span> <span class='ocrx_word' id='word_1_263' title='bbox 2807 1160 2949 1229; x_wconf 72' lang='grc' dir='ltr'>ὑπὶρ</span> <span class='ocrx_word' id='word_1_264' title='bbox 2969 1160 3081 1213; x_wconf 87' lang='grc' dir='ltr'><strong>τῶν</strong></span> <span class='ocrx_word' id='word_1_265' title='bbox 3117 1158 3464 1231; x_wconf 81' lang='grc' dir='ltr'>Ἠρωδιανῶν</span> <span class='ocrx_word' id='word_1_266' title='bbox 3479 1156 3716 1227; x_wconf 84' lang='grc' dir='ltr'>ἀποκρί-</span> 
     </span>
    </p>
   </div>
   <div class='ocr_carea' id='block_1_39' title="bbox 2139 1248 3721 1320">
    <p class='ocr_par' dir='ltr' id='par_1_39' title="bbox 2139 1248 3721 1320">
     <span class='ocr_line' id='line_1_39' title="bbox 2139 1248 3721 1320; baseline -0.001 -19"><span class='ocrx_word' id='word_1_267' title='bbox 2139 1266 2319 1320; x_wconf 87' lang='grc' dir='ltr'>νηται,</span> <span class='ocrx_word' id='word_1_268' title='bbox 2354 1250 2509 1303; x_wconf 72' lang='grc' dir='ltr'>αὐτοὶ</span> <span class='ocrx_word' id='word_1_269' title='bbox 2552 1250 2924 1318; x_wconf 74' lang='grc' dir='ltr'><strong>ἐγκαλέσωσιν</strong></span> <span class='ocrx_word' id='word_1_270' title='bbox 2954 1267 2970 1282; x_wconf 76' lang='grc' dir='ltr'><strong>ο</strong></span> <span class='ocrx_word' id='word_1_271' title='bbox 3006 1251 3057 1304; x_wconf 85' lang='grc' dir='ltr'><strong>εί</strong></span> <span class='ocrx_word' id='word_1_272' title='bbox 3086 1250 3139 1303; x_wconf 73' lang='grc' dir='ltr'><strong>δὲ</strong></span> <span class='ocrx_word' id='word_1_273' title='bbox 3173 1250 3313 1319; x_wconf 74' lang='grc' dir='ltr'>ὑπὲρ</span> <span class='ocrx_word' id='word_1_274' title='bbox 3345 1248 3544 1315; x_wconf 75' lang='grc' dir='ltr'>αὐτῶν,</span> <span class='ocrx_word' id='word_1_275' title='bbox 3575 1249 3721 1301; x_wconf 75' lang='grc' dir='ltr'>ἐκεῖ·</span> 
     </span>
    </p>
   </div>
   <div class='ocr_carea' id='block_1_40' title="bbox 2140 1338 3722 1413">
    <p class='ocr_par' dir='ltr' id='par_1_40' title="bbox 2140 1338 3722 1413">
     <span class='ocr_line' id='line_1_40' title="bbox 2140 1338 3722 1413; baseline -0.001 -18"><span class='ocrx_word' id='word_1_276' title='bbox 2140 1360 2222 1395; x_wconf 89' lang='grc' dir='ltr'><strong>νοι</strong></span> <span class='ocrx_word' id='word_1_277' title='bbox 2256 1358 2269 1373; x_wconf 76' lang='grc' dir='ltr'><strong>ο</strong></span> <span class='ocrx_word' id='word_1_278' title='bbox 2303 1342 2478 1395; x_wconf 88' lang='grc' dir='ltr'>καίτοι</span> <span class='ocrx_word' id='word_1_279' title='bbox 2507 1359 2571 1411; x_wconf 93' lang='grc' dir='ltr'><strong>γε</strong></span> <span class='ocrx_word' id='word_1_280' title='bbox 2613 1338 2683 1413; x_wconf 80' lang='grc' dir='ltr'>ἦν</span> <span class='ocrx_word' id='word_1_281' title='bbox 2730 1342 2979 1406; x_wconf 77' lang='grc' dir='ltr'>δεδωκὼς</span> <span class='ocrx_word' id='word_1_282' title='bbox 3019 1345 3088 1398; x_wconf 76' lang='grc' dir='ltr'><strong>τὰ</strong></span> <span class='ocrx_word' id='word_1_283' title='bbox 3113 1342 3421 1413; x_wconf 74' lang='grc' dir='ltr'>δίδραχμαο</span> <span class='ocrx_word' id='word_1_284' title='bbox 3453 1340 3572 1394; x_wconf 78' lang='grc' dir='ltr'>ἀλλ’</span> <span class='ocrx_word' id='word_1_285' title='bbox 3620 1340 3722 1394; x_wconf 82' lang='grc' dir='ltr'>οὐκ</span> 
     </span>
    </p>
   </div>
   <div class='ocr_carea' id='block_1_41' title="bbox 2144 1431 3723 1507">
    <p class='ocr_par' dir='ltr' id='par_1_41' title="bbox 2144 1431 3723 1507">
     <span class='ocr_line' id='line_1_41' title="bbox 2144 1431 3723 1507; baseline -0.001 -19"><span class='ocrx_word' id='word_1_286' title='bbox 2144 1436 2341 1507; x_wconf 73' lang='grc' dir='ltr'>ᾔδεσαν</span> <span class='ocrx_word' id='word_1_287' title='bbox 2380 1439 2613 1490; x_wconf 71' lang='grc' dir='ltr'>ἐκεῖνοι·</span> <span class='ocrx_word' id='word_1_288' title='bbox 2648 1436 2871 1507; x_wconf 70' lang='grc' dir='ltr'>ἐρώτων</span> <span class='ocrx_word' id='word_1_289' title='bbox 2930 1436 2985 1490; x_wconf 70' lang='grc' dir='ltr'><strong>δὲ</strong></span> <span class='ocrx_word' id='word_1_290' title='bbox 3039 1436 3205 1506; x_wconf 76' lang='grc' dir='ltr'>μέσον</span> <span class='ocrx_word' id='word_1_291' title='bbox 3259 1434 3442 1504; x_wconf 85' lang='grc' dir='ltr'>δχλου,</span> <span class='ocrx_word' id='word_1_292' title='bbox 3495 1431 3723 1503; x_wconf 76' lang='grc' dir='ltr'>μείζονα</span> 
     </span>
    </p>
   </div>
   <div class='ocr_carea' id='block_1_42' title="bbox 2146 1521 3718 1597">
    <p class='ocr_par' dir='ltr' id='par_1_42' title="bbox 2146 1521 3718 1597">
     <span class='ocr_line' id='line_1_42' title="bbox 2146 1521 3718 1597; baseline -0.001 -17"><span class='ocrx_word' id='word_1_293' title='bbox 2146 1526 2423 1589; x_wconf 87' lang='grc' dir='ltr'>ποιοῦντες</span> <span class='ocrx_word' id='word_1_294' title='bbox 2459 1527 2557 1597; x_wconf 81' lang='grc' dir='ltr'>τὴν</span> <span class='ocrx_word' id='word_1_295' title='bbox 2586 1528 2889 1597; x_wconf 81' lang='grc' dir='ltr'>μαρτυρίαν</span> <span class='ocrx_word' id='word_1_296' title='bbox 2921 1542 2935 1556; x_wconf 82' lang='grc'><em>’</em></span> <span class='ocrx_word' id='word_1_297' title='bbox 2973 1526 3231 1595; x_wconf 77' lang='grc' dir='ltr'><strong>Οἴδαμεν</strong></span> <span class='ocrx_word' id='word_1_298' title='bbox 3259 1526 3351 1580; x_wconf 78' lang='grc' dir='ltr'>ὅτι</span> <span class='ocrx_word' id='word_1_299' title='bbox 3376 1525 3614 1592; x_wconf 79' lang='grc' dir='ltr'>ἀληθὴς</span> <span class='ocrx_word' id='word_1_300' title='bbox 3642 1521 3718 1579; x_wconf 72' lang='grc' dir='ltr'>εἴ.</span> 
     </span>
    </p>
   </div>
   <div class='ocr_carea' id='block_1_43' title="bbox 2152 1614 3727 1685">
    <p class='ocr_par' dir='ltr' id='par_1_43' title="bbox 2152 1614 3727 1685">
     <span class='ocr_line' id='line_1_43' title="bbox 2152 1614 3727 1685; baseline -0.003 -14"><span class='ocrx_word' id='word_1_301' title='bbox 2152 1618 2276 1681; x_wconf 82' lang='grc' dir='ltr'>Πῶς</span> <span class='ocrx_word' id='word_1_302' title='bbox 2298 1616 2391 1671; x_wconf 81' lang='grc' dir='ltr'><strong>οῦν</strong></span> <span class='ocrx_word' id='word_1_303' title='bbox 2432 1618 2648 1685; x_wconf 71' lang='grc' dir='ltr'>ἐλέγετε</span> <span class='ocrx_word' id='word_1_304' title='bbox 2670 1618 2753 1670; x_wconf 80' lang='grc' dir='ltr'>ὅτι</span> <span class='ocrx_word' id='word_1_305' title='bbox 2793 1617 2995 1680; x_wconf 85' lang='grc' dir='ltr'>πλάνος</span> <span class='ocrx_word' id='word_1_306' title='bbox 3027 1616 3176 1670; x_wconf 78' lang='grc' dir='ltr'>ἐστίν</span> <span class='ocrx_word' id='word_1_307' title='bbox 3202 1634 3217 1681; x_wconf 86' lang='lat'><strong>;</strong></span> <span class='ocrx_word' id='word_1_308' title='bbox 3246 1616 3418 1669; x_wconf 86' lang='grc' dir='ltr'>Τοῦτο</span> <span class='ocrx_word' id='word_1_309' title='bbox 3444 1614 3538 1669; x_wconf 78' lang='grc' dir='ltr'><strong>οὖν</strong></span> <span class='ocrx_word' id='word_1_310' title='bbox 3568 1614 3727 1668; x_wconf 85' lang='grc' dir='ltr'>κολα-</span> 
     </span>
    </p>
   </div>
   <div class='ocr_carea' id='block_1_44' title="bbox 2154 1707 3725 1778">
    <p class='ocr_par' dir='ltr' id='par_1_44' title="bbox 2154 1707 3725 1778">
     <span class='ocr_line' id='line_1_44' title="bbox 2154 1707 3725 1778; baseline -0.003 -15"><span class='ocrx_word' id='word_1_311' title='bbox 2154 1710 2406 1773; x_wconf 78' lang='grc' dir='ltr'>κεύοντες</span> <span class='ocrx_word' id='word_1_312' title='bbox 2446 1710 2717 1776; x_wconf 68' lang='grc' dir='ltr'>λέγουσιν,</span> <span class='ocrx_word' id='word_1_313' title='bbox 2751 1710 2812 1762; x_wconf 83' lang='grc' dir='ltr'><strong>οὐ</strong></span> <span class='ocrx_word' id='word_1_314' title='bbox 2861 1710 3077 1778; x_wconf 87' lang='grc' dir='ltr'>λέγουσι</span> <span class='ocrx_word' id='word_1_315' title='bbox 3112 1710 3157 1764; x_wconf 75' lang='grc' dir='ltr'><strong>δ’</strong></span> <span class='ocrx_word' id='word_1_316' title='bbox 3191 1710 3272 1762; x_wconf 77' lang='grc' dir='ltr'><strong>ἐτι</strong></span> <span class='ocrx_word' id='word_1_317' title='bbox 3314 1709 3377 1762; x_wconf 82' lang='grc' dir='ltr'>τὸ</span> <span class='ocrx_word' id='word_1_318' title='bbox 3425 1707 3725 1777; x_wconf 83' lang='grc' dir='ltr'>συμφέρον,</span> 
     </span>
    </p>
   </div>
   <div class='ocr_carea' id='block_1_45' title="bbox 2150 1798 3731 1867">
    <p class='ocr_par' dir='ltr' id='par_1_45' title="bbox 2150 1798 3731 1867">
     <span class='ocr_line' id='line_1_45' title="bbox 2150 1798 3731 1867; baseline -0.002 -12"><span class='ocrx_word' id='word_1_319' title='bbox 2150 1802 2305 1867; x_wconf 86' lang='grc' dir='ltr'>ἀλλά,</span> <span class='ocrx_word' id='word_1_320' title='bbox 2346 1802 2405 1855; x_wconf 81' lang='grc' dir='ltr'>Τί</span> <span class='ocrx_word' id='word_1_321' title='bbox 2437 1818 2536 1855; x_wconf 89' lang='grc' dir='ltr'><strong>σοι</strong></span> <span class='ocrx_word' id='word_1_322' title='bbox 2562 1800 2764 1865; x_wconf 82' lang='grc' dir='ltr'>δοκεῒ;</span> <span class='ocrx_word' id='word_1_323' title='bbox 2803 1801 2877 1855; x_wconf 80' lang='grc' dir='ltr'>Τὸ</span> <span class='ocrx_word' id='word_1_324' title='bbox 2903 1800 2961 1855; x_wconf 73' lang='grc' dir='ltr'><strong>δὲ</strong></span> <span class='ocrx_word' id='word_1_325' title='bbox 2997 1802 3198 1867; x_wconf 79' lang='grc' dir='ltr'>εἰπεῖν,</span> <span class='ocrx_word' id='word_1_326' title='bbox 3234 1801 3317 1854; x_wconf 84' lang='grc' dir='ltr'>ὅτι</span> <span class='ocrx_word' id='word_1_327' title='bbox 3353 1801 3436 1854; x_wconf 86' lang='grc' dir='ltr'><strong>Οὺ</strong></span> <span class='ocrx_word' id='word_1_328' title='bbox 3473 1798 3731 1864; x_wconf 76' lang='grc' dir='ltr'>βλέπεις</span> 
     </span>
    </p>
   </div>
   <div class='ocr_carea' id='block_1_46' title="bbox 2156 1890 3728 1964">
    <p class='ocr_par' dir='ltr' id='par_1_46' title="bbox 2156 1890 3728 1964">
     <span class='ocr_line' id='line_1_46' title="bbox 2156 1890 3728 1964; baseline -0.004 -16"><span class='ocrx_word' id='word_1_329' title='bbox 2156 1897 2243 1961; x_wconf 80' lang='grc' dir='ltr'>εις</span> <span class='ocrx_word' id='word_1_330' title='bbox 2280 1895 2628 1964; x_wconf 80' lang='grc' dir='ltr'>πρόσωπον,</span> <span class='ocrx_word' id='word_1_331' title='bbox 2655 1896 2782 1964; x_wconf 73' lang='grc' dir='ltr'>περὶ</span> <span class='ocrx_word' id='word_1_332' title='bbox 2828 1893 3105 1963; x_wconf 76' lang='grc' dir='ltr'>Καίσαρος</span> <span class='ocrx_word' id='word_1_333' title='bbox 3133 1894 3229 1945; x_wconf 77' lang='grc' dir='ltr'>καὶ</span> <span class='ocrx_word' id='word_1_334' title='bbox 3260 1890 3507 1960; x_wconf 78' lang='grc' dir='ltr'><strong>Ἡρώδου</strong></span> <span class='ocrx_word' id='word_1_335' title='bbox 3550 1891 3728 1945; x_wconf 75' lang='grc' dir='ltr'>αἰνίτ-</span> 
     </span>
    </p>
   </div>
   <div class='ocr_carea' id='block_1_47' title="bbox 2157 1966 3734 2053">
    <p class='ocr_par' dir='ltr' id='par_1_47' title="bbox 2157 1981 3734 2053">
     <span class='ocr_line' id='line_1_47' title="bbox 2157 1981 3734 2053; baseline -0.003 -14"><span class='ocrx_word' id='word_1_336' title='bbox 2157 2002 2363 2040; x_wconf 88' lang='grc' dir='ltr'>τονται.</span> <span class='ocrx_word' id='word_1_337' title='bbox 2409 1986 2503 2038; x_wconf 83' lang='grc' dir='ltr'><strong>Ἐκ</strong></span> <span class='ocrx_word' id='word_1_338' title='bbox 2551 1984 2659 2037; x_wconf 88' lang='grc' dir='ltr'><strong>τῶν</strong></span> <span class='ocrx_word' id='word_1_339' title='bbox 2694 1984 2910 2038; x_wconf 76' lang='grc' dir='ltr'>οἰκείων</span> <span class='ocrx_word' id='word_1_340' title='bbox 2940 1981 3033 2038; x_wconf 72' lang='grc' dir='ltr'>οὖν</span> <span class='ocrx_word' id='word_1_341' title='bbox 3079 1985 3364 2053; x_wconf 79' lang='grc' dir='ltr'><strong>στομάτων</strong></span> <span class='ocrx_word' id='word_1_342' title='bbox 3396 1983 3593 2046; x_wconf 76' lang='grc' dir='ltr'>αὐτοὺς</span> <span class='ocrx_word' id='word_1_343' title='bbox 3636 1998 3734 2034; x_wconf 83' lang='grc' dir='ltr'>κα-</span> 
     </span>
    </p>
   </div>
   <div class='ocr_carea' id='block_1_48' title="bbox 2156 2074 3735 2149">
    <p class='ocr_par' dir='ltr' id='par_1_48' title="bbox 2156 2074 3735 2149">
     <span class='ocr_line' id='line_1_48' title="bbox 2156 2074 3735 2149; baseline -0.001 -19"><span class='ocrx_word' id='word_1_344' title='bbox 2156 2079 2411 2149; x_wconf 89' lang='grc' dir='ltr'>τακρῖναι</span> <span class='ocrx_word' id='word_1_345' title='bbox 2468 2074 2790 2147; x_wconf 88' lang='grc' dir='ltr'>βουλόμενος</span> <span class='ocrx_word' id='word_1_346' title='bbox 2838 2076 2987 2144; x_wconf 80' lang='grc' dir='ltr'>λέγει</span> <span class='ocrx_word' id='word_1_347' title='bbox 3016 2091 3030 2105; x_wconf 74' lang='grc'><strong><em>⁸</em></strong></span> <span class='ocrx_word' id='word_1_348' title='bbox 3088 2076 3254 2137; x_wconf 77' lang='grc' dir='ltr'>Τίνος</span> <span class='ocrx_word' id='word_1_349' title='bbox 3300 2076 3338 2144; x_wconf 79' lang='grc' dir='ltr'><em>ἠ</em></span> <span class='ocrx_word' id='word_1_350' title='bbox 3375 2074 3735 2138; x_wconf 74' lang='grc' dir='ltr'>είκών;Ἰνα</span> 
     </span>
    </p>
   </div>
   <div class='ocr_carea' id='block_1_49' title="bbox 2159 2159 3736 2238">
    <p class='ocr_par' dir='ltr' id='par_1_49' title="bbox 2159 2159 3736 2238">
     <span class='ocr_line' id='line_1_49' title="bbox 2159 2159 3736 2238; baseline -0.004 -14"><span class='ocrx_word' id='word_1_351' title='bbox 2159 2170 2382 2224; x_wconf 77' lang='grc' dir='ltr'>ἐκείνων</span> <span class='ocrx_word' id='word_1_352' title='bbox 2416 2170 2698 2234; x_wconf 81' lang='grc' dir='ltr'>εἰπόντων,</span> <span class='ocrx_word' id='word_1_353' title='bbox 2732 2168 2807 2237; x_wconf 81' lang='grc' dir='ltr'>μὴ</span> <span class='ocrx_word' id='word_1_354' title='bbox 2844 2166 2969 2238; x_wconf 75' lang='grc' dir='ltr'>δόξῃ</span> <span class='ocrx_word' id='word_1_355' title='bbox 3002 2159 3158 2230; x_wconf 72' lang='grc' dir='ltr'>οὗτος</span> <span class='ocrx_word' id='word_1_356' title='bbox 3186 2169 3357 2219; x_wconf 81' lang='grc' dir='ltr'>εἰπεῖν</span> <span class='ocrx_word' id='word_1_357' title='bbox 3378 2182 3453 2219; x_wconf 93' lang='grc' dir='ltr'><strong>τι.</strong></span> <span class='ocrx_word' id='word_1_358' title='bbox 3488 2164 3605 2218; x_wconf 83' lang='grc' dir='ltr'>’Ίνα</span> <span class='ocrx_word' id='word_1_359' title='bbox 3641 2160 3736 2217; x_wconf 84' lang='grc' dir='ltr'><strong>οὖν</strong></span> 
     </span>
    </p>
   </div>
   <div class='ocr_carea' id='block_1_50' title="bbox 2162 2253 3734 2333">
    <p class='ocr_par' dir='ltr' id='par_1_50' title="bbox 2162 2253 3734 2333">
     <span class='ocr_line' id='line_1_50' title="bbox 2162 2253 3734 2333; baseline -0.007 -16"><span class='ocrx_word' id='word_1_360' title='bbox 2162 2262 2238 2333; x_wconf 81' lang='grc' dir='ltr'>μὴ</span> <span class='ocrx_word' id='word_1_361' title='bbox 2268 2262 2530 2330; x_wconf 70' lang='grc' dir='ltr'>εἴπωσιν,</span> <span class='ocrx_word' id='word_1_362' title='bbox 2558 2261 2640 2315; x_wconf 81' lang='grc' dir='ltr'>ὅτι</span> <span class='ocrx_word' id='word_1_363' title='bbox 2706 2258 3041 2330; x_wconf 79' lang='grc' dir='ltr'>’Ᾱνθρὼποις</span> <span class='ocrx_word' id='word_1_364' title='bbox 3087 2260 3237 2329; x_wconf 78' lang='grc' dir='ltr'>ἡμᾶς</span> <span class='ocrx_word' id='word_1_365' title='bbox 3277 2256 3620 2322; x_wconf 82' lang='grc' dir='ltr'>ὑποτάττεις,</span> <span class='ocrx_word' id='word_1_366' title='bbox 3656 2253 3734 2309; x_wconf 84' lang='grc' dir='ltr'>εῖ-</span> 
     </span>
    </p>
   </div>
   <div class='ocr_carea' id='block_1_51' title="bbox 2161 2345 3738 2423">
    <p class='ocr_par' dir='ltr' id='par_1_51' title="bbox 2161 2345 3738 2423">
     <span class='ocr_line' id='line_1_51' title="bbox 2161 2345 3738 2423; baseline -0.004 -16"><span class='ocrx_word' id='word_1_367' title='bbox 2161 2370 2260 2408; x_wconf 87' lang='grc' dir='ltr'><strong>πεν</strong></span> <span class='ocrx_word' id='word_1_368' title='bbox 2296 2354 2389 2406; x_wconf 78' lang='grc' dir='ltr'>καὶ</span> <span class='ocrx_word' id='word_1_369' title='bbox 2421 2354 2489 2407; x_wconf 69' lang='grc' dir='ltr'><strong>τὰ</strong></span> <span class='ocrx_word' id='word_1_370' title='bbox 2532 2351 2626 2406; x_wconf 88' lang='grc' dir='ltr'><strong>τοῦ</strong></span> <span class='ocrx_word' id='word_1_371' title='bbox 2662 2350 2797 2405; x_wconf 87' lang='grc' dir='ltr'>Θεοῦ</span> <span class='ocrx_word' id='word_1_372' title='bbox 2838 2349 2918 2423; x_wconf 80' lang='grc' dir='ltr'><strong>τῷ</strong></span> <span class='ocrx_word' id='word_1_373' title='bbox 2960 2350 3117 2422; x_wconf 79' lang='grc' dir='ltr'>Θεῷ·</span> <span class='ocrx_word' id='word_1_374' title='bbox 3150 2349 3233 2401; x_wconf 80' lang='grc' dir='ltr'>διδ</span> <span class='ocrx_word' id='word_1_375' title='bbox 3283 2350 3379 2402; x_wconf 79' lang='grc' dir='ltr'>καὶ</span> <span class='ocrx_word' id='word_1_376' title='bbox 3430 2351 3459 2402; x_wconf 84' lang='grc' dir='ltr'><strong>ό</strong></span> <span class='ocrx_word' id='word_1_377' title='bbox 3504 2345 3738 2414; x_wconf 79' lang='grc' dir='ltr'>Παῦλος,</span> 
     </span>
    </p>
   </div>
   <div class='ocr_carea' id='block_1_52' title="bbox 2174 2440 3295 2513">
    <p class='ocr_par' dir='ltr' id='par_1_52' title="bbox 2174 2440 3295 2513">
     <span class='ocr_line' id='line_1_52' title="bbox 2174 2440 3295 2513; baseline -0.005 -12"><span class='ocrx_word' id='word_1_378' title='bbox 2174 2446 2457 2501; x_wconf 78' lang='grc' dir='ltr'><strong>Ἀπόδοτε</strong></span> <span class='ocrx_word' id='word_1_379' title='bbox 2481 2443 2671 2500; x_wconf 83' lang='grc' dir='ltr'>πᾶσιν</span> <span class='ocrx_word' id='word_1_380' title='bbox 2698 2441 2805 2509; x_wconf 82' lang='grc' dir='ltr'>τὰς</span> <span class='ocrx_word' id='word_1_381' title='bbox 2828 2443 3096 2513; x_wconf 72' lang='grc' dir='ltr'>ὀφειλάς,</span> <span class='ocrx_word' id='word_1_382' title='bbox 3124 2440 3295 2509; x_wconf 70' lang='grc' dir='ltr'>λέγει.</span> 
     </span>
    </p>
   </div>
   <div class='ocr_carea' id='block_1_53' title="bbox 2231 2527 3739 2607">
    <p class='ocr_par' dir='ltr' id='par_1_53' title="bbox 2231 2527 3739 2607">
     <span class='ocr_line' id='line_1_53' title="bbox 2231 2527 3739 2607; baseline -0.005 -16"><span class='ocrx_word' id='word_1_383' title='bbox 2231 2538 2335 2592; x_wconf 82' lang='grc' dir='ltr'><strong>Δύο</strong></span> <span class='ocrx_word' id='word_1_384' title='bbox 2373 2536 2613 2607; x_wconf 76' lang='grc' dir='ltr'>αἱρέσεις</span> <span class='ocrx_word' id='word_1_385' title='bbox 2634 2536 2794 2600; x_wconf 67' lang='grc' dir='ltr'>εἰσιν,</span> <span class='ocrx_word' id='word_1_386' title='bbox 2834 2536 2867 2605; x_wconf 80' lang='grc' dir='ltr'>ἡ</span> <span class='ocrx_word' id='word_1_387' title='bbox 2919 2534 3030 2587; x_wconf 86' lang='grc' dir='ltr'><strong>τῶν</strong></span> <span class='ocrx_word' id='word_1_388' title='bbox 3060 2532 3373 2605; x_wconf 77' lang='grc' dir='ltr'>Φαρισαίων</span> <span class='ocrx_word' id='word_1_389' title='bbox 3421 2532 3515 2585; x_wconf 70' lang='grc' dir='ltr'>καὶ</span> <span class='ocrx_word' id='word_1_390' title='bbox 3564 2531 3599 2601; x_wconf 77' lang='grc' dir='ltr'>ἡ</span> <span class='ocrx_word' id='word_1_391' title='bbox 3629 2527 3739 2585; x_wconf 83' lang='grc' dir='ltr'><strong>τῶν</strong></span> 
     </span>
    </p>
   </div>
   <div class='ocr_carea' id='block_1_54' title="bbox 2162 2619 3740 2696">
    <p class='ocr_par' dir='ltr' id='par_1_54' title="bbox 2162 2619 3740 2696">
     <span class='ocr_line' id='line_1_54' title="bbox 2162 2619 3740 2696; baseline -0.006 -16"><span class='ocrx_word' id='word_1_392' title='bbox 2162 2627 2554 2683; x_wconf 82' lang='grc' dir='ltr'>Σαδδουκαίων.</span> <span class='ocrx_word' id='word_1_393' title='bbox 2600 2627 2665 2681; x_wconf 77' lang='lat'><strong>0!</strong></span> <span class='ocrx_word' id='word_1_394' title='bbox 2716 2626 2817 2696; x_wconf 76' lang='grc' dir='ltr'>μὲν</span> <span class='ocrx_word' id='word_1_395' title='bbox 2878 2624 3225 2678; x_wconf 81' lang='grc' dir='ltr'>Σαδδουκαῖοι</span> <span class='ocrx_word' id='word_1_396' title='bbox 3269 2622 3394 2676; x_wconf 73' lang='grc' dir='ltr'>οὔτε</span> <span class='ocrx_word' id='word_1_397' title='bbox 3442 2619 3740 2673; x_wconf 80' lang='grc' dir='ltr'>ἀνάστασιν</span> 
     </span>
    </p>
   </div>
   <div class='ocr_carea' id='block_1_55' title="bbox 2161 2708 3739 2789">
    <p class='ocr_par' dir='ltr' id='par_1_55' title="bbox 2161 2708 3739 2789">
     <span class='ocr_line' id='line_1_55' title="bbox 2161 2708 3739 2789; baseline -0.009 -14"><span class='ocrx_word' id='word_1_398' title='bbox 2161 2720 2286 2777; x_wconf 72' lang='grc' dir='ltr'>οὔτε</span> <span class='ocrx_word' id='word_1_399' title='bbox 2326 2720 2590 2789; x_wconf 81' lang='grc' dir='ltr'>ἀγγέλους</span> <span class='ocrx_word' id='word_1_400' title='bbox 2620 2716 2965 2771; x_wconf 81' lang='grc' dir='ltr'>πιστεύουσιν</span> <span class='ocrx_word' id='word_1_401' title='bbox 2984 2730 3000 2745; x_wconf 87' lang='grc'><strong>·</strong></span> <span class='ocrx_word' id='word_1_402' title='bbox 3031 2716 3080 2769; x_wconf 88' lang='grc' dir='ltr'>οί</span> <span class='ocrx_word' id='word_1_403' title='bbox 3132 2714 3189 2768; x_wconf 82' lang='grc' dir='ltr'><strong>δὲ</strong></span> <span class='ocrx_word' id='word_1_404' title='bbox 3230 2714 3516 2783; x_wconf 75' lang='grc' dir='ltr'>Φαρισαῖοι</span> <span class='ocrx_word' id='word_1_405' title='bbox 3545 2708 3739 2780; x_wconf 81' lang='grc' dir='ltr'>ὁμολο-</span> 
     </span>
    </p>
   </div>
   <div class='ocr_carea' id='block_1_56' title="bbox 2162 2813 2681 2883">
    <p class='ocr_par' dir='ltr' id='par_1_56' title="bbox 2162 2813 2681 2883">
     <span class='ocr_line' id='line_1_56' title="bbox 2162 2813 2681 2883; baseline -0.002 -16"><span class='ocrx_word' id='word_1_406' title='bbox 2162 2813 2350 2883; x_wconf 89' lang='grc' dir='ltr'>γοῦσιν</span> <span class='ocrx_word' id='word_1_407' title='bbox 2375 2813 2681 2882; x_wconf 79' lang='grc' dir='ltr'>ἀμφότερα.</span> 
     </span>
    </p>
   </div>
   <div class='ocr_carea' id='block_1_57' title="bbox 2234 2890 3739 2973">
    <p class='ocr_par' dir='ltr' id='par_1_57' title="bbox 2234 2890 3739 2973">
     <span class='ocr_line' id='line_1_57' title="bbox 2234 2890 3739 2973; baseline -0.01 -16"><span class='ocrx_word' id='word_1_408' title='bbox 2234 2906 2333 2958; x_wconf 88' lang='grc' dir='ltr'>Διά</span> <span class='ocrx_word' id='word_1_409' title='bbox 2363 2904 2415 2957; x_wconf 85' lang='grc' dir='ltr'><strong>τί</strong></span> <span class='ocrx_word' id='word_1_410' title='bbox 2442 2906 2469 2957; x_wconf 85' lang='grc' dir='ltr'>ὁ</span> <span class='ocrx_word' id='word_1_411' title='bbox 2510 2903 2612 2973; x_wconf 80' lang='grc' dir='ltr'>μὲν</span> <span class='ocrx_word' id='word_1_412' title='bbox 2642 2901 2915 2966; x_wconf 80' lang='grc' dir='ltr'>Ματθαῖός</span> <span class='ocrx_word' id='word_1_413' title='bbox 2950 2916 3139 2971; x_wconf 87' lang='grc' dir='ltr'>φησιν,</span> <span class='ocrx_word' id='word_1_414' title='bbox 3172 2898 3255 2950; x_wconf 78' lang='grc' dir='ltr'>ὅτι</span> <span class='ocrx_word' id='word_1_415' title='bbox 3288 2894 3568 2965; x_wconf 77' lang='grc' dir='ltr'>πειράζων</span> <span class='ocrx_word' id='word_1_416' title='bbox 3592 2890 3739 2963; x_wconf 74' lang='grc' dir='ltr'>ηρὼ-</span> 
     </span>
    </p>
   </div>
   <div class='ocr_carea' id='block_1_58' title="bbox 2164 2978 3739 3066">
    <p class='ocr_par' dir='ltr' id='par_1_58' title="bbox 2164 2978 3739 3066">
     <span class='ocr_line' id='line_1_58' title="bbox 2164 2978 3739 3066; baseline -0.013 -17"><span class='ocrx_word' id='word_1_417' title='bbox 2164 3011 2329 3066; x_wconf 86' lang='grc' dir='ltr'>τησεν</span> <span class='ocrx_word' id='word_1_418' title='bbox 2378 2988 2535 3055; x_wconf 73' lang='grc' dir='ltr'>οὗτος</span> <span class='ocrx_word' id='word_1_419' title='bbox 2569 2993 2598 3045; x_wconf 81' lang='grc' dir='ltr'><strong>δ</strong></span> <span class='ocrx_word' id='word_1_420' title='bbox 2630 2990 2854 3061; x_wconf 82' lang='grc' dir='ltr'>νομικὸς</span> <span class='ocrx_word' id='word_1_421' title='bbox 2893 2988 3097 3050; x_wconf 74' lang='grc' dir='ltr'>οὕτως·</span> <span class='ocrx_word' id='word_1_422' title='bbox 3130 2988 3159 3038; x_wconf 83' lang='grc' dir='ltr'>ὁ</span> <span class='ocrx_word' id='word_1_423' title='bbox 3203 2985 3262 3038; x_wconf 75' lang='grc' dir='ltr'><strong>δὲ</strong></span> <span class='ocrx_word' id='word_1_424' title='bbox 3296 2982 3520 3052; x_wconf 84' lang='grc' dir='ltr'>Μάρκος</span> <span class='ocrx_word' id='word_1_425' title='bbox 3552 2978 3739 3048; x_wconf 72' lang='grc' dir='ltr'>φησιν,</span> 
     </span>
    </p>
   </div>
   <div class='ocr_carea' id='block_1_59' title="bbox 2164 3066 3739 3152">
    <p class='ocr_par' dir='ltr' id='par_1_59' title="bbox 2164 3066 3739 3152">
     <span class='ocr_line' id='line_1_59' title="bbox 2164 3066 3739 3152; baseline -0.013 -11"><span class='ocrx_word' id='word_1_426' title='bbox 2164 3088 2247 3141; x_wconf 84' lang='grc' dir='ltr'>ὅτι</span> <span class='ocrx_word' id='word_1_427' title='bbox 2285 3085 2440 3149; x_wconf 79' lang='grc' dir='ltr'>εἰδὼς</span> <span class='ocrx_word' id='word_1_428' title='bbox 2466 3087 2547 3139; x_wconf 84' lang='grc' dir='ltr'>ὃτι</span> <span class='ocrx_word' id='word_1_429' title='bbox 2579 3080 2846 3152; x_wconf 82' lang='grc' dir='ltr'>νουνεχῶς</span> <span class='ocrx_word' id='word_1_430' title='bbox 2881 3078 3156 3150; x_wconf 78' lang='grc' dir='ltr'>ἀπεκρίθη</span> <span class='ocrx_word' id='word_1_431' title='bbox 3182 3074 3353 3145; x_wconf 79' lang='grc' dir='ltr'>αὐτῷ,</span> <span class='ocrx_word' id='word_1_432' title='bbox 3385 3068 3541 3125; x_wconf 81' lang='grc' dir='ltr'>εἶπεν</span> <span class='ocrx_word' id='word_1_433' title='bbox 3569 3066 3739 3137; x_wconf 81' lang='grc' dir='ltr'>αὐτῷ,</span> 
     </span>
    </p>
   </div>
   <div class='ocr_carea' id='block_1_60' title="bbox 481 3161 2057 3275">
    <p class='ocr_par' dir='ltr' id='par_1_60' title="bbox 481 3178 2057 3253">
     <span class='ocr_line' id='line_1_60' title="bbox 481 3178 2057 3253; baseline 0.003 -22"><span class='ocrx_word' id='word_1_434' title='bbox 481 3178 579 3244; x_wconf 90' lang='lat' dir='ltr'><strong>illi,</strong></span> <span class='ocrx_word' id='word_1_435' title='bbox 632 3178 754 3233; x_wconf 88' lang='lat' dir='ltr'><strong>Non</strong></span> <span class='ocrx_word' id='word_1_436' title='bbox 774 3196 827 3235; x_wconf 80' lang='lat' dir='ltr'><strong>es</strong></span> <span class='ocrx_word' id='word_1_437' title='bbox 852 3180 1003 3252; x_wconf 81' lang='lat' dir='ltr'><strong>longe</strong></span> <span class='ocrx_word' id='word_1_438' title='bbox 1028 3199 1061 3236; x_wconf 89' lang='lat' dir='ltr'><strong>a</strong></span> <span class='ocrx_word' id='word_1_439' title='bbox 1098 3198 1253 3253; x_wconf 87' lang='lat' dir='ltr'><strong>regno</strong></span> <span class='ocrx_word' id='word_1_440' title='bbox 1283 3180 1419 3237; x_wconf 84' lang='lat' dir='ltr'><strong>Dei.’</strong></span> <span class='ocrx_word' id='word_1_441' title='bbox 1472 3179 1590 3235; x_wconf 81' lang='lat' dir='ltr'><strong>Non</strong></span> <span class='ocrx_word' id='word_1_442' title='bbox 1619 3180 1759 3237; x_wconf 89' lang='lat' dir='ltr'><strong>inter</strong></span> <span class='ocrx_word' id='word_1_443' title='bbox 1783 3197 1841 3238; x_wconf 84' lang='lat' dir='ltr'><strong>se</strong></span> <span class='ocrx_word' id='word_1_444' title='bbox 1863 3181 2057 3237; x_wconf 78' lang='lat' dir='ltr'><strong>adver-</strong></span> 
     </span>
    </p>
   </div>
   <div class='ocr_carea' id='block_1_61' title="bbox 2164 3161 3743 3275">
    <p class='ocr_par' dir='ltr' id='par_1_61' title="bbox 2170 3161 3743 3275">
     <span class='ocr_line' id='line_1_61' title="bbox 2170 3161 3743 3275; baseline -0.015 -39"><span class='ocrx_word' id='word_1_445' title='bbox 2170 3183 2254 3236; x_wconf 87' lang='grc' dir='ltr'><strong>Οὑ</strong></span> <span class='ocrx_word' id='word_1_446' title='bbox 2282 3179 2525 3250; x_wconf 78' lang='grc' dir='ltr'>μακρὰν</span> <span class='ocrx_word' id='word_1_447' title='bbox 2549 3173 2746 3249; x_wconf 56' lang='grc' dir='ltr'>εζάπὸ</span> <span class='ocrx_word' id='word_1_448' title='bbox 2786 3171 2896 3242; x_wconf 82' lang='grc' dir='ltr'>τῆς</span> <span class='ocrx_word' id='word_1_449' title='bbox 2920 3170 3247 3237; x_wconf 70' lang='grc' dir='ltr'>βασιλείας</span> <span class='ocrx_word' id='word_1_450' title='bbox 3280 3166 3387 3221; x_wconf 85' lang='grc' dir='ltr'><strong>τοῦ</strong></span> <span class='ocrx_word' id='word_1_451' title='bbox 3417 3163 3602 3275; x_wconf 89' lang='lat'><strong><em>;</em></strong></span> <span class='ocrx_word' id='word_1_452' title='bbox 3629 3161 3743 3215; x_wconf 81' lang='grc' dir='ltr'><strong>οὐκ</strong></span> 
     </span>
    </p>
   </div>
   <div class='ocr_carea' id='block_1_62' title="bbox 482 3272 2057 3347">
    <p class='ocr_par' dir='ltr' id='par_1_62' title="bbox 482 3272 2057 3347">
     <span class='ocr_line' id='line_1_62' title="bbox 482 3272 2057 3347; baseline 0.003 -22"><span class='ocrx_word' id='word_1_453' title='bbox 482 3283 700 3338; x_wconf 82' lang='lat' dir='ltr'><strong>sanior;</strong></span> <span class='ocrx_word' id='word_1_454' title='bbox 763 3272 1121 3343; x_wconf 79' lang='lat' dir='ltr'><strong>interrogavit</strong></span> <span class='ocrx_word' id='word_1_455' title='bbox 1173 3274 1321 3331; x_wconf 84' lang='lat' dir='ltr'><strong>enim</strong></span> <span class='ocrx_word' id='word_1_456' title='bbox 1378 3275 1432 3330; x_wconf 89' lang='lat' dir='ltr'><strong>in</strong></span> <span class='ocrx_word' id='word_1_457' title='bbox 1484 3274 1755 3347; x_wconf 90' lang='lat' dir='ltr'><strong>principio</strong></span> <span class='ocrx_word' id='word_1_458' title='bbox 1810 3281 2057 3342; x_wconf 88' lang='lat' dir='ltr'><strong>tentans,</strong></span> 
     </span>
    </p>
   </div>
   <div class='ocr_carea' id='block_1_63' title="bbox 482 3362 1623 3438">
    <p class='ocr_par' dir='ltr' id='par_1_63' title="bbox 482 3362 1623 3438">
     <span class='ocr_line' id='line_1_63' title="bbox 482 3362 1623 3438; baseline 0.006 -21"><span class='ocrx_word' id='word_1_459' title='bbox 482 3362 575 3418; x_wconf 83' lang='lat' dir='ltr'><strong>sed</strong></span> <span class='ocrx_word' id='word_1_460' title='bbox 605 3364 807 3419; x_wconf 84' lang='lat' dir='ltr'><strong>Christi</strong></span> <span class='ocrx_word' id='word_1_461' title='bbox 842 3367 1199 3438; x_wconf 89' lang='lat' dir='ltr'><strong>responsione</strong></span> <span class='ocrx_word' id='word_1_462' title='bbox 1230 3366 1484 3424; x_wconf 88' lang='lat' dir='ltr'><strong>laudatus</strong></span> <span class='ocrx_word' id='word_1_463' title='bbox 1515 3376 1623 3424; x_wconf 87' lang='lat' dir='ltr'><strong>est.</strong></span> 
     </span>
    </p>
   </div>
   <div class='ocr_carea' id='block_1_64' title="bbox 1040 3512 1489 3571">
    <p class='ocr_par' dir='ltr' id='par_1_64' title="bbox 1040 3512 1489 3571">
     <span class='ocr_line' id='line_1_64' title="bbox 1040 3512 1489 3571; baseline -0.007 -1"><span class='ocrx_word' id='word_1_464' title='bbox 1040 3513 1270 3571; x_wconf 84' lang='lat' dir='ltr'><strong>CAPUT</strong></span> <span class='ocrx_word' id='word_1_465' title='bbox 1300 3512 1489 3569; x_wconf 74' lang='lat' dir='ltr'>XXIII.</span> 
     </span>
    </p>
   </div>
   <div class='ocr_carea' id='block_1_65' title="bbox 556 3659 2061 3731">
    <p class='ocr_par' dir='ltr' id='par_1_65' title="bbox 556 3659 2061 3731">
     <span class='ocr_line' id='line_1_65' title="bbox 556 3659 2061 3731; baseline -0.001 -17"><span class='ocrx_word' id='word_1_466' title='bbox 556 3659 722 3715; x_wconf 73' lang='lat' dir='ltr'><strong>Vens.</strong></span> <span class='ocrx_word' id='word_1_467' title='bbox 762 3662 815 3715; x_wconf 77' lang='grc'><strong>5.</strong></span> <span class='ocrx_word' id='word_1_468' title='bbox 848 3660 1042 3716; x_wconf 81' lang='lat' dir='ltr'><strong>Omnia</strong></span> <span class='ocrx_word' id='word_1_469' title='bbox 1085 3676 1410 3731; x_wconf 64' lang='lat' dir='ltr'><strong>quacunque</strong></span> <span class='ocrx_word' id='word_1_470' title='bbox 1445 3660 1674 3714; x_wconf 75' lang='lat' dir='ltr'><strong>dixerint</strong></span> <span class='ocrx_word' id='word_1_471' title='bbox 1712 3661 1853 3713; x_wconf 78' lang='lat' dir='ltr'><strong>vobis</strong></span> <span class='ocrx_word' id='word_1_472' title='bbox 1883 3675 2061 3713; x_wconf 80' lang='lat' dir='ltr'><strong>sacer-</strong></span> 
     </span>
    </p>
   </div>
   <div class='ocr_carea' id='block_1_66' title="bbox 486 3750 2061 3823">
    <p class='ocr_par' dir='ltr' id='par_1_66' title="bbox 486 3750 2061 3823">
     <span class='ocr_line' id='line_1_66' title="bbox 486 3750 2061 3823; baseline 0.001 -18"><span class='ocrx_word' id='word_1_473' title='bbox 486 3754 631 3807; x_wconf 80' lang='lat' dir='ltr'><strong>dotes</strong></span> <span class='ocrx_word' id='word_1_474' title='bbox 661 3754 857 3823; x_wconf 83' lang='lat' dir='ltr'><strong>facere,</strong></span> <span class='ocrx_word' id='word_1_475' title='bbox 892 3754 1080 3823; x_wconf 78' lang='lat' dir='ltr'><strong>facite,</strong></span> <span class='ocrx_word' id='word_1_476' title='bbox 1111 3753 1312 3823; x_wconf 87' lang='lat' dir='ltr'><strong>inquit,</strong></span> <span class='ocrx_word' id='word_1_477' title='bbox 1345 3752 1607 3822; x_wconf 88' lang='lat' dir='ltr'><strong>quoniam</strong></span> <span class='ocrx_word' id='word_1_478' title='bbox 1639 3766 1763 3821; x_wconf 70' lang='lat' dir='ltr'><strong>qua</strong></span> <span class='ocrx_word' id='word_1_479' title='bbox 1790 3750 1882 3805; x_wconf 88' lang='lat' dir='ltr'><strong>Dei</strong></span> <span class='ocrx_word' id='word_1_480' title='bbox 1914 3760 2061 3807; x_wconf 88' lang='lat' dir='ltr'><strong>sunt.</strong></span> 
     </span>
    </p>
   </div>
   <div class='ocr_carea' id='block_1_67' title="bbox 488 3843 2066 3915">
    <p class='ocr_par' dir='ltr' id='par_1_67' title="bbox 488 3843 2066 3915">
     <span class='ocr_line' id='line_1_67' title="bbox 488 3843 2066 3915; baseline -0.001 -16"><span class='ocrx_word' id='word_1_481' title='bbox 488 3845 697 3910; x_wconf 86' lang='lat' dir='ltr'><strong>dicunt,</strong></span> <span class='ocrx_word' id='word_1_482' title='bbox 737 3860 843 3899; x_wconf 90' lang='lat' dir='ltr'><strong>non</strong></span> <span class='ocrx_word' id='word_1_483' title='bbox 870 3860 989 3913; x_wconf 73' lang='lat' dir='ltr'><strong>qua!</strong></span> <span class='ocrx_word' id='word_1_484' title='bbox 1023 3860 1121 3900; x_wconf 86' lang='lat' dir='ltr'><strong>sua</strong></span> <span class='ocrx_word' id='word_1_485' title='bbox 1145 3852 1305 3909; x_wconf 86' lang='lat' dir='ltr'><strong>sunt;</strong></span> <span class='ocrx_word' id='word_1_486' title='bbox 1342 3845 1412 3900; x_wconf 90' lang='lat' dir='ltr'><strong>de</strong></span> <span class='ocrx_word' id='word_1_487' title='bbox 1432 3844 1551 3900; x_wconf 86' lang='lat' dir='ltr'><strong>istis</strong></span> <span class='ocrx_word' id='word_1_488' title='bbox 1572 3844 1791 3915; x_wconf 88' lang='lat' dir='ltr'><strong>quidem</strong></span> <span class='ocrx_word' id='word_1_489' title='bbox 1834 3859 1931 3914; x_wconf 90' lang='lat' dir='ltr'><strong>per</strong></span> <span class='ocrx_word' id='word_1_490' title='bbox 1961 3843 2066 3898; x_wconf 91' lang='lat' dir='ltr'><strong>hoc</strong></span> 
     </span>
    </p>
   </div>
   <div class='ocr_carea' id='block_1_68' title="bbox 489 3935 2064 4007">
    <p class='ocr_par' dir='ltr' id='par_1_68' title="bbox 489 3935 2064 4007">
     <span class='ocr_line' id='line_1_68' title="bbox 489 3935 2064 4007; baseline -0.001 -17"><span class='ocrx_word' id='word_1_491' title='bbox 489 3937 750 4007; x_wconf 87' lang='lat' dir='ltr'><strong>majorem</strong></span> <span class='ocrx_word' id='word_1_492' title='bbox 775 3938 1181 3992; x_wconf 88' lang='lat' dir='ltr'><strong>accusationem</strong></span> <span class='ocrx_word' id='word_1_493' title='bbox 1226 3936 1455 4001; x_wconf 80' lang='lat' dir='ltr'><strong>faciens,</strong></span> <span class='ocrx_word' id='word_1_494' title='bbox 1482 3935 1577 3991; x_wconf 89' lang='lat' dir='ltr'><strong>sed</strong></span> <span class='ocrx_word' id='word_1_495' title='bbox 1602 3950 1794 3992; x_wconf 90' lang='lat' dir='ltr'><strong>eorum</strong></span> <span class='ocrx_word' id='word_1_496' title='bbox 1817 3935 2064 3990; x_wconf 81' lang='lat' dir='ltr'><strong>aversio-</strong></span> 
     </span>
    </p>
   </div>
   <div class='ocr_carea' id='block_1_69' title="bbox 490 4029 2073 4101">
    <p class='ocr_par' dir='ltr' id='par_1_69' title="bbox 490 4029 2073 4101">
     <span class='ocr_line' id='line_1_69' title="bbox 490 4029 2073 4101; baseline 0 -17"><span class='ocrx_word' id='word_1_497' title='bbox 490 4046 613 4084; x_wconf 88' lang='lat' dir='ltr'><strong>nem</strong></span> <span class='ocrx_word' id='word_1_498' title='bbox 645 4029 953 4094; x_wconf 82' lang='lat' dir='ltr'><strong>dimovens,</strong></span> <span class='ocrx_word' id='word_1_499' title='bbox 987 4047 1057 4086; x_wconf 91' lang='lat' dir='ltr'><strong>ne</strong></span> <span class='ocrx_word' id='word_1_500' title='bbox 1106 4047 1199 4101; x_wconf 91' lang='lat' dir='ltr'><strong>per</strong></span> <span class='ocrx_word' id='word_1_501' title='bbox 1228 4032 1514 4087; x_wconf 92' lang='lat' dir='ltr'><strong>doctorum</strong></span> <span class='ocrx_word' id='word_1_502' title='bbox 1552 4038 1925 4100; x_wconf 89' lang='lat' dir='ltr'><strong>contemptum</strong></span> <span class='ocrx_word' id='word_1_503' title='bbox 1966 4029 2073 4084; x_wconf 73' lang='lat' dir='ltr'><strong>do-</strong></span> 
     </span>
    </p>
   </div>
   <div class='ocr_carea' id='block_1_70' title="bbox 488 4119 1010 4175">
    <p class='ocr_par' dir='ltr' id='par_1_70' title="bbox 488 4119 1010 4175">
     <span class='ocr_line' id='line_1_70' title="bbox 488 4119 1010 4175; baseline 0.004 -2"><span class='ocrx_word' id='word_1_504' title='bbox 488 4119 718 4173; x_wconf 86' lang='lat' dir='ltr'><strong>ctrinam</strong></span> <span class='ocrx_word' id='word_1_505' title='bbox 748 4120 1010 4175; x_wconf 84' lang='lat' dir='ltr'><strong>destruat.</strong></span> 
     </span>
    </p>
   </div>
   <div class='ocr_carea' id='block_1_71' title="bbox 567 4211 2065 4285">
    <p class='ocr_par' dir='ltr' id='par_1_71' title="bbox 567 4211 2065 4285">
     <span class='ocr_line' id='line_1_71' title="bbox 567 4211 2065 4285; baseline 0.002 -20"><span class='ocrx_word' id='word_1_506' title='bbox 567 4211 729 4268; x_wconf 76' lang='lat' dir='ltr'><strong>Vens.</strong></span> <span class='ocrx_word' id='word_1_507' title='bbox 755 4211 806 4266; x_wconf 77' lang='grc' dir='ltr'><strong>ι.</strong></span> <span class='ocrx_word' id='word_1_508' title='bbox 840 4212 979 4279; x_wconf 84' lang='lat' dir='ltr'><strong>Quid</strong></span> <span class='ocrx_word' id='word_1_509' title='bbox 1011 4213 1300 4284; x_wconf 88' lang='lat' dir='ltr'><strong>significat,</strong></span> <span class='ocrx_word' id='word_1_510' title='bbox 1336 4213 1605 4284; x_wconf 81' lang='lat' dir='ltr'><strong>Alliganl?</strong></span> <span class='ocrx_word' id='word_1_511' title='bbox 1657 4223 1762 4270; x_wconf 88' lang='lat' dir='ltr'><strong>etc.</strong></span> <span class='ocrx_word' id='word_1_512' title='bbox 1815 4213 2065 4285; x_wconf 81' lang='lat' dir='ltr'><strong>Magnam</strong></span> 
     </span>
    </p>
   </div>
   <div class='ocr_carea' id='block_1_72' title="bbox 489 4302 2065 4376">
    <p class='ocr_par' dir='ltr' id='par_1_72' title="bbox 489 4302 2065 4376">
     <span class='ocr_line' id='line_1_72' title="bbox 489 4302 2065 4376; baseline 0.002 -19"><span class='ocrx_word' id='word_1_513' title='bbox 489 4314 544 4357; x_wconf 82' lang='lat' dir='ltr'><strong>et</strong></span> <span class='ocrx_word' id='word_1_514' title='bbox 574 4302 863 4373; x_wconf 84' lang='lat' dir='ltr'><strong>perfectam</strong></span> <span class='ocrx_word' id='word_1_515' title='bbox 886 4320 916 4358; x_wconf 90' lang='lat' dir='ltr'><strong>a</strong></span> <span class='ocrx_word' id='word_1_516' title='bbox 942 4305 1178 4360; x_wconf 84' lang='lat' dir='ltr'><strong>subditis</strong></span> <span class='ocrx_word' id='word_1_517' title='bbox 1213 4306 1429 4376; x_wconf 72' lang='lat' dir='ltr'><strong>exigere</strong></span> <span class='ocrx_word' id='word_1_518' title='bbox 1462 4308 1599 4362; x_wconf 89' lang='lat' dir='ltr'><strong>istos</strong></span> <span class='ocrx_word' id='word_1_519' title='bbox 1624 4308 1747 4361; x_wconf 68' lang='lat' dir='ltr'><strong>vita:</strong></span> <span class='ocrx_word' id='word_1_520' title='bbox 1773 4306 2065 4361; x_wconf 85' lang='lat' dir='ltr'><strong>rectitudi-</strong></span> 
     </span>
    </p>
   </div>
   <div class='ocr_carea' id='block_1_73' title="bbox 491 4398 2064 4469">
    <p class='ocr_par' dir='ltr' id='par_1_73' title="bbox 491 4398 2064 4469">
     <span class='ocr_line' id='line_1_73' title="bbox 491 4398 2064 4469; baseline 0.003 -21"><span class='ocrx_word' id='word_1_521' title='bbox 491 4412 638 4459; x_wconf 88' lang='lat' dir='ltr'><strong>nem,</strong></span> <span class='ocrx_word' id='word_1_522' title='bbox 675 4412 926 4467; x_wconf 87' lang='lat' dir='ltr'><strong>magnam</strong></span> <span class='ocrx_word' id='word_1_523' title='bbox 952 4412 1079 4452; x_wconf 85' lang='lat' dir='ltr'><strong>vero</strong></span> <span class='ocrx_word' id='word_1_524' title='bbox 1113 4398 1217 4453; x_wconf 91' lang='lat' dir='ltr'><strong>sibi</strong></span> <span class='ocrx_word' id='word_1_525' title='bbox 1249 4399 1383 4468; x_wconf 89' lang='lat' dir='ltr'><strong>ipsis</strong></span> <span class='ocrx_word' id='word_1_526' title='bbox 1410 4400 1728 4469; x_wconf 89' lang='lat' dir='ltr'><strong>permittere</strong></span> <span class='ocrx_word' id='word_1_527' title='bbox 1755 4399 2064 4453; x_wconf 82' lang='lat' dir='ltr'><strong>licentiam.</strong></span> 
     </span>
    </p>
   </div>
   <div class='ocr_carea' id='block_1_74' title="bbox 483 4488 2070 4560">
    <p class='ocr_par' dir='ltr' id='par_1_74' title="bbox 483 4488 2070 4560">
     <span class='ocr_line' id='line_1_74' title="bbox 483 4488 2070 4560; baseline 0.001 -18"><span class='ocrx_word' id='word_1_528' title='bbox 483 4488 841 4543; x_wconf 80' lang='lat' dir='ltr'><strong>Contrarium</strong></span> <span class='ocrx_word' id='word_1_529' title='bbox 868 4490 958 4544; x_wconf 84' lang='lat' dir='ltr'><strong>ille</strong></span> <span class='ocrx_word' id='word_1_530' title='bbox 985 4490 1078 4560; x_wconf 90' lang='lat' dir='ltr'><strong>qui</strong></span> <span class='ocrx_word' id='word_1_531' title='bbox 1124 4501 1318 4560; x_wconf 60' lang='lat' dir='ltr'><strong>praeest</strong></span> <span class='ocrx_word' id='word_1_532' title='bbox 1346 4506 1505 4559; x_wconf 80' lang='lat' dir='ltr'><strong>agerc</strong></span> <span class='ocrx_word' id='word_1_533' title='bbox 1532 4490 1722 4545; x_wconf 89' lang='lat' dir='ltr'><strong>debet:</strong></span> <span class='ocrx_word' id='word_1_534' title='bbox 1751 4490 1804 4544; x_wconf 92' lang='lat' dir='ltr'><strong>in</strong></span> <span class='ocrx_word' id='word_1_535' title='bbox 1831 4491 1915 4545; x_wconf 88' lang='lat' dir='ltr'><strong>bis</strong></span> <span class='ocrx_word' id='word_1_536' title='bbox 1946 4490 2070 4559; x_wconf 81' lang='lat' dir='ltr'><strong>qui-</strong></span> 
     </span>
    </p>
   </div>
   <div class='ocr_carea' id='block_1_75' title="bbox 2168 3257 3745 3342">
    <p class='ocr_par' dir='ltr' id='par_1_75' title="bbox 2168 3257 3745 3342">
     <span class='ocr_line' id='line_1_75' title="bbox 2168 3257 3745 3342; baseline -0.017 -12"><span class='ocrx_word' id='word_1_537' title='bbox 2168 3271 2572 3342; x_wconf 70' lang='grc' dir='ltr'>ὲναντιούμενοι</span> <span class='ocrx_word' id='word_1_538' title='bbox 2626 3269 2809 3331; x_wconf 79' lang='grc' dir='ltr'>αὐτοῖς</span> <span class='ocrx_word' id='word_1_539' title='bbox 2835 3280 2851 3299; x_wconf 72' lang='grc'><strong>⁸</strong></span> <span class='ocrx_word' id='word_1_540' title='bbox 2881 3263 3168 3337; x_wconf 69' lang='grc' dir='ltr'>ἠρώτησεν</span> <span class='ocrx_word' id='word_1_541' title='bbox 3202 3260 3311 3331; x_wconf 83' lang='grc' dir='ltr'><strong>γάρ</strong></span> <span class='ocrx_word' id='word_1_542' title='bbox 3351 3259 3410 3312; x_wconf 77' lang='grc' dir='ltr'>ὲν</span> <span class='ocrx_word' id='word_1_543' title='bbox 3439 3257 3580 3326; x_wconf 79' lang='grc' dir='ltr'>ἀρχῇ</span> <span class='ocrx_word' id='word_1_544' title='bbox 3625 3268 3745 3305; x_wconf 77' lang='grc' dir='ltr'>πειο</span> 
     </span>
    </p>
   </div>
   <div class='ocr_carea' id='block_1_76' title="bbox 2174 3343 3742 3439">
    <p class='ocr_par' dir='ltr' id='par_1_76' title="bbox 2174 3343 3742 3439">
     <span class='ocr_line' id='line_1_76' title="bbox 2174 3343 3742 3439; baseline -0.015 -18"><span class='ocrx_word' id='word_1_545' title='bbox 2174 3365 2354 3439; x_wconf 79' lang='grc' dir='ltr'>ράζων</span> <span class='ocrx_word' id='word_1_546' title='bbox 2377 3382 2391 3397; x_wconf 75' lang='grc' dir='ltr'>σ</span> <span class='ocrx_word' id='word_1_547' title='bbox 2428 3363 2537 3419; x_wconf 81' lang='grc' dir='ltr'>ἀπὸ</span> <span class='ocrx_word' id='word_1_548' title='bbox 2580 3360 2639 3415; x_wconf 71' lang='grc' dir='ltr'><strong>δὲ</strong></span> <span class='ocrx_word' id='word_1_549' title='bbox 2674 3360 2773 3429; x_wconf 83' lang='grc' dir='ltr'>τῆς</span> <span class='ocrx_word' id='word_1_550' title='bbox 2816 3354 3056 3429; x_wconf 86' lang='grc' dir='ltr'>Χριστοῦ</span> <span class='ocrx_word' id='word_1_551' title='bbox 3088 3351 3453 3424; x_wconf 80' lang='grc' dir='ltr'>ἀποκρίσεως</span> <span class='ocrx_word' id='word_1_552' title='bbox 3482 3343 3742 3420; x_wconf 68' lang='grc' dir='ltr'>ἐπῃνέθη.</span> 
     </span>
    </p>
   </div>
   <div class='ocr_carea' id='block_1_77' title="bbox 2734 3479 3166 3557">
    <p class='ocr_par' dir='ltr' id='par_1_77' title="bbox 2734 3479 3166 3557">
     <span class='ocr_line' id='line_1_77' title="bbox 2734 3479 3166 3557; baseline -0.007 0"><span class='ocrx_word' id='word_1_553' title='bbox 2734 3501 2984 3557; x_wconf 72' lang='grc' dir='ltr'><strong>ΚΕΦᾹΛ.</strong></span> <span class='ocrx_word' id='word_1_554' title='bbox 3037 3479 3166 3555; x_wconf 79' lang='lat' dir='ltr'><strong>Kf&quot;.</strong></span> 
     </span>
    </p>
   </div>
   <div class='ocr_carea' id='block_1_78' title="bbox 2238 3629 3748 3716">
    <p class='ocr_par' dir='ltr' id='par_1_78' title="bbox 2238 3629 3748 3716">
     <span class='ocr_line' id='line_1_78' title="bbox 2238 3629 3748 3716; baseline -0.013 -10"><span class='ocrx_word' id='word_1_555' title='bbox 2238 3653 2334 3716; x_wconf 83' lang='grc' dir='ltr'><strong>Τὸ,</strong></span> <span class='ocrx_word' id='word_1_556' title='bbox 2397 3649 2601 3705; x_wconf 77' lang='grc' dir='ltr'>Πάντα</span> <span class='ocrx_word' id='word_1_557' title='bbox 2652 3646 2771 3699; x_wconf 85' lang='grc' dir='ltr'>ὅσα</span> <span class='ocrx_word' id='word_1_558' title='bbox 2814 3644 2892 3699; x_wconf 78' lang='grc' dir='ltr'><strong>ἂν</strong></span> <span class='ocrx_word' id='word_1_559' title='bbox 2945 3639 3238 3711; x_wconf 77' lang='grc' dir='ltr'>λέγουσιν</span> <span class='ocrx_word' id='word_1_560' title='bbox 3282 3636 3426 3706; x_wconf 77' lang='grc' dir='ltr'>ὑμῖν</span> <span class='ocrx_word' id='word_1_561' title='bbox 3472 3637 3529 3689; x_wconf 83' lang='grc' dir='ltr'><strong>οι</strong></span> <span class='ocrx_word' id='word_1_562' title='bbox 3574 3629 3748 3703; x_wconf 74' lang='grc' dir='ltr'>ἱερεῖς</span> 
     </span>
    </p>
   </div>
   <div class='ocr_carea' id='block_1_79' title="bbox 2170 3724 3747 3804">
    <p class='ocr_par' dir='ltr' id='par_1_79' title="bbox 2170 3724 3747 3804">
     <span class='ocr_line' id='line_1_79' title="bbox 2170 3724 3747 3804; baseline -0.015 -6"><span class='ocrx_word' id='word_1_563' title='bbox 2170 3742 2383 3804; x_wconf 75' lang='grc' dir='ltr'>ποιεῖν,</span> <span class='ocrx_word' id='word_1_564' title='bbox 2402 3739 2645 3800; x_wconf 80' lang='grc' dir='ltr'>ποιεῖτε.</span> <span class='ocrx_word' id='word_1_565' title='bbox 2699 3736 2877 3803; x_wconf 70' lang='grc' dir='ltr'>λέγει.</span> <span class='ocrx_word' id='word_1_566' title='bbox 2919 3732 3137 3802; x_wconf 77' lang='grc' dir='ltr'>Ἐπειδὴ</span> <span class='ocrx_word' id='word_1_567' title='bbox 3164 3728 3235 3784; x_wconf 90' lang='grc' dir='ltr'><strong>τά</strong></span> <span class='ocrx_word' id='word_1_568' title='bbox 3274 3727 3369 3782; x_wconf 90' lang='grc' dir='ltr'><strong>τοῦ</strong></span> <span class='ocrx_word' id='word_1_569' title='bbox 3395 3724 3529 3779; x_wconf 83' lang='grc' dir='ltr'>Θεοῦ</span> <span class='ocrx_word' id='word_1_570' title='bbox 3558 3724 3747 3792; x_wconf 71' lang='grc' dir='ltr'>λέγου-</span> 
     </span>
    </p>
   </div>
   <div class='ocr_carea' id='block_1_80' title="bbox 2173 3814 3747 3897">
    <p class='ocr_par' dir='ltr' id='par_1_80' title="bbox 2173 3814 3747 3897">
     <span class='ocr_line' id='line_1_80' title="bbox 2173 3814 3747 3897; baseline -0.012 -12"><span class='ocrx_word' id='word_1_571' title='bbox 2173 3850 2279 3897; x_wconf 89' lang='grc' dir='ltr'>σιν,</span> <span class='ocrx_word' id='word_1_572' title='bbox 2314 3829 2377 3883; x_wconf 83' lang='grc' dir='ltr'><strong>οὐ</strong></span> <span class='ocrx_word' id='word_1_573' title='bbox 2411 3828 2479 3880; x_wconf 86' lang='grc' dir='ltr'><strong>τά</strong></span> <span class='ocrx_word' id='word_1_574' title='bbox 2506 3824 2736 3887; x_wconf 76' lang='grc' dir='ltr'>ἑαυτῶν,</span> <span class='ocrx_word' id='word_1_575' title='bbox 2763 3822 2987 3876; x_wconf 74' lang='grc' dir='ltr'>ἱκείνων</span> <span class='ocrx_word' id='word_1_576' title='bbox 3016 3821 3114 3891; x_wconf 67' lang='grc' dir='ltr'>μὲν</span> <span class='ocrx_word' id='word_1_577' title='bbox 3157 3818 3248 3872; x_wconf 87' lang='grc' dir='ltr'><strong>διά</strong></span> <span class='ocrx_word' id='word_1_578' title='bbox 3269 3816 3461 3870; x_wconf 81' lang='grc' dir='ltr'>τούτου</span> <span class='ocrx_word' id='word_1_579' title='bbox 3490 3814 3590 3885; x_wconf 77' lang='grc' dir='ltr'>τὴν</span> <span class='ocrx_word' id='word_1_580' title='bbox 3617 3830 3747 3867; x_wconf 82' lang='grc' dir='ltr'>κατ·</span> 
     </span>
    </p>
   </div>
   <div class='ocr_carea' id='block_1_81' title="bbox 2174 3906 3747 3998">
    <p class='ocr_par' dir='ltr' id='par_1_81' title="bbox 2174 3906 3747 3998">
     <span class='ocr_line' id='line_1_81' title="bbox 2174 3906 3747 3998; baseline -0.014 -19"><span class='ocrx_word' id='word_1_581' title='bbox 2174 3925 2403 3998; x_wconf 78' lang='grc' dir='ltr'>ηγορίαν</span> <span class='ocrx_word' id='word_1_582' title='bbox 2451 3919 2678 3992; x_wconf 72' lang='grc' dir='ltr'>μείζονα</span> <span class='ocrx_word' id='word_1_583' title='bbox 2726 3916 2917 3980; x_wconf 85' lang='grc' dir='ltr'>ποιῶν,</span> <span class='ocrx_word' id='word_1_584' title='bbox 2963 3914 3171 3967; x_wconf 84' lang='grc' dir='ltr'>τούτων</span> <span class='ocrx_word' id='word_1_585' title='bbox 3214 3911 3271 3964; x_wconf 83' lang='grc' dir='ltr'><strong>δὲ</strong></span> <span class='ocrx_word' id='word_1_586' title='bbox 3342 3911 3443 3981; x_wconf 76' lang='grc' dir='ltr'>τὴν</span> <span class='ocrx_word' id='word_1_587' title='bbox 3493 3906 3747 3977; x_wconf 71' lang='grc' dir='ltr'>ἀφορμὴν</span> 
     </span>
    </p>
   </div>
   <div class='ocr_carea' id='block_1_82' title="bbox 2174 4000 3748 4083">
    <p class='ocr_par' dir='ltr' id='par_1_82' title="bbox 2174 4000 3748 4083">
     <span class='ocr_line' id='line_1_82' title="bbox 2174 4000 3748 4083; baseline -0.015 -10"><span class='ocrx_word' id='word_1_588' title='bbox 2174 4019 2479 4079; x_wconf 72' lang='grc' dir='ltr'>ἐκκόπτων,</span> <span class='ocrx_word' id='word_1_589' title='bbox 2500 4013 2586 4067; x_wconf 75' lang='grc' dir='ltr'>ἵνα</span> <span class='ocrx_word' id='word_1_590' title='bbox 2614 4012 2689 4083; x_wconf 78' lang='grc' dir='ltr'>μὴ</span> <span class='ocrx_word' id='word_1_591' title='bbox 2713 4010 2802 4063; x_wconf 75' lang='grc' dir='ltr'><strong>διὰ</strong></span> <span class='ocrx_word' id='word_1_592' title='bbox 2822 4010 2919 4081; x_wconf 81' lang='grc' dir='ltr'>τὴν</span> <span class='ocrx_word' id='word_1_593' title='bbox 2948 4007 3056 4060; x_wconf 87' lang='grc' dir='ltr'><strong>τῶν</strong></span> <span class='ocrx_word' id='word_1_594' title='bbox 3076 4002 3409 4059; x_wconf 76' lang='grc' dir='ltr'>διδασκάλων</span> <span class='ocrx_word' id='word_1_595' title='bbox 3436 4000 3748 4070; x_wconf 79' lang='grc' dir='ltr'>φαυλότητα</span> 
     </span>
    </p>
   </div>
   <div class='ocr_carea' id='block_1_83' title="bbox 2173 4104 2841 4182">
    <p class='ocr_par' dir='ltr' id='par_1_83' title="bbox 2173 4104 2841 4182">
     <span class='ocr_line' id='line_1_83' title="bbox 2173 4104 2841 4182; baseline -0.016 -16"><span class='ocrx_word' id='word_1_596' title='bbox 2173 4111 2443 4182; x_wconf 80' lang='grc' dir='ltr'>ἀναιρήσῃ</span> <span class='ocrx_word' id='word_1_597' title='bbox 2470 4106 2570 4177; x_wconf 81' lang='grc' dir='ltr'>τὴν</span> <span class='ocrx_word' id='word_1_598' title='bbox 2599 4104 2841 4173; x_wconf 73' lang='grc' dir='ltr'>διδαχὴν.</span> 
     </span>
    </p>
   </div>
   <div class='ocr_carea' id='block_1_84' title="bbox 2244 4185 3746 4277">
    <p class='ocr_par' dir='ltr' id='par_1_84' title="bbox 2244 4185 3746 4277">
     <span class='ocr_line' id='line_1_84' title="bbox 2244 4185 3746 4277; baseline -0.015 -17"><span class='ocrx_word' id='word_1_599' title='bbox 2244 4207 2311 4261; x_wconf 85' lang='grc' dir='ltr'>Τί</span> <span class='ocrx_word' id='word_1_600' title='bbox 2336 4200 2686 4277; x_wconf 82' lang='grc' dir='ltr'>σημαίνειτδ,</span> <span class='ocrx_word' id='word_1_601' title='bbox 2706 4197 3101 4267; x_wconf 84' lang='grc' dir='ltr'>Δεσμεύουσι,</span> <span class='ocrx_word' id='word_1_602' title='bbox 3121 4193 3216 4247; x_wconf 74' lang='grc' dir='ltr'>καὶ</span> <span class='ocrx_word' id='word_1_603' title='bbox 3231 4190 3300 4245; x_wconf 79' lang='grc' dir='ltr'><strong>τὰ</strong></span> <span class='ocrx_word' id='word_1_604' title='bbox 3324 4189 3450 4260; x_wconf 78' lang='grc' dir='ltr'><strong>ἑξῆς</strong></span> <span class='ocrx_word' id='word_1_605' title='bbox 3474 4204 3489 4253; x_wconf 89' lang='lat'><strong>;</strong></span> <span class='ocrx_word' id='word_1_606' title='bbox 3520 4186 3595 4241; x_wconf 82' lang='grc' dir='ltr'><strong>Τὸ</strong></span> <span class='ocrx_word' id='word_1_607' title='bbox 3618 4185 3746 4277; x_wconf 71' lang='grc' dir='ltr'>πολ-ν</span> 
     </span>
    </p>
   </div>
   <div class='ocr_carea' id='block_1_85' title="bbox 2173 4276 3749 4368">
    <p class='ocr_par' dir='ltr' id='par_1_85' title="bbox 2173 4276 3749 4368">
     <span class='ocr_line' id='line_1_85' title="bbox 2173 4276 3749 4368; baseline -0.015 -17"><span class='ocrx_word' id='word_1_608' title='bbox 2173 4298 2271 4368; x_wconf 78' lang='grc' dir='ltr'>λὴν</span> <span class='ocrx_word' id='word_1_609' title='bbox 2316 4276 2422 4367; x_wconf 79' lang='grc' dir='ltr'>μὲν</span> <span class='ocrx_word' id='word_1_610' title='bbox 2455 4294 2548 4348; x_wconf 75' lang='grc' dir='ltr'>καὶ</span> <span class='ocrx_word' id='word_1_611' title='bbox 2586 4293 2763 4362; x_wconf 85' lang='grc' dir='ltr'>άκραν</span> <span class='ocrx_word' id='word_1_612' title='bbox 2811 4288 3062 4343; x_wconf 85' lang='grc' dir='ltr'>ἀπαιτεῖν</span> <span class='ocrx_word' id='word_1_613' title='bbox 3097 4282 3245 4354; x_wconf 89' lang='grc' dir='ltr'><strong>παρά</strong></span> <span class='ocrx_word' id='word_1_614' title='bbox 3281 4281 3388 4334; x_wconf 85' lang='grc' dir='ltr'><strong>τῶν</strong></span> <span class='ocrx_word' id='word_1_615' title='bbox 3432 4276 3749 4368; x_wconf 81' lang='grc' dir='ltr'>ἀρχομένων</span> 
     </span>
    </p>
   </div>
   <div class='ocr_carea' id='block_1_86' title="bbox 2176 4367 3749 4459">
    <p class='ocr_par' dir='ltr' id='par_1_86' title="bbox 2176 4367 3749 4459">
     <span class='ocr_line' id='line_1_86' title="bbox 2176 4367 3749 4459; baseline -0.013 -19"><span class='ocrx_word' id='word_1_616' title='bbox 2176 4367 2293 4459; x_wconf 78' lang='grc' dir='ltr'>βίου</span> <span class='ocrx_word' id='word_1_617' title='bbox 2338 4382 2649 4453; x_wconf 79' lang='grc' dir='ltr'>ἀκρίδειαν,</span> <span class='ocrx_word' id='word_1_618' title='bbox 2705 4378 2907 4450; x_wconf 81' lang='grc' dir='ltr'>πολλὴν</span> <span class='ocrx_word' id='word_1_619' title='bbox 2953 4377 3010 4430; x_wconf 77' lang='grc' dir='ltr'><strong>δὲ</strong></span> <span class='ocrx_word' id='word_1_620' title='bbox 3062 4375 3248 4437; x_wconf 80' lang='grc' dir='ltr'>αὐτοῖς</span> <span class='ocrx_word' id='word_1_621' title='bbox 3294 4372 3611 4443; x_wconf 76' lang='grc' dir='ltr'>ἐπιτρέπειν</span> <span class='ocrx_word' id='word_1_622' title='bbox 3654 4367 3749 4440; x_wconf 77' lang='grc' dir='ltr'>τὴν</span> 
     </span>
    </p>
   </div>
   <div class='ocr_carea' id='block_1_87' title="bbox 2176 4462 3750 4539">
    <p class='ocr_par' dir='ltr' id='par_1_87' title="bbox 2176 4462 3750 4539">
     <span class='ocr_line' id='line_1_87' title="bbox 2176 4462 3750 4539; baseline -0.012 -7"><span class='ocrx_word' id='word_1_623' title='bbox 2176 4479 2379 4533; x_wconf 84' lang='grc' dir='ltr'>άδειαν.</span> <span class='ocrx_word' id='word_1_624' title='bbox 2422 4477 2487 4528; x_wconf 82' lang='grc' dir='ltr'>Ὀ</span> <span class='ocrx_word' id='word_1_625' title='bbox 2537 4473 2847 4527; x_wconf 87' lang='grc' dir='ltr'>τούναντίον</span> <span class='ocrx_word' id='word_1_626' title='bbox 2892 4469 2982 4524; x_wconf 75' lang='grc' dir='ltr'>τὸν</span> <span class='ocrx_word' id='word_1_627' title='bbox 3027 4470 3260 4539; x_wconf 80' lang='grc' dir='ltr'>ἄρχοντα</span> <span class='ocrx_word' id='word_1_628' title='bbox 3311 4464 3458 4535; x_wconf 73' lang='grc' dir='ltr'>ἔχειν</span> <span class='ocrx_word' id='word_1_629' title='bbox 3494 4463 3603 4533; x_wconf 81' lang='grc' dir='ltr'>χρή</span> <span class='ocrx_word' id='word_1_630' title='bbox 3636 4479 3652 4492; x_wconf 88' lang='grc'><strong>·</strong></span> <span class='ocrx_word' id='word_1_631' title='bbox 3693 4462 3750 4514; x_wconf 76' lang='grc' dir='ltr'>ιν</span> 
     </span>
    </p>
   </div>
   <div class='ocr_carea' id='block_1_88' title="bbox 482 4548 2057 4652">
    <p class='ocr_par' dir='ltr' id='par_1_88' title="bbox 482 4548 2057 4652">
     <span class='ocr_line' id='line_1_88' title="bbox 482 4548 2057 4652; baseline 0.001 -19"><span class='ocrx_word' id='word_1_632' title='bbox 482 4579 613 4634; x_wconf 75' lang='lat' dir='ltr'><strong>dem</strong></span> <span class='ocrx_word' id='word_1_633' title='bbox 635 4596 755 4651; x_wconf 66' lang='lat' dir='ltr'><strong>quae</strong></span> <span class='ocrx_word' id='word_1_634' title='bbox 782 4583 846 4635; x_wconf 88' lang='lat' dir='ltr'><strong>ad</strong></span> <span class='ocrx_word' id='word_1_635' title='bbox 876 4548 1051 4652; x_wconf 75' lang='lat' dir='ltr'><strong>ipsum</strong></span> <span class='ocrx_word' id='word_1_636' title='bbox 1073 4548 1324 4651; x_wconf 77' lang='lat' dir='ltr'><strong>spectant</strong></span> <span class='ocrx_word' id='word_1_637' title='bbox 1357 4548 1711 4637; x_wconf 67' lang='lat' dir='ltr'><strong>inexorabilis</strong></span> <span class='ocrx_word' id='word_1_638' title='bbox 1734 4591 1790 4635; x_wconf 92' lang='lat' dir='ltr'><strong>et</strong></span> <span class='ocrx_word' id='word_1_639' title='bbox 1811 4548 2057 4635; x_wconf 42' lang='lat' dir='ltr'><strong>auste&#39;ru:</strong></span> 
     </span>
    </p>
   </div>
   <div class='ocr_carea' id='block_1_89' title="bbox 2164 4548 3751 4652">
    <p class='ocr_par' dir='ltr' id='par_1_89' title="bbox 2180 4548 3751 4636">
     <span class='ocr_line' id='line_1_89' title="bbox 2180 4548 3751 4636; baseline -0.011 -17"><span class='ocrx_word' id='word_1_640' title='bbox 2180 4566 2280 4636; x_wconf 77' lang='grc' dir='ltr'>μὲν</span> <span class='ocrx_word' id='word_1_641' title='bbox 2306 4566 2419 4628; x_wconf 87' lang='grc' dir='ltr'>τοῖς</span> <span class='ocrx_word' id='word_1_642' title='bbox 2450 4561 2574 4616; x_wconf 81' lang='grc' dir='ltr'>καθ’</span> <span class='ocrx_word' id='word_1_643' title='bbox 2614 4561 2808 4615; x_wconf 78' lang='grc' dir='ltr'>ἑαυτὸν</span> <span class='ocrx_word' id='word_1_644' title='bbox 2830 4560 3214 4626; x_wconf 83' lang='grc' dir='ltr'>ἀσύγγνωστον</span> <span class='ocrx_word' id='word_1_645' title='bbox 3245 4548 3387 4607; x_wconf 71' lang='grc' dir='ltr'>εἶναι</span> <span class='ocrx_word' id='word_1_646' title='bbox 3413 4554 3507 4606; x_wconf 79' lang='grc' dir='ltr'>καὶ</span> <span class='ocrx_word' id='word_1_647' title='bbox 3555 4549 3751 4621; x_wconf 76' lang='grc' dir='ltr'>πικρὸν</span> 
     </span>
    </p>
   </div>
   <div class='ocr_carea' id='block_1_90' title="bbox 488 4671 2070 4743">
    <p class='ocr_par' dir='ltr' id='par_1_90' title="bbox 488 4671 2070 4743">
     <span class='ocr_line' id='line_1_90' title="bbox 488 4671 2070 4743; baseline 0.002 -20"><span class='ocrx_word' id='word_1_648' title='bbox 488 4672 656 4742; x_wconf 52' lang='lat' dir='ltr'><strong>index</strong></span> <span class='ocrx_word' id='word_1_649' title='bbox 680 4688 822 4739; x_wconf 88' lang='lat' dir='ltr'><strong>esse,</strong></span> <span class='ocrx_word' id='word_1_650' title='bbox 866 4675 919 4728; x_wconf 92' lang='lat' dir='ltr'><strong>in</strong></span> <span class='ocrx_word' id='word_1_651' title='bbox 961 4673 1047 4728; x_wconf 86' lang='lat' dir='ltr'><strong>his</strong></span> <span class='ocrx_word' id='word_1_652' title='bbox 1076 4684 1257 4728; x_wconf 85' lang='lat' dir='ltr'><strong>autem</strong></span> <span class='ocrx_word' id='word_1_653' title='bbox 1291 4688 1413 4743; x_wconf 71' lang='lat' dir='ltr'><strong>qua:</strong></span> <span class='ocrx_word' id='word_1_654' title='bbox 1440 4674 1508 4727; x_wconf 88' lang='lat' dir='ltr'><strong>ad</strong></span> <span class='ocrx_word' id='word_1_655' title='bbox 1554 4672 1803 4727; x_wconf 84' lang='lat' dir='ltr'><strong>subditos</strong></span> <span class='ocrx_word' id='word_1_656' title='bbox 1834 4671 2070 4726; x_wconf 89' lang='lat' dir='ltr'><strong>attinent</strong></span> 
     </span>
    </p>
   </div>
   <div class='ocr_carea' id='block_1_91' title="bbox 497 4764 2070 4837">
    <p class='ocr_par' dir='ltr' id='par_1_91' title="bbox 497 4764 2070 4837">
     <span class='ocr_line' id='line_1_91' title="bbox 497 4764 2070 4837; baseline -0.001 -14"><span class='ocrx_word' id='word_1_657' title='bbox 497 4770 783 4837; x_wconf 81' lang='lat' dir='ltr'><strong>indulgens</strong></span> <span class='ocrx_word' id='word_1_658' title='bbox 824 4776 877 4824; x_wconf 90' lang='lat' dir='ltr'><strong>et</strong></span> <span class='ocrx_word' id='word_1_659' title='bbox 905 4776 1247 4823; x_wconf 89' lang='lat' dir='ltr'><strong>mansuetus.</strong></span> <span class='ocrx_word' id='word_1_660' title='bbox 1296 4767 1399 4834; x_wconf 84' lang='lat' dir='ltr'><strong>Qui</strong></span> <span class='ocrx_word' id='word_1_661' title='bbox 1450 4768 1630 4822; x_wconf 80' lang='lat' dir='ltr'><strong>verbis</strong></span> <span class='ocrx_word' id='word_1_662' title='bbox 1657 4766 1789 4821; x_wconf 87' lang='lat' dir='ltr'><strong>solis</strong></span> <span class='ocrx_word' id='word_1_663' title='bbox 1831 4764 2070 4836; x_wconf 88' lang='lat' dir='ltr'><strong>philoso-</strong></span> 
     </span>
    </p>
   </div>
   <div class='ocr_carea' id='block_1_92' title="bbox 498 4860 2069 4932">
    <p class='ocr_par' dir='ltr' id='par_1_92' title="bbox 498 4860 2069 4932">
     <span class='ocr_line' id='line_1_92' title="bbox 498 4860 2069 4932; baseline 0 -17"><span class='ocrx_word' id='word_1_664' title='bbox 498 4865 753 4932; x_wconf 84' lang='lat' dir='ltr'><strong>phantur,</strong></span> <span class='ocrx_word' id='word_1_665' title='bbox 775 4862 1136 4918; x_wconf 79' lang='lat' dir='ltr'><strong>inexorabiles</strong></span> <span class='ocrx_word' id='word_1_666' title='bbox 1161 4871 1286 4918; x_wconf 91' lang='lat' dir='ltr'><strong>sunt</strong></span> <span class='ocrx_word' id='word_1_667' title='bbox 1306 4871 1359 4916; x_wconf 90' lang='lat' dir='ltr'><strong>et</strong></span> <span class='ocrx_word' id='word_1_668' title='bbox 1390 4860 1589 4925; x_wconf 86' lang='lat' dir='ltr'><strong>severi,</strong></span> <span class='ocrx_word' id='word_1_669' title='bbox 1620 4870 1878 4928; x_wconf 88' lang='lat' dir='ltr'><strong>tanquam</strong></span> <span class='ocrx_word' id='word_1_670' title='bbox 1908 4860 2069 4931; x_wconf 84' lang='lat' dir='ltr'><strong>igno-</strong></span> 
     </span>
    </p>
   </div>
   <div class='ocr_carea' id='block_1_93' title="bbox 491 4950 2067 5025">
    <p class='ocr_par' dir='ltr' id='par_1_93' title="bbox 491 4950 2067 5025">
     <span class='ocr_line' id='line_1_93' title="bbox 491 4950 2067 5025; baseline -0.001 -17"><span class='ocrx_word' id='word_1_671' title='bbox 491 4966 682 5011; x_wconf 80' lang='lat' dir='ltr'><strong>rantes</strong></span> <span class='ocrx_word' id='word_1_672' title='bbox 716 4956 883 5020; x_wconf 87' lang='lat' dir='ltr'><strong>illam,</strong></span> <span class='ocrx_word' id='word_1_673' title='bbox 910 4970 1032 5025; x_wconf 73' lang='lat' dir='ltr'><strong>qute</strong></span> <span class='ocrx_word' id='word_1_674' title='bbox 1070 4970 1132 5008; x_wconf 82' lang='lat' dir='ltr'><strong>ex</strong></span> <span class='ocrx_word' id='word_1_675' title='bbox 1161 4953 1418 5022; x_wconf 87' lang='lat' dir='ltr'><strong>operibus</strong></span> <span class='ocrx_word' id='word_1_676' title='bbox 1448 4951 1644 5017; x_wconf 89' lang='lat' dir='ltr'><strong>oritur,</strong></span> <span class='ocrx_word' id='word_1_677' title='bbox 1673 4950 2067 5008; x_wconf 79' lang='lat' dir='ltr'><strong>diﬂicultatem.</strong></span> 
     </span>
    </p>
   </div>
   <div class='ocr_carea' id='block_1_94' title="bbox 568 5044 2070 5117">
    <p class='ocr_par' dir='ltr' id='par_1_94' title="bbox 568 5044 2070 5117">
     <span class='ocr_line' id='line_1_94' title="bbox 568 5044 2070 5117; baseline -0.001 -16"><span class='ocrx_word' id='word_1_678' title='bbox 568 5047 679 5102; x_wconf 85' lang='lat' dir='ltr'><strong>Cur</strong></span> <span class='ocrx_word' id='word_1_679' title='bbox 712 5063 841 5117; x_wconf 88' lang='lat' dir='ltr'><strong>ergo</strong></span> <span class='ocrx_word' id='word_1_680' title='bbox 865 5048 1001 5102; x_wconf 85' lang='lat' dir='ltr'><strong>dixit</strong></span> <span class='ocrx_word' id='word_1_681' title='bbox 1031 5048 1172 5116; x_wconf 70' lang='lat' dir='ltr'><strong>quod</strong></span> <span class='ocrx_word' id='word_1_682' title='bbox 1206 5046 1326 5099; x_wconf 87' lang='lat' dir='ltr'><strong>Non</strong></span> <span class='ocrx_word' id='word_1_683' title='bbox 1355 5054 1609 5115; x_wconf 89' lang='lat' dir='ltr'><strong>possunt,</strong></span> <span class='ocrx_word' id='word_1_684' title='bbox 1644 5059 1821 5114; x_wconf 90' lang='lat' dir='ltr'><strong>neque</strong></span> <span class='ocrx_word' id='word_1_685' title='bbox 1859 5044 2070 5111; x_wconf 84' lang='lat' dir='ltr'><strong>volunt,</strong></span> 
     </span>
    </p>
   </div>
   <div class='ocr_carea' id='block_1_95' title="bbox 490 5135 2067 5209">
    <p class='ocr_par' dir='ltr' id='par_1_95' title="bbox 490 5135 2067 5209">
     <span class='ocr_line' id='line_1_95' title="bbox 490 5135 2067 5209; baseline -0.002 -16"><span class='ocrx_word' id='word_1_686' title='bbox 490 5154 677 5209; x_wconf 75' lang='lat' dir='ltr'><strong>neque</strong></span> <span class='ocrx_word' id='word_1_687' title='bbox 705 5142 899 5194; x_wconf 89' lang='lat' dir='ltr'><strong>iterum</strong></span> <span class='ocrx_word' id='word_1_688' title='bbox 930 5138 1118 5193; x_wconf 88' lang='lat' dir='ltr'><strong>volunt</strong></span> <span class='ocrx_word' id='word_1_689' title='bbox 1140 5153 1248 5191; x_wconf 93' lang='lat' dir='ltr'><strong>non</strong></span> <span class='ocrx_word' id='word_1_690' title='bbox 1276 5135 1440 5200; x_wconf 87' lang='lat' dir='ltr'><strong>ferre,</strong></span> <span class='ocrx_word' id='word_1_691' title='bbox 1471 5135 1587 5203; x_wconf 88' lang='lat' dir='ltr'><strong>sed,</strong></span> <span class='ocrx_word' id='word_1_692' title='bbox 1622 5135 1787 5205; x_wconf 82' lang='lat' dir='ltr'><strong>digito</strong></span> <span class='ocrx_word' id='word_1_693' title='bbox 1817 5150 2018 5189; x_wconf 75' lang='lat' dir='ltr'><strong>movere</strong></span> <span class='ocrx_word' id='word_1_694' title='bbox 2041 5136 2067 5190; x_wconf 74' lang='lat'><em>7</em></span> 
     </span>
    </p>
   </div>
   <div class='ocr_carea' id='block_1_96' title="bbox 498 5225 2072 5299">
    <p class='ocr_par' dir='ltr' id='par_1_96' title="bbox 498 5225 2072 5299">
     <span class='ocr_line' id='line_1_96' title="bbox 498 5225 2072 5299; baseline -0.001 -15"><span class='ocrx_word' id='word_1_695' title='bbox 498 5230 656 5296; x_wconf 86' lang='lat' dir='ltr'><strong>Quod</strong></span> <span class='ocrx_word' id='word_1_696' title='bbox 688 5231 796 5285; x_wconf 90' lang='lat' dir='ltr'><strong>illis</strong></span> <span class='ocrx_word' id='word_1_697' title='bbox 828 5242 959 5285; x_wconf 90' lang='lat' dir='ltr'><strong>tunc</strong></span> <span class='ocrx_word' id='word_1_698' title='bbox 989 5230 1254 5297; x_wconf 86' lang='lat' dir='ltr'><strong>majorem</strong></span> <span class='ocrx_word' id='word_1_699' title='bbox 1285 5229 1500 5299; x_wconf 83' lang='lat' dir='ltr'><strong>cuipam</strong></span> <span class='ocrx_word' id='word_1_700' title='bbox 1533 5228 1684 5283; x_wconf 87' lang='lat' dir='ltr'><strong>facit.</strong></span> <span class='ocrx_word' id='word_1_701' title='bbox 1721 5225 1787 5281; x_wconf 87' lang='lat' dir='ltr'><strong>Et</strong></span> <span class='ocrx_word' id='word_1_702' title='bbox 1819 5227 1909 5282; x_wconf 89' lang='lat' dir='ltr'><strong>illa</strong></span> <span class='ocrx_word' id='word_1_703' title='bbox 1940 5226 2072 5298; x_wconf 86' lang='lat' dir='ltr'><strong>qui-</strong></span> 
     </span>
    </p>
   </div>
   <div class='ocr_carea' id='block_1_97' title="bbox 492 5323 1300 5382">
    <p class='ocr_par' dir='ltr' id='par_1_97' title="bbox 492 5323 1300 5382">
     <span class='ocr_line' id='line_1_97' title="bbox 492 5323 1300 5382; baseline 0 -1"><span class='ocrx_word' id='word_1_704' title='bbox 492 5326 620 5381; x_wconf 73' lang='lat' dir='ltr'><strong>dem</strong></span> <span class='ocrx_word' id='word_1_705' title='bbox 650 5326 718 5381; x_wconf 88' lang='lat' dir='ltr'><strong>de</strong></span> <span class='ocrx_word' id='word_1_706' title='bbox 734 5340 923 5380; x_wconf 90' lang='lat' dir='ltr'><strong>eorum</strong></span> <span class='ocrx_word' id='word_1_707' title='bbox 954 5323 1300 5382; x_wconf 86' lang='lat' dir='ltr'><strong>crudelitate.</strong></span> 
     </span>
    </p>
   </div>
   <div class='ocr_carea' id='block_1_98' title="bbox 573 5416 2072 5486">
    <p class='ocr_par' dir='ltr' id='par_1_98' title="bbox 573 5416 2072 5486">
     <span class='ocr_line' id='line_1_98' title="bbox 573 5416 2072 5486; baseline -0.005 -10"><span class='ocrx_word' id='word_1_708' title='bbox 573 5421 736 5476; x_wconf 68' lang='lat' dir='ltr'><strong>Vens.</strong></span> <span class='ocrx_word' id='word_1_709' title='bbox 768 5422 821 5475; x_wconf 82' lang='lat'><strong>5.</strong></span> <span class='ocrx_word' id='word_1_710' title='bbox 850 5418 988 5486; x_wconf 83' lang='lat' dir='ltr'><strong>Quid</strong></span> <span class='ocrx_word' id='word_1_711' title='bbox 1006 5427 1090 5474; x_wconf 90' lang='lat' dir='ltr'><strong>est</strong></span> <span class='ocrx_word' id='word_1_712' title='bbox 1134 5418 1302 5481; x_wconf 88' lang='lat' dir='ltr'><strong>istud,</strong></span> <span class='ocrx_word' id='word_1_713' title='bbox 1333 5417 1572 5471; x_wconf 83' lang='lat' dir='ltr'><strong>Dilatant</strong></span> <span class='ocrx_word' id='word_1_714' title='bbox 1598 5416 1929 5485; x_wconf 78' lang='lat' dir='ltr'><strong>phylacteria</strong></span> <span class='ocrx_word' id='word_1_715' title='bbox 1950 5431 2072 5480; x_wconf 77' lang='lat' dir='ltr'><strong>sua,</strong></span> 
     </span>
    </p>
   </div>
   <div class='ocr_carea' id='block_1_99' title="bbox 505 5505 2075 5582">
    <p class='ocr_par' dir='ltr' id='par_1_99' title="bbox 505 5505 2075 5582">
     <span class='ocr_line' id='line_1_99' title="bbox 505 5505 2075 5582; baseline -0.004 -16"><span class='ocrx_word' id='word_1_716' title='bbox 505 5523 549 5566; x_wconf 71' lang='lat' dir='ltr'><strong>et</strong></span> <span class='ocrx_word' id='word_1_717' title='bbox 582 5512 923 5582; x_wconf 76' lang='lat' dir='ltr'><strong>magniﬁcam</strong></span> <span class='ocrx_word' id='word_1_718' title='bbox 945 5509 1187 5581; x_wconf 77' lang='lat' dir='ltr'><strong>ﬁmbrias</strong></span> <span class='ocrx_word' id='word_1_719' title='bbox 1211 5510 1376 5563; x_wconf 76' lang='lat' dir='ltr'><strong>suos?</strong></span> <span class='ocrx_word' id='word_1_720' title='bbox 1402 5508 1742 5581; x_wconf 85' lang='lat' dir='ltr'><strong>Pbylacteria</strong></span> <span class='ocrx_word' id='word_1_721' title='bbox 1768 5506 1918 5577; x_wconf 86' lang='lat' dir='ltr'><strong>parvi</strong></span> <span class='ocrx_word' id='word_1_722' title='bbox 1950 5505 2075 5559; x_wconf 90' lang='lat' dir='ltr'><strong>libri</strong></span> 
     </span>
    </p>
   </div>
   <div class='ocr_carea' id='block_1_100' title="bbox 499 5598 2077 5659">
    <p class='ocr_par' dir='ltr' id='par_1_100' title="bbox 499 5598 2077 5659">
     <span class='ocr_line' id='line_1_100' title="bbox 499 5598 2077 5659; baseline -0.006 0"><span class='ocrx_word' id='word_1_723' title='bbox 499 5616 650 5659; x_wconf 72' lang='lat' dir='ltr'><strong>sunt.</strong></span> <span class='ocrx_word' id='word_1_724' title='bbox 682 5604 816 5659; x_wconf 86' lang='lat' dir='ltr'><strong>Nam</strong></span> <span class='ocrx_word' id='word_1_725' title='bbox 848 5619 971 5657; x_wconf 88' lang='lat' dir='ltr'><strong>cuin</strong></span> <span class='ocrx_word' id='word_1_726' title='bbox 1002 5604 1265 5658; x_wconf 89' lang='lat' dir='ltr'><strong>continuo</strong></span> <span class='ocrx_word' id='word_1_727' title='bbox 1292 5602 1747 5658; x_wconf 80' lang='lat' dir='ltr'><strong>obliviscerentur</strong></span> <span class='ocrx_word' id='word_1_728' title='bbox 1782 5598 2077 5653; x_wconf 76' lang='lat' dir='ltr'><strong>beneﬁcio--</strong></span> 
     </span>
    </p>
   </div>
   <div class='ocr_carea' id='block_1_101' title="bbox 497 5687 2072 5763">
    <p class='ocr_par' dir='ltr' id='par_1_101' title="bbox 497 5687 2072 5763">
     <span class='ocr_line' id='line_1_101' title="bbox 497 5687 2072 5763; baseline -0.005 -16"><span class='ocrx_word' id='word_1_729' title='bbox 497 5709 629 5749; x_wconf 63' lang='lat' dir='ltr'><strong>tum</strong></span> <span class='ocrx_word' id='word_1_730' title='bbox 665 5693 782 5757; x_wconf 88' lang='lat' dir='ltr'><strong>Dei,</strong></span> <span class='ocrx_word' id='word_1_731' title='bbox 807 5692 972 5762; x_wconf 86' lang='lat' dir='ltr'><strong>jussit</strong></span> <span class='ocrx_word' id='word_1_732' title='bbox 998 5691 1223 5748; x_wconf 87' lang='lat' dir='ltr'><strong>inscribi</strong></span> <span class='ocrx_word' id='word_1_733' title='bbox 1247 5693 1428 5763; x_wconf 85' lang='lat' dir='ltr'><strong>parvis</strong></span> <span class='ocrx_word' id='word_1_734' title='bbox 1457 5690 1613 5745; x_wconf 89' lang='lat' dir='ltr'><strong>libris</strong></span> <span class='ocrx_word' id='word_1_735' title='bbox 1640 5695 1751 5756; x_wconf 63' lang='lat' dir='ltr'><strong>ﬁsua</strong></span> <span class='ocrx_word' id='word_1_736' title='bbox 1784 5687 2072 5752; x_wconf 90' lang='lat' dir='ltr'><strong>miracula,</strong></span> 
     </span>
    </p>
   </div>
   <div class='ocr_carea' id='block_1_102' title="bbox 496 5780 2077 5856">
    <p class='ocr_par' dir='ltr' id='par_1_102' title="bbox 496 5780 2077 5856">
     <span class='ocr_line' id='line_1_102' title="bbox 496 5780 2077 5856; baseline -0.006 -17"><span class='ocrx_word' id='word_1_737' title='bbox 496 5794 563 5839; x_wconf 70' lang='lat' dir='ltr'><strong>«et</strong></span> <span class='ocrx_word' id='word_1_738' title='bbox 590 5802 683 5841; x_wconf 89' lang='lat' dir='ltr'><strong>eos</strong></span> <span class='ocrx_word' id='word_1_739' title='bbox 713 5784 969 5840; x_wconf 87' lang='lat' dir='ltr'><strong>manibus</strong></span> <span class='ocrx_word' id='word_1_740' title='bbox 1000 5784 1169 5856; x_wconf 81' lang='lat' dir='ltr'><strong>inﬁgi.</strong></span> <span class='ocrx_word' id='word_1_741' title='bbox 1217 5784 1340 5841; x_wconf 86' lang='lat' dir='ltr'><strong>Ideo</strong></span> <span class='ocrx_word' id='word_1_742' title='bbox 1369 5792 1420 5839; x_wconf 92' lang='lat' dir='ltr'><strong>et</strong></span> <span class='ocrx_word' id='word_1_743' title='bbox 1471 5782 1674 5837; x_wconf 89' lang='lat' dir='ltr'><strong>dictum</strong></span> <span class='ocrx_word' id='word_1_744' title='bbox 1720 5790 1844 5837; x_wconf 86' lang='lat' dir='ltr'><strong>est:</strong></span> <span class='ocrx_word' id='word_1_745' title='bbox 1908 5780 2077 5834; x_wconf 77' lang='lat' dir='ltr'><strong>Erunt</strong></span> 
     </span>
    </p>
   </div>
   <div class='ocr_carea' id='block_1_103' title="bbox 512 5870 2079 5948">
    <p class='ocr_par' dir='ltr' id='par_1_103' title="bbox 512 5870 2079 5948">
     <span class='ocr_line' id='line_1_103' title="bbox 512 5870 2079 5948; baseline -0.006 -14"><span class='ocrx_word' id='word_1_746' title='bbox 512 5881 669 5948; x_wconf 57' lang='lat' dir='ltr'><strong>«ﬁrma</strong></span> <span class='ocrx_word' id='word_1_747' title='bbox 696 5881 749 5936; x_wconf 86' lang='lat' dir='ltr'><strong>in</strong></span> <span class='ocrx_word' id='word_1_748' title='bbox 776 5879 940 5936; x_wconf 77' lang='lat' dir='ltr'><strong>oculis</strong></span> <span class='ocrx_word' id='word_1_749' title='bbox 972 5880 1097 5947; x_wconf 74' lang='lat' dir='ltr'><strong>tuis,</strong></span> <span class='ocrx_word' id='word_1_750' title='bbox 1119 5894 1237 5948; x_wconf 77' lang='lat' dir='ltr'><strong>quae</strong></span> <span class='ocrx_word' id='word_1_751' title='bbox 1266 5876 1535 5934; x_wconf 79' lang='lat' dir='ltr'><strong>vocabant</strong></span> <span class='ocrx_word' id='word_1_752' title='bbox 1563 5873 1917 5945; x_wconf 82' lang='lat' dir='ltr'><strong>pliylactcria.</strong></span> <span class='ocrx_word' id='word_1_753' title='bbox 1938 5870 2079 5925; x_wconf 82' lang='lat' dir='ltr'><strong>Fim-</strong></span> 
     </span>
    </p>
   </div>
   <div class='ocr_carea' id='block_1_104' title="bbox 2176 4642 3751 4728">
    <p class='ocr_par' dir='ltr' id='par_1_104' title="bbox 2176 4642 3751 4728">
     <span class='ocr_line' id='line_1_104' title="bbox 2176 4642 3751 4728; baseline -0.011 -16"><span class='ocrx_word' id='word_1_754' title='bbox 2176 4657 2458 4728; x_wconf 79' lang='grc' dir='ltr'>δικαστὴν,</span> <span class='ocrx_word' id='word_1_755' title='bbox 2486 4657 2544 4709; x_wconf 70' lang='grc' dir='ltr'>ὲν</span> <span class='ocrx_word' id='word_1_756' title='bbox 2576 4654 2631 4708; x_wconf 75' lang='grc' dir='ltr'><strong>δὲ</strong></span> <span class='ocrx_word' id='word_1_757' title='bbox 2660 4656 2771 4717; x_wconf 88' lang='grc' dir='ltr'>τοῖς</span> <span class='ocrx_word' id='word_1_758' title='bbox 2798 4654 2909 4706; x_wconf 90' lang='grc' dir='ltr'><strong>τῶν</strong></span> <span class='ocrx_word' id='word_1_759' title='bbox 2942 4651 3261 4722; x_wconf 68' lang='grc' dir='ltr'>ἀρχομένων</span> <span class='ocrx_word' id='word_1_760' title='bbox 3312 4642 3751 4715; x_wconf 78' lang='grc' dir='ltr'>συγγνωμονικδν</span> 
     </span>
    </p>
   </div>
   <div class='ocr_carea' id='block_1_105' title="bbox 2177 4735 3751 4823">
    <p class='ocr_par' dir='ltr' id='par_1_105' title="bbox 2177 4735 3751 4823">
     <span class='ocr_line' id='line_1_105' title="bbox 2177 4735 3751 4823; baseline -0.012 -17"><span class='ocrx_word' id='word_1_761' title='bbox 2177 4752 2273 4805; x_wconf 72' lang='grc' dir='ltr'>καὶ</span> <span class='ocrx_word' id='word_1_762' title='bbox 2292 4752 2498 4823; x_wconf 77' lang='grc' dir='ltr'>ἥμερον</span> <span class='ocrx_word' id='word_1_763' title='bbox 2524 4765 2539 4780; x_wconf 80' lang='grc'><strong>’</strong></span> <span class='ocrx_word' id='word_1_764' title='bbox 2578 4748 2628 4801; x_wconf 86' lang='grc' dir='ltr'><strong>οἳ</strong></span> <span class='ocrx_word' id='word_1_765' title='bbox 2662 4748 2841 4818; x_wconf 83' lang='grc' dir='ltr'>λόγοις</span> <span class='ocrx_word' id='word_1_766' title='bbox 2875 4745 3057 4816; x_wconf 85' lang='grc' dir='ltr'>μόνοις</span> <span class='ocrx_word' id='word_1_767' title='bbox 3096 4739 3537 4812; x_wconf 81' lang='grc' dir='ltr'>φιλοσοφοῦντες,</span> <span class='ocrx_word' id='word_1_768' title='bbox 3578 4735 3751 4803; x_wconf 85' lang='grc' dir='ltr'>ἀσύγ-</span> 
     </span>
    </p>
   </div>
   <div class='ocr_carea' id='block_1_106' title="bbox 2179 4829 3753 4913">
    <p class='ocr_par' dir='ltr' id='par_1_106' title="bbox 2179 4829 3753 4913">
     <span class='ocr_line' id='line_1_106' title="bbox 2179 4829 3753 4913; baseline -0.01 -16"><span class='ocrx_word' id='word_1_769' title='bbox 2179 4860 2407 4912; x_wconf 77' lang='grc' dir='ltr'>γνωστοι</span> <span class='ocrx_word' id='word_1_770' title='bbox 2442 4843 2536 4895; x_wconf 74' lang='grc' dir='ltr'>καὶ</span> <span class='ocrx_word' id='word_1_771' title='bbox 2586 4842 2792 4913; x_wconf 81' lang='grc' dir='ltr'>βαρεῖς,</span> <span class='ocrx_word' id='word_1_772' title='bbox 2818 4840 2894 4903; x_wconf 82' lang='grc' dir='ltr'>ὡς</span> <span class='ocrx_word' id='word_1_773' title='bbox 2937 4838 3152 4908; x_wconf 85' lang='grc' dir='ltr'>άπειροι</span> <span class='ocrx_word' id='word_1_774' title='bbox 3180 4835 3281 4904; x_wconf 80' lang='grc' dir='ltr'>τῆς</span> <span class='ocrx_word' id='word_1_775' title='bbox 3313 4832 3385 4887; x_wconf 84' lang='grc' dir='ltr'>δι’</span> <span class='ocrx_word' id='word_1_776' title='bbox 3422 4832 3603 4902; x_wconf 71' lang='grc' dir='ltr'>ἔργων</span> <span class='ocrx_word' id='word_1_777' title='bbox 3628 4829 3753 4882; x_wconf 84' lang='grc' dir='ltr'>δυσ-</span> 
     </span>
    </p>
   </div>
   <div class='ocr_carea' id='block_1_107' title="bbox 2180 4919 3753 4999">
    <p class='ocr_par' dir='ltr' id='par_1_107' title="bbox 2180 4919 3753 4999">
     <span class='ocr_line' id='line_1_107' title="bbox 2180 4919 3753 4999; baseline -0.011 -10"><span class='ocrx_word' id='word_1_778' title='bbox 2180 4935 2385 4999; x_wconf 88' lang='grc' dir='ltr'>κολίας.</span> <span class='ocrx_word' id='word_1_779' title='bbox 2424 4934 2525 4988; x_wconf 82' lang='grc' dir='ltr'>Διά</span> <span class='ocrx_word' id='word_1_780' title='bbox 2570 4934 2623 4987; x_wconf 88' lang='grc' dir='ltr'><strong>τί</strong></span> <span class='ocrx_word' id='word_1_781' title='bbox 2673 4933 2775 4986; x_wconf 72' lang='grc' dir='ltr'><strong>οὐκ</strong></span> <span class='ocrx_word' id='word_1_782' title='bbox 2817 4926 2972 4984; x_wconf 74' lang='grc' dir='ltr'>εἶπεν</span> <span class='ocrx_word' id='word_1_783' title='bbox 3040 4931 3161 4994; x_wconf 81' lang='grc' dir='ltr'>ὅτι,</span> <span class='ocrx_word' id='word_1_784' title='bbox 3203 4926 3276 4980; x_wconf 82' lang='grc' dir='ltr'><strong>Οὐ</strong></span> <span class='ocrx_word' id='word_1_785' title='bbox 3322 4923 3597 4988; x_wconf 79' lang='grc' dir='ltr'>δύνανται,</span> <span class='ocrx_word' id='word_1_786' title='bbox 3633 4919 3753 4974; x_wconf 71' lang='grc' dir='ltr'><strong>οὐδὲ</strong></span> 
     </span>
    </p>
   </div>
   <div class='ocr_carea' id='block_1_108' title="bbox 2179 5015 3755 5093">
    <p class='ocr_par' dir='ltr' id='par_1_108' title="bbox 2179 5015 3755 5093">
     <span class='ocr_line' id='line_1_108' title="bbox 2179 5015 3755 5093; baseline -0.01 -11"><span class='ocrx_word' id='word_1_787' title='bbox 2179 5028 2445 5093; x_wconf 74' lang='grc' dir='ltr'>θέλουσιν,</span> <span class='ocrx_word' id='word_1_788' title='bbox 2482 5026 2604 5080; x_wconf 76' lang='grc' dir='ltr'><strong>οὐδὲ</strong></span> <span class='ocrx_word' id='word_1_789' title='bbox 2638 5024 2799 5078; x_wconf 82' lang='grc' dir='ltr'>πάλιν</span> <span class='ocrx_word' id='word_1_790' title='bbox 2839 5025 2921 5078; x_wconf 82' lang='grc' dir='ltr'>ὅτι</span> <span class='ocrx_word' id='word_1_791' title='bbox 2969 5022 3261 5093; x_wconf 85' lang='grc' dir='ltr'>βαστάσαι,</span> <span class='ocrx_word' id='word_1_792' title='bbox 3289 5017 3447 5083; x_wconf 80' lang='grc' dir='ltr'>ἀλλὰ,</span> <span class='ocrx_word' id='word_1_793' title='bbox 3475 5015 3755 5078; x_wconf 80' lang='grc' dir='ltr'>δακτύλῳ</span> 
     </span>
    </p>
   </div>
   <div class='ocr_carea' id='block_1_109' title="bbox 2181 5105 3755 5190">
    <p class='ocr_par' dir='ltr' id='par_1_109' title="bbox 2181 5105 3755 5190">
     <span class='ocr_line' id='line_1_109' title="bbox 2181 5105 3755 5190; baseline -0.013 -13"><span class='ocrx_word' id='word_1_794' title='bbox 2181 5121 2464 5190; x_wconf 62' lang='lat' dir='ltr'><strong>utr-ﬁdat;</strong></span> <span class='ocrx_word' id='word_1_795' title='bbox 2493 5121 2629 5190; x_wconf 82' lang='grc' dir='ltr'>ὅπερ</span> <span class='ocrx_word' id='word_1_796' title='bbox 2661 5117 2846 5188; x_wconf 77' lang='grc' dir='ltr'>μεῖζον</span> <span class='ocrx_word' id='word_1_797' title='bbox 2890 5117 3072 5177; x_wconf 78' lang='grc' dir='ltr'>αὐτοῖς</span> <span class='ocrx_word' id='word_1_798' title='bbox 3102 5113 3356 5182; x_wconf 69' lang='grc' dir='ltr'>ἔγκλημα</span> <span class='ocrx_word' id='word_1_799' title='bbox 3382 5110 3616 5179; x_wconf 87' lang='grc' dir='ltr'>γίνεται.</span> <span class='ocrx_word' id='word_1_800' title='bbox 3648 5105 3755 5161; x_wconf 75' lang='grc' dir='ltr'><strong>Καὶ</strong></span> 
     </span>
    </p>
   </div>
   <div class='ocr_carea' id='block_1_110' title="bbox 2182 5203 3307 5285">
    <p class='ocr_par' dir='ltr' id='par_1_110' title="bbox 2182 5203 3307 5285">
     <span class='ocr_line' id='line_1_110' title="bbox 2182 5203 3307 5285; baseline -0.011 -17"><span class='ocrx_word' id='word_1_801' title='bbox 2182 5214 2311 5285; x_wconf 80' lang='grc' dir='ltr'>περὶ</span> <span class='ocrx_word' id='word_1_802' title='bbox 2334 5212 2433 5284; x_wconf 79' lang='grc' dir='ltr'>μὲν</span> <span class='ocrx_word' id='word_1_803' title='bbox 2461 5212 2560 5282; x_wconf 82' lang='grc' dir='ltr'>τῆς</span> <span class='ocrx_word' id='word_1_804' title='bbox 2582 5209 2863 5281; x_wconf 81' lang='grc' dir='ltr'>ὠμότητος</span> <span class='ocrx_word' id='word_1_805' title='bbox 2904 5205 3085 5261; x_wconf 84' lang='grc' dir='ltr'>αὐτῶν</span> <span class='ocrx_word' id='word_1_806' title='bbox 3115 5203 3307 5259; x_wconf 89' lang='grc' dir='ltr'>ταῦτα.</span> 
     </span>
    </p>
   </div>
   <div class='ocr_carea' id='block_1_111' title="bbox 2253 5388 3756 5465">
    <p class='ocr_par' dir='ltr' id='par_1_111' title="bbox 2253 5388 3756 5465">
     <span class='ocr_line' id='line_1_111' title="bbox 2253 5388 3756 5465; baseline -0.011 -12"><span class='ocrx_word' id='word_1_807' title='bbox 2253 5400 2318 5453; x_wconf 88' lang='grc' dir='ltr'>Τί</span> <span class='ocrx_word' id='word_1_808' title='bbox 2343 5400 2491 5452; x_wconf 72' lang='grc' dir='ltr'>ἐστιν</span> <span class='ocrx_word' id='word_1_809' title='bbox 2550 5396 2625 5450; x_wconf 79' lang='grc' dir='ltr'><strong>Τὰ</strong></span> <span class='ocrx_word' id='word_1_810' title='bbox 2653 5393 3035 5465; x_wconf 68' lang='grc' dir='ltr'>φυλακτήρια</span> <span class='ocrx_word' id='word_1_811' title='bbox 3058 5388 3257 5445; x_wconf 79' lang='grc' dir='ltr'>αὐτῶν</span> <span class='ocrx_word' id='word_1_812' title='bbox 3307 5388 3756 5447; x_wconf 73' lang='grc' dir='ltr'>αλατύνουσιν,</span> 
     </span>
    </p>
   </div>
   <div class='ocr_carea' id='block_1_112' title="bbox 2183 5475 3758 5560">
    <p class='ocr_par' dir='ltr' id='par_1_112' title="bbox 2183 5475 3758 5560">
     <span class='ocr_line' id='line_1_112' title="bbox 2183 5475 3758 5560; baseline -0.013 -13"><span class='ocrx_word' id='word_1_813' title='bbox 2183 5492 2281 5547; x_wconf 74' lang='grc' dir='ltr'>καὶ</span> <span class='ocrx_word' id='word_1_814' title='bbox 2315 5489 2731 5560; x_wconf 70' lang='grc' dir='ltr'>μεγαλύνουσι</span> <span class='ocrx_word' id='word_1_815' title='bbox 2774 5485 2848 5539; x_wconf 82' lang='grc' dir='ltr'>τὰ</span> <span class='ocrx_word' id='word_1_816' title='bbox 2890 5480 3206 5551; x_wconf 77' lang='grc' dir='ltr'>κράσπεδα</span> <span class='ocrx_word' id='word_1_817' title='bbox 3253 5478 3374 5533; x_wconf 83' lang='grc' dir='ltr'>τῶν</span> <span class='ocrx_word' id='word_1_818' title='bbox 3420 5475 3758 5544; x_wconf 80' lang='grc' dir='ltr'>πτερυγίων</span> 
     </span>
    </p>
   </div>
   <div class='ocr_carea' id='block_1_113' title="bbox 2184 5564 3757 5651">
    <p class='ocr_par' dir='ltr' id='par_1_113' title="bbox 2184 5564 3757 5651">
     <span class='ocr_line' id='line_1_113' title="bbox 2184 5564 3757 5651; baseline -0.013 -12"><span class='ocrx_word' id='word_1_819' title='bbox 2184 5581 2415 5649; x_wconf 56' lang='lat' dir='ltr'><strong>uimine;</strong></span> <span class='ocrx_word' id='word_1_820' title='bbox 2440 5580 2522 5635; x_wconf 84' lang='grc' dir='ltr'>Τὰ</span> <span class='ocrx_word' id='word_1_821' title='bbox 2552 5579 2651 5651; x_wconf 81' lang='grc' dir='ltr'>μὲν</span> <span class='ocrx_word' id='word_1_822' title='bbox 2674 5574 2767 5633; x_wconf 87' lang='grc' dir='ltr'><strong>οῦν</strong></span> <span class='ocrx_word' id='word_1_823' title='bbox 2790 5576 3141 5646; x_wconf 81' lang='grc' dir='ltr'>φυλακτήρια</span> <span class='ocrx_word' id='word_1_824' title='bbox 3176 5569 3350 5643; x_wconf 86' lang='grc' dir='ltr'>μικρά</span> <span class='ocrx_word' id='word_1_825' title='bbox 3389 5567 3571 5641; x_wconf 77' lang='grc' dir='ltr'>βιϐλία</span> <span class='ocrx_word' id='word_1_826' title='bbox 3592 5564 3757 5620; x_wconf 77' lang='grc' dir='ltr'>εἰσίν.</span> 
     </span>
    </p>
   </div>
   <div class='ocr_carea' id='block_1_114' title="bbox 2199 5658 3756 5745">
    <p class='ocr_par' dir='ltr' id='par_1_114' title="bbox 2199 5658 3756 5745">
     <span class='ocr_line' id='line_1_114' title="bbox 2199 5658 3756 5745; baseline -0.013 -16"><span class='ocrx_word' id='word_1_827' title='bbox 2199 5674 2413 5745; x_wconf 80' lang='grc' dir='ltr'>Ἐπειδὴ</span> <span class='ocrx_word' id='word_1_828' title='bbox 2460 5672 2570 5743; x_wconf 83' lang='grc' dir='ltr'><strong>γὰρ</strong></span> <span class='ocrx_word' id='word_1_829' title='bbox 2618 5669 2858 5740; x_wconf 87' lang='grc' dir='ltr'>συνεχῶς</span> <span class='ocrx_word' id='word_1_830' title='bbox 2898 5664 3328 5720; x_wconf 69' lang='grc' dir='ltr'>ἐπελανθάνοντο</span> <span class='ocrx_word' id='word_1_831' title='bbox 3365 5661 3477 5714; x_wconf 87' lang='grc' dir='ltr'><strong>τῶν</strong></span> <span class='ocrx_word' id='word_1_832' title='bbox 3526 5658 3756 5727; x_wconf 81' lang='grc' dir='ltr'>εὐεργε-</span> 
     </span>
    </p>
   </div>
   <div class='ocr_carea' id='block_1_115' title="bbox 2189 5748 3760 5829">
    <p class='ocr_par' dir='ltr' id='par_1_115' title="bbox 2189 5748 3760 5829">
     <span class='ocr_line' id='line_1_115' title="bbox 2189 5748 3760 5829; baseline -0.016 -6"><span class='ocrx_word' id='word_1_833' title='bbox 2189 5770 2318 5823; x_wconf 85' lang='grc' dir='ltr'>σιῶν</span> <span class='ocrx_word' id='word_1_834' title='bbox 2353 5766 2448 5821; x_wconf 88' lang='grc' dir='ltr'><strong>τοῦ</strong></span> <span class='ocrx_word' id='word_1_835' title='bbox 2487 5764 2645 5829; x_wconf 82' lang='grc' dir='ltr'>Θεοῦ,</span> <span class='ocrx_word' id='word_1_836' title='bbox 2677 5761 2963 5815; x_wconf 78' lang='grc' dir='ltr'>ἐκέλευσεν</span> <span class='ocrx_word' id='word_1_837' title='bbox 3008 5758 3356 5829; x_wconf 76' lang='grc' dir='ltr'>ἐγγραφῆναι</span> <span class='ocrx_word' id='word_1_838' title='bbox 3411 5753 3631 5825; x_wconf 82' lang='grc' dir='ltr'>μικροῖς</span> <span class='ocrx_word' id='word_1_839' title='bbox 3682 5748 3760 5816; x_wconf 86' lang='grc' dir='ltr'><strong>βι-</strong></span> 
     </span>
    </p>
   </div>
   <div class='ocr_carea' id='block_1_116' title="bbox 2187 5842 3760 5933">
    <p class='ocr_par' dir='ltr' id='par_1_116' title="bbox 2187 5842 3760 5933">
     <span class='ocr_line' id='line_1_116' title="bbox 2187 5842 3760 5933; baseline -0.015 -16"><span class='ocrx_word' id='word_1_840' title='bbox 2187 5865 2355 5928; x_wconf 76' lang='grc' dir='ltr'>ϐλίοις</span> <span class='ocrx_word' id='word_1_841' title='bbox 2399 5862 2466 5917; x_wconf 82' lang='grc' dir='ltr'>τὰ</span> <span class='ocrx_word' id='word_1_842' title='bbox 2525 5858 2802 5933; x_wconf 76' lang='grc' dir='ltr'>θαυμάσια</span> <span class='ocrx_word' id='word_1_843' title='bbox 2848 5854 3050 5921; x_wconf 80' lang='grc' dir='ltr'>αὐτοῦ,</span> <span class='ocrx_word' id='word_1_844' title='bbox 3100 5855 3193 5909; x_wconf 73' lang='grc' dir='ltr'>καὶ</span> <span class='ocrx_word' id='word_1_845' title='bbox 3240 5846 3571 5922; x_wconf 66' lang='grc' dir='ltr'>ἐξηρτῆσθαι</span> <span class='ocrx_word' id='word_1_846' title='bbox 3620 5842 3760 5897; x_wconf 67' lang='grc' dir='ltr'>αὐτὰ</span> 
     </span>
    </p>
   </div>
  </div>
