4060 6578
324 447 461 514 1149

1309 448 1631 509 SCHOLIA
1674 446 1975 508 VETERA
2018 446 2096 506 ΙΝ
2139 445 2618 507 ΜΑΤΤΗΈΙῘΜ.

3442 446 3579 515 1150

326 564 426 616 τῶν
464 560 662 632 χειρῶν
706 561 905 618 αὐτῶν.
934 561 1026 617 Διδ
1058 561 1150 617 καὶ
1200 560 1388 631 ἔλεγεν
1417 578 1430 594 ⁸
1480 564 1697 620 Ἔσται
1747 562 1883 618 ἀσά-

2002 562 2134 618 Ιπὶίε
2176 570 2357 617 autem
2413 562 2827 632 hyacinthinum
2874 572 3133 619 ornatum
3170 563 3493 636 designant;
3527 566 3577 621 id

322 658 503 710 λευτα
526 655 598 708 ἐν
624 655 955 723 ὀφθαλμοῖς
982 670 1120 717 σου,
1149 654 1309 708 ἅτινα
1350 654 1578 710 ἐκάλουν
1624 654 1898 725 φυλακτή-

320 765 413 818 ρια
442 763 457 778 ⁸
485 747 553 801 τά
577 746 634 800 δὲ
662 746 947 817 κράσπεδα
978 748 1238 815 σημαίνει
1265 745 1498 817 κλῶσμα
1546 746 1855 802 ὑακίνθινον
1878 762 1894 779 ⁸

2000 657 2145 713 enim
2174 666 2233 711 ut
2250 657 2490 727 parvulis
2506 656 2672 725 jussit
2697 656 2897 721 facere,
2920 669 2973 712 et
3000 656 3054 711 in
3080 666 3232 713 veste
3250 658 3395 714 circa
3422 675 3577 714 uram

1995 748 2151 819 juxta
2176 749 2341 819 pedes
2363 748 2636 818 adaptari,
2666 757 2728 802 ut
2748 748 2820 803 ob
2840 749 3033 804 oculos
3062 749 3326 806 habentes
3352 752 3575 807 manda-

326 836 478 890 τοῦτο
502 837 615 906 γὰρ
647 835 838 906 ὥσπερ
878 835 1112 899 παιδίοις
1152 835 1407 889 ἐκέλευσε
1439 838 1636 900 ποιεῖν,
1672 838 1766 890 καὶ
1803 837 1883 891 ἔπι

2001 852 2181 898 torum
2212 858 2323 898 non
2352 841 2767 898 obliviscantur.
2798 840 3053 899 Ostendit
3094 858 3229 913 ergo
3257 845 3341 901 eis
3379 860 3574 899 vanam

328 927 394 997 ιῷ
424 928 622 998 ίματίῳ
650 929 777 996 περὶ
806 928 906 999 τὴν
937 927 1050 985 dictv
1082 929 1211 999 περὶ
1246 930 1372 993 τοὺς
1427 929 1596 993 πόδας
1647 930 1896 1001 ἀπορρά-

2000 949 2097 990 εοε
2125 949 2232 989 non
2265 934 2318 989 in
2341 935 2553 1006 magnis
2580 944 2634 990 et
2664 934 2995 991 necessariis
3017 934 3269 1004 gloriam,
3291 936 3385 991 sed
3415 937 3468 990 in
3494 935 3577 991 his

318 1021 574 1084 πτεσθαι,
604 1022 692 1075 ἴνα
717 1022 1074 1094 προσέχοντες
1113 1024 1631 1093 ἀναμιμνήσκωνται
1659 1022 1768 1077 τῶν
1804 1026 1883 1078 ὲν-

2002 1026 2215 1082 levibus
2248 1026 2526 1083 anhelare.

322 1116 497 1172 πολῶν.
528 1116 810 1172 Δείκνυσιν
847 1118 941 1172 οὖν
965 1108 1172 1184 αὐτοῖς,
1200 1120 1301 1174 οὐκ
1328 1120 1420 1174 ἐπὶ
1450 1122 1565 1185 τοῖς
1621 1121 1879 1193 μεγάλοις
1906 1121 2025 1194 ξκαὶ
2069 1124 2393 1193 ἀναγκαίοις
2446 1124 2881 1193 κενοδοξοῦιτας,
2938 1125 3056 1179 ἀλλ’
3091 1124 3186 1178 ἐπὶ
3215 1125 3426 1187 τούτοις
3463 1126 3576 1186 τοῖς

316 1211 609 1266 εὐτελέσιν.

381 1302 587 1369 Εἰπὼν,
629 1303 860 1371 Πατέρα
891 1302 978 1372 μὴ
1024 1304 1351 1373 καλέσητε,
1377 1305 1437 1358 οὐ
1489 1302 1651 1360 τοῦτο
1706 1305 1885 1374 λέγει,

313 1394 426 1450 ἀλλ’
465 1396 552 1450 ἵνα
598 1396 939 1464 γινώσκωσιν
988 1396 1078 1450 τὸν
1121 1397 1326 1463 κυρίως
1356 1397 1597 1468 Πατέρα,
1636 1396 1779 1465 λέγω
1817 1399 1888 1461 ςδὲ

314 1490 400 1542 τδν
430 1489 563 1543 Θεόν
590 1506 606 1522 σ
639 1489 813 1553 οὕτως
864 1488 971 1562 χρὴ
1018 1492 1158 1544 νοεῖν
1202 1493 1296 1545 καὶ
1346 1490 1429 1556 τὸ,
1455 1492 1554 1561 Μὴ
1621 1491 1889 1561 κληθῆτε

329 1582 543 1636 Ῥαόσί.

378 1678 473 1743 Τὸ,
508 1678 747 1732 κλείετε
783 1675 897 1737 τὴν
922 1675 1255 1740 βασίλεων
1302 1673 1421 1729 τῶν
1461 1674 1736 1745 οὐρανῶν
1783 1676 1889 1746 ἔμ-

309 1774 575 1839 προσθεν
604 1767 722 1825 τῶν
751 1769 1099 1837 ἀνθρώπων,
1129 1766 1290 1820 τοῦτο
1335 1766 1508 1836 λέγει,
1545 1768 1628 1823 ὅτι
1662 1769 1890 1832 ’Δλλους

308 1864 567 1925 κωλύετε.
614 1863 769 1917 αὐτοὶ
820 1864 893 1935 μὴ
940 1865 1334 1934 εἰσερχόμενοι.
1366 1860 1432 1916 Τί
1478 1862 1534 1917 δέ
1584 1864 1722 1929 ἐστι,
1747 1863 1889 1931 τοὺς

2071 1305 2243 1362 Vens.
2276 1307 2329 1362 9.
2375 1307 2589 1373 Dieeus,
2626 1306 2838 1361 Patrem
2870 1308 3032 1361 nolite
3055 1323 3241 1361 vocare
3263 1325 3284 1373 ;
3337 1322 3443 1361 non
3502 1306 3572 1361 ita

1998 1396 2223 1467 intelligi
2252 1398 2429 1463 debet,
2463 1400 2555 1453 sed
2612 1409 2669 1453 ut
2719 1409 3057 1469 cognoscant
3104 1401 3378 1469 praecipua
3405 1416 3570 1453 umn-

1997 1499 2155 1551 trem,
2190 1487 2240 1539 id
2273 1498 2357 1541 est
2381 1488 2572 1542 Deum.
2598 1486 2799 1541 Eodem
2836 1489 2999 1542 modo
3032 1488 3444 1558 intelligendum
3465 1498 3573 1553 est,

1997 1577 2178 1634 Nolite
2206 1596 2391 1635 vocare
2418 1579 2607 1634 Rubbi.

2068 1673 2233 1729 Vsus.
2280 1674 2364 1728 15.
2404 1671 2673 1729 Clauditis
2705 1689 2925 1743 regnum
2952 1672 3206 1727 caelorum
3241 1681 3363 1727 ante
3398 1673 3571 1726 homi-

1997 1783 2108 1833 nes,
2143 1766 2301 1837 quasi
2332 1766 2559 1830 diceret,
2595 1766 2723 1837 quia
2767 1766 2907 1820 alios
2944 1765 3272 1835 prohibetis,
3309 1765 3410 1832 ipsi
3460 1780 3569 1819 non

1998 1858 2235 1913 intratis.
2277 1858 2416 1927 Quid
2464 1869 2547 1916 est
2591 1868 2772 1915 autem
2826 1858 2989 1913 illud:
3046 1856 3433 1912 lntroeuntes?
3481 1858 3571 1927 qui

307 1955 812 2025 είσερχομένους;
858 1956 998 2020 Τοὺς
1022 1955 1340 2025 ἐπιτηδείως
1362 1954 1583 2026 ἔχοντας
1604 1955 1883 2012 εἰσελθεῖν.

1997 1952 2157 2008 facile
2191 1952 2399 2007 intrare
2425 1961 2671 2022 possunt.
2708 1950 2997 2019 Quomodo
3021 1950 3377 2022 prohibebant
3408 1952 3431 2005 ?
3460 1951 3575 2006 nul-

308 2047 434 2111 Πῶς
462 2047 518 2101 δὲ
560 2047 835 2114 ὲκώλυονς
866 2048 965 2102 Διὰ
994 2048 1055 2102 τὸ
1098 2048 1266 2118 μηδὲν
1304 2048 1505 2111 αὐτοὺς
1552 2048 1884 2120 ἐργάζεσθαι

307 2140 549 2209 ἀγαθόν’
601 2141 844 2206 ἐκείνους
896 2137 1006 2213 γὰρ
1061 2140 1275 2213 βλέπων
1327 2144 1356 2196 ὁ
1410 2142 1539 2207 λαὸς
1586 2142 1888 2214 ὡμοιοῦντο

306 2234 515 2298 αὐτοῖς.

376 2330 471 2391 Τὸ.
503 2328 816 2399 Περιὰγετε
853 2326 971 2394 τὴν
1003 2327 1329 2383 θάλασσαν
1372 2328 1473 2383 καί
1524 2328 1640 2397 τὴν
1692 2328 1887 2397 ξηρὰν

303 2421 555 2491 ποιῆσαι
602 2422 711 2475 ἕνα
759 2420 1191 2491 προσήλυτον-⁸
1220 2420 1318 2476 καὶ
1366 2420 1450 2477 ὅτ’
1483 2421 1562 2476 ἂν
1619 2422 1883 2493 γένηται,

305 2513 528 2569 ποιεῖτε
570 2512 761 2567 αὐτὸν
805 2513 943 2567 υἱὸν
994 2513 1247 2583 γεέννης
1289 2511 1654 2582 διπλότερον
1688 2513 1884 2582 ὑμῶν,

303 2605 465 2661 τοῦτο
492 2606 663 2675 λέγει,
694 2606 778 2659 ὅτι
808 2605 930 2659 οὐδὲ
978 2605 1066 2660 διὰ
1098 2605 1162 2659 τὺ
1202 2605 1356 2677 μόλις
1408 2604 1572 2659 αὑτὸν
1604 2604 1880 2676 σαγηνεῦ-

307 2718 418 2761 σαι.
451 2700 546 2754 καὶ
581 2698 720 2769 μετὰ
766 2699 977 2770 μυρίων
1007 2699 1191 2753 πόνων
1232 2697 1393 2752 τοῦτο
1442 2698 1597 2763 αὐτὸ,
1636 2698 1883 2764 φείδεσθε

303 2792 492 2857 αὑτοῦ,
518 2791 653 2847 ἀλλὰ
682 2791 1135 2862 παρασκευάζετε
1167 2791 1331 2845 αὐτὸν
1369 2791 1487 2844 υίὺν
1521 2790 1753 2859 γεέννης
1795 2790 1884 2845 διὰ

302 2885 399 2954 τῆς
457 2884 611 2956 ὑμῶν
663 2882 921 2957 πράξεως
965 2883 1243 2953 γενέσθαι.
1290 2883 1383 2947 Τὸ,
1424 2882 1560 2938 υἱὸν
1606 2884 1882 2953 γεέννης,

301 2974 457 3046 δηλοῖ
483 2976 844 3043 αὐτογέενναν
866 2991 880 3007 ·
923 2975 1133 3047 ὥσπερ,
1152 2973 1294 3040 τοὺς
1330 2972 1501 3041 υἱοὺς
1531 2973 1881 3044 ἀνθρώπων,

302 3069 430 3131 τοὺς
469 3065 815 3139 ἀνθρώπους.

370 3161 435 3215 Τί
470 3162 617 3215 ἐστιν
639 3161 720 3227 τὸ,
761 3159 1229 3215 Ἀποόεκατοῦτε
1259 3159 1326 3215 τὸ
1352 3160 1668 3230 ἡδύοσμον
1687 3160 1785 3217 καί
1814 3160 1880 3214 τὸ

300 3253 552 3321 ἄνηθον,
590 3253 683 3307 καὶ
714 3252 781 3306 τὰ
815 3252 943 3323 ἑξῆς
969 3270 984 3320 ;
1014 3253 1136 3306 Ὀτι
1169 3253 1239 3307 τὰ
1274 3255 1444 3325 μικρᾶ
1471 3252 1879 3307 ἀποᾶκατοῦν·

299 3363 416 3409 τες,
438 3346 507 3399 τά
526 3345 582 3398 δὲ
605 3344 816 3417 μεγάλα
842 3343 1096 3416 οὐδαμῶς
1127 3360 1142 3377 ⁶
1170 3345 1313 3400 ὥστε
1334 3344 1423 3399 διὰ
1446 3343 1507 3399 τὸ
1528 3347 1767 3417 φανῆναι
1794 3347 1881 3400 ὄτι

299 3438 394 3491 τὸν
440 3436 606 3505 νόμον
650 3436 970 3507 φυλάττετε,
1002 3436 1063 3491 οὐ
1098 3436 1187 3491 διὰ
1234 3436 1293 3491 τὸ
1326 3436 1433 3491 ἀπὸ
1462 3436 1641 3508 ψυχῆς
1683 3437 1871 3492 δοῦναι

301 3532 419 3585 ἔστι
449 3528 630 3585 τοῦτο.

382 3624 646 3695 Ὀδηγοὺς
669 3623 885 3693 τυφλῶν
917 3623 1074 3678 καλεῖ
1093 3622 1312 3689 αὐτοὺς.
1349 3624 1432 3678 δτι
1452 3622 1577 3678 οὔτε
1611 3624 1767 3678 αὐτοὶ
1821 3623 1883 3678 τδ

298 3717 466 3773 καλὸν
509 3717 827 3785 ἐγίνωσκον,
860 3715 957 3771 καὶ
1022 3715 1213 3781 ἄλλους
1280 3716 1602 3787 ὁδηγοῦντες
1660 3716 1885 3771 ἐνέπαι-

300 3809 415 3875 ζον.
443 3809 699 3865 Κώνωπα
721 3808 982 3863 ἐκάλεσεν
1006 3809 1134 3873 τοὺς
1158 3809 1504 3880 σωματικοὺς
1524 3808 1847 3880 καθαρμούς
1862 3825 1877 3842 ·

303 3904 481 3976 μικρὰ
508 3902 617 3973 γὰρ
638 3898 706 3973 ἦν
730 3901 825 3955 καὶ
852 3900 1028 3955 οὐδέν.
1062 3900 1328 3973 Κάμηλον
1359 3901 1437 3964 δὲ,
1469 3901 1571 3972 τὴν
1608 3900 1881 3974 κάθαρσιν

298 3997 398 4066 τῆς
445 3995 643 4066 ψυχῆς,
674 3994 814 4065 ὅπερ
854 3992 1003 4046 ἐστὶν
1038 3993 1207 4065 ἀρετή
1236 4009 1252 4026 ο
1294 3994 1508 4065 μεγάλη
1574 3994 1683 4065 γάρ
1730 3996 1881 4049 ἐστιν

301 4088 397 4144 καὶ
440 4086 642 4157 ὑψηλὴ,
676 4079 745 4157 ἦς
789 4083 1025 4155 ἠμέλουν
1045 4084 1141 4137 καὶ
1174 4084 1358 4155 ἀφανῆ
1408 4084 1658 4149 ἐποίουν,
1690 4083 1880 4155 ὥσπερ

300 4177 768 4241 καταπεπωκότες
793 4177 861 4231 τὰ
895 4174 1129 4247 ψυχικά.

372 4270 600 4325 Μέλλων
634 4269 804 4337 δεῖξαι
831 4269 909 4331 ὡς
941 4270 1008 4340 τῇ
1048 4267 1197 4322 ἔνδον
1216 4265 1559 4338 καθαρότητι
1588 4266 1882 4321 ἀκολουθεῖ

300 4366 396 4421 καὶ
453 4366 486 4435 ἡ
527 4363 651 4431 ἔξω,
683 4364 717 4433 ὴ
754 4362 810 4415 δὲ
860 4360 965 4427 ἔξω
1002 4360 1190 4415 οὐκέτι
1238 4360 1304 4430 τῇ
1368 4358 1536 4424 ἔνδον,
1573 4358 1721 4427 λέγει
1771 4358 1881 4413 ἀπὸ

298 4453 747 4526 «pavus-cogas:
785 4448 1130 4518 Kaﬂaplete
1172 4449 1239 4503 τὸ
1284 4447 1402 4513 ἔξω
1446 4448 1553 4503 τοῦ
1584 4448 1879 4517 ποτηρίου

301 4546 395 4601 καὶ
419 4545 520 4614 τῆς
553 4544 911 4614 παροψίδος,
943 4542 1171 4597 ἔσωθεν
1201 4542 1270 4596 δὲ
1290 4540 1454 4611 γέμει
1477 4539 1758 4611 ἁρπαγῆς
1780 4542 1880 4596 καὶ

1991 2045 2102 2100 lum
2145 2048 2348 2099 bonum
2396 2044 2684 2113 faciendo;
2743 2060 2868 2100 nam
2908 2060 3006 2101 eos
3036 2045 3309 2116 aspi‘ciens
3338 2044 3571 2115 populus

1991 2137 2331 2194 imitabatur.

2059 2325 2225 2382 Vsus.
2248 2328 2333 2382 15.
2354 2326 2605 2382 Circuitis
2629 2343 2773 2381 mare
2791 2336 2841 2381 et
2864 2326 3075 2380 aridam
3102 2336 3157 2380 ut
3176 2328 3391 2397 faciatis
3407 2343 3569 2381 unum

1985 2422 2340 2491 proselytam;
2364 2432 2413 2475 et
2461 2438 2579 2475 eum
2609 2421 2769 2491 fuerit
2799 2423 2998 2492 factus,
3030 2422 3211 2492 facitis
3242 2439 3358 2475 eum
3396 2422 3569 2490 ﬁlium

1985 2512 2234 2583 gehennae
2274 2514 2436 2579 duplo
2460 2530 2620 2583 quam
2652 2530 2772 2578 vos;
2802 2514 2906 2569 hoc
2934 2515 3086 2581 dicit,
3111 2515 3239 2585 quia
3268 2530 3371 2567 non
3418 2524 3572 2583 post-

1988 2622 2153 2676 quam
2199 2622 2342 2677 :egre
2387 2607 2550 2661 istum
2584 2606 2866 2676 ceperitis,
2898 2616 3100 2662 etcum
3150 2607 3338 2661 multis
3368 2606 3573 2661 labori-

1986 2698 2109 2763 bus,
2143 2699 2236 2753 illo
2255 2698 2563 2766 abstinetis,
2591 2701 2682 2755 sed
2709 2699 2914 2769 paratis
2943 2700 3094 2754 illum
3119 2700 3286 2753 lilium
3310 2699 3572 2769 gehennze

1985 2808 2084 2862 per
2113 2803 2354 2848 vestrum
2390 2793 2582 2864 agendi
2615 2794 2837 2847 modum
2874 2793 3011 2847 lieri.
3051 2791 3254 2846 Filium
3300 2793 3567 2864 gehenme,

1987 2882 2129 2938 idem
2173 2894 2328 2940 sonat
2353 2900 2417 2941 ac
2459 2886 2764 2955 gehennam
2797 2884 2998 2956 ipsam,
3039 2893 3096 2938 ut
3136 2882 3229 2937 lilii
3262 2884 3566 2949 hominum,

1986 2976 2257 3032 homines.
2581 2973 2587 2978 ’

2058 3162 2221 3219 Vens.
2251 3164 2341 3219 23.
2363 3163 2502 3230 Quid
2529 3174 2634 3229 εει,
2658 3163 2936 3217 decimatis
2956 3163 3224 3217 mentitam
3247 3172 3293 3217 et
3319 3163 3567 3217 anethum

1984 3268 2039 3311 et
2064 3256 2313 3327 reliqua?
2350 3254 2488 3322 Quia
2530 3269 2695 3324 parva
2748 3254 3089 3310 decimantes
3140 3263 3319 3317 erant,
3369 3270 3565 3320 magna

1985 3361 2165 3405 autem
2206 3349 2460 3405 minime:
2500 3350 2573 3404 ita
2611 3358 2691 3414 ut,
2722 3349 2787 3403 ad
2811 3348 3210 3403 ostendendum
3244 3347 3370 3417 quia
3394 3347 3564 3418 legem

1985 3442 2234 3507 servatis,
2269 3441 2463 3496 nonad
2491 3441 2729 3496 dandum
2758 3455 2823 3495 ex
2856 3440 3064 3507 animo,
3090 3437 3194 3494 hoc
3222 3438 3460 3494 faciatis.

2056 3628 2224 3684 Vens.
2265 3626 2356 3683 24.
2394 3626 2569 3681 Duces
2601 3640 2871 3682 caecorum
2917 3635 3075 3681 vocat
3112 3640 3230 3687 eos,
3270 3626 3413 3695 quod
3455 3641 3564 3681 non

1986 3720 2090 3790 ipsi
2124 3720 2327 3774 bonum
2354 3716 2780 3790 cognoscebant,
2826 3726 2880 3771 et
2912 3714 3052 3771 alios
3104 3715 3370 3771 ducentes
3415 3714 3566 3771 deci-

1983 3812 2224 3883 piebant.
2244 3810 2487 3865 Culicem
2522 3817 2681 3864 vocat
2701 3824 2997 3880 corporeas
3024 3808 3372 3877 ablutiones;
3400 3823 3565 3879 parva

1983 3904 2128 3961 enim
2155 3915 2311 3959 erant
2341 3911 2395 3957 et
2424 3903 2582 3973 quasi
2631 3902 2767 3957 nihil
2793 3946 2807 3971 ,
2838 3903 3108 3958 camelum
3141 3911 3325 3956 autem
3360 3903 3559 3957 animm

1982 3995 2338 4060 ablutionem,
2365 4009 2485 4064 quae
2510 3994 2682 4049 virtus
2704 4002 2809 4049 est.
2841 3993 3030 4064 Magna
3064 3993 3211 4048 enim
3243 4000 3327 4047 est
3351 4002 3406 4048 et
3433 3993 3563 4059 alta,

1983 4102 2148 4157 quam
2172 4086 2514 4157 negligebant
2540 4095 2593 4139 et
2630 4085 2961 4142 invisibilem
2985 4084 3563 4155 laciebant,_'tanquam

1982 4177 2275 4248 glutientes
2296 4176 2614 4257 .spritualia.

2052 4266 2220 4322 Vsus.
2238 4265 2642 4325 26.05Iendere
2662 4267 2868 4323 debetis
2895 4277 2979 4322 est
3003 4268 3411 4323 mundationem
3443 4268 3563 4337 ejus

1982 4359 2126 4430 quod
2168 4361 2313 4415 intus
2356 4368 2465 4425 est,
2496 4360 2651 4430 sequi
2703 4360 3114 4415 niuudationem
3150 4361 3270 4429 ejus
3300 4360 3441 4428 quod
3478 4367 3563 4414 est

1983 4451 2137 4519 foris,
2174 4466 2280 4506 nou
2300 4460 2480 4507 autem
2502 4452 2618 4507 vice
2643 4467 2820 4519 versa,
2852 4451 2987 4506 dicit
3010 4451 3076 4506 ad
3112 4466 3263 4505 rem:
3284 4450 3563 4505 Hundatis

1981 4545 2121 4615 quod
2145 4544 2343 4613 deforis
2399 4555 2475 4599 est
2505 4544 2685 4599 colicis
2742 4557 2789 4598 et
2833 4545 3132 4613 paropsidis
3157 4559 3175 4608 ;
3205 4546 3346 4598 intus
3382 4554 3561 4597 autem

300 4639 537 4706 ἀδικίας
566 4653 582 4669 ’
623 4635 955 4706 καθάρισον
1011 4634 1247 4705 πρῶτον
1290 4633 1355 4687 τὸ
1392 4632 1593 4698 ἔνδον,
1653 4633 1749 4687 καὶ
1807 4632 1875 4688 τὰ

1987 4635 2121 4706 pleni
2172 4637 2298 4689 estis
2345 4636 2535 4704 rapina
2597 4647 2645 4690 et
2686 4636 3094 4690 immunditiis:
3138 4635 3336 4689 munda
3412 4636 3561 4705 prius

299 4733 447 4787 ἑξῆς.

333 4732 483 4879 suisui.
515 4826 720 4896 τάφους
748 4823 1175 4894 κεκονιαμένους
1207 4822 1406 4892 λέγων,
1436 4822 1627 4893 ὅμοιον
1647 4820 1743 4876 τοῦ
1776 4839 1879 4876 πο-

299 4918 491 4991 τηρίου
525 4918 871 4991 νοηθήσεται,
896 4915 985 4971 διὰ
1006 4916 1317 4983 κενοδοξίαν
1342 4915 1667 4988 λεγόμενον.

378 5107 750 5177 Οικοδομεῒτε
780 5105 923 5171 τοὺς
955 5104 1185 5175 τάφους
1236 5102 1356 5158 τῶν
1394 5102 1738 5173 προφητῶν.
1767 5104 1879 5175 Οὐχ

301 5200 378 5265 ὡς
410 5199 837 5269 οίκοδομούντων
863 5198 1147 5268 μνήματα,
1174 5196 1291 5250 ἀλλ’
1312 5195 1387 5259 ὡς
1409 5196 1879 5267 ἀντιποιουμένων

303 5292 486 5347 αὐτῶν
527 5294 621 5347 καὶ
649 5291 938 5361 λεγόντων,
966 5290 1049 5343 ὃτι
1080 5289 1143 5342 Εἰ
1190 5284 1334 5359 ἦμεν
1378 5289 1437 5341 ἐν
1471 5290 1591 5351 cui;
1642 5287 1882 5359 ἡμέραις

303 5385 502 5449 αὐτῶν,
533 5386 633 5438 οὐκ
670 5383 735 5437 ἂν
763 5378 906 5455 ἦμεν
956 5382 1206 5436 κοινωνοὶ
1250 5381 1364 5445 τοῖς
1399 5380 1675 5451 πατράσιν
1721 5378 1880 5451 ήμῶν

302 5477 365 5529 ἐν
392 5479 505 5540 τοῖς
536 5476 765 5547 αἴμασιν
788 5473 988 5528 αὐτῶν.
1033 5470 1283 5525 Ἐποίουν
1326 5472 1383 5525 δὲ
1412 5469 1593 5536 τοῦτο,
1622 5471 1880 5543 κρεῖττον

303 5586 395 5632 va;
435 5570 530 5622 xui.
561 5568 754 5636 ἀγαθοὶ
793 5566 994 5638 μᾶλλον
1017 5564 1127 5618 τῶν
1177 5563 1432 5633 πατέρων
1470 5563 1651 5617 αὐτῶν
1703 5563 1883 5633 φαίνε-

308 5663 430 5716 σθαι
467 5660 802 5732 βουλόμενοι.

376 5753 534 5816 Τίνος
566 5753 753 5806 ἕνεκεν
782 5748 1181 5821 καταγινώσκει
1214 5748 1395 5803 αὐτῶν
1435 5747 1510 5813 ὡς
1539 5746 1674 5801 υῑῶν
1711 5747 1881 5801 ὄντων

304 5842 415 5897 τῶν
434 5843 808 5913 φονευσάντων
841 5843 965 5906 τοὺς
998 5842 1310 5913 προφήτας;
1333 5840 1453 5894 οὐδὲ
1487 5839 1597 5909 γὰρ
1628 5838 1882 5910 ἔγκλημα

306 5934 487 6005 τοῦτο,
510 5937 605 5991 ἐὰν
635 5934 711 6006 μὴ
740 5937 969 6006 κοινωνῇ
1001 5937 1067 6006 τῇ
1094 5935 1286 6006 γνώμῃ
1321 5933 1414 5989 τοῦ
1450 5934 1710 6007 πατρδςᾴὀ
1741 5935 1877 5999 υἱός·

1981 4728 2119 4801 quod
2151 4728 2293 4783 intus
2315 4738 2425 4794 est,
2456 4738 2511 4783 et
2535 4728 2766 4800 reliqua.

2053 4821 2221 4877 Vnus.
2251 4821 2343 4877 27.
2378 4822 2636 4892 Sepulcra
2661 4821 2908 4877 dealbata
2944 4834 3169 4884 vocans,
3222 4819 3566 4891 intelligetur

1980 4913 2171 4969 eodem
2214 4913 2378 4968 modo
2408 4929 2519 4984 quo
2552 4914 2775 4968 calicem
2813 4913 2969 4979 dicit,
2998 4914 3069 4969 ob
3105 4929 3297 4969 vanam
3330 4912 3563 4984 gloriam

1982 5006 2055 5061 ita
2086 5005 2323 5061 locutus.

2052 5096 2220 5152 Vsus.
2250 5097 2341 5152 29.
2375 5095 2689 5165 lEdificatis
2728 5096 2967 5166 sepulcra
3004 5097 3420 5166 prophetarum;
3449 5111 3558 5149 non

1980 5190 2127 5262 quod
2153 5190 2429 5244 aediﬁcent
2469 5199 2848 5255 monumenta,
2881 5190 2974 5244 sed
3004 5189 3150 5258 quod
3182 5204 3279 5257 per
3298 5189 3563 5243 ambitio-

1984 5300 2105 5340 nem
2136 5284 2359 5339 dicant:
2404 5284 2459 5338 Si
2496 5284 2789 5339 fuissemus
2837 5285 2890 5338 in
2945 5284 3142 5338 diebus
3191 5291 3407 5353 patrum
3454 5298 3560 5337 no-

1982 5385 2244 5442 strorum,
2274 5392 2381 5432 non
2408 5392 2656 5433 essemus
2686 5378 2821 5432 socii
2842 5391 3030 5431 eorum
3056 5376 3107 5429 in
3136 5378 3404 5447 sanguine
3430 5392 3560 5446 pro-

1981 5472 2291 5542 phetarum.
2339 5469 2472 5525 Illud
2507 5479 2687 5524 autem
2732 5469 3005 5524 faciebant
3042 5467 3273 5523 volendo
3320 5468 3567 5540 majores

1982 5573 2035 5619 et
2062 5563 2317 5618 meliores
2351 5562 2600 5633 patribus
2629 5562 2746 5617 suis
2774 5562 2967 5617 videri.

2058 5749 2218 5806 Vens.
2250 5750 2343 5805 31.
2371 5749 2549 5818 Quare
2575 5749 2694 5804 illos
2720 5750 2899 5820 arguit
2930 5749 3075 5820 quod
3104 5749 3195 5805 lilii
3221 5752 3332 5804 sint
3354 5765 3547 5813 eorum

1982 5844 2077 5914 qui
2128 5842 2420 5913 prophetas
2458 5842 2813 5899 occiderunt?
2847 5860 2955 5901 non
2986 5845 3133 5900 enim
3164 5844 3322 5914 culpa
3363 5860 3555 5900 eorum

1985 5944 2089 6003 est,
2144 5935 2245 5991 nisi
2297 5935 2786 5994 communicavcrit
2839 5939 3105 5997 voluntati
3168 5942 3336 6000 patris
3370 5940 3561 5998 illius:
