4060 6572
473 435 607 501 1151

1192 443 1585 504 OPUSCULA
1626 442 2258 503 SCRIP’l‘URISTiCA
2302 442 2651 502 INCERT/E
2687 443 2995 503 ETATIS.

3591 440 3731 507 1152

476 548 956 605 eommunicabunt
977 556 1158 605 autem
1179 551 1508 618 occidendo;
1534 552 1655 606 ideo
1677 552 1799 606 illos
1838 549 2039 620 arguit.

2178 548 2472 604 κοινώνουν
2507 550 2566 604 δὲ
2600 550 2954 619 φονεύοντες·
2996 550 3086 605 διὰ
3119 549 3281 605 τοῦτο
3323 553 3599 623 μέμφεται
3624 556 3731 607 αῦ-

543 735 705 790 \'eas.
751 735 840 790 32.
876 734 1018 802 Quid
1069 744 1174 803 est,
1226 735 1451 806 [inplete
1505 744 1556 790 et
1610 752 1697 789 vos
1747 749 2048 789 mensuram

466 838 678 894 patrum
732 840 1026 883 uestrorum
1056 830 1081 883 .9
1108 830 1227 884 Non
1272 829 1517 899 praecipit
1559 838 1616 883 ut
1640 828 1920 898 impleant,
1954 825 2049 881 sed

470 920 716 990 praedicit
739 921 886 992 quod
918 920 1162 977 futurum
1202 931 1308 988 est,
1338 921 1391 975 id
1423 930 1528 986 est,
1557 936 1714 975 suam
1744 920 1918 990 ipsius
1946 919 2052 973 im-

471 1012 847 1069 molationem.

542 1100 712 1159 Vens.
740 1104 830 1159 33.
864 1103 977 1159 Cur
1015 1102 1148 1156 dicit
1195 1102 1314 1157 illus
1349 1100 1627 1155 Genimina
1690 1102 1993 1174 viperarum
2029 1109 2054 1162 Σ)

472 1196 1011 1267 consanguinitatem
1064 1210 1160 1263 per
1208 1193 1467 1247 malitiam
1513 1194 1727 1262 innuit;
1777 1196 1931 1265 quasi
1967 1196 2052 1251 di-

473 1298 664 1344 ceret:
704 1287 863 1343 Sicut
892 1288 997 1341 illa:
1028 1286 1348 1357 parentibus
1402 1288 1612 1343 similes
1652 1299 1782 1344 sunt
1823 1306 1917 1360 per
1956 1305 2053 1345 ve—

474 1381 600 1436 neni
640 1381 840 1441 tabem,
882 1380 955 1433 ita
983 1387 1036 1433 et
1080 1394 1175 1433 vos
1218 1380 1466 1448 patribus
1502 1381 1716 1448 vestris,
1765 1398 1861 1452 per
1904 1384 2055 1437 occi-

474 1474 662 1527 siones
694 1471 903 1526 similes
940 1471 1095 1526 estis.

550 1561 713 1619 Vens.
741 1564 831 1618 54.
866 1563 938 1617 De
976 1563 1178 1634 quibus
1218 1564 1347 1619 dicit
1381 1583 1395 1619 ι
1431 1564 1566 1619 Ecce
1607 1582 1700 1635 ego
1739 1567 1892 1620 mitto
1928 1584 2056 1636 pro-

474 1656 657 1724 phetas
700 1665 748 1710 et
790 1656 1055 1721 sapientes
1095 1665 1145 1710 et
1184 1656 1430 1711 scribas?
1467 1658 1538 1712 De
1565 1660 1830 1728 apostolis
1862 1669 1918 1714 et
1961 1675 2057 1714 co-

478 1766 598 1803 rum
625 1750 933 1819 discipulis.
960 1748 1092 1803 Nam
1132 1750 1287 1804 multi
1334 1766 1524 1806 eorum
1574 1752 2058 1822 praphetaveruut.

2156 658 2307 705 τους.

2228 733 2295 786 Τί
2324 735 2472 787 ἐστιν
2489 730 2944 802 τδ,ῙΙληρώσατε
2972 734 3071 789 καί
3096 734 3263 805 ὑμεῖς
3284 734 3352 788 τὸ
3368 733 3591 804 μέτρον
3612 733 3731 787 τῶν

2158 825 2428 895 πατέρων
2452 825 2658 895 oper.-
2688 828 2804 881 οὐκ
2842 828 3147 882 ἐπιτάττων
3180 826 3339 881 τοῦτό
3380 827 3730 899 φησιν,’άλλό

2160 918 2571 989 προαναφωνιῖΝ
2605 920 2667 973 τὸ
2715 920 2998 992 ἐσόμενον,
3054 918 3201 973 τοῦτ’
3235 920 3385 974 ἐστιν
3431 920 3531 991 τὴν
3568 916 3731 972 αὐτοῦ

2161 1012 2401 1082 σφαγήν.

2230 1099 2327 1150 Διὰ
2341 1097 2394 1150 τί
2417 1097 2565 1166 λέγει
2580 1099 2776 1163 αὐτοὺς
2794 1088 3148 1168 Γεννήματα
3160 1099 3445 1169 ἐχιδνῶη
3466 1098 3577 1171 Τὴν
3594 1101 3733 1154 κατὰ

2160 1192 2360 1242 κακίαν
2394 1192 2713 1259 συγγένειαν
2745 1191 3140 1261 αἰνιττόμενος·
3174 1192 3249 1256 ὡς
3277 1192 3343 1245 ἂν
3375 1193 3582 1262 ἔλεγεν,
3646 1195 3736 1248 ὃτι

2162 1279 2376 1350 Ὠσπερ
2405 1280 2587 1333 ὲκείνα
2615 1279 2793 1335 ἔοικεν
2818 1283 2930 1345 τοῖς
2955 1281 3206 1351 γονεῦσιν
3238 1285 3380 1337 κατὰ
3411 1283 3511 1353 τήν
3529 1281 3624 1337 τοῦ
3654 1283 3736 1337 ίοῦ

2162 1368 2361 1440 λύμην,
2396 1370 2541 1424 οὔτω
2574 1373 2669 1426 καὶ
2700 1374 2859 1445 ὑμεῖς
2888 1376 3000 1438 τοῖς
3047 1374 3203 1443 ὑμῶν
3232 1374 3471 1445 πατράσι
3504 1375 3647 1430 κατὰ
3677 1375 3737 1428 τὸ

2163 1465 2385 1534 φονικὸν
2424 1465 2659 1522 ἐοίκατε.

2236 1557 2368 1626 Περὶ
2400 1557 2567 1611 ποίων
2591 1557 2741 1627 λέγει
2765 1576 2779 1591 ο
2802 1558 2959 1613 ἰδοὺ
2983 1559 3099 1629 ἐγὼ
3118 1558 3479 1615 ἀποστέλλω
3503 1561 3739 1630 προφή-

2162 1664 2268 1713 τας
2298 1648 2393 1701 καὶ
2415 1649 2647 1719 σοφοὺς
2672 1651 2767 1704 καὶ
2792 1651 3147 1721 γραμματεῖς
3170 1670 3190 1717 ;
3216 1652 3354 1723 Περὶ
3376 1653 3483 1706 τῶν
3506 1653 3741 1707 ἀποστό-

2164 1736 2270 1789 λων
2330 1739 2424 1791 καὶ
2475 1739 2583 1793 τῶν
2642 1740 2901 1810 μαθητῶν
2933 1741 3114 1796 αὐτῶν
3137 1757 3153 1773 ·
3184 1740 3281 1796 καὶ
3310 1741 3420 1813 γάρ
3455 1741 3646 1795 πολλοὶ
3682 1740 3741 1806 ἐξ

2165 1830 2347 1884 αὐτῶν
2388 1834 2823 1905 προεφήτευσαν.

550 1931 716 1987 Vens.
750 1934 840 1987 55.
882 1934 1018 1999 Quis
1078 1943 1163 1989 est
1207 1938 1312 1989 iste
1341 1933 1636 1990 Zacharias
1676 1936 1744 1991 de
1785 1951 1895 2007 quo
1925 1938 2057 1993 dicit

2242 1926 2339 1988 Τίς
2371 1925 2427 1977 δέ
2462 1927 2609 1980 ἐστιν
2654 1919 2809 1992 οὗτος
2869 1928 2899 1980 ό
2948 1914 3229 2000 Ζαχαρίας
3260 1928 3389 1999 περὶ
3442 1921 3507 1983 οὗ
3563 1923 3743 1991 εἷπεν,

483 2022 656 2093 Usque
704 2025 772 2077 ad
806 2026 1117 2095 sanguinem
1159 2024 1440 2081 Zachariae
1467 2028 1569 2095 ﬁlii
1597 2027 1916 2084 Barac/tite?
1952 2032 2057 2085 Alii

478 2117 695 2184 quidem
740 2115 968 2171 Joannis
1010 2126 1221 2186 patrem
1264 2120 1485 2187 dicunt;
1524 2120 1617 2174 alii
1660 2137 1789 2177 vero
1822 2125 2060 2193 prophe-

481 2216 621 2271 tam;
653 2207 871 2275 quidam
904 2208 1139 2277 denique
1180 2209 1412 2263 alterum
1447 2211 1556 2263 duo
1593 2212 1811 2265 nomina
1852 2213 2060 2267 haben-

494 2307 601 2351 tem
629 2303 992 2363 sacerdotem,
1024 2316 1184 2369 quem
1211 2301 1375 2355 etiam
1410 2299 1560 2357 Judze
1586 2303 1870 2373 Scriptura
1904 2307 2057 2362 dicit.

553 2389 715 2444 Vens.
742 2391 828 2445 59.
863 2390 1021 2456 Illud,
1054 2391 1176 2447 Non
1204 2410 1284 2448 me
1313 2395 1554 2449 videbitis
1587 2397 1798 2462 amotio,
1831 2398 1899 2454 de
1933 2409 2065 2454 tein—

480 2501 611 2553 pore
664 2484 796 2541 dicit
851 2486 996 2556 quod
1050 2497 1349 2557 estusque
1400 2489 1468 2543 ad
1518 2490 1959 2558 crucilixiunem;
2008 2502 2063 2547 et

482 2577 634 2642 illud,
668 2576 839 2631 Donec
895 2579 1092 2634 dicatis
1126 2595 1145 2634 :
1179 2577 1494 2635 Benedictus
1544 2582 1635 2647 qui
1693 2583 1829 2635 venit
1872 2583 1927 2637 in
1961 2601 2060 2638 uo-

482 2671 619 2724 mine
659 2670 893 2738 Domini,
940 2672 1008 2727 de
1053 2674 1297 2729 secundo
1348 2673 1469 2743 ejus
1522 2675 1756 2731 adventu
1813 2677 2060 2733 dicitur:

483 2771 613 2819 tunc
639 2764 785 2819 enim
818 2782 1008 2821 omnes
1040 2766 1191 2821 illum
1224 2767 1553 2823 adorabunt.

1043 2911 1273 2967 CAPUT
1309 2911 1503 2968 XXIV.

555 3037 720 3095 Vens.
740 3040 823 3094 Η.
846 3040 988 3106 Quid
1012 3041 1195 3107 est,lu
1221 3045 1579 3099 testimonium
1628 3044 1866 3099 omnibus
1895 3048 2067 3116 genti-

484 3128 578 3182 bus
596 3131 621 3184 ?
638 3132 774 3196 Quia
790 3132 1142 3202 praedicatum
1164 3144 1247 3190 est
1269 3134 1484 3204 quidem
1516 3136 1735 3206 ubique,
1756 3152 1862 3190 non
1883 3146 2063 3193 autem

483 3224 757 3278 creditum
792 3233 876 3281 est
912 3226 1134 3297 ubique.

559 3314 1014 3385 Consummatio;
1072 3335 1204 3375 sane
1254 3319 1555 3377 Jerusalem
1610 3323 2065 3392 eXpngnationem

487 3406 717 3472 indicat,
746 3424 851 3464 non
882 3419 1061 3464 autem
1096 3412 1281 3465 mundi
1305 3412 1490 3467 tinem.

556 3498 721 3555 Vens.
780 3504 869 3557 i5.
913 3502 1050 3569 Quid
1120 3512 1223 3570 est,
1283 3504 1624 3561 Abominatio
1693 3508 2069 3565 desolationis?

485 3590 723 3659 Eﬂigiem
748 3594 881 3649 dicit
906 3595 1011 3649 Titi
1042 3598 1133 3665 qui
1167 3598 1356 3653 urbem
1383 3616 1622 3668 ceperat,
1653 3613 1706 3656 et
1732 3614 1858 3673 post
1893 3620 2068 3675 expu-

487 3695 714 3752 gnatum
748 3685 1052 3743 Jerusalem
1085 3698 1321 3746 statuam
1364 3708 1516 3747 suam
1548 3695 1741 3750 erexit.
1778 3696 2069 3751 Abomina-

488 3775 561 3828 tio
594 3776 957 3842 dewlationis,
988 3779 1188 3849 elligies
1224 3781 1373 3837 illius
1397 3784 1488 3850 qui
1539 3792 1667 3839 tunc
1693 3785 1880 3841 urbem
1927 3790 2070 3856 repit

487 3866 725 3935 dicitur;
780 3870 1041 3924 desolatio
1080 3880 1261 3928 autem
1309 3884 1554 3942 vocatur,
1584 3878 1729 3946 quod
1790 3878 2070 3936 desolatus

485 3969 565 4011 est
600 3959 870 4015 civitatem
901 3972 955 4017 et
991 3964 1273 4032 templum.

560 4050 724 4107 Vens.
753 4050 842 4107 20.
885 4052 1024 4119 Quid
1075 4064 1178 4121 est,
1229 4054 1392 4112 Orate
1423 4068 1479 4112 ut
1543 4076 1646 4115 non
1685 4060 1782 4130 ﬁat
1841 4062 1968 4133 fuga
2012 4063 2068 4117 in

491 4138 660 4194 hieme
716 4142 793 4195 vel
853 4144 1129 4203 Sabbato?
1186 4147 1239 4201 in
1318 4148 1515 4214 hieme,
1573 4151 1644 4206 ob
1697 4152 2088 4209 diilicultatem‘

489 4232 663 4304 fugae;
707 4235 760 4289 in
797 4234 1062 4305 Sabbato,
1093 4239 1163 4295 ob
1222 4240 1392 4312 legem
1440 4242 1817 4312 prohibentem
1854 4244 1954 4299 hac
1982 4245 2069 4301 die

490 4329 592 4382 iter
619 4326 821 4384 facere.

559 4417 728 4474 Vens.
768 4422 864 4477 ἓξ.
905 4421 1047 4489 Quid
1097 4433 1201 4490 est,
1260 4425 1381 4479 Nisi
1422 4427 1643 4481 breviati
1688 4429 1914 4497 fuissent
1956 4428 2069 4482 dies

489 4513 599 4568 illi?
624 4513 681 4567 Si
715 4515 907 4585 magis.
936 4516 1133 4587 inquit,
1161 4518 1417 4573 durasset
1475 4518 2067 4589 bellumRomanorum

2170 2017 2323 2084 Ἕως
2352 2018 2458 2072 τοῦ
2493 2020 2743 2087 αἳματος
2768 2022 3066 2091 Ζαχαρίου
3105 2022 3241 2077 υἱοῦ
3301 2022 3648 2090 Βαραχίου;
3680 2024 3742 2075 0i

2171 2110 2271 2179 μὲν
2300 2115 2391 2164 τὸν
2429 2111 2678 2165 Ἰωάννου
2704 2113 2916 2183 πατέρα
2949 2114 3131 2183 φασίν·
3164 2116 3212 2167 oi
3229 2114 3285 2169 δὲ
3315 2115 3407 2167 τὸν
3432 2114 3740 2185 προφήτην·

2167 2203 2217 2256 οἱ
2249 2203 2303 2256 δὲ
2334 2204 2521 2275 ἕτερόν
2562 2222 2683 2258 τινα
2731 2202 3001 2278 διώνυμον
3057 2206 3229 2277 ἱερέα,
3286 2205 3346 2261 δν
3402 2208 3495 2260 καὶ
3551 2206 3736 2261 ἰωδαέ

2170 2314 2336 2367 φησιν
2365 2299 2398 2369 ἡ
2423 2299 2638 2371 Γραφήο

2242 2390 2337 2456 Τὸ,
2380 2393 2462 2446 Οὐ
2485 2393 2572 2462 μὴ
2596 2393 2764 2462 [ante
2786 2394 2887 2450 ἀπ’
2927 2395 3081 2463 ἄρτι,
3108 2394 3237 2464 περὶ
3259 2391 3353 2446 τοῦ
3379 2391 3576 2463 καιροῦ
3595 2392 3745 2463 λέγει

2171 2485 2266 2539 τοῦ
2320 2488 2482 2559 μέχρι
2522 2488 2617 2541 τοῦ
2655 2488 2921 2560 σταυροῦο
2976 2490 3036 2543 τδ
3090 2489 3168 2553 δὲ,
3209 2490 3363 2555 ’Ἕως
3393 2488 3471 2543 ἂν
3508 2490 3742 2555 εἴπητε,

2173 2579 2599 2648 Εὐλογημένος
2644 2583 2678 2635 ὁ
2722 2580 3049 2651 ἐρχόμενος
3088 2585 3158 2634 ἐν
3212 2581 3456 2649 ὀνόματι
3500 2580 3746 2647 Κυρίου.

2173 2669 2423 2741 περὶτῆς
2455 2670 2717 2743 δευτέρας
2746 2673 2913 2726 αὐτοῦ
2949 2672 3252 2743 παρουσίας
3284 2671 3452 2739 λέγει’
3483 2669 3609 2724 τότε
3637 2669 3747 2738 γάρ

2174 2762 2372 2828 πάντες
2402 2763 2566 2818 αὐτὸν
2599 2768 3096 2837 προσκυνήσουσιν.

2742 2910 2992 2965 ΚΕΦΑΛ.
3047 2912 3175 2964 KA'.

2244 3041 2309 3093 Ti
2337 3042 2506 3106 ἐστιν,
2552 3041 2656 3106 Εἰς
2693 3040 3021 3109 μαρτύριον
3042 3037 3233 3095 πᾶσιν
3281 3037 3409 3105 τοῖς
3459 3038 3746 3101 ἕθνεσινς

2175 3132 2299 3185 Ὅτι
2334 3131 2613 3203 ἐκηρύχθη
2666 3131 2765 3202 μὲν
2808 3130 3107 3202 πανταχοῦ,
3168 3131 3269 3185 οῦκ
3330 3131 3631 3202 ἐπιστεύθη
3690 3131 3747 3184 δὲ

2176 3222 2479 3294 πανταχοῦ.

2251 3315 2321 3369 Τὸ
2353 3314 2548 3381 τέλος⁹
2584 3316 2701 3386 ήτοι
2724 3316 2758 3386 ή
2787 3314 2887 3384 τῆς
2925 3312 3281 3385 Ἰερουσαλήμ
3304 3314 3528 3381 ἅλωσις,
3562 3314 3747 3384 φησὶν,

2176 3407 2290 3461 ἀλλ’
2316 3408 2415 3478 οὐχ
2444 3409 2475 3478 ἡ
2504 3407 2596 3461 τοῦ
2629 3409 2839 3477 κόσμου
2876 3408 3181 3461 συντέλεια.

2244 3502 2310 3555 Τί
2347 3504 2496 3555 ἐστιν
2518 3503 2600 3568 το,
2632 3502 2950 3571 Βδέλυγμα
2975 3499 3085 3569 τῆς
3114 3500 3497 3570 ἐρημώσεως;
3534 3502 3640 3555 Τδν
3660 3502 3747 3556 dv-

2174 3596 2402 3665 δριάντα
2424 3594 2574 3664 λέγει
2604 3595 2764 3649 Τίτου
2790 3595 2883 3649 τοῦ
2924 3595 3139 3659 ἑλόντος
3164 3595 3265 3666 τὴν
3298 3595 3475 3658 πόλιν,
3501 3595 3560 3658 ὃς
3614 3597 3747 3665 μετὰ

2175 3687 2237 3740 τὸ
2268 3688 2459 3741 λαϐεῖν
2492 3688 2592 3758 τήν
2661 3687 3017 3758 Ἰερουσαλὴμ
3047 3688 3274 3758 ἔστησεν
3312 3688 3375 3740 τὸ
3408 3687 3624 3741 εἴδωλον
3656 3689 3747 3742 αύο
3774 3721 3778 3724 ~

2174 3779 2292 3834 τοῦ.
2320 3778 2640 3848 Βδέλυγμα
2696 3778 2753 3831 δὲ
2787 3778 3164 3847 ἐρημώσεως,
3201 3778 3292 3830 τὸν
3330 3777 3627 3847 ἀνδριάντα
3657 3778 3748 3829 τοῦ

2175 3871 2296 3925 τότε
2328 3872 2541 3936 ἑλόντος
2565 3872 2665 3941 τὴν
2691 3870 2846 3924 πόλιν
2868 3870 3020 3939 λέγει
3045 3886 3059 3900 ο
3110 3870 3464 3939 ἐρημώσεως
3517 3871 3579 3924 δὲ
3620 3871 3748 3925 αὐτὸ

2176 3960 2350 4029 λέγει,
2381 3961 2458 4026 ὼς
2488 3961 2851 4034 ὲρημώσαντα
2881 3961 2981 4033 τὴν
3022 3959 3176 4013 πόλιν
3205 3960 3297 4014 καὶ
3324 3961 3417 4014 τὸν
3456 3962 3605 4015 ναόν.

2248 4054 2312 4109 Τί
2345 4055 2490 4108 ἔστιν
2536 4055 2617 4121 τὸ,
2646 4053 2923 4119 Εὐξασθε
2959 4052 3045 4122 μὴ
3076 4054 3319 4122 γένηται
3361 4055 3399 4122 ἡ
3467 4054 3631 4123 φυγὴ
3685 4054 3748 4107 ἐν

2177 4148 2419 4219 χειμῶνι
2470 4147 2570 4201 καί
2633 4147 2709 4201 ἐν
2759 4146 3074 4217 Σαὸὄάτφ;
3128 4149 3217 4201 Ἐν
3265 4147 3521 4218 χειμῶνι,
3580 4147 3668 4201 διὰ
3696 4148 3747 4200 τὶ

2179 4243 2436 4296 δύσκολον
2464 4243 2564 4313 τῆς
2589 4242 2797 4313 φυγῆς·
2832 4243 2889 4295 ιν
2924 4243 3214 4315 Σαϐϐάτῳ,
3239 4242 3327 4297 διὰ
3359 4242 3453 4296 τὸν
3478 4242 3749 4297 κωλύοντα

2178 4335 2340 4403 νόμον
2370 4333 2576 4387 ὁδεύειν
2608 4337 2675 4405 τῇ
2704 4334 2889 4406 ἡμέρᾳ
2909 4334 3105 4406 ταύτῃ.

2250 4425 2314 4476 Τί
2363 4427 2511 4478 ἐστιν
2549 4427 2632 4491 τὸ,
2677 4427 2748 4479 El
2794 4424 2881 4496 μὴ
2933 4426 3396 4495 ἐκολοϐώθησαν
3434 4429 3495 4482 ai
3546 4426 3751 4496 ἡμέραι

2176 4515 2438 4579 ἐκεῖναι;
2474 4517 2536 4569 Ei
2574 4517 2667 4571 ἐπὶ
2691 4516 2875 4580 πλέον,
2911 4520 3098 4588 φησὶν,
3130 4519 3433 4588 ἐκράτησεν
3468 4520 3497 4572 ὁ
3520 4519 3747 4589 πόλεμος

494 4614 687 4659 contra
753 4607 1052 4673 civitatem,
1106 4624 1297 4666 omnes
1355 4611 1643 4679 periissem
1689 4610 1883 4667 Judaei.
1961 4612 2066 4667 Sed

2180 4608 2288 4661 τῶν
2333 4609 2623 4680 Ῥωμαίων
2678 4610 2707 4662 ὁ
2762 4608 2906 4663 κατὰ
2950 4610 3052 4679 τῆς
3113 4612 3345 4676 πόλεως,
3407 4610 3653 4673 ἅπαντες
3690 4610 3749 4663 ἂν

492 4708 711 4766 propter
740 4700 942 4754 electos
976 4701 1373 4757 breviabuntur
1415 4703 1531 4757 dies
1556 4703 1671 4770 illi;
1717 4706 1921 4759 electos
1947 4704 2080 4759 dicit

496 4789 588 4859 qui
636 4790 749 4859 jam
804 4793 973 4860 gratia
1032 4794 1401 4849 crediderant.
1459 4795 1570 4848 Cur
1638 4795 1706 4851 de
1769 4794 2076 4852 Jerusalem

489 4884 889 4953 expugnatione
916 4900 1024 4939 non
1070 4885 1321 4955 loquitur
1371 4884 1648 4944 Joannes?
1701 4886 1779 4943 Ne
1824 4888 2079 4945 videatur

491 4974 819 5041 quibusdam
871 4992 936 5029 ex
994 4975 1223 5031 historia
1276 4978 1559 5046 scripsisse
1607 4980 1711 5035 ista
1743 4988 1840 5035 aut
1878 4996 2080 5037 exau-

492 5065 628 5118 ditn.
679 5066 821 5120 Vixit
858 5068 1002 5121 enim
1036 5069 1223 5124 multis
1275 5072 1467 5135 anuis;
1494 5071 1587 5125 sed
1620 5073 1713 5141 qui
1752 5081 1878 5128 ante
1903 5088 2077 5143 expu-

493 5160 802 5228 gnationem
829 5160 1026 5214 mortui
1055 5169 1232 5227 erant,
1273 5178 1395 5232 qua:
1434 5162 1535 5232 ipsi
1559 5178 1591 5218 a
1639 5162 1858 5221 Christo
1889 5167 2079 5223 audie-

496 5260 641 5315 rant,
669 5251 1036 5320 scripserunt.

579 5432 736 5488 Vens.
765 5434 857 5488 εδ.
883 5430 1153 5499 Quoniam
1186 5432 1323 5489 duas
1351 5435 1803 5508 interrogationes
1829 5441 2076 5510 protule-

502 5533 625 5577 rant
654 5524 719 5577 ad
754 5523 1031 5578 Christum
1060 5522 1337 5594 discipuli,
1390 5543 1552 5582 unam
1601 5530 1669 5585 de
1727 5546 2078 5588 consumma-

502 5616 649 5670 tione
674 5614 1002 5679 Jerusalem,
1042 5615 1267 5671 alteram
1303 5619 1367 5673 de
1388 5621 1493 5675 {ine
1526 5622 1735 5685 mundi,
1787 5634 2073 5695 postquam

497 5709 566 5762 de
612 5706 910 5761 Jerusalem
969 5708 1342 5766 destructione
1395 5722 1447 5768 et
1499 5714 1861 5783 praecedentia
1920 5717 2077 5788 signa

501 5799 775 5868 patefecit,
806 5809 861 5854 et
890 5817 1008 5871 qua:
1033 5803 1400 5859 calamitatem
1426 5807 1835 5863 comitabuntur
1860 5813 2077 5867 etcala-

502 5893 705 5950 initatis
731 5894 1173 5961 immensitatcm,
1199 5906 1253 5953 et
1294 5895 1387 5954 Dei
1427 5908 1547 5967 post
1576 5900 1943 5956 calamitatem
1974 5903 2069 5959 be-

2182 4701 2461 4755 ἀπώλοντο
2501 4701 2767 4756 Ἰουδαῖοι.
2793 4703 2890 4757 Διὰ
2923 4702 2980 4756 δὲ
3004 4704 3131 4766 τοὺς
3160 4702 3453 4767 ἐκλεκτοὺς
3493 4702 3735 4757 ὲκολοὸώ

2182 4792 2354 4856 θησαν
2375 4793 2431 4846 oti
2461 4792 2670 4864 ἡμέραι
2718 4794 2965 4848 ἐκεῖναι·
3021 4793 3314 4858 ἐκλεκτοὺς
3336 4794 3484 4863 λέγει
3531 4794 3660 4858 τοὺς
3691 4797 3749 4863 τῇ

2180 4883 2363 4955 χάριτι
2398 4884 2498 4955 ήδη
2537 4883 2958 4948 πιστεύσαντας.
2988 4885 3087 4938 Διά
3109 4884 3162 4937 τί
3190 4884 3321 4953 περὶ
3365 4884 3465 4954 τῆς
3497 4884 3748 4948 ἁλώσεως

2190 4976 2550 5048 Ἰερουσαλήμ
2577 4978 2639 5030 οὐ
2662 4977 2810 5045 λέγει
2848 4977 3141 5048 ’1ωάννης;
3183 4978 3304 5032 ’Ἱνα
3338 4977 3416 5048 μὴ
3450 4977 3579 5049 δόξῃ
3613 4977 3748 5029 τισὶν

2179 5070 2287 5123 ἀπὸ
2311 5070 2408 5140 τῆς
2446 5070 2686 5139 ίστορίας
2712 5070 3047 5139 γεγραφέναι
3073 5070 3247 5124 ταῦτα
3287 5069 3320 5141 ἢ
3357 5069 3433 5132 ὡς
3470 5068 3712 5131 ἀκούσας
3737 5084 3750 5099 °

2180 5160 2340 5229 ἔζησε
2394 5160 2502 5231 γάρ
2543 5159 2707 5229 μέχρι
2736 5160 2956 5214 πολλοῦ.
3025 5160 3191 5215 Ἀλλά
3240 5161 3290 5214 oi
3340 5162 3448 5231 πρὸ
3476 5161 3579 5229 τῆς
3616 5161 3749 5213 ἁλώσ

2182 5271 2318 5317 σεως
2362 5252 2803 5323 τελευτήσαντες,
2837 5253 2981 5306 αὐτοὶ
3018 5252 3055 5307 ἃ
3108 5253 3349 5325 ήκουσαν
3402 5252 3470 5305 ὲκ
3513 5249 3749 5322 Χριστοῦ

2179 5343 2544 5414 γεγράφασιν.

2262 5436 2482 5508 Ἐπειδὴ
2503 5436 2596 5491 δύο
2643 5438 2945 5507 ἐρωτήσεις
2989 5438 3374 5508 προσήνεγκαν
3417 5437 3467 5491 oi
3515 5437 3751 5508 μαθηται

2176 5529 2256 5601 τῷ
2284 5531 2527 5603 Χριστῷ,
2571 5531 2703 5603 μίαν
2736 5532 2865 5602 περὶ
2893 5534 2991 5601 τῆς
3024 5532 3339 5593 συντελείας
3372 5532 3480 5584 τῶν
3525 5531 3741 5603 Ἰεροσο

2177 5624 2386 5694 λύμων,
2410 5625 2506 5677 καὶ
2530 5625 2723 5693 ἑτέραν
2759 5626 2887 5693 περὶ
2914 5625 3014 5695 τῆς
3056 5624 3366 5688 συντελείας
3393 5625 3490 5678 τοῦ
3524 5626 3755 5695 κόσμου,

2178 5716 2348 5771 εἰπὼν
2374 5717 2625 5789 περὶτῆς
2648 5717 2753 5771 τῶν
2794 5716 3182 5787 Ἰεροσολύμων
3223 5718 3292 5771 τά
3334 5735 3393 5771 τε
3445 5718 3751 5788 προάγοντα

2181 5810 2405 5878 σημεῖα,
2437 5807 2534 5861 καὶ
2570 5808 2636 5861 τά
2669 5810 2728 5861 ὲν
2759 5807 2909 5879 αὐτῷ
2934 5807 3015 5879 τῷ
3046 5808 3228 5875 πάθει,
3274 5809 3367 5862 καὶ
3393 5808 3492 5879 τὴν
3526 5807 3735 5879 ὑπερὸο

2180 5899 2277 5974 λὴν
2306 5900 2398 5955 τοῦ
2431 5902 2652 5966 πάθους,
2688 5900 2783 5955 καὶ
2805 5898 2902 5972 τὴν
2929 5899 3067 5971 μετὰ
3087 5900 3144 5955 τὸ
3174 5899 3341 5965 πάθος
3366 5900 3461 5954 ἐπὶ
3498 5902 3566 5972 τῇ
3598 5900 3740 5953 κολα
