4026 6582
298 326 434 391 1153
1281 328 1605 390 SCIIOLIA
1647 327 1945 389 VETERA
1986 325 2068 386 IN
2109 325 2577 386 MATTH/EUM.
3393 329 3532 390 1154

292 441 460 493 δώσει
486 436 595 491 τῶν
621 437 840 509 ἡμερῶν
868 439 1092 494 ἐκείνων
1123 441 1536 513 φιλανθρωπίαν
1571 440 1666 494 τοῦ
1696 440 1850 505 Θεοῦ,

1961 438 2321 493 nevolentiam
2360 439 2412 493 in
2451 435 2744 492 breviamlo
2760 436 2876 492 dies
2906 437 3048 504 illos,
3068 453 3213 493 nunc
3240 443 3434 496 transit
3463 439 3529 496 ad

292 529 388 583 νῦν
421 527 733 599 μεταϐαίνει
770 529 863 582 καὶ
889 531 978 582 ἐπὶ
1013 531 1110 600 τὴν
1140 531 1232 584 τοῦ
1271 533 1476 600 κόσμου
1515 532 1850 583 συντέλειαν⁴

1961 532 2148 586 nmndi
2170 533 2350 585 linem.
2375 533 2486 586 Vox
2504 539 2684 584 autem
2718 531 2945 584 illatunc
2965 547 3069 585 non
3101 532 3371 600 signiﬁcat
3408 545 3532 604 post

291 622 351 674 τὸ
373 621 451 683 δὲ,
485 622 640 688 τότε,
667 620 768 672 οὐκ
803 620 948 672 ἔστιν
971 621 1302 690 ἐμφαντικὸν
1341 621 1434 674 τοῦ
1467 624 1606 691 μετὰ
1649 624 1731 687 τὸ,
1770 624 1850 676 εὑ-

1961 623 2065 677 lioc
2091 624 2299 686 statim,
2333 622 2619 676 sedsolum
2669 622 2872 677 indicat
2931 633 3146 692 tempus
3203 625 3355 690 illud,
3421 643 3531 695 qno

293 715 452 780 θέως,
482 715 616 769 ἀλλὰ
651 715 810 784 μόνον
833 714 1026 784 καιροῦ
1067 715 1478 785 παραστατικόν
1520 717 1668 768 ἐστιν
1717 717 1850 768 ὲκεί-

1960 713 2046 766 illa
2076 729 2194 783 qua:
2221 714 2470 767 dicturus
2509 723 2590 768 est
2619 713 2814 767 debent
2840 714 2953 766 ﬁeri
2979 732 2992 769 :
3021 725 3074 769 et
3102 715 3190 770 illa
3212 717 3410 787 saepius
3435 733 3531 771 usa

292 824 404 871 νου,
442 807 563 861 καθ’
600 807 658 860 ὃν
711 806 780 858 τὰ
823 806 1172 876 ῥηθησόμενα
1216 805 1403 876 μέλλει
1448 806 1724 874 γίνεσθαι“
1761 805 1850 858 καὶ

1956 813 2040 859 est
2082 803 2477 886 signiﬁcatione
2501 802 2776 874 Evangelii
2805 805 3110 874 Scriptura.

289 902 465 973 τούτῳ
495 902 758 972 κέχρηται
778 900 1037 965 πολλάκις
1065 899 1142 971 τῷ
1172 899 1423 970 ἰδιώματι
1447 901 1480 971 ἡ
1503 899 1594 952 τοῦ
1613 899 1857 968 Εὑαγγε-

291 994 404 1045 λίου
436 994 646 1064 Γραφή.

365 1085 664 1155 Ιῖληρὼσας
722 1085 849 1155 περὶ
894 1084 1002 1138 τῶν
1046 1082 1456 1153 Ἱεροσολύμων,
1483 1081 1563 1144 είς
1600 1080 1697 1149 τὴν
1727 1081 1850 1132 ἑαυ-

2027 1081 2161 1134 Cum
2186 1081 2539 1152 compleverit
2576 1098 2698 1153 qua:
2721 1083 2788 1138 de
2843 1082 3218 1156 Jcrosolymis,
3252 1087 3318 1140 ad
3368 1103 3529 1142 suum

289 1175 383 1229 τοῦ
413 1175 677 1228 διαϐαίνει
727 1175 985 1242 δευτέραν
1039 1174 1362 1246 παρουσίαν,
1401 1175 1493 1227 καὶ
1542 1172 1692 1239 λέγει
1744 1174 1850 1234 τοῖς

1955 1175 2151 1227 transit
2167 1176 2465 1228 secundum
2483 1175 2798 1241 adventum,
2823 1178 3020 1231 etdicit
3039 1179 3322 1248 discipulis
3351 1179 3527 1248 signa.

293 1267 562 1337 μαθηταῖς
607 1268 674 1319 τὰ
706 1269 946 1337 σημεῖα·
993 1262 1130 1328 εἶτα,
1172 1267 1328 1330 Τότε,
1385 1266 1571 1335 φησὶν,
1601 1263 1711 1318 ἐάν
1768 1281 1850 1329 τις

1957 1265 2181 1330 Deinde,
2236 1265 2401 1330 Tunc,
2433 1267 2630 1336 inquit,
2679 1269 2724 1321 si
2756 1270 2872 1338 quis
2909 1271 3048 1322 vobis
3074 1272 3267 1324 dixerit
3291 1273 3427 1335 ,Hic
3453 1283 3528 1324 est

288 1360 450 1427 εἴπῃ,
483 1353 622 1412 Ὧδε
675 1361 708 1411 ό
768 1359 1040 1425 Χριστὸς,
1087 1358 1174 1426 μὴ
1230 1359 1616 1423 πιστεύσητε.
1655 1357 1728 1408 Τὸ
1774 1357 1850 1419 δὲ,

1954 1357 2218 1424 Christus,
2249 1358 2412 1410 nolite
2447 1340 2677 1422 credere,
2712 1358 2800 1411 Illa
2822 1375 2940 1424 lvox
2983 1368 3125 1426 tunc,
3156 1377 3262 1415 non
3320 1371 3533 1430 tempus

289 1452 441 1515 τότε,
479 1453 538 1505 οῦ
574 1452 670 1521 τῆς
700 1450 1021 1514 ἀκολουθίας
1061 1451 1178 1503 ἐστὶ
1215 1449 1308 1502 τοῦ
1348 1448 1562 1518 καιροῦ,
1616 1448 1752 1500 ἀλλὰ
1785 1448 1850 1500 τὰ

1952 1451 2203 1518 proxime
2234 1464 2468 1518 sequens
2499 1451 2776 1518 exprimit,
2807 1451 2898 1504 sed
2942 1452 3285 1506 solummodo
3317 1463 3529 1521 tempus

287 1545 379 1596 τοῦ
406 1544 524 1596 τότε
557 1541 747 1613 καιροῦ
774 1544 928 1612 μόνα·
952 1543 1084 1594 ὅπου
1115 1543 1220 1612 γὰρ
1254 1541 1577 1595 ἀκολουθίαν
1601 1540 1850 1592 ἐϐούλετο

1950 1541 2092 1609 quod
2125 1551 2309 1610 postea
2364 1551 2494 1596 tunc
2532 1543 2828 1610 continget.
2863 1542 2997 1596 Nam
3035 1545 3126 1598 ubi
3156 1553 3366 1614 tempus
3400 1561 3528 1614 pro-

287 1636 466 1688 είπεῖν
527 1634 606 1698 τὸ,
660 1634 881 1698 εὐθέως,
923 1632 1091 1700 λέγει·
1123 1631 1358 1685 ἐνταῦθα
1413 1632 1469 1685 δὲ
1503 1633 1600 1702 οὐχ
1655 1631 1848 1694 οὕτως,

1951 1635 2094 1689 xime
2150 1649 2408 1702 sequens
2441 1635 2552 1688 vult
2632 1634 2967 1704 signiﬁcare,
2991 1636 3171 1689 statim
3208 1646 3395 1701 sonat;
3444 1637 3530 1690 liic

284 1727 420 1780 ἀλλὰ
449 1726 527 1789 τὸ,
556 1726 708 1780 τότε.
733 1724 890 1780 Οὕτω
916 1725 1010 1779 καὶ
1053 1724 1129 1777 ὅτ’
1162 1723 1226 1777 ἂν
1253 1723 1405 1795 λέγῃ·
1453 1726 1556 1778 Ἐν
1593 1723 1850 1788 ἐκείναις

1952 1732 2134 1778 autem
2170 1738 2277 1778 non
2309 1724 2403 1787 ita,
2442 1723 2534 1778 sed
2567 1734 2688 1776 tunc
2721 1724 2898 1779 habet.
2937 1724 3027 1778 Sic
3052 1740 3271 1796 quoque
3294 1727 3400 1780 dici
3434 1741 3530 1795 po-

283 1821 412 1886 ταῖς
472 1819 720 1889 ἡμέραις
780 1821 1166 1889 παραγίνεται
1233 1818 1523 1884 Ἰωάννης·
1566 1816 1744 1870 καίτοι
1790 1833 1850 1883 γε

1959 1823 2097 1869 test:
2143 1813 2207 1868 In
2238 1815 2348 1868 illis
2405 1815 2719 1882 temporibus
2761 1816 2896 1868 venit
2954 1814 3227 1879 Joannes;
3289 1826 3528 1870 attamen

287 1915 488 1985 μεταξὺ
516 1914 737 1983 γέγονεν
769 1915 886 1980 ἐτη·
915 1909 1028 1963 ἀλλ’
1058 1909 1178 1971 ἔθος
1206 1910 1271 1978 τῇ
1305 1907 1494 1977 Γραφῇ
1546 1904 1720 1975 τούτῳ
1757 1922 1849 1958 κε-

1956 1908 2162 1962 interea
2200 1907 2327 1961 anni
2367 1907 2735 1962 eﬂluxerant:
2798 1909 2890 1961 scd
2927 1923 3053 1962 mox
3105 1917 3190 1962 est
3219 1908 3523 1976 Scripturae

283 2007 516 2078 Χρῆσθαι
567 2007 663 2076 τῆς
694 2004 932 2076 ἱστορίας
985 2001 1064 2072 τῷ
1093 2001 1301 2072 τρόπῳ.
1335 1998 1487 2051 Οῦτω
1516 1997 1580 2068 δὴ
1617 1999 1712 2051 καὶ
1761 1999 1850 2049 ὲν-

281 2100 475 2164 ταῦθα,
500 2101 590 2152 τον
629 2098 789 2168 μέσον
814 2097 1030 2150 ἅπαντα
1057 2095 1248 2165 χρόνον
1288 2091 1578 2162 παρελθὼν
1601 2091 1709 2144 ἀπὸ
1748 2092 1848 2161 τῆς

283 2191 535 2252 ἁλώσεως
562 2188 668 2241 τῶν
710 2185 1098 2258 Ἱεροσολύμων
1133 2185 1236 2246 ἕως
1266 2182 1374 2235 τῶν
1406 2182 1710 2251 προοιμίων
1746 2181 1848 2251 τῆς

284 2283 592 2345 συντελείας
640 2280 734 2334 τοῦ
773 2278 1084 2348 σύμπαντος
1117 2279 1322 2346 κόσμου
1354 2275 1527 2342 λέγει,
1563 2274 1698 2326 Τότε
1741 2271 1850 2326 ἐάν

280 2394 372 2443 τις
396 2375 535 2444 ὑμῖν
554 2375 715 2442 εἴπῃ,
742 2373 832 2427 ὅτι
857 2367 999 2426 Ὧδε
1026 2373 1058 2423 ὀ
1083 2369 1360 2436 Χριστός.

353 2471 473 2534 Πῶς
499 2470 718 2540 νοητέον
742 2469 823 2532 τὸ,
855 2468 1041 2520 Ὅπου
1081 2464 1148 2517 τὸ
1187 2462 1414 2531 πτῶμα,
1445 2461 1573 2514 ἐκεῖ
1597 2464 1649 2515 οι
1687 2460 1847 2516 ἀετοί

280 2560 774 2628 συναχθήσονται
799 2575 816 2617 ;
843 2555 1012 2609 Τοῦτό
1039 2556 1206 2615 ἐστιν,
1231 2553 1291 2604 τὸ
1323 2553 1528 2621 πλῆθος
1551 2551 1658 2603 τῶν
1678 2550 1848 2618 ἀγγέ-

280 2654 387 2706 λὼν
422 2651 514 2704 καὶ
548 2649 654 2702 τῶν
681 2646 970 2718 μαρτύρων
1001 2645 1093 2698 καὶ
1127 2643 1234 2698 τῶν
1264 2643 1438 2711 ἁγίων
1465 2643 1682 2697 πάντων
1711 2640 1848 2710 μετὰ

279 2740 518 2812 Χριστοῦ
547 2739 958 2810 εὑρεθήσονται.

354 2832 588 2897 Εὐθέως
619 2829 686 2882 δὲ
729 2828 879 2898 μετὰ
907 2827 1021 2895 τὴν
1060 2827 1270 2894 θλίψιν
1298 2825 1416 2878 τῶν
1445 2822 1680 2892 ἡμερῶν
1700 2821 1848 2876 ἐκεί-

281 2943 425 2992 νων,
446 2927 478 2978 ὀ
504 2923 678 2992 ἣλιος
695 2918 1257 2990 μεταστραφήσεται
1286 2919 1371 2982 εἰς
1396 2913 1558 2985 αἷμα.
1590 2915 1728 2968 Πότε
1757 2914 1849 2967 λέ-

279 3037 404 3090 γει;
456 3016 609 3074 Μετὰ
653 3014 750 3086 τὴν
797 3013 892 3067 τοῦ
957 3012 1324 3082 Ἀντιχρίστου
1385 3009 1618 3062 ἐλευσιν.
1659 3005 1767 3060 Καὶ
1815 3007 1848 3058 ό

283 3114 456 3182 ἣλιος
490 3109 977 3175 σκοτισθήσεται·
1030 3107 1130 3159 οὐκ
1158 3103 1572 3173 ἀφανιζόμενος,
1612 3100 1744 3155 ἀλλὰ
1768 3116 1848 3151 νι-

282 3207 526 3277 κώμενος
547 3203 625 3276 τῷ
640 3202 780 3272 φωτὶ
793 3201 889 3270 τῆς
917 3199 1216 3270 παρουσίας
1248 3196 1435 3251 αὑτοῦ.
1469 3195 1546 3249 Τὰ
1568 3193 1636 3247 δὲ
1657 3193 1848 3260 ἄστρα

283 3298 572 3360 πεσεῖται,
631 3295 714 3349 ὅτι
763 3294 864 3346 οὐκ
900 3291 1050 3344 ἔσται
1099 3289 1276 3343 αὐτῶν
1321 3286 1480 3358 χρεία
1527 3283 1718 3348 νυκτὸς
1749 3283 1848 3338 οὐκ

282 3389 470 3461 οὔσης·
497 3388 531 3459 ἢ
567 3387 765 3459 μᾶλλον
789 3385 849 3438 οὐ
901 3385 1171 3446 πεσεῖται,
1201 3379 1337 3433 ἀλλὰ
1377 3377 1454 3448 τῷ
1485 3376 1627 3444 φωτὶ
1668 3377 1850 3445 ἀμαυ-

285 3483 617 3555 ρωθήσεται,
649 3480 725 3543 ὡς
763 3476 1004 3548 νομίζειν
1041 3476 1247 3537 πεσεῖν,
1276 3469 1460 3532 καθὼς
1499 3469 1591 3523 καλ⁵
1618 3469 1646 3521 ό
1675 3467 1846 3538 ἥλιος.

354 3576 489 3644 [Ιερλ⁵
529 3573 683 3627 ποίου
726 3569 953 3641 σημείου
1003 3567 1172 3634 λέγει,
1224 3566 1305 3618 ὅτι
1344 3563 1643 3633 φανήσεται
1685 3562 1743 3613 ὲν
1772 3558 1849 3630 τῷ

281 3667 495 3742 οὐρανῷ
523 3684 538 3733 ;
573 3665 707 3735 napi.
735 3661 830 3716 τοῦ
871 3658 1127 3730 σταυροῦ·
1166 3659 1308 3713 ὥστε
1333 3654 1427 3710 τοῦ
1454 3655 1604 3725 ἡλίου
1629 3651 1852 3721 φαιδρό-

283 3778 437 3832 τερος
471 3758 621 3811 ἑσται
645 3772 660 3788 ·
698 3756 997 3825 φανήσεται
1029 3749 1087 3805 δὲ
1115 3749 1212 3821 τὴν
1241 3749 1350 3802 τῶν
1411 3745 1678 3800 Ἰουδαίων
1730 3744 1852 3797 ἐπι-

283 3850 554 3920 στομίζων
583 3847 787 3903 ἄνοιαν.

363 3941 773 3997 Ἀναστάντων
823 3934 1240 3999 συλλέξουσιν
1297 3933 1539 4003 ἄγγελοι
1566 3947 1580 3962 ⁸
1620 3926 1847 3984 συλλέ-

285 4051 499 4108 τοντας
523 4033 590 4086 δὲ
617 4029 862 4099 νεφέλαι
886 4025 1285 4094 ἁρπάξουσιν.

355 4129 488 4198 Περὶ
524 4123 682 4186 ποίας
714 4122 907 4192 γενεᾶς
937 4116 1111 4180 εἶπεν,
1151 4117 1232 4169 ὅτι
1268 4117 1350 4168 Οὐ
1367 4113 1453 4183 μὴ
1497 4112 1766 4181 παρέλθῃ
1810 4111 1848 4178 ή

281 4221 457 4292 γενεὰ
506 4218 679 4283 αὕτη,
708 4215 821 4278 ἕως
878 4211 954 4267 ἂν
995 4209 1189 4264 πάντα
1238 4208 1426 4262 ταῦτα
1463 4204 1736 4273 Territat;
1773 4203 1847 4258 Οὐ

285 4313 410 4384 περὶ
441 4314 539 4382 τῆς
570 4309 692 4362 τότε
719 4307 911 4375 γενεᾶς
944 4304 1120 4358 ταῦτα
1163 4302 1336 4370 λέγει,
1393 4300 1527 4354 ἀλλὰ
1582 4299 1712 4368 περὶ
1753 4300 1852 4369 τῆς

282 4407 389 4461 τῶν
428 4401 655 4457 πιστῶν.
679 4395 830 4453 Οἶδεν
870 4397 981 4468 γὰρ
1035 4394 1228 4464 γενεὰν
1281 4395 1381 4446 οὐκ
1431 4393 1540 4446 ἀπὸ
1593 4394 1696 4463 τῆς
1743 4389 1852 4444 τῶν

1954 1999 2031 2052 uti
2061 2000 2165 2052 hac
2219 1999 2546 2052 narrationis
2601 1998 2791 2052 forma.
2845 1999 2920 2052 Ita
2943 1999 3015 2052 ibi
3062 1999 3224 2053 etiam
3273 1998 3528 2054 omittens

1953 2105 2115 2143 omne
2156 2099 2373 2159 tempus
2395 2089 2462 2142 ab
2480 2089 2879 2159 expugnatione
2911 2089 3213 2146 Jerusalem
3253 2108 3427 2161 usque
3442 2094 3525 2152 tad

1952 2179 2106 2235 initia
2178 2181 2670 2236 consummationis
2745 2182 2983 2237 universi
3044 2184 3269 2250 mundi,
3354 2185 3526 2240 dicit:

1956 2272 2121 2339 Tunc,
2150 2277 2195 2327 si
2212 2274 2328 2344 quis
2362 2275 2508 2328 nobis
2539 2275 2772 2328 dixerit:
2800 2274 2901 2330 llic
2933 2285 3008 2329 est
3040 2278 3305 2333 Christus.

2031 2456 2198 2512 Vens.
2235 2456 2323 2510 28.
2385 2456 2670 2524 Quomodo
2730 2457 3175 2527 intelligendum;
3229 2458 3330 2512 Ubi
3371 2459 3534 2527 fuerit

1951 2566 2161 2619 corpus,
2196 2550 2308 2603 illic
2339 2551 2798 2620 congregabantur
2827 2559 2874 2603 et
2915 2550 3146 2619 aquilw?
3179 2551 3234 2604 ld
3268 2561 3368 2616 est,
3395 2552 3534 2604 mul-

1951 2645 2125 2699 titudo
2193 2645 2508 2715 angelorum
2563 2654 2616 2700 et
2697 2646 2944 2700 omnium
3019 2657 3332 2701 sanctorum
3402 2662 3526 2701 cum

1950 2738 2167 2794 Christo
2182 2738 2546 2792 invenientur.

2027 2830 2187 2884 Vens.
2235 2829 2325 2882 ἓξ).
2368 2828 2567 2882 Statim
2601 2839 2776 2882 autem
2817 2841 2939 2899 post
2991 2831 3388 2886 tribulationem
3415 2833 3525 2886 dte-

1951 2938 2069 2974 runt
2137 2921 2372 2984 illorum,
2419 2920 2500 2972 sol
2559 2929 2889 2974 connertetur
2932 2923 3337 2990 insanguinem;
3391 2926 3529 2992 forte

1950 3015 2078 3067 dicit
2099 3022 2216 3080 post
2244 3012 2567 3066 Antecltristi
2593 3013 2896 3066 adventum.
2925 3011 2993 3066 Et
3027 3014 3104 3065 sol
3135 3013 3529 3080 obseurabitur;

1893 3156 1917 3178 ,
1956 3122 2061 3161 non
2088 3105 2378 3160 invisibilis
2419 3105 2726 3169 factus,sed
2768 3112 3056 3174 superatus
3091 3106 3295 3160 lumine
3323 3106 3530 3161 adven-

1955 3209 2038 3255 tns
2072 3198 2298 3254 Christi.
2359 3198 2537 3253 Stellte
2605 3207 2780 3251 autem
2854 3199 3090 3262 cadent,
3121 3199 3247 3268 quia
3287 3215 3395 3254 non
3447 3202 3528 3255 eis

1957 3308 2097 3362 opus
2141 3293 2268 3358 erit,
2301 3306 2424 3346 cum
2459 3306 2564 3344 nox
2620 3305 2725 3343 non
2776 3289 2982 3354 aderit;
3038 3300 3132 3345 aut
3173 3292 3374 3360 potius,
3421 3308 3529 3346 non

1951 3388 2164 3451 cadent,
2222 3384 2312 3440 sed
2339 3384 2453 3439 luce
2479 3382 2974 3452 privabuntur,ita
3025 3392 3084 3438 ut
3132 3391 3390 3454 putentur
3441 3401 3533 3440 ca-

1951 3477 2096 3540 dere,
2123 3477 2266 3531 velut
2291 3475 2370 3530 sol
2398 3475 2531 3545 ipse.

1949 3584 1974 3628 ε
2024 3570 2191 3626 Vens.
2240 3571 2332 3626 ὅθ.
2372 3569 2449 3622 De
2513 3582 2624 3637 quo
2676 3568 2833 3638 signo
2875 3567 3007 3622 dicit
3049 3569 3193 3637 quod
3248 3571 3532 3640 apparebit

1951 3662 2007 3718 iu
2029 3661 2200 3716 cado?
2237 3660 2311 3715 De
2334 3675 2515 3726 cruce,
2541 3676 2666 3730 quae
2695 3661 2810 3715 sole
2835 3660 3169 3730 Splendidior
3190 3661 3328 3727 erit;
3363 3677 3531 3731 appa~

1952 3757 2094 3811 rebit
2141 3763 2318 3810 autem
2361 3754 2427 3809 ad
2470 3753 2904 3824 exprobrandam
2953 3753 3280 3809 'Judmorum
3351 3755 3532 3809 stulti-

1952 3847 2108 3901 tiam.

2024 3938 2188 3993 Vens.
2219 3937 2308 3992 5i.
2335 3936 2633 3991 Suscitatos
2655 3937 3041 4006 congregabunt
3069 3937 3264 4007 angeli,
3314 3953 3533 4007 congre-

1953 4037 2233 4098 gantesque
2257 4027 2414 4080 nubes
2437 4029 2695 4094 auferent.

2025 4120 2190 4173 Vens.
2221 4119 2312 4172 3i.
2359 4117 2433 4172 De
2458 4134 2565 4187 qua
2624 4119 2975 4188 generatione
3009 4120 3164 4186 dicit,
3201 4121 3370 4190 quoi,
3405 4121 3527 4175 Non

1952 4212 2238 4283 prateribit
2265 4211 2533 4280 generatio
2560 4210 2692 4274 Itwc,
2750 4210 2916 4264 donec
2975 4211 3154 4264 omnia
3185 4211 3323 4279 [lucc
3355 4211 3532 4278 ﬁant?

1953 4302 2070 4356 Non
2116 4303 2183 4356 de
2210 4301 2557 4372 generatione
2589 4309 2719 4354 tunc
2747 4301 2962 4354 vivente
3018 4299 3290 4369 illazdiclt,
3317 4303 3412 4356 sed
3463 4303 3531 4356 de

1956 4395 2300 4465 generatione
2351 4393 2710 4448 credentium.
2775 4391 2891 4446 Scit
2941 4393 3087 4447 enim
3124 4395 3529 4463 generationem

283 4499 489 4572 χρόνων
521 4491 862 4554 ἀκολουθίας,
899 4488 1014 4542 ἀλλ’
1046 4486 1154 4539 ἀπὸ
1177 4485 1275 4554 τῆς
1307 4483 1415 4536 τῶν
1461 4482 1679 4554 τρόπων
1710 4482 1841 4552 θρη-

1953 4499 2060 4538 non
2094 4499 2124 4537 a
2153 4484 2500 4539 successione
2529 4491 2858 4551 temporum,
2883 4487 2978 4538 sed
3007 4499 3036 4538 a
3074 4500 3286 4539 morum
3332 4485 3532 4555 pietate

285 4588 472 4650 σκείας
503 4582 944 4657 χαρακτηρίζειν.
980 4579 1114 4632 Ποία
1145 4577 1339 4646 γενεάς
1389 4575 1453 4629 Ἦ
1500 4575 1608 4629 τῶν
1644 4575 1850 4628 πιστῶν

281 4681 549 4752 δηλονότι.
577 4678 695 4730 Ἵνα
726 4675 835 4745 γὰρ
909 4671 984 4744 μή
1035 4688 1118 4734 τις
1165 4672 1294 4740 “an
1347 4669 1429 4721 ὅτι
1477 4666 1721 4737 σημείων
1758 4667 1851 4721 καὶ

281 4773 524 4844 τεράτων
549 4764 1034 4834 ἐπιδεικνυμένων,
1071 4761 1275 4823 πάντες
1304 4758 1425 4813 κατ’
1454 4761 1630 4812 ἐκεῖνο
1653 4758 1848 4829 καιροῦ

283 4862 748 4933 ἀπατηθήσονται,
788 4858 1097 4926 ἐπήγαγενο
1132 4855 1213 4906 Οὺ
1236 4851 1323 4921 μὴ
1377 4850 1648 4918 παρέλθῃ
1688 4851 1726 4917 ἠ
1757 4868 1851 4919 γε-

282 4957 411 5014 νεά·
440 4953 572 5015 οἷον,
615 4950 830 5012 Πολλοὶ,
861 4947 1050 5018 φησιν,
1089 4945 1272 4998 πιστοὶ
1317 4943 1412 4996 καί
1451 4941 1852 5014 ἀνεξαπάτητοι

283 5045 629 5117 διαμενοῦσιν
659 5042 751 5097 καὶ
783 5039 870 5093 ἐπ’
896 5037 1066 5107 αὐτῆς
1097 5035 1195 5106 τῆς
1231 5032 1540 5096 συντελείας
1567 5049 1580 5063 ·
1625 5033 1658 5104 ἢ
1691 5033 1853 5101 γενεὰ

282 5141 343 5192 τὸ
371 5135 714 5207 ἀνθρώπινον
739 5132 918 5200 γένος,
947 5128 1092 5181 τοῦτ’
1121 5128 1290 5193 ἔστιν,
1321 5127 1402 5179 ὅτι
1433 5126 1615 5180 Πάντα
1638 5126 1674 5180 ἃ.
1699 5125 1852 5180 εἷπον

285 5229 605 5298 ἐκϐήσεται,
647 5225 744 5277 καὶ
771 5223 966 5292 ὄψεται
994 5219 1134 5272 αὐτὰ
1155 5219 1216 5272 τὸ
1242 5215 1605 5288 ἀνθρώπινον.

357 5321 481 5384 ιιῶς
527 5321 728 5374 νοεῖται
759 5315 840 5380 τὸ,
883 5315 946 5367 '0
971 5313 1229 5380 οὐρανὸς
1260 5309 1359 5364 καί
1382 5309 1420 5376 ή
1451 5307 1524 5378 γῆ
1555 5310 1853 5378 παρελεύ-

283 5429 518 5478 σονται,
547 5413 600 5464 oi
620 5409 687 5463 δὲ
715 5409 885 5477 λόγοι
906 5422 1027 5476 μου
1049 5407 1122 5459 οὐ
1148 5402 1233 5473 μή
1258 5420 1278 5468 ;
1309 5400 1689 5472 Εὑκο).ὠτερον
1721 5401 1851 5471 γὰρ,

287 5506 474 5576 φησὶν,
523 5502 886 5572 ἀφανισθῆναι
935 5499 1004 5552 τὰ
1049 5498 1337 5567 πεπηγότα
1397 5494 1492 5548 καὶ
1531 5493 1786 5564 ἀκίνητα,
1817 5493 1853 5564 ἢ

285 5600 395 5653 τῶν
420 5601 442 5651 ὲ
453 5599 569 5668 μῶν
596 5614 649 5649 τι
682 5594 977 5650 διαπεσεῖν.
1395 5610 1399 5616 ·

361 5784 548 5841 Ἔστιν
590 5783 652 5838 τὸ
712 5781 914 5852 λέγειν,
964 5780 1066 5836 ὅτι.
1099 5779 1272 5835 Οἶδεν
1299 5777 1432 5848 περί
1479 5776 1588 5846 τῆς
1629 5775 1852 5846 ἡμέρας

1951 4586 2164 4632 notare.
2186 4577 2446 4643 Quaenam
2472 4575 2783 4646 generatio?
2813 4573 3163 4630 Credentinm
3191 4578 3310 4632 sine
3338 4578 3530 4633 dubio.

1951 4669 2165 4724 Etenim
2208 4683 2274 4724 ne
2320 4668 2444 4738 quis
2484 4667 2630 4721 dicat
2676 4681 2887 4731 omnes,
2930 4667 3104 4738 signis
3139 4676 3193 4721 et
3271 4670 3532 4738 prodigiis

1954 4761 2133 4825 iactis,
2160 4763 2262 4815 hoc
2289 4768 2528 4828 tempore
2546 4757 2895 4828 decipiendos
2938 4759 3076 4824 fore,
3108 4756 3312 4828 adjecit
3346 4779 3359 4814 ;
3406 4761 3530 4818 Non

1952 4854 2241 4923 prteteribit
2275 4852 2577 4922 generatio;
2608 4853 2988 4920 quasidiceret
3019 4869 3034 4905 :
3067 4853 3224 4906 multi
3249 4854 3533 4909 credentes

1952 4957 2006 5002 et
2047 4946 2117 5001 ab
2154 4960 2339 5000 errore
2378 4944 2492 5013 tuti:
2513 4944 2910 5013 permanebunt
2962 4945 3016 4998 in
3055 4947 3534 5001 consummatione

1955 5040 2104 5109 ipsa:
2137 5047 2231 5091 aut
2273 5037 2550 5105 generatio
2589 5037 2656 5089 de
2705 5036 2945 5090 humano
2997 5052 3195 5106 genere
3226 5039 3452 5104 dicitur,
3479 5039 3532 5107 id

1954 5142 2060 5197 est,
2101 5129 2286 5186 omnia
2318 5144 2438 5198 quae
2477 5127 2590 5182 dixi
2621 5128 2895 5192 evenient,
2929 5136 2984 5183 et
3015 5129 3301 5184 videbitea
3335 5130 3533 5186 huma-

1955 5240 2087 5279 num
2122 5239 2316 5295 genus.
2866 5224 2869 5227 ’

2026 5315 2192 5371 Vens.
2234 5313 2673 5379 55.-.-Quomodo
2700 5311 3016 5382 intelligitur
3047 5310 3282 5367 :Caelum
3312 5323 3360 5366 at
3394 5323 3534 5368 terra

1955 5406 2278 5471 transibunt,
2345 5405 2501 5459 rerba
2544 5413 2719 5458 autem
2769 5420 2888 5456 mea
2921 5420 3027 5456 non
3057 5403 3407 5458 transibunt?
3452 5405 3534 5459 fa-

1954 5499 2112 5554 cilius
2155 5497 2300 5551 enim
2340 5505 2446 5561 est,
2499 5494 2698 5564 inquit,
2734 5508 2764 5549 e
2807 5502 3101 5562 conspectu
3163 5494 3277 5547 tolli
3335 5493 3438 5547 fixa
3479 5503 3536 5548 et

1955 5588 2274 5644 immobilia.
2303 5597 2465 5656 quam
2503 5585 2706 5656 aliquid
2753 5599 3000 5639 meorum
3055 5583 3348 5637 verborum
3411 5583 3532 5637 l'ru-

1957 5681 2138 5737 strari.

2034 5772 2195 5830 Vens.
2225 5773 2313 5830 56.
2348 5772 2643 5830 Dicendum
2673 5781 2755 5828 est
2788 5791 2800 5826 :
2837 5769 2910 5826 De
2957 5770 3042 5823 die
3072 5769 3164 5825 illa
3222 5786 3370 5825 nemo
3408 5771 3533 5835 scit.
