4060 6624
499 337 637 404 1155

1204 334 1600 398 OPUSCULA
1642 333 2293 396 SCRIPTURISTICA
2325 333 2676 396 INCERT/E
2717 336 3028 398 ETATIS.

3617 327 3770 391 1156

496 455 856 530 regnandi
888 454 1162 518 caelorum,
1185 469 1352 523 neque
1385 452 1579 516 Filius,
1603 453 1707 506 nisi
1729 451 1874 506 solus
1897 449 2078 505 Pater.

2196 451 2423 519 ἐκείνης
2468 452 2613 507 οὐδὲ
2639 454 2695 506 οι
2741 452 2983 521 ἄγγελοι
3032 450 3151 504 τῶν
3192 447 3487 517 οὐρανῶν,
3541 447 3687 500 οὐδὲ
3735 448 3772 500 ὀ

490 550 732 606 Dicenda
789 546 1039 619 quidem,
1088 559 1265 616 neque
1293 543 1499 611 angeli,
1528 559 1593 599 os
1633 542 1951 613 comprimit
2012 556 2080 596 ne

2185 546 2319 613 Υίὸς
2337 548 2389 600 εί
2408 544 2493 616 μή
2522 548 2712 616 μόνος
2740 549 2773 601 ὁ
2812 548 3014 614 Πατήρ
3045 544 3165 598 ’διὰ
3198 543 3297 613 μὲν
3334 542 3395 596 τδ
3442 542 3620 609 λέγειν
3656 542 3767 607 ἀγ-

489 644 866 711 interrogent;
921 637 1157 693 dicendo
1210 652 1341 693 vero
1382 653 1545 708 neque
1578 634 1623 689 F
1626 636 1774 699 ilius,
1811 641 1957 689 vetat
2014 648 2082 687 ne

2196 638 2397 708 γέλους,
2429 638 2775 707 ἐπιστομίζει
2826 636 2922 690 τοῦ
2960 645 3034 708 μη
3070 638 3273 705 ζητεῖν·
3309 632 3397 687 διὰ
3447 633 3505 687 δέ
3560 632 3654 686 τοῦ
3688 631 3777 685 εἰ-

494 734 845 790 meditentur.
914 731 1043 787 ideo
1087 739 1216 801 post
1255 730 1719 786 resurrectionem
1756 727 1891 783 dicit
1948 726 2077 781 eis:

498 827 618 882 Non
652 836 728 881 est
754 836 985 881 oestrum
1032 840 1187 878 nasse
1248 837 1491 892 tempore
1523 829 1575 876 et
1626 828 1914 883 momenta,
1961 833 2081 888 qua:

498 921 848 991 Paterposuit
875 923 931 974 in
970 937 1069 975 sua
1095 928 1372 989 potestate.
1424 916 1547 972 Non
1605 916 1823 987 ignorat
1879 914 2082 985 igitur;

2185 733 2327 794 πείν,
2361 730 2505 786 οὐδὲ
2528 734 2560 785 ὀ
2603 731 2755 797 Υἱὸς,
2783 729 2982 784 κωλύει
3018 728 3154 800 μηδὲ
3200 730 3425 782 ἐννοεῖν.
3472 728 3574 781 Διὰ
3600 727 3777 781 τοῦτο

2190 824 2328 892 μετὰ
2352 824 2453 893 τὴν
2493 824 2791 877 ἀνάστασιν
2819 824 2970 891 λέγει
2996 823 3201 885 αὐτοῖς’
3238 822 3362 888 Οὐχ
3392 818 3560 889 ὑμῶν
3590 819 3780 873 ἐστιν

2188 916 2406 985 γνῶναι
2434 916 2693 985 χρόνους
2713 917 2751 985 ἢ
2780 914 3043 983 καιροὺς,
3063 915 3169 981 οὓς
3192 915 3263 967 ὲν
3280 912 3353 981 τῇ
3373 913 3491 981 ἰδίᾳ
3509 911 3780 978 ἐξουσίᾳ

495 1010 770 1080 quomodo
797 1010 942 1062 enim
976 1010 1252 1079 ignoraret
1286 1007 1375 1060 ille
1404 1020 1501 1075 per
1528 1020 1693 1073 quem
1717 1003 1905 1059 omnia
1938 1002 2082 1057 facta

2196 1008 2353 1065 ἔθετο
2405 1011 2441 1062 ὀ
2484 1008 2707 1077 Ποινή).
2758 1010 2872 1062 Οὐκ
2919 1008 3106 1076 ἀγνοεῖ
3136 1003 3249 1061 οὖν·
3308 1005 3424 1069 πῶς
3456 1004 3569 1074 γὰρ
3600 1004 3673 1058 δι’
3706 996 3776 1055 οὗ

496 1105 643 1161 sunt,
674 1096 767 1165 qui
826 1092 1111 1165 cognoscit
1172 1090 1413 1155 Patrem,
1453 1098 1507 1144 et
1538 1088 1805 1158 profunda
1863 1086 1980 1150 Dei,
2029 1096 2087 1142 et

499 1186 825 1240 abscondita
886 1182 1282 1253 quaesitorum?
1324 1180 1428 1236 Sed
1468 1179 1773 1235 arbitratur
1832 1177 1932 1232 hoc
1959 1190 2084 1232 esse

498 1281 607 1337 illis
635 1280 1007 1351 profuturum.

568 1373 733 1427 Vens.
766 1372 855 1425 40.
891 1370 1055 1432 Tunc,
1092 1369 1291 1439 inquit,
1333 1368 1438 1422 duo
1494 1376 1647 1423 erunt
1675 1368 1726 1421 in
1756 1366 1923 1438 lagro,
1950 1379 2084 1419 unus

497 1476 816 1529 assumatur,
848 1473 896 1518 et
952 1479 1086 1517 unus
1123 1462 1465 1533 relinquetur.
1508 1466 1673 1531 Ager,
1708 1460 1946 1513 mundus
1978 1464 2083 1523 est;

499 1575 642 1614 unus
674 1558 839 1629 igitur
880 1557 1143 1622 salvatur,
1176 1556 1317 1611 alter
1367 1570 1502 1611 vero
1562 1554 1619 1609 in
1672 1552 2083 1609 damnationem

498 1654 774 1716 mittitur;
821 1652 889 1707 de
952 1652 1170 1705 illorum
1225 1648 1630 1721 expugnatione
1663 1656 1718 1702 et
1771 1646 2089 1718 captivitate

499 1742 643 1798 istud
680 1742 835 1796 dicit.

2187 1100 2367 1156 πάντα
2413 1100 2652 1168 ἐγένετο,
2696 1099 2759 1166 ὃς
2808 1099 3072 1168 γινώσκει
3107 1100 3199 1152 τὸν
3252 1098 3493 1168 Πατέρα,
3548 1095 3645 1149 καὶ
3703 1094 3780 1148 τὰ

2190 1192 2331 1264 βάθη
2358 1193 2455 1248 τοῦ
2490 1192 2653 1260 Θεοῦ,
2678 1196 2775 1247 καὶ
2802 1194 2873 1249 τὰ
2899 1194 3121 1264 κρυπτὰ
3150 1193 3262 1246 τῶν
3316 1189 3738 1261 ἐξεταζομένων
3761 1204 3779 1255 ;

2189 1287 2307 1340 ἀλλ’
2330 1287 2548 1357 ἡγεῖται
2578 1288 2740 1342 τοῦτο
2776 1287 3065 1359 συμφέρον
3093 1287 3301 1351 αὐτοῖς.

2263 1380 2426 1445 Τότε,
2467 1381 2655 1451 φησιν,
2706 1380 2819 1436 δύο
2872 1381 3117 1437 ἔσονται
3142 1381 3215 1435 ἐν
3243 1379 3327 1446 τῷ
3358 1376 3547 1450 ἀγρῷ·
3611 1380 3648 1432 ό
3683 1372 3784 1443 εἷς

2191 1470 2735 1539 παραλαμϐάνεται,
2764 1470 2861 1525 καί
2896 1474 2929 1526 δ
2948 1466 3037 1537 εἷς
3057 1471 3315 1540 ἀφίεται.
3367 1469 3587 1541 Ἆγρὸς,
3617 1470 3653 1522 ὁ
3683 1468 3783 1521 ιώ·-

2194 1577 2351 1631 σμος⁸
2374 1556 2454 1625 εἷς
2498 1556 2591 1616 οὖν
2626 1560 2879 1627 σώζεται,
2934 1558 3017 1626 εἷς
3058 1560 3104 1615 δ’
3128 1563 3211 1625 τίς
3257 1561 3478 1617 κόλασιν
3508 1559 3743 1629 ἀφίεται
3764 1575 3781 1588 ·

2192 1654 2322 1725 περὶ
2377 1652 2477 1723 τῆς
2529 1653 2785 1718 ἁλώσεως
2846 1653 3007 1708 τοῦτο
3069 1656 3165 1708 καὶ
3231 1654 3332 1724 τῆς
3389 1652 3785 1724 αἰχμαλωσίας

2192 1748 2393 1801 αὐτῶν.

568 1834 740 1891 Vens.
769 1834 859 1887 il.
894 1832 1024 1887 Duae
1055 1832 1306 1886 metentes
1348 1831 1402 1885 in
1438 1829 1620 1895 mola;
1653 1846 1760 1883 una
1794 1827 2085 1882 assumitur

2258 1838 2374 1892 Δύο
2406 1836 2748 1904 ἀλήθουσαι
2779 1835 2851 1891 ἐν
2900 1834 2980 1901 τῷ
3014 1836 3204 1903 μύλῳ·
3238 1836 3349 1905 μία
3380 1834 3786 1904 παραλαμϐά-

497 1938 546 1983 et
573 1944 681 1981 una
717 1925 1058 1996 relinquitur.
1085 1921 1350 1978 Molentcs
1383 1920 1618 1982 vocavit,
1637 1920 1729 1990 qui
1761 1918 1818 1973 in
1853 1933 2083 1990 pauper-

500 2025 610 2072 tate
660 2016 890 2085 degunt.
960 2009 1078 2065 Una
1135 2013 1447 2075 assumitur,
1480 2018 1532 2065 et
1582 2024 1690 2063 una
1734 2008 2084 2080 relinquitur;

501 2107 761 2163 similiter
784 2105 852 2160 de
892 2104 1110 2159 homine
1133 2102 1482 2173 intelligitur.
1506 2101 1687 2158 Lucas
1704 2109 1887 2156 autem
1922 2099 2081 2155 dicit:

500 2200 625 2256 Duo
652 2207 807 2254 erunt
841 2199 894 2252 in
925 2197 1109 2261 cubiti,
1140 2195 1289 2267 quod
1317 2194 1593 2267 signiﬁcat
1618 2208 1715 2250 eos
1741 2195 1836 2265 qui
1868 2193 1922 2248 in
1947 2192 2085 2249 divi.

502 2295 594 2349 tiis
641 2294 866 2363 degunt.
904 2288 1158 2346 Ostendit
1183 2298 1366 2345 autem
1406 2304 1501 2361 per
1567 2287 1672 2343 hoc
1719 2301 1991 2358 pauperes
2032 2293 2085 2341 et

500 2387 719 2451 divites,
749 2399 939 2439 servos
970 2391 1025 2437 et
1054 2382 1309 2438 dominos
1338 2381 1543 2437 assumi
1577 2390 1631 2436 et
1684 2379 1945 2449 relinqui.
1972 2379 2089 2434 sive

500 2477 888 2550 spiritualiter,
926 2475 1043 2531 sive
1096 2474 1321 2530 realiter
1345 2474 1413 2531 de
1451 2471 1857 2545 expugnatione
1887 2469 2088 2527 intelli-

500 2579 681 2642 gatur.

574 2662 741 2718 Vens.
774 2661 863 2717 i2.
893 2660 1005 2717 Cur
1051 2674 1181 2730 ergo
1216 2658 1389 2715 dicit:
1420 2657 1570 2712 Diem
1618 2664 1668 2711 et
1702 2656 1926 2711 horam?
1977 2654 2092 2711 vult

502 2770 719 2824 semper
744 2769 867 2808 esse
906 2761 1149 2823 paratos.

578 2845 745 2901 Vens.
774 2846 870 2900 45.
906 2842 1046 2911 Quid
1092 2840 1364 2911 signiﬁcat
1406 2838 1536 2894 illud
1575 2857 1590 2896 :
1637 2839 1721 2905 Sif
1746 2839 1903 2893 sciret
1942 2847 2093 2909 pater

502 2942 744 3012 (annilius
774 2956 878 3011 qua
894 2936 1074 3009 vigilia
1105 2935 1467 3006 [uriventurus
1490 2935 1653 2988 esset?
1683 2933 1840 3004 quasi
1869 2934 2088 2989 dicere:

508 3033 565 3086 Si
595 3032 800 3088 scirent
848 3028 1005 3084 multi
1054 3026 1274 3097 quando
1300 3024 1555 3079 morituri
1593 3024 1726 3089 sint,
1777 3040 1996 3096 semper
2024 3026 2090 3080 ad

506 3127 655 3181 illam
689 3124 864 3180 solum
897 3122 1095 3177 horam
1129 3118 1394 3191 ptenitere
1421 3119 1727 3174 studerent.

582 3216 747 3273 Vens.
777 3215 869 3269 45.
926 3212 1199 3270 Dicendo:
1234 3211 1365 3277 Quis
1419 3221 1496 3265 est
1537 3210 1708 3281 ﬁdelis
1750 3207 2094 3281 servusﬁnon

510 3312 727 3383 ignorat
759 3306 912 3372 illud,
947 3304 1040 3361 sed
1100 3305 1217 3359 vult
1253 3303 1544 3359 ostendere
1584 3317 1746 3373 quam
1804 3318 1989 3357 rarum
2042 3310 2096 3357 et

510 3408 836 3479 pretiosum.
872 3405 952 3458 ita
988 3401 1153 3473 igitur
1203 3400 1272 3455 ad
1316 3398 1489 3453 Adam
1546 3396 1822 3467 loquens:
1884 3394 1983 3449 Ubi
2014 3394 2097 3448 es?

512 3501 672 3564 dicit,
703 3513 808 3552 non
844 3497 1125 3568 ignorans,
1150 3493 1243 3549 sed
1273 3493 1419 3547 hunc
1462 3490 1735 3546 adducere
1791 3487 1981 3543 volens
2027 3486 2096 3541 ad

510 3592 886 3650 excusandum
918 3605 999 3645 se.
1030 3587 1364 3643 Prudentem
1400 3594 1453 3640 et
1474 3583 1687 3640 lidelem
1715 3582 1848 3636 dicit
1874 3594 2093 3636 servum

511 3684 802 3757 parabola:
827 3681 1038 3737 ﬁdelem
1063 3680 1310 3751 quidem,
1356 3674 1502 3747 quod
1520 3671 2095 3742 servaveritcapitale;

515 3780 839 3849 prudentem
863 3789 1015 3837 vero,
1057 3770 1205 3842 quod
1230 3778 1488 3840 operatus
1512 3767 1673 3823 estin
1696 3766 1918 3822 talento.
1959 3763 2025 3818 Et
2041 3762 2096 3818 in

515 3871 767 3929 Sodomis
817 3866 1024 3922 idcirco
1057 3865 1235 3920 dicit:
1306 3861 1633 3917 Descendens
1680 3858 1859 3913 videbo
1916 3868 2095 3911 utrum

513 3964 799 4018 secundum
825 3960 1108 4015 clamorem
1140 3972 1324 4013 eorum
1385 3952 1789 4025 compteverint;
1816 3966 1991 4003 annon
2021 3958 2096 4003 est

514 4055 613 4121 ita,
651 4063 707 4107 ut
738 4053 927 4115 sciam;
967 4061 1021 4105 ul
1054 4064 1155 4105 nos
1218 4055 1437 4104 moneat
1497 4062 1567 4101 ne
1614 4058 1853 4114 unquam
1883 4050 2098 4096 sentcn-

515 4150 649 4204 tiam
699 4148 754 4202 in
803 4147 966 4201 rebus
1016 4144 1231 4209 demus,
1275 4143 1593 4213 priusquam
1632 4136 1869 4208 perfecte
1897 4150 1987 4189 res
2010 4132 2097 4187 di—

509 4239 963 4312 judicaverimus.
1028 4237 1087 4292 In
1139 4236 1402 4307 propheta
1462 4233 1586 4288 ideo
1636 4230 1814 4286 dicit:
1846 4226 1910 4283 Si
1962 4228 2099 4298 forte

522 4334 825 4396 audierint;
853 4339 928 4397 et,
961 4329 1021 4386 Si
1049 4329 1182 4399 forte
1199 4326 1578 4388 consenserint,
1599 4337 1668 4376 ne
1700 4322 1951 4376 videatur
1972 4321 2097 4373 data

519 4427 590 4480 ah
620 4414 915 4482 insenisatis
938 4423 1116 4494 jussio
1141 4420 1209 4476 ad
1242 4418 1617 4475 necessitatem
1652 4415 1872 4485 adigere
1902 4426 2098 4482 paren-

2187 1945 2369 1996 νεται,
2403 1929 2501 1983 καί
2531 1929 2641 1998 μία
2669 1927 2926 1999 ἀφίεται.
2973 1926 3306 1996 Ἀληθούσας
3354 1927 3618 1981 ἐκάλεσεν
3647 1926 3785 1987 τοὺς

2188 2024 2247 2076 ἐν
2306 2020 2547 2092 πτωχείᾳ
2581 2018 2893 2088 διάγοντας.
2927 2020 3044 2075 Μία
3074 2017 3624 2087 παραλαμϐάνεται,
3679 2015 3787 2069 καὶ

2182 2115 2294 2185 μία
2327 2113 2564 2182 ἀφίεται
2586 2129 2600 2142 ο
2632 2113 2837 2183 ὁμοίιος
2871 2114 3072 2166 νοεῖται
3102 2111 3196 2165 τοῦ
3232 2110 3546 2182 ἀνθρώπου.
3616 2110 3679 2163 '0
3724 2109 3785 2162 δὲ

2188 2205 2425 2269 Λουκᾶς,
2456 2204 2566 2259 Καί
2606 2203 2716 2258 δύο
2746 2204 2847 2257 ἐπὶ
2884 2202 2996 2271 τῆς
3024 2202 3262 2271 κλίνης,
3305 2200 3473 2270 λέγει,
3500 2202 3641 2272 ὅπερ
3678 2215 3784 2270 ση-

2193 2296 2375 2365 μαίνει
2411 2296 2538 2361 τοὺς
2569 2296 2629 2350 ἐν
2660 2294 2899 2366 πλούτῳ.
2928 2294 3214 2349 Δείκνυται
3245 2293 3303 2348 δὲ
3334 2293 3424 2348 διὰ
3456 2292 3655 2346 τούτου
3694 2294 3783 2345 ὅτι

2191 2390 2286 2443 καὶ
2331 2391 2537 2461 *πτωχοὶ¹
2568 2390 2663 2443 καὶ
2697 2388 2942 2442 πλούσιοι
2990 2390 3085 2442 καὶ
3130 2388 3309 2442 δοῦλοι
3366 2389 3463 2442 καὶ
3508 2385 3783 2441 δεσπόται

2190 2480 2717 2553 παραλαμύὼονται
2768 2479 2863 2535 καὶ
2914 2479 3185 2548 ἀφίενται,
3239 2478 3350 2531 εἴτε
3404 2477 3611 2548 νοητῶς
3671 2478 3785 2529 εἶτε

2191 2572 2466 2645 αἰσθητῶς
2493 2573 2580 2627 διὰ
2604 2575 2704 2644 τὴν
2736 2572 2940 2627 ἅλωσιν
2965 2571 3209 2642 νοηθείη,

2262 2667 2359 2719 Διὰ
2384 2664 2439 2717 τί
2468 2663 2561 2719 οὖν
2590 2664 2757 2734 λέγει,
2800 2664 2918 2732 Τὴν
2961 2662 3192 2733 ἡμέραν
3218 2663 3316 2717 καί
3348 2662 3547 2733 ὥραν;
3587 2664 3783 2736 βουλό-

2196 2776 2356 2830 μενος
2388 2760 2606 2822 πάντως
2639 2756 2964 2825 ἐναγωνίους
2996 2752 3159 2812 εἶναι.
3334 2766 3343 2774 ’

2266 2853 2331 2907 Τί
2360 2852 2512 2925 δηλοῖ
2537 2850 2619 2916 τδ,
2656 2851 2725 2905 Et
2760 2849 2889 2921 ᾔδει
2924 2852 2958 2904 ὀ
2992 2849 3430 2916 οίκοδεσπότης
3478 2849 3619 2918 ποίᾳ
3663 2868 3783 2918 ρυ-

2194 2942 2356 3013 lanii
2399 2944 2432 2997 ὁ
2472 2941 2739 3007 κλέπτης
2785 2940 3057 3009 ἕρχεταις
3108 2940 3253 2993 Ἀντὶ
3290 2938 3403 3005 τοῦ,
3442 2941 3503 2992 Ei
3531 2939 3781 3010 ᾔδεισαν,

2196 3038 2386 3107 φησὶν,
2410 3036 2459 3088 οἱ
2488 3035 2674 3088 πολλοὶ
2710 3033 2839 3088 πότε
2866 3033 3287 3100 ἀποθανοῦνται,
3314 3033 3534 3097 πάντως
3565 3035 3632 3086 ἂν
3657 3032 3782 3087 κατ’

2198 3125 2416 3194 ἐκείνην
2452 3124 2626 3193 μόνην
2654 3124 2753 3195 τὴν
2783 3122 2935 3195 ῶραν
2960 3123 3301 3177 ἐσπούδασαν
3328 3123 3686 3195 μετανοῆσαι.

2269 3216 2472 3282 Εἰπὼν,
2513 3217 2608 3283 Τίς
2648 3217 2761 3285 ἄρα
2786 3220 2819 3271 ὀ
2856 3214 3071 3283 πιστὸς
3116 3216 3379 3282 ὄοῢλος;
3408 3217 3523 3271 υύκ
3564 3216 3782 3285 ἀγνοῶν

2194 3305 2353 3360 τοῦτο
2379 3302 2523 3371 εἶπε,
2554 3306 2670 3360 ἀλλ’
2698 3306 2785 3360 ἴνα
2807 3308 2955 3379 δείξῃ
2986 3308 3046 3361 τὸ
3077 3308 3305 3362 σπάνιον
3331 3311 3424 3363 καὶ
3455 3310 3778 3383 πολύτιμον.

2197 3398 2383 3463 Οὕτως
2405 3395 2498 3453 οὖν
2524 3401 2620 3453 καὶ
2644 3397 2722 3470 τῷ
2759 3400 2931 3470 Ἀδὰμ
2960 3399 3152 3453 εἰπών’
3179 3401 3307 3456 Ποῦ
3331 3397 3408 3467 ei;
3433 3403 3534 3457 οὐκ
3568 3404 3780 3473 ἀγνοῶν

2198 3488 2373 3555 εἶπεν,
2411 3490 2525 3545 ἀλλ’
2560 3492 2647 3546 ἵνα
2691 3493 2855 3547 αὐτὸν
2900 3493 3116 3567 ἐμϐάλῃ
3160 3496 3239 3559 είς
3286 3494 3607 3564 ἀπολογίαν.
3641 3497 3781 3569 Φρό-

2196 3602 2355 3657 νιμον
2385 3587 2483 3640 καὶ
2519 3587 2708 3640 πιστὸν
2737 3586 2884 3656 λέγει
2916 3589 3008 3642 τὸν
3034 3589 3219 3643 δοῦλον
3248 3591 3281 3661 ἡ
3313 3591 3598 3662 παραϐολή
3628 3610 3644 3659 ;
3688 3611 3779 3646 πι-

2198 3678 2322 3732 στὸν
2356 3678 2477 3749 μὲν,
2527 3678 2603 3742 ὡς
2650 3677 2894 3743 σώζοντα
2934 3681 2995 3734 τὸ
3026 3681 3342 3751 κεφάλαιον
3379 3684 3648 3756 φρόνιμον
3700 3686 3777 3748 δὲ,

2197 3771 2274 3834 ὡς
2321 3771 2799 3844 κατεργαζόμενον
2837 3773 2897 3827 τὸ
2926 3773 3207 3830 τάλαντον.
3252 3776 3365 3831 Καὶ
3403 3777 3497 3830 ἐπὶ
3530 3778 3641 3831 τῶν
3688 3780 3783 3830 Σο-

2196 3863 2375 3933 δόμων
2422 3864 2513 3918 διὰ
2560 3864 2723 3919 τοῦτο
2755 3861 2929 3920 εἶπεν·
2982 3870 3253 3935 Καταόὰς
3287 3869 3511 3939 ὄψομαι
3549 3873 3599 3924 εί
3630 3872 3783 3924 κατὰ

2199 3952 2314 4022 τὴν
2346 3954 2618 4025 κραυγὴν·
2646 3955 2846 4012 αὐτῶν
2867 3958 3328 4014 συντελοῦνται·
3362 3963 3412 4014 εἰ
3452 3959 3522 4015 δὲ
3548 3960 3661 4031 μὴ,
3686 3963 3785 4017 ira

2200 4045 2339 4116 γνῶ.
2376 4047 2527 4112 ὅπως
2561 4048 2727 4118 ’ἡμᾶς
2759 4049 3028 4122 παιδεύσῃ
3080 4051 3155 4121 μή
3208 4068 3338 4105 ποτε
3387 4053 3672 4123 ἀπόφασιν
3726 4057 3781 4107 ὲν

2200 4139 2487 4209 πράγματι
2533 4138 2754 4203 διδόναι,
2792 4140 2919 4210 πρὶν
2958 4141 3181 4207 τελείως
3224 4144 3660 4217 ἀνακρινόμενον
3709 4148 3782 4201 τὰ

2201 4230 2523 4300 πράγματα.
2570 4229 2690 4284 Ἐπὶ
2722 4232 2779 4285 δέ
2827 4231 2921 4286 τοῦ
2958 4237 3244 4306 προφήτου
3287 4236 3376 4291 διὰ
3406 4236 3568 4292 τοῦτο
3601 4235 3779 4303 εἶπεν,

2216 4322 2354 4378 Ἐὰν
2375 4322 2488 4409 ἄρα
2517 4323 2886 4389 ἀκούσωσιν,
2920 4329 3039 4391 καὶ,
3056 4328 3192 4383 Ἐὰν
3216 4330 3332 4399 ἄρα
3358 4330 3661 4398 συνῶσιν,
3701 4334 3785 4387 ἴνα

2204 4416 2279 4486 μὴ
2315 4414 2442 4485 δόξῃ
2475 4417 2507 4486 ἡ
2538 4416 2847 4487 πρόρρησις
2894 4421 3042 4490 παρὰ
3071 4424 3182 4485 τοῖς
3215 4423 3465 4495 ἀνοήτοις
3535 4426 3785 4495 ἀναγκα-

516 4520 594 4574 di.
614 4516 670 4573 ln
696 4517 987 4589 Evangelia
1010 4523 1190 4570 autem
1223 4511 1347 4568 ideo
1376 4510 1510 4567 dicit
1545 4526 1559 4563 :
1598 4505 1761 4561 Forte
1783 4510 2091 4559 verebuntur

2202 4508 2359 4577 στική
2392 4522 2475 4570 τις
2510 4506 2650 4563 εἶναι
2684 4511 2819 4582 πρὸς
2845 4513 3146 4585 παρακοήν.
3166 4512 3253 4566 Ἐν
3274 4514 3330 4569 δέ
3357 4514 3432 4586 τῷ
3466 4516 3786 4588 Εὑαγγελίῳ

519 4611 711 4666 Filium
735 4624 928 4674 meum,
954 4616 1015 4662 ut
1048 4604 1303 4662 ostendat
1343 4604 1489 4675 quod
1531 4598 1820 4657 debuerint
1857 4594 1912 4651 id
1937 4609 2099 4666 agere

519 4713 576 4760 et
607 4702 804 4759 Filium
832 4699 1027 4757 vereri.

591 4885 758 4941 Vens.
794 4884 885 4938 47.
918 4881 1061 4950 Quid
1095 4878 1301 4936 indicat
1336 4876 1468 4933 illud
1496 4894 1511 4932 :
1553 4874 1721 4946 Super
1753 4874 1928 4929 omnia
1965 4874 2100 4928 bona

520 4994 623 5033 sua
670 4976 951 5031 constituet
989 4973 1153 5028 eum?
1214 4971 1268 5026 id
1297 4980 1401 5037 est,
1435 4981 1667 5042 regnum
1714 4965 1980 5022 calorum
2022 4965 2100 5020 illi

521 5070 823 5143 prastabit.

1086 5210 1317 5271 CAPUT
1368 5210 1533 5267 XXV.

596 5347 764 5403 Vens.
797 5344 847 5400 ί.
880 5340 1148 5398 Parabola
1179 5338 1454 5409 virginum
1498 5336 1564 5392 de
1590 5334 1934 5409 eleemosyua
1969 5335 2105 5392 dici-

524 5448 636 5495 tur.
669 5436 775 5491 Sed
804 5437 856 5492 in
899 5433 1044 5488 ﬁdeli
1075 5441 1128 5487 et
1164 5432 1219 5486 in
1247 5430 1530 5485 insensato
1560 5442 1741 5494 servo,
1773 5429 2103 5501 generaliter

524 5533 700 5604 magis
725 5531 791 5585 de
839 5527 989 5583 omni
1021 5525 1207 5581 ofﬁcio
1237 5524 1501 5594 loquitur,
1529 5522 1676 5594 quod
1712 5522 1767 5578 in
1790 5523 2103 5594 proximum

524 5624 753 5693 implere
778 5628 996 5692 oportet
1021 5638 1033 5673 :
1061 5619 1113 5674 in
1142 5619 1246 5674 ista
1270 5625 1454 5672 autem
1485 5616 1551 5671 de
1572 5616 1942 5687 eleemosyna.
1960 5615 2104 5684 Quid

529 5725 613 5770 est
650 5714 798 5784 quod
825 5712 960 5768 dicit
981 5710 1302 5782 Apostolus,
1338 5706 1411 5760 De
1429 5705 1720 5778 virginibus
1755 5717 1930 5761 autem
1961 5724 2104 5777 prce-

527 5815 732 5877 ceptun:
767 5802 986 5858 Domini
1012 5817 1112 5857 non
1161 5800 1368 5858 habeo!
1407 5796 1591 5854 Laudo
1630 5799 1873 5870 quidem,
1904 5800 2102 5871 inquit,

2200 4597 2289 4651 διὰ
2318 4596 2476 4653 τοῦτο
2503 4595 2678 4654 εἶπεν·
2737 4603 2918 4670 Ἴσως
2967 4603 3451 4674 ἐντραπήσονται
3487 4606 3597 4661 τὸν
3652 4607 3785 4661 Υίόγ

2201 4707 2337 4759 μου,
2370 4691 2458 4747 ἵνα
2486 4693 2635 4768 δείξῃ
2664 4696 2745 4749 ὅτι
2773 4695 3004 4766 ὤφειλον
3028 4696 3186 4751 τοῦτο
3211 4699 3434 4769 ποιῆσαι
3471 4701 3568 4754 καὶ
3596 4702 3787 4769 ἐντρα-

2210 4784 2381 4855 πῆναι
2406 4785 2498 4839 τὸν
2523 4785 2671 4843 Υίὸν.

2276 4876 2342 4930 Τί
2373 4876 2523 4950 δηλοί
2548 4878 2626 4945 τὸ,
2697 4880 2827 4935 Ἐπὶ
2860 4880 3052 4939 πᾶσιν
3095 4881 3220 4948 τοῖς
3267 4881 3653 4954 ὑπάρχουσιν
3683 4886 3787 4940 αύ-

2203 4967 2312 5023 τοῦ
2334 4970 2710 5038 καταστήσει
2750 4973 2973 5038 αὐτόν;
3033 4974 3181 5029 ’Δντὶ
3210 4974 3326 5043 τοῦ,
3361 4974 3475 5047 Τὴν
3506 4974 3789 5047 βασιλείαν

2203 5061 2313 5116 τῶν
2342 5062 2593 5135 οὐρανῶν
2627 5065 2853 5135 παρέξει
2882 5066 3053 5139 αὐτῷ.

2801 5211 3055 5272 ΚΕΦΔΛ.
3088 5214 3218 5273 KE'.

2295 5334 2361 5391 Ἦ
2414 5338 2696 5409 παραδολὴ
2747 5340 2857 5393 τῶν
2908 5342 3193 5412 παρθένων
3236 5344 3365 5415 περὶ
3412 5345 3791 5419 ἐλεημοσύνης

2206 5430 2377 5499 λέγει’
2409 5430 2523 5484 ἀλλ’
2564 5432 2656 5485 ἐπὶ
2702 5430 2797 5485 τοῦ
2831 5432 3026 5487 πιστοῦ
3054 5434 3242 5490 δούλου
3285 5438 3499 5492 καὶτοῦ
3533 5440 3790 5510 ἀγνώμο·

2206 5539 2317 5589 νος,
2349 5522 2781 5595 καθολικώτερον
2814 5525 2943 5597 περὶ
2988 5527 3169 5599 πάσης
3203 5529 3472 5598 ὠφελείας
3508 5529 3681 5600 λέγει,
3724 5534 3791 5603 ἦν

2208 5616 2287 5679 είς
2334 5615 2424 5668 τὸν
2470 5614 2699 5685 πλησίον
2749 5618 3158 5673 ἐπιδείκνυσθαι
3200 5622 3329 5691 χρή⁹
3371 5623 3466 5675 ἐπὶ
3508 5622 3566 5675 δέ
3619 5623 3791 5695 αὐτῆς

2208 5707 2337 5777 περὶ
2368 5706 2760 5778 ἐλεημοσύνης.
2791 5710 2857 5762 Τί
2890 5712 3038 5765 ἐστιν
3079 5713 3107 5766 δ
3156 5714 3304 5782 λέγει
3350 5717 3378 5769 ό
3443 5714 3788 5777 ’Δπόστολος,

2210 5798 2346 5868 Περὶ
2369 5798 2437 5851 δὲ
2464 5798 2582 5853 τῶν
2604 5801 2919 5871 παρθένων
2943 5804 3239 5877 ἐπιταγὴν
3274 5808 3494 5877 Κυρίου
3517 5808 3631 5861 οὐκ
3651 5806 3793 5876 ἔχωὶ
