4026 6584
338 318 475 386 lli-7

1327 322 1649 387 SCHOLIA
1689 325 1987 387 VETERA
2031 326 2114 388 IN
2153 322 2633 394 MATTH/EUM.

3420 343 3594 409 ’1158

346 426 584 482 Ἐπαινῶ
643 427 739 498 μὲν
792 426 920 498 γὰρ,
980 429 1167 498 φησὶν,
1220 430 1312 485 τὸν
1372 432 1765 503 κατορθοῦντα,
1814 436 1888 488 0ὖῖ

2017 436 2156 492 bene
2185 453 2627 510 conversantem,
2670 459 2783 499 non
2814 459 2954 517 cogo
2985 461 3101 503 non.
3146 449 3449 520 rotantem,
3486 472 3599 512 non

331 518 627 587 ἀναγκάζω
659 519 715 572 δὲ
744 519 835 573 τὸν
873 518 948 591 μὴ
990 518 1336 592 βουλόμενον,
1386 524 1509 577 οὐδὲ
1540 524 1822 596 ἐπίταγμα
1851 526 1913 579 τὸ

333 612 566 682 πρᾶγμα
602 611 765 665 ποιῶ.

406 722 506 777 Διά
551 722 605 775 τί
637 721 798 793 ’λέγει
849 725 1037 796 μωρὰς
1067 725 1167 790 τὰς
1212 726 1519 798 παρθένους
1564 727 1666 794 τάς
1702 731 1910 801 πέντες

330 809 473 862 Διό-ει
505 809 595 862 τὸν
645 810 971 883 δριμύτερον
1011 815 1103 867 καὶ
1153 813 1599 888 πολεμικώτερον
1648 818 1763 873 τῶν
1806 836 1912 873 σω-

332 902 519 971 μάτων
543 900 782 973 πόλεμον
810 902 1077 972 βαστάσαι
1098 905 1431 978 δυνηθείσαι,
1459 910 1552 963 τὸν
1577 910 1910 983 κουφότερον

326 994 427 1060 τῆς
468 994 807 1063 μεταδόσεως
832 996 1036 1068 τρόπον
1081 999 1182 1052 οὐκ
1234 1000 1589 1070 ἐφυλάξαντο.
1644 1004 1795 1074 Ὄσῳ
1825 1020 1909 1067 τις

328 1086 411 1147 είς
436 1084 498 1138 τὸ
527 1079 692 1157 ἦττον
720 1088 976 1160 ἥττηται,
1009 1091 1235 1147 τοσοῦτο
1270 1092 1471 1161 μᾶλλον
1495 1092 1903 1163 ἀσύγγνωστος·

325 1176 414 1229 διὰ
454 1176 612 1231 τοῦτο
662 1174 756 1232 οὖν
785 1182 986 1251 μωραί.
1025 1182 1090 1235 Εί
1126 1182 1183 1236 δὲ
1216 1179 1374 1239 αὗται
1410 1186 1622 1256 μωραὶ,
1670 1187 1722 1239 οί
1771 1185 1908 1257 μηδὲ

326 1269 621 1341 παρθενίαν
652 1272 987 1340 φυλάξαντες
1028 1276 1122 1328 καὶ
1156 1276 1441 1349 πλεονεξίᾳ
1474 1279 1903 1351 κεκρατημένοι,

322 1363 376 1417 τί
407 1363 775 1435 κληθήσονται
809 1367 905 1421 καὶ
933 1369 1255 1437 πείσονται;

399 1476 465 1529 Αἱ
510 1475 793 1547 λαμπάδες
838 1474 931 1533 οὖν
967 1480 1315 1552 σημαίνουσι,
1350 1483 1450 1554 τῆς
1498 1483 1798 1554 παρθενίας
1842 1486 1906 1539 τὸ

322 1568 597 1639 λαμπρόν
620 1569 716 1622 τὸν
746 1570 917 1637 ἔλεον,
949 1571 1048 1642 τὴν
1096 1573 1489 1646 ἐλεημοσύνην
1531 1574 1590 1629 τδ
1634 1576 1691 1630 δὲ
1726 1576 1905 1648 χρονί-

274 1658 277 1659 ⁷
322 1660 438 1724 ζειν
460 1660 552 1714 τὸν
609 1662 885 1733 Νυμφίον,
911 1664 1005 1720 τὸν
1033 1666 1133 1719 οὐκ
1161 1666 1343 1735 ὀλίγον
1368 1667 1559 1738 χρόνον
1596 1669 1679 1733 είς
1709 1670 1771 1722 τὸ
1797 1687 1900 1739 φαο

2020 543 2357 602 przcceptum
2386 534 2527 591 hanc
2561 552 2677 592 rem
2712 539 2875 595 facio.

2084 728 2251 820 Vua.
2271 730 2325 786 2.
2354 732 2470 786 Cur
2495 732 2630 789 dicit
2675 735 2854 794 fatuas
2885 739 3127 811 virgines
3162 743 3284 799 illas
3311 748 3551 820 quinque
3570 753 3596 807 ἵ

2010 815 2147 881 Quin
2180 820 2433 875 acerbius
2467 832 2521 877 et
2551 824 2821 881 diﬂicilius
2851 827 2904 883 in
2928 846 3157 901 corpora
3188 815 3391 892 bellum
3432 815 3593 896 susti-

2011 922 2141 964 nere
2168 924 2295 965 cum
2331 916 2656 985 potuissent,
2706 920 2898 976 levius-
2936 924 3041 993 olei
3102 931 3432 999 sumptionis
3468 934 3587 989 olli-

2009 1000 2155 1056 cium
2188 1019 2295 1059 non
2327 1009 2684 1079 expleverint.
2713 1012 2934 1081 Quanto
2965 1019 3089 1088 quis
3139 1020 3193 1076 in
3239 1024 3436 1082 minori
3466 1029 3586 1084 vin-

2011 1093 2186 1161 citur,
2216 1104 2378 1153 tanto
2406 1102 2590 1158 minus
2623 1103 3013 1176 ignoscendus.
3048 1110 3176 1168 Ideo
3211 1114 3375 1186 igitur
3402 1120 3585 1177 stultae

2009 1196 2176 1254 sunt;
2199 1189 2245 1243 si
2277 1205 2410 1247 vero
2437 1193 2555 1250 ista:
2584 1197 2786 1263 stultze,
2806 1202 2901 1270 qui
2935 1218 3044 1258 non
3068 1205 3434 1274 virginitatem
3464 1227 3584 1268 ser-

2007 1288 2273 1333 vaverunt
2318 1291 2375 1335 et
2424 1287 2669 1343 avaritia:
2713 1301 3037 1362 paruerunt,
3089 1301 3365 1366 quomodo
3422 1318 3586 1359 voca-

2007 1365 2213 1423 buntur
2232 1378 2287 1425 et
2315 1376 2579 1431 credent?

2075 1474 2243 1573 Vsus.
2292 1480 2345 1535 5.
2376 1482 2681 1556 Lampades
2711 1505 2843 1562 ergo
2877 1494 3191 1565 signiﬁcant
3250 1502 3581 1573 virginitatis

2005 1567 2383 1641 splendorem;
2434 1577 2614 1633 oleum
2674 1596 2822 1651 vero,
2876 1586 3312 1661 elccmosynam;
3378 1596 3577 1666 Sponsi

2007 1678 2184 1729 mora,
2216 1674 2434 1739 tempus
2460 1686 2566 1725 non
2600 1672 2762 1731 breve
2784 1677 2851 1732 ad
2885 1693 2944 1734 se
2965 1684 3399 1754 ostendendum;
3426 1705 3579 1745 som-

319 1750 499 1820 νῆναιο
551 1751 614 1805 τὺ
652 1752 709 1805 δὲ
758 1753 1067 1821 καθεύδειν,
1118 1755 1210 1810 τὸν
1260 1756 1517 1812 θάνατον’
1563 1759 1625 1812 τδ
1670 1760 1728 1813 δὲ
1773 1762 1888 1832 περπ

2006 1769 2130 1822 nus,
2157 1768 2430 1826 mortem;
2465 1763 2643 1819 media
2693 1781 2824 1834 nox,
2857 1776 2952 1825 aut
2978 1771 3033 1826 in
3088 1782 3247 1830 nocte
3300 1793 3582 1835 resurrec-

321 1844 493 1912 μέσας
543 1843 767 1911 νύκτας,
802 1846 836 1916 ἢ
882 1848 966 1902 ὅτι
1009 1849 1068 1903 ὲν
1115 1849 1274 1904 νυκτὶ
1316 1850 1351 1922 ἠ
1399 1850 1718 1917 ἀνάστασις,
1749 1852 1782 1924 ἢ
1819 1853 1901 1907 ὅτι

316 1936 676 2007 ἀπροοράτως
707 1938 801 1991 κα)⁵
827 1938 1148 2008 ἀγνώστωςο
1180 1941 1243 1995 τὸ
1272 1941 1329 1995 δὲ
1358 1943 1579 2014 αἰτῆσαι
1610 1946 1761 2016 παρά
1795 1945 1902 1999 τῶν

314 2030 593 2101 φρονίμων
639 2030 733 2086 καὶ
780 2032 858 2104 μὴ
910 2032 1096 2086 λαϐεῖν
1132 2033 1304 2099 ἔλεον,
1345 2035 1428 2088 ὅτι
1468 2035 1642 2099 οὐδεὶς
1672 2035 1784 2091 τῶν
1819 2036 1900 2090 δι-

313 2122 485 2177 καίων
531 2124 650 2177 ἐκεῖ
678 2122 801 2177 τότε
854 2124 1161 2196 προστῆναι
1206 2142 1354 2191 τινος
1402 2126 1628 2182 δύναται
1680 2130 1717 2202 η
1770 2127 1898 2201 βοη-

315 2212 499 2284 θῆσαι.

393 2305 460 2359 Τί
508 2308 657 2361 ἐστιν
691 2305 774 2373 τὸ,
825 2308 1159 2377 Πορεύεσθε
1185 2307 1283 2362 καί
1315 2308 1655 2379 ἀγοράσατε
1682 2326 1700 2376 ;
1725 2309 1897 2365 Τοῦτο

310 2395 464 2452 εἶπεν
500 2401 565 2469 τῇ
601 2399 888 2471 παραϐολῇ
912 2400 1272 2471 παραμένων,
1306 2401 1400 2455 καὶ
1434 2401 1674 2470 ὑφαίνων
1702 2402 1893 2475 αὐτην·

308 2488 342 2560 ἢ
374 2489 671 2562 εἰρωνικῶς
698 2492 936 2563 νοητέον,
967 2491 1079 2557 ὅτε,
1111 2491 1299 2564 φησὶν,
1325 2492 1427 2546 οὐκ
1458 2492 1628 2547 ἔστιν.

395 2599 530 2654 Κατ’
575 2600 811 2671 ἔλλειψιν
865 2602 1183 2675 περιοδικὴν
1235 2605 1476 2676 εῐρηταιο
1541 2603 1719 2658 λείπει
1786 2605 1895 2677 γὰρ

308 2695 501 2757 οὕτως*
538 2698 650 2751 Kal.
697 2701 725 2753 ό
766 2698 968 2770 Κύριος
998 2700 1322 2755 ἐπιτελέσειο
1363 2702 1396 2772 ἢ
1434 2703 1467 2773 ἠ
1506 2700 1792 2775 παραϐολὴ
1830 2701 1891 2754 ού

308 2788 444 2860 πρὸς
469 2790 847 2855 ἀνταπόδοσιν,
879 2790 994 2846 ἀλλ’
1023 2791 1100 2856 ὡς
1147 2792 1442 2865 αὐτοτελὴς
1490 2796 1587 2848 καὶ
1626 2794 1719 2847 τοῦ
1755 2811 1891 2865 προ-

312 2884 621 2953 ηγουμένου
653 2885 821 2956 ῥητοῦ
853 2884 1001 2940 αίτία
1028 2879 1525 2957 εἴρηται-οἷονρὺκ
1549 2886 1752 2941 οἴδατε
1774 2888 1890 2954 τὴν

305 2976 535 3045 ἡμέραν
558 2977 701 3033 οὐδὲ
730 2976 847 3047 τὴν
869 2977 1029 3047 ὤραν
1048 2979 1121 3031 ἐν
1140 2975 1179 3051 ᾗ
1206 2982 1238 3033 ό
1282 2978 1415 3045 Υἱὸς
1441 2978 1547 3033 τοῦ
1574 2979 1890 3048 ἀνθρώπου

304 3069 559 3140 ἔρχεται.
589 3070 689 3124 Διά
719 3071 771 3123 τί
799 3090 814 3135 ;
850 3072 1063 3143 ’Ὠσπερ
1102 3071 1211 3143 γὰρ
1245 3071 1535 3143 ἄνθρωπος
1566 3072 1885 3144 ἀποδημῶν,

302 3163 475 3227 οὕτως
508 3163 749 3235 ἔρχεται’
786 3164 894 3218 ἀπὸ
943 3165 1125 3218 κοινοῦ
1165 3166 1274 3237 γάρ
1304 3165 1385 3230 τὸ,
1420 3165 1676 3234 ἕρχεται’
1709 3165 1769 3219 τδ
1802 3168 1888 3219 αἰ-

304 3254 511 3326 φνίδιον
539 3256 595 3308 δὲ
623 3256 712 3309 διὰ
744 3255 905 3309 τοῦτο
936 3257 1269 3328 παρίστησιν
1299 3257 1398 3327 τῆς
1449 3258 1757 3329 παρουσίας
1789 3259 1888 3312 αύ-

301 3348 419 3404 τοῦ.
458 3342 591 3402 Εἶτα
624 3349 902 3417 ὲξυφαίνει
935 3351 994 3403 τὸ
1036 3350 1408 3421 παράδειγμα.
1462 3354 1567 3417 ⁸⁸ος
1603 3351 1884 3418 ἐκάλεσε,

302 3441 489 3512 φησιν,
520 3441 663 3508 τοὺς
689 3442 883 3506 ίδίους
910 3440 1190 3508 δούλους,
1222 3442 1314 3497 καὶ
1362 3444 1508 3515 ἑξῆς·
1540 3444 1655 3498 ἔστι
1692 3446 1748 3498 δὲ
1792 3445 1887 3499 καὶ

276 3522 472 3606 χωρὶς
518 3534 610 3587 τοῦ
646 3535 752 3587 ἀπὸ
801 3536 983 3589 κοινοῦ
1036 3536 1097 3589 τὸ
1143 3536 1306 3607 ῥητὸν
1350 3537 1427 3600 ὡς
1470 3536 1583 3608 ἔχει
1633 3539 1886 3610 φράσεως

300 3627 568 3681 ἐκλαϐεῖν·
602 3624 734 3692 οἷον,
771 3628 1101 3698 Γρηγορεῖτε
1142 3624 1201 3682 οὗ
1217 3647 1257 3692 ι,
1305 3630 1388 3683 ὅτι
1440 3630 1541 3683 οὐκ
1574 3630 1753 3684 οἴδατε
1786 3631 1885 3704 τὴν

300 3721 513 3792 ἡμέραν
533 3720 651 3774 οὐδὲ
676 3720 773 3792 τὴν
795 3720 943 3792 ῶραν
964 3724 1021 3775 ὲν
1102 3725 1129 3775 ό
1152 3722 1279 3787 Υἱὸς
1298 3721 1391 3777 τοῦ
1415 3722 1701 3795 ἀνθρώπου
1737 3725 1884 3798 ἐρχε.

297 3828 408 3865 ται.
431 3814 527 3865 Διὰ
540 3813 592 3865 τί
612 3832 626 3879 ;
646 3814 817 3865 ’Ὧσπε
830 3830 858 3883 ρ
876 3813 984 3885 γὰρ
1005 3813 1101 3868 ἀνθ
1110 3831 1287 3885 ρωπος
1306 3816 1602 3887 ἀποδημῶν
1626 3816 1885 3871 ἐκάλεσεν

298 3910 424 3968 τοὺς
452 3904 612 3969 ἰδίους
640 3904 861 3970 δούλους
904 3907 996 3960 καὶ
1026 3908 1343 3978 παρέδωκεν
1374 3909 1557 3971 αὐτοῖς
1603 3912 1672 3963 τά
1703 3909 1882 3979 ὑπάρ-

298 4013 465 4066 χοντα
525 3997 712 4050 αὐτοῦ·
771 3998 865 4050 καὶ
921 3998 1029 4068 γὰρ
1059 3997 1404 4068 ὑποστιγμῆς
1456 3999 1556 4069 μὲν
1608 4001 1750 4053 κατὰ
1784 4000 1881 4071 τὴν

293 4091 603 4159 ἀνάγνωσιν
632 4089 1202 4161 παραλαμϐανομένης
1233 4091 1290 4143 ἐν
1316 4091 1413 4159 τῷ,
1432 4091 1881 4160 ἀποδημῶν,τε-

296 4180 447 4243 λείας
478 4182 534 4233 δὲ
569 4182 627 4233 ὲν
676 4179 752 4251 τῷ
783 4178 993 4247 αὐτοῦ,
1048 4179 1307 4245 ἀϐίαστος
1352 4183 1381 4235 ὁ
1414 4180 1676 4245 νοῦςκαὶ
1708 4186 1741 4254 η
1783 4182 1878 4236 τοῦ

296 4271 458 4340 λόγου
493 4270 770 4336 σύνταξις.

367 4381 467 4434 Διὰ
488 4381 541 4433 τί
563 4381 712 4449 λέγει
735 4382 818 4434 ὅτι
848 4380 1226 4453 παραδοὺς,τά
1250 4381 1493 4436 τάλαντα
1524 4384 1637 4446 τοῖς
1670 4383 1879 4448 δούλοις

2007 1850 2235 1919 tionem,
2257 1864 2350 1910 aut
2377 1872 2485 1912 non
2515 1860 2689 1915 visam
2717 1878 2892 1934 neque
2913 1869 3185 1938 cognitam
3210 1887 3224 1935 ;
3243 1872 3429 1942 petitio
3450 1889 3581 1931 vero

2004 1944 2109 1999 olei
2140 1961 2167 1999 a
2191 1946 2530 2018 sapientibus
2560 1961 2614 2009 et
2651 1958 2886 2027 negatio,
2921 1961 3130 2018 nullum
3151 1964 3432 2035 justorum
3466 1968 3579 2024 illic

2004 2038 2268 2107 prodesse
2293 2050 2388 2096 aut
2421 2059 2582 2114 opem
2623 2044 2768 2104 ferre
2798 2050 2962 2125 alicui
2991 2063 3121 2111 tunc
3144 2072 3332 2127 posse.

2071 2315 2239 2375 Vsus.
2276 2320 2329 2375 9.
2365 2321 2503 2388 Quid
2532 2334 2657 2380 est:
2697 2328 2777 2384 Ite
2805 2340 2855 2384 et
2887 2333 3086 2387 emite?
3137 2333 3192 2391 ld
3231 2337 3367 2393 dicit
3413 2355 3575 2410 para-

1998 2410 2136 2465 bola
2195 2413 2501 2471 insistendn
2538 2428 2595 2472 et
2631 2420 2777 2477 illam
2830 2426 3193 2497 explicando;
3228 2439 3324 2484 aut
3363 2430 3574 2489 ironice

1998 2502 2386 2573 intelligendus
2413 2519 2498 2563 est
2529 2511 2686 2580 quasi
2718 2528 2827 2569 non
2858 2515 3171 2585 invenietis,
3212 2520 3438 2579 diceret.

2068 2613 2232 2672 Vens.
2262 2618 2348 2673 M.
2379 2619 2481 2676 Per
2511 2622 2728 2692 phrasis
2756 2625 2970 2697 ellipsin
2996 2629 3232 2700 dicitur;
3254 2631 3405 2689 deest
3424 2637 3573 2694 enim

1995 2705 2145 2764 istud
2184 2727 2198 2763 :
2232 2710 2496 2769 Dominus
2546 2718 2815 2774 retribuet
2844 2720 3009 2786 sicut,
3045 2732 3169 2791 etc;
3201 2725 3282 2779 vel
3316 2729 3571 2796 parabola

1994 2814 2103 2855 non
2133 2802 2553 2861 correlationem
2582 2809 2810 2875 obtinet,
2841 2812 2936 2869 sed
2974 2822 3033 2869 ut
3065 2814 3486 2888 independentis
3515 2832 3572 2878 et

1994 2894 2356 2963 praecedentis
2375 2898 2506 2953 dil'll
2543 2904 2852 2973 exemplum
2879 2907 3171 2975 exponitur
3199 2926 3214 2976 ;
3246 2913 3407 2979 quale
3446 2923 3567 2969 est:

1990 2984 2221 3041 Nescitis
2247 2989 2389 3044 diem
2430 3007 2593 3063 neque
2624 2995 2813 3049 horam
2865 2998 2920 3052 in
2955 3014 3059 3069 qua
3110 2998 3285 3056 Filius
3344 3003 3572 3062 hominis

1993 3078 2184 3134 veniet.
2211 3078 2426 3146 Quare?
2460 3080 2529 3138 Ut
2554 3085 2699 3140 enim
2737 3087 2904 3143 homo
2939 3092 3316 3161 peregrinans,
3368 3096 3449 3151 sic
3477 3112 3568 3151 ve-

1998 3171 2143 3239 niet;
2188 3172 2610 3231 indeteruiiuate
2657 3179 2804 3233 enim
2848 3182 3085 3236 sumitur
3130 3185 3259 3240 illud
3298 3205 3312 3241 :
3368 3186 3569 3246 Veniet.

1995 3261 2362 3335 Repentinum
2394 3276 2575 3324 autem
2602 3286 2713 3341 per
2736 3272 2843 3328 hoc
2864 3276 3062 3330 statuit
3083 3276 3203 3346 ejus
3232 3278 3527 3336 adventum
3551 3298 3569 3349 ς

1993 3355 2189 3412 deinde
2218 3360 2457 3431 explicat
2484 3365 2794 3436 exemplum
2830 3384 2843 3420 :
2882 3370 2973 3438 qui
3003 3372 3227 3435 vocavit,
3264 3372 3363 3438 ait,
3394 3390 3569 3430 servos

1992 3465 2138 3517 suos,
2171 3460 2277 3507 etc.
2312 3454 2406 3509 Est
2437 3465 2619 3512 autem
2672 3460 3048 3515 necessarium
3099 3479 3208 3519 non
3248 3464 3569 3522 indctermi-

1993 3554 2142 3609 nate,
2176 3555 2237 3600 ut
2270 3546 2489 3617 phrasis
2516 3565 2577 3605 se
2610 3550 2793 3619 habet,
2834 3553 3043 3609 dictum
3076 3555 3378 3627 intelligere
3407 3575 3422 3612 :
3456 3559 3569 3616 sci-

1992 3639 2143 3704 licet,
2180 3641 2402 3711 vigilate
2432 3658 2585 3713 ergo,
2626 3646 2758 3715 quia
2806 3648 3036 3704 nescitis
3080 3650 3222 3704 diem
3260 3666 3438 3722 neque
3464 3653 3567 3706 bo-

1991 3749 2133 3800 rum,
2157 3734 2209 3789 in
2239 3751 2344 3805 qua
2374 3737 2519 3794 alius
2545 3738 2785 3795 hominis
2817 3741 3019 3797 veniet.
3048 3743 3228 3810 Quare
3252 3744 3396 3799 sicut
3420 3745 3567 3801 enim

1992 3827 2156 3882 homo
2184 3844 2411 3901 peregre
2461 3832 2815 3901 proﬁciscens
2861 3834 3077 3889 vocavit
3128 3851 3321 3903 servos
3359 3852 3490 3894 suos
3514 3845 3564 3893 et

1988 3919 2214 3974 tradidit
2238 3920 2345 3976 illis
2367 3922 2507 3976 bona
2536 3938 2656 3978 sua.
2676 3922 2891 3980 Etenim
2920 3941 3014 3995 per
3042 3926 3314 3997 virgulam
3340 3928 3565 3998 legendo

1989 4009 2299 4077 appositam
2332 4018 2453 4078 post
2490 4027 2703 4082 peregre
2732 4015 3087 4084 proﬁciscens,
3144 4028 3405 4086 punctum
3436 4035 3565 4075 vero

1987 4108 2110 4169 post
2142 4116 2263 4163 sua,
2300 4114 2409 4155 non
2446 4116 2633 4157 coacta
2660 4113 2743 4159 est
2786 4105 3143 4177 intelligentia
3194 4115 3252 4162 et
3296 4108 3566 4168 orationis

1986 4190 2256 4259 syntaxis.

2060 4382 2227 4440 νειις.
2262 4386 2347 4441 19.
2397 4385 2510 4442 Cur
2556 4389 2688 4446 dicit
2737 4391 2866 4461 quia
2910 4408 3033 4449 cum
3079 4395 3317 4452 dedisset
3360 4398 3560 4453 talenta

294 4473 658 4546 ἀπεδήμησε;
689 4474 759 4525 "ll
804 4474 902 4544 τὴν
935 4472 1321 4545 μακροθυμίαν
1364 4474 1794 4546 ἐνδεικνύμενος.
1843 4476 1877 4546 ἢ

1994 4479 2181 4545 servis,
2217 4479 2497 4548 profectus
2527 4483 2773 4539 est?Aut
2800 4494 2860 4539 ut
2888 4485 3140 4542 ostendat
3171 4487 3561 4560 longanimita-

295 4568 389 4621 τὸν
417 4568 872 4638 παρατεταμένον
913 4565 1128 4638 καιρὸν,
1166 4568 1335 4639 μέχρι
1364 4568 1464 4638 τῆς
1506 4569 1875 4633 ἀναστάσεως.

294 4659 338 4711 Τ
343 4659 568 4713 άλαντον
587 4654 680 4712 οὖν
710 4660 743 4731 ἡ
766 4658 997 4712 ἑκάστου
1023 4658 1249 4729 δύναμις
1267 4661 1332 4730 ἢν
1354 4659 1514 4713 ἔλαϐε
1535 4661 1688 4733 παρά
1708 4660 1869 4717 Θεοῦ.

294 4751 367 4803 Τὸ
391 4751 640 4815 δὲ,Ἓδει
663 4767 736 4804 σε
759 4749 1121 4804 καταϐαλεῖν
1155 4749 1221 4802 τὸ
1241 4748 1546 4802 τάλαντόν
1557 4767 1701 4817 μου,
1720 4749 1880 4804 τοῦτο

292 4844 463 4914 λέγει,
487 4844 547 4897 τὸ
567 4846 743 4898 εἰπεῖν
772 4845 867 4898 καὶ
908 4842 1238 4913 παραινέσαι
1273 4843 1369 4896 καὶ
1400 4842 1798 4913 συμϐουλεῦσαι
1844 4843 1876 4914 ἢ

294 4936 771 5008 σομϐουλευθῆναι
811 4939 844 5007 ἢ
875 4936 1295 5007 παραινεθῆναι.
1334 4935 1694 5007 ’Δργύριονδὲ
1721 4935 1879 4990 καλεί

293 5033 360 5084 τὰ
372 5032 566 5100 Δόγιαο
587 5030 922 5103 τραπεζίτας
942 5030 1022 5097 δὲ,
1037 5031 1161 5093 τοὺς
1182 5028 1499 5093 ἀκούοντας·
1522 5030 1680 5083 τόκον
1695 5030 1876 5100 sum

292 5122 402 5177 τῶν
440 5123 617 5195 ἔργων
651 5121 912 5187 ἐπίδειξιν
944 5122 1040 5176 καὶ
1086 5122 1354 5193 ἐργασίαν
1382 5122 1474 5175 ἐπὶ
1507 5122 1569 5176 τὸ
1604 5125 1872 5193 κρεῖττον’

290 5213 525 5284 ἀρθῆναι
551 5214 607 5267 δὲ
639 5212 851 5267 κελεύει
880 5213 943 5266 τὸ
972 5212 1125 5267 δοθὲν
1152 5212 1437 5277 τάλαντον,
1460 5211 1604 5266 τοῦτ’
1631 5212 1779 5266 ἔστιν
1809 5212 1872 5266 τὸ

290 5307 557 5377 χάρισμα,
591 5305 683 5360 ἀπ’
712 5305 900 5372 αὐτοῦ,
935 5306 1032 5359 καὶ⁵
1061 5307 1425 5377 προστεθῆναι
1450 5306 1530 5377 τῷ
1562 5306 1758 5378 ἔχοντι·
1790 5306 1877 5359 λέ-

288 5414 377 5465 γει
417 5396 473 5450 se
501 5399 627 5467 περὶ
657 5397 996 5453 διδασκάλων
1021 5399 1095 5463 ὡς
1119 5399 1214 5453 ἐπὶ
1246 5399 1308 5454 τὸ
1335 5399 1495 5453 πολύ.

361 5604 463 5657 Διά
488 5603 541 5655 τί
572 5604 794 5675 ἐρίφους
822 5603 947 5667 τοὺς
974 5602 1356 5674 ἁμαρτωλοὺς,
1387 5601 1640 5673 πρόϐατα
1660 5602 1719 5655 δὲ
1746 5602 1873 5666 τοὺς

288 5697 534 5760 δικαίους
574 5697 760 5766 λέγεις
814 5696 938 5750 Ὅτι
980 5697 1037 5762 ἐξ
1071 5697 1275 5768 ἐρίφων
1313 5696 1574 5767 πρόσοδος
1611 5696 1868 5765 οὐδεμία,

289 5791 358 5847 ὲκ
408 5787 466 5845 δὲ
520 5790 806 5863 προϐάτων
840 5789 1029 5862 πολλὴ,
1065 5790 1125 5854 ἐξ
1172 5789 1341 5861 ἐρίου,
1396 5793 1459 5843 ἐκ
1495 5788 1753 5855 τοκετῶν,
1806 5788 1869 5840 ἐκ

1986 4577 2116 4635 tem,
2143 4579 2235 4626 aut
2267 4580 2482 4641 tempus
2515 4589 2627 4642 quo
2655 4575 2897 4631 distabat
2925 4592 2955 4631 a
2994 4581 3422 4636 resurrectione.
3456 4580 3560 4636 'l‘a-

1984 4661 2191 4717 lentum
2216 4677 2347 4731 ergo
2387 4671 2472 4717 est
2499 4662 2767 4734 cujusque
2792 4668 2874 4722 vis
2903 4683 3069 4737 quam
3100 4684 3130 4723 a
3164 4668 3275 4725 Deo
3307 4672 3555 4741 recepit;

1983 4752 2113 4807 illud
2137 4762 2322 4808 autem
2351 4771 2366 4808 :
2394 4752 2644 4824 Oportuit
2662 4765 2711 4809 te
2734 4759 3058 4813 committere
3080 4759 3335 4814 talentum
3363 4779 3558 4828 υιειιιιι,

1982 4846 2182 4901 dicitur
2219 4845 2288 4901 ad
2339 4847 2760 4917 signiﬁcandum
2795 4851 3089 4926 monitaet
3139 4852 3371 4909 consilia
3404 4853 3560 4922 dare,

1980 4946 2076 4992 aut
2109 4938 2317 4992 monita
2355 4950 2411 4993 et
2462 4940 2690 4995 consilia
2727 4942 2979 5011 excipere
3011 4962 3025 4998 :
3054 4946 3343 5011 pecuniam
3375 4956 3557 5003 autem

1980 5038 2141 5083 vocat
2166 5028 2369 5095 verba;
2402 5030 2823 5095 nummularius,
2861 5047 2961 5088 eos
2984 5034 3077 5103 qui
3126 5036 3391 5102 audiunt;
3424 5053 3557 5092 usu-

1979 5134 2097 5172 ram
2125 5132 2257 5172 vero
2296 5133 2524 5188 operum
2551 5118 3055 5175 manifestationem
3084 5130 3138 5175 et
3172 5126 3548 5192 operationem

1980 5210 2033 5263 iu
2068 5209 2287 5265 melius.
2321 5208 2463 5264 Tolli
2496 5220 2677 5266 autem
2725 5212 2883 5281 jubet
2928 5212 3073 5281 quod
3112 5213 3341 5269 dederat
3375 5216 3555 5271 talen-

1979 5313 2119 5370 tum,
2146 5305 2197 5359 id
2226 5314 2331 5368 cst,
2359 5304 2587 5374 gratiam
2622 5319 2742 5375 quae
2764 5320 2827 5359 ex
2876 5305 2968 5359 illo
2997 5313 3102 5371 est,
3137 5314 3192 5360 et
3218 5306 3342 5362 addi
3370 5309 3420 5362 ei
3458 5310 3551 5377 qui

1979 5396 2173 5464 habet;
2235 5396 2479 5467 loquitur
2533 5398 2599 5453 de
2654 5396 2975 5453 doctoribus
3025 5406 3086 5451 ut
3142 5398 3198 5451 in
3265 5398 3552 5467 superiore

1976 5490 2168 5559 gradu.

2053 5598 2214 5656 Vsus.
2256 5601 2347 5655 53.
2404 5600 2515 5654 Cur
2569 5599 2753 5656 hados
2793 5609 3130 5669 peccatores,
3188 5614 3321 5654 oves
3368 5606 3550 5652 autem

1969 5691 2152 5759 iustos
2180 5689 2527 5757 vocatiouia
2568 5706 2635 5746 ex
2688 5691 2860 5746 htedis
2890 5701 3187 5759 proventus
3233 5690 3441 5755 nullus,
3483 5706 3549 5745 ex

1975 5786 2174 5840 ovibus
2212 5793 2409 5845 autem
2455 5784 2682 5847 multus,
2747 5783 2802 5837 in
2835 5781 2981 5847 lana,
3032 5782 3321 5852 partubus,
3388 5783 3542 5853 lacte,
