4060 6584
501 318 640 385 1159
1176 312 1568 374 OPUSCULA
1609 308 2246 372 SCRIPTURISTICA
2288 305 2640 367 lNCERT/E
2672 306 2978 369 IETATIS.
3619 314 3751 381 1150

477 447 644 488 caseo
670 449 686 486 :
719 430 826 486 alia
863 428 1084 499 quidem
1118 428 1275 481 bruta
1301 442 1333 480 a
1364 435 1561 482 natura
1589 442 1713 489 sua,
1748 440 1851 480 nos
1871 432 2054 478 autem

2163 421 2457 491 γάλακτος,
2496 424 2562 476 ἐκ
2596 425 2789 496 τυροῦ.
2854 425 3015 479 ’Λλλά
3050 425 3120 479 τά
3152 426 3253 496 μὲν
3284 427 3473 497 ἄλογα,
3504 430 3613 484 ἀπὸ
3650 436 3754 503 φύ-

486 542 515 579 a
548 532 740 579 nostra
767 521 1063 575 voluntate.

2167 531 2325 578 σεως’
2363 516 2527 585 ἡμεῖς
2558 515 2615 569 δὲ
2645 518 2709 569 ὲκ
2741 517 3137 589 προαιρέσεως.

551 614 719 670 Visus.
757 613 848 667 δι.
896 611 1166 667 Possidete
1197 619 1445 680 paratum
1474 609 1618 663 vobis
1670 623 1921 677 regnum;
1954 621 2061 659 non

472 707 611 761 dicit
655 723 668 761 :
700 704 967 774 Accipite,
986 703 1081 761 sed
1112 713 1172 759 ut
1205 711 1432 774 paterna
1461 709 1518 758 et
1544 701 1657 770 jam
1689 708 1892 783 vestra,
1928 696 2064 751 Pos-

483 800 669 852 ridete.

554 889 721 945 Vsus.
760 889 852 944 42.
886 887 962 944 De
1014 889 1360 959 eleemosyna
1409 885 1654 957 loquitur
1703 883 1909 949 :Quod
1960 898 2063 935 non

478 983 701 1037 dedistis
737 981 865 1036 milii
902 981 1265 1045 manducare;
1295 988 1479 1033 etnon
1507 978 1611 1032 hoc
1637 984 1849 1030 tantum
1886 975 2063 1029 admi-

2237 609 2749 676 Κληρονομήσατε
2771 609 2887 677 τὴν
2918 612 3372 684 ἡτοιμασμένην
3403 618 3546 687 ὑμῖν
3572 621 3758 684 ,βασι-

2162 701 2358 755 λείαν.
2410 702 2526 755 Ούκ
2574 698 2752 767 εἶπεν,
2796 703 3041 771 Λάϐετε,
3088 706 3205 759 ἀλλ’
3252 707 3326 772 ὡς
3381 711 3612 781 πατρῷα
3663 715 3758 767 καὶ

2166 791 2317 861 ὑμῶν
2345 793 2446 863 ἤδη
2485 794 2636 861 ὄντα,
2671 796 3209 866 κληρονομήσατε.

2241 884 2351 954 Τὴν
2381 884 2754 955 ἐλεημοσύνην
2795 886 2963 955 λέγει,
3017 889 3139 942 Ὀτι
3189 891 3300 943 οὐκ
3346 890 3607 947 ἐδώκατέ
3647 913 3755 964 μοι

2163 976 2407 1046 φαγεῖν·
2442 978 2537 1031 καὶ
2562 978 2623 1030 οὐ
2646 977 2802 1031 τοῦτο
2837 979 2998 1048 μόνον
3027 974 3193 1048 εἶχον,
3239 980 3352 1033 ἀλλ’
3398 984 3517 1037 οὐδὲ
3545 989 3759 1055 γυμνὸν

475 1086 693 1139 serunt,
717 1074 812 1129 scd
852 1088 960 1127 non
993 1072 1201 1126 nudum
1229 1075 1597 1138 aperuerunt;
1623 1075 1678 1121 et
1706 1064 1853 1136 quod
1890 1066 2054 1120 levius

2165 1067 2516 1138 περιέϐαλονο
2552 1069 2644 1122 καὶ
2699 1069 2729 1122 ὃ
2778 1068 3109 1141 κουφότερον
3159 1066 3249 1142 ἦν,
3298 1071 3421 1126 ούδὲ
3468 1074 3759 1145 ἄρρωστον

474 1177 584 1237 est,
615 1182 723 1222 non
756 1165 1032 1221 infirmum
1069 1163 1457 1217 visitaverunt.

2164 1160 2557 1230 ὲπεσκέψαντο.

1039 1304 1273 1364 CAPUT
1310 1306 1508 1363 XXVI.

2742 1306 2997 1360 ΚΕΦΑΛ.
3030 1305 3175 1374 Kq'.

553 1438 718 1494 Vsus.
752 1438 806 1491 3.
836 1434 977 1503 Quid
1018 1444 1100 1492 est
1138 1434 1496 1509 :Congregati
1519 1443 1641 1488 sunt
1671 1433 1938 1504 principes
1968 1450 2054 1487 sa-

2248 1431 2313 1485 Τί
2339 1433 2484 1485 ἐστιν
2511 1434 2595 1497 τὸ,
2626 1432 3039 1504 Συνήχθησαν
3071 1439 3127 1491 οι
3161 1438 3482 1507 ἀρχιερεῖς
3511 1441 3754 1509 Ἔδειξεν

477 1531 788 1586 cerdotum?
840 1528 1218 1585 Ostenduntur
1266 1526 1492 1584 Judaica
1555 1527 1771 1582 initium
1837 1540 2054 1583 sumere

2161 1526 2245 1579 ὅτι
2291 1528 2360 1580 τὰ
2416 1527 2687 1581 Ἰουδαϊκὰ
2724 1528 2901 1601 ἀρχὴν
2949 1529 3258 1599 ἐλάμϐανεν
3304 1531 3646 1589 διαλύεσθαι.
3691 1536 3753 1589 Ὀ

477 1621 879 1677 dissolutionis.
910 1619 1045 1674 Nam
1078 1619 1294 1691 Moyses
1340 1635 1510 1674 unum
1547 1632 1671 1674 esse
1702 1618 2054 1673 sacerdotum

2165 1616 2262 1687 μὲν
2288 1617 2396 1687 γὰρ
2424 1618 2628 1688 Μωσῆς
2667 1618 2765 1672 ἕνα
2818 1614 2963 1672 εἶναι
3002 1621 3265 1691 ἀρχιερέα
3306 1623 3612 1677 ἐκέλευσεν
3660 1626 3754 1678 καὶ

475 1714 777 1784 principem
825 1711 1028 1781 jussit;
1086 1722 1140 1768 et
1191 1713 1295 1766 hoc
1348 1720 1590 1777 mortuo,
1641 1717 1773 1766 tunc
1829 1710 2054 1765 alterum

2162 1710 2609 1782 τελευτήσαντος,
2642 1712 2763 1764 τότε
2788 1713 2977 1783 ἕτερον
3005 1714 3276 1781 γίνεσθαι.
3307 1718 3439 1771 Τότε
3470 1718 3524 1771 δὲ
3560 1720 3753 1772 πολλοὶ

474 1780 670 1862 statui:
694 1804 803 1860 Sed
832 1780 958 1860 tum
991 1814 1148 1859 erant
1174 1805 1331 1859 multi
1371 1803 1715 1860 sacerdotum
1761 1802 2054 1872 principes,

2161 1796 2299 1873 ἦσαν
2330 1780 2630 1874 ἀρχιερεῖς*
2668 1780 2929 1858 ἐνιαύσιοι
2976 1806 3086 1876 γὰρ
3135 1808 3395 1875 ὲγίνοντο’
3446 1811 3540 1863 καὶ
3591 1809 3755 1865 τοῦτο

476 1901 747 1955 annuales
769 1900 914 1954 enim
942 1898 1145 1952 ﬁebant
1176 1916 1189 1952 :
1219 1907 1274 1952 et
1305 1897 1409 1951 hoc
1436 1895 1640 1951 clarius
1668 1893 1909 1949 ostendit
1952 1893 2054 1946 Ln-

2161 1896 2497 1968 σαφέστερον
2548 1896 2702 1967 δηλοῖ
2745 1899 2985 1963 Λουκᾶς,
3044 1899 3140 1965 Ἐξ
3190 1900 3515 1969 ἐφημερίας
3561 1905 3756 1957 αὑτὸν

477 2008 574 2046 cas
601 1991 811 2057 dicens,
867 1990 1143 2061 loquendo
1186 1989 1254 2045 de
1306 1988 1616 2044 Zacharia:
1653 1986 1811 2041 Ilunc
1840 1986 1903 2041 de
1951 1985 2054 2040 vice

2161 1984 2311 2042 εἶναι
2372 1987 2536 2045 Ἀϐιᾶ
2586 1988 2783 2057 λέγων,
2832 1989 2961 2061 περὶ
3010 1990 3104 2045 τοῦ
3174 1992 3444 2063 Ζαχαρίου
3497 1994 3753 2065 διαλεγό-

476 2086 610 2138 Αιοὲα
637 2100 770 2139 esse.

2162 2098 2343 2151 μενος.

552 2177 715 2233 Vsus.
751 2177 805 2232 5.
832 2175 972 2244 Quid
1008 2177 1199 2232 dicunt
1250 2195 1264 2232 :
1308 2175 1432 2231 Non
1458 2177 1511 2229 in
1550 2176 1634 2230 die.
1681 2175 1836 2246 festo,
1879 2190 1939 2228 ne
1971 2182 2054 2228 tu-

2231 2173 2295 2228 Τί
2329 2174 2600 2243 λέγουσιν,
2636 2173 2730 2244 Μὴ
2783 2176 2852 2229 ἐν
2878 2175 2953 2244 τῇ
2999 2176 3197 2245 ἑορτῇ,
3233 2178 3333 2233 ἵνα
3373 2178 3460 2249 μὴ
3496 2181 3754 2249 θόρυϐος

477 2268 674 2323 mulius
699 2269 847 2338 ﬁeret
878 2270 933 2323 in
959 2268 1191 2339 populo?
1219 2269 1486 2323 timebant
1508 2268 1655 2322 enim
1685 2266 1971 2337 populum,
1993 2280 2054 2319 eo

2170 2263 2411 2333 γένηται
2443 2264 2512 2318 ἐν
2551 2263 2630 2329 τῷ
2662 2263 2825 2329 λαῷς
2876 2266 3279 2321 Ἐδεδοίκεισαν
3327 2268 3436 2338 γὰρ
3482 2268 3573 2322 τὸν
3617 2270 3751 2323 λαὸν

474 2363 622 2433 quod
660 2360 821 2416 iidem
849 2361 1081 2417 habebat
1111 2361 1164 2414 in
1202 2360 1523 2425 Christum;
1550 2360 1672 2414 ideo
1696 2359 1837 2414 diem
1856 2358 2054 2412 festum

2161 2356 2241 2409 ὅτι
2269 2356 2449 2409 πίστιν
2496 2352 2640 2426 εἶχον
2676 2357 2757 2421 εἰς
2805 2359 3063 2430 Χριστόν·
3121 2360 3202 2413 διὸ
3253 2360 3349 2414 καὶ
3398 2359 3497 2431 τὴν
3546 2362 3745 2433 ἑορτὴν

475 2462 936 2524 exspectaverunt
967 2461 1024 2507 ut
1060 2453 1386 2523 praeteriret.

2161 2447 2422 2516 ἀνέμενον
2454 2465 2527 2499 πα
2537 2447 2766 2518 ρελθεῖν.

551 2545 715 2601 Vsus.
750 2546 804 2601 6.
845 2545 954 2601 Cur
987 2546 1041 2600 in
1071 2544 1238 2600 domo
1260 2547 1504 2601 Simonis
1532 2544 1736 2616 leprosi
1768 2543 1822 2600 id
1844 2556 2054 2598 memo-

2240 2539 2338 2592 Διά
2368 2539 2419 2591 τί
2461 2540 2519 2591 ὲν
2549 2538 2698 2611 οἰκίᾳ
2744 2539 2988 2609 Σίμωνος
3034 2537 3127 2593 τοῦ
3172 2540 3376 2612 λεπροῦ
3410 2542 3571 2595 τοῦτο
3612 2560 3750 2613 μνη-

474 2650 631 2697 ratur
662 2639 866 2696 factum
896 2640 1057 2696 esse?
1093 2637 1165 2693 Ut
1208 2639 1592 2695 ostenderetur
1636 2653 1811 2708 quare
1844 2636 2054 2703 ,mulicr

2163 2633 2379 2702 μονεύει
2411 2631 2697 2699 γενέσθαι;
2729 2633 2847 2685 ’Ὶνα
2881 2632 3032 2705 δείξῃ
3068 2634 3231 2686 πόθεν
3268 2636 3520 2705 παροῦσα
3549 2637 3747 2707 ὴγυνὴ

478 2735 546 2787 ad
578 2732 866 2788 Christum
896 2732 1213 2798 accesserit,
1248 2732 1392 2801 quod
1446 2746 1641 2801 nempe
1691 2732 1792 2787 iste
1831 2738 2054 2785 curatus

2161 2724 2237 2793 τῷ
2270 2723 2492 2796 Χριστῷ
2536 2724 2860 2795 προσῆλθεν,
2906 2727 2969 2779 ἐκ
2999 2725 3091 2779 τοῦ
3123 2728 3330 2782 ἐκεῖνον
3361 2728 3580 2797 ἰαθῆναί
3608 2747 3740 2782 ποτε

476 2823 656 2879 fuerat
687 2838 860 2893 nuper
890 2832 946 2878 et
974 2833 1094 2878 erat
1123 2822 1188 2877 de
1212 2823 1316 2877 hoc
1352 2820 1520 2877 fama.

551 2916 717 2972 Vsus.
746 2916 800 2971 7.
840 2915 1034 2969 Mulier
1070 2914 1161 2969 illa
1196 2915 1413 2969 videtur
1459 2913 1680 2985 quidem
1712 2929 1820 2967 una
1877 2922 1931 2969 et
1961 2928 2055 2968 ea~

478 3010 602 3064 dem
638 3008 692 3062 in
717 3007 975 3062 omnibus
1011 3006 1386 3077 evangelistis,
1440 3020 1548 3059 non
1587 3014 1671 3059 est
1716 3014 1898 3059 autem
1931 3006 2051 3059 sic:

478 3102 569 3156 sed
606 3118 728 3171 qua:
783 3102 837 3156 in
892 3101 1068 3156 trihus
1096 3099 1315 3170 legitur,
1368 3113 1475 3152 una
1507 3097 1637 3152 mihi
1674 3097 1888 3151 videtur
1933 3112 2055 3153 esse

476 3197 738 3251 eteadem
762 3210 778 3260 ;
802 3193 1026 3248 minime
1068 3206 1198 3247 vero
1234 3190 1376 3261 apud
1412 3188 1679 3244 Joannem
1726 3190 1917 3244 eadem
1951 3198 2056 3253 est,

476 3286 570 3341 sed
624 3286 794 3340 altera
834 3285 1087 3356 quaedam
1133 3282 1456 3338 admiranda
1497 3280 1689 3335 Lazari
1727 3297 1906 3339 soror.
1945 3281 2058 3335 Cur

480 3393 588 3436 non
619 3379 670 3433 in
708 3378 945 3448 publico,
973 3376 1067 3432 sed
1122 3375 1263 3431 intra
1322 3375 1545 3429 domum
1579 3371 1733 3428 adest
1764 3374 2059 3428 meretrix?

479 3471 617 3538 Quia
645 3470 822 3540 turpis
866 3478 987 3524 erat
1029 3462 1084 3524 et
1129 3474 1354 3539 propter
1397 3466 1614 3521 turbam
1653 3466 2055 3522 erubescebat:

478 3579 585 3619 non
602 3563 746 3619 enim
774 3571 836 3618 ut
860 3560 1306 3624 haemorrhoissa,
1325 3568 1419 3614 aut
1444 3568 1503 3614 ut
1524 3558 1710 3626 vidua,
1727 3568 1821 3614 aut
1840 3569 1898 3614 ut
1916 3559 2060 3614 Mar-

478 3663 571 3710 tha
596 3657 813 3711 obviam
841 3654 971 3709 adit.
1007 3653 1119 3708 Cur
1172 3652 1387 3723 capillis
1428 3650 1627 3707 tersit?
1688 3651 1829 3719 Quia
1882 3654 2057 3723 magis

476 3763 639 3818 quam
672 3762 772 3818 pro
795 3746 1018 3802 homine
1053 3745 1206 3800 illum
1240 3744 1673 3812 lionoriﬁcabat;
1704 3745 1852 3815 quod
1884 3745 2059 3800 hono-

476 3839 776 3894 rillcentius
799 3838 927 3909 egit,
952 3835 1187 3892 aﬂerens
1230 3851 1391 3892 suum
1428 3847 1593 3906 caput
1628 3851 1729 3906 pro
1760 3836 1948 3891 linteo.

550 3928 718 3985 Vsus.
761 3928 817 3983 8.
863 3926 977 3982 Cur
1033 3926 1393 3998 indignantur
1452 3927 1709 3997 discipuli
1771 3927 2055 3983 dicentes:

479 4020 675 4093 thuid
724 4020 949 4091 perditio
997 4019 1149 4074 hac?
1196 4019 1335 4085 Quia
1386 4017 1454 4073 de
1491 4018 1838 4091 eleemosyna
1887 4020 2059 4075 multa

475 4118 720 4179 sciebat;
753 4111 997 4181 permisit
1025 4124 1209 4166 autem
1240 4126 1405 4181 super
1438 4120 1601 4180 caput
1648 4127 1806 4166 suum
1839 4112 2047 4168 ell‘undi

475 4212 838 4272 unguentum,
872 4218 968 4274 per
999 4218 1253 4275 magnam
1283 4202 1854 4260 condescendentiam.

549 4389 714 4445 Vens.
747 4390 835 4445 l0.
889 4390 1001 4446 Cur
1044 4390 1359 4447 dicentibus
1410 4391 1520 4448 illis
1568 4393 1760 4461 potuit,
1800 4392 2060 4463 objurga-

2159 2815 2253 2869 καὶ
2279 2816 2374 2887 τὴν
2406 2817 2594 2887 φήμην
2625 2814 2784 2872 εἶναι.

2256 2909 2319 2962 Ἦ
2351 2911 2490 2982 γυνὴ
2539 2911 2679 2982 α’ύτη
2727 2911 2876 2964 δοκεῖ
2917 2912 3016 2982 μὲν
3054 2907 3195 2967 εἶναι
3246 2916 3346 2983 μία
3395 2914 3488 2967 καὶ
3536 2915 3749 2986 ὴαὺτὴ

2160 3002 2313 3074 παρὰ
2334 3006 2444 3068 τοῖς
2477 3004 2893 3074 εὑαγγελισταῖς
2926 3006 3152 3071 ἅπασιν,
3187 3006 3285 3060 οὐκ
3315 3007 3430 3061 ἐστι
3456 3007 3530 3059 δέ·
3568 3007 3685 3061 ἀλλ’
3713 3010 3747 3077 ὴ

2161 3096 2310 3167 πιρά
2344 3096 2443 3166 μὲν
2465 3099 2578 3161 τοῖς
2611 3097 2778 3168 τρισὶ,
2816 3098 2917 3167 μία
2965 3116 3047 3162 τις
3085 3095 3223 3153 εἷναί
3275 3116 3365 3170 μοι
3396 3100 3545 3153 δοκεῖ
3575 3101 3671 3153 καὶ
3715 3103 3750 3172 ὴ

2162 3191 2321 3261 αὐτή·
2354 3190 2538 3244 οὐκέτι
2568 3191 2623 3244 δὲ
2658 3192 2753 3245 καὶ
2786 3190 2937 3259 παρὰ
2967 3190 3043 3261 τῷ
3080 3191 3303 3263 Ἰωάννῃ
3335 3191 3481 3245 ἐστὶν
3514 3193 3547 3263 ἡ
3584 3193 3745 3265 αὑτὴ,

2161 3282 2276 3335 ἀλλ’
2323 3284 2486 3355 ἑτέρα
2530 3301 2615 3346 τις
2654 3283 2946 3355 θαυμαστὴ
2995 3287 3026 3355 ὴ
3079 3284 3171 3337 τοῦ
3216 3285 3470 3357 Λαζάρου
3519 3286 3748 3358 ἀδελφή.

2161 3376 2260 3428 Διὰ
2288 3374 2339 3428 τί
2372 3375 2431 3428 ού
2464 3375 2722 3447 δημοσίᾳ,
2755 3376 2870 3430 ἀλλ’
2902 3378 2959 3429 ὲν
2996 3375 3145 3447 οἰκίᾳ
3188 3376 3408 3448 ἔρχεται
3443 3378 3476 3448 ἡ
3526 3378 3700 3449 πόρνη
3730 3394 3745 3441 ;

2174 3466 2390 3537 Ἐπειδὴ
2426 3467 2761 3537 αἰσχροτάτη
2792 3462 2861 3538 ἦν
2912 3468 3002 3520 καὶ
3038 3466 3305 3538 ᾐσχύνετο
3338 3468 3431 3520 ἐπὶ
3458 3467 3637 3537 ὄχλου·
3688 3468 3747 3521 οὐ

2161 3558 2269 3629 γὰρ
2297 3558 2372 3623 ὡς
2406 3560 2441 3630 ὴ
2472 3560 2798 3631 αἱμόρρους,
2836 3558 2869 3631 ἢ
2902 3560 2977 3622 ib;
3011 3562 3040 3631 ἡ
3078 3560 3242 3630 χήρα,
3288 3559 3321 3629 ἦ
3370 3561 3444 3623 ὡς
3478 3562 3510 3631 ἡ
3546 3562 3747 3631 Μάρθα

2162 3650 2397 3720 ἀπαντᾷ.
2449 3650 2549 3703 Διά
2602 3650 2655 3704 τί
2706 3653 2826 3714 ταῖς
2874 3651 3048 3723 θριξὶν
3108 3652 3465 3722 ἁπέμασσεν;
3528 3653 3745 3723 Ἐπειδὴ

2162 3742 2326 3795 πλέον
2355 3742 2388 3814 ἢ
2440 3742 2579 3796 κατά
2608 3742 2894 3815 ἄνθρωπον
2926 3744 3087 3797 αὐτὸν
3115 3745 3302 3815 ὲτίμαυ
3344 3744 3374 3797 ὃ
3419 3744 3745 3815 τιμιώτερον

2161 3828 2274 3904 εἶχε
2318 3834 2707 3905 προσφέρουσα
2758 3835 2855 3908 τὴν
2906 3836 3107 3906 ἑαυτῆς
3158 3836 3404 3908 κεφαλὴν
3460 3839 3581 3892 ἀντὶ
3635 3857 3744 3893 σιν-

2160 3923 2328 3987 δόνος.

2238 4016 2338 4070 Διὰ
2364 4015 2417 4068 τί
2448 4016 2852 4085 ἀγανακτοῦσιν
2880 4019 2929 4069 οἱ
2960 4018 3204 4089 μαθηταὶ
3242 4018 3514 4087 λέγοντες·
3556 4024 3657 4087 Εἰς
3691 4023 3746 4074 τί

2162 4107 2199 4176 ἡ
2222 4104 2487 4163 ἀπώλεια
2518 4110 2709 4177 αὕτη;
2746 4110 2964 4181 Ἐπειδὴ
2990 4112 3114 4182 περὶ
3140 4111 3507 4182 ὲλεημοσύνης
3543 4114 3743 4183 ﬁmus:

2162 4201 2356 4257 πολλά·
2392 4203 2739 4275 συνεχώρησε
2769 4203 2825 4257 δὲ
2856 4204 2950 4257 καὶ
2980 4203 3122 4257 κατά
3153 4205 3255 4274 τῆς
3286 4205 3532 4274 κεφαλῆς
3580 4204 3741 4258 αύτοῦ

2161 4296 2389 4366 χεθῆναι
2420 4295 2481 4348 τὸ
2511 4295 2703 4366 μῦρον,
2748 4294 2857 4348 ἀπὸ
2889 4294 3093 4365 πολλῆς
3126 4295 3618 4363 συγκαταδάσεως.

2236 4386 2334 4439 Διὰ
2358 4386 2410 4439 τί
2444 4385 2698 4452 λέγουσιν
2726 4385 2913 4450 αὐτοῖς
2943 4386 3026 4453 τὸ,
3073 4386 3377 4450 Ἐδὺνατο,
3410 4389 3743 4458 ἐπετίμησεν

474 4480 678 4537 tionem
710 4482 877 4539 facit?
908 4498 974 4538 ne
1002 4485 1251 4540 mulieris
1278 4499 1466 4538 curam
1496 4493 1550 4539 et
1572 4485 1730 4540 ﬁdem
1756 4486 1822 4539 ad
1855 4494 2054 4539 metum

2168 4479 2392 4541 αύτοῖςς
2426 4478 2545 4531 Ἵνα
2573 4478 2650 4549 μὴ
2682 4479 2783 4549 τῆς
2810 4480 3070 4547 γυναικὸς
3101 4478 3199 4551 τὴν
3243 4480 3477 4549 σπουδὴν
3512 4484 3606 4535 καὶ
3646 4482 3745 4553 τὴν

475 4575 551 4630 illi
581 4574 890 4631 faciendum
930 4578 1247 4632 adhibeant.

424 4686 448 4733 ν.
554 4663 721 4721 Vsus.
762 4668 850 4722 15.
885 4666 998 4719 Cur
1037 4667 1247 4721 nullum
1295 4665 1584 4736 spirituale
1618 4666 1854 4735 pretium
1885 4665 2052 4731 dedit,

474 4759 568 4816 sed
600 4758 923 4813 memoriam
955 4759 1316 4827 perpetuam?
1347 4758 1486 4825 Quia
1515 4757 1820 4813 sulIiciebat
1842 4758 1945 4813 hoc
1967 4759 2050 4813 vel

475 4852 529 4908 in
560 4852 680 4906 istis
721 4849 788 4904 ad
832 4850 1273 4919 persuadendum
1300 4858 1360 4905 ut
1380 4850 1625 4904 animum
1658 4860 1901 4906 sumeret
1939 4850 2051 4906 illa.

475 4942 624 5010 Opus
658 4941 863 4994 bonum
913 4950 1137 5010 operata
1170 4948 1311 5005 erat,
1342 4948 1402 4995 ut
1450 4940 1530 4995 ait
1577 4942 1870 5009 Christus;
1908 4950 2057 5013 patet

474 5031 623 5086 illam
668 5032 887 5102 dignam
924 5031 1231 5086 mercedem
1254 5040 1595 5101 recepturam
1618 5048 1759 5088 esse.
1776 5031 2051 5091 Dicendo:

471 5125 555 5177 Ad
578 5124 932 5193 sepeliendum
958 5139 1041 5178 me
1067 5124 1215 5193 fecit,
1246 5124 1487 5194 loquitur
1506 5125 1809 5195 praedicens
1838 5126 2054 5196 passio-

473 5232 621 5280 nem,
654 5217 809 5286 quasi
863 5231 1079 5286 semper
1127 5232 1246 5271 eam
1283 5232 1519 5273 cernens
1554 5224 1607 5274 et
1642 5217 1751 5274 illis
1778 5220 1833 5274 in
1863 5234 2051 5275 recor-

473 5307 749 5362 dationem
779 5307 1078 5361 adducens.

542 5395 711 5453 Vens.
745 5397 830 5451 Μ.
876 5396 1050 5463 Quam
1083 5397 1153 5453 ob
1171 5413 1390 5454 causam
1426 5399 1629 5455 dicitur
1669 5418 1682 5455 :
1731 5400 1883 5455 Tunc
1920 5401 2053 5455 atii:

2164 4572 2348 4626 πίστιν
2376 4573 2458 4636 είς
2480 4572 2541 4626 τὸ
2580 4572 2983 4645 ἐξαπορηθῆναι
3018 4573 3350 4644 ἐμϐάλωσιν.

2228 4664 2327 4718 Διὰ
2362 4665 2415 4718 τί
2460 4664 2652 4718 ούδένα
2694 4660 2857 4717 ἆθλον
2906 4665 3276 4734 πνευματικὸν
3322 4663 3559 4730 τέθεικε,
3611 4666 3741 4718 ἀλλὰ

2167 4758 2268 4828 τὴν
2299 4758 2381 4820 εἰς
2413 4756 2500 4810 ἀεὶ
2543 4756 2803 4828 μνήμην;
2853 4756 3075 4826 Ἐπειδὴ
3106 4757 3268 4827 ὴρκει
3297 4756 3457 4810 τοῦτο
3491 4758 3586 4810 καὶ
3612 4758 3742 4829 περὶ

2159 4849 2386 4905 ἐκείνων
2434 4851 2618 4903 πεῖσαι
2651 4848 2873 4921 θαρρεῖν
2913 4850 3106 4919 αὐτὴν.
3146 4851 3366 4917 Ἔργον
3397 4850 3591 4903 καλὸν
3628 4852 3745 4916 εἰρ-

2156 4941 2405 5013 γάσατο,
2434 4942 2509 5002 ὡς
2565 4937 2719 4995 εἶπεν
2764 4941 2998 5012 Χριστός
3022 4960 3036 4974 ο
3056 4940 3279 5010 εὕδηλον
3307 4942 3389 4994 ὅτι
3424 4942 3517 4994 καὶ
3549 4941 3741 5011 μισθ³ν

2160 5034 2311 5101 ἄξιον
2342 5033 2595 5104 λήψεται.
2632 5034 2707 5087 Τὸ
2737 5034 2793 5087 δὲ
2817 5036 3016 5098 εἰπεῖν,
3046 5037 3149 5102 Εἰς
3178 5036 3287 5088 τὸν
3327 5035 3743 5103 ἐνταφιασμόν

2153 5142 2274 5196 μου
2303 5125 2622 5194 ἐποίησεν,
2652 5125 2815 5180 τοῦτο
2844 5123 3000 5180 εἶπεν
3045 5126 3333 5199 προλέγων
3356 5126 3417 5180 τὸ
3445 5128 3639 5193 πάθος,
3665 5129 3741 5191 ὡς

2157 5208 2376 5284 πάντως
2402 5218 2561 5284 εἰδὼς
2594 5221 2690 5274 καὶ
2717 5219 2878 5274 τοῦτο
2908 5223 3346 5294 ἀναμιμνήσκων
3374 5223 3580 5285 αὐτοῖς.

2228 5407 2387 5470 Τίνος
2418 5408 2578 5478 χάριν
2621 5401 2798 5459 ε⁴ίπεν⁹
2860 5405 3005 5460 Τότε
3034 5408 3347 5475 πορευθείς
3399 5408 3632 5475 Ἰούδας
3653 5405 3742 5477 εἷς

469 5507 604 5544 unus
646 5490 708 5543 de
736 5490 1035 5556 duodecim,
1072 5489 1245 5546 ludas
1283 5492 1373 5563 qui
1413 5493 1688 5548 dicebatur
1731 5494 2054 5549 Iscari'otes?

2161 5500 2274 5554 τῶν
2300 5500 2529 5554 δώδεκα
2561 5502 2594 5554 ό
2630 5501 2960 5568 λεγόμενος
2995 5502 3418 5569 Ἰσκαριώτης;
3454 5502 3567 5556 Ἵνα
3587 5504 3741 5577 δείξῃ

470 5583 542 5640 Ut
574 5584 893 5639 ostendatur
941 5584 1187 5640 mulieris
1228 5586 1331 5641 lide
1372 5586 1523 5642 illum
1564 5603 1673 5642 non
1715 5588 1887 5644 fuisse
1931 5604 2053 5657 per-

470 5682 713 5738 motuin;
748 5672 1066 5741 Duodecim,
1088 5686 1147 5731 ut
1168 5679 1488 5734 ostendatur
1512 5678 1663 5734 illum
1696 5695 1725 5735 e
1758 5681 2046 5750 prmcipuis

456 5777 628 5837 esse;
660 5760 827 5823 Judas
860 5763 1146 5826 lscariotes
1175 5768 1375 5827 dicitur
1403 5813 1420 5837 ,
1448 5772 1577 5844 quia
1617 5773 1756 5829 alter
1796 5782 1917 5829 erat
1957 5771 2052 5828 Ju-

2164 5592 2247 5645 ὃτι
2278 5591 2399 5644 οὐδὲ
2430 5593 2464 5662 ἡ
2496 5590 2675 5654 πίστις
2706 5591 2803 5661 τῆς
2832 5591 3092 5659 γυναικὸς
3121 5591 3369 5663 ἔκαμψεν
3407 5595 3591 5648 αὐτόν.
3624 5596 3740 5647 Aib-

2156 5685 2310 5749 δεκα,
2339 5680 2515 5747 εἶπεν,
2550 5684 2641 5739 ἶνα
2683 5684 2837 5757 δείξῃ
2870 5685 2956 5739 ὅτι
2996 5687 3062 5740 ἐκ
3110 5686 3220 5740 τῶν
3272 5690 3587 5758 κορυφαίων
3635 5685 3738 5758 ἦν’

2172 5777 2378 5833 Ἰούδαν
2416 5777 2475 5831 δὲ
2528 5774 2891 5850 Ἰσκαριώτην
2934 5772 3111 5847 εἶπεν,
3145 5780 3270 5833 ἐπεὶ
3320 5782 3415 5837 καὶ
3464 5781 3624 5844 ἀλλο;
3666 5776 3754 5853 ipp
