4026 6586
330 457 460 524 1161

1312 458 1633 520 SCHOLIA
1671 457 1968 521 VETERA
2004 460 2087 520 IN
2128 461 2599 524 MATTHtEUM.

3438 464 3578 528 1162

335 574 563 637 Ἰούδας.
596 573 698 626 Διᾶ
734 567 829 626 οὖν
860 572 960 643 τῆς
990 573 1312 645 ἐπωνυμίας
1341 576 1567 646 χωρίζει
1600 576 1785 642 αὐτὸν,
1820 575 1878 628 iv:

2008 573 2139 638 das;
2176 591 2272 646 per
2301 591 2624 648 cognomem
2654 576 2843 647 igitur,
2867 579 3204 650 designatur,
3228 595 3296 637 ne
3329 582 3578 640 videatur

330 665 406 737 μὴ
438 664 566 737 δόξῃ
593 664 800 727 ἐκεῖνος
824 660 985 719 εἶναι.
1010 665 1131 736 Χρὴ
1152 665 1208 719 δὲ
1231 665 1451 732 εἰδέναι,
1485 667 1579 722 καὶ
1608 668 1902 740 αὐτομάτῳ

323 761 537 831 κινήσει
568 759 726 812 τοῦτο
751 762 897 812 ποιεῖ
930 760 1025 813 καὶ
1054 761 1282 831 χρυσίου
1310 761 1517 829 ὀλίγου.

396 850 628 920 Πρώτην
690 850 801 903 τῶν
864 850 1119 920 Ἀζύμων
1165 852 1266 921 τὴν
1318 853 1426 923 πρὸ
1469 854 1580 908 τῶν
1649 850 1901 923 Ἀζύμων

324 942 490 1010 φησίν
513 959 527 973 ·
569 940 793 995 εἰώθασι
836 943 944 1012 γὰρ
981 944 1091 998 ἀπὸ
1124 944 1225 1013 τῆς
1257 945 1499 1017 ἑσπέρας
1532 945 1619 999 ἀεὶ
1647 946 1900 1017 ἀριθμεϊν

319 1034 420 1103 τὴν
443 1031 680 1103 ἡμέραν,
726 1034 820 1087 καὶ
843 1034 1050 1105 ταύτης
1084 1036 1471 1105 μνημονεύειν,
1504 1036 1624 1091 καθ’
1649 1039 1715 1108 ἥν
1745 1038 1803 1091 ἐν
1832 1040 1896 1109 τῇ

318 1122 532 1195 ἑσπέρᾳ
570 1124 629 1178 τὸ
667 1125 858 1195 Πάσχα
900 1125 1124 1195 ἔμελλεν
1157 1126 1422 1182 θύεσθαι·
1450 1130 1515 1200 τῇ
1539 1128 1648 1201 γὰρ
1672 1130 1897 1201 πέμπτῃ

320 1217 434 1270 τῶν
473 1216 771 1271 Σαϐὗάτων
822 1217 1167 1289 προσῆλθον·
1218 1221 1312 1273 καὶ
1339 1219 1545 1290 ταύτην
1577 1221 1606 1273 6
1651 1220 1753 1291 μὲν
1797 1221 1898 1292 τὴν

318 1309 426 1379 πρὸ
465 1309 574 1362 τῶν
626 1308 878 1378 Ἀζύμων
917 1309 1097 1372 καλεῖ,
1132 1310 1224 1364 τὸν
1253 1312 1448 1381 καιρὸν
1486 1312 1660 1380 λέγων
1687 1312 1811 1368 καθ’
1834 1313 1893 1367 ὃν

314 1401 620 1471 προσῆλθον
644 1417 657 1430 ·
708 1403 736 1455 6
763 1401 818 1454 δὲ
850 1400 994 1455 οὕτω
1023 1402 1212 1470 λέγει·
1259 1397 1489 1460 Ἦλθεν
1525 1404 1594 1458 δὲ
1634 1406 1674 1473 ἡ
1704 1407 1895 1475 ἡμέρα

313 1493 434 1547 τῶν
476 1494 744 1565 Ἁζύμων,
775 1494 847 1548 ἐν
873 1489 911 1567 ᾖ
939 1494 1061 1549 ἔδει
1091 1496 1339 1550 θύεσθαι
1384 1498 1451 1551 τὸ
1487 1497 1701 1567 Πάσχα
1736 1516 1750 1529 ο
1777 1500 1806 1551 6
1834 1499 1892 1553 δέ

315 1584 480 1649 ἄλλος
524 1583 931 1654 εὐαγγελιστὴς
979 1586 1080 1656 τὴν
1131 1586 1371 1657 ἑσπέραν
1416 1587 1600 1656 λέγει·
1641 1590 1748 1643 ἀπὸ
1782 1590 1890 1665 γὰρ

312 1675 413 1744 τῆς
438 1675 676 1745 ἑσπέρας
706 1675 908 1744 ἤρχετο
936 1674 1000 1728 τὸ
1034 1675 1243 1747 Πάσχα.
1284 1679 1384 1732 Διὰ
1426 1679 1478 1732 τί
1516 1681 1759 1751 ἐρωτῶσι
1785 1682 1888 1736 ποῦ

318 1769 636 1837 ποιήσουσιν
672 1766 732 1820 τὸ
764 1768 955 1838 Πάσχα
985 1784 1001 1832 ;
1032 1767 1135 1822 Διὰ
1160 1767 1221 1822 τὸ
1255 1769 1332 1840 μὴ
1377 1769 1524 1841 ἔχειν
1565 1773 1729 1826 αὐτὸν
1754 1791 1890 1827 κατ-

312 1856 555 1926 αγώγιον
588 1858 727 1929 μήτε
744 1859 942 1913 οἰκίαν.
968 1862 1067 1913 Διὰ
1090 1860 1143 1914 τί
1169 1862 1412 1915 ἐπιτελεῖ
1424 1862 1485 1917 τὸ
1511 1864 1740 1936 Πάσχα;
1767 1865 1888 1920 'Iva

310 1950 465 2023 δείξῃ
487 1952 569 2005 ὅτι
604 1951 679 2022 μὴ
710 1952 1030 2017 ὑπεναντίος
1055 1953 1134 2024 τῷ
1162 1955 1312 2026 νόμῳ
1348 1955 1519 2010 ἐστίν.

384 2044 485 2095 Διὰ
520 2044 572 2094 τί
604 2044 740 2115 πρὸς
770 2044 1048 2112 ἄγνωστον
1081 2046 1291 2114 πέμπει
1322 2048 1635 2121 ἄνθρωπον;
1660 2053 1884 2118 Δεικνὺς

306 2137 391 2189 ὅτι
442 2135 617 2188 πάντα
663 2135 970 2189 ὑπακούει·
1008 2139 1104 2191 καὶ
1154 2139 1203 2191 εἰ
1239 2139 1455 2209 ἢθελεν,
1502 2142 1622 2195 οὐδὲ
1657 2143 1879 2200 ἔπαθεν.

308 2227 462 2277 Ἀνω
489 2223 599 2296 γὰρ
627 2224 727 2292 τὴν
755 2224 994 2279 διάνοιαν
1020 2226 1114 2280 τοῦ
1157 2228 1231 2298 μὴ
1275 2231 1635 2302 γνωρίζοντος
1662 2233 1879 2301 πείσας»

305 2314 499 2387 ὥσπερ
526 2316 624 2369 καὶ
684 2315 779 2369 τοῦ
823 2314 1015 2386 κυρίου
1047 2316 1149 2387 τῆς
1178 2316 1324 2383 ὄνου,
1368 2318 1485 2382 πῶς
1512 2320 1611 2373 οὐκ
1645 2320 1710 2374 ἂν
1756 2321 1882 2385 τοὺς

309 2406 631 2478 σταυρωτὰς
659 2407 897 2473 ἔπεισεν,
930 2408 978 2460 εί
1025 2408 1312 2474 ἐ6ούλετο;
1360 2410 1503 2478 Ἐγὼ
1530 2411 1587 2464 δὲ
1640 2412 1700 2464 οὑ
1752 2412 1882 2465 θαυ-

308 2501 467 2571 μάξω
499 2500 661 2571 μόνον
684 2501 766 2553 ὅτι
800 2500 1077 2569 ἄγνωστος
1102 2500 1177 2554 ὢν
1202 2502 1518 2568 ὑπεδέξατο,
1542 2502 1655 2555 ἀλλ’
1683 2504 1763 2556 ὃτι
1786 2505 1881 2557 καὶ

305 2593 547 2645 κίνδυνον
611 2590 965 2662 ὑφορώμενος
1040 2594 1449 2664 κατεφρόνησε·
1524 2596 1751 2665 σημεῖον
1822 2596 1879 2649 δὲ

302 2687 487 2748 αὐτοῖς
516 2684 702 2738 δίδωσι
738 2685 829 2738 τὸν
863 2687 925 2738 τὸ
973 2684 1245 2756 κεράμιον
1296 2684 1658 2754 βαστάζοντα,
1689 2688 1877 2759 ἐπειδὴ

301 2779 395 2831 τὸν
446 2777 614 2830 τόπον
651 2778 905 2846 ἠγνόουν.
962 2778 1058 2841 Τὸ,
1121 2777 1334 2845 Ῥίψον
1366 2777 1437 2830 τὰ
1470 2777 1762 2847 χρήματα,
1815 2780 1876 2831 ού

304 2868 621 2931 κελεύοντός
652 2869 825 2931 ἐστιν,
852 2867 990 2922 ἀλλὰ
1020 2868 1328 2938 συμϐούλου
1352 2868 1523 2932 ὄντος.
1560 2870 1617 2922 '0
1649 2870 1878 2941 πορνεύ-

304 2978 403 3024 σας
434 2960 540 3029 πρὸ
562 2960 728 3029 νόμου
753 2962 848 3013 καὶ
897 2961 957 3014 ἐν
986 2960 1139 3031 νόμῳ
1163 2960 1257 3014 καὶ
1291 2960 1427 3031 μετὰ
1454 2961 1639 3031 νόμον,
1675 2961 1875 3032 πολλὴν

301 3053 416 3123 ἔχει
453 3054 552 3125 τὴν
594 3055 861 3126 διαφορὰν
902 3057 997 3109 καὶ
1021 3055 1117 3110 τοῦ
1149 3057 1551 3128 ἁμαρτήματος
1590 3059 1684 3111 καὶ
1714 3076 1879 3112 κατα-

303 3145 596 3216 κρίματος.
657 3147 1023 3218 Ἐπόρνευσέν
1056 3165 1142 3212 τις
1178 3148 1359 3219 ἱερεὺς
1386 3147 1493 3202 ὧν·
1550 3150 1876 3219 ἐπόρνευσέν

2008 665 2112 720 iste
2136 668 2275 722 alter
2312 682 2456 724 esse.
2485 666 2712 738 Oportet
2741 680 2923 726 autem
2948 675 3090 728 scire
3125 674 3277 728 illum
3312 675 3415 729 hoc
3456 691 3575 746 pro-

2003 759 2125 829 prio
2159 769 2311 815 motu
2359 769 2415 815 et
2460 761 2532 815 ob
2583 761 2756 816 levem
2793 766 3078 832 pecuniam
3106 781 3289 827 agere.

2074 848 2239 906 νεεδ.
2259 851 2345 905 l7.
2368 850 2608 906 Primam
2634 852 2989 924 Azymorum,
3021 857 3163 913 diem
3194 868 3320 913 ante
3340 860 3574 930 Azymos

2000 942 2150 999 dicit.
2190 942 2451 1000 Solebant
2488 948 2631 1000 enim
2668 962 2699 1002 a
2730 962 2956 1017 vespera
2988 964 3203 1019 semper
3261 951 3404 1006 diem
3468 969 3575 1006 nn-

2000 1045 2232 1096 merare,
2265 1040 2319 1086 et
2349 1034 2415 1087 de
2464 1033 2565 1089 ista
2612 1035 2783 1106 loqui,
2835 1037 2889 1091 in
2922 1053 3027 1107 qua
3067 1040 3133 1091 ad
3165 1055 3444 1110 vesperam
3475 1040 3576 1097 Pa-

1998 1124 2127 1177 scha
2156 1124 2427 1179 immolari
2457 1127 2711 1182 debebat.
2735 1128 2866 1183 Nam
2902 1132 2966 1186 ad
2994 1132 3242 1201 quintam
3269 1148 3299 1186 a
3330 1134 3574 1189 Sabbato

1996 1225 2396 1282 processerant,
2429 1227 2485 1272 et
2506 1220 2665 1273 istam
2694 1236 2837 1277 unus
2853 1222 3073 1292 quidem
3101 1224 3245 1279 diem
3271 1233 3399 1280 ante
3428 1226 3572 1297 Αιγ-

1994 1320 2114 1360 mos
2150 1317 2327 1372 vocat,
2364 1320 2580 1379 tempus
2613 1312 2865 1367 indicans
2889 1314 2954 1369 ad
2977 1317 3121 1385 quod
3149 1329 3569 1386 processerant;

1993 1396 2132 1450 alter
2171 1412 2297 1452 vero
2325 1399 2405 1453 sic
2431 1401 2564 1455 dicit
2589 1421 2602 1456 :
2645 1402 2867 1459 Venerat
2898 1419 3075 1462 autem
3098 1410 3209 1464 dies
3226 1411 3568 1480 Azymorum,

1992 1487 2046 1539 in
2099 1505 2204 1556 qua
2248 1492 2516 1557 oportebat
2580 1495 2850 1551 immolari
2891 1498 3139 1566 Pascha;
3196 1502 3336 1558 alius
3383 1512 3570 1559 autem

1989 1581 2322 1649 evangelista
2354 1598 2639 1653 vesperam
2665 1586 2821 1654 dicit,
2856 1605 2984 1643 nam
3017 1606 3048 1644 a
3082 1606 3310 1662 vespera
3337 1593 3572 1664 incipie—

1990 1669 2081 1725 bat
2115 1670 2348 1727 Pascha.
2387 1673 2501 1729 Cur
2536 1675 2879 1747 interrogant
2916 1697 2931 1734 :
2962 1677 3062 1734 Ubi
3086 1683 3438 1739 coniedemus
3462 1683 3571 1740 Pa-

1989 1763 2163 1817 scha?
2193 1762 2270 1819 Eo
2310 1767 2456 1836 quod
2519 1783 2627 1822 non
2679 1770 2908 1825 haberet
2964 1772 3355 1829 habitationem
3394 1792 3570 1847 neque

1987 1854 2233 1911 domum.
2270 1857 2381 1912 Cur
2415 1860 2659 1915 celebrat
2681 1862 2933 1919 Pascha?
2975 1864 3047 1920 Ut
3077 1868 3332 1923 ostendat
3362 1883 3423 1924 se
3460 1870 3565 1941 legi

1918 1931 1959 1986 Β
1989 1946 2367 2003 adversantem
2394 1965 2503 2005 non
2541 1966 2686 2007 esse.

2059 2034 2357 2095 Vens.18.
2412 2042 2527 2097 Cur
2588 2044 2656 2099 ad
2718 2045 2961 2114 ignotum
3021 2048 3303 2107 hominem
3358 2058 3565 2115 mittit?

1985 2126 2296 2186 Ostendens
2311 2135 2495 2189 omnia
2512 2136 2587 2189 illi
2605 2137 2860 2202 subesse;
2885 2142 2999 2196 etsi
3030 2144 3281 2214 voluerit,
3309 2164 3415 2204 non
3435 2168 3564 2222 pas-

1984 2234 2080 2274 sus
2111 2219 2311 2289 fuerit;
2346 2241 2470 2279 nam
2508 2241 2750 2298 superno
2785 2240 2937 2286 motu
2990 2232 3234 2292 hominis
3277 2254 3386 2294 non
3432 2219 3558 2297 eum

1983 2314 2263 2370 noscentis
2313 2328 2545 2373 mentem
2599 2323 2936 2391 persuadens
2993 2335 3054 2380 ut
3109 2328 3314 2384 domini
3366 2334 3559 2396 λείπω.

1982 2406 2259 2473 quomodo
2279 2424 2385 2463 non
2404 2412 2762 2469 crucilixores
2782 2417 3169 2484 persuasisset,
3193 2422 3237 2476 si
3254 2424 3561 2481 voluisset?

1983 2495 2097 2566 Ego
2120 2514 2270 2565 vero,
2300 2517 2407 2556 non
2427 2504 2604 2558 solum
2631 2507 2876 2561 admiror
2906 2511 3049 2579 quod
3084 2511 3300 2581 ignotus
3324 2531 3448 2572 cum
3480 2520 3563 2575 illi

1983 2585 2167 2651 luerit,
2204 2591 2350 2647 hunc
2389 2597 2679 2664 acceperit,
2723 2599 2816 2653 sed
2837 2603 2984 2669 quod
3022 2603 3340 2672 fpcrieuium
3376 2614 3561 2682 suspi-

1981 2683 2134 2737 ciens
2170 2698 2363 2753 parum
2393 2689 2686 2743 curaverit.
2718 2691 2816 2746 His
2859 2707 2987 2748 vero
3023 2697 3242 2766 signum
3269 2702 3362 2755 dat
3391 2704 3555 2759 Chri-

1980 2787 2100 2830 stus
2131 2775 2407 2831 hominem
2464 2794 2661 2834 urnam
2711 2794 2987 2850 gerentem
3014 2824 3031 2851 ,
3066 2792 3329 2857 quoniam
3378 2793 3556 2851 locum

1981 2882 2088 2921 non
2131 2868 2559 2938 cognoscebant.
2610 2870 2917 2929 ιίόαιὶοηει
2957 2876 3142 2949 funde,
3193 2896 3304 2936 non
3362 2888 3558 2957 praeci-

1981 2956 2206 3024 pientis,
2240 2958 2335 3012 sed
2386 2960 2729 3016 consiliantis
2762 2972 2866 3018 est.
2899 2963 3002 3029 Qui
3040 2956 3419 3029 meretricatus
3471 2985 3558 3033 est

1978 3056 2107 3102 ante
2148 3048 2347 3118 legem,
2373 3050 2429 3105 in
2462 3050 2580 3123 lege
2631 3064 2685 3107 et
2716 3066 2843 3124 post
2882 3056 3052 3127 legem
3087 3061 3313 3118 multam
3351 3066 3557 3135 praabct

1977 3138 2339 3195 dili‘erentiam
2367 3153 2421 3197 et
2438 3143 2491 3197 in
2516 3143 2673 3215 culpa
2693 3160 2707 3198 :
2726 3156 2779 3200 et
2796 3147 2850 3202 in
2879 3150 3353 3212 condemnatione.
3377 3156 3555 3215 Mere-

298 3256 444 3303 τινος
497 3239 690 3310 ἱερέως
737 3240 1014 3311 θυγάτηρ·
1047 3242 1082 3311 ἡ
1131 3241 1230 3311 μὲν
1262 3240 1535 3312 ἀνῄρητο,
1561 3242 1595 3312 ἡ
1637 3242 1693 3295 δὲ
1737 3260 1875 3295 κατ-

1984 3227 2211 3285 tricatus
2230 3240 2313 3287 est
2329 3234 2552 3302 quidam
2575 3238 2867 3305 Sacerdos;
2892 3243 3236 3299 meretricata
3262 3256 3347 3302 est
3362 3250 3553 3320 cujus-

298 3332 606 3401 επρήθετο·
637 3333 697 3385 ού
753 3332 916 3402 μόνον
950 3333 1026 3395 ὡς
1076 3332 1259 3397 πλέον,
1314 3328 1489 3404 οἶμαι,
1543 3332 1869 3403 διδαχθεῖσα,

298 3424 435 3478 ἀλλά
465 3425 560 3478 καὶ
606 3424 701 3478 τὸν
752 3425 904 3495 ἱερέα
971 3424 1227 3479 δεικνῦσα
1275 3425 1375 3496 ὅση
1434 3427 1470 3497 ἠ
1523 3426 1870 3498 κατάκρισις,

303 3515 504 3584 μᾶλλον
569 3517 618 3569 εἰ
667 3517 877 3582 ἐκεῖνος
954 3516 1328 3589 πορνεύσειεν.
1400 3518 1733 3590 Ἐπορνεύθη
1787 3537 1872 3583 τις

299 3605 513 3675 βιαίως,
545 3607 849 3680 ἐπορνεύθη
897 3625 984 3673 τις
1016 3608 1272 3676 πλουσία,
1306 3609 1577 3680 πενομένη
1601 3626 1615 3640 ο
1652 3610 1786 3665 πολὺ
1811 3609 1874 3664 τὸ

296 3698 572 3770 διάφορον.
631 3699 991 3771 Ἐπόρνευσέν
1014 3719 1097 3765 τις
1119 3700 1474 3766 ἀϐάπτιστός,
1504 3701 1873 3773 βεϐαπτισμέ-

298 3792 421 3852 νοςῖ·
458 3789 593 3844 πολὺ
615 3790 677 3845 τὸ
715 3791 880 3863 μέσον
900 3792 1128 3848 τούτων.

369 3974 467 4028 Διὰ
496 3976 550 4028 τί
574 3970 751 4042 εἶπεν,
781 3969 886 4042 Εἷς
917 3975 987 4041 ἐξ
1031 3976 1199 4047 ὑμῶν
1227 3976 1566 4046 παραδώσει
1600 3995 1712 4049 pe;
1738 3980 1872 4033 Βου-

295 4065 526 4135 λόμενος
559 4066 722 4120 αὑτὸν
763 4066 839 4139 μὴ
881 4066 1242 4137 αἰσχυνθέντα
1282 4068 1378 4121 καὶ⁸
1418 4069 1745 4136 ἀπογνόντα,
1796 4071 1872 4134 ὡς

299 4160 402 4230 ἤδη
426 4158 711 4228 νοηθέντα,
742 4163 1075 4231 μετανοῆσαι
1100 4162 1193 4213 καὶ
1233 4161 1493 4214 διασῶσαι
1535 4161 1716 4214 αὐτόν.
1762 4162 1872 4216 Καὶ

294 4249 386 4303 διὰ
407 4249 461 4303 τί
485 4250 648 4305 αὑτὸν
672 4249 1038 4321 ἐξεκάλυψεν;
1071 4251 1290 4323 Ἐπειδὴ
1310 4253 1497 4320 ἔλεγον
1517 4268 1532 4282 ·
1552 4252 1708 4319 Μήτι
1759 4253 1871 4323 ἐγώ

294 4342 435 4408 ειμι,
467 4341 646 4409 Κύριε
658 4356 677 4404 ;
710 4340 805 4394 καὶ
828 4340 1272 4403 ἀπετεθνήκεσαν
1300 4340 1378 4412 τῷ
1398 4341 1550 4396 δέει·
1575 4343 1661 4395 ἵνα
1694 4341 1768 4414 μὴ
1802 4345 1868 4414 τῇ

298 4429 666 4501 περισσοτέρᾳ
693 4428 839 4501 λύπῃ
866 4432 1274 4485 καταποθῶσιν.
1658 4496 1683 4515 ο

366 4520 527 4583 Τίνος
554 4519 744 4574 ἐνεκεν
793 4520 913 4591 μετ’
970 4520 1139 4575 αὐτοῦ
1192 4521 1429 4575 ἔδαπτεν
1474 4522 1504 4575 6
1560 4521 1866 4594 προδότης;

306 4613 444 4667 Ἀπὸ
474 4612 680 4681 πολλῆς
730 4613 1091 4684 ἰταμότητος·
1143 4614 1265 4668 ούδέ
1312 4615 1421 4683 γὰρ
1467 4614 1655 4670 λοιπδν
1707 4617 1868 4687 ἐτίμα

296 4706 391 4759 τὸν
440 4705 794 4762 Διδάσκαλον.
848 4706 1082 4773 Χριστὸς
1127 4706 1184 4758 δὲ
1233 4705 1546 4777 ἐκαρτέρει,
1582 4706 1867 4763 λανθάνειν

296 4796 647 4868 βουλόμενος,
678 4797 765 4850 ἵνα
795 4796 883 4850 διὰ
914 4796 1103 4851 τούτου
1137 4798 1440 4869 ἐπιστρέψῃ
1481 4799 1646 4852 αὐτόν
1669 4813 1685 4830 ·
1718 4797 1869 4869 ἦκαὶ

294 4888 444 4958 ἡμᾶς
474 4886 751 4941 παιδεύων
779 4887 1159 4959 μακροθυμεῖν
1191 4887 1329 4958 πρὸς
1353 4889 1866 4958 ἀναισχυντοῦντας.

359 4979 458 5033 Διά
488 4977 542 5032 τί
562 4978 734 5047 λέγει,
766 4977 830 5032 '0
853 4978 972 5047 μὲν
1005 4979 1138 5044 Υἱὸς
1168 4979 1276 5032 τοῦ
1301 4975 1617 5047 ἀνθρώπου
1629 4979 1864 5050 ὑπάγει,

297 5068 495 5136 καθὼς
537 5071 863 5140 γέπραπται
907 5069 1042 5140 περὶ
1089 5070 1319 5135 autcf);
1380 5070 1723 5141 Προσέθηκεν
1782 5070 1866 5136 τὸ,

294 5163 642 5234 γέγραπται,
696 5164 785 5219 ἵνα
841 5163 917 5235 μὴ
968 5163 1264 5234 νομίσωσιν
1298 5163 1584 5218 ἀσθένειαν
1640 5158 1869 5218 εἶναιτὸ

296 5258 571 5327 πρᾶγμα·
608 5255 689 5309 ἔτι
736 5256 795 5311 δὲ
847 5256 943 5310 καὶ
989 5257 1083 5309 τὸν
1137 5256 1405 5326 προδότην
1452 5255 1866 5326 διορθούμενος·

304 5347 396 5401 ἵνα
430 5348 661 5418 νομίσας
687 5348 1053 5418 ἀποκείμενον
1082 5347 1231 5417 αύτῷ
1270 5347 1330 5400 τδ
1364 5347 1578 5413 παθεῖν,
1602 5346 1677 5410 ὡς
1708 5348 1783 5419 μὴ
1810 5346 1871 5400 τὸ

299 5438 411 5492 πᾶν
437 5435 692 5502 πταίσας,
718 5438 881 5497 αὐτὸς
900 5436 1127 5507 καμφθῇ
1152 5436 1288 5508 πρὸς
1320 5440 1630 5508 μετάνοιαν.

373 5528 521 5599 Ποίῳ
567 5529 758 5599 σκοπῷ
808 5528 957 5598 λέγει
1003 5527 1203 5591 Ἰούδας
1241 5528 1323 5593 τὸ,
1354 5527 1509 5597 Μήτι
1557 5525 1672 5598 ἐγώ
1713 5530 1870 5597 sim;

314 5620 685 5691 ’Δναισχύντῳ
732 5623 828 5674 καὶ
888 5620 1115 5692 ὑπόπτῳ
1165 5621 1466 5691 συνειδήσει
1509 5622 1866 5691 τυπτόμενος.

302 5712 402 5766 Διὰ
433 5712 484 5766 τί
513 5713 684 5777 οὕτως
711 5708 866 5766 εἶπεν
893 5713 1151 5785 Χριστὸς,
1195 5714 1279 5768 Σὺ
1321 5709 1517 5780 εἴπας,
1565 5712 1680 5766 ἀλλ’
1730 5712 1870 5783 οὐχὶ,

298 5797 372 5857 Ὦ
399 5804 564 5875 μιαρὲ
618 5805 711 5857 καὶ
757 5803 1058 5874 ἀχάριστε;
1110 5806 1485 5872 Ἀνεξικακίας
1534 5805 1694 5878 ὄρους
1738 5808 1873 5878 ἡμῖν

294 5894 485 5960 τιθεις.
512 5894 608 5950 Διὰ
641 5894 695 5947 τί
742 5896 1053 5963 ἐγκαλεῖται
1110 5898 1334 5966 Ἰούδας,
1384 5898 1454 5953 τὰ
1500 5897 1873 5971 γεγραμμένα

610 5992 882 6055 ΡΔτιιοι..
919 5996 1037 6059 Gn.
1072 5997 1219 6060 CVI.

1983 3321 2109 3375 dam
2144 3323 2447 3379 sacerdotis
2496 3324 2636 3392 lilia;
2696 3328 2785 3382 illa
2819 3330 3039 3399 quidem
3080 3334 3258 3390 ablata
3306 3350 3412 3406 est,
3457 3343 3550 3398 illa

1975 3421 2158 3467 autem
2188 3416 2496 3470 venundata
2524 3427 2634 3484 est;
2671 3435 2777 3474 non
2803 3422 2980 3483 solum
3014 3428 3209 3496 magis,
3242 3438 3303 3484 ut
3328 3431 3549 3502 opinor,

1974 3505 2188 3572 edocta,
2215 3507 2308 3562 sed
2323 3509 2591 3565 sacerdoti
2607 3513 2901 3569 ostendens
2914 3531 3036 3585 quae
3052 3516 3215 3575 inierit
3228 3524 3554 3581 condcmna~

1977 3596 2072 3659 tio,
2097 3599 2399 3667 pmsertim
2429 3600 2474 3655 si
2509 3602 2612 3657 iste
2646 3607 3026 3664 meretricatus
3047 3611 3137 3666 sit.
3164 3611 3551 3673 Meretricatur

1975 3690 2225 3758 quadam
2245 3690 2528 3758 violenter,
2548 3698 2929 3755 meretricatur
2944 3703 3194 3772 quaedam
3224 3707 3399 3774 dives,
3417 3725 3551 3779 pau-

1974 3796 2103 3849 per:
2138 3783 2306 3837 multa
2335 3793 2418 3840 est
2445 3785 2768 3845 diﬂ’erentia.
2798 3791 3168 3852 Meretricatus
3203 3808 3289 3853 est
3318 3816 3426 3855 non
3455 3802 3549 3855 ba—

1973 3872 2234 3941 ptizatus,
2266 3885 2359 3931 aut
2383 3876 2723 3946 baptizatus:
2749 3884 2974 3939 multum
3008 3888 3231 3945 interest
3259 3892 3401 3948 inter
3424 3910 3544 3950 eos.

2049 3966 2218 4021 Vens.
2240 3968 2332 4022 2|.
2362 3970 2474 4025 Cur
2502 3971 2638 4026 dicit
2664 3989 2678 4027 :
2710 3972 2857 4029 Unus
2876 3988 3107 4034 vestrum
3138 3999 3217 4037 me
3246 3987 3547 4042 traditurus

1970 4060 2097 4110 est?
2149 4054 2269 4109 Vult
2294 4056 2467 4122 illum,
2504 4061 2606 4115 etsi
2657 4078 2764 4115 non
2800 4067 3073 4124 erubescit
3121 4081 3175 4125 et
3208 4084 3388 4144 negat,
3430 4077 3544 4146 jam

1974 4149 2309 4203 intellectum
2356 4164 2416 4205 se
2456 4151 2784 4207 sentientem
2823 4159 3087 4225 poenitere
3121 4171 3175 4217 et
3208 4165 3430 4221 salvari.
3482 4168 3549 4224 Et

1971 4252 2074 4292 cur
2125 4238 2274 4291 illum
2307 4238 2608 4308 patefecit?
2644 4243 2786 4307 Quia
2818 4245 3077 4304 dicebant
3111 4268 3125 4305 :
3164 4252 3417 4323 Nunquid
3454 4275 3546 4327 ego

1971 4343 2108 4393 sum,
2150 4328 2408 4383 Domine?
2428 4338 2483 4386 et
2511 4331 2704 4389 timore
2725 4334 3084 4409 disperibant,
3110 4358 3178 4398 ne
3201 4344 3371 4401 nimio
3396 4348 3546 4405 luctu

1976 4418 2372 4487 atﬂigerentur.

2044 4510 2212 4568 νεεδ.
2243 4511 2336 4568 25.
2367 4512 2548 4580 Quare
2575 4530 2699 4572 cum
2740 4517 2833 4573 illo
2863 4519 3080 4593 intingit
3125 4528 3373 4596 proditor
3410 4532 3434 4584 ἳ
3464 4532 3547 4588 0b

1902 4595 1945 4651 D
1979 4619 2231 4675 magnam
2285 4605 2705 4676 impudentiam,
2759 4625 2885 4665 nam
2933 4614 3047 4681 jam
3100 4595 3208 4671 non
3244 4619 3549 4679 honorabat

1976 4690 2321 4764 Magistrum.
2377 4694 2635 4754 Christus
2679 4710 2863 4755 autem
2893 4704 3221 4774 sustinebat,
3269 4714 3548 4768 occultare

1970 4787 2185 4852 volens,
2224 4795 2285 4842 ut
2309 4803 2404 4857 per
2449 4788 2554 4844 hoc
2599 4790 2753 4846 illum
2795 4807 3175 4865 converteret;
3218 4814 3313 4858 aut
3352 4815 3411 4860 ut
3444 4824 3547 4863 nos

1972 4889 2223 4934 moneret
2255 4880 2602 4951 longanimos
2631 4898 2753 4937 esse
2790 4884 2842 4937 in
2875 4886 3239 4955 impudentes.

2045 4969 2215 5027 νεεδ.
2242 4971 2334 5027 24.
2375 4974 2488 5027 Cur
2520 4973 2653 5029 dicit
2683 4992 2698 5030 :
2734 4973 2913 5030 Filius
2953 4982 3167 5048 quidem
3195 4985 3423 5044 [taminia
3452 5008 3545 5044 va-

1969 5063 2070 5129 dit,
2097 5065 2232 5118 sicut
2276 5064 2534 5132 scriptum
2568 5073 2645 5118 est
2677 5065 2740 5118 de
2768 5066 2864 5119 illo
2886 5068 2913 5120 .’
2945 5069 3168 5126 Addidit
3212 5075 3367 5139 illud,
3412 5083 3517 5135 acri
3539 5112 3550 5122 -

1969 5165 2118 5225 ptum
2144 5164 2245 5219 est,
2273 5169 2343 5210 ne
2368 5165 2623 5225 putarent
2664 5172 2776 5211 rem
2807 5159 3137 5216 debilitatem
3174 5181 3332 5234 esse;
3364 5173 3545 5229 adhuc

1975 5258 2159 5302 antem
2189 5254 2251 5300 ut
2301 5244 2631 5316 proditorem
2678 5246 3011 5318 corrigeret,
3056 5262 3112 5305 ut
3153 5255 3448 5314 arbitratus
3491 5264 3543 5318 ei

1975 5346 2316 5393 reservatum
2352 5349 2477 5390 esse
2531 5334 2641 5404 pati
2692 5344 2953 5405 tanquam
2988 5341 3175 5394 omnia
3222 5346 3542 5415 coniplenti,

1978 5430 2095 5500 ipse
2120 5427 2425 5482 adducatur
2457 5426 2524 5481 ad
2562 5426 2962 5496 paenitentiam.

2051 5519 2217 5575 Vatis.
2251 5519 2344 5574 25.
2382 5517 2499 5585 Qua
2532 5519 2747 5572 ratione
2776 5518 2910 5576 dicit
2936 5520 3107 5577 Judas
3132 5540 3146 5576 :
3170 5522 3426 5597 Nunquid
3448 5550 3546 5603 ego

1973 5628 2089 5667 sum
2111 5610 2459 5681 “mpudenti
2490 5619 2542 5664 et
2568 5609 2828 5664 diﬂidenti
2851 5612 3183 5668 conscientia
3209 5627 3409 5675 motus.
3432 5623 3546 5680 Cur

1975 5707 2048 5761 ita
2079 5706 2211 5761 dicit
2246 5704 2499 5760 Christus
2540 5718 2556 5758 :
2592 5701 2670 5756 Tu
2702 5701 2914 5769 dixisti,
2947 5713 3000 5758 et
3033 5721 3164 5769 ιιυη,
3217 5709 3456 5771 Sceleste
3487 5731 3542 5774 υι

1978 5798 2231 5870 ingrate?
2264 5795 2551 5850 Patientia?
2604 5794 2870 5849 terminos
2924 5795 3083 5851 nobis
3126 5808 3393 5860 statuens.
3432 5807 3545 5864 Cur

1976 5890 2221 5960 arguitur
2280 5886 2450 5942 Judas
2504 5884 2700 5942 fecisse
2748 5900 2871 5954 quae
2924 5901 2954 5941 a
3001 5889 3281 5957 prophetis
3336 5899 3542 5971 scripta

3088 5987 3168 6048 37
