4060 6578
498 431 637 499 i163

1206 430 1597 493 OPUSCULA
1635 427 2272 490 SCRIPTURISTICA
2312 427 2660 487 INCERTKE
2692 426 3000 491 .‘ETATIS.

3620 425 3758 490 1166

491 551 683 609 ctattt?
728 547 1001 615 Quoniam
1054 560 1163 601 non
1215 548 1314 601 hac
1365 554 1547 599 mente
1603 543 1738 599 illttd
1778 543 1924 605 fecit,
1982 540 2073 597 sed

2184 540 2336 611 παρὰ
2358 539 2653 610 προφητῶν
2673 541 2938 612 ποιήσα,;
2974 541 3195 614 Ἐπειδὴ
3219 540 3467 614 οὔταύτῃ
3486 543 3551 612 τῇ
3574 541 3768 614 γνώμῃ

497 644 735 713 maligna
770 641 1113 706 intentione;
1165 648 1383 708 Oportet
1422 637 1571 692 enim
1624 634 1964 705 propositum
2021 632 2077 688 in

495 737 755 791 omnibus
793 733 1103 803 exquirere.
1136 732 1248 787 Cur
1278 746 1388 785 non
1424 730 1723 799 interrogat
1750 743 1778 781 a
1807 725 2078 796 principio

494 826 668 882 Jndas
710 845 724 881 :
763 823 1020 894 Nunquid
1064 840 1158 893 ego
1185 839 1301 875 sunt
1330 823 1355 876 ?
1385 821 1477 876 sed
1506 828 1628 890 post
1658 818 1828 872 alios?
1856 816 2079 886 putabat

493 921 657 975 modo
682 919 851 974 latere
873 934 889 984 ;
908 916 1139 971 dicendo
1166 926 1373 978 autem,
1398 912 1674 981 Magister,
1700 909 1990 964 irridenter
2018 916 2076 963 et

494 1006 852 1076 impudenter
888 1003 1154 1073 loquitur.
1188 1002 1475 1069 Quomodo
1509 1001 1806 1055 Mattbazus
1846 998 1996 1062 dicit,
2025 1006 2079 1053 et

494 1098 851 1167 evangelista:
888 1096 1006 1162 alii,
1037 1093 1184 1165 quod
1223 1092 1313 1148 ubi
1347 1090 1677 1161 praeparavit
1713 1091 2076 1160 proditionem

495 1191 691 1257 Judas,
733 1200 866 1246 tunc
898 1188 1099 1243 invasit
1130 1201 1254 1241 cum
1308 1184 1603 1249 diabolus;
1655 1182 1898 1237 Joannes
1950 1197 2078 1237 vero

494 1285 651 1351 dicit,
675 1282 805 1337 Post
836 1280 1128 1335 bucellam
1161 1279 1378 1333 intravit
1406 1278 1459 1330 in
1496 1292 1614 1331 eum
1640 1275 1914 1331 Satanas?
1940 1274 2078 1340 Quia

494 1380 648 1434 illum
706 1376 761 1430 in
820 1372 1092 1444 principio
1142 1369 1421 1440 inspirans
1484 1378 1695 1423 tantum
1736 1378 1788 1421 et
1838 1376 2075 1430 tentans,

493 1480 778 1541 postremo
810 1467 890 1523 sic
938 1465 1182 1529 intravit,
1216 1466 1289 1519 ita
1324 1472 1383 1517 ιιι
1426 1474 1723 1531 utrumque
1770 1474 1963 1514 verum
1994 1458 2079 1511 vi-

492 1562 715 1617 deatur.
769 1558 1013 1614 Tantum
1048 1565 1167 1612 erat
1226 1555 1586 1624 imptnnitens
1630 1551 1830 1615 ludas,
1876 1559 1935 1607 ut
1992 1548 2079 1607 vel

494 1664 619 1724 post
691 1648 1104 1707 communionis
1180 1646 1661 1719 participationem
1741 1640 2073 1698 remanserit

490 1746 838 1809 obduratus;
875 1742 1003 1797 inde
1054 1738 1297 1795 Joannes
1349 1736 1401 1792 id
1438 1738 1674 1791 innuens
1726 1734 1895 1800 dicit,
1939 1732 2067 1787 Post

492 1833 1027 1892 buccellamintravit
1064 1832 1120 1886 in
1160 1847 1280 1886 cum
1344 1829 1600 1886 Satanas.
1632 1828 1743 1883 Cur
1771 1828 1819 1882 si
1870 1825 2079 1882 Pascha

2179 632 2337 686 τοῦτο
2369 631 2691 702 πεποίηκεν,
2720 632 2856 687 άλλά
2882 634 3097 703 πονηρᾷ
3127 634 3481 707 προαιρέσει·
3512 633 3620 703 χρὴ
3659 634 3771 704 γὰρ

2178 724 2271 777 τὸν
2321 724 2527 777 σκοπὸν
2556 724 2836 792 ἐξετάζειν
2867 726 3166 796 πανταχοῦ.
3205 728 3305 780 Διά
3347 728 3401 782 τί
3440 728 3542 780 οὐκ
3591 730 3774 799 ἐρωτᾷ

2179 816 2239 883 ἐξ
2273 815 2450 889 ἀρχῆς
2483 818 2512 871 ὁ
2554 817 2776 883 Ἰούδας,
2806 818 2905 885 Μή
2934 836 2985 872 τι
3018 820 3134 889 ἐγώ
3157 822 3309 888 sim;
3350 820 3467 873 ἀλλ’
3492 821 3569 883 ὼς
3607 821 3770 890 ἔσχα-

2179 925 2271 972 τος
2298 926 2312 974 ;
2359 907 2568 961 Ἐδόκει
2614 908 2754 973 τέως
2799 909 3085 964 λανθάνειν
3112 925 3126 940 ·
3157 912 3218 964 τὸ
3246 911 3306 965 δὲ
3352 914 3549 976 εἰπεῖν,
3579 907 3654 966 Ὠ
3686 911 3774 965 δι-

2179 1000 2481 1065 δάσκαλε,
2512 1000 2863 1074 διασύροντος
2886 1002 3046 1056 τοῦτό
3074 1005 3192 1056 ὲστι
3222 1004 3317 1056 καὶ
3347 1002 3565 1075 ἰταμοῦ.
3598 1003 3721 1066 Πῶς
3740 1004 3773 1056 6

2180 1093 2463 1158 Ματθαῖός
2516 1111 2684 1165 φησιν
2724 1095 2820 1150 καὶ
2864 1096 2913 1149 οί
2968 1095 3119 1148 ἄλλοι
3165 1096 3273 1149 τῶν
3338 1094 3768 1165 εὐαγγελιστῶν,

2179 1184 2264 1239 ὅτι
2300 1184 2389 1241 ὅτε
2420 1185 2751 1251 συνετάξατο
2792 1187 2922 1257 περὶ
2967 1187 3066 1257 τῆς
3117 1186 3410 1258 προδοσίας
3452 1188 3482 1241 ὀ
3546 1186 3769 1251 Ἰοίδας,

2181 1278 2303 1331 τότε
2334 1278 2499 1332 αὐτὸν
2539 1280 2567 1331 6
2607 1279 2853 1343 διάϐολος
2884 1274 3031 1333 εἶλεν
3056 1319 3071 1345 ,
3131 1282 3160 1334 ό
3188 1280 3245 1334 δὲ
3310 1281 3563 1351 Ἰωάννης
3619 1281 3771 1348 λέγει

2180 1369 2286 1435 ὅτι,
2320 1369 2481 1423 Μετὰ
2501 1368 2568 1421 τὸ
2592 1369 2831 1439 ψωμίον
2852 1368 3140 1437 εἰσῆλθεν
3175 1373 3263 1437 εις
3304 1372 3492 1425 αὑτὸν
3517 1373 3551 1425 d
3578 1374 3769 1424 Σατα-

2181 1458 2337 1527 νᾶςς
2371 1461 2497 1515 Ὅτι
2522 1460 2928 1526 διακωδωνίσας
2958 1463 3125 1517 αὑτὸν
3152 1464 3213 1517 ὲν
3240 1466 3308 1533 τῇ
3340 1464 3482 1535 ἀρχῇ
3511 1465 3607 1517 καὶ
3648 1466 3770 1516 πεῖο

2183 1569 2287 1625 ραν
2318 1554 2715 1626 ποιησάμενος,
2751 1552 2897 1609 οὕτω
2930 1554 3153 1619 τελείως
3208 1555 3494 1626 εἰσῆλθεν·
3526 1555 3671 1609 ὥστε
3700 1555 3772 1609 τά

2180 1646 2470 1720 ἀμφότερα
2504 1648 2683 1719 ἀληθῆ
2715 1649 2886 1702 ἐστιν.
2923 1649 3192 1703 Τοσοῦτον
3233 1644 3302 1721 ἦν
3346 1648 3770 1721 ἀμεταμέλητος

2180 1738 2210 1791 6
2249 1738 2474 1803 Ἰούδας,
2507 1738 2590 1792 ὃτι
2623 1740 2717 1791 καὶ
2747 1738 2848 1804 τῆς
2878 1738 3167 1802 κοινωνίας
3191 1737 3511 1809 μεταλαχών
3542 1738 3767 1808 ἔμεινεν

2182 1828 2556 1899 άσυνείδητος.
2592 1828 2758 1882 Ὅθεν
2787 1828 2949 1883 τοῦτο
2977 1828 3157 1900 δηλῶν
3182 1828 3212 1882 6
3270 1828 3524 1900 Ἰωάννης
3554 1829 3766 1899 ἔλεγεν,

494 1926 877 1988 comederunt,
914 1930 1103 1977 contra
1136 1920 1309 1991 legem
1332 1921 1692 1977 comederunt
1712 1918 1735 1971 ?
1755 1916 1892 1974 Nam
1917 1932 2073 1972 recu-

2179 1921 2261 1974 ὅτι
2278 1920 2438 1975 Μετὰ
2456 1922 2518 1975 τὸ
2537 1922 2752 1991 ψωμὸν
2770 1920 3065 1990 εισῆλθεν
3094 1921 3183 1987 είς
3212 1922 3403 1976 αὐτὸν
3423 1925 3455 1975 ὀ
3468 1920 3765 1986 Σατανᾶς.

493 2017 688 2072 battles
741 2029 852 2070 non
882 2013 1081 2069 licebat
1112 2013 1422 2068 comedere.
1456 2011 1563 2067 Sed
1600 2026 1711 2066 non
1737 2009 2077 2066 comedendo

491 2107 704 2165 Pascha
744 2106 1101 2171 recubabant,
1154 2115 1446 2177 postquam
1479 2120 1611 2161 vero
1662 2102 2075 2167 comedissent,

491 2199 627 2257 illud
658 2199 931 2270 reliquum
958 2198 1368 2255 manducando.

567 2383 732 2442 Vens.
784 2382 878 2440 26.
930 2382 1046 2441 Cur
1092 2382 1148 2439 in
1208 2380 1419 2436 Pascha
1477 2394 1675 2451 panem
1731 2378 1977 2449 frangit?
2008 2377 2079 2436 Ut

491 2478 779 2535 discamus
818 2477 976 2533 illum
1003 2476 1089 2531 vel
1121 2475 1321 2531 veteris
1366 2473 1501 2544 legis
1534 2486 1659 2527 esse
1689 2480 1997 2536 auctorem,
2025 2480 2079 2525 et

490 2585 613 2639 qum
643 2577 776 2626 sunt
804 2569 937 2639 legis
960 2567 1150 2640 gratim
1172 2582 1269 2639 per
1293 2575 1529 2621 veterem
1553 2564 1728 2634 legem
1751 2562 2078 2619 adumbrata

489 2677 633 2720 0850.

567 2754 735 2811 Vens.
772 2754 865 2810 Ἦ.
900 2751 1202 2823 Postquam
1235 2750 1407 2822 legale
1436 2748 1652 2804 Pascha
1682 2746 2076 2811 comedissent,

492 2848 543 2905 id
626 2854 730 2915 est,
796 2860 1040 2917 agnum,
1093 2844 1202 2901 illis
1245 2843 1409 2901 tradit
1469 2841 1659 2913 gratim
1716 2838 1925 2895 Pascha
1982 2854 2078 2909 per

491 2956 708 3011 panem.

563 3031 729 3088 Vens.
786 3029 880 3086 28.
942 3026 1279 3097 Sanguinem
1336 3023 1475 3080 Novi
1526 3021 1866 3079 Testamenti
1918 3020 2073 3085 dicit,

489 3124 619 3196 quia
652 3123 977 3193 sanguinem
1026 3120 1194 3175 Vetus
1225 3134 1334 3174 nou
1384 3117 1580 3173 habuit
1603 3115 1706 3172 nisi
1765 3116 2072 3170 brutnrmn.

495 3218 634 3273 tticit
669 3224 854 3271 autem
896 3228 1120 3269 causam
1155 3209 1440 3267 ell'usionis
1489 3210 1798 3280 sanguinis.
1823 3208 1950 3270 quia
1978 3220 2072 3274 pro
2097 3248 2142 3311 Ο

492 3309 677 3364 multis
716 3305 1084 3377 peccatoribus
1115 3304 1431 3373 e/ftmditur.
1462 3302 1576 3358 Cur
1621 3300 1756 3355 dicit
1788 3316 1803 3354 :
1843 3298 1957 3353 Hoc
1984 3297 2069 3366 fa-

494 3404 597 3458 cite
627 3402 679 3456 iu
701 3416 871 3455 meam
902 3395 1505 3452 commemorationem?
1533 3392 1604 3448 Ut
1652 3391 1823 3455 istud,
1874 3391 2069 3460 inquit,

493 3498 554 3549 ﬁt
604 3493 659 3547 itt
705 3493 1031 3547 memoriam
1066 3485 1290 3559 [Egypti
1320 3495 1377 3541 et
1424 3482 1780 3556 egressionis,
1818 3481 1891 3536 ita
1926 3494 2072 3535 nunc

491 3586 546 3640 itt
599 3600 775 3639 meam
828 3592 1083 3645 mortem,
1138 3590 1193 3635 et
1242 3586 1482 3633 vestram
1518 3589 1612 3645 per
1661 3588 1749 3630 me
1777 3588 1845 3629 ex
1883 3585 2072 3628 ert-ore

488 3676 884 3747 egressionem.

562 3763 724 3819 Vens.
754 3762 847 3816 ἓξ).
901 3756 1192 3826 Quomodo
1230 3755 1573 3827 intelligitur,
1603 3753 1808 3809 Δηιοάο
1841 3768 1945 3807 non
1993 3754 2072 3807 bi-

492 3857 612 3910 bant
643 3860 705 3909 de
727 3856 824 3908 hoc
856 3852 1119 3924 genimine
1154 3850 1295 3914 ritis,
1327 3849 1491 3902 donec
1517 3847 1651 3901 illud
1682 3847 1856 3901 bibant
1885 3863 2070 3901 norum

491 3950 545 4002 in
592 3965 748 4019 regno
778 3946 965 4000 Patris
989 3944 1137 3998 mei?
1174 3943 1429 3998 Ostendit
1475 3956 1572 4011 per
1618 3954 1848 4009 regnum
1892 3937 2070 3995 Patris

490 4056 647 4098 suam
698 4038 1211 4103 resurrectionem;
1246 4051 1345 4107 per
1392 4035 1643 4106 genimen
1695 4044 1879 4089 autem
1922 4032 2070 4097 vitis,

488 4135 715 4199 vinum;
742 4132 942 4198 Donec,
962 4130 1059 4197 ait,
1082 4145 1113 4186 e
1136 4129 1367 4185 mortuis
1409 4139 1826 4198 resurgam,nou
1848 4124 2030 4180 bibam
2054 4140 2067 4177 :

492 4228 631 4284 bibit
683 4237 867 4284 autem
923 4234 1050 4297 post
1102 4223 1591 4287 resurrectionem,
1633 4235 1703 4276 ne
1745 4219 2070 4290 phantasma

489 4322 643 4377 illum
662 4328 917 4392 putarent
939 4338 952 4375 :
978 4318 1123 4374 unde
1140 4318 1192 4373 in
1211 4316 1438 4372 Actibus
1454 4314 1740 4379 scribiturj:
1762 4310 2072 4378 Quicunque

491 4432 611 4470 cum
644 4414 738 4467 illo
772 4414 1213 4467 manducavimus
1240 4420 1287 4464 et
1322 4410 1567 4463 bibimus.
1619 4406 1865 4475 licgnuttt
1892 4402 2070 4457 Patris

488 4509 562 4563 ibi
621 4506 1083 4563 resurrectionem
1132 4518 1287 4559 suam
1336 4502 1604 4556 Dominus
1629 4505 1828 4563 vocat;
1867 4510 2067 4550 novum

2178 2015 2279 2065 Διὰ
2300 2012 2353 2065 τί
2381 2014 2431 2066 εί
2460 2013 2520 2067 τὸ
2550 2013 2744 2085 Πάσχα
2775 2014 2986 2086 ἢσθιον,
3034 2015 3374 2087 παρανόμως
3421 2014 3652 2087 ἡσθιονς
3691 2016 3767 2069 Οῦ

2177 2105 2289 2177 γάρ
2319 2106 2716 2177 ἀνακειμένους
2737 2107 2845 2161 ιδει
2874 2108 3073 2177 φαγεῖν
3094 2122 3109 2137 ·
3140 2106 3257 2160 ἀλλ’
3280 2108 3380 2161 οὐκ
3398 2108 3454 2161 ὲν
3471 2108 3551 2177 τῷ
3566 2107 3770 2161 ἐσθίειν

2178 2199 2238 2252 τὸ
2266 2199 2459 2269 Πάσχα
2487 2200 2788 2271 ἀνέκειντο,
2819 2199 2957 2254 ἀλλὰ
2989 2198 3127 2270 μετὰ
3148 2198 3209 2252 τὺ
3253 2202 3449 2269 φαγεῖν
3475 2200 3634 2265 αὐτὸ,
3654 2198 3769 2253 los-

2180 2291 2283 2344 πὺν
2312 2290 2660 2363 ἑστιώμενοι.

2246 2382 2346 2437 Διὰ
2376 2383 2431 2436 τί
2464 2384 2523 2436 sv
2549 2382 2625 2454 τῷ
2656 2383 2851 2453 Πάσχα
2877 2383 2981 2455 κλᾷ
2996 2384 3089 2439 τὸν
3120 2384 3321 2457 άρτον;
3355 2384 3475 2441 Ἵνα
3500 2384 3768 2455 μάθωμεν

2179 2475 2274 2529 καὶ
2304 2475 2406 2545 τῆς
2438 2474 2680 2539 Παλαιᾶς
2702 2475 2866 2529 αὑτὸν
2890 2474 3022 2529 ὅντα
3052 2476 3374 2548 νομοθέτην,
3402 2477 3585 2533 καὶτὰ
3620 2479 3679 2532 ἑν
3699 2481 3765 2550 τῇ

2183 2568 2370 2641 χάριτι
2408 2567 2497 2621 διά
2521 2567 2689 2639 νόμον
2719 2569 3230 2641 σκιαγραφηθέντα.

2248 2750 2403 2806 Μετὰ
2442 2751 2505 2805 τὸ
2550 2752 2745 2820 φαγεῖν
2796 2752 2857 2805 τὸ
2894 2752 3137 2823 ἱνομικδν
3188 2754 3405 2823 Πάσχα,
3454 2755 3634 2808 εῖτουν
3673 2755 3765 2809 τὶν

2177 2843 2370 2913 ἀμνὸν,
2398 2842 2541 2899 οὕτω
2580 2842 2921 2913 παραδίδωσι
2966 2845 3027 2898 τὸ
3058 2844 3157 2916 τῆς
3189 2846 3409 2916 χάριτος
3441 2848 3633 2917 Πάσχα
3678 2848 3765 2903 διά

2176 2936 2271 2986 τοῦ
2294 2933 2485 3005 άρτου.

2247 3020 2398 3096 Αἷμα
2433 3026 2491 3080 δὲ
2520 3027 2731 3099 Καινῆς
2775 3026 3054 3098 Διαθήκης
3086 3027 3257 3095 λέγει,
3288 3028 3363 3091 ὡς
3388 3032 3483 3102 τῆς
3520 3032 3763 3097 Παλαιᾶς

2176 3112 2316 3189 αἷμα
2356 3119 2454 3189 μὲν
2488 3119 2743 3191 ἐχούσης,
2777 3119 2892 3174 ἀλλ’
2916 3120 2976 3185 ἐξ
3006 3119 3221 3189 ἀλόγων
3245 3136 3259 3150 ⁸
3293 3122 3439 3190 λέγει
3469 3121 3526 3175 δὲ
3550 3124 3646 3176 καὶ
3664 3124 3765 3192 τὴν

2177 3213 2359 3269 αἰτίαν
2387 3214 2488 3284 τῆς
2513 3212 2797 3278 κενώσεως
2830 3214 2924 3267 τοῦ
2958 3214 3220 3284 αἴματος’
3267 3213 3449 3283 ’Υπὲρ
3491 3215 3761 3284 πολλῶν,

2175 3304 2363 3374 φησιν,
2420 3304 2789 3375 ἁμαρτωλῶν
2840 3306 3275 3375 ἐκχυνόμενον.
3330 3306 3430 3360 Διά
3483 3306 3539 3359 τί
3589 3306 3759 3374 λέγει,

2177 3394 2365 3451 Τοῦτο
2429 3396 2652 3452 ποιεῖτε
2702 3399 2790 3463 είς
2834 3396 2951 3465 τὴν
3000 3396 3157 3469 ἐμὴν
3213 3396 3606 3468 ἀνάμνησιν;
3674 3398 3760 3464 Ὡς

2173 3488 2372 3553 ἐκεῖνο,
2407 3488 2592 3557 φησιν,
2641 3488 2725 3550 είς
2765 3488 2866 3559 τὴν
2902 3487 3004 3558 τῆς
3057 3487 3339 3555 Αἰγύπτου
3386 3490 3610 3559 μνήμην
3668 3489 3762 3543 καὶ

2173 3578 2375 3645 ἔξοδον,
2411 3577 2555 3632 οὕτω
2594 3577 2689 3633 νῦν
2738 3578 2818 3641 εἰς
2862 3579 2959 3631 τὸν
3015 3578 3148 3647 ἐμὸν
3198 3577 3457 3643 θάνατον,
3514 3579 3611 3632 καὶ
3658 3581 3759 3651 τὴν

2173 3670 2330 3741 ὑμῶν
2359 3670 2429 3724 δι’
2457 3669 2593 3740 ἐμοῦ
2630 3672 2694 3724 ὲκ
2720 3670 2933 3739 πλάνης
2962 3670 3163 3737 ἔξοδον.

2248 3764 2372 3827 Πῶς
2392 3765 2591 3816 νοεῖται
2618 3762 2702 3827 τὸ,
2744 3763 2985 3830 Ἀπάρτι
3023 3765 3095 3818 οὐ
3122 3763 3208 3835 μὴ
3236 3765 3351 3818 πίω
3377 3764 3445 3818 ἐκ
3476 3765 3585 3820 τοῦ
3624 3783 3760 3835 γεν-

2172 3856 2440 3923 νήματος
2492 3853 2600 3923 τῆς
2633 3854 2910 3923 ἀμπέλου
2949 3856 3195 3922 ταύτης,
3239 3856 3352 3923 ἓως
3406 3858 3555 3911 αὐτὸ
3605 3860 3760 3911 πίνω

2173 3949 2389 3999 καινὸν
2417 3945 2489 4000 ἐν
2521 3945 2597 4015 τῇ
2643 3947 2942 4015 βασιλείᾳ
2982 3947 3090 4002 τοῦ
3134 3948 3368 4016 Πατρός
3413 3964 3565 4018 μου·
3606 3948 3760 4021 δηλοῖ

2173 4040 2231 4094 δὲ
2265 4041 2365 4111 τὴν
2393 4039 2673 4110 βασιλείαν
2700 4040 2793 4094 τοῦ
2820 4043 3033 4113 Πατρός
3063 4043 3163 4113 τὴν
3194 4042 3391 4097 ἑαυτοῦ
3420 4044 3721 4098 ἀνάστασιν
3740 4059 3757 4075 ⁸

2174 4133 2426 4203 γέννημα
2453 4132 2510 4186 δὲ
2536 4132 2635 4203 τῆς
2665 4133 2940 4204 ἀμπέλου,
2968 4134 3060 4189 τὸν
3106 4129 3250 4189 οἶνον
3273 4150 3287 4163 ·
3320 4136 3468 4204 Ἕως
3512 4133 3613 4200 υῦ.
3650 4155 3757 4209 φη·

2175 4224 2300 4286 σιν.
2356 4225 2425 4279 ἐκ
2444 4223 2679 4293 νεκρῶν
2729 4225 2993 4292 ἀναστῶ,
3030 4227 3101 4281 οὐ
3138 4226 3227 4296 μὴ
3282 4230 3436 4282 πίω·
3498 4228 3652 4281 ἔπιεν
3702 4230 3758 4284 δὲ

2176 4315 2317 4384 μετά
2349 4317 2450 4385 τὴν
2484 4316 2802 4373 ἀνάστασιν.
2833 4317 2949 4371 Ἱνα
2978 4318 3059 4390 μὴ
3091 4320 3383 4390 φάντασμα
3411 4320 3575 4374 αὑτὸν
3606 4322 3757 4390 νομί.

2177 4423 2367 4460 σωσιν.
2400 4406 2569 4461 Ὂθεν
2588 4409 2684 4462 καὶ
2714 4412 2773 4462 ἐν
2798 4410 3041 4481 Πράξεσι
3072 4413 3277 4482 γράφει
3296 4429 3311 4444 ο
3348 4412 3578 4479 Cirta-sc
3605 4429 3757 4467 συν-

2172 4488 2478 4567 εφάγοὶιεν
2532 4501 2633 4557 καὶ
2668 4504 3043 4571 συνεπίομεν
3087 4502 3266 4569 αὐτῷ.
3314 4504 3601 4558 Βασιλείαν
3638 4505 3753 4558 Πα-

488 4612 671 4657 autem
712 4600 899 4655 bibere
922 4600 1176 4662 calicem,
1208 4596 1260 4651 id
1283 4603 1368 4649 est
1393 4607 1534 4648 nove
1554 4601 1610 4645 et
1636 4586 2061 4643 admirabiliter:

2177 4590 2302 4659 τρὸς
2341 4592 2579 4647 ἐνταῦθα
2653 4594 2754 4666 τὴν
2814 4595 3113 4650 ἀνάστασιν
3161 4594 3328 4649 αὐτοῦ
3378 4597 3407 4649 ό
3472 4595 3752 4664 Δεσπότης

487 4709 596 4750 non
650 4693 799 4748 enim
844 4702 906 4746 ut
951 4691 1193 4761 primum
1236 4700 1473 4757 corpore
1522 4683 1647 4753 ejus
1692 4694 1818 4735 esca
1874 4690 2067 4747 egente

487 4785 793 4842 secundum
846 4792 1103 4836 naturam
1143 4787 1199 4834 et
1237 4785 1399 4847 potu,
1428 4774 1527 4831 sed
1577 4769 2068 4839 supernaturaliter

484 4877 597 4947 jam
619 4874 1020 4946 incorruptibili
1047 4873 1191 4926 iacto
1217 4879 1271 4924 et
1294 4868 1498 4923 nullius
1521 4864 1821 4920 admodum
1845 4872 2062 4932 egente.

555 5149 723 5204 Vens.
753 5150 842 5203 50.
875 5148 988 5202 Cur
1042 5144 1291 5199 dicitur:
1329 5141 1547 5213 Hymno
1590 5141 1753 5196 dicto
1780 5142 2066 5197 exierunt?

482 5240 541 5296 Id
583 5249 692 5307 est,
738 5256 866 5297 cum
912 5239 1213 5312 gratiarum
1247 5237 1465 5292 actione
1497 5246 1554 5291 et
1589 5235 1812 5291 laudum
1863 5235 2065 5306 hymno

481 5343 809 5404 receperunt
856 5330 1322 5389 communionem.
1359 5328 1470 5384 Cur
1499 5327 1555 5383 in
1610 5335 1850 5381 montem
1885 5327 2065 5382 exiit?

478 5430 559 5486 Ne
594 5428 868 5483 videretur
910 5420 1245 5480 abscondere
1273 5433 1352 5475 se.
1402 5418 1644 5474 Curabat
1682 5416 1827 5473 enim
1867 5416 1921 5471 in
1985 5418 2063 5473 lo-

476 5540 600 5579 cum
629 5523 707 5577 ire
730 5518 883 5574 Iuda:
915 5516 1212 5585 cognitum.
1310 5548 1313 5549 ν

550 5610 717 5666 Vens.
751 5611 841 5665 51.
887 5608 997 5663 Cur
1031 5605 1163 5661 dicit
1198 5624 1209 5658 :
1245 5603 1441 5659 Omnes
1480 5600 1975 5655 scandalisabimini
2006 5603 2059 5655 in

480 5705 602 5759 me?
628 5703 802 5757 Simul
846 5701 1067 5773 quidem
1104 5697 1503 5769 prmscientiam
1532 5695 1854 5760 ostendens,
1893 5697 2057 5750 simul

479 5802 663 5850 autem
694 5792 1149 5849 scandalizandos
1182 5790 1440 5844 innuens.

549 5881 717 5939 Vens.
757 5885 846 5940 '52.
881 5882 994 5939 Cur
1038 5881 1172 5939 dicit
1209 5899 1221 5936 :
1265 5879 1458 5933 Videbo
1510 5894 1599 5932 vos
1644 5880 1698 5931 in
1728 5876 2058 5935 Galilmam?

2172 4682 2331 4735 καλεί
2354 4699 2367 4711 ·
2391 4686 2576 4739 καινὸν
2604 4687 2661 4741 δὲ
2690 4690 2835 4741 πιεῖν
2850 4688 2912 4741 τὸ
2937 4690 3221 4759 ποτήριον,
3248 4688 3396 4742 τοῦτ’
3415 4690 3530 4742 ἔστι
3552 4689 3751 4752 καινὰ

2170 4773 2264 4825 καὶ
2288 4775 2610 4844 παραδόξως
2630 4792 2644 4806 ·
2674 4777 2734 4829 οὐ
2770 4778 2902 4849 γὰρ,
2935 4778 3011 4839 ὡς
3050 4780 3337 4849 πρότερον,
3371 4777 3466 4831 τοῦ
3500 4778 3749 4848 σώματος

2174 4864 2435 4936 βρώσεως
2495 4868 2758 4939 δεομένου
2806 4871 2948 4925 κατά
2994 4871 3156 4939 φύσιν
3215 4871 3310 4925 καὶ
3343 4871 3579 4934 πόσεως,
3634 4869 3749 4924 ἀλλ’

2170 4957 2465 5028 ὑπερφυῶς
2497 4960 2963 5034 άφθαρτισθέντος
2989 4962 3089 5034 ἤδη
3113 4963 3207 5016 καὶ
3235 4962 3467 5033 μηδενὸς
3491 4962 3747 5032 δεομένου

2167 5048 2230 5101 τὸ
2259 5050 2499 5105 σύνολον.

2246 5144 2347 5197 Διὰ
2370 5144 2420 5198 τί
2441 5146 2520 5209 τὸ,
2554 5144 2970 5215 ’Υμνήσαντες
2981 5145 3050 5200 δὲ
3066 5144 3349 5213 ἐξῆλθον,
3374 5149 3576 5212 κεῖται;
3604 5147 3747 5200 Ἀντὶ

2166 5237 2284 5303 τοῦ,
2328 5239 2462 5293 Μετ’
2508 5239 2862 5309 εὐχαριστίας
2904 5240 2998 5292 καὶ
3040 5238 3349 5307 δοξολογίας
3402 5238 3595 5292 ιλαὸον
3649 5239 3746 5309 τὴν

2168 5330 2476 5385 κοινωνίαν.
2504 5331 2604 5384 Διὰ
2629 5330 2681 5383 τί
2715 5333 2796 5394 εἰς
2837 5330 2899 5384 τὸ
2925 5331 3049 5403 ὅρος
3083 5330 3306 5400 ἐξῆλθεν
3329 5347 3345 5396 ;
3371 5332 3488 5385 Ἵνα
3522 5330 3598 5400 μὴ
3619 5330 3745 5405 δόξῃ

2167 5418 2538 5490 κρύπτεσθαιο
2576 5420 2836 5474 ἔσπευδεν
2869 5419 2979 5491 γάρ
3006 5420 3101 5473 ἐπὶ
3131 5420 3226 5474 τὸν
3250 5421 3417 5476 τόπον
3449 5421 3624 5475 ἐλθεῖν
3654 5422 3745 5476 τὸν

2168 5510 2265 5565 καὶ
2316 5511 2489 5583 Ἰούδᾳ
2516 5511 2813 5583 γνώριμον.

2234 5601 2333 5656 Διὰ
2362 5602 2414 5654 τί
2444 5602 2591 5671 λέγει
2620 5602 2703 5668 τὸ,
2748 5603 2977 5670 Πάντες
3009 5602 3629 5671 σκανδαλισθήσεσθε
3676 5603 3745 5655 ἐν

2162 5692 2329 5761 ἐμοί;
2363 5694 2530 5763 Ὁμοῦ
2574 5694 2673 5765 μὲν
2724 5698 2821 5751 καὶ
2867 5695 2968 5767 τὴν
3008 5696 3321 5767 πρόγνωσιν
3355 5695 3556 5767 δηλῶν,
3606 5694 3741 5766 όμοῦ

2161 5786 2326 5839 δὲκαὶ
2352 5787 2477 5851 τοῦς
2498 5788 3129 5859 σκανδαλισθησομένους
3169 5789 3385 5845 ἐννοῶν.

2232 5879 2329 5932 Διὰ
2360 5881 2410 5934 τί
2450 5881 2619 5949 λέγει,
2650 5883 2731 5935 ὅτι
2770 5885 3030 5951 "Od-olim
3078 5880 3233 5952 ὑμᾶς
3279 5886 3367 5949 εἰς
3413 5882 3525 5951 τὴν
3560 5884 3741 5936 Γαιι·
