4026 6596
333 464 467 528 ιιῡε»

1314 454 1634 518 SCHOLIA
1677 452 1769 512 ΥΕ
1788 452 1973 512 [EBA
2016 449 2096 509 IN
2139 447 2604 508 ΜΑΤΤΠΈΙῙΜ.

3443 441 3582 507 1166

324 577 513 633 λαίαν
536 589 554 638 ;
587 572 706 628 Ἵνα
731 572 827 628 τοῦ
854 573 1020 643 φὸὕου
1042 571 1353 643 ἀπαλλάξῃ·
1402 568 1621 642 μακρὰν
1651 567 1761 637 γὰρ
1788 563 1896 618 τῶν

2023 560 2073 615 dt
2118 575 2151 611 a
2179 568 2325 615 metu
2377 575 2474 614 eos
2525 560 2748 626 liberet;
2779 558 2938 630 longe
2982 558 3129 613 enim
3176 572 3205 612 a
3236 555 3440 613 iudicis
3467 569 3588 615 crat

338 668 616 721 Ἰουδαίων
642 661 712 738 ἦν
738 667 775 737 ἡ
800 666 1083 720 Γαλιλαία.
1923 720 1934 729 ,

398 758 501 813 Διὰ
525 759 579 811 τί
621 759 856 827 ἀφίησιν
877 757 971 811 τὸν
1002 756 1213 829 Πέτρον
1244 758 1435 810 πεσεῖν
1451 771 1473 821 ;
1492 755 1610 808 Ἵνα
1633 753 1711 826 μὴ
1731 753 1901 808 αὐθά-

326 852 428 924 δης
452 854 560 922 εἴη.
597 852 734 923 μηδὲ
761 852 912 922 αὐτῷ
937 851 1183 923 θαρρῶν,
1214 849 1351 905 ἀλλὰ
1379 850 1467 903 διὰ
1499 848 1599 918 τὴν
1628 847 1906 918 ἀνθρωπί-

325 961 427 1015 νην
459 943 746 998 ἀσθένειαν
784 944 877 997 καὶ
912 945 962 996 οἱ
995 944 1144 998 ἄλλοι
1180 942 1409 1006 ἰδόντες,
1436 941 1736 995 παύσονται
1773 941 1908 1011 θαρ-

324 1038 442 1107 ρετν
481 1037 733 1100 ἑαυτοῖς·
787 1036 886 1089 καὶ
932 1036 1021 1090 ἴνα
1060 1035 1447 1107 συγχωρηθεὶς
1482 1033 1563 1099 ὡς
1608 1034 1907 1097 ἀπόστολος

324 1131 440 1193 τοῖς
466 1128 730 1183 πταίσασι
760 1129 1114 1200 συγχωρήσῃ.
1144 1127 1245 1182 Διὰ
1267 1128 1427 1182 τοῦτο
1455 1123 1549 1182 οὖν
1572 1126 1676 1197 τῆς
1699 1126 1906 1182 ἄνωθεν

329 1224 505 1293 ῥοπῆς
533 1220 854 1293 ἐγυμνώθη,
901 1220 1001 1293 τὴν
1033 1220 1196 1291 φύσιν
1229 1220 1401 1276 αὐτοῦ
1447 1220 1765 1291 ἐλέγχοντος
1811 1219 1906 1275 τοῦ

325 1312 489 1368 Θεοῦ.

398 1407 497 1457 Διὰ
525 1405 580 1458 τί
619 1403 841 1474 εὔχεται
877 1405 1047 1476 χωρὶς
1093 1403 1203 1461 τῶν
1257 1402 1548 1474 μαθητῶνς
1590 1403 1728 1458 Κατ’
1775 1402 1909 1457 ἰδίαν

330 1493 589 1565 εὔχεσθαι
613 1488 1082 1566 ἡμᾶς’διδὰσκων.

402 1589 502 1643 Διὰ
529 1589 582 1642 τί
612 1590 741 1653 τοὺς
768 1592 917 1661 τρεῖς
943 1590 1141 1661 μόνους
1169 1589 1592 1661 παραλαμϐάνει
1615 1590 1737 1643 τότε
1762 1607 1776 1656 ;
1822 1590 1910 1654 Ὠς

329 1680 431 1749 τῆς
462 1678 624 1752 δόξης
649 1680 820 1735 αὐτοῦ
850 1681 1129 1751 θεωρούςο
1166 1684 1266 1737 καὶ
1293 1682 1380 1736 ἵνα
1419 1684 1470 1735 οξ
1494 1681 1643 1736 ἄλλοι
1668 1681 1750 1745 ὡς
1782 1683 1910 1736 ἀτε-

330 1769 486 1824 λέστε
496 1788 583 1842 pot
608 1773 683 1845 μὴ
712 1774 1124 1829 καταπέσωσιν.

411 1885 639 1937 Ἕνεκεν
666 1883 813 1946 τίνος
858 1881 1110 1953 εὖχεταις
1151 1883 1271 1940 Ἰνα
1319 1882 1395 1957 μὴ
1435 1874 1727 1958 ὑπόκρισις
1772 1883 1915 1941 εῖναι
1949 1921 1987 1976 Β

2008 651 2251 709 ϐοιίιιεα.

2080 746 2246 802 Vens.
2281 744 2368 800 54.
2400 744 2513 799 Cur
2538 744 2672 801 sinit
2704 742 2927 800 Petrum
2971 744 3169 800 cadere
3196 746 3219 797 ?
3247 742 3325 797 Ne
3356 743 3586 799 nimium

2009 840 2155 896 dese
2176 840 2457 896 conﬁdens
2490 840 2582 902 sit,
2606 853 2786 909 neque
2810 839 3115 900 animosus.
3149 837 3245 893 sed
3278 845 3336 891 ut
3367 848 3591 907 propter

2011 932 2315 986 humanam
2344 930 2716 985 inﬁrmitatem
2750 931 2947 985 cadere
2976 930 3069 983 alii
3102 940 3393 985 cernentes
3430 928 3500 984 de
3531 944 3591 984 se

2009 1024 2285 1078 conlidere
2334 1031 2592 1087 cessent;
2642 1032 2698 1078 et
2742 1032 2802 1078 ut
2858 1024 3072 1077 veniam
3145 1037 3269 1076 cum
3317 1020 3591 1092 acceperit

2009 1117 2315 1189 apostolus,
2351 1118 2675 1172 cadentibus
2704 1117 2920 1173 veniam
2954 1115 3241 1172 concedat.
3262 1114 3388 1171 ideo
3426 1116 3593 1187 igitur

2013 1225 2256 1280 superno
2306 1210 2513 1266 auxilio
2542 1210 2839 1267 destitutus
2881 1218 2987 1277 est,
3023 1208 3136 1267 Dco
3189 1219 3446 1265 naturam
3472 1207 3594 1279 ejus

2010 1304 2401 1359 confundente.

2087 1393 2257 1452 Vens.
2311 1395 2401 1451 56.
2444 1394 2560 1451 Cur
2599 1403 2722 1451 orat
2750 1395 2960 1468 absque
2996 1393 3333 1466 discipulis?
3361 1392 3433 1450 Ut
3491 1407 3594 1450 nos

2013 1489 2244 1544 seorsim
2270 1503 2437 1543 orare
2459 1488 2673 1543 doceat.
3021 1494 3027 1500 ’

2086 1579 2253 1637 Vens.
2287 1581 2377 1637 57.
2409 1581 2523 1636 Cur
2547 1591 2658 1636 tres
2679 1583 2827 1638 solos
2848 1592 2981 1638 tunc
3010 1583 3278 1638 assumit?
3306 1582 3595 1652 Tanquam

2015 1675 2204 1744 gloria:
2252 1690 2365 1731 sure
2400 1683 2587 1741 testes,
2650 1683 2796 1731 etut
2847 1676 2942 1731 alii
2992 1675 3426 1745 imperfectiores
3484 1690 3596 1730 non

2015 1765 2329 1821 concidant.

2095 1873 2260 1931 Vens.
2293 1875 2382 1931 59.
2420 1876 2596 1943 Quam
2629 1878 2699 1933 ob
2729 1893 2957 1937 causam
2990 1878 3148 1933 orat?
3179 1875 3258 1933 Ne
3288 1875 3598 1949 hypocrisis

328 1976 462 2047 δοκῇ
516 1975 578 2029 τὸ
611 1975 845 2044 πρᾶγμα
869 1992 884 2006 ο
926 1975 1244 2047 ὲπιρῤἑουσι
1283 1975 1331 2030 δ’
1368 1976 1592 2049 ἱδρῶτες
1639 1977 1713 2031 δι’
1740 1979 1910 2050 αὐτὴν

2023 1982 2111 2021 res
2142 1982 2265 2022 esse
2302 1967 2597 2037 videatur;
2649 1979 2876 2025 manant
2904 1979 3088 2025 autem
3113 1969 3346 2026 sudores
3379 1978 3599 2043 propter

330 2066 536 2138 ταύτην
564 2066 664 2137 τὴν
690 2066 891 2123 αἰτίαν.

404 2176 504 2230 Δια
528 2177 581 2229 τί
602 2176 775 2246 λέγει,
804 2179 1229 2249 Προσεύχεσθε
1251 2179 1452 2250 ἵναμὴ
1483 2180 1804 2253 εἰσέλθητε
1824 2187 1912 2249 εἰς

332 2273 709 2341 πειρασμόν-ς
758 2272 1040 2330 Παιδεύων
1079 2275 1159 2347 μὴ
1203 2274 1731 2342 ἁπαυθαδιάζεσθαι,
1778 2278 1914 2334 ἀλλὰ

336 2362 721 2433 συντετρῖφθαι
750 2362 847 2434 τὴν
873 2364 1136 2421 διάνοιαν.

405 2456 577 2526 Τρίτη
610 2456 742 2525 εὐχὴ
780 2455 863 2522 τὸ,
895 2457 1218 2527 Γενηθήτω
1259 2460 1327 2514 τὸ
1363 2459 1598 2530 θέλημά
1624 2477 1742 2517 σου
1764 2479 1778 2494 °
1812 2465 1917 2517 δει-

335 2548 467 2612 κνὺς
491 2549 575 2601 ὅτι
610 2549 818 2619 σφόδρα
849 2549 1066 2620 συνᾴδει
1107 2550 1184 2621 τῷ
1208 2550 1478 2623 θελήματι
1506 2552 1601 2607 τοῦ
1628 2554 1786 2621 Θεοῦ,
1819 2557 1917 2610 καὶ

334 2640 419 2693 ὅτι
462 2641 742 2713 πανταχοῦ
798 2641 978 2711 τούτῳ
1024 2642 1254 2696 ἔπεσθαι
1315 2644 1396 2698 δεῖ
1449 2646 1545 2699 xui.
1610 2647 1912 2719 ἐπιζητεῖν.

337 2733 695 2803 Ηροσηὺξατο
721 2734 931 2804 τρίτον,
968 2735 1183 2797 δεικνὺς
1213 2734 1297 2789 ὅτι
1322 2735 1612 2807 ἅνθρωπός
1645 2738 1795 2794 ἐστιν
1814 2756 1827 2770 ·
1856 2742 1920 2795 τὸ

336 2824 445 2895 γὰρ
469 2824 724 2896 δεῦτερον
755 2825 851 2880 καὶ
901 2826 1086 2897 τρίτον
1131 2828 1191 2879 ἐν
1219 2829 1285 2898 τῇ
1339 2829 1530 2901 Γραφῇ
1570 2829 1919 2900 βεϐαιώσεως

338 2919 454 2970 ἐστι
480 2918 772 2974 δεικτικόν.

409 3027 510 3080 Διὰ
529 3027 581 3079 τί
612 3021 778 3098 ἦλθεν
806 3030 871 3083 ἐκ
898 3028 1154 3102 δευτέρου
1190 3030 1330 3101 πρὸς
1358 3031 1559 3097 αὐτούς
1583 3051 1598 3097 ;
1639 3035 1753 3091 Καὶ
1775 3036 1923 3105 ἀγω-

2013 2060 2264 2114 camdem
2294 2061 2585 2117 rationem.

2088 2163 2254 2223 Vens.
2283 2168 2373 2224 41.
2397 2168 2511 2225 Cur
2539 2170 2715 2229 dicit:
2758 2171 2923 2228 Orate
2970 2188 3034 2226 ne
3073 2172 3283 2229 intretis
3317 2173 3373 2227 in
3420 2181 3597 2228 tentan-

2017 2260 2256 2317 tionem?
2297 2261 2373 2318 Ut
2423 2273 2647 2319 moneat
2683 2266 3113 2325 conﬁdentiores
3162 2282 3274 2323 non
3327 2281 3479 2333 esse,
3499 2267 3599 2324 sed

2018 2361 2198 2408 mente
2219 2356 2452 2410 conteri.

2089 2443 2258 2502 Vens.
2291 2447 2386 2504 42.
2420 2447 2607 2505 Tertia
2638 2452 2817 2506 oratio
2850 2461 2974 2521 est,
3013 2452 3140 2508 Fiat
3171 2454 3417 2510 voluntas
3455 2464 3547 2508 tua
3577 2469 3598 2509 :

2020 2540 2261 2596 ostendit
2306 2556 2365 2596 se
2409 2542 2710 2597 admodum
2742 2546 3063 2600 consentire
3094 2547 3364 2601 voluntati
3401 2545 3519 2612 Dei,
3548 2559 3603 2599 et

2018 2648 2140 2688 cam
2164 2649 2383 2706 semper
2406 2639 2748 2711 sequendam
2778 2649 2832 2695 et
2852 2642 3206 2711 quan-endam
3238 2656 3387 2697 esse.
3416 2641 3605 2695 Oravit

2021 2729 2204 2795 tertio,
2242 2738 2300 2784 ut
2360 2733 2675 2788 ostenderet
2711 2747 2772 2789 se
2826 2734 3106 2790 hominem
3160 2750 3305 2791 esse.
3337 2734 3475 2793 Nam
3515 2751 3603 2792 se.

2020 2820 2204 2873 cundo
2263 2829 2318 2876 et
2353 2823 2519 2879 tertio
2573 2824 2629 2878 in
2684 2823 2969 2895 Scriptura
3015 2826 3455 2885 conﬁrmationis
3517 2835 3605 2882 est

2021 2920 2427 2980 argumentum.

2092 3020 2262 3079 Vens.
2303 3024 2392 3080 45.
2423 3023 2535 3080 Cur
2553 3025 2801 3083 secundo
2820 3028 2971 3086 venit
3003 3029 3070 3084 ad
3093 3021 3228 3086 e'osl
3258 3031 3322 3086 Et
3354 3040 3413 3085 ut
3438 3032 3604 3086 homo

338 3117 469 3172 νιῶν
512 3116 588 3183 ὡς
636 3119 925 3192 ἄνθρωπος
975 3123 1103 3193 περὶ
1132 3123 1227 3178 τοῦ
1270 3123 1532 3190 θανάτου,
1566 3128 1661 3181 καὶ
1700 3128 1920 3197 ἐλέγξαι

2024 3114 2240 3173 luctans
2273 3127 2475 3174 contra
2497 3128 2756 3185 mortem,
2781 3130 2837 3178 ct
2852 3137 3084 3193 arguere
3107 3138 3207 3179 eos
3231 3125 3440 3189 volens,
3471 3127 3602 3194 quia

336 3210 536 3275 αὐτοὺς
560 3210 883 3283 βουλόμενος
905 3230 920 3245 ⁸
954 3216 1038 3270 ὅτι
1067 3215 1243 3279 οὕτως
1269 3217 1818 3290 κατεδαπτίσθησαν,
1843 3222 1919 3285 ὡς

2025 3208 2162 3265 adeo
2196 3220 2355 3267 erant
2382 3213 2614 3282 gravati,
2646 3223 2704 3268 ut
2734 3215 3083 3284 presentiam
3107 3217 3229 3287 ejus
3264 3232 3373 3271 non
3409 3233 3603 3273 sense-

342 3301 480 3372 μηδὲ
509 3303 609 3373 τῆς
640 3306 947 3377 παρουσίας
986 3309 1154 3362 αὐτοῦ
1186 3309 1496 3366 αἰσθέσθαι.
1530 3311 1631 3368 Διὰ
1672 3285 1726 3367 τί
1758 3285 1817 3368 at
1857 3317 1919 3369 οὐ

2024 3302 2158 3357 rint.
2184 3301 2296 3358 Cur
2334 3313 2519 3360 autem
2548 3320 2662 3363 non
2694 3322 2789 3365 eos
2830 3307 3068 3364 excitat?
3101 3285 3171 3364 ne
3215 3308 3331 3378 jam
3375 3308 3604 3365 amictus

337 3396 609 3462 διυπνίζει
641 3399 872 3468 αὑτούςς
907 3400 997 3465 Ὠς
1021 3401 1097 3472 μὴ
1124 3401 1327 3474 πλῆξαι
1352 3404 1725 3477 πεπληγότας.
2024 3395 2247 3468 umigat.
3531 3408 3534 3411 ‘

408 3510 509 3565 Διὰ
538 3510 593 3563 τί
619 3510 790 3580 λέγει,
841 3512 924 3566 ὅτι
970 3513 1303 3569 Καθεύδετε
1349 3516 1571 3571 λοιπὸν
1621 3518 1722 3572 καὶ
1770 3519 1920 3574 ἀνα-

2102 3505 2372 3563 νειιο.45.
2406 3509 2516 3565 Cur
2534 3510 2668 3568 dicit
2703 3531 2716 3567 :
2754 3512 2991 3567 Dormite
3007 3515 3129 3584 jam
3167 3525 3219 3570 et
3255 3516 3609 3587 requiescite?

339 3601 651 3665 παύεσθε;
700 3604 796 3656 καὶ
842 3603 951 3674 μὴν
998 3603 1119 3657 τότε
1171 3607 1522 3678 γρηγορῆσαι
1568 3608 1677 3664 ἔδει
1711 3627 1725 3641 ·
1783 3612 1921 3666 ἀλλὰ

2030 3598 2289 3655 Attamen
2328 3611 2460 3657 tunc
2495 3604 2725 3675 vigilare
2754 3607 3045 3677 oportebat
3083 3609 3218 3663 :sed
3254 3619 3312 3663 ut
3352 3611 3609 3666 ostendat

337 3695 553 3758 δεικνὺς
586 3695 667 3749 ὅτι
698 3696 801 3751 οὐκ
843 3697 1087 3751 οἴσουσιν
1120 3699 1241 3752 οὐδὲ
1271 3699 1373 3771 τὴν
1411 3700 1574 3771 liquv-
1602 3703 1695 3756 καὶ
1735 3705 1815 3757 ὅτι
1844 3704 1926 3758 δεῖ

341 3790 561 3850 πάντως
597 3788 700 3859 ἤδη
736 3787 900 3842 αὐτὸν
932 3789 1328 3860 παραδοθῆναι,
1357 3791 1517 3848 τοῦτὸ
1544 3812 1730 3865 φησιν.

414 3879 514 3931 Διὰ
534 3877 587 3931 τί
616 3879 797 3948 λέγει,
834 3880 1445 3953 Ἐγείρεσθεώγωμεν
1463 3886 1770 3950 ἐντεῦθεν,
1792 3887 1923 3942 ὶδοὺ

339 3968 592 4041 ἤγγικεν
622 3974 655 4026 ό
682 3973 1055 4040 παραδιδούς
1084 3991 1196 4043 μσς
1223 3975 1341 4030 Ἵνα
1368 3976 1519 4049 δείξῃ
1546 3978 1623 4042 ὡς
1642 3981 1744 4033 οὐκ
1764 3980 1924 4049 ἐφευ-

341 4077 464 4129 γεν,
497 4063 636 4116 ἀλλὰ
672 4064 874 4132 μᾶλλον
918 4064 1285 4136 προσέτρεχεν
1324 4067 1509 4137 αὐτῷ·
1552 4069 1637 4121 ἵνα
1677 4070 1924 4140 μάθωσιν

343 4154 420 4219 ὡς
459 4156 558 4209 οὐκ
588 4156 867 4222 ἀσθένεια,
899 4156 1014 4213 ἀλλ’
1038 4160 1353 4231 οἰκονομίας
1382 4155 1451 4231 ἦν
1480 4160 1542 4213 τὸ
1572 4160 1730 4215 ὅλονο
1760 4162 1793 4232 ἢ
1819 4162 1928 4215 ἀπὸ

343 4249 450 4320 γῆς
482 4252 561 4315 είς
598 4252 828 4324 οὐρανὸν
879 4255 1059 4322 λέγων
1084 4256 1335 4319 καὶτοὺς
1373 4253 1493 4308 τότε
1534 4255 1632 4308 καὶ
1673 4257 1799 4321 τοὺς
1831 4255 1925 4310 νῦν

344 4342 678 4413 ἐγείρεσθαι.

420 4461 497 4512 Τὸ
531 4459 667 4528 μετὰ
709 4458 999 4530 μαχαιρῶν
1029 4459 1123 4512 καὶ
1166 4459 1341 4523 ξύλων
1392 4456 1548 4515 εἶπεν
1596 4460 1773 4513 ἐλθεῖν
1821 4460 1929 4512 ἀπὸ

342 4553 456 4605 τῶν
487 4552 704 4621 ἱερέων,
749 4551 1025 4605 διδάσκων
1055 4552 1131 4616 ὡς
1180 4554 1405 4607 τοιαῦτα
1450 4550 1518 4627 ἦν
1558 4554 1630 4607 τὰ
1676 4552 1928 4624 ίερατικὰ

345 4646 529 4699 αὐτῶν
559 4644 731 4715 σκεύη
760 4647 855 4699 καῖ
883 4646 1165 4716 κωμῳδῶν
1186 4647 1408 4711 αὐτούς.

418 4838 517 4891 Διὰ
554 4838 607 4890 τί
641 4839 865 4908 σημεῖον
887 4835 1123 4890 δέδωκεν
1146 4836 1173 4888 ὁ
1196 4837 1463 4908 προδότης
1502 4854 1516 4901 ;
1544 4838 1690 4891 Διότι
1723 4837 1928 4891 πολλά-

346 4949 437 4995 κις
466 4930 854 5000 κατασχεθεὶς,
883 4929 1101 4998 διῆλθεν
1125 4930 1211 4983 διὰ
1245 4931 1413 5001 μέσου
1445 4931 1648 4985 αὐτῶν.

418 5026 519 5077 Διὰ
573 5024 629 5077 τί
667 5019 841 5087 εἶπεν,
886 5022 1120 5091 Ἑταῖρε
1163 5023 1255 5091 ἐφ’
1305 5018 1353 5090 ᾧ
1402 5024 1615 5091 πάρει;
1671 5025 1745 5077 Τὸ
1797 5025 1920 5095 μὲν,

346 5118 559 5187 ἑταῖρε,
595 5114 768 5182 εἶπεν,
799 5116 939 5169 ὥστε
989 5116 1248 5187 ὲντρέψαι
1302 5117 1467 5170 αὐτόν
1490 5135 1503 5147 ·
1540 5118 1600 5169 τὸ
1625 5118 1701 5181 δὲ,
1758 5119 1853 5187 ἐφ’
1880 5115 1928 5189 ᾧ

349 5211 527 5277 πάρει
560 5212 685 5274 ;ὃτι
726 5210 861 5278 Οὐχὶ
888 5209 1114 5279 ἀγάπης
1152 5209 1341 5280 σκοπῷ
1374 5210 1532 5262 τοῦτο
1587 5209 1741 5279 δρᾷς,
1793 5212 1930 5266 ἀλλὰ

349 5306 564 5376 πονηρᾷ
589 5303 805 5377 γνώμῃ-

422 5396 594 5450 Πόθεν
623 5391 766 5465 εῖχεν
801 5394 1075 5467 μάχαιραν
1104 5395 1344 5467 ῙΙὲτρος;
1393 5396 1528 5449 Ἀπὸ
1576 5397 1670 5450 τοῦ
1703 5398 1921 5453 δείπνου

345 5489 443 5544 τοῦ
478 5489 731 5558 νομικοῦ·
775 5490 959 5557 ἀρνίον
989 5489 1097 5559 γὰρ
1128 5490 1321 5557 ἔφαγε.

418 5581 576 5643 Τίνος
608 5580 767 5651 χάριν
800 5575 985 5643 εἶπεν,
1029 5580 1112 5634 ὅτι
1145 5581 1373 5647 Πάντες
1410 5584 1465 5635 οἱ
1495 5585 1786 5649 λαϐόντες
1811 5585 1925 5655 μά-

349 5690 584 5745 χαιραν,
613 5674 683 5726 ἐν
704 5674 969 5743 μαχαίρᾳ
999 5673 1478 5738 ἀποθανοῦνται;
1506 5677 1644 5739 Τοὺς
1683 5678 1930 5749 μαθητὰς

350 5766 851 5837 παραμυθούμενος
896 5770 963 5837 τῇ
1004 5766 1243 5837 τιμωρίᾳ
1292 5767 1399 5819 τῶν
1440 5768 1928 5825 ἐπιϐουλευόντωνο

350 5857 462 5925 ἐγὼ
509 5858 565 5911 δὲ
618 5859 762 5927 λέγω
815 5860 895 5911 ὅτι
940 5859 1034 5913 καὶ
1090 5858 1274 5913 πολλοὶ
1314 5858 1472 5913 τοῦτο
1529 5861 1832 5934 πάσχουσιν
1879 5867 1929 5918 οἱ

352 5949 589 6016 θοῶν-τες
612 5968 623 5981 ο
652 5954 699 6005 εί
728 5951 785 6006 δὲ
805 5952 885 6017 τὸ,
916 5951 1158 6019 πάντες,
1200 5953 1426 6022 πρόσκει
1451 5970 1552 6022 ται,
1585 5955 1704 6008 ἀντὶ
1733 5956 1847 6023 τοῦ,
1882 5959 1928 6009 οἱ

2026 3709 2126 3749 eos
2186 3695 2365 3764 ipsius
2418 3707 2703 3767 aspectum
2768 3715 2876 3754 non
2936 3700 3168 3767 laturos,
3209 3712 3263 3757 ct
3304 3704 3457 3758 illum
3493 3705 3605 3776 jam

2031 3785 2177 3840 tradi
2202 3789 2432 3843 omnino
2469 3790 2846 3845 necessarium
2866 3806 3009 3859 esse,
3045 3796 3147 3847 hoc
3170 3794 3324 3849 dicit.

2104 3878 2269 3936 Vens.
2297 3882 2390 3936 46.
2422 3882 2540 3939 Cur
2565 3884 2701 3939 dicit
2733 3904 2745 3940 :
2788 3884 3023 3958 Surgite,
3077 3905 3261 3942 eamus
3310 3890 3453 3953 hinc,
3495 3906 3611 3944 erce

2027 3973 2469 4041 appropinquavit
2497 3979 2589 4046 qui
2635 3996 2711 4032 me
2748 3979 2959 4035 tradet?
2998 3977 3070 4035 Ut
3106 3982 3359 4037 ostendat
3410 4000 3471 4039 se
3502 3999 3609 4038 non
3670 4014 3675 4017 η

2029 4062 2239 4133 ingere,
2287 4068 2379 4121 sed
2443 4072 2625 4136 potius
2658 4074 2928 4141 proditori
2991 4075 3212 4131 obviam
3264 4077 3376 4144 ire;
3418 4085 3477 4132 ut
3526 4079 3613 4134 di-

2030 4169 2186 4212 scant
2238 4159 2370 4213 illud
2425 4176 2533 4215 non
2613 4178 2738 4219 esse
2793 4165 3155 4231 debilitatem,
3229 4171 3320 4224 sed
3382 4172 3611 4226 omnino

2028 4252 2395 4320 excogitatum
2425 4257 2764 4324 propositum
2789 4275 2804 4324 ;
2827 4266 2922 4312 aut
2941 4260 3070 4315 dicit
3089 4279 3117 4316 τι
3149 4272 3293 4318 terra
3320 4265 3384 4318 ad
3403 4269 3606 4321 ctelum

2036 4344 2138 4398 hos
2163 4346 2255 4415 qui
2292 4354 2422 4401 tunc
2454 4357 2611 4403 erant
2634 4358 2688 4404 et
2717 4350 2816 4407 hos
2847 4352 2941 4422 qui
2972 4369 3123 4410 nunc
3156 4365 3286 4411 sunt
3310 4374 3558 4427 surgere.

2105 4455 2268 4511 Vens.
2298 4457 2389 4511 47.
2416 4457 2552 4512 Cum
2580 4459 2775 4528 gladiis
2806 4474 2860 4516 et
2887 4461 3124 4519 fustibus
3142 4466 3403 4522 dicuntur
3425 4472 3609 4526 venire

2032 4548 2124 4617 qui
2185 4549 2339 4605 missi
2392 4561 2519 4606 sunt
2567 4568 2597 4606 a
2654 4556 3057 4620 sacerdotibus,
3107 4560 3177 4614 ad
3207 4564 3607 4618 ostendendum

1956 4640 2003 4697 ι)
2035 4643 2196 4698 talem
2232 4659 2356 4698 esse
2387 4645 2782 4701 sacerdotalem
2815 4663 3007 4703 corum
3044 4664 3365 4723 apparatum
3397 4666 3451 4710 et
3483 4656 3613 4711 irri-

2035 4735 2273 4790 dendum
2298 4751 2417 4791 eos.

2108 4826 2272 4883 Vens.
2301 4829 2393 4884 48.
2424 4830 2538 4885 Cur
2563 4833 2778 4902 signum
2815 4834 2965 4891 dedit
2998 4841 3277 4907 proditor?
3301 4842 3440 4910 Quia
3472 4859 3616 4914 saepe

2031 4924 2487 4992 comprehensus,
2518 4929 2768 4982 transivit
2795 4945 2892 4998 per
2914 4934 3152 4988 medium
3194 4952 3406 4993 eorum.

2108 5016 2271 5071 Vens.
2310 5016 2399 5069 50.
2437 5018 2549 5072 Cur
2588 5020 2764 5075 dicit:
2814 5026 3014 5091 Amice,
3069 5027 3137 5079 ad
3196 5030 3323 5098 quid
3384 5032 3613 5089 vcnisti.’

2033 5108 2194 5175 Dicit,
2227 5109 2417 5175 amice,
2454 5118 2512 5164 ut
2546 5111 2697 5166 illum
2756 5125 3076 5184 convertat;
3112 5129 3186 5185 et,
3239 5124 3307 5173 ad
3352 5124 3479 5191 quid
3529 5141 3615 5178 ve-

2031 5202 2362 5271 nisti?quasi
2389 5203 2625 5259 diceret:
2647 5203 2762 5259 Non
2790 5206 3075 5266 cbaritatis
3101 5225 3265 5266 causa
3304 5214 3433 5269 illud
3466 5216 3610 5288 agis,

2030 5296 2127 5352 sed
2166 5296 2403 5367 maligna
2438 5296 2762 5353 intentione.

2102 5388 2272 5446 Vens.
2301 5391 2390 5465 51τ
2430 5390 2583 5446 Unde
2609 5391 2844 5448 habebat
2869 5392 3106 5463 gladium
3132 5394 3361 5451 Petrus?
3388 5395 3606 5455 Eeoeua

2032 5486 2189 5556 legali
2218 5502 2233 5552 ;
2272 5501 2473 5556 agnum
2509 5485 2655 5539 enim
2686 5487 3019 5542 comederat.

2106 5573 2272 5630 Vens.
2303 5576 2392 5631 52.
2420 5574 2593 5644 Cujus
2616 5590 2779 5631 causa
2812 5577 2948 5632 dicit
2983 5597 2995 5633 :
3036 5578 3229 5634 Omnes
3265 5581 3356 5650 qui
3396 5596 3611 5651 accepe-

2033 5668 2140 5722 rint
2165 5669 2425 5739 gladium,
2451 5668 2631 5740 gladio
2655 5671 2898 5740 peribunt
2918 5674 2943 5728 ?
2965 5673 3267 5743 diseipulos
3301 5686 3358 5729 ut
3387 5686 3610 5732 moneat

2034 5762 2317 5833 punitione
2369 5761 2606 5816 violenta
2672 5765 3028 5834 patrantium.
3102 5764 3215 5837 Ego
3288 5783 3416 5823 vero
3485 5768 3610 5823 dico

2037 5856 2237 5909 multos
2272 5854 2323 5909 id
2359 5854 2468 5925 pati
2503 5854 2646 5924 quod
2677 5855 2923 5923 faciunt.;
2965 5856 3008 5911 si
3039 5868 3222 5915 autem
3269 5876 3446 5914 omms
3475 5859 3613 5914 dici-

2037 5967 2144 6015 tur,
2174 5963 2272 6019 pro
2304 5947 2489 6004 multis
2520 5947 2934 6020 intelligendum
2961 5959 3045 6009 est
3089 5951 3339 6011 Etextcri
3366 5968 3609 6027 quoque,
