4060 6570
465 412 601 477 ιιω

1173 414 1565 475 OPUSCULA
1610 414 2244 478 SCRIP’I‘URISTICA
2286 415 2634 477 INCERT/E
2666 414 2975 477 xETA'I‘IS.

3598 414 3731 478 1168

460 532 647 587 nvibus
671 528 934 595 omnibus,
969 529 1224 594 dicendo,
1275 546 1375 600 pro
1426 530 1630 595 multis,
1676 529 1920 584 omnibus
1961 528 2045 583 in-

2156 527 2355 593 πολλοὶ,
2382 530 2490 599 χρὴ
2511 532 2674 582 νοεῖν·
2704 530 2795 583 καὶ
2824 530 2873 581 oi
2902 529 3007 594 ἐξω
3032 528 3160 598 γὰρ,
3186 526 3456 581 οἰωνοῖσί
3479 543 3543 580 τε
3559 526 3731 593 πᾶσι,

465 626 733 695 telligunt.

536 718 702 774 Vsns.
734 717 826 772 57.
856 716 936 773 Ad
978 716 1246 786 Caipham
1280 716 1436 771 illum
1472 716 1768 781 duxerunt,
1808 729 1877 770 eo
1904 715 2047 784 quod

461 818 584 862 erat
610 808 891 863 sacerdos.
924 807 1018 863 Sic
1040 819 1223 862 autem
1250 807 1651 878 pernoctabant
1671 813 1727 860 et
1751 806 2050 875 vigilabant

464 904 694 969 interea,
741 911 801 958 ut
833 918 938 957 non
989 901 1343 957 comederent
1395 911 1525 956 tunc
1575 898 1808 964 Pascha,
1846 899 1941 954 sed
1993 899 2046 952 in

463 995 635 1050 altera
661 993 752 1049 die
798 1012 812 1048 :
856 993 979 1048 ideo
1007 1001 1062 1046 et
1098 991 1153 1045 in
1185 992 1289 1047 hoc
1324 990 1495 1059 legem
1534 988 1814 1044 solverant
1849 988 1919 1041 ob
1948 999 2049 1042 cu-

465 1083 752 1155 piditatem
785 1081 1091 1138 homicidii.
1129 1081 1270 1135 Dicit
1299 1081 1445 1134 enim
1471 1081 1733 1145 Joannes,
1758 1078 1905 1149 quod
1932 1089 2048 1132 erat

467 1191 655 1245 mane,
689 1185 744 1231 et
765 1175 956 1246 adjicit
990 1191 1005 1227 :
1037 1172 1159 1227 Non
1193 1173 1507 1226 introierunt
1533 1173 1588 1225 in
1624 1172 1957 1239 prtctorium,
1989 1179 2047 1225 ut

468 1287 571 1324 non
601 1270 1120 1333 contaminarentur,
1157 1267 1248 1320 sed
1276 1276 1331 1319 ut
1379 1266 1766 1319 manducareut
1816 1264 2048 1321 Pascha.

466 1360 584 1417 Non
609 1363 754 1417 enim
789 1359 1112 1415 violavisset
1151 1356 1405 1414 Christus
1446 1358 1617 1427 legem
1668 1357 2051 1413 manducando

465 1452 676 1507 Pascha
709 1453 764 1507 in
798 1466 1045 1523 vespera,
1072 1452 1397 1523 priusquam
1430 1465 1571 1522 Opus
1602 1450 1764 1507 foret.

543 1542 702 1598 Vens.
731 1541 819 1597 60.
862 1541 1149 1610 Quomodo
1200 1550 1331 1597 sunt
1387 1539 1507 1597 falsi
1588 1551 1757 1597 testes
1803 1540 1856 1595 in
1887 1539 2017 1595 Chri

467 1637 658 1691 stum?
688 1637 769 1690 Ab
810 1653 877 1692 eo
926 1638 1070 1706 quod
1120 1637 1308 1693 dicunt
1364 1637 1483 1691 illi:
1528 1636 1754 1691 Possum
1786 1637 2055 1691 destruere

472 1730 721 1800 templum
758 1730 871 1784 Dei.
902 1729 1019 1785 Non
1065 1730 1211 1784 enim
1243 1730 1368 1785 talia
1397 1729 1760 1795 dixerat,sed,
1794 1729 2057 1784 Destruite

2103 698 2111 705 υ
2153 622 2424 690 λέγοντες,
2458 624 2579 676 ἀντὶ
2607 624 2723 688 τοῦ,
2747 624 3023 688 πολλοῖς,
3058 620 3271 673 νοοῦσιν
3293 621 3447 673 αὐτό.

2225 713 2268 765 II
2277 712 2368 783 p6;
2393 714 2654 782 Καῐάφαν
2687 713 2853 766 αὑτὸν
2878 714 3191 782 ἀπήγαγον,
3222 710 3409 782 ἐπειδὴ
3434 713 3640 775 ἐκεῖνος
3666 706 3736 782 ἦν

2154 806 2370 877 ίερεύς·
2428 804 2572 859 οὕτω
2609 806 2664 859 δέ
2714 805 3070 875 ἐνυκτέρευον
3124 804 3219 857 καὶ
3266 802 3582 875 ὴγρὺπνουν
3643 806 3739 859 ἐπὶ

2150 897 2361 968 τούτῳ,
2394 896 2468 961 ὡς
2504 898 2580 969 μὴ
2613 900 2812 967 φαγεῖν
2845 897 2965 951 τότε
3000 897 3061 951 τὸ
3100 898 3309 965 Πάσχα,
3341 897 3458 951 ἀλλ’
3487 899 3547 949 ἐν
3574 898 3742 970 ἐτέρᾳ

2153 990 2337 1062 ἡμέρᾳ
2357 1008 2373 1023 ο
2400 989 2482 1043 διὸ
2509 990 2602 1043 καὶ
2633 992 2691 1043 ἐν
2720 989 2894 1061 τούτῳ
2918 990 3008 1043 τὸν
3031 990 3195 1059 νόμον
3227 989 3422 1041 ἔλυσαν
3445 990 3513 1042 δι’
3544 992 3741 1042 ἐπιθυ-

2156 1080 2289 1151 μίαν
2320 1080 2558 1151 σφαγῆς·
2590 1075 2746 1133 εἶπεν
2782 1080 2891 1152 γὰρ
2920 1083 2948 1134 6
2996 1080 3251 1151 Ἰωάννης
3284 1081 3368 1133 ὅτι
3409 1081 3596 1150 πρωῒα
3639 1076 3737 1151 ἦν,

2153 1177 2248 1231 καὶ
2276 1178 2595 1247 ἐπήγαγεν,
2630 1178 2752 1231 Οὐκ
2789 1174 3084 1244 εἰσῆλθον
3126 1178 3214 1241 εὶς
3255 1175 3323 1227 τὸ
3354 1174 3737 1242 πραιτώριον.

2153 1269 2254 1321 ἵνα
2281 1268 2368 1338 μὴ
2392 1270 2750 1339 μιανθῶσιν,
2787 1269 2927 1325 ἀλλ’
2960 1270 3062 1323 ἵνα
3094 1268 3371 1339 φάγωσιν
3407 1270 3474 1322 τὸ
3498 1268 3739 1337 Heia-za-

2152 1362 2214 1415 οὐ
2242 1363 2352 1433 γὰρ
2381 1363 2450 1418 ἂν
2479 1365 2507 1417 6
2537 1362 2773 1435 Χριστὸς
2811 1362 3030 1435 παρέϐη
3070 1361 3162 1417 τὸν
3191 1363 3356 1433 νόμον
3383 1361 3574 1431 φαγὼν
3604 1360 3745 1416 αὐτὸ

2151 1456 2221 1525 τῇ
2251 1454 2460 1526 ἑσπέρᾳ
2496 1453 2602 1524 πρὸ
2636 1453 2731 1507 τοῦ
2767 1453 2996 1517 δέοντος.

2227 1547 2350 1611 Πῶς
2383 1548 2492 1601 είσι
2527 1546 2977 1618 ψευδομάρτυρες
3005 1547 3056 1601 oi
3095 1545 3239 1600 κατά
3283 1546 3564 1617 Χριστοῠ;
3605 1544 3745 1600 Ἀπὸ

2154 1640 2248 1694 τοῦ
2282 1640 2462 1709 λέγειν
2496 1639 2723 1703 αὐτούς’
2760 1640 3023 1709 Δύναμαι
3063 1638 3403 1693 καταλῦσαι
3436 1638 3547 1692 τὸν
3588 1638 3747 1691 ναὸν

2154 1733 2261 1787 τοῦ
2299 1732 2449 1788 Θεοῦ
2471 1749 2489 1763 ·
2520 1733 2595 1787 Οὐ
2624 1734 2733 1803 γὰρ
2763 1728 2914 1786 εἶπεν
2942 1733 3138 1797 οὓτως,
3174 1731 3333 1797 ἀλλὰ,
3361 1732 3600 1787 Λύσατε
3631 1730 3747 1783 τὸν

474 1824 723 1893 templum
756 1824 921 1879 istud.
957 1822 1075 1878 Non
1114 1833 1294 1878 autem
1340 1822 1407 1877 de
1438 1822 1638 1892 templo
1674 1822 1832 1888 dixit,
1864 1822 1957 1876 sed
1989 1822 2053 1877 de

2156 1825 2309 1878 ναὸν
2334 1824 2553 1879 τοῦτον
2578 1841 2591 1855 ·
2627 1823 2751 1877 οὔτε
2777 1824 2833 1878 δέ
2874 1823 3037 1879 πάλιν
3083 1824 3215 1894 περὶ
3260 1822 3354 1877 τοῦ
3396 1822 3527 1876 ναοῦ
3563 1820 3744 1886 εἶπεν,

472 1932 702 1986 corpore
729 1932 860 1983 suo;
890 1916 1045 1971 testis
1073 1930 1204 1971 vero
1221 1915 1363 1972 scire
1392 1914 1553 1971 debet
1601 1914 2048 1986 signiﬁcationem

2158 1919 2293 1973 ἀλλά
2326 1919 2452 1989 περὶ
2476 1917 2569 1972 τοῦ
2607 1916 2858 1989 σώματος
2891 1915 3087 1971 αὐτοῦ’
3196 1916 3252 1970 δὲ
3291 1915 3611 1988 μαρτυρῶν,
3647 1914 3745 1969 τὸν

470 2009 620 2064 verbi
652 2010 798 2079 quod
838 2009 1044 2064 dictum
1070 2017 1177 2064 est.

542 2101 821 2157 Vens.65.
865 2101 976 2157 Cur
1010 2101 1224 2156 tacebat
1276 2101 1639 2172 interrogatus
1686 2115 1716 2156 a
1766 2100 2054 2171 pontiﬁce?

468 2194 604 2261 Quia
652 2194 903 2249 insanum
956 2204 1073 2249 erat
1138 2194 1243 2249 tale
1289 2193 1581 2263 judicium,
1629 2192 1780 2248 nullo
1822 2192 1930 2246 alio
1956 2208 2055 2246 au-

468 2288 855 2359 dientejudice
878 2298 971 2342 aut
1001 2302 1320 2353 assessore;
1356 2289 1561 2343 etenim
1598 2289 1884 2345 tribunalis
1913 2291 2053 2344 ratio

469 2397 576 2436 non
596 2390 712 2435 erat
740 2382 843 2435 alia
870 2396 933 2435 ac
968 2380 1243 2434 latronum
1271 2396 1409 2434 mos.

544 2471 708 2530 Vnus.
759 2475 850 2529 65.
921 2474 1098 2529 Scidit
1190 2476 1517 2530 vesuimeuta
1583 2492 1707 2540 sua,
1782 2476 2051 2531 acriorem

468 2569 879 2624 accusationem
974 2566 1202 2631 faciens,
1286 2579 1340 2621 et
1425 2584 1679 2639 maguum
1769 2570 2055 2624 ostendere

472 2661 678 2717 malum
704 2661 894 2715 volens
918 2660 1063 2730 quod
1084 2660 1289 2714 dictum
1316 2669 1452 2715 erat.
1482 2659 1646 2715 qunl
1672 2676 1801 2732 ergo
1828 2677 2055 2716 accusa-

469 2758 616 2803 tores
650 2748 834 2814 iidem,
868 2749 1028 2803 iidem
1053 2747 1290 2818 judices,
1321 2749 1482 2803 iidem
1512 2751 1834 2805 sententiam
1868 2750 2053 2806 feren-

471 2850 575 2903 tes,
602 2840 782 2895 omnia
806 2841 973 2895 iidem
997 2841 1151 2895 llunt.

543 2930 711 2987 Vnns.
738 2932 825 2987 66.
855 2932 965 2987 Cur
1021 2933 1161 2987 clam
1204 2948 1312 2989 non
1345 2933 1711 2989 abstulerant?
1749 2934 1885 3002 Quia
1907 2936 2055 2992 vole-

470 3023 603 3080 bant
630 3034 685 3080 et
718 3025 784 3079 de
832 3039 903 3079 eo
950 3025 1265 3095 opinionem
1308 3027 1628 3095 destruere;
1676 3029 1821 3098 quod
1866 3040 2050 3084 autem

474 3128 796 3187 potestatem
830 3118 1121 3173 habuerint
1156 3118 1239 3173 vel
1293 3120 1394 3190 ipsi
1426 3121 1528 3175 soli
1578 3138 1701 3177 eum
1743 3121 2050 3189 auferendi,

2155 2014 2278 2068 νοῦν
2308 2013 2402 2068 τοῦ
2435 2012 2729 2084 λεγομένου
2765 2012 2930 2083 ῥητοῦ
2962 2011 3161 2077 είδέναι
3194 2009 3359 2063 θέλει.

2225 2106 2326 2159 Διὰ
2367 2106 2421 2159 τί
2451 2104 2661 2159 ἐσιώπα
2712 2105 2816 2159 ὑπὸ
2860 2104 2952 2158 τοῦ
2994 2104 3301 2175 ἀρχιερέως
3344 2102 3746 2175 ἐρωτώμενος,

2158 2199 2282 2252 Ὅτι
2307 2198 2511 2270 ἀνόητα
2546 2193 2615 2269 ἦν
2649 2198 2716 2252 τὰ
2749 2196 2848 2266 τῆς
2892 2197 3163 2265 κρίσεως,
3197 2194 3414 2257 οὐδενὸς
3446 2193 3747 2258 ἀκούοντος

2156 2292 2317 2348 ἄλλου
2364 2290 2549 2363 κριτοῦ
2584 2290 2616 2361 ἦ
2668 2286 2964 2361 συγκριτοῦ
2995 2304 3009 2318 ο
3047 2289 3142 2342 καὶ
3173 2286 3284 2357 γὰρ
3312 2287 3373 2340 τὸ
3410 2288 3508 2358 μὲν
3557 2287 3747 2357 σχῆμα

2155 2384 2508 2456 δικαστηρίου
2539 2378 2607 2455 ἦν
2641 2383 2802 2453 μόνον
2821 2422 2835 2447 ,
2872 2382 2901 2435 6
2928 2382 2985 2435 δέ
3016 2381 3217 2451 τρόπος
3256 2380 3492 2454 λῃστῶν.

2227 2478 2521 2549 Διέρῤηξεν
2580 2476 2647 2529 τὰ
2698 2474 2893 2544 ίμάτια
2948 2472 3159 2538 αὐτοῦ,
3212 2470 3584 2542 σφοδροτέραν
3644 2470 3748 2540 τὴν

2156 2574 2494 2642 κατηγορίαν
2515 2568 2705 2633 ποιῶν,
2734 2566 2829 2622 καὶ
2858 2564 3001 2638 μέγα
3025 2564 3195 2619 κακὸν
3222 2564 3394 2631 δεῖξαι
3419 2561 3747 2635 βουλόμενος

2155 2665 2217 2718 τὸ
2263 2663 2575 2734 εἰρημένον.
2614 2661 2858 2714 Γίνονται
2915 2655 3009 2713 οὖν
3062 2657 3218 2712 αὐτοὶ
3265 2654 3745 2719 καταδικάζοντες,

2158 2757 2314 2811 αὐτοὶ
2348 2754 2662 2826 κρίνοντες,
2720 2750 2877 2804 αὐτοὶ
2926 2749 3291 2821 ψηφιζόμενοι
3315 2789 3329 2813 ,
3370 2746 3549 2799 πάντα
3589 2745 3747 2800 αὐτοὶ

2158 2848 2455 2920 γινόμενοι.

2228 2940 2327 2993 Διά
2349 2938 2400 2991 τί
2425 2937 2599 3009 λάθρα
2616 2938 2719 2990 οὐκ
2746 2935 2956 2991 ἀνεῖλον
2978 2934 3141 2989 αὐτόν
3164 2949 3180 2999 ;
3215 2932 3433 3005 Ἐπειδὴ
3459 2932 3747 2987 ἐϐούλοντο

2158 3034 2253 3089 καὶ
2282 3033 2385 3103 τὴν
2418 3031 2578 3097 δόξαν
2622 3028 2788 3083 αὐτοῦ
2834 3026 3109 3081 διαϐαλεῖν
3129 3043 3143 3057 ·
3178 3027 3260 3080 ὅτι
3291 3025 3347 3079 δὲ
3386 3025 3637 3090 ἐξουσίαν
3671 3021 3746 3077 εί-

2158 3143 2253 3197 χον
2279 3123 2375 3177 καὶ
2402 3122 2558 3177 αὐτοὶ
2588 3120 2740 3191 μόνοι
2766 3120 2929 3174 αὑτὸν
2964 3120 3198 3181 ἀνελεῖν.
3236 3118 3468 3173 ἄκουσον
3496 3118 3546 3172 τί
3576 3117 3746 3171 nas-

474 3212 601 3266 andi
652 3210 886 3266 Pilatum
941 3211 1074 3282 quid
1145 3211 1293 3267 dicat
1338 3231 1352 3268 :
1420 3213 1654 3283 Accipite
1698 3231 1816 3269 eum
1843 3232 1930 3270 vos
2004 3226 2052 3270 et

2162 3234 2253 3283 τος
2276 3218 2448 3287 λέγει·
2476 3215 2699 3271 Λάϐετε
2722 3216 2909 3270 αὑτὸν
2929 3214 3026 3268 καὶ
3057 3213 3208 3267 κατὰ
3238 3214 3346 3267 τὸν
3366 3214 3558 3283 νόμον
3579 3211 3745 3281 ὑμῶν

473 3305 761 3361 secundum
788 3304 951 3375 legem
976 3313 1203 3359 vestram
1222 3305 1466 3375 judicate
1488 3324 1629 3360 eum.

547 3399 713 3454 Vens.
750 3400 839 3454 67.
883 3398 995 3454 Cur
1026 3398 1176 3453 illum
1230 3409 1475 3454 mactare
1528 3399 1810 3462 debentes,
1851 3415 2058 3468 expue-

474 3497 606 3551 bant
630 3496 681 3549 in
722 3494 917 3549 faciem
975 3492 1139 3561 ejus?
1168 3489 1251 3547 0b
1270 3506 1409 3548 suos
1438 3493 1732 3548 insolentes
1802 3508 1984 3549 mores
2003 3502 2057 3547 et

477 3603 735 3656 magnum
766 3587 954 3640 odium

546 3680 707 3734 Vens.
740 3680 830 3734 (i8.
864 3676 1147 3733 Czedentes
1168 3677 1425 3731 dicebant
1454 3694 1468 3730 :
1502 3674 1826 3744 Prop/ietisa
1878 3674 2052 3741 nobis,

472 3772 591 3841 quis
621 3782 699 3827 est
729 3772 818 3842 qui
876 3778 927 3825 te
949 3771 1230 3840 percussit.
1265 3767 1378 3823 lloe
1436 3775 1617 3822 autem
1677 3766 1950 3823 faciebant
1990 3781 2058 3822 eo

472 3866 617 3935 quod
673 3864 937 3935 propheta
988 3863 1283 3918 diceretur.
1330 3858 1487 3916 Alius
1517 3874 1649 3915 vero
1720 3859 2053 3929 evangelista

472 3961 609 4016 dixit
641 3974 737 4016 eos
768 3958 962 4013 faciem
985 3956 1107 4029 ejus
1128 3955 1437 4012 velamento
1471 3953 1754 4025 operuisse
1778 3962 1837 4008 ut
1860 3968 2057 4025 percu-

473 4060 668 4109 tercut.

550 4146 711 4200 \‘cns.
774 4144 863 4200 75.
909 4143 1198 4211 Quomodo
1251 4142 1535 4197 Mattliaeus
1582 4148 1850 4195 memorat
1896 4137 2057 4193 Chri-

472 4248 615 4291 stum
645 4235 804 4289 Petro
829 4235 1069 4289 dixisse:
1097 4233 1400 4303 Antequam
1432 4232 1606 4302 gallus
1636 4237 1836 4292 cantet,
1859 4236 1943 4283 ter
1968 4243 2057 4283 me

2160 3311 2401 3379 κρίναιέ
2432 3310 2639 3364 αὐτόν.

2232 3406 2329 3459 Διά
2358 3404 2413 3458 τί
2441 3404 2691 3474 ἀναιρεῖν
2735 3400 3024 3471 μέλλοντες
3058 3398 3243 3462 αὑτὸν,
3277 3398 3538 3451 ἐνέπτυον
3570 3397 3652 3461 είς
3684 3396 3744 3449 τὸ

2160 3500 2453 3573 πρόσωπον
2484 3494 2685 3558 αὑτοῦ;
2720 3496 2820 3549 Διά
2860 3495 2956 3549 τὸν
2992 3493 3295 3549 ἀκόλαστον
3325 3492 3529 3563 τρόπον
3562 3487 3744 3543 αὐτῶν

2159 3591 2366 3648 καὶτὸν
2396 3589 2565 3644 πολὺν
2600 3587 2817 3657 φθόνον.
3574 3628 3579 3631 .

2229 3682 2489 3743 Παίοντες
2513 3679 2728 3746 ελεγον·
2760 3674 3197 3746 Προφήτευσον
3228 3673 3375 3743 ἡμῖν
3397 3674 3488 3739 τίς
3513 3673 3687 3727 ἐστιν
3709 3674 3742 3725 ὁ

2159 3774 2386 3840 παίσας
2408 3789 2482 3827 σε
2506 3787 2520 3801 ⁸
2551 3770 2711 3824 τοῦτο
2738 3770 2794 3823 δέ
2829 3769 3051 3823 ἐποίουν
3074 3768 3164 3821 διὰ
3197 3767 3259 3820 τὸ
3291 3766 3548 3835 λέγεσθαι
3579 3765 3743 3818 αὐτὸν

2159 3866 2449 3936 προφήτην
2472 3879 2485 3893 ’
2514 3862 2704 3931 ἐτερος
2740 3859 2797 3914 δὲ
2836 3859 2944 3913 τῶν
2990 3856 3397 3927 εὐαγγελιστῶν
3448 3872 3614 3926 φησιν
3662 3856 3742 3908 ὅτι

2159 3974 2225 4011 πε
2236 3954 2577 4028 ριϐάλλοντες
2612 3953 2673 4007 τὸ
2703 3952 2995 4024 πρόσωπον
3027 3950 3195 4006 αὑτοῦ
3219 3950 3297 4019 τῷ
3329 3950 3551 4020 ἱματίῳ,
3571 3947 3741 4002 ταῦτα

2158 4048 2398 4102 ἐποίουν.

2226 4140 2351 4203 Πῶς
2368 4141 2397 4192 6
2426 4138 2524 4209 μὲν
2550 4136 2829 4199 Ματθαῖός
2856 4152 3041 4207 φησιν,
3072 4135 3153 4189 ὅτι
3175 4128 3328 4187 εἶπεν
3349 4134 3377 4187 6
3409 4132 3645 4202 Χριστὸς
3667 4130 3740 4201 τῷ

2159 4232 2382 4302 Πέτρῳ·
2413 4230 2564 4299 Πρὶν
2590 4229 2884 4297 ἀλέκτορα
2932 4228 3213 4298 φωνῆσαι
3244 4226 3371 4294 τρὶς
3410 4223 3737 4293 ἀπαρνήσῃ

476 4327 749 4397 negabis;
792 4324 1010 4381 Marcus
1057 4337 1239 4379 autem
1286 4324 1418 4378 dicit
1467 4322 1557 4376 ubi
1615 4321 1782 4377 semel
1845 4330 2052 4375 tantum

2156 4338 2263 4393 με;
2297 4324 2324 4377 6
2352 4324 2409 4376 δέ
2435 4322 2661 4394 Μάρκος
2686 4321 2832 4389 λέγει
2863 4321 2945 4373 ὅτι
2973 4323 3061 4373 ὅτε
3101 4317 3248 4383 ἅπαξ
3291 4318 3589 4389 ἠρνήσατο,
3619 4316 3738 4369 τότε

478 4428 791 4490 negaverat,
821 4430 950 4473 tunc
989 4417 1224 4488 primum
1309 4415 1509 4485 gallum
1562 4423 1835 4476 cantasse,
1868 4421 1922 4466 et
1964 4412 2053 4466 ubi

477 4513 639 4566 tertio
683 4512 985 4583 negaverit,
1042 4510 1285 4565 secundo
1339 4510 1539 4579 gallum
1587 4507 1879 4562 cantasse?
1917 4520 2056 4574 quo-

2158 4416 2372 4488 πρῶτον
2408 4416 2687 4486 ἐφώνησεν
2715 4416 2744 4468 6
2788 4412 3103 4485 ἀλεκτρυών
3129 4430 3141 4443 ·
3172 4415 3263 4467 ὅτε
3296 4413 3351 4466 δέ
3415 4412 3598 4483 τρίτον
3641 4449 3656 4473 ,
3682 4410 3740 4462 τὸ

2159 4509 2411 4578 δεύτερον
2441 4526 2457 4576 ;
2489 4509 2607 4572 πῶς
2640 4508 2734 4564 οὖν
2762 4508 3153 4579 εὑρεθήσονται
3203 4505 3378 4575 ἀληθῆ
3416 4504 3735 4573 ἀμφότερα,

478 4606 643 4659 modo
708 4604 867 4674 igitur
940 4617 1065 4655 vera
1151 4599 1500 4653 invenientur
1589 4598 1861 4667 utraque?
1914 4595 2053 4661 Quia

2173 4602 2390 4672 Ἐπειδὴ
2421 4603 2544 4657 καθ’
2575 4604 2815 4674 ἐκάστην
2835 4602 3062 4672 ἀγωγὴν
3083 4600 3177 4655 καὶ
3205 4601 3389 4669 τρίτον
3424 4598 3516 4651 καὶ
3544 4598 3737 4668 τέταρο

479 4698 782 4753 secundmn
820 4707 1268 4764 unamquamque
1325 4690 1721 4753 narrationem,
1787 4698 1843 4742 et
1898 4687 2057 4744 tertio

475 4799 527 4842 ct
553 4798 750 4858 quarto
781 4800 968 4840 vocem
1002 4785 1133 4839 dare
1164 4783 1377 4837 solebat
1402 4780 1597 4851 gallus,
1635 4780 1872 4834 ostendit
1910 4777 2056 4833 Mar-

474 4898 574 4936 cus
606 4881 750 4951 quod
779 4895 881 4933 vox
943 4878 1059 4932 avis
1092 4893 1200 4931 non
1236 4876 1451 4930 Petrum
1498 4872 1754 4937 detinuit,
1785 4887 1958 4942 neque
2001 4871 2053 4925 in

477 4971 796 5025 memoriam
835 4967 1131 5032 revocavit;
1153 4966 1289 5020 adeo
1314 4968 1460 5017 enim
1489 4972 1822 5031 eratpavore
1846 4962 2058 5031 percul~

476 5082 591 5129 sus,
613 5075 670 5119 ut
701 5064 835 5119 nihil
865 5062 1182 5117 recordatus
1207 5061 1279 5113 sit
1312 5072 1503 5111 eorum
1552 5070 1672 5127 qua:
1698 5054 1841 5109 dicta
1877 5066 2054 5110 erant.

474 5157 618 5213 Idem
637 5157 933 5212 ostendens
954 5153 1128 5209 Lucas
1150 5152 1305 5216 dicit,
1328 5150 1582 5203 Dominus
1602 5150 1822 5216 respexit
1842 5150 1898 5201 in
1915 5165 2055 5203 eum.

544 5249 711 5304 Vsus.
739 5250 830 5303 75.
854 5247 963 5302 Cur
994 5247 1196 5301 dicitur
1232 5263 1246 5300 :
1273 5246 1423 5315 quod
1447 5243 1700 5313 Egressus
1732 5243 1877 5311 foras
1915 5242 2056 5311 [letit

476 5344 702 5397 amare?
747 5341 884 5407 Quia
924 5351 1108 5405 aperte
1138 5339 1265 5392 ﬂere
1300 5354 1405 5391 non
1434 5334 1689 5397 audebat,
1738 5350 1803 5389 ne
1829 5348 2056 5387 accusa-

478 5446 627 5489 retur
657 5446 713 5489 ut
747 5433 1067 5501 discipulus.

1013 5576 1242 5632 CAPUT
1306 5573 1517 5630 XXVII.

550 5707 714 5761 Vens.
741 5708 794 5761 5.
839 5704 949 5759 Cur
982 5704 1164 5758 retulit
1195 5701 1519 5774 argenteos?
1551 5700 1689 5768 Quia
1740 5716 1847 5754 non
1888 5700 2057 5754 susti-

477 5803 635 5857 nebat
662 5798 1048 5855 conscientiam
1087 5798 1263 5868 ipsum
1298 5794 1673 5867 ﬂagellantem.

548 5892 714 5949 Vt-zns.
774 5895 829 5948 4.
864 5892 1000 5948 Cum
1033 5892 1220 5950 dicunt
1269 5889 1543 5961 principes
1594 5885 1945 5942 sacerdstum
2005 5894 2059 5938 et

2159 4710 2249 4745 τον
2292 4694 2491 4761 φωνεῖν
2524 4693 2713 4746 εἴωθεν
2761 4696 2789 4747 6
2821 4690 3170 4763 ἀλεκτρυὼν,
3213 4688 3391 4760 δηλῶν
3441 4692 3468 4743 6
3512 4688 3737 4758 Μάρκος

2158 4786 2240 4839 ὅτι
2293 4786 2481 4856 οὐδὲή
2532 4786 2685 4857 φωνὴ
2724 4787 2887 4840 αὑτὸν
2944 4786 3210 4854 ἐπέσχεν,
3243 4784 3338 4837 καὶ
3384 4786 3465 4846 είς
3519 4784 3738 4853 μνήμην

2159 4880 2358 4949 ἤγαγε,
2387 4878 2545 4933 τοῦτό
2576 4897 2741 4949 φησιν
2761 4897 2775 4912 ο
2800 4879 3055 4933 τοσοῦτον
3077 4879 3132 4932 δὲ
3161 4874 3229 4949 ἦν
3256 4877 3647 4947 ἀποτεθνηκὼς
3666 4875 3739 4946 τῷ

2158 4972 2303 5035 δέει,
2334 4974 2414 5025 ὅτι
2454 4972 2575 5026 οὐδὲ
2609 4972 2855 5044 ἐμνήσθη
2889 4972 2984 5026 τοῦ
3018 4971 3300 5041 λεχθέντος
3326 4988 3339 5001 ο
3373 4970 3467 5022 καὶ
3509 4969 3668 5022 τοῦτο
3711 4970 3739 5021 6

2161 5061 2377 5124 Λουκᾶς
2409 5061 2588 5132 δηλῶν
2610 5103 2625 5129 ,
2668 5062 2751 5117 ὅτι
2795 5060 3161 5130 Ἐνέϐλεψεν
3197 5064 3284 5127 εὶς
3315 5061 3503 5114 αὑτὸν
3531 5064 3563 5114 ό
3604 5061 3739 5127 Χρι-

2159 5154 2307 5217 στὸς
2324 5192 2337 5215 ,
2367 5149 2540 5207 εἶπεν.

2234 5246 2331 5298 Διά
2374 5245 2429 5298 τί
2468 5246 2636 5313 λέγει,
2677 5246 2759 5300 ὅτι
2820 5244 3119 5310 Ἐξελθὼν
3152 5244 3268 5309 ἔξω
3301 5243 3612 5297 ἔκλαυσεν
3641 5258 3738 5297 πι-

2161 5339 2315 5409 κρῶς
2331 5356 2350 5403 ;
2386 5339 2601 5410 Ἐπειδὴ
2628 5339 2877 5411 φανερῶς
2907 5341 3005 5393 οὑκ
3032 5338 3236 5409 ἐτόλμα
3258 5337 3513 5406 κλαῦσαι,
3543 5337 3631 5392 ενα
3664 5336 3737 5411 μὴ

2162 5428 2514 5502 κατηγορηθῇ
2548 5428 2623 5492 ὼς
2654 5429 2920 5502 μαθητής.

2716 5573 2985 5629 ΚΕΦΑΛ.
3032 5576 3163 5631 KZ'.

2232 5696 2330 5750 Διὰ
2360 5696 2412 5750 τί
2437 5698 2779 5770 ἀπέστρεψεν
2808 5702 2877 5755 τὰ
2904 5702 3145 5775 ἀργύρια
3170 5721 3185 5771 ;
3233 5704 3449 5777 Ἐπειδὴ
3482 5706 3581 5759 οὐκ
3611 5705 3742 5777 ἐφε-

2166 5806 2256 5858 ρεν
2282 5788 2343 5841 τὸ
2375 5789 2610 5853 σννειδὸς
2639 5793 2901 5861 μαστιζον
2930 5795 3113 5849 αὐτόν.

2238 5881 2311 5933 T6
2338 5881 2513 5935 εἰπεῖν
2552 5883 2680 5947 τοὺς
2710 5885 2989 5957 ἀρχιερεῖς
3024 5887 3117 5941 καὶ
3145 5889 3271 5953 τοὺς
3308 5890 3735 5962 πρεσϐυτέρους,
