4060 6612
341 431 482 503 1169
1163 426 1170 428 '
1337 437 1661 498 SCHOLIA
1699 437 1997 498 VETERA
2041 437 2120 494 IN
2158 435 2630 496 MATTH/EUM.
3467 426 3605 490 1170

337 547 422 599 Σὺ
478 547 636 617 ὄψει,
703 547 964 619 μέγιστον
1017 548 1202 612 αὐτοῖς
1259 547 1512 620 ἔγκλημα
1567 550 1664 604 καὶ
1717 550 1912 604 τοῦτο·

2050 548 2313 604 eniores:
2376 551 2450 602 Tu
2506 547 2723 614 videris,
2769 545 3069 601 maximum
3122 541 3224 598 sibi
3251 551 3528 611 peceatum
3552 555 3607 598 et

337 635 617 702 φαίνονται
663 636 773 708 γᾶρ
809 637 1218 708 μαρτυροῦντες
1263 641 1328 710 τῇ
1372 639 1576 710 τόλμῃ·
1618 640 1714 693 καὶ
1748 657 1918 694 κατα-

2050 645 2158 698 ΗιιιΙ
2207 644 2434 699 faciunt.
2495 642 2636 698 Nam
2692 644 2944 699 videntur
2985 640 3199 695 facinus
3246 645 3607 702 attestantes;

337 726 586 791 κρίνουσι
631 728 730 797 μὲν
770 729 863 782 τὸν
911 729 1154 795 Ἰούδαν,
1205 730 1314 783 ὑπὸ
1349 728 1408 783 δὲ
1449 729 1545 783 τοῦ
1579 730 1784 793 πάθους
1819 732 1920 784 οὐκ

2050 747 2076 791 et
2102 735 2470 792 condemnant
2489 736 2710 806 quidem
2763 733 2982 800 ludam,
3024 733 3117 788 sed
3156 747 3252 802 per
3289 731 3411 798 ejus
3448 730 3613 784 mise-

340 818 822 887 ἀναχαιτίξονται·
875 822 1302 893 κατακρίνονται
1345 822 1403 875 δὲ
1441 822 1539 876 καὶ
1592 823 1658 876 ὲκ
1698 822 1794 876 τοῦ
1843 824 1919 894 μὴ

2050 829 2258 884 audam
2339 837 2542 884 sortem
2595 843 2704 884 non
2768 826 3103 882 detinentur.
3165 824 3614 880 Condemnantnr

341 909 526 979 βαλεῖν
558 911 701 968 αὐτὰ
731 915 811 978 εἰς
831 915 934 969 ,τὸν
959 918 1240 988 κορσωνᾶν
1259 958 1276 984 ,
1315 915 1433 969 ἀλλ’
1461 916 1732 986 ἀγοράσαι
1755 918 1922 971 τόπον

2050 932 2210 977 ιιιιοιιι
2244 936 2310 977 ex
2335 920 2440 977 hoc
2465 921 2612 991 quod
2640 935 2752 976 non
2783 917 3036 975 miserint
3063 926 3352 986 argenteos
3399 914 3454 969 in
3483 919 3610 968 eer-

341 1003 419 1064 ei;
443 1004 622 1074 ταφὴν
651 1005 762 1058 τῶν
789 1008 977 1074 ξένων,
1001 1010 1110 1064 ἀπὸ
1139 1010 1300 1078 φόνου
1329 1007 1583 1062 εὐποιίαν
1613 1009 1924 1073 ποιοῦντες·

341 1091 399 1157 ὃς
427 1092 598 1165 ἀγρὸς
627 1095 890 1167 κηρύττει
938 1098 1027 1151 ἀεὶ
1067 1097 1129 1151 τὸ
1165 1099 1402 1170 πρᾶγμα
1432 1096 1674 1167 ἐλέγχων
1699 1097 1919 1160 αὐτούς.

415 1278 514 1332 Διὰ
550 1279 603 1332 τί
631 1275 724 1334 οῦν
756 1280 1064 1351 ἀγξάμενος
1095 1281 1172 1345 ὡς
1203 1280 1280 1352 μή
1318 1281 1660 1352 μετανοήσας
1707 1279 1926 1351 νομίζε-

345 1388 464 1435 ται;
520 1373 642 1426 Ὀτι
686 1375 1068 1444 προεξήγαγεν
1112 1374 1276 1428 αὐτὸν
1324 1373 1426 1444 τῆς
1469 1372 1794 1443 μετανοίας,
1839 1373 1927 1427 ἳνα

351 1465 516 1535 μηδὲν
555 1466 806 1521 ἐντεῦθεν
835 1468 1222 1540 καρπώσηται.

408 1559 508 1613 Διὰ
537 1558 589 1611 τί
617 1559 676 1612 οὐ
707 1559 958 1628 λέγουσιν
983 1559 1060 1631 τῷ
1086 1560 1302 1631 Πιλάτῳ
1329 1562 1430 1615 ὅσα
1463 1564 1512 1616 οί
1542 1563 1825 1635 μάρτυρες
1849 1557 1928 1616 εἷ-

348 1668 485 1715 πον,
541 1651 657 1705 ἀλλ’
697 1653 777 1714 εἰς
803 1652 1042 1721 δημόσια
1087 1653 1412 1724 ἐγκλήματα
1454 1655 1554 1725 τὴν
1589 1656 1930 1726 κατηγορίαν

349 1743 630 1811 ποιοῦσιν;
678 1745 898 1815 Ἐπειδὴ
948 1746 1247 1814 ἐγίνωσκον
1297 1747 1372 1811 ὡς
1417 1750 1446 1802 ὁ
1495 1748 1726 1813 Πιλᾶτος
1775 1748 1930 1802 οὐδὲν

349 1836 464 1906 ἔχει
483 1837 551 1889 τὰ
582 1837 788 1908 νόμιμα
809 1837 1013 1892 αὐτῶν.
1060 1839 1118 1892 '0
1149 1840 1382 1910 Χριστὸς
1403 1841 1725 1913 ἐρωτηθεὶς,
1751 1839 1825 1897 ΕΙ
1847 1840 1930 1896 σὺ

347 1932 381 1983 d
404 1929 706 1997 ,ϐασιλεὺς
740 1928 861 1983 τῶν
895 1929 1240 1997 Ἰουδαίων;
1271 1927 1455 1985 εἶπεν·
1486 1933 1571 1987 Σὺ
1599 1933 1810 2000 suac;
1833 1932 1934 1986 Διά

347 2019 442 2074 τοῦ
468 2021 664 2084 εἰπεῖν,
699 2021 784 2075 Σὺ
819 2017 995 2086 εἶπας
1015 2061 1031 2086 ,
1065 2020 1420 2093 ὡμολόγησεν
1450 2019 1593 2077 εἶναι
1636 2023 1890 2095 βασιλεὺς
1913 2065 1930 2090 ,

348 2111 466 2165 ἀλλ’
492 2111 814 2182 ἐπουράνιος
839 2129 854 2144 ·
887 2112 916 2166 ὃ
966 2113 1062 2167 καὶ
1089 2113 1326 2185 ἀλλαχοῦ
1377 2117 1716 2188 σαφέστερον
1746 2116 1932 2186 ἔλεγεν

351 2204 488 2275 πρὸς
530 2204 765 2270 αὐτοὺς,
809 2206 893 2260 ὅτι
937 2206 1008 2262 Ἢ
1033 2205 1149 2278 ἐμὴ
1171 2207 1468 2273 ,ϐασιλεία
1511 2211 1624 2266 οὐκ
1655 2212 1829 2265 ἐστιν
1862 2210 1935 2265 ἐκ

350 2298 458 2354 τοῦ
486 2302 720 2368 κόσμου
744 2301 983 2355 τούτου.

425 2392 641 2462 Βραχέα
670 2393 1048 2466 ἀποκρίνεται,
1076 2405 1170 2448 και
1199 2394 1360 2448 πάλιν
1391 2395 1542 2466 σιγᾷ·
1565 2393 1673 2449 ἀπὸ
1701 2394 1811 2464 γὰρ
1836 2393 1936 2462 τῆς

2028 1013 2254 1078 bonam,
2281 1013 2376 1068 sed
2399 1012 2635 1069 emerim
2663 1012 2844 1067 locum
2887 1011 2943 1065 in
2993 1009 3332 1079 sepulturam
3368 1007 3612 1076 peregri-

2030 1120 2247 1171 norum,
2310 1121 2377 1162 ex
2416 1106 2716 1162 homicidio
2772 1103 3191 1160 beneﬁcentiam
3243 1109 3614 1154 exercentes:

2029 1199 2124 1268 qni
2153 1213 2283 1268 ager
2311 1213 2425 1253 rem
2459 1198 2764 1268 proclamat
2793 1211 3010 1264 semper
3041 1195 3165 1249 il!os
3198 1194 3486 1248 incusans.

2107 1290 2273 1347 Vens.
2309 1292 2363 1346 5.
2400 1293 2512 1346 Cur
2543 1292 2710 1362 igitur
2734 1292 2931 1360 laqueo
2960 1301 3265 1359 suspensus
3293 1293 3402 1347 est,
3449 1284 3522 1338 ita
3559 1291 3620 1337 ut

2033 1400 2141 1438 non
2192 1383 2516 1451 putuituisse
2571 1383 2860 1438 videatur?
2909 1381 3049 1448 Quia
3103 1397 3163 1437 se
3217 1396 3247 1435 a
3293 1378 3618 1451 paenitentia

2031 1475 2208 1546 primo
2242 1475 2458 1540 avertit,
2495 1484 2555 1530 ut
2586 1476 2797 1529 nullum
2822 1475 2947 1530 inde
2971 1473 3208 1529 fructum
3243 1472 3510 1528 retulerit.

2106 1567 2274 1626 Vens.
2302 1569 2388 1624 ll.
2422 1567 2536 1622 Cur
2561 1582 2667 1622 non
2701 1567 2891 1622 dicunt
2928 1567 3105 1622 Pilato
3140 1566 3286 1636 quod
3330 1573 3497 1622 testes
3535 1563 3623 1618 di-

2032 1670 2248 1724 xerant,
2315 1659 2408 1714 sed
2457 1657 2526 1714 de
2573 1657 2811 1729 publicis
2842 1657 3170 1713 criminibus
3204 1657 3616 1713 accusationem

2037 1752 2288 1808 iaciunt?
2356 1750 2496 1818 Quia
2547 1750 2955 1821 cognoscebant
3019 1749 3257 1804 Pilatum
3306 1763 3404 1818 pro
3451 1746 3624 1802 nihilo

2039 1845 2239 1900 habere
2261 1858 2384 1913 quae
2410 1843 2476 1897 de
2504 1858 2696 1898 eorum
2722 1843 2839 1913 lege
2864 1849 3041 1896 erant.
3084 1839 3339 1896 Christus
3379 1839 3622 1894 interro-

2035 1947 2224 2008 gatus:
2266 1936 2342 1990 Tu
2361 1953 2414 1991 es
2449 1951 2543 1990 rea:
2573 1934 2924 1989 "Iudaeorum
2953 1935 2978 1987 ?
3005 1933 3140 1989 dicit
3172 1951 3185 1988 :
3220 1931 3296 1986 Tu
3323 1932 3476 1986 dicis.
3523 1929 3628 1984 [lc-

2035 2029 2346 2099 pondendo,
2383 2027 2462 2082 Tu
2487 2028 2645 2092 dicis,
2690 2026 2983 2082 confessus
3014 2035 3098 2081 est
3148 2041 3209 2082 se
3263 2039 3442 2096 regem
3477 2037 3624 2087 esse,

2037 2119 2136 2177 sed
2162 2119 2466 2176 cmlestem.
2497 2117 2563 2172 Et
2602 2117 2742 2173 alias
2784 2117 2990 2174 clarius
3016 2117 3126 2174 illis
3165 2116 3347 2174 dixit:
3389 2114 3629 2187 Regnum

2040 2225 2216 2266 meum
2245 2226 2349 2265 non
2389 2219 2466 2264 est
2496 2225 2562 2264 ea:
2591 2208 2686 2262 hoc
2720 2208 2941 2264 mundo.

2108 2394 2277 2450 Vens.
2321 2391 2408 2448 1‘2.
2445 2390 2692 2446 Breviter
2767 2389 3060 2461 respondet
3127 2397 3178 2442 et
3202 2386 3396 2442 iterum
3443 2391 3629 2441 tacet:

353 2483 651 2547 παντελοῦς
687 2485 847 2556 σιγῆς
869 2486 1029 2551 δόξαν
1051 2485 1344 2548 αὐθαδείας
1373 2485 1634 2551 δέξασθαι
1661 2483 1806 2554 εἶχεν
1829 2500 1847 2516 ·
1871 2487 1938 2538 ἐκ

2050 2499 2164 2538 nam
2199 2499 2263 2537 ex
2295 2481 2551 2537 absoluto
2572 2477 3157 2550 silentiolarrogantize
3179 2475 3496 2547 opinionem
3525 2471 3632 2529 sibi

351 2576 406 2628 δὲ
441 2575 536 2629 τοῦ
593 2575 767 2629 πολλὰ
815 2576 1016 2645 λέγειν,
1061 2577 1124 2632 ού
1173 2579 1359 2631 πεῖσαι
1421 2578 1620 2641 αὐτοὺς
1675 2575 1934 2648 ἔμελλεν·

2050 2575 2401 2642 conciliabat;
2442 2571 2538 2629 sed
2588 2571 2757 2626 multa
2823 2569 3080 2632 dicendo,
3129 2569 3252 2624 illos
3302 2565 3634 2638 persuadere

354 2665 694 2733 ὲτύφλωττον
729 2667 838 2736 γὰρ
878 2667 1116 2730 ἑκόντες.

2050 2684 2147 2723 non
2171 2668 2446 2733 debebat;
2482 2679 2610 2720 nam
2635 2663 2763 2719 caeci
2785 2673 2945 2718 erant
2999 2659 3316 2716 voluntarii.

371 2807 374 2809 .
424 2758 522 2813 Διά
564 2758 618 2812 τί
668 2760 772 2813 οὐκ
800 2754 977 2822 εἶπεν,
1002 2759 1086 2813 ὅτι
1113 2759 1319 2830 Φόρους
1334 2760 1566 2824 δέδωκα,
1589 2759 1685 2814 καὶ
1715 2759 1935 2829 ἑτέρους

2115 2762 2281 2816 Vens.
2320 2761 2404 2814 l5.
2441 2760 2552 2812 (an
2599 2773 2706 2812 non
2735 2756 2868 2810 dicit
2899 2771 2913 2808 :
2948 2753 3175 2808 'l‘ributa
3222 2752 3380 2817 solvi,
3417 2763 3472 2808 et
3511 2750 3636 2806 aliis

358 2849 761 2903 καταϐαλέσθαι
781 2850 1068 2915 ἐκέλευσα,
1097 2851 1191 2904 καὶ
1215 2851 1376 2921 ἡνίκα
1407 2850 1598 2922 ήθελὸν
1622 2867 1690 2918 με
1715 2851 1937 2922 ποιῆσαι

2050 2853 2172 2914 ιιιμεί
2211 2862 2271 2907 ιιι
2299 2850 2634 2914 conferrent,
2655 2857 2710 2904 et
2736 2848 2958 2917 quando
2989 2860 3076 2900 me
3106 2859 3288 2914 regem
3330 2843 3510 2897 facere
3542 2858 3637 2894 vo-

361 2941 606 3010 βασιλὲα,
638 2942 874 3011 ἐφυγον;
917 2941 1040 2996 Ὀτι
1092 2942 1491 3015 διεφθαρμένον
1525 2938 1592 3014 ἦν
1644 2942 1824 2996 αὐτῶν
1878 2941 1939 2994 τὸ

2050 2950 2280 3010 luerunt,
2318 2943 2432 3014 fugi
2461 2942 2638 3008 iQuia
2665 2949 2982 3011 corruptum
3015 2947 3135 2994 erat
3153 2953 3341 2993 eorum
3371 2935 3632 2991 tribunal.

356 3035 729 3104 δικαστήριον.

434 3129 493 3181 '0
528 3129 760 3185 Πιλᾶτος
791 3127 1105 3198 ἐθαύμασεν
1147 3127 1245 3199 τήν
1274 3127 1582 3182 ἐπιείκειαν
1629 3129 1694 3181 ἐκ
1724 3126 1824 3197 τῆς
1856 3144 1939 3180 σι-

2122 3133 2284 3188 Vens.
2323 3133 2408 3187 l4.
2445 3131 2652 3187 Pilatus
2705 3130 2934 3184 miratus
2989 3137 3077 3184 est
3141 3126 3260 3197 ejus
3309 3125 3364 3179 in
3427 3123 3638 3179 silendo

358 3222 462 3292 γῆς
482 3237 496 3250 ·
520 3221 710 3291 ἐπειδὴ
732 3221 789 3274 δὲ
821 3221 1075 3274 ἐϐούλετο
1103 3220 1268 3275 αὐτὸν
1295 3220 1735 3290 ἀπολογούμενον
1767 3219 1942 3272 ἀπαλ-

2050 3227 2513 3292 moderationem;
2541 3224 2803 3294 quoniam
2832 3230 3017 3276 autem
3050 3218 3453 3283 volebatillum,
3486 3226 3636 3286 post-

359 3312 627 3383 λαγῆναι,
658 3312 744 3365 διὰ
777 3312 938 3366 τοῦτο
966 3307 1118 3366 εἶπεν
1152 3332 1159 3341 '
1193 3315 1316 3367 Οὐκ
1346 3314 1588 3379 ἀκούεις
1628 3314 1792 3366 πόσα
1823 3325 1942 3366 σου

363 3405 967 3476 κιιταμαρτυροῦσιν;
1034 3405 1254 3475 Ἐπειδὴ
1310 3405 1368 3458 δὲ
1421 3406 1586 3459 πάλιν
1637 3405 1790 3458 οὐδὲν
1837 3406 1945 3458 ἀπ-

361 3496 578 3569 εκρίθη,
600 3494 688 3549 ἐτε
697 3513 790 3566 ρον
815 3497 1147 3566 μηχανᾶται,
1166 3495 1255 3550 ἵνα
1270 3495 1345 3559 ὠς
1359 3495 1649 3550 κατάδικον
1673 3495 1946 3565 χαρίσων-

359 3604 454 3642 ται
483 3586 646 3641 αὑτὸν
683 3589 748 3656 τῇ
784 3587 946 3657 ἐορτῇ
975 3585 1118 3640 κατὰ
1146 3586 1210 3639 τὸ
1250 3584 1372 3649 ἐθος
1404 3585 1586 3641 αὐτῶν
1610 3602 1624 3616 ·
1653 3585 1828 3648 οὕτως
1852 3584 1946 3637 τὸν

366 3679 559 3750 κριτήν
606 3678 808 3749 μᾶλλον
839 3678 1264 3749 παρακαλοῦντα
1286 3679 1386 3749 οὐχ
1435 3678 1714 3747 ὑπήκουον
1743 3678 1792 3730 οἱ
1841 3676 1948 3731 ὑπὸ

368 3777 542 3846 χεῖρα,
570 3772 678 3826 ἀπὸ
705 3771 905 3842 πολλῆς
933 3777 1281 3844 παρανομίας
1314 3773 1410 3827 καὶ
1436 3770 1659 3842 φθόνου.

431 3953 531 4008 Διὰ
584 3953 637 4006 τί
689 3953 894 4026 λῃστὴν
953 3952 1158 4015 εἰπὼν,
1215 3954 1558 4025 προσέθηκεν
1613 3956 1790 4009 εἰπεῖν
1829 3955 1946 4021 καὶ,

364 4047 708 4115 ἑ.·ιίσημον;
743 4046 908 4100 Ὥστε
931 4046 1065 4117 μηδέ
1098 4048 1257 4109 σκιᾶς
1279 4047 1577 4113 ἀπολογίαν
1602 4046 1946 4111 καταλιπεῖν,

365 4141 448 4193 ὅτι
476 4137 714 4192 τοιοῦτον
739 4136 879 4206 ὑπὲρ
901 4137 1146 4190 τοιούτου
1170 4137 1592 4208 ἀντηλλάξαντο.

363 4285 372 4298 ,
431 4232 530 4285 Διὰ
559 4232 612 4285 τί
639 4233 739 4302 οὐχ
758 4232 787 4284 ὁ
810 4231 1039 4296 Πιλάτος
1063 4233 1166 4304 ὁρᾷ
1192 4232 1254 4286 τὸ
1280 4232 1437 4300 δναρ,
1469 4232 1586 4287 ἀλλ’
1616 4233 1801 4303 ήγυνή
1831 4249 1846 4296 ;
1879 4233 1948 4285 Ἦ

366 4323 449 4376 ὅτι
479 4321 608 4386 ἀξία
633 4318 703 4392 ἦν
730 4321 966 4392 μᾶλλον·
1013 4321 1046 4393 ἢ
1091 4323 1174 4376 ὅτι
1229 4323 1390 4385 αὐτὸς
1436 4325 1484 4375 εἰ
1531 4318 1712 4388 εἶδεν,
1753 4323 1950 4382 οὐκᾶν

367 4416 666 4486 ἐπιστεύθη
719 4416 794 4478 ὼς
839 4415 1162 4492 βουλὸμενος
1211 4415 1484 4470 ἀπολῦσαι
1527 4415 1794 4486 αὐτόν·ἢ
1840 4413 1950 4469 οὐδ’

368 4509 435 4562 ἂν
464 4508 697 4572 ἐξεῖπεν·
731 4507 925 4578 κριτὴς
953 4508 1063 4578 γὰρ
1091 4503 1180 4578 ἦν·
1215 4507 1310 4561 καὶ
1338 4508 1424 4561 ἵνα
1449 4509 1478 4562 ὁ
1508 4507 1648 4578 ἀνὴρ
1668 4506 1816 4579 πάθῃ
1849 4507 1951 4577 τὴν

2053 3337 2217 3392 quam
2269 3336 2328 3376 se
2382 3318 2736 3380 defendisset,
2773 3314 3069 3375 dimittere,
3119 3313 3242 3368 ideo
3287 3311 3464 3367 dicit:
3503 3307 3638 3363 Non

2053 3414 2208 3467 audis
2238 3422 2440 3482 quanta
2493 3413 2771 3464 adversum
2818 3419 2867 3462 te
2899 3407 3084 3461 dicunt
3131 3403 3430 3460 testimonia
3455 3403 3481 3456 .’
3503 3401 3638 3469 Quia

2053 3519 2185 3559 vero
2217 3505 2417 3559 iterum
2453 3502 2585 3556 nihil
2616 3501 2919 3570 respondit,
2952 3499 3099 3554 aliud
3144 3498 3395 3562 intentat,
3425 3496 3642 3552 scilicet

2056 3605 2111 3650 ιιι
2144 3583 2296 3650 illum
2329 3595 2486 3665 quasi
2513 3593 2936 3648 condemnatum
2966 3593 3019 3646 in
3053 3591 3143 3644 die
3175 3590 3316 3646 festo
3339 3589 3640 3644 secundum

2054 3703 2211 3744 suam
2246 3686 2726 3743 consuetudinem
2779 3685 2952 3756 gratia
3017 3683 3243 3737 donent.
3275 3681 3367 3736 Sic
3402 3681 3648 3752 iudicent-

2054 3782 2138 3836 vel
2171 3781 2352 3852 potius
2383 3779 2781 3848 supplicantem
2817 3792 2923 3831 non
2953 3776 3246 3830 audierunt
3269 3774 3386 3845 eius
3409 3774 3636 3838 subditi",

2057 3876 2126 3930 ob
2159 3890 2408 3946 magnam
2443 3872 2767 3940 iniustitiam
2805 3880 2857 3923 et
2883 3869 3164 3924 invidiam.

2132 3966 2296 4020 VEtts.
2337 3966 2422 4020 16.
2457 3965 2567 4018 Cur
2596 3963 2663 4017 de
2709 3963 2922 4015 latrone
2973 3959 3275 4030 loquendo,
3312 3958 3532 4012 additur
3557 3957 3644 4011 irt-

2055 4057 2299 4126 aignem?
2326 4055 2398 4108 Ita
2422 4065 2480 4107 ιιι
2501 4071 2572 4107 ne
2599 4054 2792 4106 umbra
2828 4053 3050 4119 quidem
3076 4050 3340 4120 apologia:
3365 4049 3645 4118 relinqua-

2057 4158 2164 4211 tur,
2199 4147 2342 4215 qund
2373 4146 2534 4198 talem
2567 4159 2664 4214 pro
2695 4143 2787 4196 tali
2818 4142 3150 4197 dimiserint.

2133 4240 2296 4293 Vens.
2328 4237 2413 4291 l9.
2447 4235 2557 4291 Cur
2599 4249 2704 4289 non
2751 4234 2960 4290 Pilatus
3005 4233 3168 4286 habet
3225 4231 3654 4298 somnium,sed_

2059 4331 2233 4387 uxor?
2269 4327 2366 4382 Vel
2398 4326 2528 4396 quia
2553 4325 2714 4395 digna
2741 4323 2912 4392 magis
2947 4334 3101 4388 erat;
3129 4323 3209 4376 vel
3246 4321 3376 4391 quia
3418 4321 3556 4388 ipse,
3597 4322 3646 4375 si

2059 4425 2306 4490 vidisset,
2326 4436 2434 4476 non
2453 4419 2788 4485 crederetur,
2802 4415 2965 4489 quasi
2982 4413 3336 4472 volensillum
3351 4413 3646 4482 dimittere;

2060 4515 2145 4570 vel
2171 4529 2278 4568 non
2317 4509 2795 4571 manifestavisset,
2823 4507 2988 4578 judex
3019 4507 3165 4563 enim
3200 4517 3316 4561 erat
3340 4521 3356 4570 ;
3383 4513 3440 4560 et
3471 4515 3532 4560 ut
3564 4506 3650 4560 vir

349 4601 546 4672 .ι.Ῑιυχὴν
566 4601 656 4654 διὰ
679 4601 777 4671 τήν
798 4603 1051 4670 γυναῖκα·
1072 4600 1167 4654 καὶ
1197 4601 1306 4667 ἵνα,
1339 4599 1416 4664 ὡς
1444 4600 1615 4670 γυνὴ,
1647 4599 1944 4670 κατάδηλον

2063 4607 2297 4676 patiatur
2315 4605 2367 4657 in
2387 4602 2566 4656 anima
2580 4617 2676 4674 sua
2692 4617 2786 4671 per
2800 4616 2954 4655 suam
2972 4615 3221 4663 uxorem,
3243 4609 3297 4654 et
3319 4607 3378 4654 ut
3394 4598 3507 4665 illa,
3522 4614 3650 4669 pro-

372 4695 577 4767 ποιήσῃ
610 4695 745 4746 πᾶσι
775 4693 874 4746 καὶ
903 4693 1144 4765 γνωσθῇ.

443 4786 518 4837 Οὐ
552 4783 868 4852 σταυρῶσαι
904 4784 1065 4853 μόνον
1095 4784 1365 4849 θέλοντες,
1405 4783 1542 4838 ἀλλὰ
1580 4784 1678 4838 καὶ
1707 4785 1952 4856 πονηρὰν

373 4877 524 4949 αύτῴ
572 4877 888 4947 βουλόμενοι
943 4877 1249 4947 περιθεῖναι
1301 4877 1501 4943 δόξαν·
1539 4877 1792 4948 ἐνόμιζον
1845 4878 1957 4948 γὰρ

375 4973 812 5037 κατασκευάζειν
854 4974 919 5024 ἐκ
957 4971 1150 5025 τούτου
1178 4972 1262 5025 ὅτι
1291 4971 1388 5025 τοῦ
1431 4970 1631 5043 λῃστοῦ
1664 4971 1862 5042 χείρων
1888 4968 1958 5042 ἦν

375 5067 472 5119 καὶ
503 5064 647 5119 οὓτω
669 5063 987 5136 παράνομος
1011 5063 1131 5129 ,ὡς
1162 5066 1300 5135 μήτε
1327 5064 1523 5134 ἑορτῆς
1551 5062 1827 5133 ἀξιώματι
1854 5061 1958 5115 σώο

377 5163 569 5225 ζεσθαι
590 5179 606 5194 ·
630 5163 808 5217 πάντα
827 5162 935 5232 γὰρ
955 5161 1148 5214 τούτου
1174 5159 1360 5213 ἕνεκεν
1388 5157 1608 5212 ἐποίουν
1629 5157 1771 5211 ὥστε
1791 5155 1958 5210 αὐτοῦ

376 5255 476 5325 τὴν
521 5254 789 5322 ὑπόληψιν
835 5251 1177 5307 διαϐάλλειν·
1227 5251 1319 5304 διὰ
1367 5249 1529 5304 τοῦτο
1570 5249 1665 5304 καὶ
1704 5249 1830 5312 τοὺς
1867 5247 1961 5300 δύο

378 5344 582 5418 λῃστὰς
620 5343 799 5396 αὐτῶν
849 5342 1336 5411 συνεσταύρωσαν·
1384 5339 1499 5396 ἀλλ’
1547 5341 1581 5410 ή
1625 5339 1855 5409 ἀλήθεια
1897 5337 1960 5390 ού

385 5439 546 5508 μάνον
565 5438 625 5490 ού
649 5437 1057 5500 ωνεσκιάζετο,
1081 5435 1216 5488 ἀλλὰ
1241 5435 1336 5488 καὶ
1355 5433 1617 5502 μειζόνως
1638 5433 1954 5502 διέλαμπεν.

453 5533 562 5584 Καὶ
610 5531 698 5584 διὰ
726 5530 821 5583 τοῦ
847 5550 875 5594 ,’
910 5530 970 5583 Τί
1010 5523 1124 5584 οὖν
1171 5527 1406 5594 ποιήσω
1444 5529 1668 5592 αὐτόν;
1709 5526 1961 5597 ἐντρέπει

383 5623 604 5686 αὐτοὺς,
641 5622 734 5675 καὶ
768 5621 990 5693 κυρίους
1023 5619 1268 5684 ἐκείνους
1301 5618 1559 5691 μᾶλλονῆ
1591 5620 1755 5674 αὐτὸν
1783 5621 1960 5673 ποιεῖς

383 5733 475 5769 ται
498 5716 594 5785 τῆς
618 5716 823 5785 ψήφου.

456 5808 516 5860 Ei
548 5807 644 5861 καὶ
673 5808 771 5866 τὰς
801 5809 989 5878 χεῖρας
1016 5805 1196 5877 ἔνιψεν
1229 5808 1257 5861 ὁ
1297 5806 1530 5872 Πιλᾶτος
1559 5805 1737 5860 ἀθῶον
1770 5805 1964 5861 ἐαυτδν

389 5899 680 5955 ἀποκαλεῖν]
707 5940 721 5966 ,
754 5899 866 5952 ἀλλ’
902 5899 1048 5967 ὅμως
1083 5899 1188 5952 om
1220 5899 1493 5970 μαλακίας
1523 5898 1616 5954 κοιλ¹
1642 5898 1961 5971 ἀνανδρίας

2058 4708 2117 4752 ιιι
2151 4697 2366 4758 nntlier,
2399 4693 2749 4748 manifestum
2781 4692 3038 4747 omnibus
3075 4688 3240 4745 faciat
3271 4699 3324 4746 et
3349 4691 3640 4762 divulgct.-

2131 4789 2295 4844 Vens.
2326 4787 2419 4842 20.
2447 4786 2566 4842 Non
2599 4785 2776 4840 solent
2805 4784 3124 4854 cruciﬁgere
3152 4784 3365 4846 volunt,
3397 4782 3492 4837 sed
3529 4797 3646 4836 ma-

2061 4885 2166 4938 lam
2223 4883 2296 4937 illi
2333 4881 2526 4935 volunt
2583 4879 2785 4933 famam
2845 4879 3147 4948 imponere.
3190 4878 3463 4934 Putabant
3491 4876 3643 4933 enim

2061 4990 2318 5045 praestare
2347 4989 2413 5028 ex
2439 4987 2505 5028 co
2543 4971 2689 5040 quod
2722 4971 2933 5024 latrone
2960 4969 3110 5040 pejor
3139 4979 3259 5025 erat
3301 4980 3359 5026 et
3387 4971 3525 5026 adeo
3549 4987 3650 5026 no-

2062 5083 2214 5131 cens,
2258 5074 2316 5118 nt
2373 5063 2461 5118 die
2490 5061 2614 5117 festi
2667 5061 2953 5131 privilegio
3000 5076 3108 5115 non
3157 5062 3397 5117 salvatus
3436 5062 3648 5128 fuisset.

2060 5157 2256 5214 Omn’a
2287 5155 2431 5210 enim
2483 5155 2646 5225 hujus
2680 5154 2756 5208 rei
2806 5168 2973 5209 causa
3018 5153 3293 5208 faciebant
3329 5155 3399 5208 ita
3432 5163 3494 5209 ut
3525 5155 3650 5224 ejus

2061 5249 2515 5305 existimationem
2550 5254 2918 5317 perverterent
2940 5264 2954 5312 ;
2978 5245 3098 5300 ideo
3118 5247 3286 5299 etiam
3315 5246 3456 5301 duos
3485 5247 3654 5301 latre—

2065 5359 2162 5397 nes
2193 5357 2318 5396 cum
2346 5357 2411 5396 eo
2480 5339 2894 5395 crucilixerunt.
2945 5340 3050 5393 Sed
3089 5350 3291 5394 vomas
3326 5357 3432 5394 non
3467 5341 3650 5395 solum

2065 5451 2175 5491 non
2215 5435 2392 5497 latuit,
2422 5435 2515 5491 sed
2559 5434 2721 5488 etiam
2749 5433 3189 5503 magis-emicuit.

2141 5528 2300 5582 Van.
2333 5527 2424 5583 22.
2463 5528 2533 5582 Ει
2574 5543 2671 5597 per
2702 5526 2832 5581 illud
2865 5545 2878 5580 :
2932 5525 3081 5590 Quid
3135 5526 3298 5595 igitur
3343 5525 3540 5595 faciant
3588 5527 3654 5579 de

2065 5637 2122 5674 eo
2149 5622 2174 5676 .9
2203 5621 2325 5676 illos
2353 5620 2696 5675 confundere
2725 5628 2920 5681 tentat,
2951 5630 3006 5672 et
3055 5617 3308 5674 dominos
3361 5617 3482 5674 illos
3523 5617 3654 5674 facit

2067 5717 2239 5786 magis
2260 5729 2424 5785 quam
2454 5712 2696 5782 seipsum
2725 5710 2992 5779 sullragii.

2141 5807 2304 5862 Vens.
2339 5807 2431 5862 24.
2466 5804 2529 5860 Ει
2564 5806 2611 5860 si
2659 5819 2856 5860 manus
2894 5802 3085 5858 laverit
3131 5802 3359 5868 Pilatus,
3391 5803 3652 5858 innocen-

2068 5906 2177 5954 tem
2237 5914 2295 5954 se
2320 5899 2690 5971 proclamans,
2725 5896 2820 5954 sed
2855 5906 3035 5954 tamen
3075 5912 3169 5962 per
3213 5896 3552 5954 debilitatem
3593 5913 3627 5956 ο
