4060 6596
462 351 600 416 1175

1173 360 1566 425 OPUSCULA
1606 366 2241 429 SCRIPTURISTICA
2286 370 2637 432 INCERTZE
2665 371 2980 435 IETATIS.

3588 372 3723 438 1116

457 469 583 527 ldos
607 470 918 544 objurgavit
950 472 1095 544 quod
1125 475 1467 544 propositum
1514 493 1622 533 non
1674 478 2030 550 impleverim,

2146 498 2238 551 τοι
2279 499 2399 551 μου
2436 482 2542 549 οὓς
2574 484 2790 554 ἔλεγον
2824 482 2986 552 ὑμῖν,
3028 483 3116 537 ὅτι
3158 482 3269 536 δεῖ
3304 483 3413 538 τὸν
3447 487 3589 539 Υὶὸν
3619 486 3725 540 τοῦ

456 572 680 632 propter
698 564 842 634 quod
870 563 1119 620 Salvator
1150 565 1497 635 praedixerat.
1544 568 1802 637 t'rwdixi,
1842 570 2037 642 inquit,

456 661 643 707 utnon
668 654 974 722 turbemim’,
1000 664 1051 710 et
1084 656 1320 713 turbatio
1344 674 1431 714 vos
1464 661 1757 728 occupavit.

1019 937 1251 995 CAPUT
1307 940 1403 996 XI.

524 1018 692 1075 Vens.
736 1020 828 1077 20.
877 1020 1096 1097 Plagam
1153 1027 1463 1083 hominibus
1504 1044 1787 1100 nunquam
1830 1029 2033 1098 intulit,

453 1114 547 1169 sed
623 1118 677 1172 in
741 1118 1021 1175 beneﬁciis
1082 1129 1295 1175 tantum
1373 1129 1699 1190 potestatem
1772 1124 2035 1179 ostendit.

453 1203 661 1265 Volens
684 1225 816 1279 ergo
876 1210 1167 1265 ostendere
1203 1210 1306 1265 sibi
1378 1212 1639 1281 possibile
1692 1228 1815 1269 esse
1879 1216 2041 1271 casti-

449 1313 598 1367 gare,
658 1318 765 1357 non
806 1301 1058 1357 homines
1107 1301 1397 1363 destruxit.
1452 1304 1545 1359 sed
1588 1305 1748 1360 ﬁcum
1790 1306 2038 1363 siccavit.

1039 1410 1273 1468 CAPUT
1313 1411 1433 1468 XII.

521 1518 690 1575 Vens.
756 1520 813 1575 6.
853 1519 969 1576 Non
1030 1535 1162 1577 voce
1223 1522 1395 1577 utitur
1451 1534 1690 1579 austera.
1741 1524 1861 1580 Non
1895 1527 2041 1581 enim

445 1610 619 1665 dicit:
660 1609 954 1667 Timebunt
990 1612 1161 1669 tilium
1207 1629 1411 1679 meum,
1464 1615 1582 1680 sed,
1624 1615 2039 1681 Reverebuutur,

445 1702 603 1759 ntde
663 1705 1064 1775 negligentibus
1103 1716 1158 1760 et
1217 1721 1325 1761 non
1382 1707 1637 1777 malignis
1685 1708 1938 1774 locutus;
1971 1718 2027 1763 et

2140 574 2458 642 ἀνθρώπου
2485 578 2689 630 πολλὰ
2724 574 2957 647 πταρεῖν.
3002 573 3291 639 Ὠνείδιζεν
3313 575 3510 640 αὐτοὺς
3532 576 3613 629 ὅτι
3640 576 3732 631 τὸν

2149 640 2351 722 σκοπὸν
2388 667 2488 721 οὐκ
2536 640 2901 743 ὲπλήρωσάνξ
2929 668 3000 721 δι’
3030 667 3091 719 δν
3126 668 3154 720 6
3189 666 3381 739 Σωτὴρ
3444 670 3732 738 προεῖπεν.

2147 759 2465 828 Προεῖπον,
2501 762 2686 829 φησὶν,
2719 760 2819 812 ἵνα
2842 758 2929 829 μὴ
2970 756 3329 828 ταραχθῆτε,
3369 760 3469 813 καί
3504 761 3537 813 d
3561 760 3731 828 θόρυ-
3780 798 3813 815 Α.

2145 852 2246 919 ϐος
2274 850 2442 921 ὑμῶν
2468 850 2828 920 ἐκράτησεν.

2730 938 2983 994 ΚΕΦΑΔ.
3025 936 3135 993 IA'.

2212 1026 2437 1098 Πληγὴν
2476 1025 2786 1097 ἀνθρώποις
2819 1026 2918 1079 οὐκ
2967 1026 3274 1097 ἐπήνεγκεν
3326 1022 3571 1088 πώποτε,
3610 1021 3732 1076 ἀλλ’

2148 1118 2206 1171 ὲν
2235 1117 2553 1189 εὐργεσίαις
2577 1118 2769 1189 μόναις
2795 1117 2895 1189 τὴν
2922 1116 3155 1187 δύναμιν
3180 1115 3515 1183 ἐπεδείξατο.
3543 1114 3731 1179 Δεῖξαι

2142 1206 2237 1264 οὖν
2269 1210 2615 1282 βουλόμενος,
2641 1214 2728 1265 ὅτι
2762 1212 2857 1264 καὶ
2880 1211 3130 1275 κολάζειν
3161 1209 3309 1263 ἐστὶν
3340 1209 3591 1273 δυνατὸς,
3628 1208 3735 1262 οὐκ

2142 1302 2459 1376 ἀνθρώπους
2494 1305 2707 1357 ἀνεῖλεν
2728 1344 2746 1369 ,
2787 1303 2923 1358 ἀλλά
2956 1303 3129 1373 συκῆν
3162 1302 3553 1373 κατεξηρανεν.

2742 1415 2993 1469 ΚΕΦΑΔ.
3036 1412 3136 1468 lB’.

2216 1526 2349 1581 Οὐδὲ
2382 1528 2450 1598 τῇ
2480 1525 2623 1591 λέξει
2648 1523 2844 1578 λυπεῖ·
2876 1524 2937 1578 ού
2968 1526 3077 1596 γὰρ
3106 1520 3283 1589 εἶπεν,
3314 1521 3732 1592 Φοϐηθήσονται

2145 1624 2236 1677 τὸν
2274 1623 2421 1684 my,
2475 1622 2619 1686 ἀλλ’,
2674 1621 3229 1689 Ἐντραπήσονται·
3265 1619 3341 1682 ὡς
3389 1617 3520 1688 περὶ
3553 1615 3732 1688 ῥᾳθύ-

2147 1733 2284 1785 μων.
2320 1715 2381 1767 ού
2409 1711 2686 1782 πονηρῶν,
2719 1711 3020 1781 διαλεχθείς
3041 1727 3055 1741 ⁶
3100 1711 3194 1763 καὶ
3230 1710 3337 1780 μὴν
3370 1708 3472 1761 οὒκ
3504 1705 3733 1775 ὲνετρὰρ

445 1803 595 1850 certe
657 1812 764 1850 non
826 1798 1042 1852 reveriti
1097 1808 1247 1859 sunt.
1296 1797 1389 1851 sed
1452 1798 1636 1867 potius
1685 1799 2029 1853 occiderunt.

2145 1824 2345 1878 πησαν,
2393 1805 2509 1859 ἀλλ’
2538 1803 2867 1859 ἀπέκτειναν
2896 1802 3119 1873 μᾶλλον.
3155 1797 3280 1872 Ἃρ*
3307 1799 3400 1854 οὖν
3432 1798 3561 1862 τοὺς
3597 1798 3732 1868 μέλ-

445 1884 585 1941 Num
629 1887 797 1958 igitur
831 1889 977 1959 quod
1018 1890 1196 1943 facere
1225 1887 1497 1943 debebant
1528 1889 1799 1958 ignoravit
1828 1888 2028 1946 Pater?

447 1993 555 2033 non
607 1980 787 2035 solum
817 1996 925 2036 non
976 1982 1214 2051 ignorat.
1282 1979 1459 2035 sedet
1508 1980 1792 2051 praedicit;
1843 1983 1897 2037 hi
1932 1999 2038 2037 non

444 2071 660 2127 reveriti
705 2081 855 2127 sunt.
892 2071 1035 2128 Proh
1055 2073 1327 2128 dementia
1360 2073 1373 2126 l
1409 2071 1528 2128 Non
1577 2075 1723 2129 enim
1780 2076 2041 2129 mentitur

442 2172 624 2224 rater,
652 2166 745 2219 sed
776 2168 843 2220 ad
890 2166 1178 2221 utilitatem
1226 2166 1592 2237 ignorantiam
1625 2167 1869 2222 simulat.
1916 2167 2041 2222 ideo

439 2264 495 2335 et
527 2254 698 2311 Filius
730 2257 972 2312 imitatur
1009 2256 1247 2323 Patrem,
1279 2266 1333 2312 et
1356 2256 1423 2329 :in
1476 2256 1579 2312 hoc
1620 2259 1858 2313 ostendit
1912 2274 2036 2316 eum

440 2340 536 2403 ’llo
561 2348 1003 2406 similitudinem.

1037 2454 1271 2511 CAPUT
1294 2454 1434 2513 XIII.

509 2562 680 2620 Vens.
713 2565 804 2621 '59..
860 2565 937 2620 De
986 2566 1073 2620 die
1101 2577 1280 2622 autem
1323 2569 1437 2634 illo,
1494 2570 1694 2642 inquit,
1747 2585 1898 2625 nemo
1934 2568 2035 2623 scit

438 2659 614 2729 neque]
649 2656 861 2725 Filium!
901 2656 1020 2713 Non
1100 2660 1318 2731 ignorat
1382 2663 1526 2718 diem
1607 2664 1767 2734 cujus
1844 2672 2038 2717 auctor

437 2749 556 2818 ipse
583 2750 799 2812 cst.!sed
823 2749 891 2804 ad
924 2750 1211 2807 utilitatem
1245 2753 1528 2809 hominum
1561 2755 1922 2824 tgnorantiam
1948 2754 2028 2809 si-

437 2842 628 2897 mulat.
670 2841 790 2898 Non
828 2842 974 2899 enim
1026 2845 1276 2915 proderat
1322 2847 1636 2903 hominibus
1656 2848 1801 2905 scire
1832 2847 2028 2917 judicii

435 2936 602 3001 diem,
644 2944 841 2991 utnon
903 2939 1103 3009 cuique
1160 2939 1382 3007 prodest
1432 2942 1572 2996 scire
1633 2942 1827 2998 mortis
1862 2941 2031 2998 diem.

435 3026 689 3098 Quisque
718 3028 862 3083 enim
887 3032 1230 3100 praescientia
1265 3033 1368 3087 ista
1395 3033 1566 3089 ﬁdens
1596 3049 1760 3090 omne
1807 3042 2025 3104 tempus

438 3120 491 3173 in
525 3131 749 3190 peccato
783 3130 835 3176 et
868 3122 1110 3193 nequitia
1139 3135 1517 3190 consumeret,
1547 3125 1613 3180 ad
1636 3126 1810 3195 ipsam
1840 3136 2025 3181 autem

436 3210 579 3263 diem
610 3209 867 3280 pietatem
894 3222 1237 3283 prorogaret.
1263 3212 1421 3269 Nunc
1444 3230 1574 3270 vero
1604 3215 1889 3270 inscientia
1907 3216 2014 3271 diei

435 3302 709 3357 studiosos
774 3318 871 3359 eos
899 3305 991 3374 qui
1056 3305 1255 3361 volunt
1324 3306 1507 3370 etiicit,
1562 3323 1839 3378 quamque
1880 3308 2026 3363 diem

433 3395 684 3451 ultimam
742 3405 1018 3467 putantes.
1058 3396 1351 3464 Quomodo
1386 3400 1552 3470 igitur
1575 3401 1746 3456 dicit:
1787 3399 2024 3457 Revere-

433 3486 642 3541 lmntur
681 3486 877 3544 Filium
900 3490 1119 3545 meum?
1148 3490 1303 3557 Quod
1344 3492 1502 3548 decet
1538 3501 1589 3547 et
1618 3493 1849 3548 debetur
1872 3508 2029 3548 exse-

354 3580 359 3583 ’
433 3578 653 3646 ιξυοιιάο
713 3588 767 3632 ct
815 3595 1093 3650 nunquam
1134 3580 1420 3636 violando:
1478 3580 1641 3636 simul
1716 3576 2033 3638 dissimulat

438 3685 628 3724 eorum
665 3671 729 3724 ad
766 3670 921 3741 pejus
980 3671 1422 3743 prepcnsionem,
1459 3680 1510 3726 et
1572 3673 1911 3743 punitionem
1959 3674 2026 3728 ad

435 3764 759 3820 beneﬁcium
821 3766 1006 3831 vertit,
1055 3766 1111 3821 Si
1171 3768 1318 3822 enim
1386 3766 1620 3823 dixisset
1685 3786 1699 3821 :
1750 3767 2028 3823 Mittamus

434 3857 655 3925 Filium,
699 3859 814 3913 scio
863 3868 1041 3915 autem
1086 3862 1231 3931 quod
1284 3862 1435 3917 illum
1490 3861 1844 3933 cruciﬁgent,
1912 3872 2027 3917 sta-

435 3951 529 4003 tim
598 3960 785 4005 contra
843 3950 1135 4023 Evangelia
1215 3970 1408 4011 vocem
1483 3955 1843 4026 corripuisset
1881 3963 1891 3973 '
1927 3952 2029 4010 Ju-

433 4044 627 4101 daeus:
658 4043 759 4102 llic
790 4046 927 4102 dixit
949 4047 1094 4118 quod
1133 4047 1281 4103 illum
1311 4047 1647 4121 cruciﬁgam,
1667 4059 1722 4105 et
1749 4048 2027 4119 quomodo

336 4128 341 4131 ’
443 4140 725 4195 debuisset
750 4155 858 4194 non
887 4140 1171 4211 cruciﬁgi?
1196 4142 1473 4212 quomodo
1492 4142 1850 4198 assertionem
1881 4141 2024 4196 divi-

431 4246 561 4286 nam
600 4230 821 4287 eludcre
875 4247 1162 4302 possemus
1190 4233 1214 4286 ῖ
1247 4233 1375 4288 Ideo
1404 4233 1574 4289 dicit:
1608 4232 2026 4288 lteverehuntur

427 4325 630 4380 Filium
684 4340 890 4379 meum.
934 4325 1074 4392 Quid
1134 4325 1281 4380 enim
1328 4340 1437 4379 non
1489 4323 1617 4379 fecit
1653 4322 1826 4380 Filius
1875 4324 2023 4393 quod

429 4426 745 4472 convertere
774 4416 897 4472 illos
924 4416 1422 4487 posset?Primum,
1438 4415 1700 4472 Dominus
1721 4422 2024 4479 cumcsset,

2143 1900 2329 1962 λοντας
2380 1897 2649 1967 ἠγνόησεν
2691 1897 2719 1948 6
2769 1896 2997 1965 Πατήρ;
3055 1894 3165 1948 Καὶ
3195 1894 3295 1947 οὐκ
3324 1892 3510 1959 ἀγνοεῖ
3536 1891 3728 1962 μόνον,

2142 1992 2278 2046 ἀλλά
2317 1992 2411 2044 καὶ
2459 1987 2755 2057 προλέγει·
2785 1988 2834 2040 οἱ
2871 1987 2927 2040 δὲ
2960 1986 3060 2039 ούκ
3089 1985 3471 2055 ὲνετράπησαν
3492 1998 3507 2013 '
3541 1985 3731 2051 ἄπαγε

2141 2085 2239 2151 τῆς
2269 2080 2466 2152 μανίας
2494 2080 2603 2133 1ού
2634 2078 2742 2150 γάρ
2772 2076 3028 2148 ψεύδεται
3058 2077 3273 2147 Πατὴρ,
3310 2074 3447 2129 ἀλλά
3485 2074 3623 2144 πρὸς
3669 2072 3735 2125 τδ

2142 2173 2413 2243 χρήσιμον
2469 2167 2568 2239 τὴν
2621 2169 2846 2236 ἄγνοιαν
2898 2167 3161 2219 πλάττει’
3214 2164 3304 2218 διὰ
3355 2163 3515 2219 τοῦτο
3565 2162 3665 2215 καὶ
3702 2163 3733 2214 ό

2141 2264 2268 2326 Υἱὸς
2309 2262 2646 2335 μιμούμενος
2696 2261 2790 2315 τὸν
2833 2261 3075 2330 Πατέρα,
3125 2256 3401 2313 καὶκατὰ
3429 2254 3591 2309 τοῦτο
3625 2254 3733 2324 τὴν

2140 2357 2277 2428 πρὸς
2307 2354 2468 2410 αὐτὸν
2495 2352 2710 2416 δεικνὺς
2739 2352 3055 2423 ὁμοιότητα.

2734 2456 2987 2512 ΚΕΦΔΛ.
3031 2455 3130 2510 ll".

2207 2572 2345 2642 Περὶ
2396 2571 2466 2626 δὲ
2510 2570 2621 2640 τῆς
2666 2567 2891 2639 ἡμέρας
2937 2567 3215 2636 ἐκείνης,
3268 2569 3467 2637 φησὶν,
3519 2562 3731 2627 οὐδείς

2142 2661 2309 2719 οἶδεν
2330 2702 2346 2727 ,
2397 2662 2540 2718 οὐδὲ
2587 2664 2620 2716 ὁ
2654 2662 2788 2726 Υἱός
2815 2676 2830 2690 ·
2870 2661 2971 2714 οὐκ
3004 2662 3217 2728 ἀγνοῶν
3266 2657 3367 2729 τὴν
3400 2657 3618 2727 ἡμέραν
3654 2649 3728 2726 ἧς

2136 2758 2285 2811 ἐστιν
2331 2756 2583 2827 ποιητὴς,
2621 2753 2759 2808 ἀλλὰ
2790 2753 2930 2823 πρὸς
2959 2752 3023 2805 τὸ
3054 2752 3331 2824 χρήσιμον
3360 2748 3471 2803 τῶν
3500 2748 3725 2818 ἀνθρὼ-

2138 2866 2258 2903 πων
2292 2847 2664 2918 πλαττόμενος
2699 2845 2946 2914 ἆγνοιαν.
2998 2844 3074 2898 Οὐ
3121 2843 3237 2913 γάρ
3275 2842 3570 2912 συνέφερεν
3608 2841 3730 2903 τοῖς

2137 2940 2449 3011 ἀνθρώποις
2502 2939 2603 3009 τὴν
2652 2938 2866 3009 ἡμέραν
2914 2935 3017 3005 τῆς
3049 2934 3309 3006 κρίσεως,
3355 2932 3547 3002 ὥσπερ
3599 2931 3725 2985 οὐδὲ

2135 3030 2352 3101 ἑκάστῳ
2384 3030 2655 3101 συμφέρει
2689 3026 2886 3098 μαθεῖν
2913 3026 3014 3096 τῆς
3058 3025 3318 3095 τελευτῆς
3345 3023 3443 3095 τὴν
3483 3024 3723 3094 ἡμέραν.

2138 3127 2403 3200 Ἐμελλεν
2428 3127 2539 3198 γάρ
2582 3142 2668 3190 τις
2695 3128 2760 3194 τῇ
2800 3120 3108 3195 προγνώσει
3141 3121 3363 3193 θαρρῶν
3392 3120 3576 3174 πάντα
3618 3119 3723 3189 μὲν

2132 3218 2225 3271 τὸν
2256 3218 2446 3289 χρόνον
2473 3216 2643 3285 κακίᾳ
2679 3216 2775 3269 καὶ⁵
2803 3212 3041 3283 πονηρίᾳ
3085 3212 3275 3283 συζῇν,
3309 3211 3435 3265 κατ’
3461 3210 3637 3277 αὐτὴν
3666 3210 3726 3262 δὲ

2132 3311 2232 3365 τὴν
2261 3310 2476 3379 ἡμέραν
2506 3307 2798 3362 εὐλάϐειαν
2826 3305 3160 3360 πλάττεσθαι
3182 3320 3199 3334 ⁶
3230 3303 3325 3357 νῦν
3350 3304 3406 3357 δὲ
3435 3303 3495 3355 τὸ
3522 3300 3723 3370 ἄδηλον

2131 3404 2231 3473 τῆς
2283 3402 2498 3473 ἡμέρας
2548 3400 2877 3463 σπουδαίους
2929 3400 3058 3461 τοὺς
3116 3395 3475 3468 βουλομένους
3530 3396 3720 3457 ποιεῖ,

2133 3495 2375 3565 ἑκάστην
2429 3493 2645 3564 ἡμέραν
2715 3492 2954 3562 ἐσχάτην
3035 3488 3380 3560 νομίζοντας.
3447 3486 3573 3548 Πῶς
3626 3484 3723 3539 οὖν

2132 3604 2320 3658 φησιν,
2358 3583 2874 3653 Ἐντραπήσονται
2903 3582 3011 3636 τὸν
3042 3581 3181 3635 Υίόν
3203 3594 3359 3650 μου;
3393 3578 3469 3632 To
3510 3578 3729 3647 πρέπον

2133 3678 2390 3748 γενέσθαι
2447 3678 2543 3731 καὶ
2598 3675 2813 3746 ὀφεῖλον
2864 3673 3074 3739 εἰπὼν,
3128 3672 3191 3726 οὐ
3239 3671 3303 3725 τὸ
3351 3668 3725 3739 ἐκϐησόμενον

2135 3771 2354 3829 πάντως
2381 3786 2396 3801 ·
2452 3770 2572 3840 ἅμα
2626 3768 2720 3822 καὶ
2775 3766 3028 3819 κλέπτων
3080 3763 3262 3818 αὐτῶν
3316 3763 3415 3833 τὴν
3468 3762 3608 3832 πρὸς
3660 3759 3722 3811 τὸ

2132 3866 2316 3937 χεῖρον
2350 3862 2546 3934 ῥοπὴν,
2583 3862 2675 3914 καὶ
2710 3859 2885 3912 συλῶν
2928 3858 3222 3913 κολακείαν
3251 3855 3388 3927 πρὸς
3416 3855 3477 3907 τὸ
3511 3852 3722 3922 συμφέ-

2138 3972 2250 4026 ρον.
2284 3954 2343 4006 Et
2378 3953 2476 4024 μὲν
2507 3952 2616 4022 γάρ
2647 3948 3154 4021 εἷπεν,ΙῘέμψωμεν
3185 3949 3278 4001 τὸν
3306 3947 3466 4010 Υἱὸν,
3514 3941 3631 3997 οἶδα
3659 3942 3716 3995 δὲ

2131 4046 2213 4099 ὄτι
2248 4043 2625 4115 σταυρώσουσι
2668 4042 2860 4096 τοῦτον
2883 4058 2898 4073 ο
2938 4041 3103 4105 εὐθὺς
3139 4039 3284 4095 κατὰ
3314 4038 3423 4092 τῶν
3470 4035 3717 4104 Εὐαγγε-

2129 4137 2260 4191 λίων
2288 4137 2534 4209 ἥρπαζεν
2561 4135 2659 4207 τὴν
2692 4136 2875 4206 φωνὴν
2904 4135 2932 4188 6
2977 4133 3228 4196 Ἰουδαῖος
3254 4149 3268 4163 ·
3332 4129 3505 4192 Αὐτὸς
3534 4123 3714 4189 εἶπεν,

2135 4230 2218 4283 ὅτι
2257 4229 2645 4299 σταυρώσομεν
2693 4226 2895 4280 αὐτόν’
2939 4226 3035 4281 καὶ
3070 4227 3188 4289 πῶς
3233 4220 3586 4295 ἑμέλλ[ομ]εν
3638 4220 3713 4290 μὴ

2132 4321 2433 4392 σταυροῦν;
2475 4320 2593 4384 πῶς
2623 4320 2899 4388 ἀπόφασιν
2929 4318 3141 4373 ἀνελεῖν
3174 4315 3478 4386 ἐδυνάμεθα
3514 4313 3705 4377 θείαν;

2132 4412 2229 4465 Διά
2276 4410 2433 4464 τοῦτό
2464 4428 2629 4480 φησιν
2650 4427 2666 4443 ο
2703 4409 3225 4479 Ἐντραπήσονται
3256 4409 3366 4463 τὸν
3399 4408 3541 4462 Υὶόν
3564 4424 3710 4475 μου.

430 4509 664 4561 t'onuam
699 4510 840 4563 servi
870 4509 1081 4579 accepit
1111 4519 1166 4564 et
1193 4509 1424 4564 mortale
1468 4507 1703 4562 indueus
1733 4508 2013 4561 immorta-

2140 4504 2197 4558 Τί
2236 4503 2345 4573 γὰρ
2374 4504 2472 4557 οὐκ
2502 4504 2741 4576 ἔπραξεν
2768 4505 2797 4557 ό
2830 4503 2959 4567 Υἱὸς
2991 4503 3252 4574 ὲντρὲψαι
3299 4500 3524 4565 τούτους
3548 4500 3714 4555 δυνά-

429 4596 634 4652 litatem
669 4598 1118 4666 communicavit,
1182 4599 1359 4669 ipsum
1395 4598 1689 4653 adventum
1747 4604 2020 4666 przcstans

2140 4612 2295 4665 μενον
2319 4612 2333 4661 ;
2364 4594 2472 4648 Καὶ
2498 4596 2712 4667 πρῶτον
2741 4597 2825 4649 ὅτι
2857 4596 3134 4663 Δεσπότης
3164 4595 3261 4659 ῶν,
3298 4592 3511 4664 μορφὴν
3535 4591 3712 4644 δουλι-

428 4700 801 4755 mansuetum,
877 4698 937 4744 ut
993 4706 1137 4745 unus
1224 4688 1647 4759 praecedentium
1706 4702 2013 4752 servorum,

2140 4684 2230 4752 ιὴν
2250 4682 2543 4754 ὲπορίσατο
2565 4724 2578 4746 ,
2597 4685 2691 4738 καὶ
2709 4684 2903 4755 θνητὸν
2921 4685 3074 4748 ὲνδὺς
3086 4685 3389 4739 ἀθανασίαν
3412 4683 3705 4753 διένειμεν,

427 4779 598 4833 multo
621 4790 803 4833 autem
826 4778 905 4832 vel
963 4777 1365 4832 modestiorem.
1393 4773 1471 4829 llli
1503 4775 1646 4829 enim
1672 4774 1834 4829 bouis
1866 4775 2014 4829 fruc-

2140 4774 2289 4847 ιὺτὴν
2317 4774 2414 4845 τὴν
2445 4777 2750 4849 παρουσίαν
2771 4778 3140 4849 ποιησάμενος
3159 4777 3475 4849 ἤμερον,ὠς
3492 4771 3573 4840 εἷς
3602 4776 3711 4828 τῶν

426 4868 648 4928 bantur.
670 4868 759 4923 ille
788 4884 916 4923 vero
942 4882 1049 4923 non
1103 4867 1340 4921 habebat
1369 4866 1461 4921 ubi
1490 4876 1653 4935 caput
1677 4865 1966 4921 reclinaret
1991 4883 2006 4931 ;

2140 4868 2499 4939 τρολαϐόντων
2520 4870 2742 4935 δούλων,
2774 4870 2976 4942 μᾶλλον
3003 4872 3060 4925 δὲ
3090 4872 3185 4927 καὶ
3216 4870 3594 4943 μετριωτέραν
3620 4885 3633 4897 ·
3658 4868 3711 4922 οἱ

428 4966 480 5008 et
500 4957 641 5010 servi
679 4956 901 5025 quidem
956 4970 1100 5025 saape
1161 4956 1354 5024 plagas
1396 4955 1483 5009 his
1537 4954 1868 5019 intulerunt,
1914 4955 2005 5010 ille

2140 4962 2215 5016 ιὲν
2244 4963 2353 5033 γάρ
2392 4964 2486 5018 καὶ
2544 4966 2846 5035 κτημάτων
2907 4966 3211 5039 εὐπόρουν,
3251 4964 3415 5027 αὐτὸς
3475 4963 3531 5016 δὲ
3586 4961 3712 5014 οὐδὲ

428 5063 558 5102 vero
590 5048 801 5119 plagam
824 5048 1136 5102 hominibus
1162 5062 1441 5116 nunquam
1477 5046 1680 5105 iutttlit.
1715 5048 1807 5101 scd
1844 5049 2008 5103 bene-

2140 5055 2212 5108 τοῦ
2251 5057 2348 5125 τὴν
2387 5058 2629 5128 κεφαλὴν
2653 5060 2865 5113 κλῖναι·
2898 5060 2992 5113 καὶ
3028 5061 3076 5112 οἱ
3113 5059 3212 5127 μὲν
3241 5058 3418 5111 δοῦλοι
3446 5056 3714 5117 πολλάκις

427 5141 571 5194 ticiis
603 5141 777 5194 solum
805 5150 1125 5210 potestatem
1145 5139 1427 5194 exhibuit:
1468 5139 1643 5194 Venite
1671 5140 1739 5193 ad
1764 5157 1863 5200 me,
1892 5141 2002 5194 cla-

2141 5148 2198 5199 αὶ
2241 5148 2455 5217 πληγὰς
2473 5151 2787 5218 ἐπήνεγκαν
2823 5151 3054 5214 τούτοις,
3083 5152 3245 5213 αὐτὸς
3278 5150 3332 5202 δὲ
3362 5147 3576 5217 πληγὴν
3621 5148 3719 5199 ἀν·

427 5242 560 5299 mat,
620 5248 727 5286 non
766 5241 1089 5301 exspectans
1126 5236 1303 5287 donec
1346 5232 1398 5286 hi
1436 5232 1502 5285 ad
1539 5248 1598 5287 se
1657 5232 1998 5287 accederent.

2140 5240 2342 5309 ρώποις
2381 5240 2480 5294 οὐκ
2516 5242 2823 5312 ἐπήνεγκεν
2868 5241 3085 5295 πώποτε
3105 5282 3120 5307 ,
3148 5241 3263 5295 ἀλλ’
3281 5243 3337 5294 ἐν
3368 5238 3715 5309 εὐεργεσίαις

2110 5331 2298 5398 μόναις
2359 5331 2457 5402 τὴν
2504 5332 2735 5403 δύναμιν
2787 5335 3138 5400 ἐπεδείξατο,
3186 5334 3365 5389 Δεῦτε
3404 5335 3556 5402 πρός
3591 5348 3668 5399 με
3695 5369 3715 5393 ο

2119 5427 2277 5497 βοῶν,
2302 5430 2402 5481 οὐκ
2431 5430 2714 5499 ἀναμένων
2744 5431 2985 5493 ἐκείνους
3009 5430 3160 5501 αύτῷ
3195 5427 3530 5498 προσελθεῖν.

2209 5519 2341 5571 Αντι
2370 5519 2488 5585 τοῦ,
2522 5520 2675 5574 Οὐδὲ
2717 5524 2749 5575 δ
2782 5524 2916 5587 Υἱὸς
2943 5520 3020 5575 ἂν
3048 5507 3200 5591 ᾔδει,
3225 5522 3279 5574 ει
3313 5520 3401 5589 μὴ
3422 5523 3456 5573 δ
3484 5518 3712 5587 Πατήρ⁸

2120 5612 2287 5668 ὲπεὶδ⁸
2316 5616 2343 5668 6
2375 5615 2563 5686 Πατὴρ
2592 5613 2721 5679 οἶδε,
2755 5616 2847 5668 καὶ
2873 5618 2900 5668 6
2932 5617 3079 5679 Υίός.

2715 5703 2966 5757 ΚΕΦΔΛ.
3006 5706 3104 5757 ΙΔν.

2187 5811 2266 5866 Τά
2329 5811 2421 5867 δύο
2468 5816 2655 5887 τηρεῖ·
2712 5814 2804 5867 καὶ
2854 5813 2980 5878 τοὺς
3040 5813 3375 5879 ἀποστόλους
3430 5808 3712 5885 scema;

508 5508 632 5571 Pro,
672 5508 846 5577 Neque
891 5506 1067 5561 Filius
1126 5510 1312 5574 sciret,
1358 5511 1459 5565 nisi
1502 5508 1686 5577 Pater,
1739 5530 1862 5569 cum
1903 5516 2009 5570 Pa-

432 5610 513 5655 ter
531 5611 584 5656 et
614 5598 784 5653 Filius
816 5590 1039 5653 sciunt:

1013 5690 1241 5747 CAPUT
1285 5692 1421 5749 XIV.

504 5795 669 5854 Vens.
699 5798 780 5855 l5.
812 5796 929 5855 Duo
977 5799 1091 5857 haec
1129 5801 1384 5858 observat
1421 5820 1433 5857 :
1466 5804 1745 5876 apostolos
1783 5807 2006 5864 instruit
