4026 6584
338 396 474 461 1177
1234 450 1244 461 .
1432 408 1754 472 SCHOLIA
1785 413 2083 475 VETERA
2122 417 2203 479 IN
2243 419 2520 481 LUCAM.
3447 421 3582 486 1179

336 514 611 585 ἐρωτῆσαι
654 514 746 567 τὸν
786 516 1169 591 οἰκοδεσπότην
1192 537 1205 551 ·
1236 520 1331 575 καὶ
1377 523 1465 575 ἵνα
1504 524 1579 595 μὴ
1611 524 1904 595 νομίσωσιν

2008 527 2080 583 ad
2112 529 2553 602 interrogandum
2591 531 2658 588 de
2675 531 2870 588 domus
2888 531 3131 599 domino,
3160 543 3214 589 et
3241 548 3308 589 ne
3332 533 3583 606 ignorare

336 609 574 676 ἀγνοεῖν,
604 608 696 661 τὸν
727 609 894 663 τόπον
920 610 1107 680 λέγει’
1149 616 1341 681 Αὐτὸς
1369 617 1514 684 ὑμῖν
1550 617 1733 682 δείξει
1764 618 1908 672 ἀνά-

2054 630 2219 687 utent,
2243 624 2420 678 locum
2449 624 2582 679 dicit
2614 642 2628 680 :
2670 624 2788 694 Ipse
2809 627 2952 679 vobis
2980 626 3217 681 ostendet
3258 625 3585 680 ccenaculunt

338 717 509 770 ταιον
529 701 683 770 μέγα
724 702 1118 772 ἐστρωμένον.
1154 707 1218 760 El.
1246 707 1533 776 προλέγεις
1574 708 1666 762 τὸν
1712 710 1907 773 τόπον,

2007 715 2207 783 grande
2231 724 2480 769 stratum.
2518 714 2574 770 Si
2595 708 3067 787 locum‘prazdicis,
3100 732 3201 772 cur
3247 716 3385 772 dicis
3418 715 3585 771 disci-

339 792 431 844 διὰ
474 791 529 843 τί
565 791 745 859 λέγεις
786 796 898 857 τοῖς
928 795 1200 865 μαθηταῖς
1231 798 1506 868 ἐρωτῆσαι
1535 799 1662 869 περλ⁵
1690 797 1785 851 τοῦ
1823 798 1913 851 τό-

2010 807 2154 876 pulis
2183 818 2242 861 ut
2273 808 2609 878 interrogent
2651 807 2719 862 de
2779 808 2942 862 loco?
2998 808 3151 878 prius
3223 808 3584 879 rogabimus:

340 896 487 946 που;
546 882 682 951 Πρὶν
729 885 1083 954 ὲρωτίισομεν
1109 901 1125 917 ⁸
1160 887 1215 940 τί
1272 882 1364 941 οὖν
1395 888 1726 959 ὲρωτῶμεν;
1776 889 1909 953 Ναὶ,

2012 892 2154 960 Quid
2191 894 2355 965 igitur
2392 895 2831 963 interrogamus?
2871 892 2973 961 Ita,
3018 894 3173 959 dicit,
3223 894 3431 949 etmihi
3456 909 3589 948 con-

341 973 508 1041 φησίν
531 990 547 1005 ο
598 974 767 1044 κεῖιμοὶ¹
797 977 997 1046 πρέπει
1032 979 1320 1047 προλέγειν
1349 980 1424 1044 ὼς
1467 979 1607 1050 Θεῷ,
1644 980 1739 1033 καὶ
1769 980 1913 1049 ὑμᾶς

2010 982 2469 1052 venitpraedicere
2496 993 2759 1051 tanquam
2808 980 2941 1048 Deo,
2968 990 3024 1036 et
3056 982 3211 1036 vobis
3251 982 3589 1052 interrogare

341 1066 554 1135 ἐρωτᾷν
595 1066 671 1129 ὡς
713 1067 1039 1138 ἀνθρώπους
1059 1083 1073 1098 ⁸
1103 1070 1344 1141 οὐδαμοῦ
1367 1071 1426 1124 δὲ
1470 1072 1703 1140 Χριστὸς
1734 1089 1915 1143 παρα-

2013 1084 2074 1129 ιιι
2105 1076 2440 1131 hominibus.
2471 1075 2693 1131 Minime
2749 1084 2930 1129 autem
2976 1073 3226 1130 Christus
3268 1073 3434 1129 tradit
3474 1089 3589 1143 my-

340 1156 526 1210 δίδωσι
556 1160 618 1210 τὸ
649 1160 949 1231 μυστήριον
975 1163 1032 1215 ὲν
1069 1164 1342 1225 ταπεινοῖς
1372 1163 1578 1227 τόποις,
1610 1162 1727 1216 ἀλλ’
1762 1166 1819 1216 ἐν
1845 1166 1912 1235 τῇ

2013 1169 2238 1223 sterium
2262 1169 2313 1222 in
2343 1168 2639 1223 humilibus
2659 1168 2816 1230 locis,
2841 1166 2936 1222 sed
2970 1168 3023 1220 in
3046 1166 3255 1220 elevato
3272 1174 3323 1220 et
3345 1163 3587 1221 sublimi.

344 1247 527 1349 (ipsum
543 1247 679 1352 .ﬂ‘év
711 1250 944 1352 θπερὼῳ
963 1268 978 1284 ο
1007 1253 1160 1306 οὐδὲν
1188 1254 1295 1321 γὰρ
1328 1254 1629 1322 κατάγαιον
1658 1256 1750 1308 ἐπὶ
1783 1257 1917 1326 Χρι-

2014 1260 2231 1315 Nullum
2290 1259 2434 1314 enim
2495 1269 2612 1315 erat
2643 1259 2850 1313 humile
2877 1268 2931 1312 et
2947 1266 3227 1312 terrenum
3263 1256 3317 1310 in
3346 1254 3588 1311 Christo.

347 1339 474 1390 στοῦ
492 1356 506 1371 ’
539 1339 626 1393 διὰ
648 1340 807 1394 τοῦτο
837 1344 933 1395 καὶ
958 1343 1045 1397 ὅτε
1071 1345 1169 1413 τὴν
1196 1345 1539 1415 ὲπιφοίτησιν
1562 1344 1804 1415 ἐδέχοντο
1824 1345 1916 1399 τοῦ

2017 1352 2140 1406 Ideo
2162 1350 2456 1420 etquando
2512 1351 3061 1405 communicationem
3114 1347 3287 1403 sancti
3359 1346 3593 1416 Spiritus

347 1432 504 1499 ἁγίου
534 1432 849 1503 Πνεῦματος
875 1438 924 1489 οἱ
952 1436 1264 1501 ἀπόστολοι,
1282 1438 1340 1489 ὲν
1365 1436 1597 1509 ὑπερῴῳ
1621 1432 1762 1506 ἦσαν
1790 1452 1918 1488 συν-

2018 1451 2343 1510 receperunt
2370 1442 2625 1511 apostoli,
2649 1441 2703 1493 in
2750 1441 2858 1495 alto
2915 1440 3037 1494 loco
3064 1436 3381 1506 congregati
3414 1446 3591 1489 erant.

347 1522 595 1623 ηγμὲνοι.
664 1525 834 1589 Τότε,
891 1526 1090 1596 φησὶν,
1136 1526 1498 1580 ἀπέστειλεν
1553 1526 1663 1580 δύο
1696 1527 1763 1578 ἐκ
1803 1523 1920 1578 τῶν

2017 1532 2173 1587 Tunc
2224 1533 2465 1586 dicitur:
2522 1531 2686 1585 Mittit
2750 1531 2881 1584 duos
2934 1546 2999 1585 ea:
3047 1527 3317 1598 discipulis
3378 1527 3490 1579 suis
3537 1533 3595 1578 ut

343 1617 628 1681 μαθητῶν
670 1617 858 1671 αὐτοῦ
906 1618 1214 1689 ἑτοιμάσαι
1259 1619 1328 1672 τὸ
1382 1618 1629 1687 Πάσχα,
1696 1617 1922 1684 Πέτρον

2017 1638 2267 1697 pararent
2301 1624 2531 1688 Pascha,
2586 1623 2801 1678 Petrum
2832 1636 2879 1677 et
2926 1622 3206 1677 Joannem.
3248 1620 3442 1675 Petrus
3480 1625 3596 1673 erat

332 1707 447 1765 καὶ
488 1708 800 1775 Ἰωάννην.
835 1709 1040 1780 Πέτρος
1074 1706 1142 1782 ἦν
1173 1711 1202 1763 ό
1238 1712 1602 1782 ὁμολογήσας,
1640 1711 1723 1764 ὅτι
1750 1709 1833 1762 Σὺ
1867 1704 1922 1763 εἶ

2019 1721 2111 1791 qui
2171 1714 2460 1775 cenl'essus
2513 1716 2712 1782 fuerat,
2757 1716 2833 1770 Tu
2855 1733 2906 1771 es
2963 1716 3209 1769 Christus
3259 1712 3435 1770 Filius
3501 1709 3596 1763 Dei

349 1805 381 1854 ό
411 1801 664 1869 Χριστὸς
692 1804 726 1855 ό
767 1801 902 1868 Υἱὸς
945 1802 1053 1856 τοῦ
1104 1802 1250 1857 Θεοῦ
1283 1803 1390 1857 τοῦ
1437 1800 1686 1867 ζῶντος·
1741 1800 1922 1854 Ἰωάν-

2022 1813 2281 1875 viventis;
2330 1809 2570 1865 Joannes
2591 1818 2772 1863 autem
2811 1808 3039 1862 debebat
3092 1805 3462 1860 annuntiare:
3530 1798 3596 1852 In

350 1909 448 1962 νης
476 1893 532 1945 δὲ
555 1892 746 1961 ἔμελλε
769 1893 1061 1963 κηρύττειν
1092 1891 1168 1957 τὸ,
1221 1892 1323 1946 Ἑν
1353 1891 1510 1959 ἀρχῇ
1539 1887 1617 1960 ἦν
1642 1893 1674 1945 ό
1706 1892 1920 1958 Λόγος,

2024 1904 2282 1975 principio
2305 1911 2418 1956 erat
2464 1900 2690 1953 Verbum
2726 1909 2773 1950 et
2810 1897 3033 1951 Verbum
3068 1905 3183 1949 erat
3215 1893 3355 1962 apud
3409 1891 3594 1954 Deum,

348 1987 447 2039 καί
499 1989 532 2041 ό
575 1987 766 2054 Λόγος
811 1981 885 2055 ἦν
914 1983 1065 2053 πρὸς
1106 1984 1217 2038 τὸν
1259 1985 1428 2045 Θεὸν.
1464 1982 1564 2036 καὶ
1598 1981 1742 2045 Θεὸς
1769 1976 1850 2046 ἦν
1891 1981 1926 2034 ό

2024 2007 2073 2049 et
2106 1995 2241 2048 Deus
2267 2002 2379 2047 erat
2435 1990 2676 2045 Verbum.
2703 1988 2864 2043 Mittit
2884 1986 3135 2042 Ecclesia:
3164 1983 3597 2043 fundamentum,

351 2074 563 2141 Λόγος.
605 2073 953 2126 Ἀποστέλλει
994 2073 1088 2126 τὸν
1124 2071 1372 2142 θεμέλιον
1415 2071 1515 2140 τῆς
1571 2070 1922 2140 Ἑκκλησίας,

2025 2098 2079 2144 et
2111 2087 2283 2141 lilium
2335 2082 2585 2147 tonitrni,
2622 2090 2684 2136 ut
2718 2081 2773 2134 in
2828 2079 3184 2133 fundamento
3220 2073 3440 2144 quidem
3472 2074 3602 2141 ligat

355 2168 449 2218 καὶ
491 2166 584 2218 τὸν
618 2165 733 2219 υἱὸν
778 2165 877 2235 τῆς
911 2164 1140 2235 βροντῆς
1164 2181 1179 2195 ο
1216 2164 1302 2218 ἵνα
1333 2165 1410 2223 ὲν,
1440 2162 1540 2232 μὲν
1569 2162 1647 2232 τῷ
1689 2160 1926 2231 θεμελίῳ

2027 2179 2306 2249 religionis
2358 2175 2701 2246 mysterium,
2747 2174 2800 2226 in
2837 2171 2947 2225 lilio
2977 2177 3158 2224 autem
3211 2162 3457 2227 tonitrui,
3493 2162 3601 2215 lul-

352 2256 500 2327 πήξῃ
534 2256 597 2310 τὸ
625 2256 724 2326 τῆς
759 2256 1042 2319 εὐσεὸείας
1071 2256 1390 2327 μυστήριον,
1419 2255 1478 2308 ἐν
1501 2254 1561 2308 δὲ
1584 2253 1665 2324 τῷ
1694 2252 1795 2322 υῑῷ
1825 2254 1926 2311 τῆς

2028 2270 2201 2323 minet
2261 2264 2539 2335 religionis
2580 2268 2872 2330 pracepta.
2904 2256 3105 2311 lterum
3149 2268 3247 2308 cur
3277 2251 3496 2305 Petrqu
3546 2254 3603 2301 et

352 2347 601 2418 βροντῆς,
627 2346 879 2418 ἀστράψῃ
907 2347 974 2399 τὰ
1003 2346 1100 2415 τῆς
1133 2343 1413 2405 εὐσεϐείας
1440 2342 1768 2412 ἐντάλματα.
1809 2338 1927 2393 Πά-

2025 2359 2290 2416 Joannem
2347 2354 2551 2411 mittit?
2602 2352 2843 2407 Joannes
2903 2350 3057 2418 virgo
3108 2355 3248 2407 erat,
3313 2343 3512 2397 Petrus
3545 2338 3602 2392 in

353 2442 436 2494 λιν
459 2441 548 2493 διὰ
589 2440 641 2492 τί
675 2439 879 2509 Πέτρον
913 2438 1008 2490 καλ⁵
1061 2437 1315 2504 Ἰωάννην
1344 2434 1703 2499 ἀποστέλλει;
1745 2431 1927 2486 Ἰωάν-

2029 2451 2329 2510 honorabili
2350 2448 2608 2517 coniugio
2631 2463 2645 2499 ε
2668 2453 2728 2500 ut
2760 2443 3137 2499 ostenderetur
3169 2436 3316 2508 quod
3347 2444 3400 2490 et
3426 2434 3603 2487 honoc

352 2552 450 2604 νης
487 2533 755 2603 παρθένος
800 2528 901 2602 ἦν,
951 2531 1157 2600 Πέτρος
1217 2529 1324 2583 ἀπὸ
1379 2525 1787 2595 σεμνογαμίας,
1839 2523 1928 2577 ἵνα

2030 2546 2187 2601 rahili
2218 2541 2474 2613 coniugio
2497 2547 2554 2595 et
2583 2535 2886 2608 virginitati
2916 2532 3158 2588 effusum
3191 2529 3261 2585 sit
3288 2528 3525 2588 donum;
3551 2537 3607 2586 et

354 2625 540 2696 δειχθῇ
602 2626 684 2678 ὅτι
742 2624 833 2677 καὶ
886 2626 951 2694 τῇ
1011 2621 1357 2692 σεμνογαμίᾳ
1401 2619 1496 2674 καὶ
1544 2621 1608 2690 τῇ
1658 2616 1927 2688 παρθενίᾳ

2028 2641 2164 2694 liunt
2189 2635 2409 2690 Pascha:
2436 2630 2907 2687 communicantes
2941 2625 3031 2696 qui
3058 2624 3111 2678 in
3132 2618 3436 2676 honorabili
3471 2630 3607 2670 con-

352 2715 604 2785 ἧπλωται
658 2715 717 2767 τὸ
779 2714 951 2785 δῶρον
976 2729 990 2744 ·
1058 2713 1156 2767 καὶ
1216 2713 1461 2782 γίνονται
1520 2710 1768 2764 κοινωνοὶ
1830 2707 1924 2761 τοῦ

2024 2728 2178 2797 jugio
2204 2736 2259 2780 et
2285 2724 2376 2793 qui
2410 2723 2466 2777 in
2522 2720 2838 2791 virginitate
2886 2717 3026 2771 bene
3066 2714 3276 2768 vivunt.
3311 2707 3477 2762 Mittit
3504 2706 3609 2759 vir-

356 2806 549 2874 Πάσχα
605 2804 700 2858 καὶ
745 2804 794 2857 οἱ
851 2806 909 2856 ὲν
960 2802 1308 2874 σεμνογαμίᾳ
1355 2801 1450 2855 xui.
1480 2802 1529 2853 οἱ
1571 2801 1629 2852 ὲν
1658 2797 1929 2870 παρθενίᾳ

2033 2796 2313 2889 ginitatem
2357 2826 2411 2870 et
2442 2812 2761 2870 honorabile
2818 2806 3132 2878 coniugium
3187 2810 3247 2857 ut
3284 2809 3475 2871 parent
3524 2796 3604 2889 illi

357 2898 540 2961 καλῶς
577 2898 778 2963 ζῶντες
797 2914 813 2929 ο
844 2896 1166 2950 ἀποστέλλει
1196 2895 1495 2966 παρθενίαν
1526 2893 1623 2946 καὶ
1658 2907 1927 2961 σεμνογα-

2030 2887 2269 2975 l’ascha;
2299 2915 2361 2962 ut
2407 2906 2462 2961 in
2496 2912 2682 2959 monte
2726 2901 2947 2971 Moysen
2986 2906 3040 2953 et
3087 2896 3254 2950 Eliam
3306 2887 3603 2962 produxit.

360 2991 492 3059 μίαν
531 2991 819 3061 ἑτοιμάσαι
864 2988 1012 3058 αὐτῷ
1049 2987 1110 3040 τὸ
1138 2987 1325 3057 πάσχα
1345 3004 1360 3019 ·
1391 2986 1582 3056 ὥσπερ
1611 2986 1671 3038 ὲν
1698 2983 1776 3053 τῷ
1814 2982 1929 3052 ὄρει

2032 3000 2181 3054 illum
2215 2998 2436 3070 quidem
2461 2999 2516 3050 in
2544 2992 2850 3048 honorabili
2884 2986 3166 3057 coniugio,
3207 2983 3359 3038 hunc
3378 2993 3505 3034 vero
3551 2977 3604 3030 in

355 3083 601 3152 Μωῦσῆν
652 3085 746 3136 καὶ
786 3082 973 3136 Ἠλίαν
1006 3079 1385 3151 παρέστησενζο
1434 3078 1525 3130 τὸν
1565 3076 1665 3146 μὲν
1702 3075 1811 3130 ἀπὸ
1839 3091 1929 3127 σε-

2032 3090 2343 3162 virginilate
2369 3091 2694 3150 elucentem,
2729 3092 2789 3137 ut
2816 3071 3462 3135 ostendaturhonorahile
3477 3082 3610 3122 con-

361 3172 706 3243 μνογαμίας,
757 3171 849 3224 τὸν
901 3170 959 3223 δὲ
987 3170 1095 3225 ἀπὸ
1154 3168 1455 3241 παρθενίας
1484 3166 1801 3237 λάμποντα,
1840 3164 1929 3217 ἶνα

1882 3181 1929 3266 [α
1957 3212 2000 3268 ο
2030 3184 2241 3256 jugium
2262 3193 2318 3238 et
2338 3179 2701 3251 virginitatem
2733 3173 2974 3230 astitisse
2995 3171 3160 3268 juxta
3170 3164 3472 3222 Christum.

358 3240 503 3334 ιρανῇ
530 3262 875 3334 σεμνογαμία
897 3261 991 3315 καὶ
1019 3259 1290 3332 παρθενία
1312 3258 1662 3330 παρεστῶσαι
1686 3254 1929 3329 Χριστῷ.
1957 3240 2000 3268 υ
2030 3240 2049 3256 ’
2094 3240 2126 3256 υ
2422 3240 2453 3251 ⁷
2680 3284 2685 3291 ι
2997 3240 3006 3242 ⁷
3116 3240 3160 3306 δ

942 3391 1198 3446 ΚΕΦΑΛ.
1242 3386 1323 3443 lE'

2625 3395 2855 3456 CAPUT
2900 3391 3018 3449 XV.

445 3527 592 3581 Ἀντὶ
621 3525 736 3590 τοῦ,
759 3498 1022 3597 λαμπρὰν
1045 3526 1135 3579 καὶ
1173 3524 1339 3594 μηδὲν
1372 3522 1604 3578 θανᾶτου
1654 3521 1928 3591 φέρουσαν

2110 3535 2277 3591 Vens.
2303 3533 2393 3588 37.
2435 3529 2565 3593 Pro,
2591 3542 2777 3582 vocem
2806 3522 3037 3580 validam
3071 3527 3125 3573 et
3179 3512 3391 3571 nullum
3420 3507 3614 3566 mortis

362 3617 590 3684 σημεῖον
615 3630 630 3645 ·
660 3614 741 3669 διδ
773 3616 865 3668 καὶ
896 3615 988 3668 τὸν
1037 3614 1377 3684 κεντυρίωνα
1408 3613 1569 3666 πλέον
1613 3610 1772 3663 τοῦτο
1802 3610 1835 3680 ἢ
1879 3608 1939 3662 τὸ

2040 3631 2259 3700 signum
2294 3628 2575 3681 ferentem.
2636 3620 2759 3674 ideo
2781 3626 2837 3671 et
2863 3614 3007 3670 istud
3065 3610 3237 3679 magis
3296 3619 3460 3676 quam
3507 3599 3613 3655 veli

363 3706 766 3778 καταπέτασμα
823 3707 1142 3778 σχιζόμενον
1195 3708 1277 3769 εἰς
1320 3705 1421 3774 τὴν
1479 3703 1609 3774 περὶ
1653 3700 1748 3755 τοῦ
1801 3699 1932 3754 Υἱοῦ

2043 3699 2238 3779 scissio
2261 3718 2637 3773 centurionem
2664 3711 2729 3766 ad
2766 3708 2857 3763 Dei
2883 3708 2936 3761 in
2964 3704 3100 3759 Filio
3128 3699 3456 3771 agnitionem
3488 3707 3618 3765 per-

366 3796 695 3866 θεογνωσίαν
738 3800 1071 3867 ἐπηγάγετο.
1124 3797 1192 3850 Τί
1240 3797 1287 3849 δ’
1327 3792 1394 3865 ἦν
1423 3794 1451 3848 ὃ
1496 3792 1810 3865 ἕκραξεν,ἢ
1854 3791 1937 3856 τὸ,

2047 3814 2223 3868 duxit.
2264 3810 2403 3879 Quid
2450 3822 2579 3863 vero
2628 3799 2920 3860 clamavit?
2961 3796 3096 3853 illud
3130 3804 3321 3850 certe:
3354 3789 3534 3853 Pater,
3562 3785 3618 3840 in

364 3889 590 3956 Πάτερ,
622 3892 710 3955 εἰς
737 3887 939 3959 χεῖράς
966 3906 1082 3943 σου
1122 3887 1545 3957 παραθήσομαι
1584 3884 1650 3939 τὸ
1702 3882 1942 3952 πνεῦμά

1636 3884 1650 3937 ⁵
1702 3882 1942 3952 πνεῦμά
2050 3920 2237 3960 manus
2274 3912 2395 3956 tuas
2425 3896 2729 3955 commendo
2759 3892 3004 3965 spiritum
3034 3902 3226 3943 meum.

360 3997 481 4050 μου
502 3996 521 4045 ;

391 4173 3528 4214 ________________________________________———

1324 4306 1962 4487 EXOAIA
2022 4337 2675 4479 IIAAAIA

1056 4597 1225 4683 ΕΙΣ
1297 4592 2000 4682 ΕΥΑΓΓΕΔΙΟΝ
2073 4588 2373 4676 ΚΑΤΑ
2443 4580 2939 4672 ΛΟΥΚΑΝ.

1271 4950 1880 5067 SCHOLIA
1968 4948 2115 5061 IN
2196 4940 2730 5059 LUCAM.

861 5203 953 5263 (Ex
988 5200 1203 5260 antiquis
1222 5195 1521 5246 membranis
1548 5191 1863 5242 bibliotheca:
1883 5185 2151 5238 Vaticana.
2177 5187 2271 5236 MAI
2295 5182 2451 5233 Class.
2476 5185 2635 5242 Λυσι,
2661 5187 2779 5231 tom.
2816 5180 2896 5240 1X,
2926 5192 2976 5242 ρ.
3013 5176 3147 5241 651.)

794 5508 1188 5564 ΚΕΦΛΛΑΙΟΝ
1228 5504 1526 5560 ΠΡΩΤΟΝ.
1982 5510 2028 5566 ι)

1982 5510 2028 5566 ο
2551 5483 2784 5543 CAPUT
2819 5482 3118 5540 PRIMUM.

462 5640 679 5712 Ἐπειδὴ
702 5639 886 5693 πολλοὶ
910 5635 1272 5709 ἐπεχείρησαν
1298 5630 1670 5705 ἀνατάξασθαι
1698 5629 1950 5699 διήγησιν

2134 5622 2300 5675 Vens.
2350 5618 2400 5672 l.
2460 5615 2732 5683 Quoniam
2793 5602 2949 5666 multi
2981 5610 3158 5664 conati
3219 5615 3349 5663 sunt
3375 5607 3629 5662 ordinare

381 5735 502 5789 avri.
528 5733 644 5791 τοῦ.
668 5701 761 5785 ’ὅτι
785 5731 952 5802 χωρὶς
978 5701 1314 5800 χαρίσματος
1369 5701 1531 5796 ἦλθον
1561 5724 1639 5785 εἰς
1676 5721 1775 5793 τὴν
1816 5722 1948 5774 ἀναο

2057 5715 2447 5775 narrationem,
2467 5723 2583 5779 pro,
2608 5720 2733 5761 cum
2759 5705 2877 5759 sine
2898 5704 3041 5757 dono
3067 5701 3250 5773 gratia:
3283 5708 3631 5755 accesserunt

394 5826 600 5897 τραφὴν
622 5824 713 5879 τοῦ
1098 5836 1112 5851 ·
1147 5792 1223 5872 ⁷τί
1265 5817 1357 5873 οὖν
1392 5792 1547 5872 ’ἐστιν
1596 5814 1623 5868 ὃ
1658 5792 1838 5882 Mysi;
1871 5811 1944 5864 Τὸ

2052 5811 2116 5866 al
2148 5806 2497 5878 scriptioncm
2523 5797 2797 5870 Evangelii
2827 5795 2987 5866 :quid
3011 5794 3279 5866 estigitur
3308 5794 3451 5865 quod
3475 5792 3629 5870 ὐὶιίιξ
