4060 6562
422 374 560 443 1183
1128 379 1521 442 OPUSCULA
1560 379 2192 443 SCRIPTURISTICA
2236 383 2584 444 INCERTEE
2624 384 2932 445 ASTATIS.
3544 381 3686 449 1184

419 496 495 551 cit
529 515 543 551 :
569 495 844 562 Quomodo
874 497 961 566 [iet
992 497 1121 550 mihi
1145 497 1287 551 istud
1308 498 1331 551 ?
1355 496 1547 552 Sermo
1569 496 1788 567 quidem
1816 496 1996 551 credi-

2126 498 2250 565 ,ἐγει
2276 514 2289 529 ·
2322 498 2456 564 Πῶς
2498 499 2671 552 ἔσται
2713 516 2815 568 μοι
2843 498 3055 563 τοῦτο;
3105 497 3166 553 '0
3203 498 3305 569 μὲν
3340 498 3500 569 λόγος
3532 500 3689 567 ἀξιό-

421 588 568 654 hilis,
601 588 695 643 sed
721 588 917 642 modus
954 587 1219 650 difficilis;
1253 588 1430 643 nescit
1456 595 1653 641 natura
1685 602 1809 656 qua:
1837 587 1998 642 dicis.

2126 607 2318 659 τιστος,
2351 593 2379 645 ὁ
2406 592 2464 645 δὲ
2502 592 2705 662 τρόπος
2763 591 2988 661 ἄποροςσ
3038 592 3141 645 οὐκ
3187 588 3329 645 οἶδεν
3362 596 3397 663 ἡ
3450 592 3616 662 φύσις
3644 593 3684 648 ἃ

420 680 556 735 Cum
588 680 752 749 igitur
771 680 908 735 bene
943 680 1268 751 interrogat,
1300 681 1527 751 angelus
1561 680 1637 734 illi
1669 680 1824 746 dicit,
1853 682 2005 750 igno-

2126 683 2304 750 ιέγεις.
2363 684 2516 736 Ἐπεὶ
2556 684 2649 737 οὖν
2694 684 2877 748 καλῶς
2908 684 3121 753 ἠρώτα,
3170 686 3198 738 ό
3245 685 3484 753 ἄγγελος
3543 685 3689 756 πρὸς

423 772 597 826 scitur
626 772 723 826 tibi
759 772 1057 827 haesitanti.
1091 771 1226 826 Nam
1268 771 1549 827 Zachariae
1588 787 1697 825 non
1742 771 2002 841 ignoscit,

2126 773 2300 843 ιὺτήν·
2332 774 2643 844 Συγγνώμη
2674 774 3083 845 σοιάπορούσῃ.
3111 774 3204 846 Τῷ
3238 776 3337 846 μὲν
3369 777 3479 847 γὰρ
3504 778 3691 845 Ζαχα-

423 864 517 920 sed
544 866 695 919 illum
727 865 1033 936 increpavit
1054 866 1194 919 male
1217 865 1571 928 difﬁdentem,
1597 864 1793 933 virgini
1819 872 2005 918 autem

2126 865 2203 936 sia.
2231 865 2294 918 οὐ
2326 867 2719 935 συγγινώσκει,
2754 867 2872 920 ἀλλ’
2893 868 3259 937 ἐπεστόμισεν
3298 868 3466 921 αὑτὸν
3497 867 3689 931 κακῶς

428 956 684 1024 ignoscit.
720 955 837 1011 Non
871 957 1016 1011 enim
1048 966 1167 1013 erat
1208 956 1521 1026 exetnplum
1554 953 1796 1024 Virgini;
1827 953 2003 1009 sterili

2126 956 2512 1025 ιπιστήσαντα.
2540 960 2606 1029 τῇ
2637 958 2693 1011 δὲ
2733 958 2996 1029 Παρθένῳ
3031 957 3398 1027 συγγινώσκει
3421 975 3435 989 ο
3481 958 3543 1011 οὐ
3568 958 3678 1027 γὰρ

424 1059 607 1101 autvm
642 1049 812 1104 multa
846 1049 1304 1117 erantexcmpla;
1330 1049 1452 1102 ideo
1480 1046 1804 1103 Zachariam
1826 1056 2008 1102 tacere

2126 1042 2175 1115 ἣν
2204 1047 2513 1117 ὑπόδειγμα
2553 1049 2829 1119 παρθένῳ·
2888 1050 3108 1119 στείρας
3162 1051 3221 1104 δὲ
3273 1050 3446 1103 πολλὰ
3507 1045 3577 1121 ἦν
3618 1049 3691 1102 τὰ

424 1144 569 1212 cogit
600 1143 651 1196 in
686 1158 904 1212 pinnam
938 1143 1362 1198 incredulitatis.

2126 1139 2511 1208 ὅποδείγματαο
2562 1141 2652 1193 διὰ
2686 1142 2848 1195 τοῦτο
2896 1142 2973 1212 τῷ
3026 1142 3280 1215 Ζαχαρία
3316 1144 3529 1214 σιωπὴν
3557 1144 3685 1197 om

2114 1232 2380 1301 τιμωρίας
2413 1232 2741 1304 ἐπιτίθησιν.
3411 1281 3424 1300 ί

2184 1322 2302 1374 Ἵνα
2334 1324 2387 1373 τί
2414 1323 2706 1393 ἐπέρχεται
2734 1324 2922 1393 ἆγιον;
2957 1326 3179 1398 Ἐπειδὴ
3208 1326 3341 1395 ἁγία
3377 1327 3477 1395 μὲν
3509 1328 3686 1398 ὑπάρ-

2113 1431 2229 1484 χεις
2247 1430 2261 1444 ·
2287 1408 2367 1467 δεῖ
2384 1414 2441 1467 δέ
2471 1431 2531 1467 σε
2558 1417 2813 1484 γενέσθαι
2837 1418 3170 1489 ἀγιωτέρανθ
3206 1418 3285 1472 ὅτ’
3312 1417 3378 1472 ἂν
3405 1419 3516 1487 γὰρ
3545 1418 3691 1490 λάϐῃ

499 1326 665 1382 Vens.
698 1327 787 1381 35.
812 1326 925 1381 Cur
945 1326 1077 1382 dicit
1101 1327 1386 1396 sanctum?
1409 1327 1547 1394 Quia
1572 1338 1760 1383 sancta
1786 1326 2008 1398 quidem

428 1428 484 1472 tu
529 1434 621 1483 es,
657 1428 871 1487 oportet
908 1429 1089 1474 autem
1128 1422 1461 1476 sanctiorem
1494 1431 1545 1476 te
1579 1422 1719 1476 fieri.
1773 1421 2010 1488 Quando

426 1513 572 1564 enim
599 1512 765 1567 sumit
791 1511 984 1567 artifex
1043 1513 1275 1584 lignum,
1303 1514 1567 1569 autfaber
1589 1513 1817 1581 ferrum,
1835 1514 2013 1571 adhuc

2126 1506 2371 1560 Βτέκτων
2405 1506 2584 1572 ξύλον,
2619 1509 2651 1579 ἢ
2682 1511 2711 1561 ό
2738 1509 2980 1580 χαλκεὺς
3009 1510 3251 1580 σίδηρον,
3295 1510 3377 1563 ἔτι
3416 1511 3552 1564 αὐτὸ
3584 1528 3689 1561 κα-

429 1602 563 1657 illud
590 1603 780 1672 purius
807 1613 863 1659 et
890 1604 1073 1674 aptius
1103 1606 1171 1659 ad
1204 1616 1375 1660 artem
1402 1605 1764 1661 exercendam
1790 1604 1961 1659 efficit
1992 1621 2007 1658 :

2126 1599 2296 1669 θαίρει
2323 1602 2417 1655 καὶ
2438 1603 2879 1675 ἐπιτηδειότερον
2913 1604 3053 1676 πρὸς
3084 1604 3183 1675 τὴν
3223 1604 3423 1675 τέχνην
3461 1605 3695 1675 ἐργάζε-

429 1705 486 1750 et
514 1707 569 1751 tu
603 1696 771 1766 igitur
801 1697 955 1769 virgo
977 1698 1198 1768 quidem
1230 1713 1313 1762 es,
1341 1708 1556 1769 Oportet
1589 1708 1771 1753 autem
1803 1709 1856 1754 te
1880 1713 2012 1754 san-

2126 1708 2226 1746 ται.
2264 1693 2372 1747 Καὶ
2433 1695 2501 1749 σὺ
2550 1694 2729 1749 τοίνυν
2779 1697 3050 1768 παρθένος
3108 1698 3209 1765 μὲν
3266 1692 3339 1762 εἰ,
3374 1697 3456 1749 δεῖ
3516 1696 3575 1748 δέ
3635 1712 3695 1747 σε

434 1786 665 1840 ctiorcm
692 1786 832 1853 fieri,
861 1799 918 1843 ut
949 1799 1201 1843 sanctum
1239 1790 1542 1859 concipias.
1572 1788 1792 1844 Gabriel
1821 1789 2011 1844 mani-

2126 1785 2427 1855 αγιωτὲραν
2477 1786 2760 1854 γενέσθαι,
2813 1790 2899 1841 ῑνα
2944 1788 3038 1841 τὸν
3092 1789 3249 1856 ἇγιον
3297 1787 3595 1858 συλλάϐῃς.
3642 1786 3697 1841 ’0

430 1876 640 1933 testans
673 1879 1095 1949 explicationem
1130 1882 1292 1935 triutn
1322 1879 1687 1936 Personarum
1720 1882 1801 1936 sic
1824 1880 1963 1935 dixit
1992 1899 2006 1935 :

2126 1877 2360 1948 Γαὸριὴλ
2395 1879 2676 1948 ἐμφαίνων
2701 1882 2801 1953 τὴν
2858 1882 3161 1951 ἑρμηνείαν
3209 1880 3320 1934 τῶν
3350 1879 3522 1951 τριῶν
3566 1880 3699 1932 ὑπο·

398 1990 401 1993 λ
431 1967 751 2023 Altissimus
781 1971 924 2025 enim
957 1970 1115 2025 Pater
1146 1981 1262 2037 est;
1291 1974 1464 2028 virtus
1506 1972 1773 2028 Altissimi
1804 1972 2007 2039 Filius;

432 2059 555 2114 ideo
589 2061 657 2115 de
694 2061 855 2116 Patre
893 2063 1027 2117 dicit
1058 2064 1204 2133 quod
1246 2064 1566 2120 Altissimus
1592 2072 1701 2127 est,
1742 2064 1819 2117 Tu
1862 2068 2011 2119 solus

427 2152 737 2208 Altissimus
760 2155 815 2208 in
845 2171 1048 2211 omnem
1086 2164 1302 2210 terram.
1347 2155 1506 2222 Tota,
1541 2157 1742 2226 inquit,
1770 2155 2013 2211 Trinitas

431 2245 586 2300 adest
618 2246 735 2309 tibi,
771 2260 805 2301 ο
838 2245 1023 2315 Virgo,
1058 2248 1517 2301 restaurationem
1548 2246 1848 2302 creationis
1877 2262 2011 2317 ope-

433 2354 564 2394 rans
584 2378 599 2403 ,
625 2355 748 2409 qua:
778 2338 917 2393 dixit
946 2340 1077 2394 olim
1102 2358 1115 2393 ε
1153 2338 1446 2393 Faciamus
1486 2339 1750 2393 hominem
1774 2340 1843 2392 ad
1877 2339 2015 2392 inta-

433 2434 604 2502 ginem
647 2442 885 2486 nostram
928 2443 977 2487 et
1014 2432 1435 2488 similitudinem.
1472 2430 1589 2487 Non
1623 2432 1771 2487 enim
1822 2431 2013 2487 debuit

434 2525 655 2593 quidem
690 2525 743 2578 in
800 2505 1017 2595 ingrato
1056 2525 1227 2580 Adam
1280 2528 1459 2593 primo
1511 2522 1729 2591 adesse,
1772 2524 2015 2580 secundo

435 2629 619 2672 autem
648 2634 755 2672 non
791 2617 1113 2673 mirabiliter
1143 2618 1389 2688 coaptari
1441 2616 1677 2687 Spiritus
1723 2628 1951 2673 sanctus
1997 2634 2013 2672 :

433 2724 563 2764 ecce
594 2709 834 2779 Spiritus
861 2720 1106 2777 sanctus,
1129 2720 1183 2765 et
1213 2712 1404 2773 virtus,
1436 2725 1563 2765 ecce
1588 2710 1795 2764 iterum
1819 2708 2011 2764 Filius.

434 2801 679 2856 Christus
709 2803 847 2856 enim
880 2802 1046 2857 virtus
1089 2811 1140 2857 et
1184 2803 1447 2870 sapientia
1494 2802 1627 2867 Dei,
1666 2802 2016 2869 Altissimus;

436 2911 564 2950 ecce
590 2895 789 2949 iterum
821 2896 983 2950 Pater
1018 2895 1120 2950 hac
1152 2912 1284 2951 voce
1319 2897 1711 2965 proclamatur.
1750 2896 1817 2950 Et
1851 2898 2019 2952 virtus

436 2985 696 3039 Altissimi
732 2987 1062 3041 obumbrabit
1093 2987 1223 3051 tibi;
1272 2987 1468 3043 Filium
1511 2988 1739 3051 indicat,
1773 2988 2018 3043 Christus

436 3077 578 3130 enint
609 3077 703 3131 Dei
734 3079 898 3133 virtus
928 3089 977 3134 et
1008 3080 1102 3134 Dei
1118 3081 1408 3149 sapientia.
1431 3112 1504 3121 —
1533 3080 1881 3136 Obumbrabit
1902 3082 2019 3145 tibi,

2115 1970 2359 2024 στάσεων
2413 1972 2611 2025 οὑτωσὶ
2642 1972 2850 2040 ἔλεγεν·
2904 1975 3204 2042 ’Υψιστος
3263 1973 3374 2040 γὰρ
3403 1975 3437 2027 ὀ
3466 1971 3691 2038 Πατήρ.

2115 2064 2373 2131 Δύναμις
2407 2064 2702 2132 Ὑψίστου
2732 2068 2765 2118 ό
2803 2066 2966 2132 Υιός⁶
2998 2066 3081 2119 διὸ
3099 2066 3338 2136 περὶτοῦ
3370 2065 3585 2135 Πατρδς
3615 2066 3698 2116 ὅτι

2118 2156 2402 2225 ’Υψιστος
2424 2158 2509 2211 Σὺ
2531 2164 2718 2227 μόνος
2739 2160 2761 2178 "
2777 2162 3039 2228 Υψιστος
3067 2158 3165 2212 ἐπί
3191 2156 3400 2214 πᾶσαν
3422 2158 3537 2223 τὴν
3559 2156 3696 2226 γῆν.

2118 2247 2283 2317 ”Ο).η,
2318 2249 2477 2319 φησὶ,
2512 2252 2545 2321 ἡ
2578 2251 2748 2321 Τριάς
2780 2268 2862 2305 σοι
2900 2252 3190 2322 πάρεστιν,
3224 2244 3269 2303 ὦ
3302 2248 3569 2320 Παρθένε,
3600 2250 3701 2317 τὴν

2118 2341 2416 2412 ἀνάκτησιν
2450 2342 2751 2413 ποιουμένη
2772 2344 2873 2414 τῆς
2901 2343 3154 2408 κτίσεως,
3186 2343 3219 2413 ἡ
3252 2341 3483 2394 εἰποῦσα
3506 2341 3698 2393 πάλαιο

2118 2433 2474 2503 Ποιήσωμεν
2505 2435 2821 2503 ἄνθρωπον
2852 2435 2979 2489 κατ’
3019 2435 3222 2489 εἰκόνα
3260 2432 3557 2500 ἡμετέραν
3597 2431 3697 2484 καὶ

2120 2529 2252 2582 καθ’
2288 2528 2593 2596 ὁμοίωσιν.
2636 2529 2712 2582 Οὐ
2746 2528 2855 2599 γὰρ
2874 2527 3100 2599 ἔμελλεν
3131 2528 3225 2581 ἐπὶ
3257 2528 3356 2597 μὲν
3388 2526 3486 2580 τοῦ
3522 2525 3701 2593 ἀγνώ-

2124 2635 2284 2687 μονος
2323 2618 2494 2689 ’Δδὰμ
2523 2617 2619 2671 τοῦ
2669 2617 2889 2689 πρώτου
2929 2621 3208 2687 παρεῖναι,
3240 2618 3318 2688 τῷ
3358 2618 3415 2671 δὲ
3458 2616 3699 2686 δευτέρῳ

2125 2709 2200 2781 μὴ
2266 2711 2537 2781 συνῆφθαι
2588 2711 2880 2783 λαμπρῶς.
2942 2710 3167 2781 Πνεῦμα
3217 2710 3395 2779 ἅγιον*
3466 2711 3577 2763 ἰδοὺ
3636 2710 3697 2762 τδ

2124 2802 2349 2872 Πνεῦμα
2383 2804 2441 2855 τὸ
2468 2803 2641 2872 ἆγιον,
2684 2804 2779 2855 καὶ
2829 2802 3080 2873 δύναμις,
3129 2802 3240 2855 ίδοὺ
3280 2800 3441 2854 πάλιν
3474 2800 3505 2852 ὁ
3550 2800 3697 2862 Υίό,·

2123 2896 2376 2963 Χριστὸς
2400 2896 2509 2967 γὰρ
2535 2896 2685 2951 Θεοῦ
2704 2896 2956 2965 δύναμις
2978 2894 3075 2949 καί
3104 2895 3253 2949 Θεοῦ
3281 2896 3492 2964 σοφία.
3533 2893 3703 2962 ’Υψιο

2126 3006 2271 3054 στος⁶
2304 2990 2417 3043 ἰδοὺ
2446 2989 2608 3043 πάλιν
2634 2992 2662 3044 ό
2702 2989 2889 3060 Πατὴρ
2923 2991 2989 3059 τῇ
3022 2990 3173 3059 φωνῇ
3217 2987 3394 3059 ταύτῃ
3434 2988 3703 3058 κηρύττε-

2125 3100 2237 3137 ται.
2284 3082 2393 3136 Καὶ
2423 3082 2679 3151 δύναμις
2723 3081 3006 3150 Ὑψίστου
3048 3079 3393 3134 ἐπισκιάσει
3437 3096 3557 3134 σοι.
3600 3080 3708 3132 Τὸν

441 3184 564 3239 pro,
608 3171 975 3258 circumdabit
1000 3180 1051 3227 te
1072 3182 1126 3228 et
1152 3174 1376 3229 vallabit
1402 3183 1453 3229 te
1493 3183 1548 3229 et
1573 3174 1781 3229 circum
1814 3183 1865 3228 te
1890 3162 2018 3228 erit.

2129 3175 2259 3229 Υίὺν
2285 3174 2454 3243 λέγει’
2495 3174 2753 3242 Χριστὸς
2797 3176 2904 3245 γὰρ
2938 3173 3088 3228 Θεοῦ
3119 3172 3379 3242 δύναμις
3410 3173 3509 3225 καί
3555 3171 3710 3226 Θεοῦ

439 3262 517 3317 ita
553 3264 835 3333 legendum
873 3284 886 3319 :
914 3248 1048 3321 ideo
1075 3281 1121 3322 et
1150 3268 1288 3337 quod
1322 3276 1569 3322 nascetur
1590 3283 1655 3321 ea:
1678 3276 1725 3321 te
1754 3277 2021 3328 sanctum,

440 3358 719 3411 vocabitur
745 3356 922 3414 Filius
953 3360 1086 3424 Dei;
1122 3376 1230 3415 non
1264 3361 1592 3431 simpliciter
1622 3361 1850 3429 angelus
1877 3360 2022 3430 quod

443 3460 700 3505 nascetur
722 3460 977 3508 sanctum
1001 3453 1186 3509 statim
1222 3453 1502 3523 exprimit,
1532 3454 1626 3507 scd
1655 3453 1789 3509 dicit
1821 3470 1835 3508 :
1866 3450 2023 3517 Quod

443 3554 707 3609 nascetur,
739 3545 998 3614 quoniam
1028 3548 1339 3601 communis
1372 3546 1621 3617 quaedam
1675 3556 1759 3601 est
1809 3562 1913 3599 vox
1953 3545 2023 3599 ad

444 3652 636 3693 omnes
665 3653 806 3708 quos
834 3639 1031 3693 mulier
1064 3640 1229 3709 parit,
1262 3656 1329 3694 ne
1356 3640 1682 3694 miraculum
1720 3636 2027 3692 communiv

446 3740 554 3784 tate
600 3732 895 3786 locutionis
945 3731 1307 3801 deprimatur,
1362 3732 1548 3787 dicit:
1607 3729 1736 3786 Ideo
1786 3742 1834 3784 et
1887 3732 2026 3799 quod

444 3831 692 3876 nascetur
721 3838 787 3876 ea:
827 3832 897 3889 te,
929 3824 1113 3878 statim
1150 3834 1407 3894 tanquam
1448 3824 1646 3878 timore
1674 3822 1910 3893 quodam
1943 3836 2029 3876 oc-

445 3926 676 3986 cupatus
720 3916 791 3970 ob
821 3915 1147 3986 stupendam
1186 3916 1642 3982 incarnationem,
1680 3924 1735 3970 et
1778 3924 2029 3970 contem-

450 4010 632 4079 platus
656 4010 778 4079 ejus
807 4010 901 4079 qui
937 4010 1183 4065 nascitur
1219 4018 1565 4080 potestatem,
1607 4022 1660 4065 et
1692 4018 2027 4079 quantorum

446 4104 712 4157 bonorum
755 4113 950 4157 auctor
980 4103 1197 4159 futurus
1226 4106 1299 4160 sit
1348 4105 1593 4159 humano
1645 4106 1852 4173 generi,
1919 4112 2031 4157 tre-

450 4195 651 4249 utendo
676 4196 1005 4252 exclamavit
1036 4196 1333 4260 :Sanctus,
1361 4196 1610 4251 eamdem
1641 4210 1705 4249 ac
1748 4194 2027 4263 seraphim

447 4303 637 4343 vocem
673 4291 724 4343 in
747 4288 840 4344 illo
875 4290 1185 4358 proferens.
1218 4290 1334 4345 Non
1359 4291 1503 4345 enim
1535 4289 1668 4343 foris
1698 4303 1728 4341 a
1755 4285 2031 4342 Trinitale

446 4382 624 4445 video,
656 4397 763 4436 non
804 4384 1077 4452 privatum
1119 4401 1243 4437 enm
1271 4398 1438 4436 cerno
1467 4391 1671 4436 aeterna
1704 4378 2026 4445 divinitate;

447 4472 572 4528 ideo
599 4486 654 4527 et
680 4490 782 4544 ego
818 4478 1136 4531 memoriam
1154 4474 1443 4530 Trinitatis
1478 4474 1599 4531 feci.

517 4754 685 4811 Vsus.
714 4753 805 4810 36.
838 4752 997 4818 Illud,
1042 4751 1283 4821 Cognata
1313 4760 1429 4815 tua,
1473 4765 1694 4807 sensum
1727 4750 2022 4821 quemdam

449 4848 712 4903 insinuat.
751 4845 921 4901 Nemo
965 4857 1037 4909 te,
1080 4844 1278 4914 inquit,
1315 4859 1348 4897 ο
1393 4844 1567 4914 virgo,
1604 4844 1673 4897 ob
1718 4853 1910 4913 partus
1948 4843 2027 4898 ttti

448 4940 797 5004 miraculum,
821 4938 963 4994 alius
986 4938 1231 5006 cujusvis
1265 4945 1476 4991 natura:
1502 4952 1621 4991 esse
1651 4946 1835 5006 putet;
1865 4951 2028 4989 nemo

449 5033 520 5088 ob
550 5032 945 5087 humanitatem
986 5046 1254 5100 superans
1282 5029 1610 5101 prodigium,
1641 5028 1898 5083 humana:
1931 5045 2028 5083 na-

449 5135 585 5181 tura:
620 5135 889 5181 exsortem
922 5134 973 5180 te
1003 5125 1193 5189 faciat;
1228 5138 1387 5178 nemo
1415 5132 1576 5192 neget
1601 5137 1629 5175 a
1661 5132 1713 5176 te
1749 5130 2026 5189 sumptam

450 5220 681 5273 formam
700 5228 985 5289 cognatam
1013 5212 1294 5270 hominum
1313 5230 1455 5271 esse.
1479 5214 1724 5284 Cognata
1751 5212 2026 5266 Elisabeth

452 5322 508 5366 tu
536 5329 634 5377 es;
669 5312 792 5367 licet
844 5309 1118 5365 Elisabeth
1163 5309 1390 5363 Domina
1441 5305 1584 5362 facta
1614 5306 1711 5371 sis,
1744 5306 1931 5360 eadem
1963 5320 2029 5361 ac

452 5406 567 5475 ipsa
595 5415 818 5460 constas
860 5413 1075 5467 natura,
1126 5402 1267 5457 idem
1300 5415 1364 5457 ac
1396 5401 1515 5471 ipsa
1560 5414 1758 5468 corpus
1806 5412 2024 5468 gerens,

450 5501 699 5555 eamdem
733 5500 939 5553 habens
968 5497 1229 5551 animam.
1262 5496 1324 5551 Et
1356 5496 1516 5551 aliter
1545 5512 1558 5549 :
1595 5492 1882 5559 Quomodo
1925 5491 2029 5546 Za-

453 5592 653 5647 chariae
677 5607 783 5645 non
812 5588 1043 5660 ignoscit
1075 5588 1322 5659 angelus,
1358 5586 1567 5656 Virgini
1597 5599 1729 5639 vero
1752 5598 1861 5638 non
1902 5596 2025 5637 cre-

456 5685 605 5738 denti
640 5682 913 5754 ignoscit?
948 5682 1085 5749 Quia
1128 5682 1217 5736 ille
1266 5680 1433 5736 multa
1480 5677 1714 5733 habebat
1757 5673 2026 5741 exempla.

460 5777 640 5831 Multae
667 5776 810 5831 enim
838 5775 1051 5832 steriles
1074 5784 1419 5845 pepererant.
1458 5770 1613 5839 virgo
1643 5776 1823 5820 autem
1858 5764 2025 5827 nulla;

461 5870 604 5925 unde
634 5870 839 5944 ignosci
858 5867 1279 5935 meruitdicens,
1306 5863 1581 5933 Quomodo
1605 5860 1693 5929 ﬁet
1723 5857 1845 5912 mihi
1866 5855 2027 5920 istud,

2125 3269 2332 3336 σοφία.
2363 3269 2456 3335 Τὸ,
2501 3267 2871 3322 Ἑπισκιὰσει
2897 3282 3020 3331 σοι,
3066 3265 3189 3320 ἀντὶ
3227 3265 3343 3329 τοῦ,
3406 3264 3708 3335 Περιϐαλεῑ

2128 3378 2187 3415 σε
2232 3362 2327 3415 καὶ
2364 3361 2680 3432 χαρακώσει
2719 3378 2778 3414 σε
2809 3361 2905 3414 καὶ
2934 3358 3120 3430 κύκλῳ
3160 3375 3256 3413 σου
3292 3358 3467 3411 ἔσται.
3514 3356 3709 3417 Οὕτως

2124 3454 2521 3522 ἀναγνωστέον
2549 3455 2647 3507 Διύ
2680 3454 2779 3508 καὶ
2803 3455 2870 3508 τὸ
2900 3453 3275 3525 γεννώμενον
3297 3451 3366 3504 ἐκ
3382 3449 3502 3504 σοῦ
3531 3449 3709 3518 ἅγιον

2127 3546 2498 3615 κληθήσεται
2550 3545 2681 3612 Υἱὸς
2712 3545 2883 3600 Θεοῦ.
2937 3546 3049 3615 Οὐχ
3092 3543 3278 3607 ἁπλῶς
3312 3545 3341 3596 ὁ
3388 3542 3619 3609 ἄγγελος
3650 3542 3711 3593 τὸ

2127 3637 2557 3708 γεννώμενον’τὺ
2591 3638 2749 3703 ἅγιον
2779 3636 2943 3698 εὐθὺς
2977 3635 3211 3697 ἐπιθεὶς.
3247 3633 3362 3686 ἀλλ’
3393 3631 3587 3693 εἰπὼν,
3639 3630 3711 3684 Τὸ

2127 3729 2523 3800 γεννώμενον,
2552 3729 2745 3798 ἐπειδὴ
2770 3727 2928 3797 κοινή
2953 3743 3037 3789 τις
3063 3725 3279 3795 ὑπῆρχε
3318 3725 3350 3794 ἡ
3394 3722 3548 3792 φωνὴ
3574 3722 3712 3792 πρὸς

2129 3824 2256 3885 τοὺς
2281 3825 2346 3875 ὲκ
2381 3820 2639 3889 γυναικὸς
2661 3818 3040 3888 τικτομένους,
3080 3816 3165 3869 ἵνα
3196 3815 3289 3884 μὴί
3314 3814 3374 3866 τὸ
3399 3812 3587 3881 θαῦμα
3641 3813 3708 3881 τῇ

2131 3914 2388 3985 κοινωνία
2416 3914 2516 3984 τῆς
2552 3912 2751 3978 λέξεως
2790 3908 3122 3982 σμικρυνθῇ,
3154 3907 3348 3972 εἰπὼν,
3374 3906 3469 3959 Διὸ
3505 3903 3604 3957 καὶ
3641 3903 3709 3956 τὸ

2131 4007 2506 4079 γεννώμενον
2534 4007 2603 4059 ἐκ
2632 4003 2773 4072 σοῦ,
2809 4003 2972 4066 εὐθὺς
3006 4002 3197 4072 ὥσπερ
3244 4002 3352 4053 τ;ν“ι
3384 3998 3538 4068 φόδῳ
3566 4014 3708 4066 κρα-

2132 4100 2316 4170 τηθεὶς
2354 4099 2490 4171 πρὸς
2516 4098 2776 4169 ἔκπληξιν
2838 4096 3250 4158 καταστάσεως,
3290 4093 3383 4145 καὶ
3415 4091 3715 4159 λογισάμε-

2133 4210 2222 4255 νος
2249 4190 2345 4245 τοῦ
2363 4193 2694 4262 ⁴τικτομένου
2729 4190 2828 4261 τὴν
2873 4188 3125 4259 δύναμιν,
3177 4186 3272 4239 καὶ
3318 4186 3457 4237 ὅσων
3491 4181 3714 4249 ἀγαθῶν

2136 4284 2397 4354 πρόξενος
2428 4283 2582 4338 ἔσται
2610 4282 2689 4353 τῷ
2719 4282 2888 4350 γένει,
2926 4279 3174 4350 φοϐερῶς
3220 4274 3713 4349 ἐ[κεικραύγασεν,

2134 4376 2334 4445 ’Ἄγιος
2357 4416 2373 4441 ,
2399 4376 2499 4446 τὴν
2534 4376 2704 4445 αὐτὴν
2744 4378 2855 4437 τοῖς
2891 4374 3134 4443 σεραφὶμ
3188 4370 3372 4441 φωνὴν
3400 4370 3493 4423 ὲπὶ
3540 4367 3716 4436 τούτῳ

2138 4470 2300 4539 βοῶν.
2358 4469 2432 4521 Οὐ
2477 4468 2585 4539 γὰρ
2631 4468 2737 4531 ἔξω
2784 4467 2884 4536 τῆς
2920 4465 3149 4536 Τριάδος
3188 4464 3324 4535 ὁρῶ,
3380 4463 3439 4516 οὐ
3504 4460 3714 4529 γυμνὸν

2061 4550 2107 4606 Ῑ)
2135 4564 2299 4618 αὑτὸν
2330 4562 2513 4630 βλέπω
2538 4563 2637 4630 τῆς
2666 4560 2839 4614 ἀϊδίου
2885 4559 3161 4630 θεότητος·
3216 4556 3308 4611 διὰ
3356 4556 3514 4610 τοῦτο
3557 4552 3715 4621 κάγὼ

2140 4659 2363 4727 μνήμην
2403 4655 2502 4725 τῆς
2535 4653 2767 4722 Τριὰδος
2797 4653 3127 4721 πεποίημαι.

2219 4746 2582 4818 Ἐμφαντικὸν
2613 4746 2693 4807 τὸ.
2735 4743 3040 4814 συγγενής
3083 4760 3232 4810 σου,
3262 4740 3501 4802 διανοίας
3546 4739 3715 4801 τινός.

2136 4840 2339 4911 Μηδείς
2374 4858 2455 4903 σε,
2490 4841 2657 4910 φησι,
2684 4831 2728 4890 ὦ
2768 4836 3035 4908 Παρθένε,
3067 4836 3156 4889 διὰ
3186 4836 3246 4886 τὸ
3276 4833 3371 4887 τοῦ
3403 4833 3564 4885 τόκου
3605 4848 3717 4883 πα-

2139 4933 2379 5006 ράδοξον,
2425 4932 2591 5001 ἄλλης
2629 4930 2774 4993 τινὸς
2817 4929 3037 4997 φύσεως
3066 4925 3368 4995 νομιζέτω·
3406 4922 3595 4993 μηδεὶς
3628 4922 3719 4974 διὰ

2135 5028 2196 5081 τὸ
2226 5027 2364 5096 ὑπὲρ
2402 5025 2685 5094 ἄνθρωπον
2725 5020 2931 5090 θαῦμα,
2983 5019 3082 5087 τῆς
3120 5014 3471 5086 ἀνθρωπίνης
3501 5013 3718 5083 φύσεως

2136 5122 2241 5186 ἔξω
2289 5119 2543 5173 ποιείτωο
2580 5114 2767 5185 μηδεὶς
2806 5111 3075 5183 ἀρνείσθω
3102 5109 3200 5178 τὴν
3236 5107 3342 5160 ὑπὸ
3377 5106 3473 5159 σοῦ
3504 5105 3718 5175 λαμσςι.⁹

2136 5210 2369 5281 νομένην
2400 5205 2632 5278 μορφὴν,
2665 5201 2903 5271 συγγενῆ
2945 5200 3054 5252 τῶν
3089 5197 3392 5267 ἀνθρώπων
3423 5194 3714 5263 ὑπάρχειν·

2132 5300 2404 5370 συγγενὴς
2439 5298 2538 5367 τῆς
2581 5296 2859 5348 Ἐλισάὸετ
2886 5292 3176 5360 ὐπᾶρχεις,
3207 5288 3311 5341 κᾶν
3336 5286 3586 5348 δεσπότις
3615 5284 3716 5353 τῆς

2128 5392 2430 5447 ςἘλισάὸετ
2478 5388 2706 5459 γενήσῃ,
2754 5386 2852 5453 τῆς
2899 5384 3068 5451 αὐτῆς
3101 5380 3314 5447 ἐκείνης
3366 5377 3715 5446 καθέστηκας

2138 5487 2381 5558 φύσεως,
2417 5482 2477 5535 τὸ
2505 5482 2635 5534 αὐτὸ
2678 5477 2850 5551 ταύτῃ
2907 5474 3066 5543 σῶμα
3098 5469 3365 5543 φοροῦσα,
3402 5469 3500 5539 τὴν
3540 5464 3715 5533 αὐτὴν

2136 5557 2333 5651 ἔχουσα
2355 5576 2555 5646 ψυχήν.
2584 5573 2694 5626 Καὶ
2724 5570 2926 5632 ἄλλωςο
2965 5567 3089 5630 Πῶς
3124 5564 3202 5635 τῷ
3230 5562 3327 5631 μὶν
3367 5557 3713 5651 Ζαχαρία.ᾼού

2140 5648 2505 5739 συγγινώσκει
2545 5667 2574 5719 ὁ
2622 5661 2872 5731 ἄγγελος,
2909 5662 2976 5729 τῇ
3013 5657 3071 5713 δὲ
3115 5653 3379 5725 Παρθένῳ
3409 5648 3717 5739 ἀπιστοῦση

2141 5738 2535 5825 συγγινώσκει;
2574 5754 2695 5805 Ὅτι
2726 5751 2933 5811 ἐκεῖνος
2968 5745 3140 5799 πολλὰ
3186 5741 3301 5814 εἶχε
3339 5740 3407 5795 τὰ
3450 5738 3717 5808 παραδεί-

2140 5867 2354 5922 γματα·
2395 5845 2585 5902 πολλαὶ
2614 5846 2722 5916 γὰρ
2762 5842 2972 5913 στεῖραι
3002 5840 3208 5905 ἔτεκον,
3244 5834 3509 5907 παρθένος
3538 5829 3597 5887 δὲ
3622 5830 3715 5887 αὖ·
