4026 6562
335 425 467 491 1185

1425 424 1744 487 SCHOLIA
1777 424 2081 487 VETERA’
2118 425 2198 485 IN
2240 426 2515 488 LUCAM.

3445 428 3587 498 118G

328 542 518 612 δεμία·
563 539 686 595 ὅθεν
740 540 833 594 καὶ
882 539 1212 611 συγγνώμης
1258 538 1415 609 ἔτυχε
1460 538 1723 606 λέγουσα*
1774 536 1901 605 Πῶς

2010 540 2181 609 quod,
2212 540 2367 610 virgo
2397 556 2524 595 cum
2548 540 2677 605 sim,
2704 540 2953 610 pariam?
2982 541 3271 607 Quomodo
3294 555 3583 613 cognatam

326 636 501 691 lerat
521 650 624 703 μοι
656 632 853 694 τοῦτο,
901 633 983 685 δτι
1014 630 1282 701 παρθένος
1312 627 1447 683 οὖσα
1480 629 1741 698 τέξομαις
1778 630 1901 693 Πῶς

328 724 739 797 συγγενῆλέγει
764 726 869 795 τὴν⁴
908 722 1185 776 Ἐλισάϐετ
1224 722 1324 791 τῆς
1368 720 1670 785 Θεοτόκου;
1724 721 1795 772 Ἤ
1826 720 1902 784 ὼς

325 818 387 885 ἐξ
412 818 530 881 ἐνὸς
563 817 910 888 προπάτορος
938 815 1032 868 τοῦ
1067 812 1284 878 Ἰακὼϐ,
1314 813 1426 865 εἴτε
1458 812 1547 865 διὰ
1578 812 1638 864 τὸ
1670 812 1778 882 πρὸ
1803 813 1902 883 τῆς

324 912 646 984 νομοθεσίας
679 911 866 965 λαϐεῖν
892 910 984 963 τὸν
1028 908 1237 980 ’Δαρὼν
1266 911 1331 962 ὲκ
1375 908 1473 977 τῆς
1518 905 1613 960 τοῦ
1642 905 1775 959 Λευτ
1799 923 1900 974 :po-

324 1004 425 1075 λῆς
444 1004 575 1058 ὄντα
596 1004 826 1072 γυναῖκα
855 1002 955 1071 τὴν
989 999 1291 1064 Ἐλισάδετ,
1313 996 1589 1065 θυγατέρα
1614 993 1779 1049 οὖσαν
1807 995 1900 1048 τοῦ

337 1095 666 1167 Ἀμιναδὰμ,
690 1095 791 1166 τὴν
816 1091 1049 1162 ἀδελφὴν
1077 1088 1344 1145 Ναασσὼν
1370 1090 1435 1141 ὲκ
1462 1086 1562 1157 τῆς
1598 1085 1693 1140 τοῦ
1729 1085 1901 1139 Ἰούδα

323 1190 498 1262 φυλῆς
527 1188 886 1259 ὑπάρχοντος.

396 1282 522 1335 Ὅτι
555 1280 646 1335 διὰ
686 1282 785 1351 τήν
814 1277 909 1332 τοῦ
945 1276 1178 1346 ἀγγέλου
1205 1273 1386 1344 φωνήν
1413 1272 1655 1343 ἀπῆλθεν
1682 1273 1717 1341 ή
1750 1273 1899 1340 Παρ-

324 1373 477 1436 θένος
513 1374 594 1436 είς
616 1371 713 1443 τήν
737 1372 955 1443 ὀρεινήν
976 1388 990 1401 ·
1018 1364 1172 1422 εἶπεν
1205 1368 1312 1435 γάρ
1333 1383 1347 1397 ο
1385 1365 1541 1419 Ἰδοὺ
1587 1365 1895 1419 Ἐλισάὔετ

324 1464 363 1533 ἡ
391 1463 695 1533 συγγενής
720 1478 837 1516 σου
868 1460 968 1514 καὶ
992 1458 1146 1525 αὑτὴ
1174 1456 1603 1525 συνειληφυῖα.

394 1556 517 1609 Ὀτι
539 1555 663 1608 τότε
705 1553 947 1625 ἐπλήσθη
984 1552 1300 1621 Πνεῦματος
1339 1551 1496 1617 ἁγίου
1548 1550 1576 1601 ὁ
1611 1550 1671 1601 ὲν
1698 1547 1899 1616 γαστρὶ

317 1648 395 1702 ὢν
437 1645 722 1716 Ἰωάννης,
765 1645 859 1699 καὶ
909 1643 1183 1715 μετεδίδου
1216 1644 1317 1711 τῆς
1345 1641 1565 1713 χάριτος
1607 1642 1673 1710 τῇ
1706 1640 1895 1710 μητρὶ,

318 1741 413 1795 καλ⁵
448 1739 788 1809 ἐπροφήτευε
841 1736 1030 1788 λοιπὸν
1062 1736 1097 1806 ὴ
1143 1734 1454 1795 Ἐλισάὄετ,
1504 1730 1897 1799 Εὐλογημένη

316 1833 400 1888 σὺ
423 1832 494 1886 ἐν
521 1831 790 1902 γυναιξὶ,
822 1828 1085 1897 λέγουσα,
1119 1826 1216 1881 καὶ
1256 1825 1662 1895 εὐλογημένος
1690 1826 1722 1877 d
1756 1839 1899 1890 καρ-

315 1924 432 1992 πὸς
460 1923 570 1990 τῆς
602 1924 837 1989 κοιλίας
868 1919 1080 1994 [σου].

390 2016 512 2070 Ὀτι
550 2015 731 2078 καλῶς
761 2013 973 2083 καρπὸν
1014 2011 1222 2075 κοιλίας
1256 2010 1509 2081 ὠνόμασε
1542 2009 1601 2062 τὸ
1634 2010 1692 2063 ὲν
1718 2007 1855 2077 αὐτῇ
1882 2046 1897 2069 ,

317 2110 401 2163 δτι
451 2110 618 2180 χωρὶς
666 2107 858 2177 ἀνδρὸς
885 2101 984 2177 ἦν·
1032 2106 1079 2158 οἱ
1121 2105 1227 2173 γὰρ
1265 2104 1330 2156 ἑκ
1369 2103 1645 2173 πατέρων,
1678 2100 1901 2153 ἐκείνων

316 2203 423 2255 εἰσὶ
450 2202 673 2271 καρποὶ,
702 2199 816 2253 ἀλλ’
848 2198 971 2268 οὐχὶ
1002 2197 1230 2268 μητρός.

388 2294 511 2347 Ὀτι
539 2293 620 2357 τὸ,
644 2290 982 2359 Μεγαλύνει
1006 2289 1044 2358 ἢ
1073 2286 1241 2358 ψυχή
1263 2303 1384 2358 μου
1406 2286 1516 2340 τὸν
1541 2286 1779 2354 Κύριον,
1798 2284 1897 2338 καὶ

314 2386 651 2453 ἠγαλλίασε
673 2382 737 2437 τὸ
772 2380 1007 2451 πνεῦμά
1031 2398 1150 2451 μου
1172 2396 1185 2410 ·
1225 2378 1444 2451 πνεῦμα
1477 2378 1574 2431 καλ⁵
1613 2377 1796 2447 ψυχὴν
1836 2376 1897 2429 τὸ

315 2479 449 2533 αὐτὸ
480 2476 650 2546 λέγει.

399 2568 685 2637 Ἐποίησε
714 2568 933 2637 κράτος
963 2565 1033 2619 ἐν
1056 2563 1338 2632 βραχίονι
1381 2560 1591 2616 αὑτοῦ.
1628 2559 1898 2631 Βραχίονα

316 2661 555 2731 Πατρδς,
586 2661 678 2714 τὸν
702 2662 829 2714 Υἱὸν
848 2659 1017 2728 λέγει,
1048 2660 1168 2711 ἀντὶ
1195 2654 1311 2715 τοῦ,
1337 2654 1509 2723 ἰσχύν.

387 2751 725 2819 Πεινῶντας
761 2752 1107 2818 ἐνέπλησεν
1150 2747 1411 2817 ἀγαθῶν,
1455 2746 1547 2799 καὶ
1581 2745 1727 2813 ἑξῆς.
1761 2744 1901 2807 Τοὺς

326 2845 615 2907 Ἰουδαίους
662 2844 756 2897 καὶ
801 2842 869 2896 τὰ
902 2842 1030 2912 ἔθνη
1086 2840 1258 2909 λέγει,
1290 2836 1386 2901 οὓς
1432 2836 1692 2890 ἀπώσατο
1742 2837 1836 2889 καὶ
1866 2834 1902 2888 ἃ

316 2936 705 3007 προσελάϐετο.

398 3028 696 3097 Ἐμνήσθη
742 3026 849 3081 τοῦ
895 3025 1110 3090 ἐλέους
1137 3023 1348 3085 αὑτοῦ,
1398 3018 1594 3086 καθὼς
1630 3016 1900 3083 ἐλάλησα

310 3120 466 3188 πρὸς
496 3118 637 3185 τοὺς
680 3117 942 3185 πατέρας
970 3114 1161 3185 ἡμῶν.
1200 3114 1299 3167 Διὰ
1330 3112 1408 3175 τὸ,
1460 3110 1897 3179 Ἐνευλογηθή-

306 3228 524 3267 σονται
583 3211 654 3264 ὲν
696 3210 777 3276 τῷ
822 3208 1123 3279 σπέρματί
1180 3223 1298 3261 σου
1338 3204 1538 3259 πάντα
1597 3203 1665 3257 τὰ
1725 3202 1893 3269 ἔθνη,

305 3303 480 3371 λέγει.

380 3394 505 3448 Ὅτι
558 3393 640 3457 τὸ,
698 3394 977 3462 Ἔμεινεν
1031 3391 1264 3458 Μαριὰμ
1301 3389 1445 3443 ὡσεὶ
1495 3389 1692 3459 μῆνας
1740 3389 1896 3458 τρεῖς

305 3488 472 3556 παρὰ
516 3485 591 3556 τῇ
641 3484 970 3547 ἐλισὰϐετ,
1016 3484 1138 3537 ιὶιντ)⁸
1173 3481 1291 3546 τοῦ,
1325 3482 1431 3544 ἕως
1463 3483 1563 3552 τῆς
1590 3484 1898 3551 γεννήσεως

318 3579 603 3635 Ἰωάννουσ
629 3579 708 3649 τῷ
734 3579 882 3649 ἕκτῳ
914 3578 1024 3648 γὰρ
1048 3573 1180 3649 ἦλθε
1223 3577 1374 3648 μηνί.
1408 3576 1533 3627 Ὀτι
1558 3574 1640 3639 τὸ,
1668 3576 1899 3642 Ἔμεινε

305 3672 400 3739 δὲ,
438 3671 533 3725 τοῦ
580 3671 887 3742 παραδόξου
938 3669 1220 3742 θεωροῦσα
1267 3670 1366 3740 τὴν
1408 3668 1635 3721 ἑκϐασιν
1682 3667 1777 3721 καὶ
1806 3666 1899 3718 ἐπὶ

276 3765 423 3831 ¹τοῖς
456 3763 579 3816 καθ’
613 3763 812 3834 ἑαυτὴν
859 3762 1166 3831 ἀποροῦσα,
1212 3762 1308 3813 καὶ
1337 3760 1387 3812 τί
1421 3759 1607 3828 δεήσει
1643 3756 1899 3825 γενέσθαι

308 3851 656 3928 [μανθάνειν]
720 3853 1040 3923 βουλομένη.
1096 3852 1219 3904 Ὅτι
1279 3851 1377 3920 οὐχ
1430 3849 1618 3912 ἁπλῶς
1660 3844 1815 3901 εἶπεν
1856 3849 1889 3917 ἠ

322 3946 603 4001 Ἐλισάδετ
623 3987 639 4013 ,
680 3945 966 4011 Ἰωάννης
999 3943 1302 4011 κληθήτω,
1326 3942 1461 3995 ἀλλὰ
1483 3942 1559 4005 ὼς
1591 3941 1862 4012 προφῆτις
1881 3957 1896 3972 ’

305 4039 433 4095 οὐδὲ
470 4039 579 4110 γὰρ
630 4039 895 4107 ἐγίνωσκε
923 4038 991 4090 τὰ
1046 4034 1494 4109 χρηματισθέντα
1517 4033 1595 4105 τῷ
1622 4032 1897 4104 Ζαχαρία,⁸

307 4132 505 4194 ᾶλαλος
562 4132 671 4202 γὰρ
699 4132 905 4195 ἐκεῖνος
930 4124 1020 4200 ἦν.

384 4225 511 4279 Ὀτι
561 4224 851 4291 Ἰωάννης,
899 4221 1073 4291 χάρις
1113 4218 1284 4285 Θεοῦ,
1332 4216 1730 4289 ἑρμηνεύεται,
1790 4215 1900 4269 ἀπὸ

308 4314 414 4386 τῆς
450 4314 733 4386 Ἐδραῖδος
768 4312 1015 4384 γλώττης
1041 4313 1122 4377 είς
1167 4312 1268 4383 τὴν
1308 4310 1593 4382 Ἑλληνίδα
1626 4308 1899 4381 μεταϐαλ-

310 4410 559 4479 λόμενος.

383 4499 485 4553 Διὰ
530 4498 583 4551 τί
633 4494 1219 4569 προκατασκευάζεται
1274 4496 1307 4564 ή
1369 4494 1548 4565 σιωπὴ
1605 4493 1898 4565 Ζαχαρίου,

2011 631 2294 685 Elizabeth
2325 632 2459 687 dicit
2494 632 2867 701 Deiparentis?
2910 634 2993 688 vel
3042 637 3187 705 quod
3225 652 3289 690 ex
3329 652 3438 692 uno
3481 652 3586 691 avo

2008 718 2181 775 Jacoh
2204 730 2384 782 erant,
2423 723 2504 776 vel
2556 723 2699 792 quod
2733 733 2861 778 ante
2916 724 3049 795 legis
3092 728 3583 795 promulgationem

2010 812 2191 864 Aaron
2221 812 2379 866 duxit
2418 827 2641 866 uxorem
2680 812 2954 867 Elisabeth
2987 830 3016 867 e
3056 815 3197 869 tribu
3232 814 3384 877 Levi,
3419 814 3584 871 ﬁliam

2009 900 2340 967 Aminadah,
2388 913 2443 957 et
2478 916 2722 958 sororem
2767 901 3013 957 Naasson
3047 904 3140 973 qui
3175 912 3294 959 erat
3342 920 3407 961 ex
3441 906 3586 960 tribu

2006 991 2166 1048 Juda.

2084 1272 2247 1328 Vens.
2275 1274 2366 1330 59.
2403 1273 2630 1344 Propter
2652 1274 2829 1345 angeli
2853 1289 3163 1329 sermonem
3186 1275 3320 1330 exiit
3340 1276 3494 1345 virgo
3513 1275 3581 1330 ad

2009 1376 2265 1419 montana
2306 1385 2319 1419 :
2357 1366 2569 1420 dixerat
2605 1368 2751 1421 enim
2786 1384 2800 1421 :
2839 1366 2974 1423 Ecce
3040 1365 3310 1423 Elisabeth
3362 1358 3587 1440 cognata

2008 1466 2099 1509 tua
2126 1464 2174 1507 et
2210 1455 2325 1523 ipsa
2354 1458 2616 1525 concepit.

2080 1547 2244 1603 Vnns.
2277 1548 2365 1601 41.
2397 1546 2554 1603 Tunc
2586 1550 2844 1618 impietus
2895 1564 2981 1606 est
3024 1553 3236 1622 Spiritu
3286 1562 3479 1609 sancto
3529 1554 3584 1607 in

2006 1650 2162 1694 utero
2202 1642 2450 1695 inclusus
2482 1641 2662 1696 adhuc
2690 1640 2953 1705 Joannes.
2983 1654 3038 1698 et
3064 1647 3299 1714 partitus
3330 1656 3414 1701 est
3454 1660 3581 1713 gra-

2006 1733 2137 1784 tiam
2173 1746 2297 1785 eum
2329 1741 2523 1795 matre,
2574 1741 2627 1787 et
2662 1735 3060 1803 prophetizavit
3096 1745 3373 1805 postremo
3410 1734 3583 1790 Elisa-

2008 1824 2133 1877 belli
2164 1842 2177 1878 :
2224 1823 2517 1877 Benedicta
2545 1833 2599 1876 tu
2635 1826 2687 1877 in
2717 1826 3050 1892 mulieribus,
3089 1826 3301 1891 dicens,
3332 1836 3382 1880 et
3430 1827 3583 1880 bene-

1934 1910 1973 1964 Β
2002 1918 2176 1971 dictus
2229 1918 2436 1986 {ructus
2480 1920 2673 1972 ventris
2707 1920 2807 1973 tui.

2076 2006 2241 2063 Vens.
2273 2008 2363 2062 42.
2412 2008 2577 2064 Recte
2611 2009 2826 2066 fructus
2852 2010 3058 2065 ventris
3095 2020 3322 2065 vocatur
3352 2011 3498 2081 quod
3530 2013 3580 2065 in

2002 2097 2092 2152 illa
2129 2106 2236 2164 est,
2286 2098 2416 2167 quia
2450 2100 2656 2169 absque
2704 2101 2821 2153 viro
2868 2109 3016 2166 erat;
3067 2116 3193 2155 nam
3232 2112 3449 2171 patrum
3488 2102 3581 2155 lilii

2000 2202 2130 2247 sunt
2166 2192 2399 2260 frucms,
2430 2196 2521 2248 sed
2555 2209 2661 2248 non
2687 2196 2900 2250 matris.

2075 2283 2241 2339 Vens.
2274 2285 2363 2339 46.
2424 2284 2729 2355 Magniﬁcat
2764 2290 2946 2340 anima
2994 2302 3108 2339 mea
3161 2285 3468 2350 Dominum,
3532 2296 3582 2341 et

2002 2378 2284 2432 exsultavit
2323 2378 2542 2447 spiritus
2575 2395 2751 2445 meus;
2808 2379 3035 2449 spiritus
3080 2388 3135 2435 et.
3193 2381 3379 2433 anima
3436 2379 3580 2433 idem

2002 2480 2154 2527 sunt.

2079 2565 2238 2620 Vens.
2276 2566 2364 2621 5i.
2398 2565 2547 2620 Fecit
2590 2568 2878 2635 potentiam
2920 2568 2974 2619 in
3016 2568 3232 2620 brachio
3270 2584 3410 2631 suo;
3456 2566 3585 2623 bra-

2002 2658 2186 2710 chium
2219 2655 2396 2709 Patris
2425 2657 2596 2711 Filius
2632 2658 2856 2719 dicitur,
2907 2669 2961 2710 ut
2990 2660 3107 2725 ejus
3139 2660 3330 2713 robur.

2075 2746 2242 2802 Vens.
2274 2749 2364 2804 53.
2400 2747 2704 2801 Esurientes
2733 2749 2962 2815 implevit
2998 2749 3168 2813 bonis,
3198 2758 3283 2803 etc
3322 2766 3337 2812 ;
3364 2747 3585 2805 Judmos

2003 2848 2058 2892 et
2110 2849 2297 2908 gentes
2359 2839 2637 2909 designat,
2690 2854 2831 2908 quos
2899 2841 3121 2908 repulit,
3181 2852 3235 2894 et
3290 2858 3431 2911 quas
3492 2858 3584 2898 as-

2003 2935 2258 3000 sumpsit.

2078 3023 2241 3078 Vens.
2275 3024 2363 3077 δι.
2400 3024 2721 3080 Recordatus
2746 3038 2822 3081 est
2870 3029 3251 3083 misericordite
3282 3045 3412 3093 sua,
3444 3029 3587 3082 sicut

2005 3115 2213 3169 locutus
2245 3125 2321 3169 est
2355 3121 2423 3169 ad
2439 3128 2616 3185 patres
2652 3130 2858 3174 nostros
2882 3137 2901 3175 :
2933 3123 3035 3176 huc
3069 3124 3202 3176 dicit
3244 3134 3466 3192 propter
3516 3125 3585 3180 il-

2006 3207 2096 3261 lud
2129 3224 2142 3261 :
2177 3208 2567 3265 Benedicentur
2592 3214 2645 3266 in
2675 3216 2874 3269 semine
2908 3226 3002 3270 tuo
3026 3232 3207 3271 onmes
3239 3226 3445 3287 gentes.

2075 3395 2239 3450 Vens.
2280 3396 2370 3452 56.
2426 3396 2623 3450 Mansit
2673 3396 2850 3451 Maria
2905 3400 3170 3453 mensibus
3223 3400 3392 3455 tribus
3438 3402 3581 3471 apud

2003 3486 2307 3551 Elizabetlt,
2361 3488 2411 3542 id
2452 3498 2556 3551 est,
2612 3504 2787 3557 usque
2819 3488 2885 3542 ad
2923 3490 3265 3544 nativitatem
3322 3489 3579 3554 Joannis.

2004 3596 2127 3634 nam
2162 3592 2319 3635 sexto
2351 3595 2540 3634 mense
2568 3589 2812 3635 venerat.
2862 3581 3064 3635 Mansit
3093 3593 3292 3647 autem,
3327 3584 3581 3639 miraculi

2004 3683 2062 3725 ut
2091 3674 2486 3741 eoutemplaret
2519 3675 2750 3736 exitum,
2772 3682 2827 3728 et
2856 3676 2923 3729 de
2962 3675 3078 3729 suis
3115 3677 3359 3745 propriis
3388 3682 3576 3742 anxia,

2002 3766 2213 3833 etquid
2254 3777 2503 3835 Oporteat
2538 3768 2653 3822 ﬁeri
2690 3766 2832 3822 scire
2858 3768 3069 3822 volens.
3105 3768 3222 3823 Non
3258 3769 3585 3839 simpliciter

2002 3856 2138 3911 dixit
2167 3857 2465 3923 Elizabeth,
2486 3858 2722 3913 Joannes
2752 3870 2983 3924 vocetur,
3014 3861 3109 3915 sed
3136 3870 3398 3931 tanquam
3447 3877 3580 3929 pro-

2004 3950 2268 4017 phetissa,
2304 3950 2583 4006 ueSriebat
2639 3952 2784 4006 enim
2836 3966 2963 4021 quae
2992 3953 3244 4008 nuntiata
3287 3962 3446 4009 erant
3482 3952 3582 4009 Za-

2002 4038 2227 4100 chariae,
2258 4050 2440 4094 mutus
2470 4041 2616 4095 enim
2645 4041 2747 4096 iste
2775 4049 2918 4095 erat.

2076 4194 2244 4254 Vens.
2276 4200 2366 4255 60.
2409 4198 2673 4266 Joannes,
2712 4202 2903 4259 Gratia
2963 4204 3058 4259 Dei
3099 4205 3503 4275 interpretatur,
3550 4220 3582 4259 e

2003 4290 2189 4361 lingua
2222 4291 2485 4350 liehraica
2523 4296 2575 4350 in
2601 4295 2848 4352 Graecam
2885 4298 3207 4354 translatus.

2086 4494 2244 4552 Vens.
2283 4496 2371 4552 64.
2405 4498 2517 4552 Cur
2551 4498 2706 4569 prius
2749 4500 2988 4555 efﬁcitur
3039 4510 3224 4557 mutus
3267 4498 3581 4566 Zacharias,

310 4586 434 4645 εἶτα
462 4590 521 4644 τὸ
546 4590 727 4643 λαλεῖν
754 4588 904 4659 αὺτῷ
933 4587 1172 4651 δίδοται;
1205 4586 1324 4639 Ἷνα
1361 4587 1560 4649 πάντες
1589 4585 1897 4655 θαυμάσον-

2009 4598 2194 4659 postea
2237 4597 2418 4644 autem
2450 4590 2667 4660 loquela
2697 4592 2744 4646 ei
2792 4592 3067 4647 redditur?
3090 4594 3157 4647 Ut
3179 4607 3370 4647 omnes
3410 4593 3586 4647 admi-

308 4702 400 4747 τες
422 4684 498 4748 ὡς
519 4683 851 4745 ἀκούσαντες
873 4682 932 4733 τὸ
957 4677 1280 4748 παράδοξον,
1306 4677 1564 4744 δέξωνται
1588 4677 1680 4730 τὸν
1718 4678 1902 4732 Ἰωάνα
1932 4734 1933 4737 η

311 4793 413 4847 νην
472 4774 850 4847 κηρύττοντα,
906 4773 1122 4843 ἔχοντες
1175 4772 1242 4841 τῇ
1318 4772 1509 4843 μνήμῃ
1569 4770 1791 4824 ἔναυλον
1843 4770 1905 4824 τὸ

314 4865 526 4935 θαῦμα.

387 4960 513 5013 Ὅτι
533 4959 615 5021 τὸ,
638 4954 983 5026 Εὐλογητὸς
1014 4956 1229 5023 Κύριος
1265 4956 1298 5009 ό
1321 4957 1465 5021 Θεος
1497 4952 1606 5007 τοῦ
1642 4953 1903 5023 Ἰσραὴλ,

314 5053 404 5107 δτι
436 5051 819 5119 ἐπεσκέψατο
869 5049 966 5102 καὶ
1008 5048 1259 5113 ἐποίησε
1301 5048 1608 5115 λύτρωσιν
1653 5046 1733 5111 τῷ
1776 5048 1907 5111 λαῷ

315 5146 525 5212 αὑτοῦ,
574 5145 667 5199 καὶ
710 5142 807 5214 ὅλη
838 5143 870 5211 ἡ
922 5138 1227 5210 προφητεία
1278 5140 1357 5203 είς
1388 5138 1623 5209 Χριστὸν
1654 5139 1748 5191 καὶ
1779 5138 1907 5210 περὶ

317 5236 558 5309 Χριστοῦ
590 5239 761 5289 ἐστιν.

393 5332 517 5384 Ὀτι
529 5329 588 5381 τὸ
601 5328 824 5396 ποιῆσαι
851 5328 998 5391 ἔλεος
1016 5326 1154 5399 μετὰ
1168 5326 1276 5381 τῶν
1296 5324 1551 5396 πατέρων
1568 5325 1601 5393 ὴ
1609 5322 1726 5395 μῶν
1742 5321 1908 5375 τοιοῦο

319 5424 411 5478 τόν
431 5424 604 5487 ἐστιν,
629 5421 713 5475 δτι
737 5420 812 5473 Τὸ
835 5420 921 5490 ἐφ’
949 5421 1094 5490 ἡμᾶς
1114 5421 1404 5491 γενόμενον
1438 5417 1609 5484 ἔλεος,
1651 5416 1744 5469 καὶ
1772 5414 1909 5486 πρὸς

319 5516 446 5580 τοὺς
494 5513 739 5583 πατέρας
784 5512 940 5583 ἡμῶν
985 5514 1312 5583 ἀνατρέχει·
1348 5510 1598 5565 κοινωνοὶ
1640 5509 1749 5578 γάρ
1804 5510 1908 5560 εἰσι

321 5611 420 5679 τῆς
451 5607 793 5677 εὐφροσύνης
815 5594 993 5677 ήμῶν,
1034 5606 1187 5675 φησὶ,
1226 5604 1322 5657 καὶ
1360 5604 1516 5657 αὐτοὶ
1541 5602 1617 5666 ὡς
1650 5599 1907 5655 αἰσθανό-

327 5717 500 5770 μενοι.

397 5792 521 5857 Πῶς
570 5793 787 5861 νοητζον
822 5789 899 5852 τὸ,
952 5787 1027 5855 Ὅ,
1056 5805 1165 5841 κον
1198 5788 1270 5841 ὃν
1323 5786 1555 5857 ὤμοσε,
1604 5784 1697 5840 καὶ
1741 5784 1907 5855 ὲξῆςς

326 5881 449 5937 Ὀτι
480 5882 632 5937 εἶπεν
672 5882 820 5953 αὐτῷ
854 5884 882 5935 ὁ
927 5880 1055 5944 Θεός
1079 5898 1093 5912 ’
1149 5880 1485 5950 Πληθύνων
1530 5878 1819 5947 πληθυνῶ
1844 5878 1910 5932 τὸ

2010 4694 2196 4738 rantes
2250 4683 2523 4739 audiendo
2579 4683 2907 4753 prodigium,
2978 4683 3255 4753 excipiant
3312 4682 3585 4738 Joannem

2006 4776 2420 4846 praedicantem,
2459 4774 2722 4832 habentes
2773 4786 3049 4831 recentem
3082 4776 3314 4847 prodigii
3377 4790 3589 4830 memo-

2008 4866 2168 4918 riam.

2082 4951 2248 5007 Vens.
2282 4952 2371 5009 68.
2409 4953 2722 5025 Benedictus
2760 4954 3017 5009 Dominus
3052 4954 3191 5009 Deus
3232 4954 3427 5019 Israel,
3462 4957 3587 5027 quia

2009 5045 2237 5098 uisitauit
2286 5054 2335 5097 et
2382 5044 2504 5112 fecit
2546 5044 2953 5111 redemptionem
2988 5045 3152 5110 plebis
3191 5062 3336 5110 suae;
3372 5057 3427 5101 et.
3475 5057 3589 5102 tota

2012 5135 2099 5189 illa
2134 5134 2423 5205 prophetia
2461 5134 2515 5187 in
2551 5133 2830 5187 Christum
2873 5146 2925 5189 et
2955 5134 3021 5189 de
3051 5134 3272 5191 Clu-isto
3301 5146 3407 5192 est.

2084 5323 2247 5379 Vens.
2285 5323 2371 5377 72.
2403 5322 2559 5378 Illud.
2596 5322 2799 5378 Facere
2853 5323 3288 5378 misericordiam
3326 5339 3449 5378 curn
3495 5340 3591 5395 pa-

2013 5416 2189 5470 trihus
2224 5415 2447 5477 nostris,
2483 5414 2587 5468 tale
2604 5423 2689 5468 est
2718 5432 2732 5468 :
2768 5413 2928 5468 Facta
2973 5415 3025 5467 in
3060 5429 3161 5467 nos
3192 5415 3590 5481 misericordia,

2012 5506 2079 5559 ad
2113 5517 2297 5575 patres
2329 5518 2547 5574 quoque
2590 5513 2807 5558 nostros
2836 5503 3262 5571 retrogreditur;
3297 5504 3591 5573 participes

2012 5597 2156 5652 enim
2187 5606 2315 5652 sunt
2365 5596 2537 5650 nostri
2590 5594 2798 5666 gaudii,
2848 5604 2903 5650 et
2942 5595 3046 5665 ipsi
3091 5597 3250 5666 quasi
3298 5597 3429 5651 illud
3465 5613 3592 5652 sen-

2014 5692 2177 5746 tiunt.

2089 5782 2255 5836 Vens.
2291 5782 2377 5836 73.
2410 5780 2696 5848 Quomodo
2730 5780 3162 5853 intelligendum.
3196 5779 3587 5850 Jusjurandum

2015 5875 2395 5945 quodjurarit,
2415 5885 2467 5931 ct
2489 5891 2611 5946 qua:
2637 5877 2977 5945 sequuntur?
2998 5877 3143 5948 quod
3161 5875 3306 5932 Deus
3334 5876 3408 5931 illi
3432 5875 3589 5942 dixit,
