4026 6580
483 428 617 495 1181

1188 428 1583 488 OPUSCULA
1606 425 2241 488 SCRIPTURISTICA
2274 424 2621 487 lNCERTrE
2660 423 2975 485 lETATIS.

3617 420 3758 490 ηδε

480 545 849 616 Multiplicarzs
884 542 1253 613 multiplicabo
1286 559 1462 598 semen
1504 553 1693 606 tuum;
1724 542 2061 612 multiplica-

2185 540 2407 611 γπέρμα
2450 557 2598 596 σου·
2636 539 2950 612 ἐπληθύνθη
2983 538 3096 619 γάρ
3129 538 3189 593 τὸ
3223 539 3446 613 σπέρμα
3480 538 3759 611 Ἀϐραάμ,

474 650 592 694 tum
615 647 699 694 est
730 636 875 693 enim
910 651 1098 692 semen
1135 636 1369 690 Abrshm
1397 638 1450 689 in
1480 651 1692 700 semen,
1725 636 1981 705 gentibus
2006 635 2060 689 in

477 733 601 801 ipso
627 729 928 786 benedictis
957 746 1053 800 per
1083 728 1365 785 Christum
1403 729 1458 785 in
1494 744 1658 799 quem
1672 728 1780 783 isti
1812 728 2064 783 credide-

473 833 625 882 runt.

546 917 711 973 Vens.
764 916 856 972 76.
908 914 976 971 Ut
1032 914 1341 971 mirabilem
1396 913 1663 968 habuerat
1716 913 2060 968 nativitatem

474 1008 737 1075 Joannes,
763 1011 835 1065 ita
858 1011 1161 1064 mirabilem
1189 1010 1351 1064 habet
1372 1023 1595 1079 quoque
1622 1007 2059 1079 intelligentiam;

475 1104 699 1174 quando
742 1104 889 1158 enim
929 1103 1149 1164 dicitur,
1179 1102 1249 1156 Et
1285 1113 1363 1164 tu,
1401 1116 1550 1169 puer,
1583 1110 1843 1171 tanquam
1874 1100 1940 1156 ad
1969 1116 2061 1156 au-

477 1197 715 1252 dientem
747 1203 801 1250 et
853 1195 1249 1264 intelligentem
1288 1194 1510 1248 dicitur.
1551 1191 1907 1261 Propltetizat
1960 1208 2063 1248 au-

479 1297 588 1343 tem
635 1289 870 1343 dicendo
922 1286 1196 1345 :Ptteibit
1251 1287 1391 1340 enim
1440 1298 1562 1340 ante
1605 1286 1799 1355 faciem
1848 1285 2065 1340 Domini

483 1393 678 1447 parare
708 1378 822 1431 vias
863 1379 1024 1447 ejus:
1059 1378 1111 1431 id
1142 1387 1326 1432 autem
1360 1376 1637 1447 signillcat
1688 1377 1835 1447 quod
1897 1378 2063 1446 paulo

478 1480 601 1539 post
627 1485 737 1524 non
777 1469 941 1525 debet
972 1485 1201 1540 puerum
1249 1470 1451 1524 habere
1483 1470 1537 1523 in
1587 1471 1754 1523 domo
1801 1484 1902 1524 sua
1935 1470 2063 1525 edu-

474 1572 682 1617 catum.

547 1655 715 1711 Vens.
752 1656 840 1710 77.
873 1655 1173 1710 Seientiam
1222 1656 1417 1711 salutis
1448 1670 1745 1724 quemnam
1801 1654 1933 1710 dicit
1967 1652 2064 1710 Za-

474 1747 730 1801 charias?
769 1747 1119 1801 Salutileram
1167 1747 1223 1801 in
1271 1747 1553 1802 Christum
1602 1747 1785 1811 iidem,
1837 1755 1891 1801 ct
1934 1746 2061 1818 quia

476 1840 702 1895 scientia
736 1841 929 1896 salutis
961 1841 1015 1894 in
1049 1851 1400 1911 peccatorum
1432 1840 1760 1896 remissione
1788 1842 1916 1897 erit.

1093 1962 1323 2019 CAPUT
1362 1963 1425 2020 ll.

551 2094 721 2148 Vens.
771 2094 821 2149 1.
863 2093 967 2149 Ista
1011 2093 1311 2164 descriptio
1349 2095 1502 2148 utilis
1532 2095 1587 2149 lit
1622 2095 1689 2149 ad
1726 2095 2061 2166 implendam

476 2187 819 2256 Seripturam
872 2187 1201 2243 dicentem:
1255 2187 1323 2241 Et
1389 2200 1471 2250 tu,
1512 2187 1797 2253 Bethleem,
1871 2190 2060 2243 domus

472 2277 778 2352 Ephratlta.
803 2279 1113 2349 Descriptio
1139 2282 1219 2347 tit,
1242 2281 1545 2337 emittenda
1568 2282 1719 2336 illinc
1744 2282 2057 2352 Deiparam.

550 2466 715 2522 Vens.
749 2466 802 2522 7.
830 2466 942 2522 Cur
964 2467 1448 2538 dicitevangclista
1478 2467 1678 2521 Filium
1711 2469 1825 2538 ejus
1860 2470 2060 2538 primo-

476 2564 749 2633 genitum?
778 2560 849 2619 Ut
882 2563 1118 2633 primum
1153 2567 1294 2617 inter
1332 2578 1546 2618 omnes.
1582 2562 1637 2618 In
1673 2564 1940 2634 praesepio
1968 2580 2065 2635 po-

480 2658 650 2720 nitur,
678 2665 737 2710 ut
768 2672 868 2710 nos
898 2655 968 2709 ab
1000 2654 1211 2709 insania
1249 2656 1463 2710 liberet.

550 2746 717 2803 Vens.
746 2747 833 2802 l9.
866 2747 999 2813 Qua:
1027 2757 1159 2802 sunt
1193 2748 1281 2801 illa
1314 2763 1437 2816 quae
1474 2746 1842 2802 conservabat
1876 2747 2064 2803 omnia

476 2839 681 2895 Maria?
726 2840 943 2906 Quanta
995 2838 1214 2893 dixerat
1262 2840 1337 2893 illi
1383 2839 1633 2907 angelus,
1667 2848 1874 2908 quanta
1921 2855 2066 2895 nunc

476 2932 657 3003 angeli
682 2942 927 2996 cantant,
948 2943 1156 3002 quanta
1177 2931 1371 2986 dicunt
1394 2942 1674 3002 paslmes;
1707 2948 1771 2987 ex
1806 2934 2065 2988 omnibus

475 3035 663 3082 autem
694 3026 1058 3081 concludebat
1090 3024 1258 3079 Deum
1297 3040 1420 3080 esse
1441 3027 1532 3096 qui
1558 3040 1623 3080 ex
1655 3026 1745 3080 illa
1773 3036 1936 3081 natus
1957 3034 2062 3083 est.

551 3118 835 3178 Υιιεοὲι.
881 3118 1041 3187 Quod
1090 3119 1147 3173 in
1177 3120 1608 3175 circumcisione
1656 3129 1903 3175 secutum
1957 3129 2062 3185 est,

481 3213 577 3270 alii
618 3214 812 3269 dicunt
843 3213 899 3267 in
931 3220 1171 3283 quatuor
1204 3212 1478 3268 elementa
1509 3212 1840 3268 dissolutum
1868 3212 2063 3278 fuisse,

2167 633 2248 694 είς
2298 634 2523 702 σπέρμα
2590 632 2687 685 καὶ
2730 632 2839 685 τῶν
2881 631 3057 686 ἐθνῶν
3097 632 3461 701 λογισθέντων
3491 631 3644 702 αὐτῷ
3666 630 3764 685 διὰ.

2167 724 2407 794 Χριστοῦ
2436 725 2518 789 εις
2538 725 2599 779 ὃν
2628 726 2826 779 ἐκεῖνοι
2855 724 3209 784 ἐπίστευσαν.

2240 911 2364 965 Ὀτι
2417 910 2727 982 παράδοξον
2773 911 2850 976 ὡς
2883 911 3138 984 γέννησιν
3186 912 3348 983 ἔσχεν
3386 914 3415 967 6
3477 913 3759 986 Ἰωάννης,

2164 1003 2311 1057 οὓτω
2340 1005 2435 1057 καὶ
2466 1005 2768 1077 παράδοξον
2800 1006 3053 1075 αῑσθησιν
3074 1024 3090 1042 ι
3123 1007 3201 1060 ὅτ’
3224 1008 3293 1059 ἂν
3320 1007 3429 1077 γὰρ
3459 1006 3618 1079 λέγῃ,
3646 1009 3760 1063 Kal

2165 1096 2271 1162 σὺ,
2303 1096 2569 1163 παιδίον,
2596 1098 2827 1169 ὼςπρὸς
2868 1098 3133 1154 ἀκούοντα
3168 1099 3317 1169 λέγει
3367 1100 3461 1155 καὶ
3507 1100 3763 1165 ινωτιζό-

2169 1207 2351 1259 μενον.
2398 1191 2743 1262 Προφητεῠει
2792 1192 2850 1247 δὲ
2875 1194 2935 1247 ἐν
2979 1192 3057 1262 τῷ
3102 1192 3311 1263 λέγειν·
3361 1195 3761 1263 Προπορεύσῃ

2165 1283 2277 1352 γὰρ
2309 1284 2423 1351 πρὸ
2454 1284 2787 1353 προσώπου
2830 1287 3059 1355 Κυρίου
3091 1286 3403 1356 ἑτοιμάσαι
3433 1288 3613 1355 ὁδοὺς
3642 1290 3759 1342 αὐ-

2165 1374 2311 1428 τοῦ’
2338 1375 2501 1430 τοῦτο
2536 1377 2595 1430 δὲ
2645 1378 2923 1449 σημαίνει,
2967 1380 3049 1433 ὃτι
3087 1382 3206 1451 μετ’
3232 1382 3414 1451 ὀλίγον
3454 1382 3517 1436 οὔ
3567 1381 3759 1452 μέλλει

2166 1467 2309 1538 ἔχειν
2337 1468 2501 1525 αὐτὸν
2530 1472 2661 1543 παρ’
2691 1472 2867 1543 ἑαυτῷ
2896 1474 3257 1545 τρεφόμενον.

2234 1651 2441 1707 Γνῶσιν
2469 1654 2745 1726 σωτήριας
2775 1657 2899 1713 τίνα
2933 1658 3083 1728 λέγει
3117 1661 3146 1714 6
3189 1661 3497 1733 Ζαχαρίαςς
3528 1662 3645 1734 Τὴν
3679 1665 3761 1727 είς

2166 1746 2401 1816 Χριστὸν
2435 1750 2704 1822 σωτήριον
2744 1753 2950 1819 πίστιν,
2980 1755 3073 1807 καὶ
3102 1755 3184 1809 ὅτι
3215 1757 3247 1827 ὴ
3279 1757 3478 1825 γνῶσις
3508 1758 3611 1827 τῆς
3654 1774 3762 1811 σω-

2166 1841 2380 1913 τηρίας,
2406 1842 2463 1896 ὲν
2489 1846 2685 1915 ἀφέσει
2707 1848 2997 1920 ἁμαρτιῶν
3013 1849 3188 1909 ἔσται.

2743 1977 2998 2037 ΚΕΦΑΛ.
3047 1981 3103 2035 B'
3125 2017 3143 2033 .

2238 2098 2363 2154 ὀτι
2394 2102 2429 2173 ἠ
2458 2102 2760 2177 ἀτωγραφὴ
2795 2108 3066 2179 χρήσιμος
3094 2108 3324 2178 γίνεται,
3364 2113 3453 2166 ἵνα
3490 2115 3759 2188 πληρωθῇ

2164 2190 2197 2260 ἡ
2231 2190 2424 2264 Γραφὴ
2455 2195 2487 2264 ή
2519 2194 2788 2265 λέγουσαο
2820 2199 2934 2252 Καὶ
2961 2199 3068 2268 σὺ,
3102 2202 3411 2273 Βηθλεὲμ,
3456 2206 3623 2272 οἶκος
3649 2210 3759 2263 τοῦ

2179 2281 2463 2351 Ἐφραθά.
2504 2285 2570 2339 Ἦ
2600 2287 2903 2361 ἀπογραφὴ
2929 2290 3160 2359 γίνεται,
3195 2292 3293 2365 τὴν
3321 2296 3591 2350 Θεοτόκοιν
3617 2297 3764 2351 ἐκεῖ·

2168 2372 2262 2428 θεν
2291 2376 2672 2447 ἐκπέμπουσα.

2238 2468 2338 2521 Διά
2360 2469 2415 2523 τί
2446 2466 2601 2525 εἶπεν
2632 2475 2661 2527 6
2685 2472 3100 2549 εὐαγγελιστὴς,
3133 2479 3246 2535 Τὸν
3274 2480 3411 2534 υἱὸν
3431 2482 3630 2550 αὐτῆς
3653 2483 3763 2539 τὸν

2167 2568 2583 2635 πρωτότοκοη
2618 2569 2709 2634 Ὠς
2744 2572 3095 2643 πρωτεύοντα
3134 2575 3197 2627 ἑν
3226 2577 3412 2633 πᾶσιν.
3444 2578 3568 2632 Ὀτι
3598 2580 3660 2632 ὲν
3690 2582 3759 2652 τῇ

2168 2658 2347 2732 φάτνῃ
2371 2660 2600 2728 τίθεται,
2629 2663 2716 2717 ἵνα
2736 2665 2885 2736 ἡμᾶς
2913 2667 3011 2736 τῆς
3037 2667 3260 2736 ἀλογίας
3282 2668 3651 2741 λυτρώσηται.

2241 2749 2378 2806 [Iota
2420 2754 2563 2806 εἰσιν
2609 2754 2645 2808 ἃ
2675 2758 2961 2829 συνετήρει
3015 2761 3254 2833 πάνταὴ
3298 2763 3572 2835 Μαριάμ;
3616 2766 3759 2820 Ὅσα

2168 2838 2323 2896 εἶπεν
2367 2844 2503 2917 αὐτῇ
2548 2846 2579 2898 6
2625 2847 2880 2917 ἄγγελος,
2930 2851 3032 2906 ὅσα
3062 2857 3159 2909 νῦν
3197 2855 3461 2925 ὑμνοῦσιν
3495 2857 3755 2927 ἄγγελοι,

2168 2934 2270 2988 ὅσα
2299 2934 2519 3005 λέγουσι
2554 2941 2837 3010 ποιμένες.
2888 2946 3179 3017 Συνέκρινε
3210 2949 3265 3003 δὲ
3295 2951 3358 3002 ἐκ
3387 2952 3628 3017 πάντων,
3677 2952 3760 3006 ὅτι

2169 3026 2299 3093 Θεός
2330 3031 2479 3085 ἐστιν
2504 3034 2533 3085 6
2561 3035 2777 3105 τεχθεὶς
2810 3037 2870 3103 ἐξ
2891 3040 3083 3111 αὐτῆς.

2232 3121 2368 3173 ρὈτι
2414 3124 2476 3177 τὸ
2504 3125 2605 3195 τῆς
2650 3131 2953 3201 περιτομῆς
2997 3133 3187 3197 κοπὲν,
3218 3135 3267 3187 οἱ
3300 3136 3397 3206 μὲν
3422 3137 3504 3201 εἰς
3538 3138 3608 3190 τὰ
3634 3137 3758 3192 tio.

2173 3227 2315 3283 σαρα
2351 3218 2592 3285 στοιχεῖα
2638 3218 2988 3293 ἆναλνθῆναιι
3011 3222 3284 3292 λέγουσιν,
3328 3229 3375 3279 oi
3420 3227 3479 3281 δὲ
3514 3230 3611 3282 ἐπὶ
3656 3230 3757 3302 γῆς

476 3308 569 3365 alii
595 3307 648 3362 in
684 3316 884 3361 terram
923 3305 1130 3376 iactum
1168 3320 1295 3361 esse
1330 3314 1390 3360 ut
1434 3305 1805 3360 sanetiticaret
1835 3313 2059 3367 terram,

2185 3303 2413 3374 Βιφῆναι,
2452 3306 2541 3361 ἵνα
2568 3308 2773 3381 ἁγιάσῃ
2805 3311 2903 3381 τὴν
2925 3313 3048 3383 γῆν,
3080 3312 3155 3378 ὡς
3179 3315 3275 3368 καὶ
3304 3316 3364 3370 τὸ
3386 3316 3570 3388 ίχεθὲν
3589 3318 3757 3372 αὑτοῦ

478 3410 538 3457 ut
559 3407 751 3472 postea
766 3398 992 3470 sanguis
1020 3398 1143 3467 ejus
1168 3406 1221 3451 et
1244 3411 1422 3467 aqua;
1450 3395 1540 3450 alii
1564 3405 1747 3451 autem
1772 3395 2057 3451 Christum

480 3495 535 3550 id
583 3507 942 3549 conservasse
968 3506 1078 3559 quo
1105 3490 1269 3545 scivit
1298 3491 1487 3554 modo,
1520 3498 1575 3543 et
1602 3490 1657 3544 in
1686 3505 1781 3545 sua
1813 3503 2060 3544 resurre-

475 3589 661 3645 ctione
687 3586 793 3642 sibi
842 3585 1185 3651 restituisse;
1218 3586 1423 3640 etenim
1468 3594 1523 3640 et
1557 3599 1662 3639 nos
1718 3584 1774 3639 in
1808 3598 2064 3639 resurre-

476 3681 663 3739 ctione
686 3694 889 3750 corpus
914 3687 1163 3734 nostrum
1189 3677 1461 3748 integrum
1489 3676 1847 3746 accipiemus.

547 3771 718 3830 Vatis.
746 3773 840 3827 ἥ.
870 3772 1091 3828 Dicente
1119 3770 1451 3842 evangelista
1487 3788 1502 3824 :
1536 3769 1830 3840 Postquam
1861 3770 2064 3840 impleti

477 3876 600 3921 sunt
634 3865 748 3919 dies
774 3863 1107 3933 purgationis
1136 3863 1252 3932 ejus
1279 3863 1573 3916 secundum
1594 3859 1780 3929 legem,
1802 3860 1942 3916 bene
1967 3859 2064 3914 ad-

472 3960 625 4034 jecit,
656 3973 783 4015 nam
818 3958 993 4014 solius
1024 3956 1226 4027 impuri
1257 3965 1375 4010 erat
1402 3967 1603 4025 purum
1635 3967 1853 4023 parere.

550 4143 717 4200 Vsus.
753 4142 845 4200 25.
886 4141 1045 4211 Quod
1092 4140 1160 4196 de
1194 4138 1418 4195 Simeon
1456 4138 1677 4205 dicitur,
1710 4136 1844 4193 Erat
1875 4156 2065 4210 exspe-

476 4249 629 4295 ctans
670 4236 1084 4292 consolationem
1109 4234 1301 4300 Israel,
1330 4234 1461 4289 illud
1500 4242 1585 4289 est
1631 4250 1646 4288 :
1694 4233 1915 4305 Quando
1968 4249 2065 4306 per

476 4334 759 4392 Christum
796 4331 1253 4395 consolationem,
1277 4329 1493 4385 scilicet
1524 4328 1948 4393 correctionem,
1976 4328 2063 4382 in-

481 4426 689 4482 veniret
720 4424 910 4480 lsrael.

546 4514 716 4569 Vens.
753 4513 846 4567 ‘29.
880 4513 1039 4566 Nunc
1079 4512 1305 4566 dimittis
1355 4526 1563 4565 servum
1598 4518 1769 4575 tuum,
1814 4508 2061 4573 Domine,

475 4609 761 4663 secundum
796 4608 1009 4659 verbum
1037 4615 1186 4657 tuum
1213 4606 1267 4657 in
1284 4619 1430 4670 pace.
1448 4600 1691 4655 —-Nunc
1722 4601 1971 4665 dimittis,
1995 4600 2067 4655 de

2174 3390 2317 3466 αἷμα
2359 3400 2453 3452 καὶ
2482 3400 2543 3453 τὸ
2586 3400 2731 3473 ὕδωρ
2753 3420 2767 3434 ·
2813 3406 2863 3457 οἱ
2908 3405 2964 3459 δὲ
2992 3406 3074 3460 ὅτι
3100 3408 3368 3481 ἐτήρησεν
3410 3410 3547 3465 αὐτὸ
3574 3404 3619 3480 ᾧ
3652 3408 3757 3468 οἶδε

2169 3488 2381 3561 τρόπῳ,
2410 3492 2470 3546 ἐν
2498 3496 2563 3565 τῇ
2593 3496 2761 3549 αὑτοῦ
2787 3498 3575 3574 άναστάσειιπροσὶαὸὀμενος
3598 3506 3758 3559 αὐτο·

2171 3582 2268 3635 καὶ
2318 3584 2427 3653 γὰρ
2479 3586 2573 3639 καὶ
2616 3588 2779 3659 ἡμεῖς
2830 3592 2889 3643 ὲν
2926 3593 2993 3664 τῇ
3038 3594 3333 3648 ἀναστάσει
3372 3596 3433 3649 τὸ
3484 3596 3651 3668 σῶμα
3701 3598 3761 3653 τὸ

2172 3673 2444 3747 ἡμέτερον
2466 3678 2674 3751 πλῆρες
2696 3683 3112 3756 ἀποληψόμεθα.

2244 3769 2373 3823 Ὅτι
2404 3770 2465 3824 τὸ
2494 3771 2676 3843 λέγειν
2719 3777 2813 3831 τὸν
2850 3779 3243 3853 εὐαγγελιστὴν
3280 3782 3364 3852 τὸ,
3392 3784 3537 3839 Ὅτε
3568 3784 3762 3856 ἐπλήο

2172 3862 2421 3928 σθησαν
2448 3866 2510 3917 al
2549 3865 2763 3935 ἡμέραι
2807 3869 2914 3924 τοῦ
2946 3873 3328 3941 καθαρισμοῦ
3372 3876 3578 3929 αὐτῶν
3609 3878 3761 3932 κατὰ

2174 3952 2279 4005 τὸν
2298 3955 2506 4023 νόμον,
2539 3959 2719 4023 καλῶς
2748 3962 3029 4031 ἐπήγαγεν
3047 3981 3063 3997 ·
3097 3966 3257 4036 μόνον
3290 3966 3396 4037 γάρ
3418 3963 3487 4039 ἦν
3512 3970 3761 4043 ἀκαθάρο

2171 4060 2289 4110 του,
2317 4048 2560 4120 καθαρὸν
2583 4056 2782 4111 τεκεῖν.

2246 4137 2366 4191 Ὀτι
2384 4140 2444 4192 τὸ
2466 4142 2593 4212 περὶ
2606 4144 2700 4197 τοῦ
2715 4146 2939 4218 Συμεὼν
2967 4149 3279 4223 εἰρημένῖν.
3308 4157 3388 4210 ὅτι
3419 4153 3546 4213 Ἦν
3573 4173 3763 4229 apod-

2172 4225 2500 4298 δεχόμενος
2546 4234 2925 4305 παράκλησιν
2955 4241 3061 4296 τοῦ
3101 4244 3373 4313 Ἰσραὴλ.
3402 4249 3561 4303 τοῦτό
3611 4225 3759 4305 ἐστι·

2171 4321 2310 4417 ξῖᾐὸτε
2358 4323 2449 4417 ,διὰ
2480 4324 2577 4380 τοῦ
2632 4328 2867 4399 Χριστοῦ
2904 4334 3273 4407 παράκλησιν,
3306 4341 3468 4412 ῆτουν
3501 4361 3763 4417 παραμυ-

2172 4413 2294 4468 θίαν
2320 4416 2471 4488 εῦροι
2498 4422 2527 4472 6
2565 4420 2803 4496 Ἰσραήλ.

2244 4506 2350 4573 T6,
2390 4510 2521 4564 Νῦν
2550 4513 2840 4585 ἀπολύεις
2882 4520 2990 4574 τὸν
3020 4521 3251 4579 δοῦλόν
3281 4542 3399 4582 σου
3424 4570 3438 4593 ,
3460 4532 3757 4597 Δέσποτα,

2172 4602 2325 4654 κατὰ
2353 4601 2421 4655 τὸ
2438 4602 2605 4674 ῥῆμά
2626 4622 2766 4673 σου,
2793 4610 2869 4665 ἐν
2891 4613 3101 4684 εἰρήνῃ
3124 4633 3139 4647 ·
3173 4617 3235 4670 τὸ
3261 4619 3383 4689 μὲν,
3418 4623 3756 4690 Ἀπολύεις,

476 4701 587 4753 vita
639 4699 694 4751 in
731 4711 897 4750 carne
935 4695 1103 4759 dicit;
1131 4695 1419 4746 secundum
1459 4694 1673 4746 verbum
1705 4701 1879 4757 tuum,
1913 4694 2059 4762 quod

2185 4692 2302 4761 napi.
2336 4692 2437 4787 τῆς
2462 4696 2521 4749 ἐν
2544 4705 2710 4771 σαρκὶ
2736 4702 2882 4773 ζωῆς
2911 4679 3096 4760 εἶπεν-ξ
3119 4709 3181 4762 τὸ
3202 4679 3279 4774 δὲ,
3314 4679 3476 4768 Κατὰ
3508 4718 3575 4770 τὸ
3592 4679 3760 4787 ρἧἰέ

481 4788 761 4859 prepbetia
787 4786 909 4841 talis
946 4786 997 4839 ei
1030 4785 1157 4839 data
1178 4794 1318 4841 erat.

551 4880 718 4933 Vens.
757 4878 847 4932 δι.
880 4876 1038 4943 Quod
1079 4875 1296 4946 positus
1335 4875 1406 4931 sit
1433 4875 1702 4934 Dominus
1735 4876 1790 4933 in
1837 4877 2055 4935 ruinam

476 4981 531 5030 et
556 4973 611 5027 in
633 4969 1096 5026 resurrectionem
1128 4968 1424 5023 multorum
1459 4968 1511 5023 in
1553 4968 1741 5036 Israel,
1768 4971 2063 5027 laudabili-

486 5073 570 5121 ter
600 5065 781 5121 solum
802 5061 1152 5132 intelligitur.
1175 5060 1232 5115 in
1254 5063 1469 5117 ruinam
1492 5064 1715 5133 quidem
1744 5066 1958 5137 positus
1981 5074 2066 5122 est

478 5159 796 5230 passionum
852 5162 908 5209 et
958 5154 1226 5209 malarum
1279 5155 1683 5224 cogitationum
1734 5160 1791 5213 in
1839 5173 2063 5229 quoque

479 5251 844 5315 credentium,
881 5248 937 5302 in
976 5248 1436 5303 resurrectionem
1483 5258 1665 5305 autem
1698 5251 1970 5307 virtutum
2008 5261 2065 5308 et

478 5342 659 5398 omnis
689 5339 1043 5413 cogitationis
1072 5339 1182 5395 Deo
1211 5341 1497 5411 placentis.
1530 5341 1817 5407 Quomodo
1850 5345 2059 5401 intelli-

480 5432 717 5503 gendum
752 5442 839 5487 est
869 5450 883 5486 :
920 5428 991 5485 Et
1026 5430 1083 5485 in
1135 5432 1343 5502 signum
1392 5436 1477 5487 cui
1507 5435 1939 5491 eontradicetur?
1970 5436 2061 5491 Si-

483 5541 665 5595 gnum,
691 5540 793 5593 pro
819 5540 987 5581 cruce
1017 5534 1070 5581 et
1090 5527 1343 5596 passione
1368 5545 1531 5599 quam
1566 5531 1619 5584 in
1643 5531 1731 5585 illa
1751 5534 1948 5600 subiit;
1973 5535 2061 5587 cui

484 5618 896 5680 contradicetur,
919 5618 1047 5687 quia
1072 5620 1125 5674 hi
1145 5620 1363 5690 quidem
1384 5623 1702 5693 passibilcm
1728 5624 1780 5678 in
1806 5626 2063 5694 passione

487 5706 639 5760 illum
680 5708 954 5774 dicebant,
993 5709 1071 5764 illi
1101 5726 1230 5767 vero
1253 5727 1360 5767 non
1397 5712 1747 5783 passibilem;
1776 5725 1828 5769 et
1851 5716 1905 5769 hi
1939 5716 2063 5786 qui-

490 5797 613 5852 dem
645 5810 976 5869 terrestrem,
1008 5802 1083 5857 illi
1118 5820 1249 5860 vero
1303 5807 1605 5861 cmlcstem.
1648 5806 1803 5873 Quod
1842 5808 2061 5877 signum

2172 4798 2311 4850 σου,
2348 4786 2431 4841 ὅτι
2455 4793 2707 4862 χρησμὸς
2729 4789 2801 4867 ἦν
2826 4795 2976 4869 αὐτῷ
2996 4799 3239 4864 τοιοῦτος
3264 4803 3461 4867 δοθείς.

2241 4880 2316 4934 Τὸ
2367 4885 2581 4939 κεῖσθαι
2632 4887 2723 4941 τὸν
2779 4889 2988 4962 Κύριον
3020 4894 3103 4959 είς
3151 4897 3361 4952 πτῶσιν
3399 4899 3617 4953 πολλῶν
3668 4903 3759 4955 καὶ

2166 4973 2464 5031 ἀνάστασιν
2494 4979 2553 5031 ὲν
2594 4979 2673 5051 τῷ
2710 4982 2947 5055 Ἰσραὴλ,
3005 4988 3305 5053 ὲπαινετῶς
3333 4991 3495 5061 μόνον
3530 4993 3757 5065 νοούμε-

2164 5084 2292 5134 νον,
2330 5069 2411 5133 είς
2450 5072 2660 5125 πτῶσιν
2695 5075 2796 5145 μὲν
2838 5080 3015 5133 κεῖται
3046 5080 3154 5134 τῶν
3185 5084 3243 5135 ὲν
3274 5084 3493 5155 ἑκάστῳ
3528 5087 3639 5139 τῶν
3669 5105 3758 5139 πι-

2167 5161 2467 5217 στευόντων
2518 5164 2708 5219 παθῶν
2737 5184 2799 5221 τε
2852 5172 2947 5225 καὶ
2989 5174 3244 5245 πονηρῶν
3296 5176 3599 5247 λογισμῶν,
3631 5181 3760 5233 ἀνά-

2169 5269 2361 5308 στασιν
2392 5255 2452 5309 δὲ
2489 5258 2597 5311 τῶν
2642 5259 2856 5330 ἀρετῶν
2900 5266 2997 5319 καὶ
3047 5269 3251 5331 παντὸς
3295 5269 3583 5341 θεοφιλοῦς
3618 5274 3758 5343 λογιο

2168 5346 2328 5417 σμοῦ.
2351 5348 2473 5413 Πῶς
2491 5354 2731 5421 νοητέον,
2749 5355 2861 5410 Kal
2875 5360 2961 5424 εις
2981 5359 3241 5429 σημεῖον
3257 5363 3758 5436 ἀντιλεγομενονς

2166 5442 2516 5510 -Σημεῖον,
2546 5445 2636 5498 διὰ
2668 5447 2760 5501 τὸν
2788 5453 3025 5523 σταυρὸν
3054 5455 3150 5507 καὶ
3178 5456 3239 5508 τὸ
3263 5456 3382 5509 ἐκεῖ
3406 5459 3578 5523 πάθος
3600 5478 3614 5491 ·
3649 5462 3757 5515 ἀν-

2165 5533 2557 5601 τιλεγόμενον
2585 5537 2663 5598 δὲ,
2689 5540 2774 5592 ὅτι
2800 5542 2851 5594 oi
2880 5542 2982 5611 μὲν
3017 5546 3263 5616 παθητὸν
3292 5549 3461 5602 αὐτοῦ
3490 5552 3551 5603 τὸ
3586 5553 3760 5615 πάθος

2166 5619 2342 5689 εἶπον,
2373 5627 2423 5678 οἱ
2444 5627 2499 5679 δὲ
2522 5628 2716 5685 οῦοκαὶ
2740 5634 2791 5685 οἱ
2824 5634 2926 5705 μὲν
2954 5639 3162 5705 χοῖκὺν,
3184 5642 3231 5693 οἱ
3251 5640 3307 5693 δὲ
3324 5643 3659 5713 ἐπουράνιον
3671 5646 3759 5698 λέ-

2165 5733 2378 5785 γουσιν·
2400 5722 2481 5774 ὅτι
2514 5724 2569 5775 δὲ
2594 5729 2821 5795 σημεῖον
2842 5732 2869 5781 6
2899 5733 3154 5802 σταυρὸς,
3179 5735 3433 5790 ἄκουσον*
3458 5740 3567 5791 Kal
3580 5739 3761 5807 ἔθηκε

2165 5810 2431 5877 Μωῖοσῆς
2453 5814 2512 5865 τε
2525 5831 2559 5864 ι·
2582 5815 2720 5884 ὅρη·
2744 5819 2841 5873 ἐπὶ
2869 5825 3448 5896 σημείου,ξτουτέστιν
3465 5828 3557 5882 ἐπὶ
3579 5828 3756 5894 ξύλου.

491 5888 562 5945 sit
592 5907 747 5958 crux,
779 5895 903 5950 audi
939 5914 952 5950 :
993 5896 1176 5951 Posuit
1210 5898 1411 5969 Moyses
1459 5910 1746 5971 serpentem
1789 5902 1839 5954 in
1878 5903 2048 5971 signa,
2088 5903 2137 5958 id
2168 5914 2265 5969 est,
2306 5905 2355 5955 in
2388 5907 2548 5975 ligno.
