4060 6562
490 397 630 464 1191

1200 410 1591 474 OPUSCULA
1631 415 2273 481 SCRIPTURISTICA
2308 421 2658 484 ΙΝΟΕΒΤΑΞ
2692 424 3005 487 ᾹΞΤΑΤΙδ.

3612 429 3747 495 1192

486 513 819 584 profundum
847 526 1124 587 occurrat,
1159 518 1212 576 in
1244 520 1454 591 aequale
1474 525 1760 595 etplanum
1792 542 2050 597 compara

2176 529 2325 582 ἐστὶν
2386 530 2532 599 ὅρος,
2585 532 2691 585 κᾶν
2741 531 2905 601 βαθος
2934 528 3133 594 κακίας
3176 530 3299 605 ἔχῃ,
3337 534 3474 606 πρὸς
3496 536 3749 602 ὲξίσωσιν

488 606 660 661 bitur.

562 698 725 755 Vens.
759 700 810 755 6.
845 700 986 768 Quid
1044 704 1318 775 significat
1365 726 1378 763 :
1434 709 1638 766 Videbit
1704 713 1876 765 omnis
1942 727 2070 765 caro

486 786 742 844 Salutare
775 791 871 847 Dei
897 796 922 847 ?
955 792 1011 850 ld
1042 805 1148 863 est,
1182 814 1288 853 non
1327 800 1568 867 Judaeus,
1598 812 1652 857 et
1687 803 1775 858 hic
1824 802 1908 857 vel
1959 802 2070 865 ille;

483 881 576 934 sed
605 883 670 935 ad
698 887 961 941 terminos
991 896 1150 944 terra:
1179 892 1584 960 praedicabitur.

555 970 718 1030 Vens.
753 976 840 1031 ll.
878 979 1250 1051 interrogatus
1278 998 1309 1036 a
1339 985 1515 1039 turbis
1565 984 1831 1053 Joannes,
1864 987 2068 1056 cuique

482 1068 758 1137 pr0priam
808 1085 966 1140 opem
1016 1072 1140 1127 tulit
1192 1091 1206 1129 :
1248 1076 1424 1132 turbis
1461 1078 1720 1147 quidem,
1768 1088 1827 1133 ut
1880 1089 2070 1135 mutua

479 1160 746 1216 charitate
801 1172 1053 1231 utantur;
1090 1166 1417 1235 publicanis,
1444 1171 1731 1227 avaritiam
1791 1172 2065 1243 prohibet;

484 1251 776 1320 militibus,
813 1257 1089 1311 neminem
1119 1267 1181 1313 ut
1211 1262 1548 1317 concutiant.

551 1475 714 1533 Vens.
744 1480 798 1533 5.
831 1479 943 1534 Cur
969 1481 1192 1554 triginta
1224 1499 1403 1540 annos
1428 1485 1636 1542 habens
1674 1488 1827 1544 venit
1862 1498 1921 1544 ut
1975 1490 2068 1545 hac

475 1569 756 1639 ptizetur?
800 1570 939 1638 Quia
971 1585 1104 1630 actas
1145 1576 1236 1629 illa
1292 1576 1405 1645 jam
1470 1580 1794 1635 conﬁrmata
1829 1589 1948 1647 est;
1994 1584 2065 1636 ita

473 1662 648 1718 Adam
681 1664 956 1733 perfectus
1012 1678 1230 1722 creatus
1280 1681 1403 1734 est,
1440 1680 1494 1725 et
1528 1673 1832 1729 naturalem
1893 1675 2064 1746 legem

472 1753 699 1825 recepit.
722 1754 1109 1812 Discordantia
1140 1760 1391 1829 qua:dam
1418 1777 1539 1817 esse
1569 1762 1783 1818 videtur
1806 1766 1873 1818 de
1896 1782 2065 1837 gene-

474 1845 692 1900 ratione
750 1850 1055 1901 secundum
1104 1864 1326 1904 carnem
1381 1851 1595 1908 Domini
1657 1853 1784 1910 Jcsu
1834 1856 2060 1916 Christi:
2092 1879 2140 1939 Β

474 1934 712 1991 Matthzei
766 1938 987 2008 quidem
1025 1942 1340 2012 genealogia
1384 1959 1413 1998 a
1462 1944 1756 2003 Salomone
1791 1949 1978 2022 incipit
2010 1964 2065 2009 et

472 2027 675 2084 desinit
698 2028 753 2084 in
784 2030 1021 2085 Matham
1054 2042 1108 2088 et
1136 2031 1306 2089 Jacob
1359 2046 1411 2091 et
1440 2035 1642 2109 Joseph
1683 2058 1696 2095 :
1734 2039 1897 2097 Lucae
1933 2060 2064 2101 vero

469 2117 783 2188 genealogia
814 2117 1072 2175 aNathan
1097 2120 1402 2187 descendit,
1432 2134 1485 2178 et
1512 2126 1711 2180 desinit
1746 2127 1799 2182 in
1830 2127 2060 2198 Matltat,

468 2204 587 2262 Heli
634 2217 691 2264 et
734 2208 963 2282 Joseph,
994 2214 1070 2267 ita
1119 2214 1342 2270 indubie
1375 2218 1611 2288 quisque
1650 2234 1841 2274 eorum
1894 2223 2056 2277 aliam

470 2300 877 2367 generationem
923 2304 1187 2373 exponit;
1214 2314 1269 2361 et
1321 2306 1534 2362 videtur
1576 2309 1916 2379 impossibile
1937 2328 2059 2369 esse

465 2385 668 2459 Ioseph
729 2392 822 2462 qui
879 2396 1196 2451 nominatur
1269 2397 1353 2452 vir
1401 2402 1767 2457 sanctissimae
1816 2403 2059 2475 Deiparze

466 2489 521 2536 et
552 2480 726 2538 Jacob
758 2495 968 2555 patrem
1004 2486 1122 2544 Heli
1157 2490 1439 2547 habuisse.
1468 2493 1571 2548 Sed
1601 2511 2057 2567 recognoscemus

470 2584 829 2645 apparentem
864 2586 1083 2634 tantum
1114 2596 1237 2638 esse
1271 2584 1697 2642 discordantiam
1729 2587 1986 2646 :Tertius
2023 2608 2054 2647 a

479 2664 590 2720 line
638 2668 940 2723 secundum
981 2669 1219 2728 Matthaei
1276 2677 1647 2747 genealogiam
1678 2689 1762 2735 est
1791 2680 2007 2737 Matltan
2034 2722 2049 2737 .

465 2760 695 2826 quintus
723 2770 907 2815 autem
939 2778 969 2815 a
997 2763 1105 2820 tlne
1148 2769 1452 2823 secundum
1482 2769 1682 2826 Lucam
1728 2785 1811 2829 est
1833 2774 2051 2832 Melehi.

468 2846 674 2905 llorum
704 2852 940 2909 duorum
968 2855 1202 2914 diversis
1238 2861 1575 2927 temporibus
1606 2879 1747 2918 uxor
1775 2866 1916 2922 facta
1963 2878 2048 2925 est

469 2936 664 2993 Estha.
712 2940 934 2998 Mathau
978 2947 1126 3002 enim
1156 2965 1280 3004 cum
1310 2951 1458 3011 illam
1490 2955 1734 3011 duxisset
1767 2958 1962 3027 primo,
2000 2973 2053 3017 et

462 3045 529 3083 cx
564 3046 627 3085 ea
644 3029 815 3088 Jacob
836 3038 1197 3108 suscepisset,
1232 3052 1485 3097 mortuus
1516 3052 1628 3113 est;
1656 3047 1873 3103 viduam
1900 3050 2048 3106 illam

462 3137 528 3178 ex
584 3125 775 3181 eadem
864 3130 1033 3195 tribu,
1084 3133 1179 3186 sed
1240 3133 1411 3190 altera
1476 3140 1821 3206 cognatione,
1891 3142 2047 3196 duxit

2175 621 2367 690 ἕτοιμα
2375 621 2628 693 σθῆσεται
2640 663 2654 676 .

2247 712 2312 763 Τί
2353 712 2522 781 λέγει,
2544 716 2653 770 Καὶ
2703 716 2911 784 ὄψεται
2948 715 3117 771 πᾶσα
3151 718 3310 787 σὰρξ
3350 722 3415 774 τὸ
3449 723 3758 791 Σωτήρων

2174 802 2282 856 τοῦ
2297 804 2444 858 Θεοῦ
2464 820 2484 869 ;
2502 806 2811 874 Τουτέστιν,
2828 809 3012 863 οὐκέτι
3045 810 3317 875 Ἰουδαῖος.
3337 814 3433 868 καὶ
3453 815 3481 868 ὃ
3496 832 3579 879 τις
3604 818 3701 868 καὶ
3724 817 3753 869 ὃ

2181 908 2279 957 τις.
2312 895 2448 950 ἀλλὰ
2482 897 2617 967 πρὸς
2641 898 2708 951 τὰ
2740 898 2948 971 πέρατα
2975 901 3076 972 τῆς
3107 902 3212 973 γῆς
3246 906 3677 977 κηρυχθήσεται.

2249 988 2371 1040 Ὅτι
2400 990 2755 1059 ἐρωτώμενος
2777 992 2883 1045 ὑπὸ
2906 995 3015 1046 τῶν
3050 994 3224 1065 ὄχλων
3252 999 3280 1050 6
3319 997 3587 1069 Ἰωάννης,
3620 1001 3755 1053 ἐκέκ-

2173 1095 2284 1149 στῳ
2306 1080 2506 1135 οἰκεῖον
2540 1082 2793 1153 βοήθημα
2828 1084 3041 1139 τέθεικε
3063 1104 3079 1119 ο
3123 1090 3237 1151 τοῖς
3268 1090 3366 1157 μὲν
3390 1089 3591 1160 ὄχλοις,
3625 1091 3753 1159 φιλ-

2171 1175 2387 1247 αλλήλῳ
2464 1180 2774 1250 φρονήματι
2833 1182 3161 1253 κεχρῆσθαι,
3222 1184 3481 1249 τελώναις
3531 1185 3591 1239 δὲ
3650 1189 3753 1256 τὴν

2171 1267 2488 1335 πλεονεξίαν
2540 1271 2791 1340 κωλύειν,
2842 1273 3205 1345 στρατιώταις
3258 1276 3316 1331 δὲ
3375 1278 3583 1348 μηδένα
3628 1278 3751 1333 διαο

2172 1359 2355 1415 σείειν.

2243 1452 2343 1506 Διὰ
2371 1454 2425 1507 τί
2466 1456 2892 1527 τριακονταέτης
2927 1457 3146 1529 ἔρχεται
3179 1459 3275 1514 ἐπὶ
3318 1460 3381 1514 16
3425 1460 3751 1534 βάπτισμα;

2181 1544 2403 1617 Ἐπειδὴ
2437 1550 2909 1620 μεμαρτυρημένη
2937 1550 3085 1605 ἐστὶν
3106 1553 3141 1622 η
3162 1553 3351 1621 ηλικία
3374 1554 3545 1626 ταὺτη
3568 1571 3583 1587 ι
3605 1554 3755 1610 οὕτω

2169 1639 2263 1693 καὶ
2328 1640 2504 1711 ’Λδαμ
2559 1641 2767 1706 τέλειος
2824 1643 3095 1714 ἐπλάσθη,
3156 1644 3252 1698 καὶ
3312 1646 3477 1716 νόμον
3533 1648 3754 1718 ἐδέχετο

2169 1732 2419 1800 φυσικόν.
2467 1735 2746 1802 Διαφωνία
2790 1752 2876 1799 τις
2922 1731 3065 1790 εἶναι
3116 1738 3266 1790 δοκεῖ
3307 1739 3434 1810 περὶ
3467 1742 3568 1812 τὴν
3605 1743 3753 1795 κατὰ

2170 1822 2351 1893 σάρκα
2380 1824 2634 1894 γέννησιν
2668 1826 2763 1881 τοῦ
2796 1828 3069 1882 Δεσπότου
3110 1831 3347 1900 Χριστοῦ
3372 1848 3386 1861 ·
3416 1832 3497 1903 τῷ
3524 1834 3616 1886 τὸν
3650 1835 3755 1904 μὲν

2169 1915 2469 1979 Ματθαίον,
2517 1917 2628 1970 ἀπὸ
2668 1919 3015 1990 Σολομῶντος
3045 1921 3207 1976 αὑτὸν
3235 1925 3605 1993 γενεαλογεῖν,
3654 1929 3753 1979 καὶ

2167 2006 2393 2077 φθάνειν
2433 2010 2514 2073 είς
2542 2010 2632 2064 16v
2662 2012 2911 2077 Ματθᾶν,
2963 2014 3060 2067 καὶ
3105 2016 3319 2082 Ἰακὼϐ,
3363 2019 3459 2071 καὶ
3506 2020 3751 2089 Ἰωσήφ·

2164 2100 2256 2153 τὸν
2283 2101 2340 2155 δὲ
2371 2103 2605 2162 Λουκᾶν.
2635 2105 2743 2157 ἀπδ
2781 2089 2874 2158 τοῦ
2906 2106 3113 2172 Νάθαν,
3157 2109 3252 2161 καὶ
3284 2109 3506 2177 φθάνειν
3534 2113 3616 2174 εἰς
3655 2117 3751 2166 τιν

2163 2192 2411 2257 Ματθᾶιν,
2434 2196 2529 2247 καὶ
2564 2195 2705 2256 Ἦλὶ,
2737 2198 2829 2249 καὶ
2861 2197 3081 2268 Ἰωσὴφ,
3100 2199 3486 2270 ἀναμφιϐόλως
3509 2205 3747 2258 ἕκαστον

2163 2284 2326 2337 αὐτὸν
2367 2286 2551 2356 ἕτερον
2583 2288 2913 2357 καταλήγειν
2938 2290 3117 2358 γένος.
3150 2294 3259 2346 Καὶ
3294 2294 3441 2348 δοκεῖ
3468 2298 3577 2350 τῶν
3611 2300 3746 2351 ἁδυ-

2162 2376 2339 2429 νάτων
2378 2371 2519 2431 εἶναι
2559 2380 2651 2434 16v
2696 2381 2892 2453 Ἰωσὴφ
2938 2382 3032 2435 16v
3068 2386 3393 2453 νομισθέντα
3427 2387 3601 2458 ἄνδρα
3644 2391 3745 2459 τῆς

2161 2468 2433 2536 παναγίας
2476 2470 2737 2525 Θεοτόκου
2775 2473 2866 2526 τόν
2897 2491 2957 2527 τε
3011 2474 3204 2530 Ἰακὼϐ
3242 2478 3332 2530 τὸν
3362 2478 3480 2532 Ἠλὶ
3509 2483 3751 2552 ἐσχηκέο

2159 2573 2247 2609 ναι
2313 2558 2544 2630 πατέρα.
2609 2561 2769 2615 Ἀλλὰ
2812 2566 3255 2637 ικατανοήσωμεν
3320 2568 3419 2641 τὴν
3474 2571 3744 2626 δοκοῦσαν

2157 2644 2298 2704 εἶναι
2329 2652 2628 2721 διαφωνίαν
2648 2674 2664 2691 ο
2701 2656 2881 2727 τρίτος
2907 2659 3016 2712 άπὸ
3053 2660 3241 2723 τέλους
3272 2664 3414 2716 κατὰ
3448 2665 3550 2735 τὴν
3579 2666 3745 2719 Ματ-

2158 2741 2315 2796 θαίου
2341 2746 2699 2812 γενεαλογίαν
2730 2751 2876 2802 ἐστὶν
2904 2751 2933 2802 6
2968 2752 3216 2819 Ματθὰν,
3256 2754 3504 2824 πέμπτος
3537 2756 3592 2809 δὲ
3626 2758 3737 2809 ἀπὸ

2154 2835 2341 2900 τέλους
2373 2838 2514 2889 κατά
2556 2837 2649 2890 τὸν
2693 2841 2909 2893 Λουκᾶν
2943 2843 2970 2895 6
3008 2843 3203 2914 Μελχί.
3250 2845 3467 2898 Τούτων
3499 2847 3607 2898 τῶν
3644 2848 3742 2901 δύο

2154 2929 2297 2981 κατὰ
2337 2928 2631 2999 διαφόρους
2664 2932 2888 3002 χρόνους
2930 2935 3147 3006 γαμετὴ
3182 2936 3405 3005 γέγονεν
3444 2939 3475 3008 ἡ
3531 2939 3696 2993 Ἐσθά
3720 2955 3734 2968 °

2152 3018 2247 3073 τοῦ
2291 3019 2401 3092 γὰρ
2437 3020 2665 3076 Ματθάν
2721 3025 3114 3096 προειληφότος
3172 3028 3342 3100 αὐτὴν
3391 3030 3486 3083 καὶ
3545 3032 3738 3085 παιδο-

2154 3114 2484 3184 ποιήσαντος
2512 3113 2572 3179 ἐξ
2602 3115 2774 3187 αὐτῆς
2804 3118 2895 3170 τὸν
2946 3118 3141 3171 Ἰακὼϐ
3169 3120 3262 3173 καὶ
3293 3121 3737 3190 τελευτήσαντος,

464 3215 680 3282 Mclehi,
719 3229 774 3274 et
808 3222 1051 3293 suscepit
1075 3238 1141 3279 ex
1166 3240 1231 3281 ea
1264 3226 1402 3282 Heli.
1449 3204 1620 3285 Jacob
1655 3231 1820 3302 igitur
1846 3243 1899 3287 et
1932 3233 2044 3289 Ileli

2153 3204 2332 3275 χήραν
2378 3205 2546 3277 αὐτὴν
2576 3206 2745 3262 οὖσαν
2777 3211 2841 3262 ὲκ
2888 3208 2988 3278 τῆς
3034 3210 3205 3280 αὐτῆς
3246 3211 3443 3280 φυλῆς,
3479 3211 3648 3283 ἄλλης
3680 3213 3739 3266 δὲ

461 3305 711 3375 ejusdem
747 3312 938 3368 matris
993 3325 1122 3369 sunt
1177 3317 1374 3373 fratres
1426 3334 1490 3373 ex
1536 3319 1703 3374 Estha
1745 3322 1890 3389 nati;
1931 3321 2048 3379 llcli

462 3411 591 3451 Vero
622 3414 744 3452 cum
777 3415 1002 3456 uxorem
1043 3403 1293 3459 duxisset
1320 3414 1376 3459 ct
1402 3407 1522 3461 sine
1567 3406 1752 3463 liberis
1798 3417 2050 3465 mortuus

459 3498 625 3554 esset,
652 3488 848 3558 Jacob,
880 3495 1181 3550 secundum
1218 3497 1413 3568 legem,
1452 3499 1673 3555 intravit
1700 3501 1767 3556 ad
1812 3502 1959 3557 illam
1992 3512 2052 3558 ut

461 3579 629 3636 frater
674 3582 817 3639 ﬁlios
862 3586 1233 3643 suscitaturus
1280 3587 1437 3643 fratri
1462 3606 1566 3646 suo
1613 3593 1754 3647 Heli.
1794 3594 2046 3664 Suscepit

457 3684 591 3742 ergo
616 3670 841 3744 Joseph,
859 3684 915 3731 et
944 3676 1199 3734 inventus
1227 3689 1310 3734 est
1326 3677 1552 3751 Ioseph,
1576 3682 1721 3738 illius
1736 3688 2039 3739 secundum

458 3770 713 3819 naturam
737 3763 936 3833 Jacob,
953 3770 1259 3824 secundttm
1285 3770 1456 3841 legem
1473 3770 1611 3827 Heli.
1632 3773 1895 3830 Mathaaus
1910 3792 2040 3830 vero

458 3857 762 3912 naturalem
793 3873 1109 3914 memorans
1157 3858 1358 3932 Joseph
1387 3863 1778 3933 patremlacob
1802 3864 1961 3930 dixit,
1988 3875 2043 3920 et

455 3948 864 4016 generationem
897 3965 930 4006 e
946 3966 1051 4021 qua
1074 3949 1282 4023 Joseph
1301 3954 1586 4010 descendit
1610 3972 1625 4023 ;
1654 3953 1834 4011 Lucas
1856 3967 2039 4011 autem

456 4041 684 4110 legalem
710 4051 919 4112 patrem
943 4042 1144 4115 Joseph
1163 4048 1456 4104 nominans
1475 4046 1593 4104 Heli
1616 4049 1774 4115 dixit,
1803 4061 1858 4104 et
1880 4065 2043 4121 gene-

456 4134 724 4189 rationem
750 4152 780 4191 e
804 4151 911 4205 qua
935 4135 1048 4192 Heli
1072 4136 1382 4196 descendit.
1401 4138 1528 4198 inde
1550 4142 1765 4198 duobus
1795 4144 2041 4213 patribus

453 4227 508 4281 in
544 4228 708 4283 David
744 4231 1107 4299 coadunatis,
1138 4234 1322 4289 omnis
1353 4237 1715 4305 aequivocatio
1746 4237 2033 4291 adimitur.

2155 3298 2496 3367 συγγενείας,
2524 3300 2763 3369 ἠγάγετο
2798 3303 2824 3354 6
2854 3302 3049 3372 Μελχὶ,
3101 3303 3196 3356 καὶ
3232 3303 3653 3374 ἐπαιδοποίησεν
3678 3305 3739 3370 ἐξ

2154 3390 2328 3461 αὐτῆς
2384 3391 2478 3445 τὸν
2542 3390 2684 3445 Ἦλί.
2730 3391 2789 3449 ΪΟ
2845 3392 3039 3447 Ἰακὼϐ
3083 3393 3371 3465 τοιγαροῦν
3416 3395 3568 3448 καὶὸ
3618 3395 3739 3448 Ἠλὶ

2151 3484 2478 3556 ὁμομήτριοι
2534 3485 2895 3555 τυγχάνουσιν
2950 3485 3171 3555 ἀδελφοὶ
3225 3488 3290 3540 ὲκ
3351 3487 3451 3557 τῆς
3518 3488 3688 3540 Ἐσθά
3716 3501 3734 3517 ³

2152 3574 2499 3646 ἀγαγομένου
2530 3575 2588 3630 δὲ
2616 3574 2712 3629 τοῦ
2748 3576 2869 3631 Ἠλὶ
2906 3581 3143 3646 γυναῖκα
3175 3578 3250 3642 ὡς
3279 3578 3509 3633 ἀτέκνου
3547 3580 3738 3633 τελευ-

2151 3668 2444 3739 τήσαντος,
2492 3669 2635 3722 κατὰ
2666 3672 2760 3722 τὸν
2800 3668 2967 3738 νόμον
3004 3668 3252 3740 εἰσῆλθεν
3293 3671 3324 3723 6
3366 3670 3565 3724 Ἰακὼϐ
3596 3672 3735 3741 πρὸς

2150 3760 2340 3831 αὐτὴν,
2371 3759 2446 3823 ὡς
2489 3760 2742 3829 ἀδελφὸς,
2774 3763 3180 3832 παιδοποιήσων
3219 3762 3299 3833 τῷ
3344 3763 3734 3833 τελευτήσαντι

2149 3850 2363 3923 ἅδε).φῷ
2379 3853 2455 3921 τῷ
2489 3852 2628 3906 Ἦλί.
2660 3854 3111 3925 Ἐπαιδοποίησεν
3130 3850 3333 3909 οὖντὸν
3375 3855 3597 3926 Ἰωσήφ.
3637 3856 3735 3910 καὶ

2148 3943 2346 4015 εὑρέθη
2365 3945 2393 3997 6
2426 3943 2645 4015 Ἰωσὴφ,
2664 3946 2779 4009 υἱὸς
2810 3947 2908 4018 μὲν
2927 3945 3005 4000 ὣν
3035 3945 3194 4015 φύσει
3210 3948 3305 4001 τοῦ
3338 3946 3556 4009 Ἰακὼϐ,
3578 3948 3733 4017 νόμῳ

2146 4034 2204 4089 δὲ
2227 4035 2324 4089 τοῦ
2355 4036 2494 4090 Ἦλί’
2516 4039 2545 4091 6
2561 4038 2839 4102 Ματθαῖος
2865 4039 2920 4092 δὲ
2942 4040 3032 4093 τὸν
3064 4040 3207 4093 κατὰ
3233 4038 3396 4109 φύσιν
3418 4039 3591 4107 λέγων
3624 4055 3736 4091 πα-

2148 4131 2279 4203 τέρα
2307 4132 2402 4185 τοῦ
2448 4130 2669 4202 Ἰωσὴφ,
2716 4130 2809 4185 τὸν
2860 4129 3055 4184 Ἰακὼϐ
3098 4126 3273 4196 εἶπεν,
3322 4130 3417 4185 καὶ
3458 4131 3521 4183 16
3570 4131 3732 4199 γένος

2146 4233 2269 4285 ὅθεν
2299 4230 2328 4282 6
2373 4227 2570 4297 Ἰωσὴφ
2604 4225 2940 4294 κατάγεται·
2969 4225 2998 4277 6
3028 4224 3086 4277 δέ
3124 4241 3187 4294 γε
3218 4225 3430 4287 Λουκᾶς
3458 4224 3551 4276 τὸν
3584 4224 3732 4278 κατὰ

452 4321 618 4390 νόμον
665 4322 839 4392 λέγων
878 4326 1094 4396 πατέρα
1130 4327 1225 4380 τοῦ
1284 4328 1504 4400 Ἰωσὴφ,
1550 4330 1643 4383 16v
1693 4330 1814 4383 Ἥλὶ
1860 4325 2040 4396 εἶπεν,
2092 4347 2127 4381 κ
2163 4328 2187 4379 ὶ
2222 4326 2283 4378 16
2337 4323 2494 4392 γένος
2541 4320 2664 4374 ὅθεν
2700 4321 2730 4373 ὁ
2775 4316 2898 4373 Ἠλῖ
2959 4320 3296 4387 κυάμων
3331 4318 3456 4372 ὅθεν
3493 4318 3604 4371 τῶν
3633 4320 3731 4374 δύο

450 4413 707 4484 πατέρων
768 4417 851 4480 εἰς
900 4417 993 4471 16v
1039 4419 1208 4472 Δαϐὶδ
1259 4420 1693 4492 ὰνατρεχόντων,
1738 4422 1890 4475 πᾶσα
1936 4435 2271 4494 περιῃρηται
2300 4412 2737 4486 ἀμφισϐήτησιςο

1079 4514 1311 4572 CAPUT
1341 4514 1432 4571 ιν.

519 4604 683 4661 Vnus.
715 4605 769 4661 5.
798 4604 1085 4672 Quomodo
1113 4610 1731 4677 iulelligitur:0uendit
1751 4612 1833 4665 illi
1857 4612 2032 4666 omnia

450 4713 610 4767 regna
645 4702 829 4753 mundi
855 4701 911 4753 in
944 4713 1208 4755 momento
1234 4703 1519 4770 temporis?
1543 4703 1598 4757 ld
1617 4710 1720 4769 est,
1742 4704 2036 4773 descripsit

448 4791 697 4844 oratione
738 4790 927 4845 orbem
987 4800 1164 4856 terrae,
1191 4800 1245 4847 et
1289 4792 1529 4861 quodam
1566 4797 1730 4849 modo
1771 4795 2031 4864 ostendit,

448 4890 509 4935 ut
544 4882 791 4951 putabat,
826 4884 880 4937 in
912 4898 1012 4939 sua
1064 4883 1399 4954 cogitatione
1432 4889 1642 4940 omnia.

522 5067 688 5126 Vens.
718 5068 773 5123 4.
807 5068 1092 5135 Quomodo
1129 5069 1357 5140 intelligi
1391 5079 1611 5139 potest:
1642 5069 1924 5141 Regressus
1952 5080 2030 5125 est

442 5160 599 5217 Iesus
628 5163 683 5215 in
705 5164 897 5215 virtute
923 5159 1158 5228 Spiritus
1185 5162 1241 5215 in
1264 5160 1571 5217 Galateam?
1600 5163 1825 5233 Propter
1848 5162 2030 5218 divina

446 5254 710 5308 miracula
738 5252 879 5308 istud
907 5253 1129 5318 dicitur,
1154 5268 1277 5323 quae
1303 5253 1617 5323 complebat
1642 5252 1803 5310 Iesus
1829 5255 2030 5310 virtute

444 5348 620 5402 sancti
677 5344 939 5416 Spiritus.
998 5354 1258 5415 tanquam
1292 5346 1513 5417 propria
1551 5364 1650 5402 sua
1690 5347 1889 5402 virtute
1935 5349 2029 5403 illo

444 5444 627 5503 utens,
651 5435 745 5490 sed
775 5450 908 5501 non,
951 5446 1011 5491 ut
1044 5435 1242 5504 sancti,
1276 5437 1345 5493 ab
1374 5446 1600 5493 externo
1633 5444 1687 5493 et
1714 5446 2027 5508 praestatam

442 5528 585 5583 hanc
618 5528 874 5582 virtutem
907 5528 1204 5599 recipiens.

512 5620 678 5676 Vens.
724 5620 809 5676 l8.
858 5620 990 5689 Qum
1028 5623 1081 5679 in
1112 5623 1252 5680 Isaia
1288 5624 1549 5695 propheta
1594 5624 1799 5697 scripta
1845 5634 2026 5696 erant,

441 5712 497 5768 in
523 5712 618 5766 illo
640 5712 861 5782 impleta
885 5725 1034 5783 sunt;
1065 5717 1183 5788 ipse
1204 5716 1351 5773 enim
1375 5726 1459 5773 est
1488 5725 1686 5773 unctus
1715 5717 2023 5785 divinitate,

437 5804 557 5877 ipse
608 5804 908 5876 piscatores
960 5810 1361 5883 evangelizans,
1404 5810 1523 5884 ipse
1554 5810 1685 5869 mali
1721 5811 2021 5883 captivitati

436 5898 719 5972 subjectos
753 5900 1009 5961 liberans.

2069 4520 2117 4577 υ

2747 4506 3002 4562 ΚΕΦΔΛ.
3030 4505 3104 4562 Δ’.

2218 4603 2340 4666 Πῶς
2383 4603 2585 4655 νοεῖται
2619 4600 2702 4665 16,
2736 4599 3010 4664 Ἕδειξεν
3037 4599 3199 4665 αὐτῷ
3227 4601 3432 4666 πάσας
3461 4601 3568 4667 τὰς
3608 4602 3728 4667 βα-

2138 4697 2372 4761 σιλείας
2397 4694 2505 4749 τοῦ
2536 4696 2770 4762 κόσμου
2803 4692 2873 4745 ἐν
2902 4689 3125 4761 στιγμῇ
3152 4692 3413 4761 χρόνου;
3445 4692 3563 4745 ἀντὶ
3602 4694 3721 4758 τοῦ,

2139 4787 2411 4859 Διέγραψε
2457 4783 2539 4857 τῷ
2581 4785 2725 4856 λόγῳ
2763 4784 2861 4856 τὴν
2900 4784 3252 4854 οἰκουμένην,
3285 4786 3381 4838 καὶ
3415 4784 3491 4848 ὡς
3519 4786 3726 4857 τρόπον

2136 4882 2259 4936 τινὰ
2316 4879 2688 4947 ὑπεδείκνυεν,
2740 4879 2817 4942 ὡς
2869 4877 3027 4944 ὢετο,
3080 4880 3139 4931 ἐν
3181 4880 3249 4950 τῇ
3291 4877 3506 4951 διανοίᾳ
3552 4877 3725 4933 αὑτοῦ

2135 4975 2335 5030 πάντα.

2208 5069 2333 5134 Πῶς
2359 5070 2561 5123 νοεῖται
2581 5067 2665 5133 16,
2710 5067 3113 5137 ’Υπέστρεψεν
3149 5066 3393 5133 Ἰησοῦς
3417 5067 3490 5121 ἐν
3521 5067 3595 5136 τῇ
3616 5069 3722 5121 δυ-

2133 5162 2306 5233 νάμει
2358 5162 2466 5218 τοῦ
2523 5162 2868 5233 Πνεύματος
2916 5164 3005 5228 εὶς
3042 5158 3410 5227 raduntur;
3462 5163 3563 5215 Διά
3615 5162 3719 5228 τὰς

2135 5253 2466 5323 θεοσημείας
2508 5251 2656 5320 λέγει
2687 5252 2871 5318 τοῦτο,
2901 5250 3083 5320 ἇσπερ
3114 5252 3361 5305 ἐπετέλει
3390 5255 3456 5323 τῇ
3487 5252 3717 5323 δυνάμει

2132 5345 2229 5398 τοῦ
2286 5346 2445 5414 ἁγίου
2513 5346 2855 5416 Ηνεύματος,
2915 5344 2994 5408 ὡς
3036 5345 3216 5416 οἰκείᾳ
3267 5344 3435 5398 αὑτοῦ
3481 5345 3715 5415 δυνάμει

2129 5438 2305 5510 τούτῳ
2333 5438 2637 5510 χρώμενος,
2670 5438 2784 5492 ἀλλ’
2817 5439 2937 5509 οὐχ,
2980 5440 3056 5503 ὡς
3098 5439 3157 5508 οἱ,
3182 5438 3351 5507 ἅγιοι,
3386 5438 3586 5504 ἔξωθεν
3618 5442 3716 5495 καὶ

2130 5531 2544 5601 πεπορισμένην
2567 5531 2772 5603 ταύτην
2802 5529 3004 5585 λαϐὼν.

2199 5626 2322 5679 ’Ότι
2368 5625 2438 5679 τὰ
2468 5626 2526 5679 ὲν
2560 5624 2640 5696 τῷ
2686 5628 2943 5697 προφήτῃ
2998 5626 3197 5696 Ἡσαΐᾳ
3231 5624 3616 5696 γεγραμμένα,
3656 5630 3716 5679 ἐν

2128 5718 2278 5790 αὐτῷ
2329 5717 2620 5790 ἐπληρώθη
2647 5734 2660 5749 ⁶
2697 5719 2859 5783 αὐτὸς
2889 5720 2999 5790 γὰρ
3026 5721 3055 5773 6
3086 5719 3332 5790 χρισθεὶς
3364 5721 3431 5789 τῇ
3473 5718 3709 5789 θεότητι,

2128 5813 2290 5875 αὐτὸς
2339 5814 2366 5865 ὁ
2398 5814 2523 5876 τοὺς
2560 5813 2729 5877 ἁλιεῖς
2766 5812 3285 5884 εὐαγγελισάμενος,
3330 5811 3493 5874 αὐτὸς
3525 5812 3555 5864 6
3584 5812 3711 5876 τοὺς

2129 5904 2235 5959 ὑπὸ
2266 5905 2361 5959 τοῦ
2394 5906 2631 5978 πονηροῦ
2665 5906 3207 5979 αἰχμαλωτισθέντας
3235 5907 3562 5979 ῥυσάμενος.
