4026 6582
502 417 641 487 1195

1200 417 1595 481 OPUSCULA
1634 417 2268 482 SCRIPTURISTICA
2310 418 2661 482 INCERTE
2694 422 3006 484 AETA‘TIS.

3619 426 3749 489 1196

496 536 829 603 exhibebat;
853 533 951 590 sed
983 548 1231 606 quaerere
1280 544 1342 590 ut
1388 535 1727 591 renuntiaret
1758 534 2055 591 ﬁuctuantil

2176 536 2238 591 τὸ
2278 536 2334 591 δὲ
2370 536 2554 608 ζητεῖν
2603 537 3003 604 ἀποτάξασθαι,
3052 538 3463 610 μεμερισμένον
3510 537 3660 593 ἔστιν
3686 545 3750 612 τῇ

495 640 579 686 est
604 628 794 685 animi.

571 720 737 775 Vens.
764 720 852 776 62.
895 720 1064 776 Nemo
1106 721 1319 775 mittens
1359 735 1574 774 manum
1628 719 1697 772 ad
1754 729 1995 773 aratrum
2022 729 2073 774 et

495 814 771 881 respiciens
796 822 957 881 retro,
980 823 1134 885 aptus
1159 824 1235 869 est
1267 829 1422 883 regno
1452 812 1567 867 Dei.
1616 810 1683 866 Ut
1724 812 1891 877 enim,
1919 812 2071 876 dicit,

497 905 737 974 agricola
771 919 928 960 arare
961 918 1086 960 eum
1126 904 1374 975 carpe-rit,
1409 902 1455 957 si
1509 905 1562 956 in
1623 903 1834 973 reliquo
1887 917 2075 959 cessa—

496 993 656 1056 verit,
710 1004 882 1050 totum
933 996 1142 1066 perdet,
1182 996 1252 1049 ita
1297 1003 1351 1049 et
1398 993 1489 1061 qui
1545 994 1845 1048 secundum
1902 994 2072 1052 Deum

497 1095 780 1157 operatur,
839 1087 887 1144 si
946 1087 1015 1142 ad
1072 1086 1220 1141 aliud
1282 1084 1559 1156 quidpiam
1612 1085 1773 1140 otiari
1821 1086 2073 1144 inventus

497 1177 679 1235 fuerit.

1111 1380 1342 1439 CAPUT
1380 1383 1449 1440 Χ.

562 1527 731 1584 Vnus.
764 1529 815 1583 l.
871 1527 984 1584 Cur
1028 1528 1169 1585 alios
1220 1531 1564 1603 septuaginta
1625 1533 1931 1604 discipulos
1978 1549 2070 1589 as-

491 1620 765 1692 sumpsit?
801 1621 942 1689 Quia
969 1622 1138 1697 multa
1169 1623 1399 1681 debebat
1435 1626 1546 1680 ﬁeri
1568 1627 1906 1697 praedicatio,
1940 1636 1994 1682 et
2017 1630 2069 1682 in

490 1714 679 1769 multis
719 1714 875 1779 locis,
917 1713 982 1768 ad
1008 1711 1227 1773 Iudaeos
1257 1724 1311 1771 et
1340 1718 1405 1772 ad
1430 1730 1639 1791 gentes.

561 1806 727 1864 Vens.
763 1808 851 1861 18.
884 1807 1023 1875 Quid
1051 1807 1322 1880 signiﬁcat
1356 1827 1372 1865 :
1412 1808 1663 1867 Videbam
1706 1812 1966 1869 Satanam
2012 1825 2068 1869 ut

2178 628 2406 702 διανοίᾳ.

2257 722 2383 776 Ὀτι
2420 719 2620 787 οὐδεὶς
2669 718 2974 774 ἐπιϐαλὼν
2997 718 3116 785 τὴν
3153 718 3323 789 χεῖρα
3349 720 3447 774 ἐπ’
3471 713 3777 791 ἀμοίρου-,ί

2178 812 2281 867 καί
2300 812 2588 880 στραφεὶς
2606 811 2695 877 είς
2722 812 2795 864 τὰ
2833 810 3047 877 ὀπίσω,
3079 812 3323 877 εὔθετός
3347 814 3517 867 ἐστιν
3530 816 3626 881 είς
3645 816 3754 883 τὴν

2170 905 2500 970 ,Βασιλείαν
2523 903 2629 959 τοῦ
2660 903 2829 959 Θεοῦ.
2860 904 3072 975 Ὥσπερ
3108 904 3241 975 γὰρ,
3259 906 3446 976 φησιν,
3467 908 3495 959 6
3518 907 3753 976 γηπόνος

2175 996 2268 1050 τοῦ
2318 997 2580 1067 ἀροτριᾷν
2626 995 2962 1067 ἀρξάμενος,
3006 995 3090 1049 ὅτ’
3133 995 3201 1049 ἃν
3253 996 3463 1069 δκνήσῃ
3522 998 3660 1067 πρὸς
3691 998 3751 1050 τὸ

2175 1089 2384 1155 λεῖπον,
2420 1090 2482 1143 τὸ
2512 1090 2624 1144 πᾶν
2670 1088 2955 1144 ἀπώλεσεν
2978 1106 2994 1125 ·
3049 1089 3227 1155 οὕτως
3254 1092 3349 1145 καὶ
3374 1091 3409 1143 6
3432 1091 3575 1145 κατὰ
3619 1090 3752 1144 Θεὸν

2176 1180 2585 1253 ἐργαζόμενος,
2628 1183 2679 1236 εί
2724 1182 2865 1254 πρὸς
2914 1181 3045 1237 ἄλλο
3095 1199 3150 1237 τι
3196 1182 3599 1255 ἀσχολούμενος
3661 1185 3752 1239 εὐ-

2178 1274 2333 1346 ρεθῇ.
2522 1262 2525 1265 ’
3138 1322 3141 1323 ,

2791 1385 3040 1440 ΚΕΦΑΛ.
3072 1386 3131 1441 1'.

2242 1532 2342 1585 Διὰ
2369 1533 2421 1585 τί
2451 1532 2645 1597 ἄλλους
2678 1531 3049 1601 ἑϐδομήκοντα
3081 1531 3331 1601 μαθητὰς
3354 1529 3747 1605 προσελάϐετος

2185 1624 2402 1695 Ἐπειδὴ
2440 1624 2611 1694 πολλὴ
2640 1622 2867 1694 ἔμελλεν
2898 1624 2934 1694 ἡ
2962 1623 3156 1693 διδαχὴ
3184 1622 3455 1691 γίνεσθαι,
3493 1621 3591 1675 καὶ
3623 1622 3749 1675 πολι

2170 1714 2337 1785 λαχοῦ
2373 1718 2465 1769 καὶ
2499 1716 2637 1787 πρὸς
2684 1714 2971 1780 Ἰουδαίους
3004 1714 3102 1769 καὶ
3141 1715 3278 1787 πρὸς
3303 1715 3372 1768 τὰ
3398 1716 3547 1786 ἔθνη.

2243 1808 2309 1862 Τί
2364 1811 2619 1879 σημαίνει
2662 1809 2752 1874 τὸ,
2818 1805 3146 1875 Ἐθεώρουν
3200 1807 3309 1861 τὸν
3354 1807 3635 1863 Σατανᾶν
3673 1809 3750 1874 ὡς

490 1900 672 1975 fulgur
690 1917 718 1956 e
748 1901 873 1954 caalo
895 1901 1206 1957 cadentem?
1233 1902 1552 1965 Ostenditur
1586 1905 1693 1972 his,
1715 1906 1843 1979 quia
1877 1906 1921 1963 si
1944 1908 2055 1964 illo-

2170 1899 2492 1968 ἀστραπὴν
2520 1902 2788 1956 πεσόντα
2824 1900 2892 1953 ἐκ
2916 1899 3021 1954 τοῦ
3050 1901 3344 1970 adparet};
3383 1900 3555 1954 Τοῦτο
3580 1900 3748 1971 δηλοῖ,

492 2009 614 2049 rum
640 1994 898 2065 princeps
923 1993 1147 2062 decidit,
1189 1996 1331 2050 servi
1356 1996 1485 2068 quid
1504 2013 1533 2051 a
1561 1998 1717 2053 vobis
1741 2000 1849 2071 pati
1876 2015 2055 2071 exspe-

2172 1994 2255 2047 ὅτι
2288 1994 2351 2047 El
2378 1994 2407 2047 6
2434 1994 2619 2066 ἄρχων
2642 1995 2823 2049 αὐτῶν
2853 1996 3178 2061 κατέπεσεν,
3211 1995 3257 2046 οἶ
3288 1993 3464 2047 δοῦλοι
3491 1995 3543 2047 τί
3584 2010 3749 2064 προσ-

486 2085 753 2143 ctabunt?
781 2083 847 2140 Ut
882 2084 1086 2157 fulgur,
1150 2086 1305 2153 dicit,
1353 2089 1481 2158 quia
1512 2089 1828 2158 splendidus
1871 2100 2055 2149 natura

2169 2085 2371 2140 δοκῶσι
2414 2087 2607 2141 παθεῖν
2640 2089 2710 2141 δι’
2754 2088 2945 2159 ὑμῶν;
2973 2088 3101 2167 ἱξΩς
3143 2087 3468 2157 ἀστραπὴν
3495 2086 3550 2140 δὲ
3576 2081 3746 2147 εἶπεν,

486 2188 623 2242 erat,
684 2177 787 2232 etsi
826 2179 1152 2235 tenebrosus
1203 2178 1382 2236 factus
1428 2182 1501 2236 sit
1560 2182 1868 2239 voluntate.
1904 2182 2055 2251 Quod

2168 2179 2357 2253 ἐπειδὴ
2392 2182 2653 2251 φωτεινὸς
2684 2176 2753 2253 ἦν
2786 2183 2885 2253 τὴν
2926 2181 3109 2251 φύσιν,
3146 2181 3194 2233 εί
3226 2180 3320 2233 καὶ
3356 2180 3635 2242 σκοτεινὸς
3658 2180 3749 2248 γέ·

485 2264 633 2320 enim
662 2264 793 2320 facit
824 2265 985 2331 Deus,
1018 2267 1121 2324 hoc
1156 2267 1358 2324 bonum
1391 2280 1509 2339 est;
1550 2273 1693 2342 quod
1718 2282 1902 2329 autem
1946 2291 2055 2329 mu-

2168 2287 2292 2341 γονε
2325 2273 2425 2344 τὴν
2458 2274 2798 2345 προαίρεσιν.
2848 2275 2913 2327 Ὅ
2936 2273 3046 2345 γὰρ
3070 2275 3326 2344 ἐποίησεν
3351 2273 3379 2324 ό
3410 2271 3565 2336 Θεὸς,
3596 2271 3750 2325 τοῦτο

486 2358 624 2413 tavit
654 2358 928 2424 diabolus,
964 2359 1095 2414 illud
1145 2362 1352 2419 malum
1387 2379 1404 2418 :
1448 2364 1531 2421 vel
1565 2366 1710 2436 quod
1756 2381 1823 2420 ex
1865 2367 1977 2423 alto
2010 2368 2055 2421 in

2165 2365 2333 2421 καλόν
2358 2381 2373 2396 ⁸
2410 2366 2438 2419 δ
2463 2366 2519 2420 δὲ
2561 2366 2924 2439 μετεποίησεν
2960 2368 2989 2420 6
3014 2366 3282 2431 διάσολος,
3329 2364 3492 2418 τοῦτο
3538 2358 3709 2418 κακόν
3731 2380 3747 2395 ο

2168 2454 2202 2525 ἢ
2228 2455 2291 2509 τδ
2318 2455 2377 2521 ἐξ
2402 2455 2571 2526 ὕψους
2603 2457 2682 2519 είς
2704 2457 2808 2529 γῆν
2830 2455 3301 2529 κατενηνεγμένον
3325 2455 3479 2528 δηλοῖ
3504 2457 3569 2509 ἐκ
3595 2453 3749 2526 δόξης

2168 2547 2248 2610 είς
2280 2548 2525 2618 ἀτιμίαν.
3732 2560 3735 2561 ν

2242 2640 2363 2693 Ὅτι
2405 2640 2485 2705 τὸ,
2526 2640 2742 2695 Πατεῖν
2788 2641 2990 2696 ἐπάνω
3036 2641 3231 2713 ὄφεων
3276 2640 3372 2695 καὶ
3400 2642 3740 2709 σκορπίων,

2167 2731 2297 2791 περὶ
2344 2731 2452 2785 τῶν
2485 2732 2755 2803 δαιμόνων
2807 2733 2979 2801 λέγει.
3012 2733 3107 2800 Τὸ,
3155 2732 3253 2802 Μὴ
3284 2732 3520 2801 χαίρετε
3561 2732 3649 2786 ὅτι
3676 2732 3746 2785 τὰ

488 2461 691 2509 terram
716 2452 963 2513 defertur
986 2456 1281 2513 ostendite
1308 2457 1481 2531 gloria
1509 2458 1564 2515 in
1598 2459 1951 2530 opprobrium
1978 2478 2065 2518 ca-

484 2546 640 2601 dens.

567 2636 729 2697 Vens.
749 2639 837 2699 l9.
860 2641 1083 2698 Calcare
1110 2659 1266 2714 super
1290 2654 1552 2715 serpentes
1577 2656 1625 2703 et
1648 2648 1973 2718 scorpiones,
1995 2649 2063 2709 de

483 2731 825 2788 darmonibus
858 2733 1085 2793 dicitur.

559 2822 725 2877 Vens.
755 2823 847 2879 20.
893 2823 1076 2879 Nolite
1107 2826 1337 2895 gaudere
1368 2828 1617 2897 quoniam
1659 2831 1881 2901 spiritus
1916 2832 2055 2889 vobis

2163 2822 2474 2892 πνεύματα
2499 2822 2642 2893 ὑμῖν
2664 2822 3099 2887 ὑποτάσσεται,
3130 2822 3252 2877 ἀντὶ
3274 2822 3389 2887 τοῦ,
3419 2823 3511 2893 Μὴ
3537 2822 3747 2875 κενοδοο

481 2914 881 2983 subjiciuntur;
916 2915 967 2969 id
1007 2924 1114 2981 est,
1157 2917 1326 2972 nolite
1368 2933 1505 2973 vana
1539 2919 1783 2990 gloriari.
1827 2922 2055 2981 Gaudete

2165 2914 2329 2981 ξεῖτε.
2350 2916 2445 2981 T6,
2470 2916 2712 2985 Χαίρετε
2733 2916 2822 2981 δὲ,
2842 2916 2929 2971 ὅτι
2950 2917 3021 2971 τὰ
3044 2917 3309 2987 ὀνόματα
3338 2915 3506 2986 ὑμῶν
3517 2914 3745 2985 ἐτράφη

480 3016 659 3060 autem
682 3005 821 3077 quod
850 3008 1065 3061 nomina
1086 3017 1258 3062 vestra
1290 3010 1491 3074 scripta
1511 3021 1633 3064 sunt
1665 3012 1720 3064 in
1746 3013 1912 3080 caelis,
1947 3031 2055 3072 non

2163 3008 2233 3062 ἐν
2255 3007 2380 3075 τοῖς
2408 3008 2709 3077 οὐρανοῖς,
2740 3010 2802 3063 οὐ
2839 3009 2928 3064 διὰ
2959 3010 3213 3081 μέλανος,
3243 3010 3378 3063 ἀλλὰ
3403 3009 3494 3064 διὰ
3522 3010 3746 3079 μνήμης

477 3098 547 3153 de
570 3108 901 3166 atramento,
929 3099 1022 3154 sed
1040 3101 1106 3155 de
1132 3101 1396 3155 memoria
1426 3102 1519 3159 Dei
1550 3103 1703 3157 dicit.

2163 3101 2321 3166 Θεοῦ,
2338 3100 2509 3171 λέγει.
3620 3146 3629 3151 .

554 3191 718 3251 Vsus.
749 3193 840 3252 29.
870 3191 1029 3261 Legis
1062 3192 1270 3261 peritus
1302 3193 1462 3248 aliter
1509 3195 1701 3249 habuit
1729 3198 2054 3267 proximum,

2165 3197 2197 3237 ir
2238 3192 2363 3246 Ὀτι
2390 3194 2419 3246 ὁ
2446 3192 2668 3264 νομικὸς
2709 3193 2916 3266 ἑτέρως
2948 3192 3109 3247 ιλαόε
3142 3192 3224 3260 τὺ,
3255 3192 3552 3262 πλησίον,
3588 3208 3743 3245 κενο-

475 3298 614 3339 vana
641 3284 905 3354 gloriatus
932 3259 1213 3339 {dic—endo
1238 3284 1385 3340 enim
1408 3302 1423 3341 :
1445 3284 1577 3351 Quis
1600 3297 1677 3341 est
1702 3259 1845 3343 incus
1876 3259 2055 3360 prati:-

2163 3284 2330 3351 δοξῶν
2356 3300 2371 3315 ’
2400 3287 2458 3338 ὲν
2488 3259 2599 3357 γὰρ
2628 3284 2704 3356 τῷ
2735 3259 2937 3355 λέγειν,
2989 3287 3084 3352 Τίς
3125 3284 3262 3339 ἐστί
3299 3259 3419 3354 μου
3452 3284 3741 3350 πλησίον,

476 3377 638 3433 mus?
669 3378 773 3432 hoc
810 3376 1065 3447 proponit
1097 3394 1113 3431 :
1154 3378 1299 3447 quis,
1334 3377 1436 3446 ait,
1494 3378 1627 3433 mihi
1684 3382 1907 3451 aequalis
1936 3384 2055 3439 esti

2163 3377 2321 3433 τοῦτο
2373 3377 2725 3433 ὑποτίθεταιο
2782 3378 2902 3447 Τίς,
2954 3377 3141 3449 φησὶν,
3182 3378 3296 3440 ῐσος
3327 3392 3461 3446 μοις
3516 3374 3744 3445 πλησίον

475 3468 787 3539 proximum
831 3469 1040 3539 justum
1091 3468 1297 3526 habens
1330 3470 1489 3542 justi.
1529 3469 1688 3528 Jesus
1739 3483 1921 3529 autem
1965 3491 2060 3547 per

477 3561 874 3631 indulgentiam
900 3562 1111 3619 locutus
1132 3572 1238 3628 est,
1265 3573 1320 3619 et
1355 3578 1451 3633 per
1482 3564 1707 3620 modum
1729 3567 2055 3624 curationis.

551 3655 711 3713 Vrsas.
748 3653 837 3710 δι).
860 3653 1030 3709 Homo
1057 3655 1401 3712 descendebat
1432 3674 1464 3713 a
1489 3656 1794 3714 Jerusalem
1819 3660 1872 3714 in
1904 3658 2053 3716 Jeri.

476 3746 595 3814 eho,
630 3746 698 3801 ab
724 3746 922 3801 eximia
964 3755 1018 3803 et
1069 3748 1297 3817 paciﬁca
1355 3749 1409 3804 in
1450 3752 1715 3820 paradiso
1758 3755 1909 3822 vita;
1947 3755 2054 3811 hoc

476 3838 622 3894 enim
652 3853 842 3909 pacem
885 3837 1177 3910 signiﬁcat.
1212 3839 1296 3894 Ad
1329 3838 1571 3909 Jericbo,
1606 3858 1820 3913 cavam,
1848 3845 2057 3903 demis-

478 3949 618 3999 sam,
647 3934 930 3989 ardentem
977 3943 1032 3991 et
1061 3941 1269 3990 arctam
1323 3936 1571 4006 dejectus
1619 3948 1727 4007 est,
1758 3938 1815 3997 id
1863 3949 1949 3996 est
1985 3941 2053 3996 ad

475 4040 842 4081 arumnosam
866 4026 1055 4081 vitam.
1074 4024 1343 4083 Latrones
1370 4028 1504 4084 dicit
1529 4029 1840 4086 daemonum
1871 4040 2053 4088 cater-

476 4134 624 4185 vam,
657 4126 752 4173 aut
796 4117 1082 4190 passiones
1135 4133 1258 4190 quae
1299 4120 1518 4178 virtutis
1547 4124 1893 4182 vestimentis
1923 4140 2052 4181 eum

475 4214 765 4279 mutantes,
791 4210 998 4283 peccati
1023 4211 1253 4268 vulnera
1294 4211 1618 4271 inﬁxerunt.

545 4489 716 4548 Vens.
745 4492 834 4547 3‘2.
875 4491 977 4547 Per
1006 4489 1229 4548 Levitas
1267 4500 1323 4547 et
1353 4492 1669 4547 sacerdotes
1705 4493 1878 4562 legem
1906 4494 2051 4547 desi-

2162 3468 2298 3522 νοῶν
2326 3467 2418 3521 τὸν
2443 3468 2650 3522 δίκαιον
2678 3468 2758 3539 τῷ
2792 3466 2988 3539 δικαίῳ
3010 3480 3025 3497 ⁸
3055 3467 3221 3530 αὐτὸς
3249 3466 3307 3520 δὲ
3332 3468 3399 3539 τῇ
3427 3463 3746 3537 συμπαθείᾳ

2159 3558 2336 3631 ιλεγε,
2362 3562 2459 3618 καὶ
2478 3562 2557 3634 τῷ
2581 3562 2770 3634 τρόπῳ
2794 3560 2892 3633 τῆς
2922 3560 3242 3631 θεραπείας.

2158 3655 2338 3726 εἰτὸ,
2374 3657 2723 3726 Ἄνθρωπος
2780 3652 3139 3710 κατέϐαινεν
3161 3653 3280 3709 ἀπὸ
3342 3650 3740 3723 Ἰερουσαλὴμ

2158 3750 2246 3814 είς
2290 3746 2537 3817 ἰεριχὼ,
2620 3744 2729 3802 ἀπὸ
2782 3748 2880 3818 τῆς
2915 3749 2975 3801 ἐν
3027 3745 3345 3817 παραδείσῳ
3403 3744 3612 3816 ὑψηλῆς
3645 3744 3741 3796 καὶ

2157 3841 2443 3913 εἰρηνικῆς
2475 3842 2753 3910 διαγωγῆς
2777 3858 2792 3873 ·
2847 3838 3008 3894 τοῦτο
3056 3841 3167 3910 γὰρ
3198 3840 3426 3910 εἰρήνην
3459 3837 3736 3907 σημαίνει.

2158 3936 2304 4008 Πρὸς
2320 3935 2418 4007 τὴν
2460 3934 2671 4007 Ἰεριχὼ
2694 3936 2796 4006 τὴν
2826 3935 3015 4006 κοίλην
3037 3936 3131 3990 καὶ
3164 3934 3452 4007 χθαμαλὴν
3482 3934 3577 3987 καὶ
3604 3950 3740 3985 καυο

2160 4026 2384 4099 ματὼδη
2438 4028 2535 4083 καὶ
2586 4028 2859 4100 πνιγηρὰν
2914 4028 3320 4101 κατωλίσθησεν
3347 4066 3361 4091 ,
3417 4028 3586 4099 ἤγουν
3637 4026 3738 4097 τὴν

2156 4120 2384 4193 ὶμπαθῆ
2430 4122 2597 4193 ζωήν.
2650 4122 2869 4193 Λῃστὰς
2909 4122 2966 4176 δὲ
3000 4122 3169 4192 λέγει,
3200 4123 3310 4175 τῶν
3358 4120 3631 4190 δαιμόνων
3679 4119 3741 4172 τὸ

2156 4210 2435 4283 σύστημα,
2467 4212 2500 4282 ἢ
2529 4212 2597 4265 τὰ
2643 4212 2812 4281 πάθη,
2844 4213 3002 4266 ἅτινα
3049 4212 3158 4265 τῶν
3196 4210 3605 4282 ἀμφιασμάτων
3637 4208 3740 4278 τῆς

2156 4301 2361 4373 ἀρετῆς
2382 4301 2704 4365 ἐκδύσαντες
2722 4301 2909 4368 αὐτόν,
2934 4302 3002 4355 τὰ
3018 4303 3117 4373 τῆς
3140 4301 3414 4373 ἁμαρτίας
3438 4301 3740 4371 τραύματα

2155 4392 2453 4464 ἐπέθηκαν.

2229 4485 2458 4549 Δευῖτας
2496 4486 2553 4539 δὲ
2586 4487 2681 4541 καὶ
2734 4487 2920 4558 ἱερεῖς,
2971 4486 3061 4540 τὸν
3115 4486 3281 4556 νόμον
3317 4484 3486 4555 λέγει,
3535 4483 3614 4546 ὡς
3658 4480 3738 4553 μὴ

470 4596 621 4656 gnat,
650 4593 712 4639 ut
737 4598 858 4652 quae
885 4598 994 4639 non
1034 4585 1321 4639 cadentem
1353 4590 1659 4637 curaverat.
1696 4579 2049 4653 Pertransiit,

2163 4575 2250 4628 τὸν
2285 4576 2588 4630 πταίσαντα
2619 4578 3055 4649 θεραπεύσαντα.

470 4679 524 4733 id
551 4687 655 4741 est,
693 4676 883 4730 videns
905 4676 1223 4732 retrocessit
1250 4676 1449 4731 iterum
1475 4674 1617 4729 unde
1638 4683 1889 4742 venerat,
1914 4676 2053 4733 nihil

469 4775 590 4844 opis
620 4772 823 4829 ferens.

550 4864 716 4922 Vens.
757 4866 849 4922 55.
880 4861 1263 4921 Samaritanus
1286 4871 1493 4930 autem,
1513 4860 1595 4917 vel
1622 4860 1906 4918 modestus
1928 4878 2052 4921 esse

472 4959 706 5025 videtur,
746 4967 805 5014 ut
835 4958 951 5029 ipse
971 4955 1330 5027 reputabatur
1357 4962 1412 5009 et
1440 4953 1744 5011 vocabatur
1798 4954 1868 5009 ab
1917 4954 1999 5010 eis
2032 4973 2047 5022 ;

470 5052 556 5106 vel
588 5067 655 5105 ex
688 5053 792 5121 hoc
826 5064 1044 5106 onmem
1093 5046 1372 5102 hominem
1402 5060 1497 5120 per
1533 5046 1675 5101 hanc
1725 5047 2049 5117 appellatio-

474 5159 624 5211 nem,
660 5134 907 5198 Judzeum
937 5147 991 5196 et
1021 5140 1303 5195 ethnieum
1344 5149 1690 5211 assumptum
1726 5139 1881 5195 dicit.

539 5236 702 5292 Vens.
734 5235 824 5295 54.
856 5233 1174 5289 iumentum
1217 5246 1420 5302 corpus
1461 5247 1624 5287 suum
1668 5233 1839 5297 dicit,
1863 5232 2050 5304 junxit

468 5330 612 5386 enim
670 5326 1000 5381 humanitati
1057 5323 1441 5389 divinitatem;
1488 5324 1799 5395 imponens,
1826 5333 2047 5395 peccata

469 5424 704 5488 sanavit,
739 5420 791 5475 id
814 5429 900 5476 est
930 5418 1176 5473 vulnera.
1227 5414 1430 5473 Vinum
1469 5397 1738 5475 doctrina;
1776 5417 2044 5473 rationem

474 5530 729 5585 asperam
759 5523 936 5569 vocat.
972 5512 1110 5568 Cum
1149 5511 1269 5566 oleo
1314 5521 1519 5575 autem,
1554 5510 1681 5581 quia
1716 5511 2048 5583 benignitate

469 5622 780 5663 sermonem
835 5607 1003 5663 istum
1052 5604 1408 5677 temperavit;
1445 5604 1497 5660 id
1526 5618 1652 5661 vero
1690 5612 1752 5660 ut
1798 5618 1857 5658 se
1889 5603 2047 5660 incli-

468 5704 625 5752 naret
702 5697 1031 5772 publicanis.
1092 5695 1159 5751 In
1224 5696 1526 5770 jumentum
1588 5710 1744 5752 suum
1796 5694 2046 5763 imposuit

466 5791 654 5855 illum;
682 5806 806 5845 nam
858 5791 911 5846 in
952 5804 1011 5845 se
1055 5805 1158 5848 nos
1210 5789 1357 5856 tulit,
1391 5803 1588 5844 sumus
1618 5786 1765 5842 enim
1798 5784 2044 5840 membra

473 5883 724 5954 corporis
763 5882 903 5954 ejus.
933 5882 1247 5952 Stabulum,
1306 5878 1609 5937 Ecclesiam
1652 5885 1812 5935 vocat
1854 5891 2045 5933 omnes

2228 4669 2301 4722 T6
2326 4670 2400 4734 δὲ,
2445 4670 2941 4739 Ἀντιπαρῆλθεη
2973 4669 3095 4725 ἀντὶ
3117 4669 3232 4736 τοῦ,
3283 4668 3426 4723 Ἰδὼν
3448 4668 3549 4741 τὴν
3574 4671 3734 4723 ὲναν-

2152 4760 2272 4815 τίαν
2302 4761 2472 4815 ἔδωκε
2508 4762 2667 4815 πάλιν
2707 4763 2830 4815 ὅθεν
2859 4756 3015 4833 ἦλθε,
3051 4761 3217 4831 μηδὲν
3245 4760 3554 4833 ὠφελήσας.

2236 4855 2296 4907 ’0
2326 4854 2384 4908 δὲ
2418 4854 2843 4927 Σαμαρείτης,ῆ
2882 4858 2909 4909 6
2939 4855 3112 4910 δοκῶν
3163 4855 3388 4926 εὐτελὴς
3439 4850 3604 4919 εἷναι,
3658 4854 3735 4918 ὡς

2151 4946 2315 5011 αὐτὸς
2338 4948 2622 5018 ἐνομίζετο
2652 4950 2748 5002 καὶ
2775 4948 3025 5002 ἐκαλεῖτο
3047 4948 3179 5019 παρ’
3209 4947 3390 5003 αὐτῶν
3411 4963 3425 4977 ’
3450 4947 3483 5018 ἢ
3518 4949 3583 5001 ὲκ
3612 4946 3738 5001 τού-

2151 5056 2244 5092 του
2271 5038 2366 5092 τὸν
2412 5039 2501 5093 διὰ
2529 5039 2625 5093 τοῦ
2655 5039 2820 5095 αὑτοῦ
2875 5040 3200 5112 φυράματος
3240 5039 3418 5094 πάντα
3455 5038 3553 5092 καὶ
3596 5039 3727 5093 ’1ου-

2147 5132 2297 5185 δαῖον
2327 5134 2419 5185 καὶ
2456 5132 2671 5186 ὲθνικδν
2703 5133 3150 5204 προσλαϐόμενον
3180 5132 3351 5201 λέγει.

2231 5226 2559 5296 Ὕποζύγιον
2591 5227 2670 5292 δὲ,
2699 5227 2762 5280 τὸ
2790 5227 2958 5281 αὐτοῦ
2992 5227 3153 5299 σῶμα
3190 5226 3370 5295 λέγει’
3404 5224 3590 5290 ἔζευξε
3621 5224 3737 5294 γὰρ

2147 5322 2215 5392 τῇ
2262 5318 2646 5392 ἁνθρωπότητι
2679 5320 2781 5391 τὴν
2826 5318 3091 5389 θεότητα⁶
3142 5319 3390 5383 ἐπιστὰς,
3450 5318 3739 5388 ἁμαρτίας

2146 5411 2539 5484 ἐθεράπευσεν,
2574 5412 2742 5483 ἤγουν
2766 5411 2837 5465 τὰ
2864 5411 3181 5483 τραύματα.
3235 5405 3390 5463 Οῐνον
3418 5409 3476 5462 δὲ
3510 5410 3604 5461 τὸν
3647 5402 3733 5455 δι·

2146 5504 2471 5558 δασκαλικὸν
2520 5505 2721 5575 τρόπον
2766 5504 2859 5556 τὸν
2890 5502 3163 5572 στύφοντα
3215 5501 3393 5555 καλεῖ.
3432 5499 3532 5550 Σὺν
3558 5494 3733 5564 ἐλαίῳ

2146 5597 2225 5663 δὲ,
2254 5598 2334 5650 ὅτι
2354 5595 2734 5667 φιλανθρωπίᾳ
2763 5594 2953 5648 τοῦτον
2973 5594 3204 5666 ἐκέρασε
3224 5592 3316 5646 τὸν
3342 5584 3504 5652 λόγον
3522 5598 3536 5613 ³
3564 5582 3733 5636 τοῦτο

2146 5690 2207 5744 δὲ
2239 5690 2327 5743 διὰ
2359 5690 2421 5743 τὸ
2472 5687 2959 5743 συνανακλίνεσθαι
3021 5687 3303 5742 τελώναις.
3336 5678 3409 5731 Τδ
3435 5676 3516 5742 δὲ,
3583 5675 3726 5729 ἐπὶ

2146 5781 2213 5836 τὸ
2243 5780 2398 5837 ἴδιον
2442 5780 2770 5851 ὐποζύγτον
2817 5773 3175 5833 ἀνεωσασεν
3220 5768 3432 5835 αὐτὸν,
3465 5773 3525 5823 ὲν
3545 5765 3734 5837 ἑαυτῷ

2146 5874 2256 5946 γὰρ
2282 5875 2430 5946 ἡμᾶς
2481 5872 2708 5945 ὲφόρεσε
2733 5888 2747 5899 ·
2781 5864 2950 5937 ἐσμὲν
3002 5865 3111 5935 γὰρ
3164 5863 3302 5934 μέλη
3334 5861 3428 5917 τοῦ
3470 5861 3734 5932 σώματος
