4026 6590
311 432 447 498 1197

1400 430 1725 495 SCHOLIA
1757 429 2057 493 VETEBA
2101 427 2182 489 IN
2224 429 2502 490 LUCAM.

3425 429 3561 496 1198

309 544 497 603 αὐτοῦ.
515 542 831 614 Πανδοχεῖον
857 542 1048 614 δέ,τὴν
1092 540 1421 613 Ἐκκλησίαν
1454 542 1609 603 καλεῖ
1634 542 1734 613 τὴν
1753 542 1884 598 πάν-

1993 540 2387 609 accipientem;
2430 541 2524 597 sed
2570 556 2672 597 non
2703 542 2836 613 legis
2862 542 3058 613 instar,
3087 543 3396 603 dicentem:
3432 552 3563 605 Am-

307 653 410 700 τας
431 633 759 705 δεχομένην·
799 634 936 690 ἀλλὰ
965 634 1041 705 μὴ
1082 634 1224 691 κατὰ
1248 634 1340 687 τὸν
1370 632 1535 704 νόμον
1576 632 1840 701 λέγουσαν
1864 649 1877 663 °

321 715 681 798 ’Δμμανίτηξ
702 724 798 781 καί
815 726 1124 793 Μωαϐίτης
1172 728 1258 792 εἰς·
1292 725 1635 794 ἐκκλησίαν
1657 725 1880 793 Κυρίου

301 820 420 876 οὐκ
444 817 878 873 εἰσελεύσεται.

380 908 454 962 Τὸ
484 906 543 961 δὲ
566 905 752 962 δοῦναι
777 907 857 977 τῷ
885 908 1140 978 πανδοχεῖ
1171 907 1267 962 δύο
1312 908 1547 979 δηνάρια
1576 907 1656 970 εἰς
1690 907 1887 977 ἐπιμέο

306 998 458 1053 λειαν
510 995 679 1053 αὐτοῦ
702 1038 722 1066 ,
767 999 1023 1070 σημαίνει
1062 1002 1177 1064 τοῖς
1240 999 1343 1069 τῆς
1400 999 1726 1071 Ἑκκλησίας
1783 1001 1883 1052 ἐπ-

300 1092 503 1157 όπταις
558 1092 877 1156 ἀποστόλοις
902 1093 997 1150 καὶ
1048 1093 1394 1156 διδασκάλοις
1427 1092 1608 1162 λέγειν
1634 1109 1650 1124 ο
1681 1091 1764 1146 δτι
1792 1091 1887 1147 Ἐν

309 1185 375 1254 τῇ
404 1184 639 1255 δευτέρᾳ.
664 1183 877 1239 ἐλεύσει
904 1201 1011 1257 μου
1039 1186 1133 1240 τὸν
1164 1185 1359 1256 μισθὸν
1396 1187 1511 1249 τοῖς
1538 1183 1885 1256 ἐπιμελησα-

312 1275 494 1345 μένοις
521 1274 867 1341 διδασκάλοις
897 1277 1187 1334 ἀποδώσω.

384 1366 508 1418 Ὀτι
537 1367 789 1436 κρεῖττον
815 1366 916 1438 τῆς
942 1366 1271 1438 φιλοξενίας,
1301 1368 1334 1439 ἠ
1365 1369 1584 1433 πίστις’
1607 1371 1702 1427 καὶ
1726 1368 1889 1427 τοῦτο

300 1455 461 1526 δηλοῖ
506 1457 743 1528 Χριστὸς
776 1460 835 1517 ἐν
866 1462 934 1531 τῇ
964 1458 1165 1532 Μάρθα
1198 1459 1296 1515 καὶ
1325 1463 1391 1532 τῇ
1422 1461 1641 1533 Μαρίᾳ·
1672 1461 1885 1532 ἐκείνης

304 1548 420 1617 γὰρ
444 1549 577 1623 περὶ
608 1549 711 1621 τὴν
730 1550 1014 1606 διακονίαν
1050 1552 1492 1623 ἀσχολουμένης,
1528 1552 1732 1624 ταύτην
1756 1570 1889 1625 προ·

303 1637 491 1706 έκρινε
517 1641 755 1712 Χριστὸς
782 1641 857 1706 ὡς
884 1640 975 1698 τὸν
1005 1641 1164 1712 λόγον
1194 1643 1507 1699 ἀκούουσαν
1534 1642 1701 1697 αὐτοῦ
1724 1659 1737 1674 ·
1771 1643 1886 1699 ἀλλ’

300 1730 457 1800 ὅμως
479 1732 581 1804 τὴν
612 1732 711 1803 μέν
738 1734 840 1787 οὐκ
873 1734 1217 1805 ἀπέστρεψεν
1245 1736 1340 1805 ἀφ’
1373 1728 1450 1792 ὧν
1474 1734 1671 1803 ἐποίει,
1699 1736 1800 1807 τὴν
1828 1737 1887 1791 δὲ

306 1821 671 1891 προσεδέξατο
692 1825 776 1894 ἐφ’
808 1818 890 1890 οἷς
921 1827 1233 1898 προσεῖχεν.

886 1937 1143 1994 ΚΕΦΑΑ.
1203 1936 1311 1993 1Λέ

368 2041 472 2108 re,
501 2045 737 2115 Ζητεῖτε
762 2046 859 2102 καί
884 2049 1147 2119 κρούετε,
1173 2051 1273 2107 καί
1300 2049 1689 2122 ἀνοιγήσεται
1715 2050 1882 2125 ὑμῖν,

301 2139 403 2191 καὶ
430 2137 511 2204 τὸ,
556 2139 888 2208 Πορεύεσθε
918 2141 990 2195 ἐν
1017 2142 1193 2197 νυκτί
1234 2142 1386 2212 πρὸς
1426 2142 1534 2199 τὸν
1571 2145 1756 2214 φίλον
1794 2147 1887 2211 εἰς

305 2227 376 2281 τὸ
410 2228 619 2282 ,λαϐεῖν
646 2246 725 2296 τι,
762 2230 862 2301 τὴν
914 2231 1134 2304 ὄχλησιν
1176 2232 1273 2288 καὶ
1301 2234 1362 2288 τὸ
1406 2233 1481 2307 μὴ
1530 2236 1741 2306 ταχέως
1784 2236 1887 2307 τῆς

305 2320 474 2390 εὐχῆς
503 2321 831 2390 ἀφίστασθαι
858 2322 1005 2393 λέγει
1035 2342 1050 2356 ·
1092 2325 1263 2381 νύκτα
1293 2326 1350 2382 δὲ
1382 2322 1557 2395 εἶπεν,
1601 2328 1804 2401 μᾶλλον
1828 2328 1885 2383 δέ

312 2411 689 2481 μεσονύκτιον,
738 2413 837 2481 τὰς
878 2418 1114 2488 ἐσχάτας
1143 2420 1237 2472 καί
1268 2423 1406 2492 πρὸς
1435 2420 1513 2494 τῷ
1544 2422 1688 2476 τέλει
1736 2422 1887 2478 ἐλπί-

298 2504 405 2569 δας
445 2506 601 2577 ὴμῶν
624 2525 640 2540 ο
676 2510 1064 2581 οἰκοδεσπότην
1092 2512 1171 2577 δέ,
1202 2512 1296 2566 τὸν
1334 2513 1465 2568 Θεὸν
1505 2514 1698 2570 αὐτόν·
1736 2520 1887 2589 τρεῖς

308 2595 364 2650 δέ
393 2596 501 2669 ἄρα
532 2599 810 2671 ὠνόμασε,
841 2601 940 2672 τὴν
971 2603 1051 2667 εἰς
1074 2604 1293 2676 Πατέρα
1321 2608 1416 2660 καί
1453 2605 1579 2661 Υίὸν
1608 2608 1701 2663 καὶ
1731 2608 1888 2679 ἅγιον

309 2690 538 2763 Πνεῦμα
559 2693 763 2749 πίστιν.
809 2694 868 2749 '0
898 2695 957 2749 δέ
990 2695 1141 2765 φίλος
1161 2698 1189 2750 ὁ
1213 2698 1656 2770 παραγενόμενος
1681 2702 1739 2768 ἐξ
1766 2701 1886 2756 ὁδοῦ

302 2783 664 2850 ἐπιξενωθεὶς
712 2787 882 2859 αύτῷ,
932 2788 1154 2860 νοηθείη
1202 2788 1267 2845 ἂν
1302 2790 1526 2856 εἰκότως
1560 2794 1589 2846 ό
1630 2791 1882 2863 ἅγγελος,

306 2874 476 2946 ἧγουν
500 2878 548 2930 οἱ
589 2879 813 2948 ἄγγελοι
857 2879 905 2933 οἰ
936 2880 1073 2951 πρὸς
1112 2882 1181 2936 τά
1208 2881 1412 2953 ἔσχατα
1457 2884 1886 2956 παραγινόμενοι

310 2969 649 3039 παραλαϐεῖν
698 2972 878 3042 ἡμᾶς·
913 2970 1130 3042 φιλοῦσι
1172 2973 1279 3045 γάρ
1320 2975 1466 3047 ἡμᾶς
1509 2973 1604 3028 καὶ
1628 2975 1783 3029 αὐτοὶ
1811 2975 1888 3039 ὡς

309 3059 699 3134 φιλανθρώπου
735 3062 874 3118 Θεοῦ
935 3062 1311 3137 φιλάνθρωποι
1360 3066 1668 3137 ὑπηρέται·
1719 3066 1788 3119 τὰ
1829 3066 1886 3121 δὲ

309 3152 500 3206 παιδία
533 3155 601 3208 τά
632 3157 726 3209 ἐπὶ
763 3155 863 3228 τῆς
888 3155 1080 3228 κλίνης
1130 3157 1541 3229 άναπαυόμενα,
1572 3157 1699 3221 τοὺς
1755 3173 1887 3229 τρα-

1989 636 2184 687 monita
2208 644 2260 687 et
2293 633 2527 689 Moabita
2550 635 2603 688 in
2652 635 2921 690 ecclesiam
2955 635 3167 691 Domini
3185 654 3287 695 non
3318 639 3564 697 intrabit.

1992 911 2003 922 '
2058 907 2336 965 Vsus.37.
2381 909 2519 965 Dare
2559 910 2863 966 stabulario
2884 910 3025 967 duos
3053 912 3314 969 denarios
3355 924 3416 968 ut
3457 930 3560 970 cu-

1985 1016 2104 1056 ram
2126 1002 2192 1057 de
2223 1000 2315 1059 illo
2342 1000 2562 1068 habeat,
2591 1002 2865 1074 signiﬁcat
2898 1018 3028 1059 eum
3072 1002 3329 1061 Ecclesia:
3353 1006 3554 1072 priete-

1984 1088 2091 1143 ctis
2129 1088 2315 1144 dicere
2343 1090 2605 1159 apostolis
2627 1098 2682 1147 et
2715 1091 3050 1160 doctoribus,
3086 1095 3140 1149 in
3172 1095 3414 1151 secundo
3441 1111 3563 1153 meo

1986 1180 2223 1239 adventu
2256 1182 2564 1239 mercedem
2599 1184 2918 1242 doctoribus
2962 1187 3056 1257 qui
3104 1202 3297 1244 curam
3348 1187 3561 1246 habue-

1991 1271 2096 1326 rint
2122 1274 2447 1329 retribuam

2056 1362 2223 1420 Vens.
2244 1364 2333 1419 η.
2363 1364 2741 1437 Hospitalitate
2771 1369 2967 1425 melior
2998 1378 3084 1426 est
3112 1370 3269 1427 fides.
3304 1371 3363 1427 Id
3393 1371 3559 1430 etiam

1987 1458 2222 1513 ostendit
2248 1457 2500 1516 Christus
2524 1461 2577 1516 in
2614 1461 2821 1517 Martha
2852 1473 2906 1519 et
2929 1463 3119 1520 Maria.
3146 1462 3297 1523 Hanc
3327 1468 3477 1523 enim
3505 1468 3561 1521 in

1988 1549 2296 1605 ministerio
2320 1559 2630 1606 cessantem
2663 1554 2946 1622 anteponit
2972 1554 3233 1611 Christus
3263 1564 3323 1612 ut
3341 1571 3559 1613 sermo-

1984 1657 2087 1697 nes
2116 1643 2289 1713 ipsius
2321 1643 2635 1701 audientem
2660 1661 2674 1708 ;
2711 1643 2804 1701 sed
2830 1653 3017 1701 tamen
3046 1660 3160 1702 non
3186 1647 3333 1703 illam
3364 1650 3561 1705 avertit

1989 1733 2058 1788 ab
2084 1735 2341 1802 operibus
2366 1750 2487 1803 quae
2516 1735 2831 1799 exercebat.
2872 1736 2969 1793 sed
2997 1736 3226 1793 alteram
3262 1748 3553 1810 acceptam

1992 1822 2180 1879 habuit
2210 1822 2265 1877 in
2298 1823 2383 1878 his
2408 1838 2530 1892 quae
2557 1824 2871 1894 praestabat.

2597 1927 2825 1985 CAPUT
2854 1928 2944 1983 XI.

2053 2035 2225 2093 1Vinus.
2255 2037 2309 2093 9.
2334 2037 2576 2103 Quwrite
2611 2047 2663 2092 et
2719 2037 2926 2105 νυίσαιε
2984 2046 3035 2092 et
3092 2036 3361 2107 aperietur
3395 2037 3561 2101 vobis,

1988 2136 2037 2182 et
2093 2128 2164 2183 ite
2218 2129 2394 2183 media
2443 2137 2591 2183 nocte
2660 2130 2732 2182 ad
2775 2130 3008 2183 amicum
3071 2130 3139 2184 ad
3208 2130 3565 2200 recipiendum

1989 2218 2231 2289 «liquidi;
2288 2219 2379 2274 his
2458 2218 2925 2289 importunitatem
2986 2227 3043 2274 et
3086 2234 3195 2274 non
3254 2229 3563 2290 promptam

1988 2310 2057 2365 ab
2099 2310 2350 2366 oratione
2404 2312 2767 2368 cessationem
2831 2312 3093 2367 ostendit.
3155 2310 3379 2369 Noctem
3436 2328 3566 2368 vero

1987 2399 2136 2465 dicit,
2183 2409 2280 2457 aut
2314 2402 2500 2472 potius
2555 2403 2790 2456 mediam
2842 2408 3081 2465 noctem.
3134 2412 3410 2458 extremas
3465 2419 3566 2458 no-

1988 2503 2133 2551 stras
2173 2509 2292 2550 esse
2352 2509 2479 2565 spes
2527 2504 2582 2551 et
2645 2495 2696 2550 in
2751 2495 2912 2550 tinem
2970 2505 3312 2565 spectantes;
3364 2498 3566 2552 demus

1987 2585 2294 2649 dominum.
2342 2585 2512 2642 Deum
2573 2587 2781 2657 ipsum;
2833 2596 2943 2642 tres
2998 2597 3179 2643 autem
3234 2589 3556 2652 nominavit,

1989 2678 2147 2733 tidem
2197 2678 2249 2732 in
2282 2676 2497 2734 Patrem
2545 2690 2601 2734 et
2649 2677 2846 2733 Filium
2898 2690 2951 2734 et
3000 2677 3266 2749 Spiritum
3314 2693 3564 2737 sanetum

1989 2769 2245 2824 innitens.
2268 2770 2493 2825 Amicus
2510 2782 2639 2824 vero
2665 2770 2889 2825 veniens
2914 2785 2944 2825 e
2967 2771 3053 2825 via
3078 2780 3133 2826 et
3154 2773 3301 2827 abeo
3327 2774 3566 2844 hospitio

1986 2872 2268 2931 acceptus,
2306 2861 2533 2930 intelligi
2584 2870 2764 2931 potest
2818 2862 3191 2918 verisimiliter
3219 2864 3472 2935 angelus,
3510 2867 3560 2920 id

1987 2961 2071 3007 est
2102 2952 2278 3023 angeli
2309 2954 2402 3022 qui
2435 2954 2486 3008 in
2513 2953 2776 3008 extremis
2802 2954 3029 3009 veniunt
3051 2955 3121 3009 ad
3148 2954 3562 3025 suscipiendum

1989 3059 2117 3111 nos;
2147 3057 2326 3098 amant
2354 3046 2502 3101 enim
2529 3059 2630 3100 nos
2653 3053 2707 3100 et
2734 3044 2837 3115 ipsi
2863 3053 2923 3099 ut
2958 3045 3177 3114 benigni
3203 3047 3559 3116 benignitatis

1989 3135 2083 3192 Dei
2114 3138 2377 3193 ministri.
2404 3137 2568 3192 Pueri
2590 3138 2677 3208 qui
2712 3139 2768 3192 in
2801 3138 2968 3193 cubili
3000 3139 3324 3208 quiescunt,
3351 3140 3404 3193 bi
3435 3152 3565 3195 sunt

311 3246 509 3315 φέντας
535 3247 611 3311 ὡς
635 3248 705 3303 τὰ
732 3249 920 3304 παιδία
958 3250 1053 3302 καί¹
1082 3249 1142 3303 ἐν
1175 3249 1320 3319 ἁπλῇ
1357 3249 1559 3322 καρδίᾳ
1588 3268 1884 3304 πεπιστευ-

1989 3234 2082 3303 qui
2123 3235 2372 3289 conversi
2400 3242 2608 3290 suntut
2630 3235 2783 3303 pueri
2812 3243 2865 3290 et
2898 3236 2951 3289 in
2988 3235 3223 3306 simplici
3249 3236 3415 3291 corde
3441 3253 3562 3292 cre-

311 3337 476 3400 κότας
504 3339 581 3409 τῷ
608 3338 947 3413 Εὑαγγελίῳ,
963 3342 1056 3394 καὶ
1075 3340 1412 3412 ἠξιωμένους
1449 3340 1526 3412 τῷ
1551 3342 1744 3415 Κυρίῳ
1759 3360 1884 3395 συν-

309 3429 691 3485 αναπαύεσθαι
713 3449 727 3464 ·
772 3433 1048 3487 ἀναίδειαν
1079 3432 1134 3486 δὲ
1165 3431 1403 3487 ἐνταῦθα
1453 3433 1601 3503 λέγει
1630 3433 1727 3506 τὴν
1759 3435 1884 3504 μεθ’

310 3514 592 3589 ὑπομονῆς
619 3520 1019 3591 ἐπιτεταμένην
1054 3522 1388 3591 προσευχήν.

380 3610 482 3664 Διὰ
504 3613 558 3664 τί
588 3613 687 3683 τῆς
723 3612 982 3681 γυναικὸς
1012 3611 1298 3683 εἰπούσης,
1322 3610 1598 3679 Μακαρία
1625 3610 1663 3679 ἢ
1690 3610 1887 3665 κοιλία

310 3699 350 3767 ἡ
376 3699 752 3763 ,ϐαστάσασά
803 3716 898 3767 σε,
925 3700 1088 3765 αὐτὸς
1120 3696 1276 3754 εἶπεν
1294 3717 1310 3732 ο
1341 3700 1650 3771 Μενοῦνγε
1693 3700 1887 3770 μακά-

302 3808 423 3859 ριοι
471 3796 526 3847 ot
557 3793 883 3860 ἀκούοντες
917 3794 1024 3849 τὸν
1063 3795 1250 3864 λόγον
1298 3794 1403 3850 τοῦ
1444 3794 1621 3858 Θεοῦ;
1651 3792 1748 3846 Διὰ
1795 3793 1886 3846 τὸν

304 3884 504 3957 καιρὸν
541 3885 635 3939 καὶ
676 3886 805 3951 τοὺς
836 3886 1277 3959 παρισταμένους
1309 3887 1466 3939 τοῦτο
1499 3885 1648 3955 λέγει
1678 3885 1772 3937 καὶ
1798 3884 1886 3937 διὰ

309 3978 371 4030 τὸ
397 3978 701 4048 φιλότιμον.

382 4070 541 4133 Τίνος
571 4071 759 4124 ἕνεκεν
786 4068 1039 4139 πονηρῶν
1062 4068 1233 4121 ὄντων
1256 4066 1364 4120 τῶν
1386 4064 1719 4137 Φαρισαίων,
1749 4065 1885 4138 πρὸς

307 4159 473 4216 αὑτὸν
498 4159 719 4229 κληθεὶς
749 4159 881 4230 παρ’
906 4157 1027 4221 ἐνὸς
1058 4157 1240 4211 αὐτῶν
1270 4155 1511 4226 άπῆλθε;
1540 4155 1881 4229 Νουθετῆσαι

304 4248 534 4313 τούτους
566 4247 893 4320 βουλόμενος
924 4248 1019 4300 καί
1049 4244 1341 4317 ἡμερῶσαι
1364 4262 1380 4277 ·
1412 4244 1804 4316 ἐσκανδαλίσθη
1828 4243 1886 4298 δὲ

309 4343 651 4409 δΦαρισαῖος
667 4340 749 4393 ὅτι
767 4340 829 4393 οὐ
862 4340 967 4409 πρὸ
997 4338 1089 4392 τοῦ
1118 4338 1342 4410 ἀρίστου
1370 4334 1694 4407 ἐϐαπτίσθη,
1723 4338 1886 4391 ἀσυν-

311 4428 478 4491 έτως·
514 4430 719 4500 Μωσῆς
747 4427 856 4499 γὰρ
888 4427 1126 4499 οὐδαμοῦ
1160 4427 1458 4499 προσέταξε
1478 4425 1635 4480 τοῦτο
1686 4429 1885 4480 ποιεῖν·

310 4520 345 4591 ἠ
375 4519 481 4592 γὰρ
512 4520 598 4574 διὰ
612 4520 719 4574 τῶν
744 4520 954 4574 ὑδάτων
977 4519 1254 4589 ἀπόνιψις,
1282 4517 1549 4590 χρειώδης
1578 4518 1727 4572 ἐστὶν
1751 4518 1886 4590 πρὸς

1994 3322 2255 3377 diderunt
2294 3322 2611 3391 Evangelia,
2636 3333 2690 3378 et
2733 3322 2883 3393 digni
2916 3324 3084 3379 habiti
3124 3334 3253 3380 sunt
3291 3340 3416 3379 cum
3452 3326 3559 3381 De

1989 3414 2142 3468 mino
2169 3414 2474 3484 quiescere.
2506 3415 2914 3485 improbitatem
2972 3431 3101 3471 vero
3155 3414 3244 3472 hic
3278 3416 3413 3471 dicit
3430 3433 3563 3473 ora-

1985 3504 2191 3560 tionem
2218 3520 2342 3561 cum
2372 3507 2639 3578 patientia
2670 3518 3138 3578 perseverantem.

2056 3596 2219 3651 Vsus.
2254 3596 2344 3651 27.
2372 3597 2504 3663 Cur,
2562 3598 2793 3654 muliere
2835 3598 3072 3663 dicente,
3136 3599 3335 3654 Beatus
3386 3610 3564 3656 venter

1989 3689 2080 3758 qui
2102 3699 2151 3742 te
2166 3693 2422 3759 portarit,
2451 3690 2541 3746 ille
2572 3690 2729 3757 dixit,
2763 3691 3013 3759 Quinimo
3042 3694 3183 3747 beati
3207 3695 3297 3764 qui
3338 3697 3565 3749 audiunt

1990 3782 2200 3834 verbum
2238 3780 2370 3834 Dei?
2428 3781 2658 3850 Propter
2704 3792 2923 3854 tempus
2959 3792 3016 3839 et
3049 3784 3468 3842 circumstantes
3492 3788 3564 3841 ita

1986 3872 2252 3942 loquitur,
2285 3881 2339 3926 et
2365 3874 2527 3928 etiam
2556 3875 2624 3929 ad
2654 3875 3003 3945 rejieiendam
3039 3876 3278 3932 laudem.

2060 4056 2227 4114 Vsus.
2260 4059 2349 4114 57.
2383 4058 2557 4127 Quam
2606 4061 2680 4117 eb
2729 4076 2953 4117 causam
2976 4103 2994 4130 ,
3057 4064 3185 4118 mali
3222 4079 3347 4119 cum
3383 4077 3566 4120 essent

1988 4149 2273 4215 Pharisaei,
2304 4149 2560 4206 invitatus
2583 4152 2655 4208 ab
2688 4168 2799 4208 uno
2826 4168 2891 4208 ex
2944 4155 3071 4217 illis,
3129 4155 3278 4209 vadit
3308 4155 3375 4209 ad
3400 4171 3521 4209 eum
3543 4158 3569 4188 ν

1988 4238 2062 4295 Ut
2102 4238 2340 4310 placaret
2380 4249 2435 4294 et
2486 4241 2924 4297 mansuefacerct
2974 4242 3116 4297 illos.
3153 4241 3564 4300 Scandalizatus

1986 4340 2073 4387 est
2102 4341 2283 4387 autem
2313 4330 2624 4389 Pharisaeus
2657 4334 2801 4407 quod
2835 4345 2961 4390 ante
2993 4335 3280 4405 prandium
3330 4351 3437 4391 non
3467 4339 3564 4392 bn-

1986 4424 2223 4498 ptiaatus
2248 4436 2411 4492 esset,
2446 4426 2744 4494 immerito;
2776 4427 2988 4499 Moyses
3015 4430 3160 4484 enim
3181 4431 3406 4486 minime
3431 4447 3565 4502 prae-

1988 4527 2207 4587 ceperat
2228 4519 2335 4574 hoc
2363 4534 2523 4589 agere
2552 4536 2565 4582 ;
2597 4534 2723 4574 nam
2758 4519 2967 4574 ablutie
2995 4536 3092 4591 per
3125 4537 3348 4592 aquam,
3385 4525 3566 4578 sordi-

313 4609 486 4681 ῥύπον
525 4608 855 4681 σωματικὸν,
906 4609 1248 4680 ἀκαθαρσίαν
1278 4608 1333 4661 δέ
1362 4607 1539 4678 ψυχῆς
1573 4608 1881 4675 ἀπαλλάξαι

1987 4608 2090 4665 bus
2146 4611 2392 4679 corporis
2443 4611 2594 4666 utilis
2653 4620 2741 4666 est
2775 4612 3112 4679 amovendis,
3163 4613 3564 4670 immunditiam

307 4701 370 4754 ού
400 4700 643 4756 δύναται.

378 4794 518 4863 Περὶ
546 4792 639 4847 τοῦ
664 4791 935 4865 Ζαχαρίου
954 4784 1015 4844 οὗ
1034 4786 1185 4844 εἶπεν
1206 4790 1436 4860 Κύριος,
1464 4791 1545 4843 ὃτι
1564 4792 1768 4860 μεταξὺ
1792 4790 1883 4845 τοῦ

309 4884 440 4937 ναοῦ
477 4883 570 4938 καὶ
595 4884 690 4937 τοῦ
728 4883 1121 4951 θυσιαστηρίου
1151 4882 1387 4950 ἐσφάγη,
1412 4883 1441 4934 ό
1467 4880 1654 4951 Νύσης
1694 4883 1881 4951 φησὶν,

308 4974 392 5029 ὅτι
418 4978 446 5027 ὁ
470 4974 650 5046 πατὴρ
676 4972 744 5048 ἦν
770 4973 863 5028 τοῦ
895 4974 1212 5045 Προδρόμου
1234 4990 1246 5003 ⁸
1275 4975 1370 5027 καὶ
1415 4972 1602 5044 ἐπειδὴ
1643 4974 1743 5026 οὐκ
1775 4974 1885 5026 ἁπ-

307 5066 541 5140 εχώρισε
582 5068 725 5139 μετὰ
755 5068 846 5121 τὸν
882 5065 1117 5137 ἄφθορον
1151 5065 1309 5119 τόκον
1334 5064 1432 5135 τὴν
1455 5065 1730 5134 παναγίαν
1757 5065 1885 5119 Beo-

302 5163 464 5215 τόκον
493 5161 715 5231 Μαρίαν
740 5159 834 5213 τοῦ
864 5160 982 5221 ταῖς
1015 5157 1307 5228 παρθένοις
1340 5156 1883 5228 ἁποκεκληρωμένου

302 5253 474 5305 τόπου
515 5254 571 5305 ὲν
604 5250 683 5322 τῷ
725 5251 839 5322 ναῷ
909 5247 997 5322 (ἦν
1035 5251 1091 5304 δέ
1120 5245 1269 5311 οὗτος
1298 5251 1325 5301 ό
1351 5249 1513 5311 τόπος
1552 5247 1753 5316 μεταξῦ
1786 5246 1881 5301 τοῦ

308 5345 436 5398 ναοῦ
470 5346 565 5398 καὶ
586 5341 680 5398 τοῦ
706 5340 1145 5413 θυσιαστηρίου),
1178 5340 1548 5409 κατέσφαξαν.

916 5470 1165 5526 ΚΕΦΔΛ.
1190 5469 1291 5525 IB'.

381 5581 484 5635 Διὰ
505 5580 559 5632 τί
589 5584 720 5647 πρὸς
765 5583 855 5637 τὸν
889 5585 1113 5637 εἰπόντα
1156 5582 1329 5653 αὐτῷ,
1359 5582 1721 5648 Διδάσκαλε,
1752 5580 1884 5637 εἰπὲ

306 5673 389 5741 τῷ
414 5671 657 5741 ἀδελφῷ
683 5688 801 5741 μου
826 5677 1180 5740 μερίσασθαι
1202 5677 1327 5746 μετ’
1349 5676 1497 5746 ἐμοῦ
1528 5674 1643 5744 τὴν
1662 5678 1881 5742 unpe-

305 5768 545 5836 νομίαν,
573 5763 893 5834 ἀποκριθεὶς
925 5759 1106 5820 εἶπεν·
1141 5769 1474 5836 Ἄνθρωπε,
1496 5769 1590 5835 τίς
1629 5784 1707 5837 με
1740 5782 1882 5821 κατ.

306 5858 533 5927 domm:
580 5857 792 5926 κριτὴν
836 5856 1187 5929 ἣλιεριστίῃ·
1217 5860 1333 5935 ἵὲφ⁹
1371 5858 1569 5939 emis;
1610 5850 1884 5916 Εἴπενδὲ

1987 4718 2120 4757 vero
2153 4702 2352 4757 animae
2380 4701 2601 4756 auferre
2622 4719 2729 4757 non
2762 4711 2961 4773 potest.

2058 4791 2224 4847 Vens.
2252 4792 2337 4848 5L
2388 4791 2463 4846 De
2507 4789 2774 4846 Zacharia
2824 4792 2891 4846 de
2941 4806 3052 4861 quo
3097 4790 3230 4847 dicit
3276 4791 3563 4857 Dominus,

1986 4883 2130 4953 quod
2158 4884 2298 4937 inter
2326 4883 2587 4952 templum
2624 4892 2676 4937 et
2699 4884 2868 4938 altare
2892 4884 3113 4939 occisus
3140 4893 3244 4948 est,
3276 4883 3560 4956 Nyssenus

1985 4976 2117 5029 dicit
2146 4975 2296 5027 illum
2325 4974 2495 5029 fuisse
2530 4973 2890 5028 Praecursoris
2916 4984 3124 5043 patrem
3152 4993 3166 5041 ;
3199 4984 3252 5029 et
3278 4978 3405 5044 quia
3456 4992 3563 5029 non

1985 5066 2270 5136 prohibuit
2301 5074 2423 5134 post
2445 5065 2865 5119 immaculatum
2902 5075 3115 5135 partum
3151 5078 3399 5121 sanctam
3434 5067 3559 5121 Dei-

1986 5173 2174 5226 param
2205 5156 2432 5211 Mariam
2453 5157 2522 5211 ab
2551 5156 2647 5210 illo
2665 5157 2756 5224 qui
2786 5172 2814 5209 a
2848 5158 3149 5226 virginibus
3191 5160 3565 5228 occupabatur

1984 5250 2107 5305 loco
2136 5248 2190 5303 in
2224 5247 2426 5317 templo
2453 5246 2592 5317 (erat
2623 5256 2805 5301 autem
2838 5247 2928 5302 ille
2952 5248 3106 5303 locus
3128 5248 3270 5302 inter
3294 5250 3559 5319 templum

1984 5352 2039 5398 et
2061 5341 2281 5413 altare),
2323 5340 2568 5396 occisum
2601 5338 2793 5395 fuisse.

2577 5467 2812 5524 CAPUT
2853 5467 2969 5522 XII.

2058 5580 2227 5637 Vens.
2255 5580 2343 5635 15.
2362 5578 2475 5635 Cur
2496 5577 2700 5635 dicenti
2730 5578 2965 5643 cuidam,
2989 5575 3267 5647 Magister,
3291 5578 3377 5633 dic
3402 5578 3564 5648 fratri

1985 5690 2098 5730 tneo
2118 5685 2174 5728 ut
2195 5673 2399 5728 dividat
2422 5687 2594 5726 meam
2619 5671 3004 5731 hwreditatem,
3030 5669 3310 5738 respondit
3331 5671 3522 5727 dicens
3540 5690 3561 5728 ς

1989 5765 2194 5832 Homo,
2218 5766 2339 5836 quis
2378 5781 2461 5817 me
2484 5763 2760 5819 constituit
2777 5762 3015 5831 judicent
3046 5774 3139 5821 aut
3160 5762 3436 5820 divisorem
3471 5779 3565 5818 su-

1984 5874 2078 5928 per
2107 5857 2232 5913 vos?
2288 5856 2347 5914 Id
2394 5864 2577 5910 autem
2627 5854 2788 5923 dixit,
2823 5862 2879 5931 ct
2908 5854 3037 5929 quia
3068 5855 3426 5926 anteponebat
3460 5854 3563 5929 ista
