4060 6566
506 418 641 486 1³109

1200 419 1587 481 OPUSCULA
1630 422 2256 485 SCRIPTURISTICA
2294 425 2639 487 INCERTE
2680 429 2987 491 .‘ETATIS.

3602 430 3743 494 ιιθιι

502 535 780 592 terrestria
807 534 1026 601 divinis,
1064 541 1115 588 et
1159 536 1287 605 quia
1315 536 1427 605 jam
1468 543 1593 589 ante
1618 536 1829 590 dixerat
1863 538 2068 608 :Aufe.

2171 540 2330 595 τοῦτο
2377 542 2474 596 καὶ
2519 542 2606 597 διά
2654 544 2714 597 τὺ
2747 545 3061 617 προκρίνειν
3108 544 3274 599 αὐτὸν
3313 545 3384 600 τὰ
3425 546 3587 615 γήϊνα
3631 546 3742 598 τῶν

500 628 635 683 renti
663 626 758 680 tibi
785 637 875 680 tua
900 626 1009 679 noli
1032 641 1293 680 recusare.
1327 625 1442 681 Non
1471 628 1615 682 enim
1648 639 1751 694 est,
1787 629 1984 698 inquit,
2008 630 2061 684 in

502 718 1004 790 superabundantia
1029 718 1157 784 vita,
1185 734 1310 773 nam
1344 734 1450 774 non
1495 734 1619 774 cum
1652 720 1856 777 divitiis
1884 730 2069 776 exten-

498 814 648 866 ditur
673 812 798 865 vitae
829 825 1104 864 mensura.

570 997 736 1053 Vens.
769 997 859 1051 52.
897 995 1076 1051 Noiite
1106 999 1306 1063 timere,
1341 996 1733 1066 pusillus-great,
1759 1010 1877 1065 pro,
1905 995 2068 1050 nolite

504 1091 765 1157 difﬁdere,
807 1090 1030 1146 dicitur.
1088 1090 1352 1145 Pusillum
1409 1100 1589 1142 autem
1632 1100 1788 1143 vocat
1825 1098 2065 1152 sanctos,

502 1185 584 1239 vel
619 1184 745 1254 quia
784 1185 1016 1255 pusillus
1045 1184 1196 1237 locus
1245 1181 1300 1234 in
1331 1182 1433 1235 hoc
1480 1181 1685 1235 mundo
1738 1183 1944 1235 sanctis
1976 1196 2065 1235 re-

502 1288 771 1338 servatur,
803 1284 862 1329 ut
887 1276 977 1344 qui
1005 1273 1307 1327 voluntarie
1341 1282 1469 1329 sunt
1501 1288 1803 1342 pauperes;
1832 1272 1910 1326 vel
1938 1273 2066 1342 quia

505 1367 817 1436 angelorﬂm
861 1365 1196 1420 multitudini
1230 1364 1521 1421 inferiores
1559 1375 1688 1420 suut
1712 1380 1961 1419 numero.

572 1460 741 1515 Vsus.
770 1460 860 1514 39.
907 1458 1025 1513 Sint
1062 1458 1227 1510 lumbi
1269 1460 1427 1511 vestri
1454 1459 1756 1527 prcciricti;
1802 1458 1881 1511 vel
1918 1473 2070 1511 mcns

505 1558 691 1620 parata
722 1549 791 1604 sit
826 1550 892 1602 ad
932 1548 1304 1617 operationem
1338 1549 1551 1602 utilium
1588 1566 1599 1602 :
1637 1550 1757 1603 ideo
1809 1549 2071 1603 doctrinae

504 1643 727 1699 lucerna
759 1641 1030 1696 excitetur
1062 1651 1115 1696 et
1160 1641 1413 1695 ardescat
1469 1640 1535 1694 ad
1582 1641 1801 1695 virtutis
1854 1642 2069 1695 exerci-

505 1736 664 1788 tium.
706 1731 931 1802 Nuptias
967 1740 1146 1791 vocat,
1176 1744 1243 1783 eo
1273 1731 1418 1800 quod
1445 1729 1555 1783 illic
1586 1742 1691 1783 non
1722 1729 1865 1782 inest
1900 1725 2071 1781 tristi-

502 1827 615 1893 tia;
643 1824 965 1892 lntempesta
990 1832 1138 1875 nocte
1168 1820 1319 1884 dicit,
1356 1829 1579 1890 propter
1601 1818 2067 1881 iucertitudinem;

502 1920 557 1973 in
588 1891 827 1972 secunda?
848 1926 900 1970 et
936 1915 1091 1969 tertia
1121 1913 1300 1982 vigilia
1330 1911 1566 1967 ostendit
1616 1911 1717 1965 hos
1747 1912 1840 1980 qui
1867 1925 2063 1978 exspe—
2105 1891 2147 1948 Β

500 2019 643 2067 ctam
669 2010 790 2078 ejus
808 2010 1120 2062 adventum.
1140 2006 1311 2070 Beati,
1347 2005 1542 2074 inquit,
1570 2004 1704 2058 servi
1725 2002 1835 2067 illi;
1857 2018 1912 2057 te
1932 2002 2071 2057 enim

499 2102 782 2171 praecingat
805 2108 855 2153 et
881 2098 1206 2153 ministrabit
1234 2096 1364 2162 illis,
1394 2095 1446 2149 id
1469 2104 1572 2161 est,
1600 2104 1861 2165 tanquam
1887 2109 2070 2163 aqua-

501 2196 646 2250 lihus
667 2193 826 2248 nobis
850 2192 1104 2247 succedet
1133 2200 1188 2245 et
1218 2200 1274 2244 ut
1301 2190 1618 2244 laborantes
1655 2188 1945 2251 relevahit,
1969 2184 2071 2239 de-

502 2290 657 2345 licias
701 2288 853 2342 nobis
880 2294 1145 2357 praestans
1175 2285 1508 2356 spirituales.
1544 2282 1637 2338 Vel
1667 2285 1839 2353 prima
1866 2281 2068 2352 vigilia,

502 2382 734 2451 primam
784 2387 1020 2441 aetatem,
1048 2377 1311 2442 secunda,
1348 2378 1663 2439 secundam,
1693 2383 1747 2429 et
1787 2374 1943 2430 tertia
1979 2387 2069 2428 se-

503 2479 775 2526 nectutem
817 2467 1041 2524 indicat.

579 2747 737 2802 Vens.
762 2745 851 2799 48.
884 2745 995 2800 Cur
1029 2755 1221 2799 servus
1249 2744 1342 2813 qui
1386 2759 1492 2798 non
1534 2744 1789 2814 cognovit
1819 2744 2067 2800 volunta-

501 2849 611 2895 tem
640 2837 850 2893 domini
878 2837 963 2893 sui
991 2840 1258 2893 rationem
1284 2834 1554 2890 reddidit?
1576 2833 1713 2900 Quia
1737 2849 1845 2889 non
1873 2848 2071 2904 cegnoo

502 2946 655 2987 scere
689 2928 879 2994 voluit,
923 2944 1047 2986 cum
1092 2930 1304 2985 discere
1356 2926 1640 2997 potuisset.
1690 2926 1834 2982 idem
1884 2927 2065 2981 innuit

499 3039 683 3079 sermo
701 3030 953 3091 oportere
981 3026 1400 3093 cognoscentem
1425 3028 1480 3073 et
1501 3017 1860 3087 negligentem
1881 3017 2068 3072 multis

499 3115 673 3186 plagis
702 3112 978 3183 vapulare.
1014 3112 1251 3168 Dicenda
1279 3129 1296 3165 :
1336 3110 1493 3165 Omni
1522 3109 1608 3162 cui
1632 3108 1858 3162 multum
1879 3109 2066 3163 datum

498 3217 598 3270 est,
625 3206 847 3259 multum
887 3217 1152 3274 quwreiur
1174 3202 1237 3257 ab
1278 3218 1358 3267 eo,
1414 3199 1901 3269 ostemlitﬁgravius
1945 3214 2066 3256 esse
2094 3231 2138 3292 α

499 3302 815 3356 docentium
847 3298 1142 3365 judicium.

571 3391 734 3446 Vens.
768 3391 857 3445 49.
891 3388 1115 3443 Terram
1143 3396 1300 3441 vocat
1328 3394 1545 3441 nostras
1588 3383 1978 3449 habitationes,
2015 3384 2068 3438 in

500 3487 700 3556 quibus
719 3484 835 3537 vult
861 3480 1077 3536 incendi
1095 3478 1345 3534 celeriter
1369 3477 1605 3532 vividam
1629 3488 1680 3531 et
1702 3477 1914 3545 igneam
1933 3491 2070 3547 pra:-

497 3576 791 3633 dicationis
812 3588 1001 3629 eorum
1026 3571 1325 3625 actionem.

1084 3691 1311 3748 CAPUT
1344 3692 1479 3747 Xlli.

574 3826 738 3882 Vens.
771 3828 822 3883 ί.
859 3825 933 3879 De
978 3822 1215 3879 Galilmis
1258 3822 1325 3876 de
1364 3823 1563 3892 quibus
1631 3821 1939 3876 nuntiatum
1988 3832 2071 3879 est

494 3922 716 3977 Christo
741 3918 883 3990 quod
910 3917 1230 3985 sanguinem
1258 3929 1447 3968 eorum
1476 3911 1679 3969 Pilatus
1705 3914 1921 3969 miscuit
1949 3930 2069 3969 cum

499 4010 810 4073 sacriﬁciis,
845 4015 1057 4077 oportet
1086 4005 1225 4059 scire
1258 4003 1394 4059 istos
1428 4018 1550 4058 esse
1574 4011 1793 4059 secutos
1820 4004 2069 4075 dogmata

497 4103 657 4159 Judtc
682 4100 915 4165 Galilaci,
968 4098 1125 4169 cujus
1164 4097 1280 4167 ipse
1309 4096 1487 4151 Lucas
1519 4096 1573 4150 in
1604 4097 1832 4153 Actibus
1860 4110 2073 4169 aposto-

498 4198 677 4251 lorum
710 4191 980 4248 mrmiuit.
1016 4189 1147 4245 Tale
1172 4198 1291 4244 erat
1317 4203 1449 4259 ergo
1471 4187 1624 4243 Iuda:
1641 4188 1864 4258 dogma,
1895 4198 1951 4244 ut
1976 4187 2072 4244 Jo-

494 4291 699 4359 sephus
727 4288 893 4340 dixit:
919 4282 1167 4338 Docebat
1201 4282 1470 4337 neminem
1500 4281 1805 4335 vocandum
1837 4295 1957 4336 esse
1975 4281 2072 4336 do-

494 4382 705 4436 minum
738 4376 841 4432 nisi
862 4391 959 4446 per
992 4373 1439 4437 familiaritatem,
1478 4380 1532 4424 et
1563 4370 1829 4425 sacriﬁiia
1867 4370 2072 4425 Roma-

497 4488 596 4528 nos
621 4486 748 4541 erga
780 4469 1138 4539 imperatores
1166 4464 1348 4517 oblata
1379 4470 1433 4516 et
1469 4476 1659 4515 eorum
1690 4462 1920 4516 salutem
1962 4476 2069 4515 non

2171 632 2351 695 θείων,
2384 633 2477 686 καὶ
2506 635 2593 689 διά
2615 634 2676 688 τὸ
2700 638 2982 706 προειπεῖν
3002 652 3015 666 °
3070 636 3216 690 Ἀπὸ
3239 635 3307 689 δὲ
3330 635 3437 690 τοῦ
3463 636 3759 704 αἴροντος·

2170 723 2238 776 τὰ
2268 723 2369 786 σιί,
2397 722 2483 792 μὴ
2514 724 2768 778 ἀπαίτει.
2794 725 2867 779 Ob
2890 726 2997 795 γάρ
3024 727 3161 791 ἐστι,
3180 724 3366 796 φησὶν,
3384 727 3444 779 ὲν
3456 725 3533 795 τῷ
3550 741 3743 795 περισ»
3778 722 3788 745 '

2172 816 2353 868 σεύειν
2396 816 2502 869 τινὶ
2533 818 2565 887 ἡ
2600 817 2737 888 ζωὴ,
2773 817 2861 872 διά
2885 818 2946 872 τὸ
2972 817 3049 890 μὴ
3093 818 3172 889 τῷ
3205 818 3419 888 πλούτῳ
3457 819 3759 871 συνεκτιίο-

2171 908 2360 962 νεσθαι
2386 910 2448 962 τὸ
2475 911 2574 980 τῆς
2603 910 2751 981 ζωῆς
2778 913 2996 982 μέτρον.

2240 999 2314 1051 Τὸ
2354 998 2431 1063 δὲ,
2484 1001 2581 1067 Μὴ
2631 1002 2819 1070 φοϐοῦ
2858 1002 2925 1055 τὸ
2966 1003 3184 1070 μικρὸν
3231 1003 3533 1071 ποίμνιον,
3585 998 3744 1053 τοῦτο

2171 1091 2292 1144 ἀντὶ
2304 1090 2421 1155 τοῦ,
2448 1093 2538 1162 Μὴ
2562 1093 2894 1165 ἀπιστήσῃς,
2910 1091 3148 1165 εἴρηταιο
3172 1093 3369 1164 μικρὸν
3389 1094 3445 1145 δὲ
3471 1093 3732 1162 ὀνομάζει

2172 1184 2297 1246 τοὺς
2354 1184 2564 1251 ἀγὶους,
2613 1185 2646 1255 ἦ
2690 1186 2875 1256 ἐπειδὴ
2928 1187 3260 1257 παράκειται
3322 1185 3589 1255 μικρότης
3630 1185 3746 1245 τοῖς

2171 1275 2350 1342 ἁγίοις
2379 1278 2437 1328 ὲν
2475 1277 2551 1347 τῷ
2578 1277 2791 1350 κόσμῳ,
2820 1278 2911 1348 ὡς,
2934 1279 3197 1343 ἑκουσίως
3237 1280 3574 1348 ἀκτήμοσιν·
3599 1276 3633 1348 ῆ
3654 1275 3744 1329 διὰ

2172 1368 2522 1437 ἰδ-ἡττᾶσθαι
2551 1372 2617 1440 τῇ
2646 1371 2757 1424 τῶν
2784 1370 3032 1439 ἀγγέλων
3059 1370 3279 1441 πληούῖ.
3562 1406 3565 1407 ν

2248 1463 2570 1515 Ἔστωσαν
2598 1465 2660 1515 αὶ
2690 1464 2921 1533 ὀσφύες
2952 1458 3120 1532 ὑμῶν
3152 1462 3617 1532 περιεζωσμέναι
3637 1475 3651 1489 ·
3684 1460 3746 1514 τὸ

2172 1552 2272 1622 τῆς
2324 1550 2564 1614 διανοίας
2609 1554 2833 1622 ἑτοιμον
2881 1556 2960 1617 είς
3011 1554 3298 1625 φιλεργίαν
3348 1555 3454 1608 τῶν
3490 1552 3745 1624 χρηστῶν

2177 1644 2355 1714 ἔργων
2377 1659 2390 1674 ⁶
2428 1645 2617 1717 διόπερ
2644 1648 2674 1699 ό
2696 1646 3077 1709 διδασκαλικὸς
3098 1647 3291 1716 λύχνος
3323 1644 3620 1716 ψυχούσθω
3647 1645 3745 1697 καὶ

2172 1734 2484 1805 ἀρδευέσοω
2526 1734 2756 1805 ὑπὸτῆς
2798 1737 3113 1806 πρακτικῆς
3163 1736 3389 1807 ἀρετῆς.
3434 1735 3652 1804 Γάμους
3685 1733 3744 1785 δὲ

2174 1826 2456 1895 ὀνομάζει,
2481 1826 2571 1881 διά
2600 1824 2768 1899 τὸ’μὴ
2800 1827 2939 1881 εἶναι
2969 1828 3175 1882 ἐκεῖθέν
3199 1846 3250 1881 τι
3268 1826 3529 1897 κατηφές.
3574 1824 3743 1890 Ἀωρι

2173 1917 2433 1983 νυκτῶν,
2470 1919 2642 1986 λέγει,
2673 1918 2764 1973 διά
2786 1920 2848 1973 τὸ
2874 1920 3102 1991 ἀδηλον’
3130 1919 3190 1973 τὸ
3225 1920 3303 1982 δὲ,
3348 1920 3448 1973 Ἐν
3492 1916 3567 1987 τῇ
3609 1917 3746 1970 δευ-

2174 2005 2317 2075 τέρᾳ
2351 2005 2451 2059 καὶ
2483 2008 2646 2077 τρίτῃ
2676 2007 2943 2077 φυλακῇ,
2964 2008 3143 2076 λέγειν
3168 2009 3351 2071 αὐτὸν,
3376 2008 3503 2066 τοὺς
3534 2006 3747 2075 ἀναμέ·

2173 2115 2364 2162 νοντας
2398 2098 2496 2171 τὴν
2527 2100 2829 2170 παρουσίαν
2871 2100 3060 2155 αὑτοῦ.
3108 2101 3420 2168 Μακάριοι,
3469 2099 3657 2169 φησὶν.
3691 2098 3746 2150 οι

2171 2186 2380 2242 δοῦλοι
2422 2189 2660 2244 ἐκεῖνοι.
2696 2174 3079 2258 Περιξώσεται
3106 2189 3215 2259 γὰρ
3250 2191 3347 2243 καὶ
3392 2186 3745 2253 διακονήσει

2171 2281 2378 2347 αὐτοῖς
2403 2298 2415 2311 ·
2442 2281 2601 2336 τοῦτό
2633 2283 2801 2348 ἐστιν,
2826 2284 2907 2337 ὅτι
2933 2284 3045 2346 τοῖς
3079 2282 3213 2345 ἴσοις
3239 2275 3385 2353 ἡμᾶς
3418 2279 3749 2350 ἀνταμείψε-

2170 2393 2284 2440 ται,
2315 2378 2411 2431 καὶ
2450 2370 2563 2430 οἷον
2604 2378 2913 2449 κάμνοντας
2940 2378 3331 2448 ἀνακτήσεται,
3362 2378 3575 2446 τρυφὰς
3611 2376 3744 2445 ἡμῖν

2172 2469 2440 2541 παραθεὶς
2466 2470 2565 2535 τὰς
2591 2472 2981 2541 πνευματικὰς.
3004 2472 3073 2522 Ἦ
3094 2469 3315 2541 πρώτην
3342 2469 3443 2539 μὲν
3472 2468 3743 2537 φυλακὴν,

2172 2559 2271 2629 τὴν
2300 2558 2523 2631 πρώτην
2542 2560 2785 2629 ἡλικίαν
2804 2560 3082 2632 δευτέραν,
3106 2562 3203 2630 τὴν
3224 2559 3483 2629 δευτέραν
3506 2560 3741 2628 ἠλικίαν·

2171 2650 2388 2719 τρίτην,
2426 2650 2524 2720 τὴν
2549 2650 2640 2703 ἐπὶ
2664 2653 2725 2702 τὸ
2758 2649 2951 2717 γῆρας.

2242 2744 2340 2794 Διά
2359 2743 2413 2794 τί
2441 2743 2469 2793 ό
2498 2742 2681 2806 δοῦλος
2705 2746 2733 2797 ὁ
2766 2744 2841 2814 μὴ
2878 2744 3038 2809 γνοὺς
3078 2742 3137 2795 τδ
3166 2741 3377 2811 θέλημα
3411 2740 3505 2793 τοῦ
3551 2739 3741 2809 κυρίου

2171 2831 2338 2886 αὑτοῦ
2373 2833 2559 2903 ὑπεῖχε
2594 2833 2781 2901 λόγον;
2826 2833 2967 2885 Διότι
3001 2833 3074 2903 μὴ
3102 2832 3367 2903 ἠθέλησεν
3398 2830 3621 2895 είδέναι,
3655 2829 3745 2881 δυο

2171 2924 2403 2991 νάμενος
2447 2924 2637 2993 μαθεῖν
2656 2940 2672 2955 ⁸
2699 2926 2849 2987 ποῖος
2880 2923 3178 2989 ἀπαλλάξει
3229 2924 3385 2993 λόγος
3410 2922 3503 2975 τοῦ
3543 2924 3743 2993 χρῆναι

2172 3012 2374 3076 πολλάς
2391 3013 2677 3083 ὑπομεῖναι
2695 3014 2906 3085 πληγὰς
2929 3013 3018 3066 τὸν
3039 3014 3217 3067 εἰδότα
3240 3015 3335 3068 καὶ
3357 3011 3706 3084 ῥᾳθυμοῦντα
3726 3029 3743 3077 ;

2173 3105 2377 3170 Εἰπὼν,
2406 3107 2593 3159 Παντὶ
2625 3100 2673 3175 ᾧ
2699 3106 2876 3175 ἐδόθη
2914 3106 3099 3172 πολὺ,
3148 3105 3307 3161 πολὺ
3353 3105 3746 3175 ζητηθήσεται

2174 3197 2311 3265 παρ’
2333 3196 2541 3261 αὐτοῦ,
2565 3197 2766 3265 ἔδειξεν
2796 3197 2877 3250 ὅτι
2906 3196 3307 3267 φορτικώτερον
3334 3195 3443 3249 τῶν
3472 3195 3747 3247 διδασκόν-

2172 3305 2281 3342 των
2313 3288 2431 3341 ἐστὶ
2456 3289 2516 3343 τὸ
2542 3291 2738 3360 κρῖμα.

2244 3379 2354 3449 Γῆν
2392 3379 2550 3447 ἡμῶν
2590 3379 2661 3432 τὰ
2688 3379 3024 3451 σκηνώματα
3079 3378 3250 3447 λέγει,
3296 3380 3373 3441 είς
3415 3376 3450 3430 ἃ
3494 3376 3746 3446 βούλεται

2172 3471 2381 3540 ταχέως
2413 3470 2721 3540 ἀναφθῆναι
2760 3472 2859 3541 τὴν
2906 3470 3222 3541 ὀξυκίνητον
3257 3470 3356 3540 τῆς
3393 3468 3745 3531 διδασκαλίας

2174 3561 2353 3615 αὐτῶν
2379 3562 2472 3615 καὶ
2502 3562 2767 3633 διάπυρον
2798 3564 3018 3634 πρᾶξιν.

2759 3688 3008 3743 ΚΕΦΔΛ.
3068 3688 3166 3740 II".

2246 3819 2379 3887 Περὶ
2408 3819 2463 3873 δὲ
2486 3818 2594 3871 τῶν
2620 3818 2919 3873 Γαλιλαίων
2945 3811 3019 3873 ὧν
3048 3817 3392 3889 ἀπήγγειλαν
3412 3817 3491 3888 τῷ
3521 3817 3743 3889 Χριστῷ

2172 3912 2255 3964 ὃτι
2278 3912 2338 3964 τὸ
2368 3907 2507 3981 αἷμα
2535 3912 2714 3964 αὐτῶν
2738 3914 2766 3966 ὁ
2788 3911 3015 3975 Πιλᾶτος
3039 3910 3191 3982 ἔμιξε
3217 3914 3355 3983 μετά
3385 3912 3493 3965 τῶν
3516 3911 3739 3977 θυσιῶν,

2174 4004 2279 4073 χρὴ
2316 4004 2611 4071 γινώσκειν
2640 4004 2722 4057 ὅτι
2751 4002 2898 4058 οὗτοί
2947 4005 3085 4057 είσιν
3123 4005 3171 4057 οἱ
3200 4006 3307 4068 τοῖς
3349 4005 3617 4073 δόγμασιν
3653 4005 3740 4069 ἐξα

2173 4095 2642 4166 ακολουθῆσαντες
2684 4097 2853 4149 ’ἰούδα
2884 4098 2977 4150 τοῦ
2998 4097 3305 4161 Γαλιλαίου,
3325 4091 3386 4151 οὗ
3416 4098 3510 4149 καὶ
3528 4096 3690 4159 αὐτὸς
3716 4099 3743 4149 ὁ

2174 4189 2387 4251 Λουκᾶς
2419 4188 2476 4239 ὲν
2509 4189 2626 4250 ταῖς
2656 4188 2893 4258 ΙΙράξεσι
2938 4188 3046 4241 τῶν
3086 4190 3397 4243 ἀποστόλων
3446 4190 3738 4261 μέμνηται.

2172 4275 2281 4333 Ἦν
2307 4280 2363 4333 δὲ
2411 4279 2472 4332 τὸ
2510 4278 2687 4347 δόγμα
2725 4280 2818 4333 τοῦ
2875 4280 3063 4347 Ἰούδα,
3111 4282 3185 4345 ὡς
3243 4282 3506 4353 Ἰώσηπος
3555 4280 3743 4349 λέγει·

2174 4370 2419 4423 ἐδίδασκε
2468 4371 2576 4442 γὰρ
2613 4371 2818 4442 μηδένα
2855 4371 3042 4444 κύριον
3086 4372 3265 4441 λέγειν
3301 4374 3437 4445 μήτε
3477 4374 3617 4425 κατά
3652 4390 3739 4439 φι-

2173 4461 2542 4533 λοφροσύνην·
2580 4464 2675 4517 καὶ
2717 4464 2817 4527 τὰς
2848 4464 3039 4529 θυσίας
3073 4464 3251 4529 δὲτὰς
3291 4466 3429 4535 ὑπὲρ
3459 4465 3567 4517 τῶν
3606 4465 3739 4516 Ῥω-

495 4563 796 4619 secundum
832 4558 1067 4629 Moyscm
1103 4570 1242 4617 esse,
1282 4562 1336 4605 et
1380 4550 1607 4605 vetanda
1660 4549 1795 4605 fore.
1842 4548 1922 4605 Oli
1957 4551 2069 4606 haec

2178 4554 2353 4623 μαίων
2380 4552 2644 4624 βασιλέων
2694 4558 3143 4628 προσφερομένας
3172 4559 3267 4611 καὶ
3294 4558 3389 4629 τῆς
3419 4558 3600 4612 αὐτῶν
3639 4574 3742 4609 σω-

494 4654 667 4707 iratus
688 4650 894 4705 Pilatus
914 4655 1102 4703 contra
1128 4643 1395 4700 sacrilicia
1423 4644 1535 4711 ipsa
1561 4644 1859 4695 secumlum
1889 4641 2059 4710 legem

494 4745 563 4800 ab
609 4745 742 4815 ipsis
791 4743 995 4807 oblata,
1042 4739 1164 4793 illos
1222 4736 1475 4791 occidere
1520 4735 1702 4805 jussit.
1751 4734 1893 4790 Dicit
1934 4751 2064 4803 ergo

495 4837 744 4892 Christus
788 4836 880 4904 qui
934 4832 1081 4901 passi
1134 4838 1293 4884 erant
1331 4843 1439 4882 non
1485 4835 1796 4897 peccatores
1852 4828 2066 4899 pejores

500 4927 694 4994 fuisse,
727 4926 819 4983 sed
850 4934 1166 4995 peccatores
1196 4922 1456 4992 quoniam
1487 4919 1647 4974 divisi
1674 4929 1852 4976 erant.

492 5021 725 5092 Χριστὸς
791 5018 1191 5091 ἁμαρτωλοὺς,
1250 5017 1311 5069 ού
1394 5017 1507 5087 μὴν
1575 5015 1685 5071 τῶν
1758 5016 2102 5072 πεπονθότων

493 5132 639 5179 τους.

565 5212 730 5269 Vens.
764 5211 816 5265 4.
871 5208 1063 5264 Turris
1092 5206 1287 5264 cecidit
1318 5206 1370 5263 in
1408 5222 1524 5273 eos,
1558 5217 1614 5263 et
1644 5208 1829 5263 decem
1866 5218 1915 5264 et
1945 5219 2068 5265 octo

494 5304 713 5365 occidit,
742 5303 930 5357 urbem
961 5316 1056 5371 per
1086 5301 1229 5355 hanc
1264 5308 1468 5355 turrem
1499 5299 1848 5371 signiﬁcavit,
1883 5312 1937 5357 et
1974 5317 2067 5371 per

492 5396 727 5459 occisos,
756 5393 1073 5448 mactandos
1107 5407 1137 5447 a
1171 5390 1317 5447 Tito.

566 5574 728 5631 Vens.
764 5574 818 5630 6.
846 5573 1015 5630 Ficus
1044 5575 1301 5645 parabola
1328 5576 1671 5632 steriiitatem
1702 5579 1901 5648 arguit,
1935 5576 2063 5633 folia

487 5677 698 5724 tantum
731 5681 917 5721 amara
940 5668 1293 5738 producentis
1320 5679 1377 5726 et
1396 5670 1555 5726 ﬂores
1582 5672 1647 5726 ad
1672 5673 1929 5742 speciem,
1962 5672 2057 5726 sed

488 5759 726 5814 fructum
751 5775 855 5814 non
878 5759 1147 5817 ferentis:
1172 5769 1255 5817 ter
1281 5761 1414 5818 dicit
1436 5764 1672 5827 venisse;
1694 5760 1787 5833 per
1814 5762 2055 5834 Moysen,

479 5865 585 5923 per
616 5851 1021 5922 prophetas,et
1053 5868 1148 5923 per
1179 5854 1380 5925 ipsum.
1419 5854 1739 5925 Evangelica
1770 5857 1870 5911 ista
1891 5855 2053 5918 ﬁcus,

2171 4645 2360 4717 τηρίας
2394 4645 2469 4710 ὡς
2516 4649 2589 4717 μὴ
2637 4651 2701 4701 ἐκ
2732 4648 2826 4701 τοῦ
2864 4651 3105 4712 Μωσέως
3153 4649 3340 4715 οὔσας,
3395 4651 3737 4704 ἀπέκοπτεν·

2172 4738 2268 4790 ἐπὶ
2321 4736 2531 4800 τούτοις
2577 4739 2968 4811 ἀγανακτήσας
3002 4744 3030 4794 ὁ
3059 4742 3290 4806 Πιλᾶτος
3348 4743 3479 4815 παρ’
3552 4743 3742 4804 αὐταῖς

2171 4830 2290 4891 ταῖς
2331 4831 2471 4881 κατά
2506 4828 2596 4882 τὸν
2639 4830 2801 4902 νόμον
2851 4834 3322 4904 προσφερομέναις
3384 4833 3596 4897 θυσίαις
3649 4834 3742 4885 ὑπ’

2175 4922 2393 4986 αὐτῶν,
2470 4923 2811 4994 κατέσφαξεν
2884 4927 3103 4991 αὐτούς.
3173 4927 3341 4997 Λέγει
3417 4926 3509 4980 οὖν
3577 4927 3743 4988 αὐτὸς

2171 5021 2456 5093 χείρονας,
2527 5022 2884 5093 ἁμαρτωλοὺς
2935 5025 2991 5077 δὲ
3042 5023 3131 5079 διὰ
3178 5025 3238 5078 τὸ
3293 5025 3581 5079 στασιάσαι
3637 5023 3786 5077 αύο’

2240 5210 2363 5263 "Ott
2393 5210 2419 5263 ὁ
2452 5211 2658 5281 πύργος
2690 5212 2777 5281 ἐφ’
2808 5213 2902 5276 οὓς
2935 5212 3117 5277 ἔπεσε,
3152 5214 3244 5266 καὶ
3290 5214 3417 5278 τοὺς
3462 5213 3742 5267 δεκαοκτὼ

2165 5304 2448 5372 κατέσχεν,
2502 5305 2767 5375 ἐσήμαινε
2807 5304 2896 5358 διὰ
2931 5306 3034 5375 μὲν
3070 5303 3164 5360 τοῦ
3195 5306 3407 5377 πύργου
3432 5348 3448 5371 ,
3500 5307 3599 5377 τὴν
3639 5306 3739 5357 πός

2163 5392 2248 5445 λιν
2274 5412 2289 5427 ·
2330 5395 2418 5447 διὰ
2450 5395 2561 5447 τῶν
2592 5398 3082 5467 καταχωσθέντων,
3120 5400 3246 5462 τοὺς
3280 5399 3591 5460 ἑαλωκότας
3632 5395 3737 5445 ὑπὸ

2165 5486 2349 5540 Τίτου.
2665 5480 2672 5499 ’

2250 5580 2311 5630 'H
2340 5578 2440 5647 τῆς
2474 5581 2646 5650 συκῆς
2704 5581 3011 5653 παραϐολὴ,
3053 5581 3153 5652 τὴν
3207 5580 3481 5646 ἀκαρπίαν
3520 5574 3738 5645 ἐλέγχει

2165 5671 2263 5738 τῆς
2302 5671 2677 5745 Ἰερουσαλὴμ,
2721 5675 2895 5743 φύλλα
2928 5675 3093 5745 μόνον
3134 5669 3309 5739 πικρά
3344 5669 3605 5741 ποιούσης
3640 5669 3740 5723 καὶ

2164 5762 2378 5833 ἀνθηρὰ
2416 5764 2495 5834 τῷ
2537 5766 2840 5833 φαίνεσθαι,
2883 5766 3090 5835 καρπὸν
3121 5761 3176 5815 δὲ
3221 5760 3297 5832 μὴ
3320 5759 3583 5831 ἐχούσηςι
3617 5757 3738 5829 τρί-

2164 5871 2254 5910 τον
2284 5855 2430 5923 λέγει
2457 5855 2792 5926 ὲληλυθέναι,
2820 5856 2904 5909 διά
2940 5854 3240 5916 Μωῦσέως,
3265 5852 3355 5909 διὰ
3378 5850 3487 5905 τῶν
3521 5866 3741 5921 προφηο
