4026 6566
167 408 189 425 ”
301 450 437 517 1201

1417 448 1741 510 SCHOLIA
1776 448 2077 510 VETERA
2118 446 2196 505 IN
2239 446 2513 505 LUCAM.

3438 436 3579 501 1202

296 563 428 625 τῶν,
466 560 535 617 δι’
571 560 786 615 ἑαυτοῦ.
840 559 905 615 Ἦ
935 559 1266 630 εύαγγελικὴ
1314 559 1476 630 συκῆ,
1520 560 1553 628 ἡ
1585 558 1873 629 ἀνθρωπό-

1998 554 2287 611 inmanitas
2304 563 2389 610 est
2418 572 2434 611 :
2466 553 2665 612 demus
2694 552 2971 619 dominus,
2990 552 3134 608 Deus
3162 550 3358 617 Pater;
3395 550 3575 613 cultor

299 673 397 726 της
430 654 580 707 ἐστίν
602 670 616 684 ³
652 654 681 708 6
706 652 1117 723 οίκοδεσπότης,
1140 654 1169 706 6
1199 651 1333 715 Θεὸς
1378 650 1473 703 καὶ
1501 649 1692 721 Πατήρ
1718 665 1731 678 ·
1770 650 1799 702 6
1828 647 1885 702 δὲ

301 745 685 818 ἀμπελουργὸς
711 786 726 811 ,
768 746 797 798 6
837 744 965 807 Υίὸς
1010 745 1105 799 τοῦ
1153 742 1289 798 Θεοῦ
1319 743 1348 795 6
1377 741 1737 812 φιλοπονῆσαι
1792 741 1885 793 καὶ

266 827 273 862 ²
301 837 609 909 ἐκκαθᾶραι
634 837 727 891 τὸν
750 835 1051 907 ἀμπελῶνα
1068 834 1257 890 ἐλθών.
1276 834 1334 889 '0
1350 834 1407 889 δὲ
1429 833 1561 896 Θεὸς
1577 832 1670 885 καὶ
1696 830 1886 903 Πατὴρ

301 935 329 986 6
359 931 459 986 καὶ
486 930 894 998 οἰκοδεσπότης,
925 930 1132 994 ἐκεῖνός
1157 931 1306 984 ἐστιν
1334 930 1363 983 6
1390 925 1628 981 κελεύων
1659 925 1759 996 τὴν
1783 939 1881 978 συ-

304 1026 408 1095 κῆν
439 1024 514 1088 ώς
558 1024 809 1094 ἄκαρπον
857 1022 1187 1093 ἐκκοπῆναι.
1229 1020 1302 1074 Τὸ
1330 1019 1409 1087 δὲ,
1462 1020 1639 1088 ’Ἄφες
1690 1015 1888 1085 αὐτὴν

304 1117 403 1171 καί
433 1117 626 1184 τούτῳ
651 1114 732 1181 τῷ
752 1115 893 1181 ἔτει,
919 1113 1125 1185 λέγειν,
1151 1112 1243 1167 διὰ.
1269 1112 1435 1184 νόμον
1464 1111 1559 1166 καὶ
1592 1109 1888 1181 προφητῶν

304 1210 405 1263 οὐκ
439 1207 869 1278 ὲὸελτιώθησαν,
888 1208 984 1260 καὶ
1011 1208 1123 1270 τοῖς
1150 1207 1303 1277 ἐμοῖς
1329 1204 1657 1277 ἀρδευθῖψαι
1682 1202 1889 1273 δόγμα-ι

308 1317 428 1354 σιν⁶
459 1299 535 1365 ώς
565 1300 615 1353 εί
645 1300 745 1371 μὲν
790 1300 1063 1369 ποιήσωσι
1089 1296 1325 1369 καρπὸν,
1362 1292 1424 1350 εὖ
1450 1311 1464 1328 ⁸
1508 1298 1557 1349 εί
1579 1295 1637 1349 δὲ
1674 1295 1772 1365 μὴ,
1806 1295 1887 1358 είς

305 1395 367 1447 τὸ
403 1393 598 1463 μέλλον
627 1392 903 1462 ἐκκόψεις,
935 1393 1014 1456 είς
1041 1390 1132 1444 τὸν
1163 1390 1353 1443 ἒπειτα
1380 1387 1551 1442 αἰῶνα
1578 1386 1673 1441 καὶ
1692 1386 1769 1448 είς
1790 1385 1889 1455 τὴν

308 1485 507 1556 κρίσιν.
533 1485 692 1539 Ἐστι
721 1484 776 1537 δὲ
798 1487 829 1554 ή
853 1484 952 1555 μὲν
984 1482 1174 1554 πρώτη
1210 1481 1487 1553 ἀθέτησις,
1524 1480 1557 1550 ἡ
1585 1480 1643 1531 ἐν
1673 1477 1749 1548 τῷ
1784 1494 1889 1529 πα-

310 1575 576 1647 ραδείσῳο
611 1576 644 1647 ἡ
679 1576 931 1647 δευτέρα,
962 1577 995 1643 ἠ
1026 1578 1082 1627 ὲν
1123 1573 1200 1646 τῷ
1250 1575 1432 1645 νόμῳ·
1469 1574 1503 1643 ἡ
1539 1570 1722 1643 τρίτη,
1764 1571 1798 1640 ἡ
1831 1569 1890 1623 ὲν

308 1668 372 1737 τῇ
412 1664 618 1737 χάριτι.

389 1758 454 1810 'H
477 1755 648 1825 συγκύ
661 1773 868 1811 πτουσα
889 1756 1086 1826 χαμαὶ,
1114 1754 1283 1809 ἔπαθε
1310 1754 1470 1809 τοῦτο
1495 1756 1559 1807 ἐκ
1592 1752 1890 1822 σατανικῆς

308 1850 653 1921 ἀγριότητος,
685 1850 760 1913 ώς
801 1848 1209 1921 παρεωραμένη
1266 1850 1427 1919 παρά
1458 1848 1595 1902 Θεοῦ
1620 1847 1687 1900 δι’
1710 1849 1890 1900 οίκεῖα

306 1944 547 2013 δηλονότι
583 1944 924 2012 πταίσματα.

318 2056 323 2061 υ
379 2031 473 2099 T6,
513 2033 765 2097 Ἔξελθε
794 2032 893 2085 καὶ
941 2032 1202 2099 πορεύου
1240 2030 1544 2094 ἐντεῦθεν,
1579 2029 1690 2083 τῶν
1726 2032 1890 2099 Φαρι-

308 2125 476 2177 σαίων
511 2125 797 2193 λεγόντων,
838 2126 903 2177 ὲκ
952 2124 1147 2193 φθόνου
1189 2124 1340 2176 ἐστί’
1382 2123 1503 2176 οὐδὲ
1552 2121 1659 2193 γὰρ
1699 2122 1889 2194 ἤθελον

304 2218 637 2288 ώνρελείσθαί
688 2236 881 2284 τινας,
928 2218 1052 2271 οὐδὲ
1105 2218 1437 2289 θεοσημείας
1488 2216 1734 2287 γίνεσθαι
1779 2216 1889 2270 ἀπὸ

307 2308 522 2378 φθόνου.
570 2311 658 2363 Ἐν
681 2310 736 2364 δὲ
763 2310 840 2379 τῷ
869 2310 1050 2378 λέγειν
1081 2311 1302 2376 αὐτοὺς,
1340 2308 1603 2378 Ἡρώδης
1626 2324 1701 2362 σε
1731 2307 1889 2362 θέλει

304 2398 673 2465 ἀποκτεῖναι,
723 2401 1190 2471 προφασιζόμενοι
1241 2399 1429 2468 ἔλεγον
1462 2402 1557 2453 καὶ⁹
1596 2398 1891 2467 ἐκφοϐοῦν-

304 2511 414 2555 τες.
471 2494 563 2547 Διὸ
607 2496 703 2548 καλ⁸
745 2494 821 2559 ώς
870 2494 1156 2563 γινώσκων
1198 2494 1279 2548 ὅτι
1329 2493 1639 2563 ψεύδονται,
1704 2492 1885 2561 λέγει’

302 2584 523 2639 Εἷπατε
551 2583 627 2652 τῇ
656 2585 918 2639 ἀλώπεκι
942 2586 1156 2652 ταύτῃσ
1180 2585 1277 2637 καὶ
1308 2583 1455 2647 τινὲς
1484 2584 1583 2653 μὲν
1608 2582 1887 2653 ἐνόμισαν,

305 2674 567 2729 ἀλώπεκα
600 2675 692 2728 τὸν
747 2674 992 2745 Ἡρώδην
1043 2673 1225 2741 λέγειν
1246 2691 1261 2706 ·
1316 2674 1413 2743 οὺχ
1443 2671 1615 2735 οὕτως
1649 2670 1705 2723 δὲ
1738 2668 1849 2741 ἔχει
1872 2686 1885 2699 ·

304 2769 442 2824 ἀλλά
458 2767 717 2822 ἀλώπεκα
738 2767 887 2837 λέγει
914 2768 1012 2837 τὴν
1039 2768 1265 2821 ἐκείνων
1285 2765 1569 2835 δολιότητα
1591 2764 1684 2816 καὶ
1703 2762 1891 2816 σκαιό-

302 2879 460 2932 τητα,
512 2862 857 2931 εὐφυέστατα
924 2860 1063 2931 μέσῃ
1117 2859 1399 2931 χρώμενος
1474 2860 1659 2927 φωνῇ’
1692 2856 1751 2908 οὺ
1782 2856 1890 2923 γὰρ

303 2950 477 3019 εἶπεν,
549 2954 765 3027 Ἐκείνῃ
810 2956 876 3024 τῇ
927 2950 1193 3015 ἀλώπεκι,
1252 2949 1409 3014 ἀλλὰ,
1468 2949 1684 3015 Ταύτῃ.
1732 2946 1886 2999 Ἐπι-

306 3048 413 3120 πλή
426 3066 557 3102 ττων
584 3048 639 3101 δὲ
671 3047 891 3109 αὐτοὺς,
920 3045 1102 3113 λέγει’
1136 3043 1284 3098 Ἰδοὺ
1306 3042 1585 3111 δαιμόνια
1613 3038 1890 3094 ἐκϐάλλω

305 3141 404 3194 καὶ
437 3140 628 3206 ίὰσεις
690 3137 979 3193 ἐπιτελῶο
1024 3136 1114 3191 διὰ
1136 3134 1233 3191 τοῦ
1278 3136 1472 3197 εἰπεῖν,
1524 3130 1886 3200 πλειοῦμαι,

304 3234 396 3286 τὸν
427 3231 660 3286 θάνατον
706 3230 869 3285 αὐτοῦ
904 3230 1119 3302 μηνύει,
1162 3228 1255 3283 καὶ
1285 3229 1366 3281 ὅτι
1410 3224 1573 3289 ἑκὼν,
1622 3226 1716 3278 καὶ
1761 3222 1885 3276 οὔτε

317 3320 581 3392 Ἡρώδης,
612 3320 735 3374 οὗτε
762 3319 938 3385 αὐτοὶ,
969 3319 1077 3390 πρὸ
1105 3317 1299 3389 καιροῦ
1327 3335 1379 3371 τι
1404 3317 1707 3388 ποιήσαιεν.

376 3414 479 3479 T6,
511 3416 633 3469 οὐκ
678 3413 989 3482 ἐνδέχεται
1040 3410 1393 3481 προφήτην,
1428 3410 1543 3473 ἔξω
1580 3408 1887 3475 Ἰερουσα-

303 3505 431 3575 λὴμ
447 3504 794 3572 ἀποθανεῖν,
819 3506 1000 3580 λέγειν
1033 3506 1214 3571 αὑτὸν,
1228 3504 1310 3569 Δώς
1330 3503 1660 3574 κατηγορίαν
1680 3501 1888 3568 εἰσάγει

303 3598 397 3651 τὸν
428 3599 607 3668 λόγον.

878 3731 1133 3786 ΚΕΦΛΛ.
1179 3729 1276 3785 1Δ’.

386 3877 446 3933 '0
472 3879 661 3944 εἰπὼν,
692 3878 992 3949 Μακάριος
1041 3878 1212 3943 ὅστις
1238 3876 1485 3945 φάγεται
1530 3875 1782 3944 ἄριστον
1819 3873 1890 3926 ἐν

305 3968 382 4038 τῇ
406 3970 699 4036 ,βασιλείᾳ
729 3965 849 4023 τῶν
881 3967 1177 4037 οὐρανῶν,
1211 3968 1271 4021 οὐ
1300 3967 1504 4028 τέλειος
1539 3959 1636 4034 ἦν·
1668 3962 1888 4034 ἐνόμιζε

304 4066 414 4135 γὰρ
446 4062 765 4133 σωματικὴν
794 4061 998 4134 βρῶσιν
1025 4057 1164 4114 εἶναι
1188 4063 1245 4114 ὲν
1274 4058 1353 4131 τῷ
1379 4059 1616 4133 οὐρανῷ.

375 4153 470 4217 T6,
500 4155 837 4224 Ἄνθρωπός
857 4170 948 4218 τις
979 4150 1232 4219 ἐποίησε
1257 4148 1527 4218 δεῖπνον,
1581 4150 1885 4223 ἁνθρωπον,

303 4244 399 4296 τὸν
430 4244 563 4297 Θεὸν
594 4244 688 4297 καὶ
718 4242 943 4313 Πατέρα
973 4242 1152 4309 λέγει·
1185 4241 1245 4294 αἱ
1268 4240 1378 4313 γὰρ
1408 4240 1619 4306 εἰκόνες
1646 4240 1757 4296 τῶν
1783 4258 1888 4295 πα-

310 4336 579 4407 ραϐολῶν,
622 4314 949 4391 πλάττουσιν
1002 4333 1262 4406 ἀλήθειαν
1286 4348 1301 4362 ο
1332 4332 1433 4387 οὐκ
1462 4333 1626 4388 αὑταὶ
1656 4333 1715 4386 δὲ
1754 4332 1889 4387 πάνυ

304 4445 416 4492 τως
445 4429 583 4481 είσὶν
604 4428 875 4501 ἀλήθειαι.
913 4427 1188 4491 Δεῖπνον,
1242 4426 1396 4497 φησὶ,
1427 4428 1750 4497 πεποίηκεν,
1784 4426 1887 4480 οὐκ

306 4522 567 4589 ἄριστον·
613 4521 707 4575 ἐπὶ
748 4519 857 4591 γὰρ
898 4519 1179 4590 συντελείᾳ
1212 4518 1273 4572 τδ
1302 4518 1538 4589 Χριστοῦ
1587 4521 1756 4584 πάθος
1788 4520 1888 4590 τὴν

309 4611 703 4681 οίκουμενικὴν
755 4610 1085 4680 πανήγυριν,
1148 4609 1440 4663 Ἔκὰλεσε
1486 4609 1543 4663 δὲ
1590 4607 1882 4674 πολλοὺς,
1920 4653 1963 4706 D

304 4705 376 4757 τὰ
420 4703 594 4775 πλήθη
619 4703 728 4757 τῶν
783 4701 1077 4756 Ἰουδαίων.
1114 4700 1212 4765 Τίς
1252 4701 1309 4754 δὲ
1333 4703 1361 4754 ό
1392 4701 1801 4769 ἀπεσταλμένος
1828 4700 1886 4753 ὃν

308 4797 402 4851 καὶ
448 4796 635 4851 δοῦλόν
676 4812 873 4868 φησινς
915 4794 1093 4857 Αὐτὸς
1126 4795 1154 4847 6
1183 4792 1417 4862 Χριστὸς
1448 4793 1537 4846 διὰ
1579 4792 1675 4861 τὴν
1710 4793 1890 4861 σάρκα

310 4888 529 4960 μορφὴν
562 4888 751 4942 δούλου
792 4886 1044 4941 ἀνέλαϐε.
1078 4884 1144 4938 Τί
1166 4885 1222 4939 δὲ
1255 4886 1521 4954 ἡτοίμασε
1544 4888 1660 4948 τοῖς
1693 4884 1891 4955 κεκλη-

311 4983 529 5051 μένοις;
578 4979 893 5051 Ἀμαρτιῶν
938 4979 1155 5047 ἄφεσιν,
1188 4976 1465 5041 υἱοθεσίας
1504 4976 1887 5047 λαμπρότητα.

307 5073 383 5125 T6
421 5074 499 5138 δὲ,
548 5071 837 5141 Ἤρξαντο
886 5071 1006 5125 ἀπὸ
1051 5068 1197 5139 μιᾶς
1245 5068 1681 5136 παραιτεῖσθαι,
1736 5067 1892 5122 τοῦτό

307 5165 449 5227 ἐστι,
486 5163 547 5216 τὸ
572 5164 631 5228 ἐξ
677 5164 795 5227 ἑνὸς
829 5163 1171 5233 συνθήματος
1218 5161 1424 5233 μηδένα
1460 5161 1620 5230 λόγον
1656 5179 1889 5233 ποιησα-

312 5255 505 5324 μένους
529 5256 627 5325 ei}:
660 5257 923 5325 κλήσεως,
959 5254 1343 5327 γεωδεστέροις
1365 5254 1639 5318 ἀσυνέτως
1667 5271 1891 5325 προσνε-

281 5347 563 5447 )νευκότες
582 5366 594 5378 ο
626 5350 922 5417 κέκληνται
946 5345 1003 5400 δὲ
1035 5346 1151 5400 ἀντ’
1188 5346 1415 5400 ἐκείνων
1438 5348 1487 5400 οί
1511 5347 1594 5411 είς
1620 5348 1717 5411 τας
1755 5348 1892 5402 πλα-

308 5444 460 5503 τεξας
484 5441 578 5493 καὶ
610 5443 706 5504 τὰς
744 5440 946 5511 ῥύμας,
978 5440 1031 5494 οἱ
1061 5441 1127 5493 ὲκ
1164 5439 1264 5510 τῆς
1308 5439 1607 5511 Ἰουδαϊκῆς
1652 5440 1892 5511 πληθύος

308 5531 513 5601 ἀσθενῆ
537 5548 595 5586 τε
624 5533 718 5585 καὶ
744 5532 944 5603 ἀγεννῆ
977 5532 1076 5603 τὴν
1104 5531 1343 5587 διάνοιαν
1369 5533 1474 5596 ἕως
1498 5533 1644 5597 τινὸς
1670 5532 1891 5605 ἔχοντες

310 5627 407 5677 καὶ
441 5624 658 5695 ἀφεγγῆ
686 5628 781 5679 καὶ
806 5625 1153 5695 χωλεύουσαν
1174 5640 1189 5658 ⁸
1212 5626 1387 5693 ὑγιεῖς
1419 5625 1476 5680 δὲ
1501 5627 1593 5681 καὶ
1622 5625 1892 5698 εὔρωστοι

310 5716 400 5769 διὰ
438 5718 535 5786 τῆς
580 5718 658 5780 εἰς
706 5717 942 5785 Χριστὸν
994 5718 1251 5782 πίστεως.
1286 5719 1360 5772 T6
1400 5719 1477 5783 δὲ,
1532 5723 1655 5776 Ἔτι
1707 5724 1892 5791 τόπος

311 5808 466 5873 ἐστὶ,
499 5809 645 5878 λέγει
698 5810 788 5863 τὸν
817 5811 1265 5885 δειπνοκλήτορα,
1300 5814 1388 5869 διὰ
1411 5817 1535 5880 τοὺς
1566 5816 1883 5888 ἀγροικοτέ-

318 5918 443 5972 ρους
476 5901 623 5973 λέγει
650 5905 829 5976 πάντη
861 5906 955 5961 καὶ
985 5912 1408 5981 κτηνοπρεπεῖς.
1818 5898 1821 5903 ί

1990 656 2197 713 autem,
2233 648 2407 703 Filius
2456 645 2551 703 Dei
2605 647 2673 702 ad
2725 646 3082 702 laborandam
3118 652 3172 701 et
3210 642 3582 701 mundandam

1990 744 2204 797 vineam
2236 742 2483 806 veniens,
2516 739 2659 796 Deus
2686 750 2868 796 autem
2906 739 3070 793 Pater
3093 747 3149 794 et
3179 737 3378 793 domus
3401 735 3582 790 domi-

1990 850 2118 897 nus,
2160 834 2251 889 ille
2287 842 2370 889 est
2402 835 2495 905 qui
2540 833 2699 905 jubet
2732 834 2896 889 ﬁcum
2951 840 3011 887 ut
3059 831 3299 888 sterilem
3328 828 3568 886 succidi.

1990 924 2209 980 Dimitte
2248 925 2403 980 illam
2450 934 2503 979 et
2544 924 2643 977 hoc
2684 939 2848 988 anno,
2902 922 3127 986 dicitur,
3172 936 3271 991 per
3316 920 3485 989 legem
3525 928 3582 974 et

1989 1016 2284 1086 prophetas
2326 1032 2436 1072 non
2487 1016 2744 1072 meliores
2774 1013 2953 1070 eﬂ‘ecti
2993 1022 3146 1079 sunt,
3182 1020 3237 1067 et
3276 1012 3413 1067 meis
3460 1009 3579 1067 sine

1988 1104 2158 1177 rigari
2183 1106 2471 1173 doctrinis,
2505 1106 2778 1177 siquidem
2802 1104 3009 1161 bonum
3034 1101 3269 1158 fecerint
3296 1102 3577 1166 fructum;

1993 1199 2080 1253 sin
2107 1208 2312 1265 autem,
2349 1201 2401 1255 in
2437 1199 2686 1256 futurum
2717 1197 2992 1259 succides,
3020 1195 3074 1252 in
3097 1206 3414 1264 sequentem
3447 1205 3581 1247 aeta-

1992 1301 2097 1347 tem
2144 1303 2199 1347 et
2235 1294 2287 1347 in
2331 1292 2624 1361 judicium.
2657 1291 2840 1347 Prima
2889 1299 3071 1346 autem
3112 1298 3195 1345 est
3242 1286 3575 1358 reprobatio,

1993 1401 2114 1455 quae
2167 1386 2222 1439 in
2284 1385 2582 1452 Paradiso;
2634 1384 2899 1448 secunda,
2945 1398 3068 1453 qua:
3118 1382 3171 1440 in
3230 1381 3374 1449 lege;
3422 1378 3583 1435 tertia

1990 1493 2142 1544 vero,
2175 1494 2296 1549 qua:
2323 1477 2376 1534 in
2405 1479 2602 1548 gratia.

2065 1753 2231 1809 Vens.
2280 1754 2369 1809 ll.
2412 1752 2547 1820 Qum
2607 1754 2673 1808 ad
2723 1763 2922 1810 terram
2958 1752 3223 1808 inclinata
3274 1761 3411 1817 erat,
3475 1753 3586 1809 hoc

1994 1848 2305 1918 patiebatur
2337 1862 2402 1901 ev
2447 1846 2666 1901 Satarm
2698 1847 3047 1911 crudelitate,
3086 1856 3348 1916 tanquam
3399 1859 3428 1898 a
3466 1844 3599 1900 Deo.

1925 1946 1963 2002 Β
1992 1939 2253 1993 derelicta
2291 1949 2515 2009 propter
2554 1955 2685 1995 suas
2713 1939 2901 2010 culpas
2923 1938 3226 1994 evidenter.

2066 2030 2236 2087 Vsus.
2269 2032 2360 2088 51.
2396 2030 2499 2084 Exi
2525 2040 2573 2085 et
2599 2032 2727 2086 vade
2761 2033 2902 2095 hinc,
2938 2048 3061 2101 qua:
3092 2032 3351 2086 dicuntur
3384 2046 3411 2084 a
3438 2030 3579 2086 Pha—

1995 2124 2193 2188 risaeis,
2242 2140 2308 2179 ex
2378 2124 2582 2179 invidia
2629 2124 2933 2195 prodeunt;
2978 2138 3086 2177 non
3127 2124 3271 2179 enim
3322 2123 3577 2178 volebant

1992 2215 2239 2270 eminere
2290 2215 2603 2287 quOSpiam,
2639 2231 2742 2271 nec
2774 2214 2957 2270 divina
2994 2214 3149 2286 signa
3202 2216 3409 2279 facere,
3446 2231 3577 2285 pro-

1991 2317 2114 2376 pter
2138 2306 2419 2362 invidiam.
2456 2306 2593 2361 Cum
2632 2317 2814 2361 autem
2855 2307 3047 2361 dicunt
3076 2327 3089 2362 :
3120 2307 3356 2361 Herodes
3391 2307 3500 2360 vult
3530 2318 3580 2361 te

1994 2400 2268 2464 occidere;
2300 2416 2397 2470 per
2440 2410 2764 2471 praetextum
2806 2401 2997 2455 dicunt
3026 2409 3080 2456 et
3130 2402 3411 2454 timorem.
3451 2400 3581 2454 Ideo

1994 2507 2336 2560 cognoscens
2367 2491 2456 2546 ille
2481 2492 2579 2546 hos
2612 2491 2853 2556 mentiri,
2884 2491 3016 2546 dicit
3048 2509 3060 2545 :
3100 2492 3269 2546 Dicilc
3293 2491 3434 2562 vulpi
3467 2492 3577 2545 isti.

1994 2583 2228 2651 Quidam
2260 2593 2593 2654 putaverunt
2622 2599 2718 2653 per
2742 2584 2959 2654 vulpem
2979 2584 3245 2639 Herodem
3269 2584 3579 2656 designari;

1997 2692 2104 2730 non
2139 2686 2322 2731 autem
2362 2678 2442 2732 sic
2475 2692 2534 2732 se
2580 2678 2778 2744 habet;
2810 2677 2903 2732 sed
2940 2677 3152 2747 vulpem
3202 2677 3335 2733 dicit
3386 2694 3578 2734 eorum

1995 2770 2255 2823 astutiam
2295 2779 2348 2824 et
2377 2770 2661 2839 ineptiam,
2692 2770 2999 2825 rectissime
3040 2771 3293 2840 proximo
3330 2788 3462 2826 usus
3484 2789 3580 2827 vu-

1995 2857 2213 2921 cabulo,
2258 2875 2365 2913 non
2399 2859 2543 2914 enim
2586 2859 2721 2914 dicit
2768 2859 2917 2930 vulpi
2956 2860 3056 2922 illi,
3087 2861 3181 2916 sed
3222 2862 3335 2915 isti.
3379 2861 3581 2932 Objnr-

1994 2963 2130 3019 gans
2154 2963 2285 3004 vero
2313 2949 2459 3015 illos,
2491 2949 2680 3004 addit:
2718 2948 2850 3004 Ecce
2872 2950 3026 3017 ejicio
3048 2952 3311 3007 daemonia
3347 2961 3395 3005 ct
3429 2952 3581 3005 sani-

1995 3052 2129 3097 tates
2150 3044 2391 3114 perﬁcio;
2413 3044 2664 3107 dicendo,
2692 3043 3063 3109 Consummor,
3081 3053 3307 3099 mortem
3327 3060 3482 3099 suam
3504 3045 3576 3099 in-

1995 3137 2134 3203 nuit,
2167 3146 2221 3192 et
2254 3137 2400 3207 quod
2432 3136 2605 3192 libens
2640 3137 2896 3200 moritur,
2925 3146 2979 3192 et
3011 3137 3160 3207 quod
3199 3154 3374 3207 neque
3405 3135 3579 3191 Hero-

1994 3229 2092 3283 des
2119 3243 2295 3300 neque
2314 3230 2417 3301 ipsi
2446 3240 2571 3285 ante
2593 3240 2810 3300 tempus
2835 3231 3112 3302 quoddam
3140 3230 3316 3287 facere
3342 3230 3580 3301 possint.

1918 3290 1961 3348 Ο
2066 3290 2233 3377 Vens.
2267 3290 2358 3376 55..
2400 3322 2523 3376 Non
2560 3290 3043 3393 capit'prophctam
3086 3326 3257 3393 perire
3292 3290 3446 3378 eagtra
3478 3322 3574 3376 Je-

1995 3413 2252 3477 rusalem,
2302 3416 2369 3470 de
2409 3431 2469 3471 se
2514 3417 2667 3485 dicit,
2704 3430 2964 3489 tanquam
3011 3418 3416 3474 accusationem
3453 3431 3578 3472 ver.-

1995 3503 2123 3557 bum
2159 3503 2303 3558 istud
2330 3505 2622 3575 adjiciens.

2578 3634 2809 3693 CAPUT
2850 3602 2992 3693 inv.

2064 3781 2232 3836 Vens.
2273 3782 2356 3838 15.
2391 3783 2496 3851 Qui
2521 3783 2658 3840 dicit
2698 3804 2711 3841 :
2748 3783 2945 3841 Beatus
2977 3786 3068 3858 qui
3105 3785 3449 3840 manducabit
3485 3802 3583 3857 pa-

1995 3893 2110 3930 nem
2143 3876 2196 3929 in
2229 3895 2382 3947 regno
2420 3882 2696 3944 caelorum,
2734 3897 2842 3934 non
2882 3888 3026 3935 recte
3051 3879 3584 3953 loquitur;,putabat

1991 3968 2135 4023 enim
2171 3970 2507 4039 corporalem
2538 3987 2717 4026 escam
2765 3988 2887 4028 esse
2925 3974 2975 4026 in
3002 3973 3160 4028 cmlo.

2065 4058 2230 4116 Vsus.
2260 4061 2311 4115 6.
2337 4061 2510 4116 Ilomo
2537 4064 2752 4133 quidam
2780 4065 2899 4133 fecit
2923 4082 3147 4120 caenam.
3174 4064 3274 4122 Per
3300 4065 3580 4123 hominem

1993 4149 2138 4206 Deus
2200 4153 2356 4207 Pater
2398 4154 2747 4224 designatur;
2783 4156 2969 4224 ﬁgura:
3006 4157 3152 4212 enim
3190 4157 3585 4228 parabolarum

1994 4258 2186 4297 verum
2234 4244 2477 4315 tingunt;
2512 4246 2603 4301 illa
2635 4258 2813 4302 autem
2858 4264 2968 4303 non
2998 4250 3227 4305 omnino
3259 4258 3389 4304 sunt
3424 4266 3577 4311 vera,

1993 4332 2211 4387 Carnem
2250 4334 2405 4397 dicit,
2459 4352 2565 4389 non
2620 4336 2933 4404 prandium,
2968 4337 3034 4394 id.
3061 4346 3169 4402 est,
3223 4337 3276 4393 in
3315 4354 3581 4394 consum-

1995 4427 2235 4481 matione
2277 4443 2372 4498 per
2396 4428 2602 4484 Clnisti
2647 4431 2962 4500 passionem
3009 4429 3162 4487 orbis
3192 4432 3579 4503 congregatio-

1994 4533 2142 4572 nem.
2176 4518 2392 4573 Vocavit
2425 4521 2640 4585 multos,
2673 4523 3076 4582 multitudinem
3110 4539 3307 4595 nempe
3355 4522 3577 4579 Indico-

1995 4626 2141 4665 rum.
2177 4610 2313 4677 Quis
2363 4613 2492 4669 vero
2534 4614 2741 4669 missus
2800 4614 2887 4668 ille
2929 4632 3091 4686 quem
3137 4632 3357 4672 servum
3407 4616 3582 4673 dicit?

1995 4700 2250 4760 Christus
2286 4705 2401 4776 ipse
2444 4706 2536 4776 qni
2582 4723 2676 4776 per
2720 4724 2940 4762 carnem
2977 4708 3207 4763 formam
3247 4708 3391 4765 servi
3426 4724 3582 4765 accc-

1994 4794 2092 4864 pit.
2130 4795 2270 4864 Quid
2314 4800 2526 4867 paravit
2569 4801 2858 4855 invitatis?
2889 4814 3239 4873 peccatorum
3294 4802 3581 4858 remissio-

1995 4907 2143 4957 nem,
2166 4893 2482 4962 adoptionis
2509 4896 2952 4964 praerogativam.
2982 4896 3259 4966 (Imperant
3292 4898 3453 4952 simul
3486 4913 3581 4952 ex-

1993 4999 2215 5048 cusare;
2240 4985 2289 5038 id
2318 4996 2402 5039 est
2430 5001 2536 5039 una
2560 4987 2948 5043 convenientes
2982 4999 3040 5042 ut
3067 4990 3269 5044 nullius
3303 4990 3582 5045 invitatio-

1995 5089 2117 5127 nem
2153 5075 2413 5140 facerent,
2448 5077 2888 5133 terrestrioribus
2921 5080 3300 5149 imprudenter
3331 5097 3391 5137 se
3417 5083 3581 5137 dedc-

1998 5177 2142 5222 runt.
2176 5165 2393 5222 Invitati
2439 5178 2568 5224 sunt
2607 5181 2788 5224 autem
2844 5187 2942 5240 pro
2999 5173 3108 5226 illis
3157 5173 3251 5241 qui
3288 5174 3341 5228 in
3378 5175 3578 5243 plateis

1993 5268 2047 5313 et
2074 5261 2210 5314 vicis
2245 5269 2423 5322 erant,
2470 5258 2563 5330 qui
2593 5276 2623 5314 c
2651 5260 2877 5315 Judaica
2923 5260 3274 5316 multitudine
3319 5263 3579 5328 debilem,

1994 5362 2047 5407 et
2082 5353 2399 5423 ignobilem,
2433 5360 2488 5407 et
2535 5352 2853 5417 obscuram,
2886 5363 2941 5407 et
2985 5353 3234 5408 claudam
3268 5356 3582 5424 usquedum

1998 5446 2408 5517 intelligentiam
2454 5445 2783 5499 habuerant.
2834 5444 2965 5499 Sani
3008 5457 3188 5499 autem
3244 5455 3299 5499 et
3332 5451 3581 5502 valentes

1998 5553 2093 5607 per
2121 5540 2281 5593 ﬁdem
2314 5538 2367 5591 in
2405 5536 2686 5592 Christum
2714 5534 2843 5591 lacti
2875 5545 3022 5591 sunt.
3060 5536 3188 5601 Sed,
3213 5538 3387 5591 adhuc
3425 5537 3573 5591 locus

1995 5639 2093 5697 est,
2136 5630 2269 5686 dicit
2297 5644 2491 5684 servus
2517 5629 2579 5680 ad
2642 5626 2987 5681 invitandum
3032 5627 3258 5697 missus,
3306 5628 3375 5683 ob
3413 5629 3580 5686 rusti-

1996 5725 2173 5781 ciorcs
2200 5731 2251 5778 et
2274 5722 2537 5793 iumentis
2561 5730 2719 5793 aptos
2751 5720 2822 5775 ita
2863 5722 3099 5777 locutus.
