4060 6570
449 444 472 512 1
482 444 588 511 203

1152 449 1543 512 OPUSCULA
1582 450 2215 517 SCRIPTURISTICA
2258 456 2607 522 INCERTIE
2644 460 2954 524 ETATIS.

3570 468 3705 533 1204

517 564 686 620 Vens.
724 562 816 620 28.
870 560 1027 634 Quod
1095 563 1257 621 nobis
1316 580 1382 622 ex
1435 567 1797 625 aedificatione
1861 570 2019 625 turris

2205 571 2282 626 Τὸ
2319 574 2385 627 ὲκ
2408 576 2506 647 τῆς
2528 573 2622 630 τοῦ
2650 575 2860 648 πύργου
2901 574 3189 649 οίκοδομῆς
3226 579 3358 649 ἡμῖν
3408 578 3709 654 ὑποδηλοῦ-

446 659 773 723 ostenditur,
805 658 910 714 huc
932 666 1015 714 est
1045 675 1059 714 :
1086 658 1177 730 qui
1214 661 1559 731 susceperint
1590 662 1755 716 vitam
1798 663 2020 734 egregie

447 751 701 820 dirigere,
739 748 1098 807 sutllcientem
1152 752 1205 806 in
1247 767 1314 808 eo
1355 755 1630 817 ardorem,
1662 755 1714 808 in
1753 768 1855 809 suo
1883 768 2021 825 pro-

445 842 629 914 posito
660 841 885 900 stabiles
919 843 1234 899 exhibeant.

518 932 664 991 Vens
715 938 805 992 51.
840 939 941 990 Ant
973 938 1087 1008 quis
1126 952 1216 993 rea:
1252 940 1423 993 iturus
1460 941 1786 994 committere
1829 938 2027 995 bellum

446 1028 697 1085 adversus
748 1029 914 1084 alium
974 1046 1164 1101 regem,
1203 1042 1387 1098 etc...;
1450 1028 1507 1088 Id
1558 1048 1622 1087 eo
1666 1034 2024 1102 signiﬁcatur,

446 1132 637 1175 contra
678 1121 1023 1179 adversarias
1054 1132 1353 1193 potestates
1397 1125 1557 1181 nobis
1596 1124 1845 1195 praelium
1881 1140 2024 1192 esse,

448 1223 509 1266 ut
541 1214 674 1270 dicit
700 1213 1021 1286 Apostolus;
1056 1214 1236 1270 adhuc
1263 1215 1426 1271 etiam
1454 1226 1654 1271 contra
1680 1216 2025 1287 prudentiam

445 1305 649 1361 carnis.
681 1305 809 1361 Ideo
844 1306 1014 1362 Deum
1056 1302 1319 1363 habentes
1348 1309 1757 1376 auxiliatorem,
1789 1308 2018 1365 minime

445 1399 513 1453 de
562 1412 696 1468 pace
735 1400 801 1454 ad
858 1408 1078 1455 nostros
1130 1400 1318 1457 hostes
1373 1402 1650 1458 damones
1692 1402 2021 1473 legationem

445 1491 752 1555 mittamus,
789 1493 935 1562 quod
981 1502 1065 1550 est
1112 1495 1465 1565 passionibus
1499 1496 1705 1551 servire
1737 1513 1751 1550 :
1787 1495 1881 1550 sed
1921 1508 2024 1566 po-

444 1583 553 1637 tius
608 1584 715 1640 illis
754 1585 1105 1653 resistamus,
1138 1597 1412 1658 poten-tem
1450 1587 1622 1643 Deum
1665 1596 1917 1643 nostrum
1966 1588 2020 1643 in

443 1677 710 1733 auxilium
745 1686 861 1735 toto
892 1680 1079 1736 animo
1103 1693 1160 1738 et
1189 1682 1307 1738 sine
1335 1695 1486 1738 mora
1511 1681 1866 1737 advocantes.

1037 1864 1266 1922 CAPUT
1320 1866 1431 1921 XV.

2132 682 2320 737 μενον,
2354 667 2517 722 τοῦτό
2547 670 2716 737 ἔστιν,
2748 669 2838 723 ἵνα
2867 670 2917 722 οἱ
2954 667 3054 741 τὴν
3083 668 3282 725 εὐκλεᾶ
3323 668 3472 744 ζωὴν
3512 692 3706 747 κατορ-

2128 754 2254 809 θοῦν
2278 757 2546 829 ἑλόμενοι,
2595 759 2695 829 τὴν
2742 758 3021 833 ἀρκοῦσαν
3073 759 3132 813 ὲν
3163 760 3336 833 τούτῳ
3377 763 3704 836 προθυμίαν,

2125 848 2203 921 τῷ
2227 849 2438 905 ἑαυτῶν
2467 850 2900 922 ὲγκαταθέμενοι
2931 850 3013 907 νοῒ
3040 852 3377 911 διατελῶσιν.

2195 940 2270 994 Τὸ
2311 941 2387 1008 δὲ,
2428 942 2499 999 Ἡ
2527 943 2618 1009 τίς
2645 942 2951 1010 ,βασιλεὺς
2985 946 3386 1014 πορευόμενος
3414 945 3487 1002 ἐν
3531 946 3699 1021 ἑτέρα

2120 1031 2378 1097 βασι.λεῖ
2421 1033 2758 1102 συμϐαλεῖν
2795 1036 2882 1101 είς
2916 1035 3225 1104 adleuare;
3283 1035 3375 1089 καὶ
3423 1036 3493 1091 τὰ
3555 1038 3694 1107 ἑξῆς,

2124 1123 2284 1176 τοῦτο
2311 1123 2586 1196 σημαίνει,
2612 1124 2694 1178 ὅτι
2717 1125 2860 1196 Πρὸς
2874 1124 2971 1189 τὰς
3001 1126 3250 1190 ἐναντίας
3273 1126 3530 1199 δυνάμεις
3550 1132 3704 1183 ἐστὶν

2125 1216 2260 1287 ἡμῖν
2308 1216 2337 1270 6
2375 1216 2548 1285 ἀγὼν,
2595 1217 2779 1282 καθὼς
2812 1218 2840 1271 6
2900 1219 3224 1284 Ἀπόστολὸς
3256 1237 3457 1291 φησιν’
3517 1221 3600 1277 ἔτι
3651 1222 3708 1275 δὲ

2128 1310 2222 1363 καὶ
2269 1309 2408 1381 πρὸς
2443 1309 2504 1363 τὸ
2554 1310 2808 1382 φρόνημα
2870 1308 2969 1382 τῆς
3010 1312 3232 1379 σαρκός.
3283 1311 3374 1364 Διὸ
3428 1312 3521 1365 τὸν
3574 1314 3708 1367 Θεὸν

2127 1400 2343 1471 ἔχοντες
2371 1400 2584 1473 βοηθὸν,
2615 1400 2883 1474 μηδαμῶς
2917 1401 3048 1474 περὶ
3075 1403 3299 1474 εἰρήνης
3316 1402 3441 1467 τοῦς
3479 1402 3711 1475 ἐχθροὺς

2126 1492 2284 1565 ἡμῶν
2322 1492 2584 1563 δαίμονας
2605 1495 2997 1565 ὲρωτήσωμεν,
3037 1496 3177 1567 ὅπερ
3206 1496 3325 1548 ἐστὶ
3368 1495 3710 1565 δουλωθῆναι

2125 1586 2238 1648 τοῖς
2264 1583 2530 1638 πάθεσινο
2562 1584 2698 1641 ἀλλὰ
2742 1584 2944 1659 μᾶλλον
2982 1586 3331 1658 ἀντιστῶμεν
3372 1588 3580 1655 αὐτοῖς,
3618 1589 3712 1643 τὸν

2127 1676 2388 1747 κραταιὸν
2430 1677 2565 1731 Θεὸν
2604 1677 2762 1749 ἡμῶν
2810 1680 2891 1744 είς
2936 1678 3222 1752 ἀντίληψιν
3270 1680 3551 1753 ὀλοψὺχως
3616 1681 3713 1737 καὶ

2126 1768 2489 1835 ἀδιαλείπτως
2519 1770 2965 1842 ἐπικαλούμενοι.

2710 1860 2943 1916 ΚΕΦΑΛ
2955 1900 2971 1917 .
3019 1862 3118 1917 IE'.

511 1977 675 2032 Vens.
703 1976 755 2033 8.
789 1974 861 2032 De
892 1977 1155 2031 drachma
1183 1978 1253 2031 ita
1289 1978 1530 2047 loquitur
1571 1978 1629 2033 S.
1679 1975 2014 2046 Gregorius:

2193 1966 2327 2039 Περὶ
2354 1970 2451 2041 τῆς
2472 1970 2719 2043 δραχμῆς
2747 1973 2954 2044 φησινὸ
2980 1972 3135 2042 ἅγιος
3164 1976 3470 2048 Γρηγόριος
3497 1976 3708 2046 οὕτως,

440 2067 704 2125 Accendit
747 2066 1026 2123 lucernam
1084 2067 1357 2135 Christus,
1390 2069 1669 2125 evidenter
1708 2083 1865 2123 suam
1899 2081 2021 2121 car-

440 2176 564 2214 nem
596 2160 1013 2231 signiﬁeans,et
1038 2162 1261 2215 domum
1286 2161 1506 2228 everrit,
1539 2162 1801 2219 mundum
1834 2176 1864 2215 a
1895 2174 2023 2232 pec-

438 2261 563 2307 cato
610 2268 883 2323 purgans;
933 2252 1249 2308 drachmam
1309 2254 1601 2325 quzesivit,
1642 2255 1692 2309 id
1741 2264 1827 2310 est
1881 2252 2025 2324 regis

439 2347 670 2415 ttguram
712 2344 1063 2416 passionibus
1105 2346 1373 2414 deletam;
1418 2356 1472 2402 et
1525 2354 1792 2403 convocat
1818 2346 2026 2401 amicas

438 2435 719 2505 potentias
742 2435 794 2491 in
826 2434 1138 2491 inventione
1166 2434 1457 2503 drachmaz,
1484 2447 1537 2492 et
1559 2436 1849 2507 partit-ipes
1882 2434 2015 2491 facit

439 2543 555 2582 sua:
588 2526 811 2594 la‘titia',
839 2545 978 2598 quas
1024 2528 1258 2584 instituti
1306 2529 1388 2585 sui
1429 2529 1834 2601 eooperatrices
1881 2528 2020 2584 fece-

441 2630 545 2676 rat.

509 2709 677 2770 Vens.
712 2715 797 2769 Η.
838 2714 1033 2769 Dicens
1068 2714 1334 2771 Dominus
1370 2715 1622 2772 Christus
1651 2717 1858 2770 :Homo
1900 2715 2020 2784 gui-

437 2803 562 2857 dam
585 2804 716 2859 duos
744 2804 908 2872 ﬁlios,
937 2813 1255 2876 peccatores
1287 2804 1780 2875 indicatetjustos.
1814 2805 2016 2861 Adole-

445 2897 779 2953 scentiorem
816 2914 945 2954 vero
986 2899 1119 2955 dicit
1154 2898 1349 2963 lilium,
1375 2900 1502 2955 'non
1556 2899 1626 2955 ob
1655 2910 1870 2955 aetatem
1922 2899 2018 2955 sed

439 2990 512 3045 ob
542 3006 747 3047 mores.
785 2992 870 3047 Da
899 2992 1027 3046 mihi
1075 2994 1371 3063 portionem
1422 2992 1740 3048 substantiae
1794 3008 1912 3061 qua
1941 3007 2020 3046 me

438 3084 715 3153 contingit,
748 3083 797 3139 id
837 3093 940 3153 est,
966 3083 1338 3156 independens
1371 3085 1492 3141 volo
1531 3100 1652 3142 esse
1679 3093 1734 3140 et
1778 3100 1885 3139 non
1918 3100 2016 3154 pa-

438 3191 569 3245 rere,
604 3175 723 3230 tibi.
754 3175 911 3232 Dedit
953 3187 1134 3233 autem
1167 3178 1246 3233 illi
1269 3188 1424 3249 pater
1445 3178 1589 3249 quod
1630 3176 2009 3246 contingebat,

437 3267 915 3339 independentiam
947 3280 1040 3325 aut
1068 3271 1238 3342 legem
1272 3270 1596 3325 naturalem.
1638 3268 1860 3339 Peregre
1885 3285 2011 3339 pro-

440 3357 610 3427 fectus
649 3370 750 3425 est,
797 3376 906 3416 non
948 3361 1128 3415 locum
1181 3359 1277 3415 sed
1332 3360 1671 3416 voluntatem
1708 3366 1952 3421 mutans,
1988 3372 2019 3413 a

436 3450 549 3505 Deo
571 3451 815 3517 recessit,
835 3461 888 3507 et
917 3450 1058 3507 Deus
1081 3467 1301 3522 quoque
1324 3451 1393 3507 ab
1413 3451 1525 3507 illo.
1558 3449 1851 3521 Dissipavit
1882 3451 2010 3505 sub-

439 3542 696 3594 stantiam
736 3557 910 3607 suam,
955 3540 1008 3595 id
1057 3550 1162 3607 est,
1200 3539 1505 3597 naturalem
1559 3540 1852 3605 rationem,
1892 3555 2023 3610 pru-

440 3633 705 3699 dentiam,
762 3644 817 3689 et
858 3635 986 3690 alia.
1037 3633 1203 3690 Facta
1253 3644 1337 3690 est
1380 3642 1562 3689 autem
1596 3633 1675 3689 illi
1726 3632 1899 3690 fames
1923 3649 2022 3688 au-

437 3725 622 3781 diendi
644 3727 866 3782 verbum
914 3725 1028 3780 Dei.
1064 3725 1131 3779 Et
1160 3725 1399 3780 Adawsit
1428 3726 1522 3779 uni
1563 3726 1757 3781 civium
1795 3725 2022 3796 regionis

439 3814 609 3882 illius,
647 3817 698 3872 id
738 3827 823 3872 est
858 3816 1122 3883 daamoni;
1172 3816 1295 3873 ideo
1324 3814 1475 3870 Misit
1529 3815 1683 3870 illum
1731 3816 1785 3869 in
1840 3815 2022 3870 uillam

438 3924 591 3962 suam
641 3919 699 3963 stt
744 3922 979 3978 pasceret
1014 3926 1224 3979 porcos,
1269 3924 1559 3979 porcorum
1600 3910 1767 3964 vitam
1807 3908 2023 3963 habitu-

437 4016 534 4055 rus
562 4017 576 4055 :
610 4001 683 4056 ita
717 4001 861 4056 enim
898 4000 1464 4056 honorantdremones
1488 3999 2018 4070 honorantesipsos,

436 4100 491 4145 et
526 4093 784 4162 pascebat
837 4094 1075 4164 porcos!
1115 4091 1479 4149 Veterascens
1508 4093 1653 4148 enim
1700 4092 1754 4146 in
1790 4091 2023 4155 malitia,

436 4182 764 4254 ﬂagitiorum
806 4184 999 4240 doctor
1040 4184 1291 4240 cllieitur.
1326 4182 1585 4253 Cupiebat
1631 4180 1847 4245 implere
1892 4198 2013 4235 ren-

438 4289 568 4331 trem
602 4294 757 4331 suam
797 4278 859 4331 de
888 4276 1094 4348 siliquis
1134 4293 1266 4348 quas
1313 4276 1459 4344 porci
1502 4274 1919 4335 manducabant,
1972 4283 2020 4327 et

439 4366 588 4423 nemo
630 4368 712 4423 illi
762 4368 963 4435 dabat;
994 4368 1046 4423 id
1090 4376 1175 4424 est
1211 4386 1223 4422 :
1256 4367 1394 4421 alios
1436 4365 1577 4420 mala
1627 4364 1856 4428 docens,
1904 4366 2021 4434 ipse

438 4464 711 4518 malorum
768 4476 876 4516 non
912 4461 1220 4516 satietatem
1266 4456 1538 4514 sumebat.
1574 4457 1799 4528 Siliquae
1824 4472 2020 4527 pecca-

437 4562 554 4607 tum
610 4553 877 4618 indicanl,
910 4554 1036 4624 quia
1066 4567 1264 4608 suaves
1297 4560 1352 4604 et
1394 4564 1604 4620 aspera
1640 4558 1769 4604 sunt
1810 4549 1934 4613 illae,
1962 4558 2019 4603 ut

435 4652 744 4715 peccatum.
768 4644 839 4699 In
866 4662 919 4699 se
946 4654 1121 4699 autem
1157 4658 1417 4708 reversus,
1455 4641 1507 4697 id
1540 4650 1625 4696 est
1662 4642 1845 4712 priora
1874 4641 2017 4711 cogi-
2047 4680 2095 4737 η

437 4748 580 4801 tans,
633 4737 809 4792 dixit:
853 4736 1055 4804 Quanti
1108 4736 1420 4790 mercenarii
1468 4735 1639 4803 patris
1695 4734 1796 4788 mei
1842 4734 2013 4788 abun-

434 4827 567 4881 dant
605 4844 759 4897 pane,
813 4829 864 4883 id
907 4838 1010 4891 est,
1059 4825 1356 4881 edocentur
1386 4825 1729 4895 Scripturis!
1782 4822 2014 4893 Surgens

434 4921 571 4975 venit
622 4922 690 4975 ad
744 4930 985 4990 patrem;
1037 4934 1269 4989 surgens
1330 4933 1359 4972 a
1418 4918 1699 4986 voluptate
1754 4916 1901 4971 venit
1948 4915 2014 4969 ad

438 5012 632 5068 Deum.
670 5012 803 5069 Cum
829 5023 1004 5066 autem
1037 5012 1208 5065 adhuc
1238 5009 1388 5080 longe
1417 5020 1574 5074 esset,
1605 5010 1656 5065 id
1691 5019 1773 5063 est
1810 5024 2016 5079 DI'IBVC-

440 5104 518 5159 nit
548 5104 854 5176 benignitas
895 5102 1309 5171 penitentiam;
1345 5109 1398 5155 et
1424 5102 1633 5173 reliqua
1662 5102 1863 5156 habent
1896 5117 2018 5172 quae

437 5202 760 5265 sequuntur.
804 5192 1050 5262 Proferte
1090 5192 1283 5246 stolam
1316 5193 1567 5263 primam,
1609 5194 1658 5248 id
1699 5204 1800 5261 est,
1832 5192 2016 5250 tidem.

438 5286 508 5339 Et
548 5287 671 5339 date
707 5284 961 5338 annulum
1005 5285 1057 5336 in
1111 5282 1370 5353 sigillum,
1406 5284 1458 5340 id
1499 5294 1601 5347 est,
1638 5284 1930 5355 baptisma,
1966 5298 2015 5341 et

436 5378 837 5441 caleeamenta,
884 5377 1257 5445 evangelicam
1321 5378 1485 5433 viam.
1545 5377 1779 5434 Vitalum
1836 5391 2015 5435 autem

402 5466 405 5472 ’
434 5472 766 5543 saginatum,
799 5467 1083 5524 Christum
1122 5469 1465 5526 immolatum
1498 5473 1564 5527 ad
1598 5473 1749 5529 orbis
1788 5490 2018 5529 conven-

435 5563 672 5619 sionem.
706 5560 774 5617 Et
820 5573 1082 5630 creperum
1125 5565 1351 5634 epulari.
1383 5566 1526 5622 Nam
1579 5568 1830 5639 gaudium
1876 5570 1936 5635 ﬁt
1961 5571 2016 5624 in

434 5657 579 5712 catis
606 5672 761 5725 super
785 5672 891 5710 uno
929 5666 1199 5725 peccatore
1227 5660 1589 5723 paenitentiam
1613 5674 1822 5734 agente.
1857 5662 2013 5729 Quod

437 5758 618 5805 autem
664 5750 1028 5805 murmuravit
1056 5750 1258 5818 senior,
1294 5767 1402 5807 non
1430 5752 1691 5809 invidiam
1722 5754 1775 5809 in
1821 5766 2014 5812 sancto

434 5854 558 5896 esse
580 5855 705 5896 cum
742 5851 1053 5910 peccatores
1081 5841 1215 5899 salvi
1239 5843 1397 5908 tiunt,
1432 5845 1526 5900 sed
1561 5847 2013 5915 superabundan-

437 5929 566 5987 tiam
608 5931 963 6006 benignitatis
1004 5933 1298 5992 ostendens
1336 5935 1441 5993 hoc
1492 5935 1712 5993 dicitur.
1746 5937 2014 6003 Quoniam

2134 2059 2213 2111 ὅτι
2237 2058 2442 2130 Λύχνον
2471 2054 2575 2131 ἧψε
2602 2062 2858 2133 Χριστὸς,
2880 2064 3126 2134 δηλονότι
3157 2066 3258 2134 τὴν
3284 2068 3480 2123 ἑαυτοῦ
3503 2071 3709 2142 σάρκα,

2129 2151 2222 2203 καὶ
2256 2150 2353 2224 τὴν
2391 2153 2566 2207 οἰκίαν
2614 2153 2884 2225 ὲσάρωσε,
2916 2158 3013 2229 τῆς
3065 2157 3339 2228 ἁμαρτίας
3383 2160 3475 2214 τὸν
3504 2163 3713 2232 κόσμον

2127 2242 2532 2316 ἀποκαθαίρωνσ
2573 2247 2666 2302 καὶ
2697 2247 2796 2319 τὴν
2849 2248 3101 2322 δραχμὴν
3135 2251 3392 2323 ἐζήτησε,
3427 2254 3527 2326 τὴν
3562 2255 3703 2327 βασι-

2128 2335 2285 2407 λικὴν
2316 2338 2503 2393 είκόνα
2526 2342 2993 2414 συγκεχωσμένην
3026 2345 3139 2409 τοῖς
3169 2344 3404 2400 πάθεσι·
3445 2349 3544 2401 καὶ
3572 2365 3708 2418 συγο

2128 2430 2282 2483 καλεῖ
2309 2431 2408 2496 τὰς
2446 2432 2608 2501 φίλας
2634 2435 2888 2506 δυνάμεις
2919 2436 3013 2491 ἐπὶ
3037 2439 3104 2510 τῇ
3144 2438 3243 2509 τῆς
3274 2439 3526 2512 δραχμῆς
3549 2441 3709 2513 εὑρέ-

2129 2537 2209 2574 σει
2230 2537 2244 2550 ·
2281 2524 2375 2584 καὶ
2400 2527 2697 2591 κοινωνοὺς
2724 2529 2963 2582 ποιεῖται
3000 2529 3099 2601 τῆς
3128 2529 3492 2604 εὐφροσύνης,
3515 2532 3583 2597 ἃς
3609 2534 3711 2587 καὶ

2126 2616 2222 2687 τῆς
2259 2615 2573 2687 οἰκονομίας
2606 2615 2870 2688 μύστυδας
2900 2620 3225 2691 ἐπεποίητο.

2197 2708 2382 2764 Εἰπὼν
2410 2710 2439 2765 6
2476 2712 2758 2787 Δεσπότης
2797 2713 3053 2785 Χριστὸς,
3104 2716 3187 2771 ὅτι
3229 2718 3568 2787 Ἄνθρωπός
3616 2736 3709 2786 τις

2124 2796 2251 2872 εἶχε
2284 2803 2394 2857 δύο
2434 2803 2631 2871 ποιοὺς,
2684 2806 3050 2880 ἁμαρτωλοὺς
3106 2809 3260 2881 λέγει
3311 2810 3406 2863 καὶ
3440 2810 3703 2874 δικαίους·

2125 2895 2391 2969 νεώτερον
2416 2898 2473 2953 δὲ
2504 2899 2653 2969 λέγει
2682 2899 2773 2954 τὸν
2807 2900 2949 2968 υἱὸν,
2975 2902 3036 2956 οὐ
3062 2902 3152 2957 διά
3176 2903 3269 2957 τὸν
3318 2903 3532 2975 χρόνον,
3566 2903 3715 2959 ἀλλὰ.

2123 2990 2210 3046 διὰ
2239 2992 2329 3045 τὸν
2370 2994 2595 3065 τρόπον.
2629 2995 2704 3049 Τὸ
2740 2995 2821 3061 δὲ,
2858 2997 2971 3062 Δός
2995 3013 3096 3066 μοι
3141 2995 3210 3051 τὸ
3238 2995 3568 3052 ἐπιϐάλλον
3598 2997 3713 3067 μέ-

2117 3101 2227 3152 ρος
2266 3083 2372 3154 τῆς
2414 3086 2656 3154 οὐσίας,
2678 3086 2798 3140 ἀντὶ
2830 3086 2944 3149 τοῦ,
2977 3085 3336 3157 Δύτεξούσιος
3366 3086 3537 3141 ἐθέλω
3564 3084 3709 3142 εἶναι

2125 3176 2217 3229 καὶ
2243 3177 2343 3247 οὐχ
2371 3177 2620 3231 ὑπείκειν
2669 3194 2751 3232 σοι
2780 3194 2795 3211 ⁸
2836 3178 3005 3233 ἔδωκε
3058 3179 3116 3233 δὲ
3154 3180 3304 3251 αὐτῷ
3334 3182 3363 3235 6
3414 3180 3597 3252 πατὴρ
3643 3180 3717 3234 τὸ

2125 3262 2436 3329 ἐπιϐάλλον,
2467 3266 2567 3337 τὴν
2594 3265 3079 3336 αὑτεξουσιότητα,
3110 3269 3206 3324 τὸν
3250 3272 3479 3342 φυσικὸν
3514 3272 3703 3342 νόμον.

2127 3352 2199 3407 Τὸ
2251 3353 2329 3419 δὲ,
2387 3354 2847 3425 Ἀπεδήμησεν,
2885 3357 2946 3410 οὐ
2993 3359 3234 3425 τοπικῶς
3280 3360 3515 3430 νοήσεις,
3567 3359 3709 3414 ἀλλὰ

2126 3446 2549 3517 προαιρετικῶς·
2607 3449 2717 3503 ἀπὸ
2761 3448 2900 3504 Θεοῦ
2948 3450 3185 3523 ἀπέστη,
3245 3453 3341 3507 καὶ
3379 3455 3406 3507 6
3433 3452 3567 3518 Θεὸς
3610 3451 3719 3506 ἀπ’

2126 3539 2313 3595 αὑτοῦ.
2351 3541 2424 3594 Τὸ
2452 3541 2529 3607 δὲ,
2568 3541 2881 3610 Ἀνήλωσε
2910 3544 3027 3612 τὴν
3054 3545 3276 3600 οὐσίαν
3302 3544 3515 3608 αὐτοῦ,
3549 3562 3708 3599 τουτ-

2126 3632 2264 3697 έστι,
2302 3633 2394 3688 τὸν
2440 3633 2685 3705 ἔμφυτον
2711 3635 2993 3706 λογισμὸν,
3040 3638 3141 3710 τὴν
3188 3637 3568 3709 σωφροσύνην,
3609 3638 3713 3691 καὶ

2123 3729 2192 3780 τά
2221 3727 2373 3797 ἑξῆς.
2423 3727 2621 3798 Γέγονε
2652 3729 2710 3783 δὲ
2743 3729 2894 3800 αὑτῷ
2931 3728 3093 3801 λιμδς
3130 3729 3228 3784 τοῦ
3264 3730 3499 3784 ἀκοῦσαι
3541 3729 3715 3797 λόγον

2123 3817 2285 3875 Θεοῦ.
2308 3819 2651 3890 Ἑκολλήθη
2676 3819 2765 3886 δὲ,
2794 3822 2951 3893 φησι,
2983 3822 3073 3877 ἐνί
3097 3820 3217 3877 τῶν
3238 3821 3518 3887 πολιτῶν,
3536 3821 3719 3892 ἤγουν

2122 3910 2360 3981 δαίμονι.
2387 3911 2497 3979 Διὸ,
2531 3914 2840 3983 Ἔπεμψεν
2868 3916 2955 3981 εὶς
2975 3913 3117 3981 τοὺς
3138 3913 3361 3984 ἀγροὺς
3390 3911 3578 3968 αὐτοῦ
3594 3912 3708 3978 ,βὸ-

2124 4017 2298 4059 σκειν
2333 4004 2576 4074 χοίρους
2607 4021 2622 4036 ·
2648 4004 2883 4077 χοιρὼδη
2915 4004 3029 4077 βίον
3062 4004 3231 4077 ἔχειν.
3265 4003 3453 4070 Οὕτως
3481 4004 3591 4074 γὰρ
3624 4020 3710 4056 τι·

2128 4097 2302 4168 μῶσιν
2324 4098 2375 4151 οἱ
2406 4096 2661 4169 δαίμονες
2708 4099 2836 4163 τοὺς
2873 4098 3152 4169 τιμῶντας
3198 4097 3421 4163 αὐτούς.
3468 4097 3717 4152 Ἐὁοσκσ

2123 4190 2180 4244 δὲ
2207 4191 2425 4262 χοίρους
2444 4207 2459 4223 ’
2489 4191 2747 4263 χρονίσας
2772 4192 2883 4264 γὰρ
2913 4193 2981 4264 τῇ
3008 4191 3203 4263 κακίᾳ,
3240 4191 3334 4245 καὶ
3381 4189 3711 4252 διδάσκαλος

2125 4283 2362 4348 ἀσωτίας
2396 4283 2628 4352 γίνεται.
2666 4284 2741 4339 Τὸ
2764 4284 2845 4347 δὲ,
2898 4283 3216 4355 Ἐπεθύμει
3259 4284 3329 4339 ἐκ
3365 4281 3486 4337 τῶν
3529 4299 3711 4351 κερα-

2124 4373 2268 4426 τίων
2290 4367 2378 4426 ὧν
2402 4372 2622 4442 ἢσθιον
2640 4376 2694 4428 οἱ
2718 4374 2927 4443 χοῖροι,
2952 4374 3052 4430 καὶ
3069 4373 3268 4442 οὐδεὶς
3292 4373 3496 4429 ἐδίδου
3521 4372 3704 4438 αὐτῷ,

2124 4463 2284 4518 τοῦτό
2309 4466 2456 4519 ἐστιν
2482 4466 2566 4520 ὄτι
2591 4466 2783 4532 ἄλλους
2814 4468 3084 4523 διδάσκων
3110 4470 3175 4522 τά
3200 4467 3370 4532 κακά,
3404 4466 3567 4530 αὐτὸς
3594 4465 3717 4519 τῶν

2123 4556 2312 4610 κακῶν
2333 4557 2433 4613 οὐκ
2460 4556 2734 4627 ἐλάμϐανε
2772 4559 2953 4631 κόρον,
3000 4559 3245 4631 Κεράτια
3280 4559 3337 4612 δὲ
3375 4558 3473 4630 τὴν
3521 4559 3706 4628 ἁμαρ-

2123 4648 2246 4702 τίαν
2273 4649 2502 4717 είκάξει,
2537 4651 2621 4705 ὅτι
2667 4651 2872 4720 γλυκέα
2914 4652 3066 4706 ἐστὶν
3096 4654 3282 4706 ἐκεῖνα
3332 4653 3427 4706 καὶ
3468 4650 3707 4723 τραχέα,

2123 4740 2312 4813 ῶσπερ
2335 4744 2428 4797 καὶ
2467 4744 2503 4816 ἡ
2531 4743 2799 4815 ἁμαρτία.
2830 4744 2935 4810 Είς
2960 4743 3178 4799 ἑαυτὸν
3208 4743 3279 4797 δὲ
3308 4742 3523 4809 ἐλθὼν,
3547 4741 3715 4795 τοῦτ-δ’

2121 4835 2262 4898 ἐστι,
2295 4834 2652 4908 λογισάμενος
2688 4835 2761 4890 τά.
2796 4835 3095 4906 πρότερον,
3135 4832 3342 4890 εἶπεν·
3378 4835 3572 4890 Πόσοι
3605 4836 3706 4904 μί-

2120 4926 2277 4981 σθιοι
2298 4924 2403 4980 τοῦ
2415 4926 2645 4995 Πατρός
2659 4942 2781 4999 μου
2808 4926 3279 4996 περισσεύουσιν
3300 4924 3495 4995 ἀρτων
3511 4924 3531 4978 .'
3546 4941 3707 4977 τουτ-

2121 5014 2237 5070 έστι
2280 5016 2681 5089 κατηχούμενοι
2731 5016 2841 5072 ἀπὸ
2892 5017 3145 5091 Γραφῶν.
3198 5017 3497 5083 Ἀναστὰς
3556 5013 3709 5083 ἦλθε

2122 5107 2270 5176 πρὸς
2308 5107 2416 5164 τὸν
2445 5109 2693 5179 πατέρα.
2757 5110 3021 5176 Ἀναστὰς
3077 5113 3141 5166 ὲκ
3176 5111 3276 5181 τῆς
3322 5110 3539 5182 ἡδονῆς,
3572 5105 3706 5181 ἦλθε

2121 5200 2260 5270 πρὸς
2283 5200 2376 5254 τὸν
2411 5200 2563 5256 Θεόν.
2598 5201 2727 5257 Ἔτι
2760 5202 2831 5257 δὲ
2859 5201 3048 5259 αὐτοῦ
3077 5202 3316 5273 μακρὰν
3345 5202 3545 5267 ὄντος,
3581 5200 3707 5254 ἀντὶ

2120 5292 2236 5360 τοῦ,
2267 5292 2572 5363 Προέλαδεν
2603 5296 2638 5365 η
2675 5296 2968 5366 εὐεργεσία
2992 5296 3093 5368 τὴν
3130 5295 3443 5366 μετάνοιαν·
3493 5294 3590 5353 καὶ
3637 5293 3713 5345 τὰι

2120 5385 2249 5456 ἑξῆς
2283 5385 2395 5457 ἔχει
2433 5386 2533 5456 τὴν
2578 5387 2929 5444 ἀκολουθίαν.
2984 5387 3298 5457 Ἐνέγκατε
3322 5385 3439 5453 τὴν
3462 5383 3705 5452 στολὴν

2119 5480 2236 5550 τὴν
2272 5482 2533 5551 πρώτηνο
2564 5484 2837 5547 τουτέστι,
2894 5484 2994 5555 τὴν
3028 5484 3230 5538 πίστιν.
3265 5482 3374 5538 Καὶ
3420 5481 3558 5534 δότε
3598 5478 3704 5532 τὸν

2119 5572 2467 5639 δακτύλιον,
2498 5574 2599 5646 τὴν
2637 5575 2932 5646 σφραγῖδα,
2992 5574 3242 5629 τουτέστι
3293 5571 3355 5626 τὸ
3392 5571 3698 5640 βάπτισμα.

2120 5664 2230 5720 Καὶ
2282 5665 2661 5736 ὑποδήματα,
2708 5667 2807 5739 τὴν
2852 5666 3222 5736 εὐαγγελικὴν
3250 5664 3391 5719 ὀδόν.
3449 5663 3701 5731 Μόσχον

2118 5758 2175 5812 δὲ
2205 5758 2509 5826 σιτευτὸν,
2535 5758 2628 5814 τὸν
2650 5759 2887 5814 τυθέντα
2930 5758 3167 5829 Χριστὸν
3202 5756 3341 5830 ὑπὲρ
3371 5755 3470 5826 τῆς
3509 5753 3706 5807 οίκου-

2126 5849 2323 5919 μένης,
2342 5849 2441 5923 τὴν
2477 5850 2799 5923 μετάληψιν.
2819 5851 2926 5908 Καὶ
2956 5849 3220 5919 ἤρξαντο
3247 5844 3704 5917 εὐφραίνεσθαι.

2120 5972 2188 5983 -
2212 5943 2373 6011 Χαρὰ
2409 5945 2517 6014 γὰρ
2543 5946 2767 6015 γίνεται
2808 5944 2877 6000 ἐν
2916 5942 3195 6014 οὐρανοῖς
3249 5941 3342 6012 ἐφ’
3389 5938 3480 5995 ἐνὶ
3506 5937 3692 6008 ἀμαρ-
