4060 6564
452 440 589 507 1207

1165 442 1559 505 OPUSCULA
1593 442 2232 505 SCRIPTURISTICA
2278 424 2629 505 INCERTE
2670 442 2981 506 IETATIS.

3565 437 3705 504 1203

441 560 673 608 taverat.
701 550 895 607 Sinum
921 566 1051 609 vero
1105 552 1341 610 Abraha:
1393 554 1578 609 divina
1635 556 1743 610 otia
1796 563 2021 641 sanctus

2134 555 2358 621 Θένταςο
2386 554 2620 621 κόλπους
2652 556 2709 610 δὲ
2748 552 3022 627 Ἀϐραὰμ,
3057 552 3159 617 τὰς
3195 549 3480 618 θειοτάτας
3514 551 3702 625 λήξεις

440 640 733 714 Dionysius
766 640 919 697 dicit.

1025 749 1256 807 CAPUT
1292 749 1454 807 XVII.

514 859 679 916 Vens.
710 861 762 917 5.
779 861 852 917 De
879 862 1287 932 antiquioribus
1314 863 1520 917 sanctis
1549 860 1680 915 dicit
1709 861 2018 930 apostolus,

442 952 546 1007 Per
568 954 727 1021 ﬁdem
752 955 985 1009 vicerunt
1020 972 1218 1025 regna:
1248 954 1479 1024 apostoli
1510 968 1639 1024 ergo
1676 953 1728 1005 id
1763 953 2019 1019 scientes,

442 1046 633 1100 dicunt
653 1046 871 1102 Christo
893 1046 1140 1117 :Adauge
1171 1048 1315 1099 nobis
1335 1046 1512 1113 ﬁdem.
1543 1042 1654 1099 Non
1671 1051 1864 1114 petunt
1890 1044 2022 1098 sim-

440 1138 654 1207 pliciter
682 1138 861 1203 ﬁdem,
882 1154 989 1192 non
1016 1137 1158 1191 enim
1178 1147 1331 1191 erant
1355 1136 1618 1201 inﬁdeles,
1644 1137 1736 1191 sed
1762 1150 2016 1207 augmen-

445 1242 557 1285 tum
592 1231 734 1294 ﬁdei,
773 1230 821 1284 id
844 1240 927 1285 est
960 1230 1012 1284 in
1047 1228 1150 1283 ﬁde
1168 1229 1659 1283 conlirmatinnem.

520 1413 679 1469 Vens.
734 1415 783 1469 7.
836 1414 964 1480 Quis
1005 1430 1069 1467 ex
1106 1416 1247 1469 vobis
1294 1414 1488 1471 habens
1534 1432 1739 1470 servum
1798 1431 2021 1485 pascen—

450 1514 586 1570 tem;
620 1514 796 1562 etc....
826 1504 995 1560 Docet
1031 1505 1116 1561 his
1147 1506 1443 1561 Dominicae
1464 1506 1808 1562 auctoritatis
1844 1515 2022 1572 potes-

452 1608 615 1652 tatem
637 1609 694 1651 ut
706 1597 952 1652 debitum
984 1613 1199 1669 semper
1221 1614 1253 1653 a
1276 1597 1497 1655 famulis
1525 1598 1893 1654 obedientiam
1913 1597 2026 1652 esi—

446 1704 612 1757 gcre;
657 1704 763 1743 non
796 1690 969 1755 enim,
1000 1691 1095 1753 ait,
1122 1690 1351 1760 gratiam
1379 1706 1499 1746 esse
1543 1690 1799 1746 fatebitur
1827 1692 1926 1746 etsi
1957 1692 2026 1746 ab

446 1779 539 1835 illo
584 1779 785 1835 factum
816 1782 1138 1852 fueritquod
1166 1782 1281 1837 tieri
1302 1782 1610 1852 oportebat,
1642 1782 1735 1838 sed
1776 1798 1885 1836 non
1914 1783 2023 1837 im-

2126 649 2152 698 ὁ
2182 646 2337 716 ἀγιος
2371 646 2645 710 Διονύσιος
2676 646 2851 715 λέγει.

2708 756 2965 811 ΚΕΦΑΛ.
3000 751 3105 809 ῐΖίι

2196 868 2319 921 Ὅτι
2346 866 2473 937 περὶ
2499 865 2607 921 τῶν
2630 861 2999 937 ἀρχαιοτέρων
3036 860 3209 930 ἀγίων
3263 860 3427 933 φησὶν
3453 862 3483 915 δ
3538 861 3707 917 ’Λπό-

2127 960 2462 1022 στολοςοΔιὰ
2502 958 2764 1023 πίστεως
2815 957 3301 1027 κατηγωνίσαντο
3356 956 3706 1021 βασιλείας.

2124 1054 2187 1105 Oi
2212 1052 2500 1105 ἀπόστολοι
2532 1048 2626 1104 οὖν
2651 1048 2809 1104 τοῦτο
2838 1049 3059 1115 είδότες,
3091 1047 3308 1116 λέγουσι
3342 1046 3421 1118 τῷ
3450 1048 3703 1119 Χριστῷ·

2125 1145 2389 1213 Πρόσθες
2412 1142 2557 1211 ἡμῖν
2574 1142 2803 1196 πίστιν.
2825 1142 2941 1194 Ούκ
2968 1139 3183 1194 αἰτοῦσι
3200 1140 3257 1193 δὲ
3277 1139 3460 1193 πίστιν
3484 1139 3698 1203 ἀπλῶς·

2124 1238 2183 1289 οὐ
2219 1237 2327 1306 γὰρ
2382 1231 2521 1304 ἦσαν
2575 1234 2817 1289 ἄπιστοι*
2867 1231 3006 1287 ἀλλά
3065 1231 3387 1303 προσθήκην
3438 1226 3706 1294 πίστεως,

2123 1327 2373 1381 τουτέστι
2404 1325 2505 1395 τὴν
2544 1324 2623 1385 είς
2652 1323 2811 1375 τοῦτο
2843 1320 3162 1392 βεϐαίωσιν.

2201 1419 2320 1471 ’Ὁτι
2376 1417 2457 1480 τὸ,
2524 1417 2620 1482 Τίς
2653 1414 2722 1479 ἐξ
2771 1412 2940 1482 ὑμῶν
2977 1412 3204 1467 δοῦλον
3251 1413 3409 1480 ἔχων
3466 1410 3712 1480 ποιμαί-

2127 1526 2330 1572 νοντα,
2362 1508 2553 1563 καὶτὰ
2611 1507 2759 1577 ἑξῆς,
2806 1505 3050 1560 διδάσκει
3101 1505 3183 1560 ὅτι
3222 1505 3323 1575 τῆς
3368 1502 3712 1573 Δεσποτικῆς

2126 1600 2376 1667 ἐξουσίας
2408 1600 2441 1669 ἡ
2472 1599 2704 1668 δύναμις
2733 1599 2810 1662 ὡς
2840 1598 3064 1668 ὄφλημα
3104 1594 3381 1667 πανταχοῦ
3416 1594 3568 1666 παρά
3601 1593 3713 1647 τῶν

2127 1692 2356 1745 οἰκετῶν
2384 1691 2538 1761 ζητεῖ
2575 1692 2675 1763 τὴν
2700 1690 3005 1761 ὑποταγὴν.
3040 1688 3116 1742 Οὐ
3148 1688 3257 1759 γὰρ
3302 1686 3482 1758 χάριν,
3516 1686 3710 1755 φησὶν,

2128 1785 2478 1856 ὁμολογήσει,
2505 1784 2610 1839 κᾶν
2637 1784 2686 1837 εί
2714 1784 2925 1853 γένοιτο
2957 1781 3089 1853 παρ’
3111 1780 3279 1837 αὐτοῦ
3306 1782 3415 1836 πᾶν
3440 1782 3580 1850 ὅπερ
3606 1780 3711 1833 ἔδει

446 1872 636 1942 plenti,
652 1873 953 1942 periculum
988 1884 1071 1928 est
1090 1891 1105 1939 ;
1121 1874 1190 1927 im
1199 1874 1364 1943 plenti
1383 1884 1589 1939 autem,
1621 1874 1769 1929 nulla
1789 1874 2023 1931 habetur

2134 1876 2401 1945 γενέσθαιο
2438 1874 2576 1929 ἀλλά
2613 1874 2689 1946 μὴ
2725 1874 3065 1945 πληροῦντος
3098 1873 3221 1945 μὲν,
3268 1872 3532 1935 κίνδυνοςο
3561 1872 3707 1942 πλη-

448 1966 646 2032 gratia.

527 2055 691 2109 Vens.
735 2056 824 2111 2|.
881 2055 1147 2111 Dicendo:
1192 2056 1426 2127 Regnum
1454 2057 1547 2112 Dei
1596 2060 1742 2112 intra
1790 2075 1877 2112 vos
1924 2068 2023 2123 est,

448 2147 578 2216 quid
615 2148 829 2201 innuit?
874 2149 932 2201 In
976 2149 1180 2204 nostris
1229 2162 1424 2219 nempe
1455 2165 1579 2205 esse
1627 2150 2025 2215 voluntatibus,

450 2238 578 2291 illud
618 2254 842 2309 regnum
867 2239 1091 2307 eligere.

526 2328 685 2383 Vens.
720 2329 809 2382 22.
833 2328 973 2394 Quid
1022 2329 1205 2386 dicere
1234 2330 1619 2387 vultChristus
1641 2347 1765 2387 cum
1790 2332 1897 2387 ait:
1928 2330 2030 2386 Ve-

451 2418 594 2472 nient
620 2419 729 2474 dies
746 2419 957 2489 quando
973 2420 1343 2475 desiderabitis
1362 2420 1532 2475 videre
1551 2437 1714 2475 unum
1730 2421 1872 2475 diem
1894 2418 2029 2473 Filii

450 2508 699 2575 hominis,
720 2518 894 2565 etnon
925 2511 1209 2565 videbitis?
1239 2509 1293 2567 Id
1317 2521 1419 2575 est,
1450 2512 1570 2583 ejus
1603 2513 1656 2567 in
1694 2520 1840 2568 terra
1894 2528 2027 2568 con-

450 2598 776 2653 versationis
805 2617 821 2667 ;
852 2602 1104 2669 quamvis
1129 2600 1322 2654 ultimo
1361 2616 1487 2655 cum
1526 2600 1619 2654 illo
1663 2598 1835 2655 futuri
1870 2600 2028 2655 estis.

450 2687 565 2743 ΙΙοο
612 2700 793 2743 autem
844 2689 983 2744 dixit
1027 2688 1096 2744 0b
1134 2689 1519 2745 tribulationes
1566 2705 1704 2760 quas
1760 2688 2033 2745 debebant

451 2779 726 2835 sustinere
760 2794 788 2833 a
828 2782 1103 2851 tyrannis.

998 2888 1253 2962 CAPUT;
1288 2891 1475 2947 xvm.

522 3000 686 3057 Vens.
713 3000 916 3067 2.Quis
945 3016 1069 3059 esse
1091 3011 1273 3073 potest
1302 3004 1391 3059 hic
1412 3004 1578 3072 judex
1612 3003 1797 3059 idicat
1826 3002 2030 3059 David:

2131 1968 2357 2039 ροῦντος
2388 1966 2466 2027 δὲ,
2500 1966 2728 2035 οὐδεμία
2758 1965 2911 2018 ἔσται
2941 1964 3123 2035 χάρις.

2213 2060 2302 2113 Ἐν
2329 2057 2408 2129 τῷ
2438 2058 2643 2126 λέγειν,
2679 2058 2763 2111 ὅτι
2801 2057 2874 2111 Ἠ
2887 2056 3181 2122 ,βασιλεία
3206 2053 3313 2109 τοῦ
3355 2054 3505 2108 Θεοῦ
3534 2052 3717 2117 ἐντὸς

2128 2152 2296 2222 ὑμῶν
2324 2151 2478 2215 ἐστι,
2530 2150 2584 2202 τί
2620 2150 2799 2218 λέγει;
2844 2149 2964 2202 Ὀτι
3026 2148 3115 2201 Ἐν
3162 2148 3282 2209 ταῖς
3324 2146 3716 2216 προαιρέσεσιν

2130 2244 2305 2316 ὑμῶν,
2339 2244 2496 2315 φησὶ,
2528 2245 2707 2297 κεῖται
2735 2241 2797 2296 τὸ
2828 2240 3157 2307 ἐκλέξασθαι
3182 2238 3412 2311 ταύτην.

2201 2338 2267 2390 Τί
2286 2336 2466 2406 λέγειν
2491 2334 2742 2405 βούλεται
2772 2332 3008 2405 Χριστὸς
3035 2332 3113 2386 ὅτ’
3142 2332 3211 2386 ἂν
3237 2331 3312 2403 φῇ
3335 2348 3350 2365 ο
3399 2329 3714 2385 Ἐλεύσον-

2130 2447 2225 2484 ται
2245 2428 2459 2498 ἡμέραι
2488 2427 2587 2483 ὅτε
2608 2425 3015 2495 ἐπιθυμήσετε
3026 2424 3176 2495 μίαν
3199 2422 3320 2479 τῶν
3345 2422 3586 2491 ἡμερῶν
3606 2419 3715 2474 τοῦ

2140 2520 2275 2576 Υιοῦ
2302 2518 2409 2575 τοῦ
2431 2518 2748 2589 ἀνθρώπου
2776 2516 2946 2582 ἰδεῖν,
2978 2514 3077 2571 καί
3105 2515 3218 2571 οὐκ
3247 2514 3474 2583 ὄψεσθε
3494 2528 3515 2578 ;
3538 2511 3715 2565 Τουτ-

2132 2614 2265 2675 ἐστι,
2314 2612 2413 2683 τῆς
2457 2612 2551 2665 ἐπὶ
2584 2611 2688 2680 γῆς
2723 2608 3102 2679 συῶιαγωγῆς
3140 2605 3335 2661 αὐτοῦ’
3389 2604 3571 2659 καίτοι
3617 2600 3717 2657 καὶ

2132 2706 2361 2777 ἔσχατον
2390 2704 2644 2767 συνόντες
2670 2702 2821 2773 αύτῷ
2839 2720 2851 2734 ·
2877 2701 3037 2757 τοῦτο
3068 2702 3127 2757 δὲ
3156 2701 3311 2770 ἔλεγε
3344 2699 3433 2754 διά
3462 2697 3564 2762 τὰς
3589 2695 3715 2750 θλί-

2130 2799 2255 2868 ψεις
2283 2796 2350 2861 ἀς
2380 2796 2608 2867 ἔμελλον
2634 2794 2930 2864 ὑπομένειν
2965 2794 3071 2849 ὑπὸ
3104 2793 3214 2848 τῶν
3239 2792 3546 2865 τυράννων.

2716 2904 2971 2960 ΚΕΦΑΔ.
3016 2904 3129 2959 IH’.

2205 3020 2273 3076 Ti
2294 3020 2361 3075 ἀν
2390 3020 2476 3089 εἰη
2499 3019 2527 3072 ό
2553 3016 2751 3089 κριτὴς
2780 3010 2963 3082 οὗτος
2996 3013 3220 3083 Δεγέτω
3244 3011 3409 3066 Δαϐίδ
3427 3027 3442 3042 ·
3474 3011 3540 3064 '0
3566 3010 3718 3076 Θεὸς

448 3090 592 3147 Deus
612 3092 775 3163 iudex
790 3094 996 3164 justus,
1034 3095 1189 3163 [ortis
1217 3106 1266 3150 et
1286 3098 1520 3166 patiens;
1548 3105 1610 3151 ut
1650 3095 1826 3151 audiri
1855 3104 2029 3165 potest

2134 3111 2344 3182 κριτὴς
2376 3111 2609 3176 δίκαιος
2637 3110 2735 3164 καί
2774 3108 3027 3178 ἰσχυρός
3064 3108 3161 3161 καί
3192 3107 3600 3176 μακρόθυμος·
3641 3102 3719 3165 ὡς

448 3183 611 3238 etiam
633 3184 859 3241 dicens:
900 3186 1080 3257 Neque
1104 3193 1170 3241 ab
1189 3202 1403 3256 egressu
1430 3188 1578 3254 solis,
1611 3203 1773 3257 neque
1836 3186 1902 3240 ab
1940 3202 2031 3242 οε·-

451 3294 599 3342 easu,
623 3294 783 3348 neque
804 3296 836 3333 a
857 3278 1076 3334 desertis
1102 3280 1387 3345 utentibus,
1409 3281 1657 3349 quoniam
1683 3278 1824 3333 Deus
1835 3278 2028 3348 judex,

454 3378 559 3424 est.
591 3370 767 3425 Habet
802 3379 988 3426 autem
1034 3371 1194 3441 quasi
1227 3372 1511 3442 propriam
1547 3372 1821 3428 civitatem
1856 3372 2029 3439 Deus,

450 3474 746 3529 quamnam
768 3461 913 3517 illam
932 3460 1288 3521 iEcclesiam.
1311 3462 1559 3519 Gloriosa
1571 3464 1718 3519 dicta
1735 3473 1859 3517 sunt
1875 3464 1939 3518 de
1958 3473 2029 3529 te,

452 3548 640 3603 civitas
678 3550 793 3608 Dei.
813 3550 917 3606 Ista
945 3552 1140 3609 civitas
1163 3553 1395 3609 imitatio
1426 3561 1510 3610 est
1532 3551 1770 3610 caelestis
1794 3554 2033 3610 civitatis

449 3636 771 3697 Jerusalem.
801 3642 967 3697 Deum
988 3658 1097 3699 non
1119 3644 1362 3710 timebat,
1384 3660 1561 3715 neque
1585 3645 1857 3700 hominem
1879 3660 2033 3701 reve-

452 3734 711 3789 rebatur:
747 3734 895 3792 Deus
920 3737 1066 3791 enim
1100 3750 1211 3791 non
1247 3736 1417 3792 Deum
1442 3737 1605 3792 habet
1632 3752 1795 3807 quem
1819 3737 2029 3803 timeat,

452 3828 921 3898 nequeﬂiominem
952 3844 1113 3899 quem
1142 3840 1450 3886 revereatur
1470 3848 1484 3896 ;
1504 3844 1863 3902 personarum
1887 3830 2031 3886 enim

452 3921 702 3988 acceptio
726 3934 837 3974 non
865 3926 950 3975 est
978 3921 1121 3990 apud
1165 3922 1341 3977 illum.

524 4117 689 4174 Vens.
717 4119 768 4174 5.
793 4118 987 4175 Omnis
1011 4121 1191 4175 anima
1220 4121 1273 4174 in
1300 4119 1540 4176 Ecclesia
1566 4120 2031 4176 calumniatorem

450 4213 629 4267 virum
655 4230 778 4267 cum
812 4215 1094 4284 reliquerit
1131 4225 1183 4269 et
1212 4214 1488 4283 reiecerit,
1520 4222 1575 4268 et
1604 4213 1888 4269 Christum
1915 4229 2033 4269 am-

450 4305 609 4377 plexa
642 4306 824 4370 fuerit,
847 4307 1015 4361 vidua
1034 4316 1137 4372 est,
1157 4316 1210 4360 et
1235 4306 1493 4361 sollicitat
1515 4306 1664 4361 omni
1683 4306 1773 4360 die
1798 4314 1852 4360 et
1876 4314 2034 4360 nocte

448 4398 717 4468 judicent,
748 4399 962 4455 dicens:
1010 4397 1239 4452 Vindiea
1275 4414 1359 4453 me
1409 4399 1479 4453 ab
1528 4398 1844 4453 adversario
1888 4412 2031 4451 meo.

452 4489 587 4555 Quis
617 4497 698 4543 est
728 4498 909 4544 autem
952 4489 1041 4543 hic
1072 4488 1424 4544 adversarius
1452 4490 1660 4557 icontra
1712 4502 1871 4557 quem
1910 4501 2036 4555 pre-

2135 3206 2283 3260 ἕστιν
2315 3202 2482 3259 αὑτοῦ
2523 3202 2756 3258 ἀκοῦσαι
2791 3203 2886 3255 καὶ
2936 3201 3101 3254 πάλιν
3132 3200 3406 3267 λέγοντος,
3438 3200 3522 3251 ὅτι
3564 3197 3718 3251 Οὔτε

2135 3296 2205 3361 ἐξ
2236 3296 2484 3361 ἐξόδων,
2516 3295 2656 3348 οὔτε
2684 3292 2805 3348 ἀπὸ
2850 3290 3119 3362 δυσμῶν,
3160 3290 3298 3344 οὔτε
3323 3288 3443 3342 ἀπὸ
3482 3286 3719 3356 ἐρήμων

2134 3387 2340 3456 ὀρέων,
2397 3388 2490 3440 ὅτι
2522 3388 2555 3440 ό
2600 3384 2746 3452 Θεὸς
2772 3384 2980 3453 κριτής
2999 3384 3193 3437 ἐστιν·
3223 3382 3335 3451 ἔχει
3363 3380 3421 3434 δὲ
3447 3379 3526 3441 ὡς
3561 3376 3724 3431 πόλιν

2138 3480 2275 3535 ίδίαν
2306 3482 2335 3534 ὁ
2365 3480 2499 3541 Θεὸς
2529 3520 2544 3543 ,
2595 3477 2757 3533 ποίαν
2796 3476 3037 3547 ταύτην;
3076 3476 3189 3546 Τὴν
3233 3472 3581 3543 Ἐκκλησίαν.
3613 3472 3718 3524 Δε-

2132 3570 2477 3641 δοξασμένα
2495 3569 2765 3637 ἐλαλήθη
2795 3567 2929 3637 περι
2959 3568 3098 3633 σοῦ,
3132 3567 3170 3636 ἡ
3198 3569 3380 3631 πόλεις
3401 3565 3511 3620 τοῦ
3540 3562 3715 3620 Θεοῦ.

2132 3663 2279 3736 Αὕτη
2313 3665 2347 3734 ἡ
2383 3662 2540 3727 πόλις
2592 3662 2822 3734 μίμημά
2855 3662 2971 3714 ἐστι
3014 3658 3115 3729 τῆς
3164 3656 3579 3729 οὕρανοπόλεως
3614 3653 3717 3708 '12--

2136 3759 2439 3831 ρουσαλήμ.
2475 3758 2631 3827 Μήτι
2666 3756 2800 3811 Θεὸν
2835 3755 3197 3826 φοϐούμενος,
3231 3754 3371 3824 μήτε
3421 3751 3719 3823 ἄνθρωπον

2131 3848 2550 3921 ἐντρεπόμενος·
2578 3849 2607 3900 ό
2637 3847 2748 3918 γὰρ
2774 3845 2908 3909 Θεὸς
2940 3844 3064 3899 οὔτε
3115 3843 3249 3897 Θεὸν
3291 3842 3405 3913 ἔχει
3445 3842 3505 3895 ὃν
3544 3841 3719 3911 φοϐη-

2134 3946 2398 4017 θήσεται,
2428 3942 2547 3998 οὐδὲ
2600 3942 2888 4012 ἄνθρωπον
2934 3941 2993 3994 ὃν
3040 3939 3489 4010 ἐντραπήσεταιο
3545 3950 3718 4007 προσο

2133 4038 2424 4109 ωποληψία
2457 4037 2567 4107 γὰρ
2587 4035 2688 4089 οὐκ
2713 4035 2830 4088 ἔστι
2866 4034 2997 4105 παρ’
3033 4032 3205 4104 αὐτῷ.

2207 4135 2361 4187 Πᾶσα
2396 4130 2543 4202 ψυχὴ
2582 4128 3015 4200 ὲκκλησιαστικὴ
3065 4128 3099 4198 ἠ
3147 4126 3240 4180 τόν
3288 4141 3424 4179 ποτε
3473 4121 3725 4177 διάϐολον

2132 4225 2301 4297 ἀνδρα
2332 4224 2540 4278 ἐάσασα
2574 4222 2668 4274 καὶ
2696 4219 3071 4292 ἀπορρίψασα,
3099 4218 3196 4271 καὶ
3234 4217 3470 4288 Χριστὸν
3498 4216 3721 4283 ὲνστερ-

2134 4316 2423 4387 νισαμένη,
2466 4316 2610 4386 χήρα
2653 4313 2933 4383 τυγχάνει,
2974 4313 3071 4366 καὶ
3111 4311 3293 4364 δέεται
3326 4310 3449 4364 καθ’
3478 4309 3724 4376 ἑκάστην

2132 4411 2349 4481 ἡμέραν
2376 4410 2471 4461 καὶ
2502 4407 2674 4461 νύκτα
2717 4406 2811 4461 τοῦ
2840 4405 3051 4477 κριτοῦ,
3089 4405 3357 4479 λέγουσαι
3401 4400 3726 4471 Ἐκδίκησόν

2141 4521 2208 4575 με
2236 4504 2344 4557 ἀπὸ
2374 4500 2469 4555 τοῦ
2498 4500 2772 4554 ἀντιδίκου
2799 4517 2921 4571 μου.
2953 4498 3051 4562 Τίς
3076 4498 3121 4551 δ’
3152 4498 3220 4552 ἂν
3246 4497 3334 4569 εἴη
3378 4496 3406 4549 ὁ
3451 4494 3725 4555 ἀντίδικος

456 4596 653 4635 camur
686 4590 843 4635 nocte
869 4578 1236 4635 acdieidicat
1263 4579 1544 4648 apostolus
1578 4579 1805 4634 Petrus:
1828 4576 2029 4642 Filioli,

2142 4597 2263 4650 καθ’
2310 4588 2372 4649 οὗ
2412 4593 2686 4665 εὐχόμεθα
2729 4591 2922 4656 νυκτὸς
2972 4592 3065 4645 καὶ
3114 4590 3360 4661 ὴμέραςς
3420 4587 3644 4655 Λεγέτω
3693 4586 3727 4637 ὁ

452 4674 791 4727 adversarius
841 4682 1004 4726 vester
1038 4671 1303 4735 diabolus,
1334 4682 1393 4724 ut
1446 4671 1526 4725 leo
1582 4672 1793 4740 rugiens
1840 4670 2035 4724 circuit

449 4781 691 4836 uuwrens
741 4780 893 4834 quem
916 4763 1151 4817 devoret.

520 4955 688 5010 Vens.
745 4955 798 5009 6.
837 4952 1011 5011 Judex
1053 4953 1381 5025 iniquitatis,
1440 4967 1547 5007 non
1601 4950 1914 5020 estzDeus,
1977 4958 2035 5004 ut

451 5049 607 5103 multi
630 5048 887 5117 loquaces
904 5048 1115 5110 dicunt,
1135 5046 1229 5102 sed
1247 5044 1468 5115 quidam
1491 5052 1608 5098 erat
1615 5044 1783 5113 judex
1810 5043 2035 5113 iniquus

452 5139 506 5193 in
539 5139 634 5193 illo
658 5147 922 5209 tempore,
954 5136 1459 5208 uthrysostomus
1483 5134 1680 5201 inquit,
1709 5135 1765 5189 in
1783 5149 1945 5204 quem
1965 5149 2031 5189 ex

452 5233 572 5303 ipso
601 5231 916 5302 parabolam
958 5229 1176 5284 instruit
1212 5226 1489 5283 Christus.
1548 5225 1676 5282 Vult
1720 5239 1903 5283 autem
1939 5242 2036 5296 per

452 5323 505 5377 id
548 5323 838 5378 ostendere
873 5335 983 5375 non
1014 5320 1343 5376 cessandum
1372 5334 1497 5375 esse
1524 5318 1593 5376 ab
1625 5320 1895 5375 oratione.
1941 5319 2034 5375 Di-

453 5416 627 5470 cendo
640 5429 790 5482 vero,
816 5412 1027 5479 Quanto
1041 5413 1211 5484 magis
1230 5412 1393 5467 Pater
1407 5421 1574 5468 vester
1588 5414 1835 5476 caelestis,
1854 5412 1925 5466 ali
1938 5428 2028 5466 um

454 5524 578 5564 esse
595 5507 1117 5578 iniquumjudicem,
1142 5507 1309 5562 alium
1329 5522 1451 5563 esse
1486 5506 1656 5564 Deum
1674 5507 1901 5563 iudicat.
1922 5504 2027 5561 Sed

450 5616 578 5656 cum
606 5599 940 5656 intellexeris
968 5600 1135 5654 Deum
1164 5615 1286 5655 esse
1302 5601 1545 5670 jndicem
1578 5600 1905 5672 iniquitatis,
1929 5614 2037 5655 non

454 5692 676 5748 timebis
700 5692 885 5748 dicere
917 5692 1066 5747 illum
1095 5708 1217 5749 esse
1241 5692 1479 5762 iudicem
1512 5694 1819 5767 iniquitatis
1846 5702 1900 5749 et
1924 5705 2032 5748 non

454 5783 709 5855 iustitiae:
741 5783 898 5842 Iusto
931 5787 1071 5843 enim
1103 5788 1187 5843 lea:
1208 5803 1309 5841 non
1334 5787 1567 5843 exsistit.

2139 4688 2434 4751 ἀπόστολος
2463 4686 2668 4757 Πέτρος
2686 4702 2699 4716 ο
2738 4685 2968 4747 Τεκνία,
3006 4686 3039 4737 ό
3066 4681 3372 4747 ἀντίδικος
3400 4678 3569 4749 ὑμῶν
3593 4676 3727 4730 διὰ-

2140 4784 2338 4845 ϐολος,
2365 4778 2447 4846 ὡς
2478 4776 2636 4832 ,λέων
2669 4777 3008 4846 ὠρυόμενος
3045 4773 3338 4843 διέρχεται
3366 4770 3555 4839 ζητῶν
3587 4784 3727 4822 τινα

2139 4868 2470 4925 καταπιεῖν.

2211 4964 2331 5018 Ὀτι
2364 4965 2392 5017 ό
2424 4962 2618 5032 κριτὴς
2644 4962 2746 5031 τῆς
2772 4960 3005 5023 ἀδικίας,
3046 4958 3145 5012 οὐκ
3194 4957 3344 5011 ἔστιν
3390 4959 3418 5010 ὁ
3462 4955 3618 5022 Θεὸς,
3648 4955 3731 5018 ὡς

2139 5055 2187 5107 οἱ
2218 5052 2404 5106 πολλοὶ
2436 5049 2802 5122 φλυαροῦντες
2830 5050 3110 5118 λέγουσιν·
3144 5048 3282 5102 ἀλλά
3310 5065 3395 5112 τις
3431 5043 3499 5119 ἦν
3525 5045 3728 5117 κριτὴς

2140 5142 2323 5204 ἄδικος
2356 5140 2475 5194 κατ’
2522 5140 2701 5193 ὲκεῖνο
2743 5139 2959 5210 καιροῦ,
2989 5140 3063 5203 ὡς
3095 5141 3123 5193 ὁ
3144 5139 3528 5209 Χρυσόστομος
3552 5137 3727 5204 λέγει,

2142 5233 2281 5304 πρὸς
2304 5231 2361 5284 ὃν
2391 5231 2454 5296 ἐξ
2496 5229 2663 5285 αὐτοῦ
2706 5230 2805 5302 τὴν
2832 5230 3153 5301 παραϐολὴν
3186 5231 3424 5284 ποιεῖται
3455 5229 3727 5301 Χριστός·

2144 5324 2394 5394 βούλεται
2442 5321 2500 5376 δὲ
2544 5321 2632 5376 διὰ
2676 5324 2865 5377 τούτου
2912 5323 3109 5388 δείξαι,
3146 5322 3220 5393 μὴ
3260 5323 3521 5376 ὲκκακετν
3564 5321 3622 5373 ἑν
3646 5319 3729 5388 τῷ

2141 5412 2560 5486 προσεύχεσθαι.
2604 5414 2695 5467 Ἐν
2715 5414 2773 5467 δὲ
2816 5415 2895 5485 τῷ
2938 5415 3139 5485 λέγειν,
3173 5417 3354 5481 Πόσῳ
3405 5411 3648 5485 μᾶλλον
3692 5413 3731 5465 ὁ

2140 5507 2345 5576 Πατὴρ
2374 5505 2541 5575 ὑμῶν
2574 5510 2606 5561 ό
2641 5505 2918 5575 οὐράνιος
2949 5509 2969 5561 .'
3020 5507 3179 5563 ἄλλον
3211 5504 3352 5561 εἶναι
3397 5508 3489 5560 τὸν
3539 5506 3731 5559 ἄδικον

2142 5599 2356 5673 κριτὴν,
2399 5599 2494 5652 καὶ
2527 5598 2687 5653 ἀλλον
2732 5599 2824 5653 τὸν
2864 5600 3019 5653 Θεόν.
3065 5598 3211 5654 Ἀλλ’
3238 5600 3328 5652 ὅτε
3361 5597 3603 5667 ἀκούσῃς
3631 5594 3731 5649 τὸν

2142 5693 2276 5747 Θεὸν
2300 5689 2495 5762 κριτὴν
2531 5691 2769 5760 ἀδικίας,
2812 5693 2887 5763 μὴ
2917 5692 3163 5764 φοϐηθῇς
3190 5692 3365 5746 είπεῖν
3394 5689 3557 5744 αὑτὸν
3597 5706 3731 5760 κρι-

2142 5786 2242 5856 τὴν
2266 5782 2501 5849 ἀδικίας,
2534 5783 2630 5840 καὶ
2664 5785 2724 5839 οὐ
2749 5783 3123 5855 δικαιοσύνης·
3152 5785 3368 5849 Δικαιῳ
3392 5782 3505 5855 γὰρ
3535 5781 3728 5851 νόμος

2147 5882 2217 5936 οὐ
2238 5876 2445 5933 κεῖται.
