4060 6592
2238 292 2255 335 1

379 436 522 507 1209
1477 442 1802 503 SCHOLIA
1836 444 2130 506 VETEBA
2162 449 2245 509 IN
2278 451 2563 513 LUCAM.
2608 516 2611 519 η
3487 455 3629 524 1210

442 549 548 604 Τοῦ
582 548 882 621 Φαρισαίου
912 547 1007 603 καὶ
1030 548 1123 605 τοῦ
1162 549 1396 604 τελώνου
1431 550 1465 620 η
1492 551 1776 623 παραὸολὴ
1811 551 1924 604 ὑπο

2120 555 2287 613 Vsns.
2326 558 2413 613 10.
2432 557 2693 615 Pharisaei
2726 567 2779 616 et
2798 560 3073 632 publicani
3102 564 3358 634 parabola
3391 571 3629 627 ostendit

367 641 639 696 δείκνυσιν
672 641 753 694 ὅτι
791 641 1168 711 ἐπιστημόνως
1193 640 1274 694 δεῖ
1302 641 1738 713 προσεύχεσθαι·
1772 640 1924 695 πολλέ

2052 658 2303 718 Oportere
2361 650 2598 706 scienter
2641 667 2818 709 orare.
2859 653 3026 711 Multa
3067 656 3215 711 enim
3273 658 3420 714 illius
3471 671 3629 716 erant

368 728 479 798 γὰρ
524 726 691 782 αὑτοῦ
741 728 811 782 τὰ
860 728 1200 799 ἐγκλήματα.
1257 729 1569 802 Ἐθαύμασε
1622 729 1732 802 γὰρ
1779 730 1924 792 αὐτὸς

2050 751 2304 811 peccata:
2337 743 2579 813 seipsum
2607 745 3005 813 admirabatur,
3041 756 3095 803 et
3140 750 3346 805 multos
3395 762 3627 808 exteros

367 821 552 882 αὑτὸν.
576 820 674 874 καὶ
712 819 941 885 πολλοὺς
970 821 1189 892 ἐτέρους
1219 822 1315 876 σὺν
1337 821 1412 893 τῷ
1445 822 1651 897 τελώνῃ
1683 824 1924 894 κατέκριι

2047 847 2170 889 Cum
2200 835 2925 904 publicanocondemnabat.
2958 838 3159 894 Verum
3185 842 3351 912 igitur
3367 853 3450 899 est
3479 846 3625 913 quod

368 928 477 964 νεν.
518 909 742 980 Ἀληθές
783 906 877 964 οὖν
916 910 978 964 τδ
1011 913 1399 983 γεγραμμένον
1423 914 1608 985 ῥητὸν,
1649 915 1732 969 ὅτι
1768 915 1924 969 Ἐστι

2049 928 2312 996 scriptum
2344 937 2427 983 est
2463 932 2689 983 verbum
2717 970 2731 993 ,
2770 928 2959 983 Justus
2997 932 3133 1000 perit
3163 906 3449 1001 iniustitia
3497 906 3625 989 sua.

366 1002 596 1068 δίκαιος
620 1001 1046 1072 ἀπολλύμενος
1068 1005 1138 1057 ἐν
1161 1004 1368 1073 δικαίῳ
1401 1007 1608 1062 αὐτοῦ.

438 1093 559 1147 Ὅτι
589 1093 703 1157 πῶς
734 1094 761 1145 6
798 1094 897 1163 μὲν
923 1096 1214 1167 Φαρισαῖος
1244 1098 1802 1171 μεγαλορῤημονήσας
1847 1103 1941 1154 ἐπὶ

364 1187 476 1248 τοῖς
522 1185 743 1250 οἰκείοις
794 1186 1129 1257 δικαιώμασι
1176 1190 1594 1260 κατακέκριται,
1643 1193 1672 1245 6
1708 1193 1765 1246 δὲ
1816 1194 1924 1247 ’ῐὼε

2044 1196 2099 1250 in
2125 1199 2362 1268 propriis
2387 1200 2614 1269 justitiis
2647 1202 3068 1265 condemnatur,
3100 1200 3204 1255 Job
3229 1210 3408 1256 autem
3447 1205 3500 1258 in
3523 1220 3621 1259 eo-

364 1278 460 1331 ὲπὶ
489 1279 661 1346 τούτῳ
692 1279 839 1350 αύτῷ
868 1281 1067 1351 μᾶλλον
1095 1285 1189 1337 καὶ
1212 1285 1591 1352 δεδικαίωταις
1635 1288 1759 1341 Ὅτι
1786 1284 1924 1352 οὗτος

2041 1287 2162 1341 dem
2182 1290 2355 1353 magis
2375 1289 2732 1359 justiﬁeatur?
2755 1292 2890 1358 Quia
2914 1292 3003 1347 ille
3025 1291 3244 1361 quidem
3265 1294 3483 1349 nemine
3499 1308 3623 1347 con-

367 1365 467 1435 μὲν
521 1365 745 1437 μηδενὸς
786 1368 1202 1434 ἀντιπίπτοντος
1262 1373 1359 1426 καὶ⁸
1420 1375 1845 1447 παρακινοῦντος
1902 1378 1924 1445 ἲ

2043 1378 2344 1433 tradiccutc
2392 1381 2472 1434 vel
2492 1383 2746 1437 turbante
2774 1391 2865 1438 aut
2892 1383 3190 1449 excitante,
3222 1384 3498 1454 superbit;
3532 1383 3622 1439 hic

362 1457 723 1528 ἐρεθίζοντος,
768 1463 1268 1533 μεγαλορῤημονεῖ·
1306 1467 1334 1518 6
1363 1466 1419 1519 δὲ
1450 1469 1509 1520 ὲν
1552 1468 1652 1537 μὲν
1680 1469 1758 1538 τῷ
1789 1470 1924 1523 εὐδο-

2042 1483 2169 1522 vero
2204 1484 2327 1523 cum
2354 1471 2604 1525 laudatur
2641 1488 2700 1526 se
2721 1474 3039 1542 abscondit;
3066 1482 3120 1528 et
3162 1491 3285 1531 cum
3314 1484 3610 1531 accusatur

361 1552 569 1619 κιμεῖν,
621 1550 855 1621 έκρυὸεν
900 1553 1125 1606 ἑαυτόν⁸
1161 1556 1216 1607 ὲν
1268 1554 1327 1609 δὲ
1381 1557 1457 1627 τῷ
1511 1562 1924 1631 κατηγορεῖσθαι

2041 1561 2109 1614 ab
2128 1561 2352 1632 Eliphaz
2377 1564 2458 1617 vel
2490 1579 2519 1618 a
2539 1564 2778 1629 diabolo,
2814 1566 2963 1621 illata
2991 1568 3219 1623 crimina
3247 1568 3479 1637 repellit.
3501 1566 3617 1639 (Ita

361 1641 466 1695 ὑπὸ
500 1640 595 1695 τοῦ
642 1641 870 1712 Ἐλιφάξ
907 1643 940 1715 ἢ
973 1645 1068 1697 τοῦ
1108 1646 1373 1712 διαϐόλου,
1402 1649 1695 1704 ἀποδύεται
1726 1652 1794 1705 τὰ
1816 1652 1924 1705 ἑπι-

2040 1652 2365 1724 Pelusiota.)

360 1733 634 1803 φερόμενα
666 1735 1007 1807 ἐγκλήματα.
1043 1736 1188 1807 (Τοῦ
1217 1741 1699 1811 Πηλουσιώτου.)

431 1825 552 1878 ’Ότι
583 1824 732 1893 λέγει
752 1827 779 1879 6
797 1828 1210 1901 εύαγγελιστὴς,
1224 1832 1305 1885 ὃτι
1331 1832 1522 1887 οὐδὲν
1540 1836 1766 1891 τούτων
1784 1854 1924 1891 συν-

2108 1835 2274 1891 Vsns.
2309 1837 2397 1892 5st.
2434 1837 2574 1893 Dicit
2610 1839 2940 1910 evangelista
2974 1856 2989 1895 :
3028 1840 3181 1894 Nihil
3218 1841 3409 1896 [torum
3456 1842 3616 1896 intel-

358 1915 536 1984 ἦκαν,
566 1918 704 1971 ἀλλ’
737 1914 813 1989 ἦν
838 1919 1016 1975 τοῦτο
1054 1922 1121 1976 τὸ
1143 1897 1313 1993 βῆμα
1368 1928 1787 1996 κεκρυμμένον
1829 1932 1924 1986 ἀπ⁴

2037 1929 2299 1993 (exerunt,
2330 1929 2419 1984 sed
2444 1940 2559 1984 erat
2590 1931 2799 1985 verbum
2830 1932 2974 1986 istud
3016 1932 3388 1988 absconditum
3419 1935 3481 1989 ab
3513 1936 3618 1988 eis.

356 2007 573 2073 αὐτῶν,
605 2009 774 2079 ἤγουν
813 2010 941 2083 περὶ
973 2012 1069 2081 τῆς
1093 2013 1461 2079 ἀναστάσεως.
1494 2016 1591 2070 Διά
1611 2018 1924 2091 τίςἙπειδὴ

2039 2019 2094 2074 Id
2137 2032 2239 2086 est,
2273 2022 2339 2075 de
2370 2022 3007 2093 resurrectiour,quare?
3030 2022 3169 2090 Quia
3200 2026 3438 2081 nondum
3470 2035 3616 2081 recte

356 2098 566 2151 οὐδέπω
623 2099 844 2170 ᾔδεισαν
894 2103 1139 2172 ἀκριϐῶς
1186 2105 1252 2158 τὰ
1286 2106 1437 2177 παρὰ
1482 2108 1591 2161 τῶν
1638 2111 1924 2181 προφητῶν

2035 2114 2282 2168 sciebant
2332 2129 2453 2182 quae
2503 2114 2571 2168 de
2598 2114 2707 2183 [illo
2744 2130 2773 2168 a
2815 2116 3097 2185 prophetis
3144 2115 3487 2182 dicebautur,
3525 2125 3613 2170 ut-

355 2190 442 2243 ἐπ’
467 2191 615 2261 αὐτῷ
646 2192 938 2264 λεγόμενα,
967 2194 1040 2258 ὡς
1066 2196 1258 2260 ἁλιεῖς.

2035 2212 2162 2274 pote
2203 2204 2523 2273 piscatores.

426 2285 549 2337 Ὀτι
578 2288 605 2338 6
630 2286 831 2355 τυφλὸς
879 2288 1093 2342 ἀκούων
1137 2288 1246 2342 τῶν
1287 2291 1540 2361 Γραφῶν,
1574 2294 1669 2346 καὶ
1699 2295 1807 2348 ἀπὸ
1835 2296 1924 2349 τοῦ

2104 2294 2270 2351 Vens.
2305 2297 2392 2351 55.
2426 2297 2612 2352 Czecus
2644 2299 2874 2354 audiens
2900 2298 3231 2369 Scripturas,
3258 2298 3409 2352 illum
3437 2308 3494 2352 ut
3523 2297 3612 2353 Fi-

2128 1106 2285 1164 Vens.
2310 1109 2397 1163 M.
2419 1110 2709 1175 Quomodo
2735 1110 3045 1167 Pharismus
3060 1111 3279 1181 quidem
3300 1114 3622 1183 superbiens

353 2378 517 2433 Aa6i8
564 2379 656 2432 καὶ
696 2380 828 2432 Θεὸν
873 2378 1019 2451 εἶχεν
1058 2382 1240 2447 αὑτὸν,
1292 2385 1386 2436 καὶ
1446 2386 1930 2457 ὲπιστομιζόμενος

352 2472 453 2524 οὐκ
486 2470 683 2524 ἔπαυεν
706 2489 718 2503 ο
753 2472 874 2526 ὅθεν
904 2476 998 2527 καὶ
1032 2474 1253 2528 ἀκούει*
1300 2474 1372 2529 Ἦ
1417 2477 1619 2542 πίστις
1662 2493 1779 2532 σου
1828 2479 1930 2531 σέο

352 2567 512 2620 σωκέ
542 2584 615 2621 σε
635 2584 647 2597 '
674 2566 867 2635 ἀφίησι
897 2566 953 2619 δὲ
981 2567 1141 2620 αὐτὸν
1170 2567 1353 2621 λαλεῖν
1397 2567 1491 2621 καὶ
1522 2568 1672 2639 βοᾷν,
1697 2570 1795 2639 τὴν
1835 2569 1927 2622 πί-

353 2678 471 2715 στιν
500 2660 665 2714 αύτοῦ
699 2660 959 2714 δεικνύων
990 2664 1101 2724 τοῖς
1130 2660 1406 2717 συνοῦσιν.

425 2754 547 2807 Ὅτι
596 2752 713 2822 φῶς
758 2751 982 2821 γέγονεν
1024 2754 1057 2823 ἡ
1104 2752 1255 2823 φωνὴ
1285 2751 1362 2824 τῷ
1402 2754 1621 2824 τυφλῷ·
1652 2755 1717 2808 ὲκ
1751 2756 1929 2823 φωτὸς

350 2845 459 2917 γὰρ
497 2839 565 2915 ἦν
615 2845 644 2898 6
673 2843 828 2913 λόγος
874 2843 1164 2915 ἀληθινοῦ’
1208 2839 1363 2909 οὗτος
1415 2846 1584 2909 ἰαθεὶς
1644 2847 1927 2916 ἠκολούθει

349 2934 515 3006 αὐτῷ.

917 3028 1170 3082 ΚΕΦΑΛ.
1221 3029 1322 3083 ΙΘ’.

420 3135 517 3190 Διὰ
547 3136 598 3190 τί
637 3138 665 3191 6
694 3139 961 3208 Ζακχαῖος
1010 3140 1037 3192 6
1065 3137 1305 3209 τελώνης
1350 3138 1756 3211 ὑποδεξάμενος
1787 3142 1925 3213 Χρι-

2034 2383 2163 2438 lium
2188 2383 2352 2438 David
2379 2393 2431 2439 et
2454 2384 2623 2440 Deum
2644 2387 2851 2453 habuit,
2875 2397 2928 2442 et
2955 2390 3192 2442 clamare
3222 2403 3326 2442 non
3351 2390 3609 2442 cessavit.

2032 2472 2186 2529 Unde
2206 2475 2376 2541 audit,
2404 2474 2565 2531 Fides
2589 2490 2682 2533 tua
2711 2491 2758 2533 le
2779 2480 2984 2533 salvum
3004 2481 3148 2549 [ecit.
3190 2480 3330 2533 Sinit
3363 2496 3486 2532 eum
3509 2497 3611 2532 au-

2031 2576 2139 2622 tem
2178 2568 2326 2639 loqui
2352 2579 2406 2624 et
2431 2570 2690 2637 clamare,
2723 2582 2781 2628 ut
2809 2574 3059 2628 ostendat
3102 2573 3462 2642 praesentibus
3489 2573 3615 2642 ejus

2031 2660 2189 2714 Iidem
2202 2700 2215 2713 .

2101 2750 2267 2806 Vens.
2288 2751 2377 2805 62.
2399 2750 2517 2805 Lux
2548 2751 2685 2805 facta
2709 2760 2792 2806 est
2822 2768 2924 2806 vox
2948 2769 3047 2808 sua
3074 2769 3240 2820 caeco,
3259 2770 3290 2810 e
3312 2755 3434 2809 luce
3459 2754 3605 2808 enim

2028 2852 2145 2898 erat
2172 2844 2419 2899 veritatis
2446 2860 2649 2899 sermo.
2685 2846 2788 2900 Iste
2816 2855 3043 2901 sanatus
3083 2849 3418 2918 sequebatur
3450 2861 3606 2900 eum.

2616 3028 2851 3086 CAPUT
2883 3028 3028 3083 XIX.

2101 3135 2267 3193 Vens.
2301 3139 2354 3194 8.
2392 3138 2503 3193 Cur
2538 3138 2804 3194 Zachmus
2835 3139 3162 3209 publicanus
3197 3137 3290 3209 qui
3324 3137 3604 3193 Christum

352 3229 493 3291 στὸν,
536 3230 648 3291 τοῖς
691 3228 1041 3298 ἠδικημένοις
1072 3230 1410 3300 τετραπλοῦν
1447 3231 1730 3300 ἀπέδωκε;
1765 3234 1923 3289 Κατά

2029 3228 2258 3299 excepit,
2311 3229 2396 3283 bis
2440 3244 2582 3297 quos
2618 3228 2964 3284 deiraudavit
3004 3228 3370 3298 quadruplum
3393 3225 3601 3281 reddit?

347 3319 439 3372 τὸν
466 3321 630 3390 νόμον
662 3320 820 3373 τοῦτο
846 3320 1141 3392 πεποίηκε,
1184 3322 1278 3375 τὸν
1305 3322 1595 3376 κελεύοντα
1642 3325 1763 3377 ἀντὶ
1806 3324 1925 3389 ἑνὸς

348 3414 585 3482 τέσσαρα
656 3410 904 3481 πρόϐατα
948 3412 1313 3467 ἀποτιννύειν.
1383 3414 1444 3468 '0
1506 3415 1605 3483 μὲν
1655 3417 1923 3487 Ζακχαῖος

348 3502 559 3571 ἀγνοῶν
596 3501 624 3554 ὃ
654 3501 849 3567 ἐποίει,
891 3503 1079 3573 θερμῷ
1125 3503 1273 3574 ζήλῳ
1326 3504 1628 3575 φερόμενος
1665 3506 1760 3562 καὶ
1792 3507 1923 3578 θείῳ

350 3595 514 3666 ἔρωτι
561 3594 911 3666 φλεγόμενος,
945 3596 1039 3649 ἐπὶ
1088 3599 1427 3668 συκομορέαν
1457 3599 1746 3670 ἀνέτρεχεν
1767 3618 1779 3630 ·
1811 3603 1840 3654 6
1866 3601 1924 3654 δέ

349 3702 412 3754 γε
450 3684 656 3756 Κύριος
689 3687 949 3756 μυστικόν
982 3706 1034 3741 τι
1068 3688 1376 3760 θεωρήσας,
1412 3690 1603 3759 ἔλεγε·
1638 3691 1925 3762 Κατάὄηθι

351 3776 621 3842 ἐντεῦθεν,
660 3777 930 3847 κατάϐηθι
961 3779 1069 3832 ἀπὸ
1097 3780 1195 3849 τῆς
1253 3783 1592 3853 συκομορέας
1612 3798 1627 3814 ο
1655 3783 1923 3854 μνήσθητι

350 3865 431 3917 ὅτι
451 3866 479 3918 6
511 3864 682 3935 ’Δδάμ
699 3866 1032 3936 γυμνωθεὶς,
1060 3868 1163 3920 61:6
1177 3869 1276 3939 τὴν
1305 3870 1475 3940 συκῆν
1498 3871 1798 3941 ἐκρύπτετο
1816 3889 1831 3905 ·
1859 3874 1924 3925 σὺ

353 3956 520 4010 θέλων
555 3957 817 4028 σωθῆναι,
867 3960 959 4012 ἐπὶ
1012 3961 1182 4028 συκῆν
1231 3962 1305 4031 μὴ
1362 3962 1666 4033 ἁνάτρεχεο
1722 3964 1806 4018 δεῖ
1856 3982 1925 4033 με

349 4049 507 4102 τοῦτο
559 4050 621 4104 τδ
671 4054 974 4122 συκόμορον
1021 4052 1271 4121 ξηρᾶναι,
1338 4052 1433 4107 καὶ
1478 4054 1607 4108 ἄλλο
1658 4057 1926 4123 φυτεύσαι

351 4144 772 4213 οταυρόχριστον
799 4142 1036 4215 δένδρον.

429 4232 487 4283 '0
529 4234 728 4296 σκοπὸς
757 4235 857 4304 τῆς
886 4236 1168 4307 παρούσης
1212 4239 1549 4311 παραϐολῆς,
1594 4243 1725 4314 ὃλην
1774 4260 1923 4315 παρ-

351 4326 474 4395 ιστᾷ
486 4328 584 4395 τῆς
610 4326 849 4396 Χριστοῦ
877 4330 1189 4400 οίκονομίας
1210 4331 1308 4403 τὴν
1333 4333 1585 4404 δύναμιν.
1607 4336 1926 4408 Ἀνθρωπος

348 4417 455 4485 γὰρ
485 4416 558 4469 ὢν
604 4418 772 4488 ἀνέϐη
827 4419 1016 4474 λαόεἶν
1075 4423 1253 4495 ἑαυτῴ
1312 4425 1625 4494 βασιλείανο
1683 4428 1925 4498 δηλονότι

2031 3318 2341 3375 Secundum
2373 3320 2545 3391 legem
2578 3320 2679 3375 hoc
2721 3319 2852 3375 fecit
2888 3319 3293 3390 praecipientem
3347 3331 3445 3387 pro
3491 3331 3600 3371 una

2026 3421 2264 3484 quatuor
2297 3427 2428 3467 oves
2486 3412 2718 3467 solvere.
2767 3411 3029 3467 Zachaeus
3068 3410 3290 3481 quidem
3356 3409 3608 3464 nesciens

2026 3505 2168 3575 quod
2210 3504 2424 3575 agebat,
2457 3504 2671 3559 ardenti
2720 3504 2836 3560 zelo
2887 3513 3069 3557 motus
3096 3513 3149 3557 et
3188 3500 3375 3555 divino
3416 3514 3606 3553 amore

2027 3598 2282 3669 ﬂagrans,
2312 3600 2364 3650 in
2399 3611 2743 3668 sycomorum
2794 3595 3063 3649 ascendit.
3114 3591 3379 3647 Dominus
3420 3601 3605 3644 autem

2028 3691 2410 3760 mysteriosum
2433 3687 2563 3756 quid
2586 3701 2817 3741 cernens
2836 3685 2993 3740 dixit.
3025 3683 3304 3739 Descende
3328 3681 3475 3745 inde,
3511 3681 3608 3734 de-

2030 3781 2230 3836 scende
2263 3796 2291 3833 a
2311 3794 2636 3848 sycomoro:
2666 3786 2941 3832 memento
2964 3777 3134 3830 Adam
3167 3776 3459 3836 nudatum,
3503 3774 3608 3828 sub

2030 3875 2133 3927 ﬁcu
2167 3889 2226 3927 se
2258 3872 2649 3932 abscondisse:
2681 3881 2736 3925 tu
2759 3872 2947 3925 volens
2974 3870 3197 3935 salvari,
3224 3869 3276 3921 in
3309 3867 3468 3921 ticum
3500 3879 3608 3918 non

2029 3967 2262 4021 ascende
2291 3972 2542 4033 :oportet
2584 3978 2671 4017 me
2712 3964 2850 4017 hanc
2884 3977 3234 4033 sycomorum
3279 3960 3489 4013 siccare
3511 3998 3526 4022 ,
3552 3968 3606 4009 et

2030 4056 2192 4110 aliam
2225 4055 2471 4123 plautare
2499 4053 2701 4106 Christi
2737 4053 2985 4107 cruciﬁxi
3018 4052 3293 4105 arborem.

2105 4238 2268 4293 Vens.
2304 4236 2389 4290 12.
2425 4234 2771 4304 Propositum
2823 4232 3110 4302 praesentis
3152 4230 3445 4301 parabolae,
3485 4228 3608 4282 uni-

2028 4343 2244 4385 versam
2307 4326 2542 4381 instituti
2592 4323 2797 4379 Christi
2850 4323 3108 4376 virtutcm
3153 4320 3395 4376 exhibet.
3433 4318 3607 4373 Homo

2030 4423 2175 4478 enim
2223 4436 2349 4475 cum
2395 4427 2563 4481 esset,
2606 4414 2852 4470 ascendit
2894 4414 3142 4483 accipere
3181 4412 3283 4466 sibi
3331 4426 3603 4481 regnum;

348 4508 827 4578 ὲνανθρωπήσαντι
874 4512 950 4583 τῷ
978 4513 1092 4585 Υίῷ
1121 4518 1148 4569 6
1183 4517 1369 4589 Πατὴρ
1413 4521 1508 4574 καὶ
1535 4522 1567 4593 ἡ
1600 4521 1694 4575 τοῦ
1746 4523 1922 4593 Λόγου

2029 4513 2313 4568 evidenter
2337 4508 2545 4566 homini
2567 4508 2711 4563 t‘acto
2734 4506 2874 4561 Filio
2904 4505 3066 4559 Pater
3097 4512 3153 4558 et
3178 4502 3339 4557 Verbi
3370 4516 3601 4571 persona

350 4602 647 4665 ὑπόστασις
686 4601 885 4656 δέδωκε
938 4604 1016 4675 τῷ
1063 4606 1455 4678 προσλήμματι
1495 4612 1593 4681 τὴν
1624 4611 1920 4680 βασιλείαν.

348 4695 411 4745 Οἱ
434 4694 491 4746 δὲ
522 4693 809 4763 μισοῦντες
835 4696 996 4748 αὐτὸν
1026 4698 1076 4748 οἱ
1107 4698 1340 4763 πολῖται,
1368 4700 1519 4753 αὐτοί
1542 4704 1682 4755 εἰσιν
1711 4705 1760 4757 οῖ
1798 4705 1927 4756 Ἰου-

347 4782 508 4837 δαῖοι.
563 4783 755 4847 Ποίους
788 4784 845 4837 δὲ
894 4784 1120 4849 δούλους
1150 4787 1385 4853 καλέσας
1429 4790 1641 4854 τούτοις
1686 4792 1923 4861 διένειμε

346 4875 446 4937 τὰς
477 4876 614 4931 δέκα
649 4879 817 4946 μνᾶς;
841 4878 981 4941 Τοὺς
1012 4878 1251 4943 τελείους
1296 4879 1393 4951 τὴν
1420 4881 1700 4950 ἒξιν,τοὺς
1756 4901 1927 4953 μυστ-

347 4970 586 5037 αγωγεῖν
642 4968 864 5040 ἑτέρους
919 4970 1155 5033 εἰδότας·
1195 4973 1635 5044 ὑποστρέψαντος
1695 4976 1832 5046 μετὰ
1864 4977 1925 5029 τὸ

348 5058 534 5113 λαϐεῖν
561 5060 661 5133 τὴν
708 5061 991 5130 βασιλείαν
1034 5063 1129 5117 τοῦ
1170 5064 1457 5136 ἀνθρώπου
1508 5066 1602 5121 τοῦ
1636 5068 1923 5137 εὐγενοῦς.

349 5151 602 5219 εὐγενοῦς
630 5152 718 5206 διὰ
743 5153 841 5225 τὴν
872 5153 1102 5224 θεότητα
1132 5155 1304 5222 ὄντος,
1337 5158 1736 5231 ὲντρυφήσουσι
1766 5160 1926 5214 δεκαο

1951 4564 2004 4625 D

2029 4607 2495 4674 deditassumptae
2517 4599 2844 4656 humanitati
2868 4596 3287 4668 regnum.Cives
3306 4605 3483 4648 autem
3506 4592 3601 4663 qui

2028 4713 2152 4755 eum
2184 4697 2433 4761 oderant,
2456 4693 2628 4749 Judaei
2659 4700 2806 4747 sunt.
2828 4690 2979 4756 Quos
3005 4704 3136 4743 vero
3164 4702 3350 4742 servos
3376 4701 3601 4748 vocans,

2029 4790 2214 4845 divisit
2241 4788 2323 4843 eis
2354 4787 2539 4841 decem
2578 4783 2779 4838 muas?
2827 4780 3107 4837 Perfectos
3140 4779 3410 4841 moribus,
3465 4776 3604 4830 alios

2030 4879 2250 4935 initiare
2281 4878 2537 4933 scientes.
2588 4874 2839 4930 Reverso
2891 4882 3018 4943 post
3048 4882 3329 4941 acceptum
3380 4882 3605 4938 regnum

2030 4971 2249 5026 homine
2281 4969 2473 5033 nobili,
2504 4967 2673 5022 nobili
2706 4966 2928 5036 quidem
2958 4967 3027 5019 ob
3051 4963 3416 5026 divinitatem,
3450 4961 3604 5015 laeta-

2029 5066 2235 5121 buntur
2262 5063 2355 5133 qui
2384 5061 2674 5132 decuplum
2701 5060 2964 5122 fecerant,
2988 5068 3043 5111 et
3073 5057 3167 5125 qui
3209 5055 3601 5125 quintuplum;

2028 5172 2155 5213 nam
2178 5170 2340 5224 super
2365 5155 2549 5209 decem
2572 5151 2923 5222 autquinque
2944 5149 3195 5204 civitates
3231 5149 3391 5201 ﬂent:
3417 5147 3472 5200 id
3498 5152 3603 5207 est,

349 5246 748 5310 πλασιάσαντες
796 5248 889 5301 καὶ
932 5248 1527 5315 πενταπλασιάσαντες.
1589 5253 1803 5307 Ἐπάνω
1833 5249 1924 5308 οὖν

2030 5248 2491 5306 Gloriﬁcabuntur
2526 5245 2695 5316 magis
2728 5259 2890 5314 quam
2923 5253 3102 5297 antea.
3150 5242 3393 5296 Dedecus
3422 5248 3602 5293 autem

348 5338 479 5392 δέκα
507 5340 713 5393 πόλεων
739 5340 772 5411 ἢ
801 5342 961 5395 πέντε
989 5344 1343 5412 γενήσονται·
1374 5346 1637 5409 τουτέστι,
1662 5346 1925 5417 δοξασθή-

352 5446 534 5484 σονται
583 5432 845 5496 πλειόνως
887 5433 919 5504 ἦ
968 5433 1260 5505 πρότερονο
1298 5435 1490 5505 ἀτιμία
1526 5436 1581 5488 δὲ
1611 5435 1762 5490 ἔσται
1814 5441 1926 5501 τοῖς

349 5521 493 5592 ὄκνῳ
520 5521 808 5592 νικηθεῖσι.
846 5523 937 5592 Τῷ
973 5523 1031 5577 δὲ
1065 5524 1334 5595 κρύψαντι
1366 5526 1426 5579 τὸ
1457 5527 1733 5594 τάλαντον,
1770 5546 1924 5583 τουτ-

351 5613 469 5665 έστι
492 5615 590 5683 τὴν
616 5615 777 5683 χάριν
820 5615 885 5685 ἢν
913 5616 1143 5680 ἕκαστος
1173 5616 1355 5682 ἔλαϐε,
1398 5617 1575 5687 λέγει’
1605 5620 1703 5673 Διά
1732 5620 1788 5674 τί
1813 5624 1924 5685 mi;

2028 5339 2133 5395 erit
2180 5339 2265 5394 his
2294 5337 2384 5409 qui
2418 5336 2637 5407 pigritia
2671 5332 2907 5404 superati
2937 5341 3087 5388 sunt.
3125 5328 3185 5385 Ei
3218 5330 3314 5401 qui
3342 5330 3603 5384 talentum

2028 5432 2334 5497 abscondit,
2366 5430 2418 5484 id
2450 5436 2534 5485 est
2556 5427 2784 5498 gratiam
2815 5439 2980 5495 quam
3007 5423 3241 5494 quisque
3261 5420 3488 5490 recepit,
3524 5419 3603 5473 di-

2027 5527 2101 5582 cit
2132 5544 2145 5582 :
2176 5525 2356 5592 Quare
2398 5538 2506 5578 non
2539 5518 2734 5575 dedisti
2767 5516 3073 5581 tabulariis,
3111 5513 3164 5569 id
3198 5522 3304 5577 est,
3334 5510 3443 5567 Cur
3494 5524 3600 5565 non

2027 5613 2355 5686 proposuisti
2392 5614 2445 5667 in
2480 5625 2699 5666 usuram
2744 5608 2832 5663 his
2884 5606 2979 5677 qui
3006 5607 3142 5660 bene
3180 5611 3448 5657 noverant
3474 5615 3602 5672 pro-

350 5702 732 5773 τραπεζίταις;
781 5702 1065 5767 τουτέστι,
1116 5703 1215 5757 Διὰ
1263 5706 1316 5758 τί
1357 5706 1431 5776 μὴ
1479 5706 1799 5778 προῦθηκας
1844 5710 1924 5771 εἰς

2030 5706 2160 5761 bare
2184 5719 2305 5774 quae
2327 5710 2483 5759 erant
2513 5701 2657 5772 apud
2702 5700 2784 5755 te?
2818 5700 2930 5769 Ego
2954 5696 3101 5752 enim
3129 5695 3351 5750 veniens
3381 5694 3594 5764 exegis-

351 5793 650 5848 ἀπόλαυσιν
691 5794 803 5856 τοῖς
848 5790 906 5847 εὖ
944 5795 1107 5848 εἰδόσι
1149 5796 1464 5866 δοκιμάζειν
1505 5798 1570 5851 τά
1603 5798 1753 5867 παρὰ
1793 5798 1921 5865 σοῦ;

367 5884 508 5955 Ἐγὼ
541 5886 647 5957 γὰρ
671 5882 863 5948 ἐλθὼν,
889 5884 1100 5956 ἔπραξα
1135 5886 1220 5952 ἂν,
1260 5886 1418 5940 τοῦτό
1452 5886 1919 5958 ὲστιν,“Απῄτησα

2030 5813 2165 5861 sem,
2182 5796 2231 5849 id
2251 5793 2725 5864 est,[Rogavissem
2742 5805 2867 5848 cum
2892 5804 3059 5845 usura
3088 5786 3231 5858 quod
3253 5801 3434 5842 meum
3459 5796 3598 5840 erat.

2033 5890 2095 5943 Et
2125 5886 2197 5941 illi
2219 5885 2436 5956 quidem
2459 5886 2599 5939 bona
2627 5888 2973 5952 receperunt;
2999 5879 3050 5935 hi
3087 5887 3267 5955 autem
3287 5878 3378 5949 qui
3415 5877 3597 5932 rmlue-
