4060 6562
459 444 589 517 12:1

1158 456 1551 518 OPUSCULA
1588 451 2220 517 SCRIPTURISTICA
2261 444 2609 511 INCERTB
2647 451 2957 514 ETATIS.

3556 454 3699 519 1212

455 575 582 620 ruut
614 550 888 623 hominem
926 548 1163 622 nobilem
1191 585 1417 641 regnare
1434 585 1600 642 super
1628 584 1709 634 se,
1746 568 2013 624 interfecti

2123 567 2219 618 σὺν
2250 566 2390 632 τόκῳ
2417 565 2477 618 τὸ
2518 564 2649 635 ἐμόν
2672 582 2685 595 ·
2722 566 2816 619 καὶ
2846 563 2893 618 oi
2926 565 3025 634 μὲν
3060 564 3338 617 ἀπέλαϐον
3373 566 3442 621 τὰ
3485 567 3700 634 ἀγαθάο

454 664 583 710 suut
627 670 811 712 coram
850 673 936 712 eo.
970 657 1110 714 Dicit
1150 670 1331 715 autem
1378 677 1496 732 qua:
1554 662 1696 732 passi
1751 670 1878 715 sunt
1924 675 2022 729 po-

454 756 658 803 stremo
689 750 741 803 in
767 753 1163 819 expugnatione
1208 753 1397 818 urbis;
1445 765 1498 809 et
1526 752 1581 808 in
1631 753 1875 807 timendo
1903 752 2025 821 ejus

454 841 709 907 adventu,
770 856 962 899 omnes
1022 853 1079 899 ut
1129 842 1524 911 iutert‘ectioni,
1581 844 1852 915 supplicio
1906 851 2021 897 tra-

453 933 670 987 dentur.

525 1112 690 1170 Vens.
722 1113 810 1169 41.
849 1112 1022 1170 Flevit
1073 1131 1238 1185 super
1275 1116 1577 1173 Jerusalem
1613 1118 1878 1188 beniguus
1910 1116 2021 1171 υο-

457 1205 672 1273 minus,
707 1213 766 1259 ut
798 1206 1109 1261 ostenderet
1152 1222 1211 1263 se
1250 1209 1317 1263 de
1346 1209 1434 1263 illa
1482 1209 1694 1275 dolere;
1734 1210 1857 1264 inde
1903 1220 2022 1278 post

452 1295 696 1365 quinque
718 1304 771 1350 et
802 1296 1022 1365 triginta
1046 1313 1220 1353 annos
1242 1298 1311 1353 ab
1328 1299 1445 1367 ejus
1474 1303 1818 1365 ascensione,
1855 1316 2024 1370 crpu-

452 1386 637 1457 guatio
691 1386 833 1443 facta
881 1397 986 1455 cst,
1050 1388 1160 1447 Deo
1217 1394 1452 1461 spatium
1513 1394 1844 1463 pmuitentiae
1894 1412 2023 1465 erga

452 1476 599 1534 illam
623 1490 933 1550 praestante.
960 1480 1019 1538 Si
1050 1485 1373 1554 cognovisses
1402 1496 1450 1540 et
1488 1495 1545 1539 tu
1590 1502 1708 1556 qua:
1749 1486 1817 1540 ad
1839 1502 2023 1557 pacem

454 1570 571 1634 tibi,
603 1571 654 1625 id
707 1581 811 1636 est,
865 1574 1009 1643 quod
1065 1576 1216 1631 utilia
1268 1588 1321 1631 ct
1369 1581 1674 1633 necessaria
1731 1580 1798 1634 ad
1834 1595 2021 1650 pacem

451 1674 575 1715 cum
603 1662 713 1716 Deo
753 1664 1078 1733 habendam,
1120 1682 1213 1736 per
1252 1668 1411 1723 ﬁdem
1448 1679 1502 1724 et
1548 1671 1778 1739 gratiam
1812 1683 2020 1742 essent,

451 1767 559 1807 non
589 1752 723 1809 tales
754 1755 1134 1812 tribulationes
1156 1768 1206 1814 te
1236 1761 1744 1827 circumdedissent;
1772 1764 1864 1817 sed
1895 1766 2024 1821 abs-

452 1843 671 1896 condita
699 1852 851 1911 sunt,
887 1845 1084 1915 inquit,
1137 1848 1207 1904 ab
1247 1850 1420 1905 oculis
1448 1853 1595 1917 tuis;
1629 1851 1679 1905 id
1713 1862 1813 1917 est,
1852 1854 2022 1911 liben-

452 1939 536 1984 ter
564 1932 705 1988 seire
739 1934 983 1991 noluisti.
1037 1934 1261 2007 Tempus
1313 1953 1493 1993 autem
1544 1941 1859 1996 risitationis
1894 1953 2020 2011 tua,

454 2022 543 2078 illa
571 2024 775 2082 dicitur
803 2042 964 2098 quam
1006 2028 1136 2085 fecit
1177 2031 1511 2087 descendam
1561 2042 1729 2105 utque
1755 2050 1854 2091 eos
1898 2035 2030 2093 visi-

455 2126 599 2170 (20$.

1014 2207 1249 2264 CAPUT
1302 2208 1443 2266 XXI.

525 2310 690 2366 Vens.
720 2312 773 2367 2.
816 2312 986 2371 Vidua
1038 2318 1198 2374 obola
1251 2320 1361 2374 duo
1407 2322 1646 2386 obtulit,
1704 2322 1819 2381 haec
1874 2325 2023 2383 cutim

454 2410 581 2455 sunt
609 2404 839 2470 minuta,
867 2408 1077 2476 accepit
1106 2419 1287 2464 autem
1336 2412 1743 2481 abundantius;
1778 2417 1905 2487 quia
1942 2428 2027 2474 to-

455 2593 561 2641 rat.

1024 2698 1256 2757 CAPUT
1289 2701 1451 2758 XXII.

523 2818 689 2877 Vsus.
728 2822 812 2878 £5.
846 2821 1109 2893 Diceudo,
1142 2824 1451 2883 Desideravi
1480 2831 1577 2885 hoc
1614 2832 1827 2889 Pascha
1872 2853 2027 2891 nteri-

454 2912 649 2967 ducare
692 2914 977 2981 vobiscum,
1024 2918 1267 2974 ostendit
1320 2934 1379 2975 se
1428 2932 1622 2991 sponte
1659 2940 1757 2979 sua
1801 2942 2025 2995 passum

455 3018 598 3060 esse.

528 3097 694 3154 Vens.
719 3098 812 3155 Ἦ.
839 3100 1127 3167 Quomodo
1160 3103 1481 3175 intelligitur
1529 3106 1676 3176 quod
1724 3109 1858 3165 dicit
1895 3128 1911 3165 :
1960 3111 2028 3166 In

455 3190 625 3244 medio
655 3203 881 3248 vestrum
909 3209 1028 3248 sum
1056 3196 1192 3250 sicut
1214 3196 1305 3267 qui
1333 3198 1603 3254 ministrat
1621 3201 1649 3255 7
1674 3200 1746 3259 De
1769 3202 2026 3260 humani-

456 3290 568 3336 tate
595 3298 695 3337 sua
715 3283 819 3338 hoc
846 3284 1001 3340 dicit.

527 3370 692 3431 Vm.
741 3373 833 3429 50.
894 3372 963 3431 Ut
1010 3377 1181 3432 edatis
1224 3386 1277 3432 et
1322 3377 1517 3445 bibatis
1574 3399 1732 3452 super
1787 3402 2023 3443 mensam

455 3478 625 3517 nteant
662 3463 717 3516 in
753 3480 910 3534 regno
936 3481 1069 3519 meo.
1096 3464 1325 3535 Propter
1350 3478 1663 3526 sanctorum
1702 3474 1813 3529 illic
1851 3475 2027 3532 felici-

458 3561 623 3608 tatem
650 3554 786 3610 dicit
808 3570 906 3625 per
937 3558 1310 3627 metaphoram
1340 3562 1752 3619 convivantium
1772 3582 1898 3621 cum
1934 3584 2022 3624 re-

456 3646 638 3715 gibus.

526 3736 691 3794 Vens.
715 3738 801 3793 5i.
832 3738 945 3795 Cur
979 3742 1119 3797 alios
1149 3742 1423 3813 linquens.
1452 3742 1672 3801 Petrum
1704 3748 2025 3819 alloquitur,

457 3829 661 3896 Simon,
692 3830 894 3892 Simon,
919 3848 1036 3889 ecce
1065 3832 1299 3891 Satanas
1320 3841 1565 3907 expetivit
1610 3856 1697 3895 vos
1732 3853 1789 3895 ut
1820 3844 2030 3897 cribra-

456 3933 531 3977 ret
567 3924 704 3977 sicut
730 3925 1004 3981 triticum!
1033 3926 1103 3983 Ut
1134 3928 1283 3983 illum
1311 3941 1558 3986 moneret
1586 3948 1651 3987 ue
1682 3932 1736 3987 in
1764 3949 1824 3989 se
1847 3935 2023 3990 conﬁ-

455 4014 566 4068 dat.
594 4014 734 4081 Quid
766 4027 849 4072 est
882 4019 1167 4075 cribrare?
1195 4021 1424 4092 agitare,
1450 4038 1688 4092 nocere;
1720 4040 1841 4081 mos
1878 4028 2024 4081 enim

455 4113 541 4157 est
583 4104 801 4161 Satana:
850 4109 953 4164 hos
978 4111 1070 4180 qui
1109 4113 1412 4181 probantur
1455 4124 1733 4185 appetere,
1768 4124 1829 4171 ut
1876 4118 2026 4173 vide-

457 4210 577 4252 mus
610 4198 665 4252 in
692 4198 814 4255 Job.

529 4284 695 4343 Vsus.
729 4290 818 4345 52.
856 4289 1117 4359 Dicendo,
1142 4292 1253 4364 Ego
1282 4296 1460 4365 rogavi
1480 4312 1574 4363 pro
1598 4306 1667 4361 te,
1695 4297 1933 4354 ostendit
1966 4315 2031 4355 se

457 4389 517 4436 ut
563 4380 837 4439 hominem
892 4400 1103 4455 tegare.
1165 4386 1455 4443 Conversus
1509 4392 1766 4459 confirma
1829 4391 2025 4460 fratres

457 4483 598 4541 tuos,
622 4490 692 4529 ne
718 4476 772 4531 iu
800 4479 1239 4547 desperationem
1276 4482 1498 4544 cadant,
1525 4482 1577 4536 id
1607 4492 1711 4551 est,
1738 4483 1836 4539 (las
1860 4484 2028 4539 robur

453 4572 511 4621 et
532 4565 795 4637 magister
818 4584 1008 4624 eorum
1031 4571 1125 4641 qui
1158 4587 1253 4641 per
1285 4571 1445 4626 tidem
1476 4574 1780 4630 ambulant.

528 4750 693 4813 Vens.
725 4753 816 4809 35.
845 4753 1132 4820 Quomodo
1162 4765 1449 4825 postquam
1489 4756 1630 4810 dixit
1676 4772 1785 4812 non
1817 4773 2027 4827 peram,

454 4845 764 4912 pecuniam,
804 4845 1057 4901 baculum
1106 4855 1163 4901 et
1206 4847 1313 4904 alia
1364 4849 1620 4913 habeant,
1656 4864 1802 4904 nunc
1843 4850 1976 4908 dicit
2010 4870 2026 4907 :

457 4934 562 5000 Qui
598 4938 751 4991 habet
800 4938 1073 4993 sacculum
1111 4939 1288 5002 tollat,
1337 4942 1586 4995 similiter
1626 4951 1677 4995 et
1726 4958 1947 5011 peram;
1975 4955 2027 5000 et

457 5029 544 5095 qui
566 5045 669 5082 non
695 5028 867 5096 habet,
900 5031 1085 5084 vendat
1105 5032 1339 5085 tunicam
1356 5048 1504 5085 suam
1528 5042 1578 5087 et
1596 5046 1733 5089 emat
1750 5036 1987 5106 gladium
2003 5040 2030 5092 .’

460 5121 619 5178 Prius
660 5122 876 5178 illorum
916 5124 1171 5179 virtutem
1211 5134 1418 5179 tentare
1461 5127 1669 5191 volens,
1701 5129 2027 5186 ostendebat

463 5214 599 5269 nihil
651 5214 933 5281 habentes,
979 5216 1116 5270 nihil
1174 5216 1283 5271 illis
1332 5216 1641 5273 defuturum
1697 5237 1761 5275 ex
1820 5222 1903 5277 his
1958 5223 2028 5278 ad

462 5306 929 5375 praedicationem,
978 5315 1237 5376 tauquam
1262 5308 1328 5363 ad
1366 5318 1553 5379 gentes
1598 5311 1878 5366 euntibus.
1927 5312 2029 5367 Po-

461 5399 661 5454 sterius
689 5407 869 5452 autem
913 5398 1059 5453 circa
1088 5401 1425 5468 passionem,
1458 5400 1581 5456 illos
1623 5418 1767 5459 nunc
1801 5420 2027 5460 manen-

463 5498 568 5545 tem
603 5491 656 5545 in
684 5488 867 5545 Judaaa
894 5499 1267 5560 paupertatem
1292 5492 1521 5559 indicat,
1551 5494 1694 5563 quod
1728 5497 2027 5564 privaban-

464 5591 551 5636 tur
578 5582 832 5638 omnibus
870 5583 1056 5646 modo,
1087 5593 1141 5638 at
1182 5585 1444 5648 esuriem,
1473 5586 1873 5657 etnudierunt,
1895 5598 1949 5644 et
1972 5590 2027 5645 in

466 5676 552 5730 his
599 5690 752 5729 suam
794 5675 1195 5749 philosophiam
1230 5680 1582 5737 exhibebunt.
1611 5680 1802 5738 Adhuc
1844 5694 2026 5740 autem

462 5774 519 5817 et
542 5764 594 5817 id
619 5764 751 5821 dicit
778 5774 838 5820 ut
860 5768 1093 5826 modesti
1120 5786 1244 5828 esse
1272 5772 1522 5840 discant;
1561 5774 1763 5839 adhuc,
1796 5783 1857 5829 ut
1878 5790 1943 5828 es
1969 5789 2029 5830 se

463 5856 663 5928 aliquid
699 5859 965 5932 inferant,
996 5875 1102 5921 neu
1130 5872 1335 5931 autem,
1365 5874 1421 5920 ut
1449 5865 1725 5931 socordes,
1757 5873 1930 5921 totum
1962 5879 2027 5920 es

2127 659 2174 710 οί
2202 658 2255 709 δὲ
2287 659 2361 727 μή
2394 656 2717 727 θελήσαντες
2744 658 2834 710 τὸν
2859 656 3055 727 εὐγενῆ
3080 655 3367 727 ἄνθρωπον
3389 658 3707 729 βασιλεῦσαι

2128 748 2214 802 ἐπ’
2242 749 2459 812 αὐτοὺς,
2492 748 2921 819 κατεσφάγησαν
2962 747 3271 818 ἔμπροσθεν
3307 748 3499 804 αὑτοῦ.
3540 752 3707 819 Λέγει

2125 839 2181 893 δὲ
2210 839 2354 910 ἅπερ
2380 840 2580 895 ἔπαθον
2615 841 2842 912 ἔσχατον
2873 844 2929 894 ὲν
2957 842 3020 912 τῇ
3050 841 3249 896 ἁλώσει
3269 858 3282 872 ·
3314 843 3407 895 καὶ
3430 844 3487 895 ἐν
3511 844 3575 913 τῇ
3608 859 3709 911 φο-

2126 927 2263 1003 ϐερᾷ
2294 933 2459 985 αὑτοῦ
2504 932 2738 1000 ὲλεύσει,
2790 934 2991 997 πάντες
3032 931 3108 998 ὡς
3148 939 3329 1007 σφαγῇ
3378 938 3443 1006 τῇ
3484 936 3715 989 κολάσει

2127 1022 2619 1093 παραδοθήσονται.

2199 1112 2319 1165 Ὀτι
2371 1112 2669 1186 ἐδάκρυσεν
2714 1115 2807 1169 ἐπὶ
2849 1116 3205 1187 Ἰερουσαλὴμ
3245 1116 3274 1170 ὁ
3318 1118 3704 1189 φιλάνθρωπος

2126 1204 2357 1275 Κύριος·
2390 1205 2479 1259 ἵνα
2512 1204 2660 1279 δείξῃ
2685 1207 2767 1260 ὅτι
2799 1204 3051 1261 λυπεῖται
3086 1210 3211 1280 περὶ
3239 1207 3431 1279 αὐτῆς,
3462 1209 3582 1263 ὅθεν
3609 1211 3707 1263 καὶ

2128 1295 2267 1364 μετὰ
2312 1298 2772 1366 τριακονταπέντε
2825 1299 2919 1368 ἔτη
2952 1302 3048 1368 τῆς
3088 1300 3407 1372 ἀναλήψεως
3440 1300 3628 1367 αὑτοῦ,
3666 1303 3699 1371 ή

2127 1386 2326 1450 ἅλωσις
2373 1388 2616 1456 γέγονεν,
2652 1388 2923 1461 ἀναϐολὴν
2959 1393 3248 1461 μετανοίας
3288 1392 3383 1445 τοῦ
3410 1390 3547 1447 Θεοῦ
3582 1410 3709 1445 ποις-

2123 1478 2354 1548 ουμένου
2408 1480 2535 1550 περὶ
2587 1479 2778 1551 αὐτῆς.
2828 1480 2902 1536 Τδ
2946 1480 3020 1547 δὲ,
3069 1486 3138 1538 El
3165 1483 3353 1553 ἔγνως
3394 1486 3608 1539 καὶσὺ
3635 1487 3723 1541 τὰ

2122 1571 2276 1637 πρὸς
2321 1568 2590 1638 εἰρήνην,
2632 1572 2789 1625 τοῦτό
2828 1576 2995 1640 ἐστιν,
3028 1575 3108 1628 ὅτι
3140 1577 3401 1647 Χρήσιμα
3444 1579 3538 1631 καὶ
3572 1580 3717 1631 ava-

2123 1661 2289 1729 γκαῖα
2323 1662 2459 1731 πρὸς
2490 1662 2552 1716 τὸ
2580 1663 2895 1734 είρηνεῦσαι
2921 1667 3039 1738 Θεῷ
3067 1668 3155 1721 διὰ
3204 1670 3303 1733 τῆς
3334 1668 3570 1733 πίστεως
3611 1671 3709 1724 καὶ

2124 1751 2223 1819 τῆς
2252 1752 2493 1822 χάριτος,
2526 1753 2625 1807 οὐκ
2656 1754 2724 1808 ἂν
2750 1756 2996 1810 τοιαῦταί
3025 1775 3085 1810 σε
3118 1757 3329 1829 θλίψεις
3357 1762 3704 1831 περιέμενον,

2123 1840 2237 1893 ἀλλ’
2279 1841 2513 1910 ἐκρύϐη,
2547 1846 2731 1913 φησὶν,
2766 1846 2879 1899 ἀπὸ
2916 1845 3211 1918 ὀφθαλμῶν
3262 1865 3386 1904 σου’
3428 1849 3552 1904 ἀντὶ
3583 1850 3717 1917 τοῦ..

2141 1929 2436 1998 Ἑκουσίως
2468 1938 2569 1989 οὐκ
2614 1937 2882 2009 ἠθέλησας
2926 1940 3144 1995 είδέναι.
3202 1945 3421 2009 Καιρὸν
3466 1942 3522 1996 δὲ
3555 1942 3706 2010 λέγει

2133 2021 2244 2093 τῆς
2274 2025 2617 2096 ἐπισκοπῆς
2643 2045 2789 2094 σου,
2819 2028 2887 2101 ήν
2915 2029 3075 2092 αὐτὸς
3102 2032 3395 2098 ἐποιήσατο
3429 2032 3726 2088 κατελθὼν-

2132 2118 2208 2182 da;
2241 2120 2677 2193 ἐπισκεψόμενος
2707 2123 2922 2189 αὐτους.

2694 2234 2942 2289 ΚΕΦΑΛ.
2977 2234 3110 2289 KA'.

2203 2334 2384 2407 Ὅτιή
2425 2339 2572 2409 χήρα
2604 2339 2696 2393 δύο
2735 2339 2957 2406 ὀόολοὺς
2994 2344 3346 2415 προσήγαγε·
3382 2344 3569 2401 ταῦτα
3597 2347 3723 2420 γάρ

2130 2430 2237 2483 εἱσι
2270 2428 2337 2482 τὰ
2366 2431 2573 2485 λεπτάο
2623 2431 2958 2504 προσεδέχθη
2995 2434 3051 2487 δὲ
3098 2436 3579 2508 ὑπερῦαλλόντως·
3622 2441 3717 2493 ὅτι

456 2502 566 2548 tam
606 2509 761 2551 suam
810 2496 975 2554 vitam
1030 2499 1286 2573 largiens,
1336 2520 1531 2576 magno
1581 2507 1767 2565 animo
1816 2508 2025 2569 obtule-

2129 2521 2318 2595 ὥσπερ
2349 2496 2712 2595 ἁποκτωμένη
2754 2496 3069 2600 ὅλον-αθτῆς
3105 2496 3359 2600 τὸίβίον,
3390 2496 3715 2603 μεγαλοψύι

2130 2633 2243 2686 χως
2264 2617 2445 2671 πάντα
2471 2616 2843 2688 προσήγαγεν.

2714 2726 2965 2780 ΚΕΦΔΔ.
3009 2724 3142 2783 ΚΒ’.

2201 2851 2325 2904 "Uri
2350 2852 2547 2918 εἰπὼν,
2581 2852 2958 2921 Ἐπεθὺμησα
2980 2854 3195 2909 τούτου
3218 2851 3325 2909 τοῦ
3347 2852 3564 2924 Πάσχα
3592 2872 3707 2929 φα-

2129 2943 2257 3013 γεῖν
2282 2945 2410 3013 μεθ’
2440 2944 2625 3014 ὑμῶν,
2658 2947 2929 3000 δείκνυσιν
2956 2948 3036 3000 ὅτι
3075 2947 3339 3011 ἑκουσίως
3366 2948 3597 3005 ἔπαθεν.

2201 3128 2324 3193 Πῶς
2345 3132 2547 3184 νοεῖται
2572 3130 2632 3184 τὸ
2654 3130 2833 3199 λέγειν
2858 3131 3044 3197 αὐτὸν,
3078 3134 3225 3204 Ἐγὼ
3253 3135 3507 3206 ἐνμέσῳ
3537 3139 3721 3209 ὑμῶν

2054 3258 2097 3318 C
2129 3224 2245 3292 είμι
2266 3221 2349 3290 ὡς
2366 3221 2697 3289 διακονῶνς
2721 3224 2891 3278 Τοῦτο
2909 3224 2995 3279 διὰ
3015 3226 3075 3279 τὸ
3099 3227 3433 3300 πρόσλημμα
3457 3228 3630 3299 λέγει.

2200 3401 2294 3468 Τὸ,
2320 3402 2454 3457 Ἵνα
2478 3402 2719 3470 ἐσθίητε
2764 3402 2864 3455 καὶ
2906 3403 3120 3470 πίνητε
3151 3404 3248 3457 ἐπὶ
3278 3404 3387 3471 τῆς
3414 3406 3705 3475 τραπέζης

2126 3510 2247 3562 μου
2271 3493 2341 3546 ἐν
2366 3491 2438 3561 τῇ
2460 3494 2747 3561 βασιλείᾳ
2770 3511 2913 3562 μου,
2938 3493 3027 3547 διὰ
3046 3494 3145 3561 τὴν
3169 3498 3277 3547 τῶν
3303 3496 3472 3563 ἁγίων
3492 3499 3719 3553 ἑκείθειιο

2128 3585 2491 3657 λαμπρότητα
2522 3586 2695 3654 λέγει,
2724 3586 2833 3639 ἀπὸ
2857 3590 3171 3657 μεταφορᾶς
3195 3590 3309 3639 τῶν
3335 3591 3717 3658 conp:an-

2126 3692 2235 3730 των
2260 3678 2374 3739 τοῖς
2405 3676 2738 3747 βασιλεῦσιν.

2200 3768 2301 3821 Διά
2326 3767 2381 3821 τί
2413 3769 2539 3833 τοὺς
2578 3769 2773 3832 ἄλλους
2800 3770 2980 3837 ἀφεὶς,
3011 3769 3149 3840 πρὸς
3181 3772 3273 3824 τὸν
3301 3769 3509 3842 Πέτρον
3546 3770 3707 3838 φησι,

2127 3860 2343 3927 Σίμων,
2381 3860 2599 3928 Σίμων,
2645 3858 2776 3913 ιδοὺ
2819 3862 2852 3914 d
2881 3859 3151 3925 Σατανᾶς
3177 3860 3515 3929 ἐξῃτήσατο
3548 3860 3715 3931 ὑμᾶς

2127 3951 2397 4005 σινιάσαι
2428 3951 2510 4018 ὡς
2556 3950 2663 4004 τὸν
2692 3951 2901 4015 vitor;
2936 3952 3055 4005 Ἵνα
3103 3953 3370 4025 παιδεύσῃ
3421 3954 3581 4007 αὑτὸν
3624 3954 3707 4023 μὴ

2128 4042 2306 4112 ἑαυτῷ
2337 4044 2583 4114 θαρρεῖν.
2621 4042 2686 4096 Τί
2711 4043 2768 4097 δέ
2798 4046 2913 4097 ἐστι
2964 4044 3251 4111 συνιάσαις,
3275 4046 3539 4115 Ταράξαι,
3573 4044 3703 4115 βλα-

2127 4133 2255 4204 ψαι·
2301 4132 2419 4196 ἔθος
2461 4134 2569 4207 γὰρ
2597 4134 2675 4203 τῷ
2710 4136 2926 4205 Σατανᾷ
2948 4137 3075 4200 τοὺς
3100 4136 3520 4208 εὐδοκιμοῦντας
3550 4138 3705 4201 ἐξαι-

2127 4227 2360 4289 τεῖσθαι,
2392 4225 2583 4297 ὥσπερ
2611 4226 2706 4279 καὶ
2730 4226 2822 4279 ἐπὶ
2857 4225 2998 4282 Ἱώὸ.

2198 4318 2272 4370 Τὸ
2321 4318 2379 4370 δὲ
2424 4317 2604 4384 λέγειν
2655 4318 2841 4384 αὐτὸν,
2900 4318 3047 4388 Ἐγὼ
3079 4319 3337 4388 ἐδεήθην
3381 4322 3513 4389 περὶ
3558 4322 3701 4387 σοῦ,

2128 4408 2327 4473 ἔδειξεν
2366 4408 2451 4460 ὅτι
2472 4408 2549 4469 ὠς
2575 4408 2862 4479 ἄνθρωπος
2888 4409 3251 4479 προσεύχεται
3270 4425 3285 4441 ·
3318 4411 3379 4463 τὸ
3401 4411 3481 4475 δδ,
3529 4411 3709 4465 ἐπιο

2128 4498 2398 4566 στρέψας
2443 4498 2737 4567 στήριξον
2783 4500 2928 4567 τοὺς
2971 4501 3272 4570 ἀδελφούς
3310 4517 3447 4566 σου,
3502 4502 3588 4555 ἴνα
3626 4504 3704 4573 μὴ

2056 4586 2103 4643 D
2130 4588 2211 4650 είς
2236 4588 2546 4656 ἀπόγνωσιν
2572 4590 2907 4659 ἐμπέσωσιν.
2932 4591 3055 4645 ἀντὶ
3086 4591 3202 4655 τοῦ,
3227 4591 3390 4645 Γενοῦ
3418 4593 3703 4663 στήριγμα

2128 4676 2223 4730 καὶ
2240 4676 2560 4741 διδάσκαλος
2587 4678 2695 4732 τῶν
2720 4678 2810 4731 διὰ
2833 4678 3067 4741 πίστεως
3100 4680 3309 4732 ἰόντων.

2200 4768 2322 4833 Πῶς
2351 4770 2458 4841 πρὸ
2479 4770 2671 4825 τούτου
2704 4771 2805 4842 μὲν
2832 4772 3015 4841 πήραν
3046 4771 3142 4824 καὶ
3167 4770 3369 4841 χαλκὸν
3390 4770 3483 4824 καὶ
3506 4770 3703 4840 ῥάϐδον

2127 4862 2222 4915 καὶ
2258 4861 2325 4914 τὰ
2355 4862 2492 4916 ἄλλα
2529 4862 2679 4931 λέγει
2706 4862 2781 4933 μὴ
2812 4862 3132 4930 κεκτῆσθαι,
3180 4862 3277 4915 νῦν
3313 4861 3481 4929 λέγει,
3516 4862 3599 4913 ὅτι
3648 4860 3701 4913 '0

2128 4948 2303 5018 ἐκωνν
2334 4950 2487 5020 φησὶ.
2518 4951 2859 5015 βαλάντιον
2883 4949 3081 5018 ἀράτω
3106 4952 3322 5019 ὁμοίως
3352 4948 3447 5002 καὶ
3478 4949 3700 5017 πήραν-ο

2128 5040 2223 5092 καί
2282 5043 2315 5094 ό
2360 5040 2445 5110 μὴ
2492 5042 2670 5109 ἔχων,
2721 5041 3056 5109 πωλησάτω
3105 5042 3169 5095 τὸ
3222 5040 3457 5108 ἱμάτιον
3512 5040 3702 5094 αὑτοῦ

2127 5130 2226 5184 καὶ
2275 5130 2622 5201 ἀγορασάτω
2666 5132 3005 5203 μάχαιραν-ς
3060 5132 3199 5185 Κατ’
3226 5131 3397 5201 ἀρχὰς
3440 5132 3537 5201 μὲν
3585 5133 3702 5183 πεῖ-

2131 5238 2226 5290 ραν
2258 5221 2355 5292 τῆς
2403 5222 2566 5276 αὑτοῦ
2597 5222 2881 5291 δυνάμεως
2906 5221 3082 5285 διδοὺς
3104 5262 3119 5280 .
3144 5220 3344 5285 ἔδειξεν
3371 5222 3454 5273 ὅτι
3486 5222 3697 5272 ἐκεῖνον

2128 5310 2381 5380 ἔχοντες,
2422 5310 2633 5374 οὐδενὸς
2678 5310 2886 5364 δέονται
2924 5309 3129 5363 τούτων
3166 5312 3247 5373 είς
3301 5310 3363 5362 τὸ
3410 5310 3701 5378 κήρυγμα,

2125 5402 2199 5461 ὡς
2242 5403 2377 5473 πρὸς
2427 5402 2494 5455 τὰ
2544 5402 2669 5473 ἔθνη
2701 5403 3104 5472 ἀπερχόμενοι·
3164 5402 3300 5470 πρὸς
3340 5400 3398 5453 δὲ
3440 5398 3518 5469 τῷ
3556 5399 3699 5452 τέλει

2127 5492 2222 5547 τοῦ
2255 5494 2481 5560 πάθους,
2532 5493 2631 5564 τὴν
2680 5495 2737 5547 ὲν
2793 5490 3023 5564 Ἰουδαίᾳ
3074 5492 3169 5547 νῦν
3216 5493 3482 5563 ἐσομένην
3520 5492 3702 5545 αὐτῶν

2129 5586 2401 5656 πτωχείαν
2453 5586 2792 5652 αἰνίττεται,
2854 5582 2935 5640 ὅτι
2998 5585 3424 5656 στερηθήσονται
3488 5584 3699 5637 πολλῶν

2126 5678 2263 5741 τέως
2287 5678 2380 5731 καὶ
2410 5677 2723 5731 πεινάσουσι
2746 5678 2840 5731 καὶ
2883 5678 3081 5747 γυμνοὶ
3112 5678 3341 5741 ἔσονται,
3372 5678 3468 5730 καὶ
3491 5678 3549 5728 ἐν
3576 5675 3701 5728 τοί-

2126 5786 2239 5833 τοις
2279 5770 2377 5840 τὴν
2432 5770 2639 5823 οἰκείαν
2691 5770 3014 5839 φιλοσοφίαν
3064 5769 3412 5834 ὲνδείξονται.
3464 5769 3585 5822 Ἔτι
3640 5767 3699 5818 δὲ

2128 5863 2288 5918 τοῦτο
2310 5863 2478 5934 λέγει,
2508 5866 2595 5919 ἵνα
2625 5865 2717 5919 καὶ
2747 5864 3061 5936 μετριάζειν
3095 5865 3369 5939 μάθωσιν
3402 5864 3480 5917 ἔτι
3504 5864 3580 5930 δὲ,
3611 5862 3699 5913 ἵνα
