4026 6612
459 450 597 515 1215
1159 452 1550 515 OPUSCULA
1588 449 2217 512 SCRIPTURISTICA
2250 448 2609 509 INCERT/E’
2637 444 2951 512 IETATIS.
3558 454 3699 518 1216

522 566 689 623 Vens.
720 564 811 622 28.
849 566 961 621 Cur
987 566 1231 637 increpat
1274 566 1463 622 ﬂentes
1511 568 1771 623 mulieres
1806 568 2023 639 quando

2198 565 2295 619 Διὰ
2319 566 2369 619 τί
2409 567 2639 637 ἐπιτιμᾷ
2660 566 2759 631 τὰς
2801 565 3096 631 κλαιούσας
3150 570 3417 635 γυναῖκας
3446 570 3534 622 ὅτε
3596 573 3701 625 ἐπὶ

456 661 523 715 ad
556 675 771 716 crucem
822 659 968 715 ibat?
994 657 1063 714 Ut
1095 660 1456 729 τροπαιοῦχος
1498 661 1713 715 mortis.
1748 658 1827 713 Illi
1872 660 2018 713 enim

2149 657 2215 711 ὴν
2245 656 2475 727 σταυρὸν
2498 657 2733 728 ἧρχετος
2775 657 2862 721 Ὦς
2898 656 3259 729 τροπαιοῦχος
3284 659 3376 713 τοῦ
3419 661 3650 717 Θανάτου
3682 678 3699 694 ο

454 752 544 822 qui
574 753 741 806 invite
773 751 1005 805 moritur
1027 752 1437 807 commiseratio
1460 752 1714 807 solatium
1744 751 1917 815 affert,
1945 751 2020 805 illi

2149 749 2200 819 τῷ
2226 750 2324 819 μὲν
2351 750 2459 819 γὰρ
2486 750 2669 803 ἄκοντι
2710 750 3023 820 συμπάθεια
3040 752 3384 822 παράκλησιν
3406 755 3584 824 φέρει·
3611 755 3693 824 τῷ

455 853 637 898 autem
683 844 775 913 qui
808 844 1060 907 libenter,
1094 844 1347 910 iniuriam
1387 845 1529 898 facit.
1568 842 1691 897 Ideo
1722 843 2024 912 increpavit

2149 843 2180 896 ὲ
2208 842 2405 905 ἑκόντι,
2436 841 2594 913 ὕϐριν
2616 859 2631 874 ·
2660 842 2749 896 διὰ
2771 842 2928 897 τοῦτο
2954 843 3255 915 ἐπετίμησε
3315 846 3516 912 ταύτας
3548 864 3563 878 ο
3603 848 3705 901 καῖ

454 936 595 996 illas,
641 946 695 989 et
740 936 919 990 l'utura
951 937 1249 991 evenienda
1298 937 1565 1005 pradixit,
1599 952 1718 1007 quae
1749 936 2027 992 Romano-

2149 934 2191 987 τὰ
2249 934 2509 1003 μέλλοντα
2576 933 2952 1005 συμθήσεσθαι
3031 938 3427 1008 προεμήνυσεν,
3495 938 3640 1009 ᾇπερ
3676 940 3705 991 6

455 1044 573 1080 rum
607 1028 807 1081 bellum
840 1029 1075 1082 induxit.

2149 1024 2421 1093 Ῥωμαίων
2451 1025 2684 1094 πόλεμος
2724 1026 3035 1098 είργάσατο.

530 1119 689 1173 Vens.
726 1120 816 1173 5t.
850 1117 1081 1189 Lignum
1107 1119 1279 1173 viride
1318 1121 1557 1188 scipsum
1597 1119 1748 1184 dicit,
1790 1120 1862 1175 ob
1886 1120 2027 1174 divi-

2197 1116 2364 1170 Ξύλον
2392 1117 2557 1187 ὑγρὸν
2590 1119 2781 1172 ἑαυτὸν
2811 1119 2979 1185 λέγει,
3006 1117 3093 1171 διὰ
3140 1118 3240 1187 τὴν
3266 1121 3323 1172 ἐν
3351 1118 3428 1189 τῷ
3473 1118 3693 1189 σώματι

458 1224 579 1260 nam
612 1209 667 1261 in
693 1224 794 1262 suo
820 1224 1049 1278 corpore
1082 1209 1245 1261 vitam
1282 1208 1666 1273 immortalem,
1724 1216 1777 1263 et
1817 1209 2027 1263 fructus

2149 1208 2291 1261 ιύτοῦ
2322 1207 2471 1261 θείαν
2499 1210 2644 1279 ζωὴν
2673 1209 2770 1280 τὴν
2799 1209 3135 1281 ἀμάραντον,
3178 1211 3272 1263 καὶ
3304 1210 3364 1263 τὸ
3420 1211 3707 1281 ἔγκαρπον

459 1310 512 1352 et
547 1300 707 1356 ﬂores
736 1303 1148 1371 producentem.
1179 1300 1333 1365 Quod
1366 1311 1547 1355 autem
1576 1301 1730 1363 dicit,
1772 1301 1876 1354 tale
1905 1309 2025 1355 est:

2149 1302 2220 1353 tz‘t
2242 1301 2490 1364 εὐθαλές’
2519 1300 2547 1353 δ
2575 1302 2632 1354 δὲ
2661 1302 2828 1370 λέγει,
2853 1300 3095 1354 τοιοῦτόν
3124 1302 3293 1353 ἐστιν·
3314 1301 3376 1353 Εί
3400 1302 3520 1371 ἐμὲ,
3543 1304 3705 1371 φησὶ,

462 1389 520 1443 Si
550 1407 653 1455 me,
686 1392 883 1460 inquit,
918 1393 1081 1446 tantis
1109 1401 1162 1444 et
1192 1400 1298 1445 tam
1347 1393 1506 1445 saevis
1537 1401 1901 1446 oneraverunt
1931 1406 2027 1460 op-

2149 1392 2404 1455 τοιαύταις
2429 1392 2628 1456 δειναῖς
2679 1392 3115 1463 ύποὸεδλήκασιν
3166 1393 3411 1461 ἀτιμίαις
3460 1395 3511 1446 οί
3565 1394 3707 1447 Ῥω-

457 1482 692 1551 probriis
712 1482 941 1537 Romani
964 1483 1160 1536 milites
1174 1492 1226 1535 et
1247 1480 1461 1534 illorum
1489 1480 1772 1551 praefectus
1796 1480 2020 1545 Pilatus,

2149 1483 2312 1537 ιαίων
2342 1484 2668 1553 στρατιῶται
2692 1488 2787 1537 καὶ
2814 1487 2842 1538 6
2870 1484 3076 1537 τούτων
3100 1484 3415 1554 στρατηγὸς
3444 1485 3702 1549 Πιλᾶτος,

458 1572 586 1640 quid
621 1571 821 1626 facient
866 1574 1021 1627 vobis
1057 1574 1199 1643 ligno
1225 1575 1379 1629 arido
1410 1584 1465 1628 et
1492 1573 1685 1639 sterili,
1714 1571 2024 1626 Judzeorunt

2149 1576 2182 1625 :i
2207 1574 2494 1643 δράσουσιν
2518 1576 2644 1645 ὑμῖν
2671 1574 2744 1644 τῷ
2770 1574 2919 1646 ξηρῴ
2948 1573 3089 1645 ξύλῳ
3115 1576 3206 1628 καὶ
3231 1576 3465 1646 ἀκάρπῳ
3486 1576 3565 1646 τῷ
3593 1577 3711 1647 λαῷ

460 1661 684 1730 populo,
728 1662 983 1717 bellantia
1017 1662 1388 1717 Romanorum
1440 1663 1677 1730 agmina,
1719 1661 1921 1715 nullam
1974 1677 2025 1713 In

2149 1663 2239 1715 τῶν
2300 1663 2571 1717 Ἰουδαίων
2628 1665 3114 1733 προσπολεμοῦντα
3134 1664 3201 1718 τὰ
3254 1665 3365 1719 τῶν
3419 1665 3713 1735 Ῥωμαίων

459 1751 579 1821 ipso
622 1752 935 1808 Iudaeorum
974 1755 1171 1824 populo
1207 1755 1535 1809 mirabilium
1581 1761 1635 1805 et
1674 1752 1910 1805 fructum
1940 1752 2029 1818 jn-

2134 1755 2493 1824 στρατόπεδα,
2528 1755 2692 1824 μηδὲν
2736 1756 2824 1808 ἐπ’
2857 1755 3005 1824 αὐτῷ
3029 1756 3109 1826 τῷ
3140 1756 3252 1827 λαῷ
3288 1759 3395 1810 τῶν
3436 1758 3713 1813 Ἰουδαίων

460 1842 620 1898 stitia:
665 1844 979 1899 habentium
1020 1862 1198 1899 rerum
1236 1854 1546 1909 cernentes,
1580 1859 1811 1914 quarum
1861 1859 2025 1897 causa

2149 1845 2372 1913 ἳηλονότι
2440 1845 2905 1915 τεθαυμασμένων
2960 1849 3056 1901 καὶ
3102 1849 3313 1919 καρπὸν
3364 1850 3714 1922 δικαιοσύνης

454 1933 664 2002 justum
695 1933 838 1989 foret
871 1934 997 1990 illos
1028 1937 1236 1989 honore
1257 1945 1314 1990 et
1344 1936 1499 1989 venia
1532 1904 1725 2004 dignos
1755 1933 1941 1987 haberi
1963 1935 2031 1988 ab

2149 1904 2365 2005 εέάντων
2424 1904 2713 2005 βλέποντες

462 2025 597 2094 ipsis
628 2026 786 2080 iimo
810 2042 937 2081 vero
968 2027 1295 2081 comburent
1328 2042 1422 2080 vos
1465 2036 1523 2079 ut
1554 2026 1761 2096 lignum
1792 2024 2028 2089 aridum,

463 2114 515 2169 id
546 2126 649 2178 est,
678 2132 776 2173 vos
804 2119 1199 2188 expugnabunt
1224 2119 1295 2173 ob
1332 2128 1569 2175 vestram
1598 2119 1651 2172 in
1686 2115 2030 2172 Salvatorem

462 2206 817 2275 impietatem.

538 2296 695 2352 Vens.
727 2300 815 2354 59.
851 2300 1138 2366 Quomodo
1174 2302 1455 2358 Mattltaaus
1483 2302 1699 2373 quidem
1737 2313 1791 2360 et
1817 2304 2035 2360 Marcus

462 2389 599 2442 duos
632 2390 1075 2447 dicuutlatrones
1105 2392 1322 2447 Christo
1359 2396 1731 2464 improperare
1761 2394 1814 2448 in
1847 2411 2031 2461 cruce,

464 2474 643 2531 Lucas
691 2493 817 2535 vero
866 2497 1033 2535 unum
1067 2484 1312 2536 tantum?
1338 2485 1601 2552 quoniam
1636 2485 1689 2538 in
1735 2486 1893 2539 initio
1924 2488 2034 2541 duo

464 2566 704 2625 latrones
743 2573 941 2626 similia
972 2572 1175 2629 Iudaeis
1204 2576 1679 2642 conviciabantur,
1716 2577 1838 2631 illos
1879 2578 2035 2631 blan-

465 2662 677 2718 dientes
709 2665 754 2719 si
808 2664 946 2719 forte
991 2666 1230 2735 aliquam
1287 2680 1444 2735 Opem
1482 2665 1624 2735 apud
1659 2667 1782 2721 illos
1817 2666 2038 2721 invene~

471 2753 605 2808 rint.
641 2753 744 2810 Sed
778 2766 1065 2825 postquam
1098 2773 1219 2824 quae
1246 2758 1635 2827 exspectabant
1662 2758 1869 2813 inutilia
1921 2759 2035 2813 visa

468 2854 616 2910 sunt,
651 2862 793 2901 unus
830 2861 861 2900 e
900 2846 1202 2903 latronibus
1232 2858 1287 2902 et
1330 2849 1383 2902 in
1427 2864 1489 2905 se
1533 2864 1785 2903 reversus
1830 2859 1934 2911 est,
1978 2859 2035 2903 et

2742 1976 2757 2001 ,
2816 1938 2903 2005 ἐφ’
2963 1931 3045 2000 οἷς
3095 1934 3164 2008 ἦν
3217 1939 3362 2002 είκδς
3403 1941 3573 2009 τιμῆς
3619 1943 3721 1995 καὶ·

2136 2028 2347 2095 φειδοῦς
2381 2028 2673 2097 ἀξιωθῆναι
2700 2028 2799 2098 τῆς
2833 2031 2964 2101 παρ’
3005 2029 3219 2095 αύτῶνς
3255 2032 3456 2101 μᾶλλον
3506 2033 3565 2085 δέ
3617 2051 3715 2086 κα-

2134 2120 2498 2174 τακαύσουσιν
2529 2122 2671 2191 ὑμᾶς
2691 2120 2882 2191 ὥσπερ
2915 2120 3068 2187 ξύλον
3090 2121 3273 2193 ξηρὸν,
3300 2125 3468 2195 ἤγουν
3498 2126 3716 2193 πολιορ-

2136 2208 2366 2273 κήσουσι
2396 2208 2497 2277 τῆς
2518 2208 2598 2269 είς
2629 2209 2719 2261 τὸν
2752 2210 2980 2279 Σωτῆρα
3012 2210 3333 2277 δυσσεϐείας
3360 2212 3569 2267 ἕνεκεν.

2208 2298 2333 2361 Πῶς
2360 2299 2637 2363 Ματθαϊος
2673 2300 2773 2369 μὲν
2796 2304 2890 2353 καὶ
2917 2302 3145 2372 Μάρκος
3180 2305 3307 2367 τοὺς
3362 2305 3455 2358 δύο
3492 2305 3717 2373 λέγουσι

2137 2389 2339 2462 λῃστὰς
2379 2390 2631 2445 ὀνειδίσαι
2682 2392 2773 2443 τὸν
2822 2389 3046 2463 Κύριον,
3111 2394 3325 2457 Λουκᾶς
3360 2394 3417 2447 δὲ
3456 2395 3551 2447 τὸν
3578 2395 3713 2460 ἕνας

2140 2480 2261 2533 Ὅτι
2318 2482 2375 2533 ἐν
2438 2482 2581 2551 ἀρχῇ
2606 2481 2705 2551 μὲν
2743 2483 2791 2534 οί
2811 2482 2906 2535 δύο
2970 2483 3166 2555 λῃσταὶ
3223 2487 3581 2555 παραπλήσια
3603 2488 3723 2548 τοῖς

2138 2570 2413 2635 Ἰουδαίοις
2462 2572 2810 2641 ἐφθέγγοντο,
2865 2573 3213 2644 χαριζόμενοι
3276 2575 3483 2639 αὐτοῖς,
3541 2576 3715 2638 είπως

2137 2664 2260 2716 τινὰ
2296 2663 2544 2735 βοήθειαν
2568 2663 2779 2735 εὕροιεν
2810 2668 2937 2734 παρ’
2964 2666 3173 2731 αύτῶν,·
3207 2667 3392 2737 ἐπειδὴ
3439 2668 3496 2719 δὲ
3560 2669 3707 2736 ἅπερ

2140 2755 2488 2825 προσεδόκων
2527 2756 2800 2825 ἧργησαν,
2826 2756 3053 2825 θάτερος
3087 2757 3194 2810 τῶν
3214 2757 3449 2828 λῃστῶν,
3466 2757 3629 2819 αὑτός
3655 2774 3715 2809 τε

2140 2845 2373 2917 ἀνένηψε
2408 2847 2501 2899 καὶ
2525 2847 2616 2900 τὸν
2646 2845 2804 2900 ἄλλον
2831 2848 2911 2909 είς
2935 2847 3096 2901 τοῦτο
3122 2848 3516 2919 προετρέπετο.
3541 2849 3715 2902 Πόθεν

466 2933 697 2989 alterum
732 2936 797 2989 ad
839 2936 983 2989 idem
1030 2938 1441 2993 exhortabatur.
1484 2936 1636 2993 Unde
1673 2948 1854 2993 autem
1898 2954 2039 2993 unus

2149 2933 2196 2986 δὲ
2226 2936 2252 2987 ὀ
2274 2928 2355 2998 εἷς
2377 2934 2679 3004 ἀνένηψενς
2704 2934 2856 2989 οὔπω
2874 2936 2983 3008 γὰρ
3013 2932 3082 3008 ἦν
3110 2937 3179 2990 τὰ
3201 2937 3342 2991 κατὰ
3360 2938 3450 2990 τὸν
3481 2939 3716 3009 σταυρὸν

468 3022 603 3077 inse
626 3038 881 3080 reversus
909 3034 1013 3089 est,
1053 3028 1292 3081 nondum
1319 3028 1465 3081 enim
1497 3028 1708 3082 viderat
1745 3043 1866 3097 qua:
1896 3026 2037 3082 facta

2149 3025 2477 3096 θεασάμενος
2502 3026 2777 3097 θαύματα.
2819 3028 2912 3080 Ἐκ
2936 3026 3044 3081 τῶν
3069 3029 3243 3095 λόγων
3295 3030 3425 3093 ίσως
3460 3024 3647 3101 ὧνπερ
3686 3033 3720 3084 6

465 3124 597 3170 sunt
634 3116 688 3170 in
724 3132 888 3174 cruce
927 3121 1204 3190 prodigia?
1251 3120 1294 3173 Ε
1346 3120 1527 3175 verbis
1560 3120 1797 3175 fortasse
1840 3121 2041 3190 quibus

2149 3116 2347 3187 Κύριος
2384 3119 2666 3190 παρρησία
2693 3114 2847 3172 εἶπεν
2889 3119 3027 3191 πρὸς
3057 3120 3148 3174 τὸν
3187 3121 3409 3193 Πατέρα
3442 3137 3458 3150 ⁸
3499 3121 3717 3189 Πάτερ,

465 3204 720 3261 Christus
750 3208 918 3263 libere
946 3207 1162 3265 Patrem
1194 3211 1575 3281 compellabat,
1618 3211 1798 3274 Pater,
1830 3212 2038 3266 dimitte

2149 3209 2287 3279 ἄφες
2313 3211 2519 3277 αὐτοῖς
2545 3211 2660 3280 τὴν
2696 3212 2992 3284 ἁμαρτίαν
3011 3215 3255 3283 ταύτην*
3279 3216 3353 3270 οὐ
3375 3214 3485 3286 γὰρ
3515 3216 3723 3270 cidae?

466 3294 577 3350 illis
599 3298 693 3350 hoc
718 3309 1015 3365 peccatum,
1041 3304 1276 3356 nesciunt
1308 3304 1447 3357 enim
1470 3302 1609 3372 quod
1645 3304 1871 3372 faciunt.

540 3384 701 3443 Vsus.
727 3389 818 3444 42.
845 3389 1127 3448 Mattlmeos
1157 3395 1376 3463 quidem
1403 3404 1456 3449 et
1477 3395 1694 3450 Marcus
1718 3394 2039 3451 festinantes

468 3477 577 3532 alia
608 3495 832 3537 narrare
879 3499 1049 3553 usque
1092 3484 1159 3539 ad
1200 3486 1352 3551 illud,
1382 3486 1649 3542 Latrones
1700 3488 2040 3557 impropera-

468 3568 603 3625 bant
638 3574 687 3625 ei
724 3611 739 3633 .
801 3574 1064 3643 reliquam
1115 3587 1394 3646 gestorum
1429 3578 1484 3633 in
1532 3596 1695 3634 cruce
1751 3582 2039 3635 historiam

468 3665 960 3731 pratermiserunt.
1006 3665 1184 3723 Lucas
1229 3680 1410 3724 autem
1466 3671 1649 3738 priora
1698 3673 2038 3741 praeteriens,

470 3762 729 3823 tanquam
790 3756 859 3811 ab
897 3757 1020 3814 aliis
1057 3758 1201 3814 dicta
1232 3800 1248 3825 ,
1280 3775 1402 3829 quae
1440 3763 1903 3830 praetermiserant
1943 3762 2039 3827 illi,

473 3842 527 3896 in
558 3854 661 3910 est,
710 3846 873 3904 unius
917 3849 1146 3905 latronis
1183 3852 1602 3907 conversionem
1651 3863 1859 3919 narrat,
1899 3855 2041 3908 inci-

470 3933 669 4002 piendo
719 3951 752 3990 ο
790 3938 970 3994 verbis
1015 3955 1137 4010 qua:
1176 3941 1314 3996 dixit
1368 3942 1676 3998 Dominus:
1734 3943 1915 4011 Pater,
1958 3944 2045 3997 di-

470 4025 621 4079 mitte
654 4026 787 4081 illis.

543 4114 709 4173 Vens.
740 4120 827 4174 65.
861 4121 1148 4189 Quomodo
1182 4124 1399 4181 Domini
1457 4127 1751 4197 promissio
1779 4128 1846 4183 ad
1880 4128 2049 4183 latro-

471 4227 593 4269 nem
629 4217 847 4285 impleta
880 4218 1001 4272 est?
1029 4228 1288 4289 tanquam
1320 4237 1349 4275 a
1383 4220 1492 4276 Deo
1526 4224 1687 4276 laeta.
1720 4219 1777 4275 Si
1812 4222 1958 4275 enim
1994 4222 2045 4275 in

473 4310 708 4374 inferno,
727 4320 783 4366 et
815 4312 868 4367 in
898 4312 1035 4367 emlo
1062 4314 1239 4380 adest,
1276 4314 1366 4369 sed
1396 4316 1561 4368 etiam
1602 4314 1655 4369 in
1682 4312 1955 4384 paradiso,
1991 4328 2051 4375 ιιι

473 4401 648 4469 Deus,
700 4404 961 4474 Apostolo
1024 4405 1258 4470 dicente,
1307 4406 1390 4461 Ne
1448 4410 1561 4460 sine
1606 4408 1751 4461 nobis
1804 4423 2050 4461 consum-

472 4511 697 4564 meatur,
729 4499 1006 4568 quomodo
1025 4499 1240 4568 excepit
1264 4500 1401 4552 latro
1428 4500 1765 4568 paradisum?
1783 4501 1909 4568 quia
1941 4515 2049 4553 non

2140 3302 2197 3354 τί
2222 3301 2531 3359 ποιοῦσιν.

2213 3395 2337 3448 Ὀτι
2365 3397 2394 3450 6
2444 3397 2542 3465 μὲν
2590 3396 2872 3460 Ματθαϊος
2919 3397 3015 3451 καὶ
3069 3398 3301 3469 Μάρκος
3361 3398 3717 3469 ἐπειγόμενοι

2142 3486 2277 3557 πρὸς
2312 3488 2475 3557 ἕτερα
2524 3488 2769 3551 εἰπόντες
2800 3488 2906 3553 ἓως
2939 3482 3002 3543 οὗ
3038 3490 3310 3556 ὠνείδιζον
3342 3491 3504 3543 αὐτὸν
3537 3492 3588 3543 oi
3618 3491 3720 3562 λῃ».

2145 3579 2287 3643 σταὶ,
2319 3579 2390 3637 τὰ
2417 3579 2581 3635 λοιπὰ
2612 3581 2710 3652 τῆς
2736 3582 2978 3652 ίστορίανς
3018 3582 3120 3651 τῆς
3158 3583 3288 3653 περὶ
3344 3584 3438 3636 τὸν
3484 3584 3717 3653 σταυρδν

2145 3671 2466 3741 παρέλιπον,
2497 3672 2715 3736 Λουκᾶς
2740 3672 2798 3725 δὲ
2854 3673 3126 3744 ἀφέμενος
3146 3674 3256 3726 τῶν
3300 3676 3607 3745 προτέρων,
3641 3677 3729 3739 ὡς

2146 3761 2296 3831 παρὰ
2353 3764 2468 3826 τοῖς
2521 3762 2704 3827 ἄλλοις
2756 3764 3095 3835 εἰρημένων,
3146 3768 3215 3821 τὰ
3276 3767 3720 3839 παραλειφθέντα

2146 3852 2400 3916 ἐκείνοις,
2440 3853 2689 3905 τουτέστι
2740 3852 2837 3924 τὴν
2887 3853 2980 3907 τοῦ
3016 3855 3135 3918 ἐνὸς
3168 3855 3368 3926 λῃστοῦ
3408 3856 3711 3926 ἐπίγνωσιν

2150 3946 2372 4017 ίστορεῐ,
2390 3944 2606 4015 enata;
2626 3947 2811 4015 φωνῆς
2832 3946 3137 4017 ἀρξάμενος
3161 3948 3231 4020 ἢν
3250 3950 3279 4002 6
3300 3949 3504 4020 Κύριος
3531 3945 3721 4003 εἶπενοσ

2147 4035 2360 4103 Πάτερ,
2389 4034 2540 4104 ἄφες
2568 4034 2795 4101 αὑτοῖσι

2210 4126 2332 4190 Πῶς
2365 4127 2397 4195 ὴ
2435 4124 2526 4178 τοῦ
2548 4124 2814 4178 Δεσπότου
2839 4126 3128 4197 ὑπόσχεσις
3162 4128 3242 4189 εἰς
3273 4126 3360 4182 τὸν
3394 4128 3599 4200 λῃστὴν
3618 4147 3721 4183 πε-

2151 4218 2456 4286 πλήρωταις
2507 4216 2592 4279 Ὡς
2620 4216 2777 4268 Θεοῦ·
2811 4218 2861 4269 εί
2886 4216 2993 4288 γὰρ
3021 4218 3117 4271 καὶ
3150 4220 3207 4271 ἐν
3357 4221 3595 4290 ὑπῆρχε,
3624 4223 3723 4274 καὶ

2150 4309 2210 4359 ἐν
2239 4307 2471 4379 οὐρανῷ,
2506 4307 2644 4362 ἀλλὰ
2670 4308 2762 4361 καὶ
2818 4309 2877 4361 ἐν
2906 4308 3003 4378 τῷ
3048 4309 3362 4380 παραδείσῳ
3418 4310 3496 4375 ὡς
3554 4311 3712 4374 Θεός.

2154 4399 2277 4450 Ὅτι
2304 4398 2399 4452 καὶ
2444 4399 2539 4452 τοῦ
2590 4399 2914 4452 Ἀποστόλου
2935 4400 3185 4469 λέγοντος
3214 4416 3228 4431 ·
3257 4402 3392 4455 ἰνα
3408 4402 3495 4471 μὴ
3543 4403 3722 4472 γωρίς

2155 4489 2323 4559 ήμῶν
2378 4492 2752 4559 τελειωθῶσι,
2816 4493 2933 4556 πῶς
2960 4492 3237 4548 ἀπέλαδεν
3288 4495 3317 4548 6
3364 4495 3571 4568 λῃστὴς
3630 4497 3727 4548 τὸν

473 4590 563 4645 illa
590 4599 675 4645 est
701 4590 994 4659 promissio
1014 4591 1084 4644 de
1101 4605 1208 4659 qua
1234 4591 1433 4643 Paulus
1468 4590 1633 4653 dicit,
1666 4591 1757 4642 sed
1790 4588 2037 4642 coelestia

2149 4578 2507 4647 παράδεισονς
2563 4583 2685 4635 Ὅτι
2750 4582 2851 4635 οὐκ
2904 4584 3043 4655 αὐτή
3099 4586 3247 4639 ἐστιν
3312 4587 3347 4656 ἡ
3420 4586 3723 4657 ἐπαγγελία

473 4683 635 4736 bona.
667 4682 785 4734 Non
817 4682 961 4734 enim
993 4683 1045 4733 in
1099 4680 1417 4748 paradisum
1448 4680 1606 4731 nobis
1628 4694 1656 4730 a
1684 4678 1794 4733 Deo
1820 4680 2051 4748 promit-

472 4772 606 4825 titur
635 4772 856 4825 intrare.
892 4767 992 4825 Ubi
1016 4771 1299 4839 impletum
1330 4780 1413 4823 est
1443 4771 1589 4837 quod
1620 4770 1789 4823 dixit:
1824 4770 2051 4834 Quando

473 4861 742 4914 exaltatus
783 4863 955 4929 fuero,
984 4878 1160 4915 omnes
1189 4862 1394 4914 traham
1430 4860 1499 4912 ad
1538 4862 1819 4930 meipsum?
1846 4862 1958 4917 Hoc
1996 4864 2050 4919 in

475 4967 633 5007 cruce
687 4953 963 5024 impletum
1016 4962 1100 5007 est
1150 4962 1206 5007 et
1258 4952 1312 5006 in
1380 4957 1721 5009 ascensione.
1764 4956 1822 5010 In
1889 4972 2053 5013 cruce

476 5044 719 5112 quidem,
766 5046 896 5116 quia
951 5045 1155 5114 incepit
1190 5046 1389 5100 multos
1446 5048 1721 5104 attrahere
1750 5065 1872 5105 cum
1919 5068 2049 5106 ccu-

476 5136 622 5189 turio
660 5139 852 5193 videns
876 5152 997 5207 qua:
1029 5136 1228 5191 llebant
1259 5136 1583 5205 gloriﬁcavit
1611 5140 1801 5206 Deum,
1827 5153 1884 5197 et
1913 5144 2051 5199 latro

477 5242 586 5281 non
611 5227 816 5284 videns.
854 5226 1238 5282 Percutiebant
1259 5236 1440 5282 autem
1470 5240 1685 5299 pectora
1709 5249 1807 5288 sua
1837 5232 2052 5289 ludceo-

480 5335 599 5371 rum
636 5319 824 5388 aliqui,
853 5320 1109 5375 commoti
1142 5319 1433 5375 admodum
1457 5329 1513 5377 et
1554 5324 1619 5377 ad
1639 5327 2048 5382 conversionem

482 5411 782 5468 tendentes.

1052 5650 1277 5706 CAPUT
1310 5651 1496 5707 XXIV.

554 5771 720 5833 Vens.
763 5778 850 5838 15.
892 5778 1002 5836 Cur
1040 5790 1261 5852 apparet
1309 5781 1587 5853 discipulis
1640 5783 1895 5839 euntibus
1920 5784 2056 5853 lim-

485 5871 694 5924 maum?
724 5870 985 5937 Quoniam
1019 5873 1236 5931 interim
1272 5875 1651 5933 incredulitate
1709 5877 2050 5933 laborabant.

2155 4670 2223 4740 ἢν
2254 4669 2462 4735 Παῦλος
2499 4672 2666 4740 λέγει,
2702 4673 2838 4729 ἀλλὰ
2864 4675 2935 4728 τὰ
2957 4676 3183 4745 οὐράνια
3223 4677 3426 4743 ἀγαθὰο
3485 4678 3549 4731 ού
3614 4680 3733 4750 γὰρ

2154 4762 2234 4825 είς
2264 4764 2589 4834 παράδεισον
2618 4768 2749 4836 ἡμῖν
2786 4768 3180 4835 ἐπαγγέλλεται
3203 4770 3231 4822 6
3252 4769 3386 4833 Θεὸς
3420 4769 3712 4825 είσελθείν.

2216 4853 2326 4907 Ποῦ
2348 4856 2703 4926 πεπλήρωται
2724 4858 2785 4911 τὸ
2803 4857 3111 4927 λεγόμενον,
3133 4861 3216 4912 ὅτι
3241 4860 3365 4913 Ὅτ*
3382 4860 3459 4914 ἂν
3474 4859 3715 4931 ὑψωθῶ,

2153 4946 2286 5000 τότε
2301 4947 2532 5013 πάντας
2568 4948 2808 5003 ἑλκύσω
2826 4950 2977 5019 πρὸς
2995 4951 3256 5020 ἐμαυτόν
3265 4953 3469 5014 ;Τοῦτο
3496 4954 3593 5007 καὶ
3626 4954 3722 5007 ἐπὶ

2153 5038 2247 5089 τοῦ
2279 5038 2514 5109 σταυροῦ
2546 5041 2925 5111 πεπλήρωται,
2960 5044 3052 5096 καὶ
3085 5046 3182 5097 ἐπὶ
3227 5045 3322 5113 τῆς
3357 5044 3678 5114 ἀναλήψεως
3702 5059 3719 5074 ’

2154 5130 2247 5182 ἐπὶ
2273 5131 2369 5200 μὲν
2406 5129 2499 5184 τοῦ
2520 5132 2776 5202 σταυροῦ,
2798 5135 2882 5187 ὅτι
2906 5135 3107 5205 ἦρξατο
3135 5135 3455 5206 σαγηνεύειν
3474 5136 3721 5199 πολλοὺς,

2154 5222 2276 5275 ὅθεν
2306 5224 2398 5276 καὶ
2435 5226 2464 5277 6
2488 5226 2886 5297 ἑκατόνταρχος
2921 5229 3045 5281 ίδὼν
3074 5230 3141 5283 τὰ
3188 5230 3476 5300 γινόμενα,
3505 5230 3722 5296 ἐδόξασε

2154 5315 2245 5367 τὸν
2272 5317 2408 5369 Θεόν
2438 5332 2452 5346 ⁶
2494 5318 2586 5370 καὶ
2624 5320 2652 5370 6
2673 5318 2895 5391 λῃστὴς,
2930 5320 3005 5391 μὴ
3060 5321 3204 5375 tam.
3232 5322 3505 5375 Ἐτυπτον
3539 5324 3595 5376 δὲ
3620 5325 3715 5376 καὶ

2156 5406 2222 5460 τὰ
2243 5407 2410 5477 στήθη
2452 5410 2559 5461 τῶν
2602 5409 3047 5477 Ἰουδαίωντινές,
3089 5418 3543 5483 κατανυττόμενοι
3594 5415 3725 5467 παν-

2155 5516 2263 5563 τως
2296 5502 2388 5554 καὶ
2409 5503 2488 5567 είς
2518 5502 2813 5571 ἐπίγνωσιν
2841 5506 3147 5576 ἐρχόμενοι.

2746 5649 2995 5703 ΚΕΦΑΛ.
3037 5652 3162 5705 KA'.

2228 5780 2327 5833 Διά
2354 5780 2407 5833 τί
2421 5780 2758 5850 ἐπιφαίνεται
2776 5784 2885 5845 τοῖς
2904 5780 3173 5852 μαθηταῖς
3192 5784 3302 5846 τοῖς
3342 5782 3725 5853 πορευομένοις

2158 5875 2236 5936 εἰς
2282 5871 2556 5943 Ἐμμαούς
2586 5890 2600 5940 ;
2646 5873 2863 5946 Ἐπειδὴ
2897 5874 3124 5947 ἀπιστίᾳ
3160 5874 3371 5947 εῐχοντο
3405 5875 3542 5939 τέως
3574 5891 3587 5905 ο
3634 5883 3725 5934 καὶ
