4060 6558
320 348 453 414 1217

1380 348 1710 410 SCHOLIA
1744 345 2041 410 V'ETERA
2090 346 2165 407 1N
2199 346 2573 410 JOANNEM.

3457 351 3590 415 1218

319 463 458 529 πῶς,
484 462 735 517 ἄκουσον.
766 462 999 533 Λέγουσι
1029 432 1157 535 γὰρ,
1200 463 1284 517 ὅτι
1345 464 1542 535 Ἡμεῖς
1592 463 1898 536 ἠλπίζομεν

2022 458 2313 525 Quomodo,
2360 460 2509 516 audi.
2568 461 2768 517 Dicunt
2830 462 2973 518 enim
3005 481 3018 518 :
3053 461 3163 518 Nos
3237 467 3593 534 sperabamus

315 557 398 609 ὅτι
453 553 616 618 αὑτός
683 557 822 608 ἐστι’
890 557 985 608 καὶ
1044 556 1153 609 τῶν
1209 558 1489 624 γυναικῶν
1545 558 1605 612 δὲ
1638 560 1689 612 ei
1751 559 1902 628 λόγοι

316 647 454 700 ὡσεὶ
482 646 644 719 λῆρος
707 647 1010 718 ἐφάνησαν,
1075 650 1170 702 καὶ
1193 649 1327 705 ἄλλα
1366 650 1619 719 λέγουσιν
1669 652 1900 706 τοιαῦτα

312 741 513 797 ’πολλά.

394 835 494 887 Διὰ
542 833 597 886 τί
626 836 767 906 μετᾶ
785 837 883 908 τὴν
900 838 1197 892 ἀνάστασιν
1224 838 1427 908 ὁμιλῶν
1462 838 1644 901 αὐτοῖς
1665 838 1902 907 ἄφαντος

321 926 540 995 ὶγὲνετο
564 928 658 981 ἀπ’
701 929 917 995 αὐτῶνς
966 929 1080 984 Ἵνα
1107 930 1187 993 είς
1234 930 1456 983 πλείονα
1507 931 1669 985 πόθον
1702 932 1902 994 αὐτοὺς

321 1019 712 1090 ὲφελκύσητοιι,
744 1022 918 1086 ἄλλως
951 1040 1007 1076 τε
1056 1023 1112 1077 δὲ
1146 1023 1241 1076 καὶ
1269 1025 1370 1078 οὐκ
1396 1019 1533 1093 εἶχε,
1581 1024 1767 1093 φησὶν,
1821 1022 1901 1077 ἔτι

320 1107 383 1161 τὸ
416 1108 578 1180 σῶμα
604 1110 664 1163 τὸ
693 1111 834 1164 θεῖον
864 1113 1038 1165 ἐκεῖνο
1066 1110 1237 1175 οὕτως
1280 1114 1356 1176 ὡς
1403 1112 1668 1185 πρότερον
1722 1115 1902 1169 συνδι-

323 1203 479 1270 ἀγειν
511 1202 629 1273 μετ’
654 1204 833 1257 αὐτῶν
867 1204 951 1259 ἀεί
973 1223 985 1235 ·
1017 1204 1342 1276 λεπτότερον
1381 1206 1493 1278 γὰρ
1521 1203 1588 1278 ἦν
1611 1208 1904 1279 καὶκθεοει-

319 1289 476 1347 δέστε
486 1312 599 1364 ρον.

390 1385 516 1439 ’Ότι
544 1388 644 1442 οὐκ
671 1388 808 1459 αὐτῇ
837 1392 902 1461 τῇ
922 1390 1042 1463 ὥρᾳ
1058 1384 1217 1462 εὗρον
1232 1394 1359 1456 τοὺς
1378 1393 1588 1448 δώδεκα.
1606 1396 1700 1448 καὶ
1717 1396 1899 1467 ἀπήγο

323 1477 511 1547 γειλαν
539 1480 607 1534 τὰ
634 1482 777 1535 κατὰ
813 1484 904 1535 τὸν
936 1483 1140 1553 Κύριον
1180 1485 1273 1539 καὶ
1300 1485 1401 1555 τὴν
1429 1487 1567 1554 666v,
1600 1487 1736 1541 ἀλλὰ
1762 1488 1904 1557 μετά

323 1589 476 1635 τινας
506 1572 655 1643 ὧρας
689 1575 819 1637 ὅσας
836 1575 985 1640 εἰκὸς
1009 1573 1078 1647 ἦν
1093 1577 1279 1641 αὐτοῖς
1304 1579 1528 1649 ποιῆσαι
1540 1580 1600 1632 τὸ
1628 1580 1904 1651 διάστημα

323 1662 431 1719 τῶν
472 1666 734 1736 ἑξήκοντα
768 1668 997 1723 σταδίων
1038 1669 1352 1739 βαδίζοντας
1371 1686 1383 1701 ’
1420 1674 1477 1725 ὲν
1505 1666 1593 1735 αἶς
1620 1672 1708 1727 διὰ
1731 1675 1902 1743 μέσου

323 1758 421 1811 καὶ
454 1761 482 1812 6
538 1759 818 1830 Δεσπότης
870 1760 1025 1832 ὤφθη
1083 1762 1164 1833 τῷ
1205 1763 1431 1833 Σίμωνι.
1486 1766 1745 1820 Κάκεῖνοι
1804 1767 1903 1838 μὲν

2011 553 2136 622 quia
2175 555 2288 622 ipse
2317 563 2432 620 est;
2463 563 2516 608 et
2545 556 2835 611 mulierum
2886 572 3169 613 sermones
3216 560 3373 628 quasi
3418 576 3590 630 nugas

2011 644 2310 711 aestimant,
2343 654 2397 700 et
2428 646 2537 701 alia
2563 646 2750 702 dicunt
2772 649 2939 704 multa
2975 650 3197 705 similia.

2083 826 2248 885 VERS.
2277 829 2366 884 3i.
2397 831 2507 886 Cur
2544 842 2667 903 post
2697 835 3149 889 resurrectionem
3176 834 3305 889 dttm
3335 835 3594 890 confabu-

2011 920 2216 976 laretur
2260 936 2386 978 cum
2417 925 2518 988 eis,
2570 926 2795 980 evanuit
2853 926 2922 980 ab
2950 927 3123 979 oculis
3156 927 3391 981 eorum?
3427 925 3496 983 Ut
3524 929 3589 982 ad

2012 1012 2192 1083 majus
2249 1014 2581 1071 desiderium
2636 1018 2761 1073 illos
2809 1019 3123 1083 adduceret,
3200 1020 3355 1072 aliter
3412 1027 3590 1074 autem

2010 1129 2121 1168 non
2187 1112 2371 1177 habet,
2424 1114 2578 1178 dicit,
2641 1129 2843 1183 corpus
2908 1114 3047 1168 istud
3102 1114 3344 1167 divinum
3415 1115 3593 1167 adhuc

2009 1212 2294 1266 vobiscum
2333 1220 2392 1264 ttt
2447 1216 2606 1263 antea
2666 1224 2885 1279 semper
2942 1208 3278 1273 conversari;
3339 1207 3592 1261 subtilius

2010 1306 2155 1360 enini
2197 1304 2436 1358 divinius
2468 1303 2670 1357 factum
2699 1313 2800 1357 est.

2084 1396 2249 1451 Vens.
2283 1396 2371 1450 55.
2409 1395 2526 1449 Non
2581 1396 2634 1448 in
2705 1396 2819 1463 ipsa
2852 1396 2984 1449 liora
3016 1395 3343 1448 invenerunt
3391 1391 3596 1445 duode-

2010 1488 2117 1543 cim
2149 1496 2203 1542 et
2262 1496 2623 1541 narraveruut
2651 1486 2720 1539 de
2762 1485 2990 1538 Domino
3018 1494 3072 1539 et
3115 1486 3181 1539 de
3238 1486 3456 1548 itinere,
3499 1484 3592 1537 sed

2013 1590 2135 1650 post
2162 1580 2369 1649 aliquot
2400 1579 2590 1643 horas,
2616 1586 2883 1646 quantum
2936 1592 3159 1630 necesse
3186 1575 3287 1629 fuit
3317 1584 3374 1629 ut
3416 1574 3592 1628 cunila

2012 1683 2397 1745 percurrerent
2478 1673 2762 1741 sexaginta
2836 1670 3140 1726 stadiorum
3195 1673 3317 1724 iter.
3386 1670 3597 1723 lutei-ta

2016 1770 2280 1825 Dominus
2309 1766 2561 1838 apparuit
2592 1781 2808 1836 quoque
2862 1763 3095 1827 Simoni,
3128 1773 3180 1816 et
3223 1763 3314 1815 alii
3344 1762 3599 1815 dicebant

323 1849 511 1919 ελεγον
537 1854 649 1916 τοῖς
689 1852 811 1906 δυσὶ
863 1855 945 1908 ὃτι
1006 1854 1176 1917 ὄντως
1224 1855 1433 1928 ἠγέρθη
1467 1858 1496 1909 6
1552 1856 1755 1929 Κύριος
1808 1861 1905 1914 καὶ

2022 1862 2095 1917 πίε
2122 1862 2338 1915 duobus
2366 1860 2495 1930 quia
2521 1874 2653 1913 vere
2685 1859 2936 1913 surrexit
2969 1855 3237 1909 Dominus
3267 1863 3320 1910 et
3348 1857 3599 1924 apparuit

292 1937 479 2011 tiocqu
513 1941 589 2011 τῷ
612 1941 839 2013 Σίμωνι’
872 1944 1029 1997 αὐτοὶ
1061 1945 1118 1998 δὲ
1158 1946 1453 2015 ἐξηγοῦντο
1482 1947 1553 2001 τὰ
1580 1951 1637 2000 ὲν
1659 1951 1725 2020 τῇ
1775 1949 1900 2020 ὀδῷ,

325 2034 419 2086 καὶ
467 2032 543 2098 ὡς
590 2034 846 2106 ἐγνώσθη
903 2037 1087 2102 αὐτοῖς
1108 2038 1167 2090 ὲν
1222 2041 1289 2108 τῇ
1330 2039 1521 2094 κλάσει
1563 2039 1655 2093 τοῦ
1712 2041 1899 2112 ἄρτου.

329 2126 521 2181 Ταῦτα
544 2126 632 2193 δὲ,
663 2128 817 2200 φησὶ,
836 2131 1193 2184 ,λαλούντων
1211 2126 1432 2197 αὐτῶν,
1456 2133 1638 2199 αὐτὸς
1661 2133 1810 2201 ἔστη
1835 2135 1906 2186 ἐν

320 2216 489 2288 μέσῳ
516 2218 736 2288 αὐτῶν,
760 2223 960 2276 οὐκέτι
984 2223 1408 2294 κρατουμένων
1429 2223 1549 2278 τῶν
1582 2223 1906 2296 ὀφθαλμῶν

324 2307 543 2365 αὐτῶν.

393 2396 514 2449 Ὀτι
541 2395 623 2463 τὸ,
657 2399 1020 2468 Εὐλογήσας
1054 2403 1279 2471 αὐτοὺς
1317 2404 1639 2475 ἀνεφέρετο
1667 2411 1756 2474 εἰς
1800 2412 1909 2462 τὸν

325 2488 610 2556 οὐρανὸν,
682 2492 821 2560 μετὰ
864 2496 1276 2566 τεσσαράκοντα
1335 2498 1550 2570 ἡμέρας
1605 2501 1710 2572 χρὴ
1766 2505 1907 2555 νοεῖν

329 2578 641 2649 γεγονέναι.

330 2773 3390 2810 Mm

2013 1954 2263 2020 Simoni;
2300 1953 2387 2008 isti
2435 1967 2617 2006 autem
2658 1952 2955 2005 narrabant
3012 1966 3132 2019 quae
3173 1959 3322 2019 gesta
3364 1947 3597 2000 erantin

2005 2045 2115 2108 via,
2171 2054 2225 2100 et
2282 2044 2561 2114 quomodo
2605 2051 2978 2114 cognoverunt
3012 2056 3136 2095 eum
3205 2040 3256 2093 in
3324 2038 3594 2093 l'ractione

2009 2138 2186 2207 panis.
2244 2136 2382 2189 Dum
2449 2146 2626 2189 autem
2673 2135 2984 2206 loquuntur,
3055 2132 3187 2188 dicit
3240 2132 3593 2202 evangelista,

2010 2229 2117 2296 ipse
2151 2231 2295 2283 stetit
2353 2230 2407 2282 in
2440 2228 2608 2282 medio
2651 2245 2853 2292 eorum,
2918 2243 3021 2281 non
3081 2226 3244 2281 oculis
3278 2227 3387 2281 suis
3426 2224 3595 2297 ﬁden-

2012 2321 2167 2376 tium.

2081 2410 2248 2467 Vens.
2282 2413 2371 2466 5|.
2410 2412 2725 2465 Benedicens
2750 2412 2825 2464 eis
2856 2412 3126 2480 ferebatur
3162 2411 3215 2463 in
3248 2410 3454 2472 cwlum,
3479 2417 3599 2479 post

2009 2504 2369 2575 quadraginta
2415 2504 2532 2560 dies
2609 2504 2809 2559 factum
2854 2518 2977 2559 esse
3028 2502 3436 2573 ittlelligendum
3495 2514 3600 2556 est.

3390 2790 3582 2808 ..ο-α

1520 2950 1820 3037 ΚΑΤΑ
1897 2952 2405 3040 ΙΩΑΝΝΗΝ
2426 3016 2443 3045 .

1250 3305 1761 3399 SCHOLIA
1841 3310 1966 3399 IN
2041 3310 2657 3404 JOANNEM.

1138 3502 1225 3561 Ex
1283 3499 1519 3564 iisdem
1578 3502 1976 3565 membranis
2033 3502 2446 3569 bibliothecas
2486 3508 2835 3571 Vaticanus.

775 3824 1171 3881 ΚΕΦΔΔΑΙΟΝ
1232 3826 1528 3882 ΠΡΩΤΟΝ.

392 3957 508 4013 ,Διὰ
523 3955 576 4011 τί
596 3954 702 4010 ἀπὸ
724 3953 1002 4023 θεολογίσῖς
1023 3954 1227 4025 ἤρξατο
1251 3971 1266 4019 ;
1287 3953 1402 4007 Ἰνα
1427 3954 1501 4025 μὴ
1518 3956 1584 4025 τῇ
1611 3955 1721 4007 τῶν
1744 3955 1921 4008 ἄλλων

340 4048 747 4119 εὐαγγελιστῶν
815 4047 959 4101 κατὰ
1025 4048 1202 4117 σάρκα
1257 4047 1511 4115 γεννήσει
1586 4044 1919 4110 ἀκολουθῶν,

342 4144 608 4213 νομίσωσι
630 4143 721 4196 τὸν
750 4139 986 4211 Χριστὸν
1019 4140 1067 4192 oi
1108 4137 1387 4209 ἅνθρωποι
1424 4139 1578 4209 ψιλὸν
1611 4138 1920 4210 ἄνθρωπον·

340 4236 458 4290 ἀλλ’
491 4235 583 4290 οὖν
607 4234 729 4288 οὐδὲ
762 4226 918 4295 οὗτος
947 4232 1049 4302 τῆς
1078 4232 1392 4302 οἰκονομίας
1436 4230 1714 4302 ἠμέλησεν
1759 4249 1772 4262 ο
1809 4232 1924 4286 ἀλλ’

345 4329 465 4383 οὐδὲ
504 4330 703 4383 ἐκεῖνοι
731 4327 800 4380 τὰ
856 4325 1000 4379 κατὰ
1053 4326 1233 4395 σάρκα
1294 4324 1566 4393 λέγοντες,
1617 4324 1715 4396 τῆς
1775 4324 1926 4389 θείας

341 4423 653 4492 γεννήσεως
694 4420 996 4491 ἠμέλησαν.
1028 4417 1128 4474 Διά
1158 4419 1210 4471 τί
1234 4415 1407 4484 εἶπεν,
1457 4420 1560 4472 Ἐν
1598 4417 1793 4488 ἀρχῇ;
1828 4419 1927 4472 Διά

344 4516 407 4567 τὸ
442 4516 568 4577 τοὺς
598 4512 920 4582 ἀνθρώπους
949 4513 1010 4565 τὸ
1041 4511 1411 4583 πρεσϐύτερον
1443 4512 1631 4582 τιμᾷν,
1669 4513 1762 4564 καὶ
1785 4512 1928 4563 τίθε-

348 4608 472 4663 σθαι
499 4608 649 4663 Θεόν.
679 4608 777 4662 Διὰ
813 4606 887 4666 τί.
912 4607 1068 4676 ἀφεὶς
1094 4605 1184 4658 τὸν
1218 4604 1457 4674 Πατέρα,
1494 4606 1624 4675 περὶ
1664 4604 1757 4657 τοῦ
1797 4605 1924 4657 Υίοῧ

344 4704 687 4772 διαλέγεταις
719 4703 864 4757 Διότι
902 4703 1109 4765 ἐκεῖνος
1139 4701 1298 4770 δῆλος
1330 4696 1419 4770 ἦν,
1446 4699 1549 4754 κᾶν
1580 4700 1655 4771 μὴ
1685 4701 1761 4762 ὼς
1810 4700 1926 4752 Πα-

347 4797 474 4867 τὴρ,
507 4796 621 4850 ἀλλ’
664 4795 756 4849 οὖν
775 4795 849 4859 ὡς
892 4795 1023 4859 Θεός
1055 4811 1070 4824 ·
1100 4796 1128 4847 6
1159 4793 1212 4846 δὲ
1250 4792 1373 4857 Υίὺς
1417 4794 1686 4862 ἠγνοεῖτο.
1720 4792 1794 4845 Τὸ
1845 4792 1926 4856 δὲ,

347 4885 491 4951 Ἦν,
514 4888 667 4942 οὐδὲν
690 4888 878 4959 ἕτερον
908 4886 1078 4957 δηλοῖ,
1112 4886 1161 4940 εί
1196 4886 1271 4957 μὴ
1312 4884 1406 4938 τοῦ
1458 4879 1599 4937 εῖναι
1629 4883 1929 4953 δηλωτικὸν

358 4985 452 5039 καὶ
492 4984 738 5051 ἀπείρως
764 4978 923 5035 εἶναι.
970 4980 1165 5049 Λόγον
1192 4978 1249 5031 δὲ
1297 4976 1461 5031 αὑτὸν
1504 4976 1683 5043 καλεῖ,
1713 4976 1801 5030 ἵνα
1853 4974 1929 5046 μὴ

350 5078 603 5151 παθητὴν
653 5078 753 5147 τὴν
805 5076 1061 5145 γέννησιν
1142 5072 1525 5142 ὑπολάϐωμεν,
1589 5072 1685 5124 καὶ
1726 5069 1814 5123 διὰ
1871 5069 1931 5121 τὸ

1953 3700 2023 3712 _

2521 3835 2749 3892 CAPUT
2791 3837 3086 3895 PRIMUM.

2100 3963 2265 4019 Vens.
2306 3964 2355 4020 1.
2384 3963 2495 4020 Cur
2520 3981 2551 4019 a
2611 3966 2878 4037 theologia
2913 3969 3138 4038 incepit?
3174 3968 3254 4025 Ne
3285 3971 3332 4026 si
3382 3972 3615 4028 aliorum

2026 4056 2487 4126 evangelistarum
2519 4056 2585 4110 de
2623 4059 2974 4127 generatione
3025 4062 3327 4115 secundum
3387 4077 3607 4116 carnem

2029 4147 2398 4203 narrationem
2421 4159 2641 4203 secutus
2671 4159 2838 4213 esset,
2870 4151 3105 4206 habeant
3131 4152 3412 4207 Christum
3433 4155 3614 4208 homi-

2030 4255 2125 4295 nes
2154 4250 2209 4293 ut
2234 4255 2445 4294 merum
2482 4240 2783 4305 hominem;
2811 4241 2905 4295 sed
2939 4242 3104 4311 igitur
3139 4258 3322 4313 neque
3377 4243 3618 4299 Joannes

2030 4332 2459 4386 incarnationem
2517 4330 2775 4399 neglexit,
2819 4348 2998 4401 neque
3025 4333 3118 4387 alii
3162 4340 3282 4404 (tua:
3327 4335 3394 4389 de
3453 4350 3619 4389 carne

2029 4432 2187 4476 erant
2233 4423 2477 4477 dicentes
2527 4422 2768 4478 divinant
2823 4425 2944 4494 ejus
2975 4428 3384 4495 generationem
3428 4443 3616 4498 parum

2030 4523 2380 4570 curaverunt.
2411 4515 2522 4569 Cur
2553 4515 2686 4570 dicit
2713 4532 2727 4567 :
2756 4516 2820 4569 In
2860 4518 3119 4586 principio
3150 4518 3172 4570 ?
3200 4517 3339 4583 Quia
3372 4519 3621 4574 homines

2030 4608 2175 4676 quod
2206 4620 2361 4665 vetus
2403 4610 2574 4678 magis
2626 4620 2711 4663 est
2737 4610 3009 4663 honorant
3040 4620 3092 4665 et
3133 4611 3300 4665 Deum
3350 4621 3618 4666 statuunt.

2030 4702 2143 4757 Cur
2206 4702 2419 4756 Patrem
2475 4704 2720 4767 mittens,
2781 4704 2847 4757 tle
2876 4702 3012 4757 Filio
3064 4705 3308 4759 disserit?
3338 4706 3474 4772 Quia
3534 4706 3623 4759 ille.

2033 4796 2361 4850 noscebatur
2406 4796 2506 4850 etsi
2535 4812 2643 4850 non
2676 4807 2734 4850 ut
2787 4796 2962 4860 Pater,
2997 4798 3089 4851 sed
3139 4806 3318 4851 tamen
3368 4797 3621 4853 uilicus.

2031 4884 2207 4940 Pilius
2241 4895 2422 4940 autem
2469 4901 2577 4940 non
2631 4886 3086 4949 cognosce-batur.
3126 4886 3251 4941 llaec
3286 4903 3412 4953 vox,
3470 4886 3621 4949 Erat,

2033 4981 2171 5035 nihil
2208 4979 2357 5035 aliud
2386 4981 2630 5034 ostendit
2675 4981 2780 5035 nisi
2822 4997 2943 5035 esse
2967 4982 3249 5034 evidenter
3302 4991 3357 5033 et
3391 4981 3619 5034 inliuite.

2042 5071 2270 5126 Verbum
2313 5082 2492 5127 autem
2527 5072 2680 5126 illum
2721 5083 2902 5137 vocat,
2939 5088 3008 5126 ne
3047 5073 3461 5139 generationem
3494 5089 3626 5143 pas-

349 5172 683 5241 ἁπαγγεῖλαι
721 5170 790 5223 τὰ
822 5167 917 5221 τοῦ
948 5167 1181 5237 Πατρός.
1214 5165 1315 5219 Διὰ
1345 5164 1585 5234 τίΛόγον
1609 5159 1761 5215 εἶπεν
1795 5161 1915 5231 μετέ

2037 5168 2252 5223 sibilem
2293 5183 2691 5239 supponamus,
2725 5180 2779 5223 et
2803 5170 2932 5238 quia
2963 5184 3083 5238 qua:
3110 5166 3288 5223 Patris
3329 5176 3453 5220 sunt
3485 5183 3625 5221 nun-

350 5270 449 5337 τῆς
471 5265 568 5317 τοῦ
625 5265 831 5336 ἄρθρου
906 5261 1264 5333 προσθήκης;
1326 5259 1516 5320 Ὅπως
1565 5256 1674 5310 τῶν
1725 5254 1927 5307 λοιπῶν

350 5357 524 5424 λόγων
577 5357 789 5426 χωρίσῃ
813 5370 828 5386 ·
874 5353 1033 5425 οὐσίᾳ
1064 5353 1175 5423 γὰρ
1217 5351 1434 5422 ἀπαθὴς
1466 5344 1621 5413 οὗτος
1654 5350 1747 5403 καὶ
1780 5347 1931 5417 Θεός.

353 5450 480 5503 Ὅτι
505 5448 637 5501 Θεὸν
656 5450 750 5501 καὶ
780 5447 912 5501 Θεὸν
937 5444 1106 5499 εἰπὼν
1140 5444 1258 5514 (καὶ
1283 5444 1416 5516 γὰρ,
1439 5441 1603 5509 Θεὸς,
1639 5440 1824 5512 φησιν,
1856 5433 1935 5508 ἦν

353 5547 385 5598 ὁ
437 5540 675 5613 Λόγος),
725 5540 827 5594 οὐκ
860 5539 1120 5611 ἐμφαίνει
1168 5555 1223 5592 τι
1265 5538 1429 5609 μέσον
1476 5536 1576 5609 τῆς
1634 5533 1887 5604 θεότητος
1917 5546 1933 5563 ⁸

353 5635 544 5706 ἐπειδὴ
576 5635 675 5705 οὐχ
708 5627 871 5705 ἦττον
899 5632 1031 5697 Θεὸς
1057 5634 1087 5686 6
1112 5632 1264 5695 Υἱός.

434 5743 675 5799 Ὀτιδιὰ
726 5740 847 5806 τοῦ,
908 5741 1011 5798 Ἐν
1074 5737 1231 5809 ἀρχῇ
1285 5734 1383 5809 ἦν,
1428 5737 1489 5792 τὸ
1536 5735 1708 5789 ἀΐδιον
1764 5726 1929 5786 αὐτοῦ

2037 5260 2227 5314 tialiat.
2258 5260 2370 5314 (Zur
2401 5261 2626 5315 verbum
2654 5270 2814 5317 vocat
2843 5277 2967 5314 eum
2998 5260 3342 5329 appositione
3372 5260 3629 5315 articuli?

2041 5352 2110 5407 Ut
2141 5368 2171 5407 a
2207 5354 2434 5423 reliquis
2494 5352 2687 5410 Verbis
2731 5354 3065 5423 distinguat;
3116 5353 3422 5408 substantia
3480 5352 3627 5407 enim

2028 5445 2394 5515 jmpassiliilis
2417 5447 2505 5501 ille
2527 5458 2580 5501 et
2607 5447 2767 5502 Deus.
2802 5447 2970 5501 Deum
3004 5456 3056 5500 et
3080 5445 3246 5500 Deum
3270 5445 3629 5510 nominando,

2039 5551 2165 5590 nam
2200 5538 2360 5602 Deus,
2404 5539 2503 5605 ait,
2562 5550 2675 5593 erat
2719 5539 2966 5605 Verbum,
3001 5554 3107 5593 non
3172 5537 3377 5593 indicat
3424 5535 3628 5603 aliquid

2039 5631 2276 5686 medium
2313 5633 2367 5687 in
2383 5634 2681 5696 divinitate;
2709 5648 2831 5690 eum
2866 5648 2972 5688 non
2987 5634 3170 5687 minus
3189 5631 3331 5686 Deus
3349 5628 3417 5682 sit
3437 5624 3627 5683 Filius.

2112 5722 2258 5780 Vsus
2280 5726 2335 5778 2.
2370 5725 2630 5791 ῡῑοεηιιο,
2672 5725 2735 5779 In
2785 5726 3050 5793 principio
3079 5733 3229 5787 erat,
3268 5720 3629 5775 aeternitatem

358 5838 602 5896 δείκνυσι
637 5853 651 5869 ο
681 5835 771 5891 διὰ
803 5833 860 5889 δὲ
894 5832 1010 5902 τοῦ,
1059 5829 1247 5899 οὗτος
1276 5832 1356 5901 ἦν
1380 5827 1627 5900 ἐνάρχτῖ
1668 5826 1818 5895 πρὸς
1840 5823 1915 5879 :61

2049 5820 2171 5891 ejus
2201 5822 2469 5885 ostendit;
2508 5818 2637 5874 Erat
2663 5820 2717 5872 in
2743 5819 3003 5888 principio
3024 5817 3163 5887 apud
3192 5813 3357 5871 Deum
3383 5830 3403 5881 ;
3436 5829 3504 5871 ne
3539 5829 3630 5868 ar-
