4060 6624
475 406 614 469 1219

1178 398 1575 463 OPUSCULA
1613 395 2248 459 SCRIPTURISTICA
2284 394 2631 459 INCER’DE
2672 398 2980 460 ETATIS.

3591 395 3726 461 1220

469 519 706 581 bitreris,
736 519 929 589 inquit,
973 520 1319 588 praecessisse
1352 520 1724 575 exsistcntiam
1763 516 1962 581 Patris;
1995 526 2052 570 ut

2172 516 2334 579 Θεὸν,
2373 517 2543 587 δηλοῖ,
2581 518 2663 570 ὅτι
2710 517 2798 588 Μὴ
2860 518 3088 590 νομίσῃς
3135 499 3515 588 πρεσϐυτέραν
3569 513 3733 574 εἶναι.

469 615 613 667 enim
652 611 786 666 solis
824 610 1079 679 splendor
1131 613 1223 679 qui
1252 625 1316 665 ex
1366 612 1481 680 ipsa
1518 620 1710 664 natura
1765 608 1896 664 solis
1945 615 2050 671 est,

474 720 578 756 non
617 702 976 772 posteriorem
1006 717 1126 755 esse
1173 702 1415 757 dicimus
1469 702 1601 756 solis
1630 712 1859 766 naturae,
1902 698 1977 754 ita
2000 707 2055 753 et

471 792 707 847 Ver-bum
731 808 794 846 ex
842 806 909 846 eo
933 800 1129 847 estnec
1154 808 1220 846 eo
1250 793 1523 863 posterius
1553 802 1656 847 est.

541 966 709 1022 Vens.
730 969 783 1023 5.
818 964 1014 1021 Omnia
1039 984 1130 1036 per
1159 968 1328 1037 ipsum
1360 970 1503 1038 facta
1540 979 1701 1021 sunt:
1734 968 1783 1020 id
1813 980 1917 1032 est,
1944 982 2050 1023 non

475 1060 651 1114 solum
687 1059 966 1115 sensibilia
994 1068 1049 1113 et
1074 1060 1329 1123 visibilia,
1371 1059 1466 1113 sed
1494 1059 1658 1114 etiam
1721 1060 2052 1128 spiritualin.

548 1151 666 1207 Non
688 1163 902 1220 Oportet
929 1163 1109 1206 autent
1130 1152 1344 1206 ﬁnalem
1372 1160 1558 1207 notam
1590 1168 1698 1206 non
1718 1152 1784 1205 ad
1799 1153 1857 1204 in
1889 1167 2053 1222 appo-

474 1261 607 1299 nere
657 1243 953 1296 utlaciunt
1038 1242 1279 1296 haarctici
1325 1243 1599 1299 dicentes:
1658 1245 1801 1312 quod
1856 1242 2056 1297 factmn

467 1347 557 1391 est
609 1338 662 1389 in
726 1338 843 1404 ipso
906 1338 1011 1386 vita
1074 1342 1237 1402 erat;
1317 1335 1560 1390 volentes
1617 1333 1880 1404 Spiritum
1931 1349 2060 1387 sau—

473 1440 620 1481 ctum
645 1436 950 1480 creaturam
973 1424 1171 1479 dicere.
1197 1426 1395 1481 Deinde
1421 1426 1489 1481 de
1506 1429 1781 1481 creatione
1812 1429 2058 1495 loquens,

472 1518 661 1587 adjicit
689 1519 756 1572 de
783 1516 1123 1587 providentia
1161 1536 1175 1572 :
1201 1517 1268 1575 Ut
1295 1521 1441 1574 enim
1461 1536 1569 1574 non
1591 1519 1902 1574 dubitemus
1928 1534 2063 1586 quo-

476 1612 636 1663 modo
667 1610 860 1664 fecerit
887 1608 1036 1673 dicit,
1073 1607 1137 1662 In
1166 1612 1283 1679 ipso
1333 1612 1439 1665 vita
1458 1622 1598 1674 erat;
1643 1611 1694 1664 id
1719 1620 1821 1672 est,
1855 1610 1910 1664 in
1940 1610 2061 1677 ipso

470 1702 653 1755 omnia
684 1705 890 1767 vivunt,
922 1712 978 1759 et
1022 1705 1072 1756 in
1110 1702 1227 1773 ipso
1266 1704 1657 1773 providentur;
1688 1712 1738 1755 et
1790 1700 1934 1769 quod
1998 1701 2065 1755 de

472 1793 631 1847 Patre
660 1794 859 1849 dicitur
895 1815 907 1851 :
947 1796 1007 1850 In
1040 1798 1154 1866 ipso
1189 1796 1433 1858 vivimus,
1466 1807 1732 1845 movemur
1767 1802 1816 1845 et
1851 1806 2057 1843 ειιιιιιιδ.

2162 610 2313 677 φησὶ,
2347 609 2446 678 τὴν
2476 608 2709 678 ὓπαρξιν
2757 609 2851 662 τοῦ
2889 608 3103 679 Πατρός
3138 624 3153 640 ·
3184 607 3260 672 ὥς
3311 606 3420 677 γὰρ
3471 607 3529 661 τὸ
3554 608 3735 661 ἀπαύ-

2161 716 2348 768 γασμα
2383 699 2475 751 τοῦ
2506 699 2658 768 ἡλίου
2695 699 2752 766 ἐξ
2775 699 2944 769 αὐτῆς
2968 698 3027 752 ὃν
3057 700 3156 768 τῆς
3184 697 3279 752 τοῦ
3308 697 3462 770 ἡλίου
3496 697 3735 767 φύσεως,

2162 792 2260 860 οὐχ
2296 790 2519 860 ὕστερον
2549 786 2691 843 εἷναί
2722 808 2902 859 φαμεν
2925 793 3025 861 τῆς
3056 791 3285 861 ἡλιακῆς
3313 789 3528 859 φύσεως
3556 805 3570 819 ·
3595 788 3742 843 οὕτω

2162 880 2258 931 καὶ
2283 878 2311 930 ό
2344 878 2535 945 Λόγος,
2562 880 2655 930 καὶ
2680 880 2735 945 ἐξ
2763 878 2949 942 αὑτοῦ,
3001 881 3096 932 καὶ
3156 879 3255 949 οὐχ
3289 877 3516 950 ὕστερον
3548 878 3739 931 αὑτοῦ.

2233 972 2356 1024 Ὅτι
2385 972 2467 1034 τὸ,
2520 970 2723 1025 Πάντα
2764 971 2845 1024 δι’
2896 972 3083 1025 αὐτοῦ
3111 969 3387 1040 ἐγένετο·
3460 972 3743 1024 τουτέστιν

2161 1062 2221 1115 οὐ
2245 1064 2310 1115 τὰ
2346 1064 2579 1132 αἰσθητὰ
2602 1064 2694 1115 καὶ
2728 1062 2895 1128 ἁπτὰ,
2919 1062 3056 1117 ἀλλὰ
3087 1062 3181 1115 καὶ
3211 1061 3279 1115 τὰ
3305 1063 3495 1130 νοητά.

2233 1150 2307 1203 Οὐ
2346 1151 2450 1222 χρὴ
2480 1150 2536 1203 δὲ
2569 1154 2669 1220 τὴν
2695 1150 2906 1205 τελείαν
2934 1152 3168 1223 στιγμὴν
3190 1152 3308 1205 οὐδὲ
3335 1152 3393 1205 ἓν
3419 1153 3717 1219 ἐπιθεῖναι,

2168 1243 2308 1297 κατά
2348 1245 2473 1307 τοὺς
2507 1244 2848 1315 αίρετικούς·
2887 1242 3088 1298 ἐκεῖνοι
3123 1244 3233 1313 γὰρ
3266 1244 3435 1307 οὕτως
3464 1243 3740 1311 λέγουσιν·

2175 1335 2242 1387 ’0
2269 1333 2511 1401 γέγονεν,
2544 1336 2601 1387 ἐν
2637 1334 2785 1403 αὐτῷ
2813 1334 2925 1407 ζωὴ
2954 1329 3041 1405 ἦν’
3075 1333 3391 1406 βουλόμενοι
3421 1334 3481 1386 τὸ
3518 1334 3747 1404 Πνεῦμα

2163 1422 2227 1476 τδ
2270 1421 2446 1492 ἅγιον,
2480 1422 2686 1493 κτίσμα
2722 1423 2924 1493 λέγειν.
2956 1420 3088 1478 Εἶτα
3129 1424 3302 1477 εἰπὼν
3338 1427 3466 1493 περὶ
3513 1424 3614 1493 τῆς
3652 1425 3749 1496 δη-

2171 1514 2483 1583 μιουργίας,
2514 1514 2709 1581 ἐπάγει
2745 1515 2839 1568 καὶ
2871 1516 2999 1585 περὶ
3041 1513 3142 1583 τῆς
3177 1516 3455 1585 προνοίας.
3489 1517 3610 1571 Ἱνα
3641 1515 3750 1587 γὰρ

2177 1606 2251 1676 μὴ
2282 1606 2585 1661 ἀπιστῶσιν
2605 1607 2686 1661 ὅτι
2716 1607 2833 1671 πῶς
2864 1607 3066 1672 ἔκτισε,
3099 1609 3271 1677 λέγει’
3316 1610 3420 1663 Ἐν
3449 1608 3611 1674 αὐτῷ
3637 1610 3749 1677 ζωὴ

2171 1691 2270 1764 ἦν·
2304 1696 2583 1750 τουτέστιν
2645 1696 2726 1749 ὃτι
2752 1700 2809 1749 ιν
2837 1696 2988 1765 αὐτῷ
3030 1696 3095 1767 ζῇ
3127 1699 3329 1762 πάντα,
3357 1699 3452 1751 καὶ
3482 1698 3542 1750 ὲν
3599 1697 3751 1764 αὐτῷ

2180 1784 2494 1850 προνοεῖται
2516 1798 2532 1816 ·
2559 1782 2588 1836 ὃ
2626 1784 2718 1837 καὶ
2749 1785 2881 1855 περὶ
2912 1784 3007 1837 τοῦ
3054 1784 3287 1855 Πατρός·
3324 1786 3453 1840 Ὀτι
3491 1786 3563 1838 ἐν
3591 1784 3753 1850 αὐτῷ

2180 1870 2391 1940 ζῶμεν,
2424 1874 2520 1929 καὶ
2545 1875 2891 1943 κινούμεθα,
2916 1873 3016 1929 καί
3035 1876 3247 1945 ἐσμέν.

547 1963 709 2018 Vens.
741 1966 792 2019 4.
829 1966 970 2033 Quid
1027 1979 1158 2024 cst:
1236 1965 1358 2019 Vita
1422 1979 1536 2021 erat
1592 1965 1685 2018 (ita:
1738 1964 2064 2017 hominum?

2248 1965 2313 2017 Τί
2342 1967 2480 2029 ἐστι,
2514 1965 2625 2019 Καὶ
2654 1964 2693 2031 ὴ
2718 1965 2839 2033 ζωὴ
2873 1961 2954 2035 ἦν
2978 1966 3045 2021 τὸ
3070 1966 3199 2035 φῶς
3236 1965 3358 2020 τῶν
3384 1966 3752 2034 ἀνθίὼπωνς

474 2056 812 2125 spiritualem
834 2058 963 2111 dicit
990 2060 1161 2113 lucem
1178 2060 1416 2111 animam
1446 2059 1615 2126 ipsam
1638 2056 2057 2109 illuminantent.

546 2149 708 2204 Vens.
736 2152 789 2204 5.
810 2152 948 2217 Quid
975 2162 1058 2206 est
1081 2168 1098 2207 :
1125 2151 1236 2204 Lux
1263 2152 1316 2204 in
1341 2149 1563 2203 tenebris
1593 2150 1728 2203 lucet
1748 2145 2065 2201 ?Tenebras

473 2250 633 2297 vocat
673 2256 764 2297 aut
803 2253 1033 2299 mortem
1068 2254 1163 2298 aut
1223 2258 1490 2297 errorem.
1545 2239 1840 2311 Gregorius
1879 2246 2061 2291 autem

475 2349 703 2404 magnus
723 2337 788 2390 de
820 2351 986 2390 carne
1014 2336 1214 2391 Christi
1247 2334 1518 2404 intelligit;
1549 2332 1641 2385 alii
1680 2342 1860 2384 autem
1887 2329 2062 2383 lueem

473 2426 991 2495 dicuntdoctrinam
1021 2445 1161 2483 esse.
1191 2426 1436 2481 Tenebrw
1460 2442 1575 2480 eam
1605 2440 1708 2477 non
1727 2424 2063 2491 comprehen-

473 2519 681 2573 derunt.
729 2519 866 2587 Quia
922 2538 1098 2592 neque
1154 2538 1309 2576 error
1359 2522 1511 2576 illum
1544 2517 1844 2590 superavit,
1886 2529 2066 2583 neque

475 2627 641 2675 mors,
681 2628 855 2683 neque
889 2613 1141 2667 humana:
1173 2615 1479 2684 passiones.

552 2749 706 2805 Vens.
736 2752 788 2806 6.
824 2751 973 2818 Fuit,
1033 2769 1142 2807 nun
1214 2760 1376 2807 natus
1419 2761 1524 2814 est,
1574 2764 1697 2803 esse
1746 2748 2064 2816 simpliciter

473 2848 730 2909 ostendit;
764 2846 1147 2900 scdmissionis
1200 2846 1369 2913 ipsius
1405 2843 1625 2897 modum
1661 2839 1885 2895 indicat.

552 2937 713 2990 Vens.
749 2938 798 2991 9.
848 2937 1123 2991 illuminat
1155 2954 1357 2990 onmem
1387 2936 1674 2999 hominem,
1703 2944 1757 2987 et
1783 2920 2063 3003 quomodo

476 3028 628 3081 multi
660 3038 787 3080 sunt
818 3028 1096 3082 sincluce?
1135 3028 1354 3080 veniens
1379 3025 1523 3080 enini
1559 3024 1611 3078 in
1639 3038 1857 3078 omnem
1887 3022 2061 3076 liomio

478 3131 602 3170 nem
643 3115 840 3169 illuxit.

550 3286 725 3342 Vatis.
767 3287 848 3343 l0.
884 3285 945 3339 Et
1001 3287 1224 3340 mundus
1266 3303 1383 3340 eum
1427 3302 1528 3338 non
1585 3286 1819 3353 cognorit
1857 3301 1870 3337 :
1906 3301 2067 3337 mun-

476 3381 608 3437 dum
632 3380 704 3434 ibi
728 3379 869 3450 quod
900 3390 1158 3434 terrestre
1181 3390 1233 3434 et
1256 3378 1498 3448 ignobile
1525 3385 1609 3433 est
1630 3387 1811 3443 vocat,
1835 3385 1889 3430 et
1919 3375 2063 3444 quod

475 3474 682 3530 mundo
704 3473 964 3526 adltmret.

550 3564 712 3620 Vens.
747 3566 831 3618 ll.
863 3562 926 3617 In
946 3563 1161 3633 propria
1196 3564 1353 3629 venit,
1385 3560 1455 3617 de
1473 3558 1679 3616 Iudaeis
1704 3560 1915 3615 dictant
1954 3567 2063 3626 ost,

481 3666 742 3727 tanquam
778 3656 1052 3727 praecipuo
1074 3666 1129 3710 et
1156 3656 1361 3725 potenti
1428 3655 1645 3724 populo.
1685 3652 1857 3719 Quem
1886 3651 2065 3705 locum

478 3749 731 3819 linquens
776 3748 867 3819 qui
896 3747 1078 3802 omnia
1129 3745 1314 3815 replet,
1372 3745 1556 3799 venit?
1600 3742 1806 3797 Locum
1847 3742 2067 3813 quidem

480 3842 690 3895 nullum
736 3840 986 3902 mutavit,
1015 3839 1107 3893 sed
1150 3837 1215 3890 ad
1250 3852 1348 3891 nos
1382 3835 1763 3891 descendendo
1794 3834 1895 3887 hoc
1921 3832 2066 3888 fecit.

553 3929 719 3986 Vens.
769 3929 852 3983 1‘2.
890 3929 1047 3983 Dedit
1091 3928 1165 3982 eis
1224 3936 1532 3998 potestatem
1584 3926 1727 3994 ﬁlios
1780 3923 1874 3979 Dei
1907 3923 2069 3993 ﬁeri:

482 4024 605 4079 Non
637 4024 774 4079 dixit
813 4022 937 4075 fecit
983 4036 1102 4087 eos,
1142 4021 1232 4075 sed
1273 4020 1411 4074 dedit
1471 4020 1543 4072 eis
1602 4026 1933 4087 potestatem.
1998 4014 2067 4068 Et

489 4114 713 4171 Verbum
738 4128 863 4167 caro
899 4114 1100 4182 [aetum
1128 4121 1205 4165 est
1222 4126 1242 4174 ;
1268 4128 1374 4165 non
1400 4120 1594 4164 natura
1619 4112 1740 4177 ejus
1770 4108 1823 4162 in
1845 4122 2066 4163 carnem

484 4214 875 4269 transmutata,
921 4203 1014 4258 sed
1071 4210 1326 4255 manente
1366 4202 1511 4270 quod
1542 4208 1681 4269 erat,
1715 4208 1771 4253 et
1832 4198 2064 4253 formari

481 4299 624 4353 serti
672 4297 992 4366 accipiente.
1028 4294 1254 4350 Factum
1282 4303 1382 4358 est,
1429 4294 1631 4346 dicitur
1691 4292 2062 4357 materialiter,

482 4401 543 4444 ut
596 4392 669 4445 ita
697 4391 923 4456 dicam,‘
951 4390 1017 4444 ob
1055 4405 1150 4444 eos
1204 4389 1297 4458 qui
1344 4386 1684 4442 contendunt
1716 4398 1840 4437 eum
1901 4384 2068 4437 fuisse

483 4483 861 4534 Iantasticutn.

2172 2057 2384 2130 Νοητδν
2424 2058 2539 2128 φῶς
2565 2059 2715 2128 λέγει
2750 2060 2849 2130 τὴν
2875 2058 3052 2132 ψυχὴν
3088 2062 3324 2128 φωτίζον
3354 2064 3549 2132 αὐτὴν.

2237 2146 2301 2198 Ti
2355 2148 2524 2212 ἑστιν,
2590 2148 2674 2201 ὅτι
2727 2148 2800 2202 Τὸ
2834 2147 2962 2217 φῶς
2997 2148 3070 2203 ἐν
3118 2146 3193 2216 τῇ
3239 2151 3457 2216 σκοτίᾳ
3515 2150 3753 2220 φαίνεω

2167 2238 2395 2293 Σκοτίαν
2425 2240 2605 2309 λέγει,
2638 2240 2671 2312 ἢ
2708 2240 2798 2295 τὸν
2832 2241 3085 2307 θάνατον,
3119 2242 3152 2313 ἢ
3184 2240 3282 2312 τὴν
3322 2242 3562 2314 πλάνην.
3606 2242 3669 2297 ὐ
3688 2245 3749 2297 δὲ

2170 2332 2345 2401 μέγας
2374 2334 2706 2405 Γρηγὸριος,
2733 2334 2831 2405 τὴν
2863 2336 3004 2388 κατὰ
3045 2336 3225 2406 σάρκα
3259 2335 3352 2389 τοῦ
3396 2336 3638 2411 Χριστοῦ
3659 2335 3754 2390 λέ-

2166 2442 2272 2494 γει·
2308 2426 2458 2480 ἄλλοι
2498 2426 2670 2498 δὲτὴν
2695 2426 2920 2498 διδαχὴν
2939 2427 3163 2497 λέγουσι
3196 2427 3330 2497 φῶς.

2248 2519 2320 2572 'H
2346 2520 2561 2573 σκοτία
2586 2518 2661 2572 δὲ
2690 2520 2838 2574 αὐτὸ
2868 2522 2939 2574 οὐ
2983 2520 3333 2576 κατέλαϐεν.
3376 2521 3592 2592 Ἐπειδὴ
3624 2520 3749 2574 οὔτε

2164 2612 2198 2681 ἡ
2235 2611 2410 2681 πλάνη
2448 2612 2697 2681 ἐνίκησεν
2721 2612 2904 2679 αὐτὸν,
2936 2610 3059 2665 οὗτε
3095 2612 3344 2677 θάνατος,
3390 2611 3515 2666 οὔτε
3560 2614 3627 2665 τὰ
3656 2614 3755 2665 ἀν-

2167 2703 2413 2775 θρώπινα
2440 2704 2611 2775 πάθη.

2246 2796 2537 2867 Ἐγένετο,
2568 2798 2629 2849 οὺ
2658 2797 2717 2850 τὸ
2746 2797 3013 2867 ἐγεννήθη
3038 2796 3068 2868 ἥ
3097 2798 3155 2850 τὸ
3176 2794 3316 2852 εῖναι
3350 2798 3538 2863 ἁπλῶς
3569 2799 3747 2871 δηλοῖ,

2165 2888 2299 2941 ἀλλά
2331 2889 2432 2958 τῆς
2465 2890 2773 2959 ἀποστολῆς
2804 2890 2976 2960 αὐτῆς
2998 2891 3089 2943 τὸν
3124 2891 3322 2960 τρόπον
3348 2892 3517 2963 δηλοῖ.

2244 2976 2319 3032 Τὸ
2353 2976 2609 3047 φωτίζον
2660 2978 2857 3032 πάντα
2886 2978 3225 3047 ἄνθρωπον.
3256 2981 3365 3034 Καὶ
3397 2982 3513 3045 πῶς
3552 2980 3755 3050 ἀφώτι-

2168 3087 2284 3122 στοι
2320 3068 2538 3135 πολλοί;
2564 3070 2637 3123 Τό
2665 3086 2727 3140 γε
2761 3064 2895 3140 ἧκον
2926 3071 3007 3135 είς
3038 3071 3221 3137 αὐτὸν,
3255 3073 3432 3127 πάντα
3459 3071 3749 3143 ἐφώτισεν.

2247 3279 2356 3333 Καὶ
2382 3282 2414 3334 ὀ
2441 3281 2671 3349 κόσμος
2694 3277 2887 3333 αὐτὸν
2912 3282 3023 3334 οὐκ
3062 3281 3238 3351 ἔγνω.
3270 3282 3486 3353 Κόσμον
3516 3281 3753 3335 ἐνταῦθα

2175 3370 2237 3425 τὸ
2267 3373 2490 3441 χυδαῖον
2546 3373 2643 3424 καὶ
2688 3370 2936 3443 δημῶδες
2981 3372 3152 3441 λέγει,
3191 3374 3375 3428 καὶτὸ
3428 3374 3506 3445 τῷ
3562 3375 3755 3445 κόσμῳ

2178 3465 2633 3536 προσηλωμένον.

2252 3560 2356 3625 Εἰς
2390 3560 2463 3613 τὰ
2490 3558 2612 3612 ἴδια
2645 3554 2813 3628 ἦλθε.
2846 3558 2982 3630 Περῖ⁸
3019 3560 3129 3611 τῶν
3170 3558 3439 3612 Ἰουδαίων
3471 3558 3645 3627 λέγει,
3678 3557 3755 3622 ὡς

2180 3648 2460 3718 ὲξαιρέτου
2494 3648 2625 3703 λαοῦ
2656 3652 2750 3703 καὶ
2788 3650 3125 3721 περιουσίου.
3158 3652 3315 3704 Ποῖον
3343 3652 3505 3706 τόπον
3539 3652 3702 3721 ἀφεὶς
3724 3653 3754 3704 ό

2177 3740 2244 3792 τὰ
2282 3740 2459 3793 πάντα.
2488 3740 2714 3811 πληρῶν
2735 3736 2906 3811 ﬁliis;
2938 3725 3119 3795 Τόπον
3167 3741 3269 3811 μὲν
3294 3742 3488 3797 οὐδένα
3527 3745 3755 3815 ἧμειψε.

2178 3836 2242 3904 τῇ
2270 3833 2327 3886 δὲ
2359 3833 2494 3903 πρὸς
2520 3835 2669 3904 ἡμᾶς
2699 3833 3108 3901 συγκαταϐἁσει
3131 3834 3293 3887 τοῦτο
3322 3836 3643 3905 εἰργάσατο.

2254 3924 2512 3978 Ἔδωκεν
2532 3926 2738 3991 αὐτοῖς
2754 3926 3047 3991 ἐξουσίαν
3071 3925 3254 3980 τέκνα
3273 3927 3421 3981 Θεοῦ
3454 3927 3753 3998 γενέσθαι.

2178 4016 2293 4070 Οὐκ
2336 4014 2507 4084 εἶπεν,
2562 4018 2642 4070 ὅτι
2689 4016 2974 4087 Ἐποίησεν
3035 4018 3255 4085 αὐτοὺς,
3302 4019 3439 4084 ἀλλ’,
3495 4018 3759 4073 Ἔδωκεν

2176 4108 2383 4174 αὐτοῖς
2405 4109 2717 4174 ἐξουσίαν.
2746 4140 2817 4151 —-
2855 4110 2960 4164 Kal
2996 4112 3029 4163 ό
3070 4110 3261 4180 Λόγος
3300 4109 3460 4179 σὰρξ
3489 4109 3755 4179 ἐγένετο.

2177 4203 2252 4258 Οὐ
2280 4204 2378 4273 τῆς
2402 4202 2618 4272 φύσεως
2638 4202 2802 4256 αὐτοῦ
2837 4200 3250 4275 μεταπεσούσης
3270 4205 3350 4268 εἰς
3382 4204 3583 4274 σάρκα,
3617 4204 3758 4256 ἀλλά

2181 4297 2453 4365 μενούσης
2500 4294 2673 4362 αὐτῆς
2723 4295 2859 4365 ὅπερ
2892 4290 2980 4367 ἦν,
3028 4295 3127 4367 τὴν
3161 4295 3253 4349 τοῦ
3299 4295 3486 4350 δούλου
3538 4294 3759 4367 μορφὴν

2176 4385 2574 4458 ἀναλαϐιύσης.
2602 4387 2674 4439 Τὸ
2702 4386 2779 4449 δὲ,
2825 4386 3094 4456 Ἐγένετο
3115 4426 3130 4452 ,
3182 4386 3499 4459 πρόσκειται
3535 4389 3759 4459 παχέως

2174 4477 2318 4531 οὕτω
2353 4492 2470 4537 πως
2493 4477 2581 4530 διὰ
2613 4480 2739 4543 τοὺς
2765 4477 3016 4542 λέξοντας
3045 4478 3208 4534 αὐτὸν
3234 4481 3293 4532 ὲν
3316 4479 3611 4549 φαντασία.

552 4570 720 4626 Vens.
755 4573 841 4624 Η.
878 4572 1019 4637 Quid
1052 4580 1154 4637 est,
1185 4570 1455 4623 Habitavit
1481 4568 1535 4620 in
1558 4566 1745 4620 nobis?
1788 4564 2064 4618 Habitavit

2247 4569 2313 4622 Τί
2340 4570 2455 4621 ἐστι
2482 4568 2561 4631 τὸ,
2616 4570 3009 4639 Ἐσκήνωσεν
3039 4571 3109 4623 ἐν
3133 4571 3318 4640 mir;
3348 4572 3442 4635 Τὸ,
3480 4570 3757 4638 ἐσκήνω-

482 4682 591 4718 non
619 4665 757 4717 idem
782 4674 940 4716 sonat
982 4678 1050 4716 ac
1088 4662 1323 4725 habitat;
1356 4664 1428 4715 ita
1461 4669 1519 4714 ut
1547 4675 1614 4713 ex
1651 4658 1756 4713 hoc
1806 4665 2069 4726 sequatur

2175 4673 2311 4725 σεν,
2350 4659 2412 4712 οὐ
2442 4660 2639 4714 ταυτόν
2661 4661 2777 4715 ἐστι
2817 4660 2893 4732 τῷ
2927 4662 3253 4732 σκηνοῦντι⁶
3281 4663 3422 4716 ὥστε
3464 4664 3529 4715 ὲκ
3558 4660 3755 4714 τούτου

486 4755 631 4823 quod
696 4751 923 4805 Verbum
968 4767 1093 4803 caro
1153 4749 1354 4818 [actum
1408 4759 1504 4802 est.
1560 4746 1789 4802 Divinus
1845 4745 2064 4817 quidem

2174 4751 2339 4823 ἐλύθη
2405 4752 2500 4807 καὶ
2578 4754 2662 4818 τὸ,
2730 4753 2784 4805 Ὀ
2837 4755 3028 4823 Λόγος
3075 4754 3234 4823 σὰρξ
3269 4753 3527 4826 ἐγένετο.
3571 4753 3631 4807 Ὀ
3660 4754 3758 4825 μὲν

484 4847 765 4916 apostolus
821 4844 1023 4898 Paulus
1078 4840 1241 4898 Verbi
1296 4843 1659 4911 cognit'onem
1740 4840 1944 4894 habere
2001 4853 2064 4892 ex

2175 4846 2319 4910 θεῖος
2344 4847 2640 4911 ἀπόστολος
2674 4846 2883 4910 Παῦλος
2935 4846 3033 4916 τὴν
3072 4846 3168 4900 τοῦ
3216 4847 3390 4917 Λόγου
3436 4845 3642 4915 γνῶσιν
3692 4847 3757 4897 ἐκ

486 4945 639 5005 parte
691 4936 847 4988 dicit.
914 4933 1141 5002 Magnus
1199 4944 1381 4986 autem
1422 4930 1753 5002 evangelista
1805 4928 2064 4993 Joannes,

2179 4938 2383 5008 μέρους
2433 4940 2537 5007 ἔφη
2577 4938 2895 5008 γινώσκειν·
2936 4940 2963 4991 ό
3020 4938 3078 4992 δὲ
3143 4938 3319 5009 μέγας
3360 4936 3756 5008 εὐαγγελιστὴς

483 5028 687 5082 vidisse
729 5029 865 5081 dicit
920 5028 1134 5097 plenam
1178 5025 1403 5095 gloriam
1453 5025 1589 5092 eius,
1633 5024 1861 5094 gloriam
1918 5024 2064 5094 quasi

2188 5034 2463 5103 Ἰωάννης,
2499 5032 2787 5086 τεθεᾶσθαι
2841 5031 2990 5099 λέγει
3023 5032 3227 5099 πλήρη
3273 5031 3387 5098 τὴν
3429 5029 3620 5095 δόξαν
3650 5030 3757 5083 αὑ-

488 5120 753 5190 Unigeniti
787 5138 820 5173 a
889 5120 1073 5180 Patre,
1132 5120 1340 5186 plenum
1388 5118 1579 5187 gratim
1631 5125 1679 5169 et
1716 5117 1972 5169 veritatis.
2004 5116 2064 5169 Et

2175 5123 2303 5187 τοῦ,
2343 5122 2532 5188 δόξαν
2561 5123 2641 5189 ὡς
2694 5122 3074 5192 Μονογενοῦς
3113 5123 3271 5190 παρὰ
3304 5122 3553 5188 Πατρός,
3592 5118 3753 5184 πλή-

485 5228 757 5284 nusquain
819 5213 1037 5283 quidem
1118 5222 1345 5265 sanctus
1431 5210 1636 5264 Paulus
1704 5208 2064 5279 cOgnitioncm

2172 5236 2285 5287 ρης
2312 5218 2552 5286 χάριτος
2588 5217 2685 5269 καὶ
2715 5219 3025 5285 ἀληθείας.
3053 5218 3161 5270 Καὶ
3192 5218 3398 5286 μήποτε
3426 5217 3452 5266 ό
3484 5216 3582 5283 μὲν
3603 5216 3757 5280 ᾰγιος

484 5319 745 5376 tanquam
781 5304 873 5359 Dci
913 5303 1073 5359 Verbi
1098 5320 1160 5358 ex
1186 5316 1337 5372 parte
1402 5303 1603 5358 habere
1638 5301 1793 5366 dicit;
1853 5317 1975 5354 nam
2005 5315 2071 5354 ex

485 5396 897 5468 operationibus
959 5405 1168 5448 tantum
1229 5393 1635 5461 quodammodo
1694 5394 2067 5463 cOguoscitur.

484 5488 740 5559 Cogttitio
790 5490 935 5541 enim
981 5486 1049 5539 de
1085 5485 1175 5538 illo
1231 5486 1531 5539 secundum
1593 5484 1960 5538 subslantiam
2019 5491 2073 5537 ct

485 5594 800 5653 personam,
847 5580 1048 5647 puriter
1099 5579 1355 5631 omnibus
1404 5578 1610 5647 angelis
1658 5587 1712 5632 et
1758 5575 2074 5631 hominibus

486 5679 666 5727 exstat
705 5671 985 5724 inaccessa
1013 5680 1065 5724 ct
1090 5670 1142 5722 iu
1174 5670 1323 5722 nullo
1362 5669 1495 5723 nulli
1519 5669 1786 5723 habenda.
1843 5668 2075 5723 Sani-tus

486 5774 666 5818 autem
698 5761 941 5818 Joannes
981 5764 1289 5834 perfectum
1324 5781 1421 5836 pro
1454 5764 1772 5819 hominibus
1805 5764 2074 5816 incarna-

488 5854 651 5910 tionis
686 5853 846 5911 Vcrbi
885 5874 1189 5915 sermonem
1231 5858 1470 5925 iaciens,
1528 5858 1758 5930 gloriam
1810 5854 1971 5910 Verbi
2019 5863 2075 5909 nt

2175 5310 2387 5372 Παῦλος
2420 5309 2521 5381 τὴν
2560 5309 2635 5372 ὼς
2677 5309 2813 5361 Θεοῦ
2862 5311 3036 5376 Λόγου
3073 5308 3276 5376 γνῶσιν
3325 5307 3387 5357 ὲκ
3422 5307 3623 5377 μέρους
3652 5305 3754 5370 ἔφη

2174 5401 2489 5470 γινώσκειν.
2530 5400 2625 5453 Ἐκ
2652 5401 2760 5469 γὰρ
2791 5400 2898 5454 τῶν
2926 5397 3217 5468 ἐνεργειῶν
3263 5398 3446 5459 ποσῶς
3482 5396 3641 5466 μόνον
3670 5411 3754 5459 γι-

2174 5491 2463 5546 νώσκεται.
2495 5492 2560 5545 ’Π
2593 5492 2701 5562 γὰρ
2721 5490 2810 5544 ἐπ’
2838 5490 2986 5560 αὐτῷ
3017 5490 3134 5543 κατ’
3162 5490 3352 5544 οὐσίαν
3378 5506 3437 5541 τε
3481 5487 3579 5541 καὶ
3622 5486 3749 5539 ὑπό·

2178 5600 2371 5636 στασιν
2387 5584 2608 5651 γνῶσις,
2633 5586 2831 5655 ὁμοίως
2854 5584 3017 5636 πᾶσιν
3053 5582 3303 5649 ἀγγέλοις
3331 5599 3389 5634 τε
3424 5582 3518 5635 καὶ
3548 5578 3752 5649 ἀνθρώ-

2178 5690 2303 5736 ποις
2335 5673 2644 5742 καθέστηκε
2671 5675 2872 5737 ἄϐατος
2895 5715 2907 5735 ,
2939 5672 3062 5726 κατ’
3092 5672 3245 5725 οὐδὲν
3280 5671 3454 5724 οὐδενὶ
3490 5686 3752 5739 γινωσκο-

2181 5767 2339 5837 μένη.
2384 5767 2443 5820 ’0
2498 5766 2554 5819 δὲ
2588 5766 2746 5835 ἅγιος
2788 5765 3042 5834 Ἰωάννης
3086 5765 3292 5818 τέλειον
3336 5765 3394 5817 ὲν
3446 5762 3753 5829 ἀνθρώποις

2178 5861 2268 5914 τὸν
2298 5859 2394 5931 τῆς
2422 5859 2889 5929 ὲνανθρωπήσεως
2946 5854 3037 5910 τοῦ
3087 5856 3261 5925 Λόγου
3320 5855 3550 5926 μυηθεὶς
3573 5853 3747 5927 λόγον,
