4060 6562
305 350 485 435 ,1221

1414 350 1736 415 SCHOLIA
1771 346 2068 410 VEI‘ERA
2099 346 2181 408 IN
2213 346 2595 409 JOANNEM.

3470 351 3608 417 1222

338 465 437 535 τὴν
457 464 535 527 ὡς
569 463 749 535 σάρκα
783 465 959 533 Λόγου
993 461 1277 534 665:1qu
1309 460 1633 516 Θεάσασοαιο
1664 459 1908 523 τουτέστι

2024 456 2075 510 in
2105 472 2267 511 carne
2295 455 2499 512 vidisse
2528 457 2666 511 dixit
2696 475 2710 513 :
2745 455 2795 511 id
2837 464 2940 523 est,
2972 458 3263 523 rationem,
3295 459 3378 514 vel
3410 476 3617 548 propoj

328 560 427 614 τὸν
455 558 650 625 Λόγον,
680 558 851 628 ἧγουν
878 559 969 612 τὸν
999 556 1200 612 σκοπὸν
1227 555 1348 610 καθ’
1381 555 1440 609 ὃν
1465 556 1494 608 ὁ
1522 554 1659 618 Θεὸς
1688 551 1908 623 γέγονεν

2022 548 2189 603 situm
2220 557 2437 617 propter
2480 550 2625 619 quod
2652 548 2794 605 Deus
2830 549 2992 606 homo
3029 550 3203 607 factus
3234 562 3338 618 est,
3385 552 3603 623 plenum

337 649 646 719 ἄνθρωπος,
671 649 853 720 πλήρη
887 648 1115 719 χάριτος
1162 647 1432 701 ἐθεάσατο
1488 646 1587 700 καὶ
1626 645 1909 715 ἀληθείας.

335 742 410 794 Οὐ
442 740 552 810 γὰρ
585 740 721 794 καθὸ
750 739 873 794 κατ’
905 739 1096 793 οὐσίαν
1127 740 1259 803 Θεὸς
1310 739 1406 792 καὶ
1435 739 1513 810 τῷ
1562 737 1684 810 Θεῷ
1738 739 1916 809 Πατρὶ

334 831 625 901 όμοούσιος
656 831 686 884 ό
710 832 1023 904 Μονογενὴς
1047 833 1418 904 κεχαρίτωται
1440 848 1452 860 ’
1487 831 1623 885 ἀλλὰ
1650 831 1785 885 καθὸ
1808 831 1912 900 φύ-

336 940 420 976 σει
454 923 581 977 κη’
633 924 948 993 οἰκονομίαν
1010 924 1237 993 γέγονεν
1270 924 1582 995 ἄνθρωπος,
1639 924 1734 975 καὶ
1781 925 1915 992 ἡμῖν

335 1014 622 1085 ὁμοούσιος
688 1015 756 1069 δι’
813 1018 961 1087 ἡμᾶς
1008 1018 1382 1088 κεχαρίτωται
1426 1020 1553 1081 τοὺς
1610 1016 1914 1089 χρῄζοντας

336 1109 557 1179 χάριτος
573 1110 637 1163 ἑκ
664 1110 759 1163 τοῦ
790 1110 1157 1182 πληρώματος
1190 1112 1379 1174 αὑτοῦ,
1412 1111 1501 1165 διὰ
1532 1112 1737 1175 παντὸς
1769 1108 1911 1163 κατὰ

336 1202 520 1257 πᾶσαν
546 1202 702 1273 ἡμῶν
734 1204 1020 1275 προκοπὴν
1050 1202 1152 1275 τὴν
1178 1203 1549 1271 ἀναλογοῦσαν
1576 1201 1737 1274 χάριν
1763 1201 1909 1273 δεχό-

339 1310 517 1365 μενος.
556 1295 718 1349 Ὥστε
746 1297 775 1349 ὁ
803 1295 893 1349 τὸν
924 1295 1097 1363 Λόγον
1128 1295 1335 1349 τέλειον
1362 1297 1420 1349 ὲν
1453 1295 1607 1365 αὑτῷ
1632 1294 1909 1364 φυλάξας,

334 1385 601 1455 ἀϐέϐηλον
635 1385 728 1441 τοῦ
758 1387 827 1440 δι’
849 1390 1000 1458 ἡμᾶς
1030 1389 1407 1460 σαρκωθέντος
1436 1387 1572 1444 Θεοῦ
1610 1389 1788 1457 Λόγου
1810 1388 1911 1458 τὴν

334 1478 519 1553 πλήρη
544 1480 769 1549 χάριτος
800 1482 892 1535 καὶ
920 1481 1179 1552 ἀληθείας
1217 1482 1514 1556 κομίσηται
1537 1484 1693 1549 δόξαν
1716 1481 1811 1536 τοῦ
1840 1482 1907 1536 δι’

334 1572 480 1640 ἡμᾶς
521 1571 713 1626 ἑαυτὸν
744 1573 865 1627 καθ’
886 1575 1035 1646 ἡμᾶς
1064 1575 1409 1640 δοξάσαντος,
1442 1577 1535 1630 καὶ
1582 1578 1909 1646 άγιάσαντος

334 1662 480 1717 κατὰ
533 1663 633 1735 τὴν
690 1665 859 1719 αὐτοῦ
906 1667 1232 1737 παρουσίαν.
1270 1668 1395 1721 ὀῖ’
1438 1667 1679 1755 avg-dp,
1716 1671 1905 1740 φησὶν,

2020 641 2210 710 gratia:
2239 648 2293 694 et
2315 640 2559 696 veritatis
2585 641 2740 696 vidit.
2782 641 2901 698 Non
2923 645 3069 699 enim
3114 655 3275 715 prout
3297 642 3617 699 secundum"

2022 731 2387 786 substantiam
2439 731 2582 789 Deus
2617 746 2671 788 et
2729 733 2839 789 Deo
2906 735 3051 791 Patri
3114 738 3603 794 consubstantialis

2019 821 2349 908 Dnigenitns
2379 826 2550 894 gratia
2574 829 2811 882 donatus
2838 838 2942 893 est;
2972 830 3064 883 sed
3103 840 3264 899 prout
3287 840 3480 885 natura
3513 847 3607 900 per

2020 913 2458 968 lncarnationem
2481 913 2661 969 laetus
2689 924 2773 969 est
2813 915 2996 981 homo,
3030 926 3084 970 et
3134 918 3295 973 nobis
3361 919 3609 973 consub-

2016 1006 2309 1071 stantialie,
2338 1015 2558 1076 propter
2587 1022 2689 1063 nos
2723 1008 2899 1078 gratia
2958 1008 3195 1063 donatus
3226 1018 3311 1064 est
3375 1011 3607 1079 gratiam

2016 1095 2349 1165 accipientes
2371 1113 2436 1151 ex
2459 1098 2578 1166 ejus
2606 1098 2944 1168 plenitudine
2962 1109 3016 1154 et
3046 1099 3273 1153 omnino
3292 1100 3359 1153 ad
3386 1116 3603 1155 onmem

2015 1197 2265 1242 nostrum
2290 1188 2595 1257 proiectum
2628 1191 3099 1259 proportionatam
3126 1193 3360 1262 gratiam
3386 1190 3599 1260 recipit:

2012 1275 2086 1332 ita
2112 1286 2171 1333 ut
2193 1279 2461 1335 rationem
2496 1279 2796 1350 perfectam
2845 1284 2898 1337 in
2936 1297 3372 1347 seconservans,
3404 1292 3609 1354 myste-

2014 1369 2157 1423 rium
2195 1369 2286 1424 Dei
2324 1369 2480 1427 Verbi
2516 1383 2733 1443 propter
2760 1390 2861 1430 nos
2894 1374 3163 1429 incarnati
3206 1390 3318 1445 prae
3344 1390 3402 1430 se
3468 1376 3607 1429 lerat

2012 1460 2370 1529 plenitudinis
2410 1463 2598 1535 gratia:
2645 1475 2698 1520 et
2749 1466 2999 1520 veritatis
3059 1467 3313 1537 gloriam,
3342 1466 3462 1537 ejus
3513 1470 3608 1535 qui

2016 1562 2241 1623 propter
2272 1570 2373 1609 nos
2403 1566 2458 1609 et
2484 1558 2784 1612 secundum
2819 1573 2922 1612 nos
2962 1574 3023 1613 se
3052 1560 3228 1627 ipsum
3261 1560 3606 1629 gloritlcavit,

2014 1651 2071 1698 et
2101 1647 2469 1703 sanctiticavit
2509 1663 2605 1717 per
2652 1663 2807 1702 suam
2854 1650 3195 1717 praesentiam
3228 1666 3244 1714 ;
3300 1648 3431 1704 Cum
3468 1651 3607 1703 enim

327 1752 563 1820 ἐκεῖνος
590 1754 929 1824 φανερωθῇ,
962 1736 1151 1826 ὅμοιοι
1199 1756 1361 1824 αὑτῷ
1395 1736 1678 1827 ἑσόιῖεθα.
1711 1736 1908 1824 Δόξαν

2013 1736 2238 1798 dicitur.
2288 1740 2398 1808 ipse
2434 1738 2887 1809 manifestabitur,
2916 1742 3117 1795 similes
3139 1742 3188 1794 ei
3222 1744 3443 1796 erimus.
3476 1740 3607 1796 (νιο-

328 1850 413 1917 ὡς
454 1852 835 1921 Μονογενοῦς
886 1855 1049 1922 παρὰ
1080 1855 1330 1924 Πατρὸς,
1389 1855 1630 1924 πλήρης
1666 1856 1907 1926 χάριτος

332 1941 432 1994 και
461 1942 769 2009 ἀληθείας.
803 1943 875 1997 Te
901 1944 978 2009 δι,
1014 1945 1117 2011 ὡς,
1146 1945 1381 2000 ἐνταῦθα
1409 1932 1529 2017 auxi
1562 1947 1903 2018 παραϐολῆς,

330 2029 447 2086 ἀλλ’
477 2030 793 2102 ὁμοιώσεως
812 2050 827 2066 ο
868 2037 990 2090 ἀντὶ
1014 2036 1131 2102 τοῦ,
1162 2038 1296 2091 Οῖαν
1331 2038 1571 2109 ἔπρεπεν
1617 2039 1765 2111 ἔχειν
1812 2058 1907 2111 μο-

330 2123 527 2194 νογενῆ
555 2126 650 2179 καὶ
683 2128 909 2197 γνήσιον
933 2128 1060 2184 Υίδν
1075 2129 1226 2185 ὄντα.

415 2215 670 2289 Ἰωάννης
704 2222 979 2291 μαρτυρεῖ
1002 2223 1133 2292 περὶ
1166 2223 1356 2289 αὐτοῦ,
1381 2224 1527 2289 τίνος
1556 2224 1721 2297 χάριν
1747 2225 1906 2280 τοῦτο

329 2304 505 2374 λέγει.
551 2307 673 2360 ’Ότι
712 2310 922 2381 μεγάλη
962 2307 1031 2383 ἦν
1086 2315 1119 2383 ἡ
1153 2314 1280 2378 δόξα
1316 2315 1438 2368 τότε
1472 2314 1570 2368 τοῦ
1634 2316 1903 2383 Ἰωάννου,

329 2399 427 2450 καὶ
452 2398 706 2454 τοσοῦτον
732 2402 967 2473 μεγάλη,
1003 2404 1087 2457 ὅτι
1109 2408 1204 2459 καὶ
1238 2405 1502 2475 Ἰώσηπος
1535 2406 1624 2459 διὰ
1656 2407 1756 2476 τὴν
1777 2406 1905 2461 τού-

331 2505 425 2542 του
453 2490 714 2564 τελευτὴν
747 2493 895 2562 λέγει
923 2494 1025 2565 τὴν
1069 2495 1224 2549 πόλιν
1263 2496 1650 2566 ἀφανισθῆναι.
1686 2498 1751 2550 Τί
1787 2500 1905 2553 ἔστι

331 2579 413 2643 τὸ,
443 2581 693 2653 κέκραγε
706 2600 725 2648 ;
749 2585 862 2653 Τὴν
890 2585 1203 2659 παρρησίαν
1226 2586 1389 2641 αὐτοῦ
1415 2588 1501 2642 διὰ
1520 2588 1713 2643 τούτου
1732 2590 1902 2660 δηλοῖ.

333 2671 429 2733 Τὸ.
457 2674 841 2743 Ἐμπροσθέν
863 2695 983 2746 μου
1006 2678 1276 2748 γέγονεν,
1306 2679 1397 2733 ὅτι
1419 2680 1652 2750 πρῶτός
1662 2700 1781 2751 μου
1801 2680 1904 2754 ἦν’

330 2763 364 2816 ὁ
391 2764 583 2819 ὀπίσω
605 2784 724 2835 μου
772 2769 1118 2839 ἐρχόμενος.
1144 2772 1236 2836 Τὸ,
1272 2773 1481 2837 ὀπίσω,
1527 2775 1646 2827 ἀντὶ
1697 2775 1813 2841 τοῦ,
1849 2776 1907 2831 'U

336 2857 453 2925 μετ’
480 2858 581 2928 ἐμὲ
628 2863 935 2931 κηρύττων.
987 2864 1061 2917 Τὸ
1091 2865 1171 2930 δὲ,
1217 2864 1563 2934 ἔμπροσθέν
1587 2886 1730 2937 μου,
1762 2871 1907 2935 ἀντὶ,

332 2946 452 3015 τοῦ,
476 2949 883 3024 λαμπρότερος,
917 2955 1284 3027 ιντιμότερος.
1317 2957 1389 3011 Τὸ
1426 2958 1503 3023 δὲ,
1538 2959 1770 3027 πρῶτός
1791 2979 1911 3030 μου

2012 1828 2149 1883 riam
2193 1832 2345 1899 quasi
2402 1824 2667 1901 Uuigeniti
2701 1849 2733 1885 a
2790 1831 2994 1897 Patre,
3036 1833 3250 1902 plenum
3303 1835 3498 1905 gratia?
3557 1844 3608 1887 et

2008 1921 2292 1978 veritatis:
2324 1924 2502 1993 quasi,
2537 1925 2610 1978 ibi
2641 1939 2750 1979 non
2783 1930 3246 1993 comparationem
3283 1927 3378 1981 sed
3412 1927 3610 1981 simili-

2011 2011 2257 2067 tudinem
2318 2014 2523 2069 indicnt
2555 2030 2571 2080 ;
2602 2013 2655 2069 itl
2691 2022 2799 2078 est,
2831 2014 3059 2083 gloriam
3086 2015 3300 2083 qualem
3351 2016 3607 2071 convortit

2010 2101 2210 2159 habere
2233 2104 2572 2174 unigenitum
2612 2114 2668 2160 et
2698 2106 2975 2176 proprium
3012 2103 3226 2161 Filium.

2082 2232 2248 2292 Vens.
2280 2235 2365 2289 15.
2387 2232 2625 2290 Joatmes
2647 2236 3021 2290 testimonium
3068 2236 3316 2307 perhibet
3353 2238 3420 2291 de
3451 2238 3603 2308 ipso;

2010 2324 2172 2392 cujus
2224 2339 2389 2379 causa
2434 2324 2537 2379 hoc
2579 2324 2820 2379 dicitur?
2866 2325 3004 2391 Quia
3063 2343 3257 2396 magna
3322 2340 3439 2382 erat
3473 2338 3607 2383 tunc

2011 2413 2183 2483 gloria
2213 2414 2465 2479 Joannis,
2502 2426 2558 2471 et
2587 2427 2793 2487 quanto
2830 2419 3110 2487 majorem,
3155 2418 3300 2489 quod
3329 2418 3603 2490 Josephus

2009 2504 2145 2561 dicit
2172 2523 2268 2576 per
2296 2508 2417 2576 eius
2444 2521 2674 2563 mni-tem
2707 2511 2980 2563 civitatem
3019 2511 3371 2565 obscuratam
3412 2512 3605 2567 fuisse.

2011 2596 2151 2664 Quid
2188 2608 2270 2655 est
2308 2600 2478 2665 istud,
2522 2600 2832 2657 Clamavit?
2893 2603 3005 2659 Hoc
3054 2603 3366 2659 ostenditur
3396 2603 3516 2672 ejus
3552 2602 3605 2655 in

2012 2690 2249 2745 dicendo
2286 2691 2538 2749 libertas.
2566 2693 2671 2759 Qui
2709 2706 2830 2749 ante
2859 2713 2938 2750 me
2968 2695 3143 2765 factus
3177 2704 3275 2760 est,
3302 2696 3427 2766 quia
3456 2696 3606 2763 prior

2011 2799 2093 2837 me
2114 2796 2252 2850 erat,
2298 2795 2414 2854 post
2452 2804 2531 2840 me
2558 2800 2807 2842 venturus
2855 2801 2950 2842 est.
3007 2788 3156 2852 Post,
3206 2788 3256 2842 id
3312 2800 3392 2843 est
3430 2830 3445 2855 ,
3477 2788 3607 2844 Post

2013 2890 2100 2929 me
2139 2878 2479 2945 pradicans;
2526 2879 2660 2933 Ante
2698 2896 2800 2945 me,
2847 2880 2899 2934 id
2931 2891 3035 2947 est,
3063 2881 3323 2943 nobilior,
3357 2881 3603 2952 dignior;

2015 2964 2177 3018 Prior
2210 2984 2291 3021 me
2328 2979 2466 3031 erat,
2501 2971 2629 3039 quia
2661 2986 2766 3023 non
2798 2987 2861 3023 ex
2919 2972 3163 3040 profectu
3210 2972 3416 3042 aliquo,
3451 2972 3604 3041 prior

330 3037 431 3113 ἦν,
468 3042 588 3097 Ὀτι
621 3044 721 3098 οὐκ
747 3046 809 3098 ἐκ
863 3063 1008 3111 τινος
1054 3049 1363 3119 προκοπῆς,
1402 3051 1559 3121 φησὶ,
1594 3052 1814 3123 πρῶτόν
1839 3070 1908 3124 με

2013 3073 2101 3111 me
2124 3074 2246 3112 (um
2278 3059 2370 3124 sit,
2403 3070 2527 3131 post
2566 3078 2648 3116 me
2671 3078 2793 3117 esse
2816 3064 3039 3133 incepit,
3072 3066 3165 3119 scd
3199 3081 3416 3136 semper
3441 3065 3595 3136 prior

331 3134 459 3188 ὄντα
490 3136 665 3191 ὀπίσω
688 3138 991 3211 πεποίηκεν
1018 3136 1184 3208 εἶναι,
1216 3140 1334 3195 ἀλλ’
1370 3120 1707 3214 ἀεὶπρῶτος
1726 3120 1907 3217 ἦν’-εί

2013 3158 2150 3217 erat,
2182 3151 2398 3206 etiamsi
2431 3164 2618 3224 postea
2654 3156 2883 3210 venerit.

330 3226 425 3279 καὶ
458 3226 686 3299 ὕστερον
721 3231 1108 3302 παραγίνεται.

401 3320 467 3372 Τί
498 3322 613 3375 ἐστι
650 3322 731 3389 τὸ,
790 3323 893 3379 Ἐκ
938 3326 1045 3381 τοῦ
1088 3328 1483 3398 πληρώματος
1516 3332 1705 3387 αὐτοῦ
1736 3332 1909 3403 ἡμεῖς

328 3410 554 3479 πάντες
583 3413 917 3484 ὁλάϐομεν;
948 3418 1070 3472 Ὅτι
1113 3419 1175 3472 ού
1210 3419 1481 3491 μεθεκτὴν
1506 3421 1620 3493 ἔχει
1661 3424 1762 3495 τὴν
1806 3423 1909 3477 δω-

332 3504 484 3574 ρεὰν,
507 3505 647 3560 ἀλλὰ
665 3506 986 3579 αὑτοπηγὴν
1007 3509 1101 3563 καὶ
1128 3510 1446 3581 αὑτορίζαν,
1479 3512 1622 3565 ὥστε
1657 3511 1780 3567 ἀντὶ
1812 3512 1908 3567 τοῦ

331 3595 688 3667 ὑπερτελείου
720 3596 974 3668 βούλεται
1018 3599 1201 3669 λέγειν
1248 3601 1309 3654 τὸ
1342 3601 1518 3672 ὄνομα
1552 3603 1648 3656 τοῦ
1682 3602 1907 3674 πληρώ-

332 3702 523 3758 ματος.
552 3690 662 3744 Kal
701 3690 880 3760 χάριν
904 3692 1041 3747 ἀντὶ
1079 3694 1343 3764 χάριτος
1373 3694 1497 3749 ἀντὶ
1525 3696 1627 3766 τῆς
1646 3696 1905 3764 παλαιᾶς,

329 3777 431 3849 τὴν
463 3795 533 3834 κα
543 3780 681 3847 ινήν.

400 3871 530 3926 Ὀτι
556 3873 637 3939 τὸ,
682 3875 786 3928 Ὧν
831 3878 919 3942 είς
972 3876 1078 3932 τὸν
1119 3878 1354 3931 κόλπον
1412 3879 1520 3933 τοῦ
1562 3881 1808 3950 Πατρός,
1849 3880 1912 3935 τδ

329 3962 613 4035 ὁμοούσιον
642 3965 812 4035 δηλοῖ.

403 4054 526 4115 Ὀτι
552 4057 816 4128 τδαἜγὼ
862 4058 1031 4129 φωνὴ
1061 4058 1334 4124 ,βοῶντος
1379 4060 1451 4113 ἐν
1482 4058 1557 4127 τῇ
1589 4058 1912 4129 (immanii-

332 4164 450 4215 γειν
472 4150 633 4203 αὐτὸν
661 4151 778 4215 πῶς
813 4154 1085 4223 νοήσομεν
1115 4169 1129 4218 ;
1178 4153 1301 4205 Ἐπὶ
1333 4153 1427 4206 τὸν
1449 4155 1736 4223 προφήτην
1775 4170 1908 4206 κατ-

332 4239 557 4309 έφυγεν,
602 4242 916 4310 ἀξιόπιστον
952 4243 1110 4313 λόγον
1132 4245 1324 4299 ποιῶν’
1356 4246 1449 4298 καὶ
1476 4247 1586 4315 γὰρ
1616 4246 1645 4299 ὁ
1681 4244 1910 4307 Ἡσαΐας

328 4330 486 4385 τοῦτό
518 4350 704 4405 φησιν.

2084 3338 2251 3397 Vens.
2283 3339 2367 3394 l6.
2399 3341 2539 3407 Quid
2564 3352 2647 3399 est
2671 3361 2685 3397 :
2719 3343 2792 3398 De
2814 3345 3139 3414 plenitudine
3160 3346 3274 3415 ejus
3304 3364 3398 3401 nos
3422 3363 3601 3401 omnes

2012 3434 2352 3500 accepimus?
2388 3436 2527 3501 Quia
2556 3452 2664 3490 non
2709 3439 3171 3494 communicatam
3213 3440 3598 3495 liberalitatem

2013 3523 2197 3587 habet,
2231 3526 2324 3581 sed
2362 3528 2639 3596 propriam
2684 3529 2923 3584 radicem
2958 3540 3008 3585 et
3041 3532 3247 3586 fontem
3282 3531 3336 3586 in
3368 3549 3426 3585 se
3471 3548 3601 3601 pos-

2013 3616 2304 3679 sidentem,
2337 3618 2412 3672 ita
2462 3629 2521 3673 ut
2561 3634 2659 3689 pro
2700 3622 3209 3691 superabundantia
3236 3625 3379 3678 sumi
3411 3624 3603 3678 debeat

2011 3722 2117 3761 vox
2148 3708 2443 3777 plenitudo,
2482 3708 2550 3763 Et
2583 3712 2813 3781 gratiam
2854 3730 2950 3783 pro
2991 3715 3210 3784 gratia;
3258 3714 3311 3769 id
3344 3724 3447 3779 est,
3501 3730 3604 3785 pro

2011 3800 2206 3865 veteri,
2247 3816 2463 3856 noram.

2087 3890 2255 3948 Vens.
2302 3894 2383 3949 18.
2422 3894 2531 3963 Qui
2557 3898 2704 3951 estin
2740 3899 2859 3951 sinu
2892 3897 3094 3962 Patris,
3145 3900 3598 3954 consubstantia-

2011 3983 2117 4038 lem
2145 3984 2369 4042 indicat.

2085 4076 2248 4130 Vens.
2279 4078 2370 4131 25.
2412 4074 2521 4145 Ego
2541 4094 2637 4130 vox
2668 4078 2949 4131 clamantis
2968 4081 3021 4132 in
3060 4080 3289 4143 deserto,
3322 4086 3603 4151 quomodo

2014 4166 2240 4238 intelligi
2276 4169 2432 4222 debet
2483 4168 2625 4236 quod
2660 4168 2791 4222 dicit
2833 4168 2856 4219 ?
2892 4172 2958 4223 ad
3011 4172 3330 4240 prophetam
3366 4173 3599 4244 aufugit,

2014 4276 2176 4315 suum
2230 4260 2332 4314 [ide
2366 4258 2592 4329 dignum
2628 4274 2942 4315 sermonem
2978 4272 3034 4315 ut
3071 4262 3277 4317 iaceret
3313 4281 3324 4317 :
3362 4280 3486 4318 nam
3544 4266 3595 4319 id

2018 4349 2188 4406 Isaias
2218 4350 2372 4405 dicit.

408 4426 516 4479 ’ον
536 4426 705 4496 ὑμεῖς
736 4429 848 4482 οὐκ
886 4427 1105 4484 οἴδατε.
1150 4428 1292 4482 ’Δντὶ
1341 4429 1453 4494 τοῦ,
1497 4428 1631 4499 Περὶ
1660 4422 1721 4483 οὗ
1752 4429 1908 4498 ὑμεῖς

2092 4442 2254 4497 Vens.
2287 4441 2379 4496 ‘26.
2418 4441 2583 4507 Quem
2611 4459 2697 4496 vos
2730 4443 2990 4507 nescitis;
3027 4442 3076 4497 id
3108 4452 3211 4509 est,
3250 4443 3324 4499 Dc
3356 4461 3464 4515 quo
3500 4460 3601 4500 ros

332 4516 507 4588 ἁληθῆ
532 4517 689 4585 δόξαν
715 4520 814 4572 οὐκ
844 4520 1017 4591 ἔχετε.

407 4604 489 4664 οὗ
532 4612 643 4664 οὐκ
697 4612 815 4681 ειμι
869 4612 1039 4679 ἄξιος
1087 4612 1152 4666 τὸ
1199 4614 1481 4683 ὑπόδημα
1536 4613 1745 4668 λῦσαι.
1798 4612 1910 4683 Τὴν

333 4702 570 4773 ἐσχάτην
602 4703 881 4759 διακονίαν
912 4708 969 4758 ἐν
999 4705 1173 4777 τούτῳ
1195 4707 1369 4776 δηλοῖ.

402 4795 503 4850 Διά
525 4796 578 4850 τί
605 4798 935 4868 μνημονεύει
957 4801 1038 4853 ὅτι
1060 4800 1233 4855 ταῦτα
1256 4803 1317 4855 ὲν
1344 4800 1640 4872 Βηθαϐαρᾷ
1658 4800 1907 4869 ὲγένετος

335 4884 454 4940 Ἵνα
494 4889 569 4957 μή
594 4906 677 4951 τις
712 4889 864 4963 εἴπῃ,
907 4892 987 4945 ὅτι
1020 4894 1078 4946 ὲν
1106 4894 1301 4964 γωνίᾳ,
1330 4893 1426 4947 καὶ
1458 4894 1559 4946 οὐκ
1610 4894 1669 4945 ὲν
1715 4892 1909 4965 πλήθει

333 4981 801 5053 ἐπαρρησιάσατο.
834 4984 955 5055 Χρὴ
974 4985 1029 5039 δὲ
1051 4984 1365 5055 γινώσκειν,
1383 4988 1465 5041 ὅτι
1483 4986 1551 5041 τὰ
1574 4986 1776 5057 ἀκριϐῆ
1800 4986 1909 5039 τῶν

328 5072 697 5146 ἀντιγράφων,
724 5078 794 5131 ἐν
816 5076 1161 5147 Βηθαϐαρᾷ·
1189 5080 1221 5149 ἡ
1262 5080 1371 5150 γὰρ
1397 5078 1636 5151 Βηθανία
1661 5078 1785 5149 οὐχὶ
1810 5077 1909 5131 πέ·

332 5188 432 5241 ραν
464 5171 558 5225 τοῦ
623 5172 911 5243 Ἰορδάνου,
977 5173 1093 5226 ἀλλ’
1143 5174 1309 5243 ἐγγὺς
1356 5174 1463 5229 τῶν
1519 5174 1908 5245 Ἰεροσολύμων

330 5263 501 5318 ἐστίν.

406 5354 532 5408 Ἴδε
568 5357 601 5409 ὀ
647 5355 837 5424 ἀμνὸς
870 5355 979 5410 τοῦ
1028 5355 1197 5410 Θεοῦ.
1263 5357 1459 5428 Ἀμνὸν
1519 5358 1683 5410 αὐτὸν
1728 5356 1906 5419 καλεῖ,

329 5447 427 5516 τῆς
459 5448 801 5518 προφητείας
827 5449 1267 5519 ἀναμιμνήσκων
1289 5451 1489 5514 αὐτοὺς
1519 5450 1614 5503 τοῦ
1654 5449 1906 5517 Ἡσαΐου,

332 5538 429 5593 καὶ
459 5539 558 5608 τῆς
596 5541 752 5602 σκιᾶς
780 5540 874 5595 τοῦ
900 5540 1093 5597 τύπου.

405 5636 789 5706 Ἕμπιοσθέν
825 5654 945 5706 μου
970 5638 1236 5708 γέγονεν.
1293 5638 1441 5692 Ἀντὶ
1469 5640 1588 5705 τοῦ,
1635 5639 1911 5710 ἐντιμότε-

336 5744 445 5798 ρος·
480 5728 829 5800 ἐντιμότερος
868 5728 924 5782 δὲ
967 5729 1057 5782 διὰ
1094 5730 1156 5783 τὸ
1191 5730 1454 5800 βαπτίσαι
1504 5734 1562 5786 ὲν
1623 5730 1906 5804 Πνεύματι

332 5822 496 5893 ἁγίῳ,
528 5820 616 5877 διὰ
640 5820 704 5876 τὸ
727 5819 827 5885 τὰς
853 5820 1134 5893 ἁμαρτίας
1164 5820 1350 5877 λαϐεῖν
1385 5823 1480 5877 τοῦ
1508 5823 1735 5895 κόσμου.

2014 4550 2199 4589 veram
2238 4535 2550 4605 opinionem
2575 4552 2682 4589 non
2724 4535 2954 4589 habetis.

2088 4625 2256 4682 Vens.
2298 4626 2383 4680 27.
2428 4626 2592 4694 Cujus
2651 4644 2751 4680 non
2803 4644 2919 4681 sum
2952 4628 3144 4697 dignus
3186 4630 3596 4683 calceamentum

2012 4718 2247 4785 solrere;
2273 4720 2442 4772 imum
2480 4719 2843 4773 ministerium
2879 4720 2980 4774 hoc
3010 4721 3306 4791 signiﬁcat.

2089 4810 2246 4866 Vens.
2298 4811 2386 4865 28.
2428 4810 2540 4866 Cor
2589 4822 2777 4865 narrat
2840 4812 2955 4866 haec
3006 4828 3059 4865 tn
3112 4811 3416 4868 Bethabara
3454 4813 3596 4869 facta

2013 4900 2221 4957 fuisse?
2250 4902 2325 4957 Ne
2360 4903 2483 4972 quis
2514 4902 2656 4958 dicat
2684 4904 2834 4956 illum
2871 4903 2925 4957 in
2962 4904 3163 4973 angulo
3186 4914 3239 4959 et
3269 4920 3376 4959 non
3407 4921 3591 4960 coram

2013 4991 2360 5047 multitudine
2413 4992 2580 5046 libere
2634 4993 2871 5047 locutum
2925 5007 3070 5046 esse.
3134 4995 3358 5061 Oportet
3411 5004 3593 5049 autem

2010 5088 2152 5141 scire
2178 5094 2324 5139 recte
2346 5085 2527 5139 dicere
2543 5084 2786 5154 qua'dam
2806 5084 3162 5152 exemplaria.
3191 5086 3245 5137 in
3265 5084 3592 5153 Bethabara,

2012 5192 2138 5230 nam
2164 5175 2426 5229 Bethania
2460 5191 2568 5229 non
2627 5185 2710 5229 est
2744 5184 2895 5229 trans
2949 5172 3265 5242 Jordanem,
3314 5177 3405 5231 sed
3435 5178 3594 5247 juxta

2009 5266 2307 5323 Jerusalem
2328 5278 2436 5321 est.

2090 5360 2258 5417 νεεδ.
2290 5361 2382 5416 29.
2417 5360 2553 5415 Ecce
2588 5362 2769 5433 Agnus
2822 5360 2950 5427 Dei;
3004 5378 3205 5434 agnum
3235 5378 3358 5418 eum
3413 5375 3595 5431 vocat,

2012 5451 2314 5521 prOphetize
2354 5450 2462 5505 illis
2500 5450 2820 5507 memoriam
2875 5468 3141 5509 revocans
3177 5451 3351 5520 Isaia),
3388 5462 3442 5509 et
3470 5471 3594 5509 um-

2010 5542 2231 5597 brarum
2272 5540 2477 5612 ﬁgurae.

2088 5632 2252 5690 Vens.
2291 5635 2382 5689 '50.
2417 5636 2552 5689 Ante
2592 5653 2671 5689 me
2699 5635 2872 5704 fartus
2912 5647 3013 5700 est,
3069 5636 3121 5692 id
3168 5646 3272 5705 est,
3310 5634 3591 5701 Nobilior;

2015 5727 2254 5783 nobilior
2269 5735 2477 5792 autem,
2502 5728 2633 5797 quia
2658 5728 2959 5798 baptizabit
2979 5729 3032 5785 in
3053 5728 3256 5802 Spiritu
3287 5739 3506 5799 sancto,
3531 5733 3591 5785 ut

2017 5819 2313 5879 tollendum
2342 5830 2623 5891 peccatum
2657 5821 2868 5877 mundi.
2968 5830 2971 5831 '
