4026 6598
486 367 624 430 1223

1215 361 1603 422 OPUSCULA
1643 357 2281 420 SCRIPTURISTICA
2321 357 2666 417 IXCERT/E
2706 358 3015 418 IETATIS.

3605 356 3743 425 1224

559 473 722 528 γεω.
758 471 847 525 55.
872 470 939 524 Et
976 486 1069 539 ego
1097 470 1397 523 nesciebam
1453 486 1593 531 eum,
1624 469 1755 523 dicit
1779 487 1793 534 ;
1817 469 1945 533 quia
1975 482 2066 523 se-

2239 467 2413 536 Κάγὼ
2432 468 2543 520 οὐκ
2578 464 2750 535 ᾔδειν
2775 467 2981 531 αὑτὸν,
3001 464 3172 531 λέγει,
3205 462 3295 517 διὰ
3323 462 3385 517 τὸ
3411 461 3556 520 εἶναι
3575 468 3741 521 αὑτὸν

482 567 723 623 eundum
767 578 988 619 carnem
1020 562 1139 631 ejus
1171 570 1438 631 cognatus
1471 577 1643 617 eram.
1707 561 1918 617 Etenim
1962 576 2061 614 an-

484 660 639 730 gelus
669 656 851 711 Mariae
881 655 1056 709 dixit:
1082 652 1220 707 Ecce
1248 653 1529 707 Elizabetli
1553 663 1782 724 cognata
1825 661 1937 705 tua.
1988 649 2062 706 Ut

482 764 615 818 ergo
660 763 767 802 non
833 747 1085 802 videatur
1130 746 1301 815 gratia
1333 747 1571 800 donatus
1604 761 1727 799 esse
1756 745 1827 798 ob
1865 758 2061 813 cogna-

485 842 712 903 tionem,
740 838 912 895 dicit:
940 837 1060 891 Vidi
1088 836 1350 907 Spiritum
1383 836 1773 891 descendentem
1804 836 1859 888 in
1884 835 2059 890 illum.

483 931 569 998 Et,
602 930 771 1001 Super
791 946 945 1001 quem
971 930 1160 984 videris
1192 928 1454 999 Spiritum
1485 927 1903 981 descendentem.
1936 926 2061 979 Haec

483 1026 688 1089 omnia,
741 1023 958 1078 veritati
1015 1037 1261 1077 consona
1311 1022 1527 1091 quidem
1584 1020 1736 1085 dicit,
1775 1027 1828 1072 et
1874 1034 1969 1089 per
1995 1033 2059 1072 ea

484 1119 837 1185 conjecturas
860 1116 1073 1170 adimit.

556 1208 719 1264 Vens.
762 1210 850 1264 36.
886 1207 1203 1277 Respiciens
1230 1205 1416 1260 Jesum
1453 1205 1849 1263 ambulantem.
1890 1204 2051 1267 dixit,

485 1302 652 1366 Ecce;
685 1312 742 1354 tit
761 1301 961 1369 duplici
986 1300 1170 1360 modo,
1196 1314 1292 1368 per
1320 1296 1508 1351 oculus
1528 1309 1581 1351 et
1601 1312 1697 1365 per
1717 1312 1924 1363 vocent,
1950 1312 2057 1350 non

484 1393 776 1446 obsecutos
804 1392 1124 1443 attt'altet‘ct.

558 1483 716 1538 Vens.
750 1482 840 1536 38.
866 1482 979 1536 Cur
1025 1484 1342 1550 interrogat,
1390 1480 1534 1547 Quid
1579 1481 1841 1550 quwritis,
1875 1480 2060 1534 omnia

481 1574 708 1630 sciens?
744 1574 814 1631 Ut
840 1574 1079 1628 adducat
1107 1588 1201 1626 e0s
1226 1574 1294 1625 ad
1325 1586 1384 1626 se
1419 1587 1514 1640 per
1545 1571 2058 1641 interrogationem.

554 1665 831 1722 “£35.59.
863 1666 968 1732 Qui
999 1666 1135 1719 alias
1165 1664 1299 1718 dicit
1340 1682 1355 1719 :
1396 1662 1521 1717 Non
1563 1662 1715 1716 habet
1769 1663 1857 1714 ubi
1901 1669 2057 1729 caput

483 1759 697 1813 reclinet
728 1757 903 1811 Filius
925 1758 1174 1821 hominis,
1202 1756 1479 1825 quomodo
1530 1755 1620 1810 hic
1659 1753 1829 1809 dicit:
1883 1752 2060 1806 Venite

2164 557 2407 626 συγγενῆ
2433 556 2576 610 κατὰ
2613 556 2813 627 σάρκα.
2850 556 2960 609 Καὶ
2999 556 3108 626 γὰρ
3135 558 3163 609 ὁ
3199 553 3437 624 ἅγγελος
3470 557 3611 630 πρὸς
3642 558 3743 629 τὴν

2161 649 2413 717 Μαρίαν·
2473 647 2622 703 Ἰδοὺ
2678 647 2983 702 Ἐλισόὄδτ
3032 647 3072 715 ἡ
3104 648 3411 717 συγγενής
3442 663 3583 703 σου.
3624 650 3749 703 Ἵνα

2160 740 2253 793 οὖν
2288 741 2363 810 μὴ
2383 739 2511 809 δόξῃ
2553 737 2876 809 χαρίζεσθαι
2921 736 3010 790 διὰ
3043 736 3142 807 τὴν
3182 738 3508 806 συγγένειαν
3558 737 3745 804 τοῦτο,

2162 834 2297 903 φησὶ
2327 834 2443 897 καὶ,
2458 833 2591 886 ’Ὅτι
2616 812 2891 900 τεθέαμαι
2914 831 2982 884 τὸ
3007 829 3251 900 Πνεῦμα
3268 831 3633 885 καταόαῖνον
3653 829 3751 885 ἐπ’

2161 927 2349 980 αὐτόν
2374 940 2386 953 ·
2440 925 2557 987 καὶ,
2592 923 2712 993 Ἐφ’
2744 924 2836 992 ,ὃν
2874 924 2953 976 ἂν
2990 922 3127 991 ιδῃς
3164 924 3230 977 τὸ
3276 925 3520 993 Πνεῦμα
3566 943 3749 979 nata-

2162 1018 2388 1071 σαῖνον.
2422 1017 2463 1069 Τ
2468 1015 2608 1070 αὕτα
2645 1017 2847 1081 πάντα,
2879 1016 3161 1086 ἀληθεύων
3197 1018 3295 1085 μὲν
3333 1017 3507 1084 λέγει,
3549 1019 3651 1089 τὴν
3685 1018 3745 1071 δὲ

2162 1108 2415 1161 ὑπόνοιαν
2446 1108 2684 1178 ἀναιρεῖ.

2234 1199 2358 1253 Ὅτι
2408 1199 2689 1269 ἐμϐλέψας
2730 1200 2810 1271 τῷ
2869 1200 3047 1272 Ἰησοῦ
3106 1201 3507 1272 περιπατοῦντι
3556 1202 3742 1271 λέγει·

2166 1291 2280 1347 Ἴδε
2299 1308 2313 1324 ο
2343 1293 2429 1346 ἵνα
2458 1292 2652 1356 διττῶς
2680 1295 2775 1345 καὶ
2801 1293 2888 1346 διὰ
2917 1294 3027 1345 τῶν
3055 1294 3371 1366 ὀφθαλμῶν,
3404 1297 3498 1348 καὶ
3522 1295 3611 1349 διὰ
3644 1296 3747 1366 τῆς

2163 1384 2349 1455 φωνῆς
2378 1386 2503 1447 τοὺς
2532 1386 2607 1456 μὴ
2642 1388 3092 1458 προσεσχηκότας
3120 1389 3433 1459 ἑλκύσηται.

2231 1476 2329 1530 Διὰ
2358 1477 2410 1528 τί
2432 1478 2629 1548 ἐρωτᾷ,
2664 1479 2723 1532 Τί
2747 1479 2990 1545 dedere;
3018 1482 3046 1533 ὁ
3078 1482 3253 1533 πάντα
3286 1481 3603 1548 γινώσκωνς
3629 1484 3747 1536 Ἵνα

2162 1567 2530 1638 ἐφελκύσηται
2572 1569 2771 1630 αὐτοὺς
2794 1569 2880 1622 διὰ
2909 1570 3005 1637 τῆς
3042 1571 3387 1639 ἐρωτήσῖως.

2238 1663 2335 1725 ’ος
2365 1660 2603 1730 ἀλλαχοῦ
2634 1661 2803 1730 λέγει,
2828 1663 2908 1715 ὅτι
2965 1665 3088 1716 Οὐκ
3123 1664 3249 1732 ἔχει
3283 1664 3399 1717 ποῦ
3426 1663 3543 1730 τὴν
3562 1679 3749 1732 κεφα-

2162 1755 2286 1823 λὴν
2311 1754 2511 1808 κλῖναι
2534 1758 2566 1808 ὀ
2606 1756 2737 1820 Υἱὸς
2767 1756 2871 1809 τοῦ
2920 1755 3260 1823 ἀνθρώπου.
3292 1757 3409 1819 πῶς
3434 1750 3539 1810 ὧδε
3564 1756 3743 1823 λέγει’

480 1862 533 1905 et
550 1852 760 1905 videte?
802 1850 920 1905 Non
968 1851 1077 1904 illic
1114 1852 1169 1902 in
1204 1850 1368 1904 domo
1393 1863 1503 1902 non
1535 1862 1757 1901 manere
1780 1847 1937 1908 dixit,
1966 1847 2059 1899 sed

2174 1818 2463 1912 Ἔρχεσθε
2494 1846 2590 1897 καὶ
2622 1818 2811 1910 were;
2839 1848 2913 1898 Οὐ
2954 1818 3120 1916 τδϋμὴ
3153 1848 3339 1916 μένειν
3362 1818 3419 1898 ὲν
3453 1848 3602 1918 οἰκίᾳ
3630 1818 3746 1899 ἐλε-

486 1960 593 1998 non
619 1945 900 2014 possidere
936 1945 1156 1996 domum
1191 1956 1292 1995 nec
1329 1941 1721 1995 habitationem
1753 1938 2056 2009 propriam.

482 2036 619 2098 (iur,
677 2050 804 2089 eum
853 2034 920 2088 ad
977 2033 1129 2087 illum
1180 2032 1461 2087 venissent
1511 2030 1737 2085 Joannis
1790 2030 2062 2099 discipuli,

482 2127 816 2195 evangelista
835 2125 1044 2179 notarit
1062 2124 1291 2178 dicendo
1316 2141 1329 2175 :
1353 2121 1505 2175 Hora
1525 2131 1638 2175 erat
1655 2121 1807 2185 quasi
1827 2121 2065 2175 decima?

487 2218 555 2276 Ut
585 2218 803 2273 illorum
836 2219 1087 2272 ardorem
1110 2232 1208 2287 per
1246 2217 1439 2269 horam
1474 2214 1807 2270 ostenderet.

552 2396 721 2453 Vens.
752 2398 841 2453 41.
878 2396 988 2452 Cur
1010 2396 1239 2451 alterius
1267 2411 1373 2449 non
1418 2394 1681 2449 indicavit
1712 2408 1936 2459 nomen,
1970 2393 2063 2449 sed

481 2500 697 2547 tantum
737 2490 966 2546 Andreae
1013 2489 1256 2544 nomen?
1280 2488 1418 2553 Quia
1442 2487 1559 2558 ipse
1589 2487 1680 2557 qui
1711 2487 1901 2543 scribit
1924 2496 2060 2541 erat.

555 2667 726 2731 Vens.
761 2674 849 2730 42.
895 2672 1008 2728 Cur
1066 2671 1246 2751 dicit:
1294 2670 1371 2724 Tu
1423 2671 1689 2725 vocaberis
1743 2669 1967 2740 Ceplias,
2011 2678 2066 2725 et

485 2782 618 2832 non,
654 2770 768 2838 Ego
803 2778 853 2821 te
876 2766 1119 2819 vocabo?
1150 2765 1287 2829 Quia
1321 2775 1450 2819 tunc
1488 2764 1695 2818 initium
1723 2764 1861 2829 erat,
1888 2773 1941 2817 et
1972 2778 2066 2818 no-

484 2861 628 2915 lebat
662 2858 1047 2913 auctoritatem
1086 2872 1245 2911 suam
1280 2856 1545 2909 revelare.

553 2947 731 3002 Vatis.
767 2948 857 3004 48.
905 2946 1046 3012 Quid
1105 2945 1379 3015 significat
1428 2945 1608 2999 illud:
1646 2943 1971 3014 Priusquam
2019 2962 2065 2999 ie

483 3038 764 3111 Philippus
812 3053 1043 3104 voearet,
1103 3058 1218 3095 cum
1249 3058 1385 3095 esses
1434 3041 1527 3093 sub
1559 3042 1685 3109 ﬁcu,
1713 3042 1821 3094 vidi
1864 3042 1959 3095 te?
1986 3042 2062 3096 Ea

485 3131 674 3184 eadem
715 3132 849 3185 hora
902 3147 1028 3185 cum
1065 3131 1168 3185 sub
1192 3131 1294 3186 ﬁcu
1332 3146 1492 3184 nemo
1526 3134 1760 3196 adesset,
1786 3131 2064 3202 Philippus
2090 3157 2137 3222 ο

484 3224 639 3279 solus
664 3223 963 3278 Nathanael
996 3239 1244 3279 seorsum
1271 3223 1337 3278 de
1357 3224 1576 3278 Christo
1610 3225 1952 3295 loquebatur.

556 3408 721 3464 VERS.
751 3409 845 3464 ιο.
864 3408 1151 3475 Quomodo
1172 3410 1320 3474 dicit,
1349 3410 1516 3465 ltabbi
1537 3410 1559 3463 ?
1580 3410 1652 3464 Tu
1673 3428 1726 3465 es
1746 3410 1918 3465 Filius
1947 3413 2064 3477 Dei,

484 3510 544 3556 tu
567 3518 621 3556 es
655 3500 764 3554 Rea?
786 3498 1000 3554 Israel?
1034 3499 1228 3554 Filium
1258 3501 1349 3553 Dei
1381 3517 1510 3567 non,
1535 3512 1592 3555 ut
1628 3501 1823 3557 Petrus
1854 3514 2064 3571 postea,

483 3602 682 3648 natura
716 3593 869 3658 dicit,
910 3593 1007 3647 sed
1059 3605 1116 3647 ut
1156 3593 1209 3646 in
1266 3596 1466 3648 virtute
1500 3608 1585 3647 est
1631 3604 1685 3649 et
1729 3606 1919 3665 postea
1967 3597 2054 3648 ha-

483 3684 666 3741 betur.

558 3776 724 3833 Vens.
754 3777 841 3833 5|.
876 3777 990 3832 Cur
1018 3777 1147 3831 dicit
1193 3777 1447 3833 Ghristus
1485 3796 1497 3830 :
1533 3782 1697 3833 Amen
1747 3781 1863 3833 dico
1901 3781 2065 3846 vobis,

2166 1954 2262 2004 γεν
2293 1938 2431 1997 ἐκεῖ,
2494 1935 2632 1989 ἀλλὰ
2669 1938 2728 1990 τὸ
2766 1939 2841 2006 μὴ
2870 1938 3127 2008 εὐπορεῖν
3171 1938 3349 1990 οὶκίαν
3380 1939 3475 1991 καὶ
3528 1938 3747 2009 σκέπην

2170 2028 2329 2080 ἰδίαν.
2359 2025 2460 2079 Διὰ
2485 2028 2538 2079 τί
2563 2027 2652 2080 ὅτε
2670 2023 2836 2099 ἦλθον
2862 2028 2999 2098 πρὸς
3019 2029 3182 2081 αὑτὸν
3212 2030 3261 2081 οἱ
3286 2029 3530 2097 μαθηταὶ
3566 2030 3750 2083 Ἰωάν-

2167 2138 2277 2183 νου,
2296 2123 2323 2174 ὁ
2344 2120 2737 2190 εὐαγγελιστὴς
2771 2122 3162 2191 ἐπεσημήνατο
3189 2122 3380 2189 λέγων·
3410 2124 3554 2189 Ὥρα
3568 2119 3649 2191 ἦν
3668 2124 3749 2188 ὠς

2165 2213 2423 2281 δεκάτῃ,
2460 2214 2576 2266 ’Ὶνα
2608 2215 2707 2285 τὴν
2743 2214 2982 2284 σπουδὴν
3013 2214 3191 2269 αὐτῶν
3218 2216 3285 2268 ὲκ
3319 2216 3414 2285 τῆς
3440 2215 3594 2285 ὥρας
3623 2218 3747 2267 ἐπι-

2164 2305 2424 2377 δείξηται.

2236 2398 2336 2450 Διὰ
2367 2398 2419 2451 τί
2447 2397 2509 2450 τὸ
2532 2398 2630 2452 τοῦ
2665 2399 2855 2468 ἑτέρου
2896 2399 2998 2453 οὐκ
3046 2399 3346 2471 ἐγνώρισεν
3387 2403 3579 2472 ὄνομα,
3610 2402 3748 2455 ἀλλὰ

2165 2489 2229 2541 τὸ
2258 2487 2353 2541 τοῦ
2397 2487 2652 2559 Ἀνδρέου
2700 2490 2898 2559 μόνον;
2943 2490 3042 2543 Διὰ
3076 2493 3136 2543 τὸ
3167 2491 3331 2544 αὑτὸν
3362 2489 3504 2546 εἶναι
3533 2492 3625 2545 τὸν
3657 2493 3749 2544 λὲη

2166 2597 2351 2648 γοντα.

2237 2674 2336 2726 Διὰ
2365 2672 2416 2725 τί
2441 2672 2621 2741 λέγει·
2654 2672 2737 2727 Σὺ
2767 2675 3054 2743 κληθήσῃ
3083 2676 3312 2744 Κηφᾶς,
3351 2679 3445 2732 καὶ
3468 2680 3551 2732 δτι
3599 2679 3744 2748 οὐχὶ,

2180 2764 2321 2833 Ἐγώ
2360 2780 2420 2815 σε
2445 2763 2693 2831 καλέσω;
2725 2765 2848 2819 Ὅτι
2876 2768 3013 2828 τέως
3046 2768 3190 2838 ἀρχὴ
3219 2763 3308 2837 ἦν,
3337 2772 3430 2822 καὶ
3453 2771 3551 2823 οὐκ
3582 2771 3741 2825 €605-

2167 2851 2288 2906 λετο
2309 2852 2406 2921 τὴν
2430 2852 2717 2906 αὑϐεντίαν
2738 2852 2932 2917 δεῖξαι.

2239 2946 2303 2999 Ti
2330 2947 2588 3016 σημαίνει
2611 2946 2693 3011 τὸ,
2720 2946 2838 3013 Πρὸ
2866 2947 2971 3000 τοῦ
3003 2963 3079 3001 σε
3117 2950 3421 3004 Φίλιππον
3465 2952 3746 3021 φωνῆσαι

2166 3042 2313 3095 ὄντα
2340 3041 2454 3094 ὑπὸ
2477 3040 2592 3107 τὴν
2612 3040 2820 3104 συκῆν
2859 3037 3028 3094 εἶδόν
3061 3058 3170 3105 σε;
3204 3042 3277 3095 Τὸ
3306 3044 3429 3096 κατ’
3453 3046 3628 3114 αὐτὴν
3649 3047 3747 3114 τὴν

2170 3130 2321 3200 ὥραν
2354 3132 2443 3183 ὅτε
2476 3132 2535 3184 ὲν
2565 3134 2632 3201 τῇ
2668 3133 2806 3201 συκῇ
2844 3131 3059 3194 οὐδενὸς
3087 3132 3372 3202 παρόντος.
3404 3136 3566 3203 μόνος
3597 3138 3627 3188 ὁ
3657 3138 3750 3188 Φί-

2170 3222 2369 3285 λιππος
2393 3220 2472 3291 τῷ
2518 3220 2814 3291 Ναθαναὴλ
2870 3219 2991 3274 κατ’
3023 3221 3161 3274 ἰδίαν
3217 3224 3345 3295 περὶ
3380 3223 3625 3293 Χριστοῦ
3668 3227 3747 3278 δι-

2166 3322 2406 3389 ελὲγετο.

2242 3414 2365 3476 [Ιῶς
2393 3408 2546 3465 εἶπεν
2562 3410 2713 3482 αὐτῷ
2737 3412 2937 3466 Ῥαὸιῖιῖ
2961 3453 2975 3476 ,
3001 3411 3083 3465 σὺ
3114 3407 3172 3465 εἶ
3202 3415 3233 3466 ὁ
3274 3413 3406 3479 Υἱὸς
3436 3414 3543 3467 τοῦ
3574 3416 3746 3477 Θεοῦ,

2165 3507 2248 3561 σὺ
2269 3503 2331 3560 εἴ
2353 3512 2387 3562 ὀ
2412 3507 2715 3572 ,ϐασιλεὺς
2742 3506 2849 3560 τοῦ
2894 3507 3182 3573 ἰσραήλ;
3214 3507 3342 3560 Υιδν
3375 3507 3509 3560 Θεοῦ
3540 3509 3640 3577 οὐχ
3672 3510 3747 3571 ὡς

2168 3599 2195 3649 ὁ
2224 3597 2427 3665 Πέτρος
2460 3597 2687 3667 ὕστερον
2714 3596 2895 3665 φύσει,
2928 3597 3043 3649 ἀλλ’
3073 3597 3148 3660 ὡς
3184 3599 3239 3650 ἐν
3273 3598 3442 3668 ἀρετῇ
3485 3600 3618 3652 δντα
3653 3601 3746 3653 καὶ

2170 3687 2396 3759 ὕστερον
2430 3687 2902 3759 προσδοκώμενον.

2240 3779 2339 3830 Διὰ
2364 3778 2415 3830 τί
2439 3773 2591 3831 εἷπεν
2621 3780 2648 3831 ὁ
2679 3780 2948 3849 Χριστόςσ
2997 3781 3227 3849 Ἀπάρτι
3261 3781 3487 3849 ὄψεσθε
3510 3780 3617 3834 τὸν
3648 3783 3745 3835 oi;-

484 3869 726 3924 oidebitis
773 3870 961 3923 caelum
994 3880 1256 3939 apertum,
1281 3872 1405 3927 etc?
1436 3872 1480 3925 A
1520 3884 1660 3927 terra
1692 3888 1751 3927 se
1784 3873 2066 3942 paululum

2174 3870 2355 3935 ρανὸν
2374 3870 2699 3938 ἀνεῳγότα,
2727 3873 2821 3924 καὶ
2846 3871 2914 3924 τὰ
2938 3872 3065 3942 ἑξῆς
3091 3889 3105 3937 ;
3146 3874 3279 3925 Ἀπὸ
3312 3872 3413 3942 τῆς
3439 3874 3544 3943 γῆς
3576 3874 3740 3926 αὑτὸν

485 3961 726 4025 elevans,
785 3962 913 4031 quia
965 3960 1107 4015 Deus
1160 3973 1275 4029 est;
1327 3964 1678 4018 Ascendentes
1743 3965 1970 4029 indicat,
2014 3966 2067 4020 iii

485 4065 670 4117 cruce,
699 4053 753 4107 in
779 4053 1125 4118 ascensione,
1164 4056 1220 4108 in
1247 4056 1526 4125 sepultura
1559 4066 1612 4111 et
1641 4056 1694 4111 in
1722 4056 2066 4127 baptismate.

1120 4271 1352 4331 CAPUT
1374 4272 1438 4328 ll.

572 4413 735 4471 VBRS.
768 4418 820 4471 4.
851 4417 992 4484 Quid
1024 4417 1151 4471 milii
1188 4428 1237 4471 et
1287 4417 1382 4471 tibi
1414 4427 1517 4483 est,
1544 4415 1773 4469 mulier?
1829 4416 2067 4469 nondum

2172 3960 2594 4053 xataopifpi'iw,
2614 3962 2696 4015 ὃτι
2727 3963 2860 4025 Θεός
2890 3964 3030 4019 ἐστι.
3064 3952 3137 4017 Τὸ
3170 3964 3248 4027 δὲ,
3284 3966 3743 4032 ἀναϐαίνοντας,

2170 4054 2339 4124 δηλοῖ,
2378 4056 2471 4107 ἐπὶ
2514 4055 2609 4107 τοῦ
2644 4055 2878 4125 σταυροῦ
2911 4058 3003 4109 καὶ
3034 4058 3131 4125 τῆς
3173 4056 3492 4129 ἀναλήψεως
3535 4060 3743 4112 καὶτοῦ

2170 4147 2342 4215 τάφου
2372 4146 2579 4200 καὶτοῦ
2614 4147 2856 4217 ἱδρῶτος.

2766 4277 3018 4331 ΚΕΦΛΛ.
3076 4277 3130 4329 B'
3142 4317 3156 4331 .

2245 4420 2317 4471 Τὸ
2347 4420 2423 4482 δὲ,
2460 4420 2521 4473 Τί
2548 4420 2678 4487 ἐμοὶ
2705 4420 2801 4474 καὶ
2829 4424 2952 4487 σοι,
2974 4424 3146 4491 γύναι
3169 4440 3187 4486 ;
3215 4424 3379 4477 οὔπω
3405 4424 3541 4493 ἣκει
3566 4428 3603 4494 ἡ
3629 4425 3741 4494 ὢριι

490 4508 624 4562 venit
652 4508 780 4561 liora
812 4525 946 4562 mea.
982 4509 1275 4577 Propterea
1310 4510 1381 4562 ita
1414 4507 1682 4577 loquitur,
1714 4516 1771 4559 ut
1800 4520 1910 4558 non
1945 4521 2067 4560 sus-

2174 4526 2309 4577 μου,
2330 4508 2521 4561 τούτου
2549 4511 2710 4565 ἕνεκα
2740 4512 2945 4579 ἔλεγεν,
2971 4513 3110 4566 ὥστε
3146 4515 3219 4585 μὴ
3253 4515 3666 4587 ὑποπτευθῆναι
3687 4519 3743 4570 τὸ

495 4599 639 4668 pieio
696 4597 959 4651 habeatur
1006 4599 1070 4651 de
1136 4597 1279 4651 facto
1336 4597 1603 4650 miraculo
1660 4614 1672 4649 :
1720 4595 1918 4649 etenim
1961 4611 2069 4648 non

491 4689 773 4759 oportebat
798 4705 827 4741 a
859 4698 1031 4741 matre
1050 4689 1251 4757 expeti,
1284 4690 1377 4741 sed
1399 4687 1466 4739 ab
1498 4684 1761 4738 invitatis.
1789 4683 1931 4749 Quid
1955 4696 2070 4739 est:

495 4776 747 4830 Nondum
775 4777 911 4829 venit
962 4778 1093 4828 liora
1122 4777 1277 4829 mea?
1305 4773 1421 4829 Non
1463 4775 1724 4827 horarum
1765 4774 2071 4829 necessitati

493 4868 800 4934 subjectus,
839 4881 1015 4935 neque
1063 4866 1321 4920 horarum
1382 4866 1707 4921 observator
1739 4877 1822 4922 est
1874 4878 2075 4940 tempo-

494 4971 620 5012 rum
654 4955 913 5021 Creator;
948 4956 1041 5011 sed
1070 4954 1215 5023 quod
1268 4954 1452 5007 omnia
1496 4953 1550 5007 in
1583 4964 1825 5025 tempore
1875 4970 2073 5009 conre-

496 5051 706 5105 nienier
735 5058 993 5120 operatur
1033 5065 1046 5101 :
1082 5062 1207 5101 cum
1238 5045 1496 5116 discipuli
1526 5048 1768 5103 nonduin
1805 5048 2072 5115 viderant,

496 5159 673 5213 neque
698 5144 895 5213 aliquis
930 5142 1234 5195 amicorum
1267 5139 1334 5194 ad
1370 5139 1423 5194 id
1456 5142 1705 5196 hortatus
1734 5140 1929 5208 fuerat,
1964 5158 2071 5196 non

495 5245 611 5289 erat
666 5234 735 5287 ob
770 5232 1032 5287 miracula
1067 5242 1265 5301 notus;
1304 5231 1424 5287 ideo
1452 5232 1605 5300 dicit,
1648 5231 1902 5289 Nondum
1938 5234 2073 5289 venit

497 5324 630 5378 liora
660 5339 801 5379 mea.

562 5416 731 5472 Vatis.
765 5417 818 5471 5.
848 5415 986 5471 Dicit
1010 5426 1186 5472 mater
1211 5416 1331 5486 ejus
1360 5417 1627 5473 ministris
1665 5436 1678 5473 :
1715 5419 2075 5491 Quodcunque

498 5509 693 5563 dixerit
732 5510 896 5577 vobis,
932 5511 1111 5578 facite.
1142 5510 1361 5565 Sciebat
1385 5511 1529 5565 enim
1559 5512 1834 5582 repulsam
1865 5532 1973 5570 non
2008 5534 2074 5571 ex

499 5600 778 5653 debilitate
802 5614 943 5662 esse.
978 5602 1071 5655 sed
1104 5602 1249 5671 quod
1275 5602 1393 5673 ipse
1432 5618 1541 5657 non
1578 5604 1791 5659 volebat
1814 5607 1867 5661 in
1907 5609 2076 5663 mira-

498 5689 620 5745 cula
648 5690 864 5747 irruens
878 5692 1070 5748 videri.

572 5778 738 5838 Vens.
772 5782 824 5840 6.
855 5781 1330 5860 Non'simpliciter
1360 5787 1497 5845 dicit
1534 5808 1547 5844 :
1590 5788 1889 5847 Secundum
1922 5796 2071 5851 puri-

2175 4601 2460 4671 γινόμενον
2518 4603 2726 4674 Θαῦμα.
2783 4606 2892 4659 Καὶ
2946 4608 3055 4677 γὰρ
3086 4608 3146 4659 οὑ
3186 4611 3336 4679 παρὰ
3386 4609 3483 4679 τῆς
3542 4610 3744 4681 {aq-:96;

2176 4694 2606 4764 παρακληθῆναι
2639 4697 2830 4767 ἐχρῆν,
2872 4697 2988 4750 ἀλλ’
3021 4698 3127 4752 ὑπὸ
3160 4700 3269 4751 τῶν
3302 4700 3637 4770 κληίέντων.
3681 4704 3742 4754 Ti

2174 4787 2288 4839 ἐστι
2317 4785 2399 4851 τὸ,
2422 4788 2597 4840 Οὔπω
2632 4787 2765 4855 ἣκει
2794 4789 2831 4855 ἡ
2862 4787 2983 4857 ὥρα
3006 4809 3126 4860 μου
3149 4809 3167 4856 ;
3204 4794 3317 4845 Οὐκ
3351 4793 3567 4864 ἀνάγκῃ
3592 4795 3743 4865 ὡρῶν

2175 4876 2559 4948 ὑποκείμενος,
2600 4880 2720 4932 οὐδὲ
2747 4880 2897 4951 ὥρας
2941 4884 3433 4955 παρατηρούμενος
3471 4888 3501 4938 δ
3544 4889 3742 4957 χρόνων

2174 4969 2540 5039 Δημιουργός’
2574 4969 2689 5021 ἀλλ’
2718 4972 2799 5023 ὅτι
2826 4972 3004 5026 πάντα
3030 4976 3170 5042 μετὰ
3204 4975 3399 5045 καιροῦ
3448 4982 3743 5049 προσηκόν-

2174 5077 2283 5123 τως
2337 5060 2660 5131 ἐργάζεταιο
2698 5064 2820 5115 ἐπεὶ
2876 5066 2927 5117 οἱ
2982 5066 3219 5135 μαθηταὶ
3262 5069 3474 5123 οὐδέπω
3530 5072 3741 5141 ᾔδεσαν

2175 5151 2297 5205 οὐδέ
2332 5168 2413 5214 τις
2440 5152 2546 5203 τῶν
2575 5152 2745 5221 φίλων
2771 5157 3075 5225 παρεκάλει
3115 5162 3194 5223 εἰς
3218 5160 3403 5223 τοῦτο,
3433 5163 3555 5215 οὐδὲ
3592 5164 3744 5233 δῆλος

2175 5240 2243 5313 ἦν
2275 5243 2411 5314 πρὸς
2452 5243 2740 5314 θαύματαο
2780 5246 2868 5301 διὰ
2906 5249 3065 5304 τοῦτο
3100 5251 3280 5321 λέγει’
3345 5255 3519 5308 Οὔπω
3556 5256 3682 5323 ἥκει
3709 5258 3743 5323 ἡ

2175 5334 2297 5405 ὥρα
2316 5354 2457 5405 μου.

2249 5428 2375 5481 ’Ότι
2408 5431 2519 5492 τοῖς
2548 5429 2821 5496 διακόνοις
2866 5428 3020 5488 εἶπεν
3051 5436 3084 5505 ἡ
3128 5437 3313 5508 μήτηρ
3341 5437 3508 5491 αὐτοῦ
3532 5455 3550 5471 ο
3581 5440 3652 5492 Ὅ
3693 5457 3743 5493 τι

2176 5518 2253 5573 ἂν
2294 5518 2444 5588 λέγῃ
2475 5521 2640 5590 ὑμῖν,
2668 5524 2981 5590 ποιήσατε.
3018 5527 3172 5598 ᾜδει
3204 5529 3314 5599 γὰρ
3341 5530 3423 5582 ὅτι
3452 5529 3553 5584 οὐκ
3591 5531 3744 5584 ἀσθε-

2177 5610 2325 5674 νείας
2352 5606 2421 5682 ἦν
2456 5615 2487 5683 ἡ
2520 5615 2876 5686 παραίτησις,
2913 5618 3049 5673 ἀλλὰ
3086 5621 3180 5673 τοῦ
3211 5623 3290 5692 μὴ
3346 5620 3494 5688 δόξαι
3537 5624 3746 5696 ἐπιρρε-

2176 5720 2331 5757 πτειν
2357 5705 2519 5758 αὐτὸν
2546 5706 2657 5771 τοῖς
2686 5706 2978 5779 θαύμασιν.

2248 5797 2360 5867 Οὐχ
2392 5798 2578 5862 ἁπλῶς
2606 5798 2662 5852 δὲ
2692 5796 2866 5864 εἶπεν.
2899 5803 3057 5858 Κατὰ
3092 5802 3199 5859 τὸν
3227 5806 3601 5875 καθαρισμὸν
3636 5806 3749 5861 τῶν
