4026 6564
258 399 398 467 1225

1307 394 1630 461 SCHOLIA
1665 394 1967 461 VETERA
2004 395 2084 456 IN
2126 393 2501 459 JOANNEM.

3397 391 3415 454 l
3428 393 3533 455 2’26

268 516 617 574 Ἰουδαίων·
660 514 775 569 ἀλλ’
822 515 910 569 ἵνα
947 515 1023 586 μή
1066 531 1208 577 τινες
1256 515 1368 569 τῶν
1429 516 1675 568 ἀπίστων
1715 516 1840 567 ὑπο-

1954 512 2256 580 ﬁcationem
2291 510 2627 576 Judwoium,
2654 511 2747 567 sed
2780 528 2848 566 ne
2888 511 3110 581 quidam
3171 525 3237 565 ex
3282 512 3538 565 incredu-

253 609 565 663 πτεύσωσιν
616 607 700 660 ὅτι
757 606 989 678 τρυγίας
1023 624 1107 670 τις
1148 606 1535 677 ὲναπομείνας,
1576 602 1694 659 εἶτα
1744 606 1838 659 τοῦ

254 704 449 765 ὓδατος
470 699 860 771 ἐπιϐληθέντος
884 700 977 752 καὶ
1004 701 1322 772 κραθέντος,
1349 697 1489 763 οἶνος
1513 699 1841 762 λεπτότατος

253 798 470 865 γέγονε,
506 794 781 847 δείκνυσιν
810 794 894 848 ὅτι
925 794 1188 848 οὐδέποτε
1223 796 1410 848 ὲκεῑνα
1442 794 1666 863 γέγονεν
1695 793 1840 846 οἴνου

252 889 471 957 δοχεῖα⁶
510 884 701 957 ἐπειδὴ
754 884 865 956 γὰρ
914 885 1144 957 ἄνυδρός
1187 888 1337 940 ἐστιν
1387 888 1420 957 ἡ
1478 886 1839 955 Παλαιστίνη,

254 980 348 1030 καὶ
387 978 490 1031 οὑκ
539 973 607 1047 ἦν
645 977 916 1048 πολλαχοῦ
971 980 1178 1051 κρήνας
1211 981 1521 1051 εὑρίσκειν,
1566 973 1841 1050 ἐπλήρουν

260 1070 350 1122 ἀεὶ
398 1069 497 1131 τάς
528 1069 719 1139 ὑδρίας
769 1069 984 1134 ὓδατος,
1019 1069 1161 1124 ὥστε
1200 1072 1275 1142 μὴ
1313 1073 1529 1142 τρέχειν
1559 1073 1637 1135 είς
1679 1089 1844 1124 ποτα-

258 1160 423 1229 μοὺς,
458 1161 509 1212 εἰ
563 1160 801 1229 γένοιντο
853 1162 1179 1231 ἀκάθαρτοι.
1231 1163 1320 1230 Ἐξ
1358 1165 1457 1217 οὐκ
1485 1164 1654 1216 ὅντων
1692 1163 1749 1216 δὲ
1780 1164 1842 1217 οὑ

256 1254 404 1304 ποιεῖ
435 1247 607 1317 οἶνον,
642 1255 995 1324 περικόπτων
1030 1253 1172 1308 ὲκὼν
1205 1255 1265 1309 τὸ
1300 1255 1526 1327 μέγεθος
1568 1256 1677 1309 τῶν
1715 1256 1844 1310 θαυ-

259 1344 470 1415 μάτων.

328 1436 450 1489 ὐτι
481 1435 700 1507 πρῶτον
725 1436 804 1509 τῷ
830 1437 1225 1510 ἀρχιτρικλίνῳ
1258 1439 1480 1510 δοθῆναι
1507 1442 1745 1507 κελεύει,
1769 1440 1845 1504 ὡς

256 1532 503 1601 νήφοντι.
541 1531 653 1585 Καὶ
683 1532 795 1603 γάρ
846 1534 895 1585 oi
927 1534 1026 1603 τὴν
1067 1534 1329 1605 τοιαύτην
1365 1535 1643 1589 διακονίαν
1682 1554 1843 1589 πεπι-

254 1620 541 1691 στευμένοι
579 1622 815 1691 μάλιστά
862 1625 969 1677 είσι
1023 1625 1309 1695 νήφοντες,
1353 1624 1494 1679 ὥστε
1549 1629 1606 1680 ἐν
1653 1628 1845 1700 κόσμῳ

255 1714 350 1766 καὶ
393 1714 548 1779 τάξει
590 1715 767 1769 πάντα
821 1716 1184 1772 διατίθεσθαι.
1230 1717 1294 1772 Εἰ
1345 1720 1457 1790 γὰρ
1506 1724 1617 1786 τοῖς
1665 1721 1847 1787 ἄλλοις

252 1804 439 1875 ὲδοθη,
478 1802 632 1860 εἷπον
664 1806 731 1860 ἂν
775 1809 858 1861 ὃτι
892 1808 1177 1879 μεθύουσι,
1220 1808 1317 1863 καὶ
1367 1812 1585 1883 ἀλόγοις
1633 1812 1732 1867 καὶ
1769 1814 1843 1886 μὴ

253 1896 624 1967 διακρίνουσιν
656 1899 825 1953 ἔδωκε
862 1904 1028 1957 πιεῖν.

324 2031 424 2084 Διά
456 2031 511 2084 τί
536 2033 631 2087 τὸν
664 2034 900 2105 νυμφίον
928 2035 1211 2107 ἐφώνησεν
1236 2041 1265 2091 ὁ
1295 2039 1719 2111 ἀρχιτρίκλινος,
1756 2044 1848 2097 καὶ

251 2123 313 2174 οὑ
348 2125 474 2188 τοὺς
505 2126 823 2194 διακόνουςς
857 2129 1016 2184 Οὕτω
1054 2134 1163 2203 γὰρ
1188 2128 1254 2185 ἂν
1284 2135 1380 2187 καὶ
1415 2136 1475 2187 τὺ
1515 2133 1700 2206 θαῦμα
1760 2134 1848 2201 ὲξ-

254 2215 561 2290 εκαλύφθηο
590 2222 1044 2293 κατόίκονομίαν
1076 2224 1267 2292 γέγονε
1297 2226 1476 2292 τοῦτο,
1496 2228 1583 2281 ἴνα
1611 2231 1685 2301 μὴ
1716 2231 1849 2284 πάν-

252 2321 348 2372 τες
369 2310 593 2378 γνῶσιν.
614 2313 736 2367 Ὀτι
762 2317 790 2367 ό
807 2315 1086 2384 βασιλικὸς
1108 2316 1195 2370 διὰ
1217 2317 1377 2372 τοῦτο
1402 2321 1565 2376 αὑτὸν
1591 2324 1727 2394 πρὸς
1748 2323 1847 2397 τὴν

252 2399 347 2452 τοῦ
408 2404 601 2467 παιδὸς
667 2405 857 2471 ὑγείαν
917 2409 1397 2478 προσεκαλέσατο,
1433 2414 1522 2467 διὰ
1553 2415 1613 2468 τὸ
1652 2416 1849 2486 μαθεῖν

253 2491 414 2546 τοῦτο
441 2496 604 2550 αὑτὸν
632 2502 992 2568 πεποιηκέναι
1024 2504 1086 2556 τὸ
1113 2523 1178 2575 ση
1190 2510 1361 2574 μεῖονο
1389 2509 1526 2580 ὅπερ
1550 2511 1643 2563 καὶ
1669 2530 1845 2582 παρτ-

252 2585 430 2656 δηλῶν
488 2591 516 2642 ὁ
575 2592 965 2667 εὐαγγελιστὴς
1027 2597 1249 2666 ἔλεγεν,
1316 2601 1449 2654 ὅπου
1510 2603 1732 2671 ἐποίησε
1789 2603 1850 2657 τὸ

256 2676 402 2749 ὕδωρ
431 2675 575 2734 οἶνον
597 2700 612 2716 ·
640 2685 737 2756 οὑχ
772 2688 959 2753 ἁπλῶς
994 2688 1050 2742 δὲ
1076 2685 1219 2745 οἶνον
1238 2692 1511 2763 ἐποίησεν,
1542 2696 1677 2749 ἀλλά
1706 2693 1848 2752 οἶνον

254 2770 562 2828 κάλλιστον.

326 2907 427 2962 Διὰ
456 2908 508 2961 τί
553 2912 758 2985 κατέϐη
811 2916 888 2979 είς
929 2918 1341 2991 Καπερναούμς
1387 2918 1461 2975 ἹΙ
1496 2924 1584 2976 διὰ
1627 2926 1726 2995 τήν
1765 2929 1845 2991 είς

256 2997 488 3071 Μητέρα
518 3004 712 3075 τιμὴν,
753 3006 819 3060 ἶν’
866 3010 1300 3087 ἀποκαταστήσῃ
1336 3015 1433 3086 τὴν
1474 3018 1702 3088 Μητέρα
1752 3022 1847 3073 καὶ

253 3094 381 3186 τοὺς
422 3096 706 3165 ἀδελφούς.
754 3104 862 3157 Καὶ
928 3105 1017 3160 διὰ
1086 3108 1140 3161 τί
1189 3112 1268 3173 είς
1329 3113 1703 3186 Καπερναοὺμ
1751 3118 1846 3171 οὑκ

251 3185 482 3258 ιποίησε
513 3195 745 3261 σημεῖα;
768 3196 891 3249 Ὅτι
923 3199 1019 3269 οὑχ
1059 3200 1229 3269 ὑγιῶς
1269 3206 1625 3275 προσέκειντο
1658 3210 1840 3279 αὐτῷ’

1954 3198 2308 3254 immoderate
2352 3199 2501 3252 illum
2572 3200 2840 3268 urgebant
2889 3218 2903 3254 :

254 3278 352 3330 καὶ
378 3280 535 3336 τοῦτο
558 3284 826 3355 ἐδήλωσεν
881 3291 1051 3344 εἰπών
1071 3309 1085 3322 ·
1119 3294 1230 3347 Καὶ
1258 3297 1370 3363 σὺ,
1404 3302 1796 3372 Καπερναοὺμ
1817 3341 1831 3370 ,

253 3372 292 3436 ἡ
342 3372 453 3439 ἕως
484 3376 602 3431 τῶν
624 3380 897 3449 οὐραγῶν
952 3387 1289 3456 ὐψωθεῖσα,
1316 3390 1427 3457 ἕως
1481 3393 1630 3459 ᾅδου
1660 3410 1837 3450 κατα-

254 3464 444 3533 ϐήσῃ.

323 3558 423 3611 Διά
465 3561 559 3614 τοῦ
598 3565 902 3633 εἰπεῖν,ὅτι
939 3566 1057 3627 Ἦν
1091 3573 1273 3644 ἐγγὺς
1318 3575 1385 3630 τὸ
1443 3578 1658 3649 Πάσχα
1716 3583 1838 3639 τῶν

264 3647 593 3717 Ἰουδαίων,
620 3656 894 3714 δείκνυσιν
926 3665 1060 3733 ἡμῖν
1104 3667 1184 3719 ὅτι
1209 3669 1271 3721 οὑ
1302 3669 1411 3741 πρὸ
1444 3672 1659 3727 πολλῶν
1692 3678 1833 3731 πάνυ

252 3741 480 3810 ἡμερῶν
505 3746 600 3799 τοῦ
632 3749 827 3822 Πάσχα
856 3756 1212 3813 ἐϐαπτίσατο.

330 3834 450 3888 Ὅτι
487 3841 615 3903 τοὺς
665 3845 982 3911 πωλοῦντας
1025 3853 1121 3903 καὶ
1167 3855 1540 3924 ἀγοράζοντας
1583 3862 1836 3929 ἐξέϐαλεν

249 3926 319 3977 ἐκ
370 3928 463 3979 τοῦ
514 3931 660 4001 ἱεροῦ
713 3934 920 4004 λέγων·
967 3941 1062 4010 Μὴ
1104 3947 1323 4000 ποιεῖτε
1351 3952 1475 4002 ’τὸν
1516 3949 1686 4006 οἶκον
1728 3957 1836 4011 τοῦ

176 4066 183 4073 ,
246 4020 487 4115 Πατρός
511 4041 655 4091 μου,
697 4022 867 4082 οἷκον
888 4031 1176 4101 ἐμπορίου
1198 4052 1209 4063 ·
1243 4038 1429 4109 ἕτερος
1467 4042 1523 4095 δὲ
1555 4044 1838 4115 εὐαγγελι-

250 4108 384 4181 στὴς
415 4111 585 4181 λέγει,
620 4121 929 4189 σπήλαιον
965 4127 1230 4194 λῃστῶν.
1272 4108 1433 4185 Ὅθεν
1474 4136 1535 4188 οὑ
1561 4108 1714 4190 κατ-ἀ.
1746 4139 1837 4193 τὸν

247 4199 415 4302 αὑτον
444 4207 636 4302 καιρόν
674 4211 964 4285 ἀμφότερα
997 4218 1221 4286 γέγονεν
1242 4237 1257 4253 ·
1290 4224 1407 4276 ἐκεῖ
1437 4226 1535 4295 μὲν
1560 4228 1668 4299 γάρ
1700 4232 1834 4302 πρὸς

248 4291 385 4346 αὐτὸ
410 4295 471 4389 τὸ
501 4298 671 4363 πάθος
711 4303 903 4369 ἐλθὼν,
933 4310 1169 4365 ἐνταῦθα
1196 4313 1251 4367 δὲ
1290 4316 1349 4369 ὲν
1385 4291 1693 4389 προοιμίοις

250 4386 501 4453 σημείων
543 4391 852 4463 ὑφειμένως
879 4402 945 4470 τῇ
976 4401 1315 4475 ἐπιτιμήσει.
1368 4386 1522 4463 Ἐπεὶ
1551 4386 1653 4466 οὖν
1680 4419 1772 4467 καὶ
1805 4418 1834 4470 ὁ

247 4475 408 4575 λόγος
445 4484 541 4535 καὶ
565 4487 593 4537 ό
625 4488 817 4555 χρόνος
846 4491 1136 4565 διάφορος,
1167 4498 1329 4568 διχῶς
1363 4501 1426 4555 τὸ
1457 4506 1725 4575 πραχθέν.

325 4571 451 4624 Ὅτι
476 4576 537 4627 τὸ
565 4576 744 4646 λέγειν
765 4584 983 4649 αὐτοὺς,
1016 4589 1076 4641 Τί
1098 4592 1352 4658 σημεῖον
1373 4593 1670 4663 δεικνύεις
1690 4599 1834 4667 ἡμῖν

246 4663 341 4719 ὅτι
398 4667 586 4721 ταῦτα
633 4674 861 4742 ποιεῖς;
895 4678 1135 4749 ἐσχάτης
1180 4683 1437 4749 ἀπονοίας
1479 4690 1637 4741 ἐστί·
1676 4694 1831 4745 ποίου

246 4757 359 4827 γὰρ
387 4764 616 4829 σημείου
646 4766 804 4833 χρεία
829 4762 898 4838 ἦν
920 4769 1059 4822 ῶστε
1089 4772 1159 4824 τὰ
1181 4776 1367 4839 κακῶς
1398 4780 1659 4849 γινόμενα
1691 4784 1830 4835 παῦ-

247 4865 363 4912 σαι,
394 4851 561 4923 ἤγουν
591 4856 719 4920 τοὺς
748 4858 1167 4930 ἁμαρτάνοντας
1194 4869 1652 4940 ἐπιστρέφεσθαι;

350 4948 448 4996 Uri
491 4946 588 5012 τὸ,
634 4950 878 5006 Λύσατε
918 4956 1016 5009 καὶ
1059 4956 1275 5027 ἐγερῶ,
1320 4961 1414 5014 δύο
1462 4966 1674 5033 εἰσάγει
1707 4972 1833 5040 νοήο

250 5053 422 5104 ματα,
463 5041 560 5092 καὶ
595 5041 676 5094 ὅτι
710 5044 1101 5117 ἀναστήσεται,
1140 5052 1234 5104 καὶ
1261 5053 1343 5106 ὅτι
1373 5055 1503 5119 Θεὸς
1536 5059 1564 5110 ὁ
1595 5059 1833 5132 ἀναστή-

247 5142 357 5179 σων
382 5145 394 5158 ο
426 5129 618 5183 ἑαυτὸν
650 5133 759 5205 γάρ
788 5131 944 5190 εἶπεν
964 5154 979 5168 ⁸
1022 5141 1256 5211 Ἐγερῶ.

314 5221 438 5284 Πῶς
466 5225 688 5294 νοητέον
718 5229 806 5294 τὸ,
849 5229 953 5284 Ἐν
991 5236 1449 5305 τεσσαράκοντα
1484 5243 1581 5296 καὶ
1607 5243 1677 5308 ἓξ
1711 5246 1834 5299 ἔτεα

247 5327 354 5408 οἷικ
393 5314 749 5388 ᾠκοδομήθη
801 5325 833 5375 ὀ
888 5327 1067 5391 ναόςς
1115 5329 1227 5398 Τὴν
1269 5330 1505 5402 ὑστέραν
1542 5336 1833 5408 οἰκοδομήν

244 5404 554 5474 ἐδήλωσεν·
608 5412 702 5464 ἐπὶ
749 5415 858 5485 γὰρ
908 5417 1092 5487 Κύρου
1145 5420 1325 5492 ήρχθη
1366 5424 1427 5477 τὸ
1477 5426 1672 5496 ἔργον,
1712 5404 1829 5483 εἶτα

248 5498 524 5569 ἀνεκόπη·
566 5503 706 5571 μετά
729 5505 786 5557 δὲ
813 5507 987 5562 ταῦτα
1027 5510 1189 5565 πάλιν
1221 5514 1397 5586 ἡρχθη
1434 5519 1526 5571 ἐπὶ
1564 5522 1826 5593 Δαρείου·

246 5592 343 5646 ἐπὶ
371 5593 480 5664 γὰρ
508 5593 852 5666 Σολομῶντος
885 5601 963 5665 εἰς
996 5602 1172 5659 εἴκοσι
1198 5605 1295 5677 ἐτη
1321 5609 1567 5682 ἐκτίσθη.

852 5784 1099 5840 ΚΕΦᾹΛ.
1143 5789 1217 5844 I".

318 5866 441 5920 ὀτι
470 5869 498 5920 ὁ
530 5864 841 5940 Νικόδημος
881 5876 1075 5940 νυκτὸς
1137 5879 1337 5950 ἤρχετο
1358 5893 1372 5910 ⁸
1416 5882 1665 5953 ὲφοσεῖτο
1698 5886 1824 5959 γάρ.

494 5961 766 6027 Parnm.
795 5969 909 6026 Gn.
940 5968 1099 6031 ενι.

1946 606 2016 660 lis
2082 605 2434 676 suspicentur
2477 606 2715 675 aliquem
2770 603 2932 659 faeces
2977 604 3287 675 reliquisse,
3336 603 3538 658 deinde

1945 711 2087 766 aqua
2144 697 2342 767 injecta
2377 706 2433 751 et
2484 696 2750 762 iminista,
2807 697 2992 750 vinum
3048 696 3409 751 Iennissinnm
3452 693 3536 749 fa-

1944 800 2095 847 ctum
2134 807 2275 854 esse,
2332 790 2573 847 ostendit
2605 790 2752 860 quod
2785 790 2890 845 illic
2921 806 3071 845 urnae
3111 807 3390 861 nunquam
3424 791 3534 845 vini

1946 885 2247 954 i'ecepioria
2302 883 2535 938 fuissent
2586 900 2599 949 ;
2677 899 2803 937 cum
2877 884 3025 938 enim
3078 884 3537 939 Palaestinasine

1946 989 2087 1043 aqua
2116 973 2207 1039 sit,
2230 985 2280 1029 et
2313 975 2529 1030 diflieile
2578 978 2649 1030 sit
2700 975 2752 1028 in
2792 975 2976 1029 multis
3007 977 3143 1031 locis
3168 976 3348 1029 fontes
3381 976 3535 1029 inre-

1946 1064 2087 1129 nire,
2114 1065 2415 1134 implebunt
2455 1083 2674 1135 semper
2724 1065 2948 1137 liydrias
2990 1082 3153 1137 aqua.
3190 1081 3257 1120 ne
3286 1067 3350 1119 ad
3385 1066 3536 1119 rivos

1946 1168 2259 1220 currerent.
2295 1160 2342 1214 si
2376 1161 2571 1229 impuri
2626 1160 2835 1213 iii-rent.
2876 1159 2980 1213 Sed
3026 1175 3055 1213 e
3091 1158 3262 1213 nihilo
3303 1174 3407 1211 non
3451 1156 3535 1211 vi-

1950 1264 2080 1303 num
2114 1248 2268 1316 facit,
2292 1259 2484 1320 sponte
2510 1250 2766 1305 minuens
2797 1250 3045 1306 miraculi
3077 1249 3534 1320 magnitudinem;

2021 1429 2186 1482 Vens.
2210 1429 2263 1483 8.
2290 1428 2476 1483 Primo
2499 1430 2879 1486 arehitriclino
2911 1431 3039 1487 ferri
3057 1434 3233 1503 jubet,
3268 1445 3531 1505 tanquam

1945 1520 2160 1590 jejuno.
2190 1519 2325 1576 Nam
2355 1524 2447 1592 qui
2485 1524 2592 1579 tale
2628 1525 2997 1579 ministerium
3046 1527 3275 1597 implent
3304 1529 3533 1583 multum

1949 1622 2078 1669 sunt
2110 1624 2499 1685 temperantes,
2540 1626 2596 1672 ut
2640 1618 2832 1673 omnia
2871 1635 2995 1673 eum
3042 1620 3233 1677 ordine
3254 1631 3303 1676 et
3335 1632 3533 1677 ornatu

1947 1705 2263 1777 disponant.
2312 1707 2367 1762 Si
2405 1710 2550 1763 enim
2585 1709 2709 1765 aliis
2764 1710 2952 1765 datum
3001 1711 3214 1776 fuisset,
3263 1713 3539 1768 diceretur

1949 1798 2059 1854 illis
2088 1799 2200 1867 jam
2228 1800 2419 1866 ebriis,
2454 1811 2508 1857 et
2534 1803 2654 1857 sine
2685 1801 2926 1866 ratione,
2956 1812 3142 1859 etnon
3172 1805 3536 1861 discernentia

1877 1864 1920 1923 Β
1955 1888 2055 1945 bus
2082 1864 2271 1961 potum
2299 1864 2469 1947 fuisse
2488 1893 2701 1949 datum.

2023 2032 2191 2089 Vens.
2219 2034 2405 2090 9.Cnr
2436 2051 2702 2106 sponsum
2755 2048 2970 2092 vocarit
3015 2036 3446 2106 architriclinus,
3483 2051 3538 2095 et

1954 2146 2061 2184 non
2091 2128 2410 2184 ministros?
2442 2130 2519 2184 Ita
2551 2133 2697 2185 enim
2728 2131 3053 2186 miraculum
3075 2133 3375 2188 revelatum
3396 2132 3535 2188 fuis-

1954 2232 2066 2287 set;
2099 2237 2167 2277 ex
2221 2222 2474 2277 instituto
2519 2222 2665 2277 istud
2723 2221 2925 2277 factum
2967 2233 3053 2279 est
3111 2240 3181 2280 ne
3215 2240 3411 2280 omnes
3440 2241 3536 2280 co-

1951 2322 2303 2381 gnoscerent.
2338 2310 2581 2384 Regulus
2613 2314 2735 2368 ideo
2773 2315 2925 2368 illum
2973 2317 3039 2370 ad
3089 2316 3380 2371 sanitatem
3427 2319 3538 2372 lilio

1951 2404 2186 2459 dandam
2216 2408 2449 2469 Voeavit,
2500 2407 2646 2475 quod
2680 2407 2949 2462 didicerat
2990 2408 3138 2463 illum
3186 2412 3291 2465 lioc
3319 2410 3534 2480 signum

1953 2497 2182 2562 fecisse;
2215 2499 2357 2566 quod
2389 2499 2684 2567 designans
2733 2501 3069 2569 evangelista
3097 2502 3247 2569 dicit,
3279 2503 3371 2557 ubi
3410 2502 3538 2558 fecit

1953 2605 2149 2657 aquam
2174 2589 2391 2656 vinum;
2433 2605 2539 2644 non
2575 2590 2761 2644 vinum
2787 2591 3112 2662 simpliciter
3136 2592 3286 2661 fecit,
3327 2594 3421 2650 sed
3458 2595 3537 2649 vi-

1953 2698 2083 2736 num
2102 2696 2188 2754 0p:
2202 2683 2395 2737 imum.

2024 2918 2184 2973 Vens.
2224 2917 2311 2971 i2.
2342 2918 2453 2973 Cur
2483 2918 2765 2973 descendit
2800 2918 2853 2973 in
2897 2920 3327 2989 Capliarnanm?
3375 2924 3545 2981 Certe.

1951 3012 2022 3067 ob
2053 3012 2246 3065 matris
2275 3012 2663 3077 reverentiam,
2698 3021 2836 3067 utse
2869 3013 3031 3067 matri
3061 3024 3117 3069 et
3142 3014 3405 3073 fratribus
3452 3035 3537 3074 re-

1950 3104 2295 3159 stituereLEt
2314 3121 2411 3159 cur
2433 3106 2485 3158 in
2506 3105 2831 3173 Capliariiau
2844 3122 2892 3161 m
2922 3108 3071 3178 signa
3090 3123 3196 3163 non
3218 3109 3345 3165 fecit
3358 3112 3383 3165 ?
3397 3113 3535 3179 Quia

2963 3201 3015 3254 id
3067 3217 3292 3273 quoque
3348 3216 3535 3261 osten-

1940 3290 2019 3343 dit
2050 3290 2271 3345 dicens:
2304 3290 2371 3343 Et
2395 3301 2472 3357 tu,
2497 3289 2899 3360 Cap/iamcum,
2920 3310 3036 3363 qua:
3065 3311 3229 3367 usque
3253 3297 3322 3351 ad
3346 3299 3534 3353 caelum

1940 3384 2244 3449 ascendisti,
2271 3386 2341 3438 ad
2380 3385 2647 3455 infernum
2679 3385 3025 3443 descendisti.

2010 3572 2175 3629 Vens.
2199 3573 2286 3629 l5.
2311 3573 2550 3629 Dicendo
2576 3575 2860 3644 quoniam,
2886 3573 3053 3643 Prope
3073 3574 3405 3633 eratPasclia
3432 3580 3535 3634 ,Ιιιο

1941 3668 2203 3736 deorum,
2233 3668 2477 3723 ostendit
2509 3669 2670 3722 nobis
2716 3668 2862 3738 quod
2911 3668 3102 3739 paucis
3152 3680 3278 3726 ante
3322 3670 3532 3728 Pascha

1940 3760 2132 3815 diebus
2163 3759 2267 3815 fuit
2301 3762 2628 3831 baptizatus.

2012 3852 2180 3907 Vens.
2209 3853 2296 3907 Η.
2342 3851 2653 3908 Vendeutes
2681 3864 2735 3909 et
2779 3867 3027 3912 ementes
3071 3855 3231 3927 ejeeit
3264 3873 3293 3912 e
3330 3860 3531 3929 templo

1939 3942 2128 4000 dicens
2160 3962 2173 3999 :
2209 3944 2392 3998 Nolite
2419 3945 2593 4013 facere
2621 3947 2834 4000 domum
2867 3947 3049 4002 Patris
3071 3949 3169 4002 mei
3194 3950 3411 4004 domum
3436 3968 3525 4006 tw-

1941 4038 2285 4110 gotiationis;
2319 4040 2460 4093 alius
2491 4041 2825 4109 evangelista
2849 4041 3004 4105 dicit,
3037 4042 3341 4111 speluncam
3362 4044 3533 4099 latro-

1942 4150 2090 4189 num.
2123 4134 2277 4190 Unde
2314 4135 2567 4206 arguitur
2599 4152 2703 4188 non
2738 4137 2926 4190 eodem
2966 4146 3211 4208 tempore
3236 4148 3530 4213 utrumque

1940 4226 2143 4282 factum
2171 4242 2292 4281 esse
2310 4243 2325 4294 ;
2343 4242 2466 4280 nam
2491 4227 2599 4281 illic
2622 4228 2687 4281 ad
2711 4230 3022 4297 passionem
3056 4231 3528 4302 appropinquans,

1941 4321 2013 4375 ibi
2039 4330 2222 4374 autem
2260 4320 2313 4372 in
2355 4319 2513 4373 initio
2539 4319 2825 4390 signorum
2874 4318 3122 4374 modesta
3161 4336 3296 4376 voce
3349 4324 3529 4381 incre-

1941 4411 2139 4482 pando.
2169 4412 2308 4468 Cum
2349 4411 2515 4483 igitur
2559 4422 2772 4484 tempus
2807 4420 2861 4468 et
2904 4426 3087 4468 sermo
3133 4413 3352 4473 diversa
3387 4419 3523 4490 sint,

1942 4508 2025 4562 liis
2055 4506 2185 4561 illud
2211 4505 2413 4560 factum
2438 4515 2541 4561 est.

2016 4597 2183 4654 Vens.
2226 4599 2313 4653 18.
2346 4598 2483 4653 Cum
2540 4598 2615 4652 illi
2649 4598 2838 4654 dicunt
2892 4618 2904 4653 :
2937 4600 3092 4665 Quod
3130 4603 3342 4674 signum
3372 4606 3523 4662 nobis

1941 4694 2170 4748 ostendis
2194 4694 2320 4764 quia
2344 4694 2451 4747 haec
2478 4692 2651 4762 facis?
2683 4707 2951 4747 summam
2984 4693 3313 4751 dementiam
3338 4708 3525 4755 osten-

1941 4786 2098 4839 dunt.
2129 4785 2300 4853 Cujus
2330 4785 2474 4838 enim
2510 4784 2651 4855 signi
2684 4799 2824 4854 Opus
2852 4768 3055 4840 eratut
3089 4788 3230 4843 male
3274 4802 3392 4845 acta
3428 4794 3525 4848 de-

1939 4878 2203 4940 sinerent,
2240 4879 2290 4932 id
2319 4887 2403 4933 est
2430 4889 2487 4931 ut
2514 4886 2830 4947 peccatores
2855 4884 3345 4937 converterentur?

2010 4979 2177 5036 Vens.
2220 4972 2305 5026 l9.
2357 4970 2553 5024 Solvite
2604 4980 2652 5023 et
2683 4972 2959 5036 excitabo;
3012 4972 3152 5029 duas
3206 4980 3511 5035 sententias

1939 5063 2266 5127 includil,et
2295 5060 2440 5130 quod
2489 5070 2753 5130 resurget,
2806 5070 2860 5113 et
2902 5063 3050 5130 quod
3116 5063 3261 5121 Deus
3313 5072 3519 5141 estqui

1939 5164 2213 5221 resurget;
2237 5152 2363 5205 dicit
2392 5151 2537 5205 enim
2564 5152 2735 5205 dese:
2774 5152 3052 5206 Excitabo.

2012 5244 2175 5298 Vens.
2206 5243 2297 5296 9.0.
2322 5242 2608 5308 Quomodo
2640 5242 3050 5311 intelligendum
3095 5261 3109 5296 :
3146 5244 3519 5320 Quadraginta

1938 5346 1985 5391 et
2012 5351 2103 5390 sea:
2138 5336 2290 5389 annis
2330 5334 2654 5402 redi/iratum
2679 5345 2751 5387 est
2779 5334 3068 5403 templum?
3106 5336 3359 5395 Ultimain
3388 5345 3486 5399 indi
3506 5372 3521 5389 -

1940 5429 2248 5483 fieationeni
2283 5436 2586 5491 memorat;
2625 5441 2750 5479 nam
2800 5426 2904 5481 sub
2940 5425 3083 5498 Cyro
3114 5429 3391 5501 inceptum
3434 5447 3520 5491 est

1937 5534 2099 5588 opus,
2131 5517 2329 5573 deinde
2368 5517 2778 5588 interruptum;
2814 5529 3000 5588 postea
3045 5535 3175 5576 vero
3207 5538 3399 5582 rursus
3432 5527 3518 5582 in-

1937 5621 2155 5681 ceptum
2188 5620 2272 5665 est
2300 5610 2403 5665 sub
2444 5608 2605 5664 Dario
2631 5628 2645 5675 ;
2677 5611 2779 5664 sub
2811 5609 3103 5669 Salomone
3130 5616 3301 5688 enim.
3326 5620 3515 5689 viginti

1938 5704 2098 5760 annis
2120 5713 2460 5760 exstructum
2495 5703 2618 5759 fuit.

2526 5796 2756 5854 CAPUT
2813 5800 2895 5856 ill.

2009 5887 2177 5946 Vnns.
2208 5888 2261 5944 1.
2303 5887 2632 5949 Nieodemus
2684 5903 2846 5955 nocte
2876 5897 3042 5966 venit,
3080 5898 3303 5959 timebat
3339 5906 3510 5965 enim.

3071 5991 3151 6055 39
