4026 6570
507 390 526 452 1
540 389 642 451 227

1245 391 1635 454 OPUSCUL.-\
1673 395 2307 458 SCRlPTUliISTICA
2351 399 2696 460 INCERTE
2740 402 3044 467 :‘ETATIS.

3621 404 3757 469 1228

506 503 609 556 iste
637 509 719 554 est
749 500 840 570 qui
870 499 1114 571 loquitor
1139 501 1190 554 in
1213 502 1390 555 medio
1415 503 1703 572 Evangelia
1732 503 1796 555 de
1818 503 2038 557 Christo
2066 523 2077 558 :

2186 501 2350 572 Οὗτός
2396 511 2544 564 ἐστιν
2585 510 2613 561 6
2647 511 2822 563 λαλῶν
2852 513 2911 564 ἐν
2953 512 3103 584 μέσῳ
3136 513 3228 567 τοῦ
3259 514 3590 584 Εὗαγγελίου
3623 517 3761 584 ὑπὲρ

511 598 656 652 Nam
687 599 770 652 (ex
785 607 964 651 nostra
988 597 1200 667 judicat
1232 598 1486 668 aliquem,
1510 601 1614 652 nisi
1647 600 1794 666 prius
1823 600 2079 652 audiret-it

509 691 572 741 ab
589 691 699 758 ipso
720 689 844 758 quid
874 689 1052 742 dicat?
1087 689 1188 743 Iste
1212 705 1378 743 ausus
1401 699 1484 744 est
1501 706 1702 758 corpus
1725 699 1998 759 expetere,
2028 697 2081 743 et

507 780 674 832 altera
702 779 816 833 vice
845 777 1174 834 Nicodemus
1204 781 1337 833 dicit
1373 780 1596 834 Christo
1639 798 1652 834 :
1705 779 1873 833 Nemo
1913 790 2079 848 potest

505 871 677 940 facere
700 871 851 941 signa
894 886 1011 940 qua:
1039 871 1195 941 facis,
1229 872 1330 924 nisi
1365 871 1500 924 Deus
1528 872 1688 940 fuerit
1718 888 1834 924 cum
1858 871 1972 926 illo.

577 1059 743 1115 Vens.
769 1061 821 1115 3.
852 1061 992 1126 Quid
1023 1069 1137 1114 est:
1167 1059 1416 1128 Nisiqnis
1443 1068 1653 1114 renatus
1681 1033 1927 1130 fuerit'ex
1946 1061 2076 1123 alto,

506 1169 607 1206 non
634 1159 800 1215 potest
831 1152 893 1206 de
935 1167 1014 1204 me
1065 1151 1188 1204 bene
1221 1149 1498 1218 cogitare?
1538 1148 1620 1203 Ex
1665 1150 1796 1216 alto,
1829 1151 1880 1204 id
1910 1159 2014 1216 est,
2050 1166 2080 1206 e

506 1244 670 1296 cmlo.
2073 1283 2078 1288 .

579 1334 744 1386 Vtans.
776 1333 826 1387 5.
855 1331 1112 1394 Curdtto,
1141 1342 1193 1385 et
1235 1345 1341 1384 non
1383 1339 1595 1384 tantum
1645 1328 1906 1397 Spiritus.
1929 1329 2078 1385 solli-

506 1442 630 1479 cere
651 1433 872 1495 putetur
915 1426 980 1477 ad
1009 1423 1265 1493 Bapt‘sttti
1287 1424 1673 1494 perfectionem
1693 1422 2080 1493 ?C0tnpositus

504 1529 585 1572 est
610 1518 771 1571 homo
800 1525 854 1570 et
881 1532 988 1570 non
1027 1518 1280 1585 simplex,
1316 1527 1374 1570 ttt
1415 1526 1559 1569 recte
1612 1516 1845 1580 scimus;
1901 1524 1954 1570 et
2007 1515 2080 1570 ob

503 1626 623 1663 eam
662 1625 774 1663 rem
803 1609 1003 1679 duplici
1040 1618 1095 1662 et
1152 1612 1456 1674 composito
1487 1617 1720 1679 cognata
1768 1616 1820 1661 et
1876 1607 2078 1662 similia

506 1702 750 1757 remedia
778 1703 828 1755 in
857 1702 1198 1755 sanationem
1231 1701 1472 1755 adhibita
1514 1710 1676 1767 sunt;
1706 1701 1920 1770 corpori
1957 1701 2078 1770 qui-

505 1795 628 1848 dem
668 1794 896 1856 visibili,
940 1808 1080 1861 aqua
1123 1793 1430 1858 sensibilis;
1489 1793 1688 1849 anima:
1725 1807 1853 1847 vero
1886 1792 2076 1848 invisi-

505 1886 618 1950 bili,
656 1886 897 1954 Spiritus
925 1884 1307 1954 incorporalis.
1341 1884 1420 1938 Ad
1463 1884 1624 1938 ﬁdem
1655 1893 1906 1946 vocatur,
1955 1901 2078 1954 quae

504 1978 622 2031 sine
654 1978 819 2030 vet-lto
850 1977 1047 2042 datur;
1083 1992 1222 2044 aqua
1275 1985 1455 2030 autem
1503 1977 1721 2046 prodest
1781 1976 1845 2030 ad
1895 1985 2080 2030 osten-

504 2069 734 2123 dentiam
806 2067 1274 2136 pttril‘tcatimtcm;
1350 2082 1518 2137 quum
1578 2067 1723 2122 cnim
1802 2067 2078 2123 soleamus

503 2177 703 2231 corpus
764 2159 988 2215 sordido
1028 2160 1140 2212 luto
1191 2159 1594 2223 deformatum,
1637 2174 1778 2229 aqua
1839 2157 2076 2213 lavantes

503 2252 769 2307 mundum
799 2252 1109 2317 ostendere,
1135 2251 1255 2305 ideo
1283 2262 1335 2305 et
1360 2251 1413 2304 in
1439 2251 1663 2321 mystica
1695 2250 1910 2305 actione
1937 2251 2075 2324 idem

502 2347 834 2416 suscipimus
878 2363 891 2398 :
936 2361 992 2399 re
1029 2343 1298 2407 sensibili,
1352 2343 1690 2414 spiritualem
1741 2342 2079 2398 ostendimus

503 2439 868 2509 splendorem.
911 2435 978 2488 Et
1029 2435 1190 2504 paulo
1224 2445 1360 2504 post.
1393 2435 1447 2489 In
1486 2450 1588 2489 usu
1637 2449 1790 2501 vero,
1825 2445 1934 2489 tres
1977 2435 2079 2486 int-

503 2526 805 2582 toersiones
842 2526 1194 2580 adhibentur.
1241 2523 1378 2579 Illud
1427 2525 1550 2579 ideo
1581 2525 1850 2596 contingit
1883 2543 1894 2577 :
1931 2523 2080 2590 Qua-

503 2625 628 2676 tuor
659 2621 925 2675 elementa
955 2620 1359 2690 cognoscimus,
1390 2635 1420 2674 e
1458 2619 1657 2688 quibus
1681 2619 1921 2673 mundus
1943 2633 2078 2672 con-

504 2723 631 2778 stat,
669 2715 869 2785 ignem,
900 2727 1103 2778 aerem,
1153 2721 1354 2766 terram
1410 2721 1460 2766 et
1508 2726 1726 2781 aquam.
1779 2710 1922 2766 Deus
1949 2723 2078 2779 ergo

506 2816 695 2862 noster
728 2817 781 2860 et
809 2805 1059 2859 Salvator
1095 2814 1318 2874 propter
1369 2820 1469 2858 nos
1505 2804 1935 2859 incarnationem
1960 2817 2080 2873 pcr-

508 2901 698 2958 ﬁcietts
740 2900 793 2953 itt
821 2914 986 2954 unum
1009 2914 1071 2952 ex
1101 2896 1183 2952 his
1208 2909 1441 2966 quatuor
1472 2907 1671 2952 terram
1694 2895 1996 2961 descendit,
2019 2905 2080 2951 ut

506 2994 632 3048 inde
668 2993 836 3054 vitam
877 2991 1218 3061 produceret.
1259 2987 1370 3043 Nos
1399 2999 1578 3045 autem
1599 2989 1932 3057 baptismum
1965 3003 2082 3044 sns-

501 3085 766 3155 cipietttes
807 3083 860 3137 itt
890 3083 1244 3138 imitationem
1298 3081 1530 3148 Domini,
1561 3082 1804 3152 magistri
1841 3092 1897 3137 et
1924 3082 2080 3136 ducis

2185 602 2457 672 Χριστοῦ·
2496 602 2592 667 Μὴ
2632 607 2664 657 ὀ
2700 604 2883 673 νόμος
2910 605 3079 674 ἡμῶν
3117 607 3300 673 κρίνει
3339 607 3498 672 τινὰ,
3527 607 3637 660 ἐὰν
3676 608 3763 673 μὴ

2183 695 2420 763 ἀκούσῃ
2463 698 2753 764 πρότερον
2789 698 2846 750 τί
2887 697 3093 761 λαλεῖς
3128 691 3298 762 Οὗτος
3351 701 3447 752 καὶ
3482 700 3762 770 τολμήσας

2184 785 2426 858 ᾐτήσατο
2454 788 2516 840 τὸ
2552 787 2732 857 σῶμα.
2766 789 2877 842 Καὶ
2903 790 3092 862 ἓτερον
3117 789 3174 842 δὲ
3208 792 3236 844 6
3268 790 3580 861 Νικόδημος
3611 792 3762 857 λέγει

2183 881 2322 950 πρὸς
2369 880 2620 949 Χριστὸν,
2663 882 2744 934 ὅτι
2807 879 3016 946 Οὐδείς
3059 881 3310 935 δύναται
3343 882 3414 936 τὰ
3456 881 3679 950 σημεῖα
3727 882 3768 933 ὁ

2182 970 2372 1037 ποιεῖς
2391 970 2659 1040 ποιῆσαι,
2689 973 2799 1027 ἐὰν
2824 973 2904 1042 μὴ
2933 967 2975 1044 ᾖ
2997 976 3031 1026 ό
3060 972 3204 1038 Θεὸς
3222 972 3345 1042 μετ’
3372 972 3582 1027 αὑτοῦ.

2249 1066 2315 1119 Τί
2346 1067 2518 1132 ἐστιν,
2564 1065 2706 1121 Ἐὰν
2728 1066 2814 1136 μή
2852 1084 2941 1134 τις
2975 1064 3239 1136 γεννηθῇ
3273 1065 3521 1127 ἄνωθεν.
3553 1067 3625 1119 οὐ
3657 1065 3765 1119 δύο

2181 1173 2354 1212 ναται
2385 1158 2520 1227 περὶ
2551 1157 2699 1228 ἐμοῦ
2728 1157 2930 1226 καλῶς
2957 1158 3246 1225 Gothicae;
3277 1159 3352 1212 Τὸ
3391 1158 3472 1223 δὲ,
3507 1157 3766 1221 ἀνωθεν,

2181 1249 2246 1302 ἐκ
2274 1249 2368 1301 τοῦ
2403 1250 2658 1320 οὐρανοῦ.

2251 1342 2348 1394 Διὰ
2388 1342 2438 1395 τί
2465 1343 2532 1395 τὰ
2565 1342 2659 1396 δύο
2686 1341 2779 1395 καὶ
2808 1342 2929 1413 οὐχὶ
2963 1342 3123 1413 μόνον
3149 1342 3208 1395 τὸ
3236 1339 3460 1412 Πνεῦμα
3483 1341 3767 1412 αὔταρκες

2181 1437 2442 1509 ἐνομίρθη
2480 1437 2615 1509 πρὸς
2661 1437 2760 1506 τὴν
2795 1436 3190 1507 συμπλήρωσιν
3215 1434 3310 1488 τοῦ
3350 1433 3764 1504 βαπτίσματοςς

2181 1527 2443 1590 Σύνθετος
2474 1527 2503 1580 6
2535 1526 2822 1598 ἄνθρωπος
2841 1566 2856 1591 ,
2894 1526 2989 1580 καὶ
3017 1526 3115 1596 οὐχ
3141 1525 3377 1590 ἁπλοῦς,
3405 1525 3482 1589 ὡς
3512 1523 3768 1594 ἀκριϐῶς

2179 1619 2526 1692 ἐπιστάμεθα
2551 1635 2564 1650 ⁸
2597 1619 2694 1672 καὶ
2726 1619 2817 1672 διὰ
2843 1618 3005 1672 τοῦτο
3064 1618 3145 1687 τῷ
3173 1617 3344 1687 διπλῷ
3377 1615 3474 1669 καὶ
3503 1615 3766 1680 συνεζευο

2178 1711 2366 1783 γμένῳ
2385 1711 2454 1764 τὰ
2477 1711 2711 1780 συγγενῆ
2737 1711 2829 1764 καὶ
2845 1711 3006 1779 ὃμοια
3026 1710 3296 1780 φάρμακα
3313 1707 3450 1778 πρὸς
3466 1705 3770 1777 θεραπείαν

2180 1800 2548 1872 ἀπεκληρώθη
2577 1817 2592 1830 ·
2645 1800 2858 1870 σώματι
2909 1801 3007 1870 μὲν
3049 1800 3128 1871 τῷ
3158 1800 3490 1871 φαινομένῳ,
3525 1799 3676 1867 ὕδωρ
3703 1799 3770 1850 τὸ

2186 1893 2445 1965 αἰσθητόν
2470 1910 2484 1923 ο
2531 1893 2676 1964 ψυχῇ
2707 1893 2764 1946 δὲ
2798 1895 2864 1962 τῇ
2898 1892 3136 1963 ἀοράτῳ,
3174 1889 3399 1960 Πνεῦμα
3431 1892 3492 1944 τὸ
3518 1889 3729 1958 ἀφανές
3751 1905 3766 1919 .

2188 1987 2370 2041 πίστει
2419 1984 2753 2056 καλούμενον
2773 2026 2787 2048 ,
2829 1985 3085 2055 ἀρρήτως
3114 1982 3587 2055 παραγενόμενον
3619 1980 3770 2050 ὕδωρ

2185 2081 2243 2134 δὲ
2273 2081 2568 2150 ὑπηρετεῖ,
2605 2079 2743 2149 πρὸς
2775 2077 2999 2144 ἔνδειξιν
3026 2078 3122 2148 τῆς
3157 2077 3498 2149 καθάρσεως.
3543 2075 3771 2144 Ἐπειῗὴ

2185 2175 2293 2246 γὰρ
2319 2172 2589 2244 εἰώθαμεν
2623 2172 2717 2225 καὶ
2741 2171 2896 2242 ῥύπῳ
2924 2171 3186 2241 βορϐόρου
3221 2171 3282 2224 τὸ
3311 2169 3471 2242 σῶμα
3500 2169 3772 2241 καθυὸρι-

2188 2268 2334 2332 σθὲν,
2361 2267 2514 2323 ὕδατι
2539 2269 2833 2340 ρὐτοντες
2855 2267 3093 2339 καθαρὸν
3116 2266 3434 2335 ἀποφαίνειν
3455 2280 3469 2293 ⁸
3495 2265 3584 2319 διὰ
3605 2264 3772 2317 τοῦτο

2187 2362 2280 2414 καὶ
2315 2361 2408 2413 ἐπὶ
2437 2346 2536 2429 τῆς
2568 2360 2837 2430 μυστικῆς
2878 2359 3132 2432 πράξεως
3167 2359 3300 2412 αὐτὸ
3331 2357 3769 2430 παραλαμίάνο-

2189 2470 2321 2526 μενο
2358 2453 2436 2524 τῷ
2477 2453 2722 2524 αἰσθητῷ
2750 2453 3059 2524 πράγματι,
3096 2452 3192 2524 τήν
3227 2451 3519 2523 ἀσώματον
3545 2451 3771 2521 δηλοῦν-

2186 2563 2274 2608 τες
2311 2544 2689 2618 λαμπρότητα.
2721 2546 2825 2600 Kal
2859 2545 2988 2614 μετ’
3037 2545 3240 2612 ὀλίγα·
3277 2544 3420 2616 Πρὸς
3458 2545 3514 2598 δὲ
3546 2543 3770 2614 χρείαν,

2186 2637 2240 2689 al
2289 2637 2439 2707 τρεῖς
2474 2635 2798 2699 καταδύσεις
2831 2635 3356 2706 παραλαμϐάνονται
3381 2649 3394 2663 °
3443 2633 3600 2688 τοῦτο
3634 2650 3766 2701 τυγ-

2185 2727 2338 2796 χάνει
2359 2742 2372 2755 ·
2421 2726 2675 2800 Τέσσαρα
2708 2727 2944 2798 στοιχεῖα
2973 2725 3337 2797 γνωρίζομεν,
3369 2726 3463 2794 ἀφ’
3493 2719 3568 2779 ὧν
3607 2727 3637 2778 6
3668 2725 3769 2777 κζ-

2187 2837 2320 2891 σμος
2353 2820 2466 2890 ἔχει
2512 2819 2612 2890 τὴν
2667 2819 2950 2879 σὺστασιν,
2989 2817 3122 2889 πῦρ,
3160 2818 3292 2889 ἀὴρ,
3322 2817 3416 2888 γῆ,
3456 2819 3548 2871 καὶ
3589 2818 3764 2887 ὕδωρ.

2196 2912 2256 2967 ’0
2301 2912 2482 2964 τοίνυν
2536 2911 2669 2975 Θεὸς
2700 2911 2857 2981 ἡμῶν
2903 2913 2996 2964 καὶ
3043 2907 3238 2980 Σωτὴρ
3275 2908 3375 2979 τήν
3418 2910 3560 2979 ὑπὲρ
3597 2909 3766 2978 ήμῶν

2185 3003 2498 3071 οἰκονομίαν
2532 3003 2776 3074 πληρῶν,
2807 3005 2867 3057 τὸ
2899 3003 3156 3072 τέταρτον
3185 3001 3392 3056 τούτων
3423 3001 3629 3072 ὑπῆλθε
3661 3003 3763 3071 τὴν

2184 3096 2323 3166 γῆν,
2353 3094 2420 3148 ἵν’
2457 3096 2668 3149 ἐκεῖθεν
2704 3095 2806 3166 τὴν
2852 3096 2999 3166 ζωὴν
3052 3095 3310 3166 ἀνατείλῃ
3334 3111 3348 3124 ·
3397 3097 3558 3165 ἡμεῖς
3605 3095 3665 3148 δὲ
3703 3096 3768 3146 τὸ

506 3174 702 3238 nostri,
738 3188 844 3228 non
899 3174 952 3226 in
988 3182 1128 3228 terra
1173 3173 1391 3242 quidem
1422 3174 1768 3242 .scpelimttr;
1806 3172 1894 3226 illa
1925 3173 2072 3227 enim

2187 3189 2473 3258 βάπτισμα
2500 3187 3020 3258 παραλαμϐάνοντες
3050 3189 3130 3250 εἰς
3163 3187 3395 3258 μίμησιν
3425 3186 3520 3240 τοῦ
3553 3185 3764 3256 Κυρίου

503 3265 704 3319 mortui
736 3273 945 3318 tantum
979 3265 1231 3332 corporis
1283 3263 1545 3317 habitatio
1589 3262 1669 3328 tit,
1702 3263 2073 3317 inﬁrmitatem

503 3368 559 3411 et
598 3355 1004 3426 corruptionem
1059 3366 1259 3410 nostra:
1307 3365 1516 3409 natur-te
1548 3357 1819 3423 operiens.
1863 3355 1970 3410 Sed
2023 3354 2077 3409 itt

504 3462 794 3518 cognatum
836 3457 996 3502 terrze
1028 3448 1360 3501 elementum
1408 3462 1606 3516 aquam
1660 3447 1948 3512 intrantes,
1987 3446 2078 3499 illa

501 3551 719 3597 nosmet
742 3541 1106 3604 occultamus,
1146 3549 1204 3594 ut
1235 3538 1489 3594 Salvator
1517 3547 1699 3606 terra;
1734 3549 1786 3594 et
1809 3549 1891 3594 ter
1923 3541 1969 3594 id
2003 3541 2079 3594 fa-

502 3635 733 3697 cientes,
769 3633 936 3687 trium
969 3631 1183 3686 dierum
1228 3632 1348 3702 ejus
1390 3633 1815 3688 resurrectionis
1847 3632 2077 3704 gratiam

502 3725 804 3778 imitamur.

583 4005 744 4060 Vens.
775 4007 829 4058 6.
870 4001 1010 4069 Quid
1057 4011 1142 4056 est
1182 4019 1195 4056 :
1229 4000 1384 4068 Quod
1422 4012 1607 4056 natum
1661 4011 1738 4058 est
1791 4019 1818 4056 ε
1843 3999 2076 4073 Spiritu,

500 4099 720 4169 spiritus
746 4095 870 4150 cst?
922 4095 998 4149 lbi
1034 4095 1373 4149 nativitatem
1430 4097 1730 4151 secundum
1766 4096 1995 4167 gloriam
2026 4105 2080 4150 et

499 4193 730 4260 gratiam
764 4189 897 4245 dicit
949 4205 1045 4259 per
1069 4189 1323 4260 baptismi
1375 4191 1842 4261 regenerationem
1898 4199 1951 4246 ct
1981 4190 2076 4244 ad-

500 4286 804 4355 optionem.

575 4376 736 4430 VERS.
776 4375 830 4430 8.
866 4374 978 4430 Cur
1003 4375 1313 4445 exemplum
1376 4373 1530 4428 adert
1561 4373 1750 4429 dicens
1787 4392 1800 4428 :
1845 4372 2076 4442 Spiritus

501 4470 590 4523 ubi
614 4469 721 4524 vult
746 4469 936 4537 spirat,
971 4475 1020 4521 et
1055 4483 1228 4520 vocem
1260 4466 1372 4534 ejus
1403 4465 1585 4528 audis,
1617 4465 1705 4519 sed
1738 4466 1904 4517 nescis
1941 4464 2078 4516 unde

2182 3283 2275 3334 καὶ
2303 3278 2625 3334 διδασκάλου
2661 3281 2756 3333 καὶ
2783 3279 3162 3349 καθηγεμόνος
3190 3278 3369 3348 ἡμῶν,
3400 3280 3479 3342 είς
3515 3278 3622 3348 γῆν
3661 3278 3763 3346 μὲν

2181 3371 2242 3426 οὗ
2277 3370 2595 3441 θαπτόμεθα
2620 3387 2633 3400 '
2671 3371 2809 3441 αὑτὴ
2853 3371 2963 3441 γὰρ
3011 3370 3106 3424 τοῦ
3158 3370 3528 3442 νεκρωθέντος
3569 3387 3764 3423 παντε-

2182 3465 2289 3528 λῶς
2329 3463 2578 3534 σώματος
2608 3464 2814 3532 γίνεται
2844 3466 3041 3534 σκέπη,
3069 3464 3168 3532 τὴν
3192 3463 3479 3516 ἀσθένειαν
3507 3465 3600 3516 καὶ
3631 3464 3762 3531 φθο-

2187 3557 2285 3628 ρὰν
2327 3557 2426 3626 τῆς
2472 3556 2687 3626 φύσεως
2733 3557 2891 3628 ήμῶν
2933 3556 3390 3628 περιστέλλουσαο
3435 3558 3526 3609 ἐπὶ
3566 3557 3624 3610 δὲ
3660 3556 3761 3624 τῆς

2182 3650 2287 3718 γῆς
2308 3649 2368 3700 τὸ
2391 3649 2649 3716 συγγενὲς
2680 3649 2943 3718 στοιχεῖον
2972 3648 3034 3699 τὸ
3065 3646 3209 3716 ὕδωρ
3233 3646 3540 3717 ἐρχόμενοι,
3567 3646 3759 3715 ἐκείνῳ

2183 3740 2409 3802 ἑαυτοὺς
2451 3739 2853 3811 ὲγκρὺπτομεν,
2886 3739 2959 3801 ὡς
2991 3743 3019 3794 6
3048 3741 3238 3811 Σωτὴρ
3266 3743 3330 3811 τῇ
3366 3742 3436 3809 γῇ
3462 3755 3475 3768 ·
3521 3739 3613 3790 καὶ
3637 3737 3758 3807 τρί-

2181 3849 2272 3885 τον
2318 3831 2476 3884 τοῦτο
2525 3831 2856 3900 ποιήσαντες
2880 3872 2894 3893 ,
2925 3831 3025 3900 τὴν
3054 3832 3354 3902 τριήμερον
3381 3831 3482 3900 τῆς
3519 3829 3760 3882 ἀναστά-

2183 3939 2320 3986 σειος
2349 3923 2508 3992 χάριν
2539 3921 2955 3991 ὲξεικονίζομεν.

2253 4013 2318 4064 Τί
2352 4013 2488 4064 ἐστι·
2545 4012 2615 4067 Τὸ
2648 4011 3086 4080 γεγεννημένον
3129 4012 3200 4065 ἐκ
3243 4010 3348 4064 τοῦ
3391 4013 3755 4081 "religatae,

2181 4102 2416 4174 πνεῦμά
2459 4103 2626 4168 ἔστω
2670 4105 2707 4156 Γ
2711 4106 2925 4175 έννησιν
2963 4103 3234 4163 ἐνταῦθα.
3276 4104 3374 4174 τὴν
3408 4104 3548 4156 κατὰ
3590 4101 3759 4172 τιμὴν

2182 4197 2276 4248 καὶ
2308 4196 2469 4269 χάριν
2511 4195 2658 4263 λέγει
2701 4195 2789 4248 διὰ
2833 4194 2928 4248 τοῦ
2974 4194 3348 4265 βαπτίσματος
3394 4195 3758 4262 ἀναγέννησιν

2182 4289 2276 4340 καὶ
2304 4286 2596 4340 υἱοθεσίαν.

2251 4378 2352 4431 Διὰ
2372 4378 2423 4430 τί
2447 4379 2601 4449 φέρει
2631 4379 2973 4449 παράδειγμα
2995 4377 3169 4449 λέγων
3191 4395 3204 4408 ⁶
3233 4379 3304 4434 Τὸ
3331 4377 3574 4447 Πνεῦμα
3599 4377 3758 4430 ὅπου

2183 4468 2340 4523 θέλει
2373 4471 2530 4533 πνεῖ,
2579 4471 2679 4527 καὶ
2724 4471 2839 4541 τὴν
2876 4473 3088 4542 φωνὴν
3128 4473 3316 4526 αὐτοῦ
3345 4471 3605 4536 ἀκούεις,
3644 4471 3756 4523 οὐκ

499 4563 671 4616 veniat
717 4572 768 4616 et
820 4577 922 4632 quo
965 4560 1160 4613 vadat?
1209 4558 1358 4612 Talis
1392 4567 1476 4613 est
1523 4558 1623 4611 ista
1671 4555 1984 4611 sententia:
2020 4555 2076 4608 Si

2185 4557 2348 4628 οἶδας
2381 4561 2448 4615 δὲ
2473 4564 2658 4617 πόθεν
2690 4563 2927 4632 ἔρχεται
2960 4564 3060 4621 καί
3089 4563 3208 4624 ποῦ
3232 4563 3480 4630 exciret;
3513 4563 3668 4614 Ἐστι
3695 4558 3754 4613 δὲ

466 4718 480 4732 I
500 4657 670 4720 enim,
706 4656 803 4719 ait,
830 4653 975 4706 venti
1008 4651 1166 4719 cujus
1196 4650 1514 4704 sensatione
1548 4648 1792 4701 auditum
1821 4648 2076 4718 percipis,

499 4749 606 4798 vim
636 4747 908 4814 explicare
937 4743 1139 4803 nescis,
1165 4739 1443 4810 quomodo
1481 4741 1647 4795 divini
1685 4739 1919 4809 Spiritus
1949 4756 2074 4809 ope-

499 4837 766 4892 rationem
793 4835 1084 4890 conaberis
1123 4831 1461 4902 intelligere?

574 5018 741 5073 Vens.
774 5016 857 5070 10.
892 5015 952 5070 Si
980 5023 1187 5068 terrena
1220 5013 1335 5067 dixi
1368 5012 1508 5065 vobis
1539 5021 1586 5065 et
1616 5027 1718 5066 non
1749 5012 1968 5064 creditis
1996 5011 2072 5078 (id

499 5121 580 5165 est
610 5154 623 5175 ,
655 5110 724 5163 de
777 5106 1052 5176 baptismo
1093 5116 1147 5158 et
1185 5105 1252 5159 de
1286 5104 1568 5157 nativitate
1607 5103 1906 5157 secundum
1949 5118 2074 5173 gra~

500 5205 654 5270 tiam)
682 5218 694 5252 :
718 5196 992 5264 Qtto.uodo
1022 5196 1066 5248 si
1105 5196 1289 5248 dixero
1320 5194 1461 5247 vobis
1489 5193 1717 5247 cwlestia
1746 5192 1818 5263 (id
1848 5202 1930 5248 est
1953 5235 1964 5255 ,
2005 5195 2073 5248 tle

499 5293 759 5348 itteﬂ'abili
790 5289 1189 5360 generatione)?
1205 5288 1308 5340 Alii
1345 5298 1525 5342 autem
1565 5297 1837 5342 terrenum
1872 5288 2075 5340 intelli-

497 5387 711 5454 gttntdo
744 5382 889 5434 venti
918 5382 1266 5450 operatione;
1305 5381 1348 5432 si
1381 5396 1508 5432 vero
1540 5381 1867 5449 baptismum
1899 5388 2071 5434 terre-

499 5494 626 5531 ntttn
661 5477 813 5539 dicit,
848 5477 926 5526 vel
951 5475 1080 5544 quia
1114 5476 1164 5526 in
1202 5483 1343 5526 terra
1367 5473 1662 5540 perﬁcitur,
1692 5473 1771 5526 vel
1799 5488 1892 5541 per
1925 5489 2070 5526 cont-

497 5571 837 5640 perationem
874 5569 1082 5623 ccclesti
1110 5567 1281 5638 ipsius
1317 5567 1675 5635 getteratiotti.

571 5749 736 5803 Vens.
768 5750 851 5802 15.
889 5750 998 5804 Cur
1023 5751 1160 5804 dixit
1191 5767 1205 5802 :
1240 5748 1408 5801 Nemo
1467 5751 1703 5803 ascendit
1755 5748 1808 5802 in
1863 5749 2069 5815 cadum,

500 5844 601 5897 nisi
617 5843 704 5913 qui
732 5843 995 5898 descendit
1018 5845 1078 5898 de
1097 5842 1264 5898 uelo?
1292 5840 1357 5895 Ut
1381 5840 1736 5897 Nicodentuttt
1761 5844 2074 5898 etttetularet

2179 4653 2240 4705 τὸ
2264 4654 2442 4725 νόημα
2482 4655 2721 4708 τοιοῦτον
2742 4673 2753 4684 ·
2789 4657 2850 4709 Ei
2885 4657 3014 4728 γὰρ,
3049 4657 3204 4726 φησι,
3233 4654 3327 4709 τοῦ
3357 4647 3662 4724 ἀνέμου,οἶ›
3688 4655 3752 4723 τῇ

2180 4747 2429 4816 αἰσθήσει
2460 4747 2589 4818 δέχῃ
2629 4748 2728 4819 τὴν
2765 4750 2957 4818 ἀκοὴν,
2994 4749 3091 4817 τὴν
3121 4749 3299 4819 ὁρμὴν
3330 4748 3384 4802 δὲ
3417 4745 3754 4818 ἑρμηνεῦσαι

2178 4839 2280 4890 οὐκ
2313 4834 2484 4904 οἶδας,
2517 4839 2635 4903 πῶς
2671 4842 2768 4908 τὴν
2796 4841 2903 4893 ἀπὸ
2940 4842 3033 4894 τοῦ
3077 4841 3223 4894 θείου
3257 4839 3572 4910 Πνεύματος
3597 4837 3750 4905 ἐνέρ-

2180 4947 2335 4997 γειαν
2366 4931 2710 5003 περιεργὰζῃ
2746 4933 2972 5001 νοῆσαις
3052 4920 3058 4927 ’

2253 5022 2320 5073 Ei
2357 5021 2429 5074 τὰ
2473 5021 2707 5090 ἐπίγεια
2743 5018 2918 5076 εἷπον
2958 5022 3133 5090 ὑμῖν,
3182 5023 3280 5074 καί
3319 5023 3392 5075 οὐ
3438 5019 3754 5073 πιστεύετε

2181 5112 2494 5178 (τουτέστι,
2553 5116 2683 5182 περὶ
2738 5115 2830 5168 τοῦ
2880 5115 3261 5186 βαπτίσματος
3316 5115 3412 5166 καὶ
3461 5113 3559 5182 τῆς
3615 5113 3754 5166 κατὰ

2180 5205 2340 5274 χάριν
2380 5207 2686 5275 γεννήσεως
2705 5207 2755 5277 )l’
2797 5206 2922 5272 πῶς
2962 5207 3070 5260 ἐὰν
3098 5208 3246 5261 εἴπω
3285 5206 3428 5274 ὑμῖν
3473 5205 3544 5257 τὰ
3572 5205 3755 5257 ἐπον-

2171 5293 2352 5361 ράνιιι
2384 5296 2676 5364 (τουτέστι,
2711 5299 2836 5366 περὶ
2865 5298 2962 5366 τῆς
2994 5294 3447 5368 ἁπορῤήτουχκαὶ
3472 5293 3753 5363 ἀφράστου

2179 5387 2545 5458 γεννήσεως);
2594 5389 2778 5441 ’Ἄλλοι
2806 5389 2863 5441 δὲ
2914 5389 2974 5440 τὸ
3025 5389 3298 5456 ἐπίγειον,
3346 5387 3474 5455 περὶ
3517 5384 3614 5453 τῆς
3655 5382 3752 5432 τοῦ

2178 5477 2378 5546 ἀνέμου
2414 5480 2693 5548 ἐνεργείας
2727 5479 2959 5532 νοοῦσιν.
2995 5482 3054 5532 ΕΞ
3092 5481 3147 5531 δὲ
3185 5481 3243 5532 τὸ
3284 5479 3591 5546 βάπτισμα,
3633 5473 3752 5525 ἐπί-

2179 5587 2326 5636 γειον
2371 5569 2540 5635 λέγει,
2575 5569 2606 5638 ἦ
2646 5571 2733 5622 διὰ
2780 5571 2838 5622 τὸ
2871 5575 2928 5622 ἐν
2975 5575 3039 5641 τῇ
3075 5573 3143 5640 γῇ
3189 5569 3494 5634 τελεῖσθαι,
3539 5567 3571 5638 ἦ
3617 5565 3752 5636 πρὸς

2183 5661 2467 5730 σύγκρισιν
2503 5663 2601 5728 τῆς
2632 5663 2840 5716 ἄνωθεν
2871 5664 3036 5717 αὑτοῦ
3067 5666 3395 5732 γεννήσεως.

2249 5753 2346 5804 Διὰ
2399 5755 2450 5804 τί
2513 5751 2633 5806 εἶπε
2687 5755 2787 5820 τὸ,
2831 5756 3042 5823 Οὐδείς
3099 5755 3468 5821 ἀναϐέϐηκεν
3508 5755 3594 5818 εἰς
3648 5751 3748 5805 τὸν

2179 5842 2472 5913 οίψανὸν,
2507 5847 2560 5898 εὶ
2585 5845 2671 5914 μὴ
2705 5848 2734 5900 6
2773 5849 2837 5902 ἐκ
2871 5849 2976 5902 τοῦ
3010 5848 3270 5913 οὐρανοῦ
3300 5844 3589 5911 καταϐάς-ξ
3639 5844 3749 5899 "Iw
