4026 6582
335 387 473 454 1229

1394 382 1716 446 SC'IOLIA
1746 385 2042 448 VETERA
2076 381 2160 445 ΙΝ
2189 379 2564 445 JOANNEM.

3445 369 3581 435 1230

332 501 427 554 τὸν
482 499 794 570 Νικόδημον
853 498 1248 569 διοροὼσηται,
1311 497 1435 552 ἐπεὶ
1489 499 1694 560 ἐκεῖνος
1723 493 1897 560 εἶπεν,

2040 512 2129 548 ιιιιι
2151 494 2240 549 ille
2258 491 2488 546 dixerit:
2515 490 2724 544 Scimus
2746 490 2871 560 quia
2896 506 2926 543 a
2953 487 3059 542 Deo
3081 488 3265 542 uenisti
3306 488 3579 558 magister.

329 595 413 646 ὅτι
457 593 592 647 Ἀπὸ
652 593 802 646 Θεοῦ
840 592 1145 657 ἐλήλυθας
1184 589 1574 654 διδάσκαλος.
1615 588 1901 641 Ὲκκόπτει

333 685 428 738 οὖν
461 684 626 738 αὑτοῦ
667 685 727 737 τὸ
764 685 1018 756 φρόνημα
1049 685 1129 747 εἰς
1165 684 1226 736 τὸ
1273 682 1347 754 μὴ
1377 681 1520 753 ἔχειν
1561 681 1724 734 αὑτὸν
1761 681 1902 733 διδοί-

335 780 556 836 σκαλον.

405 870 506 922 Διὰ
561 869 614 922 τί
678 864 840 922 εἷπε·
891 867 999 923 Καὶ
1042 867 1230 933 καθὼς
1280 863 1505 931 Μωσῆς
1544 864 1753 930 ὕψωσε
1801 863 1907 915 τὸν

335 967 474 1035 ὄφιν
498 966 569 1019 ἐν
604 965 678 1034 τῇ
710 964 942 1034 ἐρήμῳ;
975 963 1196 1036 Πρῶτον
1227 961 1362 1030 μὲν,
1402 959 1491 1012 ἵνα
1519 956 1781 1028 μάθωμεν
1823 956 1907 1010 ὅτι

336 1057 576 1127 συγγενῆ
602 1055 671 1109 τὰ
694 1055 901 1108 παλαιὰ
926 1055 1037 1117 τοῖς
1061 1054 1201 1115 νέοις
1223 1090 1238 1116 ,
1265 1050 1360 1104 καὶ
1388 1049 1476 1102 ἵνα
1497 1048 1716 1118 γνῶμεν
1739 1049 1820 1101 ὅτι
1846 1046 1907 1099 οὐ

337 1148 537 1199 κακόνο
595 1147 787 1199 ἔπειτα
837 1146 919 1199 ὅτι
974 1144 1024 1196 εί
1070 1143 1206 1212 προς
1255 1141 1440 1194 εἰκόνα
1481 1140 1691 1210 χαλκῆν
1732 1137 1910 1208 ὄφεως

338 1239 630 1308 βλέποντες
678 1239 729 1291 οἱ
793 1237 1038 1291 Ἰουδαῖοι
1089 1234 1347 1304 διέφυγον
1413 1232 1678 1294 θάνατον,
1731 1229 1911 1297 πολλῴ

341 1329 544 1399 μᾶλλον
601 1331 682 1392 εἱς
750 1329 842 1382 τὸν
903 1324 1320 1396 ἐσταυρωμένον
1382 1322 1751 1383 πιστεύοντες.
1815 1320 1914 1372 Διὰ

335 1422 495 1476 τοῦτο
523 1423 802 1492 ἐπήγαγεν
825 1437 840 1453 °
873 1421 1010 1476 ἰνα
1040 1418 1158 1486 πᾶς
1186 1421 1220 1472 ό
1258 1417 1562 1472 πιστεύων
1584 1417 1672 1480 εις
1703 1411 1912 1478 αὐτὸν,

333 1513 419 1582 μὴ
449 1514 769 1580 ἀπόληται.

407 1604 482 1657 Τδ
505 1643 522 1669 ,
554 1607 674 1658 οὐκ
699 1604 1023 1659 ἀπέστειλε
1057 1603 1180 1658 -τὸν
1223 1605 1360 1658 Υιὸν
1385 1601 1572 1658 αὐτοῦ
1607 1601 1706 1655 ἵνα
1741 1601 1916 1670 κρίνῃ

338 1698 438 1753 τὸν
476 1699 728 1768 κόσμον,
753 1699 890 1754 ἀλλ’
919 1699 1020 1752 ἵνα
1048 1701 1222 1767 σώσῃ
1250 1699 1357 1752 τὸν
1379 1699 1614 1766 κόσμον
1635 1711 1649 1725 ο
1681 1694 1778 1766 τὴν
1809 1696 1918 1766 γὰρ

340 1791 546 1860 κρίσιν,
577 1791 764 1861 φησιν,
791 1792 849 1844 ἐν
881 1794 946 1862 τῇ
975 1791 1208 1864 δευτέρᾳ
1237 1789 1444 1844 ἐλεύσει
1466 1790 1548 1843 δεῖ
1577 1788 1845 1856 γενέσθαι.

422 1883 486 1936 '0
529 1883 831 1938 πιστεύων
868 1885 954 1950 εὶς
997 1884 1106 1938 τὸν
1162 1883 1332 1950 Υἱύν,
1373 1884 1446 1939 οὺ
1488 1883 1770 1950 κρίνεται.
1816 1881 1918 1933 Φυ-

339 1975 553 2028 λάττων
581 1974 823 2045 δηλονότι
855 1976 953 2028 καὶ
985 1975 1085 2039 τὰς
1119 1975 1330 2028 ἐκείνου
1364 1973 1608 2037 ἐντολάς.
1653 1971 1920 2026 Ἐνταῦθα

341 2068 402 2121 δὲ
457 2069 556 2132 τὸ,
601 2069 677 2123 Οὐ
720 2067 1141 2140 κατακρίνεται,
1195 2071 1430 2139 νοήσεις.
1497 2066 1553 2118 '0
1600 2063 1781 2135 δὲμὴ
1825 2081 1921 2117 πι-

344 2161 614 2224 στεύων,
657 2159 774 2230 ἤδη
825 2161 1110 2230 κέκριται.
1160 2161 1321 2228 Πῶς;
1355 2159 1478 2215 Ὅτι
1529 2158 1662 2214 αὐτὸ
1697 2159 1756 2212 τὸ
1795 2160 1924 2212 ἀπι-

352 2255 518 2318 στεῖν,
549 2253 772 2318 κόλασίς
800 2257 937 2320 ἐστι,
967 2257 1034 2325 τῇ
1059 2254 1154 2310 τοῦ
1196 2256 1521 2324 πράγματος
1561 2252 1923 2316 καταδικαζό-

351 2361 512 2415 μενος
563 2345 760 2415 φύσει·
815 2345 1006 2416 ὥσπερ
1038 2347 1067 2400 ὁ
1124 2346 1356 2414 φονεὺς,
1391 2347 1487 2399 καὶ
1529 2344 1607 2416 μὴ
1649 2343 1927 2416 κρίνοντὸς

351 2455 496 2501 τινος
537 2439 611 2510 μὴ
653 2438 1062 2510 καταδικασθῇ,
1105 2441 1173 2510 τῇ
1201 2437 1294 2491 τοῦ
1332 2439 1660 2510 πράγματος
1694 2437 1927 2491 καταδε-

351 2530 603 2585 δίκασται
637 2529 816 2600 φύσει.

438 2621 491 2672 Ὀ
517 2620 706 2676 ποιῶν
740 2620 854 2691 τὴν
884 2622 1200 2690 ἀλήθειαν,
1236 2620 1474 2690 ἔρχεται
1499 2620 1650 2689 πρὸς
1681 2620 1749 2673 τὸ
1782 2619 1927 2689 φῶς.

368 2711 427 2766 Ὀ
455 2712 533 2783 τῷ
560 2713 977 2786 Χριστιανισμῷ
1007 2714 1358 2785 προστρέχων
1383 2713 1646 2785 δηλονότι.

428 2807 526 2859 Διὰ
552 2806 646 2860 τοῦ
681 2808 879 2870 εἰπεῖν,
903 2807 1007 2872 ὃτι,
1039 2807 1202 2860 Μετὰ
1233 2806 1421 2860 ταῦτα
1449 2803 1709 2871 ἐξῆλθεν
1741 2805 1774 2858 ὀ
1823 2805 1934 2870 Ἰη-

357 2897 508 2965 σοῦς
535 2900 622 2966 εἰς
644 2898 760 2968 τὴν
798 2896 1102 2953 Ἰουδαίαν
1133 2897 1271 2969 γῆν,
1305 2898 1579 2951 δείκνυσιν
1607 2897 1690 2949 ὅτι
1720 2897 1779 2948 ὲν
1811 2898 1933 2959 ταῖς

358 2987 574 3058 έτρταῖς
605 2990 686 3053 είς
711 2987 812 3061 τὴν
853 2987 1008 3042 πόλιν
1039 2987 1194 3058 ἀνῄει
1235 2986 1332 3040 καὶ
1368 2984 1641 3040 διδάσκειν
1672 2983 1768 3036 καὶ
1806 2980 1935 3035 θαυ-

361 3083 716 3154 ματουργεῖν.

433 3175 554 3228 Ὅτι
592 3176 685 3228 καὶ
719 3176 770 3228 οῖ
799 3173 1040 3246 μαθηταὶ
1077 3171 1172 3228 καὶ
1200 3174 1229 3226 ὁ
1272 3169 1526 3240 Ἰωάννης
1558 3166 1843 3231 ἐϐάπτιζε,
1871 3166 1934 3218 τὸ
1961 3214 2005 3269 C

358 3269 416 3324 ἑὲ
443 3269 596 3334 τέλος
620 3269 858 3323 ἐπετίθει
884 3267 1118 3338 Χριστὸς
1140 3266 1198 3320 τὺ
1227 3264 1452 3335 Πνεῦμα
1482 3262 1860 3334 χαριζόμενος.

433 3362 500 3414 Τί
536 3360 792 3432 σημαίνει
822 3361 856 3430 ἡ
887 3359 1156 3430 λεγομένη
1186 3357 1415 3428 ζήτησις
1445 3357 1509 3409 ἐκ
1542 3353 1651 3407 τῶν
1677 3355 1935 3424 μαθητῶν

373 3452 622 3507 Ἰωάννου
677 3452 814 3523 πρός
859 3469 982 3505 τινα
1053 3451 1308 3504 Ἰουδαῖον
1365 3448 1497 3518 περὶ
1546 3446 1933 3518 καθαρισμοῦς

363 3544 406 3596 Τ
411 3546 476 3615 ὴν
517 3543 850 3614 ζηλοτυπίαν
895 3541 1075 3596 αὐτῶν
1107 3542 1175 3613 ἣν
1207 3537 1352 3611 εἶχον
1381 3541 1468 3594 ἀεὶ
1504 3539 1640 3610 πρὸς
1685 3540 1810 3601 τοὺς
1842 3538 1934 3591 τοῦ

363 3637 602 3708 Χριστοῦ
633 3637 880 3708 μαθητὰς
900 3636 1038 3706 πρὸς
1068 3635 1231 3689 αὐτόν
1260 3651 1320 3686 τε
1339 3633 1431 3686 τὸν
1454 3631 1713 3704 Χριστὸν,
1742 3629 1819 3694 ὡς
1840 3629 1936 3683 τοῦ

367 3729 518 3799 παρὰ
572 3729 752 3783 αὐτῶν
797 3729 1174 3799 βαπτίσματος
1223 3725 1383 3779 πλέον
1431 3724 1646 3796 ἔχοντος
1690 3723 1800 3777 τῶν
1843 3722 1937 3775 τοῦ

366 3821 601 3890 Χριστοῦ
632 3821 890 3892 μαθητῶν
910 3836 925 3848 ·
958 3822 1040 3874 ὅτι
1067 3820 1122 3872 δὲ
1151 3817 1310 3871 τοῦτό
1339 3820 1479 3881 ἐστι,
1515 3815 1586 3870 τὰ
1615 3814 1742 3885 ἑξῆς
1766 3814 1936 3883 δηλοῖ.

363 3913 567 3969 Ἦλθον
594 3914 704 3986 γὰρ
732 3912 868 3982 πρὸς
901 3911 991 3964 τὸν
1019 3911 1270 3980 Ἰωάννην
1300 3909 1578 3976 λέγοντες·
1616 3904 1838 3969 Ῥαϐσὶ,
1871 3903 1939 3969 ὃς

365 4004 446 4077 ἦν
486 4007 638 4078 μετὰ
677 4003 831 4069 σοῦ,
871 4001 1150 4056 τουτέστιν
1200 4001 1259 4064 ὃς
1296 4001 1451 4066 τάξιν
1493 3998 1605 4068 ἔχει
1660 3994 1937 4068 μαθητοῦ,

367 4098 670 4169 ἀποσχίσας
700 4093 1001 4162 βαπττει·
1051 4093 1170 4147 ἀντὶ
1198 4091 1312 4157 τοῦ,
1347 4085 1423 4162 ’ῼ
1460 4090 1542 4144 σὺ
1571 4088 1940 4158 μεμαρτύρη-

366 4208 499 4259 κας,
530 4192 652 4244 ἀντὶ
683 4189 803 4254 τοῦ,
836 4190 932 4242 Ὃν
965 4189 1028 4241 σὺ
1056 4187 1377 4250 ὲϐἁπτισας.

438 4373 505 4426 Τί
544 4374 660 4426 ἐστι
701 4371 783 4435 τὸ,
815 4368 978 4439 Χαρᾷ
1023 4369 1243 4440 xtl/pa);
1278 4365 1375 4420 Διὰ
1419 4365 1480 4418 τὸ
1509 4364 1574 4418 ἐκ
1619 4363 1721 4434 τῆς
1755 4363 1942 4434 φωνῆς

368 4464 462 4520 τοῦ
489 4464 743 4536 Νυμφίου
776 4463 874 4534 τὴν
906 4462 1148 4533 Νύμφην
1184 4459 1484 4528 ἐπιγνῶναι
1531 4457 1713 4511 αὐτόν.
1757 4457 1821 4510 Ὅ
1851 4455 1942 4508 λέ-

2007 588 2174 642 Tollit
2205 586 2368 655 igitur
2397 586 2518 654 ejus
2554 584 2868 654 superbiam
2918 585 2969 636 iu
3009 597 3116 636 non
3147 581 3402 636 habendo
3452 595 3578 634 eum

2010 679 2355 750 magistrum.

2081 861 2248 917 Vsus.
2280 860 2367 916 14.
2397 858 2509 916 Cur
2539 859 2674 913 dixit
2707 856 2891 914 :Sicut
2938 855 3145 926 Moyses
3175 856 3432 911 exultavit
3475 872 3587 910 scr-

2009 965 2214 1026 pcntem
2241 955 2294 1008 in
2325 954 2532 1008 deserto
2553 954 2578 1006 ?
2609 950 2794 1008 Primo
2818 950 3066 1022 quidem,
3096 959 3156 1006 ut
3185 949 3468 1005 discamus
3493 965 3588 1004 co-

2011 1059 2172 1120 gnata
2196 1062 2318 1103 esse
2349 1056 2530 1102 vetera
2572 1060 2866 1110 novorum,
2899 1054 2952 1099 ct
2993 1054 3051 1098 ιιι
3089 1057 3492 1114 cognoscamus
3533 1043 3586 1097 id

2013 1159 2122 1197 non
2158 1143 2358 1197 malum
2393 1142 2600 1207 fuisse;
2642 1140 2839 1193 deinde
2869 1141 2913 1193 si
2949 1139 3015 1192 ad
3057 1137 3352 1206 imaginem
3389 1153 3588 1190 :ercam

2014 1235 2288 1305 serpentis
2313 1235 2642 1304 aspicientes
2666 1231 2838 1288 Judaei
2863 1242 3095 1285 mortem
3123 1229 3387 1292 vitabant,
3419 1229 3592 1281 multo

2015 1330 2190 1400 magis
2224 1328 2317 1398 qui
2363 1328 2417 1381 in
2471 1326 2794 1382 cruciﬁxum
2845 1325 3108 1389 credunt;
3168 1323 3288 1378 ideo
3333 1322 3533 1393 adjecit
3577 1339 3591 1375 :

2019 1422 2088 1480 Ut
2120 1423 2288 1477 omnis
2305 1421 2393 1490 qui
2427 1420 2592 1474 credit
2610 1421 2663 1473 in
2689 1435 2805 1474 cum
2840 1434 2940 1472 non
2963 1426 3164 1488 pereat.

2046 1627 2061 1648 ο
2091 1608 2252 1663 Vens.
2291 1607 2378 1661 17.
2426 1605 2549 1660 Non
2590 1606 2734 1659 misit
2794 1603 2998 1658 Filium
3081 1621 3234 1658 situm
3285 1614 3341 1658 ut
3391 1605 3596 1676 iudicet

2023 1699 2300 1765 mundum,
2331 1698 2421 1752 sed
2481 1707 2538 1751 ut
2589 1696 2754 1750 salt-et
2810 1696 3084 1750 mundum.
3126 1694 3401 1752 Judicium
3426 1697 3596 1760 enim,

2024 1792 2222 1864 inquit,
2256 1791 2309 1846 in
2337 1790 2580 1846 secundo
2620 1789 2852 1844 adventu
2883 1798 3100 1859 Oportet
3125 1789 3262 1844 ﬁeri.

2096 1885 2383 1941 “15.18.
2436 1885 2540 1950 Qui
2598 1884 2764 1939 credit
2803 1885 2855 1938 in
2905 1882 3126 1948 Filium,
3171 1899 3275 1937 nou
3299 1883 3598 1953 judicalur.

2023 1980 2076 2036 id
2109 1989 2196 2035 cst
2215 1979 2519 2044 evidenter,
2545 1978 2637 2048 qui
2663 1979 2920 2032 observat
2952 1977 3074 2047 ejus
3097 1977 3384 2044 mandata;
3411 1978 3480 2032 ibi
3504 1992 3604 2032 au-

2022 2082 2158 2138 tem,
2183 2069 2303 2126 Non
2339 2070 2781 2134 condemnatur,
2803 2069 3092 2140 intelliges.
3137 2068 3243 2134 Qui
3293 2079 3468 2123 autem
3499 2085 3604 2124 nou

2023 2168 2211 2230 credit,
2240 2166 2359 2235 jam
2395 2165 2674 2233 judicatus
2705 2171 2810 2218 cst.
2855 2163 3180 2230 Quomodo?
3207 2161 3346 2230 Quia
3379 2163 3493 2232 ipsa
3517 2163 3606 2216 in-

2024 2258 2319 2314 credulitas
2337 2255 2664 2326 supplicium
2683 2263 2766 2309 est
2794 2264 2949 2308 actus
2969 2264 3164 2308 natura
3197 2253 3562 2309 condemnato
3585 2271 3602 2308 :

2025 2361 2085 2407 ut
2112 2350 2413 2415 homicida,
2450 2347 2552 2403 etsi
2623 2363 2651 2402 a
2685 2347 2868 2418 judice
2898 2347 3050 2402 nullo
3077 2347 3473 2402 condemnatus
3494 2347 3608 2402 fue-

2026 2441 2122 2506 rit,
2156 2449 2315 2496 actus
2344 2448 2540 2494 natura
2575 2437 2978 2494 condemnatus
3001 2445 3106 2491 est.

2103 2625 2264 2682 Vsus.
2301 2626 2395 2680 2|.
2429 2623 2532 2690 Qui
2555 2624 2684 2694 facit
2714 2624 3008 2687 veritatem,
3033 2623 3170 2678 venit
3216 2624 3286 2676 ad
3318 2624 3510 2678 lucem.
3549 2624 3608 2680 Id

2031 2729 2135 2784 cst,
2162 2721 2256 2789 qui
2287 2718 2356 2772 ad
2381 2717 2866 2772 Christianismum
2897 2717 3127 2770 accedit.

2105 2809 2270 2864 Vens.
2301 2809 2393 2862 22.
2423 2807 2664 2862 Dicenda
2695 2806 2844 2876 quod
2883 2845 2900 2871 ,
2932 2807 3063 2859 Post
3085 2807 3196 2861 haec
3224 2809 3359 2862 venit
3379 2807 3536 2862 Jcsus
3557 2808 3611 2863 iu

2034 2910 2230 2953 terram
2258 2896 2532 2962 Judteam,
2561 2897 2802 2952 ostendit
2850 2897 3002 2951 illum
3039 2897 3232 2953 diebus
3264 2897 3419 2955 festis
3449 2901 3503 2955 in
3533 2903 3614 2958 ci-

2035 2991 2255 3046 vitatem
2283 2989 2606 3052 ascendere,
2640 2997 2698 3044 ut
2725 2987 2949 3045 doceret
2989 2996 3045 3044 et
3064 2991 3218 3060 signa
3246 2989 3468 3045 faceret.

2111 3175 2390 3231 Vens.23.
2423 3174 2689 3246 Discipuli
2725 3185 2778 3230 et
2805 3173 3047 3232 Joannes
3079 3176 3454 3246 baptizabant,
3488 3195 3616 3248 per-

1983 3253 2006 3273 ³
2041 3269 2326 3324 factionem
2357 3277 2540 3322 autem
2566 3267 2764 3337 adjecit
2790 3268 3046 3323 Christus
3087 3269 3350 3338 Spiritum
3379 3273 3614 3329 donans.

2111 3358 2275 3413 Vens.
2307 3357 2398 3412 23.
2427 3357 2564 3423 Quid
2591 3357 2864 3426 signiﬁcat
2885 3359 3136 3428 quzestio.
3161 3358 3228 3414 de
3254 3376 3360 3430 qua
3391 3363 3616 3426 dicitur,

2037 3468 2103 3506 ex
2139 3451 2427 3520 discipulis
2455 3448 2685 3504 Joannis
2719 3465 2843 3504 cum
2873 3450 3063 3520 aliquo
3093 3449 3279 3506 διιόωο
3319 3453 3388 3508 de
3429 3454 3616 3524 ριπίιι.

2037 3542 2291 3597 catione?
2336 3539 2670 3611 Zelotypiam
2723 3555 2830 3608 qua
2882 3541 2969 3594 isti
3026 3541 3348 3597 laborabant
3399 3561 3616 3616 semper

2039 3644 2230 3691 contra
2259 3633 2466 3690 Christi
2493 3633 2792 3702 discipulos
2813 3643 2866 3688 ct
2893 3645 3084 3691 contra
3113 3635 3292 3708 ipsum
3311 3637 3614 3708 Christum,

2042 3738 2100 3783 ut
2133 3728 2407 3798 baptismo
2468 3727 2538 3781 ab
2588 3726 2723 3796 ipsis
2761 3727 2960 3782 collato
2991 3729 3168 3798 majus
3208 3731 3340 3801 quid
3381 3731 3618 3790 habente

2040 3837 2203 3892 quam
2233 3821 2540 3890 baptismus
2564 3819 2770 3876 Christi
2795 3821 3228 3890 discipulorum;
3261 3824 3406 3894 quod
3429 3833 3615 3881 autem

2043 3915 2095 3968 id
2128 3913 2315 3980 fuerit,
2343 3930 2466 3984 quae
2507 3923 2816 3982 sequuntur
2841 3916 3160 3970 ostendunt.
3189 3915 3324 3970 Nam
3353 3931 3620 3975 venerunt

2041 4007 2108 4061 ad
2130 4004 2395 4061 Joannem
2421 4007 2664 4062 dicentes
2693 4025 2707 4061 :
2739 4005 2924 4072 Rabbi,
2956 4009 3046 4077 qui
3067 4019 3181 4062 erat
3211 4021 3401 4076 tecum,
3435 4013 3486 4067 id
3512 4024 3618 4077 est,

2042 4099 2134 4168 qui
2185 4099 2436 4168 discipuli
2500 4115 2695 4153 nomen
2767 4100 2950 4165 habet,
3001 4115 3290 4170 separatus
3343 4103 3615 4174 baptizat,

2044 4191 2200 4262 quasi
2224 4191 2497 4246 dixerint:
2525 4191 2626 4245 Cui
2650 4193 3075 4246 tutcctinwuium
3101 4194 3436 4262 perhibuisti,
3455 4215 3618 4268 quem

2045 4293 2099 4337 tn
2131 4283 2441 4353 baptizasti.

2118 4375 2287 4431 Vens.
2315 4375 2406 4432 9.9.
2433 4375 2575 4442 Quid
2599 4383 2704 4437 est,
2740 4373 2950 4430 Gaudio
2980 4377 3218 4445 gaudet?
3246 4378 3382 4444 Quia
3415 4397 3446 4436 ιι
3483 4399 3618 4439 νοω

2049 4466 2245 4536 Sponsi
2275 4465 2547 4536 Sponsum
2584 4467 2838 4534 agnoscit
2869 4465 3117 4535 Sponsa;
3159 4469 3304 4536 quod
3347 4471 3480 4526 dicit
3513 4476 3624 4530 talo

370 4579 460 4630 γει
488 4559 726 4612 τοιοῦτόν
787 4561 956 4611 ἐστιν·
995 4557 1115 4610 ἀντὶ
1163 4555 1279 4620 τοῦ,
1343 4555 1406 4607 El
1441 4553 1515 4622 μὴ
1557 4551 1862 4622 προσῆλθεν
1905 4551 1932 4622 η

2049 4569 2132 4616 est
2157 4579 2170 4613 :
2197 4557 2252 4613 Si
2279 4574 2386 4612 non
2418 4559 2658 4612 venisset
2687 4557 2920 4627 Sponsa,
2954 4558 3002 4611 id
3035 4568 3118 4612 est
3152 4561 3384 4628 populus
3411 4564 3493 4617 vel
3526 4565 3628 4618 lic-

370 4654 600 4726 Νῦμφη,
626 4652 905 4706 τουτέστιν
955 4651 982 4702 ὁ
1020 4649 1171 4712 λαὸς,
1213 4649 1382 4720 ἣγουν
1408 4648 1442 4716 ἡ
1508 4645 1833 4715 Ἐκκλησία,
1867 4642 1946 4714 τῷ

372 4743 593 4814 νυμφίῳ
639 4741 907 4814 Χριστῷ,
953 4741 1073 4793 τότε
1116 4737 1181 4791 ἂν
1228 4739 1460 4809 ηλγησα·
1499 4735 1593 4789 νῦν
1645 4736 1702 4788 δὲ
1755 4735 1946 4788 τούτου

296 4869 302 4873 -
375 4837 694 4906 γενομένου,
728 4833 804 4897 ὼς
830 4833 982 4901 φίλος
1009 4833 1152 4903 χαρᾷ
1188 4831 1384 4902 χαίρω.

445 4929 511 4981 Τί
546 4928 821 4999 σημαίνει·
859 4927 923 4979 '0
945 4925 1174 4979 ἀνωθεν
1201 4925 1545 4994 ἐρχόμενος,
1567 4920 1768 4975 ἐπάνω
1799 4921 1950 4976 πάν-

373 5039 492 5076 των
543 5021 714 5086 ἐστί;
761 5021 872 5091 Τὴν
923 5018 1373 5092 ὑπερϐάλλουσαν
1417 5015 1520 5086 τῆς
1570 5015 1728 5085 δόξης
1781 5013 1948 5068 αὐτοῦ

377 5114 671 5184 ὑπεροχήν.
705 5112 747 5164 Τ
751 5111 810 5164 ὸν
837 5111 894 5164 δὲ
935 5111 997 5163 ἐκ
1033 5112 1133 5180 τῆς
1175 5109 1278 5178 γῆς
1329 5107 1461 5160 ὄντα
1514 5108 1610 5159 καὶ
1655 5107 1948 5170 λαλοῦντα,

377 5210 567 5262 ἑαυτὸν
599 5223 782 5277 φησιν,
817 5206 915 5274 οὐχ
959 5207 1041 5258 ὃτι
1071 5204 1127 5256 δὲ
1160 5204 1323 5271 γήϊνα
1364 5202 1569 5270 ἔλεγεν,
1604 5201 1736 5254 ἀλλὰ
1769 5217 1951 5269 παρα-

377 5300 592 5353 ϐάλλων
619 5299 686 5352 τὰ
714 5297 880 5352 αὑτοῦ
906 5297 1040 5368 πρὸς
1075 5295 1166 5348 τὸν
1200 5295 1454 5366 Χριστόν.

451 5395 575 5446 Ὀτι
621 5393 676 5445 δὲ
725 5388 916 5444 εἶπενο
952 5393 1072 5456 Τὴν
1124 5388 1460 5456 μαρτυρίαν
1510 5386 1695 5440 αὐτοῦ
1753 5385 1952 5450 οὐδεὶς

376 5484 689 5554 λαμϐάνει,
719 5484 840 5536 ἀντὶ
861 5482 979 5545 τοῦ,
1030 5481 1254 5550 Ὀλίγοι,
1281 5481 1464 5551 φησίνυ
1494 5478 1684 5549 ὣσπερ
1729 5478 1839 5550 γὰρ
1867 5479 1950 5542 τὸ,

378 5576 632 5641 Πάντες,
651 5575 744 5627 ἐπὶ
771 5575 880 5628 τῶν
903 5573 1113 5627 πολλῶν
1146 5574 1368 5636 νοεῖται,
1400 5570 1542 5624 οὕτω
1574 5573 1668 5624 καὶ
1694 5571 1776 5635 τὸ,
1801 5571 1952 5623 οὑδ-

379 5669 490 5734 εἱς,
521 5669 615 5720 ἐπὶ
644 5667 751 5720 τῶν
786 5667 1002 5734 ὀλίγων.

453 5761 518 5814 Τί
550 5762 715 5813 ἐστιν·
759 5760 822 5813 '0
854 5759 959 5828 γὰρ
989 5755 1192 5812 λαϐὼν
1231 5757 1418 5811 αὑτοῦ
1455 5758 1569 5824 τὴν
1616 5761 1952 5829 μαρτιφίαν

384 5853 753 5925 ἐσφράγισεν
783 5853 869 5906 ὅτι
918 5855 950 5906 ὁ
997 5849 1139 5914 Θεὸς
1158 5847 1390 5915 ἀληθής
1412 5849 1621 5915 ἐστιν;
1661 5852 1807 5907 Ἀντί
1832 5852 1949 5915 τοῦ,

2052 4653 2240 4716 clesia,
2279 4653 2347 4707 ad
2387 4667 2645 4721 sponsum
2673 4651 2978 4712 Christum.
3019 4661 3148 4706 tunc
3174 4653 3446 4721 do!ebam,
3473 4674 3620 4713 nunc

2053 4757 2235 4802 autem
2263 4749 2365 4801 hoc
2404 4745 2550 4800 facto
2572 4756 2630 4798 ut
2655 4743 2866 4799 amicus
2897 4743 3096 4813 gaudio
3125 4746 3358 4815 gaudeo.

2123 4933 2289 4987 Vsus.
2325 4932 2416 4986 51.
2447 4931 2587 4996 Quid
2637 4931 2911 4998 signiﬁcat
2939 4948 2955 4984 :
2988 4931 3092 4998 Qui
3137 4933 3416 4989 desursum
3468 4939 3627 5006 venit,

2053 5041 2210 5094 super
2259 5039 2434 5076 omnes
2484 5025 2607 5076 est?
2656 5023 3203 5091 Superabundantem
3254 5028 3439 5097 gloriae
3482 5029 3630 5086 illius

2055 5115 2514 5186 magnitudinem.
2550 5113 2653 5180 Qui
2685 5125 2769 5168 est
2814 5115 2880 5169 dc
2907 5127 3051 5170 terra
3085 5128 3140 5171 et
3171 5119 3240 5173 de
3274 5127 3413 5172 terra
3445 5119 3629 5190 loqui-

2057 5222 2166 5274 tur,
2201 5209 2270 5264 de
2319 5225 2378 5262 se
2408 5209 2560 5272 dicit,
2609 5224 2716 5261 non
2750 5208 2897 5277 quod
2954 5219 3169 5263 terrena
3217 5211 3494 5281 loquatur,
3532 5215 3628 5268 sed

2055 5318 2153 5360 sua
2189 5302 2403 5355 cont’ert
2428 5315 2554 5354 cum
2587 5297 2829 5353 Christo.

2125 5392 2292 5449 Vens.
2325 5392 2414 5448 52.
2457 5391 2838 5446 Testimonium
2863 5392 2975 5461 ejus
3013 5408 3163 5448 nemo
3194 5395 3406 5465 accipit,
3439 5398 3490 5451 id
3520 5410 3626 5464 est,

2056 5485 2219 5540 Pauci
2253 5485 2560 5555 accipiunt;
2595 5495 2654 5537 ιιι
2680 5483 2825 5536 enim
2857 5499 3048 5539 omnes
3082 5499 3183 5555 pro
3223 5487 3409 5542 multis
3430 5488 3628 5546 intelli-

2056 5579 2222 5648 gitur,
2250 5578 2346 5641 ita,
2373 5575 2564 5640 Nemo,
2597 5591 2695 5646 pro
2729 5575 2940 5645 paucis.

2127 5759 2294 5816 Vens.
2325 5762 2413 5817 53.
2437 5761 2541 5829 Qui
2561 5771 2647 5818 est
2677 5782 2690 5817 :
2725 5761 2830 5828 Qui
2858 5765 2997 5818 enim
3017 5767 3214 5832 accepit
3241 5766 3352 5834 ejus
3392 5766 3635 5823 testimo-

2060 5856 2227 5922 nium,
2256 5856 2483 5925 signacit
2513 5857 2638 5927 quia
2689 5854 2824 5910 Deus
2868 5872 3024 5911 verax
3055 5859 3174 5913 est?
3224 5855 3278 5914 Id
3309 5869 3411 5930 est,
3441 5862 3534 5932 qui
3561 5863 3636 5917 illi
