  <div class='ocr_page' id='page_1' title='image "/cluster/home/n/w/nwhite01/storage/ocr_20150623/106/hvd.32044051727071/627.png"; bbox 0 0 4026 6576; ppageno 0'>
   <div class='ocr_carea' id='block_1_1' title="bbox 472 369 618 435">
    <p class='ocr_par' dir='ltr' id='par_1_1' title="bbox 472 369 618 435">
     <span class='ocr_line' id='line_1_1' title="bbox 472 369 618 435; baseline -0.014 0"><span class='ocrx_word' id='word_1_1' title='bbox 472 371 506 435; x_wconf 75' lang='lat'><strong>1</strong></span> <span class='ocrx_word' id='word_1_2' title='bbox 518 369 618 435; x_wconf 73' lang='lat'><strong>23&#39;1</strong></span> 
     </span>
    </p>
   </div>
   <div class='ocr_carea' id='block_1_2' title="bbox 1231 372 3015 447">
    <p class='ocr_par' dir='ltr' id='par_1_2' title="bbox 1231 372 3015 447">
     <span class='ocr_line' id='line_1_2' title="bbox 1231 372 3015 447; baseline 0.007 -13"><span class='ocrx_word' id='word_1_3' title='bbox 1231 372 1623 437; x_wconf 64' lang='lat' dir='ltr'><strong>OPUSCULA</strong></span> <span class='ocrx_word' id='word_1_4' title='bbox 1655 375 2287 439; x_wconf 76' lang='lat' dir='ltr'><strong>SCRIPTURISTICA</strong></span> <span class='ocrx_word' id='word_1_5' title='bbox 2320 379 2667 443; x_wconf 56' lang='lat' dir='ltr'><strong>INCERTfE</strong></span> <span class='ocrx_word' id='word_1_6' title='bbox 2705 384 3015 447; x_wconf 65' lang='lat' dir='ltr'><strong>r‘ETATIS.</strong></span> 
     </span>
    </p>
   </div>
   <div class='ocr_carea' id='block_1_3' title="bbox 3596 393 3726 460">
    <p class='ocr_par' dir='ltr' id='par_1_3' title="bbox 3596 393 3726 460">
     <span class='ocr_line' id='line_1_3' title="bbox 3596 393 3726 460; baseline 0.031 -4"><span class='ocrx_word' id='word_1_7' title='bbox 3596 393 3726 460; x_wconf 58' lang='grc' dir='ltr'><strong>ιαι</strong></span> 
     </span>
    </p>
   </div>
   <div class='ocr_carea' id='block_1_4' title="bbox 478 484 2032 576">
    <p class='ocr_par' dir='ltr' id='par_1_4' title="bbox 478 484 2031 559">
     <span class='ocr_line' id='line_1_4' title="bbox 478 484 2031 559; baseline 0.003 -21"><span class='ocrx_word' id='word_1_8' title='bbox 478 501 585 539; x_wconf 89' lang='lat' dir='ltr'><strong>non</strong></span> <span class='ocrx_word' id='word_1_9' title='bbox 617 484 810 549; x_wconf 90' lang='lat' dir='ltr'><strong>credit,</strong></span> <span class='ocrx_word' id='word_1_10' title='bbox 836 484 977 539; x_wconf 77' lang='lat' dir='ltr'><strong>Patri</strong></span> <span class='ocrx_word' id='word_1_11' title='bbox 1005 500 1225 556; x_wconf 89' lang='lat' dir='ltr'><strong>quoque</strong></span> <span class='ocrx_word' id='word_1_12' title='bbox 1272 503 1379 542; x_wconf 91' lang='lat' dir='ltr'><strong>non</strong></span> <span class='ocrx_word' id='word_1_13' title='bbox 1406 490 1609 555; x_wconf 89' lang='lat' dir='ltr'><strong>credit;</strong></span> <span class='ocrx_word' id='word_1_14' title='bbox 1647 506 1795 555; x_wconf 88' lang='lat' dir='ltr'><strong>nam,</strong></span> <span class='ocrx_word' id='word_1_15' title='bbox 1817 488 2031 559; x_wconf 77' lang='lat' dir='ltr'><strong>Siguari</strong></span> 
     </span>
    </p>
   </div>
   <div class='ocr_carea' id='block_1_5' title="bbox 2141 484 3734 576">
    <p class='ocr_par' dir='ltr' id='par_1_5' title="bbox 2162 492 3734 576">
     <span class='ocr_line' id='line_1_5' title="bbox 2162 492 3734 576; baseline 0.013 -33"><span class='ocrx_word' id='word_1_16' title='bbox 2162 492 2326 545; x_wconf 73' lang='lat' dir='ltr'><strong>&quot;om</strong></span> <span class='ocrx_word' id='word_1_17' title='bbox 2358 496 2386 547; x_wconf 86' lang='grc' dir='ltr'>ὁ</span> <span class='ocrx_word' id='word_1_18' title='bbox 2444 495 2519 565; x_wconf 80' lang='grc' dir='ltr'><strong>μὴ</strong></span> <span class='ocrx_word' id='word_1_19' title='bbox 2564 494 2741 566; x_wconf 84' lang='grc' dir='ltr'><strong>τούτῳ</strong></span> <span class='ocrx_word' id='word_1_20' title='bbox 2789 499 3080 563; x_wconf 77' lang='grc' dir='ltr'><strong>πιστεύων,</strong></span> <span class='ocrx_word' id='word_1_21' title='bbox 3135 501 3227 552; x_wconf 73' lang='grc' dir='ltr'><strong>καὶ</strong></span> <span class='ocrx_word' id='word_1_22' title='bbox 3267 501 3341 571; x_wconf 73' lang='grc' dir='ltr'><strong>τῷ</strong></span> <span class='ocrx_word' id='word_1_23' title='bbox 3398 504 3571 576; x_wconf 58' lang='lat' dir='ltr'><strong>&quot;arpi.</strong></span> <span class='ocrx_word' id='word_1_24' title='bbox 3604 510 3734 563; x_wconf 80' lang='grc' dir='ltr'><strong>ἀπι-</strong></span> 
     </span>
    </p>
   </div>
   <div class='ocr_carea' id='block_1_6' title="bbox 470 576 1374 648">
    <p class='ocr_par' dir='ltr' id='par_1_6' title="bbox 470 576 1374 648">
     <span class='ocr_line' id='line_1_6' title="bbox 470 576 1374 648; baseline 0.003 -17"><span class='ocrx_word' id='word_1_25' title='bbox 470 577 560 631; x_wconf 82' lang='lat' dir='ltr'><strong>bic</strong></span> <span class='ocrx_word' id='word_1_26' title='bbox 601 578 740 631; x_wconf 80' lang='lat' dir='ltr'><strong>idem</strong></span> <span class='ocrx_word' id='word_1_27' title='bbox 776 586 935 631; x_wconf 87' lang='lat' dir='ltr'><strong>sonat</strong></span> <span class='ocrx_word' id='word_1_28' title='bbox 964 593 1046 641; x_wconf 92' lang='lat' dir='ltr'><strong>ac,</strong></span> <span class='ocrx_word' id='word_1_29' title='bbox 1072 576 1374 648; x_wconf 77' lang='lat' dir='ltr'><strong>Significat.</strong></span> 
     </span>
    </p>
   </div>
   <div class='ocr_carea' id='block_1_7' title="bbox 548 765 2052 832">
    <p class='ocr_par' dir='ltr' id='par_1_7' title="bbox 548 765 2052 832">
     <span class='ocr_line' id='line_1_7' title="bbox 548 765 2052 832; baseline 0.004 -15"><span class='ocrx_word' id='word_1_30' title='bbox 548 765 706 820; x_wconf 71' lang='lat' dir='ltr'><strong>Vens.</strong></span> <span class='ocrx_word' id='word_1_31' title='bbox 733 766 820 819; x_wconf 64' lang='grc'><strong>34.</strong></span> <span class='ocrx_word' id='word_1_32' title='bbox 856 765 995 832; x_wconf 84' lang='lat' dir='ltr'><strong>Quid</strong></span> <span class='ocrx_word' id='word_1_33' title='bbox 1031 776 1113 822; x_wconf 89' lang='lat' dir='ltr'><strong>est</strong></span> <span class='ocrx_word' id='word_1_34' title='bbox 1144 786 1158 821; x_wconf 87' lang='lat'><strong>:</strong></span> <span class='ocrx_word' id='word_1_35' title='bbox 1190 767 1311 822; x_wconf 86' lang='lat' dir='ltr'><strong>Non</strong></span> <span class='ocrx_word' id='word_1_36' title='bbox 1346 770 1483 824; x_wconf 84' lang='lat' dir='ltr'><strong>enim</strong></span> <span class='ocrx_word' id='word_1_37' title='bbox 1532 771 1600 823; x_wconf 88' lang='lat' dir='ltr'><strong>ad</strong></span> <span class='ocrx_word' id='word_1_38' title='bbox 1632 787 1929 823; x_wconf 73' lang='lat' dir='ltr'><strong>mensuram</strong></span> <span class='ocrx_word' id='word_1_39' title='bbox 1960 771 2052 823; x_wconf 86' lang='lat' dir='ltr'><strong>dat</strong></span> 
     </span>
    </p>
   </div>
   <div class='ocr_carea' id='block_1_8' title="bbox 473 857 2051 931">
    <p class='ocr_par' dir='ltr' id='par_1_8' title="bbox 473 857 2051 931">
     <span class='ocr_line' id='line_1_8' title="bbox 473 857 2051 931; baseline 0.004 -22"><span class='ocrx_word' id='word_1_40' title='bbox 473 857 613 909; x_wconf 72' lang='lat' dir='ltr'><strong>ﬂetis</strong></span> <span class='ocrx_word' id='word_1_41' title='bbox 653 857 952 925; x_wconf 75' lang='lat' dir='ltr'><strong>Spiritum?</strong></span> <span class='ocrx_word' id='word_1_42' title='bbox 977 859 1048 913; x_wconf 92' lang='lat' dir='ltr'><strong>lbi</strong></span> <span class='ocrx_word' id='word_1_43' title='bbox 1086 860 1150 913; x_wconf 86' lang='lat' dir='ltr'><strong>de</strong></span> <span class='ocrx_word' id='word_1_44' title='bbox 1175 862 1490 928; x_wconf 83' lang='lat' dir='ltr'><strong>Operatione</strong></span> <span class='ocrx_word' id='word_1_45' title='bbox 1518 862 1777 931; x_wconf 91' lang='lat' dir='ltr'><strong>loquitur.</strong></span> <span class='ocrx_word' id='word_1_46' title='bbox 1797 860 1907 915; x_wconf 86' lang='lat' dir='ltr'><strong>Nos</strong></span> <span class='ocrx_word' id='word_1_47' title='bbox 1928 862 2051 929; x_wconf 88' lang='lat' dir='ltr'><strong>qni-</strong></span> 
     </span>
    </p>
   </div>
   <div class='ocr_carea' id='block_1_9' title="bbox 468 950 2048 1023">
    <p class='ocr_par' dir='ltr' id='par_1_9' title="bbox 468 950 2048 1023">
     <span class='ocr_line' id='line_1_9' title="bbox 468 950 2048 1023; baseline 0.004 -22"><span class='ocrx_word' id='word_1_48' title='bbox 468 951 592 1001; x_wconf 81' lang='lat' dir='ltr'><strong>dem</strong></span> <span class='ocrx_word' id='word_1_49' title='bbox 626 950 812 1016; x_wconf 69' lang='lat' dir='ltr'><strong>igitur,</strong></span> <span class='ocrx_word' id='word_1_50' title='bbox 848 952 944 1013; x_wconf 88' lang='lat' dir='ltr'><strong>ait,</strong></span> <span class='ocrx_word' id='word_1_51' title='bbox 979 968 1103 1007; x_wconf 90' lang='lat' dir='ltr'><strong>cum</strong></span> <span class='ocrx_word' id='word_1_52' title='bbox 1140 969 1401 1008; x_wconf 89' lang='lat' dir='ltr'><strong>mensura</strong></span> <span class='ocrx_word' id='word_1_53' title='bbox 1436 954 1809 1023; x_wconf 79' lang='lat' dir='ltr'><strong>Operationem</strong></span> <span class='ocrx_word' id='word_1_54' title='bbox 1848 955 2048 1023; x_wconf 77' lang='lat' dir='ltr'><strong>reeipi-</strong></span> 
     </span>
    </p>
   </div>
   <div class='ocr_carea' id='block_1_10' title="bbox 464 1046 2045 1117">
    <p class='ocr_par' dir='ltr' id='par_1_10' title="bbox 464 1046 2045 1117">
     <span class='ocr_line' id='line_1_10' title="bbox 464 1046 2045 1117; baseline 0.001 -20"><span class='ocrx_word' id='word_1_55' title='bbox 464 1057 633 1108; x_wconf 83' lang='lat' dir='ltr'><strong>mus;</strong></span> <span class='ocrx_word' id='word_1_56' title='bbox 705 1046 795 1099; x_wconf 83' lang='lat' dir='ltr'><strong>ille</strong></span> <span class='ocrx_word' id='word_1_57' title='bbox 841 1058 1022 1100; x_wconf 79' lang='lat' dir='ltr'><strong>autem</strong></span> <span class='ocrx_word' id='word_1_58' title='bbox 1078 1048 1291 1117; x_wconf 77' lang='lat' dir='ltr'><strong>plenam</strong></span> <span class='ocrx_word' id='word_1_59' title='bbox 1345 1048 1600 1102; x_wconf 86' lang='lat' dir='ltr'><strong>omnibus</strong></span> <span class='ocrx_word' id='word_1_60' title='bbox 1671 1048 2045 1117; x_wconf 85' lang='lat' dir='ltr'><strong>operationem</strong></span> 
     </span>
    </p>
   </div>
   <div class='ocr_carea' id='block_1_11' title="bbox 466 1147 708 1207">
    <p class='ocr_par' dir='ltr' id='par_1_11' title="bbox 466 1147 708 1207">
     <span class='ocr_line' id='line_1_11' title="bbox 466 1147 708 1207; baseline 0.004 -17"><span class='ocrx_word' id='word_1_61' title='bbox 466 1147 708 1207; x_wconf 76' lang='lat' dir='ltr'><strong>przcstat.</strong></span> 
     </span>
    </p>
   </div>
   <div class='ocr_carea' id='block_1_12' title="bbox 1076 1261 1417 1321">
    <p class='ocr_par' dir='ltr' id='par_1_12' title="bbox 1076 1261 1417 1321">
     <span class='ocr_line' id='line_1_12' title="bbox 1076 1261 1417 1321; baseline 0.003 -2"><span class='ocrx_word' id='word_1_62' title='bbox 1076 1261 1306 1319; x_wconf 77' lang='lat' dir='ltr'><strong>CAPUT</strong></span> <span class='ocrx_word' id='word_1_63' title='bbox 1334 1263 1417 1321; x_wconf 87' lang='lat' dir='ltr'><strong>lV.</strong></span> 
     </span>
    </p>
   </div>
   <div class='ocr_carea' id='block_1_13' title="bbox 534 1407 2040 1482">
    <p class='ocr_par' dir='ltr' id='par_1_13' title="bbox 534 1407 2040 1482">
     <span class='ocr_line' id='line_1_13' title="bbox 534 1407 2040 1482; baseline 0 -19"><span class='ocrx_word' id='word_1_64' title='bbox 534 1408 698 1463; x_wconf 72' lang='lat' dir='ltr'><strong>Vens.</strong></span> <span class='ocrx_word' id='word_1_65' title='bbox 735 1409 786 1462; x_wconf 75' lang='grc'><strong>2.</strong></span> <span class='ocrx_word' id='word_1_66' title='bbox 814 1407 972 1464; x_wconf 82' lang='lat' dir='ltr'><strong>Jesus</strong></span> <span class='ocrx_word' id='word_1_67' title='bbox 998 1412 1113 1479; x_wconf 83' lang='lat' dir='ltr'><strong>ipse</strong></span> <span class='ocrx_word' id='word_1_68' title='bbox 1145 1426 1250 1463; x_wconf 92' lang='lat' dir='ltr'><strong>non</strong></span> <span class='ocrx_word' id='word_1_69' title='bbox 1274 1410 1609 1479; x_wconf 81' lang='lat' dir='ltr'><strong>baptizabat,</strong></span> <span class='ocrx_word' id='word_1_70' title='bbox 1641 1412 1732 1466; x_wconf 89' lang='lat' dir='ltr'><strong>sed</strong></span> <span class='ocrx_word' id='word_1_71' title='bbox 1765 1411 2040 1482; x_wconf 87' lang='lat' dir='ltr'><strong>discipuli,</strong></span> 
     </span>
    </p>
   </div>
   <div class='ocr_carea' id='block_1_14' title="bbox 461 1502 2043 1559">
    <p class='ocr_par' dir='ltr' id='par_1_14' title="bbox 461 1502 2043 1559">
     <span class='ocr_line' id='line_1_14' title="bbox 461 1502 2043 1559; baseline 0.003 -4"><span class='ocrx_word' id='word_1_72' title='bbox 461 1502 552 1555; x_wconf 85' lang='lat' dir='ltr'><strong>sed</strong></span> <span class='ocrx_word' id='word_1_73' title='bbox 592 1502 908 1557; x_wconf 86' lang='lat' dir='ltr'><strong>nuntiantes</strong></span> <span class='ocrx_word' id='word_1_74' title='bbox 978 1502 1046 1556; x_wconf 90' lang='lat' dir='ltr'><strong>de</strong></span> <span class='ocrx_word' id='word_1_75' title='bbox 1097 1503 1192 1556; x_wconf 90' lang='lat' dir='ltr'><strong>illo</strong></span> <span class='ocrx_word' id='word_1_76' title='bbox 1237 1504 1287 1557; x_wconf 88' lang='lat' dir='ltr'><strong>id</strong></span> <span class='ocrx_word' id='word_1_77' title='bbox 1340 1505 1594 1559; x_wconf 75' lang='lat' dir='ltr'><strong>dicebant</strong></span> <span class='ocrx_word' id='word_1_78' title='bbox 1640 1514 1695 1559; x_wconf 90' lang='lat' dir='ltr'><strong>ut</strong></span> <span class='ocrx_word' id='word_1_79' title='bbox 1742 1506 2043 1559; x_wconf 78' lang='lat' dir='ltr'><strong>excitarent</strong></span> 
     </span>
    </p>
   </div>
   <div class='ocr_carea' id='block_1_15' title="bbox 460 1596 2040 1669">
    <p class='ocr_par' dir='ltr' id='par_1_15' title="bbox 460 1596 2040 1669">
     <span class='ocr_line' id='line_1_15' title="bbox 460 1596 2040 1669; baseline 0 -18"><span class='ocrx_word' id='word_1_80' title='bbox 460 1596 746 1653; x_wconf 80' lang='lat' dir='ltr'><strong>audientes</strong></span> <span class='ocrx_word' id='word_1_81' title='bbox 782 1598 910 1667; x_wconf 86' lang='lat' dir='ltr'><strong>quia</strong></span> <span class='ocrx_word' id='word_1_82' title='bbox 946 1597 1201 1651; x_wconf 87' lang='lat' dir='ltr'><strong>Christus</strong></span> <span class='ocrx_word' id='word_1_83' title='bbox 1232 1597 1493 1669; x_wconf 81' lang='lat' dir='ltr'><strong>baptizat.</strong></span> <span class='ocrx_word' id='word_1_84' title='bbox 1543 1599 1802 1653; x_wconf 83' lang='lat' dir='ltr'><strong>Dicebant</strong></span> <span class='ocrx_word' id='word_1_85' title='bbox 1836 1607 2040 1662; x_wconf 88' lang='lat' dir='ltr'><strong>autem,</strong></span> 
     </span>
    </p>
   </div>
   <div class='ocr_carea' id='block_1_16' title="bbox 459 1689 2039 1762">
    <p class='ocr_par' dir='ltr' id='par_1_16' title="bbox 459 1689 2039 1762">
     <span class='ocr_line' id='line_1_16' title="bbox 459 1689 2039 1762; baseline 0.002 -20"><span class='ocrx_word' id='word_1_86' title='bbox 459 1690 584 1757; x_wconf 87' lang='lat' dir='ltr'><strong>quia</strong></span> <span class='ocrx_word' id='word_1_87' title='bbox 610 1706 718 1744; x_wconf 88' lang='lat' dir='ltr'><strong>non</strong></span> <span class='ocrx_word' id='word_1_88' title='bbox 741 1690 1148 1759; x_wconf 74' lang='lat' dir='ltr'><strong>cognoscebant</strong></span> <span class='ocrx_word' id='word_1_89' title='bbox 1178 1692 1512 1761; x_wconf 85' lang='lat' dir='ltr'><strong>propositum</strong></span> <span class='ocrx_word' id='word_1_90' title='bbox 1543 1689 1770 1746; x_wconf 80' lang='lat' dir='ltr'><strong>Joannis</strong></span> <span class='ocrx_word' id='word_1_91' title='bbox 1806 1691 1951 1762; x_wconf 88' lang='lat' dir='ltr'><strong>quod</strong></span> <span class='ocrx_word' id='word_1_92' title='bbox 1983 1692 2039 1745; x_wconf 92' lang='lat' dir='ltr'><strong>in</strong></span> 
     </span>
    </p>
   </div>
   <div class='ocr_carea' id='block_1_17' title="bbox 458 1782 1026 1837">
    <p class='ocr_par' dir='ltr' id='par_1_17' title="bbox 458 1782 1026 1837">
     <span class='ocr_line' id='line_1_17' title="bbox 458 1782 1026 1837; baseline -0.002 0"><span class='ocrx_word' id='word_1_93' title='bbox 458 1784 736 1837; x_wconf 82' lang='lat' dir='ltr'><strong>Christum</strong></span> <span class='ocrx_word' id='word_1_94' title='bbox 775 1782 1026 1836; x_wconf 89' lang='lat' dir='ltr'><strong>habebat.</strong></span> 
     </span>
    </p>
   </div>
   <div class='ocr_carea' id='block_1_18' title="bbox 529 1872 1686 1944">
    <p class='ocr_par' dir='ltr' id='par_1_18' title="bbox 529 1872 1686 1944">
     <span class='ocr_line' id='line_1_18' title="bbox 529 1872 1686 1944; baseline 0.002 -17"><span class='ocrx_word' id='word_1_95' title='bbox 529 1874 693 1928; x_wconf 70' lang='lat' dir='ltr'><strong>Vens.</strong></span> <span class='ocrx_word' id='word_1_96' title='bbox 753 1874 803 1929; x_wconf 71' lang='grc'><strong>4.</strong></span> <span class='ocrx_word' id='word_1_97' title='bbox 859 1872 1147 1939; x_wconf 86' lang='lat' dir='ltr'><strong>Quomodo</strong></span> <span class='ocrx_word' id='word_1_98' title='bbox 1204 1872 1616 1944; x_wconf 89' lang='lat' dir='ltr'><strong>intelligendum</strong></span> <span class='ocrx_word' id='word_1_99' title='bbox 1673 1894 1686 1929; x_wconf 90' lang='lat'><strong>:</strong></span> 
     </span>
    </p>
   </div>
   <div class='ocr_carea' id='block_1_19' title="bbox 453 1964 2041 2036">
    <p class='ocr_par' dir='ltr' id='par_1_19' title="bbox 453 1964 2041 2036">
     <span class='ocr_line' id='line_1_19' title="bbox 453 1964 2041 2036; baseline 0 -17"><span class='ocrx_word' id='word_1_100' title='bbox 453 1979 625 2019; x_wconf 62' lang='lat' dir='ltr'><strong>autem</strong></span> <span class='ocrx_word' id='word_1_101' title='bbox 660 1982 779 2018; x_wconf 81' lang='lat' dir='ltr'><strong>eum</strong></span> <span class='ocrx_word' id='word_1_102' title='bbox 805 1966 1034 2019; x_wconf 84' lang='lat' dir='ltr'><strong>transire</strong></span> <span class='ocrx_word' id='word_1_103' title='bbox 1060 1980 1151 2034; x_wconf 86' lang='lat' dir='ltr'><strong>per</strong></span> <span class='ocrx_word' id='word_1_104' title='bbox 1179 1964 1523 2019; x_wconf 82' lang='lat' dir='ltr'><strong>Samariam?</strong></span> <span class='ocrx_word' id='word_1_105' title='bbox 1551 1964 1688 2031; x_wconf 84' lang='lat' dir='ltr'><strong>Quia</strong></span> <span class='ocrx_word' id='word_1_106' title='bbox 1718 1966 2041 2036; x_wconf 82' lang='lat' dir='ltr'><strong>expulerant</strong></span> 
     </span>
    </p>
   </div>
   <div class='ocr_carea' id='block_1_20' title="bbox 451 2056 2033 2126">
    <p class='ocr_par' dir='ltr' id='par_1_20' title="bbox 451 2056 2033 2126">
     <span class='ocr_line' id='line_1_20' title="bbox 451 2056 2033 2126; baseline -0.001 -14"><span class='ocrx_word' id='word_1_107' title='bbox 451 2074 576 2112; x_wconf 87' lang='lat' dir='ltr'><strong>eum</strong></span> <span class='ocrx_word' id='word_1_108' title='bbox 609 2057 801 2122; x_wconf 74' lang='lat' dir='ltr'><strong>Judzei,</strong></span> <span class='ocrx_word' id='word_1_109' title='bbox 848 2059 914 2111; x_wconf 76' lang='lat' dir='ltr'><strong>ad</strong></span> <span class='ocrx_word' id='word_1_110' title='bbox 946 2070 1137 2126; x_wconf 78' lang='lat' dir='ltr'><strong>gentes</strong></span> <span class='ocrx_word' id='word_1_111' title='bbox 1170 2057 1300 2111; x_wconf 85' lang='lat' dir='ltr'><strong>ibat.</strong></span> <span class='ocrx_word' id='word_1_112' title='bbox 1354 2056 1507 2112; x_wconf 90' lang='lat' dir='ltr'><strong>Unde</strong></span> <span class='ocrx_word' id='word_1_113' title='bbox 1549 2060 1727 2113; x_wconf 79' lang='lat' dir='ltr'><strong>vocati</strong></span> <span class='ocrx_word' id='word_1_114' title='bbox 1774 2068 1903 2113; x_wconf 87' lang='lat' dir='ltr'><strong>sunt</strong></span> <span class='ocrx_word' id='word_1_115' title='bbox 1933 2059 2033 2113; x_wconf 83' lang='lat' dir='ltr'><strong>Sa-</strong></span> 
     </span>
    </p>
   </div>
   <div class='ocr_carea' id='block_1_21' title="bbox 452 2150 2039 2219">
    <p class='ocr_par' dir='ltr' id='par_1_21' title="bbox 452 2150 2039 2219">
     <span class='ocr_line' id='line_1_21' title="bbox 452 2150 2039 2219; baseline 0.001 -16"><span class='ocrx_word' id='word_1_116' title='bbox 452 2150 738 2213; x_wconf 87' lang='lat' dir='ltr'><strong>maritani,</strong></span> <span class='ocrx_word' id='word_1_117' title='bbox 795 2160 850 2204; x_wconf 91' lang='lat' dir='ltr'><strong>et</strong></span> <span class='ocrx_word' id='word_1_118' title='bbox 909 2151 1187 2219; x_wconf 89' lang='lat' dir='ltr'><strong>quomodo</strong></span> <span class='ocrx_word' id='word_1_119' title='bbox 1251 2150 1533 2205; x_wconf 89' lang='lat' dir='ltr'><strong>constituti</strong></span> <span class='ocrx_word' id='word_1_120' title='bbox 1596 2151 1789 2205; x_wconf 88' lang='lat' dir='ltr'><strong>erant?</strong></span> <span class='ocrx_word' id='word_1_121' title='bbox 1844 2151 2039 2205; x_wconf 87' lang='lat' dir='ltr'><strong>Somor</strong></span> 
     </span>
    </p>
   </div>
   <div class='ocr_carea' id='block_1_22' title="bbox 452 2242 2034 2312">
    <p class='ocr_par' dir='ltr' id='par_1_22' title="bbox 452 2242 2034 2312">
     <span class='ocr_line' id='line_1_22' title="bbox 452 2242 2034 2312; baseline 0.004 -19"><span class='ocrx_word' id='word_1_122' title='bbox 452 2257 609 2297; x_wconf 88' lang='lat' dir='ltr'><strong>mons</strong></span> <span class='ocrx_word' id='word_1_123' title='bbox 634 2242 857 2311; x_wconf 88' lang='lat' dir='ltr'><strong>quidam</strong></span> <span class='ocrx_word' id='word_1_124' title='bbox 878 2242 1160 2295; x_wconf 87' lang='lat' dir='ltr'><strong>dicebatur</strong></span> <span class='ocrx_word' id='word_1_125' title='bbox 1186 2259 1212 2294; x_wconf 86' lang='lat' dir='ltr'><strong>a</strong></span> <span class='ocrx_word' id='word_1_126' title='bbox 1238 2243 1577 2312; x_wconf 88' lang='lat' dir='ltr'><strong>possidente,</strong></span> <span class='ocrx_word' id='word_1_127' title='bbox 1602 2254 1657 2297; x_wconf 89' lang='lat' dir='ltr'><strong>ut</strong></span> <span class='ocrx_word' id='word_1_128' title='bbox 1676 2244 1848 2299; x_wconf 86' lang='lat' dir='ltr'><strong>Isaias</strong></span> <span class='ocrx_word' id='word_1_129' title='bbox 1864 2245 2034 2300; x_wconf 81' lang='lat' dir='ltr'><strong>dicit:</strong></span> 
     </span>
    </p>
   </div>
   <div class='ocr_carea' id='block_1_23' title="bbox 451 2333 2038 2404">
    <p class='ocr_par' dir='ltr' id='par_1_23' title="bbox 451 2333 2038 2404">
     <span class='ocr_line' id='line_1_23' title="bbox 451 2333 2038 2404; baseline 0.003 -16"><span class='ocrx_word' id='word_1_130' title='bbox 451 2335 521 2388; x_wconf 83' lang='lat' dir='ltr'><strong>Et</strong></span> <span class='ocrx_word' id='word_1_131' title='bbox 544 2344 707 2404; x_wconf 83' lang='lat' dir='ltr'><strong>caput</strong></span> <span class='ocrx_word' id='word_1_132' title='bbox 734 2333 1018 2389; x_wconf 84' lang='lat' dir='ltr'><strong>Somarnm</strong></span> <span class='ocrx_word' id='word_1_133' title='bbox 1050 2334 1330 2403; x_wconf 84' lang='lat' dir='ltr'><strong>Ephra&#39;im.</strong></span> <span class='ocrx_word' id='word_1_134' title='bbox 1365 2334 1468 2389; x_wconf 90' lang='lat' dir='ltr'><strong>Sed</strong></span> <span class='ocrx_word' id='word_1_135' title='bbox 1490 2336 1678 2390; x_wconf 62' lang='lat' dir='ltr'><strong>incolm</strong></span> <span class='ocrx_word' id='word_1_136' title='bbox 1703 2352 1810 2390; x_wconf 91' lang='lat' dir='ltr'><strong>non</strong></span> <span class='ocrx_word' id='word_1_137' title='bbox 1842 2337 2038 2392; x_wconf 82' lang='lat' dir='ltr'><strong>Sarna-</strong></span> 
     </span>
    </p>
   </div>
   <div class='ocr_carea' id='block_1_24' title="bbox 450 2427 2036 2500">
    <p class='ocr_par' dir='ltr' id='par_1_24' title="bbox 450 2427 2036 2500">
     <span class='ocr_line' id='line_1_24' title="bbox 450 2427 2036 2500; baseline 0.002 -19"><span class='ocrx_word' id='word_1_138' title='bbox 450 2429 611 2481; x_wconf 84' lang='lat' dir='ltr'><strong>ritani</strong></span> <span class='ocrx_word' id='word_1_139' title='bbox 631 2428 724 2482; x_wconf 83' lang='lat' dir='ltr'><strong>sed</strong></span> <span class='ocrx_word' id='word_1_140' title='bbox 748 2427 1858 2497; x_wconf 68' lang='lat' dir='ltr'><strong>lsraclitaevoeabantur.Temporisautem</strong></span> <span class='ocrx_word' id='word_1_141' title='bbox 1882 2430 2036 2500; x_wconf 64' lang='lat' dir='ltr'><strong>lapsu</strong></span> 
     </span>
    </p>
   </div>
   <div class='ocr_carea' id='block_1_25' title="bbox 453 2517 2039 2588">
    <p class='ocr_par' dir='ltr' id='par_1_25' title="bbox 453 2517 2039 2588">
     <span class='ocr_line' id='line_1_25' title="bbox 453 2517 2039 2588; baseline 0.003 -16"><span class='ocrx_word' id='word_1_142' title='bbox 453 2520 506 2572; x_wconf 86' lang='lat' dir='ltr'><strong>in</strong></span> <span class='ocrx_word' id='word_1_143' title='bbox 569 2517 738 2571; x_wconf 86' lang='lat' dir='ltr'><strong>Deum</strong></span> <span class='ocrx_word' id='word_1_144' title='bbox 791 2517 1159 2583; x_wconf 76' lang='lat' dir='ltr'><strong>otIendeI&#39;uttt,</strong></span> <span class='ocrx_word' id='word_1_145' title='bbox 1221 2529 1275 2572; x_wconf 88' lang='lat' dir='ltr'><strong>et</strong></span> <span class='ocrx_word' id='word_1_146' title='bbox 1326 2532 1586 2588; x_wconf 75' lang='lat' dir='ltr'><strong>regnante</strong></span> <span class='ocrx_word' id='word_1_147' title='bbox 1639 2521 1852 2575; x_wconf 88' lang='lat' dir='ltr'><strong>Phaeee</strong></span> <span class='ocrx_word' id='word_1_148' title='bbox 1888 2524 2039 2576; x_wconf 80' lang='lat' dir='ltr'><strong>venit</strong></span> 
     </span>
    </p>
   </div>
   <div class='ocr_carea' id='block_1_26' title="bbox 450 2610 2038 2681">
    <p class='ocr_par' dir='ltr' id='par_1_26' title="bbox 450 2610 2038 2681">
     <span class='ocr_line' id='line_1_26' title="bbox 450 2610 2038 2681; baseline 0.001 -16"><span class='ocrx_word' id='word_1_149' title='bbox 450 2610 879 2680; x_wconf 81' lang='lat' dir='ltr'><strong>Phelgaphasar,</strong></span> <span class='ocrx_word' id='word_1_150' title='bbox 933 2610 1098 2664; x_wconf 87' lang='lat' dir='ltr'><strong>urbes</strong></span> <span class='ocrx_word' id='word_1_151' title='bbox 1132 2613 1275 2681; x_wconf 88' lang='lat' dir='ltr'><strong>cepit</strong></span> <span class='ocrx_word' id='word_1_152' title='bbox 1314 2613 1515 2667; x_wconf 88' lang='lat' dir='ltr'><strong>multas</strong></span> <span class='ocrx_word' id='word_1_153' title='bbox 1548 2622 1601 2666; x_wconf 87' lang='lat' dir='ltr'><strong>et</strong></span> <span class='ocrx_word' id='word_1_154' title='bbox 1630 2612 1779 2667; x_wconf 80' lang='lat' dir='ltr'><strong>dedit</strong></span> <span class='ocrx_word' id='word_1_155' title='bbox 1831 2613 1949 2677; x_wconf 89' lang='lat' dir='ltr'><strong>Ela,</strong></span> <span class='ocrx_word' id='word_1_156' title='bbox 1982 2623 2038 2667; x_wconf 89' lang='lat' dir='ltr'><strong>et</strong></span> 
     </span>
    </p>
   </div>
   <div class='ocr_carea' id='block_1_27' title="bbox 452 2701 2033 2774">
    <p class='ocr_par' dir='ltr' id='par_1_27' title="bbox 452 2701 2033 2774">
     <span class='ocr_line' id='line_1_27' title="bbox 452 2701 2033 2774; baseline 0.002 -16"><span class='ocrx_word' id='word_1_157' title='bbox 452 2709 597 2759; x_wconf 88' lang='lat' dir='ltr'><strong>hunc</strong></span> <span class='ocrx_word' id='word_1_158' title='bbox 626 2706 902 2765; x_wconf 74' lang='lat' dir='ltr'><strong>auferens,</strong></span> <span class='ocrx_word' id='word_1_159' title='bbox 940 2701 1082 2758; x_wconf 82' lang='lat' dir='ltr'><strong>Osee</strong></span> <span class='ocrx_word' id='word_1_160' title='bbox 1142 2719 1370 2774; x_wconf 83' lang='lat' dir='ltr'><strong>regnum</strong></span> <span class='ocrx_word' id='word_1_161' title='bbox 1417 2705 1586 2761; x_wconf 85' lang='lat' dir='ltr'><strong>dedit.</strong></span> <span class='ocrx_word' id='word_1_162' title='bbox 1616 2705 1723 2761; x_wconf 85' lang='lat' dir='ltr'><strong>Sed</strong></span> <span class='ocrx_word' id='word_1_163' title='bbox 1775 2706 1829 2760; x_wconf 89' lang='lat' dir='ltr'><strong>in</strong></span> <span class='ocrx_word' id='word_1_164' title='bbox 1870 2706 2033 2761; x_wconf 85' lang='lat' dir='ltr'><strong>istum</strong></span> 
     </span>
    </p>
   </div>
   <div class='ocr_carea' id='block_1_28' title="bbox 450 2795 2035 2867">
    <p class='ocr_par' dir='ltr' id='par_1_28' title="bbox 450 2795 2035 2867">
     <span class='ocr_line' id='line_1_28' title="bbox 450 2795 2035 2867; baseline 0.003 -18"><span class='ocrx_word' id='word_1_165' title='bbox 450 2798 801 2867; x_wconf 78' lang='lat' dir='ltr'><strong>progrediens</strong></span> <span class='ocrx_word' id='word_1_166' title='bbox 828 2795 1198 2861; x_wconf 88' lang='lat' dir='ltr'><strong>Salmanasar,</strong></span> <span class='ocrx_word' id='word_1_167' title='bbox 1217 2798 1360 2865; x_wconf 88' lang='lat' dir='ltr'><strong>cepit</strong></span> <span class='ocrx_word' id='word_1_168' title='bbox 1388 2799 1549 2852; x_wconf 87' lang='lat' dir='ltr'><strong>urbes</strong></span> <span class='ocrx_word' id='word_1_169' title='bbox 1569 2799 1727 2865; x_wconf 87' lang='lat' dir='ltr'><strong>alias,</strong></span> <span class='ocrx_word' id='word_1_170' title='bbox 1754 2808 1809 2853; x_wconf 91' lang='lat' dir='ltr'><strong>et</strong></span> <span class='ocrx_word' id='word_1_171' title='bbox 1833 2799 2035 2854; x_wconf 86' lang='lat' dir='ltr'><strong>tributa</strong></span> 
     </span>
    </p>
   </div>
   <div class='ocr_carea' id='block_1_29' title="bbox 449 2888 2034 2962">
    <p class='ocr_par' dir='ltr' id='par_1_29' title="bbox 449 2888 2034 2962">
     <span class='ocr_line' id='line_1_29' title="bbox 449 2888 2034 2962; baseline 0.001 -18"><span class='ocrx_word' id='word_1_172' title='bbox 449 2890 730 2961; x_wconf 84' lang='lat' dir='ltr'><strong>imposuit.</strong></span> <span class='ocrx_word' id='word_1_173' title='bbox 770 2889 874 2943; x_wconf 86' lang='lat' dir='ltr'><strong>Sed</strong></span> <span class='ocrx_word' id='word_1_174' title='bbox 925 2888 1029 2943; x_wconf 86' lang='lat' dir='ltr'><strong>ise</strong></span> <span class='ocrx_word' id='word_1_175' title='bbox 1074 2888 1252 2959; x_wconf 89' lang='lat' dir='ltr'><strong>primo</strong></span> <span class='ocrx_word' id='word_1_176' title='bbox 1287 2889 1507 2959; x_wconf 83' lang='lat' dir='ltr'><strong>quidem</strong></span> <span class='ocrx_word' id='word_1_177' title='bbox 1545 2892 1811 2959; x_wconf 80' lang='lat' dir='ltr'><strong>regnavit,</strong></span> <span class='ocrx_word' id='word_1_178' title='bbox 1845 2902 2034 2962; x_wconf 82' lang='lat' dir='ltr'><strong>postea</strong></span> 
     </span>
    </p>
   </div>
   <div class='ocr_carea' id='block_1_30' title="bbox 446 2982 2035 3055">
    <p class='ocr_par' dir='ltr' id='par_1_30' title="bbox 446 2982 2035 3055">
     <span class='ocr_line' id='line_1_30' title="bbox 446 2982 2035 3055; baseline 0.003 -20"><span class='ocrx_word' id='word_1_179' title='bbox 446 2998 578 3037; x_wconf 84' lang='lat' dir='ltr'><strong>vero</strong></span> <span class='ocrx_word' id='word_1_180' title='bbox 613 2998 781 3053; x_wconf 79' lang='lat' dir='ltr'><strong>regno</strong></span> <span class='ocrx_word' id='word_1_181' title='bbox 814 2982 1056 3037; x_wconf 80' lang='lat' dir='ltr'><strong>excessit</strong></span> <span class='ocrx_word' id='word_1_182' title='bbox 1097 2983 1163 3037; x_wconf 89' lang='lat' dir='ltr'><strong>ad</strong></span> <span class='ocrx_word' id='word_1_183' title='bbox 1192 2984 1510 3038; x_wconf 87' lang='lat' dir='ltr'><strong>societatem</strong></span> <span class='ocrx_word' id='word_1_184' title='bbox 1541 2984 1866 3055; x_wconf 63' lang='lat' dir='ltr'><strong>Ethiopum</strong></span> <span class='ocrx_word' id='word_1_185' title='bbox 1903 3001 2035 3041; x_wconf 85' lang='lat' dir='ltr'><strong>con-</strong></span> 
     </span>
    </p>
   </div>
   <div class='ocr_carea' id='block_1_31' title="bbox 448 3072 2035 3145">
    <p class='ocr_par' dir='ltr' id='par_1_31' title="bbox 448 3072 2035 3145">
     <span class='ocr_line' id='line_1_31' title="bbox 448 3072 2035 3145; baseline 0.003 -19"><span class='ocrx_word' id='word_1_186' title='bbox 448 3074 683 3143; x_wconf 73' lang='lat' dir='ltr'><strong>fugiens.</strong></span> <span class='ocrx_word' id='word_1_187' title='bbox 744 3072 1011 3143; x_wconf 81' lang='lat' dir='ltr'><strong>Cognovit</strong></span> <span class='ocrx_word' id='word_1_188' title='bbox 1075 3074 1125 3127; x_wconf 91' lang='lat' dir='ltr'><strong>id</strong></span> <span class='ocrx_word' id='word_1_189' title='bbox 1177 3072 1437 3143; x_wconf 81' lang='lat' dir='ltr'><strong>Assyrius</strong></span> <span class='ocrx_word' id='word_1_190' title='bbox 1487 3084 1541 3129; x_wconf 91' lang='lat' dir='ltr'><strong>et</strong></span> <span class='ocrx_word' id='word_1_191' title='bbox 1594 3075 1922 3145; x_wconf 80' lang='lat' dir='ltr'><strong>impugnans</strong></span> <span class='ocrx_word' id='word_1_192' title='bbox 1981 3084 2035 3130; x_wconf 93' lang='lat' dir='ltr'><strong>et</strong></span> 
     </span>
    </p>
   </div>
   <div class='ocr_carea' id='block_1_32' title="bbox 447 3166 2029 3237">
    <p class='ocr_par' dir='ltr' id='par_1_32' title="bbox 447 3166 2029 3237">
     <span class='ocr_line' id='line_1_32' title="bbox 447 3166 2029 3237; baseline 0 -16"><span class='ocrx_word' id='word_1_193' title='bbox 447 3167 704 3223; x_wconf 76' lang='lat' dir='ltr'><strong>auferens</strong></span> <span class='ocrx_word' id='word_1_194' title='bbox 737 3182 853 3233; x_wconf 90' lang='lat' dir='ltr'><strong>eos,</strong></span> <span class='ocrx_word' id='word_1_195' title='bbox 886 3182 995 3222; x_wconf 91' lang='lat' dir='ltr'><strong>non</strong></span> <span class='ocrx_word' id='word_1_196' title='bbox 1030 3175 1243 3237; x_wconf 83' lang='lat' dir='ltr'><strong>gentem</strong></span> <span class='ocrx_word' id='word_1_197' title='bbox 1278 3166 1387 3221; x_wconf 90' lang='lat' dir='ltr'><strong>illic</strong></span> <span class='ocrx_word' id='word_1_198' title='bbox 1420 3183 1641 3222; x_wconf 79' lang='lat' dir='ltr'><strong>manere</strong></span> <span class='ocrx_word' id='word_1_199' title='bbox 1682 3167 1929 3237; x_wconf 88' lang='lat' dir='ltr'><strong>permisit</strong></span> <span class='ocrx_word' id='word_1_200' title='bbox 1959 3167 2029 3221; x_wconf 91' lang='lat' dir='ltr'><strong>oh</strong></span> 
     </span>
    </p>
   </div>
   <div class='ocr_carea' id='block_1_33' title="bbox 448 3259 2032 3331">
    <p class='ocr_par' dir='ltr' id='par_1_33' title="bbox 448 3259 2032 3331">
     <span class='ocr_line' id='line_1_33' title="bbox 448 3259 2032 3331; baseline -0.002 -14"><span class='ocrx_word' id='word_1_201' title='bbox 448 3261 814 3331; x_wconf 89' lang='lat' dir='ltr'><strong>suspicionem</strong></span> <span class='ocrx_word' id='word_1_202' title='bbox 865 3259 1185 3325; x_wconf 86' lang='lat' dir='ltr'><strong>seditionis;</strong></span> <span class='ocrx_word' id='word_1_203' title='bbox 1216 3275 1279 3314; x_wconf 82' lang='lat' dir='ltr'><strong>ex</strong></span> <span class='ocrx_word' id='word_1_204' title='bbox 1313 3259 1399 3316; x_wconf 92' lang='lat' dir='ltr'><strong>his</strong></span> <span class='ocrx_word' id='word_1_205' title='bbox 1444 3268 1647 3325; x_wconf 88' lang='lat' dir='ltr'><strong>autem,</strong></span> <span class='ocrx_word' id='word_1_206' title='bbox 1681 3260 1944 3329; x_wconf 89' lang='lat' dir='ltr'><strong>plurimos</strong></span> <span class='ocrx_word' id='word_1_207' title='bbox 1976 3259 2032 3314; x_wconf 89' lang='lat' dir='ltr'><strong>in</strong></span> 
     </span>
    </p>
   </div>
   <div class='ocr_carea' id='block_1_34' title="bbox 448 3351 2031 3424">
    <p class='ocr_par' dir='ltr' id='par_1_34' title="bbox 448 3351 2031 3424">
     <span class='ocr_line' id='line_1_34' title="bbox 448 3351 2031 3424; baseline -0.001 -17"><span class='ocrx_word' id='word_1_208' title='bbox 448 3353 806 3424; x_wconf 77' lang='lat' dir='ltr'><strong>Babyloniam</strong></span> <span class='ocrx_word' id='word_1_209' title='bbox 838 3361 893 3405; x_wconf 87' lang='lat' dir='ltr'><strong>et</strong></span> <span class='ocrx_word' id='word_1_210' title='bbox 920 3351 1144 3405; x_wconf 77' lang='lat' dir='ltr'><strong>Mediam</strong></span> <span class='ocrx_word' id='word_1_211' title='bbox 1174 3352 1423 3419; x_wconf 81' lang='lat' dir='ltr'><strong>adduxit,</strong></span> <span class='ocrx_word' id='word_1_212' title='bbox 1446 3364 1498 3407; x_wconf 88' lang='lat' dir='ltr'><strong>et</strong></span> <span class='ocrx_word' id='word_1_213' title='bbox 1528 3352 1651 3407; x_wconf 89' lang='lat' dir='ltr'><strong>inde</strong></span> <span class='ocrx_word' id='word_1_214' title='bbox 1679 3362 1865 3423; x_wconf 82' lang='lat' dir='ltr'><strong>gentes</strong></span> <span class='ocrx_word' id='word_1_215' title='bbox 1895 3369 1924 3407; x_wconf 90' lang='lat' dir='ltr'><strong>e</strong></span> <span class='ocrx_word' id='word_1_216' title='bbox 1950 3352 2031 3406; x_wconf 82' lang='lat' dir='ltr'><strong>di~</strong></span> 
     </span>
    </p>
   </div>
   <div class='ocr_carea' id='block_1_35' title="bbox 447 3447 2033 3513">
    <p class='ocr_par' dir='ltr' id='par_1_35' title="bbox 447 3447 2033 3513">
     <span class='ocr_line' id='line_1_35' title="bbox 447 3447 2033 3513; baseline 0 -12"><span class='ocrx_word' id='word_1_217' title='bbox 447 3452 624 3506; x_wconf 81' lang='lat' dir='ltr'><strong>versis</strong></span> <span class='ocrx_word' id='word_1_218' title='bbox 658 3451 790 3504; x_wconf 89' lang='lat' dir='ltr'><strong>locis</strong></span> <span class='ocrx_word' id='word_1_219' title='bbox 824 3448 1123 3509; x_wconf 87' lang='lat' dir='ltr'><strong>adducens,</strong></span> <span class='ocrx_word' id='word_1_220' title='bbox 1158 3448 1447 3503; x_wconf 83' lang='lat' dir='ltr'><strong>constituit</strong></span> <span class='ocrx_word' id='word_1_221' title='bbox 1480 3448 1532 3501; x_wconf 90' lang='lat' dir='ltr'><strong>in</strong></span> <span class='ocrx_word' id='word_1_222' title='bbox 1568 3447 1837 3513; x_wconf 89' lang='lat' dir='ltr'><strong>Samaria,</strong></span> <span class='ocrx_word' id='word_1_223' title='bbox 1870 3448 1944 3501; x_wconf 89' lang='lat' dir='ltr'><strong>ita</strong></span> <span class='ocrx_word' id='word_1_224' title='bbox 1974 3456 2033 3501; x_wconf 92' lang='lat' dir='ltr'><strong>ut</strong></span> 
     </span>
    </p>
   </div>
   <div class='ocr_carea' id='block_1_36' title="bbox 447 3540 2031 3613">
    <p class='ocr_par' dir='ltr' id='par_1_36' title="bbox 447 3540 2031 3613">
     <span class='ocr_line' id='line_1_36' title="bbox 447 3540 2031 3613; baseline -0.004 -15"><span class='ocrx_word' id='word_1_225' title='bbox 447 3553 723 3613; x_wconf 83' lang='lat' dir='ltr'><strong>postremo</strong></span> <span class='ocrx_word' id='word_1_226' title='bbox 763 3557 1019 3596; x_wconf 90' lang='lat' dir='ltr'><strong>securum</strong></span> <span class='ocrx_word' id='word_1_227' title='bbox 1055 3542 1157 3596; x_wconf 84' lang='lat' dir='ltr'><strong>sibi</strong></span> <span class='ocrx_word' id='word_1_228' title='bbox 1201 3557 1426 3611; x_wconf 88' lang='lat' dir='ltr'><strong>regnum</strong></span> <span class='ocrx_word' id='word_1_229' title='bbox 1458 3540 1684 3605; x_wconf 79' lang='lat' dir='ltr'><strong>faceret,</strong></span> <span class='ocrx_word' id='word_1_230' title='bbox 1714 3540 1892 3594; x_wconf 87' lang='lat' dir='ltr'><strong>locum</strong></span> <span class='ocrx_word' id='word_1_231' title='bbox 1930 3540 2031 3593; x_wconf 87' lang='lat' dir='ltr'><strong>ha-</strong></span> 
     </span>
    </p>
   </div>
   <div class='ocr_carea' id='block_1_37' title="bbox 446 3631 2031 3703">
    <p class='ocr_par' dir='ltr' id='par_1_37' title="bbox 446 3631 2031 3703">
     <span class='ocr_line' id='line_1_37' title="bbox 446 3631 2031 3703; baseline -0.004 -13"><span class='ocrx_word' id='word_1_232' title='bbox 446 3636 703 3691; x_wconf 89' lang='lat' dir='ltr'><strong>bentibus</strong></span> <span class='ocrx_word' id='word_1_233' title='bbox 733 3634 949 3688; x_wconf 88' lang='lat' dir='ltr'><strong>incolis.</strong></span> <span class='ocrx_word' id='word_1_234' title='bbox 986 3633 1196 3699; x_wconf 85' lang='lat' dir='ltr'><strong>Quibus</strong></span> <span class='ocrx_word' id='word_1_235' title='bbox 1223 3634 1412 3703; x_wconf 84' lang='lat' dir='ltr'><strong>gestis,</strong></span> <span class='ocrx_word' id='word_1_236' title='bbox 1450 3633 1641 3687; x_wconf 90' lang='lat' dir='ltr'><strong>volens</strong></span> <span class='ocrx_word' id='word_1_237' title='bbox 1674 3631 1815 3687; x_wconf 86' lang='lat' dir='ltr'><strong>Deus</strong></span> <span class='ocrx_word' id='word_1_238' title='bbox 1846 3641 2031 3687; x_wconf 86' lang='lat' dir='ltr'><strong>osten-</strong></span> 
     </span>
    </p>
   </div>
   <div class='ocr_carea' id='block_1_38' title="bbox 447 3724 2029 3795">
    <p class='ocr_par' dir='ltr' id='par_1_38' title="bbox 447 3724 2029 3795">
     <span class='ocr_line' id='line_1_38' title="bbox 447 3724 2029 3795; baseline -0.004 -13"><span class='ocrx_word' id='word_1_239' title='bbox 447 3730 576 3782; x_wconf 85' lang='lat' dir='ltr'><strong>dere</strong></span> <span class='ocrx_word' id='word_1_240' title='bbox 613 3742 771 3781; x_wconf 87' lang='lat' dir='ltr'><strong>suam</strong></span> <span class='ocrx_word' id='word_1_241' title='bbox 820 3728 1151 3794; x_wconf 71' lang='lat' dir='ltr'><strong>potentium,</strong></span> <span class='ocrx_word' id='word_1_242' title='bbox 1206 3737 1257 3780; x_wconf 87' lang='lat' dir='ltr'><strong>et</strong></span> <span class='ocrx_word' id='word_1_243' title='bbox 1292 3740 1351 3779; x_wconf 92' lang='lat' dir='ltr'><strong>se</strong></span> <span class='ocrx_word' id='word_1_244' title='bbox 1390 3741 1499 3778; x_wconf 90' lang='lat' dir='ltr'><strong>non</strong></span> <span class='ocrx_word' id='word_1_245' title='bbox 1554 3740 1648 3795; x_wconf 88' lang='lat' dir='ltr'><strong>per</strong></span> <span class='ocrx_word' id='word_1_246' title='bbox 1696 3724 2029 3779; x_wconf 80' lang='lat' dir='ltr'><strong>debilitatem</strong></span> 
     </span>
    </p>
   </div>
   <div class='ocr_carea' id='block_1_39' title="bbox 449 3815 2032 3887">
    <p class='ocr_par' dir='ltr' id='par_1_39' title="bbox 449 3815 2032 3887">
     <span class='ocr_line' id='line_1_39' title="bbox 449 3815 2032 3887; baseline -0.002 -14"><span class='ocrx_word' id='word_1_247' title='bbox 449 3817 738 3873; x_wconf 84' lang='lat' dir='ltr'><strong>tradidisse</strong></span> <span class='ocrx_word' id='word_1_248' title='bbox 782 3815 1026 3882; x_wconf 68' lang='lat' dir='ltr'><strong>Judazos,</strong></span> <span class='ocrx_word' id='word_1_249' title='bbox 1076 3818 1169 3872; x_wconf 77' lang='lat' dir='ltr'><strong>sed</strong></span> <span class='ocrx_word' id='word_1_250' title='bbox 1218 3818 1287 3872; x_wconf 87' lang='lat' dir='ltr'><strong>ob</strong></span> <span class='ocrx_word' id='word_1_251' title='bbox 1338 3818 1556 3871; x_wconf 83' lang='lat' dir='ltr'><strong>illorum</strong></span> <span class='ocrx_word' id='word_1_252' title='bbox 1606 3828 1849 3887; x_wconf 75' lang='lat' dir='ltr'><strong>peccata,</strong></span> <span class='ocrx_word' id='word_1_253' title='bbox 1882 3817 2032 3871; x_wconf 89' lang='lat' dir='ltr'><strong>misit</strong></span> 
     </span>
    </p>
   </div>
   <div class='ocr_carea' id='block_1_40' title="bbox 451 3911 2028 3981">
    <p class='ocr_par' dir='ltr' id='par_1_40' title="bbox 451 3911 2028 3981">
     <span class='ocr_line' id='line_1_40' title="bbox 451 3911 2028 3981; baseline -0.003 -15"><span class='ocrx_word' id='word_1_254' title='bbox 451 3915 634 3968; x_wconf 84' lang='lat' dir='ltr'><strong>leones</strong></span> <span class='ocrx_word' id='word_1_255' title='bbox 664 3912 717 3965; x_wconf 91' lang='lat' dir='ltr'><strong>in</strong></span> <span class='ocrx_word' id='word_1_256' title='bbox 750 3911 1034 3976; x_wconf 84' lang='lat' dir='ltr'><strong>barbaros,</strong></span> <span class='ocrx_word' id='word_1_257' title='bbox 1065 3912 1157 3981; x_wconf 91' lang='lat' dir='ltr'><strong>qui</strong></span> <span class='ocrx_word' id='word_1_258' title='bbox 1191 3921 1540 3965; x_wconf 84' lang='lat' dir='ltr'><strong>vastaverunt</strong></span> <span class='ocrx_word' id='word_1_259' title='bbox 1588 3920 1800 3979; x_wconf 81' lang='lat' dir='ltr'><strong>gentem</strong></span> <span class='ocrx_word' id='word_1_260' title='bbox 1836 3919 2028 3964; x_wconf 89' lang='lat' dir='ltr'><strong>totam.</strong></span> 
     </span>
    </p>
   </div>
   <div class='ocr_carea' id='block_1_41' title="bbox 447 4000 2026 4073">
    <p class='ocr_par' dir='ltr' id='par_1_41' title="bbox 447 4000 2026 4073">
     <span class='ocr_line' id='line_1_41' title="bbox 447 4000 2026 4073; baseline -0.003 -15"><span class='ocrx_word' id='word_1_261' title='bbox 447 4004 766 4059; x_wconf 84' lang='lat' dir='ltr'><strong>Nuntiatum</strong></span> <span class='ocrx_word' id='word_1_262' title='bbox 827 4011 912 4057; x_wconf 91' lang='lat' dir='ltr'><strong>est</strong></span> <span class='ocrx_word' id='word_1_263' title='bbox 958 4019 1089 4072; x_wconf 83' lang='lat' dir='ltr'><strong>ergo</strong></span> <span class='ocrx_word' id='word_1_264' title='bbox 1144 4004 1288 4073; x_wconf 83' lang='lat' dir='ltr'><strong>regi,</strong></span> <span class='ocrx_word' id='word_1_265' title='bbox 1350 4014 1403 4057; x_wconf 91' lang='lat' dir='ltr'><strong>et</strong></span> <span class='ocrx_word' id='word_1_266' title='bbox 1459 4002 1626 4055; x_wconf 89' lang='lat' dir='ltr'><strong>mittit</strong></span> <span class='ocrx_word' id='word_1_267' title='bbox 1689 4000 2026 4056; x_wconf 84' lang='lat' dir='ltr'><strong>sacerdotem</strong></span> 
     </span>
    </p>
   </div>
   <div class='ocr_carea' id='block_1_42' title="bbox 446 4093 2029 4170">
    <p class='ocr_par' dir='ltr' id='par_1_42' title="bbox 446 4093 2029 4170">
     <span class='ocr_line' id='line_1_42' title="bbox 446 4093 2029 4170; baseline -0.006 -15"><span class='ocrx_word' id='word_1_268' title='bbox 446 4102 736 4170; x_wconf 83' lang='lat' dir='ltr'><strong>quemdam</strong></span> <span class='ocrx_word' id='word_1_269' title='bbox 771 4100 862 4170; x_wconf 91' lang='lat' dir='ltr'><strong>qui</strong></span> <span class='ocrx_word' id='word_1_270' title='bbox 893 4100 998 4153; x_wconf 91' lang='lat' dir='ltr'><strong>illis</strong></span> <span class='ocrx_word' id='word_1_271' title='bbox 1044 4098 1309 4168; x_wconf 67' lang='lat' dir='ltr'><strong>praaberet</strong></span> <span class='ocrx_word' id='word_1_272' title='bbox 1340 4096 1511 4165; x_wconf 85' lang='lat' dir='ltr'><strong>legem</strong></span> <span class='ocrx_word' id='word_1_273' title='bbox 1546 4094 1661 4149; x_wconf 89' lang='lat' dir='ltr'><strong>Dei.</strong></span> <span class='ocrx_word' id='word_1_274' title='bbox 1692 4094 1795 4149; x_wconf 89' lang='lat' dir='ltr'><strong>Sed</strong></span> <span class='ocrx_word' id='word_1_275' title='bbox 1831 4093 2029 4146; x_wconf 87' lang='lat' dir='ltr'><strong>nihilo-</strong></span> 
     </span>
    </p>
   </div>
   <div class='ocr_carea' id='block_1_43' title="bbox 444 4184 2026 4257">
    <p class='ocr_par' dir='ltr' id='par_1_43' title="bbox 444 4184 2026 4257">
     <span class='ocr_line' id='line_1_43' title="bbox 444 4184 2026 4257; baseline -0.005 -10"><span class='ocrx_word' id='word_1_276' title='bbox 444 4194 630 4249; x_wconf 79' lang='lat' dir='ltr'><strong>minus</strong></span> <span class='ocrx_word' id='word_1_277' title='bbox 674 4208 801 4246; x_wconf 24' lang='lat' dir='ltr'><strong>non.</strong></span> <span class='ocrx_word' id='word_1_278' title='bbox 854 4190 978 4245; x_wconf 89' lang='lat' dir='ltr'><strong>ideo</strong></span> <span class='ocrx_word' id='word_1_279' title='bbox 1036 4206 1101 4242; x_wconf 84' lang='lat' dir='ltr'><strong>ex</strong></span> <span class='ocrx_word' id='word_1_280' title='bbox 1162 4188 1502 4257; x_wconf 88' lang='lat' dir='ltr'><strong>plenitudine</strong></span> <span class='ocrx_word' id='word_1_281' title='bbox 1558 4200 1671 4241; x_wconf 63' lang='lat' dir='ltr'><strong>sua:</strong></span> <span class='ocrx_word' id='word_1_282' title='bbox 1730 4184 2026 4254; x_wconf 87' lang='lat' dir='ltr'><strong>impietatis</strong></span> 
     </span>
    </p>
   </div>
   <div class='ocr_carea' id='block_1_44' title="bbox 446 4280 2028 4353">
    <p class='ocr_par' dir='ltr' id='par_1_44' title="bbox 446 4280 2028 4353">
     <span class='ocr_line' id='line_1_44' title="bbox 446 4280 2028 4353; baseline -0.004 -14"><span class='ocrx_word' id='word_1_283' title='bbox 446 4287 856 4341; x_wconf 86' lang='lat' dir='ltr'><strong>abscesserunt.</strong></span> <span class='ocrx_word' id='word_1_284' title='bbox 894 4283 1161 4353; x_wconf 83' lang='lat' dir='ltr'><strong>Tempore</strong></span> <span class='ocrx_word' id='word_1_285' title='bbox 1215 4282 1422 4352; x_wconf 78' lang='lat' dir='ltr'><strong>elapso,</strong></span> <span class='ocrx_word' id='word_1_286' title='bbox 1471 4281 1633 4334; x_wconf 89' lang='lat' dir='ltr'><strong>idolis</strong></span> <span class='ocrx_word' id='word_1_287' title='bbox 1680 4280 1897 4348; x_wconf 81' lang='lat' dir='ltr'><strong>quidem</strong></span> <span class='ocrx_word' id='word_1_288' title='bbox 1939 4293 2028 4332; x_wconf 84' lang='lat' dir='ltr'><strong>re-</strong></span> 
     </span>
    </p>
   </div>
   <div class='ocr_carea' id='block_1_45' title="bbox 447 4370 2027 4441">
    <p class='ocr_par' dir='ltr' id='par_1_45' title="bbox 447 4370 2027 4441">
     <span class='ocr_line' id='line_1_45' title="bbox 447 4370 2027 4441; baseline -0.003 -12"><span class='ocrx_word' id='word_1_289' title='bbox 447 4379 859 4441; x_wconf 80' lang='lat' dir='ltr'><strong>nuntiaverunt,</strong></span> <span class='ocrx_word' id='word_1_290' title='bbox 893 4386 947 4430; x_wconf 90' lang='lat' dir='ltr'><strong>et</strong></span> <span class='ocrx_word' id='word_1_291' title='bbox 977 4377 1345 4430; x_wconf 86' lang='lat' dir='ltr'><strong>adoraverunt</strong></span> <span class='ocrx_word' id='word_1_292' title='bbox 1377 4371 1567 4427; x_wconf 89' lang='lat' dir='ltr'><strong>Deum.</strong></span> <span class='ocrx_word' id='word_1_293' title='bbox 1617 4370 1800 4425; x_wconf 83' lang='lat' dir='ltr'><strong>Rebus</strong></span> <span class='ocrx_word' id='word_1_294' title='bbox 1860 4371 1933 4423; x_wconf 83' lang='lat' dir='ltr'><strong>ita</strong></span> <span class='ocrx_word' id='word_1_295' title='bbox 1969 4386 2027 4425; x_wconf 90' lang='lat' dir='ltr'><strong>se</strong></span> 
     </span>
    </p>
   </div>
   <div class='ocr_carea' id='block_1_46' title="bbox 446 4461 2025 4536">
    <p class='ocr_par' dir='ltr' id='par_1_46' title="bbox 446 4461 2025 4536">
     <span class='ocr_line' id='line_1_46' title="bbox 446 4461 2025 4536; baseline -0.007 -12"><span class='ocrx_word' id='word_1_296' title='bbox 446 4472 795 4536; x_wconf 84' lang='lat' dir='ltr'><strong>habentibus,</strong></span> <span class='ocrx_word' id='word_1_297' title='bbox 830 4469 1185 4523; x_wconf 85' lang='lat' dir='ltr'><strong>ascendentes</strong></span> <span class='ocrx_word' id='word_1_298' title='bbox 1213 4466 1266 4520; x_wconf 90' lang='lat' dir='ltr'><strong>hi</strong></span> <span class='ocrx_word' id='word_1_299' title='bbox 1294 4466 1385 4534; x_wconf 90' lang='lat' dir='ltr'><strong>qui</strong></span> <span class='ocrx_word' id='word_1_300' title='bbox 1415 4472 1575 4517; x_wconf 86' lang='lat' dir='ltr'><strong>erant</strong></span> <span class='ocrx_word' id='word_1_301' title='bbox 1607 4479 1671 4516; x_wconf 79' lang='lat' dir='ltr'><strong>ex</strong></span> <span class='ocrx_word' id='word_1_302' title='bbox 1702 4461 1912 4523; x_wconf 70' lang='lat' dir='ltr'><strong>Judaea,</strong></span> <span class='ocrx_word' id='word_1_303' title='bbox 1945 4463 2025 4513; x_wconf 84' lang='lat' dir='ltr'><strong>in-</strong></span> 
     </span>
    </p>
   </div>
   <div class='ocr_carea' id='block_1_47' title="bbox 2158 586 3735 669">
    <p class='ocr_par' dir='ltr' id='par_1_47' title="bbox 2158 586 3735 669">
     <span class='ocr_line' id='line_1_47' title="bbox 2158 586 3735 669; baseline 0.01 -33"><span class='ocrx_word' id='word_1_304' title='bbox 2158 586 2523 657; x_wconf 78' lang='grc' dir='ltr'><strong>στεϊ·τὸγὰρ,</strong></span> <span class='ocrx_word' id='word_1_305' title='bbox 2563 588 2995 659; x_wconf 65' lang='grc' dir='ltr'><strong>Ἕσφρὰγισεν,</strong></span> <span class='ocrx_word' id='word_1_306' title='bbox 3025 591 3279 658; x_wconf 81' lang='grc' dir='ltr'><strong>ἐνταῦθα,</strong></span> <span class='ocrx_word' id='word_1_307' title='bbox 3339 593 3576 663; x_wconf 78' lang='grc' dir='ltr'><strong>Ἐδειξε,</strong></span> <span class='ocrx_word' id='word_1_308' title='bbox 3633 615 3735 669; x_wconf 82' lang='grc' dir='ltr'><strong>ση-</strong></span> 
     </span>
    </p>
   </div>
   <div class='ocr_carea' id='block_1_48' title="bbox 2162 679 2363 747">
    <p class='ocr_par' dir='ltr' id='par_1_48' title="bbox 2162 679 2363 747">
     <span class='ocr_line' id='line_1_48' title="bbox 2162 679 2363 747; baseline 0 -15"><span class='ocrx_word' id='word_1_309' title='bbox 2162 679 2363 747; x_wconf 74' lang='grc' dir='ltr'><strong>μαίνει.</strong></span> 
     </span>
    </p>
   </div>
   <div class='ocr_carea' id='block_1_49' title="bbox 2227 772 3735 849">
    <p class='ocr_par' dir='ltr' id='par_1_49' title="bbox 2227 772 3735 849">
     <span class='ocr_line' id='line_1_49' title="bbox 2227 772 3735 849; baseline 0.009 -26"><span class='ocrx_word' id='word_1_310' title='bbox 2227 772 2293 823; x_wconf 86' lang='grc' dir='ltr'>Τί</span> <span class='ocrx_word' id='word_1_311' title='bbox 2316 773 2433 826; x_wconf 83' lang='grc' dir='ltr'><strong>ἐστι</strong></span> <span class='ocrx_word' id='word_1_312' title='bbox 2466 773 2551 838; x_wconf 72' lang='grc' dir='ltr'><strong>τὸ,</strong></span> <span class='ocrx_word' id='word_1_313' title='bbox 2584 776 2668 829; x_wconf 88' lang='grc' dir='ltr'><strong>Οὺ</strong></span> <span class='ocrx_word' id='word_1_314' title='bbox 2700 774 2810 844; x_wconf 80' lang='grc' dir='ltr'><strong>γὰρ</strong></span> <span class='ocrx_word' id='word_1_315' title='bbox 2831 776 2899 829; x_wconf 84' lang='grc' dir='ltr'><strong>ἐκ</strong></span> <span class='ocrx_word' id='word_1_316' title='bbox 2913 776 3134 845; x_wconf 80' lang='grc' dir='ltr'><strong>μέτρου</strong></span> <span class='ocrx_word' id='word_1_317' title='bbox 3158 778 3407 834; x_wconf 76' lang='grc' dir='ltr'><strong>δίδωσιν</strong></span> <span class='ocrx_word' id='word_1_318' title='bbox 3430 784 3461 835; x_wconf 84' lang='grc' dir='ltr'><strong><em>ό</em></strong></span> <span class='ocrx_word' id='word_1_319' title='bbox 3494 782 3641 849; x_wconf 77' lang='grc' dir='ltr'><strong>Θεὸς</strong></span> <span class='ocrx_word' id='word_1_320' title='bbox 3668 786 3735 837; x_wconf 87' lang='grc' dir='ltr'><strong>τὸ</strong></span> 
     </span>
    </p>
   </div>
   <div class='ocr_carea' id='block_1_50' title="bbox 2157 862 3737 944">
    <p class='ocr_par' dir='ltr' id='par_1_50' title="bbox 2157 862 3737 944">
     <span class='ocr_line' id='line_1_50' title="bbox 2157 862 3737 944; baseline 0.008 -29"><span class='ocrx_word' id='word_1_321' title='bbox 2157 862 2438 931; x_wconf 57' lang='lat' dir='ltr'><strong>ﬁnium;</strong></span> <span class='ocrx_word' id='word_1_322' title='bbox 2500 865 2767 919; x_wconf 75' lang='grc' dir='ltr'><strong>Ἐνταῦθα</strong></span> <span class='ocrx_word' id='word_1_323' title='bbox 2820 866 2920 936; x_wconf 71' lang='grc' dir='ltr'>τὴν</span> <span class='ocrx_word' id='word_1_324' title='bbox 2966 869 3248 938; x_wconf 72' lang='grc' dir='ltr'>ἐνέργειαν</span> <span class='ocrx_word' id='word_1_325' title='bbox 3300 871 3469 940; x_wconf 82' lang='grc' dir='ltr'><strong>λέγει.</strong></span> <span class='ocrx_word' id='word_1_326' title='bbox 3543 875 3737 944; x_wconf 78' lang='grc' dir='ltr'><strong>Ἡμεῖς</strong></span> 
     </span>
    </p>
   </div>
   <div class='ocr_carea' id='block_1_51' title="bbox 2158 952 3730 1036">
    <p class='ocr_par' dir='ltr' id='par_1_51' title="bbox 2158 952 3730 1036">
     <span class='ocr_line' id='line_1_51' title="bbox 2158 952 3730 1036; baseline 0.009 -31"><span class='ocrx_word' id='word_1_327' title='bbox 2158 953 2257 1023; x_wconf 82' lang='grc' dir='ltr'><strong>μὲν</strong></span> <span class='ocrx_word' id='word_1_328' title='bbox 2285 952 2401 1017; x_wconf 82' lang='grc' dir='ltr'><strong>οὖν,</strong></span> <span class='ocrx_word' id='word_1_329' title='bbox 2435 958 2594 1026; x_wconf 73' lang='grc' dir='ltr'><strong>φησὶ,</strong></span> <span class='ocrx_word' id='word_1_330' title='bbox 2644 960 2829 1028; x_wconf 80' lang='grc' dir='ltr'><strong>μέτρῳ</strong></span> <span class='ocrx_word' id='word_1_331' title='bbox 2882 959 2983 1028; x_wconf 83' lang='grc' dir='ltr'>τὴν</span> <span class='ocrx_word' id='word_1_332' title='bbox 3030 961 3316 1031; x_wconf 70' lang='grc' dir='ltr'><strong>ἐνέργειαν</strong></span> <span class='ocrx_word' id='word_1_333' title='bbox 3351 964 3730 1036; x_wconf 77' lang='grc' dir='ltr'><strong>λαμϐάνομεν·</strong></span> 
     </span>
    </p>
   </div>
   <div class='ocr_carea' id='block_1_52' title="bbox 2150 1045 3617 1128">
    <p class='ocr_par' dir='ltr' id='par_1_52' title="bbox 2150 1045 3617 1128">
     <span class='ocr_line' id='line_1_52' title="bbox 2150 1045 3617 1128; baseline 0.01 -31"><span class='ocrx_word' id='word_1_334' title='bbox 2150 1045 2310 1109; x_wconf 70' lang='grc' dir='ltr'><strong>αὐτὸς</strong></span> <span class='ocrx_word' id='word_1_335' title='bbox 2337 1046 2392 1100; x_wconf 80' lang='grc' dir='ltr'><strong>δὲ</strong></span> <span class='ocrx_word' id='word_1_336' title='bbox 2424 1047 2718 1121; x_wconf 77' lang='grc' dir='ltr'><strong>ὀλόκληρον</strong></span> <span class='ocrx_word' id='word_1_337' title='bbox 2747 1052 2880 1103; x_wconf 76' lang='grc' dir='ltr'><strong>πᾶσι</strong></span> <span class='ocrx_word' id='word_1_338' title='bbox 2912 1050 3009 1123; x_wconf 79' lang='grc' dir='ltr'><strong>τὴν</strong></span> <span class='ocrx_word' id='word_1_339' title='bbox 3043 1052 3321 1124; x_wconf 77' lang='grc' dir='ltr'><strong>ἐνέργειαν</strong></span> <span class='ocrx_word' id='word_1_340' title='bbox 3366 1058 3617 1128; x_wconf 84' lang='grc' dir='ltr'><strong>παρέχει.</strong></span> 
     </span>
    </p>
   </div>
   <div class='ocr_carea' id='block_1_53' title="bbox 2753 1268 3121 1323">
    <p class='ocr_par' dir='ltr' id='par_1_53' title="bbox 2753 1268 3121 1323">
     <span class='ocr_line' id='line_1_53' title="bbox 2753 1268 3121 1323; baseline 0.008 -3"><span class='ocrx_word' id='word_1_341' title='bbox 2753 1268 3007 1323; x_wconf 78' lang='grc' dir='ltr'><strong>ΚΕΦΑΛ.</strong></span> <span class='ocrx_word' id='word_1_342' title='bbox 3048 1272 3121 1323; x_wconf 81' lang='grc' dir='ltr'><strong>Δ’.</strong></span> 
     </span>
    </p>
   </div>
   <div class='ocr_carea' id='block_1_54' title="bbox 2220 1411 3737 1491">
    <p class='ocr_par' dir='ltr' id='par_1_54' title="bbox 2220 1411 3737 1491">
     <span class='ocr_line' id='line_1_54' title="bbox 2220 1411 3737 1491; baseline 0.006 -27"><span class='ocrx_word' id='word_1_343' title='bbox 2220 1413 2343 1465; x_wconf 85' lang='grc' dir='ltr'><strong>’Ότι</strong></span> <span class='ocrx_word' id='word_1_344' title='bbox 2370 1411 2529 1476; x_wconf 75' lang='grc' dir='ltr'><strong>αὐτὸς</strong></span> <span class='ocrx_word' id='word_1_345' title='bbox 2550 1415 2577 1467; x_wconf 84' lang='grc' dir='ltr'><strong>ὀ</strong></span> <span class='ocrx_word' id='word_1_346' title='bbox 2607 1414 2841 1484; x_wconf 68' lang='grc' dir='ltr'><strong>Χριστὸς</strong></span> <span class='ocrx_word' id='word_1_347' title='bbox 2870 1414 2970 1467; x_wconf 84' lang='grc' dir='ltr'><strong>ούκ</strong></span> <span class='ocrx_word' id='word_1_348' title='bbox 3002 1414 3310 1481; x_wconf 70' lang='grc' dir='ltr'><strong>ἐϐάπτιζεν,</strong></span> <span class='ocrx_word' id='word_1_349' title='bbox 3338 1417 3453 1471; x_wconf 78' lang='grc' dir='ltr'><strong>ἀλλ’</strong></span> <span class='ocrx_word' id='word_1_350' title='bbox 3472 1418 3521 1471; x_wconf 84' lang='grc' dir='ltr'><strong>οἱ</strong></span> <span class='ocrx_word' id='word_1_351' title='bbox 3555 1416 3737 1491; x_wconf 84' lang='grc' dir='ltr'><strong>μαθη-</strong></span> 
     </span>
    </p>
   </div>
   <div class='ocr_carea' id='block_1_55' title="bbox 2146 1503 3734 1573">
    <p class='ocr_par' dir='ltr' id='par_1_55' title="bbox 2146 1503 3734 1573">
     <span class='ocr_line' id='line_1_55' title="bbox 2146 1503 3734 1573; baseline 0.004 -16"><span class='ocrx_word' id='word_1_352' title='bbox 2146 1504 2255 1557; x_wconf 81' lang='grc' dir='ltr'><strong>ταί·</strong></span> <span class='ocrx_word' id='word_1_353' title='bbox 2284 1504 2333 1556; x_wconf 88' lang='grc' dir='ltr'><strong>οἱ</strong></span> <span class='ocrx_word' id='word_1_354' title='bbox 2370 1503 2424 1556; x_wconf 80' lang='grc' dir='ltr'><strong>δὲ</strong></span> <span class='ocrx_word' id='word_1_355' title='bbox 2452 1504 2893 1573; x_wconf 85' lang='grc' dir='ltr'><strong>ἀπαγγέλλοντες</strong></span> <span class='ocrx_word' id='word_1_356' title='bbox 2927 1506 3113 1573; x_wconf 82' lang='grc' dir='ltr'><strong>ἔλεγον</strong></span> <span class='ocrx_word' id='word_1_357' title='bbox 3152 1506 3400 1571; x_wconf 80' lang='grc' dir='ltr'><strong>τοιαῦτα,</strong></span> <span class='ocrx_word' id='word_1_358' title='bbox 3437 1509 3588 1572; x_wconf 81' lang='grc' dir='ltr'><strong>ὅπως</strong></span> <span class='ocrx_word' id='word_1_359' title='bbox 3653 1512 3734 1563; x_wconf 75' lang='grc' dir='ltr'><strong>διο</strong></span> 
     </span>
    </p>
   </div>
   <div class='ocr_carea' id='block_1_56' title="bbox 2147 1594 3734 1670">
    <p class='ocr_par' dir='ltr' id='par_1_56' title="bbox 2147 1594 3734 1670">
     <span class='ocr_line' id='line_1_56' title="bbox 2147 1594 3734 1670; baseline 0.005 -24"><span class='ocrx_word' id='word_1_360' title='bbox 2147 1594 2406 1666; x_wconf 78' lang='grc' dir='ltr'><strong>εγείρωσι</strong></span> <span class='ocrx_word' id='word_1_361' title='bbox 2440 1597 2567 1658; x_wconf 80' lang='grc' dir='ltr'><strong>τοὺς</strong></span> <span class='ocrx_word' id='word_1_362' title='bbox 2598 1596 2897 1659; x_wconf 84' lang='grc' dir='ltr'><strong>ἀκούοντας</strong></span> <span class='ocrx_word' id='word_1_363' title='bbox 2950 1598 3031 1649; x_wconf 83' lang='grc' dir='ltr'><strong>ὅτι</strong></span> <span class='ocrx_word' id='word_1_364' title='bbox 3095 1600 3122 1649; x_wconf 84' lang='grc' dir='ltr'><strong>ὁ</strong></span> <span class='ocrx_word' id='word_1_365' title='bbox 3161 1598 3396 1668; x_wconf 70' lang='grc' dir='ltr'><strong>Χριστὸς</strong></span> <span class='ocrx_word' id='word_1_366' title='bbox 3455 1598 3734 1670; x_wconf 73' lang='grc' dir='ltr'><strong>βαπτίζει·</strong></span> 
     </span>
    </p>
   </div>
   <div class='ocr_carea' id='block_1_57' title="bbox 2143 1688 3733 1759">
    <p class='ocr_par' dir='ltr' id='par_1_57' title="bbox 2143 1688 3733 1759">
     <span class='ocr_line' id='line_1_57' title="bbox 2143 1688 3733 1759; baseline 0.004 -19"><span class='ocrx_word' id='word_1_367' title='bbox 2143 1688 2332 1756; x_wconf 80' lang='grc' dir='ltr'><strong>ελεγον</strong></span> <span class='ocrx_word' id='word_1_368' title='bbox 2366 1688 2521 1759; x_wconf 81' lang='grc' dir='ltr'><strong>δὲμὴ</strong></span> <span class='ocrx_word' id='word_1_369' title='bbox 2556 1688 2921 1755; x_wconf 78' lang='grc' dir='ltr'>γινώσκοντες</span> <span class='ocrx_word' id='word_1_370' title='bbox 2952 1689 3042 1741; x_wconf 79' lang='grc' dir='ltr'><strong>τὸν</strong></span> <span class='ocrx_word' id='word_1_371' title='bbox 3089 1690 3182 1743; x_wconf 74' lang='grc' dir='ltr'><strong>τοῦ</strong></span> <span class='ocrx_word' id='word_1_372' title='bbox 3248 1692 3496 1746; x_wconf 82' lang='grc' dir='ltr'>Ἰωάννου</span> <span class='ocrx_word' id='word_1_373' title='bbox 3524 1694 3733 1747; x_wconf 74' lang='grc' dir='ltr'><strong>σκοπὸν</strong></span> 
     </span>
    </p>
   </div>
   <div class='ocr_carea' id='block_1_58' title="bbox 2142 1778 2777 1858">
    <p class='ocr_par' dir='ltr' id='par_1_58' title="bbox 2142 1778 2777 1858">
     <span class='ocr_line' id='line_1_58' title="bbox 2142 1778 2777 1858; baseline 0.002 -25"><span class='ocrx_word' id='word_1_374' title='bbox 2142 1781 2199 1833; x_wconf 70' lang='grc' dir='ltr'><strong>ὃν</strong></span> <span class='ocrx_word' id='word_1_375' title='bbox 2227 1778 2377 1851; x_wconf 69' lang='grc' dir='ltr'>εἶχεν</span> <span class='ocrx_word' id='word_1_376' title='bbox 2403 1786 2483 1858; x_wconf 46' lang='lat' dir='ltr'><strong>sic</strong></span> <span class='ocrx_word' id='word_1_377' title='bbox 2519 1782 2777 1851; x_wconf 75' lang='grc' dir='ltr'><strong>Χριστόν.</strong></span> 
     </span>
    </p>
   </div>
   <div class='ocr_carea' id='block_1_59' title="bbox 1746 1859 3734 1947">
    <p class='ocr_par' dir='ltr' id='par_1_59' title="bbox 1746 1859 3734 1947">
     <span class='ocr_line' id='line_1_59' title="bbox 1746 1859 3734 1947; baseline 0.003 -19"><span class='ocrx_word' id='word_1_378' title='bbox 1746 1872 2036 1943; x_wconf 81' lang='lat' dir='ltr'><strong>Oportebat</strong></span> <span class='ocrx_word' id='word_1_379' title='bbox 2067 1859 2113 1918; x_wconf 81' lang='grc' dir='ltr'><strong>Β</strong></span> <span class='ocrx_word' id='word_1_380' title='bbox 2216 1877 2340 1939; x_wconf 83' lang='grc' dir='ltr'><strong>Πῶς</strong></span> <span class='ocrx_word' id='word_1_381' title='bbox 2369 1876 2589 1946; x_wconf 86' lang='grc' dir='ltr'>νοητέον</span> <span class='ocrx_word' id='word_1_382' title='bbox 2616 1875 2698 1933; x_wconf 73' lang='grc' dir='ltr'><strong>τὸ.</strong></span> <span class='ocrx_word' id='word_1_383' title='bbox 2738 1875 2905 1929; x_wconf 81' lang='grc' dir='ltr'><strong>Ἔδει</strong></span> <span class='ocrx_word' id='word_1_384' title='bbox 2938 1875 3005 1929; x_wconf 71' lang='grc' dir='ltr'><strong>δὲ</strong></span> <span class='ocrx_word' id='word_1_385' title='bbox 3029 1876 3217 1930; x_wconf 66' lang='grc' dir='ltr'><strong>αὐτὼ·</strong></span> <span class='ocrx_word' id='word_1_386' title='bbox 3261 1877 3603 1947; x_wconf 78' lang='grc' dir='ltr'><strong>διέρχεσθαι</strong></span> <span class='ocrx_word' id='word_1_387' title='bbox 3631 1880 3734 1933; x_wconf 75' lang='grc' dir='ltr'><strong>διὰ</strong></span> 
     </span>
    </p>
   </div>
   <div class='ocr_carea' id='block_1_60' title="bbox 2142 1968 3733 2041">
    <p class='ocr_par' dir='ltr' id='par_1_60' title="bbox 2142 1968 3733 2041">
     <span class='ocr_line' id='line_1_60' title="bbox 2142 1968 3733 2041; baseline 0.002 -19"><span class='ocrx_word' id='word_1_388' title='bbox 2142 1968 2251 2037; x_wconf 85' lang='grc' dir='ltr'><strong>τῆς</strong></span> <span class='ocrx_word' id='word_1_389' title='bbox 2272 1970 2636 2038; x_wconf 79' lang='grc' dir='ltr'><strong>Σαμαρείας;</strong></span> <span class='ocrx_word' id='word_1_390' title='bbox 2672 1970 2791 2022; x_wconf 76' lang='grc' dir='ltr'><strong>⁹οτ’</strong></span> <span class='ocrx_word' id='word_1_391' title='bbox 2845 1969 2931 2033; x_wconf 83' lang='grc' dir='ltr'><strong>ἂν,</strong></span> <span class='ocrx_word' id='word_1_392' title='bbox 2978 1970 3165 2039; x_wconf 78' lang='grc' dir='ltr'><strong>φησὶν,</strong></span> <span class='ocrx_word' id='word_1_393' title='bbox 3215 1970 3531 2041; x_wconf 82' lang='grc' dir='ltr'><strong>ἀπήλαυνον</strong></span> <span class='ocrx_word' id='word_1_394' title='bbox 3566 1973 3733 2025; x_wconf 59' lang='lat' dir='ltr'><strong>antis</strong></span> 
     </span>
    </p>
   </div>
   <div class='ocr_carea' id='block_1_61' title="bbox 2140 2062 3732 2135">
    <p class='ocr_par' dir='ltr' id='par_1_61' title="bbox 2140 2062 3732 2135">
     <span class='ocr_line' id='line_1_61' title="bbox 2140 2062 3732 2135; baseline 0.001 -20"><span class='ocrx_word' id='word_1_395' title='bbox 2140 2065 2191 2115; x_wconf 78' lang='grc' dir='ltr'><strong>οἱ</strong></span> <span class='ocrx_word' id='word_1_396' title='bbox 2230 2062 2491 2127; x_wconf 81' lang='grc' dir='ltr'><strong>Ἰουδαῖοι,</strong></span> <span class='ocrx_word' id='word_1_397' title='bbox 2526 2064 2619 2115; x_wconf 82' lang='grc' dir='ltr'><strong>ἐπὶ</strong></span> <span class='ocrx_word' id='word_1_398' title='bbox 2664 2065 2733 2115; x_wconf 69' lang='grc' dir='ltr'><strong>τὰ</strong></span> <span class='ocrx_word' id='word_1_399' title='bbox 2766 2062 2894 2133; x_wconf 74' lang='grc' dir='ltr'><strong>ἔθνη</strong></span> <span class='ocrx_word' id='word_1_400' title='bbox 2928 2064 3147 2133; x_wconf 73' lang='grc' dir='ltr'><strong>ἤρχετο.</strong></span> <span class='ocrx_word' id='word_1_401' title='bbox 3208 2064 3378 2117; x_wconf 73' lang='grc' dir='ltr'>Πόθεν</span> <span class='ocrx_word' id='word_1_402' title='bbox 3411 2064 3732 2135; x_wconf 72' lang='grc' dir='ltr'><strong>ἐκλήθησαν</strong></span> 
     </span>
    </p>
   </div>
   <div class='ocr_carea' id='block_1_62' title="bbox 2142 2154 3733 2226">
    <p class='ocr_par' dir='ltr' id='par_1_62' title="bbox 2142 2154 3733 2226">
     <span class='ocr_line' id='line_1_62' title="bbox 2142 2154 3733 2226; baseline 0.001 -20"><span class='ocrx_word' id='word_1_403' title='bbox 2142 2155 2498 2224; x_wconf 74' lang='grc' dir='ltr'><strong>Σαμαρεῖται,</strong></span> <span class='ocrx_word' id='word_1_404' title='bbox 2520 2154 2617 2207; x_wconf 75' lang='grc' dir='ltr'><strong>καὶ</strong></span> <span class='ocrx_word' id='word_1_405' title='bbox 2638 2154 2753 2217; x_wconf 87' lang='grc' dir='ltr'><strong>πῶς</strong></span> <span class='ocrx_word' id='word_1_406' title='bbox 2786 2156 3125 2225; x_wconf 81' lang='grc' dir='ltr'><strong>συνέστησαν</strong></span> <span class='ocrx_word' id='word_1_407' title='bbox 3147 2172 3161 2221; x_wconf 89' lang='grc'>;</span> <span class='ocrx_word' id='word_1_408' title='bbox 3184 2156 3363 2226; x_wconf 71' lang='grc' dir='ltr'><strong>Σομὺρ</strong></span> <span class='ocrx_word' id='word_1_409' title='bbox 3381 2155 3439 2208; x_wconf 83' lang='grc' dir='ltr'>τὸ</span> <span class='ocrx_word' id='word_1_410' title='bbox 3463 2156 3590 2226; x_wconf 74' lang='grc' dir='ltr'><strong>ὅρος</strong></span> <span class='ocrx_word' id='word_1_411' title='bbox 3609 2156 3733 2209; x_wconf 67' lang='grc' dir='ltr'><strong>ἐλέα</strong></span> 
     </span>
    </p>
   </div>
   <div class='ocr_carea' id='block_1_63' title="bbox 2140 2245 3727 2318">
    <p class='ocr_par' dir='ltr' id='par_1_63' title="bbox 2140 2245 3727 2318">
     <span class='ocr_line' id='line_1_63' title="bbox 2140 2245 3727 2318; baseline 0.001 -19"><span class='ocrx_word' id='word_1_412' title='bbox 2140 2264 2267 2315; x_wconf 91' lang='grc' dir='ltr'><strong>γετο</strong></span> <span class='ocrx_word' id='word_1_413' title='bbox 2286 2245 2395 2299; x_wconf 81' lang='grc' dir='ltr'><strong>ἀπὸ</strong></span> <span class='ocrx_word' id='word_1_414' title='bbox 2414 2246 2507 2300; x_wconf 83' lang='grc' dir='ltr'><strong>τοῦ</strong></span> <span class='ocrx_word' id='word_1_415' title='bbox 2533 2246 2902 2315; x_wconf 74' lang='grc' dir='ltr'><strong>κτησαμένου’</strong></span> <span class='ocrx_word' id='word_1_416' title='bbox 2930 2246 3185 2318; x_wconf 81' lang='grc' dir='ltr'><strong>καθάπερ</strong></span> <span class='ocrx_word' id='word_1_417' title='bbox 3205 2247 3301 2299; x_wconf 73' lang='grc' dir='ltr'><strong>καὶ</strong></span> <span class='ocrx_word' id='word_1_418' title='bbox 3323 2245 3550 2311; x_wconf 74' lang='grc' dir='ltr'><strong>Ἡσαΐας</strong></span> <span class='ocrx_word' id='word_1_419' title='bbox 3570 2248 3727 2318; x_wconf 70' lang='grc' dir='ltr'><strong>φησί’</strong></span> 
     </span>
    </p>
   </div>
   <div class='ocr_carea' id='block_1_64' title="bbox 2139 2339 3760 2419">
    <p class='ocr_par' dir='ltr' id='par_1_64' title="bbox 2139 2339 3760 2419">
     <span class='ocr_line' id='line_1_64' title="bbox 2139 2339 3760 2419; baseline 0.001 -26"><span class='ocrx_word' id='word_1_420' title='bbox 2139 2340 2296 2407; x_wconf 78' lang='grc' dir='ltr'><strong>Καὶή</strong></span> <span class='ocrx_word' id='word_1_421' title='bbox 2314 2339 2551 2409; x_wconf 68' lang='grc' dir='ltr'><strong>κεφαλὴ</strong></span> <span class='ocrx_word' id='word_1_422' title='bbox 2579 2340 2856 2408; x_wconf 78' lang='grc' dir='ltr'><strong>Σομόρων</strong></span> <span class='ocrx_word' id='word_1_423' title='bbox 2885 2339 3153 2409; x_wconf 60' lang='lat' dir='ltr'><strong>‘lt‘gpallt&#39;</strong></span> <span class='ocrx_word' id='word_1_424' title='bbox 3176 2339 3349 2394; x_wconf 83' lang='grc' dir='ltr'><strong>ἀλλὀὶ</strong></span> <span class='ocrx_word' id='word_1_425' title='bbox 3374 2341 3653 2403; x_wconf 81' lang='grc' dir='ltr'>οἰκοῦντες</span> <span class='ocrx_word' id='word_1_426' title='bbox 3668 2342 3760 2419; x_wconf 36' lang='grc' dir='ltr'><strong>οὐ.</strong></span> 
     </span>
    </p>
   </div>
   <div class='ocr_carea' id='block_1_65' title="bbox 2140 2432 3730 2505">
    <p class='ocr_par' dir='ltr' id='par_1_65' title="bbox 2140 2432 3730 2505">
     <span class='ocr_line' id='line_1_65' title="bbox 2140 2432 3730 2505; baseline 0 -19"><span class='ocrx_word' id='word_1_427' title='bbox 2140 2435 2501 2505; x_wconf 78' lang='grc' dir='ltr'><strong>Σαμαρεῖται,</strong></span> <span class='ocrx_word' id='word_1_428' title='bbox 2524 2432 2638 2486; x_wconf 78' lang='grc' dir='ltr'><strong>ἀλλ’</strong></span> <span class='ocrx_word' id='word_1_429' title='bbox 2659 2434 2991 2504; x_wconf 83' lang='grc' dir='ltr'><strong>Ἰσραηλῖται</strong></span> <span class='ocrx_word' id='word_1_430' title='bbox 3016 2433 3281 2501; x_wconf 80' lang='grc' dir='ltr'><strong>ἐλέγοντο·</strong></span> <span class='ocrx_word' id='word_1_431' title='bbox 3302 2435 3493 2504; x_wconf 83' lang='grc' dir='ltr'><strong>χρόνου</strong></span> <span class='ocrx_word' id='word_1_432' title='bbox 3512 2434 3568 2486; x_wconf 87' lang='grc' dir='ltr'>δέ</span> <span class='ocrx_word' id='word_1_433' title='bbox 3594 2449 3730 2503; x_wconf 86' lang='grc' dir='ltr'><strong>προ·</strong></span> 
     </span>
    </p>
   </div>
   <div class='ocr_carea' id='block_1_66' title="bbox 2137 2525 3731 2597">
    <p class='ocr_par' dir='ltr' id='par_1_66' title="bbox 2137 2525 3731 2597">
     <span class='ocr_line' id='line_1_66' title="bbox 2137 2525 3731 2597; baseline 0 -18"><span class='ocrx_word' id='word_1_434' title='bbox 2137 2528 2312 2591; x_wconf 84' lang='grc' dir='ltr'><strong>ῖόντος</strong></span> <span class='ocrx_word' id='word_1_435' title='bbox 2333 2525 2749 2597; x_wconf 74' lang='grc' dir='ltr'><strong>προσέκρουσαν</strong></span> <span class='ocrx_word' id='word_1_436' title='bbox 2778 2526 2855 2595; x_wconf 80' lang='grc' dir='ltr'><strong>τῷ</strong></span> <span class='ocrx_word' id='word_1_437' title='bbox 2883 2525 3024 2595; x_wconf 83' lang='grc' dir='ltr'><strong>Θεῷ,</strong></span> <span class='ocrx_word' id='word_1_438' title='bbox 3055 2527 3147 2579; x_wconf 79' lang='grc' dir='ltr'><strong>καὶ</strong></span> <span class='ocrx_word' id='word_1_439' title='bbox 3168 2526 3594 2596; x_wconf 77' lang='grc' dir='ltr'><strong>βασιλεύσαντος</strong></span> <span class='ocrx_word' id='word_1_440' title='bbox 3620 2529 3731 2579; x_wconf 78' lang='grc' dir='ltr'><strong>Φα-</strong></span> 
     </span>
    </p>
   </div>
   <div class='ocr_carea' id='block_1_67' title="bbox 2138 2615 3730 2687">
    <p class='ocr_par' dir='ltr' id='par_1_67' title="bbox 2138 2615 3730 2687">
     <span class='ocr_line' id='line_1_67' title="bbox 2138 2615 3730 2687; baseline -0.001 -16"><span class='ocrx_word' id='word_1_441' title='bbox 2138 2619 2230 2671; x_wconf 85' lang='grc' dir='ltr'><strong>κεέ</strong></span> <span class='ocrx_word' id='word_1_442' title='bbox 2271 2617 2470 2687; x_wconf 76' lang='grc' dir='ltr'>ἀνῆλθε</span> <span class='ocrx_word' id='word_1_443' title='bbox 2494 2617 2877 2686; x_wconf 75' lang='grc' dir='ltr'><strong>Φελγαφασὰρ,</strong></span> <span class='ocrx_word' id='word_1_444' title='bbox 2906 2618 3092 2679; x_wconf 83' lang='grc' dir='ltr'><strong>πόλεις</strong></span> <span class='ocrx_word' id='word_1_445' title='bbox 3118 2635 3175 2669; x_wconf 88' lang='grc' dir='ltr'>τε</span> <span class='ocrx_word' id='word_1_446' title='bbox 3234 2615 3343 2670; x_wconf 79' lang='grc' dir='ltr'><strong>εἷλε</strong></span> <span class='ocrx_word' id='word_1_447' title='bbox 3374 2617 3595 2681; x_wconf 75' lang='grc' dir='ltr'><strong>πολλὰς.</strong></span> <span class='ocrx_word' id='word_1_448' title='bbox 3630 2620 3730 2671; x_wconf 66' lang='grc' dir='ltr'><strong>καὶ.</strong></span> 
     </span>
    </p>
   </div>
   <div class='ocr_carea' id='block_1_68' title="bbox 2138 2710 3723 2781">
    <p class='ocr_par' dir='ltr' id='par_1_68' title="bbox 2138 2710 3723 2781">
     <span class='ocr_line' id='line_1_68' title="bbox 2138 2710 3723 2781; baseline -0.001 -17"><span class='ocrx_word' id='word_1_449' title='bbox 2138 2711 2365 2765; x_wconf 75' lang='grc' dir='ltr'>ἐπέθετο</span> <span class='ocrx_word' id='word_1_450' title='bbox 2394 2710 2472 2780; x_wconf 84' lang='grc' dir='ltr'>τῷ</span> <span class='ocrx_word' id='word_1_451' title='bbox 2503 2712 2655 2780; x_wconf 68' lang='grc' dir='ltr'><strong>Ἢὶᾷ,</strong></span> <span class='ocrx_word' id='word_1_452' title='bbox 2695 2712 2785 2763; x_wconf 74' lang='grc' dir='ltr'><strong>καὶ</strong></span> <span class='ocrx_word' id='word_1_453' title='bbox 2809 2710 3015 2764; x_wconf 82' lang='grc' dir='ltr'><strong>ἀνελὼν</strong></span> <span class='ocrx_word' id='word_1_454' title='bbox 3041 2711 3226 2773; x_wconf 68' lang='grc' dir='ltr'><strong>αὑτὸν,</strong></span> <span class='ocrx_word' id='word_1_455' title='bbox 3268 2711 3538 2781; x_wconf 35' lang='grc' dir='ltr'><strong>Ὦσίιέτὴν</strong></span> <span class='ocrx_word' id='word_1_456' title='bbox 3564 2711 3723 2781; x_wconf 78' lang='grc' dir='ltr'><strong>βασι-</strong></span> 
     </span>
    </p>
   </div>
   <div class='ocr_carea' id='block_1_69' title="bbox 2137 2797 3725 2873">
    <p class='ocr_par' dir='ltr' id='par_1_69' title="bbox 2137 2797 3725 2873">
     <span class='ocr_line' id='line_1_69' title="bbox 2137 2797 3725 2873; baseline -0.001 -18"><span class='ocrx_word' id='word_1_457' title='bbox 2137 2802 2287 2855; x_wconf 81' lang='grc' dir='ltr'><strong>λείαν</strong></span> <span class='ocrx_word' id='word_1_458' title='bbox 2304 2802 2491 2855; x_wconf 79' lang='grc' dir='ltr'><strong>ἔδωκε·</strong></span> <span class='ocrx_word' id='word_1_459' title='bbox 2510 2805 2601 2855; x_wconf 72' lang='grc' dir='ltr'><strong>καὶ</strong></span> <span class='ocrx_word' id='word_1_460' title='bbox 2621 2802 2711 2855; x_wconf 73' lang='grc' dir='ltr'><strong>ἐπὶ</strong></span> <span class='ocrx_word' id='word_1_461' title='bbox 2729 2801 2916 2854; x_wconf 81' lang='grc' dir='ltr'><strong>τοῦτον</strong></span> <span class='ocrx_word' id='word_1_462' title='bbox 2934 2799 3103 2853; x_wconf 81' lang='grc' dir='ltr'>ἐλθὼν</span> <span class='ocrx_word' id='word_1_463' title='bbox 3118 2805 3142 2853; x_wconf 77' lang='grc' dir='ltr'>ὁ</span> <span class='ocrx_word' id='word_1_464' title='bbox 3157 2802 3298 2853; x_wconf 83' lang='grc' dir='ltr'><strong>Σαλα</strong></span> <span class='ocrx_word' id='word_1_465' title='bbox 3308 2803 3587 2873; x_wconf 72' lang='grc' dir='ltr'><strong>μανασαρ,</strong></span> <span class='ocrx_word' id='word_1_466' title='bbox 3609 2797 3725 2854; x_wconf 71' lang='grc' dir='ltr'>εἷλε</span> 
     </span>
    </p>
   </div>
   <div class='ocr_carea' id='block_1_70' title="bbox 2136 2890 3723 2961">
    <p class='ocr_par' dir='ltr' id='par_1_70' title="bbox 2136 2890 3723 2961">
     <span class='ocr_line' id='line_1_70' title="bbox 2136 2890 3723 2961; baseline -0.001 -17"><span class='ocrx_word' id='word_1_467' title='bbox 2136 2892 2322 2955; x_wconf 84' lang='grc' dir='ltr'><strong>πόλεις</strong></span> <span class='ocrx_word' id='word_1_468' title='bbox 2354 2892 2565 2961; x_wconf 84' lang='grc' dir='ltr'><strong>ἐτέρας,</strong></span> <span class='ocrx_word' id='word_1_469' title='bbox 2596 2893 2689 2945; x_wconf 66' lang='grc' dir='ltr'><strong>καὶ</strong></span> <span class='ocrx_word' id='word_1_470' title='bbox 2718 2893 2885 2961; x_wconf 67' lang='grc' dir='ltr'><strong>φόρου</strong></span> <span class='ocrx_word' id='word_1_471' title='bbox 2944 2890 3202 2959; x_wconf 73' lang='grc' dir='ltr'><strong>ἐποίησεν</strong></span> <span class='ocrx_word' id='word_1_472' title='bbox 3233 2890 3535 2956; x_wconf 83' lang='grc' dir='ltr'><strong>ὑποτελεῖς.</strong></span> <span class='ocrx_word' id='word_1_473' title='bbox 3578 2890 3723 2944; x_wconf 62' lang='grc' dir='ltr'><strong>’ΔΞΥ</strong></span> 
     </span>
    </p>
   </div>
   <div class='ocr_carea' id='block_1_71' title="bbox 2136 2978 3722 3054">
    <p class='ocr_par' dir='ltr' id='par_1_71' title="bbox 2136 2978 3722 3054">
     <span class='ocr_line' id='line_1_71' title="bbox 2136 2978 3722 3054; baseline -0.002 -18"><span class='ocrx_word' id='word_1_474' title='bbox 2136 2978 2288 3047; x_wconf 75' lang='grc' dir='ltr'><strong>οὗτος</strong></span> <span class='ocrx_word' id='word_1_475' title='bbox 2314 2984 2375 3036; x_wconf 77' lang='grc' dir='ltr'><strong>τὸ</strong></span> <span class='ocrx_word' id='word_1_476' title='bbox 2412 2984 2510 3054; x_wconf 80' lang='grc' dir='ltr'><strong>μὲν</strong></span> <span class='ocrx_word' id='word_1_477' title='bbox 2540 2982 2756 3053; x_wconf 85' lang='grc' dir='ltr'><strong>πρῶτον</strong></span> <span class='ocrx_word' id='word_1_478' title='bbox 2801 2978 2987 3052; x_wconf 76' lang='grc' dir='ltr'><strong>ἧρξεν·</strong></span> <span class='ocrx_word' id='word_1_479' title='bbox 3023 2982 3325 3053; x_wconf 78' lang='grc' dir='ltr'>ὕστερονδὲ</span> <span class='ocrx_word' id='word_1_480' title='bbox 3351 2983 3562 3053; x_wconf 79' lang='grc' dir='ltr'><strong>ἀπέστη</strong></span> <span class='ocrx_word' id='word_1_481' title='bbox 3614 2983 3722 3049; x_wconf 69' lang='grc' dir='ltr'><strong>τῆς</strong></span> 
     </span>
    </p>
   </div>
   <div class='ocr_carea' id='block_1_72' title="bbox 2136 3074 3721 3145">
    <p class='ocr_par' dir='ltr' id='par_1_72' title="bbox 2136 3074 3721 3145">
     <span class='ocr_line' id='line_1_72' title="bbox 2136 3074 3721 3145; baseline 0.001 -19"><span class='ocrx_word' id='word_1_482' title='bbox 2136 3075 2332 3144; x_wconf 72' lang='grc' dir='ltr'><strong>ἀρχῆς,</strong></span> <span class='ocrx_word' id='word_1_483' title='bbox 2368 3074 2463 3126; x_wconf 80' lang='grc' dir='ltr'><strong>καὶ</strong></span> <span class='ocrx_word' id='word_1_484' title='bbox 2482 3074 2615 3144; x_wconf 68' lang='grc' dir='ltr'><strong>πρὸς</strong></span> <span class='ocrx_word' id='word_1_485' title='bbox 2640 3075 2737 3143; x_wconf 78' lang='grc' dir='ltr'><strong>τὴν</strong></span> <span class='ocrx_word' id='word_1_486' title='bbox 2761 3075 2867 3125; x_wconf 89' lang='grc' dir='ltr'><strong>τῶν</strong></span> <span class='ocrx_word' id='word_1_487' title='bbox 2888 3074 3161 3127; x_wconf 74' lang='grc' dir='ltr'><strong>Αἰθιόπων</strong></span> <span class='ocrx_word' id='word_1_488' title='bbox 3187 3074 3461 3143; x_wconf 60' lang='grc' dir='ltr'><strong>κατέφυγε</strong></span> <span class='ocrx_word' id='word_1_489' title='bbox 3494 3092 3721 3145; x_wconf 81' lang='grc' dir='ltr'><strong>συμμα-</strong></span> 
     </span>
    </p>
   </div>
   <div class='ocr_carea' id='block_1_73' title="bbox 2137 3166 3723 3239">
    <p class='ocr_par' dir='ltr' id='par_1_73' title="bbox 2137 3166 3723 3239">
     <span class='ocr_line' id='line_1_73' title="bbox 2137 3166 3723 3239; baseline 0.001 -21"><span class='ocrx_word' id='word_1_490' title='bbox 2137 3168 2475 3237; x_wconf 78' lang='grc' dir='ltr'><strong>χίαν.Ἕγνω</strong></span> <span class='ocrx_word' id='word_1_491' title='bbox 2493 3166 2654 3219; x_wconf 79' lang='grc' dir='ltr'><strong>τοῦτο</strong></span> <span class='ocrx_word' id='word_1_492' title='bbox 2675 3170 2700 3219; x_wconf 87' lang='grc' dir='ltr'>ὁ</span> <span class='ocrx_word' id='word_1_493' title='bbox 2735 3168 3037 3236; x_wconf 76' lang='grc' dir='ltr'><strong>Ἀσσύριος,</strong></span> <span class='ocrx_word' id='word_1_494' title='bbox 3057 3168 3149 3220; x_wconf 72' lang='grc' dir='ltr'><strong>καὶ</strong></span> <span class='ocrx_word' id='word_1_495' title='bbox 3167 3167 3605 3239; x_wconf 84' lang='grc' dir='ltr'><strong>ἐπιστρατεύσας</strong></span> <span class='ocrx_word' id='word_1_496' title='bbox 3624 3168 3723 3220; x_wconf 77' lang='grc' dir='ltr'><strong>καὶ</strong></span> 
     </span>
    </p>
   </div>
   <div class='ocr_carea' id='block_1_74' title="bbox 2142 3254 3720 3327">
    <p class='ocr_par' dir='ltr' id='par_1_74' title="bbox 2142 3254 3720 3327">
     <span class='ocr_line' id='line_1_74' title="bbox 2142 3254 3720 3327; baseline 0.001 -19"><span class='ocrx_word' id='word_1_497' title='bbox 2142 3254 2344 3308; x_wconf 81' lang='grc' dir='ltr'><strong>ἀνελὼν</strong></span> <span class='ocrx_word' id='word_1_498' title='bbox 2381 3256 2597 3321; x_wconf 72' lang='grc' dir='ltr'><strong>αὐτοὺς,</strong></span> <span class='ocrx_word' id='word_1_499' title='bbox 2632 3256 2816 3309; x_wconf 77' lang='grc' dir='ltr'><strong>οὐκέτι</strong></span> <span class='ocrx_word' id='word_1_500' title='bbox 2865 3258 2926 3309; x_wconf 70' lang='grc' dir='ltr'><strong>τὸ</strong></span> <span class='ocrx_word' id='word_1_501' title='bbox 2966 3256 3117 3321; x_wconf 80' lang='grc' dir='ltr'><strong>ἔθνος</strong></span> <span class='ocrx_word' id='word_1_502' title='bbox 3152 3260 3269 3310; x_wconf 82' lang='grc' dir='ltr'><strong>ἐκεῖ</strong></span> <span class='ocrx_word' id='word_1_503' title='bbox 3305 3259 3490 3327; x_wconf 86' lang='grc' dir='ltr'><strong>μένειν</strong></span> <span class='ocrx_word' id='word_1_504' title='bbox 3519 3258 3720 3327; x_wconf 75' lang='grc' dir='ltr'><strong>ἀφίησι</strong></span> 
     </span>
    </p>
   </div>
   <div class='ocr_carea' id='block_1_75' title="bbox 2140 3347 3725 3419">
    <p class='ocr_par' dir='ltr' id='par_1_75' title="bbox 2140 3347 3725 3419">
     <span class='ocr_line' id='line_1_75' title="bbox 2140 3347 3725 3419; baseline 0.001 -20"><span class='ocrx_word' id='word_1_505' title='bbox 2140 3347 2227 3400; x_wconf 78' lang='grc' dir='ltr'><strong>διὰ</strong></span> <span class='ocrx_word' id='word_1_506' title='bbox 2251 3348 2348 3419; x_wconf 80' lang='grc' dir='ltr'><strong>τὴν</strong></span> <span class='ocrx_word' id='word_1_507' title='bbox 2372 3348 2474 3417; x_wconf 75' lang='grc' dir='ltr'><strong>τῆς</strong></span> <span class='ocrx_word' id='word_1_508' title='bbox 2512 3349 2753 3411; x_wconf 77' lang='grc' dir='ltr'><strong>στάσεως</strong></span> <span class='ocrx_word' id='word_1_509' title='bbox 2797 3349 3055 3418; x_wconf 69' lang='grc' dir='ltr'><strong>ὑποψίαν·</strong></span> <span class='ocrx_word' id='word_1_510' title='bbox 3095 3349 3230 3402; x_wconf 69' lang='grc' dir='ltr'><strong>ἀλλὰ</strong></span> <span class='ocrx_word' id='word_1_511' title='bbox 3256 3349 3314 3414; x_wconf 84' lang='grc' dir='ltr'>ἐξ</span> <span class='ocrx_word' id='word_1_512' title='bbox 3344 3350 3546 3415; x_wconf 80' lang='grc' dir='ltr'><strong>αὐτῶν,</strong></span> <span class='ocrx_word' id='word_1_513' title='bbox 3590 3352 3725 3411; x_wconf 64' lang='grc' dir='ltr'><strong>τοὺς</strong></span> 
     </span>
    </p>
   </div>
   <div class='ocr_carea' id='block_1_76' title="bbox 2144 3442 3712 3513">
    <p class='ocr_par' dir='ltr' id='par_1_76' title="bbox 2144 3442 3712 3513">
     <span class='ocr_line' id='line_1_76' title="bbox 2144 3442 3712 3513; baseline -0.001 -19"><span class='ocrx_word' id='word_1_514' title='bbox 2144 3442 2243 3512; x_wconf 84' lang='grc' dir='ltr'><strong>μὲν</strong></span> <span class='ocrx_word' id='word_1_515' title='bbox 2295 3445 2375 3505; x_wconf 81' lang='grc' dir='ltr'><strong>εἰς</strong></span> <span class='ocrx_word' id='word_1_516' title='bbox 2419 3442 2713 3495; x_wconf 85' lang='grc' dir='ltr'><strong>Βαϐυλῶνα</strong></span> <span class='ocrx_word' id='word_1_517' title='bbox 2770 3443 2945 3512; x_wconf 72' lang='grc' dir='ltr'><strong>ἤγαγε</strong></span> <span class='ocrx_word' id='word_1_518' title='bbox 2984 3442 3077 3494; x_wconf 75' lang='grc' dir='ltr'><strong>καὶ</strong></span> <span class='ocrx_word' id='word_1_519' title='bbox 3125 3443 3365 3513; x_wconf 76' lang='grc' dir='ltr'><strong>Μήδους·</strong></span> <span class='ocrx_word' id='word_1_520' title='bbox 3402 3442 3619 3494; x_wconf 80' lang='grc' dir='ltr'>ἐκεῖθεν</span> <span class='ocrx_word' id='word_1_521' title='bbox 3652 3442 3712 3493; x_wconf 77' lang='grc' dir='ltr'><strong>δὲ</strong></span> 
     </span>
    </p>
   </div>
   <div class='ocr_carea' id='block_1_77' title="bbox 2141 3533 3719 3605">
    <p class='ocr_par' dir='ltr' id='par_1_77' title="bbox 2141 3533 3719 3605">
     <span class='ocr_line' id='line_1_77' title="bbox 2141 3533 3719 3605; baseline 0 -19"><span class='ocrx_word' id='word_1_522' title='bbox 2141 3534 2270 3601; x_wconf 84' lang='grc' dir='ltr'>ἐθνη</span> <span class='ocrx_word' id='word_1_523' title='bbox 2300 3534 2570 3605; x_wconf 74' lang='grc' dir='ltr'><strong>διαφόρων</strong></span> <span class='ocrx_word' id='word_1_524' title='bbox 2600 3535 2781 3586; x_wconf 75' lang='grc' dir='ltr'><strong>τόπων</strong></span> <span class='ocrx_word' id='word_1_525' title='bbox 2807 3534 3051 3603; x_wconf 77' lang='grc' dir='ltr'><strong>ἀγαγὼν,</strong></span> <span class='ocrx_word' id='word_1_526' title='bbox 3082 3535 3385 3605; x_wconf 77' lang='grc' dir='ltr'><strong>κατῴκισεν</strong></span> <span class='ocrx_word' id='word_1_527' title='bbox 3419 3536 3475 3586; x_wconf 88' lang='grc' dir='ltr'><strong>ἐν</strong></span> <span class='ocrx_word' id='word_1_528' title='bbox 3506 3538 3571 3603; x_wconf 79' lang='grc' dir='ltr'><strong>τῇ</strong></span> <span class='ocrx_word' id='word_1_529' title='bbox 3608 3533 3719 3586; x_wconf 81' lang='grc' dir='ltr'><strong>Σα-</strong></span> 
     </span>
    </p>
   </div>
   <div class='ocr_carea' id='block_1_78' title="bbox 2143 3623 3718 3698">
    <p class='ocr_par' dir='ltr' id='par_1_78' title="bbox 2143 3623 3718 3698">
     <span class='ocr_line' id='line_1_78' title="bbox 2143 3623 3718 3698; baseline 0.001 -19"><span class='ocrx_word' id='word_1_530' title='bbox 2143 3628 2367 3697; x_wconf 63' lang='grc' dir='ltr'><strong>μαρείᾳ,</strong></span> <span class='ocrx_word' id='word_1_531' title='bbox 2400 3628 2541 3681; x_wconf 89' lang='grc' dir='ltr'><strong>ῶστε</strong></span> <span class='ocrx_word' id='word_1_532' title='bbox 2578 3628 2766 3681; x_wconf 82' lang='grc' dir='ltr'><strong>λοιπὸν</strong></span> <span class='ocrx_word' id='word_1_533' title='bbox 2794 3628 3011 3698; x_wconf 76' lang='grc' dir='ltr'><strong>ἀσφαλῆ</strong></span> <span class='ocrx_word' id='word_1_534' title='bbox 3047 3628 3195 3696; x_wconf 75' lang='grc' dir='ltr'><strong>αὐτῷ</strong></span> <span class='ocrx_word' id='word_1_535' title='bbox 3233 3630 3332 3697; x_wconf 76' lang='grc' dir='ltr'><strong>τὴν</strong></span> <span class='ocrx_word' id='word_1_536' title='bbox 3354 3627 3530 3698; x_wconf 69' lang='grc' dir='ltr'><strong>ἀρχὴν</strong></span> <span class='ocrx_word' id='word_1_537' title='bbox 3552 3623 3718 3691; x_wconf 81' lang='grc' dir='ltr'><strong>εἶναι,</strong></span> 
     </span>
    </p>
   </div>
   <div class='ocr_carea' id='block_1_79' title="bbox 2137 3722 3717 3792">
    <p class='ocr_par' dir='ltr' id='par_1_79' title="bbox 2137 3722 3717 3792">
     <span class='ocr_line' id='line_1_79' title="bbox 2137 3722 3717 3792; baseline -0.001 -16"><span class='ocrx_word' id='word_1_538' title='bbox 2137 3723 2246 3776; x_wconf 82' lang='grc' dir='ltr'><strong>τῶν</strong></span> <span class='ocrx_word' id='word_1_539' title='bbox 2279 3722 2497 3776; x_wconf 78' lang='grc' dir='ltr'><strong>οἰκεεων</strong></span> <span class='ocrx_word' id='word_1_540' title='bbox 2541 3723 2773 3792; x_wconf 84' lang='grc' dir='ltr'><strong>ἐχόντων</strong></span> <span class='ocrx_word' id='word_1_541' title='bbox 2820 3723 2903 3775; x_wconf 71' lang='grc' dir='ltr'><strong>τὸν</strong></span> <span class='ocrx_word' id='word_1_542' title='bbox 2934 3726 3119 3775; x_wconf 73' lang='grc' dir='ltr'><strong>τόπον.</strong></span> <span class='ocrx_word' id='word_1_543' title='bbox 3160 3722 3380 3774; x_wconf 85' lang='grc' dir='ltr'><strong>Τούτων</strong></span> <span class='ocrx_word' id='word_1_544' title='bbox 3406 3722 3460 3773; x_wconf 80' lang='grc' dir='ltr'><strong>δὲ</strong></span> <span class='ocrx_word' id='word_1_545' title='bbox 3479 3724 3717 3792; x_wconf 78' lang='grc' dir='ltr'><strong>γενομέ·</strong></span> 
     </span>
    </p>
   </div>
   <div class='ocr_carea' id='block_1_80' title="bbox 2138 3814 3715 3887">
    <p class='ocr_par' dir='ltr' id='par_1_80' title="bbox 2138 3814 3715 3887">
     <span class='ocr_line' id='line_1_80' title="bbox 2138 3814 3715 3887; baseline -0.001 -17"><span class='ocrx_word' id='word_1_546' title='bbox 2138 3836 2265 3879; x_wconf 87' lang='grc' dir='ltr'><strong>νων,</strong></span> <span class='ocrx_word' id='word_1_547' title='bbox 2294 3816 2617 3887; x_wconf 83' lang='grc' dir='ltr'><strong>βουλόμενος</strong></span> <span class='ocrx_word' id='word_1_548' title='bbox 2664 3817 2691 3867; x_wconf 85' lang='grc' dir='ltr'>ὀ</span> <span class='ocrx_word' id='word_1_549' title='bbox 2744 3816 2876 3878; x_wconf 72' lang='grc' dir='ltr'>Θεὸς</span> <span class='ocrx_word' id='word_1_550' title='bbox 2905 3817 3075 3880; x_wconf 76' lang='grc' dir='ltr'><strong>δεῖξαι</strong></span> <span class='ocrx_word' id='word_1_551' title='bbox 3108 3816 3206 3885; x_wconf 75' lang='grc' dir='ltr'><strong>τὴν</strong></span> <span class='ocrx_word' id='word_1_552' title='bbox 3256 3814 3420 3868; x_wconf 75' lang='grc' dir='ltr'>αὑτοῦ</span> <span class='ocrx_word' id='word_1_553' title='bbox 3454 3816 3715 3885; x_wconf 75' lang='grc' dir='ltr'><strong>δύναμιν,</strong></span> 
     </span>
    </p>
   </div>
   <div class='ocr_carea' id='block_1_81' title="bbox 2138 3907 3718 3972">
    <p class='ocr_par' dir='ltr' id='par_1_81' title="bbox 2138 3907 3718 3972">
     <span class='ocr_line' id='line_1_81' title="bbox 2138 3907 3718 3972; baseline -0.001 -10"><span class='ocrx_word' id='word_1_554' title='bbox 2138 3911 2231 3963; x_wconf 71' lang='grc' dir='ltr'><strong>καὶ</strong></span> <span class='ocrx_word' id='word_1_555' title='bbox 2262 3908 2335 3972; x_wconf 85' lang='grc' dir='ltr'><strong>ὡς</strong></span> <span class='ocrx_word' id='word_1_556' title='bbox 2369 3909 2428 3961; x_wconf 80' lang='grc' dir='ltr'>οὐ</span> <span class='ocrx_word' id='word_1_557' title='bbox 2483 3909 2549 3961; x_wconf 74' lang='grc' dir='ltr'><strong>δι’</strong></span> <span class='ocrx_word' id='word_1_558' title='bbox 2596 3908 2881 3961; x_wconf 83' lang='grc' dir='ltr'><strong>ἀσθένειαν</strong></span> <span class='ocrx_word' id='word_1_559' title='bbox 2929 3907 3191 3971; x_wconf 74' lang='grc' dir='ltr'>ἐξέδωκεν</span> <span class='ocrx_word' id='word_1_560' title='bbox 3236 3907 3718 3969; x_wconf 67' lang='grc' dir='ltr'><strong>ἰουδαέους.ἀλλὲ</strong></span> 
     </span>
    </p>
   </div>
   <div class='ocr_carea' id='block_1_82' title="bbox 2136 4000 3715 4071">
    <p class='ocr_par' dir='ltr' id='par_1_82' title="bbox 2136 4000 3715 4071">
     <span class='ocr_line' id='line_1_82' title="bbox 2136 4000 3715 4071; baseline -0.003 -16"><span class='ocrx_word' id='word_1_561' title='bbox 2136 4003 2201 4055; x_wconf 78' lang='grc' dir='ltr'><strong>δι’</strong></span> <span class='ocrx_word' id='word_1_562' title='bbox 2236 4002 2532 4071; x_wconf 61' lang='grc' dir='ltr'><strong>ἁμαρτίαῖ,</strong></span> <span class='ocrx_word' id='word_1_563' title='bbox 2568 4004 2835 4070; x_wconf 65' lang='grc' dir='ltr'><strong>ἐπαφίησι</strong></span> <span class='ocrx_word' id='word_1_564' title='bbox 2862 4001 3080 4063; x_wconf 84' lang='grc' dir='ltr'><strong>λέοντας</strong></span> <span class='ocrx_word' id='word_1_565' title='bbox 3126 4003 3245 4063; x_wconf 85' lang='grc' dir='ltr'><strong>τοῖς</strong></span> <span class='ocrx_word' id='word_1_566' title='bbox 3273 4000 3596 4070; x_wconf 73' lang='grc' dir='ltr'><strong>βαρϐάροις,</strong></span> <span class='ocrx_word' id='word_1_567' title='bbox 3632 4001 3715 4053; x_wconf 77' lang='grc' dir='ltr'><strong>οἶ-</strong></span> 
     </span>
    </p>
   </div>
   <div class='ocr_carea' id='block_1_83' title="bbox 2136 4091 3716 4163">
    <p class='ocr_par' dir='ltr' id='par_1_83' title="bbox 2136 4091 3716 4163">
     <span class='ocr_line' id='line_1_83' title="bbox 2136 4091 3716 4163; baseline -0.002 -17"><span class='ocrx_word' id='word_1_568' title='bbox 2136 4113 2279 4157; x_wconf 84' lang='grc' dir='ltr'><strong>τινες</strong></span> <span class='ocrx_word' id='word_1_569' title='bbox 2334 4094 2689 4163; x_wconf 78' lang='grc' dir='ltr'>ἐλυμαίνοντο</span> <span class='ocrx_word' id='word_1_570' title='bbox 2746 4093 2806 4145; x_wconf 74' lang='grc' dir='ltr'>τὸ</span> <span class='ocrx_word' id='word_1_571' title='bbox 2838 4091 2987 4155; x_wconf 75' lang='grc' dir='ltr'><strong>ἔθνος</strong></span> <span class='ocrx_word' id='word_1_572' title='bbox 3023 4093 3189 4146; x_wconf 81' lang='grc' dir='ltr'><strong>ἅπαν.</strong></span> <span class='ocrx_word' id='word_1_573' title='bbox 3258 4091 3577 4161; x_wconf 79' lang='grc' dir='ltr'><strong>Ἀπηγγέλη</strong></span> <span class='ocrx_word' id='word_1_574' title='bbox 3618 4092 3716 4145; x_wconf 66' lang='grc' dir='ltr'>οὖν</span> 
     </span>
    </p>
   </div>
   <div class='ocr_carea' id='block_1_84' title="bbox 2135 4184 3715 4256">
    <p class='ocr_par' dir='ltr' id='par_1_84' title="bbox 2135 4184 3715 4256">
     <span class='ocr_line' id='line_1_84' title="bbox 2135 4184 3715 4256; baseline -0.001 -18"><span class='ocrx_word' id='word_1_575' title='bbox 2135 4186 2307 4241; x_wconf 70' lang='grc' dir='ltr'><strong>ταῦτα</strong></span> <span class='ocrx_word' id='word_1_576' title='bbox 2338 4186 2415 4256; x_wconf 79' lang='grc' dir='ltr'>τῷ</span> <span class='ocrx_word' id='word_1_577' title='bbox 2457 4186 2686 4255; x_wconf 72' lang='grc' dir='ltr'><strong>βασιλεῖ,</strong></span> <span class='ocrx_word' id='word_1_578' title='bbox 2725 4185 2819 4237; x_wconf 72' lang='grc' dir='ltr'><strong>καὶ</strong></span> <span class='ocrx_word' id='word_1_579' title='bbox 2848 4185 3054 4254; x_wconf 80' lang='grc' dir='ltr'>πέμπει</span> <span class='ocrx_word' id='word_1_580' title='bbox 3092 4184 3244 4253; x_wconf 71' lang='grc' dir='ltr'><strong>ἱερέα</strong></span> <span class='ocrx_word' id='word_1_581' title='bbox 3266 4184 3385 4237; x_wconf 74' lang='grc' dir='ltr'><strong>τινὰ</strong></span> <span class='ocrx_word' id='word_1_582' title='bbox 3414 4184 3505 4237; x_wconf 76' lang='grc' dir='ltr'><strong>τὸν</strong></span> <span class='ocrx_word' id='word_1_583' title='bbox 3529 4201 3715 4255; x_wconf 87' lang='grc' dir='ltr'><strong>παρα-</strong></span> 
     </span>
    </p>
   </div>
   <div class='ocr_carea' id='block_1_85' title="bbox 2134 4278 3709 4347">
    <p class='ocr_par' dir='ltr' id='par_1_85' title="bbox 2134 4278 3709 4347">
     <span class='ocr_line' id='line_1_85' title="bbox 2134 4278 3709 4347; baseline -0.001 -16"><span class='ocrx_word' id='word_1_584' title='bbox 2134 4279 2373 4331; x_wconf 75' lang='grc' dir='ltr'><strong>δώσοντα</strong></span> <span class='ocrx_word' id='word_1_585' title='bbox 2414 4280 2598 4341; x_wconf 75' lang='grc' dir='ltr'><strong>αὐτοῖς</strong></span> <span class='ocrx_word' id='word_1_586' title='bbox 2638 4280 2728 4331; x_wconf 78' lang='grc' dir='ltr'><strong>τὸν</strong></span> <span class='ocrx_word' id='word_1_587' title='bbox 2775 4278 2911 4331; x_wconf 73' lang='grc' dir='ltr'>Θεοῦ</span> <span class='ocrx_word' id='word_1_588' title='bbox 2972 4278 3157 4346; x_wconf 59' lang='grc' dir='ltr'><strong>νόμον</strong></span> <span class='ocrx_word' id='word_1_589' title='bbox 3208 4278 3322 4331; x_wconf 83' lang='grc' dir='ltr'><strong>ἀλλ’</strong></span> <span class='ocrx_word' id='word_1_590' title='bbox 3386 4278 3537 4347; x_wconf 81' lang='grc' dir='ltr'><strong>ὅμως</strong></span> <span class='ocrx_word' id='word_1_591' title='bbox 3580 4278 3709 4330; x_wconf 68' lang='grc' dir='ltr'><strong>οὐδὲ</strong></span> 
     </span>
    </p>
   </div>
   <div class='ocr_carea' id='block_1_86' title="bbox 2135 4369 3713 4440">
    <p class='ocr_par' dir='ltr' id='par_1_86' title="bbox 2135 4369 3713 4440">
     <span class='ocr_line' id='line_1_86' title="bbox 2135 4369 3713 4440; baseline 0 -19"><span class='ocrx_word' id='word_1_592' title='bbox 2135 4369 2306 4431; x_wconf 81' lang='grc' dir='ltr'><strong>οὓτως</strong></span> <span class='ocrx_word' id='word_1_593' title='bbox 2340 4370 2397 4433; x_wconf 77' lang='grc' dir='ltr'>ἐξ</span> <span class='ocrx_word' id='word_1_594' title='bbox 2424 4371 2719 4440; x_wconf 75' lang='grc' dir='ltr'><strong>ὁλοκλήρου</strong></span> <span class='ocrx_word' id='word_1_595' title='bbox 2748 4371 2847 4439; x_wconf 81' lang='grc' dir='ltr'><strong>τῆς</strong></span> <span class='ocrx_word' id='word_1_596' title='bbox 2895 4370 3151 4432; x_wconf 78' lang='grc' dir='ltr'><strong>ἀσεϐείας</strong></span> <span class='ocrx_word' id='word_1_597' title='bbox 3193 4370 3529 4439; x_wconf 80' lang='grc' dir='ltr'><strong>ἀπέστησαν.</strong></span> <span class='ocrx_word' id='word_1_598' title='bbox 3564 4370 3713 4439; x_wconf 63' lang='lat' dir='ltr'><strong>X90-</strong></span> 
     </span>
    </p>
   </div>
   <div class='ocr_carea' id='block_1_87' title="bbox 2132 4460 3713 4532">
    <p class='ocr_par' dir='ltr' id='par_1_87' title="bbox 2132 4460 3713 4532">
     <span class='ocr_line' id='line_1_87' title="bbox 2132 4460 3713 4532; baseline 0.001 -22"><span class='ocrx_word' id='word_1_599' title='bbox 2132 4477 2224 4511; x_wconf 84' lang='grc' dir='ltr'><strong>νου</strong></span> <span class='ocrx_word' id='word_1_600' title='bbox 2249 4461 2551 4529; x_wconf 77' lang='grc' dir='ltr'><strong>προϊόντος,</strong></span> <span class='ocrx_word' id='word_1_601' title='bbox 2577 4462 2684 4514; x_wconf 87' lang='grc' dir='ltr'><strong>τῶν</strong></span> <span class='ocrx_word' id='word_1_602' title='bbox 2714 4463 2811 4532; x_wconf 80' lang='grc' dir='ltr'><strong>μὲν</strong></span> <span class='ocrx_word' id='word_1_603' title='bbox 2839 4462 3073 4515; x_wconf 72' lang='grc' dir='ltr'><strong>εἰδώλων</strong></span> <span class='ocrx_word' id='word_1_604' title='bbox 3091 4460 3432 4529; x_wconf 79' lang='grc' dir='ltr'><strong>ἀπέστησαν,</strong></span> <span class='ocrx_word' id='word_1_605' title='bbox 3451 4461 3713 4513; x_wconf 83' lang='grc' dir='ltr'><strong>ἐσέϐοντο</strong></span> 
     </span>
    </p>
   </div>
   <div class='ocr_carea' id='block_1_88' title="bbox 446 4551 2032 4631">
    <p class='ocr_par' dir='ltr' id='par_1_88' title="bbox 446 4553 2025 4628">
     <span class='ocr_line' id='line_1_88' title="bbox 446 4553 2025 4628; baseline -0.009 -10"><span class='ocrx_word' id='word_1_606' title='bbox 446 4563 656 4618; x_wconf 83' lang='lat' dir='ltr'><strong>vidiose</strong></span> <span class='ocrx_word' id='word_1_607' title='bbox 694 4564 750 4615; x_wconf 89' lang='lat' dir='ltr'><strong>in</strong></span> <span class='ocrx_word' id='word_1_608' title='bbox 789 4561 912 4613; x_wconf 88' lang='lat' dir='ltr'><strong>illos</strong></span> <span class='ocrx_word' id='word_1_609' title='bbox 942 4574 1001 4613; x_wconf 88' lang='lat' dir='ltr'><strong>se</strong></span> <span class='ocrx_word' id='word_1_610' title='bbox 1037 4566 1344 4628; x_wconf 89' lang='lat' dir='ltr'><strong>gesserunt,</strong></span> <span class='ocrx_word' id='word_1_611' title='bbox 1379 4556 1535 4623; x_wconf 84' lang='lat' dir='ltr'><strong>quasi</strong></span> <span class='ocrx_word' id='word_1_612' title='bbox 1580 4554 1633 4605; x_wconf 90' lang='lat' dir='ltr'><strong>in</strong></span> <span class='ocrx_word' id='word_1_613' title='bbox 1663 4553 2025 4619; x_wconf 75' lang='lat' dir='ltr'><strong>alienigenas.</strong></span> 
     </span>
    </p>
   </div>
   <div class='ocr_carea' id='block_1_89' title="bbox 2141 4551 3710 4631">
    <p class='ocr_par' dir='ltr' id='par_1_89' title="bbox 2141 4551 3710 4622">
     <span class='ocr_line' id='line_1_89' title="bbox 2141 4551 3710 4622; baseline -0.001 -18"><span class='ocrx_word' id='word_1_614' title='bbox 2141 4553 2190 4604; x_wconf 75' lang='grc' dir='ltr'><strong>δὲ</strong></span> <span class='ocrx_word' id='word_1_615' title='bbox 2219 4554 2311 4604; x_wconf 74' lang='grc' dir='ltr'><strong>τὸν</strong></span> <span class='ocrx_word' id='word_1_616' title='bbox 2338 4552 2490 4603; x_wconf 77' lang='grc' dir='ltr'><strong>Θεὸν·</strong></span> <span class='ocrx_word' id='word_1_617' title='bbox 2528 4555 2620 4605; x_wconf 71' lang='grc' dir='ltr'><strong>καὶ</strong></span> <span class='ocrx_word' id='word_1_618' title='bbox 2652 4554 2760 4605; x_wconf 83' lang='grc' dir='ltr'>τῶν</span> <span class='ocrx_word' id='word_1_619' title='bbox 2794 4554 3137 4622; x_wconf 81' lang='grc' dir='ltr'><strong>πραγμάτων</strong></span> <span class='ocrx_word' id='word_1_620' title='bbox 3172 4554 3229 4605; x_wconf 89' lang='grc' dir='ltr'><strong>ἐν</strong></span> <span class='ocrx_word' id='word_1_621' title='bbox 3274 4552 3483 4613; x_wconf 84' lang='grc' dir='ltr'><strong>τούτοις</strong></span> <span class='ocrx_word' id='word_1_622' title='bbox 3510 4551 3710 4615; x_wconf 75' lang='grc' dir='ltr'><strong>ὄντων,</strong></span> 
     </span>
    </p>
   </div>
   <div class='ocr_carea' id='block_1_90' title="bbox 445 4641 2026 4709">
    <p class='ocr_par' dir='ltr' id='par_1_90' title="bbox 445 4641 2026 4709">
     <span class='ocr_line' id='line_1_90' title="bbox 445 4641 2026 4709; baseline -0.009 -2"><span class='ocrx_word' id='word_1_623' title='bbox 445 4664 501 4708; x_wconf 89' lang='lat' dir='ltr'><strong>et</strong></span> <span class='ocrx_word' id='word_1_624' title='bbox 544 4670 578 4709; x_wconf 89' lang='lat' dir='ltr'><strong>a</strong></span> <span class='ocrx_word' id='word_1_625' title='bbox 630 4660 818 4707; x_wconf 88' lang='lat' dir='ltr'><strong>monte</strong></span> <span class='ocrx_word' id='word_1_626' title='bbox 869 4648 1247 4703; x_wconf 89' lang='lat' dir='ltr'><strong>Samaritanos</strong></span> <span class='ocrx_word' id='word_1_627' title='bbox 1302 4652 1654 4698; x_wconf 86' lang='lat' dir='ltr'><strong>vocaverunt.</strong></span> <span class='ocrx_word' id='word_1_628' title='bbox 1706 4641 1825 4694; x_wconf 87' lang='lat' dir='ltr'><strong>Non</strong></span> <span class='ocrx_word' id='word_1_629' title='bbox 1862 4656 2026 4707; x_wconf 83' lang='lat' dir='ltr'><strong>parva</strong></span> 
     </span>
    </p>
   </div>
   <div class='ocr_carea' id='block_1_91' title="bbox 446 4730 2031 4797">
    <p class='ocr_par' dir='ltr' id='par_1_91' title="bbox 446 4730 2031 4797">
     <span class='ocr_line' id='line_1_91' title="bbox 446 4730 2031 4797; baseline -0.009 0"><span class='ocrx_word' id='word_1_630' title='bbox 446 4755 627 4797; x_wconf 83' lang='lat' dir='ltr'><strong>autem</strong></span> <span class='ocrx_word' id='word_1_631' title='bbox 657 4740 857 4796; x_wconf 85' lang='lat' dir='ltr'><strong>exinde</strong></span> <span class='ocrx_word' id='word_1_632' title='bbox 880 4750 998 4793; x_wconf 84' lang='lat' dir='ltr'><strong>orta</strong></span> <span class='ocrx_word' id='word_1_633' title='bbox 1024 4749 1105 4792; x_wconf 87' lang='lat' dir='ltr'><strong>est</strong></span> <span class='ocrx_word' id='word_1_634' title='bbox 1140 4735 1461 4797; x_wconf 85' lang='lat' dir='ltr'><strong>inimicitia;</strong></span> <span class='ocrx_word' id='word_1_635' title='bbox 1496 4746 1621 4785; x_wconf 85' lang='lat' dir='ltr'><strong>nam</strong></span> <span class='ocrx_word' id='word_1_636' title='bbox 1645 4746 1753 4784; x_wconf 91' lang='lat' dir='ltr'><strong>non</strong></span> <span class='ocrx_word' id='word_1_637' title='bbox 1777 4730 2031 4783; x_wconf 90' lang='lat' dir='ltr'><strong>omnibus</strong></span> 
     </span>
    </p>
   </div>
   <div class='ocr_carea' id='block_1_92' title="bbox 450 4825 2029 4904">
    <p class='ocr_par' dir='ltr' id='par_1_92' title="bbox 450 4825 2029 4904">
     <span class='ocr_line' id='line_1_92' title="bbox 450 4825 2029 4904; baseline -0.007 -15"><span class='ocrx_word' id='word_1_638' title='bbox 450 4834 749 4904; x_wconf 90' lang='lat' dir='ltr'><strong>Scripturis</strong></span> <span class='ocrx_word' id='word_1_639' title='bbox 773 4833 1090 4893; x_wconf 82' lang='lat' dir='ltr'><strong>utebantur,</strong></span> <span class='ocrx_word' id='word_1_640' title='bbox 1112 4830 1204 4884; x_wconf 83' lang='lat' dir='ltr'><strong>sed</strong></span> <span class='ocrx_word' id='word_1_641' title='bbox 1230 4827 1432 4895; x_wconf 81' lang='lat' dir='ltr'><strong>Moysis</strong></span> <span class='ocrx_word' id='word_1_642' title='bbox 1456 4826 1629 4888; x_wconf 86' lang='lat' dir='ltr'><strong>libris,</strong></span> <span class='ocrx_word' id='word_1_643' title='bbox 1650 4825 1872 4878; x_wconf 89' lang='lat' dir='ltr'><strong>minime</strong></span> <span class='ocrx_word' id='word_1_644' title='bbox 1899 4839 2029 4879; x_wconf 86' lang='lat' dir='ltr'><strong>vero</strong></span> 
     </span>
    </p>
   </div>
   <div class='ocr_carea' id='block_1_93' title="bbox 447 4916 2027 4997">
    <p class='ocr_par' dir='ltr' id='par_1_93' title="bbox 447 4916 2027 4997">
     <span class='ocr_line' id='line_1_93' title="bbox 447 4916 2027 4997; baseline -0.004 -20"><span class='ocrx_word' id='word_1_645' title='bbox 447 4926 862 4997; x_wconf 60' lang='lat' dir='ltr'><strong>protihetarum.</strong></span> <span class='ocrx_word' id='word_1_646' title='bbox 908 4920 1338 4975; x_wconf 64' lang='lat' dir='ltr'><strong>Emulabantur</strong></span> <span class='ocrx_word' id='word_1_647' title='bbox 1365 4926 1545 4970; x_wconf 89' lang='lat' dir='ltr'><strong>autem</strong></span> <span class='ocrx_word' id='word_1_648' title='bbox 1581 4917 1633 4969; x_wconf 90' lang='lat' dir='ltr'><strong>in</strong></span> <span class='ocrx_word' id='word_1_649' title='bbox 1666 4916 1881 4986; x_wconf 85' lang='lat' dir='ltr'><strong>generis</strong></span> <span class='ocrx_word' id='word_1_650' title='bbox 1927 4931 2027 4970; x_wconf 80' lang='lat' dir='ltr'><strong>no-</strong></span> 
     </span>
    </p>
   </div>
   <div class='ocr_carea' id='block_1_94' title="bbox 448 5007 2029 5084">
    <p class='ocr_par' dir='ltr' id='par_1_94' title="bbox 448 5007 2029 5084">
     <span class='ocr_line' id='line_1_94' title="bbox 448 5007 2029 5084; baseline -0.006 -13"><span class='ocrx_word' id='word_1_651' title='bbox 448 5019 658 5071; x_wconf 85' lang='lat' dir='ltr'><strong>bilitate</strong></span> <span class='ocrx_word' id='word_1_652' title='bbox 692 5017 760 5071; x_wconf 87' lang='lat' dir='ltr'><strong>iis</strong></span> <span class='ocrx_word' id='word_1_653' title='bbox 802 5014 1042 5084; x_wconf 68' lang='lat' dir='ltr'><strong>aequales</strong></span> <span class='ocrx_word' id='word_1_654' title='bbox 1084 5026 1229 5074; x_wconf 87' lang='lat' dir='ltr'><strong>esse,</strong></span> <span class='ocrx_word' id='word_1_655' title='bbox 1270 5018 1321 5062; x_wconf 91' lang='lat' dir='ltr'><strong>et</strong></span> <span class='ocrx_word' id='word_1_656' title='bbox 1386 5008 1455 5063; x_wconf 91' lang='lat' dir='ltr'><strong>de</strong></span> <span class='ocrx_word' id='word_1_657' title='bbox 1504 5007 1777 5061; x_wconf 83' lang='lat' dir='ltr'><strong>Abraham</strong></span> <span class='ocrx_word' id='word_1_658' title='bbox 1828 5007 2029 5077; x_wconf 87' lang='lat' dir='ltr'><strong>gloria-</strong></span> 
     </span>
    </p>
   </div>
   <div class='ocr_carea' id='block_1_95' title="bbox 444 5100 2027 5177">
    <p class='ocr_par' dir='ltr' id='par_1_95' title="bbox 444 5100 2027 5177">
     <span class='ocr_line' id='line_1_95' title="bbox 444 5100 2027 5177; baseline -0.008 -11"><span class='ocrx_word' id='word_1_659' title='bbox 444 5113 665 5174; x_wconf 87' lang='lat' dir='ltr'><strong>bantur,</strong></span> <span class='ocrx_word' id='word_1_660' title='bbox 694 5118 750 5163; x_wconf 91' lang='lat' dir='ltr'><strong>et</strong></span> <span class='ocrx_word' id='word_1_661' title='bbox 793 5117 1001 5177; x_wconf 90' lang='lat' dir='ltr'><strong>patrem</strong></span> <span class='ocrx_word' id='word_1_662' title='bbox 1052 5105 1203 5157; x_wconf 90' lang='lat' dir='ltr'><strong>illum</strong></span> <span class='ocrx_word' id='word_1_663' title='bbox 1242 5116 1364 5155; x_wconf 86' lang='lat' dir='ltr'><strong>esse</strong></span> <span class='ocrx_word' id='word_1_664' title='bbox 1408 5116 1519 5170; x_wconf 71' lang='lat' dir='ltr'><strong>pra:</strong></span> <span class='ocrx_word' id='word_1_665' title='bbox 1547 5118 1606 5155; x_wconf 80' lang='lat' dir='ltr'><strong>se</strong></span> <span class='ocrx_word' id='word_1_666' title='bbox 1636 5100 1901 5164; x_wconf 78' lang='lat' dir='ltr'><strong>ferebant,</strong></span> <span class='ocrx_word' id='word_1_667' title='bbox 1936 5110 2027 5156; x_wconf 88' lang='lat' dir='ltr'><strong>ut-</strong></span> 
     </span>
    </p>
   </div>
   <div class='ocr_carea' id='block_1_96' title="bbox 444 5191 2030 5274">
    <p class='ocr_par' dir='ltr' id='par_1_96' title="bbox 444 5191 2030 5274">
     <span class='ocr_line' id='line_1_96' title="bbox 444 5191 2030 5274; baseline -0.005 -17"><span class='ocrx_word' id='word_1_668' title='bbox 444 5215 569 5273; x_wconf 91' lang='lat' dir='ltr'><strong>pote</strong></span> <span class='ocrx_word' id='word_1_669' title='bbox 597 5206 690 5274; x_wconf 92' lang='lat' dir='ltr'><strong>qui</strong></span> <span class='ocrx_word' id='word_1_670' title='bbox 716 5218 746 5257; x_wconf 91' lang='lat' dir='ltr'><strong>e</strong></span> <span class='ocrx_word' id='word_1_671' title='bbox 770 5200 1027 5255; x_wconf 70' lang='lat' dir='ltr'><strong>Chaldaea</strong></span> <span class='ocrx_word' id='word_1_672' title='bbox 1069 5205 1233 5251; x_wconf 88' lang='lat' dir='ltr'><strong>esset.</strong></span> <span class='ocrx_word' id='word_1_673' title='bbox 1276 5191 1449 5247; x_wconf 69' lang='lat' dir='ltr'><strong>Judaei</strong></span> <span class='ocrx_word' id='word_1_674' title='bbox 1478 5202 1662 5247; x_wconf 86' lang='lat' dir='ltr'><strong>autem</strong></span> <span class='ocrx_word' id='word_1_675' title='bbox 1698 5208 1821 5246; x_wconf 88' lang='lat' dir='ltr'><strong>cum</strong></span> <span class='ocrx_word' id='word_1_676' title='bbox 1850 5194 2030 5249; x_wconf 85' lang='lat' dir='ltr'><strong>omni-</strong></span> 
     </span>
    </p>
   </div>
   <div class='ocr_carea' id='block_1_97' title="bbox 445 5286 2026 5367">
    <p class='ocr_par' dir='ltr' id='par_1_97' title="bbox 445 5286 2026 5367">
     <span class='ocr_line' id='line_1_97' title="bbox 445 5286 2026 5367; baseline -0.008 -13"><span class='ocrx_word' id='word_1_677' title='bbox 445 5302 548 5354; x_wconf 88' lang='lat' dir='ltr'><strong>bus</strong></span> <span class='ocrx_word' id='word_1_678' title='bbox 590 5298 682 5367; x_wconf 89' lang='lat' dir='ltr'><strong>qui</strong></span> <span class='ocrx_word' id='word_1_679' title='bbox 720 5293 999 5366; x_wconf 84' lang='lat' dir='ltr'><strong>gentiliter</strong></span> <span class='ocrx_word' id='word_1_680' title='bbox 1036 5291 1319 5353; x_wconf 78' lang='lat' dir='ltr'><strong>vivebant,</strong></span> <span class='ocrx_word' id='word_1_681' title='bbox 1370 5286 1470 5341; x_wconf 87' lang='lat' dir='ltr'><strong>hos</strong></span> <span class='ocrx_word' id='word_1_682' title='bbox 1520 5302 1736 5356; x_wconf 88' lang='lat' dir='ltr'><strong>quoque</strong></span> <span class='ocrx_word' id='word_1_683' title='bbox 1772 5304 2026 5342; x_wconf 74' lang='lat' dir='ltr'><strong>exsecra-</strong></span> 
     </span>
    </p>
   </div>
   <div class='ocr_carea' id='block_1_98' title="bbox 442 5393 661 5447">
    <p class='ocr_par' dir='ltr' id='par_1_98' title="bbox 442 5393 661 5447">
     <span class='ocr_line' id='line_1_98' title="bbox 442 5393 661 5447; baseline -0.023 0"><span class='ocrx_word' id='word_1_684' title='bbox 442 5393 661 5447; x_wconf 85' lang='lat' dir='ltr'><strong>bantur.</strong></span> 
     </span>
    </p>
   </div>
   <div class='ocr_carea' id='block_1_99' title="bbox 511 5566 2026 5640">
    <p class='ocr_par' dir='ltr' id='par_1_99' title="bbox 511 5566 2026 5640">
     <span class='ocr_line' id='line_1_99' title="bbox 511 5566 2026 5640; baseline -0.005 -9"><span class='ocrx_word' id='word_1_685' title='bbox 511 5576 680 5631; x_wconf 73' lang='lat' dir='ltr'><strong>Vens.</strong></span> <span class='ocrx_word' id='word_1_686' title='bbox 723 5574 777 5627; x_wconf 85' lang='lat'><strong>6.</strong></span> <span class='ocrx_word' id='word_1_687' title='bbox 820 5570 1062 5626; x_wconf 80' lang='lat' dir='ltr'><strong>Direndo</strong></span> <span class='ocrx_word' id='word_1_688' title='bbox 1098 5569 1244 5640; x_wconf 90' lang='lat' dir='ltr'><strong>quod</strong></span> <span class='ocrx_word' id='word_1_689' title='bbox 1280 5586 1293 5621; x_wconf 90' lang='lat'><strong>:</strong></span> <span class='ocrx_word' id='word_1_690' title='bbox 1330 5566 1486 5622; x_wconf 76' lang='lat' dir='ltr'><strong>Jews</strong></span> <span class='ocrx_word' id='word_1_691' title='bbox 1516 5568 1774 5637; x_wconf 74' lang='lat' dir='ltr'><strong>fatigatus</strong></span> <span class='ocrx_word' id='word_1_692' title='bbox 1814 5579 1929 5621; x_wconf 84' lang='lat' dir='ltr'><strong>erat</strong></span> <span class='ocrx_word' id='word_1_693' title='bbox 1961 5587 2026 5624; x_wconf 76' lang='lat' dir='ltr'><strong>ea:</strong></span> 
     </span>
    </p>
   </div>
   <div class='ocr_carea' id='block_1_100' title="bbox 440 5660 2025 5730">
    <p class='ocr_par' dir='ltr' id='par_1_100' title="bbox 440 5660 2025 5730">
     <span class='ocr_line' id='line_1_100' title="bbox 440 5660 2025 5730; baseline -0.004 -9"><span class='ocrx_word' id='word_1_694' title='bbox 440 5670 648 5730; x_wconf 79' lang='lat' dir='ltr'><strong>itinere,</strong></span> <span class='ocrx_word' id='word_1_695' title='bbox 701 5664 937 5719; x_wconf 83' lang='lat' dir='ltr'><strong>ostendit</strong></span> <span class='ocrx_word' id='word_1_696' title='bbox 984 5664 1134 5716; x_wconf 88' lang='lat' dir='ltr'><strong>illum</strong></span> <span class='ocrx_word' id='word_1_697' title='bbox 1190 5662 1259 5715; x_wconf 91' lang='lat' dir='ltr'><strong>ita</strong></span> <span class='ocrx_word' id='word_1_698' title='bbox 1301 5662 1555 5714; x_wconf 73' lang='lat' dir='ltr'><strong>ardenter</strong></span> <span class='ocrx_word' id='word_1_699' title='bbox 1587 5661 1689 5713; x_wconf 89' lang='lat' dir='ltr'><strong>iter</strong></span> <span class='ocrx_word' id='word_1_700' title='bbox 1739 5660 1933 5715; x_wconf 82' lang='lat' dir='ltr'><strong>fecisse</strong></span> <span class='ocrx_word' id='word_1_701' title='bbox 1966 5671 2025 5715; x_wconf 93' lang='lat' dir='ltr'><strong>ut</strong></span> 
     </span>
    </p>
   </div>
   <div class='ocr_carea' id='block_1_101' title="bbox 443 5751 2024 5827">
    <p class='ocr_par' dir='ltr' id='par_1_101' title="bbox 443 5751 2024 5827">
     <span class='ocr_line' id='line_1_101' title="bbox 443 5751 2024 5827; baseline -0.003 -16"><span class='ocrx_word' id='word_1_702' title='bbox 443 5760 700 5827; x_wconf 75' lang='lat' dir='ltr'><strong>fatigatus</strong></span> <span class='ocrx_word' id='word_1_703' title='bbox 734 5756 889 5810; x_wconf 82' lang='lat' dir='ltr'><strong>foret.</strong></span> <span class='ocrx_word' id='word_1_704' title='bbox 923 5758 1037 5809; x_wconf 85' lang='lat' dir='ltr'><strong>Non</strong></span> <span class='ocrx_word' id='word_1_705' title='bbox 1068 5753 1493 5823; x_wconf 83' lang='lat' dir='ltr'><strong>euimjmueutis</strong></span> <span class='ocrx_word' id='word_1_706' title='bbox 1519 5751 1792 5814; x_wconf 81' lang='lat' dir='ltr'><strong>utebatur,</strong></span> <span class='ocrx_word' id='word_1_707' title='bbox 1822 5752 2024 5807; x_wconf 81' lang='lat' dir='ltr'><strong>docens</strong></span> 
     </span>
    </p>
   </div>
   <div class='ocr_carea' id='block_1_102' title="bbox 443 5842 2021 5918">
    <p class='ocr_par' dir='ltr' id='par_1_102' title="bbox 443 5842 2021 5918">
     <span class='ocr_line' id='line_1_102' title="bbox 443 5842 2021 5918; baseline -0.004 -13"><span class='ocrx_word' id='word_1_708' title='bbox 443 5868 544 5907; x_wconf 86' lang='lat' dir='ltr'><strong>nos</strong></span> <span class='ocrx_word' id='word_1_709' title='bbox 586 5850 1012 5905; x_wconf 83' lang='lat' dir='ltr'><strong>mediocritatem</strong></span> <span class='ocrx_word' id='word_1_710' title='bbox 1065 5864 1239 5918; x_wconf 81' lang='lat' dir='ltr'><strong>neque</strong></span> <span class='ocrx_word' id='word_1_711' title='bbox 1277 5860 1470 5915; x_wconf 76' lang='lat' dir='ltr'><strong>magna</strong></span> <span class='ocrx_word' id='word_1_712' title='bbox 1504 5858 1723 5912; x_wconf 81' lang='lat' dir='ltr'><strong>cupere.</strong></span> <span class='ocrx_word' id='word_1_713' title='bbox 1776 5842 1828 5895; x_wconf 92' lang='lat' dir='ltr'><strong>In</strong></span> <span class='ocrx_word' id='word_1_714' title='bbox 1876 5855 2021 5899; x_wconf 89' lang='lat' dir='ltr'><strong>terra</strong></span> 
     </span>
    </p>
   </div>
   <div class='ocr_carea' id='block_1_103' title="bbox 2134 4639 3713 4717">
    <p class='ocr_par' dir='ltr' id='par_1_103' title="bbox 2134 4639 3713 4717">
     <span class='ocr_line' id='line_1_103' title="bbox 2134 4639 3713 4717; baseline -0.003 -18"><span class='ocrx_word' id='word_1_715' title='bbox 2134 4645 2449 4709; x_wconf 85' lang='grc' dir='ltr'>ἀνελθόντες</span> <span class='ocrx_word' id='word_1_716' title='bbox 2475 4648 2523 4699; x_wconf 75' lang='grc' dir='ltr'>οἱ</span> <span class='ocrx_word' id='word_1_717' title='bbox 2553 4648 2748 4711; x_wconf 78' lang='grc' dir='ltr'><strong>Ἰούδα,</strong></span> <span class='ocrx_word' id='word_1_718' title='bbox 2782 4646 3101 4716; x_wconf 76' lang='grc' dir='ltr'><strong>ζηλοτύπως</strong></span> <span class='ocrx_word' id='word_1_719' title='bbox 3147 4646 3283 4717; x_wconf 81' lang='grc' dir='ltr'><strong>πρὸς</strong></span> <span class='ocrx_word' id='word_1_720' title='bbox 3316 4646 3516 4707; x_wconf 71' lang='grc' dir='ltr'><strong>αὐτοὺς</strong></span> <span class='ocrx_word' id='word_1_721' title='bbox 3540 4639 3713 4712; x_wconf 77' lang='grc' dir='ltr'><strong>εἶχον,</strong></span> 
     </span>
    </p>
   </div>
   <div class='ocr_carea' id='block_1_104' title="bbox 2134 4736 3715 4808">
    <p class='ocr_par' dir='ltr' id='par_1_104' title="bbox 2134 4736 3715 4808">
     <span class='ocr_line' id='line_1_104' title="bbox 2134 4736 3715 4808; baseline -0.003 -16"><span class='ocrx_word' id='word_1_722' title='bbox 2134 4739 2229 4792; x_wconf 62' lang='lat' dir='ltr'><strong>an</strong></span> <span class='ocrx_word' id='word_1_723' title='bbox 2270 4738 2405 4808; x_wconf 73' lang='grc' dir='ltr'><strong>πρὸς</strong></span> <span class='ocrx_word' id='word_1_724' title='bbox 2438 4738 2790 4807; x_wconf 59' lang='grc' dir='ltr'><strong>ἀλλοφύλους,</strong></span> <span class='ocrx_word' id='word_1_725' title='bbox 2826 4740 2921 4791; x_wconf 76' lang='grc' dir='ltr'><strong>καὶ</strong></span> <span class='ocrx_word' id='word_1_726' title='bbox 2962 4738 3069 4790; x_wconf 77' lang='grc' dir='ltr'><strong>ἀπὸ</strong></span> <span class='ocrx_word' id='word_1_727' title='bbox 3098 4736 3192 4790; x_wconf 83' lang='grc' dir='ltr'><strong>τοῦ</strong></span> <span class='ocrx_word' id='word_1_728' title='bbox 3237 4738 3396 4806; x_wconf 79' lang='grc' dir='ltr'><strong>ὅρους</strong></span> <span class='ocrx_word' id='word_1_729' title='bbox 3428 4736 3715 4806; x_wconf 75' lang='grc' dir='ltr'><strong>Σαμαρεί-</strong></span> 
     </span>
    </p>
   </div>
   <div class='ocr_carea' id='block_1_105' title="bbox 2130 4824 3716 4901">
    <p class='ocr_par' dir='ltr' id='par_1_105' title="bbox 2130 4824 3716 4901">
     <span class='ocr_line' id='line_1_105' title="bbox 2130 4824 3716 4901; baseline -0.002 -18"><span class='ocrx_word' id='word_1_730' title='bbox 2130 4848 2229 4893; x_wconf 87' lang='grc' dir='ltr'><strong>τας</strong></span> <span class='ocrx_word' id='word_1_731' title='bbox 2262 4831 2459 4894; x_wconf 78' lang='grc' dir='ltr'><strong>αύτοὺς</strong></span> <span class='ocrx_word' id='word_1_732' title='bbox 2511 4832 2761 4886; x_wconf 76' lang='grc' dir='ltr'><strong>ἐκάλουν.</strong></span> <span class='ocrx_word' id='word_1_733' title='bbox 2799 4832 2907 4885; x_wconf 78' lang='grc' dir='ltr'><strong>Καὶ</strong></span> <span class='ocrx_word' id='word_1_734' title='bbox 2938 4832 2997 4883; x_wconf 87' lang='grc' dir='ltr'><strong>ού</strong></span> <span class='ocrx_word' id='word_1_735' title='bbox 3030 4829 3204 4901; x_wconf 75' lang='grc' dir='ltr'><strong>μικρὰ</strong></span> <span class='ocrx_word' id='word_1_736' title='bbox 3238 4828 3488 4882; x_wconf 79' lang='grc' dir='ltr'>ἐντεῦθεν</span> <span class='ocrx_word' id='word_1_737' title='bbox 3515 4824 3582 4899; x_wconf 79' lang='grc' dir='ltr'><strong>ἦν</strong></span> <span class='ocrx_word' id='word_1_738' title='bbox 3623 4845 3716 4898; x_wconf 80' lang='grc' dir='ltr'><strong>φι-</strong></span> 
     </span>
    </p>
   </div>
   <div class='ocr_carea' id='block_1_106' title="bbox 2130 4920 3713 4993">
    <p class='ocr_par' dir='ltr' id='par_1_106' title="bbox 2130 4920 3713 4993">
     <span class='ocr_line' id='line_1_106' title="bbox 2130 4920 3713 4993; baseline 0 -22"><span class='ocrx_word' id='word_1_739' title='bbox 2130 4920 2366 4973; x_wconf 73' lang='grc' dir='ltr'><strong>λονεικῖα</strong></span> <span class='ocrx_word' id='word_1_740' title='bbox 2388 4938 2402 4952; x_wconf 90' lang='grc'><strong>·</strong></span> <span class='ocrx_word' id='word_1_741' title='bbox 2439 4921 2560 4974; x_wconf 83' lang='grc' dir='ltr'><strong>ούδέ</strong></span> <span class='ocrx_word' id='word_1_742' title='bbox 2592 4924 2697 4993; x_wconf 70' lang='grc' dir='ltr'><strong>γὰρ</strong></span> <span class='ocrx_word' id='word_1_743' title='bbox 2742 4926 2862 4987; x_wconf 82' lang='grc' dir='ltr'><strong>ταῖς</strong></span> <span class='ocrx_word' id='word_1_744' title='bbox 2902 4922 3142 4992; x_wconf 68' lang='grc' dir='ltr'><strong>ι¹ραφαίς</strong></span> <span class='ocrx_word' id='word_1_745' title='bbox 3174 4920 3414 4982; x_wconf 76' lang='grc' dir='ltr'><strong>ἁπάσαις</strong></span> <span class='ocrx_word' id='word_1_746' title='bbox 3448 4920 3713 4990; x_wconf 83' lang='grc' dir='ltr'><strong>ἐχρῶντο,</strong></span> 
     </span>
    </p>
   </div>
   <div class='ocr_carea' id='block_1_107' title="bbox 2130 5012 3715 5085">
    <p class='ocr_par' dir='ltr' id='par_1_107' title="bbox 2130 5012 3715 5085">
     <span class='ocr_line' id='line_1_107' title="bbox 2130 5012 3715 5085; baseline -0.003 -20"><span class='ocrx_word' id='word_1_747' title='bbox 2130 5014 2266 5065; x_wconf 72' lang='grc' dir='ltr'><strong>ἀλλὰ</strong></span> <span class='ocrx_word' id='word_1_748' title='bbox 2296 5015 2516 5079; x_wconf 83' lang='grc' dir='ltr'><strong>Μωσέα,</strong></span> <span class='ocrx_word' id='word_1_749' title='bbox 2546 5014 2669 5070; x_wconf 75' lang='grc' dir='ltr'><strong>τοὺς</strong></span> <span class='ocrx_word' id='word_1_750' title='bbox 2695 5015 2750 5067; x_wconf 77' lang='grc' dir='ltr'><strong>δὲ</strong></span> <span class='ocrx_word' id='word_1_751' title='bbox 2776 5017 3083 5085; x_wconf 65' lang='grc' dir='ltr'><strong>προφήτας,</strong></span> <span class='ocrx_word' id='word_1_752' title='bbox 3112 5013 3253 5083; x_wconf 80' lang='grc' dir='ltr'>οὐχί.</span> <span class='ocrx_word' id='word_1_753' title='bbox 3303 5012 3715 5080; x_wconf 73' lang='grc' dir='ltr'><strong>Ἐφιλονείκουν</strong></span> 
     </span>
    </p>
   </div>
   <div class='ocr_carea' id='block_1_108' title="bbox 2134 5105 3710 5177">
    <p class='ocr_par' dir='ltr' id='par_1_108' title="bbox 2134 5105 3710 5177">
     <span class='ocr_line' id='line_1_108' title="bbox 2134 5105 3710 5177; baseline -0.001 -20"><span class='ocrx_word' id='word_1_754' title='bbox 2134 5108 2317 5177; x_wconf 83' lang='grc' dir='ltr'><strong>μέντοι</strong></span> <span class='ocrx_word' id='word_1_755' title='bbox 2347 5110 2425 5171; x_wconf 78' lang='grc' dir='ltr'><strong>εἰς</strong></span> <span class='ocrx_word' id='word_1_756' title='bbox 2456 5108 2555 5177; x_wconf 79' lang='grc' dir='ltr'><strong>τὴν</strong></span> <span class='ocrx_word' id='word_1_757' title='bbox 2591 5108 2873 5175; x_wconf 85' lang='grc' dir='ltr'><strong>εὐγένειαν</strong></span> <span class='ocrx_word' id='word_1_758' title='bbox 2904 5108 3164 5171; x_wconf 77' lang='grc' dir='ltr'><strong>ἰσωθῆναι</strong></span> <span class='ocrx_word' id='word_1_759' title='bbox 3193 5106 3411 5167; x_wconf 72' lang='grc' dir='ltr'><strong>αὐτοὺς,</strong></span> <span class='ocrx_word' id='word_1_760' title='bbox 3448 5105 3545 5156; x_wconf 80' lang='grc' dir='ltr'><strong>καὶ</strong></span> <span class='ocrx_word' id='word_1_761' title='bbox 3582 5106 3710 5171; x_wconf 75' lang='grc' dir='ltr'><strong>ἐφι-</strong></span> 
     </span>
    </p>
   </div>
   <div class='ocr_carea' id='block_1_109' title="bbox 2129 5198 3714 5271">
    <p class='ocr_par' dir='ltr' id='par_1_109' title="bbox 2129 5198 3714 5271">
     <span class='ocr_line' id='line_1_109' title="bbox 2129 5198 3714 5271; baseline -0.003 -20"><span class='ocrx_word' id='word_1_762' title='bbox 2129 5199 2449 5269; x_wconf 79' lang='grc' dir='ltr'><strong>λοτιμοῦντο</strong></span> <span class='ocrx_word' id='word_1_763' title='bbox 2489 5201 2581 5253; x_wconf 76' lang='grc' dir='ltr'><strong>ἐπὶ</strong></span> <span class='ocrx_word' id='word_1_764' title='bbox 2621 5201 2699 5271; x_wconf 78' lang='grc' dir='ltr'>τῷ</span> <span class='ocrx_word' id='word_1_765' title='bbox 2760 5201 3033 5270; x_wconf 80' lang='grc' dir='ltr'><strong>Ἀϐραὰμ,</strong></span> <span class='ocrx_word' id='word_1_766' title='bbox 3100 5200 3194 5252; x_wconf 74' lang='grc' dir='ltr'><strong>καὶ</strong></span> <span class='ocrx_word' id='word_1_767' title='bbox 3251 5199 3515 5269; x_wconf 80' lang='grc' dir='ltr'><strong>πρόγονον</strong></span> <span class='ocrx_word' id='word_1_768' title='bbox 3546 5198 3714 5249; x_wconf 75' lang='grc' dir='ltr'><strong>αὐτὸν</strong></span> 
     </span>
    </p>
   </div>
   <div class='ocr_carea' id='block_1_110' title="bbox 2128 5289 3713 5365">
    <p class='ocr_par' dir='ltr' id='par_1_110' title="bbox 2128 5289 3713 5365">
     <span class='ocr_line' id='line_1_110' title="bbox 2128 5289 3713 5365; baseline -0.005 -18"><span class='ocrx_word' id='word_1_769' title='bbox 2128 5294 2529 5365; x_wconf 75' lang='grc' dir='ltr'><strong>ἐπεγράφοντο,</strong></span> <span class='ocrx_word' id='word_1_770' title='bbox 2582 5294 2677 5347; x_wconf 80' lang='grc' dir='ltr'><strong>ἆτε</strong></span> <span class='ocrx_word' id='word_1_771' title='bbox 2746 5293 2854 5345; x_wconf 73' lang='grc' dir='ltr'><strong>ἀπὸ</strong></span> <span class='ocrx_word' id='word_1_772' title='bbox 2894 5294 2991 5360; x_wconf 82' lang='grc' dir='ltr'><strong>τῆς</strong></span> <span class='ocrx_word' id='word_1_773' title='bbox 3043 5291 3315 5354; x_wconf 84' lang='grc' dir='ltr'><strong>Χαλδαίας</strong></span> <span class='ocrx_word' id='word_1_774' title='bbox 3365 5293 3515 5343; x_wconf 70' lang='grc' dir='ltr'><strong>ὄντα.</strong></span> <span class='ocrx_word' id='word_1_775' title='bbox 3554 5291 3622 5341; x_wconf 85' lang='grc' dir='ltr'><strong>Οἱ</strong></span> <span class='ocrx_word' id='word_1_776' title='bbox 3653 5289 3713 5340; x_wconf 81' lang='grc' dir='ltr'><strong>δὲ</strong></span> 
     </span>
    </p>
   </div>
   <div class='ocr_carea' id='block_1_111' title="bbox 2140 5380 3711 5455">
    <p class='ocr_par' dir='ltr' id='par_1_111' title="bbox 2140 5380 3711 5455">
     <span class='ocr_line' id='line_1_111' title="bbox 2140 5380 3711 5455; baseline -0.006 -16"><span class='ocrx_word' id='word_1_777' title='bbox 2140 5388 2385 5440; x_wconf 81' lang='grc' dir='ltr'><strong>Ἰουδαῖοι</strong></span> <span class='ocrx_word' id='word_1_778' title='bbox 2418 5385 2556 5455; x_wconf 83' lang='grc' dir='ltr'>μετὰ</span> <span class='ocrx_word' id='word_1_779' title='bbox 2605 5385 2823 5438; x_wconf 80' lang='grc' dir='ltr'><strong>πάντων</strong></span> <span class='ocrx_word' id='word_1_780' title='bbox 2879 5384 2988 5437; x_wconf 84' lang='grc' dir='ltr'><strong>τῶν</strong></span> <span class='ocrx_word' id='word_1_781' title='bbox 3043 5383 3274 5446; x_wconf 79' lang='grc' dir='ltr'><strong>ἐθνικῶς</strong></span> <span class='ocrx_word' id='word_1_782' title='bbox 3330 5381 3574 5447; x_wconf 84' lang='grc' dir='ltr'><strong>ζώντων,</strong></span> <span class='ocrx_word' id='word_1_783' title='bbox 3610 5380 3711 5433; x_wconf 75' lang='grc' dir='ltr'><strong>καὶ</strong></span> 
     </span>
    </p>
   </div>
   <div class='ocr_carea' id='block_1_112' title="bbox 2127 5478 2782 5541">
    <p class='ocr_par' dir='ltr' id='par_1_112' title="bbox 2127 5478 2782 5541">
     <span class='ocr_line' id='line_1_112' title="bbox 2127 5478 2782 5541; baseline 0 -10"><span class='ocrx_word' id='word_1_784' title='bbox 2127 5480 2351 5541; x_wconf 88' lang='grc' dir='ltr'><strong>τούτους</strong></span> <span class='ocrx_word' id='word_1_785' title='bbox 2380 5478 2782 5532; x_wconf 82' lang='grc' dir='ltr'><strong>ἐϐδελύσσοντο.</strong></span> 
     </span>
    </p>
   </div>
   <div class='ocr_carea' id='block_1_113' title="bbox 2199 5564 3709 5636">
    <p class='ocr_par' dir='ltr' id='par_1_113' title="bbox 2199 5564 3709 5636">
     <span class='ocr_line' id='line_1_113' title="bbox 2199 5564 3709 5636; baseline -0.004 -14"><span class='ocrx_word' id='word_1_786' title='bbox 2199 5570 2383 5622; x_wconf 79' lang='grc' dir='ltr'><strong>Εἰπὼν</strong></span> <span class='ocrx_word' id='word_1_787' title='bbox 2412 5572 2494 5623; x_wconf 85' lang='grc' dir='ltr'><strong>ὃτι</strong></span> <span class='ocrx_word' id='word_1_788' title='bbox 2518 5613 2531 5636; x_wconf 95' lang='grc'><strong>,</strong></span> <span class='ocrx_word' id='word_1_789' title='bbox 2552 5569 2929 5635; x_wconf 79' lang='grc' dir='ltr'><strong>Κεκοπιακὼς</strong></span> <span class='ocrx_word' id='word_1_790' title='bbox 2954 5569 3021 5621; x_wconf 80' lang='grc' dir='ltr'><strong>ἐκ</strong></span> <span class='ocrx_word' id='word_1_791' title='bbox 3052 5567 3159 5635; x_wconf 78' lang='grc' dir='ltr'><strong>τῆς</strong></span> <span class='ocrx_word' id='word_1_792' title='bbox 3181 5566 3543 5634; x_wconf 76' lang='grc' dir='ltr'><strong>ὁδοιπορίας,</strong></span> <span class='ocrx_word' id='word_1_793' title='bbox 3571 5564 3709 5617; x_wconf 70' lang='grc' dir='ltr'><strong>ἔδει·</strong></span> 
     </span>
    </p>
   </div>
   <div class='ocr_carea' id='block_1_114' title="bbox 2129 5657 3711 5728">
    <p class='ocr_par' dir='ltr' id='par_1_114' title="bbox 2129 5657 3711 5728">
     <span class='ocr_line' id='line_1_114' title="bbox 2129 5657 3711 5728; baseline -0.004 -12"><span class='ocrx_word' id='word_1_794' title='bbox 2129 5664 2216 5728; x_wconf 85' lang='grc' dir='ltr'><strong>ξεν</strong></span> <span class='ocrx_word' id='word_1_795' title='bbox 2244 5664 2324 5716; x_wconf 81' lang='grc' dir='ltr'><strong>ὅτι</strong></span> <span class='ocrx_word' id='word_1_796' title='bbox 2350 5664 2520 5726; x_wconf 78' lang='grc' dir='ltr'><strong>οὕτως</strong></span> <span class='ocrx_word' id='word_1_797' title='bbox 2549 5663 2797 5727; x_wconf 78' lang='grc' dir='ltr'><strong>ἐϐάδιζεν</strong></span> <span class='ocrx_word' id='word_1_798' title='bbox 2819 5662 3052 5724; x_wconf 78' lang='grc' dir='ltr'><strong>εὐτόνως</strong></span> <span class='ocrx_word' id='word_1_799' title='bbox 3082 5662 3156 5724; x_wconf 83' lang='grc' dir='ltr'><strong>ὡς</strong></span> <span class='ocrx_word' id='word_1_800' title='bbox 3181 5663 3276 5714; x_wconf 71' lang='grc' dir='ltr'><strong>καὶ</strong></span> <span class='ocrx_word' id='word_1_801' title='bbox 3306 5660 3571 5713; x_wconf 79' lang='grc' dir='ltr'><strong>κοπιάσαι</strong></span> <span class='ocrx_word' id='word_1_802' title='bbox 3592 5676 3606 5688; x_wconf 70' lang='grc'><strong><em>⁸</em></strong></span> <span class='ocrx_word' id='word_1_803' title='bbox 3642 5657 3711 5710; x_wconf 76' lang='grc' dir='ltr'><strong>οὗ</strong></span> 
     </span>
    </p>
   </div>
   <div class='ocr_carea' id='block_1_115' title="bbox 2127 5740 3713 5824">
    <p class='ocr_par' dir='ltr' id='par_1_115' title="bbox 2127 5740 3713 5824">
     <span class='ocr_line' id='line_1_115' title="bbox 2127 5740 3713 5824; baseline -0.004 -18"><span class='ocrx_word' id='word_1_804' title='bbox 2127 5755 2236 5824; x_wconf 82' lang='grc' dir='ltr'><strong>γὰρ</strong></span> <span class='ocrx_word' id='word_1_805' title='bbox 2267 5740 2581 5821; x_wconf 67' lang='grc' dir='ltr'><strong>ὑποζυγίοις</strong></span> <span class='ocrx_word' id='word_1_806' title='bbox 2606 5753 2893 5823; x_wconf 79' lang='grc' dir='ltr'><strong>ἐκέχρητο,</strong></span> <span class='ocrx_word' id='word_1_807' title='bbox 2939 5753 3125 5807; x_wconf 84' lang='grc' dir='ltr'><strong>παιδεύ</strong></span> <span class='ocrx_word' id='word_1_808' title='bbox 3150 5771 3209 5806; x_wconf 75' lang='grc' dir='ltr'><strong>ον</strong></span> <span class='ocrx_word' id='word_1_809' title='bbox 3238 5754 3369 5822; x_wconf 76' lang='grc' dir='ltr'><strong>ἡμῖν</strong></span> <span class='ocrx_word' id='word_1_810' title='bbox 3399 5751 3461 5803; x_wconf 74' lang='grc' dir='ltr'><strong>τὸ</strong></span> <span class='ocrx_word' id='word_1_811' title='bbox 3483 5751 3713 5819; x_wconf 70' lang='grc' dir='ltr'><strong>ἀπέριτ-</strong></span> 
     </span>
    </p>
   </div>
   <div class='ocr_carea' id='block_1_116' title="bbox 2127 5841 3713 5915">
    <p class='ocr_par' dir='ltr' id='par_1_116' title="bbox 2127 5841 3713 5915">
     <span class='ocr_line' id='line_1_116' title="bbox 2127 5841 3713 5915; baseline -0.003 -17"><span class='ocrx_word' id='word_1_812' title='bbox 2127 5864 2241 5912; x_wconf 80' lang='grc' dir='ltr'><strong>τον,</strong></span> <span class='ocrx_word' id='word_1_813' title='bbox 2287 5846 2379 5897; x_wconf 68' lang='grc' dir='ltr'><strong>καὶ</strong></span> <span class='ocrx_word' id='word_1_814' title='bbox 2415 5846 2489 5915; x_wconf 76' lang='grc' dir='ltr'>μὴ</span> <span class='ocrx_word' id='word_1_815' title='bbox 2521 5843 2730 5896; x_wconf 78' lang='grc' dir='ltr'><strong>πολλῶν</strong></span> <span class='ocrx_word' id='word_1_816' title='bbox 2763 5844 2992 5898; x_wconf 78' lang='grc' dir='ltr'><strong>δ;ῖσθαι.</strong></span> <span class='ocrx_word' id='word_1_817' title='bbox 3044 5845 3169 5897; x_wconf 75' lang='grc' dir='ltr'><strong>Ἐτὶ</strong></span> <span class='ocrx_word' id='word_1_818' title='bbox 3215 5845 3318 5914; x_wconf 79' lang='grc' dir='ltr'><strong>γῆν</strong></span> <span class='ocrx_word' id='word_1_819' title='bbox 3352 5843 3428 5908; x_wconf 81' lang='grc' dir='ltr'><strong>δὲ,</strong></span> <span class='ocrx_word' id='word_1_820' title='bbox 3456 5842 3575 5898; x_wconf 68' lang='grc' dir='ltr'><strong>ἀλλ’</strong></span> <span class='ocrx_word' id='word_1_821' title='bbox 3608 5841 3713 5895; x_wconf 65' lang='grc' dir='ltr'><strong>οὐκ</strong></span> 
     </span>
    </p>
   </div>
  </div>
