4026 6580
228 449 241 460 ’
331 456 465 521 1333

1378 452 1695 515 SCHOLIA
1739 447 2035 512 VETERA
2077 444 2157 505 IN
2197 444 2573 505 IOANNEM.

3437 445 3575 511 1234

326 581 416 631 imi
446 568 645 648 θρόνου
669 568 980 642 καθέζεται,
1014 576 1109 629 καὶ
1139 574 1289 646 παρὰ
1315 574 1466 644 πηγῇ
1495 572 1585 624 διὰ
1615 571 1674 623 τὸ
1695 568 1887 638 ψύχος·

1996 578 2124 616 vero
2149 570 2205 617 et
2231 578 2336 615 non
2366 560 2417 614 in
2448 559 2703 614 cathedra
2735 560 2907 624 sedet,
2957 570 3010 615 et
3060 562 3217 630 juxta
3271 560 3472 617 fontem
3503 565 3573 621 ob

323 672 410 723 δά
449 669 607 722 τοῦτο
637 672 730 721 καὶ
762 671 795 722 ό
823 667 1221 738 εὐαγγελιστὴς
1274 666 1479 737 ἐδήλουο
1516 659 1628 718 Ἦν
1649 662 1717 715 δὲ
1748 659 1893 714 ὡσεὶ

322 763 442 831 ὥρα
472 763 637 829 ἕκτη.
664 763 737 815 Τὸ
764 762 820 815 δὲ
851 761 1054 830 ἄτυφον
1081 759 1245 813 αὐτοῦ
1290 758 1541 829 φαίνεται
1568 758 1632 810 ὲκ
1660 753 1755 807 τοῦ
1790 753 1890 821 μό-

324 874 412 908 νον
453 854 879 923 καταλειφθῆναι
908 856 965 907 ὲν
993 855 1057 924 τῇ
1092 853 1216 922 ὁδῷ,
1245 854 1339 905 καὶ
1369 851 1429 903 τὸ
1458 850 1587 919 περὶ
1635 848 1733 909 τὰς
1764 862 1891 916 τρο-

325 950 433 1015 φὰς
483 948 830 1017 ἠμελημένον
870 948 934 998 ἐκ
969 947 1063 999 τοῦ
1119 945 1375 997 ἀπελθεῖν
1451 944 1577 1004 τοὺς
1640 939 1893 1010 μαθητὰς

324 1039 593 1108 ἀγοράσαι
619 1036 823 1106 τροφὰς
853 1036 1147 1089 δείκνυται.
1200 1035 1309 1088 Καὶ
1340 1034 1467 1103 μετ’
1523 1032 1717 1100 ὀλιγασ
1767 1029 1896 1091 Πῶς

322 1129 562 1191 δόναται,
596 1128 781 1197 φησὶν,
825 1127 938 1189 ἶσος
972 1122 1113 1180 εῖναι
1139 1129 1166 1179 ό
1198 1126 1322 1188 Υἱὸς
1351 1124 1426 1195 τῷ
1454 1123 1661 1193 Πατρίς
1708 1120 1764 1173 '0
1786 1120 1894 1191 γὰρ

322 1220 452 1281 θεὸς
480 1218 734 1271 οὐδέποτε
765 1219 951 1288 κοπιᾷ⁹
984 1220 1012 1271 ό
1037 1218 1091 1270 δὲ
1131 1216 1338 1285 Ἰησοῦς
1370 1216 1652 1269 ἐκοπίασε.
1686 1214 1888 1265 Ἀκουε

323 1312 430 1378 γὰρ
482 1310 579 1363 τοῦ
638 1310 921 1381 προφήτου
956 1310 1206 1378 λέγοντος
1269 1307 1516 1362 Ἡσαΐου·
1579 1306 1639 1358 '0
1673 1306 1815 1369 Θεὸς
1861 1302 1894 1357 ό

322 1399 578 1465 αἰώνιος,
605 1403 638 1454 ό
662 1401 807 1467 Θεὸς
825 1403 858 1455 ὁ
879 1400 1343 1466 κατασκευάσας
1364 1401 1436 1453 τὰ
1452 1400 1602 1467 ἂκρα
1624 1396 1735 1465 τῆς
1760 1394 1891 1464 γῆς,

322 1492 393 1543 οὐ
414 1490 705 1556 πεινάσει,
732 1492 872 1546 οὐδὲ
899 1493 1195 1547 κοπιάσει·
1227 1493 1369 1547 οὐδὲ
1387 1493 1558 1546 ἔστιν
1585 1492 1893 1559 ἐξεύρεσις

321 1581 430 1648 τῆς
449 1584 800 1650 φρονήσεως
830 1586 1035 1638 αὐτοῦ.
1085 1585 1348 1655 Σύμφημι
1398 1583 1553 1651 κάγώ
1582 1601 1684 1645 σοι,
1722 1583 1893 1635 Εὐνό-

324 1690 435 1742 μιε,
468 1675 550 1727 ὅτι
602 1675 736 1738 Θεὸς
768 1676 1024 1729 οὐδέποτε
1060 1679 1245 1747 κοπιᾷ·
1297 1676 1412 1729 ἀλλ’
1442 1676 1519 1729 ὅτ’
1552 1676 1619 1729 ἀν
1650 1674 1892 1746 ἀκούσῃς

333 1764 542 1833 Ἰησοῦν
595 1765 987 1819 κεκοπιακέναι
1031 1768 1096 1819 ὲκ
1130 1767 1230 1836 τῆς
1288 1766 1623 1838 ὁδοιπορίας,
1668 1764 1743 1836 μὴ
1798 1765 1892 1818 τὸν

318 1855 452 1908 Θεὸν
501 1856 673 1925 Λόγον
711 1857 800 1910 τὸν
849 1860 907 1911 ὲν
956 1858 1103 1929 αὑτῷ
1154 1859 1425 1928 φαντάζου
1475 1859 1888 1922 κεκοπιακέναι,

1998 663 2189 707 ασειηιιι
2234 670 2246 707 :
2290 653 2360 707 ob
2399 666 2517 705 eam
2564 667 2673 705 rem
2726 666 2945 721 quoque
3001 654 3335 723 evangelista
3380 655 3513 709 dicit
3558 673 3573 712 :

2004 740 2138 793 Erat
2162 750 2334 793 autem
2379 741 2507 793 liora
2545 741 2699 811 quasi
2740 752 2912 796 sexta.
2953 742 3103 798 Illius
3149 753 3331 799 autem
3360 761 3391 800 a
3428 745 3572 801 fastu

1999 834 2210 888 aversio
2245 834 2487 891 cernitur
2530 835 2581 887 in
2617 848 2682 889 eo
2707 835 2852 904 quod
2896 837 3047 892 solus
3088 838 3141 891 in
3193 839 3386 893 itinere
3421 840 3577 895 iuve-
3654 900 3655 903 η

2000 924 2149 979 nitur
2181 932 2233 977 ct
2264 924 2411 979 illius
2444 926 2587 979 circa
2621 924 2774 980 cibos
2801 926 3165 982 indiderentia
3194 944 3259 982 ex
3296 944 3360 984 eo
3392 940 3578 985 osten-

1999 1018 2146 1070 ditur
2174 1018 2316 1087 quod
2354 1016 2611 1086 discipuli
2645 1018 2893 1073 abierant
2921 1028 2979 1073 ut
3021 1020 3175 1075 cibos
3202 1032 3468 1077 emerent.
3506 1021 3574 1079 Et

1998 1108 2157 1176 paulo
2181 1116 2297 1176 post
2329 1126 2346 1162 :
2373 1106 2662 1174 Quomodo
2695 1119 2897 1179 potest,
2930 1109 3154 1173 dicitur,
3196 1112 3423 1180 aequalis
3454 1127 3577 1168 esse

2000 1203 2143 1257 filius
2173 1202 2353 1272 patri?
2379 1219 2488 1257 non
2520 1204 2665 1258 enim
2714 1202 2856 1259 Dens
2886 1220 3126 1275 unquam
3159 1206 3450 1275 fatigatur;
3484 1204 3575 1259 1c-

1999 1311 2091 1349 sus
2140 1310 2270 1349 vero
2329 1294 2589 1365 fatigatus
2647 1307 2788 1352 erat.
2855 1300 2993 1351 Audi
3053 1299 3199 1352 enim
3250 1300 3570 1368 prophetam

1999 1387 2191 1442 Isaiam
2239 1387 2508 1443 dicentem
2556 1408 2569 1443 λ
2616 1389 2754 1443 Βίας
2787 1402 3034 1451 wternus,
3071 1391 3207 1445 Deus
3247 1392 3336 1460 qui
3375 1394 3577 1444 constiv

1999 1478 2098 1530 titit
2144 1489 2297 1532 terra:
2323 1481 2708 1542 extremitates.
2731 1499 2831 1535 non
2855 1484 3070 1546 esui-iet,
3096 1500 3197 1535 non
3218 1480 3574 1551 {ntigabitur;

1998 1587 2100 1625 non
2147 1582 2221 1625 est
2262 1572 2489 1626 inventio
2533 1574 2681 1627 illius
2731 1576 3046 1643 prndentiw.
3091 1607 3158 1616 —
3211 1574 3467 1629 Concedo
3517 1584 3575 1629 et

1997 1680 2097 1735 ego
2126 1664 2244 1727 tibi,
2293 1664 2580 1731 Eunomie,
2634 1664 2805 1719 Deum
2852 1683 3133 1736 nunquam
3187 1666 3440 1736 fatigari;
3475 1666 3574 1722 sed

1998 1758 2217 1826 quando
2247 1758 2486 1812 audieris
2527 1756 2714 1813 Jesum
2750 1759 3033 1829 fatigatum
3078 1772 3198 1813 esse
3245 1775 3309 1812 ex
3357 1758 3573 1823 itinere,

2001 1851 2110 1903 noli
2144 1850 2399 1905 arbitrari
2431 1850 2603 1906 Deum
2651 1850 2885 1907 Verbmn
2921 1853 2973 1905 in
3010 1853 3103 1905 illo
3136 1851 3441 1922 fatigatum,
3478 1851 3573 1905 sed

317 1948 454 2001 ἀλλὰ
484 1914 695 2019 τῆν’τοῦ
720 1948 907 2002 δούλου
946 1914 1182 2020 μορςξήνἱ
1216 1914 1484 2019 Θεὸς-γὰρ
1506 1950 1633 2003 οὐδὲ
1668 1914 1887 2002 πώποτε

1996 1941 2228 1997 formam
2265 1944 2407 1999 servi
2437 1961 2453 2010 ;
2494 1944 2636 2000 Deus
2668 1945 2814 1999 enim
2852 1961 3130 2014 nunquam
3168 1943 3449 2012 fatigatur,
3479 1944 3577 1996 do-

318 2041 506 2112 κοπιᾷ,
537 2039 708 2105 πάθος
742 2042 842 2095 οὐκ
874 2042 1204 2112 ἐπιδέχεται.
1243 2043 1367 2096 Ὀτι
1401 2043 1459 2095 δὲ
1489 2044 1518 2096 ό
1557 2042 1693 2107 Θεὸς
1717 2043 1888 2110 Λόγος

317 2127 385 2202 ἦν
412 2136 477 2203 τῇ
527 2132 621 2187 τοῦ
655 2133 843 2187 δούλου
891 2138 1099 2205 μορφῇ,
1150 2134 1356 2202 λεγέτω
1407 2135 1503 2188 καὶ
1544 2137 1571 2187 ό
1612 2134 1887 2204 Ἰωάννηςο

314 2225 423 2279 Kal
455 2228 489 2279 ό
516 2229 707 2296 Λόγος
752 2226 909 2296 σὰρξ
958 2226 1217 2295 ἐγένετο,
1264 2228 1360 2279 καὶ
1419 2224 1774 2292 ἐσκήνωσεν
1820 2225 1891 2277 ἐν

314 2318 479 2386 ἡμῖν·
515 2319 576 2371 οὐ
624 2321 855 2389 τραπεὶς
908 2319 1005 2371 καὶ
1066 2317 1449 2387 μετασληϐεὶς,
1504 2316 1641 2369 ἀλλὰ
1702 2314 1883 2380 σάρκα

314 2409 660 2479 προσλαϐών.
686 2412 802 2465 Ἵνα
838 2406 931 2466 οὖν
958 2410 1142 2481 δειχθῇ
1174 2412 1257 2464 ὅτι
1288 2412 1381 2462 καὶ
1427 2408 1714 2479 ἄνθρωπός
1748 2410 1885 2471 ἐστι,

314 2520 374 2556 κε
385 2505 668 2558 κοπὶακεν.

388 2595 507 2656 Πῶς
533 2598 561 2649 ὁ
585 2596 759 2664 λέγων
787 2598 867 2659 εἰς
894 2598 1052 2651 πόλιν
1085 2594 1444 2667 Σαμαρειτῶν
1474 2593 1550 2664 μὴ
1595 2590 1885 2653 εἰσελθεῖν,

313 2686 680 2758 Σαμαρείταις
712 2688 1013 2755 διε).έγετο;
1042 2689 1196 2742 Κατὰ
1227 2687 1398 2757 τύχην
1423 2686 1646 2756 ἐξῆλθεν
1684 2686 1713 2754 ἡ
1746 2682 1886 2754 γυνὴ

242 2770 249 2773 ”
312 2780 573 2849 ἀντλῆσαι
608 2779 769 2852 ὕδωρ
808 2781 885 2852 τῷ
938 2780 994 2833 δὲ
1052 2779 1272 2851 Χριστῷ
1305 2781 1337 2849 ἠ
1393 2776 1630 2847 καθέδρα
1662 2774 1755 2829 διὰ
1793 2775 1886 2827 τὸν

312 2868 483 2922 κόπον
506 2870 751 2939 γέγονεν,
776 2872 836 2924 οὑ
863 2872 971 2943 μὴν
996 2871 1083 2925 διὰ
1112 2871 1213 2942 τὴν
1239 2872 1498 2939 γυναῖκα.

383 3052 556 3106 Πόθεν
581 3053 746 3107 αὐτὸν
780 3052 1038 3107 Ἰουδαῖον
1080 3053 1375 3124 ἐγνώρισεν
1421 3050 1582 3115 ὄντας
1627 3050 1759 3104 Ἀπὸ
1789 3049 1882 3103 τοῦ

314 3148 592 3220 σχήματος
615 3150 711 3203 καὶ
738 3149 846 3202 ἀπὸ
878 3150 976 3219 τῆς
1008 3149 1212 3219 φωνῆς-

1994 2035 2158 2089 lorem
2194 2052 2302 2090 non
2340 2038 2561 2106 patitur.
2590 2036 2693 2093 Sed
2728 2040 2871 2108 quod
2898 2040 3039 2093 Deus
3064 2036 3306 2092 Verbum
3333 2045 3482 2092 esset
3514 2036 3571 2090 in

1993 2129 2133 2183 servi
2166 2130 2362 2195 forma,
2394 2130 2835 2186 dicatJoannes:
2870 2130 2935 2184 Et
2970 2130 3193 2185 Verbum
3221 2146 3343 2184 caro
3370 2129 3573 2198 factum

1990 2231 2090 2285 est,
2113 2231 2162 2277 et
2184 2222 2441 2277 habitavit
2474 2224 2528 2277 in
2550 2225 2718 2278 nobis.
2742 2223 2858 2278 Non
2885 2240 3235 2289 conversum,
3259 2239 3365 2276 non
3392 2232 3574 2278 trans-

1994 2322 2288 2377 mutatam,
2329 2316 2420 2369 sed
2459 2331 2679 2370 carnem
2720 2332 3043 2381 assumens;
3084 2326 3143 2370 ut
3203 2317 3368 2386 igitur
3395 2325 3575 2370 osten-

1992 2406 2212 2461 deretur
2240 2409 2368 2478 quia
2398 2409 2562 2463 homo
2591 2418 2693 2473 est,
2733 2409 2991 2478 fatigatus
3022 2418 3128 2463 est.

2068 2591 2230 2649 Vens.
2266 2594 2321 2648 7.
2351 2594 2636 2659 Quomodo
2663 2596 2758 2665 qui
2790 2595 3008 2650 dicebat
3038 2610 3145 2651 non
3175 2596 3384 2652 intrare
3412 2598 3464 2651 in
3489 2598 3574 2652 ci-

1993 2684 2216 2737 vitatem
2252 2683 2753 2751 Samaritanorum,
2786 2700 2909 2740 cum
2930 2685 3574 2757 Samaritanisloqueba-

1991 2775 2111 2829 tur?
2138 2773 2301 2831 Forte
2345 2776 2496 2832 venit
2546 2777 2745 2832 mulier
2798 2778 2863 2831 ad
2913 2778 3271 2833 hauriendam
3325 2794 3568 2848 aquam;

1988 2867 2243 2924 Christus
2290 2877 2472 2923 autem
2505 2870 2725 2925 sederat
2754 2880 2978 2939 propter
3013 2870 3421 2937 lassitudinem,
3455 2885 3569 2926 non

1988 2968 2206 3028 prepter
2232 2961 2538 3017 mulierem.

2064 3046 2226 3104 Vens.
2255 3050 2305 3105 9.
2361 3051 2515 3107 Unde
2570 3050 2816 3107 Judaeum
2851 3052 3003 3108 illum
3039 3069 3161 3110 esse
3201 3054 3496 3125 cognovit?
3523 3057 3568 3109 A

1992 3140 2320 3198 vestimento
2351 3155 2406 3199 et
2438 3159 2593 3200 voce.

372 3241 478 3307 Τὸ4
514 3242 706 3296 Πόθεν
747 3241 908 3310 ἔχεις
955 3242 1023 3295 τὸ
1064 3240 1223 3309 ὕδωρ
1267 3241 1330 3293 τὸ
1373 3239 1504 3303 ζῶν,
1554 3235 1674 3292 εἷπε
1749 3238 1885 3309 πρὸς

2063 3231 2230 3289 Vens.
2264 3234 2351 3289 Η.
2386 3233 2534 3290 Unde
2559 3235 2719 3291 habes
2751 3253 2945 3307 aquam
2966 3238 3155 3301 vivam,
3187 3238 3317 3291 dicit
3341 3237 3394 3291 in
3420 3237 3567 3291 fonte

309 3332 409 3402 τὴν
435 3334 618 3403 πηγὴν
652 3333 980 3397 ἑξετάζουσα
1012 3333 1106 3385 τοῦ
1138 3331 1352 3393 ὕδατος,
1383 3331 1444 3383 τὸ
1482 3332 1689 3383 ἐκείνου
1716 3329 1882 3399 ὕδωρ.

310 3424 443 3475 Οὐδὲ
472 3423 602 3494 γὰρ,
636 3423 793 3493 φησὶ,
818 3424 1085 3494 κρείττων
1109 3419 1157 3476 εἷ
1188 3424 1282 3475 τοῦ
1324 3421 1538 3484 Ἰακὼϐ,
1573 3422 1662 3473 ἵνα
1703 3423 1887 3491 κρεῖτο

308 3532 401 3568 τον
433 3514 577 3585 ὕδωρ
618 3515 745 3586 δῷς.

380 3608 504 3670 Πῶς
536 3607 682 3675 λέγει
710 3624 725 3660 τ
769 3608 978 3662 Ἰακὼϐ
1000 3611 1031 3661 ό
1073 3604 1267 3674 πατὴρ
1296 3606 1463 3675 ἡμῶν
1499 3606 1721 3659 ἔδωκεν
1748 3604 1888 3674 ἡμῖν

310 3701 426 3767 τὴν
446 3701 651 3769 πηγὴν
676 3702 904 3769 ταύτην
927 3718 945 3767 ;
967 3701 1086 3771 Χρὴ
1127 3700 1417 3766 γινώσκειν
1446 3700 1528 3753 ὅτι
1567 3700 1595 3752 ό
1625 3698 1788 3761 τόπος
1815 3694 1881 3768 ἦν

308 3795 438 3848 ἔνθα
489 3796 617 3866 περὶ
649 3797 747 3864 τῆς
775 3795 963 3858 Δείνας
985 3798 1034 3849 οἱ
1083 3795 1211 3865 περὶ
1240 3795 1330 3847 τὸν
1381 3793 1514 3847 Λευῖ
1542 3794 1634 3846 καὶ
1659 3792 1885 3862 Συμεὼν

306 3886 766 3956 ἀγανακτοῦντες,
825 3887 917 3941 τὸν
988 3888 1223 3958 χαλεπὸν
1276 3888 1488 3939 ἐκεῖνον
1549 3886 1883 3956 εἰργάσαντο

308 3978 487 4048 φόνον.

379 4070 537 4122 Ποῖόν
568 4070 683 4122 ἐστι
722 4069 783 4122 τὸ
813 4068 955 4138 ὕδωρ
1004 4069 1064 4121 τὸ
1098 4067 1207 4134 ζῶν
1235 4068 1262 4120 ὃ
1290 4068 1438 4134 λέγει
1472 4066 1705 4137 Χριστὸς
1739 4083 1882 4136 παρ-

306 4158 489 4229 έχεινς
528 4160 587 4213 '0
622 4159 906 4231 καθαρμὸς
936 4158 994 4223 ἐξ
1020 4159 1206 4224 αὐτοῦ,
1227 4158 1317 4212 καὶ,
1344 4160 1375 4228 ἡ
1416 4157 1712 4228 παραψυχὴ
1744 4159 1777 4226 ἡ
1820 4158 1882 4208 ὲκ

309 4253 566 4314 πίστεως.

378 4345 452 4397 Τὸ
473 4388 486 4411 ,
514 4348 579 4398 Oi
601 4346 853 4414 πατέρες
882 4342 1052 4413 ἡμῶν
1079 4342 1149 4396 ἐν
1183 4341 1259 4407 τῷ
1303 4341 1421 4408 ὄρει
1453 4340 1643 4406 τούτῳ
1691 4353 1882 4406 προσ-

303 4438 636 4503 εκύνησαν,
669 4439 793 4499 τοὺς
833 4440 961 4509 περὶ
1008 4438 1100 4490 τὸν
1161 4434 1410 4505 Ἀϐραάμ
1439 4432 1606 4504 δηλοῖ·
1644 4433 1737 4485 καὶ
1771 4432 1878 4501 γὰρ

303 4532 420 4582 ἐκεῖ
451 4547 581 4597 φασι
604 4532 692 4582 τὸν
723 4530 833 4581 υτὸν
862 4529 1264 4599 ἀνενηνοχέναι.

378 4622 502 4686 Πῶς
515 4623 682 4690 λέγει,
698 4623 779 4675 ὅτι
821 4620 1018 4689 ’Υμεῖς
1045 4618 1440 4687 προσκυνεῖτε
1461 4617 1492 4671 ὃ
1516 4619 1627 4670 οὐκ
1651 4615 1884 4677 οἵδατε;
1922 4618 1961 4671 D

304 4715 429 4767 Ὅτι
461 4714 684 4784 μερικὸν
712 4712 843 4765 Θεὸν
866 4711 961 4763 καὶ
976 4711 1198 4763 τοπικὸν
1227 4710 1474 4778 ἐνόμιζον
1500 4702 1641 4759 εἶναι
1662 4723 1673 4735 ·
1704 4706 1879 4760 οὕτως

305 4806 415 4874 γὰρ
439 4807 534 4858 καὶ
563 4806 801 4875 Πέρσαις
839 4805 1154 4874 πέμψαντες
1205 4800 1570 4870 ἀπήγγειλαν,
1600 4799 1682 4851 ὅτι
1715 4799 1743 4850 ὁ
1783 4797 1877 4851 τοῦ

302 4898 475 4951 τόπου
503 4898 633 4961 Θεὸς
652 4899 847 4961 αὐτοὺς
864 4896 1200 4965 λυμαίνεται.
1230 4894 1351 4956 Πῶς
1370 4893 1534 4961 λέγει,
1559 4895 1641 4944 ὅτι
1687 4891 1880 4959 Ἡμεῖς

302 4989 767 5058 προσκυνοῦμεν
795 4989 825 5041 ὃ
864 4989 1149 5057 οῖδαμεν;
1180 4987 1318 5055 Πρὸς
1349 4985 1448 5056 τὴν
1490 4984 1746 5037 ὑπόνοιαν
1773 4983 1874 5051 τῆς

301 5078 560 5146 γυναικὸς
593 5079 760 5145 λέγει’
796 5074 907 5147 εἶχε
960 5079 1069 5148 γὰρ
1098 5077 1258 5130 αὑτὸν
1293 5077 1368 5139 ὡς
1402 5078 1691 5147 προφήτην
1739 5074 1873 5128 Ἰουο

301 5164 470 5217 δαῖον.

375 5257 665 5322 Τοιούτους
694 5260 800 5328 γὰρ
829 5262 857 5313 ὁ
888 5260 1077 5328 Πατὴρ
1121 5261 1245 5320 τοὺς
1300 5259 1743 5329 προσκυνοῦντας
1774 5262 1874 5312 αὑ.

302 5351 393 5404 τὸν
416 5352 589 5422 ζητεῖ,
621 5353 748 5415 τοὺς
771 5352 845 5422 μὴ
872 5352 1020 5422 τόπῳ
1045 5370 1107 5403 πε
1120 5352 1453 5420 ρικλείοντας
1482 5351 1579 5419 τὴν
1598 5351 1872 5421 λατρείαν.

377 5446 599 5515 Πνεῦμα
627 5448 654 5497 ὁ
681 5446 811 5509 Θεὸς
863 5447 921 5499 τὸ
951 5446 1239 5512 ἀσώματον
1263 5446 1433 5513 λέγει,
1465 5450 1556 5499 καὶ
1586 5448 1670 5499 ὅτι
1708 5450 1740 5513 ὴ
1772 5447 1869 5499 λα-

304 5541 462 5610 τρεία
497 5541 663 5592 αὐτοῦ
718 5538 1007 5610 ἀσώματος
1040 5540 1182 5591 θέλει
1216 5534 1377 5601 εἶναι,
1424 5540 1517 5591 καὶ
1566 5540 1653 5591 διὰ
1686 5539 1781 5591 τοῦ
1816 5540 1874 5590 ἐν

306 5634 439 5702 ἡμῖν
467 5631 758 5699 ἀσωμάτου
786 5631 1169 5702 προέρχεσθαι.

380 5723 551 5776 Πόθεν
578 5724 915 5794 Σαμαρεῖται
954 5724 1013 5775 τὸ
1048 5723 1352 5793 προσδοκᾷν
1399 5722 1489 5774 τὸν
1508 5723 1754 5792 -Χριστὸν
1788 5722 1869 5776 εἷ-

308 5834 423 5885 χον,
453 5826 546 5869 τον
579 5816 781 5869 Μωσέα
804 5815 983 5885 μόνον,
1020 5815 1135 5869 ἀλλ’
1168 5816 1229 5867 οὺ
1258 5815 1387 5877 τοὺς
1416 5815 1699 5884 προφήτας
1728 5815 1877 5885 έχον-

306 5921 437 5968 τεςς
485 5904 577 5958 Ἐκ
613 5904 709 5959 τοῦ
738 5904 915 5973 λέγειν
951 5905 1039 5958 τὸν
1076 5904 1294 5970 Ἰακὼϐ,
1331 5907 1412 5958 δτι
1451 5908 1572 5958 ουκ
1603 5904 1875 5973 ἐκλείψει

1989 3339 2145 3394 aquae
2162 3324 2309 3381 illius
2337 3341 2537 3396 aquam
2563 3326 2878 3397 exquirens.
2907 3327 3160 3396 Nunquid
3204 3331 3376 3396 enim,
3406 3329 3559 3392 dicit,

1990 3418 2165 3488 major
2193 3434 2254 3474 es
2284 3417 2473 3487 Jacoh,
2506 3428 2563 3475 ut
2590 3421 2871 3476 meliorem
2898 3421 2996 3477 des
3023 3424 3263 3492 aquam?

2061 3600 2225 3654 Vens.
2273 3603 2358 3656 l2.
2401 3604 2685 3670 Quomodo
2717 3604 2849 3658 dicit
2892 3624 2905 3657 :
2957 3604 3125 3659 Jacob
3180 3618 3334 3675 pater
3386 3617 3567 3663 noster

1986 3694 2130 3748 dedit
2166 3694 2312 3749 nobis
2357 3697 2497 3749 hunc
2526 3700 2784 3766 puteum?
2814 3696 3048 3768 Oportet
3085 3700 3228 3755 scire
3264 3701 3409 3756 hunc
3442 3717 3565 3758 esse

1987 3786 2168 3840 locum
2202 3788 2293 3841 ubi
2321 3797 2542 3857 propter
2579 3789 2767 3843 Diuam
2802 3791 2894 3844 lilii
2933 3792 3057 3846 Levi
3100 3802 3154 3846 et
3185 3793 3404 3848 Sitneon
3437 3795 3559 3849 irati

1987 3888 2226 3934 atrocem
2262 3880 2402 3936 hanc
2430 3882 2635 3937 caedem
2664 3882 2926 3939 fecerant.

2062 4068 2222 4123 Vens.
2273 4069 2361 4124 14.
2410 4070 2599 4137 Qualis
2649 4082 2733 4127 est
2788 4088 2929 4142 aqua
2978 4074 3167 4128 vivens
3214 4089 3377 4144 quam
3432 4074 3564 4129 dicit

1993 4159 2244 4215 Christus
2271 4161 2572 4216 ιιι-πεπειτοῖ
2602 4165 2907 4233 purilicatio
2952 4182 3072 4234 (μιαί
3122 4181 3187 4220 ex
3216 4167 3334 4236 ipso
3358 4176 3461 4232 est,
3509 4178 3564 4223 et

1985 4251 2226 4306 levamen
2261 4254 2405 4322 quod
2434 4265 2517 4309 est
2545 4270 2608 4308 ex
2645 4256 2769 4311 fide.

2055 4343 2217 4399 Vens.
2252 4345 2343 4398 20.
2374 4345 2561 4401 Patres
2589 4350 2756 4402 nostri
2778 4352 2829 4402 in
2852 4361 3024 4403 monte
3047 4353 3147 4405 isto
3180 4342 3558 4417 adoraverunt,

1982 4434 2048 4487 de
2088 4436 2360 4490 Abraham
2392 4438 2557 4505 dicit;
2601 4441 2803 4495 etenim
2862 4442 2971 4496 illic
3005 4444 3179 4497 fertur
3210 4445 3356 4500 hunc
3379 4447 3553 4500 filium

1982 4527 2263 4582 obtulisse.

2067 4616 2230 4672 Vens.
2274 4620 2363 4673 92.
2403 4621 2692 4685 Quomodo
2745 4622 2877 4676 dicit
2922 4641 2934 4676 :
2990 4621 3087 4677 Vos
3145 4625 3386 4681 adoratis
3419 4628 3559 4698 qucd

1988 4710 2240 4764 nescitis?
2264 4710 2402 4775 Quia
2432 4711 2815 4780 particularem
2858 4722 2912 4768 et
2942 4715 3169 4769 localem
3207 4715 3374 4771 Deum
3401 4729 3558 4787 puta-

1989 4804 2119 4854 hant
2149 4817 2289 4857 esse.
2322 4802 2396 4856 Ita
2428 4804 2572 4857 enim
2607 4802 2789 4860 Persis
2822 4807 3097 4861 mittentes
3151 4809 3557 4876 nuntiaverant,

1988 4889 2154 4943 Deum
2189 4892 2291 4945 loci
2341 4892 2461 4946 illos
2502 4894 2838 4963 depopulari.
2894 4896 3180 4962 Quomodo
3228 4900 3401 4955 dicit:
3442 4901 3558 4957 Nos

1989 4984 2272 5036 adoramus
2304 4985 2441 5053 quod
2474 4986 3037 5043 scimus?Secuudum
3072 4993 3317 5047 mulieris
3347 4996 3561 5062 opinio-

1990 5093 2111 5130 nem
2160 5078 2424 5145 loquitur,
2469 5093 2589 5145 qua:
2640 5079 2875 5133 habebat
2916 5099 3038 5134 eum
3088 5086 3409 5153 prophetam
3465 5085 3561 5139 Ju-

1990 5168 2189 5222 dueum.

2064 5258 2217 5312 Vens.
2267 5260 2355 5312 ‘2’).
2404 5260 2561 5314 Tales
2590 5261 2732 5314 enim
2762 5261 2922 5316 Pater
2962 5266 3160 5332 quaerit
3194 5268 3284 5334 qui
3321 5268 3557 5324 adorent

1987 5367 2135 5413 eum,
2162 5352 2254 5420 qui
2284 5351 2401 5405 loco
2434 5368 2539 5405 non
2575 5352 2867 5407 terminent
2895 5372 3049 5408 suam
3088 5359 3478 5411 adorationem.

2060 5442 2225 5496 Vens.
2255 5442 2343 5497 24.
2377 5444 2613 5512 Spiritus
2644 5454 2726 5498 est
2759 5444 2899 5499 Dens
2929 5449 3313 5517 incorporalis,
3352 5451 3553 5518 inquit,

1986 5545 2039 5588 et
2076 5536 2220 5588 illius
2250 5536 2498 5589 adoratio
2528 5536 2888 5605 incorporalis
2915 5541 3077 5591 etiam
3126 5556 3245 5593 esse
3276 5542 3456 5603 debet,
3502 5553 3556 5595 et

1986 5644 2049 5681 ex
2092 5629 2416 5697 incorporali
2456 5637 2637 5681 nostra
2671 5639 2823 5697 parte
2852 5632 3021 5683 exire.

2061 5719 2227 5773 Vens.
2262 5721 2351 5775 25.
2390 5720 2541 5775 Unde
2573 5720 2904 5775 Samaritaui
2942 5724 3378 5791 expectationem
3409 5726 3544 5782 Mes-

1988 5814 2082 5867 size
2126 5811 2421 5876 habebant,
2468 5812 2557 5883 qtti
2595 5828 2788 5883 nempe
2844 5814 3081 5885 Moyseni
3129 5818 3304 5873 solum
3347 5829 3401 5875 et
3446 5837 3553 5875 non

1987 5906 2284 5977 prophetas
2318 5905 2711 5962 admittebant?
2738 5906 2778 5961 Ε
2810 5906 2989 5963 verbis
3017 5906 3184 5967 Jacob
3216 5928 3232 5967 :
3264 5905 3381 5965 Non
3410 5914 3556 5979 aule-
