  <div class='ocr_page' id='page_1' title='image "/cluster/home/n/w/nwhite01/storage/ocr_20150623/106/hvd.32044051727071/630.png"; bbox 0 0 4026 6568; ppageno 0'>
   <div class='ocr_carea' id='block_1_1' title="bbox 266 397 401 468">
    <p class='ocr_par' dir='ltr' id='par_1_1' title="bbox 266 397 401 468">
     <span class='ocr_line' id='line_1_1' title="bbox 266 397 401 468; baseline 0.059 -7"><span class='ocrx_word' id='word_1_1' title='bbox 266 397 287 461; x_wconf 83' lang='lat' dir='ltr'><strong>i</strong></span> <span class='ocrx_word' id='word_1_2' title='bbox 300 400 401 468; x_wconf 74' lang='lat' dir='ltr'><strong>Z37</strong></span> 
     </span>
    </p>
   </div>
   <div class='ocr_carea' id='block_1_2' title="bbox 1327 406 2528 471">
    <p class='ocr_par' dir='ltr' id='par_1_2' title="bbox 1327 406 2528 471">
     <span class='ocr_line' id='line_1_2' title="bbox 1327 406 2528 471; baseline -0.002 -2"><span class='ocrx_word' id='word_1_3' title='bbox 1327 408 1650 469; x_wconf 84' lang='lat' dir='ltr'><strong>SCHOLIA</strong></span> <span class='ocrx_word' id='word_1_4' title='bbox 1691 407 1991 471; x_wconf 77' lang='lat' dir='ltr'><strong>VETERA</strong></span> <span class='ocrx_word' id='word_1_5' title='bbox 2033 407 2116 470; x_wconf 89' lang='lat' dir='ltr'><strong>IN</strong></span> <span class='ocrx_word' id='word_1_6' title='bbox 2155 406 2528 468; x_wconf 86' lang='lat' dir='ltr'><strong>JOANNEM.</strong></span> 
     </span>
    </p>
   </div>
   <div class='ocr_carea' id='block_1_3' title="bbox 3395 397 3537 473">
    <p class='ocr_par' dir='ltr' id='par_1_3' title="bbox 3395 397 3537 473">
     <span class='ocr_line' id='line_1_3' title="bbox 3395 397 3537 473; baseline 0.042 -7"><span class='ocrx_word' id='word_1_7' title='bbox 3395 397 3537 473; x_wconf 72' lang='lat'><strong>1238</strong></span> 
     </span>
    </p>
   </div>
   <div class='ocr_carea' id='block_1_4' title="bbox 337 512 1870 592">
    <p class='ocr_par' dir='ltr' id='par_1_4' title="bbox 337 512 1840 592">
     <span class='ocr_line' id='line_1_4' title="bbox 337 512 1840 592; baseline 0.005 -27"><span class='ocrx_word' id='word_1_8' title='bbox 337 512 462 566; x_wconf 75' lang='lat' dir='ltr'><strong>&quot;Ott.</strong></span> <span class='ocrx_word' id='word_1_9' title='bbox 493 512 551 566; x_wconf 71' lang='grc' dir='ltr'><strong>τ’)</strong></span> <span class='ocrx_word' id='word_1_10' title='bbox 581 514 638 568; x_wconf 78' lang='grc' dir='ltr'>ἐν</span> <span class='ocrx_word' id='word_1_11' title='bbox 665 515 732 587; x_wconf 81' lang='grc' dir='ltr'>τῇ</span> <span class='ocrx_word' id='word_1_12' title='bbox 769 516 1076 589; x_wconf 81' lang='grc' dir='ltr'>προϐατικῇ</span> <span class='ocrx_word' id='word_1_13' title='bbox 1107 517 1464 592; x_wconf 80' lang='grc' dir='ltr'>κολυμϐήθρᾳ</span> <span class='ocrx_word' id='word_1_14' title='bbox 1495 519 1840 592; x_wconf 81' lang='grc' dir='ltr'><strong>τελούμενον,</strong></span> 
     </span>
    </p>
   </div>
   <div class='ocr_carea' id='block_1_5' title="bbox 1979 512 3530 592">
    <p class='ocr_par' dir='ltr' id='par_1_5' title="bbox 2025 514 3530 587">
     <span class='ocr_line' id='line_1_5' title="bbox 2025 514 3530 587; baseline -0.001 -16"><span class='ocrx_word' id='word_1_15' title='bbox 2025 517 2186 572; x_wconf 74' lang='lat' dir='ltr'><strong>Vens.</strong></span> <span class='ocrx_word' id='word_1_16' title='bbox 2218 516 2272 569; x_wconf 70' lang='lat'><strong>2.</strong></span> <span class='ocrx_word' id='word_1_17' title='bbox 2303 515 2457 582; x_wconf 88' lang='lat' dir='ltr'><strong>Quod</strong></span> <span class='ocrx_word' id='word_1_18' title='bbox 2504 517 2556 570; x_wconf 92' lang='lat' dir='ltr'><strong>in</strong></span> <span class='ocrx_word' id='word_1_19' title='bbox 2587 514 2866 586; x_wconf 84' lang='lat' dir='ltr'><strong>probatica</strong></span> <span class='ocrx_word' id='word_1_20' title='bbox 2889 514 3097 586; x_wconf 85' lang='lat' dir='ltr'><strong>piscina</strong></span> <span class='ocrx_word' id='word_1_21' title='bbox 3127 515 3530 587; x_wconf 75' lang='lat' dir='ltr'><strong>complebatur,</strong></span> 
     </span>
    </p>
   </div>
   <div class='ocr_carea' id='block_1_6' title="bbox 264 603 1082 680">
    <p class='ocr_par' dir='ltr' id='par_1_6' title="bbox 264 603 1082 680">
     <span class='ocr_line' id='line_1_6' title="bbox 264 603 1082 680; baseline 0.011 -24"><span class='ocrx_word' id='word_1_22' title='bbox 264 606 432 670; x_wconf 88' lang='grc' dir='ltr'>τύπος</span> <span class='ocrx_word' id='word_1_23' title='bbox 463 603 531 678; x_wconf 79' lang='grc' dir='ltr'>ἦν</span> <span class='ocrx_word' id='word_1_24' title='bbox 561 608 654 662; x_wconf 79' lang='grc' dir='ltr'>τοῦ</span> <span class='ocrx_word' id='word_1_25' title='bbox 686 609 1082 680; x_wconf 83' lang='grc' dir='ltr'>βαπτίσματος.</span> 
     </span>
    </p>
   </div>
   <div class='ocr_carea' id='block_1_7' title="bbox 338 697 1843 777">
    <p class='ocr_par' dir='ltr' id='par_1_7' title="bbox 338 697 1843 777">
     <span class='ocr_line' id='line_1_7' title="bbox 338 697 1843 777; baseline 0.003 -25"><span class='ocrx_word' id='word_1_26' title='bbox 338 697 464 752; x_wconf 72' lang='grc' dir='ltr'><strong>Ὀτι</strong></span> <span class='ocrx_word' id='word_1_27' title='bbox 493 697 588 763; x_wconf 76' lang='grc' dir='ltr'><strong>οὓς</strong></span> <span class='ocrx_word' id='word_1_28' title='bbox 624 700 826 772; x_wconf 75' lang='grc' dir='ltr'>ἀπῄτει</span> <span class='ocrx_word' id='word_1_29' title='bbox 869 702 1056 755; x_wconf 87' lang='grc' dir='ltr'>πίστιν</span> <span class='ocrx_word' id='word_1_30' title='bbox 1100 703 1161 757; x_wconf 85' lang='grc' dir='ltr'>οὐ</span> <span class='ocrx_word' id='word_1_31' title='bbox 1210 704 1314 776; x_wconf 86' lang='grc' dir='ltr'><strong>πρὸ</strong></span> <span class='ocrx_word' id='word_1_32' title='bbox 1363 704 1475 758; x_wconf 85' lang='grc' dir='ltr'><strong>τῶν</strong></span> <span class='ocrx_word' id='word_1_33' title='bbox 1523 705 1843 777; x_wconf 76' lang='grc' dir='ltr'><strong>θαυμάτων,</strong></span> 
     </span>
    </p>
   </div>
   <div class='ocr_carea' id='block_1_8' title="bbox 265 787 1847 872">
    <p class='ocr_par' dir='ltr' id='par_1_8' title="bbox 265 787 1847 872">
     <span class='ocr_line' id='line_1_8' title="bbox 265 787 1847 872; baseline 0.008 -32"><span class='ocrx_word' id='word_1_34' title='bbox 265 787 405 842; x_wconf 68' lang='grc' dir='ltr'>ἀλλὰ</span> <span class='ocrx_word' id='word_1_35' title='bbox 463 791 604 861; x_wconf 83' lang='grc' dir='ltr'><strong>μετά</strong></span> <span class='ocrx_word' id='word_1_36' title='bbox 649 792 710 846; x_wconf 83' lang='grc' dir='ltr'><strong>τὸ</strong></span> <span class='ocrx_word' id='word_1_37' title='bbox 767 792 896 847; x_wconf 81' lang='grc' dir='ltr'>ἰδεῖν</span> <span class='ocrx_word' id='word_1_38' title='bbox 956 795 1120 849; x_wconf 76' lang='grc' dir='ltr'>αὑτὸν</span> <span class='ocrx_word' id='word_1_39' title='bbox 1177 795 1434 868; x_wconf 87' lang='grc' dir='ltr'>θαύματα</span> <span class='ocrx_word' id='word_1_40' title='bbox 1505 799 1847 872; x_wconf 81' lang='grc' dir='ltr'><strong>πεποιηκότα</strong></span> 
     </span>
    </p>
   </div>
   <div class='ocr_carea' id='block_1_9' title="bbox 264 883 486 956">
    <p class='ocr_par' dir='ltr' id='par_1_9' title="bbox 264 883 486 956">
     <span class='ocr_line' id='line_1_9' title="bbox 264 883 486 956; baseline 0.018 -19"><span class='ocrx_word' id='word_1_41' title='bbox 264 883 486 956; x_wconf 77' lang='grc' dir='ltr'>ἀπῄτει.</span> 
     </span>
    </p>
   </div>
   <div class='ocr_carea' id='block_1_10' title="bbox 336 972 1843 1058">
    <p class='ocr_par' dir='ltr' id='par_1_10' title="bbox 336 972 1843 1058">
     <span class='ocr_line' id='line_1_10' title="bbox 336 972 1843 1058; baseline 0.006 -28"><span class='ocrx_word' id='word_1_42' title='bbox 336 972 479 1047; x_wconf 85' lang='grc' dir='ltr'>Ἦρε</span> <span class='ocrx_word' id='word_1_43' title='bbox 502 977 560 1033; x_wconf 80' lang='grc' dir='ltr'><strong>δὲ</strong></span> <span class='ocrx_word' id='word_1_44' title='bbox 583 978 677 1033; x_wconf 78' lang='grc' dir='ltr'><strong>τὸν</strong></span> <span class='ocrx_word' id='word_1_45' title='bbox 702 980 898 1034; x_wconf 78' lang='grc' dir='ltr'>ἑαυτοῦ</span> <span class='ocrx_word' id='word_1_46' title='bbox 926 982 1252 1054; x_wconf 88' lang='grc' dir='ltr'>κράϐαττον,</span> <span class='ocrx_word' id='word_1_47' title='bbox 1278 984 1467 1055; x_wconf 72' lang='grc' dir='ltr'>ἐπειδὴ</span> <span class='ocrx_word' id='word_1_48' title='bbox 1485 983 1600 1056; x_wconf 75' lang='grc' dir='ltr'><strong>ἅμα</strong></span> <span class='ocrx_word' id='word_1_49' title='bbox 1620 986 1843 1058; x_wconf 71' lang='grc' dir='ltr'>ἤκουσε,</span> 
     </span>
    </p>
   </div>
   <div class='ocr_carea' id='block_1_11' title="bbox 268 1068 1850 1146">
    <p class='ocr_par' dir='ltr' id='par_1_11' title="bbox 268 1068 1850 1146">
     <span class='ocr_line' id='line_1_11' title="bbox 268 1068 1850 1146; baseline 0.006 -25"><span class='ocrx_word' id='word_1_50' title='bbox 268 1068 570 1134; x_wconf 74' lang='grc' dir='ltr'><strong>πιστεύσας</strong></span> <span class='ocrx_word' id='word_1_51' title='bbox 601 1071 833 1144; x_wconf 73' lang='grc' dir='ltr'>ἠγέρθη.</span> <span class='ocrx_word' id='word_1_52' title='bbox 869 1073 968 1126; x_wconf 75' lang='grc' dir='ltr'>Διά</span> <span class='ocrx_word' id='word_1_53' title='bbox 1000 1073 1053 1127; x_wconf 91' lang='grc' dir='ltr'><strong>τί</strong></span> <span class='ocrx_word' id='word_1_54' title='bbox 1096 1075 1196 1128; x_wconf 75' lang='grc' dir='ltr'><strong>οὐκ</strong></span> <span class='ocrx_word' id='word_1_55' title='bbox 1226 1076 1504 1146; x_wconf 80' lang='grc' dir='ltr'>ἐρωτῶσιν</span> <span class='ocrx_word' id='word_1_56' title='bbox 1542 1077 1726 1143; x_wconf 80' lang='grc' dir='ltr'>αὐτόν,</span> <span class='ocrx_word' id='word_1_57' title='bbox 1753 1076 1850 1142; x_wconf 86' lang='grc' dir='ltr'>Τίς</span> 
     </span>
    </p>
   </div>
   <div class='ocr_carea' id='block_1_12' title="bbox 269 1162 1851 1240">
    <p class='ocr_par' dir='ltr' id='par_1_12' title="bbox 269 1162 1851 1240">
     <span class='ocr_line' id='line_1_12' title="bbox 269 1162 1851 1240; baseline 0.009 -27"><span class='ocrx_word' id='word_1_58' title='bbox 269 1162 418 1215; x_wconf 83' lang='grc' dir='ltr'>ἐστιν</span> <span class='ocrx_word' id='word_1_59' title='bbox 447 1164 476 1216; x_wconf 83' lang='grc' dir='ltr'><strong>ὁ</strong></span> <span class='ocrx_word' id='word_1_60' title='bbox 518 1165 755 1236; x_wconf 82' lang='grc' dir='ltr'><strong>ποιήσας</strong></span> <span class='ocrx_word' id='word_1_61' title='bbox 811 1166 940 1237; x_wconf 82' lang='grc' dir='ltr'>ὑγιῆ</span> <span class='ocrx_word' id='word_1_62' title='bbox 970 1184 984 1231; x_wconf 87' lang='grc'>;</span> <span class='ocrx_word' id='word_1_63' title='bbox 1016 1166 1153 1234; x_wconf 85' lang='grc' dir='ltr'>ἀλλ’,</span> <span class='ocrx_word' id='word_1_64' title='bbox 1195 1167 1248 1222; x_wconf 86' lang='lat'><strong>&#39;0</strong></span> <span class='ocrx_word' id='word_1_65' title='bbox 1287 1169 1471 1223; x_wconf 76' lang='grc' dir='ltr'>εἰπών</span> <span class='ocrx_word' id='word_1_66' title='bbox 1495 1185 1592 1225; x_wconf 86' lang='grc' dir='ltr'><strong>σοι</strong></span> <span class='ocrx_word' id='word_1_67' title='bbox 1619 1188 1633 1202; x_wconf 82' lang='lat'><strong><em>°</em></strong></span> <span class='ocrx_word' id='word_1_68' title='bbox 1663 1167 1851 1240; x_wconf 73' lang='lat' dir='ltr'><strong>&#39;Apor</strong></span> 
     </span>
    </p>
   </div>
   <div class='ocr_carea' id='block_1_13' title="bbox 268 1253 1852 1336">
    <p class='ocr_par' dir='ltr' id='par_1_13' title="bbox 268 1253 1852 1336">
     <span class='ocr_line' id='line_1_13' title="bbox 268 1253 1852 1336; baseline 0.009 -30"><span class='ocrx_word' id='word_1_69' title='bbox 268 1253 378 1308; x_wconf 85' lang='grc' dir='ltr'><strong>τὸν</strong></span> <span class='ocrx_word' id='word_1_70' title='bbox 407 1255 742 1325; x_wconf 78' lang='grc' dir='ltr'>κράϐϐατόν</span> <span class='ocrx_word' id='word_1_71' title='bbox 765 1274 913 1324; x_wconf 89' lang='grc' dir='ltr'>σου;</span> <span class='ocrx_word' id='word_1_72' title='bbox 947 1261 1082 1314; x_wconf 83' lang='grc' dir='ltr'>Ἀπὸ</span> <span class='ocrx_word' id='word_1_73' title='bbox 1111 1261 1312 1334; x_wconf 77' lang='grc' dir='ltr'>πολλῆς</span> <span class='ocrx_word' id='word_1_74' title='bbox 1343 1266 1708 1336; x_wconf 60' lang='grc' dir='ltr'>κακουργίας</span> <span class='ocrx_word' id='word_1_75' title='bbox 1738 1267 1852 1322; x_wconf 84' lang='grc' dir='ltr'><strong>ἀνω</strong></span> 
     </span>
    </p>
   </div>
   <div class='ocr_carea' id='block_1_14' title="bbox 271 1347 1852 1432">
    <p class='ocr_par' dir='ltr' id='par_1_14' title="bbox 271 1347 1852 1432">
     <span class='ocr_line' id='line_1_14' title="bbox 271 1347 1852 1432; baseline 0.009 -32"><span class='ocrx_word' id='word_1_76' title='bbox 271 1347 381 1419; x_wconf 74' lang='grc' dir='ltr'>γὰρ</span> <span class='ocrx_word' id='word_1_77' title='bbox 427 1349 522 1403; x_wconf 63' lang='grc' dir='ltr'><strong>και⁸</strong></span> <span class='ocrx_word' id='word_1_78' title='bbox 565 1351 718 1406; x_wconf 87' lang='grc' dir='ltr'>κάτω</span> <span class='ocrx_word' id='word_1_79' title='bbox 763 1351 864 1425; x_wconf 82' lang='grc' dir='ltr'><strong>τὴν</strong></span> <span class='ocrx_word' id='word_1_80' title='bbox 912 1354 1179 1410; x_wconf 81' lang='grc' dir='ltr'>δοκοῦσαν</span> <span class='ocrx_word' id='word_1_81' title='bbox 1225 1356 1540 1430; x_wconf 87' lang='grc' dir='ltr'>παράϐασιν</span> <span class='ocrx_word' id='word_1_82' title='bbox 1573 1361 1654 1426; x_wconf 81' lang='grc' dir='ltr'>εἰς</span> <span class='ocrx_word' id='word_1_83' title='bbox 1685 1361 1852 1432; x_wconf 80' lang='grc' dir='ltr'>μέσον</span> 
     </span>
    </p>
   </div>
   <div class='ocr_carea' id='block_1_15' title="bbox 270 1435 875 1512">
    <p class='ocr_par' dir='ltr' id='par_1_15' title="bbox 270 1435 875 1512">
     <span class='ocr_line' id='line_1_15' title="bbox 270 1435 875 1512; baseline 0.015 -19"><span class='ocrx_word' id='word_1_84' title='bbox 270 1435 406 1512; x_wconf 75' lang='grc' dir='ltr'>ἦγον</span> <span class='ocrx_word' id='word_1_85' title='bbox 446 1442 541 1497; x_wconf 81' lang='grc' dir='ltr'>τοῦ</span> <span class='ocrx_word' id='word_1_86' title='bbox 571 1445 875 1504; x_wconf 78' lang='grc' dir='ltr'>Σαϐϐάτου.</span> 
     </span>
    </p>
   </div>
   <div class='ocr_carea' id='block_1_16' title="bbox 341 1536 1853 1617">
    <p class='ocr_par' dir='ltr' id='par_1_16' title="bbox 341 1536 1853 1617">
     <span class='ocr_line' id='line_1_16' title="bbox 341 1536 1853 1617; baseline 0.009 -30"><span class='ocrx_word' id='word_1_87' title='bbox 341 1536 441 1590; x_wconf 76' lang='grc' dir='ltr'>Διά</span> <span class='ocrx_word' id='word_1_88' title='bbox 474 1537 526 1589; x_wconf 89' lang='grc' dir='ltr'><strong>τί</strong></span> <span class='ocrx_word' id='word_1_89' title='bbox 556 1537 806 1602; x_wconf 77' lang='grc' dir='ltr'>ἐξένευσε</span> <span class='ocrx_word' id='word_1_90' title='bbox 831 1543 1068 1612; x_wconf 83' lang='grc' dir='ltr'>ποιήσας</span> <span class='ocrx_word' id='word_1_91' title='bbox 1099 1543 1160 1597; x_wconf 81' lang='grc' dir='ltr'><strong>τὸ</strong></span> <span class='ocrx_word' id='word_1_92' title='bbox 1189 1543 1405 1615; x_wconf 60' lang='lat' dir='ltr'><strong>(ianua;</strong></span> <span class='ocrx_word' id='word_1_93' title='bbox 1431 1545 1552 1599; x_wconf 79' lang='grc' dir='ltr'>Ἵνα</span> <span class='ocrx_word' id='word_1_94' title='bbox 1588 1547 1663 1617; x_wconf 85' lang='grc' dir='ltr'>μὴ</span> <span class='ocrx_word' id='word_1_95' title='bbox 1692 1545 1853 1600; x_wconf 80' lang='grc' dir='ltr'>πλέον</span> 
     </span>
    </p>
   </div>
   <div class='ocr_carea' id='block_1_17' title="bbox 274 1629 1856 1708">
    <p class='ocr_par' dir='ltr' id='par_1_17' title="bbox 274 1629 1856 1708">
     <span class='ocr_line' id='line_1_17' title="bbox 274 1629 1856 1708; baseline 0.011 -32"><span class='ocrx_word' id='word_1_96' title='bbox 274 1629 672 1700; x_wconf 72' lang='grc' dir='ltr'>παρασκευάσῃ</span> <span class='ocrx_word' id='word_1_97' title='bbox 701 1630 900 1696; x_wconf 79' lang='grc' dir='ltr'>αὐτοὺς</span> <span class='ocrx_word' id='word_1_98' title='bbox 942 1633 1212 1704; x_wconf 80' lang='grc' dir='ltr'>ὲκκαῆναι</span> <span class='ocrx_word' id='word_1_99' title='bbox 1236 1651 1249 1665; x_wconf 88' lang='grc'><strong>·</strong></span> <span class='ocrx_word' id='word_1_100' title='bbox 1273 1631 1384 1690; x_wconf 78' lang='grc' dir='ltr'>οἶδε</span> <span class='ocrx_word' id='word_1_101' title='bbox 1441 1637 1552 1707; x_wconf 83' lang='grc' dir='ltr'><strong>γάρ</strong></span> <span class='ocrx_word' id='word_1_102' title='bbox 1588 1639 1681 1691; x_wconf 59' lang='grc' dir='ltr'><strong>καὶ⁴</strong></span> <span class='ocrx_word' id='word_1_103' title='bbox 1732 1636 1856 1708; x_wconf 76' lang='grc' dir='ltr'>ὄψις</span> 
     </span>
    </p>
   </div>
   <div class='ocr_carea' id='block_1_18' title="bbox 278 1718 1858 1801">
    <p class='ocr_par' dir='ltr' id='par_1_18' title="bbox 278 1718 1858 1801">
     <span class='ocr_line' id='line_1_18' title="bbox 278 1718 1858 1801; baseline 0.009 -30"><span class='ocrx_word' id='word_1_104' title='bbox 278 1718 418 1790; x_wconf 81' lang='grc' dir='ltr'>μόνη</span> <span class='ocrx_word' id='word_1_105' title='bbox 457 1720 552 1775; x_wconf 84' lang='grc' dir='ltr'><strong>τοῦ</strong></span> <span class='ocrx_word' id='word_1_106' title='bbox 599 1722 1064 1796; x_wconf 78' lang='grc' dir='ltr'>διαφθονουμένου</span> <span class='ocrx_word' id='word_1_107' title='bbox 1102 1728 1164 1781; x_wconf 80' lang='grc' dir='ltr'><strong>ού</strong></span> <span class='ocrx_word' id='word_1_108' title='bbox 1220 1729 1418 1800; x_wconf 65' lang='grc' dir='ltr'>μικρὸν</span> <span class='ocrx_word' id='word_1_109' title='bbox 1477 1723 1590 1794; x_wconf 81' lang='grc' dir='ltr'>τοῖς</span> <span class='ocrx_word' id='word_1_110' title='bbox 1625 1729 1858 1801; x_wconf 78' lang='grc' dir='ltr'>βασκαί-</span> 
     </span>
    </p>
   </div>
   <div class='ocr_carea' id='block_1_19' title="bbox 273 1812 1000 1888">
    <p class='ocr_par' dir='ltr' id='par_1_19' title="bbox 273 1812 1000 1888">
     <span class='ocr_line' id='line_1_19' title="bbox 273 1812 1000 1888; baseline 0.014 -27"><span class='ocrx_word' id='word_1_111' title='bbox 273 1827 458 1865; x_wconf 87' lang='grc' dir='ltr'>νουσιν</span> <span class='ocrx_word' id='word_1_112' title='bbox 477 1812 682 1868; x_wconf 83' lang='grc' dir='ltr'>ὲνιέναι</span> <span class='ocrx_word' id='word_1_113' title='bbox 703 1815 1000 1888; x_wconf 76' lang='grc' dir='ltr'>σπινθῆρα.</span> 
     </span>
    </p>
   </div>
   <div class='ocr_carea' id='block_1_20' title="bbox 344 1869 1938 1987">
    <p class='ocr_par' dir='ltr' id='par_1_20' title="bbox 344 1869 1938 1987">
     <span class='ocr_line' id='line_1_20' title="bbox 344 1869 1938 1987; baseline 0.013 -31"><span class='ocrx_word' id='word_1_114' title='bbox 344 1906 444 1958; x_wconf 80' lang='grc' dir='ltr'>Διά</span> <span class='ocrx_word' id='word_1_115' title='bbox 470 1905 520 1958; x_wconf 88' lang='grc' dir='ltr'><strong>τί</strong></span> <span class='ocrx_word' id='word_1_116' title='bbox 549 1906 716 1978; x_wconf 82' lang='grc' dir='ltr'>λέγει·</span> <span class='ocrx_word' id='word_1_117' title='bbox 753 1869 1103 1982; x_wconf 47' lang='grc' dir='ltr'>Ἰὃείιὺγιὴς</span> <span class='ocrx_word' id='word_1_118' title='bbox 1126 1914 1399 1984; x_wconf 75' lang='grc' dir='ltr'><strong>γέγονας,</strong></span> <span class='ocrx_word' id='word_1_119' title='bbox 1421 1914 1637 1984; x_wconf 77' lang='grc' dir='ltr'>μηκέτι</span> <span class='ocrx_word' id='word_1_120' title='bbox 1674 1915 1858 1987; x_wconf 83' lang='grc' dir='ltr'>ἀμάρ-</span> <span class='ocrx_word' id='word_1_121' title='bbox 1887 1869 1938 1931; x_wconf 72' lang='grc' dir='ltr'><strong>Β</strong></span> 
     </span>
    </p>
   </div>
   <div class='ocr_carea' id='block_1_21' title="bbox 277 1997 1855 2078">
    <p class='ocr_par' dir='ltr' id='par_1_21' title="bbox 277 1997 1855 2078">
     <span class='ocr_line' id='line_1_21' title="bbox 277 1997 1855 2078; baseline 0.009 -31"><span class='ocrx_word' id='word_1_122' title='bbox 277 2011 452 2062; x_wconf 72' lang='lat' dir='ltr'><strong>tare;</strong></span> <span class='ocrx_word' id='word_1_123' title='bbox 499 1997 654 2068; x_wconf 79' lang='grc' dir='ltr'>Ἀμα</span> <span class='ocrx_word' id='word_1_124' title='bbox 705 1998 806 2070; x_wconf 83' lang='grc' dir='ltr'>μὲν</span> <span class='ocrx_word' id='word_1_125' title='bbox 846 2001 930 2055; x_wconf 77' lang='grc' dir='ltr'>ὅτι</span> <span class='ocrx_word' id='word_1_126' title='bbox 971 2001 1031 2066; x_wconf 77' lang='grc' dir='ltr'><strong>ἐξ</strong></span> <span class='ocrx_word' id='word_1_127' title='bbox 1078 2002 1366 2074; x_wconf 84' lang='grc' dir='ltr'>ἁμαρτιῶν</span> <span class='ocrx_word' id='word_1_128' title='bbox 1408 2006 1602 2078; x_wconf 79' lang='grc' dir='ltr'><strong>ἐτέχθη</strong></span> <span class='ocrx_word' id='word_1_129' title='bbox 1641 2007 1720 2078; x_wconf 83' lang='grc' dir='ltr'><strong>τῷ</strong></span> <span class='ocrx_word' id='word_1_130' title='bbox 1756 2007 1855 2061; x_wconf 90' lang='grc' dir='ltr'>ἀν-</span> 
     </span>
    </p>
   </div>
   <div class='ocr_carea' id='block_1_22' title="bbox 278 2087 1854 2171">
    <p class='ocr_par' dir='ltr' id='par_1_22' title="bbox 278 2087 1854 2171">
     <span class='ocr_line' id='line_1_22' title="bbox 278 2087 1854 2171; baseline 0.01 -32"><span class='ocrx_word' id='word_1_131' title='bbox 278 2087 485 2159; x_wconf 84' lang='grc' dir='ltr'>θρώπῳ</span> <span class='ocrx_word' id='word_1_132' title='bbox 529 2089 593 2144; x_wconf 79' lang='grc' dir='ltr'>τὸ</span> <span class='ocrx_word' id='word_1_133' title='bbox 637 2091 891 2162; x_wconf 85' lang='grc' dir='ltr'>νόσημα·</span> <span class='ocrx_word' id='word_1_134' title='bbox 945 2091 1138 2148; x_wconf 79' lang='grc' dir='ltr'>ἔπειτα</span> <span class='ocrx_word' id='word_1_135' title='bbox 1181 2095 1239 2150; x_wconf 82' lang='grc' dir='ltr'><strong>δὲ</strong></span> <span class='ocrx_word' id='word_1_136' title='bbox 1283 2096 1370 2150; x_wconf 83' lang='grc' dir='ltr'><strong>ἴνα</strong></span> <span class='ocrx_word' id='word_1_137' title='bbox 1420 2098 1684 2171; x_wconf 81' lang='grc' dir='ltr'>μάθωμεν</span> <span class='ocrx_word' id='word_1_138' title='bbox 1718 2100 1792 2163; x_wconf 82' lang='grc' dir='ltr'>ὡς</span> <span class='ocrx_word' id='word_1_139' title='bbox 1821 2103 1854 2171; x_wconf 78' lang='grc' dir='ltr'>ἡ</span> 
     </span>
    </p>
   </div>
   <div class='ocr_carea' id='block_1_23' title="bbox 277 2179 1859 2258">
    <p class='ocr_par' dir='ltr' id='par_1_23' title="bbox 277 2179 1859 2258">
     <span class='ocr_line' id='line_1_23' title="bbox 277 2179 1859 2258; baseline 0.008 -26"><span class='ocrx_word' id='word_1_140' title='bbox 277 2179 636 2252; x_wconf 83' lang='grc' dir='ltr'>ἀτελεύτητος</span> <span class='ocrx_word' id='word_1_141' title='bbox 684 2183 927 2252; x_wconf 81' lang='grc' dir='ltr'>κόλασις,</span> <span class='ocrx_word' id='word_1_142' title='bbox 974 2187 1074 2240; x_wconf 79' lang='grc' dir='ltr'><strong>οὐκ</strong></span> <span class='ocrx_word' id='word_1_143' title='bbox 1107 2187 1218 2258; x_wconf 79' lang='grc' dir='ltr'>ἔχει</span> <span class='ocrx_word' id='word_1_144' title='bbox 1249 2192 1698 2246; x_wconf 80' lang='grc' dir='ltr'>ἀποκατάστασιν</span> <span class='ocrx_word' id='word_1_145' title='bbox 1725 2209 1739 2225; x_wconf 79' lang='grc' dir='ltr'><strong><em>ο</em></strong></span> <span class='ocrx_word' id='word_1_146' title='bbox 1765 2186 1859 2245; x_wconf 73' lang='grc' dir='ltr'><strong>οὗ·</strong></span> 
     </span>
    </p>
   </div>
   <div class='ocr_carea' id='block_1_24' title="bbox 277 2275 1859 2357">
    <p class='ocr_par' dir='ltr' id='par_1_24' title="bbox 277 2275 1859 2357">
     <span class='ocr_line' id='line_1_24' title="bbox 277 2275 1859 2357; baseline 0.009 -31"><span class='ocrx_word' id='word_1_147' title='bbox 277 2289 369 2333; x_wconf 80' lang='grc' dir='ltr'><strong>τος</strong></span> <span class='ocrx_word' id='word_1_148' title='bbox 409 2275 519 2346; x_wconf 82' lang='grc' dir='ltr'>γὰρ</span> <span class='ocrx_word' id='word_1_149' title='bbox 547 2276 896 2350; x_wconf 82' lang='grc' dir='ltr'>ἁμαρτήσας,</span> <span class='ocrx_word' id='word_1_150' title='bbox 931 2280 1130 2350; x_wconf 82' lang='grc' dir='ltr'>μικροῦ</span> <span class='ocrx_word' id='word_1_151' title='bbox 1169 2283 1279 2336; x_wconf 79' lang='grc' dir='ltr'>δεῖν</span> <span class='ocrx_word' id='word_1_152' title='bbox 1310 2281 1438 2353; x_wconf 81' lang='grc' dir='ltr'>ὃλην</span> <span class='ocrx_word' id='word_1_153' title='bbox 1467 2283 1610 2357; x_wconf 79' lang='grc' dir='ltr'>ζωὴν</span> <span class='ocrx_word' id='word_1_154' title='bbox 1645 2280 1859 2357; x_wconf 82' lang='grc' dir='ltr'>ἀνθρώ-</span> 
     </span>
    </p>
   </div>
   <div class='ocr_carea' id='block_1_25' title="bbox 280 2368 1863 2450">
    <p class='ocr_par' dir='ltr' id='par_1_25' title="bbox 280 2368 1863 2450">
     <span class='ocr_line' id='line_1_25' title="bbox 280 2368 1863 2450; baseline 0.01 -33"><span class='ocrx_word' id='word_1_155' title='bbox 280 2383 384 2418; x_wconf 84' lang='grc' dir='ltr'><strong>που</strong></span> <span class='ocrx_word' id='word_1_156' title='bbox 426 2368 738 2435; x_wconf 73' lang='grc' dir='ltr'>ἐκολάζετο.</span> <span class='ocrx_word' id='word_1_157' title='bbox 773 2371 908 2426; x_wconf 78' lang='grc' dir='ltr'><strong>Οὐδὲ</strong></span> <span class='ocrx_word' id='word_1_158' title='bbox 949 2373 1059 2444; x_wconf 83' lang='grc' dir='ltr'>γὰρ</span> <span class='ocrx_word' id='word_1_159' title='bbox 1089 2375 1148 2426; x_wconf 81' lang='grc' dir='ltr'>ὲν</span> <span class='ocrx_word' id='word_1_160' title='bbox 1179 2375 1355 2446; x_wconf 85' lang='grc' dir='ltr'>χρόνῳ</span> <span class='ocrx_word' id='word_1_161' title='bbox 1383 2376 1453 2430; x_wconf 88' lang='grc' dir='ltr'><strong>τά</strong></span> <span class='ocrx_word' id='word_1_162' title='bbox 1479 2379 1863 2450; x_wconf 76' lang='grc' dir='ltr'>ἁμαρτήματα</span> 
     </span>
    </p>
   </div>
   <div class='ocr_carea' id='block_1_26' title="bbox 279 2458 1861 2542">
    <p class='ocr_par' dir='ltr' id='par_1_26' title="bbox 279 2458 1861 2542">
     <span class='ocr_line' id='line_1_26' title="bbox 279 2458 1861 2542; baseline 0.008 -30"><span class='ocrx_word' id='word_1_163' title='bbox 279 2458 550 2530; x_wconf 81' lang='grc' dir='ltr'>κρίνεται,</span> <span class='ocrx_word' id='word_1_164' title='bbox 592 2462 708 2516; x_wconf 87' lang='grc' dir='ltr'>ἀλλ’</span> <span class='ocrx_word' id='word_1_165' title='bbox 738 2464 797 2517; x_wconf 83' lang='grc' dir='ltr'>ὲν</span> <span class='ocrx_word' id='word_1_166' title='bbox 847 2467 984 2538; x_wconf 74' lang='grc' dir='ltr'>αὐτῇ</span> <span class='ocrx_word' id='word_1_167' title='bbox 1015 2469 1079 2538; x_wconf 80' lang='grc' dir='ltr'>τῇ</span> <span class='ocrx_word' id='word_1_168' title='bbox 1123 2465 1285 2533; x_wconf 81' lang='grc' dir='ltr'>φύσει</span> <span class='ocrx_word' id='word_1_169' title='bbox 1316 2469 1425 2522; x_wconf 85' lang='grc' dir='ltr'>τῶν</span> <span class='ocrx_word' id='word_1_170' title='bbox 1456 2469 1861 2542; x_wconf 84' lang='grc' dir='ltr'>πεπλημμελη-</span> 
     </span>
    </p>
   </div>
   <div class='ocr_carea' id='block_1_27' title="bbox 284 2553 1862 2636">
    <p class='ocr_par' dir='ltr' id='par_1_27' title="bbox 284 2553 1862 2636">
     <span class='ocr_line' id='line_1_27' title="bbox 284 2553 1862 2636; baseline 0.006 -30"><span class='ocrx_word' id='word_1_171' title='bbox 284 2553 463 2623; x_wconf 84' lang='grc' dir='ltr'>μένων</span> <span class='ocrx_word' id='word_1_172' title='bbox 489 2571 502 2587; x_wconf 88' lang='grc'><strong>·</strong></span> <span class='ocrx_word' id='word_1_173' title='bbox 538 2557 631 2610; x_wconf 75' lang='grc' dir='ltr'>καὶ</span> <span class='ocrx_word' id='word_1_174' title='bbox 668 2557 826 2613; x_wconf 81' lang='grc' dir='ltr'>τοῦτο</span> <span class='ocrx_word' id='word_1_175' title='bbox 865 2560 923 2614; x_wconf 83' lang='grc' dir='ltr'><strong>δὲ</strong></span> <span class='ocrx_word' id='word_1_176' title='bbox 960 2562 1330 2634; x_wconf 84' lang='grc' dir='ltr'>μανθάνομεν,</span> <span class='ocrx_word' id='word_1_177' title='bbox 1351 2564 1432 2618; x_wconf 80' lang='grc' dir='ltr'>ὃτι</span> <span class='ocrx_word' id='word_1_178' title='bbox 1479 2563 1582 2618; x_wconf 78' lang='grc' dir='ltr'>κᾶν</span> <span class='ocrx_word' id='word_1_179' title='bbox 1616 2565 1862 2636; x_wconf 82' lang='grc' dir='ltr'>χαλεπὴν</span> 
     </span>
    </p>
   </div>
   <div class='ocr_carea' id='block_1_28' title="bbox 261 2647 1866 2727">
    <p class='ocr_par' dir='ltr' id='par_1_28' title="bbox 261 2647 1866 2727">
     <span class='ocr_line' id='line_1_28' title="bbox 261 2647 1866 2727; baseline 0.006 -25"><span class='ocrx_word' id='word_1_180' title='bbox 261 2647 461 2718; x_wconf 81' lang='grc' dir='ltr'>,δῶμεν</span> <span class='ocrx_word' id='word_1_181' title='bbox 502 2649 643 2720; x_wconf 78' lang='grc' dir='ltr'>ὑπὲρ</span> <span class='ocrx_word' id='word_1_182' title='bbox 673 2651 958 2724; x_wconf 83' lang='grc' dir='ltr'>ἁμαρτιῶν</span> <span class='ocrx_word' id='word_1_183' title='bbox 1007 2655 1188 2727; x_wconf 79' lang='grc' dir='ltr'>δίκην,</span> <span class='ocrx_word' id='word_1_184' title='bbox 1229 2653 1349 2710; x_wconf 83' lang='grc' dir='ltr'>εἶτα</span> <span class='ocrx_word' id='word_1_185' title='bbox 1391 2658 1504 2718; x_wconf 88' lang='grc' dir='ltr'>τοῖς</span> <span class='ocrx_word' id='word_1_186' title='bbox 1551 2657 1736 2721; x_wconf 82' lang='grc' dir='ltr'>αὐτοῖς</span> <span class='ocrx_word' id='word_1_187' title='bbox 1768 2675 1866 2711; x_wconf 89' lang='grc' dir='ltr'>πε-</span> 
     </span>
    </p>
   </div>
   <div class='ocr_carea' id='block_1_29' title="bbox 285 2743 1861 2822">
    <p class='ocr_par' dir='ltr' id='par_1_29' title="bbox 285 2743 1861 2822">
     <span class='ocr_line' id='line_1_29' title="bbox 285 2743 1861 2822; baseline 0.008 -29"><span class='ocrx_word' id='word_1_188' title='bbox 285 2743 620 2812; x_wconf 79' lang='grc' dir='ltr'>ριπέσωμεν,</span> <span class='ocrx_word' id='word_1_189' title='bbox 653 2745 1012 2818; x_wconf 75' lang='grc' dir='ltr'>χαλεπώτερα</span> <span class='ocrx_word' id='word_1_190' title='bbox 1053 2749 1236 2820; x_wconf 81' lang='grc' dir='ltr'>πο).λῷ</span> <span class='ocrx_word' id='word_1_191' title='bbox 1275 2751 1580 2820; x_wconf 81' lang='grc' dir='ltr'>πεισόμεθα</span> <span class='ocrx_word' id='word_1_192' title='bbox 1617 2752 1822 2822; x_wconf 77' lang='grc' dir='ltr'>μᾶλλον</span> <span class='ocrx_word' id='word_1_193' title='bbox 1847 2769 1861 2783; x_wconf 74' lang='grc' dir='ltr'><strong><em>ο</em></strong></span> 
     </span>
    </p>
   </div>
   <div class='ocr_carea' id='block_1_30' title="bbox 281 2835 1865 2916">
    <p class='ocr_par' dir='ltr' id='par_1_30' title="bbox 281 2835 1865 2916">
     <span class='ocr_line' id='line_1_30' title="bbox 281 2835 1865 2916; baseline 0.009 -29"><span class='ocrx_word' id='word_1_194' title='bbox 281 2835 360 2898; x_wconf 84' lang='grc' dir='ltr'>ὡς</span> <span class='ocrx_word' id='word_1_195' title='bbox 407 2837 731 2910; x_wconf 85' lang='grc' dir='ltr'>ἀναίσθητος</span> <span class='ocrx_word' id='word_1_196' title='bbox 792 2840 902 2913; x_wconf 79' lang='grc' dir='ltr'><strong>γὰρ</strong></span> <span class='ocrx_word' id='word_1_197' title='bbox 951 2843 1042 2897; x_wconf 77' lang='grc' dir='ltr'><strong>καὶ</strong></span> <span class='ocrx_word' id='word_1_198' title='bbox 1100 2845 1520 2916; x_wconf 80' lang='grc' dir='ltr'>καταφρονητὴς</span> <span class='ocrx_word' id='word_1_199' title='bbox 1574 2846 1865 2911; x_wconf 75' lang='grc' dir='ltr'>κολάζεται</span> 
     </span>
    </p>
   </div>
   <div class='ocr_carea' id='block_1_31' title="bbox 284 2929 1867 3002">
    <p class='ocr_par' dir='ltr' id='par_1_31' title="bbox 284 2929 1867 3002">
     <span class='ocr_line' id='line_1_31' title="bbox 284 2929 1867 3002; baseline 0.009 -22"><span class='ocrx_word' id='word_1_200' title='bbox 284 2929 426 2984; x_wconf 84' lang='grc' dir='ltr'>τότε.</span> <span class='ocrx_word' id='word_1_201' title='bbox 473 2933 586 2986; x_wconf 81' lang='grc' dir='ltr'>Καὶ</span> <span class='ocrx_word' id='word_1_202' title='bbox 621 2933 712 2988; x_wconf 81' lang='grc' dir='ltr'>διά</span> <span class='ocrx_word' id='word_1_203' title='bbox 741 2934 796 2987; x_wconf 88' lang='grc' dir='ltr'><strong>τί</strong></span> <span class='ocrx_word' id='word_1_204' title='bbox 837 2936 899 2990; x_wconf 84' lang='grc' dir='ltr'><strong>ού</strong></span> <span class='ocrx_word' id='word_1_205' title='bbox 935 2937 1137 3001; x_wconf 87' lang='grc' dir='ltr'>πάντες</span> <span class='ocrx_word' id='word_1_206' title='bbox 1184 2931 1287 2992; x_wconf 81' lang='grc' dir='ltr'>ὧδε</span> <span class='ocrx_word' id='word_1_207' title='bbox 1318 2937 1704 3002; x_wconf 85' lang='grc' dir='ltr'>παιδεύονται;</span> <span class='ocrx_word' id='word_1_208' title='bbox 1741 2941 1867 2996; x_wconf 86' lang='grc' dir='ltr'>Ὅτι</span> 
     </span>
    </p>
   </div>
   <div class='ocr_carea' id='block_1_32' title="bbox 288 3023 1868 3105">
    <p class='ocr_par' dir='ltr' id='par_1_32' title="bbox 288 3023 1868 3105">
     <span class='ocr_line' id='line_1_32' title="bbox 288 3023 1868 3105; baseline 0.011 -33"><span class='ocrx_word' id='word_1_209' title='bbox 288 3023 634 3096; x_wconf 84' lang='grc' dir='ltr'>μακροτέρας</span> <span class='ocrx_word' id='word_1_210' title='bbox 667 3027 880 3081; x_wconf 89' lang='grc' dir='ltr'>δέονται</span> <span class='ocrx_word' id='word_1_211' title='bbox 914 3028 1214 3095; x_wconf 81' lang='grc' dir='ltr'>κολάσεως,</span> <span class='ocrx_word' id='word_1_212' title='bbox 1249 3031 1283 3102; x_wconf 81' lang='grc' dir='ltr'>ἢ</span> <span class='ocrx_word' id='word_1_213' title='bbox 1317 3032 1460 3086; x_wconf 88' lang='grc' dir='ltr'><strong>κατά</strong></span> <span class='ocrx_word' id='word_1_214' title='bbox 1493 3033 1686 3104; x_wconf 86' lang='grc' dir='ltr'>χρόνον</span> <span class='ocrx_word' id='word_1_215' title='bbox 1716 3035 1868 3105; x_wconf 77' lang='grc' dir='ltr'>ζωῆς</span> 
     </span>
    </p>
   </div>
   <div class='ocr_carea' id='block_1_33' title="bbox 284 3111 1869 3192">
    <p class='ocr_par' dir='ltr' id='par_1_33' title="bbox 284 3111 1869 3192">
     <span class='ocr_line' id='line_1_33' title="bbox 284 3111 1869 3192; baseline 0.009 -30"><span class='ocrx_word' id='word_1_216' title='bbox 284 3111 636 3186; x_wconf 85' lang='grc' dir='ltr'>ἀνθρωπίνης</span> <span class='ocrx_word' id='word_1_217' title='bbox 658 3133 672 3147; x_wconf 90' lang='grc'><strong>·</strong></span> <span class='ocrx_word' id='word_1_218' title='bbox 719 3119 814 3172; x_wconf 79' lang='grc' dir='ltr'><strong>καὶ</strong></span> <span class='ocrx_word' id='word_1_219' title='bbox 849 3119 932 3174; x_wconf 84' lang='grc' dir='ltr'>ὅτι</span> <span class='ocrx_word' id='word_1_220' title='bbox 978 3119 1135 3174; x_wconf 82' lang='grc' dir='ltr'>τοῦτό</span> <span class='ocrx_word' id='word_1_221' title='bbox 1172 3122 1310 3188; x_wconf 82' lang='grc' dir='ltr'>ἐστι,</span> <span class='ocrx_word' id='word_1_222' title='bbox 1350 3121 1601 3192; x_wconf 80' lang='grc' dir='ltr'>λέγοντος</span> <span class='ocrx_word' id='word_1_223' title='bbox 1637 3124 1869 3180; x_wconf 82' lang='grc' dir='ltr'>ἄκουσον</span> 
     </span>
    </p>
   </div>
   <div class='ocr_carea' id='block_1_34' title="bbox 286 3204 1939 3301">
    <p class='ocr_par' dir='ltr' id='par_1_34' title="bbox 286 3204 1939 3301">
     <span class='ocr_line' id='line_1_34' title="bbox 286 3204 1939 3301; baseline 0.01 -44"><span class='ocrx_word' id='word_1_224' title='bbox 286 3204 532 3261; x_wconf 85' lang='grc' dir='ltr'>Παύλου·</span> <span class='ocrx_word' id='word_1_225' title='bbox 563 3212 908 3280; x_wconf 80' lang='grc' dir='ltr'>Κρινόμενοι</span> <span class='ocrx_word' id='word_1_226' title='bbox 936 3213 1004 3267; x_wconf 81' lang='grc' dir='ltr'><strong>δὲ</strong></span> <span class='ocrx_word' id='word_1_227' title='bbox 1030 3213 1151 3271; x_wconf 81' lang='grc' dir='ltr'><strong>ὑπὸ</strong></span> <span class='ocrx_word' id='word_1_228' title='bbox 1190 3216 1414 3286; x_wconf 82' lang='grc' dir='ltr'>Κυρίου</span> <span class='ocrx_word' id='word_1_229' title='bbox 1447 3217 1865 3289; x_wconf 77' lang='grc' dir='ltr'>παιδευόμεθα,</span> <span class='ocrx_word' id='word_1_230' title='bbox 1894 3238 1939 3301; x_wconf 80' lang='lat' dir='ltr'>C</span> 
     </span>
    </p>
   </div>
   <div class='ocr_carea' id='block_1_35' title="bbox 284 3299 1868 3383">
    <p class='ocr_par' dir='ltr' id='par_1_35' title="bbox 284 3299 1868 3383">
     <span class='ocr_line' id='line_1_35' title="bbox 284 3299 1868 3383; baseline 0.011 -31"><span class='ocrx_word' id='word_1_231' title='bbox 284 3299 386 3354; x_wconf 76' lang='lat' dir='ltr'><strong>Ira</strong></span> <span class='ocrx_word' id='word_1_232' title='bbox 419 3302 507 3371; x_wconf 81' lang='grc' dir='ltr'>μὴ</span> <span class='ocrx_word' id='word_1_233' title='bbox 553 3304 678 3359; x_wconf 80' lang='grc' dir='ltr'><strong>σὺν</strong></span> <span class='ocrx_word' id='word_1_234' title='bbox 729 3305 809 3372; x_wconf 82' lang='grc' dir='ltr'>τῷ</span> <span class='ocrx_word' id='word_1_235' title='bbox 851 3309 1058 3377; x_wconf 82' lang='grc' dir='ltr'>κόσμῳ</span> <span class='ocrx_word' id='word_1_236' title='bbox 1124 3312 1590 3383; x_wconf 79' lang='grc' dir='ltr'>κατακριθῶμεν.</span> <span class='ocrx_word' id='word_1_237' title='bbox 1629 3313 1752 3368; x_wconf 86' lang='grc' dir='ltr'>’Ότι</span> <span class='ocrx_word' id='word_1_238' title='bbox 1797 3315 1868 3369; x_wconf 69' lang='grc' dir='ltr'>τὰ</span> 
     </span>
    </p>
   </div>
   <div class='ocr_carea' id='block_1_36' title="bbox 284 3393 1865 3478">
    <p class='ocr_par' dir='ltr' id='par_1_36' title="bbox 284 3393 1865 3478">
     <span class='ocr_line' id='line_1_36' title="bbox 284 3393 1865 3478; baseline 0.011 -36"><span class='ocrx_word' id='word_1_239' title='bbox 284 3393 573 3464; x_wconf 83' lang='grc' dir='ltr'>νοσήματα</span> <span class='ocrx_word' id='word_1_240' title='bbox 600 3396 631 3468; x_wconf 80' lang='grc' dir='ltr'>ἢ</span> <span class='ocrx_word' id='word_1_241' title='bbox 674 3397 743 3451; x_wconf 84' lang='grc' dir='ltr'>δι’</span> <span class='ocrx_word' id='word_1_242' title='bbox 771 3399 1069 3470; x_wconf 84' lang='grc' dir='ltr'>ἁμαρτίας,</span> <span class='ocrx_word' id='word_1_243' title='bbox 1105 3401 1298 3474; x_wconf 81' lang='grc' dir='ltr'>ὥσπερ</span> <span class='ocrx_word' id='word_1_244' title='bbox 1327 3403 1422 3458; x_wconf 77' lang='grc' dir='ltr'><strong>καὶ</strong></span> <span class='ocrx_word' id='word_1_245' title='bbox 1449 3405 1507 3458; x_wconf 81' lang='grc' dir='ltr'>ἐν</span> <span class='ocrx_word' id='word_1_246' title='bbox 1551 3407 1669 3470; x_wconf 87' lang='grc' dir='ltr'>ταῖς</span> <span class='ocrx_word' id='word_1_247' title='bbox 1698 3405 1865 3478; x_wconf 71' lang='grc' dir='ltr'>Βασι-</span> 
     </span>
    </p>
   </div>
   <div class='ocr_carea' id='block_1_37' title="bbox 285 3485 1869 3567">
    <p class='ocr_par' dir='ltr' id='par_1_37' title="bbox 285 3485 1869 3567">
     <span class='ocr_line' id='line_1_37' title="bbox 285 3485 1869 3567; baseline 0.01 -29"><span class='ocrx_word' id='word_1_248' title='bbox 285 3485 459 3552; x_wconf 77' lang='grc' dir='ltr'>λείαις</span> <span class='ocrx_word' id='word_1_249' title='bbox 488 3489 704 3560; x_wconf 83' lang='grc' dir='ltr'>ὁρῶμέν</span> <span class='ocrx_word' id='word_1_250' title='bbox 725 3509 848 3546; x_wconf 80' lang='grc' dir='ltr'>τινα</span> <span class='ocrx_word' id='word_1_251' title='bbox 885 3493 1155 3564; x_wconf 64' lang='grc' dir='ltr'>ποδαλγίᾳ</span> <span class='ocrx_word' id='word_1_252' title='bbox 1180 3495 1590 3567; x_wconf 78' lang='grc' dir='ltr'>κατασχεθέντα</span> <span class='ocrx_word' id='word_1_253' title='bbox 1616 3515 1631 3529; x_wconf 90' lang='grc'><strong>·</strong></span> <span class='ocrx_word' id='word_1_254' title='bbox 1669 3500 1766 3552; x_wconf 77' lang='grc' dir='ltr'><strong>καὶ</strong></span> <span class='ocrx_word' id='word_1_255' title='bbox 1799 3500 1869 3554; x_wconf 83' lang='grc' dir='ltr'>δι’</span> 
     </span>
    </p>
   </div>
   <div class='ocr_carea' id='block_1_38' title="bbox 286 3579 1870 3664">
    <p class='ocr_par' dir='ltr' id='par_1_38' title="bbox 286 3579 1870 3664">
     <span class='ocr_line' id='line_1_38' title="bbox 286 3579 1870 3664; baseline 0.009 -33"><span class='ocrx_word' id='word_1_256' title='bbox 286 3579 644 3651; x_wconf 76' lang='grc' dir='ltr'>εὐδοκίμησιν</span> <span class='ocrx_word' id='word_1_257' title='bbox 677 3584 754 3648; x_wconf 83' lang='grc' dir='ltr'>ὠς</span> <span class='ocrx_word' id='word_1_258' title='bbox 791 3585 886 3638; x_wconf 74' lang='grc' dir='ltr'>ἐπὶ</span> <span class='ocrx_word' id='word_1_259' title='bbox 922 3584 1020 3639; x_wconf 79' lang='grc' dir='ltr'>τοῦ</span> <span class='ocrx_word' id='word_1_260' title='bbox 1062 3587 1184 3640; x_wconf 78' lang='grc' dir='ltr'>ἰώϐ</span> <span class='ocrx_word' id='word_1_261' title='bbox 1209 3604 1224 3620; x_wconf 75' lang='grc' dir='ltr'><strong>ο</strong></span> <span class='ocrx_word' id='word_1_262' title='bbox 1265 3590 1480 3659; x_wconf 80' lang='grc' dir='ltr'>γίνεται</span> <span class='ocrx_word' id='word_1_263' title='bbox 1510 3590 1606 3644; x_wconf 75' lang='grc' dir='ltr'><strong>καὶ</strong></span> <span class='ocrx_word' id='word_1_264' title='bbox 1640 3590 1748 3645; x_wconf 80' lang='grc' dir='ltr'><strong>ἀπὸ</strong></span> <span class='ocrx_word' id='word_1_265' title='bbox 1774 3593 1870 3664; x_wconf 80' lang='grc' dir='ltr'><strong>ῥᾳ-</strong></span> 
     </span>
    </p>
   </div>
   <div class='ocr_carea' id='block_1_39' title="bbox 177 3671 1229 3753">
    <p class='ocr_par' dir='ltr' id='par_1_39' title="bbox 177 3671 1229 3753">
     <span class='ocr_line' id='line_1_39' title="bbox 177 3671 1229 3753; baseline 0.011 -29"><span class='ocrx_word' id='word_1_266' title='bbox 177 3737 179 3740; x_wconf 25' lang='grc' dir='ltr'>ι</span> <span class='ocrx_word' id='word_1_267' title='bbox 287 3671 488 3742; x_wconf 79' lang='grc' dir='ltr'>θυμίας</span> <span class='ocrx_word' id='word_1_268' title='bbox 510 3676 604 3728; x_wconf 78' lang='grc' dir='ltr'>καὶ</span> <span class='ocrx_word' id='word_1_269' title='bbox 633 3677 742 3732; x_wconf 83' lang='grc' dir='ltr'><strong>ἀπὸ</strong></span> <span class='ocrx_word' id='word_1_270' title='bbox 765 3679 1229 3753; x_wconf 86' lang='grc' dir='ltr'>γαστριμαργίας.</span> 
     </span>
    </p>
   </div>
   <div class='ocr_carea' id='block_1_40' title="bbox 361 3767 1867 3848">
    <p class='ocr_par' dir='ltr' id='par_1_40' title="bbox 361 3767 1867 3848">
     <span class='ocr_line' id='line_1_40' title="bbox 361 3767 1867 3848; baseline 0.01 -29"><span class='ocrx_word' id='word_1_271' title='bbox 361 3767 485 3820; x_wconf 81' lang='grc' dir='ltr'>Ὀτι</span> <span class='ocrx_word' id='word_1_272' title='bbox 534 3767 618 3836; x_wconf 79' lang='grc' dir='ltr'>τὸ,</span> <span class='ocrx_word' id='word_1_273' title='bbox 688 3771 753 3825; x_wconf 90' lang='lat'><strong>&#39;0</strong></span> <span class='ocrx_word' id='word_1_274' title='bbox 805 3775 1010 3842; x_wconf 78' lang='grc' dir='ltr'>Πατήρ</span> <span class='ocrx_word' id='word_1_275' title='bbox 1059 3791 1174 3838; x_wconf 86' lang='grc' dir='ltr'>μου</span> <span class='ocrx_word' id='word_1_276' title='bbox 1211 3773 1322 3841; x_wconf 77' lang='grc' dir='ltr'>ἕως</span> <span class='ocrx_word' id='word_1_277' title='bbox 1361 3774 1493 3844; x_wconf 80' lang='grc' dir='ltr'>ἄρτι</span> <span class='ocrx_word' id='word_1_278' title='bbox 1547 3776 1867 3848; x_wconf 49' lang='grc' dir='ltr'>ἐργάζεται,</span> 
     </span>
    </p>
   </div>
   <div class='ocr_carea' id='block_1_41' title="bbox 287 3858 1871 3940">
    <p class='ocr_par' dir='ltr' id='par_1_41' title="bbox 287 3858 1871 3940">
     <span class='ocr_line' id='line_1_41' title="bbox 287 3858 1871 3940; baseline 0.008 -27"><span class='ocrx_word' id='word_1_279' title='bbox 287 3858 452 3930; x_wconf 74' lang='grc' dir='ltr'><strong>κάγὼ</strong></span> <span class='ocrx_word' id='word_1_280' title='bbox 469 3860 801 3932; x_wconf 77' lang='grc' dir='ltr'>ἐργάζομαι,</span> <span class='ocrx_word' id='word_1_281' title='bbox 825 3863 887 3917; x_wconf 69' lang='lat' dir='ltr'><strong>rb</strong></span> <span class='ocrx_word' id='word_1_282' title='bbox 908 3863 1197 3934; x_wconf 73' lang='grc' dir='ltr'>ὸμειούσιον</span> <span class='ocrx_word' id='word_1_283' title='bbox 1221 3864 1464 3921; x_wconf 81' lang='grc' dir='ltr'>δείκνυσι</span> <span class='ocrx_word' id='word_1_284' title='bbox 1489 3883 1502 3897; x_wconf 89' lang='grc'><strong>·</strong></span> <span class='ocrx_word' id='word_1_285' title='bbox 1533 3869 1628 3922; x_wconf 81' lang='grc' dir='ltr'><strong>καὶ</strong></span> <span class='ocrx_word' id='word_1_286' title='bbox 1653 3871 1871 3940; x_wconf 80' lang='grc' dir='ltr'>ἀνάγων</span> 
     </span>
    </p>
   </div>
   <div class='ocr_carea' id='block_1_42' title="bbox 287 3953 1872 4035">
    <p class='ocr_par' dir='ltr' id='par_1_42' title="bbox 287 3953 1872 4035">
     <span class='ocr_line' id='line_1_42' title="bbox 287 3953 1872 4035; baseline 0.007 -30"><span class='ocrx_word' id='word_1_287' title='bbox 287 3953 489 4016; x_wconf 81' lang='grc' dir='ltr'>αὐτοὺς</span> <span class='ocrx_word' id='word_1_288' title='bbox 533 3955 640 4011; x_wconf 76' lang='grc' dir='ltr'>ἵνα.</span> <span class='ocrx_word' id='word_1_289' title='bbox 667 3956 1015 4028; x_wconf 84' lang='grc' dir='ltr'>προσέχωσιν</span> <span class='ocrx_word' id='word_1_290' title='bbox 1053 3957 1206 4030; x_wconf 83' lang='grc' dir='ltr'>αύτῷ</span> <span class='ocrx_word' id='word_1_291' title='bbox 1243 3958 1321 4022; x_wconf 86' lang='grc' dir='ltr'>ὼς</span> <span class='ocrx_word' id='word_1_292' title='bbox 1359 3959 1479 4031; x_wconf 87' lang='grc' dir='ltr'><strong>Θεῷ</strong></span> <span class='ocrx_word' id='word_1_293' title='bbox 1504 3975 1519 3990; x_wconf 83' lang='grc'><strong><em>⁸</em></strong></span> <span class='ocrx_word' id='word_1_294' title='bbox 1555 3961 1638 4016; x_wconf 84' lang='grc' dir='ltr'><strong>ὅτι</strong></span> <span class='ocrx_word' id='word_1_295' title='bbox 1671 3964 1705 4032; x_wconf 82' lang='grc' dir='ltr'><strong>ή</strong></span> <span class='ocrx_word' id='word_1_296' title='bbox 1740 3981 1872 4035; x_wconf 77' lang='grc' dir='ltr'>προ-</span> 
     </span>
    </p>
   </div>
   <div class='ocr_carea' id='block_1_43' title="bbox 277 4047 1872 4125">
    <p class='ocr_par' dir='ltr' id='par_1_43' title="bbox 277 4047 1872 4125">
     <span class='ocr_line' id='line_1_43' title="bbox 277 4047 1872 4125; baseline 0.004 -23"><span class='ocrx_word' id='word_1_297' title='bbox 277 4047 517 4118; x_wconf 80' lang='grc' dir='ltr'>-νοητικὴ</span> <span class='ocrx_word' id='word_1_298' title='bbox 556 4048 786 4120; x_wconf 81' lang='grc' dir='ltr'>δύναμις</span> <span class='ocrx_word' id='word_1_299' title='bbox 825 4051 918 4103; x_wconf 73' lang='grc' dir='ltr'><strong>καὶ</strong></span> <span class='ocrx_word' id='word_1_300' title='bbox 965 4051 1024 4103; x_wconf 82' lang='grc' dir='ltr'>ὲν</span> <span class='ocrx_word' id='word_1_301' title='bbox 1057 4049 1324 4120; x_wconf 75' lang='grc' dir='ltr'>Σαϐϐάτῳ</span> <span class='ocrx_word' id='word_1_302' title='bbox 1353 4051 1469 4104; x_wconf 77' lang='grc' dir='ltr'>ἐστί</span> <span class='ocrx_word' id='word_1_303' title='bbox 1491 4067 1505 4082; x_wconf 78' lang='grc'><strong>⁸</strong></span> <span class='ocrx_word' id='word_1_304' title='bbox 1557 4055 1641 4123; x_wconf 77' lang='grc' dir='ltr'>ῥεῖ</span> <span class='ocrx_word' id='word_1_305' title='bbox 1677 4053 1789 4125; x_wconf 78' lang='grc' dir='ltr'>γὰρ</span> <span class='ocrx_word' id='word_1_306' title='bbox 1811 4055 1872 4108; x_wconf 80' lang='grc' dir='ltr'><strong>τὸ</strong></span> 
     </span>
    </p>
   </div>
   <div class='ocr_carea' id='block_1_44' title="bbox 289 4139 1869 4214">
    <p class='ocr_par' dir='ltr' id='par_1_44' title="bbox 289 4139 1869 4214">
     <span class='ocr_line' id='line_1_44' title="bbox 289 4139 1869 4214; baseline 0.004 -20"><span class='ocrx_word' id='word_1_307' title='bbox 289 4139 439 4213; x_wconf 75' lang='grc' dir='ltr'>ὕδωρ</span> <span class='ocrx_word' id='word_1_308' title='bbox 468 4141 564 4196; x_wconf 76' lang='grc' dir='ltr'>καὶ</span> <span class='ocrx_word' id='word_1_309' title='bbox 593 4142 920 4214; x_wconf 81' lang='grc' dir='ltr'>σπερμαίνει</span> <span class='ocrx_word' id='word_1_310' title='bbox 935 4143 1136 4208; x_wconf 89' lang='grc' dir='ltr'>πάντα,</span> <span class='ocrx_word' id='word_1_311' title='bbox 1177 4145 1268 4197; x_wconf 79' lang='grc' dir='ltr'>καὶ</span> <span class='ocrx_word' id='word_1_312' title='bbox 1302 4142 1456 4208; x_wconf 80' lang='grc' dir='ltr'>αὕξει</span> <span class='ocrx_word' id='word_1_313' title='bbox 1487 4144 1586 4199; x_wconf 79' lang='grc' dir='ltr'>καὶ</span> <span class='ocrx_word' id='word_1_314' title='bbox 1617 4147 1869 4201; x_wconf 89' lang='grc' dir='ltr'>κινεῖται.</span> 
     </span>
    </p>
   </div>
   <div class='ocr_carea' id='block_1_45' title="bbox 361 4235 1871 4306">
    <p class='ocr_par' dir='ltr' id='par_1_45' title="bbox 361 4235 1871 4306">
     <span class='ocr_line' id='line_1_45' title="bbox 361 4235 1871 4306; baseline 0.002 -16"><span class='ocrx_word' id='word_1_315' title='bbox 361 4235 457 4300; x_wconf 74' lang='lat' dir='ltr'><strong>To,</strong></span> <span class='ocrx_word' id='word_1_316' title='bbox 479 4237 562 4290; x_wconf 87' lang='grc' dir='ltr'>οὐ</span> <span class='ocrx_word' id='word_1_317' title='bbox 583 4235 835 4292; x_wconf 76' lang='grc' dir='ltr'>δύναται</span> <span class='ocrx_word' id='word_1_318' title='bbox 865 4239 898 4292; x_wconf 83' lang='grc' dir='ltr'><em>ὁ</em></span> <span class='ocrx_word' id='word_1_319' title='bbox 929 4237 1061 4303; x_wconf 72' lang='grc' dir='ltr'><strong>Υἱὸς</strong></span> <span class='ocrx_word' id='word_1_320' title='bbox 1083 4237 1184 4306; x_wconf 69' lang='grc' dir='ltr'><strong>ἀφ’</strong></span> <span class='ocrx_word' id='word_1_321' title='bbox 1205 4235 1426 4291; x_wconf 80' lang='grc' dir='ltr'>ἑαυτοῦ</span> <span class='ocrx_word' id='word_1_322' title='bbox 1447 4236 1644 4290; x_wconf 77' lang='grc' dir='ltr'>ποιεῖν</span> <span class='ocrx_word' id='word_1_323' title='bbox 1666 4237 1871 4304; x_wconf 75' lang='grc' dir='ltr'><strong>οὐδὲν,</strong></span> 
     </span>
    </p>
   </div>
   <div class='ocr_carea' id='block_1_46' title="bbox 287 4328 1868 4400">
    <p class='ocr_par' dir='ltr' id='par_1_46' title="bbox 287 4328 1868 4400">
     <span class='ocr_line' id='line_1_46' title="bbox 287 4328 1868 4400; baseline -0.001 -14"><span class='ocrx_word' id='word_1_324' title='bbox 287 4330 412 4387; x_wconf 80' lang='grc' dir='ltr'>ἀντὶ</span> <span class='ocrx_word' id='word_1_325' title='bbox 433 4330 741 4395; x_wconf 77' lang='grc' dir='ltr'>τοῦ,’ᾼνευ</span> <span class='ocrx_word' id='word_1_326' title='bbox 767 4329 874 4385; x_wconf 91' lang='grc' dir='ltr'>τοῦ</span> <span class='ocrx_word' id='word_1_327' title='bbox 894 4329 1120 4398; x_wconf 83' lang='grc' dir='ltr'>Πατρός</span> <span class='ocrx_word' id='word_1_328' title='bbox 1143 4345 1158 4361; x_wconf 72' lang='grc'><strong>⁸</strong></span> <span class='ocrx_word' id='word_1_329' title='bbox 1183 4329 1374 4400; x_wconf 80' lang='grc' dir='ltr'>ήγουν,</span> <span class='ocrx_word' id='word_1_330' title='bbox 1397 4328 1550 4383; x_wconf 77' lang='grc' dir='ltr'>οὐδὲν</span> <span class='ocrx_word' id='word_1_331' title='bbox 1568 4328 1868 4399; x_wconf 80' lang='grc' dir='ltr'>ἀλλότριον,</span> 
     </span>
    </p>
   </div>
   <div class='ocr_carea' id='block_1_47' title="bbox 288 4422 1875 4494">
    <p class='ocr_par' dir='ltr' id='par_1_47' title="bbox 288 4422 1875 4494">
     <span class='ocr_line' id='line_1_47' title="bbox 288 4422 1875 4494; baseline -0.001 -15"><span class='ocrx_word' id='word_1_332' title='bbox 288 4425 444 4480; x_wconf 75' lang='grc' dir='ltr'>οὐδὲν</span> <span class='ocrx_word' id='word_1_333' title='bbox 461 4423 629 4492; x_wconf 76' lang='grc' dir='ltr'>ξένον.</span> <span class='ocrx_word' id='word_1_334' title='bbox 648 4425 711 4478; x_wconf 81' lang='lat' dir='ltr'><strong>Et</strong></span> <span class='ocrx_word' id='word_1_335' title='bbox 725 4425 834 4494; x_wconf 84' lang='grc' dir='ltr'>γὰρ</span> <span class='ocrx_word' id='word_1_336' title='bbox 855 4423 928 4494; x_wconf 81' lang='grc' dir='ltr'>μὴ</span> <span class='ocrx_word' id='word_1_337' title='bbox 941 4422 1100 4477; x_wconf 78' lang='grc' dir='ltr'>τοῦτό</span> <span class='ocrx_word' id='word_1_338' title='bbox 1113 4425 1229 4476; x_wconf 73' lang='grc' dir='ltr'>ἐστι</span> <span class='ocrx_word' id='word_1_339' title='bbox 1241 4422 1324 4488; x_wconf 82' lang='grc' dir='ltr'><strong>τὸ,</strong></span> <span class='ocrx_word' id='word_1_340' title='bbox 1340 4423 1404 4476; x_wconf 92' lang='lat'><strong>&#39;0</strong></span> <span class='ocrx_word' id='word_1_341' title='bbox 1418 4423 1620 4492; x_wconf 82' lang='grc' dir='ltr'>Πατήρ</span> <span class='ocrx_word' id='word_1_342' title='bbox 1632 4441 1750 4494; x_wconf 86' lang='grc' dir='ltr'>μου</span> <span class='ocrx_word' id='word_1_343' title='bbox 1763 4425 1875 4493; x_wconf 73' lang='grc' dir='ltr'>ἕως</span> 
     </span>
    </p>
   </div>
   <div class='ocr_carea' id='block_1_48' title="bbox 289 4514 1876 4590">
    <p class='ocr_par' dir='ltr' id='par_1_48' title="bbox 289 4514 1876 4590">
     <span class='ocr_line' id='line_1_48' title="bbox 289 4514 1876 4590; baseline -0.003 -15"><span class='ocrx_word' id='word_1_344' title='bbox 289 4521 419 4590; x_wconf 78' lang='grc' dir='ltr'>ἄρτι</span> <span class='ocrx_word' id='word_1_345' title='bbox 433 4517 752 4590; x_wconf 62' lang='grc' dir='ltr'>ἐργάζεται,</span> <span class='ocrx_word' id='word_1_346' title='bbox 770 4515 931 4585; x_wconf 83' lang='grc' dir='ltr'><strong>κάγὼ</strong></span> <span class='ocrx_word' id='word_1_347' title='bbox 945 4514 1279 4585; x_wconf 72' lang='grc' dir='ltr'>ἐργάζομαι,</span> <span class='ocrx_word' id='word_1_348' title='bbox 1293 4514 1746 4587; x_wconf 74' lang='grc' dir='ltr'>ἐναντιωθήσεται</span> <span class='ocrx_word' id='word_1_349' title='bbox 1757 4517 1876 4572; x_wconf 81' lang='grc' dir='ltr'>τού-</span> 
     </span>
    </p>
   </div>
   <div class='ocr_carea' id='block_1_49' title="bbox 1951 608 2580 682">
    <p class='ocr_par' dir='ltr' id='par_1_49' title="bbox 1951 608 2580 682">
     <span class='ocr_line' id='line_1_49' title="bbox 1951 608 2580 682; baseline -0.003 -18"><span class='ocrx_word' id='word_1_350' title='bbox 1951 612 2123 682; x_wconf 84' lang='lat' dir='ltr'><strong>ﬁgura</strong></span> <span class='ocrx_word' id='word_1_351' title='bbox 2154 617 2271 664; x_wconf 90' lang='lat' dir='ltr'><strong>erat</strong></span> <span class='ocrx_word' id='word_1_352' title='bbox 2302 608 2580 679; x_wconf 76' lang='lat' dir='ltr'><strong>baptismi.</strong></span> 
     </span>
    </p>
   </div>
   <div class='ocr_carea' id='block_1_50' title="bbox 2019 700 3534 774">
    <p class='ocr_par' dir='ltr' id='par_1_50' title="bbox 2019 700 3534 774">
     <span class='ocr_line' id='line_1_50' title="bbox 2019 700 3534 774; baseline -0.002 -18"><span class='ocrx_word' id='word_1_353' title='bbox 2019 701 2179 756; x_wconf 70' lang='lat' dir='ltr'><strong>Vens.</strong></span> <span class='ocrx_word' id='word_1_354' title='bbox 2222 702 2276 756; x_wconf 74' lang='grc' dir='ltr'><strong>(ἰ.</strong></span> <span class='ocrx_word' id='word_1_355' title='bbox 2307 700 2424 757; x_wconf 78' lang='lat' dir='ltr'><strong>Non</strong></span> <span class='ocrx_word' id='word_1_356' title='bbox 2467 702 2624 756; x_wconf 84' lang='lat' dir='ltr'><strong>ﬁdem</strong></span> <span class='ocrx_word' id='word_1_357' title='bbox 2666 704 2736 757; x_wconf 89' lang='lat' dir='ltr'><strong>ab</strong></span> <span class='ocrx_word' id='word_1_358' title='bbox 2761 702 2844 758; x_wconf 88' lang='lat' dir='ltr'><strong>eis</strong></span> <span class='ocrx_word' id='word_1_359' title='bbox 2895 704 3140 774; x_wconf 73' lang='lat' dir='ltr'><strong>exigebat</strong></span> <span class='ocrx_word' id='word_1_360' title='bbox 3192 712 3320 759; x_wconf 82' lang='lat' dir='ltr'><strong>ante</strong></span> <span class='ocrx_word' id='word_1_361' title='bbox 3368 701 3534 755; x_wconf 86' lang='lat' dir='ltr'><strong>mira-</strong></span> 
     </span>
    </p>
   </div>
   <div class='ocr_carea' id='block_1_51' title="bbox 1950 795 3534 866">
    <p class='ocr_par' dir='ltr' id='par_1_51' title="bbox 1950 795 3534 866">
     <span class='ocr_line' id='line_1_51' title="bbox 1950 795 3534 866; baseline -0.003 -16"><span class='ocrx_word' id='word_1_362' title='bbox 1950 795 2118 862; x_wconf 82' lang='lat' dir='ltr'><strong>cula,</strong></span> <span class='ocrx_word' id='word_1_363' title='bbox 2189 795 2284 850; x_wconf 88' lang='lat' dir='ltr'><strong>sed</strong></span> <span class='ocrx_word' id='word_1_364' title='bbox 2354 805 2647 866; x_wconf 78' lang='lat' dir='ltr'><strong>postquam</strong></span> <span class='ocrx_word' id='word_1_365' title='bbox 2704 796 2856 850; x_wconf 91' lang='lat' dir='ltr'><strong>illum</strong></span> <span class='ocrx_word' id='word_1_366' title='bbox 2915 797 3176 852; x_wconf 84' lang='lat' dir='ltr'><strong>miracula</strong></span> <span class='ocrx_word' id='word_1_367' title='bbox 3239 795 3534 851; x_wconf 78' lang='lat' dir='ltr'><strong>facientem</strong></span> 
     </span>
    </p>
   </div>
   <div class='ocr_carea' id='block_1_52' title="bbox 1951 887 2514 957">
    <p class='ocr_par' dir='ltr' id='par_1_52' title="bbox 1951 887 2514 957">
     <span class='ocr_line' id='line_1_52' title="bbox 1951 887 2514 957; baseline 0.004 -17"><span class='ocrx_word' id='word_1_368' title='bbox 1951 887 2218 954; x_wconf 88' lang='lat' dir='ltr'><strong>viderant,</strong></span> <span class='ocrx_word' id='word_1_369' title='bbox 2243 887 2514 957; x_wconf 74' lang='lat' dir='ltr'><strong>exigebat.</strong></span> 
     </span>
    </p>
   </div>
   <div class='ocr_carea' id='block_1_53' title="bbox 2025 979 3538 1054">
    <p class='ocr_par' dir='ltr' id='par_1_53' title="bbox 2025 979 3538 1054">
     <span class='ocr_line' id='line_1_53' title="bbox 2025 979 3538 1054; baseline 0.001 -20"><span class='ocrx_word' id='word_1_370' title='bbox 2025 979 2188 1037; x_wconf 69' lang='lat' dir='ltr'><strong>Vens.</strong></span> <span class='ocrx_word' id='word_1_371' title='bbox 2231 985 2284 1039; x_wconf 85' lang='lat'><strong>9.</strong></span> <span class='ocrx_word' id='word_1_372' title='bbox 2325 982 2473 1037; x_wconf 88' lang='lat' dir='ltr'><strong>Tulit</strong></span> <span class='ocrx_word' id='word_1_373' title='bbox 2503 984 2787 1054; x_wconf 75' lang='lat' dir='ltr'><strong>grabatum</strong></span> <span class='ocrx_word' id='word_1_374' title='bbox 2821 999 3002 1041; x_wconf 83' lang='lat' dir='ltr'><strong>suum.</strong></span> <span class='ocrx_word' id='word_1_375' title='bbox 3038 999 3163 1038; x_wconf 91' lang='lat' dir='ltr'><strong>cum</strong></span> <span class='ocrx_word' id='word_1_376' title='bbox 3191 982 3354 1037; x_wconf 84' lang='lat' dir='ltr'><strong>simul</strong></span> <span class='ocrx_word' id='word_1_377' title='bbox 3381 982 3538 1036; x_wconf 89' lang='lat' dir='ltr'><strong>audi-</strong></span> 
     </span>
    </p>
   </div>
   <div class='ocr_carea' id='block_1_54' title="bbox 1951 1072 3534 1141">
    <p class='ocr_par' dir='ltr' id='par_1_54' title="bbox 1951 1072 3534 1141">
     <span class='ocr_line' id='line_1_54' title="bbox 1951 1072 3534 1141; baseline 0.001 -16"><span class='ocrx_word' id='word_1_378' title='bbox 1951 1073 2050 1139; x_wconf 85' lang='lat' dir='ltr'><strong>vit,</strong></span> <span class='ocrx_word' id='word_1_379' title='bbox 2083 1073 2315 1128; x_wconf 90' lang='lat' dir='ltr'><strong>credens</strong></span> <span class='ocrx_word' id='word_1_380' title='bbox 2339 1074 2601 1128; x_wconf 79' lang='lat' dir='ltr'><strong>surrexit.</strong></span> <span class='ocrx_word' id='word_1_381' title='bbox 2636 1072 2747 1130; x_wconf 86' lang='lat' dir='ltr'><strong>Cur</strong></span> <span class='ocrx_word' id='word_1_382' title='bbox 2787 1088 2894 1129; x_wconf 91' lang='lat' dir='ltr'><strong>non</strong></span> <span class='ocrx_word' id='word_1_383' title='bbox 2943 1073 3094 1128; x_wconf 91' lang='lat' dir='ltr'><strong>illum</strong></span> <span class='ocrx_word' id='word_1_384' title='bbox 3151 1073 3487 1141; x_wconf 70' lang='lat' dir='ltr'><strong>interrogant</strong></span> <span class='ocrx_word' id='word_1_385' title='bbox 3522 1091 3534 1126; x_wconf 89' lang='lat'>:</span> 
     </span>
    </p>
   </div>
   <div class='ocr_carea' id='block_1_55' title="bbox 1952 1160 3540 1234">
    <p class='ocr_par' dir='ltr' id='par_1_55' title="bbox 1952 1160 3540 1234">
     <span class='ocr_line' id='line_1_55' title="bbox 1952 1160 3540 1234; baseline -0.002 -16"><span class='ocrx_word' id='word_1_386' title='bbox 1952 1163 2088 1230; x_wconf 86' lang='lat' dir='ltr'><strong>Quis</strong></span> <span class='ocrx_word' id='word_1_387' title='bbox 2112 1171 2198 1219; x_wconf 86' lang='lat' dir='ltr'><strong>est</strong></span> <span class='ocrx_word' id='word_1_388' title='bbox 2226 1163 2315 1234; x_wconf 89' lang='lat' dir='ltr'><strong>qui</strong></span> <span class='ocrx_word' id='word_1_389' title='bbox 2345 1161 2474 1219; x_wconf 81' lang='lat' dir='ltr'><strong>fecit</strong></span> <span class='ocrx_word' id='word_1_390' title='bbox 2519 1173 2572 1218; x_wconf 89' lang='lat' dir='ltr'><strong>te</strong></span> <span class='ocrx_word' id='word_1_391' title='bbox 2599 1179 2795 1220; x_wconf 90' lang='lat' dir='ltr'><strong>sanum</strong></span> <span class='ocrx_word' id='word_1_392' title='bbox 2821 1203 2838 1230; x_wconf 92' lang='lat'><strong>,</strong></span> <span class='ocrx_word' id='word_1_393' title='bbox 2873 1163 2978 1231; x_wconf 82' lang='lat' dir='ltr'><strong>Qui</strong></span> <span class='ocrx_word' id='word_1_394' title='bbox 3031 1163 3168 1216; x_wconf 62' lang='lat' dir='ltr'><strong>dixit</strong></span> <span class='ocrx_word' id='word_1_395' title='bbox 3229 1162 3322 1216; x_wconf 86' lang='lat' dir='ltr'><strong>tibi</strong></span> <span class='ocrx_word' id='word_1_396' title='bbox 3349 1177 3366 1215; x_wconf 90' lang='lat'><strong><em>:</em></strong></span> <span class='ocrx_word' id='word_1_397' title='bbox 3393 1160 3540 1216; x_wconf 82' lang='lat' dir='ltr'><strong>Tolle</strong></span> 
     </span>
    </p>
   </div>
   <div class='ocr_carea' id='block_1_56' title="bbox 1954 1250 3539 1326">
    <p class='ocr_par' dir='ltr' id='par_1_56' title="bbox 1954 1250 3539 1326">
     <span class='ocr_line' id='line_1_56' title="bbox 1954 1250 3539 1326; baseline 0 -20"><span class='ocrx_word' id='word_1_398' title='bbox 1954 1253 2234 1325; x_wconf 78' lang='lat' dir='ltr'><strong>grabatum</strong></span> <span class='ocrx_word' id='word_1_399' title='bbox 2265 1262 2412 1308; x_wconf 89' lang='lat' dir='ltr'><strong>tuum</strong></span> <span class='ocrx_word' id='word_1_400' title='bbox 2435 1255 2460 1310; x_wconf 85' lang='lat'><strong><em>?</em></strong></span> <span class='ocrx_word' id='word_1_401' title='bbox 2483 1250 2565 1309; x_wconf 91' lang='lat' dir='ltr'><strong>0b</strong></span> <span class='ocrx_word' id='word_1_402' title='bbox 2594 1270 2846 1326; x_wconf 78' lang='lat' dir='ltr'><strong>magnam</strong></span> <span class='ocrx_word' id='word_1_403' title='bbox 2884 1253 3148 1308; x_wconf 85' lang='lat' dir='ltr'><strong>malitiam</strong></span> <span class='ocrx_word' id='word_1_404' title='bbox 3174 1270 3190 1319; x_wconf 91' lang='lat'><strong>;</strong></span> <span class='ocrx_word' id='word_1_405' title='bbox 3213 1268 3336 1307; x_wconf 88' lang='lat' dir='ltr'><strong>nam</strong></span> <span class='ocrx_word' id='word_1_406' title='bbox 3367 1252 3508 1306; x_wconf 88' lang='lat' dir='ltr'><strong>indis</strong></span> <span class='ocrx_word' id='word_1_407' title='bbox 3527 1279 3539 1288; x_wconf 84' lang='lat'><strong><em>~</em></strong></span> 
     </span>
    </p>
   </div>
   <div class='ocr_carea' id='block_1_57' title="bbox 1954 1343 3539 1418">
    <p class='ocr_par' dir='ltr' id='par_1_57' title="bbox 1954 1343 3539 1418">
     <span class='ocr_line' id='line_1_57' title="bbox 1954 1343 3539 1418; baseline -0.002 -19"><span class='ocrx_word' id='word_1_408' title='bbox 1954 1345 2286 1400; x_wconf 88' lang='lat' dir='ltr'><strong>criminatim</strong></span> <span class='ocrx_word' id='word_1_409' title='bbox 2351 1347 2842 1418; x_wconf 77' lang='lat' dir='ltr'><strong>transgressionem</strong></span> <span class='ocrx_word' id='word_1_410' title='bbox 2887 1361 3050 1418; x_wconf 82' lang='lat' dir='ltr'><strong>quant</strong></span> <span class='ocrx_word' id='word_1_411' title='bbox 3115 1345 3350 1400; x_wconf 81' lang='lat' dir='ltr'><strong>libuerat</strong></span> <span class='ocrx_word' id='word_1_412' title='bbox 3399 1343 3539 1398; x_wconf 86' lang='lat' dir='ltr'><strong>intra</strong></span> 
     </span>
    </p>
   </div>
   <div class='ocr_carea' id='block_1_58' title="bbox 1958 1437 2677 1495">
    <p class='ocr_par' dir='ltr' id='par_1_58' title="bbox 1958 1437 2677 1495">
     <span class='ocr_line' id='line_1_58' title="bbox 1958 1437 2677 1495; baseline 0.004 -3"><span class='ocrx_word' id='word_1_413' title='bbox 1958 1437 2256 1495; x_wconf 86' lang='lat' dir='ltr'><strong>Sabbatum</strong></span> <span class='ocrx_word' id='word_1_414' title='bbox 2297 1439 2677 1495; x_wconf 85' lang='lat' dir='ltr'><strong>admittebant.</strong></span> 
     </span>
    </p>
   </div>
   <div class='ocr_carea' id='block_1_59' title="bbox 2033 1528 3540 1602">
    <p class='ocr_par' dir='ltr' id='par_1_59' title="bbox 2033 1528 3540 1602">
     <span class='ocr_line' id='line_1_59' title="bbox 2033 1528 3540 1602; baseline -0.001 -17"><span class='ocrx_word' id='word_1_415' title='bbox 2033 1530 2195 1586; x_wconf 77' lang='grc' dir='ltr'>νειιε.</span> <span class='ocrx_word' id='word_1_416' title='bbox 2235 1531 2324 1586; x_wconf 79' lang='grc'><strong>15.</strong></span> <span class='ocrx_word' id='word_1_417' title='bbox 2374 1529 2487 1587; x_wconf 89' lang='lat' dir='ltr'><strong>Cur</strong></span> <span class='ocrx_word' id='word_1_418' title='bbox 2531 1531 2826 1586; x_wconf 87' lang='lat' dir='ltr'><strong>declinavit</strong></span> <span class='ocrx_word' id='word_1_419' title='bbox 2883 1541 3175 1602; x_wconf 83' lang='lat' dir='ltr'><strong>postquam</strong></span> <span class='ocrx_word' id='word_1_420' title='bbox 3213 1528 3540 1584; x_wconf 63' lang='lat' dir='ltr'><strong>miraculum</strong></span> 
     </span>
    </p>
   </div>
   <div class='ocr_carea' id='block_1_60' title="bbox 1958 1620 3544 1693">
    <p class='ocr_par' dir='ltr' id='par_1_60' title="bbox 1958 1620 3544 1693">
     <span class='ocr_line' id='line_1_60' title="bbox 1958 1620 3544 1693; baseline -0.001 -18"><span class='ocrx_word' id='word_1_421' title='bbox 1958 1620 2225 1678; x_wconf 79' lang='lat' dir='ltr'><strong>fecisset?</strong></span> <span class='ocrx_word' id='word_1_422' title='bbox 2251 1623 2332 1678; x_wconf 85' lang='lat' dir='ltr'><strong>Ne</strong></span> <span class='ocrx_word' id='word_1_423' title='bbox 2372 1622 2546 1693; x_wconf 81' lang='lat' dir='ltr'><strong>magis</strong></span> <span class='ocrx_word' id='word_1_424' title='bbox 2580 1621 2666 1677; x_wconf 89' lang='lat' dir='ltr'><strong>his</strong></span> <span class='ocrx_word' id='word_1_425' title='bbox 2697 1622 2963 1692; x_wconf 67' lang='lat' dir='ltr'><strong>praeberet</strong></span> <span class='ocrx_word' id='word_1_426' title='bbox 3003 1620 3350 1676; x_wconf 67' lang='lat' dir='ltr'><strong>excitationis</strong></span> <span class='ocrx_word' id='word_1_427' title='bbox 3387 1635 3544 1674; x_wconf 85' lang='lat' dir='ltr'><strong>occa-</strong></span> 
     </span>
    </p>
   </div>
   <div class='ocr_carea' id='block_1_61' title="bbox 1959 1713 3543 1784">
    <p class='ocr_par' dir='ltr' id='par_1_61' title="bbox 1959 1713 3543 1784">
     <span class='ocr_line' id='line_1_61' title="bbox 1959 1713 3543 1784; baseline -0.001 -15"><span class='ocrx_word' id='word_1_428' title='bbox 1959 1717 2192 1770; x_wconf 89' lang='lat' dir='ltr'><strong>sionem.</strong></span> <span class='ocrx_word' id='word_1_429' title='bbox 2226 1713 2445 1770; x_wconf 88' lang='lat' dir='ltr'><strong>Sciebat</strong></span> <span class='ocrx_word' id='word_1_430' title='bbox 2467 1714 2614 1770; x_wconf 90' lang='lat' dir='ltr'><strong>enim</strong></span> <span class='ocrx_word' id='word_1_431' title='bbox 2647 1714 2824 1770; x_wconf 86' lang='lat' dir='ltr'><strong>visum</strong></span> <span class='ocrx_word' id='word_1_432' title='bbox 2856 1714 3031 1769; x_wconf 80' lang='lat' dir='ltr'><strong>soluat</strong></span> <span class='ocrx_word' id='word_1_433' title='bbox 3064 1713 3183 1783; x_wconf 76' lang='lat' dir='ltr'><strong>ejus</strong></span> <span class='ocrx_word' id='word_1_434' title='bbox 3220 1730 3380 1784; x_wconf 81' lang='lat' dir='ltr'><strong>quezn</strong></span> <span class='ocrx_word' id='word_1_435' title='bbox 3408 1713 3543 1768; x_wconf 79' lang='lat' dir='ltr'><strong>ode—</strong></span> 
     </span>
    </p>
   </div>
   <div class='ocr_carea' id='block_1_62' title="bbox 1961 1808 3298 1881">
    <p class='ocr_par' dir='ltr' id='par_1_62' title="bbox 1961 1808 3298 1881">
     <span class='ocr_line' id='line_1_62' title="bbox 1961 1808 3298 1881; baseline 0.001 -19"><span class='ocrx_word' id='word_1_436' title='bbox 1961 1809 2070 1863; x_wconf 90' lang='lat' dir='ltr'><strong>rint</strong></span> <span class='ocrx_word' id='word_1_437' title='bbox 2106 1824 2212 1864; x_wconf 91' lang='lat' dir='ltr'><strong>non</strong></span> <span class='ocrx_word' id='word_1_438' title='bbox 2245 1825 2468 1881; x_wconf 87' lang='lat' dir='ltr'><strong>parvam</strong></span> <span class='ocrx_word' id='word_1_439' title='bbox 2503 1808 2698 1866; x_wconf 76' lang='lat' dir='ltr'><strong>invidis</strong></span> <span class='ocrx_word' id='word_1_440' title='bbox 2726 1809 3018 1865; x_wconf 87' lang='lat' dir='ltr'><strong>scintillam</strong></span> <span class='ocrx_word' id='word_1_441' title='bbox 3054 1810 3298 1878; x_wconf 85' lang='lat' dir='ltr'><strong>injicere.</strong></span> 
     </span>
    </p>
   </div>
   <div class='ocr_carea' id='block_1_63' title="bbox 2030 1899 3545 1973">
    <p class='ocr_par' dir='ltr' id='par_1_63' title="bbox 2030 1899 3545 1973">
     <span class='ocr_line' id='line_1_63' title="bbox 2030 1899 3545 1973; baseline 0.001 -18"><span class='ocrx_word' id='word_1_442' title='bbox 2030 1899 2200 1958; x_wconf 73' lang='lat' dir='ltr'><strong>Vens.</strong></span> <span class='ocrx_word' id='word_1_443' title='bbox 2233 1902 2321 1958; x_wconf 72' lang='lat' dir='ltr'><strong>l-l.</strong></span> <span class='ocrx_word' id='word_1_444' title='bbox 2355 1902 2465 1959; x_wconf 88' lang='lat' dir='ltr'><strong>Cur</strong></span> <span class='ocrx_word' id='word_1_445' title='bbox 2491 1902 2622 1958; x_wconf 86' lang='lat' dir='ltr'><strong>dicit</strong></span> <span class='ocrx_word' id='word_1_446' title='bbox 2656 1921 2671 1958; x_wconf 90' lang='lat'><strong>:</strong></span> <span class='ocrx_word' id='word_1_447' title='bbox 2713 1901 2862 1968; x_wconf 83' lang='lat' dir='ltr'><strong>Ecce,</strong></span> <span class='ocrx_word' id='word_1_448' title='bbox 2891 1920 3054 1958; x_wconf 80' lang='lat' dir='ltr'><strong>sanus</strong></span> <span class='ocrx_word' id='word_1_449' title='bbox 3100 1901 3274 1973; x_wconf 77' lang='lat' dir='ltr'><strong>[actus</strong></span> <span class='ocrx_word' id='word_1_450' title='bbox 3329 1917 3403 1968; x_wconf 78' lang='lat' dir='ltr'><strong>es,</strong></span> <span class='ocrx_word' id='word_1_451' title='bbox 3435 1899 3545 1956; x_wconf 84' lang='lat' dir='ltr'><strong>noli</strong></span> 
     </span>
    </p>
   </div>
   <div class='ocr_carea' id='block_1_64' title="bbox 1957 1994 3545 2067">
    <p class='ocr_par' dir='ltr' id='par_1_64' title="bbox 1957 1994 3545 2067">
     <span class='ocr_line' id='line_1_64' title="bbox 1957 1994 3545 2067; baseline -0.001 -17"><span class='ocrx_word' id='word_1_452' title='bbox 1957 1994 2412 2066; x_wconf 79' lang='lat' dir='ltr'><strong>peccare?Simul</strong></span> <span class='ocrx_word' id='word_1_453' title='bbox 2468 1996 2714 2067; x_wconf 88' lang='lat' dir='ltr'><strong>quidem,</strong></span> <span class='ocrx_word' id='word_1_454' title='bbox 2770 1997 2897 2067; x_wconf 83' lang='lat' dir='ltr'><strong>quia</strong></span> <span class='ocrx_word' id='word_1_455' title='bbox 2954 2011 2985 2052; x_wconf 88' lang='lat' dir='ltr'><strong>e</strong></span> <span class='ocrx_word' id='word_1_456' title='bbox 3040 1995 3279 2067; x_wconf 83' lang='lat' dir='ltr'><strong>peccatis</strong></span> <span class='ocrx_word' id='word_1_457' title='bbox 3334 1995 3545 2050; x_wconf 76' lang='lat' dir='ltr'><strong>homini</strong></span> 
     </span>
    </p>
   </div>
   <div class='ocr_carea' id='block_1_65' title="bbox 1961 2090 3547 2159">
    <p class='ocr_par' dir='ltr' id='par_1_65' title="bbox 1961 2090 3547 2159">
     <span class='ocr_line' id='line_1_65' title="bbox 1961 2090 3547 2159; baseline -0.001 -16"><span class='ocrx_word' id='word_1_458' title='bbox 1961 2090 2188 2145; x_wconf 88' lang='lat' dir='ltr'><strong>morbus</strong></span> <span class='ocrx_word' id='word_1_459' title='bbox 2225 2099 2380 2146; x_wconf 90' lang='lat' dir='ltr'><strong>ortus</strong></span> <span class='ocrx_word' id='word_1_460' title='bbox 2407 2099 2524 2158; x_wconf 87' lang='lat' dir='ltr'><strong>est;</strong></span> <span class='ocrx_word' id='word_1_461' title='bbox 2552 2090 2749 2146; x_wconf 90' lang='lat' dir='ltr'><strong>deinde</strong></span> <span class='ocrx_word' id='word_1_462' title='bbox 2779 2099 2982 2158; x_wconf 89' lang='lat' dir='ltr'><strong>autem,</strong></span> <span class='ocrx_word' id='word_1_463' title='bbox 3019 2099 3078 2146; x_wconf 91' lang='lat' dir='ltr'><strong>ut</strong></span> <span class='ocrx_word' id='word_1_464' title='bbox 3109 2090 3390 2146; x_wconf 88' lang='lat' dir='ltr'><strong>discamus</strong></span> <span class='ocrx_word' id='word_1_465' title='bbox 3419 2105 3547 2159; x_wconf 89' lang='lat' dir='ltr'><strong>sup-</strong></span> 
     </span>
    </p>
   </div>
   <div class='ocr_carea' id='block_1_66' title="bbox 1960 2176 3548 2247">
    <p class='ocr_par' dir='ltr' id='par_1_66' title="bbox 1960 2176 3548 2247">
     <span class='ocr_line' id='line_1_66' title="bbox 1960 2176 3548 2247; baseline 0.001 -16"><span class='ocrx_word' id='word_1_466' title='bbox 1960 2176 2187 2247; x_wconf 88' lang='lat' dir='ltr'><strong>plicium</strong></span> <span class='ocrx_word' id='word_1_467' title='bbox 2239 2187 2502 2232; x_wconf 68' lang='lat' dir='ltr'><strong>aeternum</strong></span> <span class='ocrx_word' id='word_1_468' title='bbox 2537 2193 2646 2233; x_wconf 90' lang='lat' dir='ltr'><strong>non</strong></span> <span class='ocrx_word' id='word_1_469' title='bbox 2700 2179 2902 2234; x_wconf 84' lang='lat' dir='ltr'><strong>habere</strong></span> <span class='ocrx_word' id='word_1_470' title='bbox 2951 2179 3394 2234; x_wconf 84' lang='lat' dir='ltr'><strong>redltibilionem.</strong></span> <span class='ocrx_word' id='word_1_471' title='bbox 3441 2177 3548 2233; x_wconf 88' lang='lat' dir='ltr'><strong>lste</strong></span> 
     </span>
    </p>
   </div>
   <div class='ocr_carea' id='block_1_67' title="bbox 1963 2268 3547 2341">
    <p class='ocr_par' dir='ltr' id='par_1_67' title="bbox 1963 2268 3547 2341">
     <span class='ocr_line' id='line_1_67' title="bbox 1963 2268 3547 2341; baseline -0.001 -19"><span class='ocrx_word' id='word_1_472' title='bbox 1963 2268 2108 2323; x_wconf 90' lang='lat' dir='ltr'><strong>enim</strong></span> <span class='ocrx_word' id='word_1_473' title='bbox 2145 2269 2274 2341; x_wconf 85' lang='lat' dir='ltr'><strong>quia</strong></span> <span class='ocrx_word' id='word_1_474' title='bbox 2315 2277 2657 2339; x_wconf 89' lang='lat' dir='ltr'><strong>peccaverat,</strong></span> <span class='ocrx_word' id='word_1_475' title='bbox 2693 2268 2806 2325; x_wconf 79' lang='lat' dir='ltr'><strong>fere</strong></span> <span class='ocrx_word' id='word_1_476' title='bbox 2849 2278 3018 2325; x_wconf 88' lang='lat' dir='ltr'><strong>totam</strong></span> <span class='ocrx_word' id='word_1_477' title='bbox 3061 2270 3301 2325; x_wconf 84' lang='lat' dir='ltr'><strong>hominis</strong></span> <span class='ocrx_word' id='word_1_478' title='bbox 3341 2286 3434 2339; x_wconf 82' lang='lat' dir='ltr'><strong>per</strong></span> <span class='ocrx_word' id='word_1_479' title='bbox 3464 2269 3547 2322; x_wconf 86' lang='lat' dir='ltr'><strong>vi-</strong></span> 
     </span>
    </p>
   </div>
   <div class='ocr_carea' id='block_1_68' title="bbox 1964 2361 3550 2434">
    <p class='ocr_par' dir='ltr' id='par_1_68' title="bbox 1964 2361 3550 2434">
     <span class='ocr_line' id='line_1_68' title="bbox 1964 2361 3550 2434; baseline -0.001 -20"><span class='ocrx_word' id='word_1_480' title='bbox 1964 2372 2072 2414; x_wconf 88' lang='lat' dir='ltr'><strong>tam</strong></span> <span class='ocrx_word' id='word_1_481' title='bbox 2110 2362 2457 2431; x_wconf 84' lang='lat' dir='ltr'><strong>puniebatur.</strong></span> <span class='ocrx_word' id='word_1_482' title='bbox 2488 2361 2609 2418; x_wconf 88' lang='lat' dir='ltr'><strong>Non</strong></span> <span class='ocrx_word' id='word_1_483' title='bbox 2650 2362 2796 2416; x_wconf 84' lang='lat' dir='ltr'><strong>enim</strong></span> <span class='ocrx_word' id='word_1_484' title='bbox 2830 2379 2893 2417; x_wconf 82' lang='lat' dir='ltr'><strong>ex</strong></span> <span class='ocrx_word' id='word_1_485' title='bbox 2926 2370 3168 2434; x_wconf 84' lang='lat' dir='ltr'><strong>tempore</strong></span> <span class='ocrx_word' id='word_1_486' title='bbox 3210 2371 3430 2432; x_wconf 77' lang='lat' dir='ltr'><strong>peccata</strong></span> <span class='ocrx_word' id='word_1_487' title='bbox 3466 2363 3550 2431; x_wconf 79' lang='lat' dir='ltr'><strong>ju—</strong></span> 
     </span>
    </p>
   </div>
   <div class='ocr_carea' id='block_1_69' title="bbox 1964 2453 3549 2526">
    <p class='ocr_par' dir='ltr' id='par_1_69' title="bbox 1964 2453 3549 2526">
     <span class='ocr_line' id='line_1_69' title="bbox 1964 2453 3549 2526; baseline 0.002 -19"><span class='ocrx_word' id='word_1_488' title='bbox 1964 2453 2240 2521; x_wconf 89' lang='lat' dir='ltr'><strong>dicantur,</strong></span> <span class='ocrx_word' id='word_1_489' title='bbox 2283 2455 2378 2511; x_wconf 89' lang='lat' dir='ltr'><strong>sed</strong></span> <span class='ocrx_word' id='word_1_490' title='bbox 2435 2471 2503 2510; x_wconf 79' lang='lat' dir='ltr'><strong>ex</strong></span> <span class='ocrx_word' id='word_1_491' title='bbox 2539 2464 2733 2511; x_wconf 88' lang='lat' dir='ltr'><strong>natura</strong></span> <span class='ocrx_word' id='word_1_492' title='bbox 2786 2455 2900 2526; x_wconf 90' lang='lat' dir='ltr'><strong>ipsa</strong></span> <span class='ocrx_word' id='word_1_493' title='bbox 2957 2455 3314 2510; x_wconf 76' lang='lat' dir='ltr'><strong>oﬁ‘cnsarum.</strong></span> <span class='ocrx_word' id='word_1_494' title='bbox 3373 2456 3439 2510; x_wconf 89' lang='lat' dir='ltr'><strong>Et</strong></span> <span class='ocrx_word' id='word_1_495' title='bbox 3499 2457 3549 2510; x_wconf 90' lang='lat' dir='ltr'><strong>id</strong></span> 
     </span>
    </p>
   </div>
   <div class='ocr_carea' id='block_1_70' title="bbox 1965 2545 3553 2618">
    <p class='ocr_par' dir='ltr' id='par_1_70' title="bbox 1965 2545 3553 2618">
     <span class='ocr_line' id='line_1_70' title="bbox 1965 2545 3553 2618; baseline 0.002 -18"><span class='ocrx_word' id='word_1_496' title='bbox 1965 2545 2234 2602; x_wconf 83' lang='lat' dir='ltr'><strong>discimus</strong></span> <span class='ocrx_word' id='word_1_497' title='bbox 2263 2547 2388 2615; x_wconf 85' lang='lat' dir='ltr'><strong>quia</strong></span> <span class='ocrx_word' id='word_1_498' title='bbox 2416 2547 2539 2602; x_wconf 85' lang='lat' dir='ltr'><strong>licet</strong></span> <span class='ocrx_word' id='word_1_499' title='bbox 2573 2563 2824 2617; x_wconf 85' lang='lat' dir='ltr'><strong>asperam</strong></span> <span class='ocrx_word' id='word_1_500' title='bbox 2858 2548 3049 2603; x_wconf 86' lang='lat' dir='ltr'><strong>demus</strong></span> <span class='ocrx_word' id='word_1_501' title='bbox 3079 2548 3146 2603; x_wconf 92' lang='lat' dir='ltr'><strong>de</strong></span> <span class='ocrx_word' id='word_1_502' title='bbox 3180 2558 3406 2618; x_wconf 88' lang='lat' dir='ltr'><strong>peccato</strong></span> <span class='ocrx_word' id='word_1_503' title='bbox 3438 2565 3553 2618; x_wconf 78' lang='lat' dir='ltr'><strong>pm-</strong></span> 
     </span>
    </p>
   </div>
   <div class='ocr_carea' id='block_1_71' title="bbox 1969 2638 3553 2706">
    <p class='ocr_par' dir='ltr' id='par_1_71' title="bbox 1969 2638 3553 2706">
     <span class='ocr_line' id='line_1_71' title="bbox 1969 2638 3553 2706; baseline 0.002 -14"><span class='ocrx_word' id='word_1_504' title='bbox 1969 2654 2118 2706; x_wconf 91' lang='lat' dir='ltr'><strong>nam,</strong></span> <span class='ocrx_word' id='word_1_505' title='bbox 2152 2639 2196 2695; x_wconf 87' lang='lat' dir='ltr'><strong>si</strong></span> <span class='ocrx_word' id='word_1_506' title='bbox 2226 2638 2423 2695; x_wconf 89' lang='lat' dir='ltr'><strong>deinde</strong></span> <span class='ocrx_word' id='word_1_507' title='bbox 2457 2640 2511 2694; x_wconf 93' lang='lat' dir='ltr'><strong>in</strong></span> <span class='ocrx_word' id='word_1_508' title='bbox 2566 2639 2758 2695; x_wconf 88' lang='lat' dir='ltr'><strong>eadem</strong></span> <span class='ocrx_word' id='word_1_509' title='bbox 2806 2640 3136 2705; x_wconf 82' lang='lat' dir='ltr'><strong>im-idamus,</strong></span> <span class='ocrx_word' id='word_1_510' title='bbox 3176 2643 3349 2697; x_wconf 91' lang='lat' dir='ltr'><strong>multo</strong></span> <span class='ocrx_word' id='word_1_511' title='bbox 3395 2657 3553 2697; x_wconf 84' lang='lat' dir='ltr'><strong>acer-</strong></span> 
     </span>
    </p>
   </div>
   <div class='ocr_carea' id='block_1_72' title="bbox 1968 2731 3553 2791">
    <p class='ocr_par' dir='ltr' id='par_1_72' title="bbox 1968 2731 3553 2791">
     <span class='ocr_line' id='line_1_72' title="bbox 1968 2731 3553 2791; baseline 0.003 -5"><span class='ocrx_word' id='word_1_512' title='bbox 1968 2731 2124 2788; x_wconf 89' lang='lat' dir='ltr'><strong>biora</strong></span> <span class='ocrx_word' id='word_1_513' title='bbox 2161 2731 2278 2788; x_wconf 79' lang='lat' dir='ltr'><strong>fore</strong></span> <span class='ocrx_word' id='word_1_514' title='bbox 2325 2735 2655 2790; x_wconf 87' lang='lat' dir='ltr'><strong>credendum</strong></span> <span class='ocrx_word' id='word_1_515' title='bbox 2689 2744 2792 2789; x_wconf 91' lang='lat' dir='ltr'><strong>est.</strong></span> <span class='ocrx_word' id='word_1_516' title='bbox 2839 2733 2911 2789; x_wconf 88' lang='lat' dir='ltr'><strong>Ut</strong></span> <span class='ocrx_word' id='word_1_517' title='bbox 2944 2734 3281 2791; x_wconf 79' lang='lat' dir='ltr'><strong>insensibilis</strong></span> <span class='ocrx_word' id='word_1_518' title='bbox 3321 2746 3375 2790; x_wconf 77' lang='lat' dir='ltr'><strong>et</strong></span> <span class='ocrx_word' id='word_1_519' title='bbox 3421 2753 3553 2790; x_wconf 86' lang='lat' dir='ltr'><strong>con-</strong></span> 
     </span>
    </p>
   </div>
   <div class='ocr_carea' id='block_1_73' title="bbox 1969 2827 3553 2896">
    <p class='ocr_par' dir='ltr' id='par_1_73' title="bbox 1969 2827 3553 2896">
     <span class='ocr_line' id='line_1_73' title="bbox 1969 2827 3553 2896; baseline 0.001 -17"><span class='ocrx_word' id='word_1_520' title='bbox 1969 2832 2204 2894; x_wconf 86' lang='lat' dir='ltr'><strong>temptor</strong></span> <span class='ocrx_word' id='word_1_521' title='bbox 2236 2833 2366 2882; x_wconf 88' lang='lat' dir='ltr'><strong>tunc</strong></span> <span class='ocrx_word' id='word_1_522' title='bbox 2393 2827 2618 2896; x_wconf 88' lang='lat' dir='ltr'><strong>punitur</strong></span> <span class='ocrx_word' id='word_1_523' title='bbox 2655 2835 2751 2881; x_wconf 89' lang='lat' dir='ltr'><strong>:et</strong></span> <span class='ocrx_word' id='word_1_524' title='bbox 2781 2843 2879 2882; x_wconf 90' lang='lat' dir='ltr'><strong>cur</strong></span> <span class='ocrx_word' id='word_1_525' title='bbox 2913 2843 3021 2880; x_wconf 91' lang='lat' dir='ltr'><strong>non</strong></span> <span class='ocrx_word' id='word_1_526' title='bbox 3053 2843 3244 2882; x_wconf 87' lang='lat' dir='ltr'><strong>omnes</strong></span> <span class='ocrx_word' id='word_1_527' title='bbox 3279 2827 3350 2881; x_wconf 89' lang='lat' dir='ltr'><strong>ibi</strong></span> <span class='ocrx_word' id='word_1_528' title='bbox 3377 2831 3520 2882; x_wconf 83' lang='lat' dir='ltr'><strong>curri</strong></span> <span class='ocrx_word' id='word_1_529' title='bbox 3541 2858 3553 2866; x_wconf 93' lang='lat'><strong><em>-</em></strong></span> 
     </span>
    </p>
   </div>
   <div class='ocr_carea' id='block_1_74' title="bbox 1970 2917 3554 2994">
    <p class='ocr_par' dir='ltr' id='par_1_74' title="bbox 1970 2917 3554 2994">
     <span class='ocr_line' id='line_1_74' title="bbox 1970 2917 3554 2994; baseline 0.003 -24"><span class='ocrx_word' id='word_1_530' title='bbox 1970 2917 2390 2987; x_wconf 84' lang='lat' dir='ltr'><strong>piuntur?quia</strong></span> <span class='ocrx_word' id='word_1_531' title='bbox 2451 2918 2694 2994; x_wconf 76' lang='lat' dir='ltr'><strong>longiore</strong></span> <span class='ocrx_word' id='word_1_532' title='bbox 2745 2919 2987 2990; x_wconf 78' lang='lat' dir='ltr'><strong>indigent</strong></span> <span class='ocrx_word' id='word_1_533' title='bbox 3040 2934 3200 2990; x_wconf 78' lang='lat' dir='ltr'><strong>pmna</strong></span> <span class='ocrx_word' id='word_1_534' title='bbox 3247 2934 3410 2989; x_wconf 82' lang='lat' dir='ltr'><strong>quam</strong></span> <span class='ocrx_word' id='word_1_535' title='bbox 3456 2935 3554 2985; x_wconf 84' lang='lat' dir='ltr'><strong>pro</strong></span> 
     </span>
    </p>
   </div>
   <div class='ocr_carea' id='block_1_75' title="bbox 1970 3011 3550 3082">
    <p class='ocr_par' dir='ltr' id='par_1_75' title="bbox 1970 3011 3550 3082">
     <span class='ocr_line' id='line_1_75' title="bbox 1970 3011 3550 3082; baseline 0.004 -19"><span class='ocrx_word' id='word_1_536' title='bbox 1970 3016 2221 3080; x_wconf 90' lang='lat' dir='ltr'><strong>tempore</strong></span> <span class='ocrx_word' id='word_1_537' title='bbox 2262 3011 2518 3067; x_wconf 82' lang='lat' dir='ltr'><strong>humanae</strong></span> <span class='ocrx_word' id='word_1_538' title='bbox 2552 3013 2713 3079; x_wconf 64' lang='lat' dir='ltr'><strong>vitae;</strong></span> <span class='ocrx_word' id='word_1_539' title='bbox 2751 3025 2805 3068; x_wconf 87' lang='lat' dir='ltr'><strong>et</strong></span> <span class='ocrx_word' id='word_1_540' title='bbox 2835 3014 2979 3082; x_wconf 89' lang='lat' dir='ltr'><strong>quod</strong></span> <span class='ocrx_word' id='word_1_541' title='bbox 3017 3014 3100 3070; x_wconf 90' lang='lat' dir='ltr'><strong>sic</strong></span> <span class='ocrx_word' id='word_1_542' title='bbox 3140 3030 3202 3069; x_wconf 92' lang='lat' dir='ltr'><strong>sc</strong></span> <span class='ocrx_word' id='word_1_543' title='bbox 3235 3031 3322 3071; x_wconf 82' lang='lat' dir='ltr'><strong>res</strong></span> <span class='ocrx_word' id='word_1_544' title='bbox 3359 3015 3550 3070; x_wconf 84' lang='lat' dir='ltr'><strong>habeat</strong></span> 
     </span>
    </p>
   </div>
   <div class='ocr_carea' id='block_1_76' title="bbox 1970 3101 3554 3176">
    <p class='ocr_par' dir='ltr' id='par_1_76' title="bbox 1970 3101 3554 3176">
     <span class='ocr_line' id='line_1_76' title="bbox 1970 3101 3554 3176; baseline 0.003 -20"><span class='ocrx_word' id='word_1_545' title='bbox 1970 3102 2095 3156; x_wconf 88' lang='lat' dir='ltr'><strong>audi</strong></span> <span class='ocrx_word' id='word_1_546' title='bbox 2125 3101 2353 3158; x_wconf 85' lang='lat' dir='ltr'><strong>Paulum</strong></span> <span class='ocrx_word' id='word_1_547' title='bbox 2389 3105 2693 3172; x_wconf 88' lang='lat' dir='ltr'><strong>dicentem;</strong></span> <span class='ocrx_word' id='word_1_548' title='bbox 2721 3105 2966 3160; x_wconf 83' lang='lat' dir='ltr'><strong>Judt&#39;cati</strong></span> <span class='ocrx_word' id='word_1_549' title='bbox 2991 3123 3022 3160; x_wconf 90' lang='lat' dir='ltr'><strong>a</strong></span> <span class='ocrx_word' id='word_1_550' title='bbox 3059 3107 3286 3163; x_wconf 84' lang='lat' dir='ltr'><strong>Domino</strong></span> <span class='ocrx_word' id='word_1_551' title='bbox 3327 3109 3554 3176; x_wconf 86' lang='lat' dir='ltr'><strong>corripi-</strong></span> 
     </span>
    </p>
   </div>
   <div class='ocr_carea' id='block_1_77' title="bbox 1973 3196 3566 3260">
    <p class='ocr_par' dir='ltr' id='par_1_77' title="bbox 1973 3196 3566 3260">
     <span class='ocr_line' id='line_1_77' title="bbox 1973 3196 3566 3260; baseline 0.004 -13"><span class='ocrx_word' id='word_1_552' title='bbox 1973 3209 2112 3260; x_wconf 84' lang='lat' dir='ltr'><strong>mur,</strong></span> <span class='ocrx_word' id='word_1_553' title='bbox 2148 3213 2211 3250; x_wconf 86' lang='lat' dir='ltr'><strong>ue</strong></span> <span class='ocrx_word' id='word_1_554' title='bbox 2241 3213 2361 3251; x_wconf 82' lang='lat' dir='ltr'><strong>cum</strong></span> <span class='ocrx_word' id='word_1_555' title='bbox 2410 3196 2507 3252; x_wconf 86' lang='lat' dir='ltr'><strong>ltoc</strong></span> <span class='ocrx_word' id='word_1_556' title='bbox 2548 3200 2745 3254; x_wconf 86' lang='lat' dir='ltr'><strong>mundo</strong></span> <span class='ocrx_word' id='word_1_557' title='bbox 2785 3200 3117 3256; x_wconf 84' lang='lat' dir='ltr'><strong>damnentur.</strong></span> <span class='ocrx_word' id='word_1_558' title='bbox 3151 3201 3322 3258; x_wconf 80' lang='lat' dir='ltr'><strong>Morbi</strong></span> <span class='ocrx_word' id='word_1_559' title='bbox 3369 3202 3566 3257; x_wconf 85' lang='lat' dir='ltr'><strong>incur—.</strong></span> 
     </span>
    </p>
   </div>
   <div class='ocr_carea' id='block_1_78' title="bbox 1971 3287 3552 3366">
    <p class='ocr_par' dir='ltr' id='par_1_78' title="bbox 1971 3287 3552 3366">
     <span class='ocr_line' id='line_1_78' title="bbox 1971 3287 3552 3366; baseline 0.008 -28"><span class='ocrx_word' id='word_1_560' title='bbox 1971 3296 2102 3342; x_wconf 86' lang='lat' dir='ltr'><strong>runt</strong></span> <span class='ocrx_word' id='word_1_561' title='bbox 2134 3287 2205 3343; x_wconf 91' lang='lat' dir='ltr'><strong>ob</strong></span> <span class='ocrx_word' id='word_1_562' title='bbox 2253 3300 2558 3358; x_wconf 90' lang='lat' dir='ltr'><strong>peccatum,</strong></span> <span class='ocrx_word' id='word_1_563' title='bbox 2600 3301 2658 3346; x_wconf 89' lang='lat' dir='ltr'><strong>ut</strong></span> <span class='ocrx_word' id='word_1_564' title='bbox 2693 3291 2748 3346; x_wconf 91' lang='lat' dir='ltr'><strong>in</strong></span> <span class='ocrx_word' id='word_1_565' title='bbox 2786 3293 3003 3362; x_wconf 78' lang='lat' dir='ltr'><strong>palatiis</strong></span> <span class='ocrx_word' id='word_1_566' title='bbox 3034 3293 3284 3350; x_wconf 83' lang='lat' dir='ltr'><strong>videmus</strong></span> <span class='ocrx_word' id='word_1_567' title='bbox 3315 3295 3552 3366; x_wconf 87' lang='lat' dir='ltr'><strong>aliquem</strong></span> 
     </span>
    </p>
   </div>
   <div class='ocr_carea' id='block_1_79' title="bbox 1970 3382 3555 3454">
    <p class='ocr_par' dir='ltr' id='par_1_79' title="bbox 1970 3382 3555 3454">
     <span class='ocr_line' id='line_1_79' title="bbox 1970 3382 3555 3454; baseline 0.005 -18"><span class='ocrx_word' id='word_1_568' title='bbox 1970 3382 2210 3454; x_wconf 81' lang='lat' dir='ltr'><strong>podagra</strong></span> <span class='ocrx_word' id='word_1_569' title='bbox 2258 3384 2625 3454; x_wconf 86' lang='lat' dir='ltr'><strong>laborantem,</strong></span> <span class='ocrx_word' id='word_1_570' title='bbox 2672 3395 2726 3442; x_wconf 89' lang='lat' dir='ltr'><strong>et</strong></span> <span class='ocrx_word' id='word_1_571' title='bbox 2781 3387 2852 3442; x_wconf 93' lang='lat' dir='ltr'><strong>ob</strong></span> <span class='ocrx_word' id='word_1_572' title='bbox 2899 3387 3096 3444; x_wconf 88' lang='lat' dir='ltr'><strong>bonam</strong></span> <span class='ocrx_word' id='word_1_573' title='bbox 3132 3387 3356 3454; x_wconf 81' lang='lat' dir='ltr'><strong>famam,</strong></span> <span class='ocrx_word' id='word_1_574' title='bbox 3394 3397 3454 3444; x_wconf 86' lang='lat' dir='ltr'><strong>ut</strong></span> <span class='ocrx_word' id='word_1_575' title='bbox 3501 3390 3555 3444; x_wconf 90' lang='lat' dir='ltr'><strong>in</strong></span> 
     </span>
    </p>
   </div>
   <div class='ocr_carea' id='block_1_80' title="bbox 1970 3473 3416 3552">
    <p class='ocr_par' dir='ltr' id='par_1_80' title="bbox 1970 3473 3416 3552">
     <span class='ocr_line' id='line_1_80' title="bbox 1970 3473 3416 3552; baseline 0.006 -22"><span class='ocrx_word' id='word_1_576' title='bbox 1970 3473 2073 3530; x_wconf 83' lang='lat' dir='ltr'><strong>Job</strong></span> <span class='ocrx_word' id='word_1_577' title='bbox 2103 3475 2380 3545; x_wconf 87' lang='lat' dir='ltr'><strong>videmus;</strong></span> <span class='ocrx_word' id='word_1_578' title='bbox 2413 3477 2669 3534; x_wconf 89' lang='lat' dir='ltr'><strong>oriuntur</strong></span> <span class='ocrx_word' id='word_1_579' title='bbox 2705 3479 2870 3535; x_wconf 88' lang='lat' dir='ltr'><strong>etiam</strong></span> <span class='ocrx_word' id='word_1_580' title='bbox 2901 3495 2931 3535; x_wconf 90' lang='lat' dir='ltr'><strong>e</strong></span> <span class='ocrx_word' id='word_1_581' title='bbox 2956 3480 3172 3552; x_wconf 82' lang='lat' dir='ltr'><strong>pigritia</strong></span> <span class='ocrx_word' id='word_1_582' title='bbox 3196 3490 3249 3537; x_wconf 89' lang='lat' dir='ltr'><strong>et</strong></span> <span class='ocrx_word' id='word_1_583' title='bbox 3266 3479 3416 3552; x_wconf 80' lang='lat' dir='ltr'><strong>gula.</strong></span> 
     </span>
    </p>
   </div>
   <div class='ocr_carea' id='block_1_81' title="bbox 2047 3757 3561 3834">
    <p class='ocr_par' dir='ltr' id='par_1_81' title="bbox 2047 3757 3561 3834">
     <span class='ocr_line' id='line_1_81' title="bbox 2047 3757 3561 3834; baseline 0.006 -23"><span class='ocrx_word' id='word_1_584' title='bbox 2047 3757 2208 3813; x_wconf 65' lang='lat' dir='ltr'><strong>Vens.</strong></span> <span class='ocrx_word' id='word_1_585' title='bbox 2249 3757 2333 3812; x_wconf 84' lang='lat' dir='ltr'><strong>l7.</strong></span> <span class='ocrx_word' id='word_1_586' title='bbox 2375 3757 2544 3813; x_wconf 85' lang='lat' dir='ltr'><strong>Pater</strong></span> <span class='ocrx_word' id='word_1_587' title='bbox 2589 3775 2734 3814; x_wconf 81' lang='lat' dir='ltr'><strong>meus</strong></span> <span class='ocrx_word' id='word_1_588' title='bbox 2793 3777 2954 3828; x_wconf 76' lang='lat' dir='ltr'><strong>usque</strong></span> <span class='ocrx_word' id='word_1_589' title='bbox 3007 3763 3160 3816; x_wconf 86' lang='lat' dir='ltr'><strong>modo</strong></span> <span class='ocrx_word' id='word_1_590' title='bbox 3208 3773 3460 3834; x_wconf 81' lang='lat' dir='ltr'><strong>operatur</strong></span> <span class='ocrx_word' id='word_1_591' title='bbox 3509 3777 3561 3820; x_wconf 85' lang='lat' dir='ltr'><strong>et</strong></span> 
     </span>
    </p>
   </div>
   <div class='ocr_carea' id='block_1_82' title="bbox 1973 3852 3574 3927">
    <p class='ocr_par' dir='ltr' id='par_1_82' title="bbox 1973 3852 3574 3927">
     <span class='ocr_line' id='line_1_82' title="bbox 1973 3852 3574 3927; baseline 0.008 -24"><span class='ocrx_word' id='word_1_592' title='bbox 1973 3867 2064 3921; x_wconf 78' lang='lat' dir='ltr'><strong>ego</strong></span> <span class='ocrx_word' id='word_1_593' title='bbox 2095 3867 2313 3920; x_wconf 82' lang='lat' dir='ltr'><strong>operor,</strong></span> <span class='ocrx_word' id='word_1_594' title='bbox 2356 3852 2989 3910; x_wconf 87' lang='lat' dir='ltr'><strong>consubstantialitatem</strong></span> <span class='ocrx_word' id='word_1_595' title='bbox 3041 3857 3320 3923; x_wconf 86' lang='lat' dir='ltr'><strong>ostendit;</strong></span> <span class='ocrx_word' id='word_1_596' title='bbox 3362 3865 3418 3914; x_wconf 90' lang='lat' dir='ltr'><strong>et</strong></span> <span class='ocrx_word' id='word_1_597' title='bbox 3464 3874 3574 3927; x_wconf 57' lang='lat' dir='ltr'><strong>eos,</strong></span> 
     </span>
    </p>
   </div>
   <div class='ocr_carea' id='block_1_83' title="bbox 1975 3944 3554 4018">
    <p class='ocr_par' dir='ltr' id='par_1_83' title="bbox 1975 3944 3554 4018">
     <span class='ocr_line' id='line_1_83' title="bbox 1975 3944 3554 4018; baseline 0.005 -20"><span class='ocrx_word' id='word_1_598' title='bbox 1975 3945 2183 4000; x_wconf 87' lang='lat' dir='ltr'><strong>inducit</strong></span> <span class='ocrx_word' id='word_1_599' title='bbox 2224 3945 2293 3999; x_wconf 89' lang='lat' dir='ltr'><strong>ab</strong></span> <span class='ocrx_word' id='word_1_600' title='bbox 2322 3944 2683 4001; x_wconf 88' lang='lat' dir='ltr'><strong>obcdiendum</strong></span> <span class='ocrx_word' id='word_1_601' title='bbox 2716 3946 2794 4000; x_wconf 86' lang='lat' dir='ltr'><strong>illi</strong></span> <span class='ocrx_word' id='word_1_602' title='bbox 2823 3955 2879 4002; x_wconf 89' lang='lat' dir='ltr'><strong>ut</strong></span> <span class='ocrx_word' id='word_1_603' title='bbox 2918 3947 3056 4013; x_wconf 78' lang='lat' dir='ltr'><strong>Deo;</strong></span> <span class='ocrx_word' id='word_1_604' title='bbox 3091 3950 3218 4018; x_wconf 85' lang='lat' dir='ltr'><strong>quia</strong></span> <span class='ocrx_word' id='word_1_605' title='bbox 3247 3948 3554 4008; x_wconf 86' lang='lat' dir='ltr'><strong>Providen-</strong></span> 
     </span>
    </p>
   </div>
   <div class='ocr_carea' id='block_1_84' title="bbox 1975 4036 3567 4116">
    <p class='ocr_par' dir='ltr' id='par_1_84' title="bbox 1975 4036 3567 4116">
     <span class='ocr_line' id='line_1_84' title="bbox 1975 4036 3567 4116; baseline 0.007 -25"><span class='ocrx_word' id='word_1_606' title='bbox 1975 4037 2064 4092; x_wconf 67' lang='lat' dir='ltr'><strong>tiae</strong></span> <span class='ocrx_word' id='word_1_607' title='bbox 2090 4037 2264 4094; x_wconf 84' lang='lat' dir='ltr'><strong>virtus</strong></span> <span class='ocrx_word' id='word_1_608' title='bbox 2289 4047 2343 4093; x_wconf 91' lang='lat' dir='ltr'><strong>et</strong></span> <span class='ocrx_word' id='word_1_609' title='bbox 2367 4037 2420 4092; x_wconf 91' lang='lat' dir='ltr'><strong>in</strong></span> <span class='ocrx_word' id='word_1_610' title='bbox 2455 4036 2693 4094; x_wconf 86' lang='lat' dir='ltr'><strong>Sabbato</strong></span> <span class='ocrx_word' id='word_1_611' title='bbox 2721 4040 2969 4107; x_wconf 77' lang='lat' dir='ltr'><strong>exsistit;</strong></span> <span class='ocrx_word' id='word_1_612' title='bbox 3011 4040 3129 4096; x_wconf 86' lang='lat' dir='ltr'><strong>ﬂuit</strong></span> <span class='ocrx_word' id='word_1_613' title='bbox 3154 4047 3298 4098; x_wconf 89' lang='lat' dir='ltr'><strong>enim</strong></span> <span class='ocrx_word' id='word_1_614' title='bbox 3319 4059 3484 4116; x_wconf 87' lang='lat' dir='ltr'><strong>aqua,</strong></span> <span class='ocrx_word' id='word_1_615' title='bbox 3511 4055 3567 4102; x_wconf 87' lang='lat' dir='ltr'><strong>et</strong></span> 
     </span>
    </p>
   </div>
   <div class='ocr_carea' id='block_1_85' title="bbox 1976 4128 3262 4196">
    <p class='ocr_par' dir='ltr' id='par_1_85' title="bbox 1976 4128 3262 4196">
     <span class='ocr_line' id='line_1_85' title="bbox 1976 4128 3262 4196; baseline 0.007 -13"><span class='ocrx_word' id='word_1_616' title='bbox 1976 4128 2160 4183; x_wconf 88' lang='lat' dir='ltr'><strong>omnia</strong></span> <span class='ocrx_word' id='word_1_617' title='bbox 2195 4129 2558 4196; x_wconf 88' lang='lat' dir='ltr'><strong>seminantur,</strong></span> <span class='ocrx_word' id='word_1_618' title='bbox 2589 4141 2848 4186; x_wconf 85' lang='lat' dir='ltr'><strong>crescunt</strong></span> <span class='ocrx_word' id='word_1_619' title='bbox 2873 4141 2928 4188; x_wconf 89' lang='lat' dir='ltr'><strong>et</strong></span> <span class='ocrx_word' id='word_1_620' title='bbox 2952 4145 3262 4192; x_wconf 84' lang='lat' dir='ltr'><strong>moventur.</strong></span> 
     </span>
    </p>
   </div>
   <div class='ocr_carea' id='block_1_86' title="bbox 2050 4221 3564 4303">
    <p class='ocr_par' dir='ltr' id='par_1_86' title="bbox 2050 4221 3564 4303">
     <span class='ocr_line' id='line_1_86' title="bbox 2050 4221 3564 4303; baseline 0.006 -26"><span class='ocrx_word' id='word_1_621' title='bbox 2050 4222 2214 4278; x_wconf 70' lang='lat' dir='ltr'><strong>Vens.</strong></span> <span class='ocrx_word' id='word_1_622' title='bbox 2251 4221 2487 4279; x_wconf 81' lang='lat' dir='ltr'><strong>l9.-Nou</strong></span> <span class='ocrx_word' id='word_1_623' title='bbox 2515 4233 2683 4293; x_wconf 74' lang='lat' dir='ltr'><strong>potest</strong></span> <span class='ocrx_word' id='word_1_624' title='bbox 2715 4224 2892 4280; x_wconf 72' lang='lat' dir='ltr'><strong>Filius</strong></span> <span class='ocrx_word' id='word_1_625' title='bbox 2919 4243 2952 4280; x_wconf 89' lang='lat' dir='ltr'><strong>a</strong></span> <span class='ocrx_word' id='word_1_626' title='bbox 2973 4243 3028 4281; x_wconf 79' lang='lat' dir='ltr'><strong>se</strong></span> <span class='ocrx_word' id='word_1_627' title='bbox 3057 4228 3230 4296; x_wconf 74' lang='lat' dir='ltr'><strong>[arere</strong></span> <span class='ocrx_word' id='word_1_628' title='bbox 3249 4230 3564 4303; x_wconf 83' lang='lat' dir='ltr'><strong>quidquam,</strong></span> 
     </span>
    </p>
   </div>
   <div class='ocr_carea' id='block_1_87' title="bbox 1977 4315 3564 4387">
    <p class='ocr_par' dir='ltr' id='par_1_87' title="bbox 1977 4315 3564 4387">
     <span class='ocr_line' id='line_1_87' title="bbox 1977 4315 3564 4387; baseline 0.004 -15"><span class='ocrx_word' id='word_1_629' title='bbox 1977 4332 2077 4387; x_wconf 91' lang='lat' dir='ltr'><strong>pro</strong></span> <span class='ocrx_word' id='word_1_630' title='bbox 2103 4316 2226 4374; x_wconf 86' lang='lat' dir='ltr'><strong>Siue</strong></span> <span class='ocrx_word' id='word_1_631' title='bbox 2249 4315 2520 4382; x_wconf 86' lang='lat' dir='ltr'><strong>Patre;id</strong></span> <span class='ocrx_word' id='word_1_632' title='bbox 2550 4327 2634 4373; x_wconf 88' lang='lat' dir='ltr'><strong>est</strong></span> <span class='ocrx_word' id='word_1_633' title='bbox 2664 4317 2801 4374; x_wconf 89' lang='lat' dir='ltr'><strong>nihil</strong></span> <span class='ocrx_word' id='word_1_634' title='bbox 2835 4317 3098 4382; x_wconf 88' lang='lat' dir='ltr'><strong>alienum,</strong></span> <span class='ocrx_word' id='word_1_635' title='bbox 3135 4321 3268 4376; x_wconf 90' lang='lat' dir='ltr'><strong>nihil</strong></span> <span class='ocrx_word' id='word_1_636' title='bbox 3295 4335 3564 4379; x_wconf 80' lang='lat' dir='ltr'><strong>extet-um.</strong></span> 
     </span>
    </p>
   </div>
   <div class='ocr_carea' id='block_1_88' title="bbox 1979 4409 3568 4487">
    <p class='ocr_par' dir='ltr' id='par_1_88' title="bbox 1979 4409 3568 4487">
     <span class='ocr_line' id='line_1_88' title="bbox 1979 4409 3568 4487; baseline 0.003 -21"><span class='ocrx_word' id='word_1_637' title='bbox 1979 4410 2038 4466; x_wconf 88' lang='lat' dir='ltr'><strong>Si</strong></span> <span class='ocrx_word' id='word_1_638' title='bbox 2069 4411 2214 4465; x_wconf 89' lang='lat' dir='ltr'><strong>enim</strong></span> <span class='ocrx_word' id='word_1_639' title='bbox 2241 4409 2386 4466; x_wconf 79' lang='lat' dir='ltr'><strong>istud</strong></span> <span class='ocrx_word' id='word_1_640' title='bbox 2415 4426 2523 4464; x_wconf 92' lang='lat' dir='ltr'><strong>non</strong></span> <span class='ocrx_word' id='word_1_641' title='bbox 2560 4411 2702 4466; x_wconf 83' lang='lat' dir='ltr'><strong>idem</strong></span> <span class='ocrx_word' id='word_1_642' title='bbox 2744 4420 2830 4467; x_wconf 88' lang='lat' dir='ltr'><strong>est</strong></span> <span class='ocrx_word' id='word_1_643' title='bbox 2856 4428 2922 4468; x_wconf 90' lang='lat' dir='ltr'><strong>ac</strong></span> <span class='ocrx_word' id='word_1_644' title='bbox 2955 4428 2974 4466; x_wconf 91' lang='lat'><strong><em>:</em></strong></span> <span class='ocrx_word' id='word_1_645' title='bbox 3010 4412 3176 4468; x_wconf 82' lang='lat' dir='ltr'><strong>Pater</strong></span> <span class='ocrx_word' id='word_1_646' title='bbox 3217 4430 3362 4470; x_wconf 71' lang='lat' dir='ltr'><strong>meus</strong></span> <span class='ocrx_word' id='word_1_647' title='bbox 3404 4433 3568 4487; x_wconf 80' lang='lat' dir='ltr'><strong>usque</strong></span> 
     </span>
    </p>
   </div>
   <div class='ocr_carea' id='block_1_89' title="bbox 1982 4506 3571 4575">
    <p class='ocr_par' dir='ltr' id='par_1_89' title="bbox 1982 4506 3571 4575">
     <span class='ocr_line' id='line_1_89' title="bbox 1982 4506 3571 4575; baseline 0.004 -19"><span class='ocrx_word' id='word_1_648' title='bbox 1982 4506 2136 4556; x_wconf 84' lang='lat' dir='ltr'><strong>modo</strong></span> <span class='ocrx_word' id='word_1_649' title='bbox 2166 4513 2416 4572; x_wconf 81' lang='lat' dir='ltr'><strong>operatur</strong></span> <span class='ocrx_word' id='word_1_650' title='bbox 2445 4513 2496 4558; x_wconf 91' lang='lat' dir='ltr'><strong>et</strong></span> <span class='ocrx_word' id='word_1_651' title='bbox 2547 4520 2641 4575; x_wconf 88' lang='lat' dir='ltr'><strong>ego</strong></span> <span class='ocrx_word' id='word_1_652' title='bbox 2673 4521 2881 4574; x_wconf 77' lang='lat' dir='ltr'><strong>operor,</strong></span> <span class='ocrx_word' id='word_1_653' title='bbox 2927 4508 3352 4563; x_wconf 84' lang='lat' dir='ltr'><strong>contradictoria</strong></span> <span class='ocrx_word' id='word_1_654' title='bbox 3391 4509 3571 4564; x_wconf 76' lang='lat' dir='ltr'><strong>iurent</strong></span> 
     </span>
    </p>
   </div>
   <div class='ocr_carea' id='block_1_90' title="bbox 288 4596 1870 4686">
    <p class='ocr_par' dir='ltr' id='par_1_90' title="bbox 288 4609 1870 4686">
     <span class='ocr_line' id='line_1_90' title="bbox 288 4609 1870 4686; baseline 0 -20"><span class='ocrx_word' id='word_1_655' title='bbox 288 4634 370 4685; x_wconf 82' lang='grc' dir='ltr'><strong>τῳ</strong></span> <span class='ocrx_word' id='word_1_656' title='bbox 391 4614 454 4668; x_wconf 81' lang='grc' dir='ltr'>τὸ</span> <span class='ocrx_word' id='word_1_657' title='bbox 472 4611 655 4686; x_wconf 75' lang='grc' dir='ltr'>ῥητόν·</span> <span class='ocrx_word' id='word_1_658' title='bbox 667 4612 728 4665; x_wconf 78' lang='grc' dir='ltr'><strong>Ἀ</strong></span> <span class='ocrx_word' id='word_1_659' title='bbox 750 4609 879 4679; x_wconf 83' lang='grc' dir='ltr'>γὰρ,</span> <span class='ocrx_word' id='word_1_660' title='bbox 897 4609 1080 4679; x_wconf 65' lang='grc' dir='ltr'>φησιν,</span> <span class='ocrx_word' id='word_1_661' title='bbox 1099 4610 1132 4662; x_wconf 88' lang='grc' dir='ltr'><em>ὁ</em></span> <span class='ocrx_word' id='word_1_662' title='bbox 1149 4609 1350 4676; x_wconf 79' lang='grc' dir='ltr'>Πατὴρ</span> <span class='ocrx_word' id='word_1_663' title='bbox 1368 4609 1546 4675; x_wconf 79' lang='grc' dir='ltr'>ποιεῖ,</span> <span class='ocrx_word' id='word_1_664' title='bbox 1568 4610 1755 4666; x_wconf 84' lang='grc' dir='ltr'>ταῦτα</span> <span class='ocrx_word' id='word_1_665' title='bbox 1780 4610 1870 4666; x_wconf 72' lang='grc' dir='ltr'><strong>καί</strong></span> 
     </span>
    </p>
   </div>
   <div class='ocr_carea' id='block_1_91' title="bbox 1979 4596 3567 4686">
    <p class='ocr_par' dir='ltr' id='par_1_91' title="bbox 1989 4596 3567 4672">
     <span class='ocr_line' id='line_1_91' title="bbox 1989 4596 3567 4672; baseline 0.005 -21"><span class='ocrx_word' id='word_1_666' title='bbox 1989 4597 2102 4652; x_wconf 59' lang='lat' dir='ltr'><strong>haec</strong></span> <span class='ocrx_word' id='word_1_667' title='bbox 2131 4597 2294 4653; x_wconf 86' lang='lat' dir='ltr'><strong>verba</strong></span> <span class='ocrx_word' id='word_1_668' title='bbox 2330 4597 2471 4652; x_wconf 89' lang='lat' dir='ltr'><strong>inter</strong></span> <span class='ocrx_word' id='word_1_669' title='bbox 2504 4613 2584 4654; x_wconf 91' lang='lat' dir='ltr'><strong>se.</strong></span> <span class='ocrx_word' id='word_1_670' title='bbox 2624 4596 2755 4663; x_wconf 73' lang='lat' dir='ltr'><strong>Qum</strong></span> <span class='ocrx_word' id='word_1_671' title='bbox 2786 4599 2950 4661; x_wconf 87' lang='lat' dir='ltr'><strong>enim,</strong></span> <span class='ocrx_word' id='word_1_672' title='bbox 2973 4599 3070 4666; x_wconf 88' lang='lat' dir='ltr'><strong>ait,</strong></span> <span class='ocrx_word' id='word_1_673' title='bbox 3092 4598 3254 4655; x_wconf 85' lang='lat' dir='ltr'><strong>Pater</strong></span> <span class='ocrx_word' id='word_1_674' title='bbox 3275 4601 3429 4672; x_wconf 78' lang='lat' dir='ltr'><strong>facit,</strong></span> <span class='ocrx_word' id='word_1_675' title='bbox 3454 4603 3567 4660; x_wconf 75' lang='grc' dir='ltr'>Ιιαιο</span> 
     </span>
    </p>
   </div>
   <div class='ocr_carea' id='block_1_92' title="bbox 291 4699 1876 4778">
    <p class='ocr_par' dir='ltr' id='par_1_92' title="bbox 291 4699 1876 4778">
     <span class='ocr_line' id='line_1_92' title="bbox 291 4699 1876 4778; baseline -0.003 -13"><span class='ocrx_word' id='word_1_676' title='bbox 291 4715 326 4766; x_wconf 82' lang='grc' dir='ltr'><em>ὁ</em></span> <span class='ocrx_word' id='word_1_677' title='bbox 356 4708 490 4775; x_wconf 81' lang='grc' dir='ltr'><strong>Υιός</strong></span> <span class='ocrx_word' id='word_1_678' title='bbox 507 4705 724 4778; x_wconf 81' lang='grc' dir='ltr'>ὁμοίως</span> <span class='ocrx_word' id='word_1_679' title='bbox 741 4702 916 4758; x_wconf 83' lang='grc' dir='ltr'>ποιεῖ·</span> <span class='ocrx_word' id='word_1_680' title='bbox 948 4699 1214 4754; x_wconf 76' lang='grc' dir='ltr'>καὶτοῦτο</span> <span class='ocrx_word' id='word_1_681' title='bbox 1237 4701 1293 4755; x_wconf 80' lang='grc' dir='ltr'><strong>δὲ</strong></span> <span class='ocrx_word' id='word_1_682' title='bbox 1311 4702 1474 4755; x_wconf 88' lang='grc' dir='ltr'>πάλιν</span> <span class='ocrx_word' id='word_1_683' title='bbox 1500 4703 1564 4755; x_wconf 84' lang='grc' dir='ltr'><strong>τὸ</strong></span> <span class='ocrx_word' id='word_1_684' title='bbox 1588 4703 1876 4773; x_wconf 78' lang='grc' dir='ltr'>ὁμυούσιον</span> 
     </span>
    </p>
   </div>
   <div class='ocr_carea' id='block_1_93' title="bbox 293 4793 1878 4873">
    <p class='ocr_par' dir='ltr' id='par_1_93' title="bbox 293 4793 1878 4873">
     <span class='ocr_line' id='line_1_93' title="bbox 293 4793 1878 4873; baseline -0.004 -17"><span class='ocrx_word' id='word_1_685' title='bbox 293 4803 470 4873; x_wconf 87' lang='grc' dir='ltr'>κυροῖ.</span> <span class='ocrx_word' id='word_1_686' title='bbox 541 4797 653 4854; x_wconf 81' lang='lat' dir='ltr'><strong>Kal</strong></span> <span class='ocrx_word' id='word_1_687' title='bbox 703 4796 831 4868; x_wconf 82' lang='grc' dir='ltr'>μετ’</span> <span class='ocrx_word' id='word_1_688' title='bbox 887 4794 1065 4862; x_wconf 72' lang='grc' dir='ltr'>ὀλίγα</span> <span class='ocrx_word' id='word_1_689' title='bbox 1097 4810 1110 4824; x_wconf 77' lang='grc' dir='ltr'><strong>ο</strong></span> <span class='ocrx_word' id='word_1_690' title='bbox 1153 4793 1246 4858; x_wconf 83' lang='grc' dir='ltr'>Τὸ,</span> <span class='ocrx_word' id='word_1_691' title='bbox 1303 4797 1387 4848; x_wconf 86' lang='grc' dir='ltr'><strong>Οὺ</strong></span> <span class='ocrx_word' id='word_1_692' title='bbox 1449 4793 1722 4862; x_wconf 77' lang='grc' dir='ltr'>δύναται,</span> <span class='ocrx_word' id='word_1_693' title='bbox 1778 4798 1878 4850; x_wconf 78' lang='grc' dir='ltr'><strong>οὐκ</strong></span> 
     </span>
    </p>
   </div>
   <div class='ocr_carea' id='block_1_94' title="bbox 292 4885 1875 4961">
    <p class='ocr_par' dir='ltr' id='par_1_94' title="bbox 292 4885 1875 4961">
     <span class='ocr_line' id='line_1_94' title="bbox 292 4885 1875 4961; baseline -0.006 -13"><span class='ocrx_word' id='word_1_694' title='bbox 292 4893 603 4957; x_wconf 83' lang='grc' dir='ltr'>ἀσθενείας,</span> <span class='ocrx_word' id='word_1_695' title='bbox 634 4889 772 4945; x_wconf 86' lang='grc' dir='ltr'><strong>ἀλλά</strong></span> <span class='ocrx_word' id='word_1_696' title='bbox 803 4888 902 4961; x_wconf 83' lang='grc' dir='ltr'><strong>τῆς</strong></span> <span class='ocrx_word' id='word_1_697' title='bbox 935 4888 1110 4954; x_wconf 77' lang='grc' dir='ltr'>ἄκρας</span> <span class='ocrx_word' id='word_1_698' title='bbox 1141 4885 1279 4958; x_wconf 86' lang='grc' dir='ltr'>πρὸς</span> <span class='ocrx_word' id='word_1_699' title='bbox 1299 4886 1393 4940; x_wconf 86' lang='grc' dir='ltr'><strong>τὸν</strong></span> <span class='ocrx_word' id='word_1_700' title='bbox 1427 4886 1648 4956; x_wconf 83' lang='grc' dir='ltr'>Πατέρα</span> <span class='ocrx_word' id='word_1_701' title='bbox 1678 4903 1875 4939; x_wconf 88' lang='grc' dir='ltr'>ταυτο-</span> 
     </span>
    </p>
   </div>
   <div class='ocr_carea' id='block_1_95' title="bbox 295 4975 1876 5058">
    <p class='ocr_par' dir='ltr' id='par_1_95' title="bbox 295 4975 1876 5058">
     <span class='ocr_line' id='line_1_95' title="bbox 295 4975 1876 5058; baseline -0.013 -16"><span class='ocrx_word' id='word_1_702' title='bbox 295 4989 460 5058; x_wconf 63' lang='lat' dir='ltr'><strong>(puta;</strong></span> <span class='ocrx_word' id='word_1_703' title='bbox 503 5001 592 5056; x_wconf 84' lang='grc' dir='ltr'><strong>μοι</strong></span> <span class='ocrx_word' id='word_1_704' title='bbox 625 4982 918 5043; x_wconf 82' lang='grc' dir='ltr'>πίστωσις·</span> <span class='ocrx_word' id='word_1_705' title='bbox 965 4978 1028 5031; x_wconf 82' lang='grc' dir='ltr'><strong>τὸ</strong></span> <span class='ocrx_word' id='word_1_706' title='bbox 1067 4977 1176 5047; x_wconf 82' lang='grc' dir='ltr'>γὰρ</span> <span class='ocrx_word' id='word_1_707' title='bbox 1220 4976 1487 5032; x_wconf 84' lang='grc' dir='ltr'>ἀδύνατον</span> <span class='ocrx_word' id='word_1_708' title='bbox 1531 4976 1618 5045; x_wconf 79' lang='grc' dir='ltr'><strong>ἐφ’</strong></span> <span class='ocrx_word' id='word_1_709' title='bbox 1653 4975 1782 5030; x_wconf 78' lang='grc' dir='ltr'>Υίοῢ</span> <span class='ocrx_word' id='word_1_710' title='bbox 1814 4978 1876 5029; x_wconf 68' lang='grc' dir='ltr'><strong>οὐ</strong></span> 
     </span>
    </p>
   </div>
   <div class='ocr_carea' id='block_1_96' title="bbox 293 5066 1880 5148">
    <p class='ocr_par' dir='ltr' id='par_1_96' title="bbox 293 5066 1880 5148">
     <span class='ocr_line' id='line_1_96' title="bbox 293 5066 1880 5148; baseline -0.009 -14"><span class='ocrx_word' id='word_1_711' title='bbox 293 5083 356 5134; x_wconf 76' lang='grc' dir='ltr'><strong>τὸ</strong></span> <span class='ocrx_word' id='word_1_712' title='bbox 374 5077 760 5148; x_wconf 80' lang='grc' dir='ltr'>άνεγχώρητον</span> <span class='ocrx_word' id='word_1_713' title='bbox 785 5071 1059 5125; x_wconf 87' lang='grc' dir='ltr'>δείκνυσιν</span> <span class='ocrx_word' id='word_1_714' title='bbox 1075 5085 1087 5100; x_wconf 88' lang='grc'>·</span> <span class='ocrx_word' id='word_1_715' title='bbox 1110 5069 1187 5134; x_wconf 85' lang='grc' dir='ltr'>ὡς</span> <span class='ocrx_word' id='word_1_716' title='bbox 1207 5069 1268 5123; x_wconf 79' lang='grc' dir='ltr'>τὸ</span> <span class='ocrx_word' id='word_1_717' title='bbox 1289 5068 1552 5123; x_wconf 87' lang='grc' dir='ltr'>ἀδύνατον</span> <span class='ocrx_word' id='word_1_718' title='bbox 1572 5066 1880 5134; x_wconf 69' lang='grc' dir='ltr'>ψεύσασθαι</span> 
     </span>
    </p>
   </div>
   <div class='ocr_carea' id='block_1_97' title="bbox 296 5161 1877 5235">
    <p class='ocr_par' dir='ltr' id='par_1_97' title="bbox 296 5161 1877 5235">
     <span class='ocr_line' id='line_1_97' title="bbox 296 5161 1877 5235; baseline -0.006 -7"><span class='ocrx_word' id='word_1_719' title='bbox 296 5175 452 5234; x_wconf 77' lang='grc' dir='ltr'>Θεὸν,</span> <span class='ocrx_word' id='word_1_720' title='bbox 480 5173 580 5226; x_wconf 87' lang='grc' dir='ltr'><strong>ούκ</strong></span> <span class='ocrx_word' id='word_1_721' title='bbox 609 5168 916 5230; x_wconf 76' lang='grc' dir='ltr'>ἀσθενείας,</span> <span class='ocrx_word' id='word_1_722' title='bbox 951 5165 1068 5219; x_wconf 79' lang='grc' dir='ltr'>ἀλλ’</span> <span class='ocrx_word' id='word_1_723' title='bbox 1099 5166 1276 5235; x_wconf 81' lang='grc' dir='ltr'>ἄκρας</span> <span class='ocrx_word' id='word_1_724' title='bbox 1301 5163 1586 5234; x_wconf 85' lang='grc' dir='ltr'>δυνάμεως</span> <span class='ocrx_word' id='word_1_725' title='bbox 1631 5161 1877 5227; x_wconf 75' lang='grc' dir='ltr'>ἔνδειξις.</span> 
     </span>
    </p>
   </div>
   <div class='ocr_carea' id='block_1_98' title="bbox 297 5255 1881 5339">
    <p class='ocr_par' dir='ltr' id='par_1_98' title="bbox 297 5255 1881 5339">
     <span class='ocr_line' id='line_1_98' title="bbox 297 5255 1881 5339; baseline -0.009 -17"><span class='ocrx_word' id='word_1_726' title='bbox 297 5267 512 5339; x_wconf 79' lang='grc' dir='ltr'>Σφόδρα</span> <span class='ocrx_word' id='word_1_727' title='bbox 551 5265 661 5336; x_wconf 77' lang='grc' dir='ltr'><strong>γὰρ</strong></span> <span class='ocrx_word' id='word_1_728' title='bbox 696 5266 754 5316; x_wconf 79' lang='grc' dir='ltr'>ὲν</span> <span class='ocrx_word' id='word_1_729' title='bbox 789 5261 868 5332; x_wconf 84' lang='grc' dir='ltr'><strong>τῷ</strong></span> <span class='ocrx_word' id='word_1_730' title='bbox 910 5260 1199 5331; x_wconf 84' lang='grc' dir='ltr'>ἀληθεύειν</span> <span class='ocrx_word' id='word_1_731' title='bbox 1243 5257 1444 5329; x_wconf 78' lang='grc' dir='ltr'>πολλὴν</span> <span class='ocrx_word' id='word_1_732' title='bbox 1475 5257 1616 5326; x_wconf 79' lang='grc' dir='ltr'>ἔχων</span> <span class='ocrx_word' id='word_1_733' title='bbox 1658 5255 1758 5326; x_wconf 84' lang='grc' dir='ltr'><strong>τὴν</strong></span> <span class='ocrx_word' id='word_1_734' title='bbox 1786 5255 1881 5309; x_wconf 86' lang='grc' dir='ltr'><strong>δύ-</strong></span> 
     </span>
    </p>
   </div>
   <div class='ocr_carea' id='block_1_99' title="bbox 297 5352 1883 5432">
    <p class='ocr_par' dir='ltr' id='par_1_99' title="bbox 297 5352 1883 5432">
     <span class='ocr_line' id='line_1_99' title="bbox 297 5352 1883 5432; baseline -0.007 -16"><span class='ocrx_word' id='word_1_735' title='bbox 297 5379 484 5432; x_wconf 87' lang='grc' dir='ltr'>ναμιν,</span> <span class='ocrx_word' id='word_1_736' title='bbox 531 5361 632 5413; x_wconf 78' lang='grc' dir='ltr'><strong>οὐκ</strong></span> <span class='ocrx_word' id='word_1_737' title='bbox 669 5359 737 5414; x_wconf 82' lang='grc' dir='ltr'>ἂν</span> <span class='ocrx_word' id='word_1_738' title='bbox 778 5359 872 5412; x_wconf 78' lang='grc' dir='ltr'>ὑπ’</span> <span class='ocrx_word' id='word_1_739' title='bbox 913 5355 1199 5418; x_wconf 84' lang='grc' dir='ltr'>ἀσθενείας</span> <span class='ocrx_word' id='word_1_740' title='bbox 1239 5354 1590 5426; x_wconf 86' lang='grc' dir='ltr'>κατενεχθείη</span> <span class='ocrx_word' id='word_1_741' title='bbox 1645 5353 1783 5421; x_wconf 79' lang='grc' dir='ltr'>πρὸς</span> <span class='ocrx_word' id='word_1_742' title='bbox 1820 5352 1883 5405; x_wconf 73' lang='grc' dir='ltr'><strong>τὸ</strong></span> 
     </span>
    </p>
   </div>
   <div class='ocr_carea' id='block_1_100' title="bbox 295 5446 1882 5528">
    <p class='ocr_par' dir='ltr' id='par_1_100' title="bbox 295 5446 1882 5528">
     <span class='ocr_line' id='line_1_100' title="bbox 295 5446 1882 5528; baseline -0.007 -17"><span class='ocrx_word' id='word_1_743' title='bbox 295 5457 488 5528; x_wconf 75' lang='grc' dir='ltr'>ψεῦδος</span> <span class='ocrx_word' id='word_1_744' title='bbox 513 5473 526 5487; x_wconf 77' lang='grc' dir='ltr'><strong>ο</strong></span> <span class='ocrx_word' id='word_1_745' title='bbox 561 5454 731 5517; x_wconf 72' lang='grc' dir='ltr'>οὕτως</span> <span class='ocrx_word' id='word_1_746' title='bbox 771 5453 853 5518; x_wconf 78' lang='grc' dir='ltr'><strong>τὸ,</strong></span> <span class='ocrx_word' id='word_1_747' title='bbox 912 5453 996 5506; x_wconf 83' lang='grc' dir='ltr'><strong>Οὐ</strong></span> <span class='ocrx_word' id='word_1_748' title='bbox 1029 5449 1279 5504; x_wconf 80' lang='grc' dir='ltr'>δύναται</span> <span class='ocrx_word' id='word_1_749' title='bbox 1307 5451 1334 5503; x_wconf 88' lang='grc'>6</span> <span class='ocrx_word' id='word_1_750' title='bbox 1365 5451 1498 5516; x_wconf 79' lang='grc' dir='ltr'><strong>Υἱὸς</strong></span> <span class='ocrx_word' id='word_1_751' title='bbox 1528 5449 1632 5518; x_wconf 71' lang='grc' dir='ltr'><strong>ἀφ’</strong></span> <span class='ocrx_word' id='word_1_752' title='bbox 1662 5446 1882 5502; x_wconf 78' lang='grc' dir='ltr'>ἑαυτοῦ</span> 
     </span>
    </p>
   </div>
   <div class='ocr_carea' id='block_1_101' title="bbox 297 5540 1880 5617">
    <p class='ocr_par' dir='ltr' id='par_1_101' title="bbox 297 5540 1880 5617">
     <span class='ocr_line' id='line_1_101' title="bbox 297 5540 1880 5617; baseline -0.008 -11"><span class='ocrx_word' id='word_1_753' title='bbox 297 5550 495 5606; x_wconf 81' lang='grc' dir='ltr'>ποιεῖν</span> <span class='ocrx_word' id='word_1_754' title='bbox 515 5548 718 5614; x_wconf 79' lang='grc' dir='ltr'><strong>οὐδὲν,</strong></span> <span class='ocrx_word' id='word_1_755' title='bbox 745 5545 1128 5617; x_wconf 85' lang='grc' dir='ltr'>ἀνεγχώρητόν</span> <span class='ocrx_word' id='word_1_756' title='bbox 1155 5561 1290 5615; x_wconf 78' lang='grc' dir='ltr'>φησι</span> <span class='ocrx_word' id='word_1_757' title='bbox 1321 5543 1412 5596; x_wconf 81' lang='grc' dir='ltr'>τὸν</span> <span class='ocrx_word' id='word_1_758' title='bbox 1450 5543 1580 5596; x_wconf 79' lang='grc' dir='ltr'>Υῖὸν</span> <span class='ocrx_word' id='word_1_759' title='bbox 1607 5540 1880 5613; x_wconf 81' lang='grc' dir='ltr'>διῃρημέ-</span> 
     </span>
    </p>
   </div>
   <div class='ocr_carea' id='block_1_102' title="bbox 299 5633 1880 5714">
    <p class='ocr_par' dir='ltr' id='par_1_102' title="bbox 299 5633 1880 5714">
     <span class='ocr_line' id='line_1_102' title="bbox 299 5633 1880 5714; baseline -0.008 -16"><span class='ocrx_word' id='word_1_760' title='bbox 299 5661 400 5714; x_wconf 86' lang='grc' dir='ltr'><strong>νην</strong></span> <span class='ocrx_word' id='word_1_761' title='bbox 425 5641 518 5695; x_wconf 78' lang='grc' dir='ltr'>τοῦ</span> <span class='ocrx_word' id='word_1_762' title='bbox 557 5641 768 5710; x_wconf 74' lang='grc' dir='ltr'>[ἰατρὸς</span> <span class='ocrx_word' id='word_1_763' title='bbox 802 5639 947 5708; x_wconf 75' lang='grc' dir='ltr'>ἔχειν</span> <span class='ocrx_word' id='word_1_764' title='bbox 988 5638 1289 5708; x_wconf 73' lang='grc' dir='ltr'>ἐνέργειαν.</span> <span class='ocrx_word' id='word_1_765' title='bbox 1321 5636 1396 5690; x_wconf 80' lang='grc' dir='ltr'><strong>Οὐ</strong></span> <span class='ocrx_word' id='word_1_766' title='bbox 1430 5635 1539 5704; x_wconf 69' lang='grc' dir='ltr'><strong>γάρ</strong></span> <span class='ocrx_word' id='word_1_767' title='bbox 1568 5633 1793 5688; x_wconf 76' lang='grc' dir='ltr'>δυνατὸν</span> <span class='ocrx_word' id='word_1_768' title='bbox 1819 5633 1880 5686; x_wconf 82' lang='grc' dir='ltr'><strong>τὸ</strong></span> 
     </span>
    </p>
   </div>
   <div class='ocr_carea' id='block_1_103' title="bbox 302 5725 1882 5804">
    <p class='ocr_par' dir='ltr' id='par_1_103' title="bbox 302 5725 1882 5804">
     <span class='ocr_line' id='line_1_103' title="bbox 302 5725 1882 5804; baseline -0.007 -17"><span class='ocrx_word' id='word_1_769' title='bbox 302 5736 551 5804; x_wconf 74' lang='grc' dir='ltr'>γέννημα</span> <span class='ocrx_word' id='word_1_770' title='bbox 612 5731 738 5802; x_wconf 83' lang='grc' dir='ltr'>δίχα</span> <span class='ocrx_word' id='word_1_771' title='bbox 797 5729 892 5783; x_wconf 80' lang='grc' dir='ltr'>τοῦ</span> <span class='ocrx_word' id='word_1_772' title='bbox 961 5730 1325 5798; x_wconf 82' lang='grc' dir='ltr'>γεννήσαντος</span> <span class='ocrx_word' id='word_1_773' title='bbox 1383 5727 1440 5778; x_wconf 78' lang='grc' dir='ltr'><strong>τι</strong></span> <span class='ocrx_word' id='word_1_774' title='bbox 1503 5727 1714 5777; x_wconf 76' lang='grc' dir='ltr'>ποιεῖν’</span> <span class='ocrx_word' id='word_1_775' title='bbox 1780 5725 1882 5777; x_wconf 84' lang='grc' dir='ltr'><strong>ούκ</strong></span> 
     </span>
    </p>
   </div>
   <div class='ocr_carea' id='block_1_104' title="bbox 300 5815 1878 5894">
    <p class='ocr_par' dir='ltr' id='par_1_104' title="bbox 300 5815 1878 5894">
     <span class='ocr_line' id='line_1_104' title="bbox 300 5815 1878 5894; baseline -0.004 -20"><span class='ocrx_word' id='word_1_776' title='bbox 300 5824 538 5894; x_wconf 70' lang='grc' dir='ltr'>ἐγχωρεῖ</span> <span class='ocrx_word' id='word_1_777' title='bbox 561 5821 623 5875; x_wconf 74' lang='grc' dir='ltr'>τὸ</span> <span class='ocrx_word' id='word_1_778' title='bbox 651 5820 994 5889; x_wconf 82' lang='grc' dir='ltr'>ἀπαύγασμα</span> <span class='ocrx_word' id='word_1_779' title='bbox 1022 5820 1146 5888; x_wconf 80' lang='grc' dir='ltr'>δίχα</span> <span class='ocrx_word' id='word_1_780' title='bbox 1168 5818 1259 5871; x_wconf 80' lang='grc' dir='ltr'>τοῦ</span> <span class='ocrx_word' id='word_1_781' title='bbox 1290 5817 1499 5886; x_wconf 74' lang='grc' dir='ltr'>Πατρὸς</span> <span class='ocrx_word' id='word_1_782' title='bbox 1530 5815 1878 5869; x_wconf 80' lang='grc' dir='ltr'>ἀνατέλλειν·</span> 
     </span>
    </p>
   </div>
   <div class='ocr_carea' id='block_1_105' title="bbox 303 5910 1880 5982">
    <p class='ocr_par' dir='ltr' id='par_1_105' title="bbox 303 5910 1880 5982">
     <span class='ocr_line' id='line_1_105' title="bbox 303 5910 1880 5982; baseline -0.007 -10"><span class='ocrx_word' id='word_1_783' title='bbox 303 5915 406 5972; x_wconf 79' lang='grc' dir='ltr'><strong>οὐκ</strong></span> <span class='ocrx_word' id='word_1_784' title='bbox 448 5915 626 5970; x_wconf 74' lang='grc' dir='ltr'>ἔνεστι</span> <span class='ocrx_word' id='word_1_785' title='bbox 656 5915 744 5969; x_wconf 74' lang='grc' dir='ltr'><strong>τὸν</strong></span> <span class='ocrx_word' id='word_1_786' title='bbox 788 5914 979 5969; x_wconf 70' lang='grc' dir='ltr'>κλάδον</span> <span class='ocrx_word' id='word_1_787' title='bbox 1021 5915 1144 5982; x_wconf 77' lang='grc' dir='ltr'>δίχα</span> <span class='ocrx_word' id='word_1_788' title='bbox 1183 5911 1282 5982; x_wconf 80' lang='grc' dir='ltr'>τῆς</span> <span class='ocrx_word' id='word_1_789' title='bbox 1317 5910 1471 5982; x_wconf 71' lang='grc' dir='ltr'>ῥίζης</span> <span class='ocrx_word' id='word_1_790' title='bbox 1517 5910 1706 5981; x_wconf 72' lang='grc' dir='ltr'>φέρειν</span> <span class='ocrx_word' id='word_1_791' title='bbox 1741 5926 1880 5981; x_wconf 71' lang='grc' dir='ltr'>καρο</span> 
     </span>
    </p>
   </div>
   <div class='ocr_carea' id='block_1_106' title="bbox 1984 4688 3568 4761">
    <p class='ocr_par' dir='ltr' id='par_1_106' title="bbox 1984 4688 3568 4761">
     <span class='ocr_line' id='line_1_106' title="bbox 1984 4688 3568 4761; baseline 0.005 -16"><span class='ocrx_word' id='word_1_792' title='bbox 1984 4700 2033 4745; x_wconf 84' lang='lat' dir='ltr'><strong>et</strong></span> <span class='ocrx_word' id='word_1_793' title='bbox 2064 4688 2238 4746; x_wconf 68' lang='lat' dir='ltr'><strong>Filius</strong></span> <span class='ocrx_word' id='word_1_794' title='bbox 2263 4690 2515 4745; x_wconf 79' lang='lat' dir='ltr'><strong>similiter</strong></span> <span class='ocrx_word' id='word_1_795' title='bbox 2548 4691 2677 4761; x_wconf 77' lang='lat' dir='ltr'><strong>facit</strong></span> <span class='ocrx_word' id='word_1_796' title='bbox 2705 4708 2726 4747; x_wconf 80' lang='lat'><strong>.&#39;</strong></span> <span class='ocrx_word' id='word_1_797' title='bbox 2758 4692 2879 4748; x_wconf 87' lang='lat' dir='ltr'><strong>etid</strong></span> <span class='ocrx_word' id='word_1_798' title='bbox 2908 4709 3103 4750; x_wconf 89' lang='lat' dir='ltr'><strong>rursus</strong></span> <span class='ocrx_word' id='word_1_799' title='bbox 3125 4695 3568 4753; x_wconf 84' lang='lat' dir='ltr'><strong>consubstantia-</strong></span> 
     </span>
    </p>
   </div>
   <div class='ocr_carea' id='block_1_107' title="bbox 1985 4782 3572 4857">
    <p class='ocr_par' dir='ltr' id='par_1_107' title="bbox 1985 4782 3572 4857">
     <span class='ocr_line' id='line_1_107' title="bbox 1985 4782 3572 4857; baseline 0.002 -19"><span class='ocrx_word' id='word_1_800' title='bbox 1985 4784 2189 4838; x_wconf 85' lang='lat' dir='ltr'><strong>litatem</strong></span> <span class='ocrx_word' id='word_1_801' title='bbox 2215 4784 2415 4855; x_wconf 79' lang='lat' dir='ltr'><strong>arguit.</strong></span> <span class='ocrx_word' id='word_1_802' title='bbox 2451 4782 2514 4838; x_wconf 88' lang='lat' dir='ltr'><strong>Et</strong></span> <span class='ocrx_word' id='word_1_803' title='bbox 2533 4785 2692 4854; x_wconf 86' lang='lat' dir='ltr'><strong>paulo</strong></span> <span class='ocrx_word' id='word_1_804' title='bbox 2724 4793 2862 4854; x_wconf 79' lang='lat' dir='ltr'><strong>post.</strong></span> <span class='ocrx_word' id='word_1_805' title='bbox 2895 4782 3020 4839; x_wconf 85' lang='lat' dir='ltr'><strong>Non</strong></span> <span class='ocrx_word' id='word_1_806' title='bbox 3049 4794 3243 4855; x_wconf 79' lang='lat' dir='ltr'><strong>potest,</strong></span> <span class='ocrx_word' id='word_1_807' title='bbox 3281 4801 3572 4857; x_wconf 79' lang='lat' dir='ltr'><strong>argumen-</strong></span> 
     </span>
    </p>
   </div>
   <div class='ocr_carea' id='block_1_108' title="bbox 1988 4878 3573 4940">
    <p class='ocr_par' dir='ltr' id='par_1_108' title="bbox 1988 4878 3573 4940">
     <span class='ocr_line' id='line_1_108' title="bbox 1988 4878 3573 4940; baseline 0.004 -10"><span class='ocrx_word' id='word_1_808' title='bbox 1988 4887 2101 4931; x_wconf 92' lang='lat' dir='ltr'><strong>tum</strong></span> <span class='ocrx_word' id='word_1_809' title='bbox 2135 4886 2348 4933; x_wconf 88' lang='lat' dir='ltr'><strong>estnon</strong></span> <span class='ocrx_word' id='word_1_810' title='bbox 2374 4879 2730 4940; x_wconf 84' lang='lat' dir='ltr'><strong>inﬁrmitatis.</strong></span> <span class='ocrx_word' id='word_1_811' title='bbox 2757 4878 2850 4934; x_wconf 87' lang='lat' dir='ltr'><strong>sed</strong></span> <span class='ocrx_word' id='word_1_812' title='bbox 2879 4893 3114 4936; x_wconf 75' lang='lat' dir='ltr'><strong>summa:</strong></span> <span class='ocrx_word' id='word_1_813' title='bbox 3143 4878 3284 4934; x_wconf 82' lang='lat' dir='ltr'><strong>Patri</strong></span> <span class='ocrx_word' id='word_1_814' title='bbox 3311 4880 3573 4936; x_wconf 88' lang='lat' dir='ltr'><strong>similitu-</strong></span> 
     </span>
    </p>
   </div>
   <div class='ocr_carea' id='block_1_109' title="bbox 1987 4968 3570 5040">
    <p class='ocr_par' dir='ltr' id='par_1_109' title="bbox 1987 4968 3570 5040">
     <span class='ocr_line' id='line_1_109' title="bbox 1987 4968 3570 5040; baseline 0.004 -17"><span class='ocrx_word' id='word_1_815' title='bbox 1987 4969 2153 5024; x_wconf 87' lang='lat' dir='ltr'><strong>dinis.</strong></span> <span class='ocrx_word' id='word_1_816' title='bbox 2203 4968 2340 5023; x_wconf 83' lang='lat' dir='ltr'><strong>Nam</strong></span> <span class='ocrx_word' id='word_1_817' title='bbox 2397 4971 2815 5040; x_wconf 85' lang='lat' dir='ltr'><strong>impossibilitas</strong></span> <span class='ocrx_word' id='word_1_818' title='bbox 2869 4972 2924 5024; x_wconf 91' lang='lat' dir='ltr'><strong>in</strong></span> <span class='ocrx_word' id='word_1_819' title='bbox 2975 4971 3086 5025; x_wconf 89' lang='lat' dir='ltr'><strong>lilio</strong></span> <span class='ocrx_word' id='word_1_820' title='bbox 3141 4987 3251 5026; x_wconf 86' lang='lat' dir='ltr'><strong>non</strong></span> <span class='ocrx_word' id='word_1_821' title='bbox 3318 4973 3570 5029; x_wconf 86' lang='lat' dir='ltr'><strong>illicitum</strong></span> 
     </span>
    </p>
   </div>
   <div class='ocr_carea' id='block_1_110' title="bbox 1988 5062 3576 5133">
    <p class='ocr_par' dir='ltr' id='par_1_110' title="bbox 1988 5062 3576 5133">
     <span class='ocr_line' id='line_1_110' title="bbox 1988 5062 3576 5133; baseline 0.004 -17"><span class='ocrx_word' id='word_1_822' title='bbox 1988 5062 2278 5132; x_wconf 81' lang='lat' dir='ltr'><strong>signiﬁcat,</strong></span> <span class='ocrx_word' id='word_1_823' title='bbox 2309 5073 2368 5118; x_wconf 91' lang='lat' dir='ltr'><strong>ut</strong></span> <span class='ocrx_word' id='word_1_824' title='bbox 2403 5064 2820 5133; x_wconf 84' lang='lat' dir='ltr'><strong>impossibilitas</strong></span> <span class='ocrx_word' id='word_1_825' title='bbox 2858 5065 3154 5119; x_wconf 88' lang='lat' dir='ltr'><strong>mentiendi</strong></span> <span class='ocrx_word' id='word_1_826' title='bbox 3188 5065 3240 5118; x_wconf 90' lang='lat' dir='ltr'><strong>in</strong></span> <span class='ocrx_word' id='word_1_827' title='bbox 3289 5065 3398 5119; x_wconf 85' lang='lat' dir='ltr'><strong>Deo</strong></span> <span class='ocrx_word' id='word_1_828' title='bbox 3434 5067 3576 5122; x_wconf 80' lang='lat' dir='ltr'><strong>iudi-</strong></span> 
     </span>
    </p>
   </div>
   <div class='ocr_carea' id='block_1_111' title="bbox 1989 5157 3571 5226">
    <p class='ocr_par' dir='ltr' id='par_1_111' title="bbox 1989 5157 3571 5226">
     <span class='ocr_line' id='line_1_111' title="bbox 1989 5157 3571 5226; baseline 0.003 -16"><span class='ocrx_word' id='word_1_829' title='bbox 1989 5157 2133 5210; x_wconf 91' lang='lat' dir='ltr'><strong>cium</strong></span> <span class='ocrx_word' id='word_1_830' title='bbox 2165 5164 2251 5210; x_wconf 88' lang='lat' dir='ltr'><strong>est</strong></span> <span class='ocrx_word' id='word_1_831' title='bbox 2297 5171 2402 5210; x_wconf 87' lang='lat' dir='ltr'><strong>non</strong></span> <span class='ocrx_word' id='word_1_832' title='bbox 2451 5157 2806 5220; x_wconf 83' lang='lat' dir='ltr'><strong>inﬁrmitatis,</strong></span> <span class='ocrx_word' id='word_1_833' title='bbox 2857 5157 2950 5211; x_wconf 89' lang='lat' dir='ltr'><strong>sed</strong></span> <span class='ocrx_word' id='word_1_834' title='bbox 2988 5171 3218 5211; x_wconf 59' lang='lat' dir='ltr'><strong>summa;</strong></span> <span class='ocrx_word' id='word_1_835' title='bbox 3260 5159 3571 5226; x_wconf 85' lang='lat' dir='ltr'><strong>potestatis.</strong></span> 
     </span>
    </p>
   </div>
   <div class='ocr_carea' id='block_1_112' title="bbox 1989 5247 3574 5318">
    <p class='ocr_par' dir='ltr' id='par_1_112' title="bbox 1989 5247 3574 5318">
     <span class='ocr_line' id='line_1_112' title="bbox 1989 5247 3574 5318; baseline -0.001 -15"><span class='ocrx_word' id='word_1_836' title='bbox 1989 5249 2124 5303; x_wconf 87' lang='lat' dir='ltr'><strong>Nam</strong></span> <span class='ocrx_word' id='word_1_837' title='bbox 2171 5263 2424 5318; x_wconf 78' lang='lat' dir='ltr'><strong>magnam</strong></span> <span class='ocrx_word' id='word_1_838' title='bbox 2453 5249 2692 5302; x_wconf 83' lang='lat' dir='ltr'><strong>maxime</strong></span> <span class='ocrx_word' id='word_1_839' title='bbox 2730 5249 2795 5302; x_wconf 86' lang='lat' dir='ltr'><strong>ad</strong></span> <span class='ocrx_word' id='word_1_840' title='bbox 2831 5247 3119 5303; x_wconf 87' lang='lat' dir='ltr'><strong>dicendam</strong></span> <span class='ocrx_word' id='word_1_841' title='bbox 3153 5248 3439 5303; x_wconf 86' lang='lat' dir='ltr'><strong>veritatem</strong></span> <span class='ocrx_word' id='word_1_842' title='bbox 3474 5251 3574 5304; x_wconf 80' lang='lat' dir='ltr'><strong>ha-</strong></span> 
     </span>
    </p>
   </div>
   <div class='ocr_carea' id='block_1_113' title="bbox 1991 5338 3570 5411">
    <p class='ocr_par' dir='ltr' id='par_1_113' title="bbox 1991 5338 3570 5411">
     <span class='ocr_line' id='line_1_113' title="bbox 1991 5338 3570 5411; baseline -0.001 -14"><span class='ocrx_word' id='word_1_843' title='bbox 1991 5343 2126 5398; x_wconf 87' lang='lat' dir='ltr'><strong>bens</strong></span> <span class='ocrx_word' id='word_1_844' title='bbox 2165 5340 2487 5411; x_wconf 90' lang='lat' dir='ltr'><strong>potentiam,</strong></span> <span class='ocrx_word' id='word_1_845' title='bbox 2536 5357 2641 5394; x_wconf 88' lang='lat' dir='ltr'><strong>non</strong></span> <span class='ocrx_word' id='word_1_846' title='bbox 2693 5339 3014 5394; x_wconf 87' lang='lat' dir='ltr'><strong>inﬁrmitate</strong></span> <span class='ocrx_word' id='word_1_847' title='bbox 3060 5338 3300 5393; x_wconf 79' lang='lat' dir='ltr'><strong>ferretur</strong></span> <span class='ocrx_word' id='word_1_848' title='bbox 3325 5356 3570 5410; x_wconf 89' lang='lat' dir='ltr'><strong>unquam</strong></span> 
     </span>
    </p>
   </div>
   <div class='ocr_carea' id='block_1_114' title="bbox 1989 5429 3576 5502">
    <p class='ocr_par' dir='ltr' id='par_1_114' title="bbox 1989 5429 3576 5502">
     <span class='ocr_line' id='line_1_114' title="bbox 1989 5429 3576 5502; baseline -0.004 -10"><span class='ocrx_word' id='word_1_849' title='bbox 1989 5439 2056 5492; x_wconf 87' lang='lat' dir='ltr'><strong>ad</strong></span> <span class='ocrx_word' id='word_1_850' title='bbox 2097 5435 2484 5497; x_wconf 86' lang='lat' dir='ltr'><strong>mendacium;</strong></span> <span class='ocrx_word' id='word_1_851' title='bbox 2521 5433 2593 5486; x_wconf 90' lang='lat' dir='ltr'><strong>ita</strong></span> <span class='ocrx_word' id='word_1_852' title='bbox 2629 5448 2752 5486; x_wconf 89' lang='lat' dir='ltr'><strong>cum</strong></span> <span class='ocrx_word' id='word_1_853' title='bbox 2783 5448 2884 5485; x_wconf 82' lang='lat' dir='ltr'><strong>non</strong></span> <span class='ocrx_word' id='word_1_854' title='bbox 2917 5441 3086 5500; x_wconf 73' lang='lat' dir='ltr'><strong>potest</strong></span> <span class='ocrx_word' id='word_1_855' title='bbox 3127 5429 3307 5486; x_wconf 75' lang='lat' dir='ltr'><strong>Filius</strong></span> <span class='ocrx_word' id='word_1_856' title='bbox 3332 5449 3366 5486; x_wconf 91' lang='lat' dir='ltr'><strong>a</strong></span> <span class='ocrx_word' id='word_1_857' title='bbox 3391 5449 3448 5487; x_wconf 72' lang='lat' dir='ltr'><strong>se</strong></span> <span class='ocrx_word' id='word_1_858' title='bbox 3485 5434 3576 5502; x_wconf 76' lang='lat' dir='ltr'><strong>fa-</strong></span> 
     </span>
    </p>
   </div>
   <div class='ocr_carea' id='block_1_115' title="bbox 1991 5521 3577 5597">
    <p class='ocr_par' dir='ltr' id='par_1_115' title="bbox 1991 5521 3577 5597">
     <span class='ocr_line' id='line_1_115' title="bbox 1991 5521 3577 5597; baseline -0.001 -15"><span class='ocrx_word' id='word_1_859' title='bbox 1991 5545 2106 5584; x_wconf 87' lang='lat' dir='ltr'><strong>cere</strong></span> <span class='ocrx_word' id='word_1_860' title='bbox 2158 5527 2467 5597; x_wconf 84' lang='lat' dir='ltr'><strong>quidquam,</strong></span> <span class='ocrx_word' id='word_1_861' title='bbox 2512 5522 2762 5577; x_wconf 90' lang='lat' dir='ltr'><strong>illicitum</strong></span> <span class='ocrx_word' id='word_1_862' title='bbox 2808 5521 3006 5576; x_wconf 89' lang='lat' dir='ltr'><strong>dicitur</strong></span> <span class='ocrx_word' id='word_1_863' title='bbox 3041 5537 3162 5578; x_wconf 86' lang='lat' dir='ltr'><strong>esse</strong></span> <span class='ocrx_word' id='word_1_864' title='bbox 3226 5523 3339 5578; x_wconf 88' lang='lat' dir='ltr'><strong>ﬁlio</strong></span> <span class='ocrx_word' id='word_1_865' title='bbox 3388 5537 3447 5580; x_wconf 85' lang='lat' dir='ltr'><strong>ut</strong></span> <span class='ocrx_word' id='word_1_866' title='bbox 3481 5523 3577 5580; x_wconf 82' lang='lat' dir='ltr'><strong>ha-</strong></span> 
     </span>
    </p>
   </div>
   <div class='ocr_carea' id='block_1_116' title="bbox 1989 5614 3575 5686">
    <p class='ocr_par' dir='ltr' id='par_1_116' title="bbox 1989 5614 3575 5686">
     <span class='ocr_line' id='line_1_116' title="bbox 1989 5614 3575 5686; baseline -0.004 -6"><span class='ocrx_word' id='word_1_867' title='bbox 1989 5625 2116 5680; x_wconf 62' lang='lat' dir='ltr'><strong>beat</strong></span> <span class='ocrx_word' id='word_1_868' title='bbox 2170 5620 2483 5675; x_wconf 86' lang='lat' dir='ltr'><strong>distinctam</strong></span> <span class='ocrx_word' id='word_1_869' title='bbox 2533 5631 2562 5669; x_wconf 89' lang='lat' dir='ltr'><strong>a</strong></span> <span class='ocrx_word' id='word_1_870' title='bbox 2596 5617 2768 5686; x_wconf 61' lang='lat' dir='ltr'><strong>{patre</strong></span> <span class='ocrx_word' id='word_1_871' title='bbox 2813 5614 3211 5684; x_wconf 87' lang='lat' dir='ltr'><strong>operationem.</strong></span> <span class='ocrx_word' id='word_1_872' title='bbox 3262 5617 3383 5673; x_wconf 85' lang='lat' dir='ltr'><strong>Non</strong></span> <span class='ocrx_word' id='word_1_873' title='bbox 3425 5619 3575 5673; x_wconf 89' lang='lat' dir='ltr'><strong>enim</strong></span> 
     </span>
    </p>
   </div>
   <div class='ocr_carea' id='block_1_117' title="bbox 1990 5710 3573 5788">
    <p class='ocr_par' dir='ltr' id='par_1_117' title="bbox 1990 5710 3573 5788">
     <span class='ocr_line' id='line_1_117' title="bbox 1990 5710 3573 5788; baseline -0.003 -18"><span class='ocrx_word' id='word_1_874' title='bbox 1990 5717 2250 5788; x_wconf 83' lang='lat' dir='ltr'><strong>possibile</strong></span> <span class='ocrx_word' id='word_1_875' title='bbox 2290 5721 2372 5769; x_wconf 88' lang='lat' dir='ltr'><strong>est</strong></span> <span class='ocrx_word' id='word_1_876' title='bbox 2429 5710 2673 5782; x_wconf 78' lang='lat' dir='ltr'><strong>genitum</strong></span> <span class='ocrx_word' id='word_1_877' title='bbox 2707 5719 2862 5764; x_wconf 81' lang='lat' dir='ltr'><strong>extra</strong></span> <span class='ocrx_word' id='word_1_878' title='bbox 2918 5711 3215 5777; x_wconf 77' lang='lat' dir='ltr'><strong>genitorem</strong></span> <span class='ocrx_word' id='word_1_879' title='bbox 3270 5711 3573 5780; x_wconf 89' lang='lat' dir='ltr'><strong>quidquam</strong></span> 
     </span>
    </p>
   </div>
   <div class='ocr_carea' id='block_1_118' title="bbox 1994 5801 3575 5875">
    <p class='ocr_par' dir='ltr' id='par_1_118' title="bbox 1994 5801 3575 5875">
     <span class='ocr_line' id='line_1_118' title="bbox 1994 5801 3575 5875; baseline -0.003 -9"><span class='ocrx_word' id='word_1_880' title='bbox 1994 5811 2195 5875; x_wconf 80' lang='lat' dir='ltr'><strong>facere,</strong></span> <span class='ocrx_word' id='word_1_881' title='bbox 2223 5822 2332 5862; x_wconf 88' lang='lat' dir='ltr'><strong>nun</strong></span> <span class='ocrx_word' id='word_1_882' title='bbox 2359 5804 2484 5859; x_wconf 88' lang='lat' dir='ltr'><strong>licet</strong></span> <span class='ocrx_word' id='word_1_883' title='bbox 2514 5801 2857 5871; x_wconf 84' lang='lat' dir='ltr'><strong>splendorem</strong></span> <span class='ocrx_word' id='word_1_884' title='bbox 2887 5807 3038 5853; x_wconf 75' lang='lat' dir='ltr'><strong>extra</strong></span> <span class='ocrx_word' id='word_1_885' title='bbox 3063 5807 3269 5868; x_wconf 87' lang='lat' dir='ltr'><strong>patrem</strong></span> <span class='ocrx_word' id='word_1_886' title='bbox 3301 5801 3575 5861; x_wconf 77' lang='lat' dir='ltr'><strong>emittere.</strong></span> 
     </span>
    </p>
   </div>
   <div class='ocr_carea' id='block_1_119' title="bbox 1994 5891 3564 5959">
    <p class='ocr_par' dir='ltr' id='par_1_119' title="bbox 1994 5891 3564 5959">
     <span class='ocr_line' id='line_1_119' title="bbox 1994 5891 3564 5959; baseline -0.003 0"><span class='ocrx_word' id='word_1_887' title='bbox 1994 5920 2101 5959; x_wconf 86' lang='lat' dir='ltr'><strong>neu</strong></span> <span class='ocrx_word' id='word_1_888' title='bbox 2153 5905 2277 5959; x_wconf 87' lang='lat' dir='ltr'><strong>licet</strong></span> <span class='ocrx_word' id='word_1_889' title='bbox 2324 5910 2580 5954; x_wconf 89' lang='lat' dir='ltr'><strong>truncum</strong></span> <span class='ocrx_word' id='word_1_890' title='bbox 2611 5899 2765 5949; x_wconf 74' lang='lat' dir='ltr'><strong>extra</strong></span> <span class='ocrx_word' id='word_1_891' title='bbox 2793 5891 3032 5950; x_wconf 82' lang='lat' dir='ltr'><strong>radicem</strong></span> <span class='ocrx_word' id='word_1_892' title='bbox 3083 5891 3320 5949; x_wconf 80' lang='lat' dir='ltr'><strong>fructum</strong></span> <span class='ocrx_word' id='word_1_893' title='bbox 3352 5895 3564 5954; x_wconf 77' lang='lat' dir='ltr'><strong>facere:</strong></span> 
     </span>
    </p>
   </div>
  </div>
