4050 6558
369 443 500 509 1241

1432 444 1756 506 SCHOLIA
1799 441 2098 506 VETERA
2140 443 2221 505 IN
2258 444 2637 508 JOANNEM.

3478 449 3620 514 1342

365 560 459 612 ἐπὶ
494 560 628 612 πᾶσι
664 558 897 623 δικαίοις
934 558 1228 628 ἐφθέγγου,
1268 557 1382 612 σῶα
1417 560 1633 622 πάντως
1662 559 1729 611 τὰ
1766 560 1928 627 κεφὰ⁴

2043 558 2266 613 omnino
2296 562 2471 630 capita
2507 560 2910 629 Seripturarltm
2956 560 3361 631 proposuisses.
3399 562 3509 616 Cur
3533 564 3619 617 di-

364 649 495 705 λαια
525 650 632 705 τῶν
679 651 914 722 Γραφῶν
955 652 1278 723 προέφερες.
1326 652 1424 704 Διὰ
1469 650 1521 703 τί
1557 651 1740 713 αὐτοῖς
1768 650 1937 717 λέγει,

363 744 466 807 ὅτι,
509 742 629 809 Τὴν
658 744 862 810 κρίσιν
892 741 1101 799 πᾶσαν
1123 742 1343 796 δέδωκε
1378 743 1458 806 τῷ
1494 742 1640 806 Titii;
1674 744 1754 803 είς
1780 743 1943 809 φόϐον

361 834 561 896 αὐτοὺς
610 835 894 904 ἐμϐάλλων
914 851 930 867 ο
965 834 1153 903 ὥσπερ
1183 834 1239 887 δὲ
1266 834 1586 891 τὸ.’Έδωκε
1616 831 1788 900 ζωὴν,
1821 833 1942 885 ἀντὶ

362 927 481 990 τοῦ,
529 928 853 997 Ἐγέννησεν
884 927 1046 980 αὑτὸν
1085 927 1285 992 ζῶντα,
1322 926 1488 988 ἔστιν,
1520 925 1693 988 οὕτως
1729 926 1823 978 καὶ
1853 924 1939 989 τὸ,

368 1019 633 1072 Ἔδωκεν
652 1019 811 1083 αὐτῷ
836 1008 1056 1088 κρίσιν,
1078 1022 1197 1072 ἀντὶ
1219 1019 1336 1079 τοῦ,
1355 1018 1563 1089 Κριτὴν
1598 1018 1760 1071 αὑτὸν
1786 1016 1940 1085 ἐγέν-

364 1127 516 1179 νησε.
551 1110 721 1163 Πάλιν
773 1113 839 1164 ἐκ
864 1112 958 1164 τοῦ
982 1113 1179 1173 εἰπεῖν,
1208 1110 1277 1163 '0
1307 1110 1510 1177 Πατήρ
1532 1128 1654 1179 μου
1680 1110 1790 1175 ἕως
1811 1109 1942 1177 ἄρτι

362 1200 697 1268 ἐργάζεται,
726 1203 890 1272 κάγὼ
936 1202 1276 1272 ἐργάζομαι,
1326 1201 1495 1267 ἔδειξε
1551 1204 1611 1256 τὸ
1657 1205 1939 1275 ὁμότιμον.

377 1292 677 1361 Ἠθέλησαν
705 1296 868 1347 αὐτὸν
894 1296 982 1349 διὰ
1012 1296 1168 1348 τοῦτο
1197 1297 1516 1348 ἀποκτεῖναι
1554 1296 1798 1349 Ἰουδαῖοι
1816 1312 1832 1326 ’
1862 1295 1943 1349 διὸ

364 1383 464 1451 τὴν
496 1382 643 1449 λέξιν
692 1385 792 1455 μὲν
822 1386 1119 1457 καθυφίησι
1142 1425 1157 1447 ,
1190 1388 1260 1440 τὰ
1291 1389 1555 1458 νοήματα
1584 1388 1641 1441 δὲ
1684 1388 1752 1441 τὰ
1799 1388 1942 1441 αὐτὰ

363 1475 687 1547 προτίθησιν
722 1478 864 1530 οὕτω
891 1479 1067 1547 λέγων
1091 1496 1105 1509 ο
1144 1482 1226 1533 Οὐ
1255 1479 1505 1533 δύναται
1539 1479 1735 1533 ποιεῖν
1759 1479 1943 1532 οὐδὲν

361 1568 703 1636 ἀφ’ἐαυτοῦ
747 1572 779 1623 ὀ
822 1572 975 1635 Υἱός.
1006 1565 1135 1623 Εἶτα
1178 1572 1337 1624 πάλιν
1374 1572 1466 1624 ἐπὶ
1499 1571 1569 1623 τὰ
1625 1569 1805 1640 ὑψηλὰ
1847 1573 1941 1624 ἀν·

328 1648 481 1727 ’ἀγει
512 1660 688 1728 λέγων
713 1678 729 1693 ⁸
770 1664 828 1716 Ἀ
861 1664 968 1731 γὰρ
996 1663 1071 1717 ἂν
1095 1664 1325 1728 ἐκεῖνος
1357 1663 1520 1732 ποιῇ,
1557 1664 1725 1734 φησὶ,
1756 1663 1943 1716 ταῦτα

360 1752 457 1806 καὶ
487 1754 522 1807 ὁ
548 1753 680 1819 Υἱὸς
707 1755 942 1823 ὁμοίως,
981 1756 1135 1826 φησὶ.
1176 1757 1350 1809 ποιεῖ.
1387 1751 1516 1807 Εἶτα
1563 1757 1726 1809 πάλιν
1757 1756 1851 1807 ἐπὶ
1877 1754 1943 1807 τὸ

357 1844 775 1917 ταπεινότερον·
803 1847 1027 1916 Ὥσπερ
1068 1851 1180 1917 γὰρ
1227 1853 1258 1903 ό
1296 1848 1500 1916 Πατὴρ
1531 1849 1745 1917 ere/pet
1792 1847 1935 1912 τοὺς

2044 652 2117 705 cit
2177 652 2258 706 eis
2308 653 2468 722 quia,
2513 651 2681 706 Omne
2711 654 2976 721 judicium
3016 654 3159 707 dedit
3196 652 3381 707 Filio?
3413 654 3538 709 lllos
3563 662 3622 708 ut
3658 724 3663 727 1

2043 744 2097 797 in
2131 753 2335 798 metum
2384 744 2627 814 injiciat;
2660 746 2803 799 sicut
2841 755 3044 811 autem,
3086 747 3233 799 dedit
3280 748 3461 810 ritam,
3499 762 3617 815 pro,

2041 832 2229 903 genuit
2253 849 2377 888 eum
2406 836 2696 893 viventem.
2721 835 2922 888 dicitur
2946 852 2960 900 ;
2991 835 3086 898 ita,
3108 836 3258 889 Dedit
3280 838 3618 905 eijudicium,

2042 939 2163 993 pro,
2191 927 2381 995 genuit
2406 942 2532 982 eum
2555 915 2811 991 iudicem,
2842 926 3065 980 dicitur.
3096 927 3318 990 lterum,
3362 928 3619 993 dicendo,

2044 1015 2209 1071 Pater
2242 1034 2388 1071 meus
2442 1035 2605 1088 usque
2657 1018 2810 1070 modo
2853 1027 3105 1086 operatur
3156 1029 3205 1071 et
3271 1034 3362 1087 ego
3411 1034 3618 1086 operor,

2044 1110 2281 1165 ostendit
2326 1112 2616 1181 paritatem
2676 1112 2979 1182 dignitatis.
3016 1111 3284 1165 Volabant
3315 1127 3441 1165 eum
3489 1125 3619 1179 pro-

2043 1210 2161 1272 pter
2212 1201 2315 1256 hoc
2352 1211 2591 1258 mactare
2638 1202 2847 1268 Judaei;
2876 1202 2997 1257 ideo
3040 1218 3347 1258 sermonem
3398 1202 3617 1271 quidem

2043 1291 2266 1357 omittit,
2300 1293 2600 1348 sententias
2649 1302 2831 1348 antem
2888 1294 3107 1349 easdem
3148 1294 3355 1364 profert
3409 1295 3483 1346 ita
3537 1292 3622 1344 di-

2040 1385 2214 1439 cendo
2246 1401 2260 1438 :
2292 1384 2413 1438 Non
2476 1395 2645 1456 potest
2698 1385 2873 1441 Filius
2921 1405 2953 1441 a
3006 1405 3060 1441 se
3093 1389 3269 1458 facere
3305 1387 3617 1457 quidquam.

2044 1477 2250 1532 Deinde
2273 1476 2468 1532 iter-nm
2493 1478 2557 1532 ad
2584 1479 2835 1532 sublimia
2861 1480 3055 1533 attollit
3080 1479 3304 1534 dicens:
3337 1477 3616 1543 Quaenim

2044 1570 2134 1624 ille
2162 1570 2363 1639 fecerit,
2397 1570 2506 1623 haec
2532 1581 2581 1623 et
2610 1569 2780 1623 Filius
2813 1572 3061 1623 similiter
3079 1571 3229 1639 facit.
3264 1570 3463 1623 Deinde
3497 1583 3619 1620 rur-

2041 1678 2135 1718 sus
2157 1664 2225 1717 ad
2261 1662 2551 1716 humiliora
2578 1662 2915 1716 descendens
2940 1681 2953 1716 :
2983 1661 3132 1716 Sicut
3160 1663 3299 1715 enim
3329 1660 3492 1714 Pater
3533 1677 3619 1713 su-

2042 1757 2197 1809 scitat
2229 1763 2466 1809 mortuos
2497 1766 2546 1809 et
2582 1755 2831 1824 vioi/icat,
2866 1755 2941 1807 ita
2967 1765 3014 1807 et
3045 1753 3242 1807 Filius.
3278 1752 3480 1806 Deinde
3511 1752 3614 1803 hu-

2046 1847 2174 1902 mile
2203 1847 2366 1902 simul
2396 1857 2452 1901 et
2489 1846 2725 1902 sublime
2759 1864 2773 1900 :
2810 1846 2992 1917 Neque
3020 1848 3156 1899 enim
3200 1843 3367 1898 Pater
3404 1843 3620 1911 judicat

358 1936 609 2005 νεκροὺς
643 1939 739 1992 καὶ
767 1937 1067 2006 ζωοποιεῖ,
1103 1942 1289 2006 οὕτως
1322 1943 1418 1995 κα)
1456 1946 1488 1995 ό
1525 1943 1675 2006 Υἱός.
1711 1937 1845 1995 Εἶτα
1872 1942 1928 1992 τὸ

2043 1955 2377 2009 quemquam,
2408 1939 2498 1993 sed
2537 1956 2688 1993 omne
2710 1939 2974 2008 Judicium
3021 1939 3163 1992 dedit
3213 1934 3397 1999 Filio;
3427 1946 3618 2005 postea

355 2027 610 2080 ταπεινὸν
636 2029 771 2097 ὁμοῦ
799 2032 891 2082 καὶ
925 2032 1128 2102 ὑψηλόν
1148 2050 1159 2062 ’
1198 2032 1351 2086 Οὐδὲ
1380 2034 1488 2101 γὰρ
1518 2036 1549 2086 ό
1584 2032 1783 2100 Πατὴρ
1811 2033 1933 2099 κρί-

356 2134 445 2169 νει
486 2118 706 2174 οὐδένα
725 2160 741 2181 ,
773 2121 933 2175 ἀλλὰ
973 2126 1087 2189 τὴν
1117 2125 1319 2192 κρίσιν
1349 2123 1558 2179 πᾶσαν
1594 2123 1815 2176 δέδωκε
1852 2122 1933 2188 τῷ

366 2203 495 2268 Υιῴ.
532 2204 663 2259 Εἶτα
694 2208 788 2260 ἐπὶ
816 2208 879 2261 τὸ
913 2210 1270 2280 ὑψηλότατον
1304 2212 1438 2267 Ἵνα
1473 2212 1698 2278 πάντες
1722 2213 1934 2280 τιμῶσι

353 2294 463 2346 τὸν
494 2296 627 2349 Υιόν
653 2297 847 2364 καθὼς
873 2299 1080 2370 τιμῶσι
1107 2300 1215 2354 τὸν
1240 2304 1491 2368 Πατέρα.
1514 2303 1700 2367 Οὕτως
1732 2306 1825 2357 τὸν
1848 2304 1938 2357 λό-

356 2402 451 2451 γον
498 2387 803 2442 ποικίλλει·
841 2390 984 2444 ὥστε
1028 2394 1139 2456 τοῖς
1173 2394 1271 2463 μὲν
1301 2395 1421 2448 τότε
1455 2398 1711 2461 γενέσθαι
1758 2399 1932 2451 εὐπα-

356 2479 632 2546 ράδεκτον,
662 2482 899 2547 καὶτοὺς
920 2483 1013 2536 νῦν
1043 2483 1395 2556 ὠφεληθῆναι
1425 2488 1532 2539 ἀπὸ
1550 2488 1657 2539 τῶν
1687 2488 1930 2557 ὑψηλῶν.

357 2567 486 2625 Εἶτα
509 2573 590 2625 ὅτι
618 2575 1036 2645 συμπέπλεκται
1067 2578 1099 2647 ἡ
1124 2579 1257 2648 τιμὴ
1286 2578 1381 2631 τοῦ
1419 2579 1549 2632 Υἱοῦ
1575 2583 1640 2649 τῇ
1675 2584 1808 2651 τιμῇ
1833 2583 1931 2636 τοῦ

355 2665 588 2739 Πατρὸς,
614 2669 780 2739 λέγει·
825 2673 878 2725 '0
901 2673 989 2744 μὴ
1016 2673 1201 2742 τιμῶν
1228 2674 1333 2729 τὸν
1357 2676 1514 2741 Υίὸν,
1547 2678 1617 2731 οὺ
1651 2675 1790 2746 τιμᾷ
1824 2679 1936 2732 τὸν

352 2760 607 2830 Πατέρα.

421 2861 495 2914 Τὸ
519 2860 596 2924 δὲ,
620 2863 724 2926 Εἰς
748 2862 951 2930 κρίσιν
971 2864 1082 2916 οὐκ
1110 2862 1365 2933 ἔρχεται,
1393 2864 1552 2918 ἀλλὰ
1568 2865 1931 2933 μεταϐέϐηκε

348 2953 467 3007 ἀπὸ
492 2953 597 3006 τοῦ
630 2954 893 3008 θανάτου
927 2955 1079 3022 πρὸς
1113 2955 1229 3024 τὴν
1257 2956 1431 3024 ζωὴν,
1463 2959 1543 3020 τὸ,
1572 2961 1676 3023 Εἰς
1703 2959 1928 3027 κρίσιν,

349 3046 471 3097 ἀντὶ
507 3045 630 3109 τοῦ,
667 3047 742 3098 Οὐ
790 3046 1104 3110 κολάζεται,
1135 3049 1195 3100 οὐ
1234 3049 1644 3117 κατακρίνεται.
1689 3049 1929 3102 Θάνατον

348 3134 408 3188 δὲ
428 3176 443 3199 ,
474 3134 535 3189 οὑ
572 3136 781 3193 τοῦτον.
827 3137 964 3190 ἀλλᾶ
996 3139 1087 3190 τὸν
1118 3126 1336 3192 αἰώνιον
1357 3155 1372 3171 ⁸
1408 3139 1601 3209 ὥσπερ
1634 3140 1729 3193 καὶ
1760 3140 1925 3211 ζωὴν,

348 3226 412 3281 οὐ
444 3227 679 3296 ταύτην,
712 3228 849 3282 ἀλλὰ
877 3230 975 3300 τὴν
1004 3232 1251 3285 αίωνίαν.

425 3322 700 3387 Ἔρχεται
753 3320 875 3389 ὥρα
926 3322 1021 3375 καί
1074 3323 1191 3377 νῦν
1241 3324 1432 3387 ἐστιν,
1484 3323 1583 3377 ὅτε
1627 3326 1683 3378 οι
1726 3323 1926 3391 νεκροὶ

345 3412 655 3467 ἀκούσωσι
686 3413 797 3481 τῆς
825 3414 1031 3482 φωνῆς
1063 3415 1168 3469 τοῦ
1202 3416 1338 3470 Υἱοῦ
1362 3416 1677 3484 ἀνθρώπου
1707 3418 1803 3470 καί
1834 3416 1927 3483 (ii-

348 3522 581 3558 σονται.
626 3508 761 3575 Περὶ
793 3509 1043 3578 Λαζάρου
1086 3509 1179 3561 καὶ
1217 3508 1377 3561 τοῦτο
1413 3511 1614 3577 ὁμοίως
1649 3508 1819 3575 λέγει.

421 3596 650 3663 Ὠσπερ
667 3596 796 3665 γὰρ,
822 3598 1005 3667 φησὶν,
1026 3601 1058 3651 ὀ
1083 3598 1285 3667 Πατὴρ
1307 3600 1428 3667 ἔχει
1449 3597 1601 3664 («div
1621 3599 1689 3651 ἐν
1710 3597 1924 3662 ἐαυτῷ,

347 3686 530 3752 οὕτως
559 3688 742 3742 ἔδωκε
765 3690 861 3742 καὶ
888 3695 966 3755 τῲ
991 3688 1099 3755 Υἱῴ
1121 3689 1275 3757 ζωὴν
1295 3690 1460 3759 ἔχειν
1482 3692 1552 3743 ἐν
1576 3690 1787 3756 ἐαυτῷ.
1816 3689 1927 3760 Τὴν

348 3776 441 3831 τοῦ
468 3818 480 3840 ,
515 3779 700 3833 ἔδωκε
726 3820 738 3841 ,
775 3780 918 3844 λέξιν
969 3781 1202 3835 ἐνταῦθα
1247 3782 1461 3843 τέθεικε
1493 3782 1585 3837 ἐπὶ
1630 3782 1714 3852 τῷ
1756 3781 1927 3846 δεῖξαι

350 3869 508 3939 μόνον
538 3872 606 3924 τὰ
651 3872 744 3923 δύο
779 3876 1047 3942 πρόσωπα
1070 3890 1083 3903 ·
1133 3874 1164 3942 ἦ
1195 3873 1352 3926 τοῦτο
1390 3874 1569 3941 λέγει,
1599 3875 1658 3927 τδ
1688 3876 1931 3946 ἐγείρειν

346 3962 594 4029 νεκροὺς,
636 3961 780 4015 οὕτω
813 3963 907 4015 καὶ
946 3964 1023 4033 τῷ
1064 3963 1177 4033 Υίῴ
1223 3965 1455 4017 δέδωκε·
1487 3967 1645 4019 τοῦτο
1689 3966 1770 4031 δὲ,
1824 3967 1925 4036 τῆς

347 4052 697 4115 ὑποστάσεως
729 4054 790 4106 τὸ
820 4054 1243 4124 ἀπαραλλακεον
1269 4055 1499 4123 είςάγει.

418 4144 510 4210 Τὸ,
532 4148 738 4213 Καθὼς
779 4149 975 4203 ἀκούω
1015 4150 1213 4216 κρίνω,
1250 4149 1434 4217 δηλοῖ,
1464 4150 1522 4202 οὐ
1554 4149 1923 4217 διδασκαλίαν,

342 4242 479 4296 ἁλλὶι
517 4240 576 4293 τὸ
610 4241 710 4309 τῆς
746 4241 929 4310 ψήφου
973 4241 1108 4294 ἴσον·
1141 4242 1216 4303 ὡς
1258 4242 1323 4294 ἂν
1360 4240 1530 4308 ἐλεγεο
1562 4240 1719 4294 Οὕτω
1755 4242 1924 4311 κρίνω

342 4332 543 4387 ὡσανεὶ
581 4333 740 4397 αὐτὸς
784 4334 813 4386 ὁ
860 4333 1048 4403 Πατὴρ
1078 4336 1103 4386 ὁ
1138 4335 1338 4404 κρίνων
1377 4333 1485 4402 εἴη.
1529 4335 1593 4385 Τί
1625 4334 1814 4402 λέγει’
1863 4334 1925 4388 Ἡ

342 4427 541 4492 κρίσις
567 4427 603 4493 ἠ
634 4426 748 4495 ἐμὴ
769 4425 969 4480 δικαιά
1001 4428 1191 4489 ἐστὶν,
1217 4428 1305 4480 ὅτι
1337 4430 1408 4482 οὐ
1432 4425 1579 4495 ζητῶ
1602 4427 1666 4481 τὸ
1696 4426 1924 4501 θέλημα

342 4519 407 4575 τό
437 4519 603 4587 ἐμὸν,
662 4520 754 4572 καὶ
800 4520 870 4572 τὰ
917 4520 1077 4587 ὲξῆςς
1129 4521 1301 4573 Τοῦτο
1341 4522 1398 4574 δὲ
1440 4521 1677 4574 τοιοῦτον
1730 4524 1919 4575 ἐστιν’

2040 2032 2107 2086 ad
2156 2032 2594 2097 sublimissima;
2642 2031 2708 2086 Ut
2758 2050 2933 2086 omnes
2977 2032 3325 2099 honoriﬁcent
3388 2027 3617 2089 Filium,

2040 2124 2175 2177 sicut
2208 2125 2558 2194 honoriﬁcam
2602 2123 2839 2179 Patrem.
2869 2124 2940 2178 Ita
2976 2138 3283 2178 sermonem
3328 2119 3525 2180 variat,
3560 2128 3620 2169 ut

2044 2216 2131 2269 his
2158 2232 2282 2285 quae
2328 2226 2461 2272 tunc
2501 2218 2796 2272 audiebant
2853 2217 3006 2271 ﬁeret
3038 2215 3411 2285 acceptabilis,
3446 2222 3501 2266 et
3533 2211 3618 2264 his

2041 2309 2137 2377 qui
2173 2324 2319 2362 nunc
2362 2309 2548 2379 legunt
2594 2310 2881 2363 utilitatem
2928 2317 3144 2378 praestet
3178 2322 3242 2361 ex
3281 2304 3617 2359 sublimitate

2041 2399 2337 2455 sermonis.
2392 2401 2591 2455 Deinde
2637 2401 2764 2471 quia
2805 2401 3107 2469 completus
3153 2406 3237 2454 est.
3269 2398 3448 2451 honor
3492 2395 3615 2449 Filii

2040 2494 2248 2548 honore
2290 2491 2491 2559 Patris,
2521 2493 2651 2547 dicit
2684 2510 2697 2547 :
2732 2491 2835 2558 Qui
2880 2508 2984 2546 non
3022 2490 3339 2559 honoriﬁcat
3380 2486 3610 2550 Filium,

2037 2601 2141 2640 non
2172 2586 2489 2657 honoriﬁcat
2528 2585 2769 2640 Patrem.

2108 2868 2278 2925 Vsus.
2307 2871 2400 2925 24.
2435 2871 2504 2926 1η
2533 2871 2798 2941 judicium
2834 2886 2938 2924 non
2984 2868 3145 2931 venit,
3189 2864 3281 2920 sed
3333 2865 3545 2920 transiit
3581 2884 3615 2921 α

2037 2972 2206 3016 morte
2252 2963 2322 3015 ad
2361 2963 2525 3015 vitam
2553 2979 2573 3028 ;
2600 2962 2650 3014 in
2674 2962 2966 3029 judicium,
3000 2974 3121 3027 pro,
3151 2974 3257 3011 non
3291 2958 3517 3027 punitur
3558 2969 3615 3013 ct

2032 3070 2140 3107 non
2167 3054 2583 3119 condemnatur,
2613 3054 2763 3107 dicit.
2801 3052 2945 3105 Mors
2981 3051 3072 3104 illa
3104 3064 3210 3103 non
3242 3058 3325 3103 est
3371 3063 3613 3117 praasens

2036 3162 2207 3210 mors,
2235 3147 2329 3201 sed
2354 3156 2554 3202 aeterna
2587 3163 2602 3212 ;
2636 3146 2780 3201 sicut
2814 3145 2922 3198 vita
2957 3159 3065 3197 non
3100 3150 3183 3196 est
3220 3156 3480 3210 praesens,
3513 3141 3606 3193 sed

2034 3245 2237 3291 αξιοι-ηε
2278 3239 2411 3291 vita.

2106 3326 2271 3383 Vens.
2312 3329 2403 3383 25.
2454 3326 2603 3381 Venit
2639 3329 2771 3380 hora
2812 3337 2860 3382 et
2898 3342 3035 3380 nunc
3086 3336 3184 3389 est,
3225 3322 3433 3393 quando
3470 3339 3611 3376 mor-

2032 3422 2112 3474 tui
2141 3422 2354 3474 audient
2383 3437 2554 3475 vocem
2589 3418 2724 3473 Filii
2747 3420 2973 3473 hominis
3003 3429 3049 3473 et
3080 3419 3268 3473 vivent.
3304 3415 3376 3471 De
3406 3415 3613 3470 Lazaro

2033 3526 2087 3570 et
2108 3515 2159 3567 id
2184 3515 2435 3568 similiter
2468 3514 2622 3569 dicit.

2102 3603 2268 3660 Vsus.
2300 3606 2389 3659 26.
2421 3605 2569 3660 Sicut
2596 3605 2759 3669 enim,
2809 3604 2908 3667 ait,
2961 3602 3129 3657 Pater
3169 3603 3320 3657 habet
3365 3606 3529 3657 vitam
3556 3603 3613 3655 in

2028 3702 2326 3767 semetipso.
2352 3699 2429 3751 ita
2463 3699 2607 3751 dedit
2644 3708 2693 3751 et
2738 3695 2881 3749 Filio
2905 3697 3097 3750 habere
3145 3697 3309 3749 vitam
3345 3697 3398 3749 in
3428 3704 3615 3750 semet-

2028 3791 2160 3858 ipso,
2197 3791 2338 3845 hanc
2368 3806 2556 3846 vocem
2592 3790 2736 3845 dedit
2794 3790 2867 3844 ibi
2934 3790 3156 3844 adhibet
3209 3788 3274 3843 ad
3322 3787 3613 3843 ostenden-

2027 3884 2157 3937 dum
2188 3892 2399 3937 tantum
2440 3884 2579 3937 duas
2610 3898 2910 3951 personas;
2941 3882 3024 3937 vel
3061 3882 3112 3937 id
3146 3882 3300 3945 dicit,
3341 3880 3612 3934 suscitare

2028 3983 2296 4037 mortuos,
2329 3977 2403 4029 ita
2432 3984 2486 4029 et
2527 3975 2677 4028 dedit
2708 3974 2873 4038 Filio,
2917 3975 3019 4029 hoc
3067 3985 3245 4028 autem
3304 3969 3614 4041 hyprstasis

2028 4065 2442 4119 similitudinem
2482 4064 2712 4120 inducit.

2103 4155 2263 4210 Vens.
2300 4155 2389 4211 50.
2424 4155 2573 4210 Sicut
2622 4157 2783 4207 audio
2800 4155 3025 4222 judico,
3057 4154 3294 4209 ostendit
3341 4168 3448 4206 non
3488 4168 3605 4205 ma-

2025 4247 2333 4317 gisterium,
2365 4248 2456 4303 sed
2484 4248 2770 4303 sententia:
2800 4246 3083 4316 puritatem
3121 4263 3135 4309 ;
3176 4247 3330 4312 quasi
3356 4243 3560 4295 diceret
3590 4258 3602 4293 :

2024 4336 2099 4390 Ita
2121 4336 2330 4405 judico,
2364 4347 2421 4390 ut
2449 4338 2562 4406 ipse
2591 4336 2749 4388 I’atrr
2784 4336 3074 4405 judicaret.
3120 4334 3261 4401 Quid
3288 4333 3558 4404 significat
3590 4349 3603 4385 :

2023 4427 2296 4482 Judicium
2326 4446 2494 4483 meum
2527 4428 2741 4505 justum
2775 4438 2875 4492 est,
2906 4429 3032 4499 quia
3064 4445 3168 4481 non
3198 4443 3376 4497 quwro
3417 4426 3606 4479 volun-

2026 4531 2189 4576 tatem
2231 4538 2417 4586 meam,
2445 4521 2563 4575 etc?
2594 4521 2743 4575 Istud
2789 4522 2894 4575 tale
2924 4530 3008 4576 est
3040 4539 3053 4575 :
3094 4521 3407 4574 Debuerunt
3436 4518 3606 4573 Judazi

345 4610 610 4682 Ἐμελλον
637 4612 815 4681 λέγειν
846 4612 995 4682 αὐτῷ
1025 4616 1072 4667 οἱ
1109 4614 1370 4667 Ἰουδαῖον
1420 4615 1565 4668 Ἐὰν
1592 4614 1674 4669 σὺ
1705 4633 1921 4684 μαρτυ-

2034 4614 2215 4667 dicere
2248 4612 2321 4666 illi
2354 4630 2367 4664 :
2400 4611 2456 4667 Si
2485 4624 2540 4666 tu
2565 4612 2919 4667 testimonium
2941 4612 3145 4666 dederis
3170 4613 3233 4665 de
3256 4622 3305 4665 te
3338 4612 3475 4680 ipso,
3505 4619 3609 4663 tes~

333 4704 452 4775 ρῇς
503 4704 635 4773 περὶ
677 4705 973 4769 σεαυτοῦ,
1010 4708 1048 4774 ἡ
1094 4706 1389 4775 μαρτυρία
1431 4722 1547 4762 σου
1596 4708 1706 4761 οὐκ
1748 4709 1921 4762 ἔστιν

340 4799 647 4864 ἀληθείας.
699 4801 797 4851 Διὰ
851 4799 1010 4852 τοῦτο
1062 4796 1156 4852 οὖν
1205 4800 1495 4870 προλαϐὼν
1544 4800 1703 4853 τοῦτο
1752 4796 1871 4851 εἷπε
1900 4839 1916 4864 ,

340 4893 539 4944 ὡσανεὶ
576 4892 751 4959 ἔλεγε·
787 4893 948 4955 Ἴσως
979 4893 1155 4962 ἐρείτέ
1191 4909 1303 4962 μοι’
1334 4894 1423 4945 Σοὶ
1458 4895 1517 4946 οὐ
1561 4892 1909 4961 πιστεύομενο

337 4986 459 5038 οὐδὲ
493 4985 601 5052 γὰρ
652 4984 831 5055 ἐαυτῷ
882 4987 1236 5056 μαρτυρήσας
1274 4985 1582 5051 ἀξιόπιστος
1615 4990 1672 5040 ὲν
1706 4984 1917 5057 ἀνθρώ-

338 5095 481 5140 ποις.
513 5079 587 5130 Οὐ
612 5077 791 5130 τοίνυν
822 5078 955 5147 πρὸς
978 5078 1074 5147 τὴν
1098 5077 1253 5142 ἀξίαν
1280 5078 1377 5150 τὴν
1401 5079 1591 5142 αὐτοῦ,
1622 5078 1756 5131 ἀλλὰ
1780 5078 1915 5147 πρὸς

334 5170 433 5240 τὴν
468 5170 724 5222 ὑπόνοιαν
760 5169 856 5237 τὴν
891 5168 1150 5231 ἐκείνων,
1189 5170 1281 5222 καὶ
1312 5172 1410 5237 τὴν
1445 5170 1743 5238 μέλλουσαν
1784 5171 1914 5240 παρ’

336 5262 560 5313 ἐκείνων
615 5260 887 5312 ἀντίθεσιν
942 5257 1247 5325 ἐπάγεσθαι
1284 5298 1298 5321 ,
1346 5259 1561 5319 δεικνὺς
1599 5258 1781 5319 αὐτοῖς
1832 5260 1914 5311 ὅτι

335 5349 444 5405 οἶδε
475 5352 654 5405 αὐτῶν
697 5350 765 5402 τὰ
795 5351 1080 5420 ἀπόρρητα
1112 5351 1209 5420 τῆς
1239 5350 1499 5413 διανοίας.
1541 5350 1711 5403 Ὅταν
1737 5351 1792 5402 δὲ
1824 5350 1912 5401 te-

334 5461 440 5508 γει,
466 5445 547 5496 ὅτι
583 5442 839 5508 Ἀληϐιξς
862 5442 1031 5493 ἐστιν
1054 5440 1090 5506 ἡ
1121 5442 1417 5510 μαρτυρία
1443 5441 1633 5496 αὐτοῦ
1658 5482 1672 5503 .
1731 5441 1914 5494 αὐτῶν

335 5534 577 5587 δείκνυσι
604 5534 710 5585 τῶν
745 5533 1087 5602 πραγμάτων
1118 5530 1214 5602 τὴν
1247 5530 1429 5599 φύσιν.

406 5628 532 5680 ’Ότι
557 5626 630 5689 ὡς
658 5625 791 5678 Θεὸν
816 5625 1129 5690 ἀξιόπιστον
1154 5625 1315 5677 αὑτὸν
1336 5624 1444 5677 ἔδει
1472 5624 1736 5695 νομίζειν,
1762 5628 1911 5698 τρεῖς

336 5718 678 5790 παραγαγὼν
717 5718 1021 5787 μαρτυρίας
1063 5716 1169 5769 τῶν
1202 5715 1512 5786 λεγομένων
1537 5755 1551 5780 ,
1584 5716 1651 5770 τὰ
1675 5716 1811 5788 ἔργα
1841 5718 1910 5773 τὰ

336 5814 429 5863 ὑπ’
460 5811 623 5864 αὑτοῦ
654 5810 929 5877 γινόμενα,
965 5810 1056 5863 τοῦ
1093 5809 1307 5879 Πατρὸς
1338 5809 1435 5879 τὴν
1472 5810 1777 5880 μαρτυρίαν
1802 5851 1817 5875 ,
1850 5814 1910 5867 τὸ

348 5903 592 5959 Ἰωάννου
623 5904 898 5973 κήρυγμα.
938 5902 1221 5972 Ἐπιρέρει
1250 5902 1400 5970 γοῦν·
1442 5904 1656 5970 Ἄλλος
1681 5902 1852 5959 ἐστίν
1876 5908 1908 5960 ό

2027 4706 2303 4759 timonium
2332 4715 2478 4758 tuum
2525 4723 2627 4759 non
2665 4717 2740 4760 est
2790 4722 2991 4760 verum.
3042 4705 3171 4759 Ideo
3210 4704 3373 4774 igitur
3404 4719 3609 4772 praeve-

2025 4796 2181 4851 niens
2216 4796 2266 4850 id
2295 4797 2452 4861 dixit,
2486 4798 2641 4868 quasi
2672 4799 2875 4852 diceret
2912 4797 3159 4851 :Forsan
3193 4796 3386 4851 dicetis
3429 4793 3602 4848 mihi:

2023 4885 2138 4941 Non
2170 4887 2263 4941 tibi
2292 4889 2566 4943 credimus
2590 4906 2603 4953 ;
2627 4906 2734 4942 non
2756 4889 2901 4943 enim
2931 4888 3024 4957 qui
3056 4889 3121 4943 de
3140 4903 3198 4943 sc
3231 4886 3601 4943 testimonium

2023 4978 2353 5050 dat,dignus
2383 4980 2484 5034 ﬁde
2525 4990 2608 5034 est
2634 4982 2775 5035 inter
2818 4982 3090 5036 homines.
3123 4980 3240 5035 Non
3283 4982 3447 5051 igitur
3480 4994 3606 5049 pro»

2023 5078 2141 5139 pter
2170 5088 2323 5125 suam
2376 5072 2718 5142 dignitatem,
2756 5074 2850 5127 sed
2884 5082 3107 5142 prepter
3154 5073 3371 5127 illorum
3420 5070 3604 5140 suspi-

2021 5162 2258 5225 cionem,
2302 5171 2355 5217 et
2388 5163 2751 5231 objectionem
2785 5180 2907 5233 quae
2937 5163 3007 5217 ab
3051 5164 3160 5217 illis
3201 5164 3398 5233 Opponi
3430 5162 3596 5216 debe-

2022 5254 2136 5319 hat,
2169 5256 2405 5309 ostendit
2434 5256 2513 5310 eis
2546 5272 2605 5311 se
2654 5258 3013 5326 cogitationes
3047 5273 3238 5310 eorum
3272 5255 3592 5310 abscondita

2022 5362 2250 5401 noscere
2285 5364 2300 5401 :
2341 5364 2510 5416 quum
2552 5363 2679 5402 vero
2713 5349 2843 5404 dicit
2881 5364 3067 5402 verum
3101 5363 3220 5402 esse
3250 5363 3409 5401 suum
3441 5346 3595 5403 testi-

2020 5444 2289 5505 monium,
2324 5441 2562 5495 ostendit
2593 5458 2770 5497 rerum
2802 5442 3042 5512 ipsarum
3071 5452 3345 5496 naturam.

2091 5626 2255 5683 Vens.
2288 5627 2376 5681 5i.
2414 5627 2568 5695 Quod
2593 5638 2648 5683 ut
2679 5629 2844 5684 Deum
2874 5629 3188 5684 credibilem
3220 5628 3367 5682 illum
3398 5628 3596 5684 habere

2018 5730 2287 5790 oporteat,
2314 5723 2415 5775 tria
2454 5721 2662 5791 profert
2689 5722 2999 5776 testimonia
3040 5737 3266 5775 suorum
3299 5721 3591 5787 dictorum,

2017 5831 2180 5885 opera
2227 5832 2348 5884 qua:
2382 5817 2450 5870 ab
2483 5817 2602 5886 ipso
2634 5825 2760 5870 sunt
2787 5813 2950 5881 facta,
2983 5815 3156 5871 Patris
3195 5816 3587 5879 testimonium,

2015 5916 2067 5961 et
2093 5907 2324 5963 Joannis
2365 5908 2719 5978 praeconium.
2755 5908 2917 5962 Infert
2962 5923 3178 5979 nempe,
3208 5906 3358 5961 Alius
3388 5918 3463 5960 est
3502 5906 3595 5977 qui
