4026 6572
383 408 518 476 1243
1121 411 1513 474 ΟΡΗΞΟΙΠΑ
1555 413 1992 475 SCRIPTUM:

2099 413 2185 470 CA
2227 411 2579 474 INCERTrE
2616 409 2922 470 AETATIS.
3496 405 3627 468 1244

383 525 738 584 testimonium
775 523 1006 593 perhibet
1035 523 1098 577 de
1131 540 1232 589 me,
1267 537 1315 578 et
1347 526 1459 579 scio
1495 526 1619 594 quia
1658 540 1833 578 verum
1877 535 1951 577 est
1985 567 1992 584 ι

2101 520 2368 590 (ιρτυρῶν
2396 520 2528 589 περὶ
2557 520 2722 589 ἐμοῦ,
2754 523 2848 574 καὶ
2875 504 3006 572 οῖδα
3031 517 3117 571 ὅτι
3144 517 3376 587 ἀληθής
3393 520 3566 573 ἐστιν
3592 519 3629 585 ἡ

384 619 740 672 testimonium
787 618 933 685 ejus;
989 615 1057 670 de
1113 615 1323 671 Joanne
1371 618 1618 687 loquens.
1655 615 1732 671 Ne
1775 627 1956 671 autem

2102 613 2350 682 αρτυρία
2375 612 2596 679 αὐτοῦ,
2631 613 2759 683 περὶ
2801 612 3050 664 Ἰωάννου
3078 610 3273 679 λέγων.
3309 614 3425 664 ’Ὶνα
3455 611 3511 664 δὲ
3561 611 3634 682 μὴ

383 710 589 770 dicant,
632 718 692 764 ut
722 710 814 764 tibi
852 711 1107 779 placeret,
1161 711 1264 764 hoc
1316 709 1461 774 fecit,
1499 710 1689 764 addit:
1730 707 1832 763 Vos
1869 709 1960 761 mi-

2099 708 2312 774 ἐγωσιν,
2336 707 2419 758 ὅτι
2472 705 2844 776 Χαριζόμενός
2888 722 2970 757 σοι
2996 705 3153 758 τοῦτο
3192 706 3446 774 ἐποίησεν
3471 746 3484 766 ,
3515 707 3632 756 ἑπι-

383 798 527 850 sistis
560 799 626 850 ad
648 797 929 865 Joannem,
960 809 1007 852 et
1049 800 1407 853 testimonium
1433 799 1698 868 perhibuit
1727 799 1956 852 veritati.

2104 798 2251 867 έρει·
2309 794 2507 865 ’Υμεῖς
2555 795 2972 850 ἀπεστάλκατε
3010 794 3160 862 πρὸς
3209 795 3496 862 Ἰωάννην
3539 795 3636 848 καὶ

386 888 505 942 Non
538 891 706 957 enim,
736 891 832 956 ait,
873 891 1182 958 misissetis,
1219 891 1266 946 si
1307 889 1762 946 noncredibilem
1804 890 1958 944 illum

2099 888 2474 956 :epapn'zpnxe
2514 886 2588 955 τῇ
2619 887 2868 956 ἀληθείᾳ
2893 903 2906 914 ·
2943 888 3044 940 οὐκ
3073 887 3138 940 ἂν
3165 887 3221 940 δὲ
3244 929 3258 951 ,
3307 889 3494 959 φησιν,
3527 891 3634 942 ἀπ-

393 982 748 1039 habuissetis.

2099 979 2362 1048 στειλατε,
2389 981 2436 1032 εἰ
2471 979 2546 1051 μὴ
2571 980 2884 1045 ἀξιόπιστον
2915 981 3078 1034 αὑτὸν
3108 981 3356 1051 ἡγεῖσθε.

462 1091 623 1146 Vsus.
657 1091 747 1146 54.
787 1090 926 1159 Quid
954 1101 1070 1146 :cst
1113 1091 1221 1162 Ego
1250 1108 1351 1144 non
1380 1091 1443 1144 ab
1481 1090 1688 1144 homine
1725 1089 1965 1144 testimo-

2138 1089 2204 1142 Τί
2235 1092 2352 1144 ἐστι
2383 1093 2444 1144 τὸ
2463 1130 2479 1155 ,
2529 1090 2678 1160 Ἐγὼ
2712 1091 2872 1158 παρὰ
2907 1081 3235 1158 ’ἀνθρώπου
3277 1090 3395 1158 τὴν
3417 1107 3642 1159 μαρτυ-

392 1183 538 1236 nium
569 1183 799 1248 recipio;
845 1184 933 1237 sed
966 1184 1083 1238 'luec
1114 1184 1229 1236 dico
1276 1194 1332 1235 ut
1385 1198 1471 1234 vos
1517 1180 1650 1234 salvi
1685 1181 1963 1251 sitis?ego

2101 1181 2205 1234 ίαν
2231 1183 2304 1235 οὺ
2340 1180 2645 1251 λαμϐάνω,
2691 1184 2852 1237 ἀλλὰ
2896 1183 3082 1237 ταῦτα
3117 1182 3274 1251 λέγω
3319 1183 3420 1236 ἵνα
3470 1181 3643 1250 ὑμεῖς

393 1275 638 1345 quidem,
671 1277 868 1346 inquit,
899 1291 1006 1330 non
1043 1275 1269 1344 agebam
1301 1274 1447 1329 illius
1477 1271 1810 1339 testimonio,
1836 1288 1962 1327 cum

2099 1271 2336 1338 ’ωθῆτε;
2379 1272 2521 1340 Ἐγὼ
2560 1271 2681 1340 μὲν,
2717 1271 2874 1341 φησὶ,
2909 1271 3010 1324 οὐκ
3055 1271 3284 1340 ἐδεόμην
3316 1270 3412 1339 τῆς
3449 1267 3642 1321 τούτου

392 1365 537 1420 Deus
587 1365 714 1432 sim,
770 1365 1032 1420 humano.
1082 1365 1353 1432 Quoniam
1408 1374 1590 1419 autem
1656 1365 1829 1433 magis
1889 1363 1965 1417 illi

2099 1363 2412 1436 ιαρτυρίας,
2467 1363 2600 1426 Θεὸς
2643 1362 2740 1428 ὢν,
2779 1365 2880 1434 τῆς
2928 1361 3310 1433 ἀνθρωπίνηςο
3342 1360 3530 1430 ἐπειδὴ
3581 1359 3643 1412 δὲ

393 1457 628 1512 obeditis
673 1473 836 1528 quam
879 1458 1038 1525 mihi,
1074 1457 1200 1513 ideo
1232 1457 1386 1513 vobis
1423 1455 1798 1512 testimonium
1847 1455 1968 1526 ejus

2099 1453 2272 1507 ιᾶλλον
2316 1453 2466 1524 αὑτῷ
2503 1457 2798 1524 προσέχετε
2829 1454 2975 1524 ἥπερ
3016 1453 3164 1523 ἐμοὶ,
3193 1453 3283 1506 διὰ
3311 1451 3465 1505 τοῦτο
3496 1453 3647 1523 ὑμᾶς

395 1547 634 1614 profero.

2099 1547 2474 1616 ,ναμιμνήσκω
2495 1548 2592 1617 τῆς
2621 1545 2930 1616 μαρτυρίας
2957 1545 3148 1599 αὑτοῦ.

468 1657 627 1712 Vens.
659 1659 748 1713 55.
781 1657 1084 1714 Lucernam
1133 1661 1412 1715 ardentem
1472 1672 1632 1716 vocat
1676 1661 1967 1728 Joannem,

2144 1655 2351 1725 Λύχνον
2397 1655 2453 1708 δὲ
2497 1655 2790 1726 καιόμενον
2825 1655 2972 1722 λέγει
3005 1656 3096 1709 τὸν
3142 1655 3429 1724 Ἰωάννην,
3465 1654 3553 1708 διὰ
3583 1655 3647 1706 τὸ

393 1750 524 1819 quia
551 1766 657 1805 non
683 1752 956 1821 propriam
989 1753 1164 1806 lucem
1202 1752 1438 1806 habebat
1465 1753 1558 1807 sed
1597 1753 1774 1807 lucem
1805 1752 1969 1822 spiri-

2099 1745 2150 1816 ιὴ
2173 1746 2388 1799 οἴκοθεν
2421 1745 2568 1815 ἔχειν
2596 1746 2657 1798 τὸ
2687 1746 2834 1814 φῶς,
2860 1747 2976 1799 ἀλλ’
3005 1747 3114 1799 ἀπὸ
3143 1749 3238 1816 τῆς
3269 1747 3363 1799 τοῦ
3393 1745 3648 1814 [Ινεύμαο

397 1851 488 1898 tus
516 1843 726 1913 gratias.
758 1843 898 1910 Quid
920 1853 1005 1898 est
1033 1863 1047 1899 :
1088 1844 1190 1898 Vos
1218 1845 1457 1897 voluistis
1485 1845 1554 1897 ad
1583 1845 1768 1898 horam
1784 1843 1969 1898 exsut-

2099 1851 2164 1898 oc
2189 1834 2430 1904 χάριτος.
2470 1836 2512 1888 Τ
2518 1834 2534 1888 ί
2575 1836 2691 1888 ἐστι
2724 1836 2807 1901 τὸ,
2854 1836 3050 1904 Ὑμεῖς
3088 1835 3430 1903 ἠθελήσατε
3464 1837 3651 1905 ἀγαλ-

397 1947 509 1989 tare
555 1937 612 1989 in
637 1935 752 1990 luce
811 1937 973 2004 ejus?
1004 1938 1309 1992 ostenditur
1343 1938 1472 2008 quia
1510 1936 1972 2007 rccepvrantqui-

2099 1925 2396 1993 [ιασθῆναι
2434 1926 2586 1994 πρὸς
2619 1926 2785 1995 ὥραν
2825 1927 2896 1980 ἐν
2933 1926 3014 1993 τῷ
3037 1930 3181 2000 φωτὶ
3225 1929 3458 1992 αὐτοῦ;
3489 1931 3652 1998 Δηλοῑ

396 2028 518 2082 dem
555 2045 677 2098 quae
708 2045 738 2096 ρ
787 2029 996 2086 Joanne
1029 2031 1372 2097 dicebantur,
1405 2041 1458 2087 et
1513 2041 1720 2086 rectum
1767 2031 1835 2085 de
1876 2029 1972 2084 illo

395 2118 662 2184 judicium
690 2131 933 2191 egerant,
966 2123 1058 2177 sed
1085 2124 1386 2192 temporale
1418 2131 1473 2177 et
1499 2139 1606 2177 non
1640 2122 1834 2177 stabile
1868 2121 1973 2176 fuit

401 2210 502 2264 hoc
528 2210 791 2265 studium.
827 2211 883 2266 Si
919 2213 1065 2268 enim
1098 2224 1559 2283 perseverassent,
1593 2213 1846 2269 celeriter
1877 2228 1974 2270 eos

400 2305 818 2359 inanuduxissct
842 2305 907 2359 ad
929 2304 1232 2360 Christum.

2073 2019 2156 2072 ὅτι
2189 2017 2520 2082 ἀπεδέξαντο
2552 2018 2652 2088 μὲν
2675 2018 2745 2072 τὰ
2771 2019 3040 2089 εἰρημένα
3070 2021 3218 2090 παρὰ
3256 2021 3527 2085 Ἰωάννου,
3556 2022 3656 2074 καὶ

2073 2111 2239 2181 ὀρθὴν
2267 2112 2396 2181 περὶ
2426 2111 2593 2165 αὑτοῦ
2621 2113 2806 2183 κρίσιν
2832 2109 3000 2183 εἶχον,
3032 2114 3173 2168 ἀλλὰ
3217 2114 3553 2186 πρόσκαιρος
3583 2109 3654 2184 ἦν

2075 2201 2172 2255 καὶ
2202 2202 2456 2266 ἀϐέϐαιος
2490 2204 2676 2272 ἐκείνη
2719 2208 2752 2274 ἠ
2789 2207 3016 2276 σπουδή.
3049 2207 3112 2258 El
3158 2207 3267 2276 γὰρ
3311 2206 3610 2276 ἐπέμειναν
3635 2247 3652 2270 ,

2075 2296 2287 2364 ταχέως
2315 2295 2383 2349 ἂν
2417 2298 2616 2361 αὐτοὺς
2648 2298 3060 2369 ἐχειραγὼγησε
3095 2301 3230 2370 πρὸς
3255 2301 3510 2371 Χριστόν.

2149 2405 2216 2458 Τί
2236 2407 2292 2460 δέ
2315 2409 2430 2460 ἐστι
2454 2407 2536 2474 τὺ,
2576 2409 2724 2476 Ἐγὼ
2748 2408 2816 2462 δὲ
2835 2409 2954 2478 ἔχω
2974 2409 3434 2478 τὴν-μαρτυρίαν
3452 2407 3657 2476 paulo;

2080 2498 2188 2552 Τοῦ
2233 2499 2501 2562 Ἰωάννου,
2536 2500 2632 2552 καὶ
2664 2501 2824 2553 ποίαν
2854 2502 3082 2571 ταύτην,
3135 2501 3312 2572 δηλῶν
3358 2503 3506 2569 λέγει
3527 2519 3542 2532 ·
3579 2504 3658 2555 Τὰ

473 2414 638 2468 Vens.
669 2415 759 2470 56.
791 2416 931 2481 Quid
976 2426 1059 2470 est
1104 2433 1118 2468 :
1154 2414 1264 2486 Ego
1303 2425 1476 2469 autem
1529 2417 1693 2470 Italico
1738 2417 1977 2471 testimo-

403 2507 550 2558 nium
583 2507 798 2575 majus?
829 2508 880 2562 id
929 2515 1033 2570 est,
1069 2507 1245 2576 majus
1285 2505 1512 2563 Joannis
1555 2509 1898 2570 testimonio;
1927 2518 1981 2563 et

405 2599 563 2665 quale
606 2600 676 2654 sit
734 2600 876 2655 istud
908 2601 1204 2655 ostendens
1247 2601 1372 2655 dicit
1405 2619 1419 2656 :
1449 2601 1621 2670 Opera
1669 2602 1806 2655 enim
1861 2617 1980 2671 qua!

405 2689 547 2742 dedit
574 2690 700 2744 mihi
734 2691 891 2746 Pater
912 2705 966 2746 ut
991 2693 1212 2762 faciam,
1234 2694 1586 2747 testimonium
1605 2694 1836 2762 perhibet
1855 2694 1980 2764 quia

407 2779 576 2833 Pater
602 2781 743 2834 misit
775 2797 874 2836 me.

481 2871 648 2927 Vsus.
689 2873 780 2927 37.
823 2874 928 2939 Qui
968 2875 1111 2928 misit
1149 2890 1229 2928 me
1256 2874 1449 2940 Pater,’
1473 2876 1584 2944 ipse
1622 2879 1980 2931 testimonium

404 2962 662 3030 perhibuit
685 2963 749 3018 de
777 2979 875 3019 me.
905 2964 1050 3021 Ubi?
1075 2965 1294 3036 quando
1318 2965 1458 3022 dixit
1497 2987 1513 3023 :
1549 2966 1655 3022 Hic
1685 2981 1762 3022 est
1804 2968 1985 3024 Filius

409 3071 552 3108 meus
581 3055 826 3111 dilectus.

481 3146 620 3212 Quid
647 3157 730 3204 est
759 3167 773 3204 :
803 3149 986 3220 Neque
1036 3167 1210 3205 vocem
1249 3150 1366 3220 ejus
1421 3153 1695 3207 audistis?
1726 3153 1776 3207 id
1830 3153 1980 3220 dicit,

2079 2588 2224 2657 ἔργα
2263 2590 2301 2642 d
2330 2589 2516 2644 ἔδωκέ
2554 2609 2656 2660 μοι
2686 2595 2719 2646 ό
2751 2593 2952 2660 Πατὴρ
2981 2594 3082 2646 ἵνα
3120 2592 3269 2648 ποιῶ
3288 2635 3303 2660 ,
3335 2595 3487 2648 αὐτὰ
3509 2610 3657 2662 gap-

2080 2683 2250 2749 τυρεῖ
2272 2680 2361 2736 ὅτι
2387 2685 2420 2736 ὀ
2443 2681 2646 2752 Πατήρ
2673 2700 2751 2753 με
2781 2683 3163 2742 ἀπέστειλεν.

2158 2868 2290 2922 Ὀτι
2329 2870 2363 2922 ό
2387 2867 2632 2938 πέμψας
2659 2887 2735 2939 με
2769 2869 2971 2938 Πατὴρ
2995 2913 3008 2936 ,
3036 2870 3220 2936 αὐτὸς
3244 2872 3662 2940 μεμαρτύρηκε

2083 2962 2217 3032 περὶ
2236 2961 2405 3032 ἐμοῦ.
2435 2961 2577 3027 Ποῦ;
2607 2963 2724 3015 ὐτ⁹
2754 2961 2820 3017 ἂν
2848 2959 3025 3017 εἴπεν·
3052 2959 3242 3030 Οὗτός
3267 2963 3438 3018 ἐστιν
3465 2967 3498 3018 ὁ
3526 2964 3660 3030 Υἱός

2076 3071 2198 3124 μου
2227 3056 2261 3108 ό
2293 3054 2626 3124 ἀγαπητός.

2155 3147 2222 3200 τι
2276 3148 2394 3201 ἐστι
2455 3147 2554 3212 τὸ,
2617 3148 2766 3201 οὔτε
2815 3145 3029 3217 φωνὴν
3082 3148 3270 3202 αὐτοῦ
3318 3148 3661 3214 ἀκηκόατε,

408 3239 534 3306 quia
573 3241 627 3295 in
669 3239 779 3295 Deo
807 3259 912 3298 non
943 3259 1044 3298 vox
1069 3254 1152 3298 est
1179 3259 1354 3314 neque
1386 3244 1553 3300 facies
1576 3263 1590 3312 ;
1615 3256 1669 3300 et
1696 3260 1767 3302 ne
1796 3247 1978 3302 dicere

2099 3236 2253 3292 Γοῦτο
2295 3238 2463 3307 λέγει,
2498 3239 2580 3292 ὄτι
2617 3239 2744 3308 περὶ
2775 3238 2908 3292 Θεὸν
2947 3237 3073 3292 οὔτε
3121 3239 3275 3309 φωνή
3333 3241 3505 3304 ἐστιν,
3537 3238 3664 3292 οὔτε

412 3331 623 3398 possint
655 3332 830 3403 Moysi
873 3333 1043 3390 Deum
1075 3335 1317 3391 locutum
1345 3335 1537 3393 fuisse.

482 3499 645 3558 Vens.
682 3504 769 3560 59.
799 3505 915 3559 Non
940 3507 1094 3573 dicit,
1118 3506 1320 3578 Legite,
1350 3510 1467 3572 sed,
1486 3507 1836 3568 Scrutantini.
1864 3510 1983 3566 Non

411 3597 559 3650 enim
592 3613 736 3652 mera
767 3599 972 3654 lectura
1006 3611 1290 3670 praestaret
1316 3604 1624 3669 scientiam,
1650 3605 1741 3659 sed
1765 3604 1985 3660 assidua

415 3689 694 3744 meditatio
730 3702 953 3760 praestat
982 3695 1127 3763 quod
1165 3697 1456 3764 quaeritur.

491 3779 652 3834 Vens.
685 3781 774 3837 43.
821 3782 892 3837 De
920 3801 1032 3854 quo
1069 3785 1202 3841 dicit
1235 3804 1248 3842 :
1288 3787 1349 3841 Si
1379 3789 1520 3842 alius
1552 3790 1749 3843 venerit
1800 3789 1856 3842 in
1889 3805 1990 3843 no-

415 3873 554 3926 mine
609 3889 706 3928 suo
755 3874 907 3930 illum
955 3879 1264 3946 recipietis!
1296 3880 1371 3935 De
1424 3880 1762 3937 Antichrislo
1815 3881 1992 3951 Inqui-

419 3977 526 4022 llll'.

1017 4094 1248 4152 CAPUT
1293 4094 1383 4152 Vl.

488 4198 652 4254 Vens.
684 4199 734 4256 1.
770 4199 882 4255 Cur
915 4203 1051 4256 abiit
1103 4213 1256 4258 trans
1287 4219 1437 4259 mare
1470 4203 1705 4259 Galilzenr
1739 4202 1993 4260 Tiberia-

417 4290 625 4345 dis?ut
653 4307 718 4346 ex
765 4291 852 4347 his
891 4310 1012 4364 qua:
1061 4294 1278 4349 dixerat
1311 4294 1571 4348 invidiam
1629 4311 1738 4349 non
1787 4297 1996 4350 excita-

417 4393 518 4438 ret.

491 4475 651 4531 Vens.
685 4477 739 4532 3.
769 4477 880 4532 Cur
911 4495 1015 4532 non
1046 4477 1290 4533 ascendit
1322 4478 1372 4531 in
1411 4479 1644 4541 Pascha,
1673 4477 1766 4532 sed
1803 4494 1855 4530 tn
1886 4477 1998 4531 Ga-

2085 3323 2228 3390 εῐδος
2250 3343 2264 3358 ·
2289 3326 2447 3381 τοῦτο
2467 3328 2523 3380 δὲ
2552 3323 2706 3382 εἶπεν
2731 3327 2818 3381 ἴνα
2846 3328 2921 3400 μὴ
2946 3329 3110 3399 ἔχωσι
3137 3328 3316 3400 λέγειν
3355 3332 3437 3384 ὅτι
3474 3332 3669 3384 Μυσεί

2083 3419 2384 3491 λελάληκεν
2410 3423 2436 3476 ὁ
2463 3422 2618 3485 Θεὸς.

2157 3511 2272 3564 Οὐκ
2305 3507 2478 3576 εἶπεν,
2517 3512 2842 3581 Ἀνάγνωτε,
2873 3513 3008 3578 ἀλλ’,
3050 3512 3382 3581 Ἐρευνᾶτε·
3408 3515 3467 3566 οὐ
3497 3517 3607 3582 γὰρ
3637 3516 3667 3583 ἡ

2086 3599 2218 3672 ψιλὴ
2247 3602 2552 3671 ἀνάγνωσις
2579 3606 2822 3676 παριστᾷ
2845 3604 2943 3676 τὴν
2971 3605 3193 3672 γνῶσιν,
3222 3606 3338 3660 ἀλλ’
3369 3609 3401 3675 ἡ
3427 3607 3667 3676 ἀκριϐὴς

2088 3694 2415 3764 κατανόησις
2448 3696 2752 3766 παρίστησι
2788 3698 2849 3750 τὸ
2889 3696 3244 3767 ζητούμενον.

2163 3785 2298 3856 Περὶ
2345 3787 2490 3849 τινος
2529 3786 2699 3855 λέγει,
2734 3787 2816 3841 ὅτι
2877 3788 3019 3842 Ἐὰν
3063 3789 3255 3854 ἄλλος
3290 3790 3437 3858 ἔλθῃ
3474 3790 3545 3842 ἐν
3590 3788 3672 3854 τῷ

2093 3877 2240 3943 ἰδίῳ,
2272 3878 2508 3933 ἐκεῖνον
2533 3879 2844 3950 λήψεσθε;
2877 3881 3015 3953 Περὶ
3040 3880 3135 3934 τοῦ
3180 3881 3551 3951 ’Δντιχρίστου
3580 3881 3671 3933 λέ·

2094 3986 2204 4039 γει.

2495 4171 2506 4180 κ
2696 4095 2946 4149 xeunt.
2983 4098 3074 4164 ς’.
3599 4106 3646 4122 δ

2167 4200 2266 4254 Διὰ
2291 4199 2343 4253 τί
2370 4201 2579 4271 ἀπῆλθε
2615 4201 2789 4269 πέραν
2819 4203 2918 4272 τῆς
2949 4201 3224 4272 Θαλάσσης
3257 4203 3352 4270 τῆς
3380 4201 3675 4266 Γαλιλαίας

2096 4295 2194 4364 τῆς
2216 4294 2567 4364 Τιϐεριάδοςς
2600 4295 2699 4348 Διὰ
2727 4294 2786 4349 τὸ
2811 4295 2886 4366 μὴ
2919 4297 2984 4348 ἐκ
3012 4297 3121 4350 τῶν
3147 4297 3454 4368 εἰρημένων
3480 4298 3676 4366 φθόνον

2099 4386 2410 4458 κινηθῆναι.

2170 4479 2268 4531 Διὰ
2298 4477 2352 4531 τί
2375 4480 2475 4533 οὐκ
2497 4481 2726 4549 ἀνῆλθεν
2755 4481 2850 4535 οὖν
2877 4483 2959 4546 εἰς
2992 4483 3053 4534 τὸ
3088 4482 3296 4554 Πάσχα,
3326 4483 3442 4537 ἀλλ’
3463 4485 3543 4546 εἰς
3578 4485 3677 4553 τὴν

419 4569 581 4633 ltlma,
606 4578 660 4624 et
679 4569 788 4624 illic
820 4572 870 4624 in
894 4570 1312 4638 Capharnaum?
1342 4572 1545 4624 sensim
1574 4569 1788 4622 tandem
1823 4568 1992 4637 legem

2100 4569 2412 4635 Γαλιλαίαν,
2439 4573 2694 4627 κάκεῖθεν
2716 4575 2794 4636 εἰς
2820 4574 3225 4644 Καπερναούμ;
3265 4575 3471 4645 Ἠρέμα
3492 4577 3677 4629 λοιπὸν

420 4661 689 4728 solvebat,
729 4663 1072 4718 occasionem
1128 4677 1353 4717 sumens
1406 4676 1436 4716 e
1485 4661 1798 4716 Judazorum
1841 4659 2000 4714 mali-

423 4756 516 4810 tia.

496 4844 661 4901 Vens.
696 4847 750 4902 5.
783 4845 923 4914 Quid
956 4888 972 4914 ,
1002 4847 1289 4904 Sublevans
1329 4845 1509 4900 oculos
1546 4863 1670 4900 suos
1703 4856 1752 4900 et
1797 4847 1998 4916 videns,

424 4937 562 4990 dixit
611 4936 747 5004 Quia
799 4955 1074 5010 nunquam
1118 4938 1438 5008 simpliciter
1480 4937 1746 5002 consedit,
1779 4939 1872 4994 sed
1905 4955 1999 4994 cn-

427 5032 544 5086 rain
572 5031 822 5090 habendo
854 5033 921 5088 de
942 5033 1059 5089 suis
1084 5032 1390 5101 discipulis.
1422 5031 1560 5098 Quid
1602 5041 1707 5096 est,
1731 5033 1878 5104 quod
1907 5034 2002 5090 alii

425 5126 772 5198 evangelista:
793 5128 1032 5181 dixerint
1074 5125 1376 5195 discipulos
1407 5125 1730 5181 accedentes
1764 5128 2003 5182 interro-

428 5235 556 5289 gare
604 5229 657 5273 et
692 5219 900 5274 hortari
934 5234 1000 5274 nc
1041 5218 1187 5273 sinat
1215 5215 1356 5271 fame
1402 5217 1601 5287 perire,
1634 5215 1873 5274 Joannes
1903 5235 2004 5273 anu

432 5323 537 5365 tem
597 5311 904 5382 Philippum
947 5325 979 5366 a
1036 5308 1255 5364 Christo
1304 5309 1666 5380 interrogari?
1696 5309 1829 5364 Mihi
1875 5327 2004 5382 ergo

429 5404 642 5460 videtur
675 5416 904 5474 utraque
930 5419 1049 5459 esse
1089 5416 1237 5465 vera,
1278 5399 1372 5455 sed
1414 5417 1522 5454 non
1558 5399 1611 5454 in
1642 5401 1829 5454 eodem
1867 5409 2004 5456 tem-

428 5515 558 5568 pore
600 5498 802 5553 habita.
840 5497 950 5552 Cur
999 5496 1297 5563 interrogat
1342 5492 1684 5563 Philippum?
1728 5495 1988 5563 quoniam

428 5591 638 5646 Sciebat
702 5589 828 5660 quis
882 5589 1149 5657 indigeret
1205 5587 1413 5653 majore
1469 5585 1836 5640 institutione.
1901 5586 2006 5640 Iste

427 5684 572 5736 enim
606 5691 690 5738 est
721 5683 812 5752 qui
837 5681 965 5736 dicit
996 5701 1009 5736 :
1043 5680 1269 5736 Ostende
1300 5677 1450 5732 nobis
1489 5675 1704 5731 Patrem
1739 5686 1788 5730 et
1817 5678 2006 5747 stt/ﬁcit

431 5773 596 5828 nobis.
625 5772 736 5827 Cur
774 5772 908 5827 dicit
941 5790 954 5827 :
985 5770 1372 5827 Undeememus
1388 5786 1574 5840 panes,
1611 5778 1666 5822 ut
1688 5769 2005 5822 manducent

441 5867 535 5922 lii?
563 5867 702 5923 Nunt
744 5877 802 5924 ut
848 5867 1103 5928 ignorans
1167 5881 1286 5924 ultae
1324 5865 1437 5920 lieri
1473 5864 1740 5920 debebant
1763 5863 1786 5917 ἲ
1811 5863 1955 5918 absit
1990 5880 2004 5929 ;

2104 4661 2394 4717 ὑπεκλύων
2432 4666 2526 4718 τὸν
2570 4665 2761 4735 νόμον,
2793 4668 3052 4739 ἀφορμὴν
3093 4668 3389 4738 λαμϐάνων
3434 4669 3544 4722 ἀπὸ
3579 4670 3676 4740 τῆς

2113 4754 2414 4826 Ἰουδαϊκῆς
2447 4758 2734 4828 πονηρίας.

2135 4897 2140 4901 ,
2174 4850 2238 4902 Τί
2269 4851 2384 4904 ἐστι
2409 4851 2503 4916 τὸ,
2549 4851 2916 4921 Ἀναϐλέψας
2953 4853 3074 4918 τοῖς
3105 4854 3434 4922 ὀφθαλμοῖς
3467 4853 3672 4914 αὐτοῦ.

2101 4938 2308 5009 sister;
2347 4943 2470 4996 Ὀτι
2509 4943 2766 4998 οὐδέποτε
2813 4945 2998 5008 ἁπλῶς
3044 4946 3282 5016 ἐκάθητο
3308 4986 3322 5009 ,
3358 4947 3496 5000 ἀλλὰ
3539 4948 3678 5018 μετὰ

2104 5034 2431 5105 κηδεμονίας
2459 5034 2559 5104 τῆς
2594 5035 2728 5106 πρὸς
2758 5037 2886 5100 τοὺς
2920 5036 3188 5105 μαθητάς.
3226 5037 3291 5088 Τί
3331 5039 3480 5090 ἐστιν
3517 5039 3598 5090 ὅτι
3629 5038 3677 5090 οἱ

2108 5127 2205 5195 μὲν
2239 5125 2383 5179 ἄλλοι
2415 5125 2803 5194 εὑαγγελισταὶ
2837 5125 2961 5189 τοὺς
2994 5127 3242 5197 μαθητάς
3274 5145 3409 5195 φασι
3447 5127 3675 5196 προσελ-

2107 5217 2300 5280 θόντας
2337 5218 2550 5288 ἐρωτᾷν
2589 5217 2684 5270 καὶ
2717 5218 3058 5286 παρακαλεῖν
3097 5216 3240 5270 ὥστε
3292 5217 3367 5287 μὴ
3415 5217 3678 5270 ἀπολῦσαι

2105 5309 2303 5370 αὐτοὺς
2323 5309 2560 5379 νήστεις,
2583 5303 2737 5373 οὗτος
2753 5309 2810 5362 δὲ
2832 5313 2859 5363 ὁ
2895 5310 3286 5382 εὐαγγελιστὴς
3309 5309 3402 5364 τὸν
3419 5311 3680 5364 Φίλιππον

2105 5401 2451 5473 ἐρωτηθῆναι
2480 5403 2632 5473 παρὰ
2661 5387 2936 5472 Χριστοῦ;
2966 5405 3126 5456 Δοκεῖ
3149 5400 3242 5456 οὖν
3277 5421 3368 5468 μοι
3397 5403 3679 5473 ἀμφότερα

2107 5490 2246 5546 εἶναι
2276 5489 2452 5561 ἀληθῆ
2473 5531 2488 5556 ,
2524 5491 2640 5545 ἀλλ’
2673 5493 2772 5545 οὐκ
2804 5493 2896 5545 ἐπὶ⁸
2928 5491 3018 5545 τοῦ
3049 5491 3216 5546 αὐτοῦ
3255 5493 3522 5563 γενόμενα
3561 5510 3682 5545 και-

2109 5586 2226 5656 ροῦ.
2265 5586 2365 5638 Διὰ
2389 5585 2442 5638 τί
2473 5587 2652 5656 ἐρωτᾷ
2683 5587 2773 5639 τὸν
2803 5586 3101 5651 Φίλιππον;
3146 5585 3364 5656 Ἐπειδὴ
3393 5586 3680 5653 ἐγίνωσκε,

2108 5677 2190 5740 τίς
2233 5677 2412 5730 ἐδέετο
2445 5665 2688 5739 πλείονος
2733 5678 3079 5742 διδασκαλίας
3100 5695 3115 5709 ο
3149 5670 3305 5741 οὗτος
3336 5679 3443 5748 γάρ
3473 5678 3620 5729 ἐστιν
3652 5677 3680 5729 ὁ

2109 5768 2311 5837 λέγων’
2353 5768 2561 5833 Δεῖξον
2594 5770 2737 5839 ἡμῖν
2770 5771 2876 5823 τὸν
2898 5769 3152 5838 Πατέρα,
3188 5769 3281 5823 καὶ
3313 5766 3486 5837 ἀρκεῖ
3519 5767 3678 5837 ἡμῖν.

2105 5856 2209 5915 Διὰ
2252 5860 2304 5915 τί
2337 5861 2518 5931 λέγει·
2548 5863 2737 5917 Πόθεν
2786 5861 3198 5934 [ἀγοράσωμεν
3243 5862 3478 5931 ἄρτους,
3508 5859 3526 5932 ]
3582 5861 3684 5913 ira
