4050 6562
289 433 424 498 1245

1358 434 1681 494 SCHOLIA
1720 434 2023 495 VETERA
2067 433 2148 494 IN
2189 433 2568 498 JOANNEM.

3409 429 3546 493 1246

286 549 559 617 φάγωσιν
603 543 799 612 οὗτοι;
848 547 997 619 Ἀρα
1028 549 1101 613 ὼς
1148 550 1359 616 ἀγνοῶν
1382 551 1443 602 τὸ
1480 550 1674 620 μέλλον
1706 548 1859 615 γενέ-

1969 549 2057 602 sed
2117 550 2244 618 quia
2308 550 2521 604 dixerat
2557 547 2860 616 Philippus,
2900 546 3252 600 Ducentornm
3293 543 3548 599 denario-

290 638 413 691 σθαι
450 654 467 704 ;
519 639 700 706 ἄπαγε
742 640 755 693 ι
792 641 927 694 ἀλλά
984 641 1076 694 διὰ
1131 641 1192 694 τὸ
1233 642 1515 713 εἰρηκέναι
1553 641 1646 694 τὸν
1678 641 1865 692 Φίλιπ-

285 750 407 796 πον,
435 732 519 785 ὅτι
572 735 903 787 Διακοσίων
933 734 1253 803 δηναρίων,
1288 735 1382 787 καὶ
1406 735 1477 788 τὰ
1503 734 1651 803 ἑξῆς.
1692 733 1868 803 Εἰρω-

287 825 436 878 νικδν
468 824 562 878 οὖν
592 825 682 879 τὸν
704 825 862 894 λόγον
899 831 1149 881 ποιεῖται.

361 919 457 970 Διὰ
483 918 537 970 τί
568 919 660 971 ἐπὶ
695 918 794 985 μὲν
822 919 917 973 τοῦ
945 921 1322 990 παραλυτικοῦ
1355 921 1449 974 καὶ
1478 920 1576 973 τοῦ
1610 920 1866 991 Λαζάρου

288 1010 382 1063 καὶ
408 1011 495 1062 ὅτε
528 1009 626 1079 τὴν
665 1011 941 1066 Θάλασσαν
974 1015 1222 1083 ἐχαλίνου
1271 1014 1372 1067 οὐκ
1411 1012 1614 1083 ηὔξατο
1636 1053 1652 1075 ,
1688 1013 1783 1067 νῦν
1811 1013 1869 1067 δὲ

290 1098 509 1167 εὔχεται
530 1099 778 1165 ςΤύπους
804 1104 935 1172 ἡμῖν
956 1104 1154 1167 διδοὺς,
1176 1104 1264 1157 ἵνα
1289 1105 1348 1156 ὲν
1371 1101 1447 1172 τῷ
1466 1101 1673 1174 τροφῆς
1699 1117 1869 1173 μετα-

289 1192 585 1262 λαμωνειν
617 1196 649 1265 ἡ
660 1198 788 1265 μᾶς,
816 1197 1125 1267 εὐχώμεθα.

363 1286 460 1338 Διὶ
504 1286 557 1339 τί
612 1289 961 1361 συνεχώρησε
1016 1288 1376 1357 περισσεῦσαι
1418 1288 1626 1354 ταῦτας
1678 1289 1753 1343 Οὐ
1801 1288 1870 1342 δι’

290 1377 588 1444 ἐπίδειξιν,
622 1381 737 1433 ἀλλ’
773 1383 861 1436 ἵνα
899 1385 974 1453 μὴ
1014 1384 1289 1451 φαντασία
1336 1383 1465 1454 δόξῃ
1512 1384 1573 1436 τὸ
1616 1383 1867 1453 γενηθέν.

292 1469 405 1521 Οὐκ
430 1469 597 1524 ἔδωκε
623 1473 678 1525 δὲ
712 1476 821 1536 τοῖς
844 1474 1024 1544 ὄχλοις
1050 1475 1363 1544 βαστάζειν,
1392 1475 1529 1528 ἀλλά
1554 1476 1668 1538 τοῖς
1696 1475 1872 1544 μαθη-

291 1570 406 1627 ταῖς
425 1581 440 1595 ·
466 1565 651 1636 ἐπειδὴ
679 1565 903 1629 τούτους
936 1568 1220 1637 μάρτυρας
1246 1566 1353 1620 ἔδει
1375 1561 1514 1620 εἶναι
1545 1567 1747 1638 μᾶλλον
1774 1568 1871 1620 καὶ

293 1659 542 1727 κήρυκας
568 1657 679 1709 τῶν
710 1656 1027 1726 θαυμάτων.

361 1749 485 1801 Ὅτι
523 1748 630 1818 χρὴ
664 1740 947 1816 θαυμάσαι
985 1749 1066 1803 ὅτι
1113 1750 1434 1820 ἰσαρίθμους
1464 1749 1576 1804 τῶν
1610 1751 1871 1820 μαθητῶν

1969 654 2114 704 rum,
2146 649 2254 694 etc.
2306 638 2581 696 lronicum
2612 640 2778 710 igitur
2802 653 3117 694 sermonem
3153 638 3335 692 habet.

2047 915 2209 969 Vens.
2247 915 2335 971 tl.
2372 914 2483 970 Cur
2516 930 2694 984 neque
2718 914 2771 967 in
2800 912 3120 983 paralytico,
3154 928 3333 981 neque
3363 913 3415 965 in
3444 910 3549 964 La-

1970 1026 2118 1073 zaro,
2142 1025 2315 1079 neque
2336 1009 2558 1079 quando
2580 1024 2729 1062 mare
2750 1007 2983 1069 sedavit,
3007 1006 3217 1070 oravit;
3248 1020 3395 1059 nunc
3420 1020 3550 1058 vero

1969 1104 2123 1157 orat?
2163 1104 2409 1173 exempla
2443 1103 2599 1157 nobis
2633 1112 2693 1156 ut
2746 1102 2861 1164 det,
2906 1109 2965 1155 ut
3010 1100 3063 1154 in
3114 1099 3385 1154 sumendo
3429 1096 3551 1152 cibo

1970 1206 2216 1247 oremus.

2047 1286 2209 1342 Vsus.
2248 1288 2330 1342 12.
2361 1288 2474 1343 Cur
2503 1288 2752 1358 permisit
2782 1296 2991 1341 tantum
3016 1283 3310 1354 superare?
3343 1296 3452 1335 non
3484 1280 3551 1333 ad

1971 1382 2414 1446 ostentationem,
2445 1383 2540 1436 sed
2578 1398 2644 1435 ne
2676 1382 2950 1437 videretur
2981 1377 3271 1433 fantastice
3295 1375 3439 1430 istud
3470 1374 3567 1439 [ει-ν

1971 1485 2118 1529 ctum
2144 1489 2289 1529 esse.
2331 1473 2448 1527 Non
2482 1475 2631 1529 dedit
2665 1485 2848 1527 autem
2891 1472 3190 1528 auferenda
3240 1468 3415 1524 turbis
3456 1467 3550 1522 sed

1970 1568 2285 1637 discipulis;
2319 1567 2579 1636 quoniam
2618 1567 2741 1620 illos
2770 1565 3055 1635 oportebat
3090 1574 3256 1619 testes
3295 1577 3416 1618 esse
3454 1575 3553 1631 ρο·-
3628 1566 3643 1579 '

1973 1662 2083 1715 tius
2114 1670 2169 1714 et
2196 1675 2478 1731 pramones
2513 1660 2930 1713 miraculorum.

2045 1754 2214 1809 Vsus.
2248 1755 2335 1809 15.
2363 1753 2756 1808 Admirandum
2799 1761 2882 1806 est
2912 1750 3057 1820 quod
3106 1748 3344 1816 aequales
3379 1748 3549 1802 disci-

294 1843 419 1927 105‘;
449 1842 704 1909 κοφίνους
744 1841 854 1894 τῶν
900 1840 1169 1910 λειψάνων
1210 1842 1435 1911 ἐποίησε
1477 1843 1864 1913 περισσεῦσαι,

296 1935 317 1949 ..
414 1934 427 1949 .
540 1931 565 1944 ι.
606 1931 631 1949 n
755 1932 810 1949 η.
1071 1935 1083 1949 .

1974 1848 2112 1916 pulis
2144 1861 2373 1901 numero
2408 1844 2674 1915 cophinos
2719 1844 3147 1914 iragmeutorum
3183 1855 3444 1912 superare
3473 1841 3553 1894 fe-

296 1918 391 1986 ἴνα
411 1934 471 1987 ἐν
496 1931 577 2003 τῷ
604 1931 895 2003 βαστάζειν
920 1935 1355 2005 μιμνήσκωνται.

362 2025 462 2078 Διὰ
488 2026 540 2078 τί
572 2025 948 2095 θαυμάζουσιν
978 2026 1028 2078 οἰ
1067 2026 1214 2095 δχλοι
1246 2026 1406 2079 τοῦτο
1444 2026 1648 2094 μᾶλλον
1676 2026 1737 2079 τὸ
1771 2044 1866 2097 ση-

296 2120 445 2185 μεῖον
487 2134 502 2183 ;
559 2118 637 2169 Δι’
690 2117 997 2188 ὑπερϐολὴν
1052 2119 1517 2188 γαστριμαργίας.
1562 2118 1626 2171 Τί
1679 2118 1863 2187 λέγει,

291 2208 387 2277 Μὴ
438 2210 849 2279 μεριμνήσητε
872 2249 888 2274 ,
941 2213 1105 2284 φησὶν
1131 2251 1145 2274 ,
1177 2214 1264 2276 εἰς
1310 2212 1426 2279 τὴν
1471 2213 1686 2282 αὔριον
1713 2231 1732 2278 ;
1757 2216 1865 2284 Δη-

295 2304 373 2355 λοί
427 2303 483 2355 δὲ
543 2302 692 2355 οὐτὸ
750 2302 825 2373 μὴ
891 2305 1186 2375 μεριμνᾷν,
1240 2303 1379 2358 ἀλλά
1432 2304 1494 2358 τὸ
1558 2305 1634 2376 μὴ
1690 2322 1865 2376 προσ-

292 2395 536 2464 ηλῶσθαι
580 2396 658 2465 τῷ
716 2397 907 2466 κόσμῳ
938 2395 1032 2449 καὶ
1057 2398 1171 2459 τοῖς
1203 2397 1477 2466 βιωτικοῖς
1507 2399 1827 2467 πράγμασιν
1848 2416 1861 2429 ·

290 2489 467 2554 ἔξεστι
494 2488 549 2541 δὲ
580 2488 946 2560 ἐργαζόμενον
977 2491 1163 2560 μηδὲν,
1188 2491 1265 2553 είς
1294 2491 1393 2559 τὴν
1428 2489 1620 2561 αὔριον
1664 2491 1866 2561 θησαυ-

294 2581 507 2648 ρίζειν·
567 2582 627 2635 οὐ
686 2582 795 2651 γὰρ
848 2582 1045 2634 ταυτὸν
1110 2582 1355 2652 μέριμνα
1432 2583 1526 2634 καὶ
1607 2583 1859 2652 ἐργασία.

289 2675 353 2726 Τί
411 2674 525 2726 ἐστι
568 2674 628 2727 τὸ
664 2717 678 2740 ,
726 2674 902 2738 Ἐνός
941 2674 1074 2727 ἐστι
1156 2676 1369 2743 χρεία;
1418 2676 1491 2727 Οὐ
1528 2677 1658 2746 περὶ
1699 2676 1863 2747 ἔργου

289 2768 384 2821 νῦν
411 2769 527 2820 ἐστι
556 2769 649 2819 καὶ
673 2766 961 2836 ἐργασίας,
986 2766 1120 2820 ἀλλά
1148 2767 1275 2837 περί⁸
1302 2767 1395 2821 τοῦ
1420 2768 1531 2821 δεῖν
1561 2769 1750 2839 καιρὸν
1783 2771 1862 2822 εί-

287 2859 433 2913 δέναι
457 2899 473 2922 ,
505 2859 600 2912 καὶ
631 2858 707 2930 μὴ
751 2860 842 2912 τὸν
863 2860 960 2930 τῆς
991 2859 1309 2928 ἀκροάσεως
1347 2859 1483 2932 πρὸς
1521 2862 1591 2915 τὰ
1627 2862 1863 2931 σαρκικὰ

287 2952 621 3007 ἀναλίσκειν.
651 2952 724 3005 Οὔ
751 2951 930 3005 τοίνυν
946 2951 1148 3023 ἀργίαν
1170 2952 1497 3023 νομοθετῶν,
1528 2953 1667 3008 ἀλλά
1696 2972 1863 3027 προσ-

286 3044 431 3113 ηλῶν
454 3047 518 3114 τῇ
548 3044 810 3115 ἀκροάσει
835 3043 1005 3099 ταῦτα
1028 3044 1235 3113 ἔλεγεν.

359 3136 425 3189 Τί
451 3136 589 3201 ἐστι,
622 3136 842 3191 Τοῦτον
862 3137 973 3206 γὰρ
996 3140 1027 3191 d
1052 3136 1255 3206 Πατὴρ
1280 3137 1683 3208 ἐσφράγισεη
1716 3139 1864 3193 ’Δντὶ

1972 1941 2131 2001 cerit.
2156 1950 2216 1993 ut
2245 1939 2298 1992 in
2338 1938 2595 1993 tollendis
2626 1937 2999 1992 meminerint.

2045 2032 2207 2087 Vens.
2244 2033 2331 2086 14.
2359 2031 2472 2087 Cur
2513 2030 2856 2085 admirantur
2902 2029 3076 2082 turba)
3121 2027 3227 2082 hoc
3270 2025 3444 2095 magis
3473 2025 3555 2081 si-

1968 2141 2133 2194 gnum
2174 2125 2197 2178 ?
2229 2133 2448 2193 propter
2486 2123 2625 2192 gula:
2674 2122 3177 2176 immoderantiam.
3217 2121 3332 2173 Cur
3369 2120 3549 2174 dixit:

1970 2214 2051 2269 Ne
2106 2215 2324 2269 solliciti
2378 2214 2494 2268 sitis
2556 2214 2612 2266 in
2688 2214 2982 2267 crastinum
3031 2215 3056 2267 ?
3120 2211 3381 2281 Intelligit
3448 2226 3554 2264 non

1967 2307 2263 2363 sollicitum
2311 2321 2454 2370 esse,
2488 2307 2584 2363 sed
2636 2321 2743 2360 non
2790 2305 3069 2361 adhaerere
3096 2305 3301 2358 mundo
3332 2314 3387 2357 et
3416 2320 3562 2357 mor-

1969 2401 2169 2457 talibus
2229 2398 2487 2470 negotiis.
2555 2397 2707 2453 Licet
2780 2404 2961 2451 autem
3015 2397 3223 2466 absque
3280 2397 3555 2449 anxietate

1968 2494 2022 2546 in
2049 2492 2349 2548 crastinum
2374 2491 2779 2555 thesaurizare;
2803 2488 2935 2542 illud
2974 2488 3120 2542 enim
3163 2503 3269 2539 non
3297 2498 3379 2540 est
3411 2485 3560 2541 solli-

1975 2586 2161 2641 citudo
2190 2600 2368 2654 neque
2391 2583 2663 2637 anxietas.
2688 2579 2826 2648 Quid
2857 2590 2967 2635 est:
3009 2578 3184 2634 Unum
3207 2590 3281 2634 est
3323 2595 3559 2633 necessa-

1967 2678 2147 2731 rium?
2172 2672 2291 2730 Non
2325 2676 2395 2730 de
2428 2689 2594 2745 opere
2617 2672 2939 2742 praesentiet
2966 2672 3184 2727 actione
3216 2670 3436 2736 dicitur,
3464 2670 3560 2725 sed

1965 2771 2031 2825 de
2059 2769 2387 2824 necessitate
2403 2767 2861 2836 scienditempus,
2890 2775 2941 2819 et
2967 2780 3074 2818 non
3098 2764 3389 2819 adhibendi
3424 2774 3559 2817 tem-

1965 2878 2068 2933 pus
2107 2860 2406 2915 auditionis
2459 2859 2608 2912 verbi
2662 2858 2728 2911 ad
2792 2855 3044 2909 obeunda
3104 2854 3403 2909 terrestria.
3436 2852 3553 2906 Non
3613 2890 3616 2892 η

1965 2962 2149 3023 itaque
2167 2952 2338 3007 otium
2364 2950 2757 3021 praescribens,
2792 2947 2888 3003 sed
2918 2948 3251 3003 auditionem
3274 2960 3556 3002 commen-

1964 3046 2101 3099 dans
2156 3043 2231 3098 ita
2276 3043 2499 3097 locutus
2523 3049 2624 3096 est.

2042 3137 2206 3192 Vens.
2241 3136 2336 3191 '27.
2369 3135 2510 3202 Quid
2553 3143 2638 3191 est
2676 3152 2691 3190 :
2730 3133 2883 3187 Hunc
2922 3133 3060 3188 enim
3096 3131 3258 3185 Pater
3284 3130 3559 3200 signavit!

287 3229 404 3294 τοῦ,
422 3230 481 3283 '0
510 3229 663 3294 Θεός·
694 3231 973 3283 τουτέστιν
998 3230 1248 3296 ἀπέδειξε
1276 3231 1366 3285 διὰ
1392 3231 1493 3302 τῆς
1522 3232 1689 3285 αὑτοῦ
1720 3250 1863 3303 μαρ-

1974 3232 2025 3286 id
2064 3240 2148 3285 est
2180 3273 2195 3294 ,
2245 3228 2390 3285 Deus
2442 3229 2587 3282 hunc
2634 3226 2890 3297 patefecit
2952 3242 3046 3297 per
3098 3241 3261 3281 suum
3305 3224 3558 3279 testimo-

286 3342 348 3376 τυ
358 3324 498 3394 ρίας.

362 3433 520 3492 Τίνος
551 3432 740 3486 ἕνεκεν
764 3427 921 3486 εἷπον
943 3451 953 3462 ·
977 3435 1043 3486 Ol
1068 3433 1321 3502 πατέρες
1346 3433 1515 3504 ἡμῶν
1539 3437 1767 3505 ἔφαγον
1800 3436 1864 3490 τὸ

282 3524 483 3593 μάννα
503 3524 572 3577 ἐν
598 3523 671 3593 τῇ
700 3524 923 3595 ἐρήμῳ;
960 3523 1293 3594 Νομίζοντες
1327 3525 1484 3579 αὐτὸν
1512 3526 1752 3596 ἐρεθίσαι
1784 3528 1863 3590 εἰς

285 3620 347 3680 τὸ
376 3618 600 3686 ποιῆσαί
628 3635 682 3671 τι
714 3620 940 3687 σημεῖον
968 3618 1232 3682 τοιοῦτον,
1263 3620 1399 3690 ὅπερ
1443 3620 1640 3681 αὐτοὺς
1674 3620 1864 3691 θρέψει

288 3710 565 3782 σαρκικῶς
584 3728 600 3743 ’
634 3712 790 3764 τοῦτο
819 3712 929 3780 γὰρ
958 3710 1266 3782 ἐπεθύμουν
1304 3712 1393 3771 διὰ
1421 3715 1864 3785 γαστριμαργίας

286 3806 315 3856 ὑ
326 3805 616 3875 περὸολήν.

358 3897 458 3949 Διά
490 3895 541 3947 τί
568 3895 739 3965 λέγει·
774 3898 856 3950 Οὐ
884 3895 1108 3965 Μωσῆς
1140 3896 1403 3950 δέδωκεν
1433 3897 1577 3965 ὑμῖν
1609 3898 1717 3952 τὸν
1755 3898 1863 3967 ἅρ-

284 4004 428 4049 τον,
461 3988 553 4040 καὶ
598 3988 665 4040 τὰ
706 3986 864 4057 ὲξῆςς
918 3988 1117 4057 Ἀρτον
1151 3986 1208 4039 δὲ
1256 3986 1510 4055 ἀληθινὸν
1542 3988 1717 4052 καλεῖ,
1762 3990 1862 4042 οὐκ

285 4080 472 4150 ἐπειδὴ
504 4080 695 4150 ψευδὲς
728 4075 795 4151 ἦν
824 4079 882 4132 τὸ
915 4078 1101 4149 θαῦμα
1131 4078 1191 4130 τὸ
1236 4080 1330 4130 ἐπὶ
1364 4078 1458 4131 τοῦ
1512 4079 1712 4149 μάννα,
1744 4080 1859 4134 ἀλλ’

284 4177 367 4229 ὅτι
394 4176 563 4241 τύπος
587 4170 673 4247 ἦν,
706 4177 805 4229 οὐκ
831 4174 1214 4246 αὐτοαλήθεια.

358 4286 456 4340 Διὰ
480 4287 534 4339 τί
571 4288 791 4356 λέγουσι
813 4330 828 4351 ,
853 4289 1051 4356 Κύριε,
1075 4289 1181 4356 δὸς
1204 4293 1349 4360 ἡμῖν
1368 4291 1627 4347 πάντοτε
1650 4290 1866 4345 τοῦτον

284 4380 393 4432 τὸν
423 4379 639 4449 ἅρτον;
677 4381 893 4452 Ἐπειδὴ
924 4380 1002 4434 ἑτι
1035 4383 1293 4453 αἰσθητὸν
1322 4387 1557 4455 πρᾶγμα
1589 4384 1860 4454 ἐνόμιζον.

287 4470 413 4532 Πῶς
437 4471 653 4541 νοητέον
678 4472 761 4537 τὸ,
792 4472 993 4539 Ἀρτος
1022 4472 1126 4526 τοῦ
1163 4475 1310 4529 Θεοῦ
1337 4476 1510 4529 ἐστιν
1541 4478 1573 4529 ὁ
1601 4474 1863 4539 καταϐὰς

284 4565 353 4617 ἐκ
386 4564 491 4619 τοῦ
517 4563 777 4632 οὐρανοῦ
804 4563 903 4617 καί
934 4562 1087 4633 ζωὴν
1116 4566 1321 4634 διδοὺς
1352 4566 1431 4633 τῷ
1465 4569 1670 4637 κόσμῳ
1695 4585 1713 4632 ;
1748 4568 1863 4620 Οὐκ

300 4656 577 4720 Ἰουδαίοις
626 4657 819 4726 μόνον,
850 4657 986 4711 ἀ).λά
1014 4659 1109 4711 καὶ
1152 4662 1218 4729 τῇ
1269 4662 1585 4731 οἰκουμένῃ.
1620 4660 1773 4730 Ζωὴν
1805 4660 1862 4713 δὲ

286 4750 458 4817 λέγει,
490 4750 612 4802 ἐπεὶ
639 4749 838 4813 πάντες
871 4746 1010 4821 ἦσαν
1026 4753 1392 4822 νεκρωθέντες
1423 4755 1488 4824 τῇ
1522 4753 1791 4823 ἁμαρτίᾳ.

359 4858 424 4909 'l‘i
445 4859 561 4911 tan
595 4858 657 4911 τὸ
690 4894 706 4922 ,
754 4856 887 4913 Πᾶν
914 4857 946 4912 ὃ
974 4858 1197 4912 δέδωκέ
1238 4877 1343 4928 μοι
1387 4864 1420 4914 ὀ
1451 4859 1672 4929 Πατὴρ,
1718 4859 1869 4931 πρὸς

285 4952 392 5019 ἐμὲ
419 4950 587 5017 ἤξει;
614 4950 737 5002 Ὅτι
769 4950 831 5002 οὗ
858 4950 919 5003 τὸ
948 4950 1110 5021 τυχὸν
1143 4953 1377 5021 πρᾶγμα
1410 4953 1443 5022 ἡ
1492 4953 1676 5017 πίστις
1711 4957 1744 5025 ἡ
1780 4956 1864 5017 εἰς

288 5042 478 5106 αὑτὸν,
516 5039 655 5094 ἀλλὰ
688 5040 789 5109 τῆς
838 5040 1043 5095 ἀνωθεν
1076 5041 1246 5094 δεῖται
1288 5042 1487 5113 ῥοπῆς,
1538 5043 1635 5096 καὶ
1685 5044 1867 5113 ψυχῆς

285 5152 431 5197 τινος
457 5134 710 5201 γενναίας
737 5135 829 5186 καὶ
850 5132 1529 5205 εὐγνώμονος,δεχομένης
1561 5136 1745 5189 πίστει
1766 5137 1867 5208 τὴν

286 5225 384 5279 τοῦ
418 5227 735 5296 Πνεύματος
759 5225 1124 5295 ἀποκάλυψιν.

358 5337 455 5390 Διά
484 5336 561 5401 τί,
589 5336 854 5389 εἰπόντων
905 5336 1103 5401 αὐτῶν,
1139 5340 1263 5406 Οὐχ
1300 5333 1482 5403 οὗτός
1525 5338 1701 5392 ἐστιν
1742 5337 1862 5406 ’1η-

284 5429 438 5495 σοῦς
488 5431 522 5482 ὁ
570 5429 699 5494 υίὸς
741 5428 1006 5497 Ἰωσήφ;
1052 5430 1126 5500 μὴ
1156 5430 1432 5500 ἀπεκρίθη
1481 5432 1703 5493 αὐτοῖς·
1750 5432 1865 5485 Οὐκ

287 5520 406 5590 είμί
432 5538 447 5586 ;
482 5521 580 5573 Διά
609 5520 670 5573 τὸ
707 5521 874 5590 μήπω
905 5520 1167 5574 δύνασθαι
1217 5524 1309 5573 τὸν
1357 5522 1672 5591 θαυμαστὸν
1700 5523 1862 5575 τόκον

285 5613 520 5666 ἀκοῦσαι
548 5613 638 5665 τὸν
664 5614 728 5665 ἐκ
761 5614 1063 5684 παρθένου·
1095 5616 1143 5667 εἰ
1170 5614 1228 5666 δὲ
1260 5613 1350 5666 τὸν
1381 5617 1523 5667 κατὰ
1555 5616 1734 5685 σάρκα
1762 5617 1863 5668 οὐκ

282 5706 549 5775 ἠδύναντο
578 5704 829 5767 ἀκοῦσαι,
889 5704 1067 5774 πολλῷ
1120 5705 1320 5776 μᾶλλον
1358 5707 1456 5777 τὴν
1498 5708 1739 5778 ἄρρητον
1765 5708 1861 5761 καὶ

286 5799 402 5853 ἄνευ)
423 5798 701 5868 γέννησιν.

355 5888 452 5942 Διὰ
484 5887 536 5941 τί
578 5883 751 5951 εἶπεν,
787 5888 868 5942 ὃτι
935 5888 1144 5953 Οὐδεὶς
1192 5888 1440 5943 δύναται
1468 5889 1664 5944 ἐλθεῖν
1713 5892 1859 5957 πρός

1983 3327 2155 3380 nium.

2057 3432 2220 3488 Vens.
2268 3432 2359 3487 5t.
2396 3429 2570 3501 Cujus
2622 3444 2786 3483 causa
2836 3427 3028 3482 dicunt
3079 3444 3094 3480 :
3146 3425 3337 3481 Patres
3390 3428 3558 3480 nostri

1973 3526 2423 3580 mauducaverunt
2467 3537 2662 3575 manna
2696 3520 2752 3573 in
2800 3520 3050 3573 deserto?
3092 3517 3359 3572 Putabant
3406 3517 3558 3572 illum

1974 3618 2217 3673 excitare
2269 3617 2336 3670 ad
2371 3615 2680 3670 faciendum
2718 3612 2934 3680 signum
2975 3611 3102 3673 tale,
3131 3609 3280 3679 quod
3322 3626 3419 3665 eos
3457 3625 3558 3664 nu-

1976 3714 2107 3766 triat
2145 3710 2447 3767 secundum
2489 3723 2744 3773 carnem;
2791 3715 2846 3760 et
2890 3704 2943 3758 id
2986 3703 3282 3773 cupiebant
3336 3714 3561 3773 propter

1974 3803 2114 3873 gula:
2140 3800 2648 3856 immnderantiam.

2048 3894 2213 3948 Vnus.
2251 3893 2342 3946 59..
2385 3891 2496 3947 Cur
2540 3890 2675 3946 dicit
2719 3907 2732 3943 :
2780 3888 2902 3942 Non
2957 3887 3169 3958 Moyses
3226 3887 3374 3941 dedit
3415 3886 3560 3940 vobis

1970 4002 2180 4055 panem,
2214 3985 2348 4039 etc.?
2391 3985 2595 4039 Panem
2628 3990 2809 4036 autem
2836 3997 3026 4035 verum
3056 3990 3235 4043 vocat,
3271 3996 3380 4033 non
3427 3980 3557 4048 quia

1972 4080 2205 4134 mendax
2257 4077 2423 4132 fuerit
2456 4093 2671 4132 manna:
2710 4075 3042 4147 prodigium,
3084 4075 3181 4130 sed
3221 4075 3349 4144 quia
3388 4073 3559 4144 ﬁgura

1972 4181 2110 4240 erat,
2154 4188 2261 4226 non
2292 4171 2492 4226 veritas
2529 4170 2665 4239 ipsa.

2042 4282 2207 4335 Vens.
2244 4282 2332 4336 54.
2366 4280 2546 4345 Quare
2575 4279 2766 4332 dicunt
2796 4294 2809 4329 :
2847 4278 3092 4341 Domine,
3121 4277 3190 4330 da
3221 4276 3371 4330 nobis
3418 4292 3559 4329 sent-

1970 4391 2061 4443 per
2079 4390 2263 4443 panem
2286 4372 2462 4427 hunc?
2492 4371 2628 4437 Quia
2663 4370 2843 4424 adhuc
2876 4370 3212 4424 materialem
3255 4385 3367 4424 rem
3403 4378 3563 4439 puta-.

1973 4470 2120 4522 bant.
2154 4465 2444 4533 Quomodo
2468 4461 2930 4533 intelligendum:
2968 4461 3140 4516 Panis
3202 4462 3295 4514 Dei
3347 4470 3425 4515 est
3468 4463 3559 4532 qui

1969 4560 2032 4614 de
2057 4559 2183 4614 caelo
2199 4559 2460 4613 descendit
2490 4566 2537 4612 et
2575 4558 2670 4612 dat
2703 4558 2864 4610 vitam
2906 4555 3098 4609 mundo
3137 4556 3163 4609 1’
3192 4551 3315 4609 Non
3342 4552 3559 4610 Iudaeis

1972 4663 2206 4717 tantum,
2241 4652 2335 4707 sed
2368 4650 2658 4705 universo
2726 4651 2881 4714 orbi;
2921 4650 3084 4704 vitam
3145 4658 3328 4703 autem
3400 4648 3557 4713 dicit,

1971 4758 2096 4797 eum
2135 4757 2330 4796 omnes
2357 4751 2541 4796 essent
2570 4742 2771 4796 mortui
2798 4757 2891 4811 per
2925 4750 3229 4810 peccatum.

2039 4850 2203 4905 Vens.
2238 4852 2329 4907 '57.
2367 4851 2509 4917 Quid
2539 4861 2624 4906 est
2652 4870 2664 4904 :
2697 4850 2861 4907 Omne
2892 4850 3031 4920 quod
3069 4851 3164 4904 dat
3204 4850 3334 4903 mihi
3375 4847 3555 4915 Pater,

1968 4946 2039 4999 ad
2059 4961 2137 4999 me
2155 4946 2359 5001 veniet?
2382 4946 2510 5014 quia
2535 4959 2643 4998 non
2669 4943 2894 4998 fortuita
2921 4958 3009 4998 res
3027 4953 3113 4997 est
3135 4943 3270 4997 ﬁdes
3296 4943 3349 4995 in
3374 4943 3553 5004 illum,

1969 5038 2062 5094 sed
2096 5038 2296 5093 virtute
2329 5053 2394 5093 ex
2419 5037 2779 5107 altoindiget,
2806 5046 2860 5091 et
2894 5036 3077 5090 anima
3108 5036 3343 5103 quadam
3389 5051 3553 5106 gene-

1968 5147 2094 5187 rosa
2120 5140 2175 5185 et
2212 5130 2559 5201 magnanima
2615 5128 2911 5198 recipiente
2943 5143 3040 5198 per
3095 5127 3255 5182 (idem
3312 5127 3555 5197 Spiritus

1969 5222 2383 5276 revelationem.

2038 5328 2202 5384 Vsus.
2234 5328 2325 5381 42.
2348 5328 2456 5382 Cur
2476 5325 2783 5381 dicentibus
2806 5326 2951 5392 illis;
2988 5324 3179 5379 Nonne
3197 5325 3282 5380 Iu'c
3297 5336 3373 5380 est
3393 5327 3551 5381 Iesus

1966 5424 2111 5492 ﬁlius
2132 5421 2349 5491 Ioseph,
2377 5435 2486 5474 non
2520 5419 2800 5489 respondit
2833 5437 2846 5471 :
2879 5418 2995 5473 Non
3029 5420 3188 5473 sum?
3218 5419 3357 5485 Quia
3409 5435 3550 5473 non-

1966 5517 2096 5571 dum
2130 5523 2380 5586 poterant
2404 5512 2706 5566 mirabilem
2741 5510 3206 5589 comprehendere
3226 5520 3441 5581 partum
3480 5527 3548 5566 ex

1966 5609 2197 5678 virgine.
2237 5607 2293 5661 Si
2337 5617 2517 5659 autem
2569 5616 2782 5673 partum
2828 5605 3128 5660 secundum
3167 5619 3385 5659 carnem
3436 5621 3545 5665 non

1966 5701 2269 5771 intelligere
2304 5698 2627 5768 potuissent,
2653 5699 2824 5753 inulto
2882 5699 3065 5753 minus
3116 5698 3442 5755 iueﬂ'abilem
3494 5709 3548 5755 et

1966 5796 2239 5849 cwlcstctn
2271 5789 2694 5859 generationem.

2037 5886 2199 5941 Vens.
2233 5884 2319 5941 Η,
2350 5883 2462 5939 Cur
2481 5885 2646 5939 dicit:
2682 5881 2852 5939 Nemo
2881 5893 3052 5957 potest
3106 5888 3276 5943 venire
3332 5888 3403 5942 ad
3436 5904 3543 5954 me,
