4026 6568
447 451 584 515 12ιῖ

1186 449 1577 510 OPUSCULA
1619 445 2252 509 SCRIPTURISTICA
2296 444 2647 506 INCERT/E
2689 442 2994 502 IETATIS.

3570 430 3704 496 Υἱῖδ

445 576 547 627 nisi
580 569 740 625 Pater
770 585 913 621 meus
946 567 1168 619 traxerit
1195 583 1313 620 eum
1336 568 1359 619 ?
1384 565 1499 619 Non
1544 574 1794 619 eoactum
1825 565 2022 626 innuit,

2139 579 2222 626 με,
2251 560 2359 614 ἐὰν
2376 560 2457 628 μὴ
2482 563 2513 611 ὀ
2538 561 2737 627 Πατήρ
2762 577 2880 628 μου
2898 534 3139 622 ’ἐλκύσῃ
3168 552 3354 608 αὐτόν
3376 569 3393 613 ;
3421 551 3494 604 Οὐ
3518 550 3611 603 τὸν
3642 554 3706 605 ὲκ

446 667 538 722 sed
564 677 817 733 maguum
849 659 1197 731 recipientem
1221 674 1251 713 α
1288 658 1707 727 Deoauxilium.

520 845 685 900 Vens.
717 844 804 899 45.
841 844 980 910 Quid
1029 854 1115 898 est
1144 842 1291 910 quod
1333 842 1465 897 dicit
1514 841 1816 911 scriptum:
1854 839 2026 893 Erunt

446 954 624 992 omnes
656 937 907 990 docibiles
944 936 1072 990 Dei?
1101 935 1239 1002 Quia
1277 945 1405 988 tunc
1440 950 1535 1004 per
1594 934 1843 987 homines
1906 950 2028 1002 quae

448 1037 577 1083 sunt
602 1028 693 1082 Dei
719 1029 1001 1083 discebant
1030 1044 1043 1091 ;
1076 1043 1219 1081 nunc
1244 1040 1425 1081 autem
1454 1041 1548 1095 per
1572 1026 1749 1095 ipsum
1800 1025 1894 1080 Dei
1935 1025 2027 1079 Fi-

449 1120 582 1175 lium
612 1129 668 1175 et
698 1129 951 1175 sanctum
979 1119 1267 1187 Spiritum.

522 1212 686 1266 Vens.
723 1212 812 1267 46.
850 1208 1563 1277 Quomodointelligendum
1594 1207 1855 1275 :LI’atrem
1879 1226 2029 1264 nemo

446 1303 599 1367 vidit,
630 1303 732 1355 nisi
777 1303 821 1355 is
844 1302 932 1372 qui
972 1311 1047 1353 est
1081 1318 1112 1353 a
1154 1300 1306 1354 Deo?
1335 1300 1453 1353 Non
1502 1309 1718 1370 oportet
1760 1310 1938 1355 autem
1976 1300 2028 1354 id

447 1394 724 1461 iuteligere
764 1394 1062 1449 secundum
1113 1408 1291 1448 causze
1342 1393 1629 1456 rationem,
1669 1409 1792 1447 nam
1838 1410 2029 1449 omnes

447 1504 475 1539 ιι
510 1486 616 1539 Deo
644 1503 853 1553 sumus,
886 1488 979 1541 sed
1029 1486 1330 1541 secundum
1364 1486 1583 1540 modum
1615 1500 1756 1539 verae
1804 1500 2031 1555 genera-

448 1579 638 1635 tionis.

519 1672 681 1725 Veas.
718 1669 808 1723 52.
844 1670 949 1735 Qui
989 1669 1388 1723 manducauerit
1439 1683 1503 1720 ex
1547 1667 1644 1721 hoc
1699 1682 1853 1735 pane.
1899 1667 2031 1720 vivet

447 1765 496 1816 in
559 1773 837 1817 wternum.
888 1765 999 1817 Aut
1042 1778 1260 1817 carnem
1314 1761 1445 1817 dicit
1502 1769 1596 1815 aut
1645 1760 1841 1815 salutis
1889 1775 2029 1828 prae-

447 1866 630 1922 cepta.

2132 652 2250 721 βίας
2284 651 2601 716 αἰνίττεται,
2621 651 2756 704 ἀλλὰ
2772 652 2862 705 τὸν
2880 648 3081 717 πολλῆς
3112 644 3324 700 exeso-3
3354 644 3707 700 ἀπολαύοντα

2132 745 2473 814 συμμαχίας.

2202 835 2267 887 Τί
2328 838 2477 888 ἐστιν
2538 834 2741 902 ὃλέγει
2790 833 3090 904 Γραφικόν·
3151 833 3433 886 Ἔσονται
3484 829 3713 892 πάντες

2129 926 2393 981 διδακτοὶ
2427 927 2575 981 Θεοῦ
2599 943 2616 990 ;
2642 928 2767 979 Ὅτι
2797 928 2919 978 τότε
2953 923 3022 977 δι’
3052 922 3353 991 ἀνθρώπων
3402 920 3710 991 ἐμάνθανον

2128 1017 2198 1070 τὰ
2232 1016 2325 1071 τοῦ
2356 1018 2514 1077 Θεοῦ,
2548 1018 2641 1071 νῦν
2671 1018 2729 1070 δὲ
2775 1018 2842 1070 δι’
2891 1016 3056 1069 αὐτοῦ
3090 1015 3219 1067 Υἱού
3277 1013 3373 1066 τοῦ
3435 1012 3571 1066 Θεοῦ
3614 1011 3712 1065 καὶ

2130 1109 2223 1162 τοῦ
2258 1109 2415 1177 ἀγίου
2446 1108 2785 1177 Πνεύματος.

2204 1200 2327 1263 Πῶς
2374 1201 2668 1253 ἀκουστέον
2696 1216 2708 1230 ⁸
2758 1199 2869 1251 Τὸν
2897 1198 3128 1265 Πατέρα
3177 1196 3377 1262 οὐδεὶς
3424 1194 3709 1263 ἑώρακεν,

2128 1292 2181 1347 ετ
2216 1291 2298 1362 μὴ
2330 1295 2363 1346 ὁ
2386 1291 2469 1345 ὢν
2490 1293 2559 1345 ἐκ
2593 1292 2698 1345 τοῦ
2724 1293 2915 1358 Θεοῦ;
2960 1292 3034 1344 Ού
3066 1291 3172 1361 χρὴ
3204 1291 3259 1343 δὲ
3296 1290 3435 1343 κατά
3466 1289 3559 1341 τὸν
3607 1287 3711 1355 τῆς

2131 1388 2310 1450 αἰτίας
2355 1386 2513 1453 λόγον
2542 1388 2684 1437 νοεῖν
2739 1384 2997 1438 ἐνταῦθα·
3049 1385 3251 1447 πάντες
3310 1383 3418 1451 γὰρ
3471 1383 3535 1434 ὲκ
3570 1378 3710 1432 Θεοῦ

2130 1481 2299 1547 ἐσμεν
2326 1496 2339 1511 ⁸
2376 1478 2512 1532 ἀλλά
2564 1478 2705 1531 κατὰ
2744 1478 2834 1531 τὸν
2866 1478 3068 1549 τρόπον
3103 1480 3202 1547 τῆς
3236 1474 3473 1545 ἀληθοῦς
3511 1472 3713 1541 γεννή-

2133 1589 2291 1635 σεως.

2208 1665 2306 1728 Ὃς
2334 1661 2411 1717 ἂν
2447 1663 2606 1733 φάγῃ
2641 1664 2708 1717 ἐκ
2736 1663 2843 1717 τοῦ
2868 1664 3049 1729 ἄρτου
3073 1662 3311 1721 τούτου,
3344 1658 3587 1724 ζήσεται
3625 1657 3716 1721 εις

2131 1755 2239 1809 τὸν
2266 1756 2470 1811 αἰῶνα.
2501 1758 2571 1809 “ll
2603 1756 2701 1826 τὴν
2735 1755 2918 1825 σάρκα
2968 1755 3142 1823 λέγει,
3171 1754 3203 1824 ἢ
3250 1752 3319 1805 τὰ
3344 1753 3594 1821 σωτήρια
3628 1749 3712 1801 δι-

2130 1849 2232 1918 δάγ
2241 1867 2406 1920 ματα.

521 1948 681 2002 Vens.
724 1947 812 2002 53.
850 1948 959 2000 Cur
999 1960 1185 2001 verum
1210 1943 1347 1998 dicit
1381 1943 1561 1998 cibum
1618 1952 1673 1997 et
1702 1958 1893 1996 verum
1932 1958 2027 2010 po-

2201 1944 2299 1995 Διά
2330 1942 2382 1995 τί
2429 1942 2606 2012 ἀληθῆ
2646 1941 2851 2013 βρῶσιν
2896 1941 2993 1993 καὶ
3031 1939 3209 2011 ἀληθῆ
3239 1939 3442 2003 πόσιν;
3491 1936 3593 1989 Διὰ
3647 1935 3710 1985 τὸ

446 2043 599 2096 tum?
626 2042 760 2108 Quia
806 2042 979 2096 salvat
1022 2041 1234 2093 animas
1264 2039 1369 2093 ﬁde
1401 2036 1800 2108 recipientium,
1837 2047 1891 2092 et
1920 2053 2024 2091 non

448 2135 585 2203 perit
617 2134 759 2188 sicut
787 2133 942 2187 cibus
974 2132 1310 2200 temporalis.

522 2241 682 2296 Vens.
721 2241 807 2295 54.
848 2243 953 2305 Qui
993 2245 1279 2294 manducnt
1347 2258 1512 2294 nteant
1563 2256 1797 2307 carnem,
1848 2240 1901 2293 in
1949 2256 2028 2291 me

445 2346 657 2390 manet:
689 2335 890 2388 indicat
928 2350 1090 2387 unam
1151 2350 1247 2404 per
1284 2335 1385 2386 hoc
1434 2335 1609 2402 ipsum
1645 2348 1767 2387 cum
1804 2331 2028 2387 Christo

444 2427 903 2495 coniunctionem,
925 2442 1045 2494 qua:
1083 2441 1145 2480 ex
1174 2425 1657 2481 transformatione
1687 2424 1883 2479 oritur.

524 2515 688 2570 Vens.
719 2516 809 2569 55.
841 2514 980 2580 Quid
1012 2525 1097 2569 est
1127 2534 1140 2569 :
1175 2516 1243 2569 Et
1294 2533 1386 2586 ego
1437 2516 1759 2570 resuscitabo
1798 2532 1917 2569 eum
1972 2518 2027 2568 in

447 2609 730 2662 novissimo
803 2607 925 2661 die?
960 2606 1026 2661 Et
1090 2623 1205 2679 ego,
1255 2607 1493 2664 ostendit
1560 2609 1714 2663 illum
1759 2608 2025 2678 aequalem

447 2700 595 2754 Patri
606 2741 619 2753 .

518 2812 681 2867 Vens.
715 2812 803 2866 58.
838 2810 907 2865 Et
968 2829 1061 2882 ego
1113 2813 1225 2865 vivo
1291 2827 1382 2880 per
1451 2810 1683 2881 Patretn,
1755 2811 2028 2881 quomodo

447 2906 895 2976 intelligendum?
932 2905 1086 2971 Quod
1117 2907 1259 2959 sicut
1294 2906 1398 2959 vita
1431 2916 1513 2960 est
1548 2905 1706 2960 Pater
1741 2906 1813 2959 ila
1843 2916 1895 2960 et
1928 2922 2028 2979 ego

448 2999 590 3053 vivo.
632 2997 718 3061 Et,
738 2998 827 3067 qui
847 2998 1128 3051 manducat
1154 3014 1252 3062 me,
1271 3008 1318 3050 et
1336 2999 1447 3067 ipse
1463 2999 1591 3051 vivet
1611 3014 1700 3065 per
1715 3015 1817 3051 me.
1851 2998 2023 3051 Vitam

446 3094 637 3147 dicens
689 3090 1000 3160 frequenter
1058 3093 1515 3146 resurrectionem
1563 3091 1781 3146 exhinc.
1812 3091 1925 3145 Cur
1961 3091 2027 3144 dc

444 3187 553 3238 vita
602 3184 802 3252 nhiquc
836 3181 1268 3253 loquitur?Qnia
1332 3181 1690 3236 desiderabile
1746 3192 1828 3237 est
1883 3181 2024 3235 istud

446 3275 783 3341 hominibus,
829 3284 881 3329 et
943 3274 1080 3329 nihil
1130 3285 1238 3329 tam
1293 3272 1597 3343 jucundum
1668 3290 1830 3343 quam
1918 3291 2096 3370 nouC

448 3385 612 3423 II‘OI'I.

518 3459 684 3514 Vens.
714 3459 947 3529 (ΞΟ-,ειη
1000 3458 1052 3511 ἰη
1099 3458 1389 3529 synagogis
1430 3465 1484 3512 et
1528 3457 1581 3511 in
1640 3456 1792 3512 festis
1839 3456 2029 3511 diebus

446 3554 713 3608 docebat?
746 3550 873 3606 Sive
916 3550 1134 3621 quidem
1188 3551 1375 3603 volens
1408 3549 1808 3602 multitudinem
1838 3564 2031 3618 apprc-

448 3644 708 3708 hendere,
731 3644 846 3697 sive
876 3641 1170 3697 ostendens
1202 3658 1261 3696 se
1305 3658 1408 3695 non
1446 3641 1719 3695 adversari
1752 3641 1919 3695 Patri.

521 3733 688 3789 Vens.
726 3733 817 3788 65.
849 3732 955 3787 Cur
980 3732 1115 3787 dixit
1143 3748 1155 3784 :
1197 3731 1255 3787 Si
1282 3733 1517 3786 videritis
1559 3730 1757 3784 Filium
1794 3733 2028 3785 hominis

447 3826 813 3880 ascendentem
834 3825 923 3877 ubi
950 3834 1062 3878 erat
1083 3825 1228 3893 prius
1251 3825 1275 3877 ?
1302 3834 1359 3878 ut
1383 3840 1477 3894 per
1506 3824 1609 3878 hoc.
1648 3824 1758 3877 illis
1815 3839 2005 3893 persu-

449 3916 540 3989 dct
571 3929 630 3971 se
660 3931 767 3971 non
810 3930 933 3971 esse
963 3931 1027 3970 ex
1055 3915 1283 3986 Joseph.

522 4028 692 4085 Vens.
725 4027 808 4083 64.
852 4027 989 4095 Quid
1014 4037 1097 4085 est
1131 4028 1275 4099 quod
1329 4028 1508 4083 dicit:
1542 4026 1775 4098 Spiritus
1815 4038 1892 4083 est
1942 4030 2033 4099 qui
2072 4002 2096 4011 ἢ

444 4125 723 4193 vivi/ient?
756 4121 811 4177 Si
852 4122 1210 4191 spiritualiter
1257 4124 1487 4177 audiunt
1522 4123 1599 4176 illi
1648 4138 1770 4192 (pne
1811 4122 1878 4176 ah
1912 4121 2030 4191 ipso

447 4215 727 4269 dicuntur.
752 4213 887 4268 Nam
923 4213 1016 4284 qui
1073 4213 1366 4268 earnalitcr
1395 4214 1564 4278 audit,
1592 4214 1724 4267 nihil
1750 4214 2028 4284 proﬁciet;

446 4307 665 4362 carnale
696 4315 877 4361 autem
910 4314 994 4361 est
1031 4304 1221 4359 audire
1251 4304 1527 4373 quomodo
1568 4320 1598 4359 e
1628 4305 1767 4358 coelo
1803 4303 2032 4358 descen-

446 4402 609 4466 derit,
666 4406 720 4455 et
760 4400 1034 4470 quomodo
1069 4407 1317 4467 Oporteat
1376 4412 1599 4451 carnem
1663 4397 2024 4454 manducare,

450 4508 574 4562 qua:
625 4502 901 4561 oporteret
937 4490 1167 4561 mystice
1212 4498 1266 4543 et
1309 4488 1663 4557 spiritualiter
1708 4487 2025 4554 intelligere.

444 4586 573 4641 Ideo
604 4584 997 4639 additti’erba
1036 4581 1383 4652 quazlocutus
1435 4595 1552 4632 sum
1583 4579 1750 4640 vobis,
1808 4579 2029 4643 spiritus

2139 2033 2331 2098 σώζειν
2374 2034 2473 2097 τὰς
2522 2033 2699 2104 ψυχὰς
2745 2032 2857 2085 τῶν
2917 2032 3100 2087 πίστει
3134 2028 3547 2097 λαμϐανόντων,
3597 2022 3715 2077 ἀλλ’

2135 2128 2234 2180 οὐκ
2263 2126 2553 2181 ἀπολλύειν
2583 2127 2772 2197 ὥσπερ
2804 2126 2903 2195 τὴν
2938 2124 3276 2195 πρόσκαιρον
3301 2121 3528 2191 βρῶσιν.

2211 2239 2342 2291 Ὀτι
2373 2242 2405 2292 ὁ
2440 2237 2679 2308 τρώγων
2710 2254 2831 2306 μου
2862 2236 2978 2304 τὴν
3010 2235 3228 2304 σάρκα,
3260 2234 3329 2288 ὲν
3357 2234 3483 2302 ἐμοὶ
3524 2231 3713 2301 μένει.

2136 2330 2245 2400 Τὴν
2271 2331 2337 2384 δι’
2367 2329 2532 2383 αὑτοῦ
2562 2329 2654 2382 τοῦ
2689 2331 2746 2383 ὲν
2780 2327 2932 2399 αύτῷ
2961 2327 3181 2399 Χριστῶ
3202 2326 3503 2396 ἀνάκρασιν
3536 2323 3709 2391 λέγει,

2135 2424 2234 2492 τὴν
2264 2424 2349 2477 διὰ
2382 2425 2480 2495 τῆς
2519 2423 2893 2493 μεταλήψεως.

2206 2519 2271 2572 Tl
2302 2520 2416 2570 ἐστι
2449 2532 2463 2547 ο
2490 2515 2597 2569 Kal
2622 2515 2736 2585 ἐγὼ
2753 2513 3083 2579 ἀναστήσω
3098 2512 3287 2579 αὐτὸν
3304 2512 3373 2565 ἐν
3390 2510 3463 2580 τῇ
3483 2510 3713 2580 ἐσχάτῃ

2140 2608 2362 2681 ἡμέρᾳ;
2397 2607 2496 2671 Τὸ,
2534 2606 2727 2675 Κάγὼ,
2757 2606 3029 2659 δείκνυσιν
3079 2605 3239 2658 αὐτὸν
3285 2605 3589 2658 ἰσοστάσιον
3618 2603 3715 2657 τοῦ

2139 2700 2370 2768 Πατρός.
2989 2698 2992 2702 ’

2206 2808 2377 2878 Κάγὼ
2405 2808 2476 2870 ζῶ
2524 2809 2621 2862 διὰ
2678 2808 2785 2861 τὸν
2828 2810 3082 2875 Πατέρα,
3115 2808 3232 2871 πῶς
3288 2809 3544 2879 νοητέονς
3591 2808 3715 2860 Ὅτι

2136 2902 2319 2966 καθώς
2373 2905 2487 2956 ἐστι
2520 2902 2632 2973 ζωὴ
2690 2903 2718 2954 ό
2748 2903 2960 2972 Πατὴρ,
2993 2900 3134 2954 οὕτω
3182 2900 3337 2967 κάγὼ
3387 2900 3486 2965 ζῶ.
3526 2900 3637 2952 Kal
3684 2901 3719 2952 ὁ

2135 2996 2371 3065 τρώγων
2390 3014 2486 3063 με,
2512 2994 2790 3061 κάκεῖνος
2813 2994 3052 3061 ζήσεται
3072 2994 3148 3049 δι’
3179 2993 3299 3064 ἐμέ.
3336 2994 3491 3063 Ζωὴν
3541 2993 3717 3061 ὶέγων

2137 3089 2372 3160 συνεχῶς
2429 3091 2527 3158 τὴν
2593 3090 2889 3143 ἀνάστασιν
2946 3088 3042 3160 τὴν
3078 3089 3311 3142 ἐκεῖθεν.
3352 3088 3451 3141 Διὰ
3482 3088 3535 3139 τί
3571 3086 3718 3155 ζωῆς

2139 3180 2409 3248 μέμνηται
2442 3180 2713 3251 πανταχοῦ
2736 3197 2751 3244 ;
2774 3180 2896 3232 Ὅτι
2916 3178 3166 3232 ποθεινὸν
3189 3178 3347 3230 τοῦτο
3378 3174 3715 3247 ἀνθρώποις,

2136 3272 2226 3323 καὶ
2252 3271 2401 3324 οὐδὲν
2431 3272 2604 3335 οὕτως
2638 3271 2736 3342 ἡδὺ
2767 3272 2841 3334 ὡς
2882 3271 2941 3324 τὸ
2968 3272 3042 3341 μὴ
3073 3270 3386 3326 ἀποθανεῖν.

2204 3455 2303 3507 Διὶ
2333 3455 2385 3507 τε
2418 3456 2474 3507 ἐν
2504 3454 2856 3521 συναγωγαῖς
2888 3455 2981 3506 καὶ
3014 3455 3071 3507 ὲν
3124 3454 3341 3523 ἑορταῖς
3381 3453 3708 3517 ἐδίδασκεν;

2142 3549 2307 3618 Ὁμοῦ
2344 3552 2439 3617 μὲν
2467 3548 2527 3601 τὸ
2553 3548 2756 3616 πλῆθος
2777 3547 3013 3618 θηρᾶσαι
3043 3546 3235 3612 θέλων,
3263 3547 3396 3617 ὁμοῦ
3437 3548 3533 3600 καὶ
3589 3546 3705 3600 δει-

2134 3642 2313 3694 κυύων
2340 3641 2532 3694 ἑαυτὸν
2567 3642 2669 3694 οὐκ
2705 3642 2947 3693 ἐναντίον
2979 3640 3054 3711 τῷ
3088 3643 3285 3711 Πατρί.

2202 3733 2299 3784 Διὰ
2318 3734 2369 3784 τί
2398 3733 2603 3799 ἐλεγενο
2644 3731 2779 3785 Ἐὰν
2798 3732 2961 3799 ἴδητε
2984 3732 3241 3785 τόνΥἰύν
3262 3731 3370 3786 τοῦ
3394 3732 3717 3800 ἀνθρώπου

2132 3822 2533 3876 ἀναϐαίνοντα
2564 3823 2718 3877 ὅπου
2758 3818 2834 3890 ἦν
2861 3825 2928 3876 τὸ
2957 3826 3285 3895 πρότερον;
3320 3827 3428 3878 Καὶ
3471 3826 3561 3879 διὰ
3590 3826 3717 3879 τού-

2132 3933 2242 3968 των
2262 3916 2492 3983 ἀπάγων
2526 3916 2726 3979 αὐτοὺς
2762 3918 2838 3981 ὡς
2864 3919 2961 3970 οὐκ
2991 3918 3105 3970 ἐστι
3136 3916 3230 3970 τοῦ
3276 3919 3497 3990 Ἰωσήφ.

2204 4025 2270 4078 Τί
2316 4027 2463 4078 ἐστιν
2488 4026 2624 4094 ὅπερ
2654 4021 2779 4078 εἷπε
2816 4066 2830 4091 ,
2871 4025 2939 4080 Τὸ
2997 4026 3241 4095 Πνεῦμά
3279 4026 3411 4081 ἐστι
3458 4029 3524 4081 τὸ
3574 4028 3715 4090 ζωο-

2142 4118 2395 4182 ποιοῦν;
2434 4117 2507 4171 Τὸ
2540 4118 2932 4189 πνευματικῶς
2957 4118 3176 4172 ἀκούειν
3198 4120 3397 4183 αὐτοὺς
3426 4120 3536 4173 τῶν
3579 4137 3692 4189 παρ

2133 4210 2296 4264 αὑτοῦ
2327 4211 2659 4280 λεγομένων.
2703 4209 2760 4263 ὐ
2802 4208 2911 4279 γὰρ
2964 4211 3239 4282 σαρκικῶς
3268 4212 3505 4275 ἀκούων,
3558 4213 3714 4266 οὐδὲν

2132 4302 2571 4373 ὠφεληθήσεται.
2606 4302 2878 4372 Σαρκικὸν
2917 4301 2973 4354 δέ
3008 4303 3206 4355 ἔστιτὸ
3238 4303 3457 4357 ἀκούειν
3492 4305 3613 4367 πῶς
3649 4306 3715 4358 ὲκ

2132 4394 2227 4447 τοῦ
2267 4395 2498 4464 ούρανοῦ
2530 4394 2899 4464 καταῦέὁηκε,
2939 4395 3181 4457 καὶπῶς
3220 4396 3328 4449 ἔδει
3392 4395 3492 4463 τὴν
3531 4397 3713 4466 σάρκα

2137 4490 2355 4553 φαγεῖν,
2391 4487 2535 4556 ἆπερ
2568 4488 2673 4540 ἔδει
2702 4486 2980 4558 μυστικῶς
3010 4489 3105 4541 καὶ
3130 4489 3513 4557 πνευματικῶς
3548 4492 3709 4544 νοεῖν.

2134 4578 2226 4630 Διὸ
2250 4580 2340 4630 καὶ
2373 4581 2594 4647 ἐπάγει·
2635 4582 2710 4635 Τὰ
2719 4580 2961 4649 ῥήματα
2988 4580 3027 4633 d
3056 4579 3170 4648 ἐγὼ
3192 4579 3513 4647 λελάληκα
3542 4580 3707 4648 ὑμῖν,

443 4691 490 4731 et
541 4679 648 4731 vita
680 4685 821 4743 sunt,
852 4676 905 4728 id
935 4651 1381 4743 est,VSpiritualia
1423 4680 1569 4737 sunt,
1620 4670 1754 4724 nihil
1788 4670 2027 4725 carnalis

2139 4670 2370 4740 πνεῦμὰ
2401 4671 2531 4725 ἐστι
2556 4672 2653 4725 καὶ
2685 4671 2819 4738 {tot}.
2849 4673 3131 4737 Τουτέστι,
3162 4671 3519 4740 Πνευματικά
3539 4674 3709 4737 ἐστιν,

446 4769 722 4824 habentia.

520 4858 686 4912 Vens.
718 4858 809 4913 65.
839 4857 1128 4922 Quomodo
1172 4856 1581 4926 intelligendum
1610 4873 1623 4909 :
1653 4856 1861 4913 Sciebat
1886 4860 2024 4913 enim

445 4951 511 5004 ab
540 4950 699 5005 initio
732 4952 824 5022 qui
861 4961 1029 5004 essent
1062 4966 1166 5003 non
1204 4950 1468 5003 credentes
1489 4951 1514 5003 ?
1550 4949 1603 5004 Id
1633 4958 1736 5014 est,
1767 4967 1797 5006 a
1836 4953 2025 5007 mundi

445 5044 750 5115 principio;
792 5055 848 5101 et
894 5046 1008 5099 hac
1037 5043 1170 5098 dicit
1210 5042 1277 5097 de
1321 5043 1458 5098 Juda
1501 5056 1555 5100 et
1596 5044 1797 5102 Judaeis
1847 5047 2026 5102 incre-

446 5137 611 5191 dulis.

519 5244 687 5301 Vens.
722 5246 808 5300 67.
846 5242 986 5311 Quid
1013 5242 1217 5298 indicat
1246 5266 1258 5296 :
1290 5245 1432 5313 quod
1464 5233 1615 5299 inulti
1648 5248 2023 5319 discipulorum

443 5330 563 5406 ejus
580 5340 822 5391 abierunt
846 5336 1029 5389 retro?
1057 5334 1173 5389 Non
1197 5336 1262 5391 de
1284 5337 1568 5392 duodecim
1613 5341 1832 5407 dicitur,
1846 5346 1937 5398 sed
1958 5345 2025 5399 de

445 5430 569 5485 aliis
604 5429 889 5497 discipulis
932 5444 995 5481 ac
1048 5429 1181 5498 ipsis
1228 5431 1506 5499 apostolis.
1540 5431 1695 5499 Quod
1742 5445 1919 5489 autem
1951 5438 2023 5490 ita

445 5539 504 5575 se
531 5538 618 5577 res
648 5522 868 5588 haheat,
900 5523 1139 5578 ostendit
1166 5525 1308 5594 quod
1340 5526 1623 5597 discipulis
1662 5530 1829 5585 dicit:
1868 5529 2025 5584 Nun-

440 5615 568 5682 quid
591 5623 639 5667 et
674 5630 762 5667 vos
786 5614 942 5668 vultis
971 5616 1157 5670 abire?

511 5722 676 5778 Vens.
711 5724 795 5779 69.
834 5725 965 5791 Cur,
988 5726 1200 5783 dicente
1246 5727 1427 5794 Petro,
1474 5731 1554 5784 Αιι
1598 5748 1753 5801 quem
1785 5733 2025 5787 ibimus?

444 5829 551 5867 non
583 5815 797 5869 beatum
824 5817 960 5873 dixit
983 5819 1132 5873 illum
1169 5820 1460 5877 Christus?
1483 5822 1561 5878 Nc
1588 5823 1863 5878 \‘iderctur
1893 5825 2020 5893 quia

442 5908 881 5973 perseverabant,
916 5927 975 5966 sc
1006 5912 1111 5968 illis
1136 5913 1366 5968 adulari.

2130 4765 2281 4818 οὐδὲν
2312 4764 2505 4835 ἔχοντα
2533 4765 2822 4836 σαρκικόν.

2200 4860 2326 4922 Πῶς
2386 4859 2604 4930 νοητέον
2641 4858 2747 4920 τό,
2773 4861 2938 4931 ’ῌδει
2989 4858 3101 4928 γὰρ
3142 4859 3211 4923 ἐξ
3249 4857 3444 4927 ἀρχῆς
3486 4858 3708 4924 Οῗτινές

2126 4954 2284 5007 εἰσιν
2303 4955 2358 5005 οἱ
2376 4952 2462 5020 μὴ
2513 4953 2950 5018 maestiorem;
3002 4953 3134 5006 ’Λπδ
3182 4952 3516 5022 καταϐολῆς,
3548 4954 3706 5021 φησὶ,

2127 5046 2333 5115 κόσμου
2358 5062 2373 5076 ο
2404 5045 2562 5098 τοῦτο
2611 5045 2668 5098 δὲ
2704 5047 2834 5116 περὶ
2883 5047 3055 5100 Ἰούδα
3087 5047 3182 5100 καὶ
3214 5045 3321 5098 τῶν
3365 5047 3705 5116 ἀπιστησάν-

2124 5159 2234 5194 των
2270 5141 2563 5193 Ἰουδαίων.

2198 5249 2263 5301 Τί
2283 5249 2453 5318 δηλοῖ,
2476 5250 2559 5303 ὅτι
2592 5251 2814 5303 Πολλοὶ
2858 5250 2975 5302 τῶν
2996 5249 3276 5319 μαθητῶν
3303 5252 3488 5305 αὑτοῦ
3512 5252 3706 5318 ἀπῆλ-

2124 5346 2235 5397 θον
2259 5344 2348 5407 εΙς
2368 5343 2442 5395 τὰ
2466 5342 2696 5405 dalata;
2733 5343 2806 5395 Ού
2844 5341 2971 5411 περὶ
2994 5342 3103 5395 τῶν
3129 5342 3337 5396 δώδεκα
3368 5344 3537 5411 λέγει,
3572 5346 3704 5397 ἀλλά

2126 5434 2253 5504 περὶ
2288 5434 2464 5487 ἄλλων
2498 5434 2759 5505 μαθητῶν
2788 5435 2970 5488 αὐτῶν
2996 5436 3106 5488 τῶν
3161 5436 3500 5490 ἀποστόλων·
3534 5438 3615 5489 ὅτι
3646 5437 3702 5489 δὲ

2125 5523 2298 5587 οὕτως
2320 5525 2462 5588 ἐστὶ,
2493 5526 2651 5595 δῆλον
2688 5528 2751 5578 ὲκ
2778 5526 2873 5577 τοῦ
2906 5526 3087 5593 λέγειν
3112 5528 3224 5588 τοῖς
3266 5527 3536 5597 μαθηταῖς
3563 5544 3577 5555 ”
3606 5526 3702 5595 Μὴ

2126 5620 2223 5673 καὶ
2258 5619 2422 5688 ὑμεῖς
2447 5620 2650 5673 θέλετε
2678 5618 2962 5687 ὑπάγεινς

2196 5736 2294 5786 Διὰ
2325 5734 2401 5798 τί,
2429 5736 2675 5796 εἰπόντος
2703 5731 2796 5784 τοῦ
2830 5731 3191 5803 Πέτρου,Ποῦ
3208 5734 3704 5803 ἀπε.1ευσόμεθα;

2124 5826 2225 5878 ούκ
2248 5827 2588 5897 ἐμακάρισεν
2616 5825 2780 5879 αὐτὸν
2804 5825 2832 5876 ὁ
2864 5824 3099 5893 Χριστός
3125 5843 3139 5890 ;
3180 5825 3299 5879 Ἵνα
3341 5826 3416 5897 μὴ
3448 5827 3571 5898 δόξῃ
3616 5826 3708 5878 διὰ

2127 5918 2185 5971 τὸ
2216 5919 2474 5987 ἐμμεῖναι
2508 5917 2722 5985 αὐτοὺς,
2750 5915 3070 5973 κολακεύειν
3100 5917 3316 5978 αὐτούς.
