4050 6566
323 395 460 460 1243

922 518 1172 571 ΚΕΦΛΛ.
1214 518 1286 570 Ζ’.

386 649 486 704 Διά
511 651 565 703 τί
591 649 804 718 λέγουσι
831 649 969 720 πρὸς
1006 649 1170 703 αὑτὸν
1194 651 1241 701 οἱ
1282 647 1508 716 ἀδελέοὶ
1551 649 1742 708 αὑτοῦ,
1773 649 1891 701 Με-

317 740 522 808 τάϐηθι
579 740 859 794 ἐντεῦθεν
907 742 995 806 εἰς
1031 740 1146 807 τὴν
1199 739 1546 803 Ἰουδαιάν;
1591 741 1750 792 Δοκεῖ
1794 739 1893 808 μὲν

316 834 426 888 ἀπὸ
455 831 637 902 φιλίας
667 831 954 903 εἰρῆσθαι·
995 832 1110 885 ἐστι
1140 833 1198 886 δὲ
1229 832 1329 902 οὑχ
1359 831 1559 896 οὑτως.
1597 832 1736 885 ἀλλὰ
1783 832 1893 884 δει-

315 927 434 990 λίας
471 927 566 981 κοιλ⁵
596 925 898 998 φιλοδοξίας
936 927 1272 980 σκώπτουσι.
1307 926 1379 979 To
1414 926 1513 996 μὲν
1533 925 1658 995 ’γὰρ
1693 927 1888 990 εἰπεῖν,

319 1019 449 1072 Οὐδὲ
479 1018 561 1071 ἔτι
592 1019 650 1071 ὲν
679 1018 907 1089 κρυπτῷ
935 1021 1101 1080 ποιεῖ,
1121 1017 1320 1070 δειλίαν
1350 1018 1726 1086 ἐγκαλούντων
1751 1017 1888 1071 ἐστί’

314 1111 375 1163 τὸ
405 1109 580 1163 δὲκαὶ
607 1110 783 1162 εἰπεῖν
817 1111 874 1162 ὲν
911 1107 1132 1180 φανερῷ
1165 1103 1327 1175 εἶναι,
1367 1107 1700 1178 φιλοδοξίαν.

381 1289 447 1342 Τί
473 1293 589 1344 ἐστι
631 1290 714 1354 τὸ,
758 1290 822 1342 '0
853 1291 1056 1359 καιρὸς
1091 1293 1125 1345 ὁ
1145 1289 1287 1359 ἐμὸς
1316 1289 1481 1343 οὔπω
1515 1288 1828 1356 πάρεστιν,
1853 1291 1888 1344 ό

310 1381 379 1436 δὲ
418 1382 623 1450 καῖρὸς
677 1385 710 1435 ό
744 1382 1029 1451 ὑμέτερος
1079 1382 1339 1436 πάντοτε
1389 1381 1645 1450 ἕρημος;
1675 1381 1884 1452 Καιρὸν

311 1475 440 1527 ῐδιον
483 1473 572 1525 τὸν
627 1472 720 1526 τοῦ
778 1473 1014 1543 σταυροῦ
1072 1473 1269 1541 λέγων,
1323 1473 1515 1543 καιρὸν
1553 1473 1610 1527 δὲ
1674 1475 1884 1544 ἔρημον

311 1563 540 1614 πάντοτε
573 1578 587 1592 ·
622 1562 766 1625 Ὅτι,
805 1563 991 1632 φησὶν,
1025 1564 1125 1616 οὑκ
1156 1563 1547 1634 ἀναιρήσουσιν
1586 1563 1754 1632 ὑμᾶς,
1780 1565 1884 1618 κᾶν

307 1655 394 1708 ἀεὶ
430 1653 548 1723 μετ’
593 1654 770 1707 αὑτῶν
801 1650 921 1725 ἦτε.
968 1654 1094 1718 Πῶς
1125 1655 1346 1726 νοητέον
1377 1655 1458 1720 τὸ,
1505 1655 1559 1707 '0
1601 1657 1804 1724 καιρὸς
1849 1659 1882 1710 ό

303 1749 446 1817 ἐμὸς
474 1748 638 1802 οὔπω
664 1749 1047 1816 πεπλήρωται
1064 1766 1086 1815 ;
1117 1749 1244 1803 Ὅτι
1283 1749 1390 1802 ἔδει
1418 1749 1512 1803 καὶ
1549 1753 1752 1820 σημεῖα
1785 1767 1880 1819 γε-

302 1839 507 1894 νὲσθαι.

371 1933 454 1985 Οὐ
477 1931 727 1985 δύναται
762 1934 795 1986 ὁ
819 1933 1048 2001 κόσμος
1068 1931 1275 2002 μισεῖν
1294 1931 1451 2003 ὑμᾶς
1477 1935 1557 2001 ὠς
1582 1935 1654 1990 τὰ
1682 1935 1871 1990 αὐτοῦ

293 2022 745 2090 βουλομένους·
798 2021 904 2092 ἐμὲ
952 2021 1042 2088 δὲ,
1087 2024 1243 2094 φησὶ,
1287 2024 1475 2094 μισεῖ,
1529 2027 1612 2080 ὅτι
1665 2025 1874 2097 ἐλέγχω

296 2113 478 2168 αὑτόν.

361 2206 462 2257 Διά
491 2203 544 2257 τι
591 2205 693 2258 οὑκ
738 2204 1028 2259 ἀναϐαίνει
1091 2205 1233 2276 μετά
1292 2206 1400 2260 τῶν
1439 2207 1708 2276 ἀδελφῶν,
1754 2207 1870 2261 ἀλλ’

292 2297 562 2366 ἐσχατον;
606 2295 778 2348 Τοῦτο
827 2296 927 2366 μὲν
979 2295 1055 2366 μὴ
1115 2295 1442 2366 βουλόμενος
1473 2298 1632 2368 δῆλον
1675 2299 1870 2351 ἑαυτὸν

292 2397 674 2461 καταστήσειν,
705 2389 888 2452 καθὼς
919 2391 1120 2442 ἐκεῖνοι
1148 2389 1431 2445 ἐϐούλοντο
1449 2407 1462 2422 ⁸
1487 2393 1768 2447 ἀναϐαίνει
1787 2394 1864 2459 δὲ,

293 2481 376 2536 ἶνα
409 2482 484 2553 μὴ
532 2481 733 2546 δειλίας
768 2478 910 2536 εἶναι
943 2482 1245 2552 νομίσωσιν
1304 2484 1507 2538 ἐκεῖνοι
1563 2483 1625 2538 τὸ
1680 2488 1864 2555 μεῖναι

288 2576 460 2631 κάτω.

357 2669 514 2732 Τίνος
542 2669 729 2723 ἕνεκεν
769 2670 1062 2740 ζητοῦντες
1102 2670 1287 2734 αὑτὸν,
1322 2669 1424 2723 οὑκ
1453 2669 1717 2738 ὀνομαστὶ
1746 2669 1858 2722 ἕλε⁹

287 2777 402 2832 γον,
433 2763 593 2828 ἀλλὰ,
622 2765 744 2818 Ποῦ
772 2766 946 2818 ἐστιν
982 2764 1253 2831 extriti-oc;
1295 2763 1428 2818 Ἀπὸ
1461 2764 1661 2834 πολλῆς
1695 2767 1858 2834 εἰρω-

285 2858 434 2919 νείας
468 2859 564 2910 καὶ
593 2857 814 2926 φθόνου.
1322 2904 1324 2906 .

352 2950 479 3011 Πῶς
512 2950 731 3020 νοητέον
770 2951 830 3003 τὸ
850 2993 864 3016 ,
898 2950 966 3005 ἰι
991 2951 1102 3020 ἐμὴ
1135 2948 1352 3020 διδαχὴ
1386 2951 1498 3004 οὐκ
1529 2951 1702 3004 ἐστιν
1718 2950 1855 3020 ἐμὴ,

278 3042 444 3097 ἀλλὰ
483 3043 591 3097 τοῦ
621 3044 972 3112 πέμψαντός
995 3060 1109 3112 με;
1143 3045 1207 3097 Ὃ
1226 3043 1373 3112 λέγει
1402 3043 1644 3098 τοιοῦτὸν
1671 3046 1818 3097 ἐστιν
1838 3060 1852 3073 ·

283 3133 448 3187 Οὑδὲν
490 3135 599 3202 ἔχω
627 3133 1107 3204 παρηλλαγμένον,
1145 3136 1192 3187 εί
1245 3136 1340 3188 καὶ
1389 3136 1684 3198 ὑπόστασις
1719 3137 1852 3208 ἀλλη

1385 395 1706 459 SCHOLIA
1745 391 2041 459 VETERA
2083 395 2163 457 IN
2204 393 2557 459 JOANNEM
3442 400 3574 464 1350

1923 513 1973 571 Α
2608 512 2836 570 CAPUT
2871 513 2986 571 V'll.

2066 635 2232 692 Vens.
2265 639 2318 694 5.
2347 640 2460 694 Cur
2488 641 2680 696 dicunt
2715 642 2788 696 illi
2813 642 3010 698 fratres
3037 643 3154 714 ejus
3185 643 3422 702 :_Transi
3451 645 3574 700 hinc
3668 699 3677 709 ,

1995 730 2049 783 in
2093 731 2382 787 Judwam.’
2408 734 2660 789 videnlur
2697 737 2915 805 quidem
2967 738 3037 790 ob
3070 737 3371 791 amicitiam
3405 738 3574 793 locuti

1992 837 2134 878 esse.
2162 823 2281 878 Non
2322 837 2502 880 autem
2553 826 2626 881 ita
2658 838 2761 892 est,
2792 827 2884 881 sed
2927 828 3274 884 timiditatem
3305 839 3362 884 et
3387 830 3575 899 gloriae.

1991 913 2339 982 cupiditatem
2388 917 2699 971 intendunt.
2766 917 3004 972 Dicendo
3048 918 3214 982 enim,
3271 921 3414 988 quod
3463 933 3572 974 non

1985 1005 2100 1076 jam
2149 1008 2202 1061 in
2257 1009 2470 1063 occulto
2516 1009 2706 1073 faciat,
2741 1010 3088 1064 timiditatem
3123 1011 3569 1078 exprobrantium

1989 1103 2374 1168 est;dicendo
2426 1115 2606 1160 autem
2657 1107 2836 1176 palam
2889 1119 3030 1171 esse,
3062 1103 3250 1175 gloria:
3303 1104 3572 1174 cupidita-

1954 1257 1957 1262 ι
1989 1201 2122 1250 tem.

2059 1285 2226 1342 Vens.
2263 1289 2316 1346 6.
2348 1288 2488 1357 Quid
2524 1300 2651 1349 est:
2685 1292 2908 1362 Tempus
2945 1309 3114 1347 meum
3150 1291 3383 1348 nondum
3415 1297 3572 1347 adue-

1987 1379 2084 1442 nit,
2107 1387 2308 1448 tempus
2333 1393 2509 1434 autent
2529 1395 2758 1436 uestrum
2785 1399 2984 1450 semper
3005 1396 3078 1435 est
3099 1387 3391 1450 paratum?
3415 1385 3471 1439 Τ.
3493 1407 3538 1438 ιι-
3565 1419 3573 1425 -

1988 1485 2088 1538 ptts
2111 1484 2270 1524 suum
2301 1471 2671 1528 cruciﬁxiouis
2702 1482 2913 1542 tempus
2940 1473 3092 1538 dicit,
3113 1486 3165 1528 et
3196 1482 3408 1545 tempus
3429 1493 3567 1534 sem-

1987 1578 2083 1632 per
2111 1575 2384 1635 paratum.
2409 1565 2570 1635 Quia,
2597 1569 2792 1639 inquit,
2821 1587 2928 1624 non
2956 1588 3050 1625 vos
3075 1571 3343 1632 auferent.
3369 1588 3566 1640 quam-

1987 1655 2074 1710 vis
2105 1673 2322 1727 semper
2375 1676 2500 1714 cum
2559 1662 2638 1716 eis
2679 1662 2912 1718 fueritis.
2945 1662 3234 1729 Quomodo
3258 1665 3565 1732 intelligen-

1985 1747 2115 1802 dum
2145 1765 2158 1800 :
2191 1749 2412 1820 Tempus
2447 1769 2618 1807 meum
2667 1756 2900 1809 nondum
2949 1756 3223 1827 impletum
3268 1767 3349 1812 est
3374 1761 3399 1813 ἵ
3424 1757 3561 1826 Quia

1906 1881 1956 1942 Β
1983 1850 2196 1942 oportet
2228 1857 2446 1912 quoque
2475 1845 2628 1914 signa
2657 1845 2796 1901 ﬁeri.

2047 1929 2214 1990 Vens.
2251 1933 2301 1988 7.
2337 1933 2460 1989 Non
2488 1946 2657 2003 potest
2689 1938 2915 1992 mundus
2963 1938 3134 1993 odisse
3167 1955 3276 2004 vos,
3309 1949 3562 2012 tanquam

1979 2039 2097 2096 qua!
2130 2043 2227 2084 sua
2257 2037 2380 2082 sunt
2433 2030 2696 2098 volentes;
2733 2048 2812 2086 me
2866 2039 3048 2088 autem
3077 2034 3212 2099 odit,
3239 2036 3367 2104 quia
3425 2049 3559 2090 con-

1978 2119 2177 2172 demno
2208 2135 2357 2173 cum.

2055 2207 2220 2264 Vens.
2260 2210 2312 2266 8.
2343 2211 2457 2266 Cur
2501 2229 2610 2267 non
2665 2214 2915 2270 ascendit
2973 2230 3098 2270 cum
3157 2217 3556 2281 fratribus.sed

1978 2304 2208 2371 postea?
2231 2307 2357 2374 quia
2392 2321 2499 2360 non
2534 2307 2650 2362 vult
2677 2309 2895 2377 quidem
2923 2311 3161 2380 seipsum
3195 2312 3547 2370 manifestum

1977 2396 2179 2461 tacere,
2203 2407 2261 2451 nt
2318 2398 2418 2467 ipsi
2458 2399 2749 2454 volebant:
2784 2403 3032 2457 ascendit
3069 2413 3365 2469 autem,ne
3411 2405 3557 2460 timi-

1972 2490 2200 2544 ditatem
2238 2490 2326 2545 isti
2360 2497 2572 2560 putent,
2604 2492 2650 2547 si
2689 2491 2833 2546 intra
2860 2504 3128 2550 maneret.

2036 2669 2200 2727 Vens.
2226 2672 2310 2726 il.
2330 2673 2502 2739 Quam
2520 2674 2589 2729 ob
2619 2689 2841 2729 causam
2862 2686 3166 2746 quaerentes
3194 2693 3318 2734 eum
3334 2695 3440 2735 non
3456 2697 3556 2736 no-

1968 2766 2244 2818 minantes
2275 2766 2488 2829 dicunt,
2515 2769 2632 2835 sed,
2668 2767 2765 2824 Ubi
2795 2779 2872 2823 est
2903 2769 3037 2825 ille?
3058 2768 3140 2825 οι»
3168 2786 3418 2843 magnam
3439 2774 3554 2828 iro-

1967 2855 2112 2907 niam
2147 2863 2200 2908 et
2224 2855 2503 2909 invidiam.

2036 2944 2202 3000 Vens.
2248 2948 2332 3001 i6.
2384 2947 2671 3014 Quomodo
2716 2948 3130 3020 intelligendum
3162 2969 3178 3008 :
3216 2953 3335 3008 Mea
3359 2956 3554 3011 doctri-

1963 3055 2032 3092 na
2055 3055 2157 3092 non
2177 3050 2251 3092 est
2273 3056 2411 3106 mea,
2435 3041 2525 3095 sed
2548 3042 2660 3110 ejus
2677 3043 2770 3114 qui
2794 3044 2935 3097 misit
2962 3061 3042 3100 me
3059 3047 3084 3099 .9
3101 3045 3260 3112 Quod
3279 3049 3411 3102 dicit
3441 3049 3550 3104 tale
3576 3032 3581 3094 ξ

1962 3141 2046 3187 est
2076 3147 2091 3185 :
2131 3130 2278 3186 Nihil
2316 3133 2489 3188 habeo
2520 3135 2821 3200 diversum,
2855 3137 2981 3192 licet
3009 3153 3239 3206 persona
3271 3139 3374 3193 alia
3417 3139 3544 3194 sint.

279 3225 414 3294 εἰμί·
450 3224 567 3278 ἀλλ’
594 3225 738 3279 οὑτω
766 3227 864 3280 καὶ
898 3227 1040 3295 λέγω
1068 3229 1162 3280 καὶ
1188 3229 1434 3298 πράττω,
1462 3229 1538 3292 ὡς
1579 3230 1655 3299 μὴ
1705 3231 1855 3299 νομί-

1970 3222 2066 3278 Sed
2091 3225 2165 3279 ita
2201 3225 2394 3295 loquor
2421 3237 2474 3282 et
2515 3242 2620 3298 ago
2644 3237 2703 3282 ut
2749 3244 2860 3284 non
2915 3229 3120 3285 habear
3158 3230 3303 3286 aliud
3353 3231 3483 3302 quid
3514 3248 3547 3288 a

279 3317 468 3382 ςεσθαι
505 3319 693 3390 ἔτερόν
734 3337 785 3372 τι
829 3320 980 3391 παρὰ
1017 3321 1107 3374 τὸν
1150 3322 1391 3391 Πατέρα.

346 3414 410 3466 Τί
437 3413 590 3485 δηλοῖ
615 3414 714 3479 τὸ,
762 3413 897 3467 Ἐάν
956 3433 1046 3480 τις
1093 3416 1241 3483 θέλῃ
1270 3416 1338 3468 τὸ
1383 3417 1615 3486 θέλημα
1660 3416 1851 3472 αὐτοῦ

273 3505 499 3571 ποιεῖν;
544 3505 860 3570 Τουτὲστιν,
903 3505 962 3560 '0
994 3508 1245 3577 ,ἐραστὴς
1290 3505 1385 3560 τοῦ
1432 3507 1548 3578 βίου
1587 3507 1682 3562 τοὺ
1731 3509 1852 3562 κατ’

273 3600 478 3668 ἀρετὴν
509 3599 778 3666 γνώσεται
811 3599 941 3668 περὶ
991 3599 1089 3669 τῆς
1133 3599 1391 3670 διδαχῆςο
1424 3602 1548 3654 ἀντὶ
1587 3603 1703 3668 τοῦ,
1755 3605 1848 3667 Ὃς

271 3687 572 3740 ἀποϐλέπει
615 3690 695 3750 εἰς
725 3689 849 3752 τοὺς
904 3691 1212 3759 προφήτας,
1264 3691 1533 3760 γνώσεται
1559 3695 1658 3765 τὴν
1711 3694 1850 3765 ἐμὴν

269 3781 513 3850 διδαχὴν.

345 3890 468 3943 Ὅτι
499 3890 606 3960 χρὴ
657 3892 929 3958 σκοπῆσαι
957 3893 1042 3945 ὅτι.
1085 3892 1180 3946 τοῦ
1225 3894 1459 3947 ταπεινά
1512 3895 1846 3963 φθέγγεσθαι

270 3983 454 4045 αὑτὸν,
490 3983 680 4036 πολλαί
710 3986 850 4036 εἰσιν
877 3985 1070 4049 αἰτίαι,
1093 3980 1206 4036 οἷον
1232 3986 1322 4037 διὰ
1346 3987 1404 4038 τὸ
1441 3987 1517 4056 μὴ
1551 3988 1847 4056 ἀγέννητον

268 4070 408 4128 εἶναι
437 4076 760 4146 νομισθῆναι
789 4091 802 4104 ·
826 4076 913 4128 διὰ
933 4077 995 4128 τὸ
1027 4077 1101 4147 μὴ
1138 4078 1416 4130 ἀντίθεον·
1449 4077 1538 4130 διὰ
1575 4079 1637 4132 τὸ
1664 4079 1846 4148 σάρκα

267 4165 698 4236 περιϐεϐλῆσθαι
723 4183 737 4197 ⁸
771 4167 861 4220 διὰ
891 4168 952 4220 τὸ
979 4168 1203 4231 ἀσθενὲς
1242 4167 1351 4221 τῶν
1388 4170 1718 4223 ἀκουόντων
1758 4171 1845 4226 διὰ

268 4259 331 4311 τὸ
388 4259 664 4312 διδάσκειν
726 4261 854 4323 τοὺς
899 4259 1222 4332 ἀνθρώπους
1275 4263 1614 4332 μετριάζειν.
1669 4264 1750 4316 Τὰ
1787 4264 1843 4316 δὲ

267 4349 449 4419 ὑψηλὰ
483 4350 856 4419 φθέγγεσθαι,
901 4354 1032 4422 μίαν
1072 4353 1223 4426 εὖροι
1285 4371 1370 4418 τις
1425 4357 1738 4420 αίτίαν,διὲι
1783 4356 1843 4410 τὸ

268 4444 505 4512 μέγεθος
536 4445 635 4514 τῆς
668 4444 821 4508 θείας
855 4447 1093 4514 φύσεως.

338 4555 403 4607 Τί
434 4555 620 4607 ἐστινὸ
637 4557 804 4624 λέγει,
853 4558 937 4610 ὃτι
969 4561 1053 4611 Oi)
1077 4559 1304 4625 Μωσῆς
1327 4558 1548 4613 ἔδωκεν
1571 4560 1713 4629 ὑμῖν
1736 4561 1842 4614 τὸν
1875 4595 1916 4648 D

261 4643 491 4714 fdyor;
524 4647 744 4717 Ἐπειδὴ
776 4649 884 4720 γὰρ
914 4649 1207 4702 ἐνεκάλουν
1241 4651 1389 4720 αὑτῷ
1421 4653 1503 4705 ὅτι
1534 4652 1595 4704 τὸ
1625 4653 1838 4706 Σάϐϐα-

259 4753 354 4789 τπιν
381 4737 671 4807 ἕλυε,πρδ;
701 4741 860 4792 τοῦτο
882 4741 1119 4805 ἵσταται,
1147 4741 1377 4794 ὼσανείο
1395 4741 1452 4795 '0
1484 4744 1646 4813 νόμος
1664 4741 1838 4794 εἶπεν·

261 4832 350 4882 Οὐ
379 4831 718 4909 φονεύσεις
754 4832 912 4901 ὑμεῖς
962 4833 1015 4886 δὲ
1060 4833 1334 4902 φονεύετε.
1369 4835 1625 4904 ’Δφέντες
1659 4831 1751 4889 οὑν
1780 4836 1841 4888 τὸ

259 4923 490 4986 ἑαυτοὺς
523 4924 930 4992 καταδικάζειν,
966 4928 1095 4997 περὶ
1139 4926 1331 4980 τούτου
1383 4929 1507 4997 ἐμοὶ
1558 4927 1837 4995 ἐγκαλεῖτε

256 5015 334 5068 ὡ;
392 5016 789 5087 παραϐαίνοντι
842 5017 934 5070 τὸν
984 5019 1150 5087 νόμον
1211 5019 1294 5071 ὅτι
1336 5019 1717 5091 τεθεράπευκα
1747 5021 1842 5074 ἇν-

257 5107 286 5158 Θ
295 5125 497 5177 ρωπον.
1215 5165 1222 5170 ,

330 5200 396 5254 Τί
428 5202 575 5269 λέγει
606 5201 720 5264 καὶ,
753 5205 853 5255 Διὰ
879 5202 934 5254 τί
964 5201 1093 5273 Heg.
1130 5203 1234 5256 Διά
1264 5202 1459 5274 τοῦτο]
1495 5203 1718 5273 Μωσῆς
1745 5205 1840 5259 δέ-

252 5291 450 5344 δωκεν
481 5292 624 5361 ὑμῖν
666 5293 780 5361 τὴν
815 5291 1161 5362 περιτομὴν,
1217 5296 1330 5361 οὐχ
1354 5294 1443 5347 ὅτι
1476 5297 1545 5348 ἐκ
1574 5296 1680 5350 τοῦ
1710 5299 1838 5350 Mco-

248 5383 414 5450 σέως
440 5385 629 5449 ἐστὶν,
654 5385 789 5439 ἀλλ’
805 5387 872 5438 ἐκ
897 5384 1014 5437 τῶν
1029 5385 1320 5453 πατέρων,
1355 5387 1415 5440 '0
1443 5385 1566 5450 νοῦς
1595 5387 1838 5450 τοιοῦτός

253 5479 377 5530 ἐστι
409 5494 424 5508 ⁸
462 5479 562 5532 Διά
619 5477 692 5542 τί,
752 5480 936 5548 φησιν,
995 5479 1169 5541 οὐδεὶς
1216 5479 1505 5532 ἐνεκάλεσε
1551 5481 1745 5534 Μωσεῖ
1798 5481 1830 5549 ἦ

250 5571 523 5641 ὴπείθησε
561 5570 857 5625 κελεύοντι
903 5573 992 5625 διὰ
1037 5572 1136 5643 τὴν
1173 5573 1480 5643 περιτομὴν
1518 5573 1745 5626 λύεσθαι
1775 5573 1836 5628 τὸ

249 5664 577 5730 Σάϐϐατον;
622 5665 874 5734 Δηλονότι
937 5665 1011 5728 ὡς
1053 5665 1353 5729 Σαϐϐάτου,
1383 5665 1482 5736 τῆς
1524 5666 1835 5736 περιτομῆς

247 5754 421 5820 οὔσης
455 5751 819 5827 κυρῖωτέρας,
857 5758 1037 5810 καίτοι
1069 5759 1169 5811 οὑκ
1196 5757 1342 5810 ἔστιν
1377 5759 1442 5810 ἐκ
1467 5756 1562 5810 τοῦ
1588 5759 1832 5821 Μωσέως

249 5849 287 5918 ὴ
313 5850 802 5921 πὲριτομήέΐιὺτκ
837 5849 890 5904 δὲ
919 5852 1071 5919 ἔλεγε
1107 5851 1279 5905 θέλων
1299 5851 1496 5918 δεῖξαι,
1525 5852 1606 5905 ὅτι
1645 5853 1832 5922 μεῖζον

1961 3317 2141 3372 Patre.

2038 3406 2202 3461 Vsus.
2241 3406 2327 3462 Π.
2357 3406 2497 3475 Quid
2533 3407 2802 3478 signiﬁcat
2831 3427 2845 3463 :
2878 3408 2938 3465 Si
2962 3411 3078 3482 quis
3106 3410 3327 3466 potuerit
3357 3412 3546 3467 uoluu-

1957 3509 2117 3553 tatem
2162 3500 2278 3570 ejus
2327 3501 2547 3571 facere?
2572 3500 2628 3557 Id
2670 3515 2773 3568 est,
2811 3501 2916 3570 Qui
2948 3514 3097 3559 amat
3129 3505 3294 3559 vitam
3332 3521 3456 3575 quae
3485 3521 3545 3562 ea

1954 3595 2254 3648 secundum
2311 3596 2566 3650 virtutem
2623 3605 2920 3665 cognoscet
2959 3597 3028 3651 de
3080 3597 3378 3665 doctrina;
3432 3600 3542 3662 vel.

1953 3683 2054 3750 Qui
2114 3685 2166 3738 in
2219 3687 2512 3756 prophetas
2562 3689 2808 3758 respicit,
2872 3698 3185 3758 cognoscet
3230 3705 3409 3746 meam
3443 3691 3546 3748 do-

1878 3830 1884 3846 ,
1951 3780 2207 3833 ctriuam.

2020 3885 2188 3942 Vsus.
2225 3887 2308 3942 i8.
2340 3888 2704 3944 Cousiderare
2737 3897 2952 3960 oportet
2995 3891 3070 3944 illi
3113 3892 3391 3946 humiliter
3445 3893 3540 3948 lo-

1951 3982 2154 4047 quendi
2189 3981 2386 4034 multas
2413 3996 2611 4036 causas
2640 3997 2784 4047 esse,
2818 3983 3048 4047 scilicet,
3071 3992 3128 4037 ιιι
3162 3985 3366 4038 nothus
3393 4001 3537 4053 esse,

1951 4089 2058 4125 non
2093 4081 2410 4140 reputetur;
2449 4081 2507 4126 ut
2543 4087 2653 4126 non
2690 4074 2893 4141 impius
2917 4075 2970 4127 in
3009 4075 3174 4128 Deum
3221 4075 3540 4130 crederetur

1949 4164 2080 4234 quia
2111 4179 2279 4218 carne
2318 4165 2540 4219 indutus
2569 4174 2720 4232 erat;
2749 4167 2876 4235 quia
2927 4168 3134 4220 infirmi
3176 4176 3336 4222 erant
3375 4170 3538 4224 audi-

1953 4268 2142 4324 tores;
2184 4266 2243 4310 ut
2271 4259 2491 4312 doceret
2533 4259 2782 4313 homines
2814 4259 3093 4316 modestos
3127 4275 3270 4326 esse,
3295 4261 3380 4317 vel
3401 4264 3537 4316 sub.

1947 4349 2096 4404 limia
2124 4350 2394 4414 dicentes,
2439 4365 2602 4402 unam
2634 4349 2876 4405 inveniat
2931 4351 3136 4422 aliquis
3181 4367 3408 4407 causam
3462 4353 3534 4408 ob
3584 4369 3588 4372 '

1953 4440 2388 4512 magnitudinem
2427 4442 2626 4496 divina:
2664 4451 2894 4498 naturae.

2017 4551 2182 4606 Vens.
2219 4552 2303 4608 l9.
2329 4551 2470 4619 Quid
2526 4563 2608 4606 est
2662 4555 2805 4623 qttod
2855 4553 2989 4607 dicit
3025 4571 3040 4608 :
3083 4553 3270 4609 Nonne
3320 4554 3530 4627 Moyses

1944 4646 2088 4699 dedit
2143 4646 2289 4700 nobis
2341 4647 2544 4716 legem?
2594 4646 2863 4712 Quoniam
2921 4645 3067 4699 enim
3127 4649 3532 4717 exprobrabant

1945 4741 2018 4793 illi
2052 4741 2198 4811 quod
2229 4740 2524 4794 Sabhatum
2555 4740 2810 4804 solveret,
2831 4739 2953 4793 ideo
2981 4740 3148 4794 insuit
3178 4755 3193 4792 :
3221 4739 3329 4793 Lex
3360 4741 3524 4794 dicit:

1946 4830 2069 4884 Non
2093 4832 2339 4896 occides;
2379 4847 2475 4885 vos
2518 4840 2698 4884 autem
2734 4831 3008 4885 occiditis.
3051 4831 3378 4884 Omitteutes
3425 4831 3529 4900 igi-

1946 4933 2034 4978 tur
2066 4940 2163 4978 vos
2195 4925 2342 4994 ipsos
2368 4925 2764 4987 condemnare,
2807 4923 2875 4977 de
2906 4924 3009 4978 hoc
3046 4939 3131 4977 me
3166 4926 3436 4980 iucusatis
3467 4932 3528 4978 ut

1943 5016 2266 5072 violatorem
2300 5017 2458 5086 legis,
2484 5017 2613 5087 quia
2639 5017 2828 5071 sanari
2863 5016 3169 5072 hominem.

2018 5205 2185 5261 Vens.
2218 5207 2310 5260 22.
2347 5204 2486 5271 Quid
2544 5204 2724 5257 dicit:
2780 5203 3072 5273 Propterea
3125 5203 3330 5271 Moyses
3379 5203 3524 5256 dedit

1941 5301 2082 5355 vobis
2135 5298 2735 5357 circumcisionem,non
2785 5299 2910 5363 quia
2969 5311 3038 5350 ea:
3095 5296 3271 5366 Moyse
3292 5305 3392 5357 est,
3431 5296 3521 5348 snt

1939 5409 2004 5446 ex
2029 5393 2270 5460 patribus
2289 5393 2314 5444 ?
2337 5390 2546 5444 Sensus
2569 5389 2691 5443 talis
2717 5399 2801 5442 est
2831 5407 2844 5442 :
2876 5388 3006 5451 Cur,
3025 5387 3120 5451 ait,
3143 5403 3299 5441 nemo
3327 5403 3525 5456 expro-

1938 5485 2114 5538 bravzt
2140 5482 2306 5553 Moysi
2331 5521 2346 5544 ,
2373 5491 2466 5534 aut
2490 5481 2710 5534 obedire
2733 5479 2921 5534 abnuit
2939 5479 3149 5546 iubenti
3171 5494 3267 5547 per
3286 5479 3522 5533 circum-

1937 5579 2200 5632 cisionem
2234 5575 2370 5631 Solvi
2415 5573 2756 5628 Saltbntum?
2789 5572 3079 5627 Evidenter
3103 5575 3248 5642 qttod
3280 5573 3522 5627 Sabbato

1938 5671 2112 5740 major
2149 5678 2236 5724 est
2269 5669 2638 5728 circumcisio,
2677 5676 2920 5721 attamen
2973 5681 3080 5719 nou
3137 5673 3222 5719 est
3262 5681 3291 5718 a
3331 5667 3522 5735 Moyse

1937 5758 2307 5813 cirrumt'isio.
2339 5755 2461 5810 llaec
2494 5769 2674 5810 autem
2699 5755 2838 5810 dixit
2869 5765 2926 5809 ut
2951 5755 3269 5810 ostenderet
3294 5773 3351 5810 se
3380 5771 3518 5825 opus

1936 5852 2354 5908 circumcisione
2387 5850 2564 5919 majus
2602 5849 2812 5906 fecisse.
2844 5846 3082 5903 Dicendo
3133 5857 3314 5902 autem
3346 5860 3516 5903 totum
