4026 6604
526 376 653 440 1251

1263 380 1651 443 OPUSCULA
1694 380 2319 441 SCRIPTURISTIC.-\
2366 382 2714 444 INCERTJE
2754 384 3066 444 .ETATIS.

3637 383 3771 448 1252

515 500 824 563 hominem,
866 498 1108 554 ostendit
1176 502 1561 570 particularem
1633 502 1899 555 medelam
1973 518 2077 554 esst

2197 501 2360 571 ἔργον
2396 502 2619 572 ἐποίησε
2671 504 2770 573 τῆς
2806 506 3109 575 περιτομῆς
3144 501 3327 565 αὐτὸς.
3356 500 3455 555 Διά
3480 501 3537 556 δὲ
3577 502 3671 555 τοῦ
3694 507 3768 556 εἰ·

514 591 990 645 circumcisionem
1016 592 1060 646 si
1093 608 1218 645 cum
1245 594 1451 663 integra
1481 593 1763 664 paralyliei
1806 593 2089 647 sanatione

512 699 675 755 quam
709 682 836 738 fecit
868 694 1238 753 comparetur.

584 862 749 918 Vens.
781 862 871 918 28.
906 862 974 916 Et
1016 881 1094 918 me
1149 866 1319 930 scitis,
1358 875 1406 919 et
1457 866 1592 920 unde
1622 881 1761 929 sum,
1808 866 1899 919 sed
1952 867 2090 919 unde

507 957 595 1025 qui
637 957 779 1009 "tisi!
816 973 914 1021 me,
942 968 1046 1010 etc.
1072 955 1270 1012 Dicens
1298 970 1501 1020 autem,
1540 957 1706 1023 Quem
1730 972 1814 1011 vos
1844 958 2052 1010 nescitis
2071 996 2086 1021 ,

510 1049 657 1101 illam
691 1064 811 1116 qua:
843 1064 908 1101 ex
960 1049 1221 1118 Operibus
1249 1059 1331 1103 est
1368 1047 1735 1118 ignorantiam
1788 1048 2081 1117 significat.

510 1142 627 1195 Non
659 1142 805 1195 enim
830 1142 1150 1211 ignorantia:
1171 1150 1287 1195 erat
1311 1141 1489 1210 ettlpa,
1537 1141 1629 1196 sed
1693 1139 1969 1209 nequitia).
2008 1139 2085 1193 Ab

509 1234 624 1300 ipso
672 1250 810 1296 sum,
846 1231 897 1285 id
932 1242 1013 1287 est
1040 1271 1055 1297 ,
1086 1233 1222 1285 Cum
1277 1232 1396 1301 ipso
1449 1248 1607 1299 sum;
1646 1234 1797 1303 quod
1841 1233 2044 1285 dicitur
2068 1273 2084 1296 ,

510 1339 579 1377 ne
610 1334 829 1394 putetur
852 1323 1060 1378 alienus
1095 1340 1217 1379 esse
1248 1341 1276 1379 η
1303 1325 1428 1379 Deo.

586 1413 749 1469 Vsus.
788 1416 875 1468 50.
908 1413 1049 1480 Quid
1100 1417 1351 1480 Ostendit,
1390 1422 1535 1486 quod
1587 1417 1640 1469 in
1672 1414 1758 1468 die
1806 1413 1945 1471 festo
1991 1428 2087 1469 eo-

510 1522 629 1561 rum
689 1510 1010 1577 qumrebant
1061 1524 1184 1562 eum
1220 1508 1667 1579 apprehendere?
1698 1506 1933 1559 Mentem
1992 1520 2086 1559 eo-

508 1614 628 1653 rum
662 1599 908 1669 impiam,
942 1603 1067 1670 quia
1105 1615 1210 1655 non
1254 1602 1307 1653 in
1360 1604 1561 1670 templo
1603 1600 1728 1653 talia
1762 1599 1939 1653 facere
1973 1613 2084 1652 tne-

510 1694 753 1747 luebant.

578 1786 746 1843 Vens.
780 1788 870 1841 51.
902 1786 1042 1853 Quid
1074 1795 1158 1841 est
1201 1784 1345 1856 quod
1381 1801 1410 1839 e
1437 1784 1590 1838 turba
1614 1783 1701 1838 alii
1730 1784 1948 1855 quidem
1982 1782 2081 1838 bo-

2196 595 2318 646 πεῖν
2351 594 2471 645 ὅλον
2516 592 2827 664 ἄνθρωπον,
2882 596 3123 647 δείκνυσι
3167 593 3402 664 μερικὴν
3450 595 3641 662 ὑγείαν
3672 598 3768 666 τὴν

2195 685 2500 755 περιτομὴν
2525 685 2662 755 πρὸς
2696 686 2793 758 τὴν
2820 686 2912 740 τοῦ
2946 685 3321 758 παραλυτικοῦ
3367 686 3583 742 τελείαν
3619 706 3771 757 γενοο

2195 776 2384 847 μένην.

2264 870 2357 934 Τὸ,
2390 870 2496 924 Καὶ
2526 872 2631 941 ἐμὲ
2654 871 2874 934 οἴδατε,
2912 870 3006 924 καὶ
3034 870 3233 925 οἴδατε
3261 872 3447 925 πόθεν
3464 871 3609 949 ειμι,
3630 870 3768 924 ἀλλ’

2192 959 2331 1012 ὅθεν
2354 964 2386 1014 ὀ
2414 963 2659 1032 πέμψας
2674 980 2771 1032 με,
2790 964 2883 1016 καὶ
2904 965 2971 1016 τὰ
3002 962 3152 1031 ἑξῆς.
3188 962 3371 1016 Εἰπὼν
3389 962 3589 1028 δὲ,⁶’ον
3600 962 3769 1031 ὑμεῖς

2192 1052 2303 1105 οὐκ
2329 1053 2549 1120 cloare,
2574 1055 2672 1124 τὴν
2694 1055 2783 1108 διὰ
2810 1054 2917 1107 τῶν
2943 1054 3119 1124 ἐργων
3134 1056 3360 1123 ἄγνοιαν
3380 1056 3549 1123 λέγει·
3576 1055 3636 1106 οὗ
3660 1055 3767 1125 γὰρ

2192 1144 2416 1211 ἀγνοίας
2440 1141 2509 1217 ἦν
2534 1146 2593 1199 τὸ
2613 1148 2942 1218 ἁμάρτημα,
2978 1147 3111 1201 ἀλλὰ
3144 1148 3365 1210 κακίας.
3402 1147 3476 1199 Τὸ
3502 1147 3583 1208 δέ,
3622 1148 3766 1212 Παρ’

2190 1237 2379 1290 αὑτοῦ
2434 1241 2575 1308 εἶμι,
2624 1240 2744 1293 ἀντὶ
2788 1240 2906 1303 τοῦ,
2955 1242 3089 1293 Μετ’
3128 1239 3294 1292 αὑτοῦ
3325 1242 3469 1310 εἰμι·
3523 1240 3764 1292 τοῦτοδὲ

2190 1321 2369 1391 εἶπεν,
2406 1328 2547 1381 ὥστε
2574 1330 2649 1399 μὴ
2694 1333 3023 1400 νομισθῆναι
3053 1330 3337 1396 ἀλλότριος
3366 1330 3460 1383 τοῦ
3491 1329 3651 1383 Θεοῦ.

2261 1421 2327 1472 Τί
2358 1421 2594 1475 δεικνύει
2634 1422 2696 1475 τὸ
2727 1425 2808 1487 είς
2828 1424 2926 1495 τὴν
2957 1423 3152 1495 ἑορτὴν
3172 1423 3353 1477 αὐτῶν
3386 1410 3553 1477 αὑτὸν
3580 1423 3761 1491 ζητεῖν

2187 1513 2417 1579 πιάσαι;
2451 1515 2493 1565 Τ
2497 1513 2562 1583 ὴν
2592 1515 2819 1585 γνώμην
2854 1516 3034 1569 αὐτῶν
3076 1517 3177 1588 τὴν
3208 1517 3388 1582 ἄθεον,
3436 1516 3518 1569 ὃτι
3552 1515 3674 1567 οὐδὲ
3704 1516 3763 1566 ἐν

2185 1609 2300 1662 ναῶ
2326 1609 2551 1665 τοιαῦτα
2578 1613 2751 1664 ποιεῖν
2782 1612 3091 1680 ἐφοϐοῦντο.

2237 1790 2388 1858 ’Πῶς
2428 1794 2541 1864 ἔχει
2594 1794 2677 1848 ὅτι
2714 1795 2823 1847 τῶν
2871 1795 3046 1865 ὄχλων
3093 1796 3145 1848 οἱ
3206 1796 3307 1863 μὲν
3346 1794 3551 1863 ἀγαθὸν
3604 1795 3769 1848 αὐτὸν

508 1898 640 1937 nutu
693 1898 816 1937 esse
873 1897 996 1936 eum
1035 1880 1349 1943 habuerint,
1381 1878 1471 1931 alii
1532 1893 1661 1931 vero
1711 1877 1937 1931 minime
1990 1876 2077 1930 sed

2196 1851 2539 1957 εἴχονξοίηδέ
2574 1884 2658 1954 οὓ,
2695 1886 2832 1940 ἀλλὰ
2862 1851 3103 1955 πλάνον;
3157 1851 3373 1953 ’έκείνη
3394 1851 3517 1956 .μὲν
3548 1883 3665 1949 οὖν,
3692 1886 3768 1949 ὡς

509 1972 893 2027 seductOretu?
927 1971 1022 2025 Illa
1078 1970 1321 2041 quidem,
1384 1978 1443 2022 ut
1496 1967 1625 2021 mihi
1681 1967 1913 2033 videtur,
1968 1975 2087 2020 erat

507 2062 806 2116 multorum
840 2062 1064 2131 Opinio;
1102 2061 1217 2113 hinc
1251 2068 1430 2113 autem
1477 2058 1790 2112 invidorum
1828 2056 2085 2111 sacerdo-

508 2166 622 2207 tum
657 2154 987 2223 principum.

576 2243 740 2299 Vens.
772 2244 860 2298 54.
896 2242 996 2298 Ubi
1047 2259 1139 2313 ego
1188 2258 1327 2308 sum,
1356 2257 1446 2295 vos
1484 2256 1585 2294 non
1633 2240 1848 2309 potestis
1888 2239 2081 2302 venire,

510 2338 781 2406 signiﬁcat
825 2336 949 2406 quia
1005 2352 1115 2390 non
1170 2335 1403 2389 debebat
1442 2336 1739 2388 imtnanere
1791 2334 1844 2387 in
1888 2341 2083 2396 morte,

509 2430 617 2483 huc
648 2430 793 2483 enim
831 2444 1023 2483 omnes
1059 2443 1157 2481 nos
1187 2427 1501 2481 dilabimur.

580 2520 746 2577 Vsus.
776 2522 867 2575 55.
901 2521 1043 2587 Quid
1073 2520 1345 2590 signiﬁcat
1394 2518 1539 2588 quod
1570 2518 1763 2572 dicunt
1801 2517 2084 2586 dispersio-

509 2616 671 2667 nem?
701 2614 776 2668 l.a
806 2623 995 2685 gentes
1021 2615 1288 2668 vocabant
1347 2610 1542 2675 Judaei,
1574 2622 1831 2680 tanquam
1884 2611 2085 2681 ubique

507 2710 776 2777 dispersa.

582 2794 750 2853 Vens.
776 2799 863 2854 37.
898 2796 1008 2852 Cur
1036 2795 1166 2851 dicit
1213 2795 1571 2865 evangelista,
1599 2793 1652 2846 in
1679 2794 1978 2849 novissimo
1999 2793 2085 2848 die

507 2893 745 2963 magno?
776 2892 900 2963 quia
934 2892 1144 2960 primus
1180 2897 1235 2943 et
1274 2889 1501 2941 ultimus
1527 2886 1644 2941 dies
1673 2901 1905 2956 magnus
1932 2896 2081 2951 erat;

508 2984 815 3055 interpositi
847 2983 1018 3052 magis
1053 2982 1106 3035 in
1143 2978 1640 3036 comessationibus
1671 2979 2083 3031 consumeban-

507 3088 615 3131 tur.
646 3074 805 3130 Venit
833 3085 1013 3129 autem
1046 3075 1099 3128 iu
1130 3074 1435 3126 novissimo
1482 3070 1571 3125 die
1605 3071 1810 3124 docens
1840 3080 1899 3124 ut
1925 3086 2083 3123 revo-

2191 1980 2355 2045 δοκῶ,
2387 1979 2722 2063 ηδόξατῶν
2760 1979 2971 2033 πολλῶν
3002 1980 3172 2043 ἐστιν,
3212 1978 3351 2049 αὕτη
3392 1979 3449 2032 δὲ
3492 1978 3603 2031 τῶν
3631 1978 3767 2047 φθο-

2189 2072 2423 2127 νούντων
2449 2073 2774 2143 ἀρχιερέων.

2260 2239 2353 2307 Τὸ,
2382 2239 2577 2293 Ὅπου
2610 2239 2726 2307 ειμι
2785 2238 2920 2307 ἐγὼ,
2950 2239 3023 2292 οὐ
3056 2236 3323 2293 δύνασθε
3349 2236 3519 2306 ὑμεῖς
3544 2235 3766 2299 ἐλθεῖν,

2192 2336 2452 2405 σημαίνει
2484 2336 2569 2389 ὅτι
2592 2336 2697 2393 οὐκ
2724 2334 2951 2406 ἔμελλεν
3002 2335 3362 2406 ἐναπομένειν
3396 2336 3476 2405 τῷ
3508 2334 3762 2405 θανάτῳ·

2192 2428 2310 2479 ἐκεῖ
2338 2424 2447 2494 γὰρ
2480 2426 2681 2488 πάντες
2703 2426 2868 2495 ἡμεῖς
2891 2424 3269 2495 ἀπερχόμεθα.

2258 2515 2323 2569 Τί
2356 2517 2612 2586 σημαίνει
2647 2518 2704 2569 ἐν
2740 2517 2817 2587 τῷ
2863 2516 3042 2585 λέγειν
3090 2516 3462 2584 otaozopcir;
3514 2516 3673 2571 Οὕτω
3697 2518 3765 2569 τὰ

2191 2610 2320 2681 ἔθνη
2363 2610 2591 2663 ἐκάλουν
2615 2610 2665 2662 οἱ
2704 2611 2947 2664 Ἰουδαῖοι
2999 2609 3074 2672 ὡς
3117 2611 3394 2680 πανταχοῦ
3422 2610 3764 2682 διεσπαρμὲο

2193 2721 2281 2758 να.

2261 2794 2360 2847 Διά
2406 2794 2457 2846 τί
2483 2793 2631 2862 λέγει
2659 2795 2687 2847 ὁ
2714 2794 3107 2864 εὐαγγελιστὴς
3138 2795 3307 2865 ὅτιτῇ
3340 2794 3548 2867 ἐσχάτῃ
3579 2796 3765 2867 ἡμέρᾳ.

2188 2890 2255 2958 τῇ
2290 2887 2537 2959 μεγάλῃ;
2568 2887 2666 2940 Διά
2687 2888 2748 2940 τὸ
2776 2889 2875 2958 τὴν
2916 2888 3140 2959 πρώτην
3171 2889 3264 2941 καὶ
3303 2887 3402 2958 τὴν
3446 2890 3765 2941 τελευταίαν

2192 2978 2438 3047 μεγάλην
2466 2974 2603 3030 εἶναι
2627 2993 2643 3008 ·
2691 2983 2759 3033 τὰ
2791 2978 2900 3049 γὰρ
2935 2979 3141 3048 μεταξὺ
3190 2978 3392 3047 μᾶλλον
3430 2981 3510 3040 εἰς
3552 2978 3767 3048 τρυφὴν

2189 3070 2499 3139 ἀνήλισκον.
2551 3066 2723 3123 Ἦλθε
2769 3070 2826 3122 δὲ
2861 3072 2920 3123 ἐν
2946 3072 3012 3142 τῇ
3063 3072 3265 3140 ἐσχάτῃ
3312 3070 3582 3124 διδάσκων
3623 3070 3766 3124 ὥστε

505 3180 655 3224 caret
704 3169 757 3222 in
802 3166 1123 3221 memoriam
1166 3179 1288 3233 qua:
1322 3163 1556 3225 dixerat,
1603 3172 1658 3214 et
1702 3176 1825 3230 qua:
1852 3160 1905 3213 in
1942 3161 2077 3213 obli-

2192 3162 2640 3233 μνημονεύεσθαι
2675 3163 2745 3215 τὰ
2782 3162 3077 3232 λεγόμενα,
3130 3164 3228 3216 καὶ
3270 3164 3351 3226 είς
3394 3162 3565 3235 λήθην
3591 3163 3765 3217 ἐλθεῖν

507 3264 722 3317 vionem
757 3259 1203 3315 intertnediorum
1228 3256 1437 3311 dierum
1459 3255 1961 3309 comessationibus
1992 3268 2077 3307 ve-

2188 3257 2329 3308 at'in
2364 3256 2468 3308 ὑπὸ
2503 3256 2605 3327 τῆς
2635 3256 2850 3328 τρυφῆς
2881 3256 2991 3309 τῶν
3025 3256 3210 3327 μέσων
3237 3255 3486 3325 ἡμερῶν.

506 3362 721 3408 nerant.

578 3448 744 3503 Vens.
783 3445 871 3500 58.
922 3442 1211 3510 Quomodo
1260 3440 1669 3511 intelligendum
1715 3458 1731 3495 :
1772 3413 1878 3503 Qui
1914 3438 2077 3493 credit

508 3543 560 3594 in
594 3558 692 3605 me,
723 3540 855 3592 sicut
897 3538 1020 3591 dicit
1068 3536 1368 3604 Scriptura,
1406 3534 1633 3602 ﬂumina
1669 3534 1730 3586 de
1760 3542 1933 3586 ventre
1963 3533 2078 3601 ejus

506 3635 669 3703 ﬂuent
690 3646 838 3701 aquae
856 3631 1022 3684 vim?
1047 3627 1300 3682 Ventrem
1327 3628 1396 3679 ibi
1424 3641 1521 3694 pro
1547 3629 1710 3679 corde
1739 3627 1906 3690 dicit;
1936 3626 2079 3679 sicut

506 3726 636 3778 alibi
681 3724 881 3777 dicitur
918 3742 930 3777 :
982 3723 1162 3791 Legem
1216 3730 1360 3772 tuam
1400 3721 1453 3772 in
1509 3718 1680 3770 medio
1714 3719 1909 3770 ventris
1952 3718 2076 3771 mei.

508 3814 610 3869 Ubi
643 3815 778 3868 dixit
801 3814 1080 3882 Scriptura
1114 3829 1127 3866 :
1164 3809 1420 3863 Flumina
1451 3811 1515 3863 de
1546 3819 1721 3863 ventre
1739 3810 1853 3878 ejus
1890 3810 2071 3878 fluent.

510 3909 619 3963 Aut
654 3906 726 3960 ibi
760 3914 975 3975 oportet
1012 3904 1213 3965 delere,
1254 3903 1404 3957 Sicut
1442 3903 1579 3954 dixit
1609 3898 1906 3970 Scriptura.
1948 3903 2079 3958 Dico

504 4002 595 4056 illa
630 4000 815 4066 verba,
845 3997 1098 4051 Flumina
1126 4000 1190 4051 de
1221 4006 1393 4049 ventre
1426 3996 1542 4064 ejus
1564 3994 1729 4063 ﬂuent
1756 4010 1907 4065 aqua
1930 3997 2076 4063 viva,

502 4110 627 4150 esse
665 4094 813 4147 illius
867 4091 1149 4147 sententia:
1201 4090 1386 4144 verba.
1428 4087 1563 4142 Nam
1601 4088 1728 4158 quia
1786 4089 2074 4161 Scriptura

504 4194 793 4241 attestatur
836 4185 1097 4255 quoniam
1145 4182 1286 4238 Deus
1322 4182 1521 4246 veniet,
1556 4182 1678 4237 ideo
1734 4181 2075 4255 Scripturam

504 4281 656 4334 citat.
705 4277 922 4340 Ftnent,
966 4275 1153 4347 gratiae
1195 4272 1590 4327 abundantiam
1642 4274 1884 4342 indicat;
1913 4279 2077 4347 Aquae

504 4375 651 4437 vivae,
672 4372 742 4425 ob
768 4371 887 4440 ejus
920 4380 1235 4438 perpetuam
1262 4365 1531 4420 actionem
1558 4383 1573 4432 ;
1606 4366 1708 4421 hoc
1736 4378 1917 4424 autem
1942 4370 2081 4425 dixit

503 4466 571 4518 (lc
607 4464 834 4533 Spiritu.

2255 3447 2378 3511 Πῶς
2416 3445 2636 3514 νοητέον
2674 3444 2756 3509 τὸ,
2821 3443 2883 3495 '0
2926 3444 3226 3498 πιστεύων
3263 3445 3351 3509 εις
3392 3443 3518 3513 ἐμὲ,
3567 3442 3761 3507 καθὼς

2181 3540 2351 3594 εἶπεν
2388 3541 2426 3608 ἡ
2457 3538 2693 3607 Γραφὴ.
2735 3538 2989 3606 ποταμοὶ
3025 3538 3093 3590 ἐκ
3143 3536 3254 3602 τῆς
3300 3537 3531 3602 κοιλίας
3573 3537 3759 3590 αὑτοῦ

2180 3634 2513 3702 ῥεύσουσιν
2562 3632 2772 3692 ὓδατος
2806 3628 3058 3695 ζῶντος-ς
3114 3630 3339 3683 Κοιλίαν
3382 3628 3618 3681 ἐνταῦθα
3664 3630 3759 3698 τὴν

2183 3724 2411 3795 καρδίαν
2439 3724 2609 3791 λέγει·
2646 3723 2898 3792 καθάπερ
2928 3723 3019 3775 καὶ
3050 3721 3286 3791 ἀλλαχοῦ
3316 3722 3486 3789 λέγει·
3510 3721 3622 3775 Καὶ
3655 3723 3761 3773 τεν

2182 3819 2371 3887 νόμον
2396 3832 2513 3870 σου
2538 3816 2609 3869 ἐν
2632 3814 2801 3885 μέσῳ
2831 3814 2938 3881 τῆς
2965 3815 3200 3881 κοιλίας
3227 3831 3369 3883 μου.
3402 3814 3513 3867 Ποῦ
3544 3811 3699 3867 εἶπεν
3726 3816 3758 3883 ή

2182 3911 2222 3963 Γ
2228 3911 2373 3981 ραφὴ
2400 3925 2413 3939 ·
2449 3908 2708 3978 Ποταμοὶ
2739 3909 2806 3961 ἐκ
2851 3907 2960 3976 τῆς
2992 3909 3227 3974 κοιλίας
3268 3907 3454 3962 αὐτοῦ
3496 3908 3761 3977 ῥεύσου-

2181 4018 2287 4057 σιν
2301 3988 2409 4066 ;“Ἦ
2442 4001 2672 4055 ἐνταῦθα
2696 4000 2777 4053 δεῖ
2806 3998 3113 4064 ὑποστιξαι,
3147 4002 3227 4061 εἰς
3261 3996 3342 4060 τὸ,
3365 3998 3573 4064 Καθὼς
3593 3994 3760 4052 εἶπεν

2179 4095 2217 4163 ἡ
2257 4093 2489 4164 Γραφή·
2522 4093 2665 4162 λέγω
2690 4093 2777 4146 ἵνα
2878 4092 2959 4158 τὺ,
2988 4092 3243 4160 [lorain
3273 4091 3341 4144 ἐκ
3383 4089 3493 4159 τῆς
3521 4090 3758 4155 κοιλίας

2178 4188 2367 4243 αὑτοῦ
2408 4187 2725 4255 ρεὐσουσι,
2773 4185 2875 4251 τῆς
2907 4183 3074 4237 αὐτοῦ
3120 4181 3469 4261 ἀποφάσεως.
3538 4181 3758 4251 Ἐπειδὴ

2181 4281 2353 4353 γὰρὴ
2388 4277 2577 4350 Γραφὴ
2630 4280 2920 4348 μαρτυρεῖ,
2954 4278 3035 4330 ὅτι
3082 4277 3365 4329 ἐλεύσεται
3414 4275 3443 4328 ὁ
3482 4273 3641 4337 Θεὸς,
3674 4274 3759 4327 διὰ

2180 4374 2337 4427 τοῦτο
2386 4377 2483 4444 τῆς
2516 4375 2738 4443 Γραφῆς
2766 4370 3164 4442 ἐμνημόνευσε.
3199 4370 3272 4421 Τὸ
3300 4369 3382 4434 δὲ,
3411 4368 3757 4433 Ῥεύσουσι,

2180 4465 2243 4517 τὸ
2270 4466 2491 4533 δαψιλὲς
2516 4466 2617 4536 τῆς
2638 4465 2859 4537 χάριτος
2887 4463 3198 4517 αἰνίττεται.
3232 4460 3362 4516 Ζῶν
3394 4460 3450 4513 δέ
3473 4462 3644 4529 λέγει,
3672 4458 3756 4511 διὰ

498 4563 561 4612 τὸ
603 4560 844 4626 ἐνεργεῖν
893 4555 1001 4607 ἀεί·
1053 4554 1206 4622 ἐλεγε
1258 4556 1315 4608 δὲ
1357 4557 1537 4617 τοῦτο,
1589 4554 1744 4623 φησὶ,
1788 4554 1920 4623 περὶ
1978 4561 2074 4607 τοῦ
2106 4559 2445 4629 Πνεῦματος.

572 4651 735 4703 Vens.
766 4649 854 4703 59.
885 4648 1024 4712 Quid
1053 4657 1138 4701 est
1163 4648 1311 4715 quod
1333 4647 1466 4700 dicit
1490 4668 1502 4699 -.
1523 4642 1775 4699 Nondum
1798 4645 1935 4696 enim
1957 4657 2071 4699 erat

2249 4650 2314 4703 Τί
2342 4653 2489 4704 ἐστιν
2513 4650 2650 4719 ὅπερ
2678 4642 2854 4713 εἶπεν,
2875 4646 3049 4701 Οὔπω
3077 4646 3187 4715 γὰρ
3211 4640 3289 4715 ἦν
3322 4645 3563 4714 Πνεῦμα
3590 4645 3755 4714 ἅγιον

499 4742 730 4810 Spiritus
743 4738 1081 4807 dntus?quia
1107 4738 1382 4807 prophetis
1408 4752 1502 4806 per
1529 4735 1793 4803 Spiritum
1820 4748 2072 4794 sanctum

498 4833 719 4892 loculis,
745 4829 1019 4884 recondita
1049 4838 1165 4881 erat
1195 4829 1413 4881 interim
1452 4828 1575 4883 talis
1605 4830 1800 4898 gratia.
1838 4830 2078 4887 Debebat

498 4932 680 4977 autem
704 4922 820 4976 dari
846 4930 969 4991 post
1006 4935 1247 4985 crucem,
1291 4920 1411 4974 ideo
1463 4921 1694 4990 adjicit:
1738 4921 1880 4987 Quia
1913 4922 2072 4978 Jesus

497 5017 729 5072 nondum
778 5015 1109 5085 gloriﬁcatus
1159 5026 1291 5067 erat.
1345 5012 1587 5068 Gloriam
1627 5024 1807 5070 autem
1851 5031 2069 5073 crucem

500 5119 685 5173 vocat;
717 5123 819 5178 ego
844 5122 975 5160 vero
1009 5106 1405 5169 ascensionem,
1441 5117 1499 5161 ut
1530 5107 1769 5177 perfecte
1799 5108 2070 5163 exhiben-

498 5216 604 5259 teut
641 5205 765 5273 quia
798 5201 939 5255 Deus
967 5209 1087 5264 est;
1113 5200 1214 5264 vel,
1262 5200 1496 5252 nondum
1528 5213 1665 5265 erat,
1697 5202 1987 5271 intelliges,
2015 5202 2068 5255 id

497 5308 580 5353 est
626 5312 731 5351 non
768 5306 885 5349 erat
920 5295 1172 5362 cognitus
1209 5292 1518 5348 hominibus
1554 5292 1811 5365 Spiritus.
1843 5296 2071 5367 Oportet

498 5390 639 5442 scire
668 5388 945 5452 apostolos
979 5393 1105 5437 ante
1144 5384 1451 5452 passionem
1491 5389 1803 5443 saltationes
1835 5404 1941 5441 non
1976 5404 2069 5457 per

2178 4741 2527 4812 δεδομένον;
2603 4742 2727 4794 Ὅτι
2775 4740 2884 4793 τῶν
2938 4740 3234 4810 προφητῶν
3295 4738 3385 4791 διὰ
3438 4738 3750 4807 Πνεύματος

2180 4836 2339 4902 ἁγίου
2389 4832 2767 4902 λαλησάντων,
2812 4830 3113 4897 συνεστάλη
3141 4829 3279 4891 τέως
3313 4830 3371 4881 ἐν
3417 4827 3497 4898 τῷ
3543 4827 3749 4897 μέσῳὴ

2174 4926 2400 4994 τοιαύτη
2426 4925 2608 4995 χάρις·
2643 4923 2837 4992 ἔμελλε
2865 4922 2921 4974 δὲ
2948 4920 3185 4973 δίδοσθαι
3216 4921 3356 4989 μετὰ
3385 4918 3475 4971 τὸν
3500 4921 3747 4988 σταυρόν.

2174 5018 2262 5072 διὰ
2297 5017 2455 5071 τοῦτο
2485 5017 2756 5086 ἐπιφέρει·
2792 5015 2923 5067 Ὅτι
2974 5012 3215 5080 Ἰησοῦς
3267 5011 3504 5065 οὐδέπω
3548 5010 3752 5073 ἐδοξά-

2173 5118 2315 5179 σθη.
2352 5110 2517 5175 Δόξαν
2545 5110 2601 5163 δὲ
2634 5109 2723 5162 τὸν
2760 5108 2995 5178 σταυρὸν
3020 5107 3197 5161 καλεῖ·
3249 5104 3361 5173 ἐγὼ
3389 5105 3445 5157 ἑὲ
3490 5106 3592 5174 τὴν
3625 5105 3753 5157 ava-

2174 5206 2338 5277 ληψιν
2380 5206 2478 5275 τὴν
2524 5204 2745 5265 τελείως
2790 5200 3045 5264 δείξασαν
3090 5200 3175 5252 ὃτι
3210 5198 3328 5250 ἐστι
3370 5197 3523 5259 Θεὸς.
3567 5198 3637 5247 Ἦ
3669 5196 3746 5255 τὸ,

2175 5299 2339 5352 οὔπω
2377 5294 2471 5367 ἦν,
2504 5298 2740 5366 νοήσεις,
2788 5297 2901 5348 Οὐκ
2926 5291 2993 5367 ἦν
3026 5290 3326 5362 γνωρισθέν
3365 5289 3673 5359 ἀνθρώποις
3696 5288 3751 5339 τὸ

2178 5392 2421 5460 Πνεῦμα.
2472 5392 2594 5442 Ὂτι
2627 5389 2733 5460 χρὴ
2781 5388 3071 5455 γινώσκειν
3118 5387 3199 5439 ὅτι
3232 5386 3281 5436 οἱ
3327 5383 3618 5436 ἀπόστολοι
3651 5381 3751 5449 πρὸ

501 5480 766 5548 Spiritum
794 5486 1068 5537 sanctum,
1105 5476 1199 5530 sed
1254 5492 1345 5545 per
1395 5486 1718 5547 potestatem
1757 5496 1786 5532 τι
1840 5480 2065 5534 Christo

2184 5484 2263 5537 τοῦ
2301 5485 2506 5544 πάθους
2541 5483 2638 5544 τὰς
2678 5484 2849 5543 ἰάσεις
2891 5482 2951 5533 οὺ
3004 5479 3285 5548 Πνεῦματι
3318 5476 3483 5543 ἁγίῳ,
3519 5472 3653 5525 ἀλλὰ
3686 5474 3749 5539 τῇ

496 5572 677 5624 datam
708 5568 918 5624 l'et‘isse.
958 5568 1186 5635 Quando
1212 5580 1391 5623 autem
1427 5571 1576 5625 misit
1609 5573 1729 5626 illos
1763 5573 1816 5625 in
1850 5572 2065 5635 orbem,

497 5674 625 5718 tunc
661 5662 789 5717 dicit
829 5678 842 5714 :
886 5663 1120 5731 Accipite
1171 5661 1431 5732 Spiritum
1460 5676 1722 5732 sanetum,
1780 5678 1832 5722 et
1867 5667 2064 5721 iterum

496 5759 550 5811 in
586 5755 905 5813 Pentecoste
930 5757 1077 5813 venit
1108 5757 1157 5811 iu
1191 5772 1285 5813 eos
1318 5758 1577 5828 Spiritus.

2172 5575 2326 5642 παρὰ
2354 5573 2445 5627 τοῦ
2473 5573 2710 5643 Χριστοῦ
2734 5573 2953 5641 ἐξουσία
2986 5570 3221 5623 ἐποίουν.
3251 5569 3381 5619 Ὅτε
3409 5565 3465 5618 δὲ
3490 5563 3753 5618 ἀπέστελ-

2172 5668 2264 5719 λεν
2300 5665 2495 5724 αὐτοὺς
2527 5667 2606 5725 εἰς
2652 5663 2750 5733 τὴν
2777 5661 3125 5731 οἰκουμένην,
3168 5659 3288 5711 τότε
3329 5655 3497 5719 λέγει·
3532 5653 3753 5707 Λάϐετε

2174 5758 2413 5825 Πνεῦμα
2435 5756 2626 5823 ἅγιον·
2663 5756 2757 5808 καὶ
2798 5754 2957 5809 πάλιν
2988 5756 3052 5823 τῇ
3089 5750 3440 5821 Ιῐεντηκοστῇ
3474 5742 3638 5817 ἦλθεν

2173 5854 2366 5913 eam;
2398 5850 2451 5902 τὸ
2491 5848 2734 5918 Πνεῦμα.
