4026 6614
383 419 520 484 1Ξ53

955 535 1210 589 ΚΕΦΔΛ.
1245 533 1327 590 Il'.

444 664 541 717 Διὰ
572 665 621 716 τί
649 663 794 730 λέγει
818 663 902 726 τὸ,
979 663 1125 732 Ἐγώ
1153 665 1268 731 ειμι
1294 662 1358 716 τὸ
1389 661 1515 730 φῶς
1544 665 1651 716 τοῦ
1676 665 1909 733 κόσμου
1926 681 1944 724 :

391 755 608 825 Ἐπειδὴ
635 753 820 822 ἔλεγον
853 754 1015 807 αὑτὸν
1061 757 1126 806 ὲκ
1171 755 1273 824 τῆς
1319 755 1607 817 Γαλιλαίας
1636 751 1796 821 εἶναι,
1827 759 1949 810 ὲπι-

379 846 556 916 φέρε..
571 846 652 898 ὅτι
669 846 781 899 Οὐκ
803 845 860 912 ἐξ
877 845 1045 915 αὐτῆς
1075 846 1169 900 καὶ
1189 846 1248 899 ού
1271 846 1337 899 δι’
1361 846 1529 917 αὐτὴν
1553 843 1735 918 ἦλθον,
1761 849 1946 919 φησὶν,

377 939 499 992 οὐδε
543 938 630 992 δια
659 937 756 1008 τὴν
786 939 1171 1008 Παλαιστίνην,
1219 939 1356 992 ἀλλὰ
1385 939 1473 993 διὰ
1502 939 1562 992 τὸ
1609 939 1702 993 τὸν
1733 941 1948 996 ἅπαντα

378 1028 583 1094 κόσμον
639 1027 893 1096 φωτίσαι.
947 1029 1020 1081 Τὸ
1044 1029 1126 1091 δὲ,
1179 1031 1260 1083 Οὐ
1312 1029 1705 1098 περιπατήσει
1752 1032 1822 1084 ἐν
1874 1029 1950 1100 τῇ

379 1122 613 1187 σκοτίᾳ,
639 1121 758 1173 ἀντὶ
790 1120 906 1185 τοῦ,
929 1122 1020 1175 Ἐν
1052 1126 1116 1192 τῇ
1149 1123 1326 1196 πλάνῃ
1361 1127 1561 1178 κεῖται.

449 1212 545 1277 Τὸ,
587 1213 786 1281 Ὑμεῖς
815 1215 964 1267 κατὰ
1001 1213 1117 1282 τὴν
1141 1215 1340 1283 σάρκα
1369 1217 1620 1283 κρίνετε,
1657 1216 1719 1270 τὸ
1746 1216 1950 1278 ἀδίκως

378 1303 588 1374 κρίνειν
631 1303 799 1371 λέγει·
839 1305 1090 1374 καθάπερ
1117 1305 1211 1358 καὶ
1247 1306 1306 1358 τὸ
1346 1307 1488 1360 κατὰ
1523 1309 1701 1379 σάρκα
1736 1307 1858 1377 ζῇν,
1890 1308 1951 1360 τὸ

381 1397 598 1465 φαύλως
623 1397 743 1468 ζῇν.
778 1399 874 1451 Διὰ
927 1399 978 1451 τί
1021 1399 1256 1468 ἀλλαχοῦ
1315 1398 1511 1465 λέγων,
1545 1401 1626 1454 ὅτι
1668 1401 1730 1454 '0
1752 1399 1952 1467 Πατὴρ

379 1493 566 1561 κρίνει
615 1493 858 1556 οὐδένα,
907 1494 1070 1548 ἀλλὰ
1100 1494 1214 1561 τὴν
1239 1494 1443 1564 κρίσιν
1479 1498 1686 1550 πᾶσαν
1731 1494 1952 1549 δέδωκε

378 1582 460 1646 τῷ
498 1581 626 1647 Υίῷ,
661 1583 894 1636 ἐνταῦθα
943 1583 1114 1652 λέγει·
1173 1584 1322 1654 Ἐγὼ
1366 1587 1439 1639 οὐ
1465 1588 1646 1654 κρίνω
1687 1585 1908 1640 οὐδένα
1930 1604 1950 1653 ;

381 1675 504 1729 ’Ότι
563 1676 723 1730 τοῦτο
770 1677 832 1728 οὐ
878 1677 1005 1746 περὶ
1050 1676 1145 1729 τοῦ
1183 1677 1468 1747 μέλλοντος
1519 1679 1668 1747 λέγει
1717 1680 1908 1752 καιροῦ
1936 1722 1951 1746 ,

380 1767 556 1819 ἐκεῖνο
583 1767 638 1820 δὲ
675 1769 802 1836 περὶ
831 1767 927 1837 τῆς
959 1768 1218 1839 δευτέρας
1249 1771 1571 1841 παρουσίας.

452 1859 634 1912 Εἰπὼν
677 1859 755 1920 δὲ,
809 1861 890 1912 ὅτι
917 1861 1114 1926 Μόνος
1151 1864 1263 1915 οὐκ
1294 1863 1431 1931 ειμι,
1464 1863 1604 1917 ἀλλ’
1641 1863 1756 1931 ἐγὼ
1789 1863 1886 1918 καὶ
1921 1867 1954 1919 ό
1989 1909 2031 1963 Β

383 1950 624 2020 πέμψας
656 1968 734 2020 με
759 1951 981 2020 Πατὴρ,
1022 1952 1315 2018 δείκνυσιν,
1356 1955 1437 2008 ὅτι
1486 1955 1599 2008 Οὐκ
1641 1955 1753 2024 ἐγὼ
1799 1957 1959 2028 μόνος

383 2044 730 2108 καταδικάζω
747 2046 912 2114 ὑμᾶς,
932 2044 1068 2098 ἀλλὰ
1085 2047 1179 2100 καὶ
1195 2047 1222 2099 ό
1240 2048 1429 2119 Πατήρ
1494 2048 1552 2119 ἥ,
1573 2047 1660 2112 Ὠς
1689 2049 1819 2116 ἐγὼ,
1838 2050 1960 2103 οὐδὲ

383 2132 514 2200 ἐγὼ,
535 2135 580 2186 εί
598 2133 673 2204 μὴ
693 2131 766 2197 ὡς
785 2140 813 2186 ὸ
830 2135 1039 2206 Πατήρ.
1058 2136 1155 2187 Διὰ
1176 2137 1332 2189 τοῦτο
1350 2138 1443 2189 καὶ
1459 2138 1727 2209 ὲπίφερει,
1746 2139 1962 2206 ὅτι,Καὶ

383 2224 453 2276 ἐν
488 2222 565 2287 τῷ
605 2225 768 2292 νόμῳ
799 2222 879 2290 τῷ
920 2223 1178 2292 ὑμετέρῳ
1213 2226 1554 2295 γέγραπται,
1601 2229 1690 2282 ὅτι
1719 2229 1830 2285 δύο
1859 2231 1964 2284 ἁν-

385 2312 633 2381 θρώπων
661 2314 695 2382 ἠ
717 2315 1011 2382 μαρτυρίᾰ
1040 2314 1281 2383 ἀληθής
1311 2316 1502 2370 ἐστιν·
1537 2318 1570 2390 ἢ
1603 2317 1762 2370 τοῦτο
1792 2318 1959 2387 λέγει,

389 2407 473 2458 ἵνα
498 2406 649 2478 δείξῃ
687 2407 768 2460 ὅτι
796 2407 1081 2477 δμοοῦσιος
1105 2408 1213 2461 τοῦ
1236 2409 1449 2480 Πατρός
1484 2411 1655 2464 ἐστιν.

459 2499 524 2550 Τί
550 2500 664 2551 ἐστι
693 2498 778 2562 τὸ,
812 2499 986 2552 Οὔπω
1011 2498 1292 2566 ἐληλύθει
1317 2499 1355 2566 ἡ
1387 2499 1508 2567 ὥρα
1533 2501 1758 2565 aurai);
1793 2500 1965 2554 Τοῦτό

389 2590 504 2642 ἐστι
532 2589 626 2654 τὸ,
658 2591 883 2645 οὐδέπω
914 2591 1104 2663 καιρὸς
1134 2588 1202 2664 ἦν
1241 2592 1545 2664 ἐπιτήδειος
1584 2593 1708 2647 καθ’
1741 2593 1800 2648 ὃν
1839 2594 1965 2663 ἤθε-

391 2683 449 2735 λε
478 2699 611 2736 σταυ
621 2683 880 2754 ρωθῆναι.

473 2793 561 2846 Ἐν
612 2793 690 2865 τῷ
735 2793 914 2863 λέγειν
955 2794 1048 2850 τὸν
1094 2796 1328 2866 Χριστὸν
1375 2795 1640 2867 συνεχῶς,
1683 2797 1766 2849 ὃτι
1818 2795 1967 2866 Ἐγὼ

391 2884 600 2954 ὑπάγω
629 2884 728 2939 καὶ
771 2885 1055 2955 ζητήσετέ
1085 2905 1182 2956 με,
1221 2889 1310 2942 διὰ
1343 2889 1404 2942 τὸ
1445 2889 1757 2943 κατασείειν
1785 2889 1967 2943 αὐτῶν

393 2979 494 3040 τὰς
537 2977 737 3047 ψυχὰς,
788 2978 986 3031 ἐκεῖνοι
1047 2978 1394 3050 ὲπιφέρουσι’
1445 2981 1600 3046 Μήτι
1651 2981 1973 3034 ἀποκτενεῖ

394 3067 647 3132 ἑαυτόν-ς
691 3069 784 3122 καὶ
829 3069 895 3121 τὰ
936 3067 1096 3138 ἑξῆς·
1143 3071 1308 3133 αὐτὸς
1356 3072 1597 3143 ἀναιρῶν
1643 3073 1825 3127 αὐτῶν
1869 3073 1968 3145 τὴν

397 3159 654 3239 ὑποψίαν,
689 3161 874 3232 φησιν’
915 3162 1101 3230 Ὑμεῖς
1132 3164 1202 3217 ἐκ
1233 3161 1350 3217 τῶν
1367 3163 1520 3217 κάτω
1550 3165 1712 3226 ἐστὲ.
1743 3166 1858 3237 ἐγὼ
1898 3168 1968 3222 ἐκ

1437 420 1766 481 SCHOLIA
1809 419 2102 482 VETERA
2144 418 2227 478 IN
2259 416 2636 485 .IOANNEM.

3492 416 3626 482 12M

2635 529 2864 586 CAPUT
2904 531 3039 586 VIII.

2135 657 2294 714 Vens.
2339 659 2426 713 12.
2458 657 2570 713 Cur
2591 659 2722 712 dicit
2752 674 2767 710 :
2803 659 2913 728 Ego
2943 676 3060 713 sum
3108 660 3201 713 tua:
3233 662 3453 718 mundi?
3490 677 3628 732 quo-

2059 750 2203 804 niam
2224 750 2480 805 dicebant
2497 767 2621 804 cum
2643 767 2671 803 a
2695 751 2919 804 Galilaca
2935 766 3077 815 csse,
3103 754 3397 822 exponitse
3421 770 3524 807 non
3558 769 3625 808 ex

2057 841 2148 895 illa
2175 856 2299 896 esse
2327 852 2422 894 ant
2441 841 2510 895 ob
2538 841 2688 894 illam
2715 840 3140 912 venisse,neque
3155 844 3225 897 ob
3249 843 3624 904 Palmstinam.

2057 936 2150 986 sed
2209 933 2273 986 ad
2325 932 2745 986 illuminandum
2802 933 3066 986 mundum
3121 935 3460 990 universum.
3505 936 3629 990 Non

2056 1023 2353 1078 ambulabit
2378 1027 2434 1078 in
2465 1023 2712 1089 tenebris,
2745 1024 2796 1078 id
2823 1035 2927 1086 est,
2981 1041 3088 1079 non
3121 1027 3174 1080 in
3207 1041 3393 1081 errore
3423 1038 3625 1082 manet.

2127 1208 2296 1265 Vens.
2323 1211 2409 1266 15.
2435 1208 2536 1265 Vos
2571 1211 2856 1264 secundant
2889 1227 3094 1266 carnem
3112 1214 3395 1283 judicalis.
3430 1216 3503 1271 De
3538 1217 3626 1270 in-

2051 1301 2202 1370 justo
2222 1303 2430 1371 judicio
2459 1305 2624 1372 dicit;
2663 1305 2804 1360 sicut
2850 1308 3148 1361 secundum
3178 1323 3398 1364 carnem
3424 1311 3627 1374 vivere.

2060 1397 2200 1448 male
2231 1396 2410 1449 vivere
2436 1397 2725 1465 signiﬁcat.
2759 1396 2871 1452 Cur
2896 1399 3032 1453 alias
3057 1400 3276 1466 dicens;
3311 1403 3435 1472 quia
3470 1403 3631 1458 Pater

2059 1503 2158 1540 non
2180 1487 2390 1556 judicat
2411 1505 2742 1558 quemquam,
2767 1497 2856 1544 sed
2885 1507 3035 1544 omne
3054 1492 3319 1559 judicium
3350 1495 3495 1548 dedit
3534 1495 3631 1550 Fi-

2061 1577 2168 1642 lio;
2195 1579 2265 1632 ibi
2298 1580 2431 1634 dicit
2465 1582 2613 1650 :Ego
2641 1598 2739 1634 non
2767 1583 2952 1651 judico
2989 1589 3337 1654 quemquam?
3361 1589 3485 1656 quia
3529 1589 3632 1644 hoc

2061 1684 2168 1723 non
2201 1671 2268 1725 de
2297 1669 2483 1726 futuro
2513 1683 2757 1742 tempore
2788 1674 2940 1742 dicit,
2985 1675 3116 1730 illud
3142 1693 3270 1732 vero
3295 1678 3363 1732 de
3391 1683 3631 1736 secundo

2059 1760 2318 1817 adventu.

2135 1851 2296 1908 Vens.
2334 1854 2422 1909 l6.
2455 1854 2690 1911 Diccudo
2723 1875 2735 1912 :
2771 1855 2928 1912 Solus
2954 1876 3053 1913 non
3079 1877 3218 1922 sum,
3245 1861 3334 1914 sed
3351 1877 3444 1931 ego
3459 1872 3508 1916 et
3541 1865 3632 1933 qui

2063 1949 2204 2001 misit
2238 1965 2317 2002 me
2351 1948 2534 2016 Pater,
2567 1952 2805 2006 ostendit
2846 1955 2996 2022 quia,
3027 1951 3144 2008 Non
3176 1969 3278 2022 ego
3315 1956 3466 2010 solus
3493 1972 3628 2012 con-

2061 2040 2260 2094 demno
2291 2057 2407 2105 vos,
2427 2043 2519 2096 sed
2547 2043 2709 2098 etiam
2737 2043 2893 2098 Pater
2932 2062 2947 2111 ;
2985 2046 3065 2098 vel
3096 2044 3164 2100 Ut
3194 2061 3294 2117 ego
3320 2088 3334 2110 ,
3365 2037 3476 2100 non
3508 2065 3630 2118 ego,

2065 2131 2168 2186 nisi
2201 2140 2259 2185 ut
2288 2133 2463 2189 Pater.
2497 2137 2860 2200 Quamobrem
2895 2146 2948 2190 et
3011 2138 3234 2206 subjicit
3283 2139 3447 2208 quod,
3477 2138 3544 2192 Et
3580 2141 3633 2193 in

2062 2226 2170 2294 lege
2203 2236 2371 2279 vestra
2404 2229 2656 2295 scriptum
2679 2239 2753 2282 est
2784 2231 2908 2300 quia
2930 2230 3155 2283 duorum
3183 2232 3452 2284 hominum
3483 2233 3633 2286 testi-

2062 2323 2298 2370 monium
2336 2335 2508 2371 verum
2542 2333 2616 2373 est
2653 2337 2671 2385 ;
2707 2322 2786 2375 vel
2823 2323 2923 2376 hoc
2968 2323 3123 2389 dicit,
3181 2331 3239 2376 ιιι
3276 2325 3530 2378 ostendat
3575 2339 3635 2377 se

2063 2411 2584 2464 consubstantialem
2617 2413 2764 2467 Patri
2799 2427 2942 2466 esse.

2136 2501 2299 2557 Vens.
2343 2503 2413 2556 20
2466 2503 2603 2569 Quid
2646 2514 2751 2570 est,
2791 2504 3040 2558 Nondum
3070 2515 3277 2558 venerat
3309 2505 3440 2558 hora
3487 2506 3640 2574 ejus?

2065 2590 2120 2644 Id
2147 2599 2250 2656 est,
2277 2592 2516 2645 net-idum
2549 2603 2762 2662 tempus
2794 2603 2911 2647 erat
2937 2604 3146 2663 aptum,
3182 2594 3234 2646 in
3267 2609 3374 2664 quo
3417 2597 3638 2649 volebat

2067 2683 2333 2753 cruciligi.

2144 2786 2304 2843 Vnus.
2338 2791 2428 2844 Ἠ.
2471 2791 2607 2844 Cum
2665 2790 2794 2845 dicit
2859 2791 3173 2861 lreqncnter
3209 2792 3481 2858 Christus,
3530 2791 3642 2864 Ego

2068 2881 2202 2934 vado
2232 2895 2278 2935 et
2312 2885 2560 2952 qua'retis
2602 2901 2700 2947 me,
2737 2893 2796 2937 ut
2839 2884 3020 2936 anima
3055 2899 3244 2938 eorum
3276 2897 3640 2948 commoveat,

2071 2973 2158 3027 isti
2181 2974 2482 3043 subjiciunt
2520 2974 2810 3044 :Nunquid
2851 2976 3130 3044 interﬁciet
3172 2993 3225 3030 se
3250 2978 3419 3046 ipsum
3445 2979 3469 3032 ?
3492 2987 3634 3042 etc.;

2069 3074 2125 3119 et
2156 3065 2266 3131 ille,
2286 3076 2346 3120 ut
2369 3081 2559 3121 eorum
2596 3067 2936 3137 suspiciones
2956 3069 3182 3131 adimat,
3214 3069 3386 3122 dicit:
3434 3067 3533 3123 Vos
3579 3069 3647 3123 de

2071 3159 2314 3212 deorsum
2356 3161 2501 3225 estis,
2542 3176 2634 3229 ego
2682 3160 2744 3214 de
2791 3161 3030 3229 superuis
3072 3177 3209 3216 sum.
3256 3160 3413 3227 Quod
3445 3172 3628 3216 autem

396 3250 514 3304 τῶν
541 3251 663 3305 ἅνω
690 3254 828 3321 εἰμί.
885 3255 950 3307 Ὃ
977 3255 1034 3307 δὲ
1079 3255 1250 3324 λέγει.
1277 3255 1518 3309 τοιοῦτόν
1549 3257 1718 3310 ἐστιν’
1780 3258 1968 3328 Ὑμεῖς

2075 3250 2208 3304 dicit
2232 3251 2340 3304 tale
2364 3261 2448 3305 est
2477 3269 2490 3305 :
2520 3251 2623 3305 Vos
2663 3265 2787 3305 cum
2823 3267 2852 3307 c
2880 3251 3084 3308 mundo
3119 3253 3240 3310 sitis
3285 3264 3340 3308 et
3385 3255 3637 3308 homines

398 3342 464 3395 ἐκ
485 3343 578 3396 τοῦ
601 3343 804 3414 κόσμου
827 3343 978 3408 ὄντες
995 3346 1089 3398 καὶ
1107 3345 1382 3418 ἄνθρωποι
1404 3347 1726 3416 πεφυκότες,
1745 3348 1972 3404 τοιαῦτα

397 3437 577 3503 λογίζε
587 3435 700 3491 σθε.

467 3530 533 3582 Τί
581 3527 858 3600 σημαίνει,
906 3528 988 3580 ὅτι
1049 3528 1190 3583 Ἐὰν
1218 3529 1304 3600 μὴ
1336 3531 1704 3600 πιστεύσητε
1738 3530 1826 3586 ὅτι
1860 3532 1975 3604 ἐγώ

397 3623 535 3691 ειμι,
561 3622 957 3676 ἀποθανεῖσθε
976 3623 1045 3676 ἐν
1073 3631 1202 3690 ruﬁ;-
1218 3625 1527 3694 ἀμαρτίαις
1546 3626 1716 3695 ὑμῶν
1737 3642 1757 3690 ;
1791 3626 1975 3680 Ἐπει-

399 3716 463 3784 δὴ
514 3713 678 3786 ἦλθεν
711 3715 798 3766 ἵνα
835 3714 940 3787 ἄρῃ
967 3716 1067 3783 τὴν
1095 3717 1368 3788 ἁμαρτίαν
1387 3718 1478 3771 τοῦ
1507 3719 1712 3789 κόσμου
1735 3759 1750 3782 ,
1779 3721 1974 3772 ἐκεῖνοι

397 3808 500 3859 οὐκ
536 3805 805 3872 ἐδέξαντο,
839 3807 896 3872 ἐξ
932 3808 1179 3877 ἀνάγκης
1229 3808 1288 3859 ὲν
1327 3806 1556 3871 ταύταις
1598 3810 1796 3872 αὐτοὺς
1835 3809 1971 3862 ἀπο-

402 3900 584 3952 θανεῖν
615 3899 788 3966 λέγει.

484 3992 760 4062 Ἐρωτῶσι
789 3991 847 4045 δὲ
877 3991 1060 4045 αὐτόν’
1083 3991 1166 4045 Σὺ
1190 3992 1280 4057 τίς
1315 3987 1406 4054 ei;
1443 3993 1470 4044 6
1500 3990 1554 4043 δὲ
1575 3991 1934 4062 ἀποκρίνεται
1957 4007 1972 4022 ο

407 4083 530 4152 Τὴν
560 4083 757 4153 ἀρχὴν
788 4082 878 4136 ὅτι
909 4081 1008 4135 καὶ
1039 4081 1207 4136 λαλῶ
1240 4082 1404 4149 ὑμῖν.
1437 4080 1609 4134 Τοῦτο
1648 4081 1705 4133 δὲ
1734 4080 1977 4134 τοιοῦτόν

402 4179 574 4230 ἐστιν·
633 4175 854 4245 Ἐπειδὴ
889 4173 1146 4242 θαύματα
1185 4172 1278 4226 καὶ
1310 4171 1660 4226 διδασκαλίαν
1686 4170 1976 4234 ἀκούοντες

403 4271 498 4323 καὶ
528 4269 726 4332 ἰδόντες
767 4269 1006 4339 ἐρωτᾶτε
1052 4271 1134 4329 τίς
1180 4267 1319 4336 εἰμι,
1350 4266 1410 4320 τὸ
1445 4265 1580 4330 ὅλως
1612 4265 1831 4319 ἀκούειν
1868 4263 1978 4316 τῶν

403 4359 578 4425 λόγων
607 4358 716 4411 τῶν
751 4359 899 4430 ἐμῶν
934 4357 1140 4422 ἀνάξιοί
1189 4360 1334 4422 ἐστε,
1375 4357 1505 4428 μήτι
1543 4373 1605 4424 γε
1647 4357 1739 4408 καὶ
1790 4355 1979 4422 μαθεῖν

406 4453 488 4505 ὅτι
520 4453 630 4519 ἐγώ
655 4453 792 4520 εἰμι.
844 4451 1032 4520 Ὑμεῖς
1069 4450 1178 4521 γὰρ
1207 4449 1384 4503 πάντα
1420 4447 1775 4518 πειράζοντες
1810 4447 1978 4517 φθέγ-

406 4543 693 4612 γεσθε,ἴνα
724 4559 789 4612 με
824 4543 898 4612 μὴ
924 4542 1203 4612 νομίσητε,
1233 4543 1312 4595 ὅτι
1339 4541 1579 4594 τοσαῦτα
1607 4540 1819 4594 ἀκούων
1849 4543 1981 4610 παρ’

409 4634 583 4703 ὑμῶν,
622 4636 687 4686 δι’
720 4633 1003 4688 ἀσθένειαν
1039 4634 1138 4685 οὐκ
1171 4633 1487 4703 ἐξέρχομαι,
1519 4632 1552 4701 ἢ
1579 4633 1663 4685 ὅτι
1729 4632 1829 4686 οὐκ
1867 4630 1983 4687 οἶδα

409 4728 564 4798 ὑμῶν
586 4727 684 4783 τὰς
712 4725 970 4788 διανοίας,
1007 4725 1114 4778 ἰδοὺ
1141 4725 1282 4793 λέγω
1310 4726 1437 4794 ὑμῖν
1466 4727 1545 4778 ὅτι
1576 4725 1809 4796 δύναμαι
1841 4726 1985 4796 ὑμᾶς

408 4821 642 4889 ἐλέγξαιο
673 4819 770 4872 οὐκ
810 4818 1022 4885 ἐλέγξαι
1067 4817 1124 4870 δὲ
1159 4817 1339 4887 μόνον,
1375 4817 1510 4870 ἀλλὰ
1569 4819 1659 4870 καὶ
1717 4818 1940 4871 κολάσαι
1967 4834 1983 4849 ο

407 4913 566 4966 τοῦτο
593 4913 702 4982 γάρ
745 4912 861 4964 ἐστι
885 4916 945 4962 τὸ
970 4951 984 4973 ,
1015 4909 1217 4963 Πολλὰ
1247 4909 1364 4976 ἔχω
1398 4910 1612 4963 λαλεῖν
1657 4909 1790 4978 περὶ
1819 4908 1987 4977 ὑμῶν

411 5007 510 5059 καὶ
564 5004 811 5072 κρίνειν.
869 5002 958 5072 Τῷ
982 5002 1072 5064 δὲ,
1109 5001 1303 5054 Ταῦτα
1341 4999 1511 5053 λαλῶ
1561 5002 1646 5066 είς
1700 4999 1810 5053 τόν
1881 4999 1984 5052 κό-

412 5113 593 5166 σμον,
627 5095 897 5166 ἐδήλωσεν
930 5094 1010 5146 ὅτι
1037 5094 1116 5154 είς
1143 5092 1211 5144 τὰ
1241 5091 1365 5160 ἔθνη
1411 5090 1614 5160 μέλλει.

483 5209 548 5262 Τί
582 5211 727 5262 ἐστιν
778 5208 806 5261 ὃ
839 5207 1008 5275 λέγει,
1039 5205 1117 5258 ὅτι
1153 5203 1362 5256 ’¹Οτ’ἂν
1392 5203 1674 5272 ὑψώσητε
1704 5203 1798 5256 τὸν
1852 5204 1990 5258 Υἰόν

411 5305 518 5357 τοῦ
545 5301 879 5370 ἀνθρώτου,
922 5299 1054 5353 τότε
1099 5298 1408 5366 γνώσεσθε
1448 5296 1537 5349 ὅτι
1575 5295 1688 5365 ἐγώ
1735 5297 1884 5364 sint;
1923 5297 1988 5349 Ὀ

411 5395 560 5463 λέγει
592 5393 831 5446 τοιοῦτόν
892 5392 1057 5444 ἐστιν·
1083 5391 1164 5443 ὅτι
1209 5388 1318 5456 εγώ
1354 5389 1468 5456 εἰμι
1499 5389 1526 5441 ὁ
1553 5387 1679 5452 Υἱὸς
1706 5385 1799 5439 τοῦ
1831 5384 1985 5442 Θεοῦ.

484 5505 582 5558 Διὰ
607 5506 660 5557 τί
681 5503 1028 5574 ἐπισημαίνει
1054 5504 1082 5555 ὁ
1106 5500 1534 5569 Εὑαγγελιστὴς,
1562 5497 1735 5566 λέγων
1752 5513 1765 5528 ·
1800 5497 1990 5551 Ταῦτα

411 5597 598 5652 αὑτοῦ
626 5596 984 5661 λαλοῦντος,
1013 5593 1233 5648 πολλοὶ
1261 5592 1637 5645 ἐπίστευσαν
1661 5592 1747 5654 είς
1769 5591 1986 5653 αὺτόν;

416 5693 548 5744 Ποῖα
600 5689 808 5751 totum;
857 5688 925 5739 τὰ
961 5688 1189 5739 ταπεινὰ
1232 5687 1473 5756 ῥήματα.
1528 5686 1696 5747 Ποίας
1731 5677 1855 5736 Οἷον
1900 5680 1985 5744 τὸ,

429 5781 547 5835 Ἀπ’
577 5781 834 5849 ἐμαυτοῦ
863 5779 1031 5834 λαλῶ
1071 5779 1272 5843 οὐδὲν,
1315 5780 1452 5846 ὅπερ
1487 5777 1546 5828 τὸ
1583 5775 1697 5829 ἴσον
1733 5776 1866 5844 πρὸς
1897 5774 1987 5825 τὸν

419 5875 632 5940 Ηατέρπ
669 5875 939 5941 σημαίνεισ
979 5874 1172 5924 ἐκεῖνοι
1221 5872 1276 5924 δὲ
1313 5872 1369 5924 τὸ
1404 5871 1622 5923 ἔλαττον
1653 5868 1851 5922 νοοῧσν
1897 5867 1989 5920 καὶ

2074 3354 2292 3410 natura,
2318 3344 2442 3398 talia
2466 3345 2739 3413 cogitatis.

2145 3524 2312 3582 Vens.
2346 3526 2437 3581 2i.
2469 3528 2608 3594 Quid
2634 3527 2904 3597 signiﬁcat
2931 3545 2942 3580 :
2969 3527 3149 3582 Sinon
3169 3530 3497 3583 crediaeritis
3521 3529 3647 3599 quia

2074 3637 2166 3690 ego
2193 3637 2333 3684 sum,
2370 3621 2666 3674 moriemini
2693 3621 2747 3673 in
2773 3623 2999 3689 peccatis
3035 3623 3255 3675 castris?
3276 3624 3532 3691 quoniam
3560 3639 3650 3678 ve-

2077 3715 2155 3768 nit
2186 3723 2244 3767 ut
2275 3715 2491 3768 tolleret
2521 3723 2804 3782 peccatum
2839 3714 3046 3777 mundi,
3077 3724 3131 3768 et
3159 3714 3248 3770 isti
3275 3730 3381 3768 non
3420 3731 3644 3785 recepe-

2076 3816 2223 3871 runt,
2244 3807 2558 3862 necessario
2583 3807 2636 3860 in
2663 3816 2884 3876 peccato
2919 3807 3044 3862 illos
3071 3811 3368 3863 morituros
3389 3809 3542 3863 dicit.

2153 3987 2315 4044 Vsus.
2347 3989 2436 4042 '25.
2470 3989 2810 4059 InterrOgant
2855 4000 3036 4044 autem
3066 4006 3191 4046 eum
3237 4010 3251 4045 ι
3300 3989 3377 4044 Tu
3401 3992 3519 4061 quis
3556 3991 3654 4046 es.’

2076 4086 2567 4155 respondetautem
2587 4106 2600 4140 :
2623 4086 2977 4155 Principium,
3005 4085 3144 4156 quod
3190 4096 3237 4140 et
3273 4087 3459 4157 loquor
3484 4089 3653 4145 vobis.

2077 4179 2136 4234 Id
2167 4189 2346 4234 autem
2379 4179 2486 4233 tale
2521 4189 2604 4232 est
2639 4197 2652 4232 :
2680 4179 2949 4246 Quoniam
2975 4179 3240 4234 miracula
3272 4189 3326 4233 et
3348 4177 3650 4234 doctrinam

2079 4269 2362 4324 audientes
2385 4275 2437 4323 et
2463 4267 2712 4323 videntes
2745 4268 3093 4338 interrogatis
3123 4271 3246 4337 quis
3269 4268 3392 4333 sim,
3424 4270 3652 4323 omnino

2082 4361 2272 4415 audire
2299 4360 2459 4414 verba
2495 4375 2614 4414 mea
2651 4359 2858 4430 indigni
2890 4360 3044 4425 estis,
3082 4375 3256 4429 neque
3281 4359 3494 4415 discere
3520 4360 3653 4430 quid

2082 4469 2181 4523 ego
2208 4454 2332 4507 sim.
2372 4452 2478 4506 Vos
2509 4453 2652 4506 enim
2688 4452 2872 4506 omnia
2895 4461 3164 4505 tentantes
3198 4451 3401 4518 dicitis,
3452 4468 3520 4505 ne
3551 4468 3655 4522 pn-

2089 4545 2212 4600 tetis
2242 4559 2326 4598 me
2381 4552 2524 4598 tanta
2563 4560 2592 4597 a
2641 4543 2798 4597 vobis
2824 4543 3160 4610 audientem,
3191 4559 3283 4612 per
3313 4542 3658 4598 imbecillita-

2089 4650 2194 4695 tem
2229 4655 2335 4694 non
2363 4637 2534 4692 abire.
2564 4637 2657 4691 Vel
2687 4637 2814 4707 quia
2844 4652 2951 4690 non
2982 4637 3097 4690 seio
3129 4647 3344 4691 vestras
3371 4637 3657 4704 cogitatio-

2089 4750 2203 4796 nes,
2227 4746 2354 4787 ecce
2382 4731 2504 4784 dico
2531 4731 2686 4783 vobis
2715 4745 2799 4782 me
2829 4743 2991 4798 posse
3018 4743 3115 4782 vos
3159 4728 3521 4794 convincere;
3549 4742 3656 4780 non

2089 4836 2292 4879 tantum
2333 4834 2511 4877 autem
2536 4822 2882 4884 convincere,
2910 4821 3002 4873 sed
3027 4829 3080 4873 et
3105 4820 3394 4889 castigare.
3429 4817 3482 4871 Id
3511 4819 3658 4871 enim

2088 4927 2201 4970 est:
2237 4915 2410 4968 .‘Iulta
2439 4914 2602 4966 habeo
2627 4913 2690 4965 de
2718 4911 2860 4965 vobis
2887 4911 3031 4980 loqui
3061 4911 3400 4978 etg’udicare;
3424 4919 3510 4962 et:
3536 4910 3658 4972 hoc,

2089 5005 2300 5075 Loquor
2338 5005 2394 5068 in
2448 5003 2668 5068 mundo,
2700 5003 2939 5057 ostendit
2976 5017 3035 5057 se
3071 5003 3123 5055 in
3157 5001 3410 5070 gentibus
3445 5003 3662 5056 locutu-

2089 5113 2209 5151 rum
2239 5111 2382 5150 8558.

2165 5203 2330 5259 Vens.
2364 5205 2455 5260 ‘28.
2490 5203 2627 5270 Quid
2661 5215 2744 5258 est
2770 5202 2910 5272 quod
2944 5201 3072 5256 dicit
3099 5219 3113 5256 :
3139 5201 3272 5258 Cum
3301 5200 3663 5254 exaliaveritis

2091 5295 2298 5350 Filium
2343 5296 2594 5360 hominis,
2643 5304 2765 5347 tunc
2818 5293 3140 5363 cognoscetis
3193 5292 3319 5360 quid
3368 5307 3460 5360 ego
3516 5291 3662 5344 sint?

2089 5388 2236 5460 quod
2268 5387 2398 5442 dicit
2431 5388 2537 5441 tale
2563 5392 2648 5440 est
2678 5403 2688 5439 :
2716 5385 2854 5452 Quia
2881 5400 2983 5455 ego
3013 5400 3132 5439 sum
3168 5381 3341 5438 Filius
3377 5383 3490 5436 Dei.

2161 5495 2326 5550 Vens.
2359 5494 2449 5550 '50.
2474 5493 2584 5549 Cur
2613 5502 2880 5548 memorat
2918 5492 3250 5564 evangelista
3276 5491 3466 5544 dicens
3493 5507 3506 5543 :
3539 5491 3664 5544 "te:

2091 5589 2185 5643 illo
2219 5589 2482 5657 loquente,
2514 5586 2668 5639 multi
2714 5585 3047 5638 crediderunt
3081 5586 3136 5637 in
3173 5581 3485 5648 eum?qu
3517 5583 3665 5636 haec?

2093 5683 2321 5736 humilia
2349 5682 2519 5735 dicta.
2555 5681 2724 5746 Quae?
2755 5681 2984 5744 scilicet,
3027 5682 3065 5732 Α
3095 5695 3175 5732 me
3207 5680 3319 5746 ipso
3349 5695 3450 5731 non
3477 5679 3666 5742 loquor

2095 5772 2412 5841 quidquam,
2446 5772 2590 5840 quod
2625 5771 2989 5840 aequalitatem
3031 5785 3153 5824 cum
3181 5769 3337 5823 I’atrc
3367 5768 3661 5838 signiticet.

2093 5863 2185 5920 Isti
2208 5879 2334 5918 vero
2367 5863 2776 5918 inl‘crioritatcm
2813 5861 3154 5932 intelligunt;
3185 5871 3238 5916 et
3268 5862 3376 5929 ille,
3407 5878 3512 5917 non
3540 5861 3664 5915 reli-
