4026 6594
372 445 499 507 1—261

365 560 491 629 μίας
518 560 677 630 ἔργον
720 557 788 632 ἦν
813 562 907 616 καὶ
941 562 1096 617 τοῦτο
1120 564 1215 634 τῆς
1247 564 1417 629 θείας,

358 652 449 704 τὸν
500 653 751 722 Ἰωάννην
782 657 1006 725 ποιῆσαι
1033 672 1044 683 ”
1088 658 1163 718 ὡς
1214 657 1279 710 ἂν
1320 658 1533 727 ἀληθῶς
1566 658 1755 726 λύχνος
1821 658 1926 709 δει-

360 742 536 812 χθείη,
570 744 645 815 μὴ
672 745 966 817 δυνάμενος
997 749 1210 817 φαίνειν
1240 750 1505 820 παρόντος
1526 751 1697 820 ἡλίου.

931 873 1177 927 ΚΕΦΑΛ.
1222 875 1351 928 KA'.

431 1001 555 1052 ὐτι
596 1002 629 1069 ἡ
664 1000 810 1070 παρὰ
854 999 933 1070 τῷ
980 1001 1202 1071 Ἰωάννῃ
1247 1001 1516 1071 ἀλείψασα
1582 1002 1672 1054 τὸν
1723 1003 1925 1073 Κύριον

360 1093 537 1163 μύρῳ,
591 1094 690 1146 οὐκ
724 1093 871 1146 ἔστιν
911 1094 1104 1164 ήαῦτὴ
1134 1097 1164 1163 ἡ
1198 1095 1347 1165 παρὰ
1371 1093 1445 1163 τῷ
1482 1095 1765 1165 Ματθαίῳ,
1803 1095 1925 1148 οὐδὲ

356 1188 389 1257 ἡ
422 1186 570 1256 παρὰ
598 1186 873 1255 τῷΛουκᾷ
899 1201 912 1214 ·
949 1186 1081 1257 ἄλλη
1112 1186 1218 1256 γὰρ
1241 1188 1335 1239 καὶ
1355 1185 1485 1257 ἄλλη
1504 1188 1651 1241 ἐστὶν
1704 1188 1886 1257 ἐκείνη
1907 1205 1921 1216 ο

361 1276 502 1346 αὓτη
536 1278 591 1331 δὲ
623 1279 785 1349 ἑτέρα
811 1281 978 1345 ἐστὶν,
1004 1279 1137 1333 ἀλλὰ
1164 1281 1335 1351 σεμνή
1357 1299 1437 1344 τις
1469 1284 1561 1334 καὶ
1611 1280 1874 1334 σπουδαία
1907 1296 1921 1309 °

360 1372 456 1422 καὶ
483 1369 591 1439 γὰρ
617 1372 743 1439 περὶ
778 1370 876 1442 τὴν
911 1371 1177 1441 ὑποδοχὴν
1208 1372 1503 1435 ἐσπούδαζε
1535 1370 1627 1423 τοῦ
1664 1369 1920 1441 Χριστοῦ.

426 1461 549 1513 ’Ότι
590 1461 793 1530 σφόδρα
824 1461 1124 1532 θαρροῦσαι
1168 1465 1246 1524 είς
1268 1456 1506 1531 Χριστὸν
1534 1464 1633 1514 οὐκ
1675 1462 1923 1532 ἔρχονται

356 1545 538 1618 αὗται,
589 1552 662 1616 ὡς
695 1557 721 1607 6
751 1554 1147 1625 ἑκατόνταρχος
1176 1561 1269 1607 καὶ
1293 1557 1321 1608 ὁ
1374 1555 1558 1624 ἄρχων
1587 1553 1681 1606 τοῦ
1714 1552 1921 1623 βασιλι-

358 1643 476 1705 κοῦ,
507 1643 641 1697 ἀλλὰ
660 1644 1047 1698 ἀποστέλλουσι
1083 1646 1412 1717 μηνύσασαι.

430 1736 551 1788 "Ott
595 1737 847 1788 τοσοῦτον
885 1731 1024 1806 ἦσαν
1079 1736 1432 1790 πιστεύουσαι
1467 1736 1545 1807 τῷ
1593 1736 1814 1807 Χριστῷ
1867 1738 1922 1790 αί

355 1827 480 1895 περὶ
518 1825 771 1897 Μάρθαν,
801 1828 880 1880 ὅτι
902 1827 1225 1896 ἀκούσασαι,
1253 1828 1317 1885 Ἡ
1333 1830 1617 1884 ἀσθένεια
1640 1830 1789 1896 αὕτη
1809 1830 1922 1883 οὐκ

1424 450 1737 511 ςΕΗιῊᾸᾹ
1785 449 2077 509 \‘ETEBA
2118 449 2198 507 ΙΝ
2239 448 2611 511 JOANNEM.

3463 448 3600 512 1262

1476 567 1641 636 μηδὲν
1703 568 1928 633 σημεῖον

2036 566 2133 618 ιιιιὶ
2162 565 2330 619 ἀίιίηἱ
2357 566 2454 620 hoc
2484 566 2603 630 fuit,
2632 575 2689 621 ut
2715 563 2954 620 Joannes
2982 565 3190 619 nullum
3210 564 3423 635 signum
3456 565 3602 622 tece-

2039 653 2104 705 rit
2130 669 2144 717 ;
2175 662 2229 707 ct
2270 654 2492 709 lucerna
2544 670 2667 710 vere
2696 654 3096 721 ostenderetur,
3125 666 3247 725 quae
3281 656 3462 713 lucere
3492 673 3600 712 non

2037 752 2211 813 potest
2240 754 2505 813 praesente
2527 746 2662 801 sole.

2626 868 2852 925 CAPUT
2887 871 2977 929 XI.

2109 996 2268 1053 Vens.
2323 999 2379 1052 2.
2415 998 2544 1064 Qum
2592 1000 2731 1070 apud
2786 1000 3053 1056 Joannem
3101 1003 3259 1058 unxit
3310 1006 3597 1061 Dominum

2037 1103 2333 1160 unguento,
2370 1109 2474 1146 non
2506 1103 2595 1148 est
2627 1095 2814 1149 eadem
2846 1110 2912 1150 ac
2940 1111 3060 1164 qua:
3085 1096 3228 1166 apud
3259 1096 3596 1163 Mattharnm,

2035 1198 2211 1252 neque
2240 1185 2380 1254 apud
2418 1183 2641 1252 Lucam,
2672 1187 2779 1241 alia
2811 1196 2895 1242 est
2924 1190 3068 1241 enim
3101 1203 3165 1242 ac
3189 1189 3294 1243 alia
3331 1190 3465 1245 haec.
3491 1191 3597 1244 Ista

2034 1285 2212 1330 autem
2242 1277 2453 1330 diversa
2480 1287 2580 1341 est,
2630 1279 2721 1333 sed
2769 1280 3061 1350 conspicua
3103 1283 3351 1352 quaedam
3382 1292 3437 1339 et
3479 1294 3600 1339 stu-

2034 1365 2209 1429 diosa,
2241 1368 2362 1420 nam
2394 1368 2463 1422 ob
2488 1368 2689 1424 Christi
2725 1371 3091 1441 reccptiouem
3125 1374 3427 1443 satagebat.

2108 1453 2277 1509 Vens.
2324 1458 2376 1511 5.
2423 1456 2648 1512 Multqu
2684 1459 2738 1513 in
2790 1459 3064 1515 Christum
3107 1463 3444 1518 confidentes
3490 1478 3598 1518 non

2034 1549 2164 1617 ipsa:
2190 1548 2367 1604 ierunt
2396 1559 2454 1605 ut
2479 1552 2730 1605 centurio
2774 1562 2829 1608 et
2862 1554 3105 1624 regulus,
3155 1556 3249 1610 sed
3280 1558 3502 1611 mittunt
3534 1556 3599 1611 ad

2035 1642 2418 1695 nuntiandum.

2103 1731 2268 1788 Vens.
2303 1733 2355 1787 4.
2404 1733 2639 1789 Tantum
2689 1744 2846 1788 erant
2889 1734 2942 1790 in
2993 1734 3272 1791 Christum
3317 1738 3597 1793 credentes

2035 1824 2243 1878 Martha
2273 1835 2327 1880 et
2357 1826 2475 1895 ejus
2504 1842 2679 1892 soror,
2712 1836 2790 1894 ut,
2816 1841 2940 1882 cum
2972 1828 3330 1894 audivissent,
3362 1828 3601 1897 Inﬁrmi-

352 1918 486 1969 ἔστι
534 1919 681 1986 πριις
713 1917 991 1984 θάνατον,
1012 1920 1373 1983 ἀποθανόντος
1418 1921 1511 1974 τοῦ
1550 1921 1780 1989 ἀδελφοῦ
1827 1921 1926 1975 οὐκ

2035 1929 2111 1969 tas
2150 1917 2259 1972 Iure
2289 1935 2390 1971 non
2412 1928 2489 1972 est
2512 1919 2582 1972 ad
2602 1930 2841 1985 mortem,
2872 1931 3091 1975 mortuo
3113 1921 3280 1976 fratre
3307 1937 3414 1976 non
3440 1938 3601 1977 scan-

354 2009 869 2080 ἐσκανδαλίσθησαν.

429 2101 494 2151 Τί
536 2103 687 2154 ἐστιν
716 2105 778 2154 τὸ
802 2103 1099 2172 λεγόμενον
1131 2104 1277 2175 παρὰ
1301 2104 1538 2174 Χριστοῦ
1570 2120 1582 2133 ·
1612 2106 1757 2173 Οὐχὶ
1816 2106 1921 2158 δώο

2031 2008 2278 2062 dalizata:
2310 2008 2532 2064 fuerint.

2103 2101 2268 2154 Vens.
2301 2101 2355 2154 9.
2388 2100 2529 2169 Quid
2559 2111 2641 2156 est
2671 2102 2811 2175 quod
2838 2102 3038 2157 dicitur
3079 2120 3108 2157 ε
3140 2103 3383 2171 Christo,
3414 2103 3600 2159 Nonne

355 2194 505 2246 δεκά
524 2197 697 2248 εἰσιν
720 2188 866 2263 ὧραι
915 2196 1024 2263 τῆς
1072 2197 1335 2264 ἠμέρας;
1382 2198 1450 2250 ὐ
1509 2197 1656 2266 λέγει
1687 2197 1929 2252 τοιοῦτόν

2035 2194 2308 2247 duodecim
2342 2194 2487 2249 hora:
2532 2206 2654 2249 sunt
2701 2196 2846 2249 diei?
2880 2194 3034 2262 Quod
3085 2197 3217 2252 dicit
3249 2197 3354 2252 tale
3382 2208 3506 2253 est:
3541 2198 3598 2252 Si

357 2286 505 2337 ἐστιν
538 2301 551 2315 '
590 2286 651 2338 Εἰ
684 2288 712 2339 6
766 2287 828 2339 τὸ
863 2287 979 2355 φῶς
1014 2288 1108 2340 τοῦ
1154 2288 1358 2357 κόσμου
1408 2289 1594 2341 τούτου
1622 2289 1833 2359 βλέπων
1872 2292 1929 2343 ἐν

357 2376 629 2447 ἀσφαλείᾳ
680 2380 819 2440 ἐστὶ,
860 2379 1039 2449 πολλῴ
1096 2379 1297 2449 μᾶλλον
1328 2383 1355 2433 6
1391 2380 1507 2452 μετ’
1530 2381 1664 2452 ἐμοῦ
1694 2380 1770 2435 ὢν
1812 2382 1927 2435 δια-

356 2470 579 2533 παντὸς,
616 2470 710 2523 τοῦ
738 2470 1079 2541 δημιουργοῦ
1120 2472 1211 2525 τοῦ
1238 2474 1435 2540 φωτός.

428 2562 551 2625 Πῶς
581 2562 773 2631 ἄλογον
806 2567 1008 2618 νοεῖται
1042 2564 1103 2617 τὸ
1139 2566 1322 2629 αὐτοῖς
1356 2566 1669 2633 πιστεύεινς
1697 2568 1820 2620 Ὅτι
1843 2567 1930 2619 διὰ

355 2653 417 2705 τὸ
449 2653 730 2719 ἐξυπνίσαι
778 2656 896 2709 ἐκεῖ
954 2658 1339 2728 παραγίνεται,
1373 2658 1457 2712 διὸ
1513 2661 1608 2714 καὶ
1652 2660 1928 2727 λέγουσιν,

353 2749 419 2800 El
469 2750 841 2819 κεκοίμηται,
878 2750 1223 2816 σωθήσεται
1250 2768 1264 2782 ο
1300 2753 1361 2805 οὐ
1400 2753 1528 2823 περὶ
1569 2752 1741 2806 ὕπνου
1771 2755 1927 2822 νομί-

357 2836 508 2901 ζουσι
538 2838 713 2907 λέγειν
742 2842 923 2905 αὑτὸν,
952 2843 1071 2895 οὐδὲ
1094 2844 1220 2913 περὶ
1244 2843 1475 2898 θανάτου
1506 2864 1517 2875 ’
1543 2846 1679 2900 ἀλλὰ
1702 2848 1932 2915 αἴνιγμα

358 2930 636 3000 νομίζουσί
690 2950 746 2986 τι
778 2933 940 2987 αὑτὸν
989 2934 1172 3003 λέγειν
1201 2951 1213 2964 ο
1245 2936 1371 2990 ἐπεὶ
1398 2937 1511 3002 πῶς
1545 2939 1707 2991 πέντε
1741 2940 1931 2994 στάδια

356 3022 725 3092 πορευομένου
757 3023 946 3089 αὑτοῦ,
980 3025 1079 3078 οὐκ
1097 3024 1163 3079 ἂν
1189 3026 1423 3096 ἔφθασεν
1445 3027 1751 3095 ὲξυπνίσαι;

432 3132 554 3196 Πῶς
584 3132 731 3196 λέγει
758 3136 784 3187 ὁ
811 3133 1031 3205 Θωμᾶς·
1060 3136 1317 3205 Ἄγωμεν
1350 3137 1446 3192 καί
1463 3137 1633 3208 ἡμεῖς
1665 3141 1766 3194 ἵνα
1787 3142 1933 3197 ἀπο-

2032 2287 2121 2341 ille
2154 2288 2246 2357 qui
2280 2288 2455 2342 lucem
2492 2288 2678 2343 mundi
2718 2289 2876 2345 istius
2906 2289 3052 2343 videt
3088 2289 3140 2343 in
3171 2291 3466 2345 seem-itote
3489 2300 3598 2355 est,

2031 2380 2205 2435 multo
2238 2380 2410 2449 magis
2439 2380 2533 2451 qui
2568 2396 2785 2437 mecum
2814 2390 2903 2438 est
2940 2391 3189 2437 creatore
3227 2383 3407 2438 omnis
3437 2383 3598 2438 lucis.

2104 2561 2272 2617 Vens.
2309 2563 2395 2617 12.
2431 2562 2719 2631 Quomodo
2776 2565 3095 2636 insipienter
3134 2565 3457 2638 intelligitur
3505 2581 3604 2621 eos

2032 2656 2288 2713 credere?
2317 2656 2455 2722 Quia
2485 2658 2553 2711 ad
2584 2659 2936 2714 excitandum
2987 2675 3113 2714 eum
3143 2660 3252 2716 huc
3282 2660 3449 2728 radit,
3482 2661 3605 2716 ideo

2032 2750 2241 2815 dicunt,
2272 2749 2332 2804 Si
2352 2747 2571 2812 dormit,
2601 2752 2777 2805 saltus
2806 2755 2925 2805 erit.
2945 2751 3065 2806 Non
3092 2753 3160 2807 de
3183 2768 3379 2809 somno
3412 2764 3604 2824 putant

2031 2857 2155 2895 eum
2184 2842 2355 2911 loqui,
2377 2857 2551 2911 neque
2568 2842 2827 2908 demorte
2846 2859 2861 2907 ;
2888 2845 2979 2899 sed
2998 2845 3315 2914 ambiguum
3328 2847 3600 2915 quoddam

2034 2944 2226 3003 putant
2247 2950 2371 2988 eum
2390 2932 2733 2989 dicere.Nam
2757 2934 3029 3005 quomodo
3044 2938 3287 3006 quinque
3301 2938 3600 2992 stadiorum

2036 3029 2231 3083 itinere
2257 3029 2420 3093 facto,
2456 3043 2561 3082 non
2592 3028 2960 3082 festinavisset
2985 3028 3051 3082 ad
3072 3031 3425 3084 excitandum
3441 3042 3563 3085 eum
3578 3031 3604 3083 ἲ

2108 3137 2275 3192 Vens.
2313 3136 2399 3191 l6.
2434 3135 2719 3203 Quomodo
2738 3136 2865 3191 dicit
2892 3135 3165 3192 Thomas:
3195 3136 3393 3192 Eamus
3413 3149 3461 3192 et
3485 3157 3600 3203 nos,

356 3223 628 3294 θάνωμεν
671 3229 799 3296 μετ’
828 3228 1052 3293 αὑτοῦ;
1082 3228 1237 3293 Τινὲς
1273 3229 1375 3301 μὶν
1413 3227 1508 3284 οὖν
1542 3231 1923 3303 προθυμούμεο

2037 3236 2092 3280 ut
2119 3228 2411 3280 moriantur
2431 3241 2550 3280 eum
2581 3226 2683 3280 eo?
2711 3224 2943 3292 Quidam
2973 3228 3138 3297 igitur
3156 3244 3281 3283 eum
3312 3245 3407 3299 per
3437 3232 3604 3284 ardo-

356 3332 449 3369 νον
474 3317 638 3371 αὑτὸν
660 3319 818 3373 τοῦτο
852 3321 1104 3389 λέγουσιν
1138 3321 1313 3376 εἰπεῖν
1347 3339 1363 3355 ⁸
1396 3323 1540 3387 τινὲς
1561 3325 1619 3378 δὲ
1648 3324 1929 3379 δειλιῶντα

2035 3334 2149 3373 rem
2174 3318 2227 3372 id
2267 3319 2473 3373 dixisse
2503 3327 2714 3389 putant,
2748 3318 2970 3390 quidam
3001 3331 3181 3375 autem
3215 3335 3311 3391 per
3335 3321 3602 3378 timidita-

343 3410 453 3462 -καὶ
477 3410 919 3483 εἰρωνευόμενον.

430 3517 605 3571 Πόθεν
636 3520 667 3589 ἠ
701 3521 901 3590 Μάρθα
925 3520 1077 3589 ἔλεγε
1125 3523 1258 3595 πρὸς
1286 3524 1378 3577 τὸν
1398 3525 1650 3596 Χριστὸν,
1676 3526 1755 3580 ὅτι
1789 3523 1932 3581 Οἶδα

358 3609 770 3678 ἀναστήσεται
791 3612 860 3666 ἐν
902 3613 975 3681 τῇ
1005 3615 1234 3683 ἐσχάτῃ
1266 3617 1485 3686 ήμέρᾳ;
1523 3617 1615 3671 Ἐκ
1637 3620 1737 3688 τῆς
1766 3619 1930 3672 αὑτοῦ

359 3701 711 3767 διδασκαλίας
741 3719 756 3733 ’
789 3706 990 3775 ἤκουσε
1017 3710 1127 3777 γὰρ
1150 3708 1315 3761 αὑτοῦ
1346 3709 1519 3762 πολλὰ
1548 3712 1789 3765 τοιαῦτα.

430 3792 531 3847 Διὰ
562 3795 615 3847 τί
644 3796 817 3868 λάθρα
848 3798 1004 3851 καλεί
1033 3800 1133 3870 τὴν
1166 3801 1433 3873 ἀδελφήνς
1460 3802 1579 3857 "Iv:
1634 3805 1710 3876 μὴ
1764 3806 1913 3859 ἁκού-

362 3903 556 3952 σαντες
588 3891 670 3943 ὅτι
703 3893 829 3962 περ).
854 3894 1090 3963 Χριστοῦ
1107 3894 1257 3947 λαλεῖ
1279 3895 1442 3967 αὕτη,
1466 3896 1893 3970 ἀναχωρήσωσιν
1915 3917 1928 3931 ο

363 3981 548 4049 ἔλεγεν
574 3982 703 4053 γὰρ,
738 3984 820 4036 ὅτι
843 3985 910 4037 Εἴ
934 4002 1015 4049 τις
1048 3985 1281 4055 Χριστὸν
1302 3986 1543 4053 καλέσει,
1577 3989 1934 4057 ἀποσυνάγωο

362 4091 459 4141 γος
500 4075 743 4146 γένηται.

434 4184 501 4236 Τί
531 4186 647 4238 ἐστι
678 4187 759 4249 τὸ,
811 4188 1263 4259 Ἐνεόριμήσατο
1298 4190 1377 4256 τῷ
1418 4188 1933 4261 πνεύματι;Τοῦτό

364 4277 514 4332 ἐστιν
537 4278 655 4332 ἀντὶ
679 4279 794 4340 τοῦ,
838 4281 1165 4353 Ἐπετίμησε
1194 4283 1272 4355 τῷ
1324 4283 1486 4338 πάθει
1534 4284 1776 4356 ἐπισχὼν
1836 4285 1933 4356 τὴν

365 4371 628 4442 σύγχυσιν
651 4373 758 4426 τῶν
774 4375 1045 4446 δακρύων.

436 4479 538 4532 Διὰ
554 4479 607 4532 τί
630 4482 657 4534 ὁ
674 4483 850 4536 πάντα
873 4484 1046 4548 εἰδὼς,
1067 4486 1190 4540 Ποῦ
1219 4487 1514 4541 τεθείκατε
1561 4490 1769 4555 αὐτέν,
1797 4489 1933 4559 ἐρω-

2034 3418 2138 3463 ιειη
2170 3418 2224 3462 et
2247 3408 2472 3463 irouice.

2105 3520 2269 3575 Vsus.
2306 3519 2398 3574 25.
2442 3517 2597 3575 Unde
2626 3519 2835 3575 Martha
2863 3520 3001 3576 dixit
3025 3521 3269 3587 Christo,
3289 3524 3438 3579 ‘Scio
3472 3528 3601 3595 quia

2036 3623 2267 3684 resurget
2293 3615 2346 3667 in
2370 3615 2648 3668 novissimo
2670 3615 2785 3667 die?
2807 3612 2881 3668 Ex
2910 3614 3029 3686 ejus
3052 3616 3331 3684 doctrinm;
3359 3618 3607 3674 audierat

2034 3706 2179 3763 enim
2211 3708 2278 3762 ab
2307 3708 2401 3762 illo
2432 3707 2597 3762 multa
2629 3707 2855 3762 similia.

2108 3800 2273 3855 Vens.
2301 3800 2392 3856 28.
2421 3801 2530 3854 Cur
2559 3801 2695 3855 clam
2722 3810 3132 3858 vocatsororem
3151 3804 3174 3859 ?
3195 3803 3293 3871 Ne,
3322 3790 3606 3863 audientes

2035 3893 2182 3963 quod
2218 3893 2306 3947 illa
2348 3892 2417 3947 de
2466 3892 2685 3949 Christo
2718 3894 3052 3965 loqueretur,
3091 3896 3427 3954 recederent.
3453 3898 3606 3955 Dice-

2036 3985 2196 4038 batur
2223 3984 2391 4050 enim,
2419 3985 2471 4039 Si
2497 3985 2617 4055 quis
2642 3986 2919 4042 Christum
2943 3990 3239 4054 vocaverit,
3271 4008 3302 4046 e
3332 4007 3605 4064 synagoga

2036 4077 2358 4146 expellatur.

2110 4185 2274 4244 Vens.
2310 4187 2401 4241 '53.
2432 4186 2571 4253 Quid
2618 4198 2700 4242 est
2730 4226 2747 4252 ,
2791 4188 3076 4258 Infremuit
3140 4192 3370 4261 spiritu?
3408 4193 3465 4247 Id
3517 4200 3605 4249 eat

2036 4281 2205 4334 animi
2270 4282 2439 4336 mntui
2468 4281 2678 4337 obstitit
2710 4268 3073 4355 lacryuiarutn
3104 4284 3422 4342 eﬂ'usionetu
3453 4288 3608 4345 cohi-

2038 4372 2189 4428 hens.

2111 4481 2272 4537 Vsus.
2315 4483 2407 4537 δι.
2461 4484 2571 4537 Cur
2604 4485 2693 4539 ille
2734 4486 2828 4555 qui
2882 4487 2987 4541 scit
3029 4489 3213 4542 omnia
3262 4489 3607 4561 interrogat:

364 4570 435 4622 τᾶ
461 4570 605 4635 ;οὺκ
624 4573 853 4639 ἀγνοῶν,
880 4575 1013 4628 ἀλλὰ
1038 4577 1111 4645 μὴ
1132 4576 1452 4647 βουλόμενος
1473 4580 1663 4633 ἑαυτὸν
1682 4582 1930 4653 mpetu-

2042 4572 2144 4627 Ubi
2168 4577 2421 4643 posuistis
2443 4577 2606 4631 eum?
2635 4576 2752 4633 Non
2771 4578 3008 4647 ignorat,
3034 4580 3127 4635 sed
3153 4594 3260 4635 non
3293 4582 3403 4636 vult
3426 4582 3479 4636 in
3510 4585 3611 4637 mi-

366 4680 479 4716 τειν
516 4663 594 4733 τῷ
621 4664 880 4736 θαύματι.

436 4776 535 4830 Δια
563 4777 615 4829 τί
636 4777 851 4845 λέγουσι
868 4778 948 4843 τὸ,
975 4778 1101 4834 Οὐκ
1120 4779 1385 4848 ἠδύνατο
1400 4777 1601 4848 οὗτος,
1625 4787 1658 4837 ό
1677 4782 1939 4849 ποιήσας

365 4871 725 4940 ἀνοιχθῆναι
750 4873 891 4939 τοὺς
928 4874 1276 4944 ὀφθαλμοὺς
1291 4875 1396 4929 τοῦ
1414 4875 1666 4944 τυφλοῦ,
1689 4875 1939 4944 ποιῆσαι

365 4965 467 5017 ἵνα
507 4964 603 5018 καί
624 4962 802 5032 οὗτος
823 4967 911 5037 μὴ
950 4967 1225 5036 ἀποθάνῃ
1253 4984 1270 5031 ;
1304 4968 1696 5039 Διεφθαρμένῳ
1729 4968 1937 5038 σκοπῷ,

364 5056 440 5119 ὡς
463 5058 898 5123 ὲνδιαόἀλλοντες
931 5058 993 5112 τὸ
1024 5059 1207 5129 θαῦμα
1252 5062 1431 5115 έκεῖνο
1459 5063 1535 5123 ὡς
1571 5063 1647 5133 μὴ
1693 5061 1936 5130 γεγονός.

438 5150 537 5202 Διὰ
568 5152 621 5203 τί
653 5150 908 5221 dixerat;
949 5152 1165 5207 Μᾶλλον
1189 5152 1246 5207 δὲ
1278 5152 1442 5222 εὐχῆς
1470 5153 1653 5224 σχῆμα
1690 5154 1937 5223 ἀναλαμ-

367 5241 523 5296 ϐάνει
559 5258 572 5272 ·
608 5243 743 5313 φησὶ
770 5248 877 5315 γάρ
908 5261 920 5275 ·
953 5245 1056 5299 Διὰ
1104 5246 1211 5299 τὸν
1246 5238 1612 5313 περιεστῶτα
1640 5245 1828 5315 ὄχλον
1859 5242 1941 5299 εἴ·

372 5351 510 5398 πον,
540 5336 641 5389 ἵνα
673 5337 1088 5391 πιστεύσωσιν
1109 5336 1196 5390 ὅτι
1240 5340 1322 5391 σύ
1350 5354 1428 5406 με
1460 5338 1845 5403 ἀπέστειλας.
1874 5338 1939 5391 Ὃ

368 5428 424 5479 δὲ
458 5427 606 5495 λέγει
655 5427 895 5484 τοιοῦτόν
943 5431 1093 5484 ἐστιν
1126 5444 1142 5459 ⁸
1170 5429 1289 5482 Ἵνα
1324 5430 1399 5501 μὴ
1456 5428 1701 5482 ἀντίθεόν
1750 5444 1817 5499 με
1848 5445 1938 5481 νο-

370 5522 589 5594 μίσωσι.

438 5614 538 5668 Διὰ
561 5615 614 5667 τί
659 5615 844 5684 λέγει·
874 5618 1087 5684 Ἅφετε
1117 5616 1304 5670 αὺτὸν
1344 5615 1631 5685 dixti-retr;
1686 5613 1803 5667 ’Ίνα
1863 5609 1937 5685 μὴ

366 5706 707 5778 ἐπαγόμενος
739 5708 900 5762 αὑτὸν
922 5708 1050 5781 δόξῃ
1075 5707 1401 5777 κομπάζειν.

440 5803 540 5856 Διὰ
561 5803 613 5855 τί
664 5802 934 5870 λέγουσιν,
969 5803 1050 5855 ὅτι
1117 5803 1259 5856 ἐὰν
1304 5801 1548 5872 ἀφῶμεν
1595 5802 1801 5861 αὐτὸν.
1842 5802 1938 5869 ἕρ-

373 5910 578 5961 χονται
610 5897 663 5949 οι
699 5891 967 5961 Ῥωμαῖοι
999 5893 1095 5945 καί
1152 5894 1429 5961 αἴρουσιν
1474 5892 1642 5961 ἡμῶν
1676 5892 1739 5945 τὸ
1763 5893 1938 5958 ἔθνος

2042 4668 2288 4721 racnlum
2318 4668 2544 4723 irruere.

2110 4777 2271 4834 Vens.
2307 4777 2396 4833 37.
2429 4776 2539 4832 Cur
2578 4779 2769 4834 dicunt
2820 4797 2833 4833 :
2880 4778 3003 4835 Non
3032 4782 3201 4850 potuit
3248 4783 3329 4836 hic
3356 4784 3447 4853 qui
3485 4802 3611 4855 ape-

2042 4873 2149 4924 ruit
2171 4871 2349 4924 oculos
2376 4871 2526 4935 cteci,
2573 4872 2747 4940 facere
2786 4880 2843 4925 ut
2869 4872 2953 4925 hic
2990 4888 3093 4926 non
3128 4879 3458 4930 moreretur?
3484 4876 3611 4930 Per-

2044 4974 2203 5015 rerso
2230 4961 2515 5029 proposito
2528 4962 2685 5029 quasi
2704 4961 3106 5017 calumniantes
3128 4966 3452 5020 miraculum
3480 4968 3610 5022 illud

2041 5063 2300 5120 tanquam
2334 5067 2439 5104 non
2481 5050 2708 5105 factum.

2118 5141 2279 5197 Vnus.
2315 5143 2405 5196 Η.
2435 5144 2544 5196 Cur
2572 5143 2731 5197 orat?
2780 5146 2965 5200 Potius
3003 5155 3182 5201 autem
3219 5150 3481 5204 orationis
3516 5167 3613 5220 ap-

2040 5236 2344 5307 parentiam
2374 5235 2562 5290 sumit:
2594 5235 2729 5290 dicit
2752 5236 2897 5290 enim
2924 5253 2937 5289 :
2974 5236 3201 5303 PrOpter
3237 5241 3487 5307 populant
3521 5244 3611 5311 qui

2040 5333 2383 5393 circumstat,
2424 5328 2573 5393 dixi,
2631 5338 2689 5381 ut
2742 5330 2958 5383 credant
2984 5331 3109 5400 quia
3163 5340 3219 5383 tu
3270 5348 3351 5385 me
3396 5334 3610 5386 misisti.

2040 5422 2196 5490 Quod
2225 5423 2356 5477 dicit
2389 5422 2494 5476 tale
2526 5430 2631 5485 est,
2661 5420 2739 5477 Ne
2773 5421 2999 5491 impium
3038 5438 3124 5477 me
3151 5424 3403 5479 habeant.

2114 5606 2280 5663 Vnus.
2311 5608 2401 5662 Η.
2435 5606 2548 5661 Cur
2571 5608 2703 5663 dicit
2733 5625 2747 5661 :
2783 5605 2969 5661 Sinite
2991 5622 3109 5661 eum
3145 5607 3433 5663 abire1’Ne
3460 5608 3613 5669 illum

2041 5705 2109 5759 ad
2136 5720 2196 5759 se
2233 5704 2510 5758 adducens
2540 5703 2788 5756 videatur
2808 5702 2974 5757 nimis
2998 5699 3303 5771 superbire.

2116 5798 2280 5853 Vens.
2311 5797 2415 5855 A8:
2435 5796 2544 5850 Cnr
2569 5795 2767 5851 dicunt
2795 5814 2809 5850 :
2834 5794 2895 5850 Si
2918 5797 3232 5849 dimittimus
3252 5811 3391 5863 eum,
3415 5796 3614 5849 venient

2040 5892 2283 5957 Romani,
2316 5903 2364 5945 et
2402 5890 2835 5944 tollentnostram
2869 5898 3069 5960 gentem
3103 5898 3148 5943 et
3180 5889 3399 5943 urbem?
3426 5885 3609 5961 Popu-
