4026 6586
366 429 502 494 1265

1421 443 1740 505 SCHOLIA
1781 446 2082 507 VETERA
2116 447 2197 508 IN
2230 447 2606 512 JOANNEM.

3466 457 3486 520 I
3501 455 3602 521 266

436 546 555 600 Ὅτι
586 548 617 616 ἡ
655 549 780 619 περὶ
808 550 897 603 τδν
942 552 1166 608 Θάνατον
1212 556 1403 621 δειλία,
1441 553 1555 611 οἷον
1594 575 1675 624 το,
1708 559 1915 629 Πάτερ.

2098 561 2263 616 Vens.
2296 560 2384 615 27.
2425 563 2581 618 Circa
2618 574 2842 620 mortem
2878 565 3059 633 timor,
3090 566 3249 638 quale
3286 577 3391 631 est.
3414 567 3596 635 Pater,

360 636 568 692 σῶσόν
585 658 662 711 με
687 643 754 696 ἐκ
783 643 893 711 τῆς
921 644 1073 714 ὧρας
1102 648 1344 714 ταύτης,
1377 650 1471 702 καὶ
1495 650 1592 703 ὅσα
1621 651 1802 721 ὅμοια,
1830 651 1915 721 τῆς

2028 652 2175 707 salva
2209 670 2289 707 me
2314 670 2380 709 ex
2396 654 2493 707 hac
2516 655 2668 719 liora,
2698 665 2752 711 et
2784 667 2986 727 quanta
3025 636 3225 715 similia
3252 669 3402 724 sunt,
3436 661 3596 716 insti-

356 728 664 799 οἰκονομίας
689 732 857 800 ἐστὶν,
885 735 943 787 οὐ
974 734 1074 805 τῆς
1102 735 1374 806 Θεότητος,
1406 739 1571 810 ἤγουν
1596 743 1693 811 τῆς
1715 740 1923 811 ἀνθρω-

358 817 516 881 πείας
557 820 792 889 φύσεως.

424 908 547 972 Πῶς
577 911 796 979 νοητέον
826 912 906 975 τὸ,
939 913 1148 982 Πάτερ,
1177 916 1441 979 δόξασόν
1463 933 1580 971 σου
1610 919 1671 971 τὸ
1699 921 1923 989 ὄνομα;

355 996 526 1050 Τοῦτό
559 1000 729 1067 ἐστιν,
764 1002 969 1072 Ἀγαγε
1016 1006 1202 1059 λοιπὸν
1251 1007 1343 1061 ἐπὶ
1377 1009 1467 1061 τὸν
1508 1010 1737 1079 σταυρόν
1765 1028 1778 1041 ο
1830 1012 1924 1064 καὶ

355 1089 436 1143 ὅτι
465 1090 604 1163 ὑπὲρ
634 1091 892 1160 ἀληθείας
922 1097 1276 1169 ἀποθνήσκει,
1309 1099 1465 1165 δόξαν
1491 1101 1569 1164 εἰς
1592 1101 1682 1154 τὸν
1710 1101 1839 1155 Θεὸν
1865 1101 1924 1155 τὸ

359 1182 591 1251 πρᾶγμα
657 1184 859 1240 καλῶν.
914 1187 978 1239 Τί
1027 1188 1172 1257 λέγει
1218 1190 1489 1261 ἡᾶνωθεν
1558 1192 1745 1261 φωνὴ,
1812 1191 1923 1245 Kal

355 1270 646 1336 ἐδόξασα,
680 1274 776 1327 και
816 1275 1001 1329 πάλιν
1026 1277 1301 1343 δοξάσω;
1349 1281 1469 1335 Ὀτι
1514 1280 1769 1349 Ἐδόξασα
1824 1283 1922 1352 μὲν

353 1360 411 1411 ἐν
440 1365 554 1425 τοῖς
588 1362 690 1433 πρὸ
723 1364 952 1442 τορτου·
988 1367 1196 1433 δοξάσω
1234 1371 1290 1423 δὲ
1323 1372 1415 1423 καὶ
1449 1374 1585 1442 μετὰ
1632 1373 1721 1424 τὸν
1759 1389 1922 1424 σταυ-

354 1450 465 1521 ρόν.
1452 1466 1453 1469 γ

422 1542 519 1595 Διὰ
549 1545 601 1597 τί
623 1547 650 1599 ὁ
678 1546 832 1617 ὄχλος
878 1549 1117 1614 άκούσας
1141 1552 1239 1622 τῆς
1267 1554 1469 1623 φωνῆς,
1503 1554 1653 1623 ἔλεγε
1694 1554 1922 1626 βροντὴν

354 1636 672 1705 γεγονέναι;
712 1641 833 1692 Ὅτι
882 1641 1055 1713 τρανὴ
1085 1644 1177 1695 καὶ
1207 1644 1445 1715 εὓσημος
1487 1642 1574 1718 ἧν,
1624 1650 1715 1701 καὶ
1747 1648 1836 1702 διὰ
1862 1649 1922 1701 τὸ

350 1731 563 1797 ταχέως
592 1730 906 1802 άποπτῆναι
936 1734 1198 1807 ἐνομίσθη
1229 1741 1341 1801 τοῖς
1369 1739 1697 1808 παχυτέροις
1723 1740 1919 1811 βροντὴ

349 1821 442 1872 τὶν
466 1821 596 1892 ἦχον
633 1823 931 1879 ἀκούσασιν
950 1845 965 1859 ο
994 1828 1043 1880 οἱ
1070 1828 1123 1881 δὲ
1152 1829 1414 1895 εἰπόντες,
1451 1832 1735 1900 Ἀγγελος
1761 1834 1920 1900 αὐτῷ

2029 744 2132 799 tuti
2165 756 2292 800 sunt
2316 761 2421 800 non
2456 745 2780 816 divinitatis,
2816 748 3071 805 humanae
3106 761 3233 820 puta
3262 762 3491 807 natura}.

2099 927 2261 983 Vens.
2292 929 2382 985 ΞΒ.
2412 930 2697 996 Quomodo
2727 930 3168 1002 intelligendum,
3209 932 3394 999 Pater,
3428 935 3597 1004 glori-

2024 1023 2124 1090 [ica
2158 1038 2340 1075 nomen
2366 1023 2553 1076 tuum?
2582 1021 2636 1078 Id
2663 1022 2887 1089 est,Duc
2909 1038 2994 1077 me
3024 1025 3238 1079 tandem
3258 1026 3324 1079 ad
3346 1041 3596 1093 crucem;

2024 1125 2077 1169 et
2105 1116 2231 1184 quia
2268 1131 2366 1185 pro
2397 1114 2622 1170 veritate
2664 1115 2916 1181 moritur,
2947 1130 3063 1170 rem
3094 1126 3249 1170 vocat
3280 1115 3508 1185 gloriam
3541 1116 3596 1168 in

2024 1201 2215 1258 Deum.
2250 1202 2389 1269 Quid
2436 1204 2571 1261 dicit
2610 1219 2711 1259 vox
2753 1219 2816 1257 ex
2863 1204 3024 1259 alto:
3081 1202 3146 1258 Et
3206 1203 3497 1275 glori/icavi
3547 1214 3596 1258 et

2023 1298 2210 1349 iterum
2240 1294 2588 1366 gloriﬁcabo?
2639 1296 2946 1351 Gloriiiravi
2996 1296 3217 1366 quidem
3260 1297 3315 1350 in
3350 1292 3438 1351 his
3474 1310 3597 1366 quae

2024 1395 2455 1454 praecesserunt;
2487 1386 2802 1455 gloriﬁcabo
2825 1396 3007 1443 autem
3049 1396 3170 1456 post
3203 1400 3447 1443 crucem.

2096 1566 2256 1622 Vens.
2289 1567 2379 1622 27.
2411 1568 2521 1623 Cur
2551 1569 2708 1624 turba
2739 1569 2961 1625 audiens
2996 1584 3181 1625 vocem
3210 1570 3421 1625 dicebat
3455 1569 3594 1624 toni-

2025 1668 2202 1713 truum
2237 1673 2359 1714 esse
2406 1659 2648 1713 factum?
2693 1658 2842 1725 Quia'
2860 1660 3038 1715 valida
3086 1670 3139 1715 et
3187 1661 3335 1715 clara
3365 1669 3502 1723 erat,
3542 1670 3596 1715 et

2021 1749 2167 1818 quod
2199 1748 2448 1805 celeriter
2481 1750 2661 1813 desiit,
2704 1760 3035 1822 putaverunt
3083 1750 3393 1807 stolidiores
3447 1751 3593 1806 toni-

2022 1841 2131 1895 trni
2197 1841 2466 1911 fragorem
2524 1841 2820 1898 audivisse;
2877 1840 2982 1896 Alii
3042 1852 3223 1897 autem
3286 1841 3591 1896 dicebant:

352 1912 717 1981 λελάληκεν,
750 1916 1014 1989 ἔναρθρον
1045 1922 1144 1990 μὲν
1173 1920 1269 1992 τὴν
1302 1923 1485 1992 φωνὴν
1514 1923 1713 1995 ᾔδεσαν
1734 1941 1747 1953 '
1788 1926 1840 1979 τί
1860 1926 1915 1979 δὲ

2020 1932 2249 2001 Angelus
2282 1902 2337 1985 ἐἰ
2379 1931 2585 1985 locutus
2628 1940 2724 1987 est.
2758 1932 3114 1986 Articulatam
3151 1930 3369 2002 quidem
3406 1943 3592 1984 vocem

349 2003 665 2073 ἐσήμαινεν,
694 2007 883 2061 οὐκέτι
913 2009 1128 2079 ⁴ᾔδεσαν.

419 2187 543 2250 Πῶς
568 2192 786 2262 νοητέον
809 2193 889 2257 τὸ,
920 2194 1050 2249 Νῦν
1087 2199 1121 2250 ό
1160 2197 1359 2267 ἄρχων
1387 2200 1491 2254 τοῦ
1526 2202 1758 2272 κόσμου
1784 2206 1918 2258 τού·

347 2294 452 2331 του
487 2279 748 2345 κέκριται
766 2301 784 2349 ;
815 2285 993 2354 Δηλοί,
1031 2287 1110 2341 ὅτι
1150 2289 1301 2343 Ἐπεὶ
1322 2290 1379 2357 ἐξ
1407 2293 1578 2362 ἀρχῆς
1601 2293 1855 2364 ἠπατήθη
1888 2296 1917 2348 ὀ

348 2369 634 2441 ἄνθρωπος
662 2376 755 2426 καὶ
786 2375 1087 2442 ὑπεύθυνος
1113 2380 1329 2447 ἐγένετο
1356 2385 1448 2436 καὶ
1478 2384 1772 2449 ἀπέθανεν,
1799 2387 1918 2439 ἐπι-

350 2460 582 2533 δημήσει
609 2465 703 2519 καὶ
732 2468 789 2519 ὲν
824 2469 966 2537 ἐμοὶ,
1021 2473 1114 2525 καὶ
1144 2473 1203 2525 οὐ
1238 2474 1434 2542 πράξει
1480 2476 1580 2530 ὅσα
1630 2476 1913 2547 βούλεται,

347 2558 441 2606 καὶ
470 2555 557 2610 διά
577 2558 735 2611 τοῦτο
758 2560 1175 2632 ἐκδικηθήσεται
1203 2566 1229 2619 ὁ
1258 2566 1459 2637 κόσμος
1483 2584 1497 2599 ’
1533 2568 1680 2624 ἄλλοι
1701 2569 1757 2623 δὲ
1787 2573 1914 2642 περὶ

349 2647 583 2703 Πιλάτου
615 2650 774 2705 τοῦτο
807 2653 1042 2709 νοοῦσιν.

414 2741 479 2792 Τί
503 2745 617 2795 ἐστι
649 2743 730 2809 τὸ,
764 2744 887 2799 Ὅτ’
918 2744 995 2800 ἂν
1042 2749 1259 2817 ὑψωθῶ
1288 2750 1356 2804 ἐκ
1386 2750 1497 2821 τῆς
1528 2752 1661 2820 γῆς,
1683 2754 1915 2821 πάντας

344 2831 585 2886 ἑλκύσω
614 2836 764 2902 πρὸς
811 2837 1105 2907 ἐμαυτόν;
1154 2842 1291 2911 Περὶ
1323 2841 1414 2895 τοῦ
1448 2845 1681 2913 σταυροῦ
1728 2845 1912 2915 λέγει·

346 2926 408 2977 τὸ
457 2926 554 2991 δὲ,
631 2928 885 2995 πάντας,
950 2930 1037 2984 διά
1092 2932 1159 2985 τά
1216 2933 1340 3003 ἔθνη
1403 2935 1743 3005 πρόσκειται.
1802 2940 1913 2994 Καὶ

345 3016 547 3085 ἄλλως
588 3037 604 3052 ⁸
666 3022 781 3077 Οὐκ
858 3020 1050 3088 εἶπεν,
1103 3024 1331 3079 Καλέσω
1361 3067 1376 3091 ,
1429 3027 1579 3094 ἀλλ’,
1642 3028 1915 3086 Ἓλκύσω

346 3111 489 3177 τοὺς
530 3112 796 3182 πάντας·
822 3115 884 3169 τὸ
912 3116 1085 3187 βίαιον
1132 3118 1344 3182 δεικνὺς
1387 3119 1480 3172 τοῦ
1529 3120 1910 3193 κηρύγματος⁸

344 3204 404 3257 τὸ
436 3205 547 3257 τῶν
604 3206 952 3278 Εὐαγγελίων
989 3210 1279 3279 δραστικὸν
1325 3211 1672 3278 ὑποφαίνων,
1713 3213 1774 3266 τὸ
1817 3214 1915 3285 τῆς

346 3296 567 3367 χάριτος
600 3297 775 3368 δηλῶν
815 3300 1207 3369 ἀνεμπόδιστον
1228 3317 1242 3331 ⁸
1276 3301 1357 3354 ὅτι
1398 3302 1606 3365 πάντας
1649 3305 1915 3375 προσάγει

344 3394 412 3462 τῇ
437 3392 639 3456 πίστει,
675 3391 754 3445 ὃτι
796 3392 1003 3455 πάντας
1027 3392 1336 3461 εὐεργετεῖν
1371 3395 1702 3462 μηχανᾶται.

413 3484 480 3537 Τί
512 3488 625 3538 ἐστι
650 3486 731 3551 τὸ,
758 3486 887 3539 ἰνα
917 3485 1031 3540 υἱοὶ
1058 3485 1253 3555 φωτὸς
1274 3485 1566 3555 remotas;
1596 3487 1912 3540 Τουτέστινο

355 3575 530 3646 Ἐμοί.

414 3669 536 3732 Πῶς
558 3667 775 3739 νοητέον
802 3667 881 3732 τὸ,
915 3669 1046 3722 Ἵνα
1068 3670 1353 3739 πληρωθῇ
1382 3674 1414 3725 ό
1438 3672 1619 3740 λόγος
1647 3672 1719 3725 ὃν
1747 3668 1906 3726 εἶπεν

357 3762 625 3827 Ἡσαΐας;
649 3760 818 3814 Τοῦτο
849 3761 929 3825 τὸ,
960 3763 1081 3826 ἵνα,
1108 3762 1209 3816 οὐκ
1237 3764 1565 3833 αἰτιολογίας
1595 3764 1766 3832 ἐστὶν,
1795 3765 1912 3818 ἀλλ’

342 3853 644 3916 ἐκϐάσεως.

415 3946 538 4009 Πῶς
559 3947 870 4016 νοητὲοντὸ,
898 3948 1285 4017 Τετύφλωκεν
1304 3946 1501 4001 αὐτῶν
1529 3948 1670 4013 τοὺς
1691 3950 1912 4018 ὀφθαλ-

338 4039 493 4110 μοὺς
520 4038 617 4093 καὶ
645 4038 1000 4109 πεπώρωκεν
1032 4039 1231 4093 αὐτῶν
1253 4040 1370 4108 τὴν
1398 4039 1684 4109 καρδιαν;
1722 4041 1911 4095 Τοιοῦ-

340 4148 432 4185 τον
464 4131 577 4196 καὶ,
630 4131 981 4201 Παρέδωκεν
1021 4131 1245 4197 αὐτοὺς
1282 4136 1369 4198 εις
1400 4132 1685 4202 ἀδόκιμον
1722 4133 1907 4200 νοῦν,

2020 2023 2297 2089 sciebant;
2358 2023 2487 2093 quid
2535 2036 2664 2077 vero
2699 2022 3138 2095 signiﬁcaverat,
3189 2021 3412 2077 minime
3453 2019 3595 2076 scie-

2020 2114 2168 2171 bant.

2097 2206 2261 2263 Vens.
2292 2208 2381 2263 5|.
2410 2206 2696 2274 Quomodo
2735 2208 3147 2280 intelligendum
3194 2225 3207 2263 :
3259 2205 3416 2261 Nunc
3445 2205 3593 2276 priu-

2018 2313 2133 2366 σερε
2163 2299 2344 2352 mundi
2374 2298 2812 2370 Itujusjudicatus
2838 2300 2960 2353 est?
2990 2297 3241 2355 Ostendit
3266 2298 3394 2369 quia
3417 2338 3432 2364 ,
3468 2311 3590 2351 cum

2018 2389 2088 2445 ab
2123 2390 2281 2444 initio
2302 2388 2469 2444 homo
2500 2389 2761 2460 deceptus
2786 2400 2887 2454 est,
2931 2399 2985 2446 et
3021 2405 3147 2446 reus
3186 2390 3362 2445 factus
3397 2397 3501 2451 est,
3541 2394 3596 2440 tt

2021 2491 2268 2536 mortuus
2299 2491 2402 2546 est,
2433 2479 2501 2535 ad
2549 2497 2637 2537 me
2683 2483 2845 2536 etiam
2898 2482 3142 2547 accedet,
3188 2490 3242 2536 et
3276 2496 3382 2535 non
3432 2479 3597 2534 faciet

2018 2583 2220 2643 quanta
2252 2574 2387 2638 vult,
2433 2582 2488 2628 et
2541 2582 2761 2644 propter
2810 2574 2913 2628 hoc
2949 2574 3289 2643 iudicabitur
3328 2572 3587 2627 mundus.

2021 2665 2125 2718 Alii
2156 2674 2337 2718 autem
2375 2665 2442 2718 de
2467 2662 2641 2719 Pilato
2675 2665 2777 2718 hoc
2814 2664 3141 2735 intelligunt.

2094 2755 2255 2812 Vens.
2288 2756 2376 2812 32.
2411 2756 2549 2824 Quid
2583 2765 2705 2812 est:
2737 2757 2867 2810 Cum
2901 2758 3167 2810 exnttatus
3189 2756 3336 2826 fuero
3370 2770 3401 2807 a
3430 2764 3594 2819 terra,

2019 2864 2194 2902 omnes
2226 2848 2430 2901 traham
2462 2847 2531 2900 ad
2566 2847 2862 2917 uteipsum?
2892 2847 2968 2902 De
3002 2862 3164 2902 cruce
3198 2848 3370 2912 dicit;
3421 2860 3597 2898 omnes

2020 2950 2202 2992 autem
2236 2946 2458 3007 propter
2496 2948 2683 3008 gentes
2708 2937 2926 2993 dicitur.
2965 2935 3027 2990 Et
3070 2937 3243 2991 aliter.
3288 2935 3405 2990 Non
3435 2934 3592 2997 dixit,

2022 3027 2261 3095 Vocabo,
2295 3029 2411 3092 sed,
2447 3029 2678 3083 Traham
2713 3045 2892 3083 omnes
2915 3043 2934 3082 :
2985 3028 3154 3083 robur
3180 3027 3429 3082 iudicans
3452 3039 3593 3095 pra-

2020 3118 2335 3187 dicatiouis,
2378 3119 2799 3190 Evangeliorunt
2846 3118 3141 3174 clﬁcaciam
3176 3116 3491 3180 ostendens,
3541 3122 3596 3168 et

2021 3210 2207 3281 gratiae
2239 3211 2346 3264 vim
2385 3210 2667 3277 invictam,
2687 3209 2816 3280 quia
2848 3223 3040 3264 omnes
3068 3206 3220 3262 ducit
3247 3205 3311 3260 ad
3333 3206 3512 3269 tidem,
3540 3213 3609 3257 et.

2020 3317 2211 3357 omnes
2236 3302 2303 3357 ad
2336 3304 2539 3358 bonum
2578 3301 2887 3358 faciendum
2930 3298 3170 3356 instruit.

2092 3487 2259 3545 Vens.
2281 3488 2369 3543 56.
2400 3488 2539 3555 Quid
2593 3497 2695 3552 est,
2753 3486 2819 3541 Ut
2878 3487 2978 3556 ﬁlii
3010 3487 3143 3540 lucis
3198 3485 3439 3540 sitis?“
3474 3492 3595 3547 cst,

2020 3583 2171 3638 Mihi.

2093 3677 2257 3732 Vens.
2309 3679 2397 3734 '58.
2460 3677 2751 3744 Quomodo
2811 3674 3260 3747 intelligendum,
3309 3674 3377 3729 Ut
3425 3691 3595 3729 sermo

2017 3768 2671 3840 lsaitejmplereturfUt
2715 3768 2931 3839 signum
2986 3776 3067 3823 est
3103 3783 3210 3823 non
3272 3782 3449 3823 causa:
3502 3767 3595 3821 sed

2016 3870 2271 3918 eventus.

2087 3948 2254 4006 Vens.
2308 3950 2399 4004 60.
2447 3949 2733 4016 Quomodo
2781 3948 3192 4019 intelligendum
3241 3965 3254 4002 :
3301 3948 3596 4003 Excwcarit

2014 4041 2188 4096 oculos
2222 4056 2401 4094 eorum
2452 4050 2503 4094 et
2559 4041 2829 4096 induravit
2882 4056 2975 4095 cor
3030 4042 3249 4094 eorum?
3301 4039 3446 4093 Idem
3488 4050 3594 4103 est,

2014 4148 2098 4198 ac,
2148 4131 2392 4187 Tradidit
2440 4131 2563 4187 illos
2612 4133 2668 4185 in
2709 4133 2957 4201 spiritum
2994 4131 3366 4201 reprobatum,
3402 4132 3452 4187 id
3489 4140 3593 4197 est,

340 4221 499 4276 τοῦτό
528 4225 662 4286 ἐστι,
684 4224 1080 4295 συνεχώρησεν,
1106 4223 1338 4294 ἀφῆκεν.
1361 4225 1434 4277 οὐ
1454 4223 1561 4295 γὰρ
1583 4223 1909 4295 ἐνεργοῦντα

2018 4223 2281 4279 sustinere
2340 4224 2521 4279 desiit.
2559 4221 2678 4278 Non
2711 4227 2858 4278 enim
2908 4233 3229 4294 operantem
3270 4224 3424 4277 illum
3482 4225 3598 4278 liam

341 4316 507 4369 αὐτὸν
539 4316 712 4369 ταῦτα
740 4317 907 4385 λέγει,
942 4316 1056 4369 ἀλλ’
1083 4318 1148 4370 ὲκ
1178 4316 1277 4386 τῆς
1303 4316 1703 4387 αὐτοπονηρίας
1734 4317 1909 4372 ταῦτα

2018 4316 2167 4380 dicit,
2210 4316 2303 4371 sed
2340 4315 2457 4371 haec
2505 4315 2781 4386 propriam
2818 4330 2917 4385 per
2950 4316 3218 4370 malitiam
3248 4330 3439 4372 eorum
3470 4331 3597 4370 eve-

339 4409 603 4478 γινόμενα
652 4409 942 4463 δείκνυσιν.
980 4409 1165 4473 Οὕτως
1205 4410 1300 4463 καὶ
1330 4410 1358 4462 ὁ
1387 4409 1537 4481 ἥλιος
1587 4409 1697 4463 τῶν
1745 4408 1907 4462 ἀσθε-

2018 4408 2133 4462 nire
2157 4407 2417 4464 ostendit.
2444 4407 2522 4463 Ita
2555 4407 2635 4464 sol
2665 4406 2927 4463 debilium
2966 4408 3140 4463 visum
3167 4406 3332 4472 laedit,
3362 4422 3470 4461 non
3500 4423 3596 4478 per

339 4501 575 4555 νούντων
602 4500 828 4570 πλήττει
870 4500 966 4565 τάς
994 4500 1168 4571 ὄψεις,
1203 4504 1263 4555 οὑ
1317 4503 1467 4575 παρά
1492 4502 1591 4573 τὴν
1623 4502 1908 4558 ἀσθένειαν

2018 4498 2346 4556 debilitatem
2373 4500 2787 4557 sustinentium.
3440 4495 3447 4501 ’

336 4593 446 4647 τῶν
476 4593 906 4663 ὑποδεχομένων.
962 4628 1005 4651 κν
1941 4605 1997 4664 ι)
3646 4644 3651 4647 ,

412 4688 534 4739 Ὅτι
560 4686 661 4740 οὐκ
695 4681 869 4750 εἶπεν,
918 4686 976 4739 '0
1023 4684 1295 4739 πιστεύων
1334 4686 1478 4756 ἐμοὶ,
1510 4686 1648 4750 ἀλλ’,
1693 4688 1756 4741 ‘0
1809 4704 1904 4741 πι-

2085 4682 2243 4738 Vens.
2283 4682 2371 4738 ιιι.
2408 4681 2524 4737 Non
2559 4682 2699 4738 dixit
2733 4701 2746 4738 :
2795 4682 2897 4751 Qui
2932 4684 3102 4741 credit
3148 4684 3305 4749 mihi,
3335 4685 3455 4751 sed,
3490 4683 3595 4750 Qui

336 4781 570 4834 στεύων
595 4782 682 4845 εὶς
700 4780 835 4849 ἐμέ·
867 4781 928 4832 τὸ
946 4779 1369 4851 ἀπαράλλακτον
1389 4779 1525 4850 πρὸς
1541 4777 1640 4851 τὴν
1668 4780 1762 4833 τοῦ
1792 4782 1906 4834 Πα-

2018 4776 2169 4831 credit
2218 4777 2275 4831 iu
2317 4794 2432 4842 me;
2463 4777 2878 4835 similitudinem
2917 4776 3259 4835 cumPatris
3290 4778 3595 4834 substantia

336 4871 465 4942 τρὸς
494 4872 683 4925 οὐσίαν
712 4870 923 4935 δεικνύς
946 4889 959 4901 ·
1008 4871 1195 4939 ὅμοιον
1222 4869 1282 4923 δὲ
1308 4870 1402 4925 καὶ
1438 4870 1520 4935 τὸ,
1579 4871 1643 4924 '0
1675 4868 1907 4938 θεωρῶν

2018 4871 2347 4926 ostendens:
2404 4871 2547 4926 idem
2579 4881 2663 4927 est
2725 4878 2946 4937 autem,
2985 4870 3090 4937 Qui
3126 4872 3263 4927 videt
3314 4888 3414 4938 me,
3456 4873 3595 4926 videt

337 4965 463 5035 ἐμὲ,
488 4965 690 5032 θεωρεῖ
710 4965 817 5017 τὸν
843 4963 1164 5032 πέμψαντά
1179 4982 1275 5032 με.

2018 4980 2127 5019 eum
2154 4965 2243 5033 qui
2268 4967 2415 5019 misit
2442 4982 2545 5018 me.

413 5052 537 5116 Πῶς
567 5054 780 5123 νοητέον
808 5052 889 5117 τὸ,
929 5053 989 5105 ⁸0
1026 5052 1253 5107 ἀθετῶν
1300 5053 1425 5122 ἐμὲ,
1463 5054 1587 5121 ἔχει
1631 5051 1737 5105 τὸν
1786 5053 1909 5119 κρί-

2085 5051 2248 5106 Vens.
2296 5052 2385 5107 48.
2441 5053 2730 5118 Quomodo
2768 5053 3205 5120 intelligendum,
3240 5054 3345 5123 Qui
3392 5056 3590 5124 spernit

341 5161 527 5198 νοντα
570 5144 797 5208 αὐτόν;
830 5143 965 5197 Τίνα
1012 5144 1125 5215 ἔχει
1174 5143 1265 5195 τὸν
1314 5142 1606 5213 κρίνοντας
1643 5143 1704 5194 Et
1739 5142 1846 5210 γάρ
1882 5144 1909 5194 ὁ

344 5234 532 5305 Πατὴρ
562 5235 753 5290 οὐδένα
783 5234 980 5305 κρίνει,
1003 5234 1098 5287 xa‘t
1121 5234 1185 5287 σὺ
1209 5232 1409 5301 λέγεις,
1438 5236 1557 5287 Οὐκ
1581 5228 1771 5303 ἦλθον
1790 5233 1912 5301 κρῖ-

338 5344 437 5381 ναι
472 5328 579 5381 τὸν
615 5330 870 5398 κόσμον,
898 5328 981 5392 τίς
1021 5327 1198 5397 κρίνει
1224 5327 1350 5389 τοὺς
1384 5325 1458 5397 μὴ
1508 5325 1905 5393 πιστεύοντα;;

350 5418 409 5474 ’0
438 5419 617 5484 λόγος,
650 5422 837 5490 φησιν,
870 5420 929 5474 ὃν
958 5418 1251 5490 λελάληκα,
1281 5421 1488 5482 ἐκεῖνος
1512 5420 1688 5489 κρινεί
1708 5417 1870 5472 αὐτόν
1890 5432 1905 5447 ⁸

343 5512 463 5569 ἀντὶ
491 5511 607 5579 τοῦ,
646 5516 703 5567 ὲν
734 5514 882 5578 τάξει
922 5512 1228 5585 κατηγόρου
1262 5513 1541 5585 στήσεται.

412 5701 538 5753 Ὅτι
568 5699 947 5763 ταπεινώσεως
990 5700 1203 5763 τελείας
1234 5699 1327 5753 καὶ
1355 5700 1453 5769 τῆς
1491 5696 1910 5769 άνθρωπότητος

343 5790 563 5862 ἔνδειξις
597 5790 657 5844 τὸ
683 5791 860 5860 λέγειν
895 5791 1075 5857 αὑτὸν,
1098 5793 1180 5846 ὅτι
1216 5793 1285 5845 'U
1320 5791 1520 5859 Πατὴρ
1546 5789 1777 5855 ἐκεῖνός
1799 5806 1907 5859 μοι

340 5881 598 5949 ἐντολὴν
634 5882 815 5938 ἔδωκε
844 5882 900 5936 τί
923 5882 1068 5938 εἴπω
1098 5883 1195 5938 καὶ
1228 5884 1281 5938 τί
1303 5882 1572 5953 λαλήσω.

2011 5157 2111 5204 me,
2145 5141 2299 5194 habet
2323 5142 2415 5210 qui
2448 5141 2655 5210 judicet
2704 5141 2867 5195 eum?
2913 5142 3084 5208 Quem
3131 5143 3291 5197 habet
3317 5142 3593 5211 judicent?

2012 5233 2069 5289 Si
2098 5235 2245 5289 enim
2266 5232 2428 5289 Pater
2457 5249 2564 5287 non
2596 5234 2809 5302 judicat
2839 5249 3196 5303 quemquam.
3237 5242 3291 5287 et
3316 5242 3372 5288 tu
3406 5234 3544 5288 dicis
3574 5254 3589 5290 :

2016 5323 2137 5379 Non
2178 5324 2289 5378 veni
2320 5333 2375 5377 ut
2398 5324 2637 5392 judicent
2665 5323 2940 5388 mundum,
2972 5323 3097 5392 quis
3129 5322 3334 5391 iudicat
3367 5322 3467 5378 hos
3495 5324 3591 5392 qui

2012 5433 2120 5472 non
2153 5417 2426 5470 credunt?
2473 5416 2687 5480 Sermo,
2721 5415 2920 5487 inquit,
2969 5430 3132 5489 quem
3183 5413 3399 5467 locutus
3443 5429 3589 5477 sum,

2014 5511 2103 5565 ille
2142 5508 2408 5580 judicabit
2479 5523 2628 5570 eum,
2686 5507 2739 5561 id
2786 5516 2871 5563 est
2914 5506 2967 5565 in
3027 5521 3240 5561 reorum
3301 5520 3585 5560 munerum

2014 5610 2238 5659 statuet.

2086 5692 2253 5747 Vens.
2286 5690 2373 5745 49.
2403 5689 2658 5744 Perfecta:
2687 5687 3013 5743 humilitatis
3040 5697 3094 5742 et
3123 5687 3473 5741 humanitatis
3498 5686 3584 5741 iu-

2014 5785 2212 5840 dicium
2242 5780 2489 5851 estquod
2519 5780 2650 5835 dicit
2689 5799 2701 5833 :
2740 5778 2902 5832 Pater
2935 5781 3049 5848 ipse
3093 5779 3218 5834 mihi
3275 5779 3582 5834 mandatum

2020 5878 2157 5931 dedit
2191 5876 2315 5945 quid
2346 5876 2519 5928 dicant
2548 5873 2744 5942 etquid
2776 5871 2981 5940 loquar.
