4050 6570
280 353 413 421 1269

1341 367 1659 438 SCHOLIA
1704 371 2002 433 VE'I‘ERA
2046 374 2124 432 ΙΝ
2160 374 2540 438 ΙΟᾹΝΝΕΜ.

3397 384 3536 451 1270

345 475 468 538 Πῶς
525 476 743 546 νοητέον
794 480 822 534 ὃ
868 477 1020 536 εἶπεν
1077 484 1224 555 αὐτῳ
1274 487 1302 540 6
1355 485 1610 557 Χριστὸς,
1644 489 1725 542 ὅτι
1787 490 1855 542 Ὅ

2033 488 2194 546 Vens.
2249 491 2340 545 9.7.
2403 492 2689 560 Quomodo
2733 495 3143 567 intelligendum
3204 498 3352 569 quod
3401 501 3538 556 dixit

273 568 484 633 ποιεῖς.
527 569 736 639 τάχιον
769 574 1076 640 ποίησον;
1111 575 1184 629 Οὐ
1234 578 1672 648 προστάσσοντὸς
1735 583 1851 634 ἐστι

270 658 451 721 τοῦτο.
476 661 612 715 ἀλλὰ
638 663 990 731 ὀνειδίζοντος
1026 669 1119 722 καὶ
1145 668 1602 741 είρωνευομένου.

337 751 460 816 Πῶς
485 753 648 818 αὐτὸς
700 757 963 822 κελεύων,
1014 760 1089 830 μὴ
1155 763 1360 833 πήραν,
1397 761 1471 833 μὴ
1520 763 1742 833 χαλκὸν,
1779 764 1853 834 μὴ

272 843 469 914 ῥάϐδον
514 847 895 919 ἐπιφέρεσθαι,
933 851 1322 924 γλωσσόκομον
1365 855 1666 925 ἐπεφέρετο
1692 872 1706 919 ;
1736 856 1854 909 Ἵνα

275 934 538 1006 μάθωμεν
571 937 652 992 ὅτι
683 941 778 994 καὶ
811 942 901 995 τὸν
949 944 1157 1013 σφόδρα
1187 945 1496 1016 ἀκτήμονα,
1536 945 1740 1017 πολλὴν
1771 946 1852 1000 δεῖ

273 1027 531 1096 πρόνοιαν
571 1031 679 1083 τῶν
711 1033 962 1102 πενήτων
995 1036 1297 1090 ποιεῖσθαι.

343 1121 441 1174 Διὰ
472 1121 527 1173 τί
561 1122 649 1176 τὸν
681 1125 870 1194 καιρὸν
895 1126 922 1179 6
949 1127 1338 1200 εὐαγγελιστὴς
1381 1129 1530 1198 λέγει
1562 1147 1577 1162 ο
1637 1123 1758 1184 Ἢν
1787 1129 1851 1184 δὲ

274 1211 391 1278 νὺξ
424 1213 523 1268 ὅτε
572 1215 836 1284 ἐξῆλθεν
894 1220 1154 1287 ’Ῑοὺδας;
1191 1223 1308 1276 Ἵνα
1368 1223 1632 1294 μάθωμεν
1685 1226 1852 1281 αὑτοῦ

272 1309 374 1378 τὴν
426 1307 744 1381 ἰταμότητα,
779 1313 858 1366 ὅτι
910 1314 1031 1368 οὐδὲ
1080 1315 1107 1370 6
1152 1318 1343 1387 καιρὸς
1393 1318 1556 1371 αὐτὸν
1589 1318 1714 1388 ἔσχε
1756 1319 1855 1391 τῆς

275 1399 472 1472 ὁρμῆς.

350 1493 543 1548 Ὅπου
589 1495 706 1566 ἐγὼ
733 1497 958 1566 ὑπάγω,
989 1497 1159 1568 ὑμεῖς
1199 1502 1272 1553 οὐ
1309 1494 1578 1557 δύνασθε
1623 1504 1850 1560 ἐλθεῖν.

277 1582 564 1636 Δείκνυσιν
597 1586 678 1639 ὅτι
699 1588 728 1640 6
765 1585 997 1651 θάνατος
1026 1588 1217 1651 αὐτοῦ,
1253 1591 1591 1662 μετάστασίς
1622 1597 1706 1658 τίς
1736 1596 1854 1648 ἐστι

277 1675 370 1726 καὶ
401 1675 693 1745 μετάθεσις
718 1678 959 1749 ἀμείνων
991 1681 1072 1744 εἰς
1099 1681 1262 1735 τόπον
1303 1682 1533 1754 σώματα
1563 1685 1863 1757 δεχόμενον

280 1766 500 1836 φθαρτὰ
533 1769 640 1840 πρὸ
677 1771 771 1824 τοῦ
798 1771 1110 1829 ἀποθανεῖν.

1957 582 2032 636 illi
2065 581 2340 651 Christus,
2367 587 2520 652 Quod
2541 587 2676 657 facis
2699 590 2786 658 [ac
2808 592 2966 645 cilius
2983 593 3008 645 ἔ)
3027 592 3146 647 Non
3172 592 3417 660 jubentis
3432 604 3538 660 est,

1954 675 2050 730 sed
2088 678 2474 747 exprobrantis
2505 690 2560 734 rt
2591 681 2892 740 irridentis.

2029 767 2194 823 Vens.
2248 769 2338 826 29.
2381 770 2670 837 Quomodo
2701 773 2794 828 ille
2848 776 3171 846 praecipiens
3212 793 3278 832 ne
3326 794 3538 848 peram,

1956 876 2053 923 aes,
2083 862 2164 916 vel
2198 861 2450 918 baculum
2475 873 2688 935 gerant,
2722 866 2933 922 loculos
2959 869 3225 938 gerebat?
3254 868 3324 925 Ut
3360 872 3538 926 disca-

1957 971 2080 1010 mus
2113 954 2193 1009 vel
2212 957 2448 1010 maxime
2471 971 2725 1028 egenum,
2751 973 3006 1028 magnam
3026 958 3548 1032 habeatpauperum-

1958 1045 2350 1117 providentiam
2389 1057 2665 1116 oportere.

2031 1135 2189 1190 Vens.
2253 1135 2341 1190 30.
2391 1135 2500 1190 Cur
2545 1145 2762 1206 tempus
2790 1137 2924 1193 dicit
2970 1137 3355 1208 evangelista:
3405 1137 3554 1192 Erat-

1958 1235 2131 1278 autem
2169 1239 2274 1278 non
2298 1224 2510 1294 quando
2545 1227 2707 1280 exivit
2753 1225 2926 1282 ludas
2950 1231 2976 1283 .’
3006 1226 3074 1284 Ut
3111 1228 3394 1284 discamus
3421 1228 3541 1296 eius

1958 1316 2271 1377 audaciam,
2321 1313 2450 1384 quia
2511 1324 2726 1386 tempus
2779 1333 2886 1370 non
2946 1319 3096 1372 illum
3153 1334 3183 1372 a
3256 1318 3562 1387 proposito:

1959 1406 2214 1462 detinuit.

2034 1495 2195 1552 Vens.
2232 1498 2322 1552 36.
2358 1495 2476 1560 Quo
2513 1515 2608 1568 ego
2643 1499 2802 1562 vado,
2832 1514 2918 1552 vos
2951 1515 3056 1552 non
3090 1499 3309 1568 potestis
3343 1499 3540 1563 venire;

1959 1593 2196 1647 ostendit
2241 1601 2473 1650 mortem
2534 1608 2690 1650 suam
2736 1608 2861 1649 esse
2906 1593 3200 1663 quemdam
3246 1591 3542 1648 transitum

1959 1691 2017 1738 et
2071 1686 2584 1742 transmutationem
2631 1685 2913 1740 meliorem
2957 1685 3010 1739 in
3070 1684 3250 1739 locum
3311 1696 3544 1752 corpora

1963 1775 2314 1844 recipientem
2365 1777 2743 1849 corruptibilia
2803 1785 3096 1845 antequam
3174 1781 3538 1829 morerentur.

345 1858 445 1912 Διὰ
477 1859 530 1912 τί
567 1862 750 1934 ἐρωτᾷ
795 1864 824 1916 6
863 1863 1070 1935 Πέτρος
1098 1882 1112 1896 ·
1153 1867 1350 1935 Κύριε,
1394 1867 1514 1924 ποῦ
1566 1873 1856 1944 iraeirae;

2034 1862 2199 1920 Vens.
2237 1867 2328 1922 37.
2378 1868 2491 1924 Cur
2534 1845 2848 1939 interrogat
2885 1864 3100 1929 Petrus,
3145 1863 3392 1929 Domine,
3442 1877 3545 1931 quo

277 1949 355 2002 Οὐ
396 1951 652 2006 τοσοῦτον
672 1954 1017 2028 ξβουλόμενος
1060 1959 1278 2031 μαθεῖν,
1307 1959 1431 2016 ὅσον
1489 1965 1858 2040 ἀκολουθῆσαι
1889 2019 1896 2030 ,

276 2041 366 2096 διὰ
393 2041 732 2116 θερμότητα.

892 2180 1142 2236 ΚΕΦΑΛ.
1189 2183 1288 2240 1Δ’.

353 2308 669 2362 Πιστεύετε
686 2309 770 2376 είς
795 2309 902 2364 τὸν
930 2309 1099 2380 Θεὸν,
1134 2314 1232 2368 καί
1253 2317 1340 2382 είς
1365 2315 1473 2386 ἐμὲ
1511 2319 1852 2375 πιστεύετε.

281 2395 357 2448 Τὸ
383 2395 672 2466 όμοοΰσιον
710 2398 882 2469 δηλοῖ.

352 2487 429 2541 Τὸ
461 2488 643 2556 λέγειν
673 2491 764 2544 τὸν
804 2492 1028 2564 Θωμᾶν,
1064 2498 1261 2562 Κύριε,
1286 2499 1398 2553 οὐκ
1435 2501 1689 2571 οῖδαμεν
1740 2501 1861 2558 ποῦ

283 2579 555 2649 ὑπάγεις,
583 2582 690 2636 ἀπὸ
716 2583 919 2650 δειλίας
942 2585 1102 2641 τοῦτο
1127 2588 1297 2658 λέγει.

352 2674 445 2737 Τὸ,
478 2674 688 2739 Δεῖξον
716 2677 861 2746 ἡμῖν
909 2678 1015 2733 τὸν
1045 2682 1296 2751 Πατέρα,
1355 2685 1454 2739 καὶ
1487 2685 1663 2752 ἀρκεῖ
1697 2687 1860 2758 ἡμῖν,

283 2764 561 2835 αἰσθητοῖς
577 2768 879 2840 ὀφθαλμοῖς
905 2772 1034 2825 ὲὸόα
1065 2773 1224 2828 τοῦτο
1255 2775 1386 2829 ίδεῖν
1416 2794 1430 2807 ·
1465 2776 1526 2844 ἐξ
1562 2773 1626 2833 οὗ
1664 2780 1692 2832 6
1739 2781 1864 2845 Υἱὸς

284 2855 536 2926 ἐπιφέρει
577 2859 657 2923 τὸ,
681 2863 802 2915 Οὐκ
854 2861 1121 2932 ἔγνωκάς
1171 2884 1248 2934 με
1282 2881 1295 2895 ⁸
1355 2868 1512 2923 τοῦτο
1564 2871 1669 2943 γάρ
1716 2873 1865 2926 ἐστιν

282 2947 468 3014 αὐτὸς,
503 2949 640 3021 ὅπερ
665 2951 814 3004 ἐστὶν
839 2954 868 3006 6
910 2953 1124 3026 Πατήρ.

356 3038 455 3091 Διὰ
489 3038 544 3092 τί
573 3039 721 3108 λέγει
747 3057 762 3073 ο
803 3042 915 3096 Καί
955 3044 1152 3098 ἄλλον
1183 3046 1581 3117 Παράκλητον
1606 3049 1863 3120 «satist;

281 3129 680 3201 Καταισχύνων
708 3133 803 3187 καί
823 3135 950 3198 τοὺς
975 3133 1068 3189 τοῦ
1086 3137 1376 3190 Σαϐελλίου
1391 3140 1484 3192 καὶ
1517 3140 1751 3211 Ἀρείου.
1777 3143 1866 3214 Τῷ

285 3221 388 3290 μὲν
411 3197 749 3294 γὰρ-είπεῖν,
767 3225 980 3293 ἄλλον,
1014 3227 1113 3300 τῆς
1153 3230 1499 3296 ὑποστάσεως
1531 3197 1595 3287 τό
1613 3197 1869 3306 διάφορον
1897 3197 1944 3257 C

279 3313 558 3368 δείκνυσιν
581 3332 598 3348 ο
651 3316 730 3386 τῷ
758 3317 816 3371 δὲ
844 3317 1042 3384 εἰπεῖν,
1079 3321 1495 3391 Παράκλητον,
1529 3327 1628 3396 τῆς
1679 3326 1869 3391 οὐσίας

281 3406 347 3459 τὸ
385 3407 610 3478 ὄμοιονο
664 3408 749 3464 ἵνα
792 3409 849 3463 δὲ
913 3411 988 3482 μὴ
1037 3415 1309 3484 νομίσωσι
1373 3416 1870 3489 σαρκωθησόμενον

284 3500 440 3564 αὐτὸ,
464 3502 715 3576 ἐπιφέρει
735 3521 750 3536 ·
787 3505 858 3559 Ὃ
893 3508 926 3560 δ
952 3507 1181 3576 κόσμος
1221 3510 1293 3562 οὐ
1327 3506 1579 3564 δύναται
1609 3511 1822 3568 λαϐεῖν
1847 3531 1860 3544 ο

284 3592 320 3661 ἢ
354 3593 562 3664 κόσμον
592 3594 717 3658 τοὺς
748 3599 1019 3666 πονηροὺς
1051 3598 1224 3667 λέγει.

363 3686 566 3754 Εἰπὼν,
599 3689 680 3743 ὅτι
723 3689 864 3761 Ἐγὼ
887 3688 958 3752 ζῶ
983 3691 1082 3745 καί
1119 3693 1287 3762 ὑμεῖς
1311 3693 1589 3761 ζήσεσθε,
1620 3696 1742 3767 οὐχὶ
1771 3698 1871 3770 τὴν

291 3781 600 3854 παροῦσαν,
635 3784 772 3840 ἀλλὰ
801 3786 898 3857 τὴν
930 3786 1232 3857 μέλλουσαν
1253 3788 1400 3858 λέγει
1432 3789 1600 3862 ζωήν.
1636 3792 1757 3845 ’Ότι
1788 3791 1868 3858 τὸ,

287 3873 494 3941 Καθὼς
527 3874 848 3930 ἀπέστειλέ
875 3895 970 3946 με,
1003 3879 1165 3945 κάγὼ
1211 3880 1572 3936 ἀποστέλλω
1605 3878 1782 3952 ὑμᾶς,
1811 3883 1874 3937 τὸ

290 3964 577 4032 ὁμοούσιον
635 3965 804 4037 δηλοῖ.
837 3967 899 4019 Ei
949 3970 1056 4038 γὰρ
1094 3971 1169 4039 μὴ
1225 3969 1396 4033 οὕτως
1451 3973 1584 4025 αὐτὸ
1629 3973 1871 4044 ἐκλαβών

295 4058 461 4128 μεθα,
503 4061 653 4115 οὐδὲν
677 4058 864 4116 διοίσει
892 4063 1000 4116 τῶν
1032 4062 1344 4116 ἀποστόλων
1371 4067 1396 4118 6
1434 4065 1691 4136 Χριστός.

369 4152 434 4204 Τί
492 4155 606 4206 ἐστι
650 4155 710 4208 τὸ
759 4154 1048 4224 λεγόμενον
1081 4172 1094 4187 ο
1133 4156 1325 4225 Κύριε,
1357 4157 1414 4210 τί
1469 4156 1739 4226 γέγονεν,
1777 4159 1871 4212 ὅτι

295 4241 442 4312 ἡμῖν
473 4245 717 4313 μέλλεις
773 4245 1114 4316 ἐμφανίζειν
1153 4247 1416 4302 σεαυτὸν
1455 4249 1556 4302 καί
1611 4251 1748 4319 οὐχὶ
1791 4249 1870 4316 τῷ

296 4338 542 4402 κόσμῳς
582 4337 861 4408 Ἐνόμιζον
913 4341 1047 4412 ὄναρ
1096 4341 1432 4413 ὀφθήσεσθαι
1485 4343 1752 4415 αὑτοῖς,ἢ
1799 4344 1874 4410 ὡς

295 4432 425 4493 τοὺς
456 4435 685 4502 νεκροὺς
718 4429 956 4506 ὁρῶμεν.

1962 1956 2295 2013 υαιίὶεΐΝοιι
2323 1960 2514 2018 volens
2570 1970 2779 2016 tantum
2832 1960 2999 2024 scire,
3060 1967 3328 2029 quantum
3388 1954 3546 2026 sequi

1961 2047 2033 2102 ob
2057 2063 2218 2105 suum
2257 2051 2536 2122 ardorem.

2518 2198 2749 2292 UAPU'!‘
2811 2199 2949 2255 XIV.

2021 2331 2190 2387 Vens.
2240 2331 2289 2387 ι.
2343 2328 2575 2386 Creditis
2634 2330 2687 2384 iu
2752 2327 2942 2394 Deum,
3007 2337 3056 2382 at
3082 2329 3136 2382 in
3167 2344 3246 2382 me
3310 2325 3545 2389 credite;

1966 2422 2600 2484 consubstantialitatem
2635 2421 2896 2476 ostendit.

2040 2515 2200 2571 Vens.
2231 2514 2285 2568 5.
2314 2513 2514 2568 Dicens
2546 2513 2812 2577 Thomas,
2857 2510 3098 2574 Domine,
3131 2508 3394 2563 nescimus
3447 2523 3548 2578 quo

1966 2607 2144 2671 vadis,
2177 2621 2240 2661 ea
2269 2605 2566 2660 timiditate
2600 2603 2869 2674 loquitur.

2039 2698 2201 2753 Vens.
2230 2699 2284 2754 8.
2333 2694 2561 2752 Ostende
2597 2696 2746 2750 nobis
2791 2695 3030 2759 Patrem,
3067 2703 3115 2748 et
3153 2692 3340 2763 sufficit
3367 2692 3540 2746 nobis.

1966 2791 2354 2861 Corporalibus
2385 2788 2561 2845 oculis
2613 2789 2841 2860 rogabat
2867 2788 3074 2843 videre.
3126 2786 3201 2840 Ex
3239 2803 3348 2856 quo
3377 2784 3553 2840 Filius

1967 2884 2212 2954 subjicit.
2265 2881 2388 2937 Non
2423 2882 2738 2952 coguovistis
2771 2896 2873 2948 me,
2912 2880 3017 2935 hoc
3037 2887 3122 2934 est
3168 2878 3277 2943 ille,
3304 2876 3554 2948 quodest

1968 2975 2128 3030 Pater
2139 3016 2151 3029 .

2041 3067 2208 3122 Vens.
2251 3066 2336 3124 16.
2372 3066 2483 3122 Cur
2531 3065 2707 3121 dicit:
2750 3063 2930 3118 Alium
2962 3062 3306 3118 Paracletutn
3339 3061 3554 3115 mittet?

1974 3160 2326 3216 Conlundens
2359 3158 2706 3214 Sabellianos
2743 3166 2796 3211 et
2829 3156 3092 3212 Arianos.
3131 3154 3374 3210 Dicendo
3402 3155 3547 3208 enim

1973 3253 2162 3318 alium,
2236 3267 2483 3322 personae
2537 3250 2913 3306 diversitatem
2975 3248 3246 3314 ostendit;
3318 3246 3552 3302 dicendo

1971 3353 2152 3400 autem
2185 3343 2551 3410 Paracletum,
2597 3343 2926 3399 subsrantia:
2981 3339 3446 3404 similitudinem;
3495 3347 3555 3392 ut

1973 3452 2080 3492 non
2111 3444 2301 3506 putant
2328 3451 2452 3491 eum
2509 3435 2852 3490 incarnatum
2910 3447 3053 3497 esse,
3082 3430 3305 3497 subjicit
3335 3447 3346 3483 :
3387 3427 3554 3494 Quem

1973 3529 2201 3585 mundus
2240 3544 2342 3582 non
2389 3537 2563 3598 potest
2608 3527 2881 3596 accipere;
2918 3539 3014 3595 per
3071 3523 3336 3578 mundum
3383 3521 3556 3576 malos

1973 3624 2243 3695 designat.

2049 3716 2216 3770 Vens.
2251 3714 2337 3770 i9.
2379 3713 2614 3769 Dicendo
2654 3729 2668 3767 :
2698 3711 2809 3782 Ego
2839 3710 2952 3764 vivo
2986 3719 3034 3764 et
3057 3724 3141 3764 vos
3195 3707 3397 3768 vinetis,
3448 3720 3556 3758 non

1975 3803 2320 3872 przesentem.
2370 3806 2464 3860 sed
2521 3801 2760 3857 futuram
2828 3801 2998 3855 vitam
3059 3799 3318 3869 loquitur.
3397 3795 3560 3851 Sicut

1976 3896 2124 3948 misit
2174 3911 2272 3961 me,
2322 3903 2373 3948 et
2440 3910 2532 3964 ego
2566 3895 2719 3948 mitto
2760 3909 2878 3954 vos,
2930 3889 3555 3947 consubstantialitatem

1977 3987 2240 4041 ostendit.
2286 3986 2341 4040 Si
2379 3989 2679 4046 enimnon
2712 3987 2783 4041 ita
2826 3987 2877 4041 id
2934 3985 3380 4055 intelligeremus,
3424 3981 3559 4034 nihil

1975 4078 2217 4134 diﬁ‘crret
2248 4079 2317 4132 ab
2347 4080 2611 4148 apostolis
2645 4078 2927 4134 Christus.

2050 4170 2214 4225 Vens.
2245 4169 2336 4223 ‘22.
2365 4169 2506 4236 Quid
2541 4178 2625 4225 est
2669 4169 2814 4239 quod
2863 4169 3102 4223 dicitur:
3144 4168 3386 4227 Domine,
3431 4164 3558 4234 quid

1976 4263 2176 4333 factum
2199 4273 2299 4327 est,
2330 4264 2455 4332 quia
2483 4262 2631 4316 nobis
2663 4261 3109 4331 manifestaturus
3141 4275 3194 4314 es
3223 4269 3271 4312 te
3303 4259 3476 4327 ipsum
3509 4265 3559 4311 et

1978 4372 2078 4409 non
2142 4354 2384 4409 mundo?
2436 4355 2705 4410 Putabant
2761 4354 3033 4410 somnium
3095 4353 3312 4420 videre,
3371 4350 3454 4406 vel
3503 4359 3560 4406 ut

1980 4461 2225 4504 mortuos
2250 4448 2520 4504 videmus.

367 4523 494 4576 Ὀτι
523 4525 602 4589 τὸ,
644 4524 698 4578 Ὀ
728 4527 909 4596 λόγος
932 4525 1004 4580 ὃν
1032 4528 1336 4595 ἠκούσατε
1367 4532 1477 4584 οὐκ
1503 4529 1674 4584 ἔστιν
1704 4531 1868 4600 ἐμὸς,

2049 4539 2214 4595 Vens.
2274 4541 2366 4596 Q4.
2403 4540 2588 4596 Sermo
2653 4557 2806 4611 quem
2851 4540 3080 4594 audistis
3137 4549 3341 4593 nonest
3392 4554 3559 4601 meus,

295 4613 462 4667 ei.le
510 4615 618 4668 τοῦ
676 4615 1027 4686 πέμψαντός
1080 4635 1154 4686 με
1196 4619 1445 4687 Πατρός,
1475 4620 1747 4676 δείκνυσιν
1789 4624 1870 4677 ὅτι

297 4707 453 4758 οὐδὲν
494 4706 597 4772 ἔξω
635 4707 727 4762 τοῦ
760 4709 974 4780 Πατρὺς
1008 4709 1334 4779 φθέγγεται.

383 4797 480 4862 Τίς
511 4801 537 4852 6
571 4802 943 4871 πορευόμενος
990 4802 1124 4872 πρὸς
1151 4803 1241 4855 τὸν
1267 4803 1506 4875 Πατέρα,
1541 4799 1585 4858 ὦ
1649 4807 1871 4878 Ἀρειες

311 4891 372 4944 '0
407 4890 537 4952 Θεδς
587 4893 758 4961 Λόγος
787 4907 800 4924 ⁶
825 4891 942 4948 ἀλλ’
976 4896 1033 4946 ἐν
1060 4897 1170 4958 τοῖς
1215 4894 1436 4961 κόλποις
1477 4895 1546 4968 ἦν
1597 4899 1690 4952 καὶ
1728 4899 1876 4953 ἔστιν

302 4986 391 5038 ἀεὶ
438 4985 531 5038 τοῦ
586 4985 817 5058 Πατρός.
863 4987 930 5039 Τί
965 4988 1072 5059 γὰρ
1114 4988 1388 5062 ἐχωρίσθη
1443 4991 1698 5064 Πατρός;
1758 4994 1876 5046 Ἵνα

306 5079 542 5151 πορευθῇ
597 5081 736 5151 πρὸς
779 5080 869 5135 τὸν
904 5079 1160 5154 Πατέρα·
1193 5084 1421 5151 ἐξέπεσε
1478 5087 1587 5140 τῶν
1634 5087 1875 5155 κόλπων,

308 5171 374 5222 ἶν’
402 5171 668 5244 ἐπανέλθῃ
699 5174 836 5243 πρὸς
870 5174 1115 5238 τούτους.
1148 5176 1213 5229 Τί
1235 5172 1326 5231 οὖν
1356 5179 1504 5232 ἐστιν
1531 5197 1547 5244 ;
1582 5179 1646 5233 Ἠ
1679 5179 1876 5251 βλεπο-

307 5262 442 5331 μένη
466 5263 625 5331 φύσις
659 5266 795 5335 πρὸς
823 5266 913 5319 τὸν
953 5269 1167 5338 Πατέρα
1199 5271 1493 5342 πορεύεται
1531 5289 1544 5302 °
1584 5275 1643 5328 τὸ
1677 5292 1880 5346 συγγε-

305 5356 396 5419 νὲς
424 5357 602 5427 ἡμῶν,
631 5357 693 5411 τδ
728 5360 792 5412 ἐκ
834 5362 957 5431 γῆς,
992 5361 1130 5432 πρὸς
1166 5363 1260 5419 τὸν
1299 5365 1357 5421 ὲν
1400 5367 1671 5438 οὐρανοῖς,
1705 5364 1878 5442 οὗπέρ

309 5451 425 5503 ἐστι
459 5449 658 5519 μείζων
689 5452 717 5504 6
748 5454 962 5524 Πατήρ.
993 5454 1205 5526 Ὥσπερ
1233 5457 1412 5511 τοίνυν
1453 5458 1624 5531 βραχύ
1658 5479 1712 5516 τι
1745 5464 1880 5534 παρ’

309 5541 572 5609 ἀγγέλους
627 5543 974 5613 ἠλαττῶσθαι
1028 5548 1340 5620 λεγόμενος,
1373 5553 1471 5606 οὐκ
1531 5553 1679 5608 ἐστιν
1728 5555 1883 5609 ὲλάτ·

312 5653 418 5688 των
479 5637 726 5705 ἀγγέλων
787 5638 868 5710 (τὸ
916 5641 1023 5712 γὰρ
1065 5641 1240 5714 βραχύ
1307 5663 1358 5698 τι
1427 5647 1558 5718 παρ’
1611 5647 1883 5718 ἀγγέλους

311 5727 687 5801 ἠλαττωμένον
718 5731 986 5803 βλέπομεν
1029 5735 1237 5800 Ἰησοῦν
1273 5738 1361 5793 διὰ
1428 5740 1490 5792 τὸ
1522 5740 1748 5814 πάθημα
1790 5742 1883 5796 τοῦ

314 5819 545 5876 θανάτου
565 5839 582 5858 ο
611 5827 762 5894 καθὸ,
795 5829 979 5900 φησὶν,
1009 5829 1182 5883 silere
1219 5830 1449 5902 Χριστος
1479 5831 1708 5889 θανάτου
1750 5836 1882 5905 xsti-

1977 4634 2065 4688 sed
2097 4635 2209 4702 ejus
2235 4636 2324 4705 qui
2357 4635 2499 4689 misit
2531 4650 2609 4689 me
2638 4633 2842 4700 Patris,
2879 4634 3120 4688 ostendit
3149 4648 3208 4688 se
3244 4633 3381 4686 nihil
3404 4640 3560 4686 extra

1978 4723 2192 4779 Patrem
2219 4727 2419 4781 dicere.

2049 4816 2215 4874 Vens.
2247 4819 2338 4874 28.
2373 4818 2510 4884 Quis
2552 4819 2698 4874 vadit
2742 4819 2806 4873 ad
2857 4818 3096 4883 Patrem,
3138 4832 3171 4871 o
3211 4815 3386 4870 Arie?
3419 4815 3563 4872 Deus

1995 4912 2270 4981 Verbum;
2323 4917 2416 4970 sed
2473 4917 2526 4969 in
2579 4917 2702 4971 sinu
2742 4915 2918 4970 Patris
2946 4923 3064 4968 erat
3093 4923 3147 4969 et
3184 4922 3270 4969 est
3327 4928 3562 4982 semper.

1979 5007 2117 5072 Quid
2174 5007 2318 5062 enim
2377 5009 2629 5063 avulsum
2696 5017 2841 5064 esta
2916 5007 3114 5062 Patre?
3148 5006 3218 5061 Ut
3273 5006 3436 5060 vadat
3495 5007 3561 5059 ad

1985 5099 2194 5155 Patrem
2221 5119 2235 5154 :
2260 5117 2287 5153 a
2309 5101 2430 5156 sinu
2458 5102 2726 5157 abscessit
2761 5111 2819 5156 ut
2854 5102 2918 5154 ad
2943 5102 3123 5155 sinum
3153 5099 3378 5154 rediret.
3413 5097 3559 5164 Quid

1981 5202 2065 5248 est
2099 5193 2303 5263 igitur?
2342 5194 2570 5249 visibilis
2609 5205 2810 5249 natura
2847 5193 2912 5248 a—d
2953 5192 3165 5247 Patrem
3207 5191 3358 5247 vadit
3384 5193 3563 5261 ;quod

1985 5293 2070 5341 est
2101 5294 2390 5354 cognatum
2415 5285 2597 5348 nobis,
2632 5287 2776 5355 quod
2806 5292 2892 5340 est
2921 5300 2950 5338 e
2981 5294 3146 5346 terra,
3180 5281 3246 5336 ad
3289 5282 3442 5334 illum
3471 5281 3564 5351 qui

1987 5386 2071 5431 est
2102 5377 2156 5430 in
2189 5376 2362 5443 caelis,
2404 5393 2512 5432 non
2553 5388 2732 5432 tamen
2764 5377 2923 5432 Pater
2972 5375 3149 5447 major
3173 5383 3291 5438 est;
3325 5381 3381 5428 ut
3404 5372 3567 5442 igitur

1990 5470 2081 5540 qui
2115 5470 2275 5540 paulo
2325 5469 2509 5525 minor
2551 5470 2759 5541 angelis
2809 5469 3035 5525 effectus
3084 5482 3207 5523 esse
3255 5465 3434 5520 dictus
3462 5471 3566 5528 est,

1991 5577 2100 5616 non
2136 5561 2344 5632 angelis
2381 5562 2561 5616 minor
2578 5572 2683 5627 est,
2716 5577 2840 5616 nam
2868 5561 3029 5632 paulo
3060 5558 3326 5614 minorem
3357 5556 3568 5624 angelis

1986 5653 2260 5721 eil'ectum,
2311 5655 2562 5711 videmus
2615 5653 2800 5710 lesutn
2857 5670 2950 5725 per
2998 5656 3306 5726 passionem
3353 5653 3565 5707 mortis.

1988 5746 2127 5812 Quia
2181 5746 2343 5817 elegit
2398 5745 2652 5802 Christus
2707 5758 2936 5802 mortem
3003 5755 3247 5818 gustare.
3308 5749 3396 5803 cui
3453 5759 3561 5798 non

1990 5838 2320 5909 participant
2362 5839 2578 5910 angeli;
2631 5840 2709 5894 ita.
2751 5857 2808 5896 se
2840 5839 3104 5897 minorem
3157 5840 3318 5903 Patre
3356 5841 3568 5901 dicens,
